3872 6590
526 470 632 537 801

1585 461 1988 523 (ECUMENII
2028 461 2321 520 TRICCIE
2358 461 2626 520 EPISCO
2636 461 2705 519 ΡΙ
3582 474 3655 538 303

523 584 819 654 Propterea
869 582 1047 636 dixit:
1111 580 1376 636 tNovum
1429 589 1818 635 testamentum
1862 594 1948 634 εει
2011 593 2105 647 per

2213 578 2330 646 οὐχὶ
2364 579 2472 631 τῶν
2538 578 2771 646 ἀλόγων.
2822 577 2908 629 Ἑν
2937 577 3013 648 τῷ
3053 577 3167 647 ἐμῷ
3209 579 3402 650 αἵματι,
3442 585 3522 639 οὐκ
3545 590 3588 642 ὲν
3614 594 3666 662 τῷ

524 689 707 728 meum
735 675 1084 743 sanguinem,
1131 692 1150 724 ο
1189 686 1296 725 non
1323 672 1724 725 irrationalium
1759 671 2100 724 animalium.

525 763 627 819 Per
656 780 858 828 meum,
883 764 1136 832 inquam,
1175 761 1522 830 sanguinem,
1558 776 1666 815 non
1727 776 1822 830 per
1888 760 2108 812 irratio-

525 857 728 910 nalium
765 855 1121 918 sanguinem,
1162 861 1222 907 ut
1254 853 1420 908 veteri
1448 860 1798 907 testamento.

593 987 664 1043 Xl
692 1029 706 1052 ,
729 988 922 1042 26428.
943 988 1368 1057 Quotiescunque
1394 989 1532 1040 enim
1555 987 1884 1040 comederitis
1921 1001 2108 1055 partem

523 1082 682 1143 hunc,
709 1090 757 1134 et
788 1096 852 1133 ex
912 1084 1100 1147 poculo
1146 1080 1240 1132 hoc
1300 1079 1562 1139 biberitis,
1632 1087 1849 1132 mortem
1898 1077 2110 1132 Domini

524 1172 862 1226 annuntiatis
896 1172 1107 1224 interim
1139 1171 1264 1223 dum
1289 1171 1481 1224 veniat.
1509 1169 1696 1240 Itaque
1711 1171 1949 1239 quisquis
1989 1170 2110 1223 ede-

524 1264 593 1316 rit
621 1279 802 1330 panem
829 1263 984 1325 hunc,
1017 1272 1108 1315 aut
1143 1262 1332 1314 biberit
1371 1263 1432 1315 de
1456 1262 1643 1331 poculo
1693 1261 1910 1314 Domini
1963 1261 2110 1314 indi-

521 1369 620 1423 gne
654 1352 897 1416 Domino,
932 1369 1049 1406 reus
1080 1353 1175 1406 erit
1203 1353 1437 1420 corporis
1478 1361 1526 1406 et
1559 1351 1837 1421 sanguinis
1866 1351 2104 1407 Domini.

531 1444 722 1498 Probet
757 1455 931 1497 autem
976 1445 1207 1513 seipsum
1231 1443 1407 1510 homo,
1442 1452 1493 1498 et
1528 1445 1606 1498 sic
1631 1443 1696 1498 de
1727 1459 1863 1512 pane
1907 1443 2027 1498 edat
2059 1453 2109 1498 et

524 1536 588 1589 de
611 1534 800 1606 poculo
833 1535 998 1589 bibat.

599 1855 703 1922 Qui
759 1865 983 1912 mortem
1028 1857 1242 1911 Domim
1277 1857 1591 1921 annuntiat,
1649 1870 1810 1911 omne
1861 1855 2107 1919 donum,

2211 669 2318 720 τῶν
2335 669 2543 735 ἀλόγων
2566 669 2639 731 ὡς
2670 671 2763 720 ἐπὶ
2797 668 2898 737 τῆς
2936 668 3185 731 παλαιᾶς.

2293 985 2533 1052 Ὁσάκις
2587 987 2694 1054 γὰρ
2729 983 2810 1041 ἂν
2861 985 3103 1052 ἐσθίητε
3159 987 3260 1039 τὸν
3302 987 3466 1056 ἄρτον
3503 997 3670 1062 τοῦτον,

2211 1079 2311 1133 καὶ
2339 1079 2406 1132 τὸ
2441 1077 2729 1144 ποτήριον
2771 1076 2946 1130 τοῦτο
2980 1077 3208 1144 πίνητε,
3239 1078 3340 1131 τὸν
3369 1080 3583 1157 θάνατον·
3602 1091 3674 1144 τοῦ
3780 1133 3781 1160 ἰ

2211 1173 2430 1240 Κιιρίου
2490 1171 2929 1240 καταγγέλλετε
2961 1168 3132 1238 ἄχρις
3155 1166 3224 1226 οὗ
3255 1169 3326 1225 ἂν
3369 1173 3516 1243 ἔλθῃ.
3550 1181 3676 1236 Ὥστε
3780 1213 3781 1216 η

2211 1264 2279 1330 ὃς
2307 1263 2383 1318 ἂν
2416 1263 2592 1330 ἐσθίῃ
2646 1262 2752 1315 τὸν
2783 1262 2965 1329 ἄρτον
2997 1261 3229 1328 τοῦτον,
3262 1262 3296 1330 ἢ
3321 1265 3449 1333 ,πίνη
3475 1269 3528 1321 τὸ
3549 1275 3677 1338 ποτὴα

2204 1373 2344 1425 ριον
2403 1355 2510 1409 τοῦ
2574 1355 2796 1422 Κυρίου
2853 1352 3114 1418 ἀναξίως
3154 1354 3254 1407 τοῦ
3291 1357 3504 1423 Kuplov,
3529 1362 3678 1431 ἔνοχος

2209 1450 2379 1501 ἔσται
2401 1447 2508 1501 τοῦ
2526 1446 2804 1516 σώματος
2831 1445 3062 1499 καὶτοῦ
3096 1445 3332 1514 αἵματος
3364 1449 3459 1503 τοῦ
3502 1455 3678 1520 Κυρίου.

2211 1536 2574 1608 Δοκιμαζέτω
2621 1537 2691 1590 δὲ
2751 1537 3062 1606 ἄνθρωπος
3124 1537 3335 1591 ἑαυτὸν
3363 1579 3377 1604 ,
3424 1542 3509 1594 καί
3552 1545 3681 1610 οὕτως

2210 1631 2278 1682 ἐκ
2310 1629 2416 1683 τοῦ
2443 1629 2629 1698 ἄρτου
2674 1627 2942 1694 ἐσθιέτω,
2991 1627 3091 1681 καί
3144 1628 3211 1682 ἐκ
3239 1629 3338 1684 τοῦ
3366 1635 3600 1702 ποτηρίου
3620 1651 3682 1689 :n-

2209 1722 2382 1776 νέτω.

2291 1858 2352 1910 '0
2383 1857 2439 1910 δὲ
2471 1856 2563 1911 τὸν
2607 1857 2839 1911 θάνατον
2881 1857 3368 1926 καταγγέλλωντοῦ
3405 1859 3590 1930 Κυρίου,
3619 1861 3684 1912 7.5.-

527 1963 741 2002 omnem
791 1947 1179 2017 benignitatem
1232 1963 1296 2002 ac
1329 1947 1747 2013 humanitatem,
1781 1955 1832 2002 et
1889 1961 2105 2000 onmem

2213 1967 2311 2004 σαν
2338 1951 2436 2020 τὴν
2488 1949 2714 2021 δωρεὰν,
2742 1950 2836 2003 καὶ
2886 1951 3065 2004 πᾶσαν
3098 1952 3198 2020 τὴν
3228 1950 3605 2020 φιλανθρωπίαν,
3624 1954 3682 2005 καὶ
3780 1979 3781 2010 1

524 2040 754 2093 salutem
803 2050 1046 2092 nostram
1101 2053 1204 2091 una
1255 2038 1566 2092 annuntiat.
1632 2055 1650 2088 ι
1690 2034 1914 2090 Interim
1967 2037 2102 2089 dum

527 2130 739 2183 veniat:
779 2147 794 2179 ι
829 2145 1022 2198 nempe
1049 2131 1101 2182 in
1124 2127 1364 2184 secundo
1393 2128 1653 2182 adventu.
1687 2158 1756 2167 —
1777 2125 1934 2192 Quod
1963 2127 2104 2181 dici-

529 2233 617 2276 tur
651 2240 664 2276 :
698 2240 716 2273 ι
747 2221 980 2276 ’Ῐιιῐθΐίιη
1013 2221 1140 2274 dum
1170 2222 1374 2283 veniat,
1411 2239 1428 2271 ι
1465 2236 1558 2290 per
1619 2220 1958 2290 hyperbaton
2013 2233 2106 2272 ac-

527 2313 840 2382 cipiendum
897 2319 1000 2374 est,
1053 2319 1108 2364 ut
1143 2311 1213 2364 sit
1263 2313 1366 2365 iste
1412 2326 1626 2365 sensus:
1655 2311 2108 2379 Quotiescunque

525 2405 672 2460 enim
704 2404 1058 2458 comederitis
1079 2418 1274 2473 panem
1330 2403 1475 2456 hunc
1534 2414 1584 2458 et
1629 2419 1695 2455 ex
1739 2403 1934 2471 poculo
2001 2402 2104 2456 hoc

530 2495 782 2550 biberitis
817 2494 1035 2547 interim
1057 2493 1184 2546 dttm
1235 2494 1350 2562 ipse
1406 2492 1659 2547 veniatin
1705 2491 1947 2546 secundo
2004 2505 2106 2545 suo

531 2587 790 2647 adventu,
820 2599 1108 2653 quousque
1137 2592 1365 2637 mortem
1392 2582 1566 2653 ipsius
1590 2583 1948 2638 aununtiatis.
1979 2582 2109 2649 Post

527 2676 583 2730 id
615 2674 759 2730 enim
800 2681 1013 2742 tempus
1037 2686 1216 2741 neque
1255 2687 1410 2726 sacra
1462 2673 1578 2726 lucc
1626 2674 1888 2743 mysteria
1940 2673 2107 2743 parti-

529 2763 856 2836 cipabimus,
882 2764 947 2815 ad
976 2763 1352 2832 perfection-em
1377 2777 1440 2817 ac
1488 2764 1917 2820 reconditiorem
1974 2765 2109 2834 poli-

529 2857 660 2910 tiam
699 2871 761 2909 ac
797 2855 1113 2910 fruitiouem
1174 2856 1491 2910 introducti.
1553 2875 1570 2906 ι
1611 2855 1798 2926 Itaque
1852 2857 2108 2926 quisquis

529 2948 705 3002 ederit
737 2948 979 3018 indigne.
1021 2965 1040 2996 ι
1082 2947 1239 3018 Ipsos
1264 2956 1441 3013 taxat,
1499 2948 1796 3004 ostendens
1854 2948 2108 3019 indignos

531 3054 676 3102 esse,
702 3047 762 3093 ut
794 3041 888 3108 qui
930 3054 1200 3109 pauperes
1233 3039 1597 3110 despicerent.
1643 3040 1914 3106 Quoniam
1963 3040 2110 3095 indi-

533 3148 660 3201 gne,
691 3132 890 3202 inquit,
920 3132 986 3186 ad
1017 3131 1291 3187 Dominici
1327 3135 1574 3203 corporis
1634 3133 2106 3204 participationem

533 3222 813 3288 acceditis,
847 3233 1134 3292 pr0pterea
1161 3223 1354 3279 multis
1383 3223 1896 3288 obveniuntmorbi,
1968 3223 2106 3279 afﬂio

2207 2042 2389 2093 πᾶσαν
2407 2041 2502 2111 τὴν
2536 2041 2809 2111 σωτηρίαν
2836 2039 2991 2108 ἡμῶν
3026 2040 3486 2108 συγκαταγγέλλει.
3515 2043 3684 2112 ι’Λχρις
3780 2031 3781 2046 ἦ

2206 2127 2264 2186 οὗ
2301 2132 2366 2185 ἂν
2396 2131 2544 2203 ἔλθῃ.
2570 2151 2587 2182 ι
2620 2132 2911 2184 Τουτέστιν
2945 2134 3001 2184 ὲν
3041 2135 3106 2201 τῇ
3139 2132 3361 2203 δευτέρᾳ
3386 2133 3682 2201 παρονοίᾳ.-

2209 2219 2410 2293 [ΦΩΤ.]
2445 2220 2542 2283 Τὸ,
2593 2239 2610 2272 ι
2644 2222 2835 2291 ’Ἄχρις
2898 2217 2957 2276 οὗ
3005 2221 3068 2274 ἂν
3110 2222 3259 2292 ἔλθῃ,
3295 2240 3311 2273 ι
3369 2223 3420 2274 ἐν
3474 2223 3684 2292 ὑπερόατῷ
3780 2217 3781 2282 ξ

2207 2315 2462 2386 ληπτέον.
2512 2310 2659 2380 Οἷον,
2717 2314 2907 2378 ὁσάκις
2955 2316 3064 2385 γὰρ
3090 2313 3157 2368 ἂν
3210 2314 3419 2384 ἐσθίητε
3460 2315 3535 2367 τὺν
3573 2316 3683 2384 ἄρτον
3780 2355 3781 2376 ξ

2208 2406 2420 2470 τοῦτον,
2465 2407 2560 2459 καὶ
2586 2405 2646 2460 τὸ
2673 2408 2932 2477 ποτήριον
2953 2407 3112 2459 τοῦτο
3146 2407 3357 2474 πίνητε,
3393 2402 3594 2476 ἄχριςοῦ
3623 2409 3684 2459 οὔ·
3780 2387 3781 2404 χ

2208 2499 2298 2562 τὸς
2345 2498 2474 2572 ἔλθῃ
2494 2500 2552 2551 ἐν
2598 2501 2664 2569 τῇ
2699 2499 3135 2569 δευτέρᾳάὐτοῦ
3167 2501 3448 2570 παρουσίᾳ,
3483 2500 3568 2562 ἕως
3605 2501 3683 2552 τότε
3780 2559 3781 2566 η

2210 2591 2300 2643 τὸν
2340 2589 2570 2643 θάνατον
2623 2589 2790 2642 αὐτοῦ
2844 2588 3272 2656 καταγγέλλετε.
3323 2589 3444 2642 Ἀπὸ
3481 2589 3577 2641 τότε
3598 2590 3681 2656 γὰρ,

2210 2682 2334 2736 οὔτε
2363 2682 2473 2736 τῶν
2511 2683 2688 2751 ἀγίων
2725 2682 2930 2736 τούτων
2977 2681 3293 2754 μυστηρίων
3339 2680 3682 2751 μεταληψόμεῡο,
3780 2719 3781 2730 η

2212 2775 2291 2834 εἰς
2343 2773 2682 2842 τελειοτέραν
2739 2773 2836 2826 καὶ
2896 2772 3311 2844 μυστικωτέραν
3371 2771 3600 2825 πολιτείαν
3624 2771 3685 2820 καὶ
3780 2763 3781 2806 ἒ

2212 2865 2512 2917 ἀπόλαυσιν
2564 2865 2911 2935 ἀναγόμενοι.
2984 2883 3003 2916 ι
3032 2865 3200 2916 Ὥστε
3228 2864 3287 2927 ὃς
3334 2863 3395 2917 ἂν
3442 2864 3568 2932 ὲσθίῃ
3606 2864 3686 2915 ἀνει-
3780 2929 3781 2934 η

2213 2955 2360 3020 ξίως.
2397 2975 2415 3007 ι
2453 2957 2661 3021 Αὐτοὺς
2691 2957 3008 3020 αἰνίττεται,
3038 2955 3258 3018 δεικνὺς
3308 2954 3531 3021 ἀναξίους
3563 2956 3683 3012 ὂντας,

2210 3049 2585 3126 ,περιορῶντας
2610 3051 2736 3113 τοὺς
2791 3051 3049 3118 πένητας.
3095 3047 3317 3118 Ἐπειδὴ
3344 3047 3562 3112 ἀναξίως,
3586 3047 3684 3113 φησὶ.

2211 3147 2277 3212 τῇ
2308 3143 2607 3213 μεταλήψει
2657 3142 2750 3196 τοῦ
2778 3145 3106 3197 Δεσποτικοῦ
3174 3141 3515 3214 προσέρχεσθε
3562 3139 3685 3204 σῶμα·

2213 3250 2327 3299 τος,
2354 3235 2442 3288 διὰ
2456 3233 2614 3287 τοῦτο
2636 3234 2849 3298 πολλοῖς
2883 3235 3246 3304 συμϐαίνουσι
3264 3235 3401 3288 νόσοι
3426 3251 3477 3287 τε
3491 3235 3565 3287 καὶ
3593 3229 3686 3294 τάθη

529 3314 768 3374 ctiones,
801 3315 1005 3377 clades,
1041 3329 1102 3369 ae
1135 3315 1418 3370 interitus.
1461 3313 1616 3370 Unde
1651 3325 1832 3372 autem
1863 3318 2109 3388 provenit

2216 3327 2310 3380 xui.
2347 3326 2584 3380 θάνατοι.
2653 3327 2823 3381 Πόθεν
2848 3327 2905 3380 δέ
2941 3303 3056 3381 ἔστι
3095 3329 3160 3382 τὺ
3199 3327 3424 3392 ἀναξίως
3475 3323 3689 3394 προτέρῃ·

531 3416 591 3462 ιιι
614 3407 832 3478 indigne
859 3407 1134 3464 accedatis
1160 3409 1274 3463 ?Ex
1295 3409 1418 3463 aliis
1443 3411 1705 3479 peccatis,
1731 3426 1851 3481 qua:
1882 3411 2112 3480 patratis

532 3497 692 3570 532
726 3508 780 3554 et
811 3500 938 3568 quia
985 3498 1054 3552 ad
1116 3498 1455 3554 Dominicam
1519 3515 1732 3556 cauam
1789 3502 2112 3559 accedentes

532 3591 888 3644 contenmitis
947 3604 1239 3660 pauperes,
1299 3603 1522 3661 promer
1572 3608 1714 3662 quos
1796 3593 2108 3650 ordinatum

531 3689 652 3734 erat
687 3691 746 3734 ut
772 3682 1166 3735 conveniretis.
1201 3683 1417 3738 Etenim
1437 3683 1508 3738 ob
1538 3683 1642 3738 hoc
1673 3685 1873 3753 ipsum.
1909 3693 1964 3740 et
1991 3702 2111 3740 eam

532 3787 654 3844 qua:
728 3772 1009 3827 Dominica
1061 3783 1167 3837 est,
1233 3775 1499 3831 facientes
1544 3777 1843 3847 propriam,
1912 3778 2113 3847 injuria

533 3863 749 3918 adicitis
777 3874 858 3918 :et
878 3864 1166 3918 ecclesiam
1199 3865 1251 3918 in
1284 3881 1445 3935 quam
1477 3866 1785 3923 convenitis
1802 3869 1869 3923 ad
1899 3867 2108 3924 iacien-

532 3954 659 4009 datn
725 3968 940 4008 uenam
1019 3954 1352 4010 Dominicam
1439 3957 1862 4025 dehonestatis,
1909 3962 2111 4029 gastri-

536 4046 1016 4116 tnargiaetnensam
1041 4047 1095 4102 in
1148 4063 1212 4102 ea
1271 4048 1430 4106 vobis
1489 4062 1846 4120 apponentes,
1891 4061 1947 4108 et
2004 4068 2112 4108 non

534 4136 874 4193 Dominicatn
907 4154 1118 4193 caenam
1146 4156 1162 4196 :
1191 4147 1245 4194 et
1272 4155 1536 4210 pauperes
1590 4142 1938 4210 pttdefacitis.
1981 4142 2114 4198 Pro-

536 4237 656 4299 pter
702 4228 815 4283 haec
874 4243 971 4284 vos
997 4229 1148 4298 ipsos
1181 4243 1414 4299 corpore
1468 4241 1522 4285 et
1581 4233 1846 4301 sanguine
1896 4232 2111 4286 Domini

534 4320 786 4389 indignos
814 4319 1060 4375 redditis.
1089 4338 1108 4371 ι
1147 4319 1292 4375 Reus
1314 4321 1440 4374 erit.
1473 4340 1491 4373 ι
1553 4320 1710 4387 Quod
1759 4323 1835 4376 ait
1862 4341 1877 4376 :
1910 4341 1928 4373 ι
1968 4322 2114 4377 Reus

532 4409 637 4465 erit
667 4411 914 4479 corporis
957 4419 1011 4464 et
1036 4411 1332 4480 sanguinis
1384 4409 1624 4478 Domini,
1667 4432 1685 4464 ι
1742 4414 1846 4468 hoc
1903 4413 2113 4468 indicat

532 4502 678 4572 quod
701 4500 1161 4571 quemadmodum
1183 4499 1354 4556 ludas
1381 4517 1504 4557 eum
1529 4503 1776 4569 tradidit,
1793 4503 1963 4559 Judtei
1985 4519 2114 4559 vero

2216 3419 2336 3472 σθαι
2359 3437 2375 3486 ;
2410 3420 2512 3473 Ἐκ
2541 3436 2601 3472 τε
2619 3420 2729 3473 τῶν
2756 3419 2930 3474 ἀλλων
2957 3421 3374 3490 ἁμαρτημάτων
3401 3412 3468 3473 ὧν
3482 3418 3688 3486 πράττετε,

2213 3514 2308 3566 καὶ
2332 3514 2395 3566 ὲκ
2447 3511 2540 3565 τοῦ
2603 3515 3031 3584 συνερχομένους
3089 3515 3240 3584 ὑμᾶς
3281 3516 3360 3578 είς
3406 3513 3460 3566 τὺ
3493 3514 3686 3579 Ruptum
3780 3547 3781 3554 ξ

2213 3603 2446 3669 δεῖπνον,
2507 3606 2783 3678 ὑπερορᾷ-ι
2827 3607 2954 3668 τοὺς
3008 3609 3283 3676 πτωχοὺς,
3313 3605 3377 3660 δι’
3407 3604 3490 3668 οὓς
3525 3599 3690 3668 ὲγεγὸνεε
3780 3605 3781 3608 “

2213 3695 2274 3748 τὸ
2301 3695 2674 3766 συνέρχεσθαι.
2714 3697 2814 3749 Διά
2835 3696 2944 3766 γὰρ
2969 3696 3124 3750 τοῦτο
3163 3697 3300 3749 αὺτό
3320 3712 3377 3748 τε
3404 3694 3460 3748 τὺ
3496 3688 3690 3760 Κυριοκδιν

2217 3787 2485 3840 ἰδιωτικὸν
2547 3788 2832 3850 ποιοῦντες
2882 3787 3224 3858 ὲξυϐρίζετε,
3249 3787 3344 3840 καὶ
3367 3785 3460 3855 τὴν
3483 3777 3692 3855 ἐκκλησίαν

2215 3876 2274 3929 ἐν
2304 3869 2586 3948 ᾖποιῆσαι
2608 3877 2669 3930 τὸ
2703 3877 2988 3948 Κυριακδν
3034 3877 3251 3930 δεῖπνον
3288 3873 3594 3946 συνέρχεσθε.
3619 3869 3692 3920 ἀτι-

2217 3965 2441 4038 μάζετε,
2488 3968 2932 4038 γαστριμαργίας
2976 3969 3194 4032 ἑαυτοῖς
3223 3965 3488 4039 τράπεζαν
3513 3966 3560 4016 ὲν
3587 3958 3694 4026 αὐτῇ.

2214 4058 2330 4114 ἀλλ’
2363 4060 2426 4113 οὐ
2467 4061 2747 4130 κυριακὸν
2797 4060 3012 4113 δεῖπνον
3051 4059 3487 4129 παρατιθέμενοι.
3516 4050 3697 4110 licito-bi

2216 4153 2452 4220 πένητας
2489 4150 2546 4203 δὲ
2581 4150 2996 4220 καταισχύνετε.
3059 4153 3160 4206 Διά
3184 4150 3319 4219 γοῦν
3341 4148 3500 4202 ταῦτα
3521 4141 3696 4206 ἀναξίους

2214 4239 2308 4292 τοῦ
2359 4240 2610 4310 σώματος
2635 4241 2730 4293 καὶ
2784 4240 2877 4293 τοῦ
2907 4243 3138 4310 αἵματος
3168 4241 3266 4294 τοῦ
3301 4240 3514 4310 Κυρίου,
3543 4232 3696 4288 ἑαυτοὺς
3780 4271 3781 4274 η

2215 4333 2685 4405 παρασκευάζετε.
2747 4353 2764 4385 ι
2807 4333 3032 4404 Ἔνοχος
3095 4335 3269 4387 ἔσται.
3297 4351 3314 4383 ι
3367 4331 3456 4392 Τὸ,
3497 4349 3513 4380 ι
3545 4327 3697 4389 Ἔνοχος

2215 4424 2308 4477 τοῦ
2363 4425 2616 4496 σώματος
2679 4424 2907 4479 καὶτοῦ
2970 4426 3226 4496 αἵματος,
3259 4445 3278 4479 ι
3335 4426 3480 4479 τοῦτο
3505 4417 3699 4490 δηλοί.ὂτι
3780 4493 3781 4500 γ

2215 4515 2468 4588 καθάπερ
2519 4517 2802 4588 παρέδωκε
2863 4517 2962 4587 μὲν
3026 4518 3191 4570 αὑτὸν
3237 4520 3268 4572 ό
3309 4517 3536 4579 Ἰούδας,
3573 4504 3698 4573 Mair
3780 4541 3781 4564 ;

534 4592 588 4646 in
623 4593 802 4660 ipsum
840 4591 1162 4647 debaccltati
1227 4601 1395 4648 sunt:
1445 4594 1517 4648 ita
1577 4594 1754 4663 ipsum
1817 4595 2109 4666 ignominia

2219 4627 2388 4680 νησαν
2413 4611 2471 4663 δὲ
2511 4613 2592 4674 εἰς
2647 4611 2814 4665 αὐτὸν
2885 4611 3151 4676 Ἰουδαῖοι,
3205 4611 3380 4674 οὕτως
3429 4606 3700 4677 ἀτιμάζουσιν

533 4682 773 4736 alliciunt
797 4681 891 4752 qui
927 4681 1344 4736 sanctissimum
1380 4684 1557 4752 ipsius
1617 4697 1819 4754 corpus
1857 4686 2112 4742 manibus

533 4773 764 4840 impuris
795 4773 1121 4843 suscipiunt,
1151 4774 1315 4828 veluti
1350 4785 1478 4829 tunc
1510 4773 1684 4830 Judaei
1739 4792 1861 4831 eum
1915 4787 2110 4832 tenue-

535 4870 699 4918 runt:
728 4873 782 4918 et
809 4863 1146 4918 exsecranda
1168 4864 1460 4920 admovent
1484 4865 1591 4918 ori.
1614 4864 1718 4920 Per
1777 4868 1880 4920 hoc
1930 4874 2112 4921 autem

534 4954 680 5023 quod
721 4954 1033 5022 frequenter
1054 4955 1168 5008 ait:
1202 4972 1220 5006 ι
1258 4955 1520 5025 Corporis
1570 4964 1626 5011 et
1674 4958 1961 5026 sanguinis
2007 4957 2113 5012 Do-

537 5047 693 5110 tnini,
721 5065 738 5097 ι
783 5049 1095 5102 manifestat
1122 5048 1267 5117 quod
1295 5063 1402 5101 non
1454 5050 1526 5103 sit
1579 5049 1760 5105 nudus
1803 5049 1969 5105 homo
2023 5053 2114 5120 qui

536 5130 868 5200 immolatur,
901 5136 995 5191 sed
1058 5138 1173 5205 ipse
1201 5139 1466 5194 Dominus
1499 5147 1554 5194 et
1585 5140 1784 5195 Factor
1825 5143 2070 5196 omnium
2101 5159 2114 5196 :

537 5238 595 5283 ut
624 5228 869 5282 videlicet
895 5244 988 5298 per
1011 5229 1124 5283 haec
1155 5229 1304 5298 ipsos
1325 5237 1614 5287 exterreat.
1649 5250 1668 5284 ι
1715 5232 1781 5286 Ει
1831 5233 2117 5304 sanguinis

538 5319 778 5374 Domini.
825 5338 845 5373 ι
876 5322 951 5374 Ac
983 5321 1100 5393 ipse
1128 5321 1261 5375 illud
1300 5321 1605 5378 eli‘udisset.
1669 5322 1951 5394 Siquidem
2009 5324 2112 5393 ipsi

534 5425 658 5467 eum
689 5411 1025 5466 occiderunt.
1065 5411 1163 5468 Hic
1218 5428 1347 5467 vero
1409 5429 1504 5484 per
1553 5415 1932 5484 indignitatem
1968 5432 2116 5471 nunc

537 5519 664 5561 eum
725 5505 940 5560 videtur
998 5505 1329 5561 interimere.
1397 5524 1415 5557 ι
1454 5505 1651 5561 Probet
1701 5515 1906 5562 autem.
1955 5525 1975 5560 ο
2043 5509 2116 5562 De

551 5595 840 5652 Dominica
871 5596 1090 5666 quidem
1118 5612 1273 5652 coena
1310 5605 1428 5654 erat
1462 5599 1562 5664 ipsi
1595 5613 1777 5653 sermo
1805 5617 1820 5654 :
1857 5599 1950 5654 sed
1979 5615 2116 5669 quo-

537 5688 683 5741 niam
729 5689 782 5742 in
833 5689 1070 5757 aliquem
1123 5691 1511 5762 mysteriorum
1550 5704 1859 5744 sermonem
1902 5690 2113 5754 incidit,

537 5782 773 5848 quadam
822 5784 1112 5838 verborum
1187 5783 1604 5854 consequentia,
1660 5798 1781 5852 quae
1837 5779 2155 5853 proposita‘

535 5880 663 5927 sunt
699 5883 845 5928 recto
874 5875 1064 5931 ordine
1093 5878 1357 5948 disponit.
1381 5875 1523 5931 Nam
1561 5876 1608 5932 is
1633 5891 1752 5932 tuos
1783 5886 1899 5931 erat
1922 5875 2110 5942 Paulo,

2217 4700 2380 4752 αὐτὸν
2409 4701 2458 4752 oi.
2488 4700 2548 4752 τὺ
2575 4700 2841 4769 πανάγιον
2865 4699 3030 4753 αὐτοῦ
3060 4701 3222 4769 σῶμα
3253 4701 3437 4771 χερσὶν
3458 4695 3701 4761 ἀκαθάρτοις

2213 4792 2498 4862 δεχόμενοι
2529 4793 2605 4857 ὡς
2639 4793 2882 4846 Ἰουδαῖοι
2934 4793 3268 4863 κρατοῦντες
3331 4793 3484 4847 αὑτὸν
3503 4789 3616 4847 τότε,
3643 4784 3702 4832 κιὶ

2217 4883 2404 4952 ἔναγεῖ
2428 4883 2828 4954 προσφέροντες
2855 4883 3104 4953 στόματι.
3144 4885 3248 4938 Διά
3284 4883 3342 4937 δὲ
3367 4883 3424 4935 τὸ
3449 4881 3595 4934 εἰπεῖν
3619 4871 3701 4925 πολ·

2216 4973 2392 5038 λάκιςο
2434 4994 2451 5024 ι
2481 4974 2586 5027 Τοῦ
2605 4973 2858 5044 σώματος
2893 4977 2991 5027 καὶ
3015 4974 3109 5028 τοῦ
3133 4977 3366 5046 αἵματος
3396 4974 3481 5028 τοῦ
3502 4968 3698 5036 Κυρίου.»

2217 5065 2368 5135 δηλοῖ
2421 5067 2503 5118 ὅτι
2551 5065 2650 5118 οὐκ
2715 5065 3006 5134 ἄνθρωπος
3070 5067 3224 5136 ψιλὸς
3271 5071 3300 5121 ὁ
3361 5053 3700 5133 θυόμεκοςιάλῖ

2219 5156 2662 5226 αὐτδςόΚύριος
2691 5157 2719 5208 ὁ
2779 5158 3014 5227 Ποιητὴς
3072 5159 3311 5220 πάντων,
3367 5157 3440 5220 ὡς
3490 5153 3619 5221 δῆθεν
3653 5144 3705 5196 διὰ

2219 5246 2423 5298 τούτων
2468 5245 2718 5314 ἐκφοϐῶν
2790 5245 3011 5309 αὐτούς.
3075 5267 3092 5298 ι
3123 5248 3235 5300 Καὶ
3281 5245 3372 5299 τοῦ
3419 5246 3614 5312 αἵματος
3647 5249 3704 5283 "-5"

2219 5338 2451 5408 Κυρίου.
2497 5357 2515 5390 ι
2581 5339 2669 5403 Ὠς
2697 5340 2912 5404 ὁαὺτὸς
2946 5341 3141 5411 ἐκχέας
3188 5341 3342 5395 αὑτό.
3395 5339 3454 5391 Οἱ
3512 5335 3592 5406 μὲν
3639 5326 3709 5392 γὰρ

2219 5432 2538 5499 ἐφόνευσαν,
2609 5433 2771 5496 αὐτὸς
2819 5435 2875 5487 δὲ
2913 5437 2979 5505 τῇ
3037 5434 3360 5503 ἀναξιότητι
3402 5431 3490 5483 νῦν
3531 5419 3708 5495 φονεύειν

2219 5521 2384 5574 δοκεῖ.
2418 5540 2436 5572 t
2470 5524 2822 5591 Δοκιμαζέτω
2848 5526 2925 5577 δέ.
2958 5544 2974 5574 ι
3017 5525 3152 5593 Περὶ
3209 5524 3309 5578 τοῦ
3359 5514 3608 5590 Rupta-1.05
3646 5508 3711 5577 μὲν

2217 5612 2436 5666 δείπνου
2469 5609 2536 5684 ἦν
2574 5615 2602 5666 ὁ
2631 5615 2785 5682 λόγος
2835 5616 3004 5684 αὐτῷ,
3037 5615 3152 5668 ἀλλ’
3197 5616 3386 5684 ἐπειδὴ
3437 5614 3510 5674 εἰς
3529 5608 3602 5661 τὸν
3625 5598 3711 5665 περὶ

2222 5701 2330 5753 τῶν
2391 5702 2707 5772 μυστηρίων
2756 5705 2980 5757 ἐνέπεσε
3037 5705 3189 5772 λόγον
3253 5705 3393 5756 κατά
3444 5717 3551 5754 τινα
3602 5694 3712 5757 λόγου

2222 5790 2561 5856 ἀκολουθίαν,
2608 5793 2675 5845 τά
2729 5795 3068 5865 προκείμενα
3122 5793 3446 5863 διορθοῦται.
3479 5788 3620 5841 Τοῦτο
3639 5782 3712 5844 γὰρ

2226 5880 2345 5944 ιθος
2378 5882 2455 5952 τῷ
2496 5882 2712 5952 Παύλῳ,
2737 5885 2914 5937 πάντα
2950 5886 3016 5938 τὰ
3042 5886 3489 5956 παρεμπίπτοντα
3509 5869 3712 5946 διορθοῦν·

3780 1433 3781 1466 ι

3779 1469 3781 1532 Α
