3872 6568
512 393 612 460 su
666 366 671 371 ’

1569 398 1972 461 (ECUMENII
2024 401 2318 465 TRICCAE
2358 407 2705 473 EPISCOPI
3588 433 3667 500 812

505 513 755 571 cladibus
781 526 844 568 ac
887 518 1060 567 morte
1093 511 1593 568 consummamini:
1630 511 1795 586 534Ι
1820 528 1889 570 ne
1926 514 1972 570 si
1997 513 2083 569 tali

2194 517 2524 593 ἐκδοθείητε.
2582 542 2601 578 ι
2640 525 2702 579 El
2760 525 2820 581 δέ
2882 544 2965 591 τις
3022 529 3198 602 πεινᾷ.
3228 549 3245 583 ι
3302 504 3669 612 Ταπριμαργίας
3715 531 3723 541 ’

434 610 437 615 ‘
507 621 665 677 pinna
697 623 804 660 nun
837 604 1055 660 fueritis
1086 604 1286 674 puniti,
1318 605 1371 659 in
1440 611 1712 660 :eternum
1748 605 2081 676 supplicium

501 717 625 754 cum
657 698 965 755 inlidelibus
1006 698 1317 755 tradatnini.
1360 716 1377 749 ι
1409 698 1568 763 Quod
1599 698 1645 754 si
1670 698 1795 770 quis
1824 698 2017 754 esurit.
2061 716 2080 751 ι

504 790 955 859 Castrimargiam
1015 788 1261 859 ipsorum
1318 789 1698 844 condemnat:
1748 794 1801 845 et
1828 789 1992 846 habet
2025 804 2085 846 se

502 894 761 954 tzmquam
801 896 924 936 cum
962 881 1204 951 puerulis
1235 880 1329 950 qui
1356 880 1713 952 indignantur
1741 896 1842 937 nec
1872 895 2080 936 moram

501 978 704 1040 t'urunt,
734 973 801 1028 ab
857 973 1091 1028 ecclesia
1148 973 1434 1029 remittens
1464 987 1561 1029 eos
1587 971 1654 1026 ad
1692 974 1946 1043 pr0prias
1980 970 2083 1027 do-

501 1083 640 1121 mos.
680 1086 697 1117 ι
751 1062 829 1120 Ne
880 1066 946 1119 ad
1005 1064 1518 1119 condemnationem
1574 1063 1938 1119 conveniatis.
1971 1081 1989 1115 ι
2023 1063 2083 1118 Id

499 1166 602 1223 est,
627 1172 693 1211 ne
719 1157 786 1212 ad
809 1156 1142 1226 supplicium
1172 1154 1514 1210 conveniatis
1536 1162 1773 1210 vestram
1804 1155 2081 1226 propriam

497 1251 787 1308 ecclesiam
822 1250 1026 1319 injuria
1063 1247 1365 1304 allicientes
1392 1290 1407 1312 ,
1460 1255 1516 1303 et
1572 1263 1843 1319 pauperes
1900 1247 2085 1320 despi-

497 1347 730 1400 cientes.
755 1344 892 1397 Nam
928 1353 1152 1413 propter
1179 1341 1503 1397 cbaritatem
1524 1342 1590 1395 ad
1614 1356 1801 1398 coenas
1825 1340 2085 1397 conveni-

497 1441 605 1493 tis:
635 1437 781 1510 quod
823 1438 870 1493 si
906 1438 1019 1491 haec
1055 1434 1217 1498 adsit,
1275 1441 1498 1506 praestat
1543 1448 1642 1490 vos
1708 1434 1856 1489 domi
1909 1431 2078 1487 rellci.

498 1531 615 1585 lloc
646 1538 826 1586 autem
879 1529 1031 1601 ipsos
1096 1529 1381 1583 attrabcns
1438 1527 1606 1583 dicit:
1647 1525 1905 1581 «Caztera
1956 1539 2083 1580 vero

499 1637 625 1676 cum
651 1636 876 1677 venero.
912 1639 931 1672 ι
965 1621 1074 1675 Aut
1105 1618 1173 1675 de
1208 1622 1310 1675 bac
1352 1633 1412 1674 re
1456 1617 1590 1672 dicit
1639 1618 1765 1681 hoc,
1819 1625 2081 1686 tanquam

499 1710 784 1764 Dominica
822 1724 982 1765 omna
1013 1710 1068 1764 in
1110 1709 1234 1765 aliis
1292 1722 1515 1779 quoque
1571 1707 1848 1779 capitibus
1895 1722 2083 1763 corrc-

500 1803 684 1858 ctione
706 1809 1026 1875 cgeat:aul
1054 1801 1120 1857 de
1151 1802 1256 1857 alia
1284 1817 1345 1857 re
1388 1801 1442 1856 in
1491 1814 1601 1872 qua
1649 1814 1761 1856 non
1814 1814 1954 1870 opus
2010 1798 2083 1854 sit

499 1895 704 1965 verbis,
740 1896 835 1951 sed
868 1896 1043 1967 ipsius
1076 1893 1391 1967 praesentia.

1087 2029 1318 2088 CAPUT
1355 2030 1485 2085 VIII.

606 2147 683 2201 De
707 2148 958 2202 varietate
984 2145 1247 2198 donorum
1278 2159 1561 2207 eorumque
1578 2143 1988 2214 dispensatione.

564 2329 685 2395 XII,
724 2331 829 2386 1-5.
865 2329 1031 2384 Porro
1061 2331 1124 2385 de
1156 2328 1550 2399 spiritualibns.
1590 2330 1809 2397 fratres,
1852 2328 1973 2381 noto
1998 2343 2084 2381 eos

501 2434 768 2496 ignorare.
806 2423 969 2479 Scitis
1007 2422 1170 2493 quod,
1202 2439 1319 2476 cum
1348 2431 1523 2492 gentes
1557 2422 1762 2485 essetis,
1812 2419 1880 2472 ad
1939 2418 2086 2473 idola

498 2528 671 2579 muta,
704 2525 968 2583 utrunque
1025 2512 1261 2578 abducti,
1321 2511 1678 2566 ducebamini.
1750 2511 2087 2581 Quapropter

497 2619 682 2662 notum
712 2605 857 2660 vobis
911 2605 1053 2674 facio
1108 2606 1245 2673 quod
1302 2603 1479 2658 nullus
1528 2620 1619 2673 per
1668 2603 1928 2673 Spiritum
1991 2602 2086 2656 hei

500 2699 714 2769 loquens
744 2696 876 2748 dicit
904 2693 1188 2747 anathema
1217 2692 1404 2747 Jesttm
1426 2707 1444 2757 ;
1468 2702 1514 2747 et
1541 2708 1691 2746 nemo
1717 2701 1885 2761 potest
1913 2689 2085 2744 dicere

500 2784 787 2839 Dominum
820 2781 1028 2847 Jesttm,
1067 2784 1172 2836 nisi
1205 2798 1296 2851 per
1323 2780 1584 2853 Spiritum
1616 2792 1880 2837 sanetum.

571 2989 685 3045 Hoc
716 2996 798 3044 est
830 2987 897 3043 de
921 2984 1123 3041 divinis
1152 2984 1332 3040 donis.
1371 2986 1423 3039 Id
1465 2996 1645 3040 autem
1703 2996 2082 3055 argumentum

497 3091 581 3137 est
604 3081 768 3151 hujus
794 3077 1098 3150 particular.
1129 3077 1287 3148 Apud
1321 3076 1661 3140 Corinthios,
1695 3078 1787 3146 qui
1837 3074 2084 3131 credide-

497 3182 643 3239 rant,
677 3172 836 3228 donis
867 3169 1249 3241 spiritualibus
1285 3169 1618 3224 delabantur
1643 3187 1657 3233 ;
1686 3178 1737 3222 ct
1776 3167 1828 3221 bi
1864 3166 2081 3236 quidem

498 3267 700 3337 linguis
729 3263 1112 3336 loquebantur,
1141 3264 1230 3317 alii
1258 3277 1385 3316 vero
1412 3260 1833 3333 proplictabanl,
1858 3257 2078 3331 quidam

499 3370 681 3415 autem
710 3358 813 3411 alia
856 3354 1336 3425 assequebantur:
1376 3370 1497 3425 qua:
1553 3353 1695 3407 dona
1747 3352 1881 3423 ipsis
1940 3350 2080 3404 laeta

497 3459 628 3509 sunt
689 3450 921 3521 duplicis
995 3449 1217 3504 occasio
1267 3446 1654 3509 dissensionis,
1700 3461 1768 3499 eo
1803 3441 1946 3515 quod
1995 3443 2077 3496 in-

497 3545 762 3616 sipientes
798 3550 1009 3596 essent.
1038 3538 1172 3595 Nam
1202 3539 1294 3609 qui
1329 3539 1507 3607 majus
1544 3539 1745 3593 donum
1770 3543 2081 3606 acceperat,

497 3635 830 3694 eﬂerebatur
861 3634 1128 3687 adversus
1146 3646 1246 3688 eos
1267 3631 1357 3701 qui
1385 3630 1594 3684 minora
1647 3627 1953 3691 habebant;
1988 3626 2082 3695 qni

497 3744 632 3786 vero
666 3729 845 3782 minus
882 3733 1193 3796 acceperat,
1220 3721 1426 3778 invidia
1458 3719 1863 3777 accendebatur
1890 3718 2083 3772 adver-

500 3837 597 3877 sus
631 3834 755 3875 eum
797 3818 887 3888 qui
925 3816 1120 3887 majori
1168 3815 1407 3870 donatus
1457 3821 1597 3869 erat.
1668 3809 1874 3865 Deinde
1916 3811 2079 3864 etiam

499 3922 655 3968 vates
684 3914 827 3981 apud
860 3910 1009 3981 ipsos
1063 3917 1222 3965 erant
1282 3922 1346 3963 ac
1401 3905 1930 3979 pseudoprophetm:
1981 3916 2084 3957 nec

501 4000 855 4057 manifestum
887 4000 969 4056 eis
1018 4007 1137 4056 erat
1188 3998 1315 4070 quis
1369 4014 1467 4070 per
1520 3996 1785 4068 Spiritum
1833 4002 2081 4050 sanctum

500 4095 870 4166 prophetaret,
894 4092 1021 4162 quis
1052 4106 1182 4146 vero
1210 4106 1309 4163 per
1331 4091 1631 4145 daentonem
1662 4089 2081 4143 vaticinaretur.

499 4187 768 4254 Quoniam
806 4185 974 4258 igitur
1005 4184 1111 4240 hoc
1141 4200 1361 4256 quoque
1404 4183 1532 4239 illos
1594 4182 1875 4247 turbabat,
1927 4181 2081 4252 signa

498 4280 656 4349 ponit
687 4279 829 4333 vatis
858 4280 958 4334 seu
996 4277 1168 4332 divini
1209 4292 1273 4332 ac
1311 4276 1610 4348 prophetae;
1646 4273 1806 4345 535
1838 4283 1891 4329 et
1932 4287 2084 4342 quae-

499 4386 721 4443 cunque
746 4368 890 4440 apud
926 4369 1075 4441 ipsos
1117 4367 1320 4423 ﬁebant
1375 4369 1637 4438 disponit.
1671 4385 1689 4420 ι
1721 4367 1890 4423 Scitis
1939 4363 2086 4436 quod

498 4476 624 4518 cum
680 4469 873 4532 gentes
928 4461 1150 4516 essetis.
1184 4477 1203 4511 ι
1251 4456 1326 4514 De
1388 4457 1627 4531 Spiritus
1680 4459 1857 4516 sancti
1926 4456 2086 4513 donis

499 4548 773 4622 loquitur,
833 4546 1126 4604 ostendere
1184 4548 1374 4603 volens
1431 4563 1683 4618 quamam
1738 4561 1928 4603 eorum
1987 4546 2606 4643 quiDozsaée’aﬂoo

503 4642 709 4714 spiritu
767 4647 1006 4712 aguntur
1041 4638 1113 4694 sit
1148 4636 1439 4694 diversitas
1488 4655 1517 4693 a
1572 4640 1789 4695 vatibus
1834 4645 1888 4694 et
1938 4638 2083 4693 unde

500 4734 924 4809 dignoscantur,
980 4741 1036 4787 et
1085 4731 1163 4785 ait
1195 4748 1208 4784 :
1243 4730 1407 4789 Scitis
1454 4732 1598 4802 quod
1628 4732 1784 4788 vobis
1826 4746 1964 4802 Opus
1997 4739 2083 4786 est

502 4836 562 4885 nt
612 4842 643 4881 ι
697 4840 784 4881 me
831 4824 1084 4881 discatis.
1149 4822 1334 4878 «Cum
1390 4830 1581 4893 gentes
1635 4821 1854 4878 essetis.
1889 4840 1908 4873 ι
1968 4818 2085 4876 Hoc
2156 4834 2163 4841 '

500 4933 607 4987 εει,
664 4919 967 4975 incredulis
1019 4929 1075 4973 et
1113 4917 1369 4989 gentibus
1422 4912 1883 4970 annumeramini.
1944 4912 2082 4968 Cum

502 5027 636 5083 ergo
689 5018 883 5081 gentes
922 5009 1144 5074 essetis,
1190 5008 1305 5064 sive
1357 5006 1617 5079 gentibus
1652 5004 2033 5061 connumerati
2067 5021 2082 5058 :

505 5102 575 5158 ad
625 5101 774 5158 idola
839 5099 1186 5156 ducebamini
1248 5100 1633 5155 vaticinantes.
1695 5096 1841 5153 Bene
1900 5104 2084 5152 autem

505 5196 693 5252 dicit:
751 5212 769 5245 ι
802 5192 1093 5263 Utcunque
1133 5191 1501 5271 ducebamini,
1534 5209 1553 5245 ι
1610 5192 1714 5249 hoc
1766 5204 1882 5259 eat,
1942 5206 2086 5263 quo-

509 5288 896 5356 modocunque
962 5284 1339 5355 contingeret,
1415 5299 1594 5355 neque
1673 5284 1923 5355 prudenti
1998 5281 2086 5337 in-

508 5395 599 5439 tus
648 5381 905 5446 ratione,
964 5388 1061 5433 aut
1128 5378 1288 5432 modo
1346 5380 1577 5448 permoti
1635 5395 1649 5432 :
1702 5393 1881 5451 neque
1941 5377 2086 5431 ultro

508 5478 803 5538 abeuntes,
870 5471 969 5528 sed
1026 5485 1151 5527 cum
1196 5469 1454 5525 violentia
1511 5470 1664 5526 inviti
1720 5468 1904 5525 lurore
1967 5483 2089 5540 per-

505 5567 603 5623 citi
653 5581 719 5622 ac
783 5565 1143 5621 insanientes.
1193 5561 1626 5618 Abdurcbantur
1678 5573 1857 5618 autem
1909 5577 1938 5617 a
1976 5564 2089 5620 dte-

505 5674 691 5721 mone,
738 5657 843 5729 .qui
903 5658 956 5713 in
1016 5654 1151 5727 ipsis
1204 5664 1324 5710 erat
1366 5672 1379 5708 :
1424 5654 1704 5711 modestiae
1769 5656 1905 5710 nibil
1992 5657 2086 5710 ba-

506 5751 721 5812 bcntes,
771 5748 866 5804 sed
918 5746 1102 5803 omnia
1155 5744 1386 5802 insania:
1416 5746 1600 5816 plena.
1655 5765 1673 5799 ι
1718 5745 1873 5814 Quod
1906 5748 2089 5805 nullus

503 5855 604 5911 per
645 5839 908 5911 Spiritum
947 5840 1040 5896 Dei
1077 5841 1325 5913 loquens.
1363 5860 1381 5892 ι
1429 5840 1543 5897 L‘na
1579 5841 1796 5912 quidem
1831 5840 2089 5901 differen-

2113 1865 2160 1927 Β

2188 612 2369 666 αὐτῶν
2424 617 2850 685 καταγινώσκει,
2923 619 3116 683 καλῶς
3153 621 3374 687 παιδίοις
3402 624 3668 702 δυσανασχε.

2184 705 2337 759 τοῦσι
2368 706 2658 779 κέχρηται,
2701 710 2809 764 ἀπδ
2864 712 2963 782 τῆς
2999 712 3289 781 ἐκκλησίας
3316 716 3390 780 είς
3414 719 3523 784 τοὺς
3549 723 3670 791 ἰδίους

2186 797 2367 861 οῐκους
2417 801 2831 872 παραπέμπων.
2882 822 2901 856 ι
2932 803 3053 857 Ἵνα
3090 803 3165 876 μὴ
3183 806 3258 868 είς
3284 809 3443 879 κρίμα
3470 815 3673 886 συνέρχη-

2189 889 2304 946 σθε.
2339 910 2358 944 ι
2417 892 2534 957 Ἵνα
2577 892 2652 966 μὴ
2711 896 2795 958 είς
2858 895 3081 950 κόλασιν
3142 896 3474 969 συνέρχησθε,
3515 904 3673 962 ἑαυτῶν

2185 982 2283 1054 τὴν
2312 983 2611 1054 ἐκκλησίαν
2634 986 2968 1057 ὑϐρίζοντες,
3018 988 3114 1042 καὶ
3141 988 3265 1052 τοὺς
3310 991 3523 1063 πένητας
3556 1014 3673 1069 περι.

2185 1072 2444 1142 ορῶντες.
2490 1076 2590 1128 Διὰ
2617 1076 2729 1148 γὰρ
2757 1077 2977 1148 ἀγάπην
3007 1078 3323 1150 συνέρχεσθε
3343 1082 3414 1144 είς
3428 1084 3487 1137 τὰ
3513 1085 3672 1144 δεῖπνα.

2187 1164 2405 1237 Ταύτης
2419 1167 2496 1233 δὲ,
2517 1170 2679 1239 φημὶ,
2709 1167 2898 1240 οὔσης,
2928 1169 3137 1241 βέλτιον
3156 1173 3298 1240 ὑμᾶς
3312 1173 3673 1236 οἷκοισιτεῖσθαι.

2186 1255 2358 1312 Τοῦτο
2381 1260 2440 1313 δέ
2476 1276 2660 1331 φησιν,
2686 1261 3051 1333 ἐφελκόμενος
3073 1262 3286 1328 αὐτούς.
3323 1284 3341 1318 ι
3369 1265 3444 1320 Τὰ
3462 1268 3511 1323 δὲ
3538 1268 3672 1337 λοιπά,

2185 1349 2261 1415 ὡς
2295 1351 2362 1406 ἂν
2391 1352 2547 1408 ἔλθω.
2586 1372 2606 1406 ι
2642 1354 2713 1407 Ἢ
2744 1356 2874 1426 περὶ
2927 1356 3094 1410 αὐτοῦ
3142 1356 3235 1410 τοῦ
3259 1358 3553 1431 πράγματός
3577 1382 3674 1435 φησι

2184 1442 2362 1507 τοῦτο,
2413 1438 2525 1497 οἷον
2586 1444 2681 1498 τοῦ
2736 1445 3022 1518 Κυριακοῦ
3078 1447 3312 1514 δείπνου,
3350 1453 3439 1505 καί
3474 1455 3522 1506 ἐν
3543 1455 3676 1520 ἄλλος

2185 1534 2504 1605 κεφαλαίοις
2554 1535 2896 1609 διορθώσεως
2938 1539 3198 1612 δεομένου
3230 1586 3247 1611 ,
3282 1545 3324 1615 ίῆ
3378 1547 3494 1619 περὶ
3537 1549 3673 1618 ἐτέρου

2186 1630 2513 1699 πράγματος
2562 1628 2821 1702 δεομένου
2856 1631 2916 1685 ού
2955 1633 3239 1704 ῥημάτων,
3296 1637 3425 1691 ἀλλὰ
3446 1638 3533 1710 τῆς
3557 1642 3675 1697 αὑτοῦ

2186 1722 2511 1792 παρουσίας.

2769 2040 3020 2096 ΚΕΦΛΛ.
3066 2042 3150 2096 H’.

2189 2152 2326 2222 Περὶ
2362 2151 2653 2224 διαφορᾶς
2711 2155 3115 2237 χαρισμάτων,
3159 2157 3259 2211 καί
3285 2160 3585 2231 οἰκονομίας
3605 2165 3676 2217 οὺς

2915 2243 3054 2280 των.

2915 2244 3054 2281 των.

2260 2337 2399 2405 Περὶ
2428 2337 2500 2391 δὲ
2545 2335 2666 2393 τῶν
2725 2338 3173 2409 πνευματικῶν,
3200 2339 3537 2412 ἀδελφοί,οὐ
3570 2346 3675 2399 θέλω
3786 2394 3787 2417 1

2187 2426 2344 2496 ὑμᾶς
2408 2428 2669 2497 ἀγνοεῖν.
2734 2428 2945 2483 Οτδατε
2966 2429 3055 2483 ὅτι
3081 2431 3229 2499 ἔθνη
3253 2427 3355 2502 ἦτε
3384 2431 3516 2500 πρὸς
3551 2433 3605 2487 τὰ
3621 2433 3674 2486 εἷ-

2186 2523 2351 2577 ὃωλιι
2417 2523 2490 2576 τὰ
2519 2523 2749 2592 ἀερωνσ,
2780 2524 2860 2590 ὡς
2882 2522 2962 2577 ἂν
2989 2521 3214 2594 ἤγεσθε
3250 2525 3590 2594 ἀπαγόμενοι.
3611 2528 3674 2579 Au)

2185 2612 2439 2683 γνωρίζω
2492 2613 2635 2684 ὑμῖν
2691 2613 2782 2668 ὅτι
2812 2614 3011 2681 οὐδεὶς
3041 2615 3111 2669 ἐν
3132 2618 3426 2686 Πνεύματι
3458 2616 3579 2670 Θεοῦ
3599 2621 3673 2671 .la-
3786 2636 3787 2686 γ

2186 2705 2316 2760 λῶν
2348 2706 2510 2775 λέγει
2573 2704 2844 2775 ἀνάθεμα
2904 2704 3176 2774 Ἰησοῦν,
3224 2707 3323 2760 καί
3358 2707 3532 2773 οὐδεὶς
3549 2706 3674 2761 δῦναι
3786 2710 3787 2759 ἰ

2186 2816 2280 2854 ται
2307 2799 2499 2854 εἰπεῖν
2555 2800 2778 2868 Κύριον
2812 2799 3073 2870 Ἰησοῦν,
3130 2802 3186 2856 εί
3213 2801 3300 2872 μὴ
3348 2802 3414 2856 ἐν
3450 2802 3674 2872 Πνθύματι
3786 2836 3787 2879 ξ

2188 2897 2223 2949 ά
2232 2895 2337 2965 γίῳ
2344 2935 2358 2949 .

2256 3003 2382 3062 Οίον
2437 3008 2815 3079 χαρισμάτων.
2856 3007 2918 3062 Ἦ
2953 2993 3218 3073 ὑπόθεσις
3240 3009 3330 3065 τοῦ
3357 3009 3533 3083 χωρίου
3557 3008 3669 3079 αὖτηε

2187 3101 2344 3174 Παρὰ
2400 3100 2709 3175 Κορινθίοις
2760 3103 2810 3156 οί
2859 3102 3256 3168 πιστεύσαντες
3282 3144 3298 3171 ,
3375 3102 3672 3174 πνευματικῶν

2111 3229 2150 3281 C
2185 3193 2433 3264 ἠξιοῦντο
2463 3195 2840 3266 χαρισμάτων.
2865 3195 2974 3249 Καὶ
2993 3196 3043 3249 οί
3075 3198 3180 3267 μὲν
3228 3197 3482 3267 γλώσσαις
3496 3197 3672 3259 ἐλάλουν,

2183 3289 2233 3340 οί
2253 3287 2309 3341 δὲ
2341 3288 2733 3360 προεφήτευον,
2764 3287 2813 3340 οί
2835 3286 2890 3341 δὲ
2913 3287 3115 3360 ἐτέρων
3147 3291 3518 3361 ἐπετύγχανον,
3562 3288 3672 3343 inve

2184 3378 2502 3455 χαρίσματα
2569 3380 2919 3449 διχοστασίας
2975 3382 3259 3452 πρόφασις
3296 3382 3469 3448 αὐτοῖς
3500 3381 3671 3450 ἐγίνετο,

2179 3472 2395 3542 νηπίοις
2423 3468 2593 3527 οὖσιν.
2621 3474 2693 3528 ’Ὀ
2724 3492 2783 3528 τε
2814 3477 2924 3549 γὰρ
2961 3477 3023 3532 τὸ
3054 3476 3245 3549 μεῖξον
3285 3478 3510 3549 χάρισμα
3531 3471 3673 3535 λαδὼνν

2182 3565 2392 3637 ἐπῆρτο
2448 3566 2591 3621 κατὰ
2652 3568 2762 3623 τῶν
2791 3570 2862 3623 τὰ
2906 3570 3170 3626 ἐλάττονα
3221 3571 3443 3642 ἐχόντων
3469 3583 3483 3599 ·
3530 3566 3610 3620 ὅτε
3635 3562 3673 3616 τὸ

2184 3658 2407 3716 ἔλαττον
2469 3660 2651 3716 λαϐὼν
2682 3704 2699 3730 ,
2751 3662 3083 3733 διεφθονείτο
3128 3665 3211 3736 τῷ
3273 3664 3449 3736 μεῖζον
3501 3658 3671 3712 λαϐόντι.
3786 3660 3787 3727 ᾖ

2189 3753 2420 3807 Ἔπειτα
2440 3753 2534 3807 καὶ
2552 3754 2775 3824 μάντεις
2795 3752 2935 3826 ἦσαν
2968 3758 3099 3829 παρ’
3124 3758 3312 3817 αὐτοῖς
3343 3755 3432 3808 καὶ
3449 3750 3673 3823 ψευδσπρω

2183 3846 2374 3917 φῆταιο
2444 3845 2582 3900 Ἀλλ’
2643 3847 2744 3903 οὐκ
2795 3844 2864 3921 ἦν
2908 3849 3091 3911 αὐτοῖς
3151 3847 3331 3918 δῆλον,
3388 3844 3463 3908 τίς
3505 3839 3674 3912 μένὸὲν
3786 3844 3787 3907 ξ

2183 3937 2463 4008 Πνεύματι
2525 3939 2666 4011 ἁγίῳ
2714 3939 3108 4013 προφητεύων,
3162 3940 3248 4004 τίς
3307 3938 3362 3992 δέ
3389 3939 3414 3992 ό
3441 3937 3491 3989 ἐν
3521 3930 3676 4000 Mli“

2186 4028 2606 4101 μαντευόμενος.
2625 4031 2781 4085 Ἐπεὶ
2801 4030 2893 4086 οὖν
2926 4031 3026 4087 καὶ
3062 4030 3226 4085 τοῦτο
3247 4031 3436 4093 αὐτοὺς
3459 4026 3674 4094 ἐτάραττε.

2182 4119 2336 4190 λέγει
2370 4124 2573 4191 σημεῖα
2638 4121 2886 4193 μάντεως
2941 4123 3037 4177 καὶ
3091 4123 3394 4194 προφήτου,
3439 4117 3522 4172 καὶ
3552 4112 3676 4166 πάντα

2184 4212 2253 4267 τά
2275 4213 2396 4267 κατ’
2420 4214 2621 4279 αὐτοὺς
2649 4213 2979 4284 διορθοῦται.
3026 4234 3046 4269 ι
3070 4216 3271 4270 Οἴδατε
3310 4216 3397 4269 ὅτε
3430 4211 3540 4280 έθνη
3565 4203 3673 4278 ἦτε.»

2185 4304 2323 4375 Περὶ
2371 4303 2480 4358 τῶν
2510 4303 2577 4357 ἐκ
2618 4302 2938 4375 Πνεύματος
2965 4305 3121 4374 ἁγίου
3172 4304 3510 4377 χαρισμάτων
3556 4298 3674 4362 λέγει.

2185 4394 2359 4460 δεῖξαι
2389 4394 2583 4463 θέλων,
2627 4395 2716 4460 τίς
2751 4395 2849 4466 μὲν
2901 4396 3014 4450 τῶν
3047 4396 3499 4467 πνευματοφόρων
3519 4432 3532 4457 ,
3557 4389 3617 4449 τίς
3639 4385 3676 4437 δὲ

2187 4486 2294 4541 τῶν
2335 4486 2584 4557 μάντεων
2610 4489 2643 4558 ἠ
2674 4488 2910 4559 διαφορὰ
2933 4490 3028 4542 καὶ
3069 4488 3390 4557 ἐπίγνωσις,
3436 4484 3517 4539 καί
3544 4490 3675 4549 φησιν·

2637 4577 2818 4631 δεῖσθε
2846 4577 3040 4649 μαθεῖν
3071 4579 3205 4651 παρ’
3231 4577 3388 4649 ἐμοῦ.
3427 4595 3445 4628 ι
3473 4575 3575 4628 Ὅτε
3592 4569 3678 4633 ἔθνη

2186 4664 2308 4740 ἦτε,
2343 4687 2361 4720 ι
2397 4667 2666 4736 τουτέστι,
2697 4667 2822 4732 Τοῖς
2849 4662 3100 4732 ἀπίστοις
3122 4670 3218 4724 καὶ
3244 4668 3444 4741 ἔθνεσιν
3464 4658 3679 4733 ἐγκατελέ·

2186 4756 2547 4828 γεσθε.“οταν
2561 4756 2742 4810 τοίνυν
2758 4755 2885 4828 ἔθνη
2914 4752 3038 4828 ἦτε,
3071 4757 3242 4830 ἤγουν
3274 4752 3677 4827 συναριθμούμενοί

2185 4846 2298 4911 τοῖς
2324 4845 2524 4913 ἔθνεσι,
2560 4844 2698 4918 πρὸς
2722 4845 2791 4901 τὰ
2820 4845 3016 4900 εἴδωλα
3043 4847 3324 4919 άπήγεσθε
3344 4842 3674 4917 μαντευόμενοι.

2186 4935 2386 5001 Καλῶς
2428 4934 2485 4989 δὲ
2517 4935 2599 5004 τὸ,
2661 4954 2680 4988 ι
2715 4935 2804 5000 Ὠς
2857 4935 2924 4992 ἂν
2957 4937 3182 5008 ἡγεσθε,
3218 4956 3238 4990 ι
3289 4935 3560 4995 τουτέστιν,
3578 4929 3676 4984 ὅπως

2187 5024 2369 5097 ἔτυχε,
2401 5027 2541 5099 μήτε
2600 5023 2876 5097 σώφρονος
2906 5028 3059 5093 ἐντὸς
3097 5029 3249 5094 ὄντες
3286 5015 3674 5097 λογισμοῦἢσκή’

2190 5132 2379 5186 ματος,
2444 5116 2583 5187 μήτε
2631 5117 2854 5182 ἑκόντες
2906 5118 3185 5184 ἀπιόντες,
3248 5118 3383 5174 ἀλλὰ
3434 5111 3556 5187 μετὰ
3595 5107 3675 5178 βίας

2188 5207 2414 5270 ἄκοντες
2442 5205 2825 5273 ἐνθουσιῶντες
2854 5210 2948 5264 καὶ
2983 5211 3320 5282 μαινόμενοι.
3350 5210 3605 5278 Ἀπήγοντο
3637 5195 3675 5247 ἃ

2189 5298 2343 5372 παρὰ
2370 5298 2465 5353 τοῦ
2500 5300 2561 5353 ἐν
2592 5301 2779 5365 αὐτοῖς
2805 5301 3082 5374 δαίμονος,
3114 5304 3268 5358 οὐδὲν
3311 5300 3528 5362 ἐπιεικὲς
3569 5294 3674 5363 ἔχω·

2187 5406 2299 5454 τες,
2332 5390 2466 5444 ἀλλὰ
2496 5391 2674 5445 πάντα
2697 5392 2963 5465 μανιώδη.
2999 5395 3156 5449 «Ὅτι
3183 5393 3360 5457 οὐδεὶς
3387 5394 3441 5445 ἐν
3465 5385 3675 5452 [malum

2187 5478 2324 5532 Θεοῦ
2354 5478 2582 5535 λαλῶν.»
2632 5481 2752 5536 Μία
2783 5484 2883 5554 μὲν
2904 5483 3142 5557 διαφορὰ
3174 5482 3454 5559 προφητῶν
3473 5478 3553 5534 καὶ
3579 5474 3675 5544 ψευο
3782 5490 3783 5511 ῖ

2187 5569 2567 5645 δοπροφητῶν,
2600 5573 2683 5629 ὅτι
2713 5576 2765 5629 oi
2797 5576 2900 5645 μὲν
2941 5577 3367 5651 καθεστηκότες,
3393 5577 3479 5631 καὶ
3501 5571 3675 5645 μάλιστα
3782 5582 3783 5599 ξ

2191 5665 2617 5734 σωφρονοῦντες,
2657 5669 2984 5739 προλέγουσι
3004 5671 3072 5725 τὰ
3096 5673 3346 5743 ἐσόμενα.
3371 5671 3428 5724 Οί
3454 5666 3504 5722 δὲ
3537 5658 3674 5733 ψευδοί

2191 5758 2488 5827 προφῆται,
2522 5758 2882 5831 ἐξεστηκότες
2914 5763 3011 5816 καὶ
3058 5762 3388 5834 μαινόμενοι,
3414 5759 3496 5813 καὶ
3534 5754 3673 5816 ὥσπερ
3782 5760 3783 5834 Ῐ

2194 5844 2284 5920 βίᾳ
2315 5847 2419 5902 ὑπὸ
2456 5850 2565 5906 τῶν
2585 5851 2878 5911 κινούντων
2910 5853 3182 5927 δαιμόνων
3204 5854 3467 5926 ἀγόμενοι.
3493 5841 3672 5912 Δευτέρι
