3872 6562
181 414 275 480 813

1022 404 1408 467 COMMENT.
1445 403 1523 462 ΙΝ
1560 404 1796 464 EPIST.
1838 403 1863 462 Ι
1894 404 1996 465 AD
2025 402 2389 464 CORINTH.

3271 400 3379 470 8M

183 527 251 592 δι,
275 523 349 576 ὅτι
378 519 424 573 οι
452 514 559 589 μὲν
576 515 741 571 ὀὐδὲν
766 516 1084 588 βλάσφημον
1115 515 1238 570 οὐδὲ
1265 513 1518 569 ἀπαίσιον
1536 513 1705 584 φθέγ-

1810 514 1883 570 ti‘a
1913 517 2301 587 prophetarum
2348 529 2413 570 ac
2470 514 3075 587 pseudopmphetarum
3114 525 3203 575 est
3231 523 3380 591 quod

176 628 358 684 γονται,
385 605 518 665 ἀλλὰ
547 604 641 660 καὶ
667 605 1010 675 θεολογοῦσιν
1036 606 1111 669 ὡς
1133 608 1350 677 ἄριστα,
1389 606 1483 659 καὶ
1523 605 1706 659 πάντα

178 702 363 775 σεμνῶς
383 698 648 767 λέγουσιν.
689 698 750 752 0i
779 698 835 752 δὲ
864 697 1223 769 βλασφήμους
1254 713 1315 749 τε
1345 697 1441 750 καὶ⁹
1469 697 1703 767 ἀπηχείς

176 794 332 864 φωνὰς
360 788 773 859 άπερεύγονται.
812 808 831 840 ι
883 790 993 843 Kal
1033 789 1209 852 οὐδεὶς
1246 787 1468 841 δύναται
1529 789 1704 842 εἰπεῖν

175 885 351 953 Κύριον
390 879 612 950 Ἰησοῦν,
659 880 719 943 si
740 881 817 950 μὴ
872 880 930 933 ὲν
992 878 1270 948 Πνεύματι
1324 878 1528 948 ἁγίῳ.»
1569 875 1705 932 Elite

176 972 370 1040 σημεῖον
398 968 660 1038 μάντεως,
692 970 749 1020 τὸ
784 967 1141 1037 ὲξεστηκότας
1176 969 1372 1032 αὐτοὺς
1423 968 1517 1040 βίᾳ
1547 968 1707 1022 ἕλκε-

175 1063 277 1115 σθαι
307 1061 430 1131 πρὸς
459 1061 527 1113 τὰ
567 1060 783 1127 εἴδωλα,
815 1063 912 1115 καὶ
965 1061 1251 1132 προλέγειν
1281 1060 1442 1130 δῆθεν
1470 1063 1537 1115 τὰ
1588 1064 1708 1123 ὲσόέ

175 1171 308 1225 μενά.
351 1152 509 1220 Λέγει
560 1152 652 1205 καὶ
694 1153 972 1223 προφήτου
1009 1155 1255 1223 σημεῖον.
1314 1154 1471 1206 Ποῖον
1509 1153 1706 1219 τοῦτο;

179 1248 288 1297 Ὀτι
310 1244 478 1307 οὐδεὶς
509 1243 650 1313 ἔχων
711 1243 939 1313 Πνεῦμα
964 1243 1122 1309 Θεοῦ,
1176 1242 1565 1313 ἀναθεματίζει
1618 1245 1712 1298 καὶ

174 1333 355 1406 ύὸρίζει
382 1334 469 1386 τὸν
495 1333 721 1404 Κύριον,
756 1335 863 1387 Kal
895 1333 1057 1387 πάλιν
1093 1333 1271 1398 οὐδεὶς
1296 1333 1458 1387 αὑτὸν
1485 1332 1712 1387 δύναται

174 1427 347 1498 Κύριον
376 1427 568 1493 εἰπεῖν,
599 1426 673 1498 μὴ
697 1425 835 1497 έχων
868 1426 1093 1496 Πνεῦμα
1119 1425 1295 1495 ἅγιον.

1813 606 1892 661 illi
1940 622 2053 663 suae
2098 608 2299 661 mentis
2342 614 2648 677 compotes,
2689 614 2746 665 et
2797 607 3036 665 maxime
3080 608 3379 681 prudentes

1806 697 1989 753 futura
2030 697 2336 768 praedicunt
2370 714 2385 751 :
2423 699 2912 770 pseudopropltetae
2963 712 3145 755 autem
3194 713 3379 758 mente

1806 789 2030 844 alienati
2064 803 2128 844 ac
2161 791 2778 862 dementes,.tanquam
2821 806 2852 846 a
2892 792 3242 849 moventibus
3270 793 3382 848 dae-

1807 881 2065 937 monibus
2096 880 2555 935 viulentiaducti.
2591 881 2776 936 Altera
2806 897 2938 936 vero
2967 883 3113 952 quod
3148 884 3226 937 illi
3258 883 3382 953 qui-

1808 975 1929 1029 dem
1963 973 2097 1028 nihil
2134 974 2470 1030 exsecrabile
2502 981 2597 1028 aut
2635 974 3013 1045 blasphemnm
3059 976 3382 1047 loquuntur,

1809 1067 1945 1138 quin
1994 1066 2179 1136 ponus
2225 1064 2292 1120 de
2347 1065 2457 1118 Deo
2496 1066 2705 1136 optime
2752 1066 3057 1135 disserunt,
3098 1079 3149 1124 et
3198 1071 3381 1123 omnia

1811 1173 1936 1213 eum
1990 1158 2259 1227 gravitate
2303 1156 2537 1212 elIerunt
2572 1173 2585 1211 :
2619 1158 2675 1213 bi
2707 1170 2887 1214 autem
2941 1161 3287 1231 blasphemas
3329 1172 3386 1218 et

1809 1248 2080 1305 absurdas
2114 1255 2367 1303 eructant
2404 1263 2590 1303 voces.
2628 1266 2646 1301 ι
2685 1248 2752 1304 Ει
2786 1265 2948 1304 nemo
2982 1261 3160 1320 potest
3197 1253 3381 1307 dicere

1811 1334 2103 1392 Dominum
2148 1335 2335 1393 Jesum
2362 1376 2379 1402 ,
2420 1338 2528 1393 nisi
2579 1353 2677 1407 per
2725 1339 2992 1409 Spiritum
3043 1353 3317 1397 sanctum.
3360 1367 3377 1388 -

1815 1427 2043 1499 Signum
2074 1428 2214 1483 dixit
2247 1428 2391 1484 vatis
2418 1444 2514 1484 seu
2542 1429 2732 1495 divini,
2763 1431 2910 1501 quod
2942 1442 3125 1488 mente
3161 1433 3383 1488 alienati

173 1525 228 1579 ad
276 1524 406 1577 idola
440 1523 491 1576 vi
539 1521 827 1576 trahantur
876 1537 941 1576 ac
974 1521 1158 1578 futura
1219 1521 1516 1592 praedicant
1547 1520 1777 1580 scilicet.
1816 1520 1973 1578 Nunc
2019 1523 2293 1594 propheta!
2341 1538 2561 1595 quoque
2603 1524 2820 1594 signum
2871 1526 3044 1597 ponit.
3095 1526 3381 1593 Quodnam

177 1615 288 1669 illud
319 1613 439 1668 est?
504 1613 651 1682 quod
693 1612 879 1667 nullus
919 1610 1182 1682 Spiritum
1236 1613 1329 1667 Dei
1392 1613 1599 1669 habens
1666 1624 2009 1679 exsecratur,
2060 1624 2155 1669 aut
2203 1615 2407 1686 injuria
2461 1616 2625 1672 adicit
2669 1616 2980 1677 Dominum.
3032 1621 3386 1697 Rursumque

171 1708 324 1763 nullus
362 1713 538 1776 potest
585 1706 762 1777 ipsum
809 1704 991 1760 dicere
1025 1705 1315 1760 Dominum
1348 1706 1442 1775 qui
1476 1720 1588 1761 non
1659 1705 1859 1762 habeat
1898 1704 2163 1778 Spiritum
2204 1718 2480 1765 sanctum.

224 1822 528 1890 Διαιρέσεις
583 1819 653 1874 δὲ
704 1820 1091 1891 χαρισμάτων
1154 1820 1299 1888 εἰσὶ,
1342 1820 1412 1875 τὸ
1445 1820 1514 1875 δὲ
1552 1821 1701 1878 αὐτὸ

1875 1810 1995 1887 XII,
2048 1822 2167 1878 4-6.
2230 1822 2518 1878 Diuisione:
2568 1833 2745 1879 autem
2801 1826 3058 1882 donorum
3105 1841 3248 1895 sunt,
3289 1833 3381 1886 sed

171 1912 401 1982 Πνεῦμα.
425 1912 535 1968 Kal
562 1912 888 1981 διαιρέσεις
917 1911 1237 1967 διακονιῶν
1259 1913 1400 1977 εἱσι,
1416 1911 1514 1966 καὶ
1536 1914 1569 1968 d
1592 1915 1702 1968 αὐ-

169 2007 255 2072 τὸς
286 2006 511 2073 Κύριος.
562 2006 679 2059 Καὶ
725 2003 1046 2072 διαιρέσεις
1082 2007 1499 2077 ἐνεργημάτων
1523 2006 1702 2070 εισὶν,

171 2102 197 2152 ό
218 2097 275 2151 δὲ
312 2098 488 2165 αὐτός
529 2097 667 2153 ἐστι
709 2099 874 2166 Θεὸς,
914 2102 948 2154 ὀ
993 2097 1253 2170 ἐνεργῶν
1296 2100 1366 2153 τὰ
1400 2097 1599 2154 πάντα
1636 2100 1707 2155 ἐν

170 2202 351 2245 πασιν.

190 2281 198 2299 ’
226 2297 408 2353 Λοιπὸν
434 2298 514 2363 είς
541 2297 637 2354 τὸν
677 2300 808 2372 περὶ
842 2300 1199 2372 χαρισμάτων
1220 2297 1350 2373 ἦλθε
1378 2301 1560 2371 λόγον,
1613 2304 1707 2358 καί

171 2405 302 2457 φησιο
338 2406 356 2440 ι
379 2388 683 2459 Διαιρέσεις
709 2389 766 2443 δὲ
785 2408 805 2443 ι
845 2392 941 2445 καὶ
959 2385 1070 2445 οἷον
1102 2393 1340 2465 μερίδες,
1384 2412 1402 2443 ι
1428 2396 1704 2467 χαρισμά-

170 2494 258 2531 των
283 2479 399 2533 είσί.
428 2498 447 2533 ι
484 2481 582 2553 Τῷ
599 2482 676 2547 δὲ,
703 2500 723 2534 ι
758 2485 1113 2555 χαρισμάτων
1147 2504 1167 2537 ι
1194 2488 1391 2551 εἰπεῖν,
1422 2489 1705 2543 ἐπαίδευσε

171 2571 244 2624 τὸν
269 2571 514 2627 δοκοῦντα
542 2573 607 2627 τὸ
630 2573 850 2629 ἔλαττον
878 2576 1023 2646 ἔχειν
1054 2577 1321 2649 χάρισμα,
1383 2580 1458 2649 μὴ
1499 2580 1704 2649 ἀλγεῖν.

159 2661 223 2714 Ἐἰ
250 2663 345 2736 γὰρ
374 2665 624 2739 ἐδωρήθη
647 2684 750 2732 σοι,
783 2669 959 2749 φησὶη
979 2671 1138 2741 χάριν
1165 2669 1255 2741 ἔχε
1283 2671 1425 2743 ὑπὲρ
1457 2667 1534 2727 ὧν
1570 2673 1707 2738 ὅλως

171 2754 385 2826 εἴληφας,
420 2758 512 2810 καὶ
543 2758 621 2829 μὴ
680 2758 836 2828 ἄλγει
896 2760 1034 2831 ὑπὲρ
1059 2753 1134 2816 ὧν
1174 2762 1397 2817 ἔλαττον
1454 2766 1705 2836 εἴληφας.

171 2848 312 2901 Πάλιν
353 2850 408 2904 δὲ
457 2850 536 2923 τῷ
565 2855 902 2925 προσθεῖναι,
958 2872 978 2906 ι
1012 2854 1086 2907 Τὸ
1122 2854 1180 2909 δὲ
1231 2856 1363 2910 αὐτὸ
1396 2857 1641 2930 Πνεῦμα,
1682 2878 1702 2911 ι

172 2939 307 2994 πλέον
334 2943 760 3015 παραμυθεῖται.
792 2947 853 3000 Ei
879 2945 988 3019 γὰρ
1017 2948 1112 3000 καὶ
1140 2947 1365 3003 ἔλαττόν
1402 2968 1517 3017 σου,
1550 2954 1706 3022 φησι,

171 3030 219 3082 τὸ
243 3032 487 3105 χάρισμα,
519 3037 661 3091 ἀλλὰ
684 3038 777 3091 τοῦ
806 3039 927 3103 ένός
963 3041 1081 3094 ἐστι
1138 3041 1459 3113 Πνεύματος
1506 3044 1707 3115 δωρεὰ,

170 3123 247 3174 καὶ
272 3124 332 3178 τὰ
359 3128 528 3198 μικρὰ
553 3130 653 3181 καὶ
673 3130 741 3183 τὰ
773 3131 1338 3202 μεγάλα.-Ἀλ.ιως.
1365 3134 1567 3209 [ΦΩΤ.]
1596 3138 1710 3191 Χα-

1805 1913 1944 1969 idem
1993 1914 2274 1986 Spiritus;
2327 1927 2376 1971 et
2432 1917 2712 1973 divisiones
2768 1920 3179 1977 ministeriorum
3234 1937 3379 1990 sunt,

1805 2006 2044 2078 idemque
2070 2008 2366 2074 Dominus;
2403 2018 2453 2063 et
2499 2011 2778 2066 divisiones
2824 2015 3185 2082 operationum
3233 2029 3379 2086 sunt,

1804 2100 1896 2156 sed
1926 2101 2064 2156 idem
2105 2110 2180 2155 est
2227 2102 2366 2156 Deus
2396 2102 2487 2173 qui
2516 2112 2765 2171 operatur
2801 2106 2978 2159 omnia
3021 2107 3077 2161 in
3115 2109 3379 2166 omnibus.

1876 2311 2292 2383 Consequenter
2324 2311 2392 2369 ad
2424 2329 2732 2371 sermonem
2784 2318 2851 2373 de
2903 2302 3077 2375 donis.
3104 2323 3380 2392 pervenit,

1807 2411 1863 2458 ct
1905 2403 1981 2458 ait
2032 2421 2045 2458 :
2079 2423 2099 2457 ι
2151 2403 2454 2463 Divisiones
2498 2416 2702 2473 autem,
2742 2428 2761 2462 ι
2800 2418 2855 2465 et
2893 2418 3151 2482 tanquam
3198 2425 3383 2484 partes

1815 2513 1834 2547 ι
1875 2495 2151 2551 Donorum
2198 2507 2349 2553 sunt.
2386 2517 2406 2552 ι
2449 2498 2690 2554 Dicendo
2732 2510 2912 2558 autem
2962 2523 2982 2557 ι
3019 2504 3323 2575 Donorurn,
3354 2529 3375 2562 ι

1808 2586 2049 2642 instituit
2088 2603 2213 2644 eum
2256 2589 2350 2659 qui
2395 2591 2577 2647 minus
2614 2591 2821 2648 donum
2865 2595 3066 2653 habere
3096 2599 3383 2657 videbatur

1808 2693 1876 2733 ne
1906 2678 2137 2734 doleret.
2173 2677 2253 2747 Si,
2290 2681 2490 2752 inquit,
2529 2682 2731 2738 donum
2765 2688 3051 2758 accepisti,
3085 2690 3223 2745 habe
3257 2709 3385 2764 gra-

1808 2771 1937 2825 tiam
1971 2771 2117 2841 quod
2160 2774 2386 2829 omnino
2426 2777 2725 2846 acceperis,
2763 2788 2817 2834 et
2859 2796 2969 2837 non
3013 2782 3200 2840 doleas
3234 2788 3379 2855 quod

1812 2861 1993 2915 minus
2023 2864 2319 2932 acceperis.
2359 2865 2595 2920 ltursum
2625 2880 2805 2923 autem
2843 2886 2937 2939 per
2966 2872 3070 2929 hoc
3103 2876 3247 2945 quod
3277 2878 3379 2933 ad~

1812 2950 1892 3005 dit
1921 2967 1935 3004 :
1974 2971 1992 3004 ι
2028 2951 2135 3009 Sed
2164 2954 2305 3010 idem
2341 2953 2603 3025 Spiritus,
2635 2959 2758 3029 plus
2784 2961 2938 3018 atl'ert
2962 2967 3378 3033 consolationis.

1812 3041 1974 3116 536
2001 3043 2322 3115 Quanquam
2355 3047 2502 3102 enim
2530 3049 2711 3105 minus
2736 3051 2809 3106 sit
2843 3059 2957 3107 tum
2988 3054 3215 3123 donum,
3239 3068 3382 3113 atta-

1814 3150 1940 3189 men
1972 3136 2132 3193 unius
2165 3133 2407 3207 Spiritus
2439 3138 2582 3194 dona
2617 3148 2673 3197 et
2708 3157 2876 3214 parva
2906 3153 2960 3200 et
2992 3162 3187 3219 magna
3224 3162 3375 3206 sunt.

171 3214 377 3284 ρίσματα
412 3220 508 3290 μὲν
565 3220 707 3274 αὐτὰ
738 3221 921 3287 καλεῖ,
970 3224 1071 3292 τὴν
1123 3204 1439 3299 φιλοτιμίαν
1493 3204 1705 3298 δεικνὺς

1812 3226 2023 3280 -Αίὶο
2068 3204 2239 3282 modo.
2285 3225 2436 3283 Dona
2481 3204 2861 3303 quidem-ipsa
2910 3204 3377 3312 vocat:

167 3304 243 3358 τοῦ
269 3306 590 3378 δωρήματος
617 3327 632 3340 ’
659 3310 932 3375 διακονίας
961 3312 1041 3381 δὲ,
1081 3313 1350 3372 διδάσκων
1379 3320 1454 3391 μὴ
1485 3321 1710 3391 ἐπαίρε-

170 3397 271 3453 σθαι
293 3401 495 3468 τούτοις
532 3406 663 3468 τοὺς
707 3405 1061 3476 ἀξιωθέντας,
1091 3410 1230 3464 ἀλλὰ
1283 3413 1422 3482 μετὰ
1446 3415 1709 3483 συστολῆς

169 3492 244 3543 καὶ
271 3494 754 3567 μετριοφροσύνης,
774 3497 850 3562 ὡς
873 3499 954 3562 εἰς
982 3500 1284 3573 ὑπηρεσίαν
1305 3503 1400 3558 καὶ
1430 3503 1709 3561 διακονίαν

167 3580 256 3634 τῶν
270 3583 479 3655 πλησίον
493 3586 813 3656 κληθέντας,
834 3589 1003 3655 οὕτως
1029 3593 1378 3666 ἐντυγχάνειν
1407 3599 1519 3661 τοῖς
1540 3615 1709 3670 προσο

170 3670 347 3727 ιοῦσιν·
398 3678 751 3749 ἐνεργήματα
812 3680 870 3734 δὲ
918 3682 1081 3738 πάλιν
1107 3725 1124 3751 ,
1183 3685 1354 3757 αὐτὴν
1395 3687 1571 3757 δηλῶν
1608 3687 1708 3758 τὴν

167 3766 356 3849 πρᾷξιν.
408 3772 553 3840 Ὅρα
595 3774 835 3843 ἀκριϐῶς
862 3776 977 3839 πῶς
1024 3777 1085 3831 τὸ
1144 3780 1407 3849 πανάγιον
1458 3781 1704 3853 Πνεῦμα,

166 3862 349 3926 τρανῶς
373 3864 466 3917 καὶ
495 3863 703 3936 Κύριον
726 3866 820 3921 καὶ
841 3868 974 3922 Θεὸν
998 3869 1350 3941 άνεκήρυξεν.
1371 3870 1555 3926 Εἰπὼν
1574 3873 1704 3943 γὰρ,

172 3968 188 3999 ι
216 3951 497 4023 Διαιρέσεις
519 3956 581 4009 δὲ
612 3960 962 4028 χαρισμάτων
1000 3963 1138 4015 εἰσιν
1157 4002 1173 4027 ,
1203 3964 1264 4017 τὸ
1295 3964 1354 4019 δὲ
1383 3966 1514 4019 αὐτὸ
1533 3964 1705 4019 Πνεῦ-

170 4056 250 4106 μα’
276 4060 294 4093 ι
311 4046 401 4097 καὶ
424 4048 590 4100 πάλιν
611 4031 703 4101 ἐπὶ
720 4048 815 4104 τοῦ
846 4052 1170 4124 πράγματος
1203 4056 1522 4124 ἐπαγαγὼν,
1547 4076 1566 4109 ι
1598 4058 1707 4111 Kal

166 4131 432 4204 διαιρέσεις
462 4139 753 4194 διακονιῶν
788 4144 945 4210 εἰσιν,
966 4147 993 4197 ὁ
1016 4144 1074 4199 δὲ
1103 4146 1263 4209 αὐτὸς
1292 4149 1517 4219 Κύριος·
1536 4168 1555 4200 ι
1585 4144 1707 4203 εἶτα

166 4221 232 4275 ἔτι
283 4228 369 4279 ἐπὶ
420 4228 516 4282 τοῦ
570 4230 731 4283 αὐτοῦ
782 4231 973 4302 μείνας
1013 4236 1317 4307 νοήματος,
1365 4238 1459 4291 καὶ
1511 4236 1703 4303 εἰπὼν,

172 4329 189 4361 ι
218 4314 314 4368 Kal
343 4317 640 4390 διαιρέσεις
665 4322 1055 4393 ἐνεργημάτων
1081 4325 1238 4391 εἰσὶν,
1269 4328 1298 4380 ὁ
1324 4325 1382 4379 δὲ
1408 4327 1570 4390 αύτός
1589 4329 1704 4382 ἐστι

165 4390 298 4465 Θιόςο
322 4423 340 4456 ι
375 4406 737 4463 ἑπισυνάπτει
758 4390 962 4480 ⁷λέγων’
990 4431 1009 4465 ι
1059 4413 1304 4487 Ἐκάστῳ
1350 4415 1408 4470 δὲ
1438 4416 1639 4472 δίδοται
1670 4420 1703 4491 ὴ

164 4493 444 4564 φανέρωσις
470 4498 572 4552 τοῦ
606 4500 919 4572 Πνεύματος
944 4504 1082 4576 πρὸς
1107 4505 1170 4560 τὸ
1214 4508 1515 4580 συμφέρον,
1541 4529 1561 4563 ι
1591 4510 1703 4564 δει-

165 4582 278 4648 κνὺς
296 4587 373 4641 ὅτι
402 4592 496 4644 καὶ
528 4591 594 4645 τὸ
618 4592 755 4661 Θεὸς
780 4596 875 4648 καὶ
906 4595 968 4649 τὸ
1010 4598 1247 4667 Κύριος,
1279 4599 1375 4654 ἐπὶ
1405 4601 1498 4654 τοῦ
1547 4602 1702 4671 ἁγίου

110 4737 115 4740 ί
164 4672 299 4764 ἔταξε
328 4679 665 4752 Πνεύματος.
692 4685 873 4739 Πάντα
906 4687 1016 4758 γὰρ
1044 4690 1144 4743 ὅσα
1166 4693 1448 4762 προεῖπεν,
1497 4695 1576 4757 είς
1605 4695 1705 4764 τὴν

164 4763 244 4816 τοῦ
276 4768 591 4841 Πνεύματος
617 4775 843 4845 συνῆξεν
867 4777 1186 4847 ὑπόστασιν,
1224 4781 1287 4836 οὗ
1315 4782 1476 4852 μόνον
1500 4782 1588 4836 διὰ
1609 4763 1704 4838 τοῦ

163 4857 334 4925 εἰπεῖν,
371 4881 390 4915 ι
422 4862 677 4938 Έκάστῳ
711 4868 910 4924 δίδοται
939 4872 971 4942 ἡ
1003 4875 1308 4945 φανέρωσις
1324 4875 1420 4928 τοῦ
1450 4876 1704 4948 Πνεῦμα·

161 4962 257 5012 τος.
285 4972 302 5004 ι
333 4955 466 5010 ἀλλὰ
494 4960 592 5012 καὶ
619 4959 708 5012 διὰ
738 4962 834 5030 τῆς
855 4964 1054 5034 ἑφεξῆς
1089 4965 1198 5019 τῶν
1224 4968 1575 5038 χαρισμάτων
1600 4970 1707 5023 άπ-

163 5041 510 5114 αριθμήσεως.
535 5048 721 5103 Πάντα
736 5050 844 5123 γὰρ
877 5051 966 5106 διὰ
989 5053 1083 5107 τοῦ
1112 5055 1427 5126 Πνεύματος
1464 5055 1701 5111 δίδοσθαι

161 5126 479 5193 διατείνειαι,
541 5139 649 5193 Kal
714 5142 1277 5215 συγκεφαλαιούμενος
1335 5147 1499 5202 πάλιν
1530 5148 1702 5217 λέγει’

167 5237 183 5269 ί
209 5223 377 5280 Πάντα
404 5228 461 5282 δὲ
486 5227 661 5284 ταῦτα
689 5232 750 5286 τὸ
771 5232 831 5287 ἓν
862 5236 958 5289 καὶ
996 5237 1057 5291 τὸ
1085 5239 1219 5292 αὐτὸ
1269 5238 1494 5310 Πνεῦμα
1549 5241 1705 5311 ἐνερ-

162 5314 287 5377 yet.»
320 5318 478 5373 Ὥστε
518 5324 751 5395 φανερὸν
781 5327 862 5380 ὅτι
912 5328 974 5382 τὸ
1023 5332 1287 5400 πανάγιον
1330 5330 1574 5403 Πνεῦμα,
1606 5331 1705 5385 καὶ

163 5403 344 5496 λίύρισν
378 5414 631 5468 καὶθεὺν
656 5415 924 5491 λαμπρῶς
947 5422 1040 5474 καὶ
1074 5421 1371 5496 διαρρήδην
1414 5423 1646 5477 ἐνταῦθα
1673 5425 1701 5477 δ

164 5493 288 5562 θεῖος
316 5501 531 5566 Παῦλος
556 5504 813 5577 θεολογεί.
847 5510 909 5563 Ei
935 5510 993 5565 δέ
1021 5529 1104 5578 τις
1124 5493 1336 5586 τὸμὲν*
1363 5514 1586 5586 Πνεῦμα
1609 5515 1703 5568 ἐπὶ

161 5586 242 5639 τοῦ
271 5591 421 5661 ἁγίου
470 5597 788 5679 Πνεύματος
832 5603 1070 5672 ὲκ).ἀ6οι,
1126 5607 1189 5660 τὸ
1230 5606 1285 5660 δὲ
1343 5608 1560 5677 Κύριος
1606 5607 1702 5662 καὶ

164 5679 311 5769 Θεὸς,
332 5687 391 5737 τὸ
434 5689 681 5756 μένε’-ἐπὶ
712 5691 807 5744 τοῦ
840 5694 985 5760 Υῐοῦ,
1034 5697 1093 5749 τὸ
1120 5697 1184 5751 δὲ
1216 5699 1306 5753 ἐπὶ
1325 5697 1419 5751 τοῦ
1466 5699 1698 5769 Πατρδς,

162 5767 243 5821 καὶ
263 5770 425 5836 οὕτως
476 5777 623 5831 οὐδὲν
647 5774 809 5850 ἧττον
843 5785 876 5853 ἦ
901 5801 959 5837 τε
1000 5787 1258 5860 κυριότης
1288 5788 1381 5842 καὶ
1419 5790 1453 5858 ή
1511 5767 1700 5860 θεδτης

1810 3317 2045 3373 centiam
2099 3319 2394 3376 ostendens
2446 3323 2751 3395 largitionis
2796 3342 2812 3380 :
2870 3328 3169 3387 ministeria
3223 3350 3376 3399 vero,

1810 3409 2015 3466 docens
2057 3409 2141 3466 his
2183 3426 2293 3466 non
2323 3410 2523 3469 debere
2551 3415 2738 3470 extolli
2769 3430 2864 3473 eos
2899 3420 2992 3488 qui
3027 3436 3377 3495 acceperunt,

1811 3500 1904 3553 sed
1938 3516 2063 3556 cum
2098 3501 2492 3570 moderatione,
2528 3505 2809 3576 animique
2841 3511 3110 3568 modestia
3142 3530 3284 3580 esse.
3318 3530 3380 3574 ut

1809 3592 1901 3660 qui
1930 3592 2000 3649 ad
2028 3593 2353 3665 obsequium
2385 3611 2451 3652 ac
2485 3597 2852 3655 ministerium
2886 3605 3255 3671 proximorum
3287 3627 3381 3666 vo-

1809 3684 1916 3739 cati
1957 3694 2325 3756 assequantur
2358 3688 2498 3743 bona
2544 3692 2859 3760 praesentia.
2911 3692 3153 3752 Rursum
3197 3712 3379 3758 autem

1810 3777 2154 3846 operationes
2198 3777 2354 3846 dicit,
2392 3780 2567 3850 ipsam
2610 3782 2927 3853 signiﬁcans
2972 3790 3263 3848 actionem.
3318 3797 3381 3850 lit

1809 3867 2095 3921 considera
2129 3866 2420 3938 diligenter
2456 3886 2564 3941 quo
2602 3872 2766 3928 modo
2805 3878 3207 3934 sanctissimum
3255 3881 3379 3953 Spi-

1809 3957 1975 4012 ritum
2008 3967 2193 4028 aperte
2223 3959 2391 4014 Deum
2422 3977 2487 4017 ac
2525 3961 2815 4020 Dominum
2849 3970 3244 4036 prmdicaverit.
3280 3974 3375 4029 Di-

1807 4065 1937 4106 cens
1965 4051 2111 4105 enim
2147 4071 2160 4106 :
2196 4071 2214 4105 ι
2255 4052 2560 4125 Divisiones
2589 4065 2772 4113 autem
2806 4059 3071 4117 donorum
3098 4074 3245 4131 sunt,
3284 4071 3380 4124 sed

1807 4141 1948 4198 idem
1982 4141 2242 4214 Spiritus,
2283 4163 2303 4198 ι
2341 4154 2395 4201 ct
2430 4162 2648 4202 rursum
2689 4149 2757 4205 de
2794 4166 2960 4222 opere
2990 4155 3327 4229 subjungens
3361 4179 3375 4213 :

1815 4252 1834 4287 ι
1869 4234 1935 4290 Et
1964 4235 2264 4293 divisiones
2290 4238 2720 4296 ministeriorum
2752 4252 2903 4311 sunt,
2934 4245 3074 4301 idem
3109 4263 3241 4304 vero
3273 4249 3381 4306 Do-

1807 4328 2024 4394 minus;
2064 4348 2085 4382 ι
2123 4330 2324 4387 deinde
2365 4331 2418 4386 in
2459 4332 2649 4389 eadem
2680 4335 2858 4391 adhuc
2887 4352 3118 4395 manens
3153 4350 3380 4397 senten-

1807 4422 1904 4487 tia,
1939 4422 2031 4476 ubi
2062 4422 2198 4477 dixit
2233 4439 2248 4476 :
2288 4440 2309 4475 ι
2344 4422 2411 4478 Et
2452 4425 2752 4483 divisiones
2798 4429 3181 4499 operationum
3225 4444 3376 4498 sunt,

1730 4540 1783 4600 Ι)
1810 4513 1905 4568 sed
1944 4513 2082 4568 idem
2116 4524 2201 4570 est
2238 4513 2423 4583 Deus;
2467 4516 2631 4573 simul
2669 4519 2725 4574 in
2761 4536 2930 4576 unum
2972 4522 3253 4595 conjungit
3291 4525 3378 4581 di-

1807 4620 1940 4661 cens
1966 4624 1979 4660 :
2012 4624 2031 4657 ι
2065 4602 2374 4679 Unicuique
2402 4624 2530 4666 vero
2557 4611 2717 4666 datur
2744 4612 3114 4669 manifestatio
3139 4615 3377 4686 Spiritus

1807 4695 1877 4751 ad
1912 4696 1970 4751 id
2000 4698 2145 4767 quod
2186 4698 2447 4770 expedit;
2482 4718 2502 4751 ι
2545 4702 2841 4759 ostendens
2878 4705 3024 4775 quod
3061 4717 3115 4761 et
3152 4707 3294 4765 Deus
3323 4721 3379 4765 et

1811 4788 2072 4846 Dominus
2130 4790 2362 4862 Spiritui
2416 4801 2608 4849 sancto
2664 4786 2953 4864 aptaverit.
3023 4798 3375 4873 Quazcunque

1804 4884 1950 4938 enim
1984 4884 2257 4954 praedixit,
2300 4883 2355 4937 in
2393 4883 2633 4954 Spiritus
2666 4901 2955 4954 personam
2994 4891 3220 4959 clausit,
3264 4911 3376 4952 non

1805 4992 1871 5029 ex
1901 4991 1966 5030 eo
1993 4977 2169 5031 solum
2201 4976 2348 5047 quod
2384 4978 2522 5033 dixit
2556 4996 2570 5034 :
2613 4996 2631 5030 ι
2665 4976 2970 5051 Unicuique
3000 4983 3163 5040 datur
3195 4991 3375 5044 mani-

1803 5064 2025 5123 festatio
2050 5065 2315 5138 Spiritus,
2341 5089 2360 5122 ι
2390 5084 2577 5125 verum
2609 5070 2772 5126 etiam
2806 5087 2904 5141 per
2931 5086 3247 5146 sequentem
3274 5081 3376 5137 do-

1806 5173 2003 5213 norum
2037 5160 2528 5215 enumerationem.
2572 5159 2708 5215 Nam
2755 5163 2941 5219 omnia
2968 5181 3064 5236 per
3110 5168 3372 5238 Spiritum

1802 5251 1922 5304 dari
1950 5261 2232 5305 asseverat
2264 5267 2278 5303 :
2313 5267 2641 5322 rursumque
2683 5254 2737 5309 in
2780 5269 3073 5325 summam,
3097 5262 3368 5333 redigens,

1803 5340 1879 5394 ait
1923 5356 1937 5392 :
1988 5359 2005 5392 ι
2040 5341 2168 5396 Ηαισ
2209 5348 2388 5396 autem
2425 5344 2607 5423 omnia
2642 5354 2902 5416 operatur
2942 5364 3083 5404 unus
3120 5350 3372 5421 idemque

1806 5430 2063 5501 Spiritus.
2100 5449 2118 5483 ι
2155 5430 2506 5489 Manifestum
2550 5434 2737 5505 itaque
2779 5447 2865 5493 est
2903 5439 3047 5507 quod
3088 5442 3374 5498 sanctissi-

1804 5536 1952 5575 mum
1991 5513 2274 5592 Spiritum,
2309 5522 2477 5579 Deum
2526 5539 2590 5578 ac
2631 5524 2925 5581 Dominum
2959 5542 3104 5592 esse,
3141 5528 3290 5584 clare
3316 5541 3374 5587 et

1802 5618 1989 5680 aperte
2027 5610 2131 5665 hoc
2160 5611 2282 5667 loco
2320 5613 2478 5670 divus
2511 5615 2717 5669 Paulus
2751 5615 3010 5670 divinitus
3047 5621 3371 5678 asseruerit.

1801 5701 1956 5767 Quod
1982 5702 2028 5757 si
2054 5703 2178 5774 quis
2209 5703 2470 5775 Spiritum
2497 5706 2716 5776 quidem
2743 5705 2809 5760 ad
2833 5704 3093 5775 Spiritum
3117 5717 3373 5767 sanctum

1802 5791 2006 5848 referat
2044 5812 2059 5849 :
2094 5793 2388 5851 Dominam
2435 5809 2565 5852 vero
2600 5809 2662 5849 ac
2710 5793 2899 5861 Deum,
2945 5795 3075 5850 illud
3119 5810 3255 5858 sane
3303 5803 3376 5859 ad
