3872 6566
520 444 637 513 819

1568 444 1931 508 (ECUMENI
1938 444 1965 503 Ι
2004 442 2293 505 TRICC/E
2332 442 2673 502 EPISCOPI
3588 452 3685 518 δῖοι

521 568 626 628 est,
661 573 994 630 cognoscere
1034 559 1159 630 quis
1198 559 1270 615 sit
1306 559 1676 631 propheta,‘et
1706 557 1959 629 quisnam
1990 556 2079 611 fal-

2191 553 2644 626 ψευδοπροφήτης
2676 594 2690 619 ,
2739 552 2821 615 τίς
2859 554 2886 607 ὁ
2934 553 3311 624 πνευματικὴ,
3344 555 3428 610 καὶ
3474 558 3584 624 eleb
3615 567 3670 636 μὴ

521 665 619 707 sus
650 650 939 722 propheta,
963 650 1087 723 quis
1114 651 1414 721 spiritualis
1442 659 1495 707 ct
1523 652 1647 723 quis
1676 651 1803 707 talis
1838 667 1946 705 non
1974 650 2084 704 sit:

522 741 966 811 quandoquidem
996 755 1060 796 eo
1084 750 1329 813 tempore
1366 749 1519 798 vates
1548 756 1767 811 quoque
1803 749 1961 797 erant
1991 755 2087 794 seu

521 831 861 888 divinatores
892 831 987 903 qui
1023 832 1339 890 hominibus
1388 834 1761 904 imponebant.
1815 852 1833 884 ι
1870 831 2086 888 Genera

518 922 855 993 linguarum.
902 942 922 977 ι
970 924 1085 980 lloc
1134 925 1504 998 Opinabautur
1553 925 1825 982 Corinthii
1876 925 2088 980 caeteris

516 1026 640 1066 esse
683 1015 1056 1083 praestantius,
1086 1033 1154 1072 eo
1195 1019 1339 1088 quod
1374 1019 1507 1074 illud
1540 1029 1666 1075 ante
1703 1019 1886 1075 omnia
1926 1034 2087 1073 acce-

516 1104 729 1171 pissent
768 1108 1023 1177 apostoli.
1071 1127 1090 1160 s
1120 1109 1519 1181 lnterprelatio.
1552 1113 1887 1182 linguarum.
1921 1130 1942 1167 ι
1993 1111 2087 1171 Vel

515 1196 662 1263 quod
695 1196 823 1253 dum
857 1200 949 1254 alii
990 1200 1192 1270 linguis
1232 1202 1590 1272 loquerentur
1627 1204 1717 1259 isti
1760 1206 2083 1277 interpreta-

521 1291 741 1356 bantur,
775 1291 858 1346 vel
894 1293 1041 1362 quod
1070 1310 1174 1348 una
1212 1310 1428 1365 quoque
1458 1296 1811 1366 loquerentur
1837 1306 1890 1352 et
1917 1297 2086 1353 inter-

514 1388 889 1447 pretarentur,
923 1385 1070 1453 quod
1107 1382 1288 1440 facere
1328 1399 1436 1441 non
1470 1394 1722 1457 poterant
1752 1386 1845 1458 qui
1883 1387 2085 1456 linguis

515 1480 727 1526 tantum
760 1473 1148 1545 loquebantur.

586 1560 702 1631 XII,
756 1566 845 1627 il.
893 1568 978 1623 12,
1035 1567 1227 1625 Omnia
1273 1580 1447 1626 autent
1495 1572 1605 1626 Iure
1657 1583 1906 1643 operatur
1949 1590 2084 1629 unus

514 1655 755 1725 idemque
796 1657 1064 1727 Spiritus,
1121 1660 1358 1717 dividens
1411 1664 1752 1732 peculiariter
1802 1666 2086 1736 unicuique

512 1746 654 1802 sicut
685 1749 815 1805 uult.
844 1751 1297 1817 Quemadmodum
1335 1757 1473 1811 enim
1504 1772 1689 1827 corpus
1721 1776 1884 1814 unum
1923 1769 2000 1814 est
2034 1769 2085 1815 et

518 1839 754 1896 membra
792 1844 946 1900 habet
982 1847 1177 1915 multa,
1219 1851 1395 1904 omnia
1440 1862 1615 1905 autem
1654 1855 1809 1909 unius
1848 1856 2083 1923 corporis

2197 644 2457 709 τοιοῦτος.
2501 645 2719 718 Ἐπειδὴ
2767 646 2862 699 καὶ
2920 645 3139 717 μάντεις
3179 643 3314 719 ἦσαν
3365 652 3472 703 κατ’
3515 652 3670 709 iusim

2194 736 2286 789 τὸν
2319 736 2511 807 καιρὸν
2566 738 2694 800 τοὺς
2743 735 3062 807 ἀνθρώπους
3118 736 3487 804 ἐξαπατῶντες.
3528 760 3545 794 ι
3571 743 3673 816 Γένη

2195 827 2477 897 γλωσσῶν.
2503 847 2519 879 ι
2552 828 2723 882 Τοῦτο
2740 828 2990 898 ἐνόμιζον
3009 828 3059 881 οἱ
3087 827 3353 898 Κορίνθιοι
3383 831 3542 900 μεῖζον
3574 830 3675 890 εἶναι

2194 919 2436 983 πάντων,
2474 918 2560 972 διὰ
2593 919 2653 972 τὸ
2688 920 2747 972 ἐν
2789 919 3028 991 πρώτοις
3056 919 3210 972 τοῦτο
3250 919 3423 974 λαϐεῖν
3447 923 3550 986 τοὺς
3579 917 3675 979 ἀτο-

2196 1012 2434 1075 στόλους·
2461 1031 2480 1062 ε
2502 1009 2829 1082 Ἐρμηνείαν
2852 1010 3135 1081 γλωσσῶν.
3159 1012 3257 1065 »Ἢ
3283 1011 3357 1065 ὅτι
3388 1012 3559 1084 ἑτέρων
3575 1017 3676 1082 γλώσ

2195 1119 2351 1165 amt;
2380 1102 2708 1169 λαλούντων,
2742 1096 2889 1157 οῦτοι
2918 1103 3246 1174 ὴρμήνευον,
3279 1102 3311 1172 ἢ
3341 1104 3415 1156 ὅτι
3458 1106 3538 1157 καὶ
3579 1110 3676 1175 pati

2191 1194 2286 1248 τοῦ
2320 1192 2515 1262 λαλεῖν,
2542 1196 2634 1248 καὶ
2668 1197 2993 1266 ἡρμήνευον,
3022 1196 3158 1264 ὅπερ
3178 1194 3277 1248 οὐκ
3318 1193 3483 1265 ἴσχυον
3510 1197 3677 1268 ποιῆσαι

2191 1286 2241 1340 οε
2274 1287 2551 1357 γλώσσαις
2585 1288 2744 1360 μόνον
2770 1287 3079 1352 λαλοῦντες.

2259 1569 2465 1626 Πάντα
2523 1570 2593 1626 δὲ
2644 1570 2830 1626 ταῦτα
2872 1567 3107 1639 ἐνεργεῖ
3136 1566 3203 1622 τὸ
3241 1565 3310 1621 ἓν
3353 1566 3443 1621 και
3488 1565 3542 1620 τὸ
3571 1567 3675 1620 αὐτὸ

2189 1662 2457 1733 Πνεῦμα,
2498 1661 2768 1732 διαιροῦν
2792 1660 2912 1729 ἰδίᾳ
2939 1659 3174 1729 ἑκάστῳ
3222 1657 3405 1722 καθὼς
3430 1657 3674 1722 βούλεται.

2188 1752 2465 1823 Καθάπερ
2498 1754 2607 1823 γὰρ
2630 1754 2696 1808 τὸ
2724 1751 2897 1824 σῶμα
2918 1753 2989 1808 ἓν
3004 1753 3159 1816 ἐστι,
3183 1750 3279 1806 καὶ
3295 1749 3439 1820 μέλη
3461 1751 3561 1818 ἔχει
3579 1754 3678 1804 πολ-

2189 1845 2290 1912 λὰ,
2312 1845 2508 1901 πάντα
2530 1846 2599 1900 δὲ
2621 1847 2695 1901 τὰ
2717 1845 2874 1917 μέλη
2902 1845 3011 1900 τοῦ
3036 1843 3306 1914 σώματος
3324 1843 3424 1896 τοῦ
3444 1842 3558 1908 ἐνὸς
3576 1846 3679 1896 κολ-

514 1935 773 2003 membra,
812 1952 931 1990 cum
960 1937 1127 1993 multa
1158 1941 1282 2007 sint,
1316 1958 1478 1996 unum
1509 1955 1630 1998 sunt
1661 1960 1848 2016 corpus
1879 1961 1897 2001 :
1929 1949 2005 2001 sic
2036 1957 2079 2003 et

2186 1941 2267 1996 λὰ
2299 1940 2444 1995 ὄντα
2472 1939 2544 1995 ἓν
2576 1940 2709 1996 ἐστι
2738 1939 2933 2011 σῶμα,
2963 1939 3152 2005 οὕτως
3185 1938 3283 1994 καὶ
3305 1941 3337 1991 d
3367 1935 3597 2007 Χριστὸς.

514 2022 779 2082 Christus.

466 2184 469 2185 ν
583 2113 820 2189 Propter
848 2135 943 2179 eos
977 2121 1069 2192 qui
1105 2122 1343 2196 Spiritus
1377 2124 1722 2183 divinitatem
1761 2128 2087 2201 impugnant

510 2209 913 2270 animadverte.
980 2214 1119 2271 Nam
1173 2217 1252 2273 illi
1304 2219 1470 2291 impie
1517 2231 1773 2278 asserunt
1817 2221 2083 2293 Spiritum

513 2306 768 2357 sanctum
803 2318 835 2360 a
866 2303 1027 2361 Patre
1072 2305 1275 2363 factum
1311 2323 1454 2365 esse.
1504 2312 1574 2365 At
1614 2311 1745 2367 hinc
1785 2313 2085 2384 perspicito

514 2393 781 2463 Spiritum
834 2406 1083 2454 sanctum
1132 2416 1243 2456 non
1292 2417 1416 2458 esse
1462 2403 1669 2474 aliquid
1714 2419 1907 2461 eorum
1962 2421 2087 2478 quae

513 2486 670 2552 nunt,
708 2488 801 2545 sed
843 2506 965 2560 qua:
1006 2489 1213 2548 faciunt
1261 2512 1275 2548 :
1323 2494 1488 2565 idque
1536 2505 1798 2567 tanquam
1843 2496 1986 2555 Dens
2020 2513 2086 2555 ac

511 2578 783 2635 Dominus
824 2591 879 2637 et
924 2585 1147 2655 prOpria
1200 2586 1463 2656 potentia.
1520 2587 1710 2643 Simile
1751 2604 1971 2660 quoque
2001 2598 2086 2646 est

512 2671 661 2740 quod
687 2672 797 2728 alio
819 2673 944 2730 loco
973 2675 1151 2733 dicit.-
1185 2697 1203 2730 ι
1230 2678 1464 2748 Spiritus
1494 2679 1587 2734 ubi
1618 2679 1734 2734 vult
1759 2681 1948 2751 spirat.
1969 2702 1987 2735 ι
2013 2713 2086 2723 -

520 2778 541 2810 σ
569 2760 1042 2827 Quemadmodum
1072 2768 1216 2823 enim
1243 2784 1440 2840 corpus
1474 2785 1640 2825 unum
1668 2771 1855 2825 est'“.
1878 2772 1989 2827 sAh
2017 2785 2086 2828 eo

512 2853 661 2921 quod
719 2857 864 2912 circa
917 2873 1118 2931 corpus
1168 2863 1408 2927 accidit,
1458 2879 1557 2935 per
1609 2864 1918 2935 exemplum
1965 2866 2085 2922 vult

512 2944 802 3002 ostendere
850 2948 999 3017 quod
1051 2964 1246 3008 omnes
1297 2969 1467 3009 unum
1515 2955 1712 3022 simus,
1765 2971 2080 3028 quanquam

511 3034 666 3090 varia
706 3036 1005 3096 habeamus
1037 3042 1201 3098 dona.
1236 3043 1291 3099 Si
1326 3061 1455 3117 ergo
1494 3062 1662 3103 unum
1698 3064 1914 3116 sumus,
1941 3064 2083 3120 quo-

511 3127 676 3183 modo
711 3129 821 3200 jam
866 3133 1067 3188 rationi
1112 3136 1395 3194 coniorme
1432 3140 1559 3205 erit,
1600 3146 1660 3194 ut
1699 3141 1973 3212 quispiam
2015 3141 2084 3199 de

2259 2125 2359 2180 Διὰ
2385 2126 2515 2191 τοὺς
2573 2123 3064 2198 Μευματομάχους
3119 2120 3420 2192 σημείωσαι
3462 2119 3514 2172 τὸ
3546 2117 3673 2189 ῥητόν.
3772 2175 3783 2191 ,

2200 2216 2427 2272 Ἐκεῖνοι
2455 2217 2564 2291 γὰρ
2598 2218 2829 2282 ἀνοσίως
2878 2216 3046 2287 φασὶ,
3091 2213 3190 2269 καὶ
3241 2212 3300 2266 τὸ
3350 2212 3489 2280 ἅγιον
3514 2210 3676 2278 Πνεῦμα

2185 2309 2529 2378 ἐνεργεῖσθαι
2557 2308 2711 2381 παρὰ
2736 2307 2831 2362 τοῦ
2858 2306 3093 2378 Πατρός.
3143 2304 3305 2361 Ἀλλὰ
3328 2302 3465 2357 ἐνθεν
3492 2303 3588 2369 ὅρα,
3619 2303 3675 2353 ὅτι

2186 2401 2248 2454 οὐ
2292 2400 2398 2453 τῶν
2449 2397 2882 2470 ἐνεργουμένων,
2919 2396 3057 2451 ἀλλὰ
3093 2396 3206 2449 τῶν
3243 2393 3567 2465 ἐνεργούντων
3596 2390 3675 2443 ἐστὶ

2184 2487 2249 2544 τὸ
2281 2487 2507 2561 Πνεῦμα
2526 2489 2589 2542 τὸ
2619 2489 2795 2558 ἆγιον,
2822 2484 3161 2549 δεσποτικῶς
3182 2483 3274 2538 καὶ
3303 2480 3497 2546 θεῖκῶς.
3518 2481 3590 2535 καὶ
3610 2480 3673 2533 σῦς

2184 2582 2519 2652 τοδυνάμως.
2546 2581 2773 2652 Ὅμοιον
2801 2580 2896 2633 καὶ
2921 2576 3162 2648 ἀλλαχοῦ
3200 2592 3353 2646 φησι,
3391 2574 3483 2627 «Τὸ
3518 2569 3672 2639 πνεῦμα

2185 2676 2322 2730 ὅπου
2372 2674 2515 2728 θέλει
2570 2675 2714 2727 πνεῖ.
2756 2690 2878 2724 ι-ι
2917 2671 3191 2741 Καθάπερ
3241 2668 3347 2740 γὰρ
3385 2665 3440 2720 τδ
3481 2662 3672 2745 σῶραηέν

2185 2767 2324 2821 ἐστι.
2357 2783 2378 2819 ι
2420 2766 2554 2819 Ἀπδ
2581 2764 2677 2819 τοῦ
2706 2764 2838 2835 περὶ
2870 2763 2931 2818 τδ
2968 2762 3131 2833 σῶμα
3164 2759 3566 2833 παραδείγματος
3587 2754 3671 2823 βού-

2184 2859 2334 2914 λεται
2363 2860 2554 2925 δεῖξαι,
2581 2859 2668 2912 δτι
2726 2857 2931 2921 πάντες
2972 2856 3034 2910 ἓν
3080 2857 3273 2927 ἐσμεν,
3305 2855 3351 2906 εἰ
3401 2851 3485 2906 καὶ
3509 2847 3671 2914 διάφορα

2183 2955 2381 3027 ἔχομεν
2406 2954 2740 3026 χαρίσματα.
2774 2952 2838 3006 Εἰ
2869 2950 2963 3005 οὖν
2993 2951 3056 3005 ἓν
3078 2950 3273 3020 ἐσμεν,
3302 2946 3399 3000 ποῦ
3430 2940 3670 3009 λοιπδνέχει

2183 3047 2344 3118 λόγον
2371 3047 2433 3101 τὸ
2460 3046 2590 3118 περὶ
2640 3044 2909 3115 διαφορᾶς
2964 3041 3324 3114 χαρισμάτων
3367 3030 3670 3105 περιφέρεσθαι

2183 3141 2281 3196 καὶ
2308 3139 2701 3209 λογοπραγεϊν;
2727 3155 2744 3188 ι
2763 3135 2941 3189 Πολλὰ
2957 3133 3106 3198 ὅντα,
3140 3133 3203 3187 ἓν
3221 3133 3336 3185 ἐστι
3362 3129 3517 3199 σῶμα.
3538 3145 3554 3178 ι
3574 3126 3670 3178 Πάν·

511 3219 786 3276 «ποιιοιοοηι
819 3224 1137 3283 diversitate
1174 3236 1320 3284 erret
1354 3239 1449 3285 aut
1478 3231 1644 3288 verba
1677 3232 1882 3289 faciat?
1923 3234 2079 3308 550

2186 3253 2253 3289 τα
2285 3234 2395 3305 γὰρ
2429 3230 2497 3285 τὰ
2517 3230 2653 3302 μέλη
2687 3228 2935 3283 συντελεῖ
2961 3228 3043 3293 εἰς
3074 3226 3134 3281 τδ
3169 3222 3377 3281 εἶναιὲν
3415 3221 3493 3275 καὶ

519 3331 538 3360 σ
571 3310 705 3367 Cum
754 3316 927 3370 multa
970 3318 1102 3386 sint,
1151 3336 1323 3376 unum
1367 3329 1498 3378 sunt
1534 3337 1759 3395 corpus.
1799 3344 1820 3379 ι
1873 3324 2079 3382 Cuncta

2190 3344 2282 3401 ρον
2309 3327 2371 3380 τδ
2419 3325 2599 3396 σῶμα.
2638 3343 2657 3377 ι
2683 3323 2872 3386 Οὕτως
2913 3320 3010 3376 καὶ
3059 3321 3087 3373 ὁ
3132 3318 3386 3390 Χριστὸς.
3411 3335 3427 3368 ι
3454 3345 3496 3355 -
3531 3308 3669 3384 [φιτ]

509 3404 712 3459 etenim
746 3407 988 3463 membra
1017 3410 1223 3481 aliquid
1248 3413 1541 3471 conferunt
1567 3415 1635 3471 ad
1668 3416 1793 3485 hoc,
1824 3426 1883 3473 ut
1910 3435 2082 3475 unum

510 3509 575 3547 ac
607 3495 877 3567 integrum
910 3499 982 3554 sit
1006 3515 1227 3572 corpus.
1271 3523 1291 3556 ε
1321 3504 1414 3561 Sic
1438 3516 1491 3562 et
1509 3504 1782 3566 Christus.
1814 3527 1833 3561 ι
1867 3507 1965 3574 lta,
2001 3511 2085 3566 in-

511 3587 651 3653 quit,
702 3598 756 3644 et
799 3590 1054 3648 Christus
1108 3594 1277 3649 multa
1329 3596 1550 3667 quidem
1599 3598 1765 3660 habet
1809 3601 2081 3668 membra,

512 3694 711 3752 nempe
753 3683 1000 3753 singulos
1046 3684 1256 3751 ﬁdeles,
1299 3704 1469 3745 unum
1511 3705 1640 3747 vero
1683 3706 1906 3765 corpus,
1949 3702 2079 3764 puta

514 3770 770 3830 Ecclesia:
810 3777 1275 3835 communionem.
1320 3781 1402 3838 Ex
1444 3783 1634 3841 multis
1673 3785 1818 3840 enim
1858 3800 2083 3855 compo-

2187 3420 2397 3485 Οὕτως,
2430 3418 2615 3489 φησὶν,
2644 3418 2674 3471 ὁ
2700 3415 2958 3488 Χριστὸς,
2988 3412 3162 3468 πολλὰ
3196 3411 3293 3482 μὲν
3330 3409 3433 3482 ἔχει
3459 3403 3569 3478 μέλη
3587 3402 3670 3463 τοδί

2184 3514 2308 3569 καθ’
2332 3513 2585 3573 ἕκαστον,
2615 3509 2674 3562 ἓν
2699 3508 2755 3563 δὲ
2792 3505 3056 3578 σῶματὴν
3077 3504 3363 3570 κοινότητα
3387 3499 3476 3570 τῆς
3506 3493 3668 3561 Ἐκκλη-

2185 3602 2327 3664 σίας.
2378 3600 2472 3654 Ἐκ
2496 3598 2605 3671 γὰρ
2645 3595 2859 3651 πολλῶν
2908 3595 3270 3665 συγκειμένη,
3302 3590 3360 3645 ἓν
3384 3589 3493 3642 ἐστι
3543 3582 3667 3671 σῶμα,

2186 3692 2431 3763 κεφαλὴν
2447 3689 2645 3762 ἔχουσα
2663 3685 3028 3759 τδνξΧριστδν,
3057 3683 3133 3750 ὡς
3150 3679 3294 3739 εἶναι
3313 3680 3407 3753 τὴν
3424 3670 3669 3743 Ἐκκλησίαν

2188 3786 2283 3841 καὶ
2313 3784 2402 3839 τδν
2430 3782 2666 3853 Χριστὸν
2686 3780 2746 3835 ἒν
2773 3777 3059 3842 αὐτοτελὲς
3088 3776 3274 3847 σῶμα.

511 3863 640 3929 sita,
677 3879 843 3920 unum
880 3876 967 3922 est
1010 3883 1210 3941 corpus
1249 3870 1455 3931 habens
1490 3880 1656 3945 caput
1683 3872 1987 3942 Christum,
2020 3883 2082 3930 ut
2118 3872 2192 3930 sit
2229 3872 2475 3930 Ecclesia
2510 3879 2564 3927 et
2603 3867 2862 3925 Christus
2895 3882 3064 3922 unum
3146 3874 3203 3922 et
3238 3863 3377 3919 idem
3444 3856 3670 3928 periodum

511 3976 736 4032 corpus.

582 4053 697 4124 XII,
739 4056 928 4113 15-20.
972 4056 1180 4115 Etenim
1214 4078 1309 4133 per
1339 4079 1501 4119 unum
1536 4063 1800 4137 Spiritum
1836 4084 1930 4124 nos
1970 4085 2084 4124 om-

508 4162 599 4201 nes
639 4147 691 4202 in
735 4165 897 4203 unum
935 4167 1127 4219 corpus
1164 4153 1423 4223 baptizati
1460 4172 1643 4211 sumus
1681 4173 1702 4213 :
1742 4159 1850 4214 sive
1883 4158 2082 4226 Judaei,

506 4239 613 4293 sive
650 4237 839 4304 Gnaei,
869 4244 977 4298 sive
1016 4246 1173 4310 serui,
1216 4246 1322 4302 sive
1360 4247 1531 4315 liberi,
1558 4258 1609 4304 et
1638 4265 1815 4306 omnes
1847 4267 1951 4306 uno
1985 4269 2080 4318 po-

507 4331 628 4385 culo
664 4332 826 4404 rigati
864 4350 1047 4391 sumus
1079 4338 1134 4391 in
1164 4354 1328 4393 unum
1358 4340 1629 4410 spiritum.
1663 4339 1931 4415 Siquidem
1958 4360 2078 4399 cor-

506 4439 608 4492 pus
648 4441 751 4479 non
793 4436 867 4481 est
914 4443 1079 4481 unum
1122 4430 1433 4498 membrum,
1468 4431 1559 4488 sed
1604 4432 1792 4490 multa.
1840 4433 1900 4491 Si
1932 4435 2076 4491 dicat

2256 4063 2365 4119 Kal
2395 4061 2507 4133 γὰρ
2548 4060 2619 4114 ἐν·
2642 4058 2734 4114 ἐνὶ
2760 4057 3062 4127 Πνεύματι
3098 4053 3274 4125 ἡμεῖς
3327 4050 3526 4114 πάντες
3550 4041 3672 4109 εὶςέν

2179 4157 2351 4227 σῶμα
2380 4154 2847 4222 ἐϐαπτίσθημεν,
2889 4151 3011 4205 εἶτε
3044 4147 3343 4215 Ἰουδαῖοι,
3375 4143 3483 4199 εἴτε
3508 4138 3669 4227 Ἐλλη-

2176 4224 2301 4315 req,
2325 4247 2447 4301 εἴτε
2489 4245 2723 4309 δοῦλοι,
2775 4244 2896 4298 εἴτε
2935 4242 3261 4310 ἐλεύθεροι,
3290 4237 3385 4293 καὶ
3413 4234 3595 4294 πάντες

2175 4313 2341 4409 πόμα
2389 4336 2816 4404 ἐποτίσθημεν,
2848 4336 2937 4399 εις
2984 4331 3055 4387 ἓν
3093 4330 3350 4399 πνεῦμα.
3399 4324 3495 4381 Καὶ
3527 4320 3611 4390 γὰρ
3626 4313 3668 4367 τὸ

2174 4430 2346 4499 σῶμα
2368 4430 2480 4483 οὐκ
2508 4428 2679 4483 ἔστιν
2696 4425 2767 4481 ἐν
2793 4426 3000 4495 μέλος,
3028 4423 3190 4479 ἀλλὰ
3211 4418 3425 4475 πολλά.
3445 4413 3564 4470 Ἐὰν
3578 4409 3669 4469 εἶτα

503 4531 593 4584 pes
633 4532 654 4571 :
695 4514 827 4573 Cum
867 4535 970 4573 non
1009 4521 1113 4574 sim
1155 4537 1363 4587 manus,
1400 4540 1502 4579 non
1547 4542 1666 4580 sum
1704 4525 1770 4581 de
1810 4545 2074 4595 corpore:

2186 4526 2213 4578 ό
2237 4521 2411 4586 ποῦς,
2432 4520 2521 4574 ὅτι
2536 4522 2660 4573 Οὐκ
2675 4518 2793 4588 εἰμὶ
2813 4517 2963 4587 χεὶρ,
2984 4519 3095 4572 οὐκ
3111 4515 3234 4586 ειμι
3252 4515 3319 4568 ἐκ
3334 4510 3436 4566 τοῦ
3451 4506 3670 4601 adium-oc:

505 4620 635 4659 num
664 4605 861 4660 ideirco
889 4621 992 4659 non
1022 4616 1098 4660 est
1126 4608 1188 4661 de
1218 4612 1481 4672 corpore?
1518 4610 1586 4666 Et
1624 4613 1671 4668 si
1696 4612 1840 4669 dicat
1869 4619 2016 4672 auris
2053 4634 2071 4671 :

506 4693 640 4749 Cum
677 4713 779 4750 non
829 4696 931 4751 sim
976 4697 1181 4764 oculus,
1206 4715 1309 4753 non
1358 4715 1473 4755 sum
1524 4703 1587 4757 de
1635 4719 1851 4774 corpore
1892 4722 1910 4760 :
1948 4722 2073 4763 num

504 4788 699 4841 idcirco
729 4804 834 4841 non
864 4795 941 4842 est
976 4789 1040 4842 de
1075 4792 1327 4857 corpore?
1355 4789 1416 4845 Si
1454 4800 1622 4847 totum
1656 4809 1843 4864 corpus
1870 4797 2072 4861 acutus,

505 4881 596 4931 ubi
622 4881 883 4936 auditus?
920 4879 968 4934 si
1005 4889 1168 4935 totum
1212 4882 1452 4947 auditus,
1491 4883 1582 4937 ubi
1609 4883 1836 4963 olfaqtus
1862 4887 1887 4940 7
1916 4886 2076 4942 Nune

505 4986 677 5026 autem
707 4973 905 5041 posuit,
927 4972 1064 5027 Deus
1095 4973 1350 5036 membra,
1377 4975 1782 5046 unumquodque
1807 4993 1988 5032 eorum
2019 4980 2074 5032 in

504 5076 720 5130 corpore
747 5063 1184 5130 quemadmodum
1218 5064 1399 5119 uoluit.
1436 5063 1593 5130 Quod
1622 5065 1670 5118 si
1693 5075 1864 5120 essent
1899 5067 2091 5122 omnia-

505 5171 667 5209 unum
711 5159 1023 5221 membrum,
1069 5155 1158 5210 ubi
1206 5159 1442 5226 corpus?
1482 5156 1641 5211 Nunc
1681 5166 1858 5213 autem
1907 5161 2075 5214 multa

502 5247 716 5317 quidem
751 5245 1001 5311 membra,
1042 5262 1202 5301 unum
1237 5263 1354 5304 vero
1386 5263 1599 5316 corpus.
1964 5252 1968 5257 ’

593 5338 680 5391 Ἐν
710 5337 811 5402 ἑνί,
842 5339 894 5393 id
924 5350 1027 5405 est,
1057 5339 1280 5406 δι’ἐνός,
1315 5342 1420 5398 hoc
1448 5351 1553 5408 est,
1586 5356 1683 5413 per
1712 5339 2073 5398 unum.c0m-

509 5444 608 5484 nes
639 5430 693 5483 in
723 5443 891 5483 unum
920 5443 1142 5499 corpus.
1166 5451 1185 5485 ι
1225 5433 1426 5490 Deinde
1453 5432 1735 5504 subjungit
1756 5435 1919 5489 etiam
1943 5434 2072 5505 quid

511 5520 754 5576 eli'ecerit
793 5533 985 5578 omnes
1030 5537 1153 5578 esse
1197 5540 1366 5605 unum
1412 5541 1650 5598 corpus,
1713 5541 1907 5596 nempe
1952 5542 2078 5583 esse

514 5628 682 5667 unum
717 5611 1003 5683 Spiritum,
1032 5623 1088 5671 et
1124 5631 1316 5672 omnes
1354 5617 1426 5672 ab
1462 5632 1570 5672 uno
1611 5616 1918 5686 baptizatos
1950 5618 2076 5689 Spi-

513 5704 618 5763 ritu
666 5718 792 5759 €388
834 5705 886 5760 in
937 5722 1104 5762 unum
1145 5723 1347 5781 corpus
1397 5725 1410 5761 :
1464 5708 1569 5763 hoc
1609 5716 1716 5775 est,
1763 5707 1830 5762 ad
1872 5707 1975 5763 hoc
2017 5718 2076 5763 ut

582 5887 645 5924 ⁸¹⁶
665 5888 823 5947 Juan.
860 5908 941 5963 ιιι,
968 5894 1021 5949 8.

2181 4616 2252 4669 οὐ
2282 4610 2440 4678 παρὰ
2482 4609 2659 4663 τοῦτο
2689 4611 2799 4663 οὐκ
2826 4612 2998 4662 ἐστιν
3033 4607 3102 4661 ἐκ
3152 4607 3263 4661 τοῦ
3295 4604 3575 4671 σώματος;
3599 4588 3670 4646 Καὶ

2180 4707 2289 4760 ἐὰν
2313 4704 2453 4772 εἴπῃ
2487 4702 2554 4756 τὸ
2590 4696 2719 4768 οὖς,
2749 4700 2875 4754 Οὐκ
2907 4699 3022 4768 ειμι
3071 4699 3140 4753 ἐκ
3174 4698 3280 4752 τοῦ
3332 4693 3584 4762 σώματος’
3624 4678 3672 4733 οὐ

2181 4798 2341 4867 παρὰ
2368 4796 2545 4853 τοῦτο
2574 4797 2687 4850 οὐκ
2718 4795 2891 4849 ἔστιν
2910 4796 2980 4848 ἐκ
3008 4792 3117 4848 τοῦ
3147 4793 3456 4861 σώματσς;
3487 4786 3544 4839 Ei
3572 4780 3672 4833 ὅλον

2181 4892 2246 4945 τὸ
2280 4892 2451 4961 σῶμα
2483 4890 2809 4961 ὀφθαλμὸς.
2836 4887 2953 4942 ποῦ
2976 4889 3013 4956 ἠ
3042 4887 3195 4953 ἀκοή
3221 4887 3305 4950 ;εὶ
3338 4884 3473 4937 ὅλον
3504 4868 3668 4945 ὴὰκοὴν

2181 4981 2297 5037 ποῦ
2324 4984 2362 5049 ἡ
2391 4983 2730 5051 dammam;
2770 4977 2922 5034 Νυνὶ
2953 4978 3022 5032 δὲ
3050 4979 3085 5032 ὸ
3136 4977 3287 5042 Θεὸς
3313 4975 3466 5029 ἔθετο
3484 4968 3543 5021 τὰ
3561 4962 3668 5033 μέλη

2178 5071 2250 5126 ἐν
2282 5072 2541 5127 ἕκαστον
2560 5069 2760 5124 αὐτῶν
2780 5068 2851 5122 ἐν
2869 5065 2950 5133 τῷ
2970 5067 3194 5136 σώματι
3210 5062 3400 5127 καθὼς
3420 5056 3667 5153 ἠθέἐνέσεςξ

2178 5166 2246 5219 El
2275 5163 2344 5217 δὲ
2369 5159 2447 5233 ἦν
2471 5162 2543 5216 τὰ
2561 5161 2677 5230 μὲν
2700 5159 2855 5231 μέλη
2903 5159 2992 5225 ἓν,
3040 5135 3158 5212 ατοῦ
3186 5156 3255 5211 τὸ
3279 5153 3442 5222 σῶμα
3458 5167 3477 5217 ;
3506 5135 3669 5201 Νῦνδέ

2173 5257 2373 5311 πολλὰ
2394 5255 2510 5323 μὲν
2529 5253 2706 5323 μέλη,
2739 5251 2811 5306 ἓν
2837 5251 2907 5306 δὲ
2929 5248 3122 5320 σῶμα.

2244 5343 2369 5402 Οἷον
2395 5347 2462 5401 δι’
2504 5345 2645 5408 ἑνὸς,
2701 5363 2721 5397 ι
2746 5345 2955 5407 Πάντες
2995 5343 3075 5406 εἰς
3108 5341 3165 5394 ἓν
3197 5339 3374 5409 σῶμα.
3400 5353 3419 5388 ι
3459 5325 3569 5387 Εἶτα
3601 5323 3668 5409 ιε’

2179 5436 2301 5503 άγει
2327 5435 2422 5488 καὶ
2437 5432 2498 5486 τδ
2512 5407 2889 5488 κατασκιάσαν
2916 5431 3126 5495 πάντας
3140 5430 3198 5483 ἒν
3225 5407 3398 5497 σῶμα,
3423 5423 3478 5476 τδ
3500 5414 3608 5472 εἶναι
3626 5407 3667 5462 ἓν

2177 5502 2239 5580 τδ
2277 5525 2520 5596 Πνεῦμα,
2560 5524 2656 5579 καὶ
2699 5524 2908 5589 πάντας
2954 5523 3060 5577 ὑπὸ
3105 5520 3201 5576 τοῦ
3231 5520 3347 5583 ἑνὸς
3387 5502 3664 5607 βεβαπτίςθαξ

2181 5616 2496 5686 Πνεῦματος
2534 5616 2615 5680 εἰς
2635 5614 2695 5670 ἓν
2746 5616 2926 5687 σῶμα,
2954 5611 3259 5678 τουτέστιν,
3309 5611 3386 5672 εἰς
3411 5605 3466 5658 τὺ
3501 5603 3664 5663 ποιῆσαι

2183 5709 2390 5772 πάντας
2417 5708 2575 5780 σῶμα
2598 5709 2677 5764 ἓν.
2707 5708 2859 5773 Τέως
2881 5707 2939 5761 δὲ
2964 5706 3053 5762 διὰ
3098 5705 3191 5761 δύο
3232 5702 3426 5765 τούτων
3469 5698 3662 5766 παραμυ-
