  <div class='ocr_page' id='page_1' title='image "/cluster/home/n/w/nwhite01/storage/ocr_20150623/118/hvd.32044019208149/460.png"; bbox 0 0 3872 6582; ppageno 0'>
   <div class='ocr_carea' id='block_1_1' title="bbox 208 436 295 501">
    <p class='ocr_par' dir='ltr' id='par_1_1' title="bbox 208 436 295 501">
     <span class='ocr_line' id='line_1_1' title="bbox 208 436 295 501; baseline 0 -1"><span class='ocrx_word' id='word_1_1' title='bbox 208 436 295 501; x_wconf 76' lang='lat'><strong>821</strong></span> 
     </span>
    </p>
   </div>
   <div class='ocr_carea' id='block_1_2' title="bbox 1111 426 2483 492">
    <p class='ocr_par' dir='ltr' id='par_1_2' title="bbox 1111 426 2483 492">
     <span class='ocr_line' id='line_1_2' title="bbox 1111 426 2483 492; baseline -0.003 -1"><span class='ocrx_word' id='word_1_2' title='bbox 1111 428 1497 492; x_wconf 79' lang='lat' dir='ltr'><strong>COMMENT.</strong></span> <span class='ocrx_word' id='word_1_3' title='bbox 1534 426 1614 491; x_wconf 86' lang='lat' dir='ltr'><strong>IN</strong></span> <span class='ocrx_word' id='word_1_4' title='bbox 1647 427 1884 489; x_wconf 83' lang='lat' dir='ltr'><strong>EPlST.</strong></span> <span class='ocrx_word' id='word_1_5' title='bbox 1920 429 1948 488; x_wconf 90' lang='lat' dir='ltr'>l</span> <span class='ocrx_word' id='word_1_6' title='bbox 1984 429 2085 489; x_wconf 83' lang='lat' dir='ltr'><strong>AD</strong></span> <span class='ocrx_word' id='word_1_7' title='bbox 2122 426 2483 490; x_wconf 79' lang='lat' dir='ltr'><strong>CORINTH.</strong></span> 
     </span>
    </p>
   </div>
   <div class='ocr_carea' id='block_1_3' title="bbox 3295 418 3404 482">
    <p class='ocr_par' dir='ltr' id='par_1_3' title="bbox 3295 418 3404 482">
     <span class='ocr_line' id='line_1_3' title="bbox 3295 418 3404 482; baseline -0.018 0"><span class='ocrx_word' id='word_1_8' title='bbox 3295 418 3404 482; x_wconf 69' lang='lat'><strong>82?.</strong></span> 
     </span>
    </p>
   </div>
   <div class='ocr_carea' id='block_1_4' title="bbox 210 531 1742 615">
    <p class='ocr_par' dir='ltr' id='par_1_4' title="bbox 210 540 1728 615">
     <span class='ocr_line' id='line_1_4' title="bbox 210 540 1728 615; baseline -0.004 -13"><span class='ocrx_word' id='word_1_9' title='bbox 210 550 358 604; x_wconf 66' lang='grc' dir='ltr'>οεῖὲαι</span> <span class='ocrx_word' id='word_1_10' title='bbox 384 544 471 598; x_wconf 80' lang='grc' dir='ltr'>τὸν</span> <span class='ocrx_word' id='word_1_11' title='bbox 497 543 554 598; x_wconf 83' lang='grc' dir='ltr'>τὸ</span> <span class='ocrx_word' id='word_1_12' title='bbox 579 541 793 597; x_wconf 78' lang='grc' dir='ltr'>ἔλαττον</span> <span class='ocrx_word' id='word_1_13' title='bbox 832 540 1023 613; x_wconf 71' lang='grc' dir='ltr'>ἔχοντα</span> <span class='ocrx_word' id='word_1_14' title='bbox 1047 544 1313 615; x_wconf 72' lang='grc' dir='ltr'>χάρισμα,</span> <span class='ocrx_word' id='word_1_15' title='bbox 1346 542 1424 614; x_wconf 83' lang='grc' dir='ltr'><strong>τῷ</strong></span> <span class='ocrx_word' id='word_1_16' title='bbox 1447 559 1507 596; x_wconf 81' lang='grc' dir='ltr'><strong>τε</strong></span> <span class='ocrx_word' id='word_1_17' title='bbox 1554 543 1728 596; x_wconf 75' lang='grc' dir='ltr'>εἰπεῖν</span> 
     </span>
    </p>
   </div>
   <div class='ocr_carea' id='block_1_5' title="bbox 1846 531 3448 615">
    <p class='ocr_par' dir='ltr' id='par_1_5' title="bbox 1846 531 3448 609">
     <span class='ocr_line' id='line_1_5' title="bbox 1846 531 3448 609; baseline -0.006 -13"><span class='ocrx_word' id='word_1_18' title='bbox 1846 555 2020 597; x_wconf 76' lang='lat' dir='ltr'><strong>)mnes</strong></span> <span class='ocrx_word' id='word_1_19' title='bbox 2049 540 2322 597; x_wconf 83' lang='lat' dir='ltr'><strong>eliicerent</strong></span> <span class='ocrx_word' id='word_1_20' title='bbox 2358 554 2526 594; x_wconf 90' lang='lat' dir='ltr'><strong>unum</strong></span> <span class='ocrx_word' id='word_1_21' title='bbox 2557 550 2780 607; x_wconf 87' lang='lat' dir='ltr'><strong>corpus.</strong></span> <span class='ocrx_word' id='word_1_22' title='bbox 2821 531 3042 590; x_wconf 87' lang='lat' dir='ltr'><strong>interim</strong></span> <span class='ocrx_word' id='word_1_23' title='bbox 3084 541 3266 589; x_wconf 88' lang='lat' dir='ltr'><strong>autem</strong></span> <span class='ocrx_word' id='word_1_24' title='bbox 3305 549 3402 602; x_wconf 86' lang='lat' dir='ltr'><strong>per</strong></span> <span class='ocrx_word' id='word_1_25' title='bbox 3435 584 3448 609; x_wconf 49' lang='grc' dir='ltr'>δ</span> 
     </span>
    </p>
   </div>
   <div class='ocr_carea' id='block_1_6' title="bbox 211 634 1733 705">
    <p class='ocr_par' dir='ltr' id='par_1_6' title="bbox 211 634 1733 705">
     <span class='ocr_line' id='line_1_6' title="bbox 211 634 1733 705; baseline -0.003 -12"><span class='ocrx_word' id='word_1_26' title='bbox 211 642 282 694; x_wconf 76' lang='grc' dir='ltr'>ὅτι</span> <span class='ocrx_word' id='word_1_27' title='bbox 305 635 357 690; x_wconf 77' lang='grc' dir='ltr'><strong>ἐν</strong></span> <span class='ocrx_word' id='word_1_28' title='bbox 389 634 541 703; x_wconf 86' lang='grc' dir='ltr'>σῶμα</span> <span class='ocrx_word' id='word_1_29' title='bbox 579 635 775 700; x_wconf 78' lang='grc' dir='ltr'>πάντες</span> <span class='ocrx_word' id='word_1_30' title='bbox 806 634 995 701; x_wconf 77' lang='grc' dir='ltr'>ἐσμὲν,</span> <span class='ocrx_word' id='word_1_31' title='bbox 1055 636 1150 690; x_wconf 70' lang='grc' dir='ltr'>καὶ</span> <span class='ocrx_word' id='word_1_32' title='bbox 1196 635 1275 705; x_wconf 84' lang='grc' dir='ltr'><strong>τῷ</strong></span> <span class='ocrx_word' id='word_1_33' title='bbox 1304 635 1482 689; x_wconf 76' lang='grc' dir='ltr'>εἰπεῖν</span> <span class='ocrx_word' id='word_1_34' title='bbox 1510 634 1597 688; x_wconf 64' lang='grc' dir='ltr'>διὰ</span> <span class='ocrx_word' id='word_1_35' title='bbox 1639 634 1733 688; x_wconf 83' lang='grc' dir='ltr'><strong>τοῦ</strong></span> 
     </span>
    </p>
   </div>
   <div class='ocr_carea' id='block_1_7' title="bbox 210 725 1735 798">
    <p class='ocr_par' dir='ltr' id='par_1_7' title="bbox 210 725 1735 798">
     <span class='ocr_line' id='line_1_7' title="bbox 210 725 1735 798; baseline -0.003 -14"><span class='ocrx_word' id='word_1_36' title='bbox 210 726 359 784; x_wconf 82' lang='grc' dir='ltr'>αὑτοῦ</span> <span class='ocrx_word' id='word_1_37' title='bbox 389 725 699 796; x_wconf 71' lang='grc' dir='ltr'>Πνεῦμα-τος</span> <span class='ocrx_word' id='word_1_38' title='bbox 740 726 835 779; x_wconf 56' lang='grc' dir='ltr'><strong>καὶ⁵</strong></span> <span class='ocrx_word' id='word_1_39' title='bbox 866 727 964 797; x_wconf 74' lang='grc' dir='ltr'>τῆς</span> <span class='ocrx_word' id='word_1_40' title='bbox 989 727 1161 798; x_wconf 74' lang='grc' dir='ltr'>αὐτῆς</span> <span class='ocrx_word' id='word_1_41' title='bbox 1213 726 1624 797; x_wconf 83' lang='grc' dir='ltr'>κολυμϐήθρας,</span> <span class='ocrx_word' id='word_1_42' title='bbox 1675 725 1735 779; x_wconf 73' lang='grc' dir='ltr'>ἓν</span> 
     </span>
    </p>
   </div>
   <div class='ocr_carea' id='block_1_8' title="bbox 208 812 1739 891">
    <p class='ocr_par' dir='ltr' id='par_1_8' title="bbox 208 812 1739 891">
     <span class='ocr_line' id='line_1_8' title="bbox 208 812 1739 891; baseline -0.003 -19"><span class='ocrx_word' id='word_1_43' title='bbox 208 820 334 891; x_wconf 66' lang='grc' dir='ltr'>ἡμᾶς</span> <span class='ocrx_word' id='word_1_44' title='bbox 354 817 650 886; x_wconf 74' lang='grc' dir='ltr'>γεγονέναι.</span> <span class='ocrx_word' id='word_1_45' title='bbox 673 835 691 868; x_wconf 82' lang='grc' dir='ltr'><strong>ι</strong></span> <span class='ocrx_word' id='word_1_46' title='bbox 706 817 801 870; x_wconf 81' lang='grc' dir='ltr'>Ἐν</span> <span class='ocrx_word' id='word_1_47' title='bbox 824 818 971 887; x_wconf 89' lang='grc' dir='ltr'>πόμα</span> <span class='ocrx_word' id='word_1_48' title='bbox 987 817 1353 889; x_wconf 77' lang='grc' dir='ltr'><strong>ἐποτίσθημεν</strong></span> <span class='ocrx_word' id='word_1_49' title='bbox 1384 818 1463 880; x_wconf 82' lang='grc' dir='ltr'><strong>είς</strong></span> <span class='ocrx_word' id='word_1_50' title='bbox 1491 815 1550 869; x_wconf 78' lang='grc' dir='ltr'>ἓν</span> <span class='ocrx_word' id='word_1_51' title='bbox 1570 812 1739 869; x_wconf 83' lang='grc' dir='ltr'>Πνεῦ-</span> 
     </span>
    </p>
   </div>
   <div class='ocr_carea' id='block_1_9' title="bbox 210 907 1738 981">
    <p class='ocr_par' dir='ltr' id='par_1_9' title="bbox 210 907 1738 981">
     <span class='ocr_line' id='line_1_9' title="bbox 210 907 1738 981; baseline -0.002 -17"><span class='ocrx_word' id='word_1_52' title='bbox 210 928 292 981; x_wconf 77' lang='grc' dir='ltr'><strong>μα.</strong></span> <span class='ocrx_word' id='word_1_53' title='bbox 320 927 339 961; x_wconf 78' lang='grc' dir='ltr'><strong>ι</strong></span> <span class='ocrx_word' id='word_1_54' title='bbox 373 908 613 973; x_wconf 78' lang='grc' dir='ltr'>Δι’ὲνὸς,</span> <span class='ocrx_word' id='word_1_55' title='bbox 644 910 795 978; x_wconf 74' lang='grc' dir='ltr'>φησὶ,</span> <span class='ocrx_word' id='word_1_56' title='bbox 830 909 1144 977; x_wconf 75' lang='grc' dir='ltr'>Πνεῦματος</span> <span class='ocrx_word' id='word_1_57' title='bbox 1168 910 1480 980; x_wconf 71' lang='grc' dir='ltr'><strong>ἐσχήκαμεν</strong></span> <span class='ocrx_word' id='word_1_58' title='bbox 1506 907 1613 963; x_wconf 86' lang='grc' dir='ltr'><strong>τῶν</strong></span> <span class='ocrx_word' id='word_1_59' title='bbox 1642 924 1738 978; x_wconf 89' lang='grc' dir='ltr'>χα-</span> 
     </span>
    </p>
   </div>
   <div class='ocr_carea' id='block_1_10' title="bbox 210 994 1740 1072">
    <p class='ocr_par' dir='ltr' id='par_1_10' title="bbox 210 994 1740 1072">
     <span class='ocr_line' id='line_1_10' title="bbox 210 994 1740 1072; baseline -0.001 -17"><span class='ocrx_word' id='word_1_60' title='bbox 210 999 457 1072; x_wconf 80' lang='grc' dir='ltr'>ρισμάτων</span> <span class='ocrx_word' id='word_1_61' title='bbox 484 1000 579 1070; x_wconf 83' lang='grc' dir='ltr'>τὴν</span> <span class='ocrx_word' id='word_1_62' title='bbox 602 1001 828 1072; x_wconf 82' lang='grc' dir='ltr'>δωρεάν.</span> <span class='ocrx_word' id='word_1_63' title='bbox 844 1018 864 1052; x_wconf 81' lang='grc' dir='ltr'><strong>ι</strong></span> <span class='ocrx_word' id='word_1_64' title='bbox 884 1001 1281 1071; x_wconf 83' lang='grc' dir='ltr'>Ἐποτίσθημεν</span> <span class='ocrx_word' id='word_1_65' title='bbox 1305 1019 1323 1053; x_wconf 77' lang='grc' dir='ltr'><strong>ι</strong></span> <span class='ocrx_word' id='word_1_66' title='bbox 1349 1000 1407 1054; x_wconf 80' lang='grc' dir='ltr'>δὲ</span> <span class='ocrx_word' id='word_1_67' title='bbox 1430 994 1604 1066; x_wconf 77' lang='grc' dir='ltr'>εἶπεν,</span> <span class='ocrx_word' id='word_1_68' title='bbox 1632 999 1740 1054; x_wconf 84' lang='grc' dir='ltr'><strong>ἀπὸ</strong></span> 
     </span>
    </p>
   </div>
   <div class='ocr_carea' id='block_1_11' title="bbox 208 1090 1735 1163">
    <p class='ocr_par' dir='ltr' id='par_1_11' title="bbox 208 1090 1735 1163">
     <span class='ocr_line' id='line_1_11' title="bbox 208 1090 1735 1163; baseline -0.001 -19"><span class='ocrx_word' id='word_1_69' title='bbox 208 1090 488 1162; x_wconf 73' lang='grc' dir='ltr'>μεταφορᾶς</span> <span class='ocrx_word' id='word_1_70' title='bbox 515 1091 624 1144; x_wconf 84' lang='grc' dir='ltr'>τῶν</span> <span class='ocrx_word' id='word_1_71' title='bbox 655 1091 909 1161; x_wconf 81' lang='grc' dir='ltr'><strong>δένδρων,</strong></span> <span class='ocrx_word' id='word_1_72' title='bbox 941 1092 1050 1145; x_wconf 80' lang='grc' dir='ltr'>τῶν</span> <span class='ocrx_word' id='word_1_73' title='bbox 1086 1092 1153 1144; x_wconf 85' lang='grc' dir='ltr'><strong>ἐκ</strong></span> <span class='ocrx_word' id='word_1_74' title='bbox 1174 1090 1275 1161; x_wconf 82' lang='grc' dir='ltr'>τῆς</span> <span class='ocrx_word' id='word_1_75' title='bbox 1305 1090 1475 1160; x_wconf 78' lang='grc' dir='ltr'>αὐτῆς</span> <span class='ocrx_word' id='word_1_76' title='bbox 1504 1090 1735 1163; x_wconf 78' lang='grc' dir='ltr'>ἅρδομέο</span> 
     </span>
    </p>
   </div>
   <div class='ocr_carea' id='block_1_12' title="bbox 205 1180 1737 1254">
    <p class='ocr_par' dir='ltr' id='par_1_12' title="bbox 205 1180 1737 1254">
     <span class='ocr_line' id='line_1_12' title="bbox 205 1180 1737 1254; baseline -0.001 -19"><span class='ocrx_word' id='word_1_77' title='bbox 205 1199 294 1238; x_wconf 84' lang='grc' dir='ltr'>νων</span> <span class='ocrx_word' id='word_1_78' title='bbox 317 1182 508 1252; x_wconf 76' lang='grc' dir='ltr'>πηγῆς.</span> <span class='ocrx_word' id='word_1_79' title='bbox 541 1201 558 1234; x_wconf 84' lang='grc' dir='ltr'><strong>ι</strong></span> <span class='ocrx_word' id='word_1_80' title='bbox 588 1183 697 1236; x_wconf 83' lang='grc' dir='ltr'><strong>Καὶ</strong></span> <span class='ocrx_word' id='word_1_81' title='bbox 722 1184 830 1254; x_wconf 73' lang='grc' dir='ltr'><strong>γὰρ</strong></span> <span class='ocrx_word' id='word_1_82' title='bbox 854 1183 913 1237; x_wconf 87' lang='grc' dir='ltr'>τὸ</span> <span class='ocrx_word' id='word_1_83' title='bbox 940 1183 1098 1253; x_wconf 82' lang='grc' dir='ltr'>σῶμα</span> <span class='ocrx_word' id='word_1_84' title='bbox 1148 1182 1249 1237; x_wconf 82' lang='grc' dir='ltr'>οὐκ</span> <span class='ocrx_word' id='word_1_85' title='bbox 1268 1181 1415 1236; x_wconf 78' lang='grc' dir='ltr'>ἐστιν</span> <span class='ocrx_word' id='word_1_86' title='bbox 1463 1180 1521 1235; x_wconf 75' lang='grc' dir='ltr'>ἓν</span> <span class='ocrx_word' id='word_1_87' title='bbox 1557 1181 1737 1252; x_wconf 78' lang='grc' dir='ltr'>μέλος,</span> 
     </span>
    </p>
   </div>
   <div class='ocr_carea' id='block_1_13' title="bbox 206 1272 1739 1347">
    <p class='ocr_par' dir='ltr' id='par_1_13' title="bbox 206 1272 1739 1347">
     <span class='ocr_line' id='line_1_13' title="bbox 206 1272 1739 1347; baseline 0 -19"><span class='ocrx_word' id='word_1_88' title='bbox 206 1274 320 1328; x_wconf 72' lang='grc' dir='ltr'>ἀλλὰ</span> <span class='ocrx_word' id='word_1_89' title='bbox 348 1274 527 1329; x_wconf 79' lang='grc' dir='ltr'>πολλά.</span> <span class='ocrx_word' id='word_1_90' title='bbox 559 1294 578 1328; x_wconf 75' lang='grc' dir='ltr'><strong>ι</strong></span> <span class='ocrx_word' id='word_1_91' title='bbox 613 1274 725 1328; x_wconf 81' lang='grc' dir='ltr'><strong>Καὶ</strong></span> <span class='ocrx_word' id='word_1_92' title='bbox 764 1273 839 1346; x_wconf 80' lang='grc' dir='ltr'><strong>μὴ</strong></span> <span class='ocrx_word' id='word_1_93' title='bbox 863 1273 1174 1347; x_wconf 76' lang='grc' dir='ltr'><strong>θαυμάσῃς,</strong></span> <span class='ocrx_word' id='word_1_94' title='bbox 1209 1277 1396 1345; x_wconf 80' lang='grc' dir='ltr'>φησὶν,</span> <span class='ocrx_word' id='word_1_95' title='bbox 1422 1276 1471 1329; x_wconf 88' lang='grc' dir='ltr'><strong>εί</strong></span> <span class='ocrx_word' id='word_1_96' title='bbox 1494 1272 1739 1328; x_wconf 84' lang='grc' dir='ltr'>τοσοῦτοι</span> 
     </span>
    </p>
   </div>
   <div class='ocr_carea' id='block_1_14' title="bbox 206 1362 1739 1437">
    <p class='ocr_par' dir='ltr' id='par_1_14' title="bbox 206 1362 1739 1437">
     <span class='ocr_line' id='line_1_14' title="bbox 206 1362 1739 1437; baseline 0.002 -22"><span class='ocrx_word' id='word_1_97' title='bbox 206 1363 334 1427; x_wconf 77' lang='grc' dir='ltr'>ὄντες</span> <span class='ocrx_word' id='word_1_98' title='bbox 361 1362 417 1416; x_wconf 70' lang='grc' dir='ltr'>ἓν</span> <span class='ocrx_word' id='word_1_99' title='bbox 446 1364 603 1434; x_wconf 81' lang='grc' dir='ltr'>σῶμά</span> <span class='ocrx_word' id='word_1_100' title='bbox 636 1366 829 1434; x_wconf 88' lang='grc' dir='ltr'>ἐσμεν,</span> <span class='ocrx_word' id='word_1_101' title='bbox 855 1367 1019 1419; x_wconf 81' lang='grc' dir='ltr'>ὁπότε</span> <span class='ocrx_word' id='word_1_102' title='bbox 1040 1367 1136 1419; x_wconf 76' lang='grc' dir='ltr'>καὶ</span> <span class='ocrx_word' id='word_1_103' title='bbox 1158 1367 1251 1420; x_wconf 82' lang='grc' dir='ltr'>ἐπὶ</span> <span class='ocrx_word' id='word_1_104' title='bbox 1279 1365 1372 1419; x_wconf 88' lang='grc' dir='ltr'><strong>τοῦ</strong></span> <span class='ocrx_word' id='word_1_105' title='bbox 1400 1364 1739 1437; x_wconf 81' lang='grc' dir='ltr'><strong>ἀνθρωπίνου</strong></span> 
     </span>
    </p>
   </div>
   <div class='ocr_carea' id='block_1_15' title="bbox 207 1455 1741 1529">
    <p class='ocr_par' dir='ltr' id='par_1_15' title="bbox 207 1455 1741 1529">
     <span class='ocr_line' id='line_1_15' title="bbox 207 1455 1741 1529; baseline 0.001 -21"><span class='ocrx_word' id='word_1_106' title='bbox 207 1455 427 1526; x_wconf 88' lang='grc' dir='ltr'>σώματος</span> <span class='ocrx_word' id='word_1_107' title='bbox 451 1457 558 1510; x_wconf 82' lang='grc' dir='ltr'><strong>ἀπὸ</strong></span> <span class='ocrx_word' id='word_1_108' title='bbox 583 1458 792 1513; x_wconf 82' lang='grc' dir='ltr'>πολλῶν</span> <span class='ocrx_word' id='word_1_109' title='bbox 825 1458 1024 1529; x_wconf 83' lang='grc' dir='ltr'>μελῶν,</span> <span class='ocrx_word' id='word_1_110' title='bbox 1053 1458 1111 1513; x_wconf 78' lang='grc' dir='ltr'>ἓν</span> <span class='ocrx_word' id='word_1_111' title='bbox 1163 1459 1314 1513; x_wconf 76' lang='grc' dir='ltr'>ἐστιν</span> <span class='ocrx_word' id='word_1_112' title='bbox 1340 1458 1521 1529; x_wconf 77' lang='grc' dir='ltr'>εὑρεῖν</span> <span class='ocrx_word' id='word_1_113' title='bbox 1543 1458 1604 1511; x_wconf 85' lang='grc' dir='ltr'>τὸ</span> <span class='ocrx_word' id='word_1_114' title='bbox 1634 1458 1741 1510; x_wconf 85' lang='grc' dir='ltr'><strong>σῶ-</strong></span> 
     </span>
    </p>
   </div>
   <div class='ocr_carea' id='block_1_16' title="bbox 205 1547 1740 1623">
    <p class='ocr_par' dir='ltr' id='par_1_16' title="bbox 205 1547 1740 1623">
     <span class='ocr_line' id='line_1_16' title="bbox 205 1547 1740 1623; baseline -0.001 -20"><span class='ocrx_word' id='word_1_115' title='bbox 205 1566 286 1619; x_wconf 85' lang='grc' dir='ltr'><strong>μα.</strong></span> <span class='ocrx_word' id='word_1_116' title='bbox 308 1547 381 1602; x_wconf 82' lang='grc' dir='ltr'><strong>Τὰ</strong></span> <span class='ocrx_word' id='word_1_117' title='bbox 394 1548 450 1602; x_wconf 77' lang='grc' dir='ltr'>δὲ</span> <span class='ocrx_word' id='word_1_118' title='bbox 466 1550 602 1621; x_wconf 87' lang='grc' dir='ltr'>πρὸς</span> <span class='ocrx_word' id='word_1_119' title='bbox 621 1550 860 1613; x_wconf 78' lang='grc' dir='ltr'>ἐκείνους</span> <span class='ocrx_word' id='word_1_120' title='bbox 879 1550 1114 1623; x_wconf 82' lang='grc' dir='ltr'>ἁρμόδια</span> <span class='ocrx_word' id='word_1_121' title='bbox 1141 1551 1359 1623; x_wconf 77' lang='grc' dir='ltr'>ῥήματα</span> <span class='ocrx_word' id='word_1_122' title='bbox 1378 1550 1455 1613; x_wconf 82' lang='grc' dir='ltr'><strong>ὡς</strong></span> <span class='ocrx_word' id='word_1_123' title='bbox 1477 1550 1544 1603; x_wconf 84' lang='grc' dir='ltr'>ὲκ</span> <span class='ocrx_word' id='word_1_124' title='bbox 1571 1566 1740 1619; x_wconf 87' lang='grc' dir='ltr'>προσ-</span> 
     </span>
    </p>
   </div>
   <div class='ocr_carea' id='block_1_17' title="bbox 203 1638 1743 1709">
    <p class='ocr_par' dir='ltr' id='par_1_17' title="bbox 203 1638 1743 1709">
     <span class='ocr_line' id='line_1_17' title="bbox 203 1638 1743 1709; baseline 0.002 -19"><span class='ocrx_word' id='word_1_125' title='bbox 203 1639 329 1692; x_wconf 84' lang='grc' dir='ltr'>ὡπου</span> <span class='ocrx_word' id='word_1_126' title='bbox 360 1638 464 1692; x_wconf 84' lang='grc' dir='ltr'><strong>τῶν</strong></span> <span class='ocrx_word' id='word_1_127' title='bbox 507 1639 688 1709; x_wconf 83' lang='grc' dir='ltr'>μελῶν</span> <span class='ocrx_word' id='word_1_128' title='bbox 719 1640 956 1704; x_wconf 76' lang='grc' dir='ltr'><strong>τέθεικε,</strong></span> <span class='ocrx_word' id='word_1_129' title='bbox 996 1640 1168 1705; x_wconf 79' lang='grc' dir='ltr'>δεῖξαι</span> <span class='ocrx_word' id='word_1_130' title='bbox 1217 1640 1385 1694; x_wconf 80' lang='grc' dir='ltr'>θέλων</span> <span class='ocrx_word' id='word_1_131' title='bbox 1413 1641 1494 1694; x_wconf 86' lang='grc' dir='ltr'><strong>ὅτι</strong></span> <span class='ocrx_word' id='word_1_132' title='bbox 1544 1643 1594 1693; x_wconf 82' lang='grc' dir='ltr'><strong>εί</strong></span> <span class='ocrx_word' id='word_1_133' title='bbox 1647 1640 1743 1694; x_wconf 78' lang='grc' dir='ltr'>καὶ</span> 
     </span>
    </p>
   </div>
   <div class='ocr_carea' id='block_1_18' title="bbox 1840 626 3404 699">
    <p class='ocr_par' dir='ltr' id='par_1_18' title="bbox 1840 626 3404 699">
     <span class='ocr_line' id='line_1_18' title="bbox 1840 626 3404 699; baseline -0.006 -12"><span class='ocrx_word' id='word_1_134' title='bbox 1840 632 1955 687; x_wconf 72' lang='lat' dir='ltr'><strong>bzee</strong></span> <span class='ocrx_word' id='word_1_135' title='bbox 1980 632 2091 687; x_wconf 90' lang='lat' dir='ltr'><strong>duo</strong></span> <span class='ocrx_word' id='word_1_136' title='bbox 2120 632 2438 688; x_wconf 77' lang='lat' dir='ltr'><strong>consolatur</strong></span> <span class='ocrx_word' id='word_1_137' title='bbox 2467 644 2592 686; x_wconf 89' lang='lat' dir='ltr'><strong>eum</strong></span> <span class='ocrx_word' id='word_1_138' title='bbox 2621 628 2711 699; x_wconf 89' lang='lat' dir='ltr'><strong>qui</strong></span> <span class='ocrx_word' id='word_1_139' title='bbox 2750 628 2932 684; x_wconf 87' lang='lat' dir='ltr'><strong>minus</strong></span> <span class='ocrx_word' id='word_1_140' title='bbox 2959 626 3122 683; x_wconf 81' lang='lat' dir='ltr'><strong>habet</strong></span> <span class='ocrx_word' id='word_1_141' title='bbox 3153 627 3355 681; x_wconf 84' lang='lat' dir='ltr'><strong>donum</strong></span> <span class='ocrx_word' id='word_1_142' title='bbox 3390 644 3404 679; x_wconf 88' lang='lat'><strong>:</strong></span> 
     </span>
    </p>
   </div>
   <div class='ocr_carea' id='block_1_19' title="bbox 1836 724 3406 795">
    <p class='ocr_par' dir='ltr' id='par_1_19' title="bbox 1836 724 3406 795">
     <span class='ocr_line' id='line_1_19' title="bbox 1836 724 3406 795; baseline -0.004 -18"><span class='ocrx_word' id='word_1_143' title='bbox 1836 733 1948 779; x_wconf 89' lang='lat' dir='ltr'><strong>tum</strong></span> <span class='ocrx_word' id='word_1_144' title='bbox 1975 724 2204 780; x_wconf 91' lang='lat' dir='ltr'><strong>dicendo</strong></span> <span class='ocrx_word' id='word_1_145' title='bbox 2227 724 2373 795; x_wconf 85' lang='lat' dir='ltr'><strong>quod</strong></span> <span class='ocrx_word' id='word_1_146' title='bbox 2399 738 2592 779; x_wconf 88' lang='lat' dir='ltr'><strong>omnes</strong></span> <span class='ocrx_word' id='word_1_147' title='bbox 2622 736 2791 777; x_wconf 88' lang='lat' dir='ltr'><strong>unum</strong></span> <span class='ocrx_word' id='word_1_148' title='bbox 2819 735 3022 790; x_wconf 84' lang='lat' dir='ltr'><strong>corpus</strong></span> <span class='ocrx_word' id='word_1_149' title='bbox 3053 734 3263 783; x_wconf 79' lang='lat' dir='ltr'><strong>sumus,</strong></span> <span class='ocrx_word' id='word_1_150' title='bbox 3293 727 3406 773; x_wconf 89' lang='lat' dir='ltr'><strong>tum</strong></span> 
     </span>
    </p>
   </div>
   <div class='ocr_carea' id='block_1_20' title="bbox 1838 814 3407 888">
    <p class='ocr_par' dir='ltr' id='par_1_20' title="bbox 1838 814 3407 888">
     <span class='ocr_line' id='line_1_20' title="bbox 1838 814 3407 888; baseline -0.003 -16"><span class='ocrx_word' id='word_1_151' title='bbox 1838 816 2068 873; x_wconf 88' lang='lat' dir='ltr'><strong>dicendo</strong></span> <span class='ocrx_word' id='word_1_152' title='bbox 2108 818 2255 888; x_wconf 91' lang='lat' dir='ltr'><strong>quod</strong></span> <span class='ocrx_word' id='word_1_153' title='bbox 2296 832 2396 887; x_wconf 90' lang='lat' dir='ltr'><strong>per</strong></span> <span class='ocrx_word' id='word_1_154' title='bbox 2437 833 2606 873; x_wconf 90' lang='lat' dir='ltr'><strong>unum</strong></span> <span class='ocrx_word' id='word_1_155' title='bbox 2653 815 2921 887; x_wconf 89' lang='lat' dir='ltr'><strong>Spiritum</strong></span> <span class='ocrx_word' id='word_1_156' title='bbox 2967 814 3224 885; x_wconf 84' lang='lat' dir='ltr'><strong>idemque</strong></span> <span class='ocrx_word' id='word_1_157' title='bbox 3259 814 3407 868; x_wconf 73' lang='lat' dir='ltr'><strong>lava-</strong></span> 
     </span>
    </p>
   </div>
   <div class='ocr_carea' id='block_1_21' title="bbox 1836 907 3408 980">
    <p class='ocr_par' dir='ltr' id='par_1_21' title="bbox 1836 907 3408 980">
     <span class='ocr_line' id='line_1_21' title="bbox 1836 907 3408 980; baseline -0.004 -14"><span class='ocrx_word' id='word_1_158' title='bbox 1836 926 1991 967; x_wconf 83' lang='lat' dir='ltr'><strong>crum</strong></span> <span class='ocrx_word' id='word_1_159' title='bbox 2018 927 2185 966; x_wconf 89' lang='lat' dir='ltr'><strong>unum</strong></span> <span class='ocrx_word' id='word_1_160' title='bbox 2214 911 2390 967; x_wconf 81' lang='lat' dir='ltr'><strong>en‘ecti</strong></span> <span class='ocrx_word' id='word_1_161' title='bbox 2424 926 2641 967; x_wconf 85' lang='lat' dir='ltr'><strong>sumus.</strong></span> <span class='ocrx_word' id='word_1_162' title='bbox 2676 928 2695 963; x_wconf 81' lang='grc' dir='ltr'><strong>ι</strong></span> <span class='ocrx_word' id='word_1_163' title='bbox 2736 908 2859 966; x_wconf 88' lang='lat' dir='ltr'><strong>Uno</strong></span> <span class='ocrx_word' id='word_1_164' title='bbox 2890 907 3088 980; x_wconf 87' lang='lat' dir='ltr'><strong>poculo</strong></span> <span class='ocrx_word' id='word_1_165' title='bbox 3118 907 3278 977; x_wconf 87' lang='lat' dir='ltr'><strong>rigati</strong></span> <span class='ocrx_word' id='word_1_166' title='bbox 3310 921 3408 961; x_wconf 74' lang='lat' dir='ltr'><strong>su~</strong></span> 
     </span>
    </p>
   </div>
   <div class='ocr_carea' id='block_1_22' title="bbox 1839 984 3409 1070">
    <p class='ocr_par' dir='ltr' id='par_1_22' title="bbox 1839 984 3409 1070">
     <span class='ocr_line' id='line_1_22' title="bbox 1839 984 3409 1070; baseline -0.003 -17"><span class='ocrx_word' id='word_1_167' title='bbox 1839 1015 1961 1057; x_wconf 89' lang='lat' dir='ltr'><strong>mus</strong></span> <span class='ocrx_word' id='word_1_168' title='bbox 1998 1001 2051 1055; x_wconf 89' lang='lat' dir='ltr'><strong>in</strong></span> <span class='ocrx_word' id='word_1_169' title='bbox 2094 1015 2264 1055; x_wconf 91' lang='lat' dir='ltr'><strong>unum</strong></span> <span class='ocrx_word' id='word_1_170' title='bbox 2297 998 2592 1070; x_wconf 74' lang='lat' dir='ltr'><strong>Spiritum.</strong></span> <span class='ocrx_word' id='word_1_171' title='bbox 2627 1019 2647 1053; x_wconf 74' lang='grc' dir='ltr'><strong>ι</strong></span> <span class='ocrx_word' id='word_1_172' title='bbox 2683 998 2790 1055; x_wconf 84' lang='grc' dir='ltr'>Ρει·</span> <span class='ocrx_word' id='word_1_173' title='bbox 2821 1014 3017 1064; x_wconf 86' lang='lat' dir='ltr'><strong>unum,</strong></span> <span class='ocrx_word' id='word_1_174' title='bbox 3044 997 3248 1068; x_wconf 91' lang='lat' dir='ltr'><strong>inquit,</strong></span> <span class='ocrx_word' id='word_1_175' title='bbox 3280 984 3409 1065; x_wconf 82' lang='lat' dir='ltr'><strong>Spi-</strong></span> 
     </span>
    </p>
   </div>
   <div class='ocr_carea' id='block_1_23' title="bbox 1838 1091 3406 1164">
    <p class='ocr_par' dir='ltr' id='par_1_23' title="bbox 1838 1091 3406 1164">
     <span class='ocr_line' id='line_1_23' title="bbox 1838 1091 3406 1164; baseline -0.002 -17"><span class='ocrx_word' id='word_1_176' title='bbox 1838 1093 2007 1148; x_wconf 90' lang='lat' dir='ltr'><strong>ritum</strong></span> <span class='ocrx_word' id='word_1_177' title='bbox 2049 1091 2365 1162; x_wconf 88' lang='lat' dir='ltr'><strong>accepimus</strong></span> <span class='ocrx_word' id='word_1_178' title='bbox 2419 1092 2653 1164; x_wconf 86' lang='lat' dir='ltr'><strong>gratiam</strong></span> <span class='ocrx_word' id='word_1_179' title='bbox 2696 1092 2989 1151; x_wconf 90' lang='lat' dir='ltr'><strong>donorum.</strong></span> <span class='ocrx_word' id='word_1_180' title='bbox 3035 1091 3178 1147; x_wconf 85' lang='lat' dir='ltr'><strong>Dicit</strong></span> <span class='ocrx_word' id='word_1_181' title='bbox 3223 1097 3406 1145; x_wconf 83' lang='lat' dir='ltr'><strong>autem</strong></span> 
     </span>
    </p>
   </div>
   <div class='ocr_carea' id='block_1_24' title="bbox 1839 1182 3407 1256">
    <p class='ocr_par' dir='ltr' id='par_1_24' title="bbox 1839 1182 3407 1256">
     <span class='ocr_line' id='line_1_24' title="bbox 1839 1182 3407 1256; baseline -0.002 -16"><span class='ocrx_word' id='word_1_182' title='bbox 1839 1184 1998 1256; x_wconf 86' lang='lat' dir='ltr'><strong>rigati</strong></span> <span class='ocrx_word' id='word_1_183' title='bbox 2034 1200 2222 1240; x_wconf 81' lang='lat' dir='ltr'><strong>sumus</strong></span> <span class='ocrx_word' id='word_1_184' title='bbox 2248 1185 2316 1240; x_wconf 87' lang='lat' dir='ltr'><strong>ab</strong></span> <span class='ocrx_word' id='word_1_185' title='bbox 2338 1184 2596 1240; x_wconf 88' lang='lat' dir='ltr'><strong>arborum</strong></span> <span class='ocrx_word' id='word_1_186' title='bbox 2631 1188 2951 1256; x_wconf 82' lang='lat' dir='ltr'><strong>metaphora</strong></span> <span class='ocrx_word' id='word_1_187' title='bbox 2981 1199 3101 1255; x_wconf 67' lang='lat' dir='ltr'><strong>qua:</strong></span> <span class='ocrx_word' id='word_1_188' title='bbox 3122 1200 3189 1241; x_wconf 80' lang='lat' dir='ltr'><strong>ex</strong></span> <span class='ocrx_word' id='word_1_189' title='bbox 3213 1182 3407 1240; x_wconf 88' lang='lat' dir='ltr'><strong>eodem</strong></span> 
     </span>
    </p>
   </div>
   <div class='ocr_carea' id='block_1_25' title="bbox 1838 1275 3411 1348">
    <p class='ocr_par' dir='ltr' id='par_1_25' title="bbox 1838 1275 3411 1348">
     <span class='ocr_line' id='line_1_25' title="bbox 1838 1275 3411 1348; baseline -0.002 -16"><span class='ocrx_word' id='word_1_190' title='bbox 1838 1275 1989 1333; x_wconf 84' lang='lat' dir='ltr'><strong>fonte</strong></span> <span class='ocrx_word' id='word_1_191' title='bbox 2020 1276 2335 1348; x_wconf 76' lang='lat' dir='ltr'><strong>irrigantur.</strong></span> <span class='ocrx_word' id='word_1_192' title='bbox 2378 1293 2399 1329; x_wconf 76' lang='grc' dir='ltr'><strong>ι</strong></span> <span class='ocrx_word' id='word_1_193' title='bbox 2430 1275 2711 1347; x_wconf 83' lang='lat' dir='ltr'><strong>Siquidem</strong></span> <span class='ocrx_word' id='word_1_194' title='bbox 2744 1291 2946 1348; x_wconf 90' lang='lat' dir='ltr'><strong>corpus</strong></span> <span class='ocrx_word' id='word_1_195' title='bbox 2979 1291 3088 1332; x_wconf 89' lang='lat' dir='ltr'><strong>non</strong></span> <span class='ocrx_word' id='word_1_196' title='bbox 3120 1283 3205 1332; x_wconf 92' lang='lat' dir='ltr'><strong>est</strong></span> <span class='ocrx_word' id='word_1_197' title='bbox 3236 1289 3411 1331; x_wconf 87' lang='lat' dir='ltr'><strong>unum</strong></span> 
     </span>
    </p>
   </div>
   <div class='ocr_carea' id='block_1_26' title="bbox 1839 1365 3408 1437">
    <p class='ocr_par' dir='ltr' id='par_1_26' title="bbox 1839 1365 3408 1437">
     <span class='ocr_line' id='line_1_26' title="bbox 1839 1365 3408 1437; baseline -0.002 -16"><span class='ocrx_word' id='word_1_198' title='bbox 1839 1365 2167 1432; x_wconf 85' lang='lat' dir='ltr'><strong>membrum,</strong></span> <span class='ocrx_word' id='word_1_199' title='bbox 2197 1365 2292 1422; x_wconf 89' lang='lat' dir='ltr'><strong>sed</strong></span> <span class='ocrx_word' id='word_1_200' title='bbox 2324 1365 2516 1421; x_wconf 86' lang='lat' dir='ltr'><strong>multa.</strong></span> <span class='ocrx_word' id='word_1_201' title='bbox 2547 1386 2569 1420; x_wconf 72' lang='grc' dir='ltr'><strong>ι</strong></span> <span class='ocrx_word' id='word_1_202' title='bbox 2604 1365 2682 1422; x_wconf 87' lang='lat' dir='ltr'><strong>Ne</strong></span> <span class='ocrx_word' id='word_1_203' title='bbox 2712 1365 2949 1433; x_wconf 84' lang='lat' dir='ltr'><strong>mireris,</strong></span> <span class='ocrx_word' id='word_1_204' title='bbox 2977 1365 3173 1437; x_wconf 82' lang='lat' dir='ltr'><strong>inquit,</strong></span> <span class='ocrx_word' id='word_1_205' title='bbox 3211 1366 3258 1421; x_wconf 87' lang='lat' dir='ltr'><strong>si</strong></span> <span class='ocrx_word' id='word_1_206' title='bbox 3296 1373 3408 1419; x_wconf 87' lang='lat' dir='ltr'><strong>tam</strong></span> 
     </span>
    </p>
   </div>
   <div class='ocr_carea' id='block_1_27' title="bbox 1841 1457 3411 1530">
    <p class='ocr_par' dir='ltr' id='par_1_27' title="bbox 1841 1457 3411 1530">
     <span class='ocr_line' id='line_1_27' title="bbox 1841 1457 3411 1530; baseline -0.002 -16"><span class='ocrx_word' id='word_1_207' title='bbox 1841 1460 1996 1514; x_wconf 88' lang='lat' dir='ltr'><strong>multi</strong></span> <span class='ocrx_word' id='word_1_208' title='bbox 2037 1474 2209 1515; x_wconf 89' lang='lat' dir='ltr'><strong>unum</strong></span> <span class='ocrx_word' id='word_1_209' title='bbox 2255 1458 2432 1515; x_wconf 91' lang='lat' dir='ltr'><strong>simus</strong></span> <span class='ocrx_word' id='word_1_210' title='bbox 2471 1472 2696 1530; x_wconf 90' lang='lat' dir='ltr'><strong>corpus,</strong></span> <span class='ocrx_word' id='word_1_211' title='bbox 2746 1458 2968 1530; x_wconf 86' lang='lat' dir='ltr'><strong>quando</strong></span> <span class='ocrx_word' id='word_1_212' title='bbox 3005 1460 3170 1515; x_wconf 90' lang='lat' dir='ltr'><strong>etiam</strong></span> <span class='ocrx_word' id='word_1_213' title='bbox 3210 1459 3267 1512; x_wconf 91' lang='lat' dir='ltr'><strong>in</strong></span> <span class='ocrx_word' id='word_1_214' title='bbox 3310 1457 3411 1512; x_wconf 78' lang='lat' dir='ltr'><strong>bu-</strong></span> 
     </span>
    </p>
   </div>
   <div class='ocr_carea' id='block_1_28' title="bbox 1843 1550 3411 1623">
    <p class='ocr_par' dir='ltr' id='par_1_28' title="bbox 1843 1550 3411 1623">
     <span class='ocr_line' id='line_1_28' title="bbox 1843 1550 3411 1623; baseline -0.003 -17"><span class='ocrx_word' id='word_1_215' title='bbox 1843 1567 2007 1607; x_wconf 86' lang='lat' dir='ltr'><strong>mano</strong></span> <span class='ocrx_word' id='word_1_216' title='bbox 2037 1568 2268 1623; x_wconf 91' lang='lat' dir='ltr'><strong>corpore</strong></span> <span class='ocrx_word' id='word_1_217' title='bbox 2308 1568 2376 1608; x_wconf 80' lang='lat' dir='ltr'><strong>ex</strong></span> <span class='ocrx_word' id='word_1_218' title='bbox 2417 1552 2602 1607; x_wconf 90' lang='lat' dir='ltr'><strong>multis</strong></span> <span class='ocrx_word' id='word_1_219' title='bbox 2642 1551 2904 1608; x_wconf 85' lang='lat' dir='ltr'><strong>membris</strong></span> <span class='ocrx_word' id='word_1_220' title='bbox 2956 1567 3124 1606; x_wconf 89' lang='lat' dir='ltr'><strong>unum</strong></span> <span class='ocrx_word' id='word_1_221' title='bbox 3166 1550 3411 1605; x_wconf 86' lang='lat' dir='ltr'><strong>invenia-</strong></span> 
     </span>
    </p>
   </div>
   <div class='ocr_carea' id='block_1_29' title="bbox 1842 1643 3409 1716">
    <p class='ocr_par' dir='ltr' id='par_1_29' title="bbox 1842 1643 3409 1716">
     <span class='ocr_line' id='line_1_29' title="bbox 1842 1643 3409 1716; baseline -0.003 -17"><span class='ocrx_word' id='word_1_222' title='bbox 1842 1653 1933 1699; x_wconf 86' lang='lat' dir='ltr'><strong>tur</strong></span> <span class='ocrx_word' id='word_1_223' title='bbox 1979 1644 2238 1699; x_wconf 81' lang='lat' dir='ltr'><strong>constitui</strong></span> <span class='ocrx_word' id='word_1_224' title='bbox 2292 1660 2517 1716; x_wconf 88' lang='lat' dir='ltr'><strong>corpus.</strong></span> <span class='ocrx_word' id='word_1_225' title='bbox 2579 1643 2772 1699; x_wconf 85' lang='lat' dir='ltr'><strong>Posuit</strong></span> <span class='ocrx_word' id='word_1_226' title='bbox 2824 1653 3006 1700; x_wconf 89' lang='lat' dir='ltr'><strong>autem</strong></span> <span class='ocrx_word' id='word_1_227' title='bbox 3057 1658 3121 1698; x_wconf 78' lang='lat' dir='ltr'><strong>ex</strong></span> <span class='ocrx_word' id='word_1_228' title='bbox 3175 1657 3409 1713; x_wconf 80' lang='lat' dir='ltr'><strong>persona</strong></span> 
     </span>
    </p>
   </div>
   <div class='ocr_carea' id='block_1_30' title="bbox 205 1728 1742 1808">
    <p class='ocr_par' dir='ltr' id='par_1_30' title="bbox 205 1728 1742 1805">
     <span class='ocr_line' id='line_1_30' title="bbox 205 1728 1742 1805; baseline 0.005 -25"><span class='ocrx_word' id='word_1_229' title='bbox 205 1728 397 1783; x_wconf 69' lang='grc' dir='ltr'>ἔλαττόν</span> <span class='ocrx_word' id='word_1_230' title='bbox 422 1747 505 1795; x_wconf 86' lang='grc' dir='ltr'><strong>τις</strong></span> <span class='ocrx_word' id='word_1_231' title='bbox 535 1731 652 1803; x_wconf 81' lang='grc' dir='ltr'>ἔχει</span> <span class='ocrx_word' id='word_1_232' title='bbox 676 1733 946 1805; x_wconf 78' lang='grc' dir='ltr'><strong>χάρισμα,</strong></span> <span class='ocrx_word' id='word_1_233' title='bbox 966 1734 1027 1787; x_wconf 81' lang='grc' dir='ltr'>οὐ</span> <span class='ocrx_word' id='word_1_234' title='bbox 1059 1733 1212 1804; x_wconf 78' lang='grc' dir='ltr'>παρὰ</span> <span class='ocrx_word' id='word_1_235' title='bbox 1231 1732 1388 1787; x_wconf 86' lang='grc' dir='ltr'>τοῦτο</span> <span class='ocrx_word' id='word_1_236' title='bbox 1416 1733 1742 1804; x_wconf 75' lang='grc' dir='ltr'>ἐκϐέϐληται</span> 
     </span>
    </p>
   </div>
   <div class='ocr_carea' id='block_1_31' title="bbox 1846 1728 3412 1808">
    <p class='ocr_par' dir='ltr' id='par_1_31' title="bbox 1846 1733 3412 1808">
     <span class='ocr_line' id='line_1_31' title="bbox 1846 1733 3412 1808; baseline -0.005 -16"><span class='ocrx_word' id='word_1_237' title='bbox 1846 1737 2213 1792; x_wconf 80' lang='lat' dir='ltr'><strong>membrorum</strong></span> <span class='ocrx_word' id='word_1_238' title='bbox 2244 1736 2434 1803; x_wconf 80' lang='lat' dir='ltr'><strong>verba,</strong></span> <span class='ocrx_word' id='word_1_239' title='bbox 2464 1751 2586 1808; x_wconf 56' lang='lat' dir='ltr'><strong>quae</strong></span> <span class='ocrx_word' id='word_1_240' title='bbox 2615 1736 2864 1807; x_wconf 87' lang='lat' dir='ltr'><strong>apprime</strong></span> <span class='ocrx_word' id='word_1_241' title='bbox 2892 1733 3199 1790; x_wconf 84' lang='lat' dir='ltr'><strong>Corinthiis</strong></span> <span class='ocrx_word' id='word_1_242' title='bbox 3226 1741 3412 1789; x_wconf 83' lang='lat' dir='ltr'><strong>essent</strong></span> 
     </span>
    </p>
   </div>
   <div class='ocr_carea' id='block_1_32' title="bbox 202 1816 1742 1899">
    <p class='ocr_par' dir='ltr' id='par_1_32' title="bbox 202 1816 1742 1897">
     <span class='ocr_line' id='line_1_32' title="bbox 202 1816 1742 1897; baseline 0.005 -25"><span class='ocrx_word' id='word_1_243' title='bbox 202 1820 280 1873; x_wconf 81' lang='grc' dir='ltr'><strong>τοῦ</strong></span> <span class='ocrx_word' id='word_1_244' title='bbox 303 1816 435 1877; x_wconf 76' lang='grc' dir='ltr'>εἶναι</span> <span class='ocrx_word' id='word_1_245' title='bbox 460 1823 623 1893; x_wconf 72' lang='grc' dir='ltr'>μέλος</span> <span class='ocrx_word' id='word_1_246' title='bbox 656 1825 752 1879; x_wconf 86' lang='grc' dir='ltr'><strong>τοῦ</strong></span> <span class='ocrx_word' id='word_1_247' title='bbox 791 1825 1061 1895; x_wconf 82' lang='grc' dir='ltr'>σώματος.</span> <span class='ocrx_word' id='word_1_248' title='bbox 1107 1827 1219 1880; x_wconf 73' lang='grc' dir='ltr'><strong>Καὶ</strong></span> <span class='ocrx_word' id='word_1_249' title='bbox 1252 1826 1362 1897; x_wconf 82' lang='grc' dir='ltr'>γὰρ</span> <span class='ocrx_word' id='word_1_250' title='bbox 1392 1826 1490 1881; x_wconf 74' lang='grc' dir='ltr'>καὶ</span> <span class='ocrx_word' id='word_1_251' title='bbox 1521 1826 1616 1880; x_wconf 83' lang='grc' dir='ltr'>ἐπὶ</span> <span class='ocrx_word' id='word_1_252' title='bbox 1646 1825 1742 1880; x_wconf 83' lang='grc' dir='ltr'><strong>τοῦ</strong></span> 
     </span>
    </p>
   </div>
   <div class='ocr_carea' id='block_1_33' title="bbox 1846 1816 3413 1899">
    <p class='ocr_par' dir='ltr' id='par_1_33' title="bbox 1846 1823 3413 1899">
     <span class='ocr_line' id='line_1_33' title="bbox 1846 1823 3413 1899; baseline -0.003 -17"><span class='ocrx_word' id='word_1_253' title='bbox 1846 1827 2229 1891; x_wconf 82' lang='lat' dir='ltr'><strong>accommoda,</strong></span> <span class='ocrx_word' id='word_1_254' title='bbox 2286 1826 2444 1899; x_wconf 62' lang='grc'><strong>54],</strong></span> <span class='ocrx_word' id='word_1_255' title='bbox 2504 1827 2795 1883; x_wconf 81' lang='lat' dir='ltr'><strong>ostendere</strong></span> <span class='ocrx_word' id='word_1_256' title='bbox 2845 1826 3035 1883; x_wconf 78' lang='lat' dir='ltr'><strong>volens</strong></span> <span class='ocrx_word' id='word_1_257' title='bbox 3087 1823 3231 1897; x_wconf 86' lang='lat' dir='ltr'><strong>quod</strong></span> <span class='ocrx_word' id='word_1_258' title='bbox 3286 1824 3413 1879; x_wconf 87' lang='lat' dir='ltr'><strong>licet</strong></span> 
     </span>
    </p>
   </div>
   <div class='ocr_carea' id='block_1_34' title="bbox 201 1892 1742 1990">
    <p class='ocr_par' dir='ltr' id='par_1_34' title="bbox 201 1892 1742 1989">
     <span class='ocr_line' id='line_1_34' title="bbox 201 1892 1742 1989; baseline 0.004 -24"><span class='ocrx_word' id='word_1_259' title='bbox 201 1892 508 1982; x_wconf 75' lang='grc' dir='ltr'>ἀνθρωπίνου</span> <span class='ocrx_word' id='word_1_260' title='bbox 529 1892 927 1989; x_wconf 80' lang='grc' dir='ltr'>συγκρίματος,</span> <span class='ocrx_word' id='word_1_261' title='bbox 954 1916 1050 1971; x_wconf 79' lang='grc' dir='ltr'>καὶ</span> <span class='ocrx_word' id='word_1_262' title='bbox 1078 1916 1138 1970; x_wconf 85' lang='grc' dir='ltr'>τὸ</span> <span class='ocrx_word' id='word_1_263' title='bbox 1188 1892 1407 1971; x_wconf 74' lang='grc' dir='ltr'>ἔλαττον</span> <span class='ocrx_word' id='word_1_264' title='bbox 1436 1917 1529 1971; x_wconf 75' lang='grc' dir='ltr'>καὶ</span> <span class='ocrx_word' id='word_1_265' title='bbox 1567 1916 1630 1971; x_wconf 85' lang='grc' dir='ltr'>τὸ</span> <span class='ocrx_word' id='word_1_266' title='bbox 1663 1934 1742 1971; x_wconf 83' lang='grc' dir='ltr'>τι-</span> 
     </span>
    </p>
   </div>
   <div class='ocr_carea' id='block_1_35' title="bbox 1846 1892 3413 1990">
    <p class='ocr_par' dir='ltr' id='par_1_35' title="bbox 1846 1892 3413 1990">
     <span class='ocr_line' id='line_1_35' title="bbox 1846 1892 3413 1990; baseline 0 -18"><span class='ocrx_word' id='word_1_267' title='bbox 1846 1919 2119 1990; x_wconf 86' lang='lat' dir='ltr'><strong>quispiam</strong></span> <span class='ocrx_word' id='word_1_268' title='bbox 2164 1892 2580 1975; x_wconf 51' lang='lat' dir='ltr'><strong>mimis-habeat</strong></span> <span class='ocrx_word' id='word_1_269' title='bbox 2625 1919 2852 1985; x_wconf 90' lang='lat' dir='ltr'><strong>donum,</strong></span> <span class='ocrx_word' id='word_1_270' title='bbox 2900 1934 3011 1975; x_wconf 84' lang='lat' dir='ltr'><strong>non</strong></span> <span class='ocrx_word' id='word_1_271' title='bbox 3056 1892 3128 1974; x_wconf 79' lang='lat' dir='ltr'><strong>ob</strong></span> <span class='ocrx_word' id='word_1_272' title='bbox 3171 1918 3277 1973; x_wconf 88' lang='lat' dir='ltr'><strong>boe</strong></span> <span class='ocrx_word' id='word_1_273' title='bbox 3322 1932 3413 1973; x_wconf 89' lang='lat' dir='ltr'><strong>re-</strong></span> 
     </span>
    </p>
   </div>
   <div class='ocr_carea' id='block_1_36' title="bbox 203 2007 1742 2083">
    <p class='ocr_par' dir='ltr' id='par_1_36' title="bbox 203 2007 1121 2081">
     <span class='ocr_line' id='line_1_36' title="bbox 203 2007 1121 2081; baseline 0.005 -20"><span class='ocrx_word' id='word_1_274' title='bbox 203 2007 456 2080; x_wconf 82' lang='grc' dir='ltr'>μιὼτερον,</span> <span class='ocrx_word' id='word_1_275' title='bbox 488 2011 570 2075; x_wconf 79' lang='grc' dir='ltr'><strong>είς</strong></span> <span class='ocrx_word' id='word_1_276' title='bbox 594 2011 655 2065; x_wconf 74' lang='grc' dir='ltr'>ἓν</span> <span class='ocrx_word' id='word_1_277' title='bbox 677 2011 920 2065; x_wconf 86' lang='grc' dir='ltr'>συντελεῖ</span> <span class='ocrx_word' id='word_1_278' title='bbox 942 2011 1121 2081; x_wconf 84' lang='grc' dir='ltr'>σῶμα.</span> 
     </span>
    </p>
   </div>
   <div class='ocr_carea' id='block_1_37' title="bbox 1846 2007 3412 2083">
    <p class='ocr_par' dir='ltr' id='par_1_37' title="bbox 1846 2007 3412 2083">
     <span class='ocr_line' id='line_1_37' title="bbox 1846 2007 3412 2083; baseline -0.004 -16"><span class='ocrx_word' id='word_1_279' title='bbox 1846 2011 2025 2081; x_wconf 69' lang='lat' dir='ltr'><strong>iectus</strong></span> <span class='ocrx_word' id='word_1_280' title='bbox 2052 2020 2158 2078; x_wconf 90' lang='lat' dir='ltr'><strong>est,</strong></span> <span class='ocrx_word' id='word_1_281' title='bbox 2190 2027 2261 2068; x_wconf 88' lang='lat' dir='ltr'><strong>ne</strong></span> <span class='ocrx_word' id='word_1_282' title='bbox 2292 2012 2363 2068; x_wconf 87' lang='lat' dir='ltr'><strong>sit</strong></span> <span class='ocrx_word' id='word_1_283' title='bbox 2391 2011 2641 2083; x_wconf 89' lang='lat' dir='ltr'><strong>corporis</strong></span> <span class='ocrx_word' id='word_1_284' title='bbox 2669 2011 2997 2068; x_wconf 86' lang='lat' dir='ltr'><strong>membrum.</strong></span> <span class='ocrx_word' id='word_1_285' title='bbox 3039 2010 3320 2081; x_wconf 82' lang='lat' dir='ltr'><strong>Siquidem</strong></span> <span class='ocrx_word' id='word_1_286' title='bbox 3353 2007 3412 2062; x_wconf 90' lang='lat' dir='ltr'><strong>in</strong></span> 
     </span>
    </p>
   </div>
   <div class='ocr_carea' id='block_1_38' title="bbox 202 2097 3412 2177">
    <p class='ocr_par' dir='ltr' id='par_1_38' title="bbox 202 2097 3412 2177">
     <span class='ocr_line' id='line_1_38' title="bbox 202 2097 3412 2177; baseline 0.002 -26"><span class='ocrx_word' id='word_1_287' title='bbox 202 2097 411 2156; x_wconf 71' lang='lat' dir='ltr'><strong>humano</strong></span> <span class='ocrx_word' id='word_1_288' title='bbox 434 2118 657 2173; x_wconf 89' lang='lat' dir='ltr'><strong>quoque</strong></span> <span class='ocrx_word' id='word_1_289' title='bbox 685 2114 1009 2177; x_wconf 80' lang='lat' dir='ltr'><strong>coagmenta</strong></span> <span class='ocrx_word' id='word_1_290' title='bbox 1033 2112 1087 2162; x_wconf 92' lang='lat' dir='ltr'><strong>et</strong></span> <span class='ocrx_word' id='word_1_291' title='bbox 1114 2103 1261 2176; x_wconf 92' lang='lat' dir='ltr'><strong>quod</strong></span> <span class='ocrx_word' id='word_1_292' title='bbox 1288 2104 1556 2176; x_wconf 74' lang='lat' dir='ltr'><strong>abiectius</strong></span> <span class='ocrx_word' id='word_1_293' title='bbox 1577 2112 1664 2161; x_wconf 88' lang='lat' dir='ltr'><strong>est</strong></span> <span class='ocrx_word' id='word_1_294' title='bbox 1688 2110 1744 2161; x_wconf 88' lang='lat' dir='ltr'><strong>et</strong></span> <span class='ocrx_word' id='word_1_295' title='bbox 1780 2104 1927 2177; x_wconf 87' lang='lat' dir='ltr'><strong>quod</strong></span> <span class='ocrx_word' id='word_1_296' title='bbox 1968 2104 2368 2173; x_wconf 85' lang='lat' dir='ltr'><strong>honorabilius,</strong></span> <span class='ocrx_word' id='word_1_297' title='bbox 2409 2105 2477 2161; x_wconf 84' lang='lat' dir='ltr'><strong>ad</strong></span> <span class='ocrx_word' id='word_1_298' title='bbox 2526 2105 2691 2163; x_wconf 90' lang='lat' dir='ltr'><strong>unius</strong></span> <span class='ocrx_word' id='word_1_299' title='bbox 2730 2105 2980 2177; x_wconf 82' lang='lat' dir='ltr'><strong>corporis</strong></span> <span class='ocrx_word' id='word_1_300' title='bbox 3052 2116 3412 2161; x_wconf 87' lang='lat' dir='ltr'><strong>consumma-</strong></span> 
     </span>
    </p>
   </div>
   <div class='ocr_carea' id='block_1_39' title="bbox 202 2196 724 2254">
    <p class='ocr_par' dir='ltr' id='par_1_39' title="bbox 202 2196 724 2254">
     <span class='ocr_line' id='line_1_39' title="bbox 202 2196 724 2254; baseline 0.01 -6"><span class='ocrx_word' id='word_1_301' title='bbox 202 2196 376 2249; x_wconf 85' lang='lat' dir='ltr'><strong>tionem</strong></span> <span class='ocrx_word' id='word_1_302' title='bbox 405 2198 724 2254; x_wconf 80' lang='lat' dir='ltr'><strong>conferunt.</strong></span> 
     </span>
    </p>
   </div>
   <div class='ocr_carea' id='block_1_40' title="bbox 261 2381 1747 2467">
    <p class='ocr_par' dir='ltr' id='par_1_40' title="bbox 261 2381 1747 2467">
     <span class='ocr_line' id='line_1_40' title="bbox 261 2381 1747 2467; baseline 0.01 -35"><span class='ocrx_word' id='word_1_303' title='bbox 261 2400 279 2432; x_wconf 80' lang='grc' dir='ltr'><strong>ι</strong></span> <span class='ocrx_word' id='word_1_304' title='bbox 314 2381 432 2437; x_wconf 80' lang='grc' dir='ltr'><strong>Ἐὰν</strong></span> <span class='ocrx_word' id='word_1_305' title='bbox 483 2384 619 2459; x_wconf 81' lang='grc' dir='ltr'>εῖπῃ</span> <span class='ocrx_word' id='word_1_306' title='bbox 673 2386 702 2440; x_wconf 87' lang='grc' dir='ltr'><strong>ό</strong></span> <span class='ocrx_word' id='word_1_307' title='bbox 749 2384 939 2452; x_wconf 70' lang='grc' dir='ltr'>ποῦς.»</span> <span class='ocrx_word' id='word_1_308' title='bbox 1006 2388 1135 2445; x_wconf 70' lang='grc' dir='ltr'>ἐὰν</span> <span class='ocrx_word' id='word_1_309' title='bbox 1207 2390 1365 2449; x_wconf 87' lang='grc' dir='ltr'>τοῦτο</span> <span class='ocrx_word' id='word_1_310' title='bbox 1414 2392 1589 2467; x_wconf 77' lang='grc' dir='ltr'>εῑπῃ,</span> <span class='ocrx_word' id='word_1_311' title='bbox 1663 2392 1747 2447; x_wconf 81' lang='grc' dir='ltr'>ὅτι</span> 
     </span>
    </p>
   </div>
   <div class='ocr_carea' id='block_1_41' title="bbox 204 2469 1743 2552">
    <p class='ocr_par' dir='ltr' id='par_1_41' title="bbox 204 2469 1743 2552">
     <span class='ocr_line' id='line_1_41' title="bbox 204 2469 1743 2552; baseline 0.01 -31"><span class='ocrx_word' id='word_1_312' title='bbox 204 2488 219 2521; x_wconf 84' lang='grc' dir='ltr'><strong>ι</strong></span> <span class='ocrx_word' id='word_1_313' title='bbox 247 2469 346 2525; x_wconf 78' lang='grc' dir='ltr'>Οὐκ</span> <span class='ocrx_word' id='word_1_314' title='bbox 366 2471 477 2543; x_wconf 74' lang='grc' dir='ltr'>εἰμὶ</span> <span class='ocrx_word' id='word_1_315' title='bbox 505 2476 573 2528; x_wconf 83' lang='grc' dir='ltr'><strong>ἐκ</strong></span> <span class='ocrx_word' id='word_1_316' title='bbox 608 2474 880 2547; x_wconf 83' lang='grc' dir='ltr'>σώματος,</span> <span class='ocrx_word' id='word_1_317' title='bbox 909 2496 928 2531; x_wconf 77' lang='grc' dir='ltr'><strong>ι</strong></span> <span class='ocrx_word' id='word_1_318' title='bbox 972 2480 1032 2534; x_wconf 74' lang='grc' dir='ltr'>οὐ</span> <span class='ocrx_word' id='word_1_319' title='bbox 1073 2481 1222 2552; x_wconf 55' lang='grc' dir='ltr'>παρα</span> <span class='ocrx_word' id='word_1_320' title='bbox 1252 2483 1315 2535; x_wconf 89' lang='grc' dir='ltr'>τὸ</span> <span class='ocrx_word' id='word_1_321' title='bbox 1347 2482 1546 2547; x_wconf 70' lang='grc' dir='ltr'>εἰπεῖν,</span> <span class='ocrx_word' id='word_1_322' title='bbox 1575 2502 1594 2536; x_wconf 81' lang='grc' dir='ltr'><strong>ι</strong></span> <span class='ocrx_word' id='word_1_323' title='bbox 1627 2484 1743 2537; x_wconf 73' lang='grc' dir='ltr'>Οὐκ</span> 
     </span>
    </p>
   </div>
   <div class='ocr_carea' id='block_1_42' title="bbox 199 2564 1743 2644">
    <p class='ocr_par' dir='ltr' id='par_1_42' title="bbox 199 2564 1743 2644">
     <span class='ocr_line' id='line_1_42' title="bbox 199 2564 1743 2644; baseline 0.01 -28"><span class='ocrx_word' id='word_1_324' title='bbox 199 2564 311 2633; x_wconf 78' lang='grc' dir='ltr'>εἰμὶ,</span> <span class='ocrx_word' id='word_1_325' title='bbox 344 2581 364 2617; x_wconf 74' lang='grc' dir='ltr'><strong>ι</strong></span> <span class='ocrx_word' id='word_1_326' title='bbox 396 2565 492 2637; x_wconf 69' lang='grc' dir='ltr'>ἤδη</span> <span class='ocrx_word' id='word_1_327' title='bbox 547 2568 765 2640; x_wconf 76' lang='grc' dir='ltr'>ἀπέστη</span> <span class='ocrx_word' id='word_1_328' title='bbox 824 2571 890 2624; x_wconf 79' lang='grc' dir='ltr'><strong>ἐκ</strong></span> <span class='ocrx_word' id='word_1_329' title='bbox 939 2571 1034 2626; x_wconf 79' lang='grc' dir='ltr'><strong>τοῦ</strong></span> <span class='ocrx_word' id='word_1_330' title='bbox 1061 2573 1330 2644; x_wconf 83' lang='grc' dir='ltr'>σώματος.</span> <span class='ocrx_word' id='word_1_331' title='bbox 1390 2575 1577 2640; x_wconf 73' lang='grc' dir='ltr'>Οὕτως</span> <span class='ocrx_word' id='word_1_332' title='bbox 1623 2576 1743 2631; x_wconf 85' lang='grc' dir='ltr'>οὐδέ</span> 
     </span>
    </p>
   </div>
   <div class='ocr_carea' id='block_1_43' title="bbox 202 2656 1741 2741">
    <p class='ocr_par' dir='ltr' id='par_1_43' title="bbox 202 2656 1741 2741">
     <span class='ocr_line' id='line_1_43' title="bbox 202 2656 1741 2741; baseline 0.011 -34"><span class='ocrx_word' id='word_1_333' title='bbox 202 2656 256 2708; x_wconf 80' lang='grc' dir='ltr'>σὺ</span> <span class='ocrx_word' id='word_1_334' title='bbox 298 2658 473 2729; x_wconf 76' lang='grc' dir='ltr'>ἐπειδὴ</span> <span class='ocrx_word' id='word_1_335' title='bbox 503 2659 631 2714; x_wconf 85' lang='grc' dir='ltr'>τόδε</span> <span class='ocrx_word' id='word_1_336' title='bbox 687 2662 833 2734; x_wconf 51' lang='grc' dir='ltr'>ἔχεις</span> <span class='ocrx_word' id='word_1_337' title='bbox 864 2666 1116 2736; x_wconf 78' lang='grc' dir='ltr'>χάρισμα</span> <span class='ocrx_word' id='word_1_338' title='bbox 1149 2667 1244 2721; x_wconf 70' lang='grc' dir='ltr'>καὶ</span> <span class='ocrx_word' id='word_1_339' title='bbox 1274 2668 1395 2739; x_wconf 76' lang='grc' dir='ltr'>οὐχὶ</span> <span class='ocrx_word' id='word_1_340' title='bbox 1438 2669 1581 2734; x_wconf 83' lang='grc' dir='ltr'>τόδε,</span> <span class='ocrx_word' id='word_1_341' title='bbox 1637 2669 1741 2741; x_wconf 73' lang='grc' dir='ltr'>ἤδη</span> 
     </span>
    </p>
   </div>
   <div class='ocr_carea' id='block_1_44' title="bbox 201 2746 1741 2826">
    <p class='ocr_par' dir='ltr' id='par_1_44' title="bbox 201 2746 1741 2826">
     <span class='ocr_line' id='line_1_44' title="bbox 201 2746 1741 2826; baseline 0.009 -27"><span class='ocrx_word' id='word_1_342' title='bbox 201 2746 443 2802; x_wconf 78' lang='grc' dir='ltr'>πέπαυσαι</span> <span class='ocrx_word' id='word_1_343' title='bbox 470 2750 569 2804; x_wconf 87' lang='grc' dir='ltr'><strong>τοῦ</strong></span> <span class='ocrx_word' id='word_1_344' title='bbox 606 2747 744 2807; x_wconf 52' lang='lat' dir='ltr'><strong>sint:</strong></span> <span class='ocrx_word' id='word_1_345' title='bbox 794 2754 955 2826; x_wconf 82' lang='grc' dir='ltr'>σῶμα</span> <span class='ocrx_word' id='word_1_346' title='bbox 1003 2755 1063 2810; x_wconf 75' lang='grc' dir='ltr'>ἓν</span> <span class='ocrx_word' id='word_1_347' title='bbox 1123 2758 1220 2812; x_wconf 80' lang='grc' dir='ltr'><strong>σὺν</strong></span> <span class='ocrx_word' id='word_1_348' title='bbox 1270 2761 1384 2823; x_wconf 83' lang='grc' dir='ltr'>τοῖς</span> <span class='ocrx_word' id='word_1_349' title='bbox 1412 2759 1613 2825; x_wconf 79' lang='grc' dir='ltr'>ἄλλοις.</span> <span class='ocrx_word' id='word_1_350' title='bbox 1646 2760 1741 2815; x_wconf 73' lang='grc' dir='ltr'><strong>«Εἰ</strong></span> 
     </span>
    </p>
   </div>
   <div class='ocr_carea' id='block_1_45' title="bbox 198 2842 1741 2929">
    <p class='ocr_par' dir='ltr' id='par_1_45' title="bbox 198 2842 1741 2929">
     <span class='ocr_line' id='line_1_45' title="bbox 198 2842 1741 2929; baseline 0.012 -35"><span class='ocrx_word' id='word_1_351' title='bbox 198 2842 297 2895; x_wconf 72' lang='grc' dir='ltr'>ὅλον</span> <span class='ocrx_word' id='word_1_352' title='bbox 342 2844 400 2899; x_wconf 87' lang='grc' dir='ltr'>τὸ</span> <span class='ocrx_word' id='word_1_353' title='bbox 441 2846 611 2917; x_wconf 83' lang='grc' dir='ltr'>σῶμα</span> <span class='ocrx_word' id='word_1_354' title='bbox 657 2849 989 2921; x_wconf 79' lang='grc' dir='ltr'>ὀφθαλμός.»</span> <span class='ocrx_word' id='word_1_355' title='bbox 1039 2854 1259 2928; x_wconf 78' lang='grc' dir='ltr'>Ἐπειδὴ</span> <span class='ocrx_word' id='word_1_356' title='bbox 1306 2856 1586 2929; x_wconf 79' lang='grc' dir='ltr'><strong>ὀφθαλμοῦ</strong></span> <span class='ocrx_word' id='word_1_357' title='bbox 1644 2859 1741 2913; x_wconf 74' lang='grc' dir='ltr'>καὶ</span> 
     </span>
    </p>
   </div>
   <div class='ocr_carea' id='block_1_46' title="bbox 201 2934 1744 3021">
    <p class='ocr_par' dir='ltr' id='par_1_46' title="bbox 201 2934 1744 3021">
     <span class='ocr_line' id='line_1_46' title="bbox 201 2934 1744 3021; baseline 0.011 -33"><span class='ocrx_word' id='word_1_358' title='bbox 201 2934 333 3000; x_wconf 74' lang='grc' dir='ltr'>ποδὸς</span> <span class='ocrx_word' id='word_1_359' title='bbox 360 2938 608 3010; x_wconf 87' lang='grc' dir='ltr'>ἐμνήσθη</span> <span class='ocrx_word' id='word_1_360' title='bbox 632 2980 648 3005; x_wconf 91' lang='grc'><strong>,</strong></span> <span class='ocrx_word' id='word_1_361' title='bbox 677 2942 741 2995; x_wconf 88' lang='grc' dir='ltr'><strong>ἐκ</strong></span> <span class='ocrx_word' id='word_1_362' title='bbox 760 2943 815 2997; x_wconf 78' lang='grc' dir='ltr'><strong>δέ</strong></span> <span class='ocrx_word' id='word_1_363' title='bbox 849 2945 1038 3000; x_wconf 81' lang='grc' dir='ltr'>τούτου</span> <span class='ocrx_word' id='word_1_364' title='bbox 1070 2947 1343 3018; x_wconf 76' lang='grc' dir='ltr'>ἐλύπησεν</span> <span class='ocrx_word' id='word_1_365' title='bbox 1394 2949 1744 3021; x_wconf 79' lang='grc' dir='ltr'>αινιξόιμενος</span> 
     </span>
    </p>
   </div>
   <div class='ocr_carea' id='block_1_47' title="bbox 200 3026 1743 3112">
    <p class='ocr_par' dir='ltr' id='par_1_47' title="bbox 200 3026 1743 3112">
     <span class='ocr_line' id='line_1_47' title="bbox 200 3026 1743 3112; baseline 0.013 -36"><span class='ocrx_word' id='word_1_366' title='bbox 200 3026 274 3077; x_wconf 75' lang='grc' dir='ltr'>καὶ</span> <span class='ocrx_word' id='word_1_367' title='bbox 323 3028 513 3094; x_wconf 79' lang='grc' dir='ltr'>αὐτοὺς</span> <span class='ocrx_word' id='word_1_368' title='bbox 567 3030 864 3089; x_wconf 76' lang='grc' dir='ltr'>ἐλάττωσίν</span> <span class='ocrx_word' id='word_1_369' title='bbox 905 3053 1025 3091; x_wconf 85' lang='grc' dir='ltr'>τινα</span> <span class='ocrx_word' id='word_1_370' title='bbox 1050 3037 1226 3107; x_wconf 78' lang='grc' dir='ltr'>ἔχειν,</span> <span class='ocrx_word' id='word_1_371' title='bbox 1271 3038 1463 3112; x_wconf 84' lang='grc' dir='ltr'>ὥσπερ</span> <span class='ocrx_word' id='word_1_372' title='bbox 1514 3043 1611 3096; x_wconf 76' lang='grc' dir='ltr'><strong>καὶ</strong></span> <span class='ocrx_word' id='word_1_373' title='bbox 1648 3042 1743 3096; x_wconf 73' lang='grc' dir='ltr'>ἐπὶ</span> 
     </span>
    </p>
   </div>
   <div class='ocr_carea' id='block_1_48' title="bbox 197 3117 1740 3205">
    <p class='ocr_par' dir='ltr' id='par_1_48' title="bbox 197 3117 1740 3205">
     <span class='ocr_line' id='line_1_48' title="bbox 197 3117 1740 3205; baseline 0.018 -37"><span class='ocrx_word' id='word_1_374' title='bbox 197 3117 287 3170; x_wconf 81' lang='grc' dir='ltr'>τῶν</span> <span class='ocrx_word' id='word_1_375' title='bbox 325 3122 518 3191; x_wconf 82' lang='grc' dir='ltr'>μελῶν,</span> <span class='ocrx_word' id='word_1_376' title='bbox 570 3124 668 3179; x_wconf 89' lang='grc' dir='ltr'><strong>νῦν</strong></span> <span class='ocrx_word' id='word_1_377' title='bbox 714 3126 984 3182; x_wconf 85' lang='grc' dir='ltr'>δείκνυσιν</span> <span class='ocrx_word' id='word_1_378' title='bbox 1015 3129 1191 3195; x_wconf 76' lang='grc' dir='ltr'>οὕτως</span> <span class='ocrx_word' id='word_1_379' title='bbox 1230 3127 1373 3186; x_wconf 76' lang='grc' dir='ltr'>εἶναι</span> <span class='ocrx_word' id='word_1_380' title='bbox 1435 3133 1740 3205; x_wconf 81' lang='grc' dir='ltr'>συμφέρον.</span> 
     </span>
    </p>
   </div>
   <div class='ocr_carea' id='block_1_49' title="bbox 198 3209 1743 3296">
    <p class='ocr_par' dir='ltr' id='par_1_49' title="bbox 198 3209 1743 3296">
     <span class='ocr_line' id='line_1_49' title="bbox 198 3209 1743 3296; baseline 0.012 -36"><span class='ocrx_word' id='word_1_381' title='bbox 198 3210 246 3261; x_wconf 78' lang='grc' dir='ltr'>τὸ</span> <span class='ocrx_word' id='word_1_382' title='bbox 269 3211 500 3292; x_wconf 63' lang='grc' dir='ltr'>διάφορα</span> <span class='ocrx_word' id='word_1_383' title='bbox 526 3209 673 3270; x_wconf 76' lang='grc' dir='ltr'>εἶναι</span> <span class='ocrx_word' id='word_1_384' title='bbox 700 3218 1036 3290; x_wconf 75' lang='grc' dir='ltr'>χαρίσματα.</span> <span class='ocrx_word' id='word_1_385' title='bbox 1095 3221 1303 3294; x_wconf 81' lang='grc' dir='ltr'>Ὥσπερ</span> <span class='ocrx_word' id='word_1_386' title='bbox 1345 3222 1452 3294; x_wconf 83' lang='grc' dir='ltr'><strong>γὰρ</strong></span> <span class='ocrx_word' id='word_1_387' title='bbox 1484 3222 1546 3278; x_wconf 89' lang='grc' dir='ltr'>τὸ</span> <span class='ocrx_word' id='word_1_388' title='bbox 1583 3223 1743 3296; x_wconf 82' lang='grc' dir='ltr'>σῶμα</span> 
     </span>
    </p>
   </div>
   <div class='ocr_carea' id='block_1_50' title="bbox 194 3301 1746 3385">
    <p class='ocr_par' dir='ltr' id='par_1_50' title="bbox 194 3301 1746 3385">
     <span class='ocr_line' id='line_1_50' title="bbox 194 3301 1746 3385; baseline 0.01 -30"><span class='ocrx_word' id='word_1_389' title='bbox 194 3301 266 3356; x_wconf 68' lang='grc' dir='ltr'><strong>διὰ</strong></span> <span class='ocrx_word' id='word_1_390' title='bbox 296 3303 444 3358; x_wconf 83' lang='grc' dir='ltr'>τοῦτό</span> <span class='ocrx_word' id='word_1_391' title='bbox 500 3308 626 3362; x_wconf 82' lang='grc' dir='ltr'>ἐστι</span> <span class='ocrx_word' id='word_1_392' title='bbox 683 3309 880 3381; x_wconf 84' lang='grc' dir='ltr'>σῶμα,</span> <span class='ocrx_word' id='word_1_393' title='bbox 931 3311 1122 3383; x_wconf 78' lang='grc' dir='ltr'>ἐπειδὴ</span> <span class='ocrx_word' id='word_1_394' title='bbox 1172 3314 1239 3367; x_wconf 83' lang='grc' dir='ltr'><strong>ἐκ</strong></span> <span class='ocrx_word' id='word_1_395' title='bbox 1293 3313 1565 3385; x_wconf 84' lang='grc' dir='ltr'>διαφόρων</span> <span class='ocrx_word' id='word_1_396' title='bbox 1619 3333 1746 3369; x_wconf 85' lang='grc' dir='ltr'>συν-</span> 
     </span>
    </p>
   </div>
   <div class='ocr_carea' id='block_1_51' title="bbox 1922 2388 3418 2464">
    <p class='ocr_par' dir='ltr' id='par_1_51' title="bbox 1922 2388 3418 2464">
     <span class='ocr_line' id='line_1_51' title="bbox 1922 2388 3418 2464; baseline 0 -18"><span class='ocrx_word' id='word_1_397' title='bbox 1922 2410 1943 2446; x_wconf 79' lang='grc' dir='ltr'><strong>ι</strong></span> <span class='ocrx_word' id='word_1_398' title='bbox 1982 2390 2206 2448; x_wconf 89' lang='lat' dir='ltr'><strong>Sidicat</strong></span> <span class='ocrx_word' id='word_1_399' title='bbox 2237 2406 2353 2464; x_wconf 90' lang='lat' dir='ltr'><strong>pes.</strong></span> <span class='ocrx_word' id='word_1_400' title='bbox 2393 2410 2413 2445; x_wconf 73' lang='grc' dir='ltr'><strong>ι</strong></span> <span class='ocrx_word' id='word_1_401' title='bbox 2445 2389 2502 2447; x_wconf 90' lang='lat' dir='ltr'><strong>Si</strong></span> <span class='ocrx_word' id='word_1_402' title='bbox 2527 2389 2633 2447; x_wconf 88' lang='lat' dir='ltr'><strong>hoc</strong></span> <span class='ocrx_word' id='word_1_403' title='bbox 2661 2389 2891 2449; x_wconf 63' lang='lat' dir='ltr'><strong>dicatu</strong></span> <span class='ocrx_word' id='word_1_404' title='bbox 2919 2389 3035 2445; x_wconf 84' lang='lat' dir='ltr'><strong>Non</strong></span> <span class='ocrx_word' id='word_1_405' title='bbox 3058 2402 3178 2445; x_wconf 85' lang='lat' dir='ltr'><strong>sum</strong></span> <span class='ocrx_word' id='word_1_406' title='bbox 3199 2388 3267 2446; x_wconf 87' lang='lat' dir='ltr'><strong>de</strong></span> <span class='ocrx_word' id='word_1_407' title='bbox 3289 2406 3418 2446; x_wconf 57' lang='lat' dir='ltr'><strong>cor.</strong></span> 
     </span>
    </p>
   </div>
   <div class='ocr_carea' id='block_1_52' title="bbox 1846 2479 3404 2554">
    <p class='ocr_par' dir='ltr' id='par_1_52' title="bbox 1846 2479 3404 2554">
     <span class='ocr_line' id='line_1_52' title="bbox 1846 2479 3404 2554; baseline -0.003 -15"><span class='ocrx_word' id='word_1_408' title='bbox 1846 2494 1999 2553; x_wconf 83' lang='lat' dir='ltr'><strong>pore,</strong></span> <span class='ocrx_word' id='word_1_409' title='bbox 2033 2502 2051 2535; x_wconf 74' lang='grc' dir='ltr'><strong>ι</strong></span> <span class='ocrx_word' id='word_1_410' title='bbox 2086 2497 2196 2538; x_wconf 90' lang='lat' dir='ltr'><strong>non</strong></span> <span class='ocrx_word' id='word_1_411' title='bbox 2260 2492 2485 2554; x_wconf 89' lang='lat' dir='ltr'><strong>propter</strong></span> <span class='ocrx_word' id='word_1_412' title='bbox 2533 2482 2669 2538; x_wconf 87' lang='lat' dir='ltr'><strong>illud</strong></span> <span class='ocrx_word' id='word_1_413' title='bbox 2722 2482 2928 2550; x_wconf 88' lang='lat' dir='ltr'><strong>dicere,</strong></span> <span class='ocrx_word' id='word_1_414' title='bbox 2965 2501 2984 2534; x_wconf 79' lang='grc' dir='ltr'><strong>ι</strong></span> <span class='ocrx_word' id='word_1_415' title='bbox 3036 2479 3155 2537; x_wconf 84' lang='lat' dir='ltr'><strong>Non</strong></span> <span class='ocrx_word' id='word_1_416' title='bbox 3204 2498 3346 2547; x_wconf 86' lang='lat' dir='ltr'><strong>sum,</strong></span> <span class='ocrx_word' id='word_1_417' title='bbox 3386 2501 3404 2534; x_wconf 72' lang='grc' dir='ltr'><strong>ι</strong></span> 
     </span>
    </p>
   </div>
   <div class='ocr_carea' id='block_1_53' title="bbox 1841 2575 3413 2647">
    <p class='ocr_par' dir='ltr' id='par_1_53' title="bbox 1841 2575 3413 2647">
     <span class='ocr_line' id='line_1_53' title="bbox 1841 2575 3413 2647; baseline 0.001 -16"><span class='ocrx_word' id='word_1_418' title='bbox 1841 2576 1954 2647; x_wconf 87' lang='lat' dir='ltr'><strong>jam</strong></span> <span class='ocrx_word' id='word_1_419' title='bbox 1984 2576 2138 2632; x_wconf 87' lang='lat' dir='ltr'><strong>abest</strong></span> <span class='ocrx_word' id='word_1_420' title='bbox 2181 2593 2213 2632; x_wconf 86' lang='lat' dir='ltr'><strong>a</strong></span> <span class='ocrx_word' id='word_1_421' title='bbox 2252 2591 2514 2647; x_wconf 89' lang='lat' dir='ltr'><strong>corpore:</strong></span> <span class='ocrx_word' id='word_1_422' title='bbox 2551 2576 2630 2631; x_wconf 87' lang='lat' dir='ltr'><strong>sic</strong></span> <span class='ocrx_word' id='word_1_423' title='bbox 2684 2591 2862 2646; x_wconf 87' lang='lat' dir='ltr'><strong>neque</strong></span> <span class='ocrx_word' id='word_1_424' title='bbox 2911 2586 2970 2631; x_wconf 94' lang='lat' dir='ltr'><strong>tu</strong></span> <span class='ocrx_word' id='word_1_425' title='bbox 3021 2590 3088 2632; x_wconf 91' lang='lat' dir='ltr'><strong>eo</strong></span> <span class='ocrx_word' id='word_1_426' title='bbox 3117 2575 3264 2647; x_wconf 92' lang='lat' dir='ltr'><strong>quod</strong></span> <span class='ocrx_word' id='word_1_427' title='bbox 3307 2577 3413 2632; x_wconf 89' lang='lat' dir='ltr'><strong>boc</strong></span> 
     </span>
    </p>
   </div>
   <div class='ocr_carea' id='block_1_54' title="bbox 1848 2666 3415 2735">
    <p class='ocr_par' dir='ltr' id='par_1_54' title="bbox 1848 2666 3415 2735">
     <span class='ocr_line' id='line_1_54' title="bbox 1848 2666 3415 2735; baseline 0.001 -13"><span class='ocrx_word' id='word_1_428' title='bbox 1848 2667 2052 2723; x_wconf 82' lang='lat' dir='ltr'><strong>habeas</strong></span> <span class='ocrx_word' id='word_1_429' title='bbox 2084 2667 2288 2723; x_wconf 85' lang='lat' dir='ltr'><strong>donum</strong></span> <span class='ocrx_word' id='word_1_430' title='bbox 2313 2675 2369 2723; x_wconf 92' lang='lat' dir='ltr'><strong>et</strong></span> <span class='ocrx_word' id='word_1_431' title='bbox 2400 2682 2510 2724; x_wconf 92' lang='lat' dir='ltr'><strong>non</strong></span> <span class='ocrx_word' id='word_1_432' title='bbox 2537 2666 2693 2733; x_wconf 88' lang='lat' dir='ltr'><strong>illud,</strong></span> <span class='ocrx_word' id='word_1_433' title='bbox 2723 2666 2837 2735; x_wconf 86' lang='lat' dir='ltr'><strong>jam</strong></span> <span class='ocrx_word' id='word_1_434' title='bbox 2868 2667 3074 2724; x_wconf 87' lang='lat' dir='ltr'><strong>desinis</strong></span> <span class='ocrx_word' id='word_1_435' title='bbox 3102 2682 3223 2723; x_wconf 89' lang='lat' dir='ltr'><strong>cum</strong></span> <span class='ocrx_word' id='word_1_436' title='bbox 3247 2668 3415 2723; x_wconf 70' lang='lat' dir='ltr'><strong>caue-</strong></span> 
     </span>
    </p>
   </div>
   <div class='ocr_carea' id='block_1_55' title="bbox 1847 2758 3413 2831">
    <p class='ocr_par' dir='ltr' id='par_1_55' title="bbox 1847 2758 3413 2831">
     <span class='ocr_line' id='line_1_55' title="bbox 1847 2758 3413 2831; baseline -0.001 -18"><span class='ocrx_word' id='word_1_437' title='bbox 1847 2760 1923 2814; x_wconf 89' lang='lat' dir='ltr'><strong>ris</strong></span> <span class='ocrx_word' id='word_1_438' title='bbox 1945 2758 2352 2813; x_wconf 77' lang='lat' dir='ltr'><strong>unuineiﬁcere</strong></span> <span class='ocrx_word' id='word_1_439' title='bbox 2382 2774 2607 2831; x_wconf 90' lang='lat' dir='ltr'><strong>corpus.</strong></span> <span class='ocrx_word' id='word_1_440' title='bbox 2651 2778 2671 2810; x_wconf 74' lang='grc' dir='ltr'><strong>ι</strong></span> <span class='ocrx_word' id='word_1_441' title='bbox 2713 2759 2768 2813; x_wconf 88' lang='lat' dir='ltr'><strong>Si</strong></span> <span class='ocrx_word' id='word_1_442' title='bbox 2806 2766 2981 2813; x_wconf 90' lang='lat' dir='ltr'><strong>totum</strong></span> <span class='ocrx_word' id='word_1_443' title='bbox 3022 2774 3222 2829; x_wconf 86' lang='lat' dir='ltr'><strong>corpus</strong></span> <span class='ocrx_word' id='word_1_444' title='bbox 3277 2775 3413 2814; x_wconf 91' lang='lat' dir='ltr'><strong>ocu-</strong></span> 
     </span>
    </p>
   </div>
   <div class='ocr_carea' id='block_1_56' title="bbox 1841 2849 3415 2921">
    <p class='ocr_par' dir='ltr' id='par_1_56' title="bbox 1841 2849 3415 2921">
     <span class='ocr_line' id='line_1_56' title="bbox 1841 2849 3415 2921; baseline 0.001 -18"><span class='ocrx_word' id='word_1_445' title='bbox 1841 2849 1950 2904; x_wconf 90' lang='lat' dir='ltr'><strong>lus.</strong></span> <span class='ocrx_word' id='word_1_446' title='bbox 1988 2867 2007 2901; x_wconf 73' lang='grc' dir='ltr'><strong>ι</strong></span> <span class='ocrx_word' id='word_1_447' title='bbox 2037 2849 2492 2921; x_wconf 83' lang='lat' dir='ltr'><strong>Quanquuidem</strong></span> <span class='ocrx_word' id='word_1_448' title='bbox 2544 2850 2690 2905; x_wconf 87' lang='lat' dir='ltr'><strong>ocuii</strong></span> <span class='ocrx_word' id='word_1_449' title='bbox 2739 2864 2803 2903; x_wconf 88' lang='lat' dir='ltr'><strong>ac</strong></span> <span class='ocrx_word' id='word_1_450' title='bbox 2853 2850 3009 2919; x_wconf 88' lang='lat' dir='ltr'><strong>pedis</strong></span> <span class='ocrx_word' id='word_1_451' title='bbox 3050 2850 3317 2913; x_wconf 86' lang='lat' dir='ltr'><strong>meminit,</strong></span> <span class='ocrx_word' id='word_1_452' title='bbox 3359 2859 3415 2905; x_wconf 90' lang='lat' dir='ltr'><strong>et</strong></span> 
     </span>
    </p>
   </div>
   <div class='ocr_carea' id='block_1_57' title="bbox 1840 2940 3422 3012">
    <p class='ocr_par' dir='ltr' id='par_1_57' title="bbox 1840 2940 3422 3012">
     <span class='ocr_line' id='line_1_57' title="bbox 1840 2940 3422 3012; baseline -0.001 -16"><span class='ocrx_word' id='word_1_453' title='bbox 1840 2956 1906 2996; x_wconf 79' lang='lat' dir='ltr'><strong>ex</strong></span> <span class='ocrx_word' id='word_1_454' title='bbox 1941 2940 2045 2997; x_wconf 92' lang='lat' dir='ltr'><strong>boe</strong></span> <span class='ocrx_word' id='word_1_455' title='bbox 2061 2955 2296 2997; x_wconf 77' lang='lat' dir='ltr'><strong>mmrore</strong></span> <span class='ocrx_word' id='word_1_456' title='bbox 2325 2956 2420 2999; x_wconf 90' lang='lat' dir='ltr'><strong>eos</strong></span> <span class='ocrx_word' id='word_1_457' title='bbox 2438 2941 2642 3006; x_wconf 79' lang='lat' dir='ltr'><strong>aﬂ&#39;ecit,</strong></span> <span class='ocrx_word' id='word_1_458' title='bbox 2697 2941 2934 2996; x_wconf 86' lang='lat' dir='ltr'><strong>innuens</strong></span> <span class='ocrx_word' id='word_1_459' title='bbox 2964 2944 3110 3012; x_wconf 87' lang='lat' dir='ltr'><strong>ipsos</strong></span> <span class='ocrx_word' id='word_1_460' title='bbox 3144 2942 3422 3012; x_wconf 63' lang='grc' dir='ltr'><strong>(ιιιοιιτιιιιω⁵</strong></span> 
     </span>
    </p>
   </div>
   <div class='ocr_carea' id='block_1_58' title="bbox 1847 3032 3414 3103">
    <p class='ocr_par' dir='ltr' id='par_1_58' title="bbox 1847 3032 3414 3103">
     <span class='ocr_line' id='line_1_58' title="bbox 1847 3032 3414 3103; baseline 0.001 -18"><span class='ocrx_word' id='word_1_461' title='bbox 1847 3032 2013 3088; x_wconf 82' lang='lat' dir='ltr'><strong>modo</strong></span> <span class='ocrx_word' id='word_1_462' title='bbox 2040 3032 2330 3090; x_wconf 78' lang='lat' dir='ltr'><strong>inferiores</strong></span> <span class='ocrx_word' id='word_1_463' title='bbox 2363 3048 2505 3098; x_wconf 81' lang='lat' dir='ltr'><strong>esse,</strong></span> <span class='ocrx_word' id='word_1_464' title='bbox 2539 3032 3001 3103; x_wconf 90' lang='lat' dir='ltr'><strong>quemadmodum</strong></span> <span class='ocrx_word' id='word_1_465' title='bbox 3036 3041 3091 3087; x_wconf 91' lang='lat' dir='ltr'><strong>et</strong></span> <span class='ocrx_word' id='word_1_466' title='bbox 3128 3032 3182 3088; x_wconf 92' lang='lat' dir='ltr'><strong>in</strong></span> <span class='ocrx_word' id='word_1_467' title='bbox 3239 3048 3414 3089; x_wconf 81' lang='lat' dir='ltr'><strong>mein-</strong></span> 
     </span>
    </p>
   </div>
   <div class='ocr_carea' id='block_1_59' title="bbox 1843 3124 3418 3195">
    <p class='ocr_par' dir='ltr' id='par_1_59' title="bbox 1843 3124 3418 3195">
     <span class='ocr_line' id='line_1_59' title="bbox 1843 3124 3418 3195; baseline 0.001 -16"><span class='ocrx_word' id='word_1_468' title='bbox 1843 3124 1997 3180; x_wconf 87' lang='lat' dir='ltr'><strong>bris:</strong></span> <span class='ocrx_word' id='word_1_469' title='bbox 2031 3126 2274 3180; x_wconf 56' lang='lat' dir='ltr'><strong>ostenrtit</strong></span> <span class='ocrx_word' id='word_1_470' title='bbox 2326 3140 2477 3180; x_wconf 91' lang='lat' dir='ltr'><strong>nunc</strong></span> <span class='ocrx_word' id='word_1_471' title='bbox 2535 3126 2607 3180; x_wconf 88' lang='lat' dir='ltr'><strong>ita</strong></span> <span class='ocrx_word' id='word_1_472' title='bbox 2661 3125 2939 3195; x_wconf 74' lang='lat' dir='ltr'><strong>expedire,</strong></span> <span class='ocrx_word' id='word_1_473' title='bbox 2996 3134 3053 3179; x_wconf 93' lang='lat' dir='ltr'><strong>ut</strong></span> <span class='ocrx_word' id='word_1_474' title='bbox 3102 3126 3249 3180; x_wconf 82' lang='lat' dir='ltr'><strong>varia</strong></span> <span class='ocrx_word' id='word_1_475' title='bbox 3304 3127 3418 3182; x_wconf 90' lang='lat' dir='ltr'><strong>sint</strong></span> 
     </span>
    </p>
   </div>
   <div class='ocr_carea' id='block_1_60' title="bbox 1848 3212 3417 3289">
    <p class='ocr_par' dir='ltr' id='par_1_60' title="bbox 1848 3212 3417 3289">
     <span class='ocr_line' id='line_1_60' title="bbox 1848 3212 3417 3289; baseline 0.003 -20"><span class='ocrx_word' id='word_1_476' title='bbox 1848 3212 2014 3269; x_wconf 90' lang='lat' dir='ltr'><strong>dona.</strong></span> <span class='ocrx_word' id='word_1_477' title='bbox 2052 3214 2204 3271; x_wconf 88' lang='lat' dir='ltr'><strong>Sicut</strong></span> <span class='ocrx_word' id='word_1_478' title='bbox 2236 3215 2381 3271; x_wconf 88' lang='lat' dir='ltr'><strong>enim</strong></span> <span class='ocrx_word' id='word_1_479' title='bbox 2415 3231 2618 3287; x_wconf 89' lang='lat' dir='ltr'><strong>corpus</strong></span> <span class='ocrx_word' id='word_1_480' title='bbox 2663 3216 2786 3271; x_wconf 91' lang='lat' dir='ltr'><strong>ideo</strong></span> <span class='ocrx_word' id='word_1_481' title='bbox 2819 3225 2903 3273; x_wconf 88' lang='lat' dir='ltr'><strong>est</strong></span> <span class='ocrx_word' id='word_1_482' title='bbox 2927 3231 3152 3287; x_wconf 88' lang='lat' dir='ltr'><strong>corpus,</strong></span> <span class='ocrx_word' id='word_1_483' title='bbox 3181 3219 3307 3289; x_wconf 86' lang='lat' dir='ltr'><strong>quia</strong></span> <span class='ocrx_word' id='word_1_484' title='bbox 3349 3236 3417 3274; x_wconf 80' lang='lat' dir='ltr'><strong>ex</strong></span> 
     </span>
    </p>
   </div>
   <div class='ocr_carea' id='block_1_61' title="bbox 1850 3307 3415 3379">
    <p class='ocr_par' dir='ltr' id='par_1_61' title="bbox 1850 3307 3415 3379">
     <span class='ocr_line' id='line_1_61' title="bbox 1850 3307 3415 3379; baseline 0.003 -17"><span class='ocrx_word' id='word_1_485' title='bbox 1850 3307 2019 3363; x_wconf 81' lang='lat' dir='ltr'><strong>variis</strong></span> <span class='ocrx_word' id='word_1_486' title='bbox 2052 3308 2410 3365; x_wconf 83' lang='lat' dir='ltr'><strong>constituitur</strong></span> <span class='ocrx_word' id='word_1_487' title='bbox 2441 3310 2733 3365; x_wconf 84' lang='lat' dir='ltr'><strong>membris:</strong></span> <span class='ocrx_word' id='word_1_488' title='bbox 2764 3310 2836 3363; x_wconf 85' lang='lat' dir='ltr'><strong>ita</strong></span> <span class='ocrx_word' id='word_1_489' title='bbox 2867 3319 2921 3366; x_wconf 93' lang='lat' dir='ltr'><strong>et</strong></span> <span class='ocrx_word' id='word_1_490' title='bbox 2951 3326 3156 3379; x_wconf 87' lang='lat' dir='ltr'><strong>corpus</strong></span> <span class='ocrx_word' id='word_1_491' title='bbox 3184 3311 3415 3373; x_wconf 83' lang='lat' dir='ltr'><strong>Christi.</strong></span> 
     </span>
    </p>
   </div>
   <div class='ocr_carea' id='block_1_62' title="bbox 196 3394 1742 3479">
    <p class='ocr_par' dir='ltr' id='par_1_62' title="bbox 196 3394 1738 3479">
     <span class='ocr_line' id='line_1_62' title="bbox 196 3394 1738 3479; baseline 0.012 -35"><span class='ocrx_word' id='word_1_492' title='bbox 196 3394 365 3464; x_wconf 70' lang='grc' dir='ltr'>ἔστηκε</span> <span class='ocrx_word' id='word_1_493' title='bbox 404 3397 607 3469; x_wconf 79' lang='grc' dir='ltr'>μελῶν,</span> <span class='ocrx_word' id='word_1_494' title='bbox 638 3399 814 3465; x_wconf 73' lang='grc' dir='ltr'>οὕτως</span> <span class='ocrx_word' id='word_1_495' title='bbox 871 3405 966 3456; x_wconf 82' lang='grc' dir='ltr'>καὶ</span> <span class='ocrx_word' id='word_1_496' title='bbox 1023 3404 1085 3457; x_wconf 89' lang='grc' dir='ltr'>τὸ</span> <span class='ocrx_word' id='word_1_497' title='bbox 1134 3403 1292 3476; x_wconf 82' lang='grc' dir='ltr'>σῶμα</span> <span class='ocrx_word' id='word_1_498' title='bbox 1337 3406 1429 3460; x_wconf 88' lang='grc' dir='ltr'><strong>τοῦ</strong></span> <span class='ocrx_word' id='word_1_499' title='bbox 1473 3408 1738 3479; x_wconf 83' lang='grc' dir='ltr'>Χριστοῦ,</span> 
     </span>
    </p>
   </div>
   <div class='ocr_carea' id='block_1_63' title="bbox 1846 3394 3421 3479">
    <p class='ocr_par' dir='ltr' id='par_1_63' title="bbox 1849 3397 3421 3471">
     <span class='ocr_line' id='line_1_63' title="bbox 1849 3397 3421 3471; baseline 0.001 -19"><span class='ocrx_word' id='word_1_500' title='bbox 1849 3397 1901 3452; x_wconf 88' lang='lat' dir='ltr'><strong>id</strong></span> <span class='ocrx_word' id='word_1_501' title='bbox 1940 3408 2048 3465; x_wconf 87' lang='lat' dir='ltr'><strong>est,</strong></span> <span class='ocrx_word' id='word_1_502' title='bbox 2092 3398 2419 3468; x_wconf 85' lang='lat' dir='ltr'><strong>Ecclesiam,</strong></span> <span class='ocrx_word' id='word_1_503' title='bbox 2460 3400 2563 3454; x_wconf 90' lang='lat' dir='ltr'><strong>boc</strong></span> <span class='ocrx_word' id='word_1_504' title='bbox 2623 3399 2750 3454; x_wconf 77' lang='lat' dir='ltr'><strong>facit</strong></span> <span class='ocrx_word' id='word_1_505' title='bbox 2778 3416 2901 3456; x_wconf 91' lang='lat' dir='ltr'><strong>esse</strong></span> <span class='ocrx_word' id='word_1_506' title='bbox 2950 3416 3171 3469; x_wconf 89' lang='lat' dir='ltr'><strong>corpus,</strong></span> <span class='ocrx_word' id='word_1_507' title='bbox 3224 3418 3421 3471; x_wconf 83' lang='lat' dir='ltr'><strong>nempe</strong></span> 
     </span>
    </p>
   </div>
   <div class='ocr_carea' id='block_1_64' title="bbox 196 3489 1745 3570">
    <p class='ocr_par' dir='ltr' id='par_1_64' title="bbox 196 3489 1745 3570">
     <span class='ocr_line' id='line_1_64' title="bbox 196 3489 1745 3570; baseline 0.01 -32"><span class='ocrx_word' id='word_1_508' title='bbox 196 3489 410 3544; x_wconf 69' lang='grc' dir='ltr'>τουτέστι</span> <span class='ocrx_word' id='word_1_509' title='bbox 457 3493 567 3563; x_wconf 81' lang='grc' dir='ltr'>τὴν</span> <span class='ocrx_word' id='word_1_510' title='bbox 616 3492 969 3564; x_wconf 81' lang='grc' dir='ltr'>Ἐκκλησίαν,</span> <span class='ocrx_word' id='word_1_511' title='bbox 997 3496 1157 3550; x_wconf 88' lang='grc' dir='ltr'>τοῦτο</span> <span class='ocrx_word' id='word_1_512' title='bbox 1212 3492 1355 3554; x_wconf 85' lang='grc' dir='ltr'>εῐναι</span> <span class='ocrx_word' id='word_1_513' title='bbox 1387 3501 1532 3554; x_wconf 84' lang='grc' dir='ltr'>ποιεῖ</span> <span class='ocrx_word' id='word_1_514' title='bbox 1559 3500 1745 3570; x_wconf 87' lang='grc' dir='ltr'>σῶμα,</span> 
     </span>
    </p>
   </div>
   <div class='ocr_carea' id='block_1_65' title="bbox 196 3582 1747 3658">
    <p class='ocr_par' dir='ltr' id='par_1_65' title="bbox 196 3582 1747 3658">
     <span class='ocr_line' id='line_1_65' title="bbox 196 3582 1747 3658; baseline 0.008 -24"><span class='ocrx_word' id='word_1_515' title='bbox 196 3582 458 3655; x_wconf 77' lang='grc' dir='ltr'>ἡδιαφορὰ</span> <span class='ocrx_word' id='word_1_516' title='bbox 487 3585 609 3639; x_wconf 86' lang='grc' dir='ltr'><strong>τῶν</strong></span> <span class='ocrx_word' id='word_1_517' title='bbox 665 3588 1032 3658; x_wconf 83' lang='grc' dir='ltr'>χαρισμάτων</span> <span class='ocrx_word' id='word_1_518' title='bbox 1067 3588 1163 3644; x_wconf 76' lang='grc' dir='ltr'>καὶ</span> <span class='ocrx_word' id='word_1_519' title='bbox 1212 3590 1522 3645; x_wconf 82' lang='grc' dir='ltr'>διακονιῶν.</span> <span class='ocrx_word' id='word_1_520' title='bbox 1557 3610 1575 3645; x_wconf 82' lang='grc' dir='ltr'><strong>ι</strong></span> <span class='ocrx_word' id='word_1_521' title='bbox 1606 3593 1747 3647; x_wconf 78' lang='grc' dir='ltr'>Νυνὶ</span> 
     </span>
    </p>
   </div>
   <div class='ocr_carea' id='block_1_66' title="bbox 192 3672 1746 3757">
    <p class='ocr_par' dir='ltr' id='par_1_66' title="bbox 192 3672 1746 3757">
     <span class='ocr_line' id='line_1_66' title="bbox 192 3672 1746 3757; baseline 0.01 -31"><span class='ocrx_word' id='word_1_522' title='bbox 192 3672 284 3728; x_wconf 81' lang='grc' dir='ltr'><strong>δέό</strong></span> <span class='ocrx_word' id='word_1_523' title='bbox 305 3675 429 3743; x_wconf 82' lang='grc' dir='ltr'>Θεὸς</span> <span class='ocrx_word' id='word_1_524' title='bbox 462 3677 675 3733; x_wconf 70' lang='grc' dir='ltr'>ἔθετο.»</span> <span class='ocrx_word' id='word_1_525' title='bbox 702 3680 845 3749; x_wconf 87' lang='grc' dir='ltr'>Ὅρα</span> <span class='ocrx_word' id='word_1_526' title='bbox 880 3680 1160 3736; x_wconf 74' lang='grc' dir='ltr'>κάνταῦθα</span> <span class='ocrx_word' id='word_1_527' title='bbox 1230 3682 1347 3747; x_wconf 82' lang='grc' dir='ltr'><strong>πῶς</strong></span> <span class='ocrx_word' id='word_1_528' title='bbox 1414 3684 1746 3757; x_wconf 80' lang='grc' dir='ltr'>τρανότερον</span> 
     </span>
    </p>
   </div>
   <div class='ocr_carea' id='block_1_67' title="bbox 193 3769 1746 3849">
    <p class='ocr_par' dir='ltr' id='par_1_67' title="bbox 193 3769 1746 3849">
     <span class='ocr_line' id='line_1_67' title="bbox 193 3769 1746 3849; baseline 0.008 -30"><span class='ocrx_word' id='word_1_529' title='bbox 193 3769 273 3821; x_wconf 82' lang='grc' dir='ltr'>καὶ</span> <span class='ocrx_word' id='word_1_530' title='bbox 291 3770 448 3842; x_wconf 86' lang='grc' dir='ltr'>χωρίς</span> <span class='ocrx_word' id='word_1_531' title='bbox 479 3790 632 3835; x_wconf 87' lang='grc' dir='ltr'>τινος</span> <span class='ocrx_word' id='word_1_532' title='bbox 660 3773 1081 3845; x_wconf 76' lang='grc' dir='ltr'>ἁμφιδολογίας,</span> <span class='ocrx_word' id='word_1_533' title='bbox 1110 3775 1172 3830; x_wconf 91' lang='grc' dir='ltr'>τὸ</span> <span class='ocrx_word' id='word_1_534' title='bbox 1218 3776 1447 3849; x_wconf 80' lang='grc' dir='ltr'>Πνεῦμα</span> <span class='ocrx_word' id='word_1_535' title='bbox 1473 3777 1607 3833; x_wconf 85' lang='grc' dir='ltr'>Θεὸν</span> <span class='ocrx_word' id='word_1_536' title='bbox 1645 3780 1746 3834; x_wconf 77' lang='grc' dir='ltr'><strong>ἀν-</strong></span> 
     </span>
    </p>
   </div>
   <div class='ocr_carea' id='block_1_68' title="bbox 192 3861 1747 3939">
    <p class='ocr_par' dir='ltr' id='par_1_68' title="bbox 192 3861 1747 3939">
     <span class='ocr_line' id='line_1_68' title="bbox 192 3861 1747 3939; baseline 0.008 -28"><span class='ocrx_word' id='word_1_537' title='bbox 192 3861 451 3931; x_wconf 79' lang='grc' dir='ltr'>εκήρυξεν.</span> <span class='ocrx_word' id='word_1_538' title='bbox 492 3864 683 3919; x_wconf 84' lang='grc' dir='ltr'>Είπὼν</span> <span class='ocrx_word' id='word_1_539' title='bbox 707 3863 816 3937; x_wconf 84' lang='grc' dir='ltr'>γὰρ</span> <span class='ocrx_word' id='word_1_540' title='bbox 853 3865 961 3936; x_wconf 85' lang='grc' dir='ltr'>πρὸ</span> <span class='ocrx_word' id='word_1_541' title='bbox 989 3865 1223 3939; x_wconf 78' lang='grc' dir='ltr'>βραχέος</span> <span class='ocrx_word' id='word_1_542' title='bbox 1245 3867 1333 3921; x_wconf 75' lang='grc' dir='ltr'>ὅτι</span> <span class='ocrx_word' id='word_1_543' title='bbox 1352 3869 1534 3924; x_wconf 83' lang='grc' dir='ltr'>πάντα</span> <span class='ocrx_word' id='word_1_544' title='bbox 1569 3870 1747 3924; x_wconf 85' lang='grc' dir='ltr'>ταῦτα</span> 
     </span>
    </p>
   </div>
   <div class='ocr_carea' id='block_1_69' title="bbox 194 3952 1745 4031">
    <p class='ocr_par' dir='ltr' id='par_1_69' title="bbox 194 3952 1745 4031">
     <span class='ocr_line' id='line_1_69' title="bbox 194 3952 1745 4031; baseline 0.009 -28"><span class='ocrx_word' id='word_1_545' title='bbox 194 3952 249 4003; x_wconf 80' lang='grc' dir='ltr'>τὸ</span> <span class='ocrx_word' id='word_1_546' title='bbox 292 3955 501 4027; x_wconf 85' lang='grc' dir='ltr'>πνεῦμα</span> <span class='ocrx_word' id='word_1_547' title='bbox 566 3957 800 4028; x_wconf 84' lang='grc' dir='ltr'>ἐνεργεῖ,</span> <span class='ocrx_word' id='word_1_548' title='bbox 833 3957 930 4012; x_wconf 89' lang='grc' dir='ltr'><strong>νῦν</strong></span> <span class='ocrx_word' id='word_1_549' title='bbox 983 3958 1145 4013; x_wconf 79' lang='grc' dir='ltr'>πάλιν</span> <span class='ocrx_word' id='word_1_550' title='bbox 1206 3961 1337 4031; x_wconf 70' lang='grc' dir='ltr'>περὶ</span> <span class='ocrx_word' id='word_1_551' title='bbox 1392 3961 1503 4015; x_wconf 87' lang='grc' dir='ltr'><strong>τῶν</strong></span> <span class='ocrx_word' id='word_1_552' title='bbox 1559 3962 1745 4017; x_wconf 82' lang='grc' dir='ltr'>αὐτῶν</span> 
     </span>
    </p>
   </div>
   <div class='ocr_carea' id='block_1_70' title="bbox 194 4041 1745 4123">
    <p class='ocr_par' dir='ltr' id='par_1_70' title="bbox 194 4041 1745 4123">
     <span class='ocr_line' id='line_1_70' title="bbox 194 4041 1745 4123; baseline 0.008 -28"><span class='ocrx_word' id='word_1_553' title='bbox 194 4041 348 4112; x_wconf 74' lang='grc' dir='ltr'>λέγων</span> <span class='ocrx_word' id='word_1_554' title='bbox 397 4047 567 4118; x_wconf 84' lang='grc' dir='ltr'>φησίν</span> <span class='ocrx_word' id='word_1_555' title='bbox 587 4062 602 4080; x_wconf 85' lang='grc'><strong><em>⁸</em></strong></span> <span class='ocrx_word' id='word_1_556' title='bbox 633 4066 655 4100; x_wconf 78' lang='grc' dir='ltr'><strong>ι</strong></span> <span class='ocrx_word' id='word_1_557' title='bbox 693 4048 752 4103; x_wconf 91' lang='lat'><strong>&#39;0</strong></span> <span class='ocrx_word' id='word_1_558' title='bbox 780 4050 911 4114; x_wconf 85' lang='grc' dir='ltr'>Θεὸς</span> <span class='ocrx_word' id='word_1_559' title='bbox 939 4049 1090 4105; x_wconf 76' lang='grc' dir='ltr'>ἔθετο</span> <span class='ocrx_word' id='word_1_560' title='bbox 1126 4051 1199 4106; x_wconf 73' lang='grc' dir='ltr'><strong>τὰ</strong></span> <span class='ocrx_word' id='word_1_561' title='bbox 1239 4051 1377 4123; x_wconf 78' lang='grc' dir='ltr'>μέλη</span> <span class='ocrx_word' id='word_1_562' title='bbox 1421 4051 1481 4107; x_wconf 75' lang='grc' dir='ltr'>ἓν</span> <span class='ocrx_word' id='word_1_563' title='bbox 1511 4053 1745 4108; x_wconf 68' lang='grc' dir='ltr'>ἕκαστον</span> 
     </span>
    </p>
   </div>
   <div class='ocr_carea' id='block_1_71' title="bbox 193 4136 1743 4217">
    <p class='ocr_par' dir='ltr' id='par_1_71' title="bbox 193 4136 1743 4217">
     <span class='ocr_line' id='line_1_71' title="bbox 193 4136 1743 4217; baseline 0.009 -30"><span class='ocrx_word' id='word_1_564' title='bbox 193 4136 352 4190; x_wconf 82' lang='grc' dir='ltr'>αὐτῶν</span> <span class='ocrx_word' id='word_1_565' title='bbox 376 4138 564 4203; x_wconf 84' lang='grc' dir='ltr'>καθὼς</span> <span class='ocrx_word' id='word_1_566' title='bbox 600 4140 883 4212; x_wconf 70' lang='grc' dir='ltr'>ἠθέλησεν.</span> <span class='ocrx_word' id='word_1_567' title='bbox 909 4161 930 4195; x_wconf 73' lang='grc' dir='ltr'><strong>ι</strong></span> <span class='ocrx_word' id='word_1_568' title='bbox 965 4141 1118 4213; x_wconf 73' lang='grc' dir='ltr'><strong>Μέλη</strong></span> <span class='ocrx_word' id='word_1_569' title='bbox 1142 4143 1273 4216; x_wconf 72' lang='grc' dir='ltr'>γὰρ,</span> <span class='ocrx_word' id='word_1_570' title='bbox 1302 4145 1429 4209; x_wconf 72' lang='grc' dir='ltr'>τοὺς</span> <span class='ocrx_word' id='word_1_571' title='bbox 1447 4144 1519 4198; x_wconf 77' lang='grc' dir='ltr'><strong>τὰ</strong></span> <span class='ocrx_word' id='word_1_572' title='bbox 1579 4146 1743 4217; x_wconf 85' lang='grc' dir='ltr'>χαρί-</span> 
     </span>
    </p>
   </div>
   <div class='ocr_carea' id='block_1_72' title="bbox 197 4231 1748 4307">
    <p class='ocr_par' dir='ltr' id='par_1_72' title="bbox 197 4231 1748 4307">
     <span class='ocr_line' id='line_1_72' title="bbox 197 4231 1748 4307; baseline 0.008 -27"><span class='ocrx_word' id='word_1_573' title='bbox 197 4244 358 4299; x_wconf 83' lang='grc' dir='ltr'>σματα</span> <span class='ocrx_word' id='word_1_574' title='bbox 390 4231 459 4287; x_wconf 78' lang='grc' dir='ltr'><strong>τὰ</strong></span> <span class='ocrx_word' id='word_1_575' title='bbox 486 4231 722 4303; x_wconf 83' lang='grc' dir='ltr'>διάφορα</span> <span class='ocrx_word' id='word_1_576' title='bbox 764 4233 915 4304; x_wconf 87' lang='grc' dir='ltr'>παρὰ</span> <span class='ocrx_word' id='word_1_577' title='bbox 973 4234 1069 4290; x_wconf 84' lang='grc' dir='ltr'><strong>τοῦ</strong></span> <span class='ocrx_word' id='word_1_578' title='bbox 1103 4234 1413 4306; x_wconf 82' lang='grc' dir='ltr'>πνεύματος</span> <span class='ocrx_word' id='word_1_579' title='bbox 1457 4236 1748 4307; x_wconf 70' lang='grc' dir='ltr'>εἰληφότας</span> 
     </span>
    </p>
   </div>
   <div class='ocr_carea' id='block_1_73' title="bbox 191 4319 1744 4402">
    <p class='ocr_par' dir='ltr' id='par_1_73' title="bbox 191 4319 1744 4402">
     <span class='ocr_line' id='line_1_73' title="bbox 191 4319 1744 4402; baseline 0.005 -27"><span class='ocrx_word' id='word_1_580' title='bbox 191 4319 421 4392; x_wconf 78' lang='grc' dir='ltr'>ὠνόμασε</span> <span class='ocrx_word' id='word_1_581' title='bbox 455 4325 660 4378; x_wconf 75' lang='grc' dir='ltr'>’κάκεῖ</span> <span class='ocrx_word' id='word_1_582' title='bbox 735 4325 836 4397; x_wconf 73' lang='grc' dir='ltr'>μὲν</span> <span class='ocrx_word' id='word_1_583' title='bbox 879 4326 1088 4395; x_wconf 76' lang='grc' dir='ltr'>ελεγεν,</span> <span class='ocrx_word' id='word_1_584' title='bbox 1150 4346 1171 4380; x_wconf 76' lang='grc' dir='ltr'><strong>ι</strong></span> <span class='ocrx_word' id='word_1_585' title='bbox 1194 4326 1443 4399; x_wconf 85' lang='grc' dir='ltr'>Ἐνεργεῖ</span> <span class='ocrx_word' id='word_1_586' title='bbox 1499 4329 1744 4402; x_wconf 83' lang='grc' dir='ltr'>διαιροῦν</span> 
     </span>
    </p>
   </div>
   <div class='ocr_carea' id='block_1_74' title="bbox 194 4412 1743 4487">
    <p class='ocr_par' dir='ltr' id='par_1_74' title="bbox 194 4412 1743 4487">
     <span class='ocr_line' id='line_1_74' title="bbox 194 4412 1743 4487; baseline 0.007 -22"><span class='ocrx_word' id='word_1_587' title='bbox 194 4412 390 4487; x_wconf 72' lang='grc' dir='ltr'>ἑκάστῳ</span> <span class='ocrx_word' id='word_1_588' title='bbox 416 4416 603 4481; x_wconf 81' lang='grc' dir='ltr'>καθὼς</span> <span class='ocrx_word' id='word_1_589' title='bbox 635 4416 937 4487; x_wconf 81' lang='grc' dir='ltr'>βούλεται·›</span> <span class='ocrx_word' id='word_1_590' title='bbox 973 4412 1077 4472; x_wconf 82' lang='grc' dir='ltr'>ὧδε</span> <span class='ocrx_word' id='word_1_591' title='bbox 1097 4419 1177 4484; x_wconf 78' lang='grc' dir='ltr'><strong>δέ,</strong></span> <span class='ocrx_word' id='word_1_592' title='bbox 1222 4436 1243 4472; x_wconf 79' lang='grc' dir='ltr'><strong>ι</strong></span> <span class='ocrx_word' id='word_1_593' title='bbox 1279 4418 1476 4474; x_wconf 72' lang='lat' dir='ltr'><strong>&quot;Eiier</strong></span> <span class='ocrx_word' id='word_1_594' title='bbox 1507 4421 1743 4475; x_wconf 73' lang='grc' dir='ltr'>ἕκαστον</span> 
     </span>
    </p>
   </div>
   <div class='ocr_carea' id='block_1_75' title="bbox 193 4506 1745 4582">
    <p class='ocr_par' dir='ltr' id='par_1_75' title="bbox 193 4506 1745 4582">
     <span class='ocr_line' id='line_1_75' title="bbox 193 4506 1745 4582; baseline 0.006 -25"><span class='ocrx_word' id='word_1_595' title='bbox 193 4506 355 4560; x_wconf 80' lang='grc' dir='ltr'>αὐτῶν</span> <span class='ocrx_word' id='word_1_596' title='bbox 410 4511 469 4562; x_wconf 82' lang='grc' dir='ltr'><strong>ἐν</strong></span> <span class='ocrx_word' id='word_1_597' title='bbox 522 4508 601 4580; x_wconf 81' lang='grc' dir='ltr'><strong>τῷ</strong></span> <span class='ocrx_word' id='word_1_598' title='bbox 649 4507 865 4581; x_wconf 83' lang='grc' dir='ltr'>σώματι</span> <span class='ocrx_word' id='word_1_599' title='bbox 916 4508 1100 4574; x_wconf 87' lang='grc' dir='ltr'>καθὼς</span> <span class='ocrx_word' id='word_1_600' title='bbox 1149 4510 1435 4582; x_wconf 79' lang='grc' dir='ltr'>ἠθέλησεν.</span> <span class='ocrx_word' id='word_1_601' title='bbox 1475 4530 1495 4565; x_wconf 70' lang='grc' dir='ltr'><strong>ι</strong></span> <span class='ocrx_word' id='word_1_602' title='bbox 1543 4513 1607 4566; x_wconf 77' lang='grc' dir='ltr'><strong>Εἰ</strong></span> <span class='ocrx_word' id='word_1_603' title='bbox 1647 4508 1745 4567; x_wconf 86' lang='grc' dir='ltr'><strong>οῦν</strong></span> 
     </span>
    </p>
   </div>
   <div class='ocr_carea' id='block_1_76' title="bbox 190 4595 1744 4673">
    <p class='ocr_par' dir='ltr' id='par_1_76' title="bbox 190 4595 1744 4673">
     <span class='ocr_line' id='line_1_76' title="bbox 190 4595 1744 4673; baseline 0.006 -27"><span class='ocrx_word' id='word_1_604' title='bbox 190 4595 215 4646; x_wconf 85' lang='grc' dir='ltr'><strong>ό</strong></span> <span class='ocrx_word' id='word_1_605' title='bbox 270 4595 393 4663; x_wconf 78' lang='grc' dir='ltr'>Θεὸς</span> <span class='ocrx_word' id='word_1_606' title='bbox 458 4598 630 4663; x_wconf 75' lang='grc' dir='ltr'>οὕτως</span> <span class='ocrx_word' id='word_1_607' title='bbox 694 4599 980 4672; x_wconf 75' lang='grc' dir='ltr'>ἠθέλησεν,</span> <span class='ocrx_word' id='word_1_608' title='bbox 1044 4599 1247 4655; x_wconf 78' lang='grc' dir='ltr'>ἄτοπον</span> <span class='ocrx_word' id='word_1_609' title='bbox 1322 4600 1386 4654; x_wconf 86' lang='grc' dir='ltr'>τὸ</span> <span class='ocrx_word' id='word_1_610' title='bbox 1457 4601 1744 4673; x_wconf 81' lang='grc' dir='ltr'>ἀδημονεῖν</span> 
     </span>
    </p>
   </div>
   <div class='ocr_carea' id='block_1_77' title="bbox 191 4686 1739 4766">
    <p class='ocr_par' dir='ltr' id='par_1_77' title="bbox 191 4686 1739 4766">
     <span class='ocr_line' id='line_1_77' title="bbox 191 4686 1739 4766; baseline 0.002 -21"><span class='ocrx_word' id='word_1_611' title='bbox 191 4688 264 4755; x_wconf 70' lang='grc' dir='ltr'>ἐφ’</span> <span class='ocrx_word' id='word_1_612' title='bbox 293 4686 370 4755; x_wconf 78' lang='grc' dir='ltr'><strong>οἷς</strong></span> <span class='ocrx_word' id='word_1_613' title='bbox 408 4693 438 4745; x_wconf 84' lang='grc' dir='ltr'><strong>ό</strong></span> <span class='ocrx_word' id='word_1_614' title='bbox 468 4693 601 4756; x_wconf 86' lang='grc' dir='ltr'>Θεὸς</span> <span class='ocrx_word' id='word_1_615' title='bbox 640 4693 896 4765; x_wconf 74' lang='grc' dir='ltr'>ἠθέλησε.</span> <span class='ocrx_word' id='word_1_616' title='bbox 922 4695 997 4747; x_wconf 85' lang='grc' dir='ltr'>Τὸ</span> <span class='ocrx_word' id='word_1_617' title='bbox 1026 4694 1105 4759; x_wconf 78' lang='grc' dir='ltr'>δὲ,</span> <span class='ocrx_word' id='word_1_618' title='bbox 1132 4714 1152 4748; x_wconf 78' lang='grc' dir='ltr'><strong>ι</strong></span> <span class='ocrx_word' id='word_1_619' title='bbox 1195 4694 1394 4758; x_wconf 76' lang='grc' dir='ltr'>Καθὼς</span> <span class='ocrx_word' id='word_1_620' title='bbox 1419 4694 1739 4766; x_wconf 54' lang='lat' dir='ltr'><strong>bon-qam,»</strong></span> 
     </span>
    </p>
   </div>
   <div class='ocr_carea' id='block_1_78' title="bbox 1846 3486 3417 3562">
    <p class='ocr_par' dir='ltr' id='par_1_78' title="bbox 1846 3486 3417 3562">
     <span class='ocr_line' id='line_1_78' title="bbox 1846 3486 3417 3562; baseline 0.003 -19"><span class='ocrx_word' id='word_1_621' title='bbox 1846 3486 2141 3545; x_wconf 80' lang='lat' dir='ltr'><strong>diversitas</strong></span> <span class='ocrx_word' id='word_1_622' title='bbox 2171 3490 2523 3545; x_wconf 87' lang='lat' dir='ltr'><strong>donorumac</strong></span> <span class='ocrx_word' id='word_1_623' title='bbox 2542 3493 2949 3562; x_wconf 82' lang='lat' dir='ltr'><strong>mysteriorum.</strong></span> <span class='ocrx_word' id='word_1_624' title='bbox 2994 3511 3010 3543; x_wconf 78' lang='grc' dir='ltr'><strong>ι</strong></span> <span class='ocrx_word' id='word_1_625' title='bbox 3038 3492 3192 3548; x_wconf 82' lang='grc' dir='ltr'>Νιιηε</span> <span class='ocrx_word' id='word_1_626' title='bbox 3235 3502 3417 3549; x_wconf 84' lang='lat' dir='ltr'><strong>autem</strong></span> 
     </span>
    </p>
   </div>
   <div class='ocr_carea' id='block_1_79' title="bbox 1846 3580 3421 3656">
    <p class='ocr_par' dir='ltr' id='par_1_79' title="bbox 1846 3580 3421 3656">
     <span class='ocr_line' id='line_1_79' title="bbox 1846 3580 3421 3656; baseline 0.003 -20"><span class='ocrx_word' id='word_1_627' title='bbox 1846 3580 2032 3652; x_wconf 80' lang='lat' dir='ltr'><strong>posuit</strong></span> <span class='ocrx_word' id='word_1_628' title='bbox 2064 3582 2227 3639; x_wconf 87' lang='lat' dir='ltr'><strong>Deus.</strong></span> <span class='ocrx_word' id='word_1_629' title='bbox 2268 3602 2287 3635; x_wconf 82' lang='grc'><strong><em>›</em></strong></span> <span class='ocrx_word' id='word_1_630' title='bbox 2315 3582 2616 3642; x_wconf 87' lang='lat' dir='ltr'><strong>Considera</strong></span> <span class='ocrx_word' id='word_1_631' title='bbox 2666 3590 2720 3638; x_wconf 89' lang='lat' dir='ltr'><strong>et</strong></span> <span class='ocrx_word' id='word_1_632' title='bbox 2773 3585 2862 3639; x_wconf 83' lang='lat' dir='ltr'><strong>hic</strong></span> <span class='ocrx_word' id='word_1_633' title='bbox 2911 3585 3189 3655; x_wconf 87' lang='lat' dir='ltr'><strong>quomodo</strong></span> <span class='ocrx_word' id='word_1_634' title='bbox 3236 3597 3421 3656; x_wconf 75' lang='lat' dir='ltr'><strong>aperte</strong></span> 
     </span>
    </p>
   </div>
   <div class='ocr_carea' id='block_1_80' title="bbox 1847 3675 3421 3747">
    <p class='ocr_par' dir='ltr' id='par_1_80' title="bbox 1847 3675 3421 3747">
     <span class='ocr_line' id='line_1_80' title="bbox 1847 3675 3421 3747; baseline 0.001 -17"><span class='ocrx_word' id='word_1_635' title='bbox 1847 3681 1903 3730; x_wconf 90' lang='lat' dir='ltr'><strong>et</strong></span> <span class='ocrx_word' id='word_1_636' title='bbox 1953 3675 2075 3730; x_wconf 89' lang='lat' dir='ltr'><strong>sine</strong></span> <span class='ocrx_word' id='word_1_637' title='bbox 2129 3675 2240 3730; x_wconf 86' lang='lat' dir='ltr'><strong>ulla</strong></span> <span class='ocrx_word' id='word_1_638' title='bbox 2294 3675 2655 3746; x_wconf 74' lang='lat' dir='ltr'><strong>ambiguitate</strong></span> <span class='ocrx_word' id='word_1_639' title='bbox 2707 3676 2977 3747; x_wconf 86' lang='lat' dir='ltr'><strong>Spiritum</strong></span> <span class='ocrx_word' id='word_1_640' title='bbox 3041 3677 3421 3747; x_wconf 64' lang='lat' dir='ltr'><strong>ptredicat&#39;crit</strong></span> 
     </span>
    </p>
   </div>
   <div class='ocr_carea' id='block_1_81' title="bbox 1847 3768 3418 3843">
    <p class='ocr_par' dir='ltr' id='par_1_81' title="bbox 1847 3768 3418 3843">
     <span class='ocr_line' id='line_1_81' title="bbox 1847 3768 3418 3843; baseline 0.001 -18"><span class='ocrx_word' id='word_1_641' title='bbox 1847 3783 1972 3825; x_wconf 87' lang='lat' dir='ltr'><strong>esse</strong></span> <span class='ocrx_word' id='word_1_642' title='bbox 1999 3768 2194 3824; x_wconf 88' lang='lat' dir='ltr'><strong>Deum.</strong></span> <span class='ocrx_word' id='word_1_643' title='bbox 2222 3769 2358 3824; x_wconf 86' lang='lat' dir='ltr'><strong>Cum</strong></span> <span class='ocrx_word' id='word_1_644' title='bbox 2406 3769 2552 3826; x_wconf 87' lang='lat' dir='ltr'><strong>enim</strong></span> <span class='ocrx_word' id='word_1_645' title='bbox 2596 3769 2763 3839; x_wconf 85' lang='lat' dir='ltr'><strong>paulo</strong></span> <span class='ocrx_word' id='word_1_646' title='bbox 2791 3780 2917 3826; x_wconf 83' lang='lat' dir='ltr'><strong>ante</strong></span> <span class='ocrx_word' id='word_1_647' title='bbox 2992 3771 3221 3827; x_wconf 77' lang='lat' dir='ltr'><strong>dixisset</strong></span> <span class='ocrx_word' id='word_1_648' title='bbox 3273 3776 3418 3843; x_wconf 81' lang='lat' dir='ltr'><strong>quod</strong></span> 
     </span>
    </p>
   </div>
   <div class='ocr_carea' id='block_1_82' title="bbox 1850 3860 3421 3932">
    <p class='ocr_par' dir='ltr' id='par_1_82' title="bbox 1850 3860 3421 3932">
     <span class='ocr_line' id='line_1_82' title="bbox 1850 3860 3421 3932; baseline 0.003 -17"><span class='ocrx_word' id='word_1_649' title='bbox 1850 3860 2033 3916; x_wconf 85' lang='lat' dir='ltr'><strong>omnia</strong></span> <span class='ocrx_word' id='word_1_650' title='bbox 2074 3860 2191 3915; x_wconf 63' lang='lat' dir='ltr'><strong>haec</strong></span> <span class='ocrx_word' id='word_1_651' title='bbox 2224 3860 2469 3932; x_wconf 90' lang='lat' dir='ltr'><strong>Spiritus</strong></span> <span class='ocrx_word' id='word_1_652' title='bbox 2524 3869 2809 3931; x_wconf 89' lang='lat' dir='ltr'><strong>operetur,</strong></span> <span class='ocrx_word' id='word_1_653' title='bbox 2873 3877 3021 3918; x_wconf 83' lang='lat' dir='ltr'><strong>nune</strong></span> <span class='ocrx_word' id='word_1_654' title='bbox 3075 3878 3296 3920; x_wconf 87' lang='lat' dir='ltr'><strong>rursum</strong></span> <span class='ocrx_word' id='word_1_655' title='bbox 3351 3867 3421 3920; x_wconf 88' lang='lat' dir='ltr'><strong>de</strong></span> 
     </span>
    </p>
   </div>
   <div class='ocr_carea' id='block_1_83' title="bbox 1845 3950 3417 4022">
    <p class='ocr_par' dir='ltr' id='par_1_83' title="bbox 1845 3950 3417 4022">
     <span class='ocr_line' id='line_1_83' title="bbox 1845 3950 3417 4022; baseline 0.002 -15"><span class='ocrx_word' id='word_1_656' title='bbox 1845 3950 2053 4007; x_wconf 88' lang='lat' dir='ltr'><strong>eisdem</strong></span> <span class='ocrx_word' id='word_1_657' title='bbox 2086 3950 2339 4022; x_wconf 88' lang='lat' dir='ltr'><strong>loquens,</strong></span> <span class='ocrx_word' id='word_1_658' title='bbox 2364 3951 2476 4006; x_wconf 88' lang='lat' dir='ltr'><strong>ait:</strong></span> <span class='ocrx_word' id='word_1_659' title='bbox 2516 3970 2535 4002; x_wconf 74' lang='grc' dir='ltr'><strong>ε</strong></span> <span class='ocrx_word' id='word_1_660' title='bbox 2572 3950 2760 4007; x_wconf 84' lang='lat' dir='ltr'><strong>Posuit</strong></span> <span class='ocrx_word' id='word_1_661' title='bbox 2785 3952 2929 4009; x_wconf 86' lang='lat' dir='ltr'><strong>Deus</strong></span> <span class='ocrx_word' id='word_1_662' title='bbox 2954 3954 3217 4020; x_wconf 85' lang='lat' dir='ltr'><strong>membra,</strong></span> <span class='ocrx_word' id='word_1_663' title='bbox 3250 3971 3417 4010; x_wconf 89' lang='lat' dir='ltr'><strong>unum</strong></span> 
     </span>
    </p>
   </div>
   <div class='ocr_carea' id='block_1_84' title="bbox 1848 4042 3419 4115">
    <p class='ocr_par' dir='ltr' id='par_1_84' title="bbox 1848 4042 3419 4115">
     <span class='ocr_line' id='line_1_84' title="bbox 1848 4042 3419 4115; baseline 0.003 -18"><span class='ocrx_word' id='word_1_664' title='bbox 1848 4043 2105 4112; x_wconf 84' lang='lat' dir='ltr'><strong>quodque</strong></span> <span class='ocrx_word' id='word_1_665' title='bbox 2139 4057 2331 4098; x_wconf 90' lang='lat' dir='ltr'><strong>eorum</strong></span> <span class='ocrx_word' id='word_1_666' title='bbox 2367 4042 2510 4098; x_wconf 84' lang='lat' dir='ltr'><strong>sicut</strong></span> <span class='ocrx_word' id='word_1_667' title='bbox 2559 4043 2762 4108; x_wconf 79' lang='lat' dir='ltr'><strong>voluit;</strong></span> <span class='ocrx_word' id='word_1_668' title='bbox 2796 4060 2813 4094; x_wconf 76' lang='grc' dir='ltr'><strong>ι</strong></span> <span class='ocrx_word' id='word_1_669' title='bbox 2876 4043 3120 4099; x_wconf 87' lang='lat' dir='ltr'><strong>membra</strong></span> <span class='ocrx_word' id='word_1_670' title='bbox 3155 4061 3419 4115; x_wconf 84' lang='lat' dir='ltr'><strong>namque-</strong></span> 
     </span>
    </p>
   </div>
   <div class='ocr_carea' id='block_1_85' title="bbox 1850 4133 3415 4206">
    <p class='ocr_par' dir='ltr' id='par_1_85' title="bbox 1850 4133 3415 4206">
     <span class='ocr_line' id='line_1_85' title="bbox 1850 4133 3415 4206; baseline 0.003 -18"><span class='ocrx_word' id='word_1_671' title='bbox 1850 4135 2145 4205; x_wconf 79' lang='lat' dir='ltr'><strong>appellavit</strong></span> <span class='ocrx_word' id='word_1_672' title='bbox 2164 4149 2261 4191; x_wconf 90' lang='lat' dir='ltr'><strong>eos</strong></span> <span class='ocrx_word' id='word_1_673' title='bbox 2284 4136 2379 4205; x_wconf 85' lang='lat' dir='ltr'><strong>qui</strong></span> <span class='ocrx_word' id='word_1_674' title='bbox 2416 4134 2564 4188; x_wconf 80' lang='lat' dir='ltr'><strong>varia</strong></span> <span class='ocrx_word' id='word_1_675' title='bbox 2594 4134 2744 4194; x_wconf 79' lang='lat' dir='ltr'><strong>dona</strong></span> <span class='ocrx_word' id='word_1_676' title='bbox 2769 4149 2809 4189; x_wconf 21' lang='lat' dir='ltr'><strong>at</strong></span> <span class='ocrx_word' id='word_1_677' title='bbox 2827 4133 3034 4205; x_wconf 89' lang='lat' dir='ltr'><strong>Spiritu</strong></span> <span class='ocrx_word' id='word_1_678' title='bbox 3066 4147 3415 4206; x_wconf 89' lang='lat' dir='ltr'><strong>acceperant.</strong></span> 
     </span>
    </p>
   </div>
   <div class='ocr_carea' id='block_1_86' title="bbox 1843 4226 3418 4300">
    <p class='ocr_par' dir='ltr' id='par_1_86' title="bbox 1843 4226 3418 4300">
     <span class='ocr_line' id='line_1_86' title="bbox 1843 4226 3418 4300; baseline 0.001 -16"><span class='ocrx_word' id='word_1_679' title='bbox 1843 4228 1909 4284; x_wconf 84' lang='lat' dir='ltr'><strong>Et</strong></span> <span class='ocrx_word' id='word_1_680' title='bbox 1927 4228 2235 4299; x_wconf 88' lang='lat' dir='ltr'><strong>ibiquidem</strong></span> <span class='ocrx_word' id='word_1_681' title='bbox 2260 4227 2497 4284; x_wconf 85' lang='lat' dir='ltr'><strong>dicebat:</strong></span> <span class='ocrx_word' id='word_1_682' title='bbox 2521 4226 2797 4297; x_wconf 83' lang='lat' dir='ltr'><strong>Operatur</strong></span> <span class='ocrx_word' id='word_1_683' title='bbox 2839 4227 3094 4283; x_wconf 82' lang='lat' dir='ltr'><strong>dividens</strong></span> <span class='ocrx_word' id='word_1_684' title='bbox 3117 4229 3418 4300; x_wconf 86' lang='lat' dir='ltr'><strong>unicuique</strong></span> 
     </span>
    </p>
   </div>
   <div class='ocr_carea' id='block_1_87' title="bbox 1845 4318 3418 4391">
    <p class='ocr_par' dir='ltr' id='par_1_87' title="bbox 1845 4318 3418 4391">
     <span class='ocr_line' id='line_1_87' title="bbox 1845 4318 3418 4391; baseline 0 -15"><span class='ocrx_word' id='word_1_685' title='bbox 1845 4321 1991 4377; x_wconf 87' lang='lat' dir='ltr'><strong>sicut</strong></span> <span class='ocrx_word' id='word_1_686' title='bbox 2018 4320 2232 4388; x_wconf 76' lang='lat' dir='ltr'><strong>vult&quot;;</strong></span> <span class='ocrx_word' id='word_1_687' title='bbox 2276 4339 2296 4373; x_wconf 74' lang='grc' dir='ltr'><strong>ι</strong></span> <span class='ocrx_word' id='word_1_688' title='bbox 2333 4318 2422 4376; x_wconf 85' lang='lat' dir='ltr'><strong>hic</strong></span> <span class='ocrx_word' id='word_1_689' title='bbox 2451 4327 2631 4375; x_wconf 83' lang='lat' dir='ltr'><strong>autem</strong></span> <span class='ocrx_word' id='word_1_690' title='bbox 2667 4335 2683 4374; x_wconf 92' lang='lat'><strong>:</strong></span> <span class='ocrx_word' id='word_1_691' title='bbox 2724 4337 2743 4371; x_wconf 80' lang='grc' dir='ltr'><strong>ι</strong></span> <span class='ocrx_word' id='word_1_692' title='bbox 2766 4318 2957 4375; x_wconf 86' lang='lat' dir='ltr'><strong>Posuit</strong></span> <span class='ocrx_word' id='word_1_693' title='bbox 2986 4321 3418 4391; x_wconf 88' lang='lat' dir='ltr'><strong>unumquodque</strong></span> 
     </span>
    </p>
   </div>
   <div class='ocr_carea' id='block_1_88' title="bbox 1845 4409 3417 4483">
    <p class='ocr_par' dir='ltr' id='par_1_88' title="bbox 1845 4409 3417 4483">
     <span class='ocr_line' id='line_1_88' title="bbox 1845 4409 3417 4483; baseline -0.002 -13"><span class='ocrx_word' id='word_1_694' title='bbox 1845 4430 2035 4470; x_wconf 87' lang='lat' dir='ltr'><strong>eorum</strong></span> <span class='ocrx_word' id='word_1_695' title='bbox 2070 4413 2123 4468; x_wconf 92' lang='lat' dir='ltr'><strong>in</strong></span> <span class='ocrx_word' id='word_1_696' title='bbox 2149 4428 2380 4483; x_wconf 88' lang='lat' dir='ltr'><strong>corpore</strong></span> <span class='ocrx_word' id='word_1_697' title='bbox 2418 4409 2881 4482; x_wconf 84' lang='lat' dir='ltr'><strong>quemadmodum</strong></span> <span class='ocrx_word' id='word_1_698' title='bbox 2914 4410 3107 4469; x_wconf 79' lang='lat' dir='ltr'><strong>voluit.</strong></span> <span class='ocrx_word' id='word_1_699' title='bbox 3139 4430 3159 4464; x_wconf 72' lang='grc' dir='ltr'><strong>ι</strong></span> <span class='ocrx_word' id='word_1_700' title='bbox 3191 4410 3249 4467; x_wconf 91' lang='lat' dir='ltr'><strong>Si</strong></span> <span class='ocrx_word' id='word_1_701' title='bbox 3284 4426 3417 4482; x_wconf 85' lang='lat' dir='ltr'><strong>ergo</strong></span> 
     </span>
    </p>
   </div>
   <div class='ocr_carea' id='block_1_89' title="bbox 1845 4504 3417 4577">
    <p class='ocr_par' dir='ltr' id='par_1_89' title="bbox 1845 4504 3417 4577">
     <span class='ocr_line' id='line_1_89' title="bbox 1845 4504 3417 4577; baseline -0.001 -14"><span class='ocrx_word' id='word_1_702' title='bbox 1845 4508 1921 4563; x_wconf 87' lang='lat' dir='ltr'><strong>ita</strong></span> <span class='ocrx_word' id='word_1_703' title='bbox 1957 4506 2101 4563; x_wconf 89' lang='lat' dir='ltr'><strong>Deus</strong></span> <span class='ocrx_word' id='word_1_704' title='bbox 2136 4507 2334 4573; x_wconf 86' lang='lat' dir='ltr'><strong>voluit,</strong></span> <span class='ocrx_word' id='word_1_705' title='bbox 2367 4504 2670 4561; x_wconf 76' lang='lat' dir='ltr'><strong>absurdum</strong></span> <span class='ocrx_word' id='word_1_706' title='bbox 2703 4511 2789 4560; x_wconf 89' lang='lat' dir='ltr'><strong>est</strong></span> <span class='ocrx_word' id='word_1_707' title='bbox 2813 4504 3057 4577; x_wconf 76' lang='lat' dir='ltr'><strong>graviter</strong></span> <span class='ocrx_word' id='word_1_708' title='bbox 3080 4504 3316 4570; x_wconf 77' lang='lat' dir='ltr'><strong>anxiari,</strong></span> <span class='ocrx_word' id='word_1_709' title='bbox 3345 4508 3417 4561; x_wconf 91' lang='lat' dir='ltr'><strong>ob</strong></span> 
     </span>
    </p>
   </div>
   <div class='ocr_carea' id='block_1_90' title="bbox 1846 4596 3415 4671">
    <p class='ocr_par' dir='ltr' id='par_1_90' title="bbox 1846 4596 3415 4671">
     <span class='ocr_line' id='line_1_90' title="bbox 1846 4596 3415 4671; baseline -0.002 -15"><span class='ocrx_word' id='word_1_710' title='bbox 1846 4616 1909 4656; x_wconf 85' lang='lat' dir='ltr'><strong>ea</strong></span> <span class='ocrx_word' id='word_1_711' title='bbox 1945 4616 2067 4671; x_wconf 78' lang='lat' dir='ltr'><strong>qua:</strong></span> <span class='ocrx_word' id='word_1_712' title='bbox 2117 4599 2261 4656; x_wconf 86' lang='lat' dir='ltr'><strong>Deus</strong></span> <span class='ocrx_word' id='word_1_713' title='bbox 2311 4599 2386 4655; x_wconf 82' lang='lat' dir='ltr'><strong>ita</strong></span> <span class='ocrx_word' id='word_1_714' title='bbox 2421 4596 2541 4654; x_wconf 77' lang='lat' dir='ltr'><strong>ﬁeri</strong></span> <span class='ocrx_word' id='word_1_715' title='bbox 2585 4597 2782 4654; x_wconf 77' lang='lat' dir='ltr'><strong>voluit.</strong></span> <span class='ocrx_word' id='word_1_716' title='bbox 2842 4596 2998 4665; x_wconf 87' lang='lat' dir='ltr'><strong>Quod</strong></span> <span class='ocrx_word' id='word_1_717' title='bbox 3054 4605 3236 4654; x_wconf 79' lang='lat' dir='ltr'><strong>autem</strong></span> <span class='ocrx_word' id='word_1_718' title='bbox 3297 4598 3415 4653; x_wconf 88' lang='lat' dir='ltr'><strong>ait:</strong></span> 
     </span>
    </p>
   </div>
   <div class='ocr_carea' id='block_1_91' title="bbox 1852 4689 3418 4762">
    <p class='ocr_par' dir='ltr' id='par_1_91' title="bbox 1852 4689 3418 4762">
     <span class='ocr_line' id='line_1_91' title="bbox 1852 4689 3418 4762; baseline 0 -16"><span class='ocrx_word' id='word_1_719' title='bbox 1852 4712 1872 4746; x_wconf 79' lang='grc' dir='ltr'><strong>ι</strong></span> <span class='ocrx_word' id='word_1_720' title='bbox 1902 4693 2378 4760; x_wconf 84' lang='lat' dir='ltr'><strong>Quemadmodum</strong></span> <span class='ocrx_word' id='word_1_721' title='bbox 2414 4691 2609 4758; x_wconf 68' lang='lat' dir='ltr'><strong>voluit,</strong></span> <span class='ocrx_word' id='word_1_722' title='bbox 2644 4710 2664 4743; x_wconf 80' lang='grc' dir='ltr'><strong>ι</strong></span> <span class='ocrx_word' id='word_1_723' title='bbox 2705 4690 2961 4762; x_wconf 88' lang='lat' dir='ltr'><strong>superius</strong></span> <span class='ocrx_word' id='word_1_724' title='bbox 2981 4689 3047 4746; x_wconf 89' lang='lat' dir='ltr'><strong>de</strong></span> <span class='ocrx_word' id='word_1_725' title='bbox 3081 4690 3288 4761; x_wconf 88' lang='lat' dir='ltr'><strong>Spiritu</strong></span> <span class='ocrx_word' id='word_1_726' title='bbox 3328 4692 3418 4746; x_wconf 85' lang='lat' dir='ltr'><strong>di-</strong></span> 
     </span>
    </p>
   </div>
   <div class='ocr_carea' id='block_1_92' title="bbox 189 4779 1742 4860">
    <p class='ocr_par' dir='ltr' id='par_1_92' title="bbox 189 4779 1736 4860">
     <span class='ocr_line' id='line_1_92' title="bbox 189 4779 1736 4860; baseline 0.008 -28"><span class='ocrx_word' id='word_1_727' title='bbox 189 4779 287 4833; x_wconf 78' lang='grc' dir='ltr'><strong>ἇνω</strong></span> <span class='ocrx_word' id='word_1_728' title='bbox 329 4783 459 4853; x_wconf 80' lang='grc' dir='ltr'>περὶ</span> <span class='ocrx_word' id='word_1_729' title='bbox 477 4783 571 4837; x_wconf 89' lang='grc' dir='ltr'><strong>τοῦ</strong></span> <span class='ocrx_word' id='word_1_730' title='bbox 596 4783 909 4854; x_wconf 80' lang='grc' dir='ltr'>Πνεύματος</span> <span class='ocrx_word' id='word_1_731' title='bbox 936 4782 1110 4850; x_wconf 84' lang='grc' dir='ltr'>εἶπεν,</span> <span class='ocrx_word' id='word_1_732' title='bbox 1154 4806 1174 4839; x_wconf 76' lang='grc' dir='ltr'><strong>ι</strong></span> <span class='ocrx_word' id='word_1_733' title='bbox 1215 4788 1304 4841; x_wconf 80' lang='grc' dir='ltr'>Ἐν</span> <span class='ocrx_word' id='word_1_734' title='bbox 1350 4788 1431 4841; x_wconf 75' lang='grc' dir='ltr'>ἐνὶ</span> <span class='ocrx_word' id='word_1_735' title='bbox 1456 4787 1736 4860; x_wconf 79' lang='grc' dir='ltr'>Πνεύματι</span> 
     </span>
    </p>
   </div>
   <div class='ocr_carea' id='block_1_93' title="bbox 1846 4779 3416 4860">
    <p class='ocr_par' dir='ltr' id='par_1_93' title="bbox 1846 4782 3416 4855">
     <span class='ocr_line' id='line_1_93' title="bbox 1846 4782 3416 4855; baseline -0.001 -14"><span class='ocrx_word' id='word_1_736' title='bbox 1846 4787 1951 4841; x_wconf 82' lang='lat' dir='ltr'><strong>xit:</strong></span> <span class='ocrx_word' id='word_1_737' title='bbox 1989 4805 2008 4837; x_wconf 86' lang='grc'><strong><em>‹</em></strong></span> <span class='ocrx_word' id='word_1_738' title='bbox 2040 4783 2145 4841; x_wconf 84' lang='lat' dir='ltr'><strong>Per</strong></span> <span class='ocrx_word' id='word_1_739' title='bbox 2169 4800 2341 4840; x_wconf 88' lang='lat' dir='ltr'><strong>unum</strong></span> <span class='ocrx_word' id='word_1_740' title='bbox 2367 4783 2629 4855; x_wconf 86' lang='lat' dir='ltr'><strong>Spiritum</strong></span> <span class='ocrx_word' id='word_1_741' title='bbox 2670 4798 2773 4839; x_wconf 90' lang='lat' dir='ltr'><strong>nos</strong></span> <span class='ocrx_word' id='word_1_742' title='bbox 2799 4797 3011 4838; x_wconf 87' lang='lat' dir='ltr'><strong>omnes.</strong></span> <span class='ocrx_word' id='word_1_743' title='bbox 3045 4801 3065 4835; x_wconf 74' lang='grc' dir='ltr'><strong>ι</strong></span> <span class='ocrx_word' id='word_1_744' title='bbox 3110 4782 3204 4838; x_wconf 84' lang='lat' dir='ltr'><strong>Et:</strong></span> <span class='ocrx_word' id='word_1_745' title='bbox 3230 4802 3250 4836; x_wconf 82' lang='grc' dir='ltr'><strong>ι</strong></span> <span class='ocrx_word' id='word_1_746' title='bbox 3284 4783 3416 4840; x_wconf 82' lang='lat' dir='ltr'><strong>Om-</strong></span> 
     </span>
    </p>
   </div>
   <div class='ocr_carea' id='block_1_94' title="bbox 189 4870 1746 4951">
    <p class='ocr_par' dir='ltr' id='par_1_94' title="bbox 189 4870 1746 4951">
     <span class='ocr_line' id='line_1_94' title="bbox 189 4870 1746 4951; baseline 0.006 -25"><span class='ocrx_word' id='word_1_747' title='bbox 189 4870 334 4940; x_wconf 76' lang='grc' dir='ltr'>ἡμεῖς</span> <span class='ocrx_word' id='word_1_748' title='bbox 359 4875 575 4939; x_wconf 83' lang='grc' dir='ltr'>πάντες.</span> <span class='ocrx_word' id='word_1_749' title='bbox 612 4895 631 4927; x_wconf 75' lang='grc' dir='ltr'><strong>ι</strong></span> <span class='ocrx_word' id='word_1_750' title='bbox 664 4876 796 4940; x_wconf 75' lang='grc' dir='ltr'>Καὶ,</span> <span class='ocrx_word' id='word_1_751' title='bbox 824 4896 844 4929; x_wconf 80' lang='grc' dir='ltr'><strong>ι</strong></span> <span class='ocrx_word' id='word_1_752' title='bbox 874 4878 1078 4942; x_wconf 81' lang='grc' dir='ltr'>Πάντες</span> <span class='ocrx_word' id='word_1_753' title='bbox 1100 4878 1158 4932; x_wconf 77' lang='grc' dir='ltr'><strong>ἐν</strong></span> <span class='ocrx_word' id='word_1_754' title='bbox 1187 4880 1339 4949; x_wconf 86' lang='grc' dir='ltr'>πόμα</span> <span class='ocrx_word' id='word_1_755' title='bbox 1376 4879 1746 4951; x_wconf 82' lang='grc' dir='ltr'>ἐποτίσθημεν</span> 
     </span>
    </p>
   </div>
   <div class='ocr_carea' id='block_1_95' title="bbox 190 4963 1743 5042">
    <p class='ocr_par' dir='ltr' id='par_1_95' title="bbox 190 4963 1743 5042">
     <span class='ocr_line' id='line_1_95' title="bbox 190 4963 1743 5042; baseline 0.006 -24"><span class='ocrx_word' id='word_1_756' title='bbox 190 4963 262 5027; x_wconf 69' lang='lat' dir='ltr'><strong>ti;</strong></span> <span class='ocrx_word' id='word_1_757' title='bbox 312 4965 370 5018; x_wconf 73' lang='grc' dir='ltr'>ἰν</span> <span class='ocrx_word' id='word_1_758' title='bbox 405 4967 684 5038; x_wconf 77' lang='grc' dir='ltr'>Πνεῦμα.»</span> <span class='ocrx_word' id='word_1_759' title='bbox 727 4969 838 5023; x_wconf 80' lang='grc' dir='ltr'><strong>Καὶ</strong></span> <span class='ocrx_word' id='word_1_760' title='bbox 897 4970 1087 5041; x_wconf 76' lang='grc' dir='ltr'>ἐπειδὴ</span> <span class='ocrx_word' id='word_1_761' title='bbox 1141 4973 1219 5034; x_wconf 86' lang='grc' dir='ltr'><strong>είς</strong></span> <span class='ocrx_word' id='word_1_762' title='bbox 1261 4972 1319 5023; x_wconf 80' lang='grc' dir='ltr'>ἒν</span> <span class='ocrx_word' id='word_1_763' title='bbox 1337 4971 1562 5042; x_wconf 85' lang='grc' dir='ltr'>Πνεῦμα</span> <span class='ocrx_word' id='word_1_764' title='bbox 1603 4972 1743 5027; x_wconf 82' lang='grc' dir='ltr'>πάν-</span> 
     </span>
    </p>
   </div>
   <div class='ocr_carea' id='block_1_96' title="bbox 187 5058 1746 5133">
    <p class='ocr_par' dir='ltr' id='par_1_96' title="bbox 187 5058 1746 5133">
     <span class='ocr_line' id='line_1_96' title="bbox 187 5058 1746 5133; baseline 0.007 -26"><span class='ocrx_word' id='word_1_765' title='bbox 187 5071 288 5121; x_wconf 76' lang='grc' dir='ltr'>τες,</span> <span class='ocrx_word' id='word_1_766' title='bbox 328 5058 547 5112; x_wconf 74' lang='grc' dir='ltr'>καὶτοῦ</span> <span class='ocrx_word' id='word_1_767' title='bbox 580 5059 900 5133; x_wconf 83' lang='grc' dir='ltr'>Πνεύματος</span> <span class='ocrx_word' id='word_1_768' title='bbox 961 5062 1021 5116; x_wconf 84' lang='grc' dir='ltr'>τὸ</span> <span class='ocrx_word' id='word_1_769' title='bbox 1060 5062 1304 5133; x_wconf 72' lang='grc' dir='ltr'>θέλημα.</span> <span class='ocrx_word' id='word_1_770' title='bbox 1350 5067 1444 5117; x_wconf 74' lang='grc' dir='ltr'>καὶ</span> <span class='ocrx_word' id='word_1_771' title='bbox 1494 5064 1629 5127; x_wconf 84' lang='grc' dir='ltr'>Θεὸς</span> <span class='ocrx_word' id='word_1_772' title='bbox 1683 5065 1746 5118; x_wconf 87' lang='grc' dir='ltr'>τὸ</span> 
     </span>
    </p>
   </div>
   <div class='ocr_carea' id='block_1_97' title="bbox 192 5146 1748 5227">
    <p class='ocr_par' dir='ltr' id='par_1_97' title="bbox 192 5146 1748 5227">
     <span class='ocr_line' id='line_1_97' title="bbox 192 5146 1748 5227; baseline 0.008 -28"><span class='ocrx_word' id='word_1_773' title='bbox 192 5146 423 5221; x_wconf 86' lang='grc' dir='ltr'>Πνεῦμα.</span> <span class='ocrx_word' id='word_1_774' title='bbox 450 5170 470 5203; x_wconf 71' lang='grc' dir='ltr'><strong>ι</strong></span> <span class='ocrx_word' id='word_1_775' title='bbox 504 5153 572 5205; x_wconf 87' lang='grc' dir='ltr'><strong>Ἦ</strong></span> <span class='ocrx_word' id='word_1_776' title='bbox 599 5153 835 5224; x_wconf 78' lang='grc' dir='ltr'>καὶπερὶ</span> <span class='ocrx_word' id='word_1_777' title='bbox 863 5153 991 5225; x_wconf 83' lang='grc' dir='ltr'>ὅλης</span> <span class='ocrx_word' id='word_1_778' title='bbox 1020 5155 1117 5223; x_wconf 80' lang='grc' dir='ltr'>τῆς</span> <span class='ocrx_word' id='word_1_779' title='bbox 1142 5156 1304 5223; x_wconf 77' lang='grc' dir='ltr'>ἁγίας</span> <span class='ocrx_word' id='word_1_780' title='bbox 1353 5155 1581 5226; x_wconf 81' lang='grc' dir='ltr'>Τριόιδος</span> <span class='ocrx_word' id='word_1_781' title='bbox 1618 5158 1748 5227; x_wconf 85' lang='grc' dir='ltr'>νοή-</span> 
     </span>
    </p>
   </div>
   <div class='ocr_carea' id='block_1_98' title="bbox 189 5243 1739 5318">
    <p class='ocr_par' dir='ltr' id='par_1_98' title="bbox 189 5243 1739 5318">
     <span class='ocr_line' id='line_1_98' title="bbox 189 5243 1739 5318; baseline 0.005 -25"><span class='ocrx_word' id='word_1_782' title='bbox 189 5255 312 5304; x_wconf 89' lang='grc' dir='ltr'>σεις.</span> <span class='ocrx_word' id='word_1_783' title='bbox 346 5243 423 5296; x_wconf 82' lang='grc' dir='ltr'><strong>Οὐ</strong></span> <span class='ocrx_word' id='word_1_784' title='bbox 454 5244 558 5316; x_wconf 83' lang='grc' dir='ltr'>γάρ</span> <span class='ocrx_word' id='word_1_785' title='bbox 601 5246 720 5298; x_wconf 87' lang='grc' dir='ltr'>ἐστι</span> <span class='ocrx_word' id='word_1_786' title='bbox 744 5245 979 5318; x_wconf 74' lang='grc' dir='ltr'>διαφορὰ</span> <span class='ocrx_word' id='word_1_787' title='bbox 1014 5246 1114 5312; x_wconf 82' lang='grc' dir='ltr'>τῆς</span> <span class='ocrx_word' id='word_1_788' title='bbox 1141 5246 1431 5317; x_wconf 84' lang='grc' dir='ltr'>όμοουσίου</span> <span class='ocrx_word' id='word_1_789' title='bbox 1459 5247 1555 5301; x_wconf 79' lang='grc' dir='ltr'><strong>καὶ</strong></span> <span class='ocrx_word' id='word_1_790' title='bbox 1601 5264 1739 5301; x_wconf 84' lang='grc' dir='ltr'>παν-</span> 
     </span>
    </p>
   </div>
   <div class='ocr_carea' id='block_1_99' title="bbox 190 5334 1740 5409">
    <p class='ocr_par' dir='ltr' id='par_1_99' title="bbox 190 5334 1740 5409">
     <span class='ocr_line' id='line_1_99' title="bbox 190 5334 1740 5409; baseline 0.008 -26"><span class='ocrx_word' id='word_1_791' title='bbox 190 5336 421 5404; x_wconf 81' lang='grc' dir='ltr'>υμνήτου</span> <span class='ocrx_word' id='word_1_792' title='bbox 460 5337 705 5409; x_wconf 82' lang='grc' dir='ltr'>Τριὰδος.</span> <span class='ocrx_word' id='word_1_793' title='bbox 725 5339 788 5391; x_wconf 76' lang='grc' dir='ltr'><strong>Εἰ</strong></span> <span class='ocrx_word' id='word_1_794' title='bbox 834 5337 890 5392; x_wconf 83' lang='grc' dir='ltr'><strong>δέ</strong></span> <span class='ocrx_word' id='word_1_795' title='bbox 918 5334 988 5409; x_wconf 88' lang='grc' dir='ltr'>ἦν</span> <span class='ocrx_word' id='word_1_796' title='bbox 1014 5338 1083 5393; x_wconf 80' lang='grc' dir='ltr'><strong>τὰ</strong></span> <span class='ocrx_word' id='word_1_797' title='bbox 1110 5338 1287 5391; x_wconf 83' lang='grc' dir='ltr'>πάντα</span> <span class='ocrx_word' id='word_1_798' title='bbox 1315 5338 1374 5391; x_wconf 77' lang='grc' dir='ltr'>ἓν</span> <span class='ocrx_word' id='word_1_799' title='bbox 1414 5339 1597 5409; x_wconf 85' lang='grc' dir='ltr'>μέλος,</span> <span class='ocrx_word' id='word_1_800' title='bbox 1636 5340 1740 5395; x_wconf 86' lang='grc' dir='ltr'><strong>ποῦ</strong></span> 
     </span>
    </p>
   </div>
   <div class='ocr_carea' id='block_1_100' title="bbox 189 5424 1742 5502">
    <p class='ocr_par' dir='ltr' id='par_1_100' title="bbox 189 5424 1742 5502">
     <span class='ocr_line' id='line_1_100' title="bbox 189 5424 1742 5502; baseline 0.005 -23"><span class='ocrx_word' id='word_1_801' title='bbox 189 5424 246 5475; x_wconf 82' lang='grc' dir='ltr'>τὸ</span> <span class='ocrx_word' id='word_1_802' title='bbox 295 5427 488 5496; x_wconf 75' lang='grc' dir='ltr'>σῶμας</span> <span class='ocrx_word' id='word_1_803' title='bbox 522 5430 664 5483; x_wconf 80' lang='grc' dir='ltr'><strong>Αὐτὸ</strong></span> <span class='ocrx_word' id='word_1_804' title='bbox 698 5430 762 5483; x_wconf 87' lang='grc' dir='ltr'>τὸ</span> <span class='ocrx_word' id='word_1_805' title='bbox 800 5430 990 5484; x_wconf 85' lang='grc' dir='ltr'>ποιοῦν</span> <span class='ocrx_word' id='word_1_806' title='bbox 1035 5431 1263 5491; x_wconf 79' lang='grc' dir='ltr'>ἐκείνοις</span> <span class='ocrx_word' id='word_1_807' title='bbox 1323 5431 1600 5501; x_wconf 80' lang='grc' dir='ltr'>πρόφασιν</span> <span class='ocrx_word' id='word_1_808' title='bbox 1652 5450 1742 5502; x_wconf 77' lang='grc' dir='ltr'>μισ</span> 
     </span>
    </p>
   </div>
   <div class='ocr_carea' id='block_1_101' title="bbox 188 5516 1739 5594">
    <p class='ocr_par' dir='ltr' id='par_1_101' title="bbox 188 5516 1739 5594">
     <span class='ocr_line' id='line_1_101' title="bbox 188 5516 1739 5594; baseline 0.005 -24"><span class='ocrx_word' id='word_1_809' title='bbox 188 5516 495 5589; x_wconf 73' lang='grc' dir='ltr'>κροψυχίας,</span> <span class='ocrx_word' id='word_1_810' title='bbox 544 5522 607 5575; x_wconf 87' lang='grc' dir='ltr'>τὸ</span> <span class='ocrx_word' id='word_1_811' title='bbox 642 5516 782 5577; x_wconf 72' lang='grc' dir='ltr'>εἶναι</span> <span class='ocrx_word' id='word_1_812' title='bbox 837 5523 1068 5593; x_wconf 74' lang='grc' dir='ltr'>διάφορα</span> <span class='ocrx_word' id='word_1_813' title='bbox 1097 5524 1165 5576; x_wconf 64' lang='grc' dir='ltr'><strong>τὰ</strong></span> <span class='ocrx_word' id='word_1_814' title='bbox 1200 5522 1538 5594; x_wconf 78' lang='grc' dir='ltr'>χαρίσματα,</span> <span class='ocrx_word' id='word_1_815' title='bbox 1575 5523 1739 5589; x_wconf 82' lang='grc' dir='ltr'>αὐτὸς</span> 
     </span>
    </p>
   </div>
   <div class='ocr_carea' id='block_1_102' title="bbox 188 5609 1735 5686">
    <p class='ocr_par' dir='ltr' id='par_1_102' title="bbox 188 5609 1735 5686">
     <span class='ocr_line' id='line_1_102' title="bbox 188 5609 1735 5686; baseline 0.016 -29"><span class='ocrx_word' id='word_1_816' title='bbox 188 5609 261 5669; x_wconf 80' lang='grc' dir='ltr'><strong>εἰς</strong></span> <span class='ocrx_word' id='word_1_817' title='bbox 295 5610 562 5679; x_wconf 81' lang='grc' dir='ltr'>πρόφασιν</span> <span class='ocrx_word' id='word_1_818' title='bbox 582 5613 825 5679; x_wconf 78' lang='grc' dir='ltr'>ἐνὼσεως</span> <span class='ocrx_word' id='word_1_819' title='bbox 844 5614 1133 5686; x_wconf 77' lang='grc' dir='ltr'>λαμϐάνει.</span> <span class='ocrx_word' id='word_1_820' title='bbox 1180 5613 1242 5667; x_wconf 78' lang='grc' dir='ltr'><strong>ΕΞ</strong></span> <span class='ocrx_word' id='word_1_821' title='bbox 1266 5614 1376 5685; x_wconf 74' lang='grc' dir='ltr'>γὰρ</span> <span class='ocrx_word' id='word_1_822' title='bbox 1432 5614 1507 5686; x_wconf 81' lang='grc' dir='ltr'>μὴ</span> <span class='ocrx_word' id='word_1_823' title='bbox 1532 5614 1735 5683; x_wconf 64' lang='grc' dir='ltr'>εἴχετε,</span> 
     </span>
    </p>
   </div>
   <div class='ocr_carea' id='block_1_103' title="bbox 190 5699 1738 5779">
    <p class='ocr_par' dir='ltr' id='par_1_103' title="bbox 190 5699 1738 5779">
     <span class='ocr_line' id='line_1_103' title="bbox 190 5699 1738 5779; baseline 0.004 -27"><span class='ocrx_word' id='word_1_824' title='bbox 190 5699 337 5767; x_wconf 67' lang='grc' dir='ltr'>ςησὶ,</span> <span class='ocrx_word' id='word_1_825' title='bbox 391 5702 622 5777; x_wconf 83' lang='grc' dir='ltr'>διάφορα</span> <span class='ocrx_word' id='word_1_826' title='bbox 641 5708 976 5779; x_wconf 80' lang='grc' dir='ltr'>χαρίσματα,</span> <span class='ocrx_word' id='word_1_827' title='bbox 1013 5706 1134 5762; x_wconf 78' lang='grc' dir='ltr'>οὐδέ</span> <span class='ocrx_word' id='word_1_828' title='bbox 1189 5707 1347 5778; x_wconf 78' lang='grc' dir='ltr'>σῶμα</span> <span class='ocrx_word' id='word_1_829' title='bbox 1403 5702 1521 5779; x_wconf 74' lang='grc' dir='ltr'>ἦτε.</span> <span class='ocrx_word' id='word_1_830' title='bbox 1571 5706 1738 5779; x_wconf 84' lang='grc' dir='ltr'><strong>Σῶμα</strong></span> 
     </span>
    </p>
   </div>
   <div class='ocr_carea' id='block_1_104' title="bbox 259 5874 738 5951">
    <p class='ocr_par' dir='ltr' id='par_1_104' title="bbox 259 5874 738 5951">
     <span class='ocr_line' id='line_1_104' title="bbox 259 5874 738 5951; baseline 0.01 -19"><span class='ocrx_word' id='word_1_831' title='bbox 259 5874 305 5909; x_wconf 70' lang='grc'><strong>³⁸</strong></span> <span class='ocrx_word' id='word_1_832' title='bbox 339 5877 359 5932; x_wconf 86' lang='grc' dir='ltr'><strong>ι</strong></span> <span class='ocrx_word' id='word_1_833' title='bbox 389 5878 510 5937; x_wconf 83' lang='lat' dir='ltr'><strong>Cor.</strong></span> <span class='ocrx_word' id='word_1_834' title='bbox 532 5898 633 5951; x_wconf 69' lang='lat' dir='ltr'><strong>XM,</strong></span> <span class='ocrx_word' id='word_1_835' title='bbox 658 5883 738 5937; x_wconf 80' lang='lat' dir='ltr'><strong>ii.</strong></span> 
     </span>
    </p>
   </div>
   <div class='ocr_carea' id='block_1_105' title="bbox 1847 4874 3410 4947">
    <p class='ocr_par' dir='ltr' id='par_1_105' title="bbox 1847 4874 3410 4947">
     <span class='ocr_line' id='line_1_105' title="bbox 1847 4874 3410 4947; baseline -0.002 -16"><span class='ocrx_word' id='word_1_836' title='bbox 1847 4893 1945 4932; x_wconf 88' lang='lat' dir='ltr'><strong>nes</strong></span> <span class='ocrx_word' id='word_1_837' title='bbox 1975 4890 2086 4932; x_wconf 90' lang='lat' dir='ltr'><strong>uno</strong></span> <span class='ocrx_word' id='word_1_838' title='bbox 2125 4877 2321 4947; x_wconf 86' lang='lat' dir='ltr'><strong>poculo</strong></span> <span class='ocrx_word' id='word_1_839' title='bbox 2347 4875 2507 4947; x_wconf 81' lang='lat' dir='ltr'><strong>rigati</strong></span> <span class='ocrx_word' id='word_1_840' title='bbox 2544 4888 2738 4930; x_wconf 87' lang='lat' dir='ltr'><strong>sumus</strong></span> <span class='ocrx_word' id='word_1_841' title='bbox 2767 4874 2821 4930; x_wconf 84' lang='lat' dir='ltr'><strong>in</strong></span> <span class='ocrx_word' id='word_1_842' title='bbox 2848 4890 3017 4929; x_wconf 84' lang='lat' dir='ltr'><strong>unum</strong></span> <span class='ocrx_word' id='word_1_843' title='bbox 3062 4874 3350 4944; x_wconf 86' lang='lat' dir='ltr'><strong>Spiritum.</strong></span> <span class='ocrx_word' id='word_1_844' title='bbox 3390 4895 3410 4928; x_wconf 74' lang='grc' dir='ltr'><strong>ι</strong></span> 
     </span>
    </p>
   </div>
   <div class='ocr_carea' id='block_1_106' title="bbox 1849 4965 3416 5039">
    <p class='ocr_par' dir='ltr' id='par_1_106' title="bbox 1849 4965 3416 5039">
     <span class='ocr_line' id='line_1_106' title="bbox 1849 4965 3416 5039; baseline 0 -18"><span class='ocrx_word' id='word_1_845' title='bbox 1849 4967 1918 5022; x_wconf 86' lang='grc' dir='ltr'><strong>Ει</strong></span> <span class='ocrx_word' id='word_1_846' title='bbox 1957 4970 2222 5039; x_wconf 83' lang='lat' dir='ltr'><strong>quoniam</strong></span> <span class='ocrx_word' id='word_1_847' title='bbox 2270 4966 2326 5021; x_wconf 92' lang='lat' dir='ltr'><strong>in</strong></span> <span class='ocrx_word' id='word_1_848' title='bbox 2369 4979 2538 5020; x_wconf 90' lang='lat' dir='ltr'><strong>unum</strong></span> <span class='ocrx_word' id='word_1_849' title='bbox 2598 4965 2862 5035; x_wconf 80' lang='lat' dir='ltr'><strong>Spiritum</strong></span> <span class='ocrx_word' id='word_1_850' title='bbox 2916 4980 3132 5029; x_wconf 88' lang='lat' dir='ltr'><strong>omnes,</strong></span> <span class='ocrx_word' id='word_1_851' title='bbox 3162 4966 3416 5037; x_wconf 85' lang='lat' dir='ltr'><strong>etipsius</strong></span> 
     </span>
    </p>
   </div>
   <div class='ocr_carea' id='block_1_107' title="bbox 1848 5056 3413 5130">
    <p class='ocr_par' dir='ltr' id='par_1_107' title="bbox 1848 5056 3413 5130">
     <span class='ocr_line' id='line_1_107' title="bbox 1848 5056 3413 5130; baseline -0.001 -16"><span class='ocrx_word' id='word_1_852' title='bbox 1848 5059 2090 5130; x_wconf 85' lang='lat' dir='ltr'><strong>Spiritus</strong></span> <span class='ocrx_word' id='word_1_853' title='bbox 2133 5065 2220 5115; x_wconf 84' lang='lat' dir='ltr'><strong>est</strong></span> <span class='ocrx_word' id='word_1_854' title='bbox 2251 5057 2531 5122; x_wconf 85' lang='lat' dir='ltr'><strong>voluntas,</strong></span> <span class='ocrx_word' id='word_1_855' title='bbox 2579 5060 2772 5126; x_wconf 89' lang='lat' dir='ltr'><strong>utique</strong></span> <span class='ocrx_word' id='word_1_856' title='bbox 2814 5056 3062 5127; x_wconf 87' lang='lat' dir='ltr'><strong>Spiritus</strong></span> <span class='ocrx_word' id='word_1_857' title='bbox 3110 5067 3198 5114; x_wconf 83' lang='lat' dir='ltr'><strong>est</strong></span> <span class='ocrx_word' id='word_1_858' title='bbox 3245 5056 3413 5114; x_wconf 89' lang='lat' dir='ltr'><strong>Deus.</strong></span> 
     </span>
    </p>
   </div>
   <div class='ocr_carea' id='block_1_108' title="bbox 1846 5148 3413 5220">
    <p class='ocr_par' dir='ltr' id='par_1_108' title="bbox 1846 5148 3413 5220">
     <span class='ocr_line' id='line_1_108' title="bbox 1846 5148 3413 5220; baseline -0.001 -14"><span class='ocrx_word' id='word_1_859' title='bbox 1846 5153 1957 5206; x_wconf 76' lang='lat' dir='ltr'><strong>Aut</strong></span> <span class='ocrx_word' id='word_1_860' title='bbox 1978 5151 2144 5206; x_wconf 86' lang='lat' dir='ltr'><strong>etiam</strong></span> <span class='ocrx_word' id='word_1_861' title='bbox 2174 5149 2258 5203; x_wconf 73' lang='lat' dir='ltr'><strong>de</strong></span> <span class='ocrx_word' id='word_1_862' title='bbox 2282 5157 2392 5201; x_wconf 87' lang='lat' dir='ltr'><strong>tota</strong></span> <span class='ocrx_word' id='word_1_863' title='bbox 2422 5156 2615 5203; x_wconf 86' lang='lat' dir='ltr'><strong>sancta</strong></span> <span class='ocrx_word' id='word_1_864' title='bbox 2651 5148 2852 5202; x_wconf 87' lang='lat' dir='ltr'><strong>Triade</strong></span> <span class='ocrx_word' id='word_1_865' title='bbox 2875 5149 3173 5220; x_wconf 85' lang='lat' dir='ltr'><strong>intelliges.</strong></span> <span class='ocrx_word' id='word_1_866' title='bbox 3225 5148 3413 5219; x_wconf 74' lang='lat' dir='ltr'><strong>Neque</strong></span> 
     </span>
    </p>
   </div>
   <div class='ocr_carea' id='block_1_109' title="bbox 1849 5240 3411 5311">
    <p class='ocr_par' dir='ltr' id='par_1_109' title="bbox 1849 5240 3411 5311">
     <span class='ocr_line' id='line_1_109' title="bbox 1849 5240 3411 5311; baseline -0.005 -11"><span class='ocrx_word' id='word_1_867' title='bbox 1849 5245 1992 5300; x_wconf 87' lang='lat' dir='ltr'><strong>enim</strong></span> <span class='ocrx_word' id='word_1_868' title='bbox 2032 5252 2119 5299; x_wconf 82' lang='lat' dir='ltr'><strong>est</strong></span> <span class='ocrx_word' id='word_1_869' title='bbox 2144 5242 2434 5296; x_wconf 84' lang='lat' dir='ltr'><strong>diversitas</strong></span> <span class='ocrx_word' id='word_1_870' title='bbox 2482 5240 2536 5295; x_wconf 91' lang='lat' dir='ltr'><strong>in</strong></span> <span class='ocrx_word' id='word_1_871' title='bbox 2573 5255 2790 5311; x_wconf 79' lang='lat' dir='ltr'><strong>semper</strong></span> <span class='ocrx_word' id='word_1_872' title='bbox 2842 5240 3114 5296; x_wconf 83' lang='lat' dir='ltr'><strong>laudanda</strong></span> <span class='ocrx_word' id='word_1_873' title='bbox 3166 5241 3411 5310; x_wconf 83' lang='lat' dir='ltr'><strong>ejusdem</strong></span> 
     </span>
    </p>
   </div>
   <div class='ocr_carea' id='block_1_110' title="bbox 1848 5331 3409 5398">
    <p class='ocr_par' dir='ltr' id='par_1_110' title="bbox 1848 5331 3409 5398">
     <span class='ocr_line' id='line_1_110' title="bbox 1848 5331 3409 5398; baseline -0.004 -8"><span class='ocrx_word' id='word_1_874' title='bbox 1848 5336 2100 5391; x_wconf 59' lang='lat' dir='ltr'><strong>essentia</strong></span> <span class='ocrx_word' id='word_1_875' title='bbox 2163 5333 2386 5388; x_wconf 82' lang='lat' dir='ltr'><strong>Triade.</strong></span> <span class='ocrx_word' id='word_1_876' title='bbox 2447 5331 2603 5398; x_wconf 85' lang='lat' dir='ltr'><strong>Quod</strong></span> <span class='ocrx_word' id='word_1_877' title='bbox 2652 5333 2698 5388; x_wconf 88' lang='lat' dir='ltr'><strong>si</strong></span> <span class='ocrx_word' id='word_1_878' title='bbox 2761 5344 2948 5389; x_wconf 86' lang='lat' dir='ltr'><strong>essent</strong></span> <span class='ocrx_word' id='word_1_879' title='bbox 3005 5334 3188 5389; x_wconf 83' lang='lat' dir='ltr'><strong>omnia</strong></span> <span class='ocrx_word' id='word_1_880' title='bbox 3243 5349 3409 5386; x_wconf 85' lang='lat' dir='ltr'><strong>unum</strong></span> 
     </span>
    </p>
   </div>
   <div class='ocr_carea' id='block_1_111' title="bbox 1850 5418 3413 5497">
    <p class='ocr_par' dir='ltr' id='par_1_111' title="bbox 1850 5418 3413 5497">
     <span class='ocr_line' id='line_1_111' title="bbox 1850 5418 3413 5497; baseline -0.006 -13"><span class='ocrx_word' id='word_1_881' title='bbox 1850 5429 2178 5490; x_wconf 87' lang='lat' dir='ltr'><strong>membrum,</strong></span> <span class='ocrx_word' id='word_1_882' title='bbox 2210 5426 2299 5481; x_wconf 90' lang='lat' dir='ltr'><strong>ubi</strong></span> <span class='ocrx_word' id='word_1_883' title='bbox 2327 5426 2568 5496; x_wconf 76' lang='lat' dir='ltr'><strong>corpus?</strong></span> <span class='ocrx_word' id='word_1_884' title='bbox 2598 5425 2712 5481; x_wconf 84' lang='lat' dir='ltr'><strong>Hoc</strong></span> <span class='ocrx_word' id='word_1_885' title='bbox 2738 5418 2916 5497; x_wconf 79' lang='lat' dir='ltr'><strong>ipsum</strong></span> <span class='ocrx_word' id='word_1_886' title='bbox 2942 5426 3087 5495; x_wconf 92' lang='lat' dir='ltr'><strong>quod</strong></span> <span class='ocrx_word' id='word_1_887' title='bbox 3123 5425 3233 5479; x_wconf 86' lang='lat' dir='ltr'><strong>illis</strong></span> <span class='ocrx_word' id='word_1_888' title='bbox 3257 5440 3413 5478; x_wconf 57' lang='lat' dir='ltr'><strong>occ-no</strong></span> 
     </span>
    </p>
   </div>
   <div class='ocr_carea' id='block_1_112' title="bbox 1846 5513 3407 5587">
    <p class='ocr_par' dir='ltr' id='par_1_112' title="bbox 1846 5513 3407 5587">
     <span class='ocr_line' id='line_1_112' title="bbox 1846 5513 3407 5587; baseline -0.007 -14"><span class='ocrx_word' id='word_1_889' title='bbox 1846 5520 1931 5575; x_wconf 89' lang='lat' dir='ltr'><strong>sio</strong></span> <span class='ocrx_word' id='word_1_890' title='bbox 1982 5526 2101 5572; x_wconf 85' lang='lat' dir='ltr'><strong>erat</strong></span> <span class='ocrx_word' id='word_1_891' title='bbox 2133 5515 2627 5587; x_wconf 77' lang='lat' dir='ltr'><strong>pusillanimitatis,</strong></span> <span class='ocrx_word' id='word_1_892' title='bbox 2671 5529 2866 5582; x_wconf 87' lang='lat' dir='ltr'><strong>nempe</strong></span> <span class='ocrx_word' id='word_1_893' title='bbox 2893 5515 3045 5570; x_wconf 79' lang='lat' dir='ltr'><strong>varia</strong></span> <span class='ocrx_word' id='word_1_894' title='bbox 3096 5527 3217 5568; x_wconf 84' lang='lat' dir='ltr'><strong>esse</strong></span> <span class='ocrx_word' id='word_1_895' title='bbox 3241 5513 3407 5575; x_wconf 75' lang='lat' dir='ltr'><strong>dona,</strong></span> 
     </span>
    </p>
   </div>
   <div class='ocr_carea' id='block_1_113' title="bbox 1847 5602 3407 5682">
    <p class='ocr_par' dir='ltr' id='par_1_113' title="bbox 1847 5602 3407 5682">
     <span class='ocr_line' id='line_1_113' title="bbox 1847 5602 3407 5682; baseline -0.009 -15"><span class='ocrx_word' id='word_1_896' title='bbox 1847 5612 1964 5682; x_wconf 90' lang='lat' dir='ltr'><strong>ipse</strong></span> <span class='ocrx_word' id='word_1_897' title='bbox 2003 5610 2069 5665; x_wconf 86' lang='lat' dir='ltr'><strong>ad</strong></span> <span class='ocrx_word' id='word_1_898' title='bbox 2100 5608 2453 5666; x_wconf 88' lang='lat' dir='ltr'><strong>occasionem</strong></span> <span class='ocrx_word' id='word_1_899' title='bbox 2486 5607 2719 5663; x_wconf 88' lang='lat' dir='ltr'><strong>assumit</strong></span> <span class='ocrx_word' id='word_1_900' title='bbox 2755 5604 3002 5660; x_wconf 83' lang='lat' dir='ltr'><strong>unitatis.</strong></span> <span class='ocrx_word' id='word_1_901' title='bbox 3044 5602 3178 5657; x_wconf 84' lang='lat' dir='ltr'><strong>Nam</strong></span> <span class='ocrx_word' id='word_1_902' title='bbox 3213 5602 3259 5657; x_wconf 80' lang='lat' dir='ltr'><strong>si</strong></span> <span class='ocrx_word' id='word_1_903' title='bbox 3299 5618 3407 5657; x_wconf 70' lang='lat' dir='ltr'><strong>non</strong></span> 
     </span>
    </p>
   </div>
   <div class='ocr_carea' id='block_1_114' title="bbox 1846 5695 3412 5773">
    <p class='ocr_par' dir='ltr' id='par_1_114' title="bbox 1846 5695 3412 5773">
     <span class='ocr_line' id='line_1_114' title="bbox 1846 5695 3412 5773; baseline -0.008 -10"><span class='ocrx_word' id='word_1_904' title='bbox 1846 5702 2147 5771; x_wconf 82' lang='lat' dir='ltr'><strong>haberetis,</strong></span> <span class='ocrx_word' id='word_1_905' title='bbox 2196 5701 2397 5773; x_wconf 86' lang='lat' dir='ltr'><strong>inquit,</strong></span> <span class='ocrx_word' id='word_1_906' title='bbox 2428 5701 2578 5758; x_wconf 78' lang='lat' dir='ltr'><strong>varia</strong></span> <span class='ocrx_word' id='word_1_907' title='bbox 2619 5701 2785 5764; x_wconf 86' lang='lat' dir='ltr'><strong>dona,</strong></span> <span class='ocrx_word' id='word_1_908' title='bbox 2818 5712 2887 5753; x_wconf 87' lang='lat' dir='ltr'><strong>ne</strong></span> <span class='ocrx_word' id='word_1_909' title='bbox 2934 5709 3137 5765; x_wconf 81' lang='lat' dir='ltr'><strong>corpus</strong></span> <span class='ocrx_word' id='word_1_910' title='bbox 3184 5695 3412 5767; x_wconf 81' lang='lat' dir='ltr'><strong>quidem</strong></span> 
     </span>
    </p>
   </div>
  </div>
