3872 6578
509 396 619 465 827

1568 409 1969 474 (ECUMENII
1997 414 2287 479 TRICCAE
2319 419 2661 483 EPISCOPI

3594 446 3675 512 828

509 509 731 565 invicem
764 519 953 581 gerant
974 513 1242 569 membra:
1282 520 1333 569 et
1360 517 1465 571 sive
1504 521 1706 587 patitur
1725 541 1887 580 unum
1917 544 2080 582 ment-

2184 534 2312 585 λων
2353 535 2685 621 μεριμνῶσι
2745 536 2819 591 τὰ
2858 538 3037 609 μέλη.
3080 542 3190 596 Kal
3246 544 3362 600 alte
3400 548 3590 621 πάσχει
3624 558 3676 613 ἐν

509 600 682 666 brum,
713 602 877 658 simul
921 607 1197 674 patiuntur
1226 609 1406 663 omnia
1434 612 1668 669 membra
1698 632 1716 671 :
1740 618 1848 672 sive
1871 618 2082 689 gloriﬁ-

510 702 664 747 catur
692 711 854 748 unum
897 697 1207 764 membrum,
1250 703 1413 757 simul
1460 705 1686 775 gaudent
1717 712 1895 765 omnia
1919 729 2085 768 mem-

510 781 628 838 bra.

585 875 641 929 Si
672 876 835 932 simul
870 881 1213 950 temperavit,
1272 900 1401 957 ergo
1432 895 1487 943 et
1510 905 1680 946 unum
1718 890 1850 949 fecit
1886 910 1899 949 :
1935 898 2082 966 quod

510 965 654 1018 enim
689 975 1024 1038 temperatur
1072 988 1136 1029 ac
1182 977 1589 1047 commiscetur,
1632 998 1801 1039 unum
1832 986 2085 1044 edicitur.

516 1074 536 1107 ι
571 1057 669 1112 Cui
703 1060 912 1117 deerat.
956 1081 976 1115 ι
1015 1065 1151 1121 Vide
1181 1068 1326 1138 quod
1347 1070 1459 1141 jam
1490 1088 1600 1128 non
1626 1074 1867 1132 dixerit:
1901 1078 2085 1136 Minus

510 1148 763 1217 honesto,
820 1162 937 1220 aut,
1006 1156 1288 1227 lndeCoro,
1351 1162 1468 1229 sed,
1504 1181 1524 1217 ι
1560 1166 1623 1221 Ei
1662 1168 1753 1222 cui
1801 1169 2011 1237 deerat,
2057 1191 2076 1226 ι

509 1244 805 1298 ostendens
833 1246 979 1315 quod
1004 1263 1110 1305 non
1156 1259 1355 1308 natura
1400 1255 1506 1311 sint
1547 1257 1747 1314 decora
1788 1271 1883 1316 aut
1935 1262 2088 1319 inde-

511 1344 665 1400 cora,
693 1333 810 1391 sive
839 1337 1072 1395 honesta
1104 1348 1199 1395 aut
1260 1343 1577 1417 inhonesta.
1633 1368 1653 1403 ι
1709 1350 2084 1422 COpiosiorem

510 1418 648 1476 dans
691 1422 978 1486 honorem.
1028 1448 1046 1482 ι
1081 1429 1157 1486 De
1189 1447 1419 1504 corpore
1460 1438 1665 1501 poterit
1691 1440 1817 1510 quis
1847 1442 1949 1498 hoc
1999 1445 2087 1498 in-

511 1511 779 1582 telligere,
805 1525 858 1569 at
884 1517 951 1572 de
1006 1520 1320 1580 hominibus
1363 1528 1636 1597 quomodo
1692 1529 1796 1586 hoc
1852 1531 2089 1590 inveniri

510 1604 732 1668 poterit,
766 1613 824 1658 ut
852 1606 918 1660 de
948 1608 1128 1665 minus
1162 1612 1404 1670 honestis
1427 1631 1489 1670 ac
1522 1616 1883 1677 imbecillibus
1916 1623 2089 1688 major

512 1687 787 1746 habeatur
842 1709 973 1750 cura
1028 1713 1093 1753 ac
1148 1703 1530 1771 providentia?
1573 1705 1637 1762 Et
1682 1708 1914 1767 dicimus
1942 1687 2087 1782 quod

513 1776 925 1840 imbecilliorum
955 1803 1139 1845 curam
1176 1795 1346 1866 magis
1371 1799 1651 1868 suscipere
1681 1802 1896 1858 videtur
1918 1803 2085 1862 Deus.

509 1866 681 1940 quue
711 1874 895 1931 videas
929 1878 983 1933 in
1033 1880 1248 1939 latrone
1270 1886 1363 1956 qui
1397 1866 1831 1963 ante—apostolos
1860 1896 2080 1965 paradi-

510 1975 632 2014 sum
684 1962 966 2035 ingressus
989 1980 1073 2027 est
1102 1973 1171 2039 “,
1200 1984 1253 2030 et
1282 1992 1383 2034 ove
1407 1994 1471 2033 es
1505 1962 1736 2040 numero
1767 1988 2083 2043 centenario

510 2052 744 2121 perdita,
773 2074 893 2127 qua:
936 2061 1101 2117 etiam
1155 2068 1372 2123 inventa
1404 2084 1570 2141 super
1597 2072 1859 2133 humeros
1890 2094 2082 2147 repor-

509 2150 620 2197 tata
645 2153 731 2200 est
756 2146 821 2213 ",
856 2157 910 2204 et
948 2156 1230 2223 operarios
1275 2159 1370 2228 qui
1398 2161 1530 2217 hora
1576 2166 1864 2222 undecima
1913 2146 2082 2225 vene-

505 2243 652 2304 rant,
700 2240 971 2313 primique
1023 2249 1327 2305 mercedem
1369 2253 1620 2313 referunt
1669 2257 1717 2290 “
1757 2276 1773 2314 :
1817 2276 1885 2316 co
1938 2264 2081 2332 quod

506 2325 652 2385 Deus
692 2330 993 2392 imbecilles
1039 2340 1212 2409 magis
1243 2340 1383 2398 lerat
1416 2346 1606 2417 eisque
1657 2325 2081 2411 condescendat.

505 2420 632 2475 Ideo
686 2424 849 2478 etiam
884 2426 1017 2483 dicit
1053 2447 1067 2484 :
1110 2448 1129 2482 ι
1158 2431 1531 2504 Copiosiorem
1562 2440 1700 2495 dans
1731 2441 2017 2512 honorem,
2057 2466 2078 2500 ι

510 2522 568 2567 ιιι
599 2530 693 2584 per
708 2516 807 2570 hoc
828 2519 947 2576 illos
964 2524 1281 2581 consoletur
1298 2528 1391 2598 qui
1412 2531 1594 2587 minus
1618 2534 1817 2590 habent
1842 2537 2073 2594 donum.

584 2622 602 2654 ι
633 2603 709 2659 Nc
738 2607 807 2661 sit
838 2609 1125 2668 dissidium
1158 2616 1213 2670 in
1244 2631 1492 2688 corpore.
1527 2641 1548 2675 ι
1586 2622 1745 2697 545
1796 2625 2079 2699 Siquidem

508 2711 616 2749 non
690 2697 959 2758 dissidere
1038 2714 1131 2760 aut
1199 2708 1368 2765 dividi
1424 2724 1508 2770 est
1568 2719 1792 2773 omnino
1871 2736 2073 2791 corpus

454 2778 455 2781 “
506 2791 822 2859 csse.qund
870 2794 914 2848 si
975 2795 1276 2868 dividatur,
1318 2801 1431 2871 jam
1492 2813 1667 2861 totum
1719 2810 1902 2879 periit.
1968 2778 2080 2869 iloc

505 2888 686 2934 autem
742 2882 875 2938 dicit
934 2895 1145 2945 terrens
1228 2908 1325 2949 eos
1401 2896 1494 2966 qui
1564 2914 1758 2971 magna
1810 2903 2082 2960 habebant

506 2967 672 3036 dona,
705 2979 758 3024 et
782 2972 850 3026 ad
880 2977 1205 3034 modestiam
1233 2998 1522 3052 revocans,
1551 2967 1696 3059 quod
1729 2990 1997 3049 discessio
2016 3010 2082 3050 ac

506 3061 783 3128 separatio
809 3063 878 3118 ab
905 3065 989 3122 his
1024 3070 1116 3140 qui
1148 3072 1437 3131 inferiores
1468 3088 1621 3134 erant
1655 3080 1709 3134 in
1749 3082 1930 3149 donis,
1960 3087 2081 3141 illos

506 3163 730 3221 quoque
755 3156 969 3226 perdat,
996 3162 1177 3233 sitque
1209 3167 1535 3237 periculum,
1575 3188 1643 3228 ne
1695 3174 1956 3248 deinceps
1984 3179 2080 3234 de-

509 3244 846 3303 sinantesse
893 3264 1099 3323 corpus
1156 3256 1381 3316 Christi.
1437 3261 1621 3333 Itaque
1681 3244 2078 3337 providendum

504 3344 611 3397 est,
638 3334 837 3407 inquit,
868 3339 1233 3417 habendaque
1280 3350 1596 3408 sollicitudo
1651 3334 1744 3410 uni
1801 3334 1865 3411 de
1923 3360 2077 3415 alio:

505 3422 610 3479 Per
649 3430 907 3485 unionem
933 3435 1079 3490 enim
1114 3438 1379 3497 habemus
1408 3457 1556 3499 esse.
1598 3463 1616 3497 ι
1648 3444 1711 3500 Ει
1732 3448 1846 3502 sive
1877 3452 2081 3519 patitur

506 3531 678 3572 unum
718 3520 1045 3581 membrum.
1078 3546 1098 3580 ι
1139 3530 1196 3583 Si
1250 3532 1394 3585 enim
1433 3536 1674 3591 membra
1704 3551 1893 3596 exacte
1930 3544 2080 3599 unita

504 3623 628 3665 esse
648 3622 883 3681 oportet,
927 3628 1282 3692 mutuamque
1305 3626 1584 3696 suscipere
1609 3644 1821 3695 curam,
1873 3637 2084 3705 perspi-

504 3713 669 3753 cuum
695 3710 778 3757 est
809 3707 955 3775 quod
990 3724 1051 3763 ea
1076 3727 1196 3780 qua:
1224 3715 1553 3785 contingunt
1581 3721 1744 3776 etiam
1769 3729 2081 3783 communia

503 3807 627 3847 esse
650 3793 869 3863 debent,
898 3800 1011 3855 sive
1042 3801 1366 3864 alllictiones
1392 3810 1502 3865 sint
1522 3812 1637 3867 sive
1667 3814 1877 3873 laudes.
1904 3820 2082 3876 Abru-

503 3886 620 3954 ptio
658 3887 830 3956 enim,
864 3892 982 3948 sive
1007 3896 1283 3955 detractio
1322 3902 1620 3973 minorum,
1666 3910 1761 3965 tibi
1792 3912 1954 3966 etiam
1986 3915 2079 3984 qui

503 3974 679 4042 major
692 3992 750 4033 es
775 3982 1131 4050 perditionem
1151 3987 1327 4055 alTert,
1350 3996 1806 4063 quemadmodum
1831 4015 1883 4057 et
1902 4007 2079 4061 oculis

504 4078 823 4139 amputatus
857 4091 975 4145 pes,
999 4089 1093 4133 aut
1129 4080 1360 4138 inferior
1376 4100 1505 4155 pars
1532 4093 1781 4161 corporis
1800 4110 1923 4165 qua:
1944 4112 2081 4168 prte-

503 4162 735 4218 stantior
788 4167 1019 4227 videtur.
1056 4188 1076 4223 ι
1129 4173 1256 4230 Sive
1314 4177 1656 4248 gloriﬁcatur
1712 4162 1878 4240 unum
1911 4162 2081 4245 mem-

502 4250 1072 4316 brum.)C0ronatur
1134 4275 1323 4335 caput,
1371 4276 1426 4324 et
1482 4271 1759 4331 universis
1812 4279 2079 4338 membris

502 4343 675 4413 gloria
699 4356 752 4402 et
785 4353 1039 4419 gaudium
1070 4357 1305 4412 accedit.

574 4434 809 4504 Xll,27—
832 4443 922 4497 30.
996 4443 1095 4501 Vos
1150 4458 1325 4504 autem
1390 4455 1515 4509 estis
1550 4471 1739 4526 corpus
1781 4459 1981 4519 Christi
2026 4474 2077 4521 et

501 4532 733 4585 membra
757 4549 821 4586 ea:
860 4544 1029 4604 parte.
1061 4537 1132 4592 Et
1160 4540 1251 4595 hos
1277 4544 1483 4613 quidem
1509 4551 1685 4619 posuit
1715 4551 1857 4608 Deus
1888 4556 1943 4610 in
1976 4555 2077 4610 Ec-

502 4621 686 4689 clesia,
717 4626 947 4695 primum
976 4633 1263 4700 apostolos,
1290 4640 1517 4694 secundo
1561 4643 1862 4711 prophetas,
1917 4650 2072 4702 tertio

500 4714 758 4784 doctores,
785 4718 973 4774 deinde
994 4730 1300 4793 potestates,
1333 4729 1516 4785 deinde
1540 4732 1679 4787 dona
1713 4739 2076 4804 sanationum,

500 4804 759 4874 subsidia,
836 4812 1263 4883 gubernationes,
1302 4836 1491 4889 genera
1553 4825 1877 4894 linguarum.
1928 4829 2077 4885 Num

501 4913 678 4953 omnes
703 4904 933 4968 apostoli
952 4906 977 4958 7
1008 4903 1153 4960 Num
1187 4926 1363 4966 omnes
1390 4912 1673 4971 doctores?
1717 4916 1863 4972 Num
1899 4937 2078 4976 omnes

502 4996 788 5055 potestates
812 4993 838 5047 .’
882 4992 1027 5049 Num
1057 5014 1235 5054 omnes
1275 5002 1417 5056 dona
1460 5004 1651 5060 habent
1691 5011 2081 5067 sanationum?

506 5076 649 5132 Num
680 5097 858 5137 omnes
887 5085 1080 5157 linguis
1110 5090 1400 5161 loquuntur
1426 5095 1453 5149 .9
1496 5096 1639 5151 Nam
1693 5115 1873 5156 omnes
1913 5101 2081 5158 inter-

499 5180 777 5239 pretantur
807 5176 834 5230 .’

588 5350 793 5409 Deinde
828 5370 898 5410 ne
944 5355 1178 5415 dicant:
1216 5358 1284 5414 Et
1341 5363 1470 5432 quid
1540 5367 1606 5421 ad
1670 5383 1771 5424 nos
1840 5371 2080 5440 pertinet

499 5446 805 5517 exemplum
822 5445 891 5503 de
915 5463 1163 5520 corpore,
1189 5454 1422 5509 ostendit
1457 5456 1618 5513 etiam
1644 5460 1791 5531 ipsos
1812 5478 1930 5519 esse
1954 5480 2077 5520 cor-

509 5552 610 5608 pus
635 5536 858 5596 Cbristi.
892 5540 1049 5609 Quod
1081 5544 1128 5600 si
1157 5545 1451 5603 humanum
1478 5565 1680 5621 corpus
1717 5569 1826 5607 non
1857 5565 2077 5624 Oportet

506 5628 692 5686 fovere
726 5631 1035 5702 dissidium,
1091 5652 1216 5693 nam
1250 5639 1536 5695 dissidium
1573 5644 1863 5698 solutionis
1906 5660 2073 5701 causa

2114 1897 2156 1955 Β

2104 3240 2150 3302 C

2101 4599 2155 4659 B

2176 621 2385 691 μέλος.
2414 627 2767 697 συμπάσχει
2787 628 2985 685 πάντα
3007 631 3081 687 τὰ
3096 628 3273 702 μέλη,
3298 638 3412 693 εἴτε
3433 640 3677 708 δοξάζεται

2182 710 2252 765 ἐν
2264 713 2476 783 μέλος,
2500 717 2814 787 συγχαίρει
2852 719 3050 775 πάντα
3076 723 3150 777 τὰ
3164 724 3337 796 μέλη.

2257 917 2320 971 Et
2351 920 2733 993 συνεκέρασεν,
2760 922 2956 979 οὐκοῦν
2982 924 3078 980 καὶ
3106 927 3164 981 ἓν
3199 930 3464 1003 ἐποίησεν,
3511 936 3574 994 Τὸ
3601 944 3681 1019 γὰρ

2184 1010 2532 1081 κιρνάμενον.
2592 1012 2652 1067 ἐν
2680 1015 2910 1084 γίνεται,
2978 1038 2999 1072 ι
3026 1019 3118 1091 Τῷ
3141 1022 3463 1094 ὑστεροῦντι.
3498 1049 3514 1083 ι
3555 1010 3681 1106 ἀρά,

2183 1102 2282 1156 οὐκ
2305 1102 2385 1156 ἔτι
2411 1099 2556 1171 εἷπε,
2587 1105 2678 1176 Τῷ
2698 1107 2900 1178 ἀτίμῳ,
2917 1110 2975 1182 ἢ,
2995 1111 3086 1182 Τῷ
3112 1114 3395 1186 ἀσχήμονι,
3422 1121 3556 1189 ἀλλὰ,

2186 1193 2526 1265 ὑστεροῦντι,
2581 1215 2602 1250 s
2666 1198 2881 1265 δεικνὺς
2916 1203 3016 1257 οὐκ
3072 1204 3199 1260 ὄντα
3253 1209 3406 1277 φύσει
3451 1193 3682 1293 ἀσχημαή

2187 1282 2462 1356 εὖσχημα,
2504 1288 2674 1358 ἡγουν
2723 1289 2917 1361 ἔντιμα
2959 1293 2992 1365 ἢ
3033 1294 3225 1366 ἀτιμα.
3299 1319 3317 1351 ι
3346 1282 3684 1378 Περισσοτ-ἐραν

2185 1376 2309 1441 δοὺς
2369 1380 2561 1448 τιμήν.
2592 1398 2614 1435 s
2659 1382 2782 1435 Ἐπὶ
2850 1385 2950 1454 μὲν
3015 1386 3109 1440 τοῦ
3165 1389 3413 1460 σώματος
3461 1396 3593 1453 τοῦτο
3611 1376 3684 1455 iis:

2185 1485 2271 1531 τις
2299 1468 2384 1523 ἄν.
2428 1471 2550 1524 Ἐπὶ
2578 1472 2636 1526 δὲ
2666 1475 2773 1527 τῶν
2822 1475 3144 1547 ἀνθρώπων,
3204 1481 3319 1544 πῶς
3372 1485 3505 1541 ἔστιν
3551 1493 3686 1561 εὑρεῖν

2186 1562 2314 1625 τοὺς
2363 1563 2724 1636 ἀτιμοτέρους
2754 1566 2846 1621 καὶ
2876 1569 3126 1634 ἀσθενεῖς
3156 1572 3397 1638 πλείονος
3425 1581 3686 1651 κηδεμονίας

2188 1652 2561 1721 ἀπολαύοντας
2579 1675 2593 1724 ;
2610 1658 2719 1712 Καί
2748 1676 2821 1729 φα
2830 1677 2952 1731 μεν,
2978 1662 3059 1716 ὅτι
3082 1666 3109 1717 ὁ
3134 1664 3269 1728 Θεὸς
3299 1668 3403 1721 τῶν
3427 1672 3685 1730 ἀσθενεστέ-

2191 1763 2300 1816 ρων
2324 1747 2526 1817 μᾶλλον
2582 1753 2818 1822 προνοεῖ.
2854 1755 2961 1807 Καὶ
2985 1756 3087 1827 ὅρα
3112 1758 3206 1811 τὸν
3254 1758 3466 1831 λῃστὴν,
3499 1767 3585 1834 πρὸ
3608 1769 3685 1820 τῶν

2189 1836 2504 1894 ἀποστόλων
2558 1843 2640 1906 εἰς
2681 1842 2773 1895 τὸν
2796 1846 3122 1916 παράδεισον
3185 1850 3502 1915 εἰσελθόντα,
3535 1859 3610 1910 καὶ
3644 1860 3686 1912 si

2183 1930 2460 1997 ἀπολωλὸς
2477 1933 2541 1988 ὲκ
2572 1936 2670 2007 τῆς
2703 1938 3058 2003 ἐκατοντάδος
3092 1943 3385 2014 πρὸὄατον,
3416 1948 3441 2000 δ
3471 1951 3549 2002 καὶ
3566 1952 3683 2018 εὗρε·
3739 1938 3742 1940 ⁷

2183 2021 2278 2075 θὲν
2308 2023 2401 2077 ἐπὶ
2442 2025 2551 2079 τῶν
2579 2027 2745 2098 ὤμων
2794 2029 3126 2104 ἑϐαστάχθη,
3187 2035 3283 2088 καὶ
3320 2038 3439 2101 τοὺς
3464 2042 3551 2109 τῆς
3582 2043 3686 2098 ἑνδε-

2183 2114 2358 2186 κάτης
2385 2117 2645 2188 ἐργάτας,
2682 2119 2733 2174 οἳ
2775 2123 2982 2193 πρῶτοι
3041 2126 3133 2179 τὸν
3166 2128 3360 2198 μισοδν
3402 2133 3678 2201 κομίζονται,

2185 2205 2549 2275 βαστάζοντος
2605 2211 2699 2264 καὶ
2738 2215 3270 2283 συγκαταϐαίνοντος
3323 2220 3412 2275 τοῦ
3448 2221 3565 2277 Θεοῦ
3605 2230 3686 2290 τοῖς

2185 2297 2436 2353 ἀσθενέσι
2498 2299 2718 2370 μᾶλλον.
2774 2303 2867 2358 Διδ
2893 2305 2989 2359 καί
3019 2323 3176 2378 φησι,
3207 2313 3572 2383 περισσοτέραν
3597 2315 3684 2379 δοὺς

2183 2388 2370 2461 τιμὴν,
2397 2389 2484 2444 ἵνα
2510 2393 2576 2446 ὲκ
2600 2393 2791 2448 τούτου
2851 2399 3325 2474 παραμυθήσηται
3350 2405 3468 2468 τοὺς
3495 2403 3547 2460 τὸ
3569 2407 3683 2460 ἔλατ-

2182 2497 2273 2536 νον
2311 2480 2534 2554 ἔχοντας
2603 2486 2871 2559 χάρισμα.
3384 2512 3387 2513 ⁷

2257 2667 2277 2701 ι
2309 2650 2426 2704 Ἵνα
2477 2650 2553 2724 μὴ
2679 2652 2887 2725 σχίσμα
2921 2656 2981 2711 ἐν
3012 2657 3091 2730 τῷ
3156 2658 3395 2731 σώματι.
3446 2682 3465 2717 ι
3501 2663 3561 2718 τὸ
3608 2667 3682 2737 γὰρ

2179 2735 2321 2795 εἶναι
2372 2743 2510 2806 ὅλως
2566 2744 2726 2813 σῶμα
2758 2784 2775 2811 ,
2839 2750 2987 2801 ποιεῖ
3054 2749 3116 2803 τὸ
3194 2751 3271 2822 μὴ
3342 2735 3683 2825 ἀποσχίζεσθαι,
3750 2788 3751 2791 η

2177 2835 2255 2898 ὡς
2312 2835 2366 2888 ετ
2398 2851 2462 2904 γε
2505 2836 2887 2908 ἁποσχισθείη,
2923 2837 2985 2892 τὸ
3007 2840 3115 2893 πᾶν
3162 2841 3426 2898 ἀπόλωλε.
3482 2844 3683 2900 Τοῦτοδὲ

2180 2911 2334 2994 φὴσι,
2373 2924 2554 2995 φοϐῶν
2578 2927 2705 2990 τοὺς
2726 2926 2794 2980 τὰ
2820 2925 3033 2997 μεγάλα
3066 2926 3297 2999 ἔχοντας
3319 2931 3597 3002 χαρίσματα
3616 2937 3682 2986 καὶ

2180 3013 2580 3069 καταστέλλων.
2611 3016 2700 3079 Ὠς
2727 3016 2830 3086 ἦγε
2845 3016 2957 3070 τῶν
2988 3017 3299 3075 ἐλαττόνων
3326 3022 3382 3074 ιν
3422 3021 3685 3093 χαρίσμασιν

2179 3106 2544 3178 ἀποφοίτησις
2566 3107 2664 3160 καὶ
2716 3108 2910 3178 σχίσις,
2946 3108 3046 3162 καὶ
3068 3111 3276 3176 αὐτοὺς
3307 3112 3529 3175 ἐκείνους
3556 3113 3683 3183 λυμα-

2181 3202 2357 3253 νεῖται
2420 3198 2833 3265 κινδυνεύοντας
2888 3202 3091 3273 μηκέτι
3135 3198 3288 3258 εῐναι
3315 3204 3467 3275 σῶμα
3485 3205 3681 3277 Χριστοῦ.

2188 3292 2374 3358 Ὠστε,
2405 3294 2559 3363 φησὶ,
2590 3293 2919 3364 προνοητέον
2945 3295 3040 3348 καὶ
3091 3299 3459 3368 μεριμνητέον
3480 3299 3680 3369 ἀλλήλων.

2201 3383 2290 3436 Ἐν
2335 3383 2445 3454 γὰρ
2482 3386 2549 3456 τῇ
2582 3382 2774 3438 ἐνώσει
2825 3383 2889 3437 τὺ
2936 3380 3080 3440 εἶναι
3137 3385 3363 3458 ἔχομεν.
3416 3407 3435 3440 ι
3480 3389 3571 3443 Kal.
3606 3387 3685 3442 εἴτε

2189 3474 2389 3545 πάσχει
2427 3473 2486 3528 ἓν
2524 3476 2702 3545 μέλος.
2732 3495 2752 3530 ι
2820 3478 2884 3531 Εἰ
2942 3475 3049 3549 γὰρ
3105 3479 3355 3548 ἡνῶσθαι
3398 3480 3473 3535 δεῖ
3506 3480 3684 3550 ἀκριϐῶς

2189 3568 2283 3621 καὶ
2341 3571 2589 3641 προνοεῖν
2632 3569 2878 3641 ἀλλήλων
2909 3569 2980 3624 τά
3016 3570 3177 3643 μέλη,
3223 3571 3441 3644 εὔδηλον
3466 3573 3531 3637 ὡς
3545 3573 3616 3625 καὶ
3638 3573 3683 3625 τὰ

2188 3658 2575 3724 ἀποσαίνοντα,
2634 3660 2745 3714 εἴτε
2804 3660 2975 3732 πάθη,
3000 3661 3115 3716 αἵτε
3148 3663 3682 3737 εὐδοκιμήσεις.κοιναὶ

2187 3742 2329 3802 εἶναι
2378 3747 2706 3818 ὀφείλουσιν.
2753 3751 2819 3804 Ἦ
2842 3751 2951 3822 γὰρ
2971 3752 3268 3826 ἀπορῤαγὴ
3294 3756 3402 3809 τῶν
3437 3756 3681 3816 ἐλαττόνων,

2187 3839 2285 3893 καὶ
2323 3840 2427 3906 σοι,
2487 3842 2643 3912 φησι,
2668 3841 2747 3913 τῷ
2777 3843 2982 3913 μείζονι
3028 3843 3375 3915 λυμαίνεται,
3431 3847 3587 3917 ὥσπερ
3621 3849 3685 3899 καὶ

2187 3932 2303 3993 τοῖς
2350 3929 2655 4001 ὀφθαλμοῖς
2684 3934 2713 3986 ὁ
2733 3933 2870 3997 ποὺς
2901 3934 3234 4000 ἀποκοπεὶς,
3265 3937 3497 4008 ἦγουντδ
3523 3937 3685 3990 ἔλαττον

2192 4021 2360 4092 μέρος
2389 4022 2484 4076 τοῦ
2522 4021 2775 4094 σώματος
2801 4024 2897 4079 τοῦ
2926 4024 3216 4091 δοκοῦντος
3238 4028 3549 4098 κρείττονος.
3566 4048 3581 4082 ι
3599 4029 3685 4080 [ita

2185 4114 2467 4180 δοξάζεται
2501 4115 2560 4169 ἒν
2606 4116 2783 4187 μὲλος.
2812 4136 2830 4169 ι
2897 4118 3124 4190 Κεφαλὴ
3189 4119 3571 4191 στεφανοῦται,
3619 4120 3685 4171 καὶ

2187 4206 2323 4259 πᾶσι
2349 4206 2462 4269 τοῖς
2495 4205 2684 4276 μέλεσι
2715 4206 2843 4271 δόξα
2872 4208 2967 4261 καὶ
3001 4208 3146 4281 χαρὰ
3169 4210 3404 4280 γίνεται.

2266 4456 2453 4527 Ὑμεῖς
2496 4455 2564 4510 δέ
2607 4454 2748 4512 ἐστε
2811 4457 2983 4528 σῶμα
3032 4459 3298 4528 Χριστοῦ
3353 4462 3450 4516 καὶ
3491 4458 3682 4530 pilata

2178 4547 2419 4618 μέρους.
2448 4548 2558 4602 Καὶ
2593 4548 2699 4614 οὓς
2714 4547 2833 4618 μὲν
2858 4550 3027 4605 ἔθετο
3056 4553 3091 4604 ό
3124 4551 3273 4618 Θεὸς
3298 4552 3369 4607 ἐν
3406 4551 3477 4622 τῇ
3502 4553 3686 4614 Ἐκκλη-

2179 4644 2318 4712 crta,
2395 4642 2632 4712 πρῶτον
2697 4642 3119 4711 ἀποστόλους,
3186 4644 3464 4715 δεύτερον
3522 4641 3686 4713 apoph-

2179 4753 2306 4801 τας,
2328 4737 2530 4803 τριτον
2573 4734 3008 4803 διδασκάλους,
3040 4735 3253 4793 ἔπειτα
3283 4736 3572 4807 δυνάμεις,
3594 4730 3681 4789 εἶτα

2179 4830 2516 4900 χαρίσματα
2563 4828 2845 4898 ἰαμάτων,
2893 4829 3276 4900 ἀντιλήψεις,
3331 4829 3682 4898 κυϐερνήσεις.

2179 4921 2326 4991 γένη
2382 4920 2699 4993 γλωσσῶν.
2765 4921 2863 4989 Μὴ
2927 4921 3153 4989 πάντες
3230 4925 3577 4987 ἀπόστολοι;
3618 4916 3682 4983 Μὴ

2180 5011 2406 5080 ,πάντες
2453 5012 2799 5082 προφῆταις
2830 5014 2928 5082 Μὴ
2973 5014 3198 5082 πάντες
3219 5014 3557 5069 διδάσκαλοι
3581 5028 3598 5075 ;
3618 5011 3684 5071 Μὴ

2180 5102 2404 5168 πάντες
2432 5100 2721 5171 δυνάμεις
2750 5120 2768 5169 ;
2810 5102 2906 5171 Μὴ
2930 5104 3158 5169 πάντες
3199 5104 3531 5173 χαρίσματα
3553 5100 3684 5168 ἐχου-

2179 5210 2285 5249 σιν
2358 5193 2648 5265 ὶομάτων;
2678 5199 2736 5250 Μ
2743 5196 2774 5265 ὴ
2817 5196 3044 5265 πάντες
3074 5196 3381 5267 γλώσσαις
3439 5192 3684 5251 λαλοῦσι;

2179 5284 2275 5352 Μὴ
2298 5285 2520 5353 πάντες
2540 5285 3041 5356 διειψηνεύουσιν
3060 5305 3083 5355 ;

2253 5372 2385 5430 Εἶτα
2439 5377 2523 5430 ἴνα
2551 5376 2627 5449 μὴ
2654 5378 2875 5447 λέγωσι,
2911 5379 3023 5434 Καὶ
3055 5383 3107 5434 τί
3134 5381 3270 5454 πρὸς
3323 5381 3465 5452 ἡμᾶς
3515 5393 3625 5448 ηκην
3645 5371 3684 5422 τδ

2179 5469 2274 5524 τοῦ
2334 5469 2588 5540 σώματος
2629 5472 2979 5543 παράδειγμα
3008 5511 3025 5535 ,
3078 5474 3321 5528 δείκνυσι
3380 5473 3470 5528 καὶ
3528 5465 3682 5568 uitri);

2183 5561 2344 5625 δντας
2394 5561 2555 5633 σῶμα
2598 5562 2858 5634 Χριστοῦ.
2895 5563 3038 5618 Είδὲ
3084 5565 3145 5619 τὸ
3181 5565 3507 5637 ἀνθρώπινον
3564 5561 3681 5660 ausi

2181 5650 2241 5703 οὐ
2269 5650 2349 5704 δεῖ
2401 5651 2715 5717 στασιάζειν
2788 5652 3018 5725 (λύσεως
3078 5656 3186 5726 γὰρ
3234 5658 3269 5730 ἡ
3302 5656 3478 5718 στάσις
3529 5650 3679 5713 αξτὶηο

578 5809 621 5842 ³⁸
651 5808 784 5869 Luc.
810 5828 965 5881 um,
994 5816 1081 5871 59.
1173 5821 1215 5854 ³⁸
1241 5821 1374 5878 Luc.
1405 5840 1492 5890 vv,
1522 5825 1551 5880 4
1603 5840 1754 5895 seqq.
1788 5826 1834 5858 "
1855 5826 2039 5883 Matth.
2074 5846 2162 5897 xx,
2191 5830 2241 5885 8.
