3872 6580
220 422 349 490 ι829

1187 428 1577 494 COMMENT.
1619 433 1703 494 IN
1739 432 1977 497 EPIST.
2013 433 2043 495 Ι
2080 434 2181 495 ΑΙ)
2219 426 2580 498 CORIN’IH.

3388 440 3495 505 830

240 532 426 606 πολλῷ
454 534 657 605 μᾶλλον
681 530 742 591 rb
768 536 1031 609 Χριστοῦ.
1074 556 1092 591 ι
1112 539 1224 594 Καὶ
1261 541 1395 611 μέλη
1427 542 1492 596 ἐκ
1533 543 1754 614 μέρους.
1790 563 1810 598 ι

1922 552 2028 610 est,
2063 544 2424 599 multominus
2471 542 2676 599 Christi
2715 555 2937 612 corpus.
2995 559 3015 595 ι
3059 541 3127 598 Ει
3158 544 3398 600 membra
3431 563 3498 603 ex

240 626 520 690 Ἅπαντες
571 626 671 697 μὲν
717 628 769 681 οἱ
832 629 1146 700 ἅπανταχοῦ
1204 633 1421 697 πιστοὶ,
1484 633 1647 706 σῶμά
1707 634 1815 689 εἱσι

238 717 506 789 Χριστοῦ.
556 720 746 791 Ὑμεῖς
773 719 830 774 δὲ
858 721 908 774 οἱ
953 722 1251 793 Κορίνθιοι,
1320 723 1457 795 μέλη
1485 727 1549 779 ἐκ
1592 727 1816 798 μέρους.

240 812 315 865 Οὔ
333 812 443 883 γὰρ
459 812 621 881 ὑμεῖς
642 815 765 866 ἐστε
789 813 940 884 μόνοι
961 815 1022 868 τὸ
1034 816 1153 869 ὅλον
1172 800 1496 889 σῶμα,ἀλλά
1515 818 1649 889 μέλη
1671 819 1814 885 ἐστὲ,

239 902 338 955 καὶ
391 902 513 955 οὐδὲ
560 902 753 970 πολλὰ,
821 903 959 958 ἀλλὰ
981 908 1046 959 ἐκ
1088 906 1308 976 μέρους.
1356 907 1609 960 Δείκνυσι
1640 907 1695 960 δὲ
1728 906 1815 960 διὰ

239 993 433 1048 τούτου
477 994 581 1066 ἥδη
622 997 1075 1067 κατεσπαρμένον
1109 999 1167 1051 ἐν
1198 998 1275 1069 τῷ
1309 998 1518 1052 πλείονι
1542 999 1734 1069 κόσμῳ
1758 998 1818 1052 τὸ

239 1087 579 1156 Εὐαγγέλιον
608 1089 703 1142 καὶ
749 1088 844 1155 τὴν
913 1089 1116 1145 πίστιν.
1156 1111 1175 1143 ι
1204 1092 1313 1146 Καὶ
1352 1091 1443 1155 οὒς
1476 1091 1576 1162 μὲν
1601 1092 1760 1146 ἔθετο
1789 1094 1818 1144 6

239 1178 395 1241 Θεός.
424 1199 445 1232 ι
501 1181 609 1234 Καὶ
637 1179 731 1244 οὓς
773 1182 873 1252 μὲν
909 1182 1263 1250 ἀποστόλους,
1302 1184 1489 1254 φησὶν,
1542 1183 1695 1238 ἔθετο
1722 1185 1820 1238 καὶ

240 1271 499 1341 ἐποίησεν
530 1274 562 1325 6
601 1273 732 1337 Θεὸς
764 1275 821 1327 ἐν
855 1277 921 1345 τῇ
986 1274 1305 1346 Ἐκκλησία.
1361 1276 1559 1340 Καλῶς
1614 1275 1674 1330 δὲ
1732 1277 1810 1341 τὸ,

238 1364 480 1433 πρῶτον,
516 1364 607 1417 ἐπὶ
631 1364 740 1418 τῶν
771 1364 1087 1419 ἀποστόλων
1117 1366 1381 1421 τέθεικεν.
1424 1362 1587 1421 Οὗτοι
1625 1366 1734 1438 γὰρ
1764 1369 1814 1420 οἱ

235 1457 338 1525 τῆς
386 1457 621 1519 πίστεως
677 1457 929 1528 ἀρχηγοί.
963 1459 1104 1521 Τοὺς
1131 1458 1190 1513 δὲ
1215 1460 1501 1531 προφήτας
1529 1458 1816 1530 δευτέρους

232 1550 412 1619 λέγει,
447 1552 508 1617 ού
542 1549 667 1612 τοὺς
721 1549 987 1614 παλαιοὺς
1032 1550 1226 1620 λέγων,
1259 1551 1395 1606 ἀλλά
1420 1553 1548 1616 τοὺς
1607 1556 1665 1606 ἐν
1690 1552 1818 1607 ἐκά-

235 1660 340 1715 στῃ
399 1643 698 1713 Ἐκκλησία
747 1643 869 1696 κατ’
901 1645 1079 1698 ἐκεῖνο
1111 1644 1306 1717 καιροῦ
1341 1645 1813 1718 προφητεύοντας,

234 1732 350 1790 οἷον
376 1738 406 1790 6
441 1735 672 1801 Ἀγαὸδς
704 1737 801 1790 καὶ
849 1737 1002 1791 ἄλλοι
1039 1737 1246 1794 πολλοί.
1281 1738 1344 1792 Ei
1380 1734 1474 1793 οὖν
1501 1735 1644 1811 ἦσαν
1676 1756 1815 1810 προ-

1918 641 2096 704 parte.
2134 650 2152 685 ι
2179 631 2380 688 Omnes
2409 634 2630 702 quidem
2661 632 2975 704 ubicunque
3009 634 3254 689 locorum
3292 636 3404 689 sint
3436 636 3501 690 li-

1920 723 2095 789 deles,
2142 734 2272 779 sunt
2336 740 2537 794 corpus
2594 724 2823 791 Christi,
2876 741 2975 780 vos
3009 736 3187 780 autem
3230 726 3499 781 Corinthii

1922 816 2170 871 membra
2209 833 2275 871 ex
2307 826 2460 887 parte
2502 835 2516 871 :
2563 832 2739 886 neque
2783 817 2929 871 enim
2978 817 3079 871 soli
3142 818 3275 873 estis
3326 826 3499 873 totum

1920 922 2144 977 corpus,
2188 908 2287 963 sed
2340 912 2585 962 memhra
2622 909 2760 965 estis
2800 927 2814 964 :
2863 919 2914 963 et
2955 926 3132 980 neque
3167 909 3375 973 omnia,
3406 911 3502 965 sed

1922 1016 1988 1055 ex
2024 1010 2198 1072 parte.
2228 1000 2333 1056 Per
2365 1004 2469 1056 hoc
2513 1011 2697 1057 autem
2744 1003 2986 1058 ostendit
3024 1005 3135 1073 jam
3192 1003 3498 1072 dispersum

1922 1109 2047 1150 esse
2078 1097 2133 1149 in
2170 1095 2363 1166 majori
2396 1104 2549 1166 parte
2575 1098 2818 1156 universi
2849 1097 3202 1168 Evangt-lium
3228 1113 3289 1152 ac
3317 1096 3503 1152 iidem.

1930 1205 1949 1239 ι
1991 1187 2056 1240 Ει
2087 1188 2188 1243 hos
2235 1187 2456 1258 quidem
2512 1190 2696 1258 posuit
2751 1189 2916 1245 Dens.
2956 1210 2975 1243 ι
3013 1191 3075 1243 Ει
3131 1190 3230 1243 hos
3280 1189 3499 1259 quidem

1922 1278 2225 1348 apostolos,
2253 1280 2448 1350 inquit,
2483 1280 2671 1349 posuit
2705 1288 2759 1336 et
2788 1280 2918 1335 fecit
2954 1280 3100 1335 Deus
3143 1282 3195 1334 in
3232 1280 3500 1334 Ecclesia.

1921 1371 2069 1426 Bene
2121 1382 2302 1425 autem
2349 1371 2512 1443 546
2572 1372 2723 1427 addit
2774 1373 3011 1443 primum
3071 1374 3136 1425 de
3198 1373 3503 1442 apostolis;

1918 1477 2044 1517 nam
2071 1461 2127 1517 hi
2157 1464 2314 1533 primi
2360 1479 2423 1517 ac
2450 1465 2623 1519 duces
2658 1473 2787 1518 sunt
2837 1464 2983 1517 ﬁdei.
3040 1463 3343 1533 Prophetas
3377 1482 3503 1518 vero

1919 1555 2161 1610 secundo
2182 1556 2303 1610 loco
2331 1560 2534 1624 posuit,
2567 1571 2674 1610 non
2712 1564 2925 1611 veteres
2961 1555 3092 1609 ilics
3152 1557 3363 1619 dicens,
3406 1555 3501 1608 sed

1923 1661 2020 1701 eos
2044 1647 2136 1716 qui
2169 1646 2223 1701 in
2252 1661 2582 1716 unaquaque
2617 1646 2861 1701 Ecclesia
2900 1662 2965 1701 eo
2997 1656 3242 1716 tempore
3275 1646 3505 1715 prophe-

1921 1736 2134 1799 tabant,
2168 1738 2348 1803 qualis
2378 1748 2496 1791 erat
2525 1737 2747 1805 Agabus
2777 1736 2985 1806 aliique
3018 1736 3171 1789 mulli
3200 1734 3266 1789 ³⁷.
3301 1733 3501 1787 Verum

234 1829 429 1899 φῆται,
484 1827 604 1891 πῶς
639 1829 669 1881 ὁ
711 1826 918 1900 Κύριός
977 1844 1161 1899 φησιν,
1233 1847 1254 1882 ι
1290 1829 1350 1882 '0
1398 1830 1564 1900 νόμος
1615 1830 1711 1884 καὶ
1766 1830 1810 1883 ο1

1923 1829 1969 1885 si
1996 1836 2156 1884 erant
2184 1829 2482 1900 prophetae,
2508 1830 2782 1900 quomodo
2816 1831 2890 1883 ait
2923 1827 3194 1883 Dominus
3222 1847 3234 1882 ε
3265 1846 3282 1878 ι
3315 1827 3422 1880 Lex
3453 1835 3507 1879 et

231 1922 552 1991 προφῆται,
601 1921 709 1984 ἕως
743 1920 1031 1988 ’ῐωάννους
1072 1941 1091 1975 ι
1147 1921 1258 1976 Καί
1303 1938 1502 1992 φαμεν,
1558 1922 1642 1975 ὅτι
1691 1922 1810 1986 τοὺς

1925 1922 2209 1992 prOpheta:
2280 1938 2457 1991 usque
2506 1923 2571 1976 ad
2628 1922 2894 1976 Joannem
2935 1921 3022 1975 '3?
3072 1940 3091 1974 ι
3155 1922 3219 1975 Et
3271 1920 3507 1974 dicimus

235 2014 505 2078 παλαιούς
545 2030 708 2084 φησιν
728 2016 756 2068 6
777 2014 1004 2084 Κύριος,
1034 2014 1163 2078 τοὺς
1190 2014 1291 2084 τὴν
1316 2015 1618 2086 παρουσίαν
1646 2014 1812 2069 αὐτοῦ

232 2104 752 2175 προφητεύσαντας.
817 2122 836 2156 ι
862 2104 1126 2177 Δεύτερον
1164 2107 1471 2177 προφήτας.
1500 2124 1519 2159 ι
1574 2137 1642 2151 -
1664 2108 1814 2179 Προ-

232 2199 417 2266 φήτας
462 2196 658 2265 λέγειὸ
706 2195 879 2267 μέγας
909 2195 1256 2264 Ἀπόστολος,
1290 2197 1353 2250 ού
1401 2197 1529 2261 τοὺς
1559 2198 1666 2268 πρὸ
1714 2199 1814 2270 τῆς

234 2289 485 2359 χάριτος,
550 2289 686 2344 ἀλλὰ
734 2290 862 2353 τοὺς
917 2289 1056 2360 μετά
1110 2291 1211 2362 τὴν
1258 2290 1443 2363 χάριν,
1491 2290 1551 2357 ἐξ
1579 2285 1656 2346 ὧν
1678 2287 1747 2366 ἦν
1782 2295 1812 2346 6

241 2381 502 2449 Ἄγαϐος,
550 2383 645 2435 καὶ
700 2384 750 2437 οἱ
810 2385 867 2436 ἐν
933 2382 1237 2456 Ἀντιοχείᾳ
1275 2385 1757 2455 προφητεύσαντες
1794 2427 1810 2453 ,

230 2476 333 2528 καὶ
366 2474 531 2538 αὐτὸς
553 2475 581 2528 6
609 2475 752 2539 θεῖος
773 2475 1121 2540 ’Δπόστολος.
1142 2475 1369 2549 «Τρίτον
1395 2477 1767 2543 διδασκάλους.
1784 2498 1804 2533 ι

231 2575 348 2627 Καὶ
373 2572 483 2645 γὰρ
535 2574 628 2627 καὶ
652 2566 800 2627 οὗτοι
830 2574 898 2628 τὰ
933 2574 1168 2644 μέγιστα
1203 2574 1499 2642 ὠφελοῦσι,
1526 2575 1622 2629 καὶ
1660 2577 1808 2631 εἰκό-

228 2682 343 2728 τως
374 2666 513 2718 είσὶν
545 2665 709 2729 εὐθὺς
733 2666 873 2735 μετὰ
924 2664 1052 2730 τοὺς
1088 2668 1397 2738 προφήτας.
1435 2686 1453 2719 ι
1483 2662 1615 2722 Εῖτα
1651 2669 1815 2723 δυνάο

236 2771 385 2826 μεις.
414 2774 435 2807 ι
470 2785 538 2798 --
565 2754 1028 2830 [ΓΕΝΝΑΔῘΟΥ.]
1071 2758 1151 2811 Τὰ
1179 2759 1529 2831 ἐνεργήματα
1569 2761 1811 2832 δηλονότι

228 2847 345 2900 τῶν
372 2848 674 2918 δυνάμεων.
711 2849 777 2902 Ai
811 2849 910 2919 μὲν
982 2850 1263 2919 δυνάμεις,
1324 2851 1419 2905 καὶ
1477 2851 1636 2906 ἰῶντο
1685 2856 1813 2918 τοὺς

232 2939 502 3006 ἀσθενεῖς,
526 2943 623 2995 καὶ
646 2932 907 3005 ἐκόλαζον
928 2944 1053 3006 τοὺς
1077 2942 1483 3011 ἀντιλέγοντας,
1504 2944 1580 3007 ὠς
1601 2944 1814 3007 Παῦλος

228 3031 322 3086 τὸν
369 3033 629 3102 Ἐλύμαν,
681 3032 778 3087 καὶ
810 3037 836 3087 6
868 3035 1074 3104 Πέτρος
1128 3033 1220 3087 τὸν
1265 3035 1533 3090 Ἀνανίαν.
1564 3037 1627 3090 Oi
1653 3036 1708 3089 δὲ
1743 3035 1812 3090 τὰ

230 3124 558 3195 χαρίσματα
595 3125 703 3178 τῶν
760 3125 1005 3195 ἰαμάτων
1034 3125 1272 3197 ἔχοντες,
1313 3127 1474 3198 μόνον
1505 3127 1681 3182 ίῶντο.
1713 3129 1812 3182 Διὰ

1915 2012 2062 2080 quod
2092 2011 2160 2066 de
2218 2013 2498 2067 veteribus
2543 2012 2654 2068 illis
2711 2013 2954 2081 loquitur
2997 2012 3283 2075 Dominus.
3319 2011 3507 2082 quitic

1911 2103 2089 2172 ipsius
2114 2103 2353 2158 adventu
2390 2104 2871 2175 praphctaveraut.
2912 2124 2930 2157 ι
2978 2104 3236 2159 Secundo
3266 2104 3503 2174 prophe-

1911 2201 2019 2250 tas.
2055 2212 2074 2245 ι
2120 2224 2188 2236 --
2228 2196 2538 2266 Prophetas
2593 2195 2726 2251 dicit
2781 2211 3015 2266 magnus
3065 2197 3358 2267 Apostolus
3398 2214 3506 2253 non

1914 2286 2006 2358 qui
2037 2296 2165 2343 ante
2204 2296 2419 2359 tempus
2449 2290 2659 2359 gratiae,
2688 2290 2785 2345 sed
2819 2291 2912 2360 qui
2957 2301 3080 2361 post
3117 2292 3345 2359 gratiam
3380 2291 3505 2347 fuc-

1911 2384 2062 2443 runt,
2108 2377 2252 2432 inter
2298 2393 2438 2449 quos
2494 2386 2617 2434 erat
2671 2380 2894 2450 Agabus
2946 2391 3000 2436 et
3052 2381 3145 2451 qui
3200 2381 3508 2435 Antiochia:

1919 2471 2407 2541 prophetaverant,
2453 2472 2682 2543 ipseque
2722 2472 2940 2530 divinus
2970 2474 3286 2543 Apostolus.
3324 2493 3341 2525 ι
3378 2473 3509 2528 Ter-

1918 2563 1999 2617 tio
2028 2563 2307 2619 doctores.
2347 2583 2366 2616 ›
2400 2564 2538 2619 Nam
2581 2573 2635 2620 ct
2679 2566 2734 2619 hi
2784 2566 3079 2637 plurimum
3136 2576 3388 2637 prosunt,
3445 2583 3510 2623 ac

1916 2656 2117 2712 merito
2147 2658 2331 2711 statim
2381 2669 2505 2728 post
2542 2661 2838 2729 prophetas
2886 2673 3185 2730 ponuntur.
3231 2679 3249 2711 ι
3301 2659 3509 2715 Deinde

1917 2757 2241 2821 potestates.
2284 2769 2303 2803 ι
2337 2749 2667 2806 —Eﬂ'ectus
2697 2753 2953 2807 videlicet
3008 2768 3073 2808 ac
3107 2751 3368 2808 efﬁcaciae
3412 2767 3508 2822 po-

1919 2851 2202 2899 testatum.
2236 2846 2543 2900 Potestates
2580 2846 2800 2916 quidem
2830 2855 2883 2900 et
2929 2845 3179 2901 inﬁrmos
3204 2848 3494 2907 Sanabant,

1918 2942 1973 2989 et
2000 2934 2448 2991 contradicentes
2477 2937 2801 3006 puniebant,
2838 2937 2983 2993 sicut
3005 2936 3170 2990 Palus
3195 2936 3438 3008 Elyutam
3458 2935 3502 2970 "

1917 3036 1973 3081 et
2002 3027 2195 3082 Petrus
2224 3028 2491 3082 Ananiam
2526 3028 2571 3061 ‘°
2603 3047 2616 3084 :
2651 3030 2744 3098 qui
2784 3045 2911 3083 vero
2961 3029 3104 3083 dona
3156 3033 3506 3084 sanationum

1916 3119 2233 3186 habebant,
2274 3122 2456 3176 solum
2511 3123 2779 3177 sanabant
2813 3140 2827 3176 :
2879 3135 3167 3193 propterea
3197 3122 3359 3175 etiam
3414 3136 3511 3189 po-

229 3214 394 3269 τοῦτο
450 3214 545 3267 καὶ
600 3217 843 3287 προτιμᾷ
891 3216 991 3280 τὰς
1020 3217 1297 3287 δυνάμεις.
1346 3236 1364 3270 ι
1403 3217 1764 3288 Ἀντιλήψεις.
1792 3238 1810 3272 ι

1922 3219 2151 3267 testates
2195 3212 2251 3267 in
2304 3213 2516 3267 honore
2569 3213 2858 3282 praeponit.
2902 3230 2921 3265 ι
2962 3212 3238 3267 Subsidia.
3276 3232 3299 3262 ›
3336 3210 3508 3282 Opem

226 3307 304 3360 T6
357 3307 678 3376 ἀντέχεσθαι
734 3306 844 3358 τῶν
894 3306 1290 3373 ἀσθενούντων,
1336 3310 1431 3362 καὶ
1479 3314 1807 3381 προστατεῖν

227 3398 435 3463 αὐτῶν,
475 3398 608 3469 ὅπερ
641 3397 734 3452 καὶ
762 3398 892 3452 αὐτὸ
918 3399 1166 3469 χάρισμα
1197 3400 1370 3469 λέγει,
1405 3403 1453 3456 εί
1482 3402 1578 3456 καὶ
1611 3403 1813 3474 ἡμετέ-

229 3507 345 3559 ρων
390 3489 561 3544 δεῖται
634 3489 830 3546 πόνων.
873 3492 947 3544 Τδ
975 3492 1032 3545 δὲ
1081 3492 1212 3546 αύτδ
1241 3496 1307 3563 τῇ
1351 3493 1811 3566 ἀντιλήψειήκυ-

225 3581 509 3651 ϐέρνησις,
568 3582 739 3652 ἤγουν
796 3582 1001 3652 ὅμοιον.
1039 3582 1212 3653 «Γένη
1242 3583 1526 3652 γλωσσῶν.
1552 3603 1569 3637 ι
1604 3585 1810 3640 Τούτου

222 3673 323 3726 τοῦ
385 3672 725 3744 χαρίσματος
781 3669 922 3744 ἦσαν
961 3672 1258 3746 ἠξιωμένοι
1287 3677 1335 3729 οί
1386 3676 1684 3748 Κορίνθιοι,
1717 3678 1813 3732 καὶ

230 3765 380 3834 μέγα
437 3765 526 3819 ἐπ’
576 3764 727 3836 αὐτῷ
778 3766 1062 3837 ἐφρόνουν.
1131 3767 1223 3821 Διδ
1272 3769 1369 3822 καὶ
1432 3771 1811 3827 καταστέλλων

224 3856 415 3912 αὐτῶν
445 3857 543 3927 τὴν
588 3858 786 3928 οἴησιν,
842 3858 1068 3929 ἔσχατον
1123 3859 1369 3913 τέθεικεν
1398 3877 1413 3892 ·
1450 3880 1469 3912 ι
1489 3862 1580 3933 Μὴ
1610 3862 1813 3926 πάντες

223 3949 523 4003 ἀπόστολοι
546 3966 563 4016 ;
590 3968 610 4001 ι
656 3945 790 4004 Εἶτα
848 3951 936 4004 ἵνα
971 3951 1045 4022 μὴ
1072 3955 1138 4022 τῇ
1167 3952 1317 4018 τάξει
1367 3953 1541 4026 ταύτῃ
1561 3994 1575 4016 ,
1622 3956 1712 4009 καὶ
1733 3954 1812 4026 τῷ

225 4040 551 4113 φανερῶσαι
599 4042 668 4096 τὰ
740 4042 963 4112 μείζονα
1026 4042 1122 4097 καὶ
1168 4043 1236 4098 τά
1299 4040 1602 4116 μικρότερα
1656 4046 1812 4117 χαρί-

227 4147 456 4202 σματα,
515 4132 648 4184 πᾶσι
703 4130 881 4203 λύπην
963 4133 1180 4205 ἐμϐάλῃ
1266 4136 1379 4196 τοῖς
1420 4135 1488 4188 τά
1552 4135 1812 4188 ἐλάττονα

223 4223 470 4294 ἔχουσιν,
525 4222 754 4276 ἄκουσον
800 4221 855 4274 τί
885 4239 1017 4292 φησι
1060 4238 1075 4253 ·
1109 4222 1201 4294 Μὴ
1237 4223 1439 4298 πάντες
1498 4224 1808 4290 ἀπόστολοι,

222 4316 261 4386 ἦ
301 4314 615 4385 προφῆταις
650 4316 713 4368 Ei
738 4316 847 4386 γὰρ
866 4316 1069 4378 πάντες
1093 4314 1151 4367 ἐν
1183 4312 1303 4387 ἦτε,
1330 4318 1430 4369 οὐκ
1453 4312 1552 4388 ἦτε
1576 4317 1809 4389 διάφορα

227 4405 396 4474 μέλη.
433 4405 495 4458 Ei
528 4408 748 4471 πάντες,
782 4407 968 4474 φησὶν,
1002 4401 1101 4476 ἦτε
1127 4408 1426 4477 προφῆται,
1453 4406 1557 4459 ποῦ
1597 4409 1645 4460 οἱ
1670 4406 1808 4462 ἀπό-

225 4497 446 4563 στολοις
489 4499 536 4549 εί
561 4498 761 4560 πάντες
802 4498 1114 4565 ἀπόστολοι,
1174 4498 1278 4552 ποῦ
1336 4499 1386 4551 oi
1441 4499 1752 4553 διδάσκαλοι
1789 4517 1804 4566 ;

220 4588 371 4641 ὥστε
409 4590 443 4657 ή
470 4588 620 4654 τάξις
667 4588 806 4661 αὕτη
860 4591 956 4643 καὶ
987 4589 1344 4661 συμφέρουσα
1394 4590 1810 4661 καὶ-ὠφελιμω-

219 4682 386 4747 τέρα,
421 4681 506 4732 ἵνα
534 4680 763 4744 ἕκαστος
790 4681 886 4733 τοῦ
918 4681 1150 4752 πλησίον
1183 4681 1398 4751 δέηται.

297 4774 572 4840 Ζηλοῦτε
611 4773 681 4826 δὲ
724 4776 796 4848 τὰ
846 4775 1187 4842 χαρίσματα
1216 4772 1288 4827 τὰ
1334 4774 1663 4842 κρείττονα,
1710 4774 1811 4829 καὶ

218 4865 310 4920 ἔτι
336 4863 469 4918 καθ’
491 4864 837 4931 ὑπερϐολὴν
855 4863 1001 4918 όδόν
1022 4864 1165 4933 ὑμῖν
1195 4865 1488 4935 δείκνυμι.
1508 4866 1652 4919 Ἐὰν
1675 4867 1808 4932 ταῖς

218 4956 539 5026 γλώσσαις
569 4953 687 5007 τῶν
714 4955 1043 5023 ἀνθρώπων
1067 4954 1236 5010 λαλῶ
1258 4956 1358 5010 καί
1380 4954 1498 5009 τῶν
1511 4957 1803 5026 ἀγγέλων,

219 5047 474 5116 ἀγάπην
505 5045 574 5099 δὲ
594 5044 679 5115 μὴ
713 5047 833 5114 ἔχω
864 5087 880 5112 ,
931 5046 1149 5116 γέγονα
1210 5047 1443 5117 χαλκὸς
1510 5047 1714 5116 ἠχῶν,
1764 5049 1804 5117 ἣ

219 5139 542 5206 κύμϐαλον
583 5136 906 5198 ἀλαλάζον.
967 5139 1018 5191 Κ
1028 5136 1079 5190 τί
1102 5136 1211 5191 ἐὰν
1246 5137 1365 5205 ἔχω
1415 5138 1803 5207 προφητείαν,

220 5230 323 5284 καί
355 5228 496 5283 εἰδῶ
535 5231 609 5283 τὰ
657 5229 965 5299 μυστήρια
1016 5227 1236 5293 πάντα,
1295 5229 1393 5282 καί
1441 5226 1651 5285 πᾶσαν
1692 5228 1808 5297 τὴν

220 5320 479 5391 γνῶσιν,
526 5321 626 5373 καὶ
674 5319 783 5374 ἐὰν
849 5319 969 5389 ἔχω
1022 5320 1230 5374 πᾶσαν
1252 5320 1368 5389 τὴν
1392 5322 1621 5381 πίστιν,
1648 5319 1805 5375 ὥστε

224 5414 335 5482 ὄρη
361 5410 776 5481 μεθιστάνειν,
812 5410 1054 5479 ἀγάπην
1078 5410 1248 5481 δὲμὴ
1272 5411 1411 5480 ἔχω,
1448 5411 1629 5466 οὐθέν
1661 5414 1802 5480 ειμι.

216 5505 339 5560 Καὶ
381 5505 491 5557 ἐὰν
519 5502 774 5573 ψωμίσω
822 5501 1021 5556 πάντα
1042 5503 1114 5557 τὰ
1150 5501 1503 5571 ὑπάρχοντά
1521 5520 1667 5573 μου,
1700 5502 1802 5557 καί

223 5597 337 5650 ἐὰν
356 5595 602 5663 παραδῶ
616 5593 681 5649 τὸ
709 5593 882 5662 σῶμά
895 5613 1014 5663 μου
1063 5595 1166 5648 ἵνα
1201 5594 1614 5666 καυθήσωμαι,
1655 5594 1804 5666 ἀγάτ

226 5706 355 5758 πην
376 5688 446 5743 δὲ
461 5687 550 5759 μὴ
571 5689 709 5758 ἔχω,
736 5684 919 5742 οὐδὲν
932 5685 1297 5756 ὠφελοῦμαι.

296 5866 342 5900 ⁸⁷
370 5865 491 5924 Act.
528 5884 602 5935 XI,
627 5867 728 5932 28;
761 5884 877 5934 XXI,
913 5869 998 5925 10.
1076 5869 1122 5904 ³⁸

1195 5868 1469 5940 Lucum,
1503 5868 1589 5926 ιϐ.
1668 5869 1712 5905 ³⁸
1754 5870 1877 5928 Act.
1918 5886 2038 5938 xm,
2080 5870 2135 5925 5.

1915 3300 2062 3357 ferre
2102 3306 2341 3373 aegrotis,
2376 3305 2592 3375 illisque
2622 3319 2865 3375 praeesse
2901 3322 2914 3357 :
2949 3305 3095 3373 quod
3134 3308 3313 3375 ipsum
3342 3307 3509 3359 etiam

1921 3392 2125 3449 donum
2154 3395 2310 3459 dicit,
2354 3396 2483 3452 licet
2519 3397 2721 3452 nostris
2758 3412 2981 3467 quoque
3013 3412 3153 3467 Opus
3187 3399 3259 3452 sit
3305 3398 3509 3452 labori-

1919 3485 2043 3540 bus.
2086 3484 2244 3552 Quod
2273 3496 2456 3543 autem
2487 3490 2739 3559 sequitur
2761 3490 3208 3560 gubernationes,
3245 3490 3385 3544 idem
3416 3500 3506 3545 est

1919 3578 2066 3647 quod
2099 3579 2349 3634 subsidia
2381 3591 2476 3635 aut
2530 3576 2815 3652 quidpiam
2872 3581 3073 3637 simile.
3102 3599 3121 3633 ι
3157 3578 3366 3636 Genera
3404 3584 3509 3635 lin-

1921 3686 2186 3741 gnarum.
2230 3691 2248 3724 ι
2288 3672 2404 3727 Hoc
2436 3672 2640 3727 donum
2682 3683 3006 3744 acceperant
3038 3673 3329 3736 Corinthii,
3357 3681 3410 3728 et
3440 3674 3512 3728 ob

1917 3764 2019 3818 hoc
2035 3766 2333 3834 plurimum
2362 3764 2772 3820 eti'erebantur:
2808 3765 3040 3834 idecque
3074 3764 3141 3819 ad
3182 3765 3506 3820 modestiam

1916 3872 2184 3912 revocans
2239 3856 2447 3911 fastum
2506 3857 2774 3925 ipsorum.
2813 3868 3090 3925 postremo
3143 3857 3265 3910 loco
3298 3857 3503 3923 posuit.

1922 3966 1943 4000 ι
1987 3948 2127 4004 Νιιιιι
2159 3964 2351 4005 omnes
2376 3950 2654 4019 apostoli;i
2688 3969 2704 4000 ι
2744 3947 2948 4003 Deinde
2982 3965 3050 4003 ne
3089 3950 3192 4003 hoc
3226 3950 3420 4003 ordine
3452 3955 3507 4002 et

1924 4057 1990 4097 ex
2016 4057 2081 4097 eo
2102 4043 2247 4112 quod
2289 4043 2497 4110 majora
2538 4057 2601 4094 ac
2648 4042 2861 4094 minora
2893 4041 3034 4094 dona
3103 4043 3497 4095 manifestare-

1915 4134 1990 4188 rit
2017 4133 2274 4188 omnibus
2298 4148 2587 4187 mmrorem
2620 4133 2837 4202 injiciat
2884 4133 2975 4201 qui
3010 4133 3221 4189 minora
3285 4134 3508 4201 habent,

1921 4225 2048 4280 audi
2073 4227 2203 4296 quid
2230 4227 2402 4282 dicat.
2430 4226 2574 4282 Num
2597 4244 2790 4282 omnes
2819 4229 3048 4297 apostoli
3077 4240 3167 4282 aut
3196 4231 3513 4300 prophetae?

1918 4315 2056 4372 Nam
2084 4319 2129 4373 si
2161 4333 2354 4374 omnes
2407 4335 2576 4373 unum
2623 4328 2831 4383 essent,
2891 4334 3236 4389 nequaquam
3292 4322 3505 4374 diversa

1915 4414 2105 4462 essent
2124 4408 2387 4461 membra.
2415 4408 2471 4461 Si
2503 4421 2718 4470 omnes,
2762 4406 2961 4475 inquit,
2988 4417 3171 4461 essent
3195 4410 3496 4476 prophetae,

1918 4498 2010 4551 uhi
2033 4498 2265 4566 apostoli
2297 4498 2322 4551 Ἰ
2353 4498 2400 4552 si
2431 4512 2622 4552 otnnes
2652 4497 2907 4567 apostoli,
2932 4497 3023 4550 ubi
3066 4498 3320 4551 doctores
3347 4498 3371 4550 ?
3406 4497 3504 4550 Hir-

1845 4567 1888 4623 υ
1926 4591 2113 4658 itaque
2175 4589 2313 4643 ordo
2364 4589 2666 4660 plurimum
2723 4588 2960 4653 confert,
3013 4588 3308 4642 ostendens
3361 4588 3503 4655 quod

1917 4681 2152 4751 quisque
2186 4681 2437 4748 proximo
2461 4698 2601 4751 opus
2633 4682 2853 4735 habeat.

1989 4774 2107 4834 XII,
2138 4774 2199 4829 '51
2236 4793 2251 4838 ;
2289 4772 2427 4835 XIII,
2474 4776 2587 4829 1-5.
2622 4773 2978 4828 ιΕηιιιίιιηιὲηὲ
3029 4781 3200 4825 autem
3234 4768 3376 4824 dona
3415 4785 3506 4840 po-

1915 4869 2178 4921 tiora:el
2204 4863 2323 4934 jam
2382 4865 2696 4917 excellenter
2753 4865 2889 4917 uiam
2941 4862 3086 4916 vobis
3146 4862 3386 4916 ostendo.
3448 4859 3506 4916 Si

1915 4958 2110 5028 linguis
2132 4956 2400 5010 hominum
2424 4956 2611 5022 loquar
2633 4964 2681 5009 et
2705 4955 3039 5024 angelorum,
3059 4954 3375 5007 charitutem
3400 4971 3502 5007 au-

1913 5057 2014 5102 lem
2048 5065 2152 5102 non
2190 5047 2436 5107 habeam,
2464 5046 2640 5111 [actus
2671 5062 2787 5100 sum
2822 5062 2894 5099 ιιτε
2927 5062 3202 5107 resonans,
3232 5055 3324 5099 aut
3354 5062 3498 5114 cym-

1911 5139 2090 5193 balum
2128 5139 2383 5192 tinniens.
2415 5136 2483 5191 Et
2513 5138 2560 5191 si
2588 5138 2809 5191 habeam
2831 5138 3160 5207 prophetiam
3190 5151 3235 5191 et
3271 5138 3502 5191 noverim

1911 5230 2166 5300 mysteria
2225 5228 2405 5280 omnia
2450 5225 2611 5299 547
2664 5242 2968 5293 omnemque
3022 5226 3299 5280 scientiam
3331 5234 3425 5278 :et
3452 5224 3499 5277 si

1911 5322 2134 5376 habeam
2172 5335 2378 5374 omnem
2401 5318 2582 5389 ﬁdem,
2613 5318 2745 5371 adeo
2774 5327 2831 5371 ut
2867 5329 3072 5371 montes
3121 5324 3497 5373 transmutem.

1910 5413 2224 5467 charitatem
2251 5422 2427 5465 autem
2461 5427 2566 5464 non
2592 5411 2836 5473 habeam,
2870 5410 3005 5463 nihil
3025 5424 3164 5462 sum.
3200 5407 3264 5460 Et
3295 5408 3342 5460 si
3362 5419 3499 5469 pau-

1906 5520 2052 5574 peres
2078 5503 2265 5559 alendo
2294 5505 2562 5558 insumam
2587 5519 2763 5557 omnes
2796 5501 3081 5570 facultates
3133 5513 3275 5551 meas
3311 5507 3404 5551 :et
3437 5496 3485 5549 si

1912 5595 2127 5651 tradam
2157 5612 2346 5663 corpus
2371 5612 2566 5658 meum,
2601 5604 2660 5648 ut
2688 5594 3001 5657 comburar,
3050 5592 3366 5646 charitatem
3394 5606 3486 5644 au-

1908 5696 2009 5744 tem
2039 5705 2141 5743 non
2169 5687 2411 5754 habeam,
2439 5687 2570 5742 nihil
2605 5687 2733 5741 mihi
2758 5683 2995 5755 prodest.

2213 5869 2257 5901 ³ο
2297 5866 2416 5923 Act.
2463 5883 2512 5935 ν,
2567 5867 2581 5918 1
2630 5881 2790 5935 seqq.
