3872 6580
204 423 311 488 883

1134 423 1518 484 COMMENT.
1563 422 1641 482 ΙΝ
1686 422 1981 484 ΕΡΙΞΤ.Ι
2020 425 2122 484 ΑΙ)
2151 424 2523 486 CORINTII.

3363 432 3470 499 834

215 540 272 589 τὰ
325 535 534 606 ἀψυχα,
561 538 588 589 ὁ
618 536 815 606 χαλκὸς
870 539 966 591 καὶ
1007 536 1066 591 τὸ
1118 536 1420 607 κύμϐαλον.
1497 553 1516 587 ι
1545 534 1657 588 Καὶ
1683 533 1778 588 ἐὰν

1888 536 2218 606 cymbalum.
2252 555 2271 588 ι
2310 536 2378 591 Et
2406 537 2454 591 si
2508 535 2739 592 habeam
2781 537 3147 608 prophetiam.
3179 557 3198 592 ι
3263 539 3470 599 Volens

203 631 311 697 ἔχω
355 626 723 697 προφητείαν.
756 647 774 679 ι
837 628 1018 684 Θέλων
1041 629 1212 694 δεῖξαι
1267 631 1411 698 μέγα
1438 645 1490 681 τι
1515 626 1614 697 τὴν
1646 628 1783 695 ἀγά-

210 737 332 788 πην,
368 718 522 782 αὔξει
578 720 795 790 πρῶτον
822 721 890 775 τὰ
922 721 1266 792 χαρίσματα,
1328 721 1423 774 καὶ
1460 720 1582 772 τότε
1615 719 1782 789 φησιν

205 810 340 862 αὐτά
395 810 552 873 ἐκτὸς
583 811 807 882 ἀγάπης
861 812 1015 865 οὐδὲν
1061 807 1224 867 εἶναι.
1266 813 1412 866 Ἀνω
1439 812 1548 880 γὰρ
1583 810 1779 877 εἰπὼν,

210 921 228 951 ι
276 902 405 954 Ἐὰν
438 903 560 964 ταῖς
584 901 859 970 γλώσσαις
878 905 986 956 τῶν
1018 903 1326 975 ἀνθρώπων
1355 904 1450 959 καὶ
1477 903 1586 958 τῶν
1617 903 1784 971 ἀγγέ-

207 996 308 1046 λων
357 993 528 1060 λαλῶ,
557 1010 579 1047 ι
637 994 776 1065 ὅπερ
801 990 870 1065 ἦν
913 995 1045 1066 παρ’
1100 997 1283 1060 αὐτοῖς
1361 997 1638 1067 μέγιστον,
1685 997 1782 1051 νῦν

207 1088 368 1140 πάλιν
393 1091 488 1142 ἐπὶ
533 1093 630 1163 τῆς
649 1091 986 1160 προφητείας
1005 1089 1066 1144 τὸ
1087 1091 1219 1144 αὐτὸ
1243 1093 1408 1144 ποιεῖ.
1437 1091 1783 1162 Προφητείαν

205 1183 310 1248 γὰρ
371 1182 469 1235 ἐὰν
514 1182 646 1254 ἔχω,
689 1182 750 1235 οὐ
791 1181 892 1253 τὴν
941 1184 1233 1252 τυχοῦσαν,
1293 1185 1478 1253 φησὶν,
1512 1184 1650 1237 ἀλλά
1682 1183 1782 1255 τὴν

203 1275 536 1344 ἀκροτάτην,
590 1274 690 1346 τὴν
737 1274 831 1328 καὶ
870 1275 940 1328 τὰ
964 1277 1242 1347 μυστήρια
1299 1277 1394 1330 καὶ
1428 1275 1527 1347 τὴν
1579 1276 1782 1345 γνῶσιν

203 1367 458 1434 ἔχουσαν,
493 1367 623 1420 ἄνευ
659 1369 902 1436 ἀγάπης.
924 1369 1077 1422 οὐδέν
1100 1371 1239 1438 είμι.
1286 1369 1459 1423 Τοῦτο
1485 1369 1595 1442 γὰρ
1629 1371 1780 1423 κάτω

199 1458 519 1513 ἀποδίδωσι.
572 1478 591 1509 ι
637 1462 826 1514 Πᾶσαν
885 1459 983 1532 τὴν
1027 1461 1228 1513 πίστιν.
1255 1478 1274 1512 ι
1317 1461 1509 1514 Πίστιν
1551 1463 1682 1525 νῦν,
1719 1463 1779 1515 οὐ

203 1551 428 1618 τὴντῶν
487 1552 694 1606 πιστῶν
737 1553 838 1623 τὴν
907 1553 1094 1622 κοινὴν
1143 1555 1238 1606 καὶ
1287 1553 1582 1625 καθολικὴν
1609 1553 1778 1622 λέγει,

198 1642 336 1694 ἀ).λά
371 1643 430 1695 τὸ
461 1644 708 1715 χάρισμα
739 1646 801 1698 τὸ
828 1646 928 1714 τῆς
996 1647 1251 1709 πίστεως.
1300 1642 1408 1699 Ἦν
1435 1646 1544 1716 γάρ
1572 1664 1625 1700 τι
1677 1665 1780 1716 χα-

197 1737 470 1807 ρίσματος
501 1733 664 1803 εἶδος,
709 1738 1017 1809 ὁμωνύμως
1045 1737 1189 1792 οὕτω
1215 1743 1280 1810 τῇ
1312 1740 1493 1793 πίστει
1551 1739 1780 1812 λεγόμε-

194 1846 310 1883 νον.
345 1830 510 1884 Ὅθεν
550 1831 643 1885 ἐπὶ
670 1831 976 1903 φανερώσει
1034 1834 1416 1904 πνευματικῆς
1479 1835 1774 1904 μετουσίας

1884 629 2176 683 ostendere
2211 643 2470 698 magnum
2498 629 2761 698 quiddam
2793 645 2918 686 esse
2945 632 3291 698 charitatem,
3325 634 3470 688 dona

1885 721 2126 790 primum
2151 730 2468 792 exaggerat,
2508 731 2563 778 et
2593 732 2721 777 tuttc
2774 723 2852 777 ait
2890 723 2981 778 illa
3004 725 3138 779 nihil
3169 740 3292 780 esse
3346 725 3470 780 abs-

1884 827 1993 882 que
2025 813 2318 869 charitate.
2371 813 2505 868 Nam
2567 831 2690 870 cum
2735 818 2993 886 superius
3045 817 3279 874 dixisset
3312 835 3325 871 :
3358 835 3376 870 ι
3410 817 3467 872 Si

1885 907 2088 977 linguis
2114 907 2395 961 hominum
2428 917 2481 963 et
2504 911 2828 980 angelorum
2854 911 3051 980 loquar
3092 931 3110 964 ι
3146 912 3290 981 quod
3325 911 3469 982 apud

1884 998 2036 1067 ipsos
2067 1007 2187 1053 erat
2239 1000 2539 1054 maximum
2579 1019 2592 1056 :
2632 1016 2854 1056 rursum
2910 1019 3055 1057 nunc
3083 1004 3222 1058 idem
3251 1007 3306 1056 in
3338 1019 3468 1073 pro-

1885 1091 2068 1160 phetia
2096 1089 2251 1146 facit.
2286 1091 2422 1145 Nam
2461 1092 2506 1147 si
2562 1092 2810 1148 habuero
2850 1095 3219 1164 prophetiam,
3264 1095 3464 1165 inquit,

1885 1199 1995 1238 non
2031 1183 2496 1254 qualemcunque,
2529 1186 2625 1241 sed
2674 1188 2914 1242 maxime
2945 1190 3236 1243 sublimem
3265 1205 3386 1259 qua:
3411 1196 3467 1244 et

1885 1277 2143 1349 mysteria
2164 1287 2218 1330 et
2247 1277 2531 1331 scientiam
2560 1277 2759 1331 habeat
2791 1277 3002 1348 absque
3032 1279 3302 1334 charitate
3330 1279 3468 1334 nihil

1885 1385 2002 1424 sum
2035 1387 2050 1424 :
2085 1371 2186 1424 hoc
2207 1370 2352 1424 enim
2385 1369 2614 1426 inferius
2641 1371 2898 1440 explicat.
2923 1390 2942 1422 ι
2973 1370 3202 1426 Omnem
3226 1371 3408 1426 iidem.
3441 1391 3460 1424 ι

1884 1459 2005 1515 Νοη
2036 1476 2156 1514 eam
2196 1461 2332 1514 dicit
2373 1475 2522 1514 nunc
2563 1461 2908 1514 credentium
2956 1461 3114 1515 iidem
3153 1477 3272 1532 qua:
3317 1477 3467 1518 com-

1884 1555 2070 1608 munis
2101 1563 2181 1609 est
2217 1561 2272 1607 et
2301 1553 2596 1624 generalis,
2639 1553 2735 1607 sed
2769 1555 2971 1607 donum
3006 1552 3152 1608 ﬁdei.
3192 1553 3326 1608 Nam
3349 1564 3468 1610 erat

1883 1648 2156 1718 quoddam
2187 1647 2458 1700 donorum
2499 1663 2674 1716 genus
2709 1647 2858 1716 quod
2909 1649 3098 1702 eadem
3151 1663 3285 1703 voce
3335 1663 3463 1703 cum

1884 1741 1993 1796 ﬁde
2035 1741 2342 1805 dicebatur,
2371 1739 2516 1809 quod
2539 1742 2603 1793 ad
2631 1740 3135 1795 tttattifestationettt
3163 1742 3468 1809 praesentia

1884 1831 2116 1901 Spiritus
2144 1829 2330 1884 multis
2382 1845 2446 1884 eo
2507 1839 2750 1899 tempore
2805 1831 3174 1885 tribuebatur.
3235 1831 3309 1886 De
3363 1832 3469 1887 hoc

194 1924 520 1993 ἐχορηγεῖτο
556 1922 770 1986 πολλοῖς
792 1925 899 1977 τῶν
933 1923 1176 1977 εὐσεϐῶν
1213 1926 1272 1978 ἑν
1310 1923 1390 1995 τῷ
1417 1925 1540 1978 τότε
1572 1925 1775 1998 καιρῷ.

1888 1925 2047 1979 etiam
2081 1923 2225 1977 dono
2258 1925 2333 1977 ait
2392 1922 2663 1978 Dominus
2717 1923 2770 1978 in
2810 1922 3121 1993 Evangeliis
3163 1941 3178 1978 :
3218 1944 3236 1976 ι
3279 1925 3336 1978 Si
3367 1925 3466 1979 ba-

195 2013 338 2084 Περὶ
398 2014 591 2067 τούτου
651 2016 746 2070 καὶ
799 2018 828 2070 6
873 2018 1081 2088 Κύριος
1126 2018 1222 2070 τοῦ
1277 2019 1640 2090 χαρίσματος,
1717 2022 1778 2074 ὲν

191 2105 564 2176 Εὐαγγελίοις
605 2110 795 2182 φησιν,
839 2129 860 2164 ι
902 2111 1029 2166 Ἐἀν
1058 2112 1218 2184 ἔχητε
1270 2113 1454 2165 πίστιν
1477 2112 1554 2175 ὡς
1577 2113 1778 2166 κόκκον

192 2201 496 2268 σινάπεως,
535 2205 712 2274 ἐρεῖτε
747 2203 826 2274 τῷ
853 2202 974 2273 δρει
1009 2205 1187 2275 τούτῳ
1209 2221 1223 2236 ·
1253 2204 1486 2277 Ἄρθητι
1516 2204 1614 2259 καὶ
1645 2205 1778 2275 βλήο

191 2293 325 2364 θητι
383 2293 464 2356 είς
532 2293 632 2366 τὴν
683 2293 984 2362 θάλασσαν,
1055 2297 1152 2350 καὶ
1197 2296 1494 2368 γενήσεται
1525 2295 1723 2360 οὕτως.
1751 2314 1772 2348 ι

189 2386 276 2439 Οὐ
308 2385 484 2457 δήπου
513 2388 623 2456 γάρ
662 2386 738 2449 ὡς
773 2389 908 2458 πρὸς
932 2387 1200 2450 ἀπίστους
1227 2387 1330 2455 τὴν
1357 2386 1542 2460 κοινὴν
1567 2387 1775 2456 πίστιν,

185 2476 372 2532 ταῦτα
395 2479 533 2548 πρὸς
594 2479 793 2541 αὐτοὺς
833 2478 1104 2548 διελέγετο
1135 2481 1165 2533 6
1196 2479 1422 2551 Κύριος,
1471 2479 1607 2534 ἀλλὰ
1639 2482 1778 2554 πρὸς

189 2570 327 2630 τούς
403 2571 639 2634 οἰκείους
697 2572 967 2641 μαθητάς·
1026 2571 1326 2638 τουτέστιν,
1363 2573 1494 2626 Ἐὰν
1531 2573 1693 2645 ἔχητε
1717 2575 1778 2628 τὸ

190 2662 300 2728 τῆς
353 2661 591 2723 πίστεως
635 2663 904 2733 χάρισμα.
973 2664 1037 2716 '0
1067 2664 1122 2716 δὲ
1173 2659 1326 2717 εἶπεν
1379 2666 1407 2718 6
1451 2666 1656 2735 Κύριος
1718 2667 1777 2719 έν

189 2749 563 2820 Εὐαγγελίοις
617 2754 876 2824 μέγιστον
924 2751 1086 2820 εἶναι,
1125 2755 1188 2808 τὸ
1239 2755 1328 2809 διὰ
1388 2756 1627 2818 πίστεως
1673 2756 1777 2828 ὅρη

191 2843 486 2913 μεθιστᾷν,
532 2845 688 2898 τοῦτὸ
729 2862 863 2915 φησι
909 2847 1076 2916 μηδὲν
1131 2842 1271 2901 εἶναι
1323 2847 1545 2918 ἀγάπης
1587 2849 1776 2919 χωρίς.

194 2951 217 2984 ε
255 2933 426 2986 Οὐθέν
477 2937 616 3003 εἰμι.
647 2954 665 2986 ι
715 2936 830 2990 Οὐκ
886 2932 1047 3000 εἷπε,
1107 2937 1453 3008 Μικρότατός
1513 2939 1632 3007 είμι
1682 2939 1777 2992 καὶ

187 3026 442 3098 εὐτελὴς,
473 3027 610 3093 ἀλλ’,
635 3046 653 3078 ‹
675 3029 848 3081 Οὐθέν
879 3031 1018 3099 εἰμι.
1045 3029 1271 3091 »Καλῶς
1291 3030 1372 3094 τὸ,
1403 3049 1420 3081 ι
1449 3029 1719 3100 Ψωμίσω,
1752 3047 1772 3082 ι

189 3119 340 3189 μετὰ
385 3120 486 3188 τῆς
535 3119 737 3182 δόσεως
784 3122 881 3176 καὶ
933 3122 1029 3192 τὴν
1076 3123 1286 3175 οἰκείαν
1324 3123 1611 3193 σημαίνων
1662 3123 1779 3176 δια-

185 3213 404 3267 κονίαν.
448 3214 592 3284 Ὀρα
605 3215 660 3268 δὲ
685 3217 778 3268 καὶ
795 3215 878 3279 τὸ,
921 3233 941 3265 ι
966 3215 1148 3268 Πάντα
1175 3215 1245 3267 τὰ
1270 3215 1607 3286 ὑπάρχοντα,
1636 3234 1656 3268 ι
1708 3216 1773 3270 οὐ

1888 2016 2120 2071 buerilis
2154 2014 2309 2070 ﬁdem
2339 2016 2482 2069 sicut
2515 2029 2747 2087 granum
2778 2015 3016 2085 sinapis,
3064 2015 3260 2071 dicetis
3291 2018 3468 2072 monti

1887 2105 2058 2162 huic:
2095 2125 2115 2160 ι
2162 2106 2446 2161 Attl'eraris
2503 2115 2560 2162 et
2612 2107 2928 2178 projiciaris
2975 2107 3029 2162 in
3086 2124 3258 2174 mare,
3289 2117 3346 2165 et
3377 2111 3470 2164 liet

1885 2198 2041 2254 vobis
2078 2197 2144 2251 δ’.
2188 2216 2207 2251 ι
2244 2197 2431 2267 Neque
2457 2198 2604 2253 enim
2657 2199 2774 2254 ha'c
2813 2199 2881 2255 de
2933 2202 3212 2254 communi
3251 2199 3356 2255 (Ide
3386 2201 3468 2256 lo-

1885 2289 2156 2359 quebatur
2191 2289 2453 2343 Dominus
2485 2288 2553 2343 ad
2579 2305 2676 2344 eos
2711 2297 2975 2360 tanquam
3031 2291 3097 2345 ad
3130 2291 3464 2358 incredulos,

1883 2381 1980 2438 sed
2029 2382 2096 2436 ad
2147 2397 2282 2437 suos
2337 2380 2646 2452 discipulos
2701 2397 2887 2439 sermo
2932 2391 3053 2440 erat
3091 2382 3241 2439 :hoc
3269 2392 3378 2450 est,
3417 2381 3468 2440 si

1885 2473 2190 2530 habueritis
2220 2473 2340 2529 lidei
2363 2474 2589 2530 donum.
2618 2474 2782 2548 559
2802 2478 2955 2542 Quod
2984 2486 3164 2532 autem
3199 2476 3469 2534 Dominus

1886 2565 1942 2620 in
1981 2565 2296 2635 Evangeliis
2351 2565 2646 2620 maximum
2681 2581 2804 2622 esse
2833 2566 2989 2631 dixit,
3031 2583 3224 2637 nempe
3256 2578 3468 2627 montes

1885 2667 2258 2713 transmittare
2299 2659 2400 2712 hoc
2433 2661 2507 2712 ait
2538 2659 2660 2713 sine
2691 2659 2959 2714 cltaritate
2981 2659 3116 2712 nihil
3139 2675 3284 2714 esse.
3323 2679 3342 2712 ι
3375 2659 3470 2714 Ni-

1885 2751 1960 2806 hil
1989 2768 2133 2806 sum.
2177 2771 2196 2803 ι
2241 2751 2358 2805 Non
2391 2753 2528 2805 dixit
2573 2751 2832 2805 Mittimus
2860 2767 2980 2806 sum
3041 2761 3096 2806 et
3141 2753 3287 2815 vilis,
3345 2752 3466 2818 sed,

1889 2860 1910 2894 ι
1943 2841 2248 2898 Nihilsurn.
2285 2861 2413 2894 )—(
2445 2842 2506 2896 Ει
2542 2844 2586 2897 si
2614 2844 2809 2897 alendo
2833 2845 3126 2897 ittsumam.
3168 2863 3184 2894 ι
3210 2843 3353 2897 Bene
3383 2843 3467 2896 di-

1884 2938 1964 2990 xit
1996 2952 2017 2987 ι
2062 2935 2271 2989 Alcndo
2295 2937 2593 2997 insumam,
2637 2954 2654 2986 ι
2687 2935 3001 3004 significans
3037 2951 3140 2988 una
3169 2951 3290 2988 cum
3319 2935 3466 2990 dono

1884 3027 2166 3097 proprium
2233 3041 2452 3095 quoque
2503 3025 2896 3078 ministerium.
2965 3024 3262 3078 Considera
3337 3039 3465 3078 vero

1884 3118 2031 3189 quod
2056 3119 2218 3173 etiam
2242 3119 2414 3172 dicit:
2451 3136 2472 3170 ι
2508 3116 2711 3172 Omnes
2743 3118 3034 3173 facultates
3078 3133 3250 3180 meas,
3292 3136 3311 3169 ι
3353 3133 3462 3172 non

1889 3223 2098 3282 partem
2155 3213 2421 3280 ipsarum.
2462 3229 2480 3262 ι
2537 3209 2610 3265 Ut
2649 3211 2964 3264 comburar.
3015 3229 3034 3262 ι
3097 3207 3462 3264 Miserrimum

188 3307 367 3376 μέρος
421 3277 624 3361 αὐτων.
676 3324 696 3358 ι
727 3277 1274 3380 Ἵνα-καυθήσωμαι.
1307 3325 1328 3362 ι
1513 3277 1778 3378 χαλεπῶς

1888 3303 2018 3358 dicit
2075 3304 2268 3358 mortis
2297 3317 2470 3374 genus
2502 3318 2624 3373 quae
2675 3303 2933 3358 videlicet
2971 3317 3072 3372 pro
3125 3300 3234 3356 Deo
3265 3304 3466 3356 tolera-

182 3415 358 3452 τατον
377 3397 526 3466 λέγει
571 3399 822 3463 θάνατον,
880 3400 971 3454 τὸν
991 3401 1134 3472 ὑπὲρ
1166 3400 1302 3454 Θεοῦ
1335 3401 1582 3472 δηλονότι
1630 3401 1778 3469 γινό-

187 3507 388 3560 μενον.

273 3585 338 3639 Ἠ
367 3582 568 3653 ἀγάπη
599 3583 985 3652 μακροθυμεῖ,
1021 3586 1440 3652 χρηστεύεται.
1490 3587 1550 3643 Ἠ
1573 3589 1775 3660 ἀγάπη

183 3673 258 3726 οὐ
294 3670 488 3736 ζηλοῖ,
517 3673 554 3738 ἠ
594 3671 794 3740 ἀγάπη
826 3675 896 3724 οὺ
937 3675 1378 3740 περπερεύεται,
1425 3677 1498 3731 οὐ
1526 3678 1782 3746 φυσιοῦ-

186 3781 311 3825 ται,
348 3766 460 3816 οὐκ
485 3763 840 3830 ἀσχημονεῖ,
868 3766 940 3817 οὐ
966 3763 1124 3831 ζητεῖ
1149 3768 1221 3818 τὰ
1243 3765 1484 3836 ἑαυτῆς,
1510 3772 1582 3822 οὺ
1639 3786 1782 3837 παρ-

184 3857 502 3921 οξύνεται,
545 3859 618 3909 οὐ
650 3855 941 3924 λογίζεται
981 3855 1046 3909 τὸ
1079 3858 1288 3918 κακὸν,
1338 3863 1416 3912 οὺ
1443 3861 1632 3929 χαφει
1680 3861 1781 3915 ἐπὶ

183 3949 262 4015 τῇ
328 3947 569 4015 ἀδικίᾳ,
619 3948 933 4017 συγχιιίρει
997 3949 1065 4001 δέ
1127 3951 1200 4017 τῇ
1245 3951 1547 4018 ἀληθείᾳ..
1573 3951 1780 4006 Πάντα

183 4041 424 4108 στέγει,
451 4038 646 4092 πάντα
705 4039 1000 4100 πιστεύει,
1048 4039 1244 4092 πάντα
1288 4041 1534 4108 ἐλπίζει,
1581 4042 1780 4096 πάντα

183 4130 509 4198 ὑπομένει.
562 4129 623 4181 Ἠ
656 4128 856 4197 ἀγάπη
897 4129 1186 4183 οὐδέποτε
1216 4130 1514 4186 ἐκπίπτει.

262 4220 407 4276 Εἶτα
440 4222 626 4274 λοιπὸν
679 4222 1013 4292 διεξέρχεται
1067 4224 1164 4291 τῆς
1214 4224 1434 4294 ἀγάπης
1481 4226 1546 4279 τὰ
1575 4226 1778 4294 γνωρι-

187 4333 410 4386 σματα,
448 4314 659 4375 δεικνὺς
683 4315 763 4368 ὅτι
797 4315 857 4366 οὐ
893 4314 1054 4383 μόνον
1102 4313 1483 4387 βλαστήσαντα
1521 4319 1590 4369 τὰ
1630 4318 1776 4389 πάθη

183 4409 435 4479 ἐκριζοῖ,
481 4405 593 4459 ἀλλ’
629 4407 752 4460 οὐδὲ
781 4407 946 4474 φῦναι
995 4411 1285 4478 συγχωρεῖ.
1317 4409 1461 4480 Ὅρα
1492 4409 1571 4475 δὲ,
1615 4411 1779 4475 εὐθὺς

180 4501 287 4569 τὴν
333 4497 720 4569 μακροθυμίαν
754 4499 986 4562 τέθεικε,
1025 4501 1122 4568 τὴν
1151 4499 1308 4570 ῥίζαν
1345 4501 1526 4570 πάσης
1556 4502 1775 4569 φιλοσο-

1884 3404 1994 3451 tur.

1952 3575 2092 3640 XIII,
2125 3574 2247 3630 4-8.
2291 3573 2540 3631 Charitas
2587 3573 2911 3646 longanimis
2947 3585 3046 3642 est,
3077 3575 3299 3647 benigna
3331 3585 3408 3631 est
3441 3615 3457 3632 .

1883 3671 2119 3726 citaritas
2173 3685 2276 3722 non
2324 3669 2634 3732 tumulatur,
2681 3669 2919 3722 charitas
2965 3685 3067 3722 non
3125 3681 3198 3723 est
3237 3685 3461 3739 procax,

1881 3783 1986 3822 non
2018 3765 2266 3833 inﬂatur,
2303 3779 2407 3816 non
2447 3763 2670 3832 pride/it,
2700 3777 2803 3815 non
2829 3763 3019 3832 quterit
3051 3777 3167 3831 qua!
3194 3777 3292 3815 sua
3317 3771 3464 3824 sunt,

1883 3877 1987 3914 non
2040 3859 2310 3922 irritatur,
2356 3872 2460 3910 non
2510 3857 2706 3926 cogitat
2752 3854 2976 3918 malum,
3015 3870 3117 3907 non
3167 3854 3356 3924 gaudet
3411 3855 3463 3906 in

1881 3949 2172 4020 iujustitia,
2227 3948 2318 4001 sed
2369 3947 2668 4016 congaudet
2721 3947 2950 4000 veritati.
3004 3944 3196 4000 Omnia
3254 3947 3461 4013 su/l'ert,

1883 4041 2061 4094 omnia
2087 4037 2277 4101 credit,
2313 4037 2492 4089 omnia
2521 4045 2718 4104 sperat,
2750 4037 2929 4089 omnia
2951 4037 3195 4090 sustinet.
3219 4034 3462 4091 Charitas

1882 4150 2149 4204 nunquam
2181 4130 2400 4185 excidit.

1957 4225 2165 4280 Deinde
2215 4228 2622 4290 consequenter
2658 4227 2880 4276 enarrat
2929 4219 3220 4274 charitatis
3262 4219 3464 4290 insigni

1883 4312 2088 4384 quibus
2115 4310 2364 4380 dignosci
2401 4311 2601 4374 valeat,
2631 4310 2931 4365 ostendens
2966 4311 3111 4380 quod
3147 4326 3253 4364 nou
3283 4312 3462 4366 solum

1881 4422 1977 4462 eas
2011 4420 2134 4476 qua:
2159 4405 2540 4472 germinarunt
2573 4402 2890 4458 aliectiones
2917 4406 3204 4473 exstirpat.
3239 4404 3332 4458 sed
3370 4420 3464 4457 ne.

1881 4514 1990 4568 que
2045 4497 2274 4567 produci
2330 4496 2620 4566 permittit.
2674 4495 2805 4550 Vide
2849 4503 3031 4550 autem
3085 4495 3230 4564 quod
3280 4498 3460 4549 statim

183 4593 348 4659 φίας.
379 4609 398 4640 ι
443 4591 834 4658 Χρηστεύεται.
865 4609 883 4643 ι
929 4591 1146 4661 Ἐπειδὴ
1169 4592 1310 4655 τινές
1333 4594 1470 4644 εισιν
1494 4595 1543 4648 οἶ
1572 4597 1636 4663 τῇ
1669 4613 1774 4664 μα-

1888 4588 2205 4658 patieutiam
2261 4587 2378 4641 sive
2429 4587 2901 4657 longanimitatem
2959 4589 3227 4657 posuerit,
3268 4603 3464 4658 nempe

184 4681 482 4754 προθυμίᾳ.
511 4683 610 4734 οὐκ
644 4683 722 4744 είς
751 4682 1066 4752 φιλοσοφίαν
1111 4683 1428 4754 κέχρηνται,
1463 4685 1602 4738 ἀλλὰ
1639 4687 1776 4756 πρὸς

183 4777 253 4828 τὸ
302 4775 602 4844 διαρρῆξαι
649 4775 774 4836 τούς
824 4776 1194 4846 ἐνοχλοῦντας,
1240 4778 1335 4832 καὶ
1379 4782 1641 4850 πειρᾶσαι
1687 4783 1779 4834 ἐπὶ

183 4869 386 4930 πλέον,
415 4867 753 4937 ἠθικώτερον
770 4869 952 4931 αὐτοῖς
969 4869 1372 4940 διαλεγόμενος,
1399 4873 1552 4941 φησὶ,
1583 4892 1602 4924 ι
1631 4875 1782 4946 Χρη-

182 4962 480 5023 στεύεται,
517 4978 535 5010 ι
588 4962 887 5027 τουτέστιν,
927 4963 1027 5014 οὐκ
1061 4963 1153 5015 ἐπὶ
1197 4963 1278 5035 τῷ
1307 4965 1510 5036 ἀνάψαι
1552 4967 1652 5036 τὴν
1688 4968 1780 5037 ὀρ-

184 5055 302 5125 γὴν
343 5053 458 5104 τῶν
493 5053 875 5122 ἐνοχλούντων,
906 5053 1023 5106 ἀλλ’
1051 5055 1144 5108 ἐπὶ
1175 5056 1253 5125 τῷ
1287 5059 1690 5129 καταπραῧναι,
1713 5063 1779 5132 τῇ

189 5141 568 5214 μακροθυμία
611 5144 901 5214 κέχρηται,
933 5147 1029 5196 καὶ
1068 5147 1366 5218 ἡμερότητι
1393 5153 1612 5220 χρῆται.
1652 5171 1670 5203 ι
1703 5155 1780 5206 Οὐ

182 5239 378 5307 ζηλοῖ.
420 5257 438 5289 ι
485 5238 657 5293 Βαῦαὶ
684 5234 795 5293 οἷόν
819 5243 935 5294 ἐστι
961 5241 1018 5292 τδ
1069 5243 1142 5311 μὴ
1173 5242 1368 5311 ζηλοῦν
1387 5284 1403 5307 ν
1458 5245 1627 5316 ἦτουν
1651 5247 1782 5315 φθ⁰’

182 5331 312 5380 νεῖν
339 5327 470 5390 τοὺς
500 5327 560 5380 εὐ
592 5329 949 5398 πράττοντας.
983 5349 999 5380 ι
1033 5331 1106 5383 Οὐ
1148 5332 1548 5402 περπερεύεται
1611 5355 1630 5388 ι
1665 5338 1778 5390 Οὐκ

182 5417 620 5481 ἀλαζονεύεται,
670 5421 729 5472 οὐ
779 5419 1065 5488 φυσιοῦται
1125 5425 1221 5474 καὶ
1269 5426 1460 5493 φρονεῖ
1515 5426 1656 5494 μέγα
1689 5429 1782 5480 ἐπὶ

182 5507 434 5572 οἰκείοις
484 5508 928 5581 κατορθώμασιν.
971 5511 1042 5564 Ἦ
1092 5512 1246 5566 οὐδὲν
1297 5517 1567 5584 προπετὲς
1616 5520 1781 5575 ποιεί.

184 5602 508 5669 ΙΙέρπερος
545 5603 676 5673 γάρ,
729 5605 1032 5675 προπετὴς.
1068 5621 1088 5654 ι
1137 5606 1251 5658 Οὐκ
1280 5607 1601 5676 ἀσχημονεῖ.
1647 5627 1665 5660 ι
1705 5611 1779 5662 Ut)

1888 4683 2061 4736 totius
2089 4679 2454 4750 philosophiae
2482 4679 2812 4735 Christiana:
2855 4681 3117 4735 radicem.
3156 4699 3174 4732 ι
3226 4680 3465 4752 Benigna

1888 4783 1994 4829 est.
2043 4790 2062 4824 ο
2116 4771 2386 4838 Quoniam
2447 4773 2694 4826 nonnulli
2755 4772 3171 4841 longanimitate
3230 4789 3338 4827 non
3393 4773 3463 4827 ad

1889 4867 2295 4937 philosOpltiam
2341 4881 2526 4921 sanam
2569 4874 2826 4929 utuntur,
2869 4865 2964 4920 sed
3007 4866 3072 4919 ad
3106 4865 3463 4936 confringen-

1889 4960 2018 5013 dum
2049 4973 2145 5013 eos
2184 4957 2276 5028 qui
2317 4957 2533 5012 molesti
2569 4968 2716 5019 sunt,
2752 4964 2806 5010 et
2847 4957 3080 5026 amplius
3114 4958 3456 5024 tentandum,

1889 5049 2157 5104 moralius
2196 5063 2320 5102 cum
2352 5047 2432 5102 eis
2457 5049 2761 5112 disserens,
2789 5049 2864 5101 ait
2899 5065 2912 5102 :
2947 5067 2966 5100 ι
3014 5047 3252 5120 Benigna
3285 5058 3389 5116 cst,
3437 5067 3457 5100 ι

1889 5141 1992 5196 hoc
2017 5151 2121 5203 est,
2157 5155 2266 5194 non
2303 5140 2366 5192 ad
2395 5154 2584 5194 eorum
2615 5140 3024 5195 accendendam
3053 5141 3190 5196 iram
3225 5143 3316 5213 qui
3347 5157 3464 5195 mo-

1888 5235 2014 5290 Iesli
2064 5241 2218 5297 sunt,
2250 5234 2344 5290 sed
2392 5233 2458 5288 ad
2502 5234 2832 5304 placandum
2880 5235 3055 5288 utitur
3099 5236 3359 5305 patientia
3409 5241 3463 5290 et

1893 5332 2066 5387 utitur
2085 5331 2439 5400 benignitate.
2466 5349 2483 5380 ι
2512 5327 2629 5384 Non
2643 5330 2956 5384 aemulatur.
2982 5347 2998 5377 ι
3020 5328 3182 5400 Papae
3199 5330 3462 5400 quiduatu

1888 5434 1972 5478 cst
1995 5438 2103 5476 non
2127 5420 2413 5475 armttlari?
2446 5435 2642 5490 nempe
2672 5421 2761 5476 his
2789 5436 2900 5476 non
2942 5421 3186 5475 invidere
3205 5420 3297 5489 qui
3325 5419 3462 5476 bene

1884 5522 2209 5586 operantur.
2247 5513 2363 5568 Non
2402 5525 2482 5570 est
2513 5528 2738 5585 procax,
2770 5515 2821 5569 id
2853 5523 2956 5578 est,
2993 5529 3311 5583 arrogans.r
3339 5511 3460 5567 Non

1882 5607 2128 5661 inﬂatur.
2158 5605 2306 5661 rNon
2335 5606 2620 5662 insolescit
2652 5606 2721 5661 ob
2751 5605 3145 5683 propriabona.
3183 5605 3291 5658 Aut
3323 5602 3462 5658 nihii

187 5691 395 5762 μόνον,
435 5695 621 5762 φησὶν,
651 5693 712 5746 οὐ
748 5697 935 5764 φρονεῖ
963 5695 1128 5764 μέγα,
1159 5695 1296 5748 ἀλλά
1323 5696 1414 5748 καὶ
1435 5695 1500 5748 τὰ
1533 5697 1778 5767 αἴσχιστα

1888 5711 2090 5755 temere
2144 5714 2240 5755 seu
2275 5701 2586 5772 petulanter
2641 5698 2790 5753 facit.
2841 5698 2974 5752 Nam
3026 5697 3332 5769 περπερος,
3377 5702 3462 5754 est

277 5881 326 5911 δ’
365 5879 557 5936 Matth.
599 5894 731 5948 sm,
775 5880 865 5945 19;
907 5879 1042 5938 Luc.
1085 5880 1297 5950 xru,6.
