3872 6530
394 397 505 466 835
1362 408 1365 413 '
1428 389 1825 454 (ECUMENII
1868 386 2159 449 TRICCA!
2194 383 2532 446 EPlSCUPl
3536 386 3634 449 836

399 514 734 573 temerarius
785 522 882 571 aut
931 519 1243 585 protervus.
1277 529 1296 563 ι
1340 508 1460 564 Νοιι
1510 508 1736 581 pudeflt.
1787 526 1806 559 ι
1859 506 2018 569 Non,

2122 503 2390 573 ἀσχουσα,
2423 502 2525 556 οὐκ
2568 504 2742 556 οτεται
2780 497 3169 569 ἀσχημοσύνην
3196 497 3256 551 τὸ
3284 499 3521 569 πρᾶγμα
3558 501 3636 557 διὰ

399 610 600 672 solum,
631 607 837 676 inquit,
867 621 977 661 non
1023 603 1313 660 iusolescit
1341 619 1357 656 :
1390 616 1581 656 verum
1628 601 1796 655 etiam
1851 599 1979 653 licet

2122 596 2171 651 ὃν
2182 595 2568 664 ἀγαπώμενον.
2594 592 2668 646 ἸΙ
2685 592 2783 646 καί
2803 592 3011 657 οὕτως’
3038 591 3132 655 Τὸ,
3151 592 3271 645 Οὐκ
3295 591 3638 660 ἀσχημονεῖ,

402 699 791 769 indignissima
822 697 1081 767 patiatur,
1113 710 1222 749 non
1253 692 1516 763 opinatur
1555 705 1676 747 eam
1721 704 1835 744 rem
1881 689 1979 744 de-

2122 704 2251 757 γουν
2285 688 2386 740 οὐκ
2425 685 2779 756 ἐπεξέρχεται
2817 687 2927 749 τοῖς
2981 683 3233 738 ἀδικοῦσι
3267 683 3532 752 σφοδρῶς.
3577 686 3641 740 Ἣ

403 791 572 845 decus
608 788 773 841 etiam
821 799 944 840 esse
995 793 1217 854 prepter
1260 798 1384 838 eum
1428 795 1589 851 quem
1636 777 1835 847 diligit.
1875 778 1980 830 Aut

2122 797 2164 832 rt
2212 778 2363 831 οὐδὲν
2409 776 2516 829 τῶν
2571 775 2805 829 εὐτελῶν
2848 791 2906 829 τε
2955 774 3050 828 καὶ
3098 774 3375 827 ταπεινῶν
3419 776 3517 845 τῆς
3546 777 3641 829 τῶν

403 882 499 936 hoc
538 879 729 933 modo:
762 878 861 930 οὐκ
881 871 1203 946 ἀσχημονεῖ,
1231 875 1285 929 id
1328 881 1432 939 est,
1462 887 1570 927 non
1604 873 1801 927 acerbe
1830 882 1983 925 reum

2122 868 2327 940 δελφιῖω
2374 868 2641 937 ὠφελείας
2684 866 2871 921 ἐνεκεν
2921 867 3271 935 παραιτεῖται
3313 866 3533 935 δρᾶσαι,
3576 868 3644 932 ὡς

405 969 519 1037 agit
560 968 714 1021 illum
765 966 857 1035 qui
905 966 1012 1019 sibi
1062 964 1300 1032 injurius
1349 969 1454 1018 est.
1495 963 1604 1016 Aut
1653 960 1795 1029 quod
1849 958 1983 1014 nihil

2122 961 2226 1030 άχα
2276 961 2524 1029 ἄσχημον
2570 954 2711 1013 εἶναι
2769 957 2867 1028 τὴν
2918 955 3118 1027 πρᾶξιν
3179 956 3642 1026 ὑπολαμϐάνουσα.

406 1058 762 1130 quantumvis
793 1057 1131 1126 abjectarmn
1161 1063 1257 1109 aut
1288 1054 1577 1109 humilium
1607 1067 1791 1107 rerum
1816 1066 1982 1106 causa

2147 1053 2223 1107 Ob
2250 1052 2406 1123 ζητεί
2429 1050 2497 1105 τά
2526 1051 2749 1118 ἑαυτῆς.
2794 1068 2813 1101 ι
2859 1049 3023 1118 Λέγει
3056 1049 3149 1103 τὸν
3183 1050 3390 1120 τρόπον
3419 1049 3532 1114 πῶς
3558 1053 3646 1106 οὐκ

409 1150 661 1205 utilitatis
694 1149 927 1203 fratrum
958 1147 1139 1203 facere
1163 1148 1454 1208 detractat,
1484 1144 1642 1215 quasi
1670 1143 1982 1198 indecoram

409 1243 514 1297 sibi
546 1243 824 1295 actionem
861 1241 1102 1295 fortasse
1134 1238 1534 1307 suspicaretur.
1576 1257 1594 1287 ι
1641 1236 1763 1289 Νοιι
1793 1236 1989 1304 ηιιωτίι

2122 1237 2148 1290 δ
2193 1236 2283 1291 τοῦ
2335 1236 2585 1306 πλησίον,
2638 1238 2732 1288 καί
2779 1234 3171 1304 ἀσχημοσύνην
3221 1233 3387 1286 τοῦτο
3428 1234 3645 1303 ἡγεῖται,

413 1348 538 1400 qua:
567 1346 666 1385 sua
694 1338 844 1385 sunt.
892 1347 911 1380 ι
958 1328 1176 1382 Modum
1209 1326 1341 1380 dicit
1374 1324 1646 1390 quomodo
1677 1337 1782 1376 non
1819 1322 1988 1393 pude-

2122 1348 2215 1383 ταν
2243 1328 2659 1400 ἀσχημονοῦντα
2685 1327 2776 1380 τὸν
2809 1326 3037 1396 πλησίον
3079 1327 3155 1397 μὴ
3186 1326 3501 1397 ἀπαλλάξῃ.
3537 1345 3556 1378 ι
3583 1329 3648 1380 0-)

414 1423 508 1475 fiat
552 1439 567 1476 :
616 1423 742 1492 quia
793 1435 904 1475 non
955 1419 1151 1489 quaerit
1206 1416 1480 1487 propriam
1534 1415 1842 1475 utilitatem,
1894 1412 1986 1468 sed

2122 1420 2471 1492 παροξύνεται.
2504 1438 2522 1470 ι
2563 1418 2747 1471 Πάντα
2778 1416 3084 1487 πάσχουσα,
3109 1417 3173 1470 ού
3201 1416 3650 1486 παροξύπταιξὶς

414 1515 651 1585 proximi
686 1528 702 1567 :
739 1522 794 1567 et
823 1513 925 1566 hoc
952 1512 1103 1564 ducit
1148 1524 1271 1563 esse
1306 1508 1565 1569 dedecus,
1600 1508 1646 1560 si
1683 1504 1987 1575 proximum

2123 1514 2281 1583 ργήν.
2314 1512 2423 1566 Καὶ
2450 1511 2511 1563 οὐ
2548 1509 2708 1580 μόνον
2736 1509 2840 1562 οὐκ
2874 1507 3166 1578 ἐργάζεται
3207 1509 3269 1561 τὸ
3321 1511 3514 1576 κακὸν,
3550 1512 3649 1562 ἀλλ’

415 1610 508 1679 qui
542 1606 747 1678 pudelit
781 1621 891 1661 non
921 1603 1255 1659 liberaverit.
1290 1601 1451 1672 550
1476 1620 1495 1652 ι
1526 1599 1642 1654 Non
1674 1600 1943 1654 irritatur.
1966 1615 1983 1649 ι

2124 1605 2212 1657 ύδέ
2240 1602 2532 1672 λογίζεται.
2577 1621 2596 1653 ι
2647 1601 2723 1655 Οὐ
2769 1602 2951 1671 χαίρει
2979 1601 3072 1654 ἐπὶ
3103 1604 3169 1671 τῇ
3220 1602 3434 1672 ἀδικίᾳ.
3483 1620 3502 1654 ι
3554 1604 3653 1656 Οὐκ

415 1698 552 1754 Cum
603 1700 789 1752 omnia
840 1698 1103 1768 patiatur,
1158 1710 1263 1747 non
1316 1702 1671 1762 exasperatur
1717 1690 1782 1745 ad
1828 1690 1989 1743 iram.

2124 1696 2350 1766 φήδεται
2391 1696 2587 1764 ἥγουν,
2627 1694 2690 1747 ού
2744 1693 2924 1763 χαίρει
2978 1696 3089 1757 τοῖς
3142 1694 3331 1755 κακῶς
3383 1694 3652 1763 πάσχωσι,

415 1791 529 1848 Nec
569 1789 746 1846 solum
792 1804 902 1843 non
948 1799 1211 1859 operatur
1262 1785 1487 1848 malum,
1526 1785 1622 1839 scd
1676 1799 1741 1837 ne
1790 1784 1994 1852 cogitat

2122 1788 2253 1856 mal,
2290 1784 2577 1856 συγχαίριι
2605 1784 2659 1838 δὲ
2697 1786 2811 1846 τοῖς
2843 1783 3209 1853 εὐδοκιμοῦσι.
3258 1802 3278 1836 ι
3327 1785 3514 1839 Πάντα
3545 1786 3652 1837 cria

418 1883 666 1954 quidem.
713 1900 729 1934 I
770 1881 890 1936 Non
932 1881 1131 1951 gaudet
1175 1880 1241 1933 de
1276 1878 1568 1946 injuslitia.
1618 1897 1635 1928 ι
1670 1876 1790 1931 Non
1824 1875 1998 1930 insul-

2122 1897 2208 1943 πει.
2262 1898 2281 1929 ι
2332 1878 2502 1931 Τοῦτο
2550 1879 2659 1946 γὰρ
2709 1877 2847 1946 αὐτῇ
2886 1877 2919 1946 ἡ
2966 1877 3318 1948 μακροθυμία
3365 1879 3653 1949 χαρίζεται,

420 1981 505 2027 tat
543 1972 658 2027 sive
702 1985 812 2025 non
848 1971 1046 2041 gaudet
1087 1968 1155 2023 de
1189 1969 1274 2023 his
1313 1968 1407 2038 qui
1437 1966 1754 2021 amictiones
1782 1967 1996 2036 patiun-

2122 1973 2267 2042 ᾕγουν
2325 1970 2386 2023 τὸ
2444 1971 2696 2037 στέγειν,
2769 1970 2902 2038 περὶ
2947 1964 3016 2039 ἦς
3071 1971 3464 2041 μακροθυμίας
3516 1967 3652 2024 ειπε-

422 2070 533 2130 tur,
573 2063 667 2117 sed
719 2063 805 2116 his
853 2061 1038 2132 potius
1087 2060 1391 2129 congaudet
1431 2060 1524 2130 qui
1567 2059 1915 2114 celebrantur
1945 2067 1994 2113 et
2106 2082 2125 2115 ι
2155 2063 2338 2117 Πάντα
2386 2054 2525 2115 πιστι

425 2153 481 2209 in
527 2153 705 2224 pretio
754 2162 902 2208 sunt.
949 2170 970 2204 ι
1015 2149 1210 2207 Omnia
1262 2149 1473 2206 suffert.
1519 2167 1540 2200 ι
1598 2150 1711 2203 lloc
1753 2149 1900 2205 enim
1947 2148 1999 2204 ei

425 2245 593 2302 donat
624 2244 1041 2314 longanimitas,
1069 2256 1264 2313 nempe
1294 2249 1354 2295 ut
1378 2240 1625 2307 suﬂerat,
1651 2241 1718 2296 de
1751 2256 1857 2310 qua
1882 2239 2001 2294 lon-

427 2335 752 2406 ganimitate
804 2335 953 2403 prius
1006 2333 1189 2388 dixit:
1228 2350 1247 2384 ι
1294 2331 1487 2386 Omnia
1532 2329 1723 2385 credit.
1774 2350 1792 2382 ι
1843 2329 2002 2397 Qua:-

2084 1148 2407 1217 ἀσχημονεῖ,
2456 1146 2539 1199 ὃτι
2580 1144 2640 1197 ού
2673 1144 2828 1211 ζητεῖ
2860 1143 2921 1196 τὸ
2955 1146 3156 1197 οίκείον
3197 1143 3499 1213 συμφέρον,
3527 1143 3648 1196 ἀλλὰ

2106 2082 2125 2115 ι
2155 2063 2338 2117 Πάντα
2386 2062 2653 2115 πιστεύει.
2697 2064 2797 2114 »Ἃ
2830 2061 2896 2116 ἂν
2929 2064 3057 2134 είπῃ
3086 2066 3118 2115 ὁ
3144 2062 3532 2131 ἀγαπώμενος,
3575 2066 3655 2118 καὶ

2100 2158 2252 2212 οὐδὲν
2300 2157 2531 2210 ὓπουλον
2566 2154 2693 2210 οὔτε
2734 2157 2896 2219 αὐτὸς
2933 2156 3103 2220 λαλεῖ,
3134 2155 3256 2210 οὔτε
3286 2157 3384 2210 τὸν
3416 2158 3653 2211 λαλοῦντι

2100 2249 2293 2303 οἴεται.
2343 2266 2367 2301 ι
2406 2249 2587 2303 Πάντα
2618 2247 2846 2312 ἐλπίζει.
2880 2266 2900 2298 ι
2934 2248 3049 2301 Οὐκ
3077 2246 3485 2316 ἀπογινώσκει,
3522 2251 3654 2320 φησι,

2101 2340 2201 2407 τοῦ
2244 2340 2638 2410 ἀγαπωμένου,
2672 2340 2789 2393 ἀλλ’
2815 2339 3027 2403 ἐλπίζει
3059 2341 3222 2394 αὑτὸν
3262 2341 3344 2403 είς
3377 2340 3442 2394 τὸ
3477 2339 3656 2410 βέλτιον

428 2440 650 2495 cunque
693 2422 889 2479 dixerit
949 2424 994 2480 is
1038 2423 1134 2494 qui
1186 2431 1404 2477 atuatur
1437 2440 1451 2477 :
1481 2429 1536 2477 et
1578 2422 1714 2475 nihil
1753 2421 1999 2477 dolosam

2122 2432 2404 2487 ιπιδοῦναι.
2439 2432 2501 2486 Εἰ
2521 2431 2577 2485 δὲ
2606 2432 2701 2486 καὶ
2735 2430 2983 2498 ἐλπίσας,
3015 2433 3205 2503 φησιν,
3235 2431 3511 2505 ἀποτύχῃ,
3536 2434 3656 2486 ἐκεί-

428 2525 525 2571 aut
589 2517 708 2586 ipse
767 2515 1008 2585 loquitur
1076 2520 1171 2567 aut
1228 2513 1455 2567 alterum
1515 2512 1663 2583 loqui
1724 2511 2000 2583 Opinatur.

2122 2540 2197 2575 νου
2223 2524 2289 2593 τῇ
2313 2524 2483 2593 κακίᾳ
2508 2523 2984 2591 ἐναπομείναντος,
3026 2524 3182 2592 φέρει
3217 2524 3487 2591 γενναίως
3513 2524 3654 2577 αὐτοῦ

2103 2613 2172 2668 τὰ
2201 2614 2581 2684 ἐλαττώματα.
2615 2633 2634 2665 ι
2664 2615 2848 2670 Πάντα
2878 2617 3009 2687 γὰρ,
3040 2618 3225 2684 φησὶν,
3255 2617 3537 2687 ὑπομένει.
3563 2635 3581 2669 ι
3601 2646 3640 2659 -

2113 2726 2132 2760 ι
2152 2709 2422 2763 Οὐδέποτε
2453 2709 2733 2765 ἐκπίπτει.
2763 2708 3064 2783 ›-[ΦΩΤ.]
3080 2712 3152 2764 Ob
3171 2710 3472 2775 διαλύεται,
3499 2712 3655 2781 φησὶν,

2105 2795 2229 2850 οὔτε
2278 2796 2654 2862 διακόπτεται,
2706 2800 2873 2869 ἢγουν
2922 2799 3179 2854 οὐδέποτε
3233 2801 3516 2867 ἐκπίπτει,
3557 2802 3657 2855 οὐδὲ

2107 2889 2475 2958 ἀποτυγχάνει
2508 2894 2606 2961 τῆς
2648 2890 3079 2962 εύδοκιμήσεως,
3116 2892 3236 2945 ἀλλ’
3265 2893 3354 2946 ἀεὶ
3387 2895 3657 2966 προφάσεις

2107 2981 2317 3050 ἀγαθὰς
2349 2982 2443 3035 καὶ
2494 2982 2666 3046 καλάς
2695 2984 2863 3054 ἑαυτῇ
2892 2984 3159 3054 εὑρίσκει,
3197 2986 3265 3039 δι’
3300 2981 3378 3039 ὧν
3410 2986 3512 3055 τῆς
3548 2987 3661 3054 πρὶς

434 2646 455 2680 ι
496 2626 689 2682 Omnia
739 2634 942 2695 sperat.
984 2643 1006 2677 ι
1051 2622 1172 2678 Non
1214 2623 1486 2692 desperat,
1541 2622 1739 2691 inquit,
1794 2622 1862 2677 de
1910 2621 2004 2677 illo

430 2734 594 2792 quem
641 2729 807 2784 amat,
850 2717 945 2772 sed
999 2724 1205 2786 sperat,
1236 2716 1381 2784 quod
1435 2715 1586 2769 illum
1637 2717 1705 2768 ad
1754 2714 1806 2770 id
1857 2712 2004 2782 quod

434 2807 635 2864 melius
685 2815 770 2862 est
821 2804 1101 2877 provehet.
1135 2803 1290 2870 Quod
1330 2804 1376 2861 si
1424 2804 1516 2859 ubi
1553 2803 1796 2874 speravit
1840 2802 2004 2857 etiam

435 2914 533 2969 spe
561 2898 877 2957 frustretur.
913 2893 1012 2951 illo
1041 2897 1096 2950 in
1124 2895 1257 2949 vitio
1281 2901 1652 2965 permanente,
1673 2893 1799 2948 forti
1826 2894 2007 2949 animo

434 2990 538 3044 fert
584 2987 735 3043 illius
784 2986 1053 3044 defectus.
1083 2984 1216 3039 Nam
1268 2986 1474 3050 omnia,
1507 2986 1706 3055 inquit,
1748 2987 2006 3042 sustinet.

442 3097 464 3132 ι
506 3079 794 3149 Nunquam
828 3078 1052 3133 excidit.
1099 3096 1117 3130 ι
1163 3075 1286 3133 Νοιι
1333 3078 1673 3144 dissolvitur,
1717 3093 1894 3148 neque
1924 3079 2010 3133 in-

2122 3074 2235 3138 ιοὺς
2276 3074 2503 3144 πλησίον
2546 3076 2781 3147 στοργῆς
2814 3077 2910 3129 καί⁵
2956 3078 3250 3145 συναφείας
3290 3079 3511 3147 κατέχει
3554 3078 3660 3140 τοὺς

436 3173 813 3242 terrumpitur.
850 3171 976 3228 Sive
1008 3188 1287 3243 nunquam
1318 3173 1540 3239 excidit,
1576 3188 1753 3243 neque
1780 3173 2009 3230 celebri-

2122 3167 2419 3237 χρωμένους
2436 3168 2596 3239 αὐτῇ,
2620 3171 2985 3240 παραμένειν,
3004 3172 3100 3224 καὶ
3132 3171 3206 3242 μὴ
3233 3171 3656 3244 δισρῤήγνυσθαι,

438 3271 548 3318 tate
583 3262 883 3319 frustratur
915 3282 931 3319 :
959 3262 1056 3319 sed
1089 3279 1309 3334 semper
1339 3264 1510 3320 bonas
1543 3280 1606 3319 ac
1632 3266 1892 3323 honestas
1922 3267 2009 3321 in-

2122 3260 2216 3312 ιιάν
2248 3260 2447 3312 ἐκεῖνοι
2477 3261 2770 3330 ἀφηνιῶσι,
2809 3261 2905 3315 καὶ
2936 3263 3276 3334 ἀποσκιρτᾷν
3335 3265 3513 3325 αίτίας
3547 3279 3662 3331 παρ-

437 3354 584 3408 venit
644 3352 749 3407 sibi
816 3352 1156 3417 occasiones,
1207 3367 1304 3422 per
1365 3367 1504 3421 quas
1569 3353 1692 3407 illos
1746 3353 1841 3422 qui
1893 3352 2011 3422 ipsa

2122 3352 2299 3421 ἔχωσι.
2334 3353 2554 3421 Στέγειν
2578 3353 2689 3424 γὰρ
2711 3356 2856 3407 ποιεί
2881 3355 2976 3408 καὶ
3000 3354 3247 3420 ἐλπίζειν
3274 3357 3368 3409 καὶ
3399 3355 3660 3427 ὑπομένειν

439 3452 673 3499 utuntur
701 3447 937 3502 retineat
975 3445 1030 3499 in
1061 3459 1247 3499 amore
1275 3458 1338 3498 ac
1366 3444 1706 3498 connexione
1731 3444 1798 3498 ad
1832 3446 2015 3514 proxi-

2122 3444 2210 3497 τὸν
2241 3443 2625 3515 ἁμαρτάνοντα
2647 3448 2725 3509 είς
2762 3445 2947 3500 αὐτόν.

438 3551 581 3601 mos,
624 3544 685 3591 ut
734 3545 1049 3606 permaneat
1082 3545 1139 3591 et
1192 3550 1302 3591 non
1354 3537 1788 3604 interrumpatur
1819 3555 1833 3591 :
1862 3538 2027 3593 etiam
2105 3539 2152 3594 si
2200 3538 2276 3593 illi
2320 3537 2628 3593 dissideant
2708 3553 2775 3595 ae
2816 3538 3097 3595 resilieadi
3145 3554 3346 3597 causas
3397 3542 3661 3613 praebeant.

441 3628 595 3685 Facit
625 3629 769 3682 enim
802 3628 943 3682 ferre
981 3636 1037 3683 ct
1065 3643 1326 3698 separare
1354 3643 1421 3683 ac
1452 3628 1728 3685 sustinere
1761 3644 1884 3684 eum
1914 3633 2010 3700 qui
2048 3631 2103 3686 in
2130 3631 2310 3701 ipsum
2344 3632 2609 3701 peccavit.

511 3720 659 3783 Xlll,
687 3722 839 3776 8-10.
882 3720 1000 3776 Sive
1044 3722 1334 3791 prophetia
1364 3722 1738 3790 abolebantur,
1775 3724 1880 3778 sive
1917 3723 2018 3778 lin-

2190 3725 2327 3777 Elts
2393 3722 2462 3775 δὲ
2531 3723 2880 3793 προφητεῖαι
2929 3724 3510 3793 καταργηθήσονται,
3564 3726 3662 3778 εἴτε

440 3830 559 3886 gula
599 3812 901 3879 cessabunt,
944 3815 1050 3868 sive
1094 3814 1313 3868 scientia
1365 3814 1681 3870 abolebitur.
1739 3814 1825 3868 Ea:
1870 3825 2018 3885 parte

2122 3815 2392 3885 γλῶσσαι
2432 3815 2792 3878 παύσονται,
2826 3817 2948 3869 εἶτε
2981 3816 3204 3885 γνῶσις
3248 3818 3661 3889 καταργηθήσε-

443 3906 582 3961 enim
611 3906 1000 3975 cognoscimus,
1028 3916 1073 3960 et
1104 3920 1170 3960 ea:
1196 3915 1348 3973 parte
1370 3906 1741 3976 prophetarum
1764 3922 1783 3960 :
1807 3907 2017 3977 quando

446 4006 623 4052 autem
670 3999 865 4053 venerit
913 3998 1050 4068 quod
1098 4002 1386 4068 perfectum
1423 4008 1523 4067 est,
1554 4009 1679 4053 tunc
1723 3999 2020 4055 abolebitur

445 4086 501 4142 id
525 4086 663 4158 quod
693 4103 757 4141 ex
788 4098 937 4157 parte
964 4098 1065 4145 est.

519 4174 624 4233 Ubi
671 4178 960 4234 cbaritalis
1008 4180 1257 4249 germina
1305 4181 1603 4246 recensuit,
1643 4197 1865 4238 rursum
1912 4183 2023 4239 alio

450 4282 668 4336 quoque.
697 4267 857 4321 modo
889 4266 1061 4337 ipsam
1091 4269 1328 4332 extollit,
1361 4268 1553 4324 dicens
1589 4276 1644 4324 et
1683 4269 2023 4339 prophetiam

447 4365 501 4409 et
534 4356 752 4425 linguas
783 4364 836 4409 et
858 4356 1144 4410 scientiam
1174 4355 1337 4412 finem
1369 4357 1674 4421 habituras,
1699 4356 2022 4413 charitatem

448 4463 579 4503 vero
626 4464 749 4504 esse
787 4460 1218 4518 permanentem,
1269 4452 1520 4506 stabilem
1573 4466 1639 4506 ac
1683 4460 2024 4522 perpetuam.

2118 3923 2233 3961 ται.
2298 3908 2397 3961 Ἐκ
2434 3906 2656 3976 μέρους
2686 3906 2755 3959 δὲ
2795 3907 3188 3977 γινώσκομεν,
3233 3909 3335 3963 καί
3371 3910 3441 3962 ἐκ
3473 3910 3661 3979 μέρους

2117 3997 2588 4066 προφητεύομεν.
2625 3997 2811 4051 Ὅταν
2856 3997 2925 4050 δὲ
2961 3997 3111 4066 ἔλθῃ
3142 3998 3208 4054 τὸ
3259 3999 3513 4065 τέλειον,
3554 4001 3664 4052 τότε

2118 4089 2186 4143 τὸ
2213 4090 2281 4143 ἐκ
2303 4090 2526 4158 μέρους
2556 4090 3095 4160 καταργηθήσεται.

2193 4180 2512 4247 Καταλέξας
2537 4182 2634 4251 τῆς
2658 4183 2878 4250 ἀγάπης
2907 4181 2977 4233 τά
3000 4179 3377 4253 βλαστήματα,
3413 4184 3564 4239 πάλιν
3582 4182 3661 4235 aio

2122 4268 2221 4341 τὴν
2252 4269 2348 4324 καὶ
2376 4270 2548 4341 ἑτέρῳ
2593 4271 2784 4341 τρόπῳ
2830 4270 2974 4339 ὑψοί,
3009 4272 3069 4324 ἐν
3099 4270 3179 4341 τῷ
3211 4272 3412 4341 λέγειν,
3461 4272 3548 4326 καὶ
3583 4272 3662 4341 τὴν

2126 4363 2486 4433 προφητείαν,
2520 4364 2612 4415 καὶ
2638 4362 2739 4426 τάς
2770 4361 3040 4431 γλώσσας,
3072 4363 3168 4416 καὶ
3190 4362 3289 4434 τὴν
3319 4365 3516 4433 γνῶσιν
3538 4362 3661 4423 τέλος

2125 4454 2292 4518 ἕξειν,
2328 4457 2428 4523 τὴν
2464 4455 2524 4509 δὲ
2548 4456 2772 4527 ἀγάπην
2808 4456 3039 4526 μόνιμον
3086 4449 3248 4521 εἷναι,
3286 4457 3565 4525 στάσιμον,
3590 4454 3662 4508 καὶ

454 4539 511 4595 Si
551 4542 697 4596 enim
751 4550 805 4596 et
853 4543 1151 4612 prorihetite
1183 4553 1238 4598 et
1268 4543 1465 4614 linguai
1496 4553 1624 4599 sunt
1655 4553 1876 4615 propter
1901 4544 2018 4599 fidei

2130 4546 2506 4615 ἀτελεύτητον,
2571 4547 2634 4599 El
2686 4548 2795 4617 γὰρ
2855 4547 2948 4600 καὶ
3002 4549 3056 4600 al
3116 4549 3443 4619 προφητεῖαι
3491 4548 3575 4601 καὶ
3616 4543 3660 4597 ei

452 4629 847 4698 cognitionem,
880 4630 1150 4699 explicata
1198 4632 1403 4703 ubique
1451 4632 1577 4694 fide,
1627 4645 1889 4704 tanquam
1927 4651 2025 4690 sti--

454 4721 660 4791 perllua
690 4721 1007 4788 cessabunt,
1044 4722 1149 4777 hoe
1190 4732 1375 4779 autem
1404 4734 1458 4780 et
1488 4724 1591 4779 hoc
1630 4733 1873 4796 tempore
1898 4729 2025 4795 erit,

455 4825 506 4865 et
538 4813 706 4866 multo
736 4813 910 4882 magis
941 4814 993 4868 in
1024 4813 1230 4869 futuro.
1270 4834 1289 4867 ι
1338 4815 1468 4871 Sive
1497 4818 1749 4871 scientia.
1787 4836 1805 4869 ι
1845 4819 2028 4874 διεὶειι-

455 4901 589 4954 tiam
632 4902 767 4957 dicit
813 4904 1065 4960 fortassis
1110 4920 1230 4961 eam
1281 4922 1403 4977 qua:
1446 4909 1798 4963 accommoda
1840 4922 1923 4966 est
1958 4911 2027 4967 ad

454 4992 785 5059 docendum.
822 4995 1061 5051 Dila‘tato
1099 4999 1245 5053 enim
1280 4998 1468 5055 divino
1498 5001 1649 5056 cultu
1692 5016 1758 5055 ac
1805 5004 2025 5073 pietate,

456 5084 630 5137 oziOsa
676 5085 780 5137 erit
826 5086 1099 5143 doctrina.
1159 5108 1178 5141 ι
1236 5090 1579 5147 Abolcbitur.
1644 5112 1665 5146 ι
1713 5093 1852 5159 Quid
1899 5112 2030 5167 ergo

459 5186 591 5229 tunc
620 5175 759 5229 erit?
787 5174 921 5231 Nam
955 5180 1021 5234 de
1047 5178 1236 5236 futuro
1264 5182 1401 5238 dixit
1428 5193 1672 5254 tempore
1703 5187 2028 5244 abolendam

458 5283 582 5322 esse
615 5268 927 5323 scientiam.
966 5271 1047 5323 An
1083 5270 1250 5342 igitur
1281 5284 1410 5329 tunc
1440 5275 1492 5328 in
1524 5276 1831 5345 ignorantia
1862 5278 2027 5349 dege-

459 5359 619 5413 mus?
669 5360 854 5414 Ahsitl
919 5362 1011 5416 sed
1061 5362 1129 5417 de
1182 5366 1436 5434 pra'seuti
1486 5370 1817 5439 cognitione,
1868 5371 2027 5442 551

462 5464 582 5519 quae
612 5466 675 5504 ex
717 5457 871 5519 parte
899 5459 983 5505 est
1012 5450 1151 5506 dixit
1185 5454 1330 5522 quod
1360 5453 1684 5512 abolebitur.
1717 5456 1852 5512 Cum
1885 5460 2044 5529 enim~

463 5559 706 5615 praesens
733 5543 974 5614 cognitio
1002 5559 1066 5598 ex
1098 5555 1255 5615 parte
1284 5546 1377 5610 sit,
1409 5547 1500 5600 ubi
1532 5547 1771 5616 perfecta
1802 5549 2031 5605 scientia

461 5635 768 5696 advenerit,
797 5633 924 5689 'hacc
964 5650 1086 5704 qua:
1130 5651 1196 5690 ex
1251 5646 1404 5705 parte
1451 5646 1537 5690 est
1583 5638 1741 5692 linem
1789 5637 2029 5707 habebit,

464 5737 560 5794 per
605 5727 970 5793 cognitionem
1010 5726 1301 5797 perfectam
1334 5727 1558 5782 abolita.
1594 5728 1740 5784 idem
1767 5739 1948 5784 autem
1981 5739 2034 5785 et

467 5818 534 5870 de
586 5818 867 5887 pr'op'etia
917 5820 1048 5875 mihi
1105 5820 1365 5893 intelligo.
1403 5850 1471 5860 —
1518 5818 1592 5874 Ex
1643 5831 1795 5891 parte
1851 5831 2032 5877 autem

2126 4638 2371 4707 γλῶσσαι
2399 4636 2488 4689 διά
2524 4637 2625 4705 τὴν
2662 4637 2763 4708 τῆς
2792 4638 3030 4701 πίστεως
3064 4637 3269 4707 γνῶσίν
3308 4640 3436 4704 είσι,
3478 4638 3569 4708 τῆς
3596 4635 3663 4687 πί-

2130 4745 2299 4791 στεως
2333 4727 2616 4799 πανταχοῦ
2667 4729 3038 4798 ἀπλωθείσης,
3070 4730 3295 4792 εἰκότως
3332 4730 3410 4793 ὡς
3448 4727 3662 4800 περιτταὶ

2127 4824 2452 4894 ἁργήσουσι.
2482 4822 2652 4874 Τοῦτο
2683 4823 2741 4876 δέ
2771 4823 2867 4876 καὶ
2895 4823 2990 4876 νῦν
3016 4822 3193 4886 ἔσται,
3233 4824 3328 4876 καὶ
3356 4823 3533 4892 πολλῴ
3558 4819 3661 4891 pill-

2128 4914 2220 4968 λον
2277 4914 2372 4968 ἐπὶ
2403 4913 2498 4966 τοῦ
2552 4913 2859 4984 μέλλοντος.
2919 4934 2938 4965 ι
2991 4915 3115 4968 Εἴτε
3161 4915 3393 4983 γνῶσις.
3433 4935 3450 4967 ι
3494 4916 3532 4968 Γ
3534 4915 3662 4966 νώσιν

2130 5006 2261 5070 ἴσως
2314 5005 2413 5077 τὴν
2463 5005 2558 5059 τοῦ
2609 5005 2879 5059 διδάσκειν
2932 5008 3086 5077 φησί.
3140 5008 3550 5078 ιιλατυνομένης
3580 5008 3663 5074 γὰρ

2127 5097 2227 5168 τῆς
2257 5097 2538 5160 εύσεὸείας
2564 5097 2777 5167 καὶτῆς
2811 5096 3068 5160 πίστεως,
3107 5099 3342 5170 ἀργήσει
3377 5100 3410 5170 ἡ
3452 5099 3660 5151 διδασκα-

2129 5187 2239 5242 λία.
2285 5206 2304 5238 ι
2351 5186 2870 5258 Καταργτβήσεται.
2915 5205 2936 5239 ι
2994 5186 3059 5240 Τί
3098 5183 3193 5240 οὖν
3236 5187 3397 5253 τότε;
3448 5188 3565 5257 περὶ
3592 5181 3662 5236 τοῦ

2133 5269 2420 5350 μέλλοντός
2450 5278 2560 5347 γὰρ
2597 5273 2720 5330 εἷπε
2763 5278 2959 5348 χρόνου
2992 5278 3390 5347 καταργείσθαι
3430 5280 3523 5349 την
3555 5274 3665 5344 γνῶ-

2134 5387 2239 5424 σιν.
2276 5371 2410 5423 Τότε
2448 5370 2627 5422 τοίνυν
2663 5370 2721 5421 ἐν
2751 5370 2996 5439 ἀγνωσία
3044 5368 3312 5440 μέλλομεν
3341 5370 3570 5439 διάγεινς
3596 5365 3665 5434 Μὴ

2132 5460 2374 5529 γένοιτοί
2416 5459 2576 5513 ’Λλλά
2605 5460 2733 5530 περὶ
2759 5463 2859 5531 τῆς
2880 5459 2973 5512 νῦν
2993 5459 3273 5528 γνώσεως,
3305 5460 3402 5529 τῆς
3419 5463 3481 5512 ἐκ
3503 5459 3667 5529 μέρους

2133 5552 2348 5620 εἴρηται
2402 5550 2571 5621 αὐτῷ,
2619 5550 2702 5604 ὅτι
2736 5551 3242 5621 καταργηθήσεται.
3297 5551 3410 5621 Τῆς
3455 5553 3557 5619 γὰρ
3592 5547 3668 5599 νῦν

2133 5644 2384 5711 γνώσεως
2416 5645 2480 5696 ἐκ
2500 5643 2701 5713 μέρους
2725 5642 2889 5712 οὔσης
2920 5643 3061 5697 ἐπὰν
3078 5642 3206 5713 ἔλθῃ
3229 5642 3455 5713 ήτελεία
3479 5642 3663 5711 γνῶσις.

2135 5733 2275 5804 αὕτη
2305 5736 2338 5806 η
2371 5737 2436 5788 ἐκ
2472 5736 2669 5807 μέρους
2702 5735 2855 5798 τέλος
2886 5734 3016 5800 ἕξει,
3045 5737 3111 5805 τῇ
3143 5737 3327 5808 τελείᾳ
3355 5735 3538 5806 γνώσει
3563 5746 3664 5786 κατ-

2138 5827 2476 5899 αργηυμένη.
2524 5829 2598 5881 Τὸ
2644 5829 2776 5883 αὐτὸ
2800 5829 2857 5883 δέ
2921 5846 3010 5900 μοι
3056 5831 3151 5883 καὶ
3201 5829 3328 5902 περὶ
3375 5825 3660 5901 προφητείιί
