3872 6582
162 416 262 481 83⁸1

1077 407 1464 471 ΟΟΜΜΕΝΤ.
1506 406 1587 467 IN
1628 403 1863 466 EPIST.
1909 404 1937 465 Ι
1973 406 2073 467 AD
2094 405 2453 471 CORINTH.

3321 418 3429 483 838

162 527 290 580 νόει.
326 544 346 577 ι
371 523 467 578 Ἐκ
490 521 688 593 μέρους
729 520 785 575 δὲ
803 519 1162 590 γινώσκομεν.
1196 536 1215 571 ι
1244 547 1314 557 -—-
1343 513 1544 589 [ΦΩΤῘΙ
1588 511 1736 568 ’Λντὶ

1845 516 2252 584 cognoscimus.
2297 518 2356 573 δὲ
2392 533 2493 590 pro
2540 520 2649 593 γὰρ
2684 521 2943 589 sumitur,
2986 531 3045 579 ut
3091 525 3166 581 sit
3207 543 3425 589 sensus.

160 616 278 679 τοῦ,
306 614 406 669 Ἐκ
430 613 634 684 μέρους
661 611 790 684 γάρ.
830 610 990 667 Altis
1022 610 1132 681 γάρ
1163 609 1279 663 ἐστι
1309 607 1405 661 τοῦ
1439 605 1582 661 διατι
1612 604 1742 675 μέλ-

159 709 311 760 λουσι
338 701 754 775 καταργηθῆναι
778 702 874 755 καὶ
894 699 1249 773 παύσασθαι.,

230 799 374 852 Ὅτε
401 795 567 866 ἤμην
596 795 834 862 νήπιος,
867 796 946 862 ὡς
966 794 1183 862 νήπιος
1209 792 1495 859 ἐλάλουν,
1524 793 1605 861 ὡς
1628 792 1741 862 νή-

161 906 296 955 πιος
310 888 633 957 ἐφρόνουν,
650 886 730 952 ὼς
750 885 970 955 νήπιος
990 882 1502 954 ἐλογιζόμην-,Ὅτε
1533 883 1604 938 δὲ
1639 884 1739 954 τέ-

160 999 308 1052 rora
338 978 515 1046 ἀνὴρ,
547 976 892 1046 κατήργηκα
921 976 995 1031 τὰ
1022 975 1128 1030 τοῦ
1149 976 1393 1043 νηπίου.
1427 973 1743 1046 Βλέπομεν

162 1075 273 1143 γὰρ
287 1072 423 1141 ἄρτι
449 1070 522 1125 δι’
550 1070 852 1138 ἐσόπτρου
870 1068 941 1123 ἐν
962 1069 1283 1138 αἰνίγματι,
1303 1068 1441 1122 τότε
1465 1066 1535 1120 δὲ
1552 1068 1742 1137 πρόσο

160 1180 326 1219 ωπον
352 1166 504 1232 πρὸς
525 1163 875 1231 πρόσωπον.
901 1162 1066 1231 Ἀρτι
1106 1160 1381 1231 γινώσκω
1402 1160 1475 1213 ἐκ
1492 1160 1739 1230 μέρους,

160 1262 295 1312 τότε
337 1256 407 1310 δὲ
434 1254 858 1325 ἐπιγνώσομαι,
900 1252 1093 1319 καθὼς
1127 1253 1225 1307 καί
1254 1251 1669 1321 ἐπεγνώσθην.

246 1349 468 1420 Ἐπειδὴ
496 1344 616 1402 εἷπε
645 1350 744 1417 τῆς
774 1346 985 1410 τελείας
1013 1345 1269 1414 γνώσεως
1300 1346 1604 1417 ἐρχομένης
1638 1345 1740 1417 τὴν

164 1442 400 1514 μερικὴν
446 1441 599 1504 τέλος
647 1439 812 1507 ἕξειν,
846 1440 944 1493 καὶ
991 1438 1392 1510 παραδείγματι
1439 1440 1601 1509 κυροῖ
1647 1438 1739 1494 τὸν

160 1536 343 1603 λόγον.
388 1534 537 1597 Ὅτε,
572 1532 761 1603 φησιν,
795 1532 945 1603 ήμην
977 1531 1169 1601 νήπιος
1205 1533 1337 1594 παῖς
1368 1533 1467 1601 τὴν
1498 1530 1736 1601 ἡλικίαν,

159 1628 341 1682 πάντα
385 1629 553 1695 νήπια
590 1620 758 1694 εἶχον,
790 1625 885 1676 καὶ
928 1624 990 1675 τὸ
1025 1622 1227 1689 λαλεῖν,
1262 1622 1358 1676 καὶ
1395 1621 1457 1676 τὸ
1497 1624 1738 1692 φρονεῖν,

159 1722 256 1775 καί
280 1718 346 1773 τὸ
389 1716 724 1787 λογίζεσθαι.
754 1717 885 1770 Ὅτε
931 1714 988 1769 δὲ
1037 1715 1175 1787 ἀνὴρ
1204 1716 1426 1785 γέγονα,
1457 1715 1741 1788 ἀπέρριψαι

157 1814 230 1866 τὶ
256 1811 363 1882 τῆς
397 1811 741 1883 νηπιότητος.
788 1807 978 1872 Οὕτως
1023 1808 1118 1862 καὶ
1150 1808 1244 1862 ἐπὶ
1289 1809 1399 1862 τῶν
1434 1825 1739 1880 πνευματι-

159 1904 300 1968 κῶν,
331 1903 486 1973 φησί.
519 1901 633 1955 Νῦν
659 1900 830 1972 νηπία
860 1901 1009 1955 ἐστὶν
1031 1901 1161 1971 ἡμῖν
1182 1902 1215 1969 ἡ
1243 1900 1467 1967 γνῶσις,
1494 1902 1621 1956 ἐπεὶ
1643 1901 1738 1956 καὶ

158 2000 326 2070 ἡμεῖς
357 1996 539 2067 νήπιοι
571 1997 761 2064 ἐσμεν.
798 1993 968 2046 Ὅταν
989 1992 1170 2046 τοίνυν
1200 1994 1397 2046 τέλειοι
1423 1992 1734 2064 γενώμεθα,

157 2090 187 2144 ὃ
240 2092 392 2143 ἐστιν
435 2090 492 2141 ὲν
520 2087 600 2157 τῷ
649 2086 891 2157 μέλλοντι
941 2085 1139 2156 χρόνῳ,
1183 2079 1363 2140 πάντα
1394 2085 1462 2140 τὰ
1490 2085 1737 2157 νηπιώδη

156 2181 570 2253 ἀπορρίψομεν.
632 2178 938 2249 Νηπιότητι
994 2177 1102 2249 γὰρ
1157 2176 1339 2231 ἔοικεν
1398 2178 1431 2248 ἡ
1484 2175 1739 2249 παροῦσα

157 2274 367 2341 γνῶσις
403 2270 494 2326 καὶ
529 2269 835 2340 προφητεία
864 2267 958 2321 καὶ
1001 2265 1267 2329 πολιτεία,
1301 2266 1440 2347 πρὸς
1476 2264 1574 2337 τὴν
1611 2265 1741 2337 μέλ-

158 2366 387 2420 λουσαν.
421 2383 442 2416 ι
481 2364 568 2426 Ὠς
600 2366 792 2431 νήπιος
817 2360 1062 2417 ἐλάλουν.
1102 2378 1124 2412 ι
1166 2360 1255 2423 Ὠς
1285 2358 1423 2430 πρὸς
1441 2359 1539 2422 τὰς
1562 2357 1742 2428 γλώσ-

159 2477 269 2521 σας
290 2458 375 2522 τὸ,
416 2475 437 2509 ι
479 2455 756 2514 Ἑλαλουν.
800 2471 819 2505 ι
852 2452 927 2516 ώς
969 2452 1109 2523 πρὸς
1139 2451 1241 2516 τὰς
1275 2450 1615 2524 προφητείας
1653 2452 1734 2518 τὸ,

163 2571 185 2604 ι
207 2550 526 2619 Ἐφρόνουν,
567 2566 586 2600 ι
637 2546 715 2611 ὡς
767 2544 903 2615 πρὸς
933 2545 1031 2616 τὴν
1061 2544 1263 2614 γνῶσιν
1288 2544 1371 2610 τὸ,
1397 2564 1416 2597 ι
1467 2544 1736 2613 Ἑλογιζό-

159 2660 295 2713 μην.
327 2658 454 2693 ι-ι
482 2639 758 2709 Βλέπομεν
782 2637 890 2707 γὰρ
916 2635 1042 2708 ἄρτι
1076 2636 1142 2689 δι’
1172 2636 1458 2707 ἐσόπτρου.
1503 2654 1523 2689 ι
1557 2636 1739 2708 Σαφη-

155 2734 304 2799 νίζει
335 2735 399 2787 τὸ
424 2732 713 2805 εἰρημένον
734 2729 867 2803 περὶ
890 2728 985 2783 τοῦ
1017 2730 1235 2801 νηπίου,
1266 2728 1357 2783 καὶ
1396 2728 1541 2783 Θέλει
1567 2728 1737 2795 δεῖξαι

156 2828 248 2882 ὃτι
301 2825 525 2897 ἀμυδρά
574 2825 657 2889 τίς
696 2825 848 2877 ἐστιν
875 2824 1008 2894 ἡμῖν
1034 2823 1160 2893 ἄρτι
1184 2824 1218 2893 ἡ
1248 2823 1470 2892 γνῶσις,
1522 2822 1643 2877 τότε
1680 2823 1738 2877 δὲ

156 2921 469 2994 τρανοτέρα
490 2919 665 2973 ἔσται.
696 2936 716 2970 ι
740 2917 1026 2987 Βλέπομεν
1048 2918 1159 2989 γὰρ
1178 2917 1325 2988 ἄρτι,
1359 2917 1513 2988 φησι,
1532 2915 1602 2971 δι’
1618 2918 1741 2971 ἐσό-

156 3029 360 3084 πτρου.
394 3030 414 3063 ι
442 3009 573 3066 Εἷτα
638 3009 826 3081 ἐπειδὴ
904 3008 965 3063 τὺ
1033 3008 1298 3079 ἔσοπτρον
1354 3008 1737 3078 ὲκτυπώτερον

155 3107 404 3160 δείκνυσι
445 3103 543 3158 τοῦ
587 3102 990 3174 ὲμφαινομένου
1040 3102 1142 3173 τὴν
1170 3102 1463 3174 μίμησιν,
1504 3104 1740 3175 προστέ-

156 3200 311 3253 θεικε
352 3197 435 3260 τὸ,
474 3216 493 3249 ι
542 3197 631 3250 Ἑν
679 3195 984 3265 αἰνίγματι,
1026 3213 1046 3247 ι
1094 3194 1311 3259 δεικνὺς
1359 3194 1737 3266 ἀμυδροτέραν
1765 3220 1808 3279 c

157 3284 302 3345 εἶναι
336 3289 437 3358 τὴν
466 3286 561 3341 νῦν
592 3285 854 3341 δοκοῦσαν
886 3285 1234 3358 τελειοτάτην
1262 3282 1465 3354 γνῶσιν
1516 3286 1612 3341 καὶ
1642 3286 1736 3341 τοῦ

155 3385 217 3437 ἰν
246 3383 504 3450 ἐσόπτρῳ
537 3378 975 3450 προφαινομένου
1006 3377 1352 3451 πράγματος.
1382 3398 1401 3429 ι
1439 3379 1738 3449 Πρόσωπον

156 3474 299 3545 πρὸς
331 3472 643 3542 πρόσωπον.
674 3487 695 3523 ι
733 3471 846 3541 Οὐχ
878 3469 955 3534 ώς
983 3469 1299 3541 σωματικόν
1328 3487 1382 3523 τι
1414 3469 1447 3541 ἦ
1480 3469 1739 3540 αἰσθητὸν

153 3566 454 3636 πρόσωπον
502 3562 596 3616 τοῦ
631 3562 765 3616 Θεοῦ
799 3562 1035 3631 ἔχοντος,
1075 3560 1214 3615 ἀλλὰ
1257 3561 1358 3632 τὴν
1400 3562 1739 3634 τρανοτέραν

154 3659 254 3714 καὶ
279 3655 623 3726 σαφεστέραν
642 3654 864 3724 γνῶσιν,
891 3656 959 3724 τῇ
990 3653 1133 3721 λέξει
1158 3653 1252 3708 τοῦ
1274 3655 1568 3727 προσώπου
1598 3672 1739 3727 παρα

157 3755 345 3822 εστησι
380 3749 679 3820 τροπικῶς.
734 3748 806 3801 Ἥ
837 3746 998 3801 τοῦτο
1028 3747 1140 3801 νόει
1173 3765 1263 3819 μοι
1298 3750 1429 3820 περὶ
1472 3730 1567 3803 τοῦ
1607 3748 1736 3803 Υίοῦ

153 3842 253 3897 τοῦ
291 3840 502 3912 Κυρίου
553 3838 712 3909 ἡμῶν
774 3838 951 3910 Ἰησοῦ
1018 3838 1258 3907 Χριστοῦ
1307 3839 1472 3893 αὐτὸν
1531 3839 1734 3909 λέγειν.
1780 3906 1785 3912 ἱ

163 3954 185 3986 ι
222 3935 360 3987 Τότε
409 3932 468 3985 δὲ
513 3928 908 4000 ἐπιγνώσομαι.
947 3948 968 3981 ι
1006 3930 1141 3997 Νῦν,
1173 3930 1361 4001 φησιν,
1421 3932 1487 3985 ἐκ
1536 3931 1739 4003 μέρους

152 4025 324 4079 αὑτὸν
373 4020 649 4091 γινώσκω,
687 4020 808 4075 τότε
847 4020 905 4073 δὲ
934 4019 1106 4083 οὕτως
1156 4022 1321 4075 αὐτὸν
1365 4022 1738 4094 ἐπιγνώσομαι

152 4119 254 4172 καὶ
285 4115 535 4185 ποθήσω,
565 4112 752 4182 ὥσπερ
777 4110 872 4167 νῦν
901 4112 1060 4175 αὐτός
1094 4129 1163 4183 με
1201 4112 1439 4182 ἐπέγνω.
1470 4112 1587 4166 Νῦν
1624 4113 1738 4183 γὰρ

152 4210 319 4280 ἡμεῖς
365 4205 469 4277 μὲν
523 4204 686 4258 αὑτὸν
735 4203 836 4256 οὐκ
883 4202 1274 4274 ὲγινώσκομεν,
1327 4204 1493 4268 αὐτὸς
1534 4203 1592 4258 δὲ
1641 4206 1739 4259 καὶ

152 4300 403 4367 ἐπέγνω,
446 4294 706 4367 καὶπρὸς
752 4293 943 4348 ἑαυτὸν
971 4294 1213 4350 εἵλκυσε.
1263 4295 1397 4349 Τότε
1437 4294 1547 4366 γὰρ
1575 4297 1740 4367 ἡμεῖς

150 4392 327 4446 αὐτὸν
357 4388 454 4443 καὶ
483 4386 925 4457 ἐπιγνωσόμεοα,
961 4387 1056 4440 καὶ
1082 4386 1540 4459 ὲπιδραμούμεθα
1564 4388 1736 4460 αὐτῷ,

149 4484 255 4553 τῆς
306 4479 651 4551 γλυκύτητος
701 4479 867 4532 αὑτοῦ
910 4478 1245 4550 τρανοτέραν
1282 4481 1479 4552 πεῖραν
1526 4480 1740 4551 λαμὸά.

1840 603 2020 660 Causa
2052 607 2201 661 enim
2247 623 2348 664 cur
2394 611 2678 668 abolendae
2722 614 2833 670 sint
2878 623 2933 672 et
2978 628 3279 677 cessatura
3322 633 3430 693 est,

1841 695 1969 765 quia
2004 696 2341 767 imperfecta:
2363 710 2516 757 sunt.

1912 785 2055 851 XIII,
2085 789 2177 854 ll,
2207 790 2297 847 02.
2337 790 2475 848 Cum
2509 794 2692 864 infans
2721 812 2909 865 essem,
2941 809 2999 853 ut
3027 799 3211 869 infans
3247 803 3429 877 loque-

1841 873 1960 940 bar,
1998 887 2057 930 ιιι
2109 879 2291 948 infans
2335 883 2647 954 sentiebam,
2679 896 2737 941 ιιι
2768 888 2950 960 infans
2992 894 3292 964 cogitabam
3313 873 3340 950 ’ξ
3372 906 3430 952 at

1839 969 1932 1021 ubi
1988 968 2166 1038 [actus
2221 990 2338 1027 sum
2399 976 2512 1043 vir,
2560 979 2763 1034 aboleri
2809 982 3107 1053 infontilt'a.
3153 988 3429 1046 Cernimus

1841 1061 1999 1120 enim,
2025 1078 2167 1116 nunc
2204 1079 2298 1131 per
2339 1069 2609 1135 speculum
2653 1072 2708 1125 in
2747 1075 3053 1144 (enigmata,
3085 1087 3210 1133 tunc
3250 1090 3428 1135 autent

1839 1151 1980 1221 facie
2005 1154 2074 1207 ad
2098 1154 2309 1223 faciem.
2344 1156 2504 1215 Nunc
2527 1177 2783 1232 cognosco
2806 1181 2873 1219 ea:
2894 1179 3065 1237 parte,
3092 1180 3217 1225 tunc
3251 1184 3427 1229 autem

1839 1260 2158 1317 cognoscam
2185 1250 2322 1304 sicut
2348 1261 2399 1305 et
2424 1256 2664 1324 cognitus
2692 1274 2829 1312 sum.
3434 1268 3441 1273 ’
3476 1322 3479 1327 ,

1909 1339 2179 1407 Quoniam
2207 1345 2344 1400 dixit
2376 1352 2796 1417 superveniente
2826 1352 3067 1424 perfecta
3110 1360 3427 1429 cognitione

1842 1432 2002 1489 llnrm
2059 1436 2368 1493 habituram
2409 1455 2527 1495 eam
2571 1458 2693 1513 quas
2730 1453 2817 1500 est
2853 1461 2918 1502 es
2969 1457 3143 1519 parte,
3180 1454 3429 1523 exemplo

1839 1540 2061 1597 quoque
2105 1543 2413 1586 sermonem
2468 1535 2778 1592 confirmat.
2816 1538 2952 1594 Cum
2989 1556 3191 1607 essem,
3223 1544 3424 1615 inquit,

1841 1615 2026 1672 infans
2067 1628 2163 1674 aut
2206 1636 2342 1691 puer
2371 1630 2554 1692 atate,
2583 1629 2767 1681 omnia
2817 1628 3083 1686 habebam
3122 1633 3425 1702 infantilis,

1840 1716 1897 1763 et
1927 1710 2199 1780 loquelam
2228 1723 2285 1769 et
2312 1731 2532 1772 sensum
2576 1729 2630 1774 et
2662 1721 3044 1793 cogitationem
3082 1742 3096 1779 :
3133 1736 3188 1780 at
3220 1730 3309 1783 ubi
3347 1728 3428 1784 fa-

1840 1810 1965 1858 ctus
2004 1818 2129 1859 sum
2162 1805 2265 1872 vir,
2296 1808 2473 1878 abjeci
2513 1811 2807 1866 infantilia.
2848 1814 2927 1869 Ita
2953 1825 3006 1871 et
3038 1816 3091 1871 in
3121 1819 3428 1888 spirituali-

1844 1896 1971 1959 bus,
2020 1897 2200 1967 inquit
2245 1916 2260 1953 :
2309 1916 2453 1956 nunc
2496 1903 2768 1961 infantilis
2816 1918 2901 1963 cst
2951 1910 3111 1966 nobis
3160 1912 3426 1982 cognitio,

1844 1990 2104 2060 quoniam
2148 2003 2202 2047 et
2246 2007 2349 2049 nos
2396 1996 2633 2054 infantes
2677 2015 2889 2055 sumus.
2944 2002 3012 2056 At
3063 2004 3153 2059 ubi
3200 2006 3428 2076 perfecti

1844 2077 2134 2146 fuerimus,
2165 2084 2312 2152 quod
2340 2086 2446 2140 erit
2474 2088 2528 2141 in
2566 2089 2752 2145 futuro
2778 2093 3004 2159 saeculo,
3029 2096 3212 2149 omnia
3246 2096 3429 2152 infan-

1845 2171 1962 2226 tilia
1993 2174 2339 2245 abjiciemus.
2388 2178 2523 2233 Nam
2556 2181 2802 2239 infantiae
2835 2184 3035 2241 similis
3071 2195 3153 2243 est
3180 2204 3427 2259 praesens

1844 2264 2092 2333 cognitio
2118 2275 2175 2321 et
2206 2269 2495 2337 prophetia
2522 2279 2577 2326 et
2608 2264 2979 2342 conversatio,
3016 2277 3062 2332 si
3109 2279 3428 2335 conferatur

1845 2354 1913 2408 ad
1948 2354 2210 2411 futuram.
2249 2377 2269 2411 ι
2317 2357 2389 2414 Ut
2423 2360 2604 2419 infans
2632 2366 2911 2435 loquebar.
2963 2386 2981 2420 ι
3012 2367 3082 2425 Ut
3112 2370 3179 2426 ad
3211 2373 3430 2443 linguas

1843 2447 2120 2503 referatur
2168 2468 2188 2503 ι
2235 2450 2544 2522 Loqucbar,
2593 2473 2613 2509 ι
2666 2457 2733 2512 ad
2774 2461 3088 2531 prophetias
3143 2484 3162 2516 ‹
3209 2463 3427 2521 Semir-

1844 2540 1970 2595 bam
2018 2560 2037 2592 ι
2078 2557 2143 2598 ac
2173 2545 2461 2601 scientiam
2500 2565 2521 2600 ι
2559 2548 2902 2621 Cogitabam,
2950 2572 2968 2605 ι
3010 2557 3126 2611 sive
3158 2575 3177 2608 ι
3225 2556 3427 2614 Consi-

1845 2630 2130 2687 dcrabam.
2175 2653 2195 2687 ι
2222 2665 2293 2681 -
2327 2654 2349 2689 ι
2388 2635 2679 2695 Cernimus
2727 2642 2869 2695 cnim
2915 2659 3063 2699 nunc
3112 2660 3205 2710 per
3234 2663 3428 2718 specu-

1846 2724 1980 2779 Inm.
2032 2744 2051 2778 ι
2107 2725 2379 2798 Explanat
2439 2732 2584 2801 quod
2650 2733 2717 2788 de
2783 2733 2993 2791 infante
3050 2737 3258 2792 dictum
3318 2750 3425 2809 est,

1845 2819 2071 2889 vultque
2103 2821 2398 2878 ostendere
2431 2824 2579 2894 quod
2607 2840 2754 2881 nunc
2783 2826 3017 2883 obscura
3049 2832 3292 2900 quaedam
3322 2849 3425 2889 nu-

1846 2907 1931 2963 bis
1973 2916 2057 2964 est
2102 2912 2365 2980 cognitio,
2403 2924 2534 2969 tunc
2562 2924 2743 2969 autem
2782 2918 2955 2988 magis
2984 2922 3270 2990 perspirua
3300 2926 3423 2978 erit.

1849 3019 1871 3052 ι
1902 3001 2193 3059 Cernimus
2216 3006 2360 3059 enim
2388 3022 2553 3070 nunc,
2589 3012 2687 3070 ait,
2708 3024 2804 3076 per
2833 3013 3135 3079 speculum.
3175 3031 3194 3065 ι
3219 3014 3427 3070 Deinde

1846 3094 1974 3162 quia
2027 3098 2315 3164 speetilnm
2366 3098 2506 3153 bene
2552 3100 2838 3170 etligiatam
2887 3104 3127 3158 ostendit
3178 3106 3254 3159 rei
3304 3124 3425 3177 qua:

1846 3195 2072 3254 apparet
2113 3189 2501 3253 imitationem,
2538 3192 2691 3246 addit
2726 3210 2742 3246 :
2774 3210 2794 3243 ι
2841 3190 2897 3246 In
2928 3195 3238 3265 arnigmate,
3288 3216 3308 3249 ι
3341 3199 3425 3252 in-

1842 3277 2077 3334 sinuans
2116 3281 2288 3350 magis
2334 3290 2554 3338 tenuem
2601 3299 2667 3340 ac
2709 3285 3089 3341 obscuriorem
3127 3305 3250 3344 esse
3279 3306 3421 3356 eam,

1840 3386 1963 3441 quas
1987 3387 2137 3426 nunc
2163 3373 2570 3442 perfectissima
2598 3377 2814 3431 videtur
2839 3378 3233 3448 cognitionem,
3255 3382 3420 3437 etiam

1841 3460 1934 3515 illa
1969 3476 2027 3518 re
2054 3476 2178 3532 quae
2199 3473 2426 3533 apparet
2459 3464 2513 3518 in
2544 3465 2785 3534 speculo.
2822 3484 2842 3518 ι
2874 3464 3037 3521 Facie
3068 3467 3134 3519 ad
3168 3465 3419 3523 faciem.)

1839 3553 1959 3609 Non
1984 3554 2130 3626 quod
2166 3554 2310 3610 Deus
2340 3558 2678 3626 corporalem
2707 3557 2946 3628 aliquam
2974 3566 3067 3611 aut
3100 3560 3421 3615 sensibilcm

1843 3646 2043 3703 habeat
2073 3647 2258 3713 tidem,
2293 3648 2387 3704 sed
2423 3649 2715 3704 clariorem
2754 3664 2818 3704 ac
2858 3649 3291 3705 manifestinrem
3323 3668 3420 3707 co-

1841 3740 2146 3811 gnitionem
2179 3755 2281 3809 per
2310 3741 2606 3796 dictionem
2642 3739 2836 3797 Facies
2878 3742 3164 3812 flgurativc
3194 3744 3422 3799 demon-

1840 3840 2004 3889 surat.
2051 3833 2161 3887 Aut
2202 3833 2305 3888 hoc
2337 3833 2470 3888 mihi
2506 3834 2747 3905 intellige
2781 3833 2849 3889 de
2882 3832 3021 3889 Filio
3056 3834 3289 3891 Domino
3322 3852 3423 3891 no-

1841 3932 1960 3981 stro
2016 3924 2149 3982 Jesu
2218 3926 2445 3985 Christo
2505 3928 2685 3998 ipsum
2743 3928 2918 3999 loqui.
2971 3946 2990 3981 ι
3037 3926 3191 3983 Tunc
3238 3937 3420 3984 autem

1839 4033 2195 4089 cognoscam.
2241 4036 2260 4070 ι
2314 4017 2491 4080 Nunc.
2538 4019 2739 4089 inquit,
2786 4035 2851 4075 ex
2896 4028 3049 4089 parte
3096 4019 3273 4090 ipsum
3327 4035 3421 4074 co-

1839 4125 2066 4181 gnosco,
2100 4120 2231 4165 tunc
2272 4125 2404 4165 vero
2454 4110 2529 4164 ita
2587 4126 2711 4165 eum
2768 4110 2929 4181 552
2978 4125 3303 4181 cognoscam
3357 4127 3422 4168 ac

1839 4203 2253 4273 concupiscam,
2283 4202 2745 4272 quemadmodum
2782 4203 2899 4270 ipse
2928 4217 3076 4256 nunc
3102 4217 3189 4257 me
3217 4218 3423 4274 cogno-

1839 4295 1970 4354 scit.
1996 4294 2154 4350 Nunc
2179 4294 2326 4351 enim
2359 4309 2463 4349 nos
2509 4309 2634 4349 eum
2681 4309 2789 4348 non
2834 4296 3323 4365 cognoscebamus,
3365 4305 3421 4351 at

1838 4390 1959 4461 ipse
1996 4390 2252 4460 cognovit
2282 4403 2382 4443 nos
2412 4396 2467 4443 ct
2497 4388 2561 4443 ad
2594 4403 2654 4444 se
2683 4388 2913 4443 attrahit
2946 4410 2958 4443 :
2994 4396 3127 4443 tunc
3159 4404 3287 4444 vero
3321 4406 3423 4446 nos

1839 4498 1965 4539 eum
2003 4497 2403 4554 cognoscemus
2436 4488 2490 4537 et
2521 4497 2875 4537 accurremus
2907 4480 2985 4535 “ad
3021 4497 3167 4546 cum,
3201 4497 3424 4537 Slllllf‘ll-

150 4592 365 4639 νοντες.
393 4573 563 4626 Τοῦτο
592 4572 649 4626 δὲ
676 4570 869 4637 εἰπὼν,
919 4572 1174 4644 καθαιρεί
1216 4573 1397 4627 αὐτῶν
1437 4573 1498 4627 τὸ
1546 4574 1639 4628 ἐπὶ
1667 4577 1734 4646 τῇ

1845 4584 1930 4631 tes
1962 4575 2253 4630 clariorem
2296 4572 2606 4629 dulcedinis
2655 4572 2824 4642 ipsius
2858 4572 3277 4643 experientiam.
3308 4571 3423 4628 lloc

149 4668 359 4736 γνώσει
383 4663 660 4733 φρόνημα,
690 4661 905 4724 δεικνὺς
940 4665 1036 4715 καὶ
1065 4662 1299 4732 μερικὴν
1332 4658 1473 4715 εῖναι
1498 4663 1599 4732 τὴν
1637 4662 1736 4719 νῦν

147 4760 384 4827 γνῶσιν,
420 4755 517 4809 καὶ
566 4753 772 4823 ταύτην
825 4753 997 4823 αὐτὴν
1027 4753 1128 4806 οὐκ
1183 4752 1242 4817 ἐξ
1289 4752 1467 4824 ἡμῶν,
1507 4753 1626 4807 ἀλλ’
1669 4757 1736 4809 ὲκ

147 4847 292 4902 Θεοῦ
330 4848 467 4917 ἡμῖν
497 4843 750 4913 γενέσθαι
781 4842 1012 4914 δωρεὰν,
1046 4843 1143 4897 καὶ
1172 4842 1297 4913 δίχα
1326 4842 1507 4897 πόνων
1535 4844 1738 4915 ἡμετέ-

148 4958 285 5014 ρων.
317 4937 492 5001 Αὐτὸς
524 4937 653 5008 γὰρ,
684 4936 872 5007 φησιν,
893 4937 1042 5006 ἡμᾶς
1072 4933 1169 4989 καὶ
1188 4935 1428 5005 ἐπέγνω,
1470 4937 1566 4990 καὶ
1595 4937 1734 5007 πρὸς

145 5033 350 5087 ἑαυτὸν
396 5031 638 5085 εἵλκυσε.
679 5047 699 5081 ι
740 5027 939 5093 Καθὼς
977 5027 1074 5087 καὶ
1109 5027 1484 5099 ἐπεγνώσθην.
1524 5047 1544 5081 ι
1588 5030 1736 5083 ’Δντὶ

144 5125 269 5188 τοῦ,
290 5121 540 5194 ἀκριϐῶς
569 5121 666 5176 καὶ
692 5120 1074 5185 τελείως.Ἐπὶ
1098 5120 1276 5191 τούτῳ
1304 5120 1436 5191 γὰρ,
1457 5121 1614 5193 φησὶ,
1643 5123 1736 5176 καὶ

144 5219 251 5289 τὴν
271 5216 453 5286 ἀρχὴν
469 5211 582 5282 ἐγὼ
607 5211 978 5284 ἐπεγνώσθην,
1004 5210 1092 5266 ἵνα
1122 5211 1216 5267 καὶ
1237 5212 1398 5277 αὐτὸς
1413 5211 1736 5284 γνώσωμαι,

142 5308 341 5371 καθώς
372 5308 522 5359 ἐστιν
548 5303 822 5376 ἀνθρώπῳ
853 5303 1098 5371 δυνατὸν,
1118 5303 1339 5369 τελείως
1366 5304 1462 5360 καὶ
1491 5305 1735 5377 ἀκριϐῶς

143 5399 247 5454 τὸν
284 5396 581 5466 δπιγνόντα
620 5412 689 5468 με
722 5395 1020 5468 Δεσπότην.

222 5584 375 5639 Νυνὶ
408 5582 478 5637 δὲ
499 5582 692 5653 μένει,
726 5581 952 5649 πίστις,
993 5580 1188 5647 ἐλπὶς,
1215 5581 1439 5653 ἀγάπη,
1485 5583 1558 5637 τὰ
1600 5585 1733 5653 τρία

140 5675 364 5731 ταῦτα.
395 5674 622 5735 Memor
659 5674 728 5729 δὲ
755 5676 987 5730 τούτων
1018 5674 1056 5743 ἡ
1086 5674 1310 5745 ἀγάπη.
1342 5675 1592 5730 Διώκετε
1618 5676 1736 5745 τὴν

139 5767 417 5837 ἀγκίπην.
462 5765 711 5835 ζηλοῦτε
742 5766 811 5821 δὲ
855 5766 929 5821 τὰ
974 5767 1365 5836 πνευματικὰ,
1398 5764 1643 5837 μᾶλλον
1666 5769 1734 5823 δὲ

140 5859 258 5913 ἵνα
291 5858 721 5928 προφητεύητε.
740 5858 802 5912 '0
829 5861 936 5930 γὰρ
966 5856 1173 5917 λαλῶν
1199 5856 1472 5929 γλώσσῃ,
1496 5860 1607 5914 οὐκ
1629 5858 1733 5915 άν-

1844 4674 2031 4723 autem
2060 4667 2250 4723 dicens
2291 4666 2434 4720 tollit
2464 4664 2665 4721 fastum
2690 4680 2878 4721 eorum
2908 4680 3067 4736 quem
3097 4660 3164 4719 de
3195 4665 3422 4721 scientia

1844 4756 2141 4820 habebant,
2187 4754 2484 4812 ostendens
2543 4761 2597 4811 et
2648 4769 2713 4810 ex
2761 4763 2918 4825 parte
2964 4769 3087 4810 esse
3132 4754 3418 4810 scientiam

1842 4864 2008 4921 quam
2042 4863 2189 4904 nunc
2228 4848 2513 4911 habemus,
2541 4855 2594 4901 ει
2632 4845 2776 4916 quod
2818 4845 2960 4899 hanc
2999 4845 3174 4913 ipsam
3208 4859 3315 4899 non
3353 4862 3419 4900 cx

1843 4941 2006 4997 nobis
2035 4940 2359 5005 habeamus,
2388 4940 2482 4995 sed
2519 4953 2547 4991 a
2583 4936 2698 4992 Deo
2725 4938 2894 5007 gratis
2925 4938 3208 5007 contingat
3239 4938 3417 5004 nobis,

1842 5046 1908 5088 ac
1955 5032 2075 5089 sine
2129 5031 2336 5086 nostris
2383 5028 2683 5084 laboribus.
2717 5027 2851 5081 Nam
2902 5027 3019 5097 ipse
3063 5036 3116 5083 et
3164 5030 3419 5099 cognorit

1839 5138 1945 5180 nos
1972 5135 2028 5179 et
2058 5122 2125 5178 ad
2157 5137 2216 5177 se
2243 5120 2489 5176 attraxit.
2528 5138 2548 5171 ι
2596 5118 2750 5175 Sicut
2796 5125 2850 5174 ει
2899 5119 3155 5190 cognitus
3202 5136 3343 5176 sum.
3393 5140 3412 5174 ι

1842 5216 1960 5273 Hoc
2005 5225 2113 5282 est,
2149 5222 2343 5271 exacte
2392 5228 2457 5268 ac
2501 5211 2759 5284 perfecte.
2789 5211 2871 5266 Ad
2912 5212 3013 5267 hoc
3043 5212 3186 5268 enim
3216 5228 3317 5284 ego
3349 5212 3419 5268 ab

1841 5309 1998 5366 initio
2030 5307 2284 5379 cognitus
2315 5321 2459 5368 sum,
2490 5313 2550 5359 ut
2582 5311 2636 5360 et
2671 5304 2789 5375 ipse
2829 5318 3243 5375 cognoscerem,
3274 5304 3417 5358 sicut

1840 5400 2051 5457 homini
2097 5396 2360 5470 possibile
2399 5403 2505 5462 est,
2545 5395 2782 5466 perfecte
2812 5405 2867 5451 et
2894 5402 3088 5451 exacte
3123 5393 3411 5449 Dominum

1841 5493 1937 5564 qui
1968 5505 2054 5547 me
2085 5491 2363 5559 cognovit,
2394 5487 2570 5544 sicuti-
2598 5487 2811 5543 homini
2846 5486 3112 5558 possibile
3141 5492 3246 5541 est.

1908 5584 2052 5651 XIII,
2106 5583 2201 5650 13;
2249 5581 2391 5648 XIV,
2444 5581 2559 5635 1-4.
2604 5578 2765 5635 Nunc
2812 5590 2989 5633 autem
3034 5586 3213 5633 manet
3254 5576 3406 5645 ﬁdes,

1840 5692 1977 5746 spes,
2007 5675 2262 5740 charitus,
2298 5675 2406 5727 tria
2435 5674 2565 5739 Ιιωσ,
2597 5671 2687 5727 sed
2717 5672 2955 5727 maxima
2982 5670 3037 5723 in
3069 5667 3150 5723 his
3183 5676 3261 5722 est
3286 5669 3411 5723 cho-

1839 5770 1994 5825 ritas.
2031 5767 2313 5825 Sectemim'
2347 5768 2684 5831 charitatcm,
2713 5762 3043 5820 cmufamim'
3084 5770 3259 5816 autem
3297 5761 3410 5831 spi-

1839 5861 2083 5928 ritualio,
2117 5859 2286 5930 magis
2319 5868 2492 5914 tamen
2537 5867 2593 5913 ut
2637 5853 2976 5928 prophetetis.
3018 5850 3157 5913 Nam
3195 5853 3290 5927 qui
3333 5852 3413 5909 fo-
