3872 6570
214 425 338 489 835

1182 431 1566 492 COMMENT.
1608 431 1689 492 ΙΝ
1729 433 1967 495 EPIST.
2002 435 2027 492 Ι
2061 435 2160 494 AD
2189 434 2546 495 CORIN'l‘H.

3376 438 3485 501 826

218 547 366 602 ἀλλὰ
421 542 517 597 καὶ
544 542 719 597 ἄθλιοι
763 541 1063 607 παντελῶς,
1091 543 1168 607 ὼς
1199 547 1395 600 ἐκεῖνοι
1426 549 1474 601 oi
1524 547 1793 616 λέγοντες,

1917 547 2032 603 uino
2095 557 2446 618 acceperunt.
2507 546 2573 602 Et
2620 547 2751 618 quid
2792 546 2915 604 dico
2985 547 3316 605 inferiores?
3372 547 3487 604 luto

229 659 257 693 α
291 638 476 708 Κύριε,
507 636 566 690 οὐ
595 634 673 706 τῷ
699 635 776 706 σῷ
823 637 1045 706 ὀνόματι
1075 637 1204 691 τάδε
1234 640 1329 694 καὶ
1375 640 1500 694 τάδε
1532 642 1797 710 ἐποιήσα-

232 747 413 800 μενςι
470 722 567 790 Οἷς
637 729 873 782 ἀπεῖπεν
915 729 944 780 ὁ
998 730 1278 799 Δεσπότης
1316 770 1332 796 ,
1413 733 1551 803 μήτε
1597 734 1800 788 είδὲναι

228 821 429 883 αὐτούς
471 836 620 872 ποτε.
652 820 728 872 Οὐ
759 820 865 887 γὰρ
909 820 1089 884 καλῶς
1153 824 1461 893 ἐχρήσαντο
1518 825 1598 895 τῷ
1646 827 1803 895 χαρί-

234 930 423 984 σματι,
457 911 591 964 ἀλλὰ
648 913 741 964 καὶ
786 914 1093 981 ἀποχωρεῖν
1123 914 1264 967 κατά
1300 916 1544 985 κεφαλὴν
1572 918 1805 971 ἐπέτατ-

229 1025 348 1066 τεν.
376 1000 481 1069 οἶος
506 1001 574 1076 ἦν
627 1007 722 1059 καὶ
749 1008 777 1059 ὁ
819 1005 892 1075 μὴ
931 1006 1248 1060 ἀκολουθῶν
1302 1008 1380 1079 τῷ
1428 1009 1649 1078 Χριστῷ
1705 1010 1802 1065 καὶ

234 1103 439 1169 σημεῖα
476 1100 663 1162 ποιῶν,
696 1091 808 1161 οἷος
836 1099 998 1161 αὐτὸς
1025 1101 1054 1151 ὁ
1089 1099 1307 1162 Ἰούδας.
1342 1101 1516 1163 Αὐτὸς
1538 1102 1595 1155 δὲ
1629 1102 1801 1154 ταῦτα

235 1193 342 1259 μὲν
368 1190 496 1249 τέως
518 1190 577 1243 οὐ
616 1190 929 1259 καταλέγει,
965 1192 1072 1242 ἀπὸ
1102 1193 1208 1245 τῶν
1240 1193 1566 1261 σωματικῶς
1587 1192 1632 1245 δ’
1653 1196 1805 1261 είρηο

236 1281 417 1351 μένων
460 1280 630 1350 αὐτῷ,
680 1282 1078 1343 κατασκευάζει
1134 1281 1440 1347 καὶτοῦτο,
1482 1284 1563 1335 ὅτι
1591 1284 1804 1354 ἀνάγκη

238 1372 457 1441 μείζους
488 1373 731 1439 νομίζειν
777 1373 904 1436 τοὺς
959 1373 1341 1442 λογιζομένους
1372 1373 1555 1441 μεῖζον
1584 1375 1806 1444 εἰληφέ-

237 1480 332 1517 ναι
382 1464 642 1532 χάρισμα,
701 1460 1012 1515 τούναντίον
1058 1461 1102 1512 δ’
1134 1460 1247 1513 ἔσθ’
1276 1462 1365 1515 ὅτε
1401 1461 1494 1514 καὶ
1525 1461 1803 1524 ἐλάττους.

231 1555 377 1624 Φησὶ
417 1553 523 1623 γὰρ
550 1553 632 1605 ὅτι
661 1554 772 1615 τοῖς
820 1554 1124 1621 ἀσχήμοσιν
1176 1551 1332 1623 ήμῶν
1394 1552 1806 1623 εὐσχημοσύνην

232 1647 632 1716 περισσοτέραν
684 1645 1094 1714 περιτιθέαμεν.
1153 1662 1246 1699 και
1305 1648 1417 1709 τοῖς
1441 1646 1805 1716 ἀτιμοτέροις,

230 1738 402 1807 τιμὴν
414 1736 829 1806 περισσοτέραν.
857 1737 949 1806 Mi;
974 1731 1084 1808 ἆρα
1101 1736 1191 1790 διὰ
1211 1736 1370 1802 τοῦτο
1394 1736 1808 1807 καὶτιμιώτερα

232 1830 333 1882 καὶ
366 1827 842 1899 εὐσχημονέστερα
863 1828 973 1881 τῶν
994 1829 1336 1900 τιμιωτέρων
1366 1828 1461 1882 καὶ
1477 1828 1812 1899 εὐσχημονε·

233 1921 444 1992 στέρων
494 1920 632 1974 εἰσίν
655 1937 671 1988 ;
692 1919 871 1985 Οὕτω,
930 1922 1086 1990 φησὶ,
1117 1920 1213 1975 καὶ
1239 1922 1267 1975 ὁ
1291 1920 1421 1983 Θεὸς
1447 1920 1616 1974 ὲνίοτε
1647 1919 1806 1973 ὑστε-

247 2012 421 2082 ροῦντι
479 2011 665 2064 πλεῖον
695 2011 875 2063 δίδωσι
898 2010 1167 2082 χάρισμα,
1206 2010 1285 2081 τῷ
1314 2011 1368 2063 δὲ
1400 2010 1686 2080 αὐτάρκως
1713 2010 1806 2063 καὶ

251 2104 440 2167 ἱκανῶς
500 2103 677 2175 ἔχοντι
747 2102 1007 2175 ρνθμίσαι
1066 2103 1280 2169 ἑαυτὸν,
1324 2103 1565 2157 ἔλαττον.
1597 2104 1688 2173 Μὴ
1712 2098 1807 2156 οὖν

252 2198 369 2266 ὑμῖν
400 2197 728 2267 ἀθυμητέον,
765 2195 988 2249 ἔλαττον
1042 2195 1293 2249 δοκοῦσιν
1353 2192 1497 2263 ἔχειν
1540 2193 1805 2265 χάρισμα,

249 2288 363 2344 lusi
406 2290 499 2343 καὶ
557 2290 717 2358 ἡμεῖς
767 2288 919 2341 αὐτοὶ
950 2287 1017 2340 τὰ
1061 2286 1542 2357 εὐσχημονέστερα
1587 2286 1681 2341 κα)⁵
1724 2303 1808 2339 τι-

250 2378 484 2453 μιώτερα
511 2380 671 2450 ἡμῶν
722 2379 880 2449 μέλη,
917 2381 1014 2435 ἀτε
1043 2378 1104 2434 οὐ
1158 2379 1359 2448 πολλῆς
1391 2379 1581 2449 ἔχοντα
1618 2377 1809 2449 χρείαν

244 2472 670 2544 εὐσχημοσύνης,
705 2471 791 2541 ἐφ’
820 2466 888 2542 ἧς
918 2472 1024 2524 εἰσι
1081 2472 1441 2542 κοσμιότητος
1493 2469 1588 2525 καὶ⁵
1614 2487 1669 2522 σε
1681 2469 1807 2539 μνό-

238 2583 397 2634 τητος
466 2564 648 2633 μένειν
677 2564 895 2629 ἐῶντες,
923 2566 1035 2627 τοῖς
1064 2563 1406 2634 ἀτιμοτέροις
1447 2564 1542 2616 καὶ
1577 2564 1808 2633 ἀσχημο-

234 2656 507 2728 νεστέροις
549 2655 714 2726 τιμὴν
763 2657 858 2709 καὶ
930 2654 1347 2724 εὐσχημοσύνην
1401 2654 1806 2724 περιτιθέαμεν.

234 2747 403 2801 Ὥστε
440 2748 507 2799 lx
553 2745 645 2798 τοῦ
684 2746 904 2799 ἔλαττον
969 2745 1155 2800 λαϐεῖν
1197 2746 1397 2816 μᾶλλον
1466 2744 1613 2799 ἔστιν
1647 2743 1807 2797 εὐθυ-

237 2844 357 2908 μεῖν
381 2841 480 2894 καὶ
511 2841 875 2911 εὐχαριστεῖν,
914 2842 995 2894 ὅτι
1029 2839 1207 2901 οὕτως
1230 2841 1353 2894 κατ’
1374 2839 1549 2910 ἀρχὰς
1574 2837 1809 2891 ἔπλασεν

234 2936 265 2987 6
295 2934 474 2993 πάντα
502 2934 681 3001 σοφῶς
705 2935 798 2987 καὶ
846 2933 1247 3004 ἀκαταλήπτως
1278 2932 1410 2995 Θεὸς
1441 2933 1597 3003 ήμῶν
1618 2922 1809 2996 ποιῶν,

233 3025 380 3078 ὥστε
418 3023 717 3078 ἐλαττόνων
751 3023 959 3078 δεῖσθαι
991 3025 1072 3084 εἰς
1111 3022 1447 3093 αὐτάρκειαν
1471 3022 1564 3075 καὶ
1590 3021 1808 3074 τελείω-

237 3134 345 3171 σιν.
410 3116 599 3171 Ταῦτα
649 3116 707 3171 δέ
775 3132 933 3188 φησι,
981 3116 1107 3179 τούς
1145 3132 1206 3169 τε
1245 3116 1469 3169 ἔλαττον
1518 3115 1811 3174 δοκοῦντας

234 3209 385 3277 ἔχειν
430 3206 523 3261 ἐπὶ
550 3209 617 3278 τῇ
639 3206 848 3277 ἀθυμίᾳ
901 3205 1255 3276 παρακαλῶν,
1303 3206 1400 3260 καὶ⁵
1455 3207 1583 3269 τοὺς
1651 3204 1813 3259 πλέον

235 3297 424 3353 λασειν
470 3298 774 3368 οἰομένους,
802 3298 906 3368 τῆς
926 3298 1158 3370 οἰήσεως
1185 3295 1506 3351 κιτασπῶν.
1539 3295 1607 3352 Τί
1637 3297 1814 3366 φυσᾷς

234 3390 454 3457 ἑαυτὸν,
501 3389 662 3447 πλέον
729 3390 877 3461 ἔχειν
922 3389 1128 3457 δοκῶν;
1188 3390 1471 3453 ἀσθενείας
1523 3406 1619 3444 σου
1659 3388 1819 3442 τοῦτο

237 3479 545 3552 μαρτύριόν
599 3480 766 3544 ἔστιν,
792 3479 876 3535 ὅτι
924 3478 1186 3534 πλειόνων
1212 3478 1458 3549 season:
1495 3477 1561 3533 Τί
1584 3477 1820 3532 καταπί-

234 3589 417 3637 πτεις,
443 3572 668 3625 ἔλαττον
699 3569 841 3642 ἔχειν
873 3570 1082 3637 δοκῶν;
1141 3568 1325 3641 ἰσχύος
1361 3586 1455 3624 σου
1518 3567 1680 3623 τοῦτο
1721 3586 1813 3623 τε-

236 3664 486 3732 κμήριον
511 3701 528 3727 ,
577 3663 660 3716 ὅτι
700 3662 996 3717 ὶλαττὸνων
1058 3678 1119 3715 σε
1167 3660 1425 3731 δεηθέντα
1454 3660 1819 3732 παρέδειξενό

234 3755 396 3819 Θεός.
425 3755 535 3808 Καὶ
589 3755 781 3808 σκόπει
812 3754 929 3819 πῶς
964 3753 1169 3826 ἧρξατο
1201 3754 1300 3825 μὶν
1329 3753 1648 3825 καταϐραχύ
1681 3754 1819 3825 πρὸς

234 3849 339 3917 τὴν
360 3846 553 3917 χρείαν
585 3846 831 3915 εἰσάγειν
856 3847 1077 3909 αὐτοὺς,
1101 3846 1206 3900 κᾶν
1227 3846 1431 3901 ἀνίσων
1457 3846 1675 3900 ἐδόκουν
1712 3846 1819 3899 τῶν

236 3939 601 4009 χαρισμάτων
648 3940 848 4008 τυχεῖν.
914 3939 1144 3991 Ἔπειτα
1171 3938 1228 3991 δὲ
1259 3939 1352 3991 καὶ
1412 3936 1575 3990 πλέον
1643 3938 1818 4007 ἐπῆρε

233 4031 369 4094 τοὺς
418 4028 774 4085 ἐλαττοῦσθαι
821 4030 1132 4090 δοκοῦντας.
1186 4030 1404 4087 Μᾶλλον
1467 4030 1576 4100 γὰρ
1601 4031 1652 4083 οί
1686 4030 1822 4083 ἀθυ-

238 4122 482 4193 μοῦντες
528 4121 737 4177 δέονται
797 4123 1222 4195 παραψυχῆς,ἢ
1262 4124 1314 4176 ol
1367 4121 1821 4192 ἀλαζονευόμενοι

236 4213 468 4283 φειδοῦς
523 4214 618 4267 καὶ
673 4214 954 4278 ἐπιεικοῦς
1008 4217 1403 4285 ἐπιτιμήσεως.
1465 4212 1596 4270 Εἱτα
1640 4214 1818 4269 ταῦτα

231 4304 442 4371 εἰπὼν,
490 4305 814 4374 ωμϐισάζει
866 4307 1064 4371 αὐτοὺς
1119 4308 1201 4369 είς
1252 4306 1351 4378 τὴν
1399 4306 1690 4376 ὁμοτιμίαν
1729 4307 1823 4360 καὶ

228 4396 523 4467 ὀμόνοναν,
553 4415 572 4447 ι
600 4398 711 4449 ’Ῑνα
740 4397 813 4468 μὴ
846 4392 901 4467 ᾖ,
941 4398 1094 4467 φησὶ,
1132 4397 1340 4468 σχίσμα
1380 4399 1437 4450 ἐν
1466 4398 1542 4467 τῷ
1586 4396 1820 4466 σώματι,

231 4487 385 4543 ἀλλά
410 4489 471 4541 τὸ
491 4488 623 4543 αὐτὸ
653 4489 793 4559 ὑπὲρ
835 4489 1082 4560 ἀλλήλων
1112 4489 1421 4562 μεριμνῶσι
1464 4489 1534 4542 τά
1600 4488 1757 4561 μέλη,
1796 4507 1817 4541 ι

1906 641 2070 695 etiam
2102 642 2319 711 penitus
2349 640 2532 695 miseri
2560 642 2739 696 :sicut
2768 640 2843 694 illi
2871 640 2959 710 qui
2984 639 3239 695 dicebant
3269 658 3283 695 :
3322 660 3340 693 ι
3373 638 3485 695 Do-

1909 734 2286 797 mineJnonne
2314 748 2410 802 per
2443 748 2637 788 nomen
2668 741 2823 787 tuum
2845 734 2959 788 [nec
2977 739 3030 787 et
3048 733 3135 786 illa
3154 733 3383 789 fecimus
3405 732 3433 788 ἵ
3459 750 3482 786 ι

1908 826 2109 895 quibus
2141 825 2421 893 respondit
2476 825 2742 880 Dominus
2785 825 2931 894 quod
2966 840 3036 879 ne
3071 824 3323 880 novisset
3361 823 3487 893 qui-

1905 918 2029 972 dem
2057 918 2178 971 illos
2220 932 2461 986 unquam
2495 916 2565 971 ³’.
2607 916 2793 987 Neque
2813 917 2959 971 enim
2996 918 3133 971 bene
3166 919 3250 972 usi
3271 918 3488 972 fuerant

1909 1010 2087 1074 dono;
2120 1009 2242 1062 ideo
2263 1009 2424 1062 etiam
2475 1009 2662 1063 eodem
2699 1011 2880 1080 capite
2944 1009 3229 1063 discedere
3269 1010 3418 1075 ipsos
3457 1026 3487 1064 a

1913 1102 2179 1170 sejussit.
2218 1101 2407 1167 Qualis
2437 1109 2491 1155 et
2522 1101 2612 1154 ille
2658 1109 2777 1155 erat
2810 1102 2902 1170 qui
2936 1100 3214 1155 Christum
3255 1118 3360 1155 nou
3395 1117 3487 1157 se-

1905 1195 2177 1264 quebatur
2205 1204 2258 1247 et
2285 1196 2437 1263 signa
2470 1193 2664 1247 edebat
2693 1193 2784 1257 ³³⁸,
2813 1194 2991 1263 qualis
3022 1201 3138 1246 erat
3159 1201 3213 1247 et
3252 1194 3366 1262 ipse
3390 1191 3488 1247 Ju-

1910 1286 2030 1341 das.
2063 1285 2183 1352 Ipse
2211 1293 2390 1340 tamen
2426 1285 2538 1339 hzec
2576 1285 2790 1337 interim
2829 1300 2936 1337 non
2978 1292 3248 1348 recenset,
3291 1284 3385 1339 sed
3418 1285 3487 1339 ab

1913 1381 2003 1435 bis
2030 1395 2151 1448 qua:
2180 1378 2548 1447 corporalium
2585 1392 2735 1431 more
2770 1378 2835 1430 ab
2868 1379 2987 1446 ipso
3019 1379 3161 1431 dicta
3207 1386 3356 1439 sunt,
3388 1381 3489 1434 hoc

1915 1474 2080 1525 etiam
2117 1465 2425 1533 conﬁrmat,
2460 1467 2604 1536 quod
2651 1483 2759 1521 non
2807 1477 3053 1536 oporteat
3112 1468 3235 1523 illos
3288 1469 3489 1523 ducere

1912 1562 2150 1630 majores
2194 1563 2286 1627 qui
2321 1561 2497 1630 majus
2528 1561 2807 1631 accepisse
2829 1560 3029 1613 donum
3061 1561 3485 1614 existimantur:

1915 1667 2017 1706 nec
2055 1652 2309 1707 similiter
2340 1667 2371 1705 e
2409 1649 2652 1717 diverso,
2711 1651 2974 1704 minores.
3038 1649 3131 1703 Ait
3179 1648 3347 1711 enim,
3406 1648 3492 1704 his

1917 1744 2010 1815 qui
2043 1745 2302 1799 indecora
2330 1754 2460 1799 sunt
2486 1743 2659 1797 nostri
2693 1741 3057 1811 copiosiorem
3091 1740 3347 1794 addimus
3398 1738 3493 1793 de-

1912 1850 2118 1896 corem,
2154 1842 2208 1889 et
2239 1834 2325 1887 his
2356 1849 2478 1903 qua-
2507 1832 2692 1887 minus
2722 1832 2948 1885 honesta
2981 1837 3133 1894 sunt,
3181 1828 3493 1881 uberiorem

1914 1929 2201 1983 honorem.
2236 1924 2492 1994 Nunquid
2521 1924 2591 1979 ob
2623 1924 2673 1977 id
2700 1922 3011 1978 honestiora
3047 1929 3177 1976 sunt
3214 1920 3495 1989 magisque

1915 2020 2138 2081 decora,
2175 2018 2260 2072 his
2298 2030 2418 2087 quae
2450 2032 2479 2069 a
2514 2024 2712 2069 natura
2744 2023 2873 2068 sunt
2895 2013 3212 2067 honestiora
3237 2023 3288 2065 et
3322 2008 3495 2080 magis

1914 2111 2113 2166 decora
2137 2109 2163 2163 Y
2197 2108 2299 2173 ita,
2323 2108 2521 2178 inquit,
2551 2117 2604 2161 et
2641 2106 2782 2161 Deus
2809 2105 3082 2159 interdum
3110 2104 3158 2156 ei
3189 2104 3281 2171 qui
3329 2114 3497 2170 egens

1914 2211 2000 2259 est
2022 2201 2201 2271 majus
2233 2199 2422 2255 tribuit
2455 2199 2685 2264 donum,
2726 2198 2775 2253 ei
2800 2213 2928 2251 vero
2963 2197 3056 2265 qui
3090 2195 3193 2250 sibi
3217 2193 3495 2249 suiiiciens

1915 2304 2019 2357 est,
2052 2301 2107 2347 et
2150 2292 2369 2348 abunde
2400 2291 2563 2345 habet
2596 2305 2705 2359 quo
2741 2288 2982 2358 seipsum
3034 2286 3260 2357 dirigat,
3293 2286 3496 2337 minus.

1914 2383 2032 2440 Non
2062 2400 2192 2455 ergo
2214 2383 2371 2438 vobis
2409 2398 2551 2452 aegre
2585 2380 2871 2435 terendum
2901 2387 2986 2433 est
3016 2378 3061 2433 si
3089 2378 3269 2431 minus
3291 2378 3495 2429 donum

1915 2477 2115 2532 habere
2146 2474 2404 2530 videmini
2440 2490 2455 2529 :
2490 2474 2748 2544 quoniam
2784 2488 2884 2527 nos
2910 2471 3011 2541 ipsi
3034 2484 3249 2540 quoque
3280 2484 3342 2521 ea
3378 2481 3499 2536 quze

1916 2570 2091 2637 magis
2152 2567 2350 2621 decora
2387 2565 2560 2619 nostri
2618 2565 2861 2616 Inemhra
2925 2560 3198 2620 videntur,
3236 2570 3494 2628 tanquam

1915 2675 2026 2714 non
2076 2659 2250 2712 multo
2296 2656 2498 2711 decore
2525 2655 2762 2725 egentia,
2823 2654 2877 2707 in
2942 2662 3139 2706 ornatu
3186 2660 3239 2706 et
3301 2651 3499 2704 decore

1916 2767 2078 2821 quem
2116 2750 2312 2805 habent
2351 2764 2573 2803 manere
2598 2750 2868 2808 sitientes,
2902 2747 3082 2799 minus
3116 2744 3359 2797 honestis
3395 2741 3497 2794 mi-

1915 2862 2129 2914 nusque
2153 2846 2367 2899 decoris
2402 2844 2655 2897 addimus
2689 2844 2947 2896 bon0rem
2990 2855 3051 2891 ac
3080 2838 3355 2891 decorem.
3388 2836 3497 2888 Ex-

1916 2952 1982 2992 eo
2013 2939 2195 3004 itaque
2258 2934 2405 3004 quod
2460 2935 2643 2988 minus
2697 2932 2909 3000 accepit
2967 2930 3264 2999 quispiam,
3328 2941 3499 2995 magis

1920 3028 2046 3082 forti
2091 3038 2266 3098 potest
2290 3043 2413 3082 esse
2438 3028 2622 3079 animo
2644 3040 2706 3079 ac
2739 3025 2945 3093 gratias
3000 3036 3180 3091 agere,
3213 3018 3356 3087 quod
3391 3019 3497 3072 hoc

1918 3119 2081 3172 modo
2120 3117 2263 3172 Deus
2291 3126 2479 3170 noster
2516 3115 2584 3168 ab
2617 3114 2775 3167 initio
2802 3129 2927 3167 eum
2961 3109 3170 3165 creavit
3200 3108 3313 3176 (qui
3356 3122 3495 3160 cun-

1917 3219 2003 3264 cta
2028 3211 2306 3281 sapienter
2337 3217 2392 3263 et
2419 3207 2626 3278 absque
2647 3206 2758 3259 ullo
2796 3202 3007 3258 defertu
3035 3198 3191 3270 facit)
3225 3213 3337 3269 quo
3362 3213 3498 3268 pau-

1917 3301 2162 3357 cioribus
2184 3309 2368 3369 egeret
2395 3299 2461 3354 ad
2486 3299 2569 3353 sui
2596 3297 2977 3354 sulﬁcientiam
3001 3301 3055 3350 et
3087 3289 3496 3362 perfectionem.

1923 3392 2050 3449 Haec
2098 3400 2280 3447 autem
2313 3390 2473 3455 dicit,
2507 3397 2560 3445 et
2583 3404 2681 3445 eos
2711 3388 2804 3459 qui
2862 3387 3049 3441 minus
3097 3384 3301 3438 habere
3350 3378 3503 3436 vide-

1918 3486 2146 3549 bantur,
2184 3498 2215 3538 a
2265 3495 2504 3537 mcerore
2535 3479 2896 3542 consolando,
2935 3485 2991 3532 et
3010 3491 3106 3531 eos
3138 3474 3230 3546 qui
3264 3472 3502 3543 amplius

1919 3578 2205 3648 accepisse
2229 3574 2483 3630 videbant
2498 3589 2582 3635 ur,
2608 3587 2637 3625 a
2677 3570 2819 3627 fastu
2868 3567 3217 3625 retrahendu.
3254 3562 3325 3619 Ut
3370 3563 3503 3634 quid

1920 3671 2155 3738 teipsum
2197 3666 2355 3722 iollas
2388 3666 2483 3737 qui
2509 3665 2749 3736 amplius
2780 3663 3065 3733 accepisse
3093 3657 3293 3713 videris
3321 3657 3346 3711 τ
3393 3654 3469 3709 Im
3491 3682 3504 3692 -

1919 3761 2239 3819 becillitatis
2274 3772 2379 3815 tua:
2409 3758 2811 3822 testimonimn,
2846 3770 3042 3824 nempe
3072 3752 3217 3824 quod
3250 3749 3504 3820 pluribus

1921 3856 2140 3924 egebas.
2183 3852 2253 3909 Ut
2278 3852 2410 3922 quid
2455 3851 2641 3905 animo
2674 3848 2930 3918 dejieeris
2960 3846 3052 3915 qui
3091 3846 3273 3898 minus
3303 3841 3507 3896 habere

1922 3944 2176 4001 videris?
2207 3942 2369 4014 544
2400 3942 2549 4011 atqui
2582 3938 2921 3994 fortitudinis
2949 3945 3055 3991 tua:
3079 3937 3182 3990 hoc
3214 3945 3508 4003 argumen-

1922 4045 2037 4090 tum
2070 4047 2176 4099 est,
2225 4051 2424 4102 nempe
2456 4033 2604 4103 quod
2643 4031 3003 4099 paucioribus
3045 4038 3094 4081 le
3125 4041 3285 4096 egere
3316 4034 3506 4078 osten-

1921 4128 1999 4182 dit
2031 4127 2189 4182 Deus.
2229 4126 2295 4179 Et
2339 4127 2627 4179 considera
2659 4121 2933 4193 qui-modo
2974 4119 3179 4175 sensim
3212 4118 3377 4185 cmpit
3410 4130 3506 4169 eos

1924 4218 1996 4273 ob
2029 4218 2411 4272 necessitatem
2457 4214 2695 4285 aequales
2722 4210 3033 4273 ostendere,
3082 4221 3392 4278 quanquam
3426 4204 3507 4258 in-

1921 4310 2153 4381 aequalia
2186 4308 2513 4363 videbantur
2536 4306 2776 4361 assecuti
2803 4306 2966 4358 bona.
2998 4300 3202 4357 Deinde
3224 4313 3352 4353 vero
3384 4297 3507 4352 illos

1923 4402 2106 4457 adhuc
2154 4400 2394 4469 amplius
2433 4400 2632 4454 extulit
2679 4396 2772 4465 qui
2838 4394 3167 4449 videbantur
3221 4389 3509 4445 inferiores

1922 4508 2065 4548 esse.
2105 4489 2332 4546 Afﬂictis
2357 4491 2501 4545 enim
2537 4504 2601 4543 ac
2627 4485 2986 4544 mmrentibus
3037 4482 3215 4552 magis
3254 4494 3395 4550 opus
3426 4487 3506 4533 est

232 4580 342 4635 καὶ
394 4579 545 4648 ἑξῆς.
580 4600 598 4633 ι
623 4579 701 4634 Τὰ
737 4580 795 4634 δὲ
828 4582 1141 4652 εὐσχήμονα
1201 4580 1379 4651 ἡμῶν.
1405 4600 1424 4633 ι
1462 4581 1577 4634 Ἵνα
1642 4581 1811 4651 μήτις

1930 4582 2327 4645 c0uso|atione,
2354 4594 2517 4650 quam
2543 4578 2930 4649 arrogantibus
2954 4573 3100 4629 tenui
3126 4588 3190 4627 ac
3216 4570 3497 4624 moderata

232 4674 401 4745 εἴπῃ,
456 4674 562 4727 Καὶ
621 4677 773 4738 ποῖος
818 4669 975 4738 οὗτος
1034 4675 1191 4743 λόγος
1234 4675 1479 4745 προνοῶν
1511 4673 1621 4727 τῶν
1651 4675 1823 4745 ἀσχηο

239 4766 436 4837 μόνων
464 4768 556 4820 καὶ
573 4769 804 4837 ἀτίμων,
833 4770 1196 4837 καταφρονεῖν
1224 4766 1280 4820 δὲ
1304 4767 1412 4820 τῶν
1435 4765 1825 4837 εὐσχημόνωνς

236 4861 323 4916 οὐ
381 4861 853 4931 καταφρονοῦμεν,
915 4862 1103 4931 φησὶν,
1163 4859 1281 4914 ἀλλ’
1338 4859 1551 4921 οὐδενὸς
1607 4858 1717 4911 τῶν
1764 4857 1826 4924 ἐξ

237 4952 412 5024 ἡμῶν
439 4952 669 5016 δέονται,
711 4954 786 5016 ὡς
809 4953 969 5023 φύσει
1000 4953 1061 5007 τὸ
1082 4951 1362 5022 εὔσχημον
1392 4952 1606 5022 ἔχοντα,
1639 4967 1823 5020 παρα-

243 5043 595 5116 μυθούμενος
622 5046 781 5099 πάλιν
795 5046 884 5100 διὰ
909 5044 1124 5113 τούτου,
1147 5045 1274 5108 τοὺς
1296 5043 1520 5115 ἔχοντας
1548 5043 1615 5097 τὰ
1651 5041 1826 5113 μείζω

240 5136 593 5207 χαρίσματα.

1932 4676 2333 4745 increpatione.
2370 4672 2576 4727 Deinde
2618 4671 2704 4726 his
2742 4670 2906 4725 dictis
2958 4682 3154 4722 rursus
3183 4680 3280 4719 eos
3312 4660 3512 4717 conﬁr-

1931 4774 2044 4820 mat
2091 4766 2157 4819 ad
2193 4763 2418 4819 honoris
2445 4768 2734 4833 paritatem
2766 4769 2819 4814 et
2853 4756 3204 4814 concordiam
3237 4774 3250 4809 ι
3289 4753 3367 4808 Ne
3407 4754 3504 4819 sit,

1931 4858 2131 4927 inquit.
2167 4855 2456 4911 dissidium
2487 4854 2541 4907 in
2585 4868 2834 4920 corpore,
2868 4848 2963 4905 scd
3028 4848 3271 4902 eamdem
3302 4844 3509 4901 sollici-

1932 4948 2175 5001 tudinem
2198 4962 2295 5016 pro
2323 4962 2382 5000 se
2408 4945 2639 4999 itnicem
2670 4950 2861 5012 gerant
2884 4941 3148 5003 membra,
3180 4945 3286 4993 etc.
3325 4955 3344 4988 ι
3381 4934 3513 5002 Quae

1932 5047 2117 5094 autem
2175 5038 2374 5092 decora
2434 5043 2563 5091 sunt
2610 5034 2809 5088 nostri.
2854 5052 2872 5084 ι
2931 5029 3010 5087 Ne
3051 5033 3176 5100 quis
3228 5025 3515 5084 dicatzEt

1936 5130 2190 5200 quisnam
2220 5129 2309 5182 hic
2338 5142 2519 5182 sermo
2543 5131 2653 5188 est,
2690 5133 2751 5179 ut
2778 5124 2902 5194 quis
2926 5138 3113 5178 curam
3142 5131 3295 5194 gerat
3319 5132 3512 5174 eorum

244 5252 377 5309 quae
406 5236 665 5292 indecora
687 5247 814 5292 sunt
842 5235 1134 5305 minusque
1162 5235 1415 5297 honesta,
1449 5246 1511 5286 ea
1540 5246 1667 5287 vero
1698 5236 2011 5284 contemnat
2044 5242 2165 5296 qua
2227 5226 2425 5280 decora
2485 5221 2657 5277 sunt?
2747 5220 2868 5275 Non
2944 5220 3369 5283 contemnimus,
3425 5216 3513 5268 in-

247 5336 396 5404 quit,
429 5332 523 5387 sed
555 5332 645 5385 illa
691 5346 801 5385 non
848 5339 1006 5398 egent
1039 5327 1146 5381 ulla
1201 5342 1258 5381 re
1299 5335 1506 5401 nostra,
1538 5332 1724 5395 utpote
1792 5322 2101 5378 naturalem
2158 5318 2414 5373 habentia
2471 5316 2726 5373 decorem
2772 5333 2786 5371 :
2826 5330 2918 5386 per
2984 5315 3086 5370 hoc
3142 5329 3359 5369 rursum
3421 5328 3518 5369 eos

251 5423 600 5484 consolando
632 5423 726 5495 qui
758 5421 968 5478 minora
1002 5422 1277 5477 habebant
1316 5421 1482 5475 dona.

338 5521 552 5577 ’AJJ’d
584 5518 728 5585 Θεὸς
751 5517 1121 5588 συνεκέρασε
1179 5515 1245 5570 τὸ
1298 5516 1490 5585 σῶμα,
1515 5514 1596 5580 τῷ
1649 5518 1811 5570 ὑστε-

2011 5508 2125 5572 XII,
2151 5506 2337 5562 9.4-9.6.
2380 5505 2486 5562 sed
2508 5507 2641 5563 Deus
2670 5504 2831 5561 simul
2860 5501 3167 5573 temperavit
3202 5511 3440 5588 corpus:
3464 5499 3515 5588 ei

248 5615 468 5684 ροῦντι
541 5582 986 5680 περισσοτέρανῖ
1035 5609 1182 5674 δοὺς
1236 5582 1437 5676 miri},
1493 5606 1596 5659 ἵνα
1667 5605 1753 5673 μὴ

1941 5599 2024 5652 cui
2050 5598 2227 5650 deerat
2279 5597 2617 5664 copiosiorem
2659 5595 2793 5649 dans
2848 5595 3220 5646 honoremme
3250 5585 3319 5637 ait
3350 5582 3516 5636 dissi-

257 5677 499 5771 e'xlo‘ya
525 5677 684 5765 ἐντῷ
708 5677 956 5769 σώματι,
984 5699 1148 5753 dua
1170 5697 1236 5750 τὸ
1257 5697 1406 5750 αὐτὸ
1444 5693 1592 5763 ὑπὲρ
1640 5694 1758 5747 d.l..l
1776 5695 1800 5761 -ὶ

1938 5689 2085 5741 dium
2115 5687 2422 5756 incorpore,
2454 5690 2544 5741 sed
2586 5686 2825 5741 eamdem
2884 5677 3295 5736 sollicitudinem
3335 5688 3431 5744 pro
3460 5690 3516 5730 se

339 5875 616 5949 “.Malth.
649 5891 747 5945 vn,
780 5876 849 5930 29.
923 5875 967 5957 ’ἒ
993 5873 1164 5928 Marc.
1194 5887 1267 5940 ιτ,
1299 5872 1387 5925 37.
