3872 6564
212 427 351 495 ’829
1193 432 1582 499 COMMENT.
1625 437 1709 499 IN
1744 437 1814 498 El

1924 438 1983 502 1³.
2018 438 2048 500 Ῑ
2086 438 2187 501 Αἰ)
2225 428 2585 505 CORINTH.
3392 447 3500 511 830

206 537 431 611 ηηολλῷ
459 540 663 611 μᾶλλον
686 536 747 596 τδ
772 541 1036 613 Χριστοῦ.
1079 543 1230 599 «Καὶ
1267 546 1401 616 μέλη
1433 546 1497 602 ἐκ
1539 548 1759 619 μέρους.
1796 568 1814 603 ι

1927 556 2034 615 est,
2069 549 2430 604 multominus
2476 548 2682 604 Christi
2721 561 2943 619 corpus.
3000 566 3020 602 ι
3063 547 3132 604 Ει
3163 550 3404 606 membra
3435 570 3503 609 ex

232 631 526 696 ’Δπαντες
576 632 676 702 μὲν
721 633 773 686 οἰ
837 634 1152 705 ἅπανταχοῦ
1208 638 1427 702 πιστοὶ,
1490 638 1652 710 σῶμά
1712 640 1814 694 εἰσι

1924 647 2101 710 parte.
2140 656 2158 690 ι
2184 636 2386 693 Omnes
2414 640 2636 708 quidem
2667 638 2980 711 ubicunque
3013 640 3259 695 locorum
3297 642 3409 696 sint
3441 641 3506 696 ll-

232 723 511 794 Χριστοῦ.
560 725 750 796 Ὑμεῖς
778 724 835 779 δὲ
863 727 913 779 οἰ
958 727 1257 798 Κορίνθιοι,
1326 729 1462 801 μέλη
1490 732 1554 784 ἐκ
1596 732 1820 803 μέρους.

234 818 320 870 os
337 817 448 887 γὰρ
464 817 626 887 ὑμεῖς
647 820 769 871 ἐστε
794 818 945 889 μόνοι
966 820 1027 873 τδ
1038 820 1159 874 ὅλον
1177 804 1500 893 σῶμα,ἀλλά
1520 823 1655 894 μέλη
1676 824 1819 890 ἐστὲ,

234 908 343 961 καὶ
395 907 518 961 ούδέ
564 907 757 975 πολλὰ,
826 908 964 963 ἀλλά
986 913 1051 964 ἐκ
1093 911 1313 981 μέρους.
1362 911 1615 966 Δείκνυσι
1645 912 1700 965 δὲ
1733 912 1821 966 διὰ

235 999 438 1052 τούτου
481 999 584 1070 ἥδη
626 1001 1080 1072 κατεσπαρμένον
1113 1004 1172 1056 ἐν
1203 1003 1280 1073 τῷ
1314 1003 1522 1057 πλείονι
1547 1004 1739 1074 κόσμῳ
1763 1004 1824 1057 τὸ

237 1092 583 1161 Εὑαγγέλιον
613 1094 707 1147 καὶ
753 1094 849 1159 τὴν
918 1094 1121 1150 πίστιν.
1161 1117 1180 1148 ‹
1208 1097 1319 1151 Καὶ
1357 1096 1448 1160 οὓς
1481 1096 1581 1167 μὲν
1607 1098 1765 1151 ἔθετο
1795 1099 1823 1150 ὁ

236 1183 400 1247 Θεός.
429 1204 449 1237 ι
506 1185 614 1239 Καὶ
642 1184 736 1249 οὓς
777 1186 877 1256 μὲν
914 1187 1267 1254 ἀποστόλους,
1308 1189 1494 1259 φησὶν,
1547 1188 1700 1243 έθετο
1728 1190 1825 1243 καὶ

238 1276 504 1346 ἐποίησεν
535 1280 565 1330 ὁ
605 1278 736 1341 Θεὸς
768 1279 826 1331 ἐν
859 1281 926 1349 τῇ
990 1279 1310 1351 Ἐκκλησία.
1366 1280 1564 1344 Καλῶς
1619 1281 1678 1334 δὲ
1737 1282 1815 1346 τὸ,

236 1369 484 1438 πρῶτον,
520 1369 612 1422 ἐπὶ
635 1368 745 1423 τῶν
776 1369 1092 1423 ἀποστόλων
1122 1370 1385 1426 τέθεικεν.
1429 1366 1591 1426 Οὗτοι
1630 1370 1738 1443 γάρ
1769 1374 1818 1425 οἰ

232 1462 344 1529 τῆς
390 1462 625 1524 πίστεως
681 1462 934 1532 ἀρχηγοί.
968 1463 1109 1526 Τοὺς
1135 1463 1194 1518 δὲ
1220 1464 1506 1535 προφήτας
1533 1464 1820 1534 δευτέρους

229 1554 417 1623 λέγει,
450 1557 512 1607 ού
547 1554 671 1617 τοὺς
724 1554 990 1619 παλαιοὺς
1036 1555 1230 1624 λέγων,
1264 1556 1400 1610 ἀλλά
1424 1558 1553 1621 τοὺς
1611 1561 1669 1611 ἐν
1695 1556 1823 1612 ἐκά-

232 1664 346 1718 στῃ
405 1647 703 1718 Ἐκκλησία
751 1648 874 1701 κατ’
906 1649 1083 1703 ἐκεῖνο
1115 1649 1311 1721 καιροῦ
1345 1650 1817 1722 προφητεύοντας,

232 1736 356 1795 οἷον
382 1742 412 1795 ὁ
446 1740 676 1806 Ἀγαϐδς
709 1741 805 1794 καὶ
853 1741 1007 1795 ἄλλοι
1044 1742 1251 1798 πολλοί.
1285 1742 1349 1796 Εἰ
1385 1739 1479 1798 οὖν
1505 1740 1648 1816 ἦσαν
1681 1761 1819 1815 προ·

1925 729 2100 795 deles,
2148 739 2277 785 sunt
2340 746 2541 799 corpus
2599 731 2827 796 Christi,
2881 747 2980 787 vos
3014 742 3192 786 autem
3234 732 3505 788 Corinthii

1928 822 2175 877 membra
2215 838 2280 876 ex
2312 830 2466 892 parte
2508 840 2521 877 :
2568 838 2745 892 neque
2788 823 2934 878 enim
2982 824 3084 877 soli
3147 825 3279 879 estis
3331 832 3503 879 totum

1926 928 2149 982 corpus,
2192 914 2292 968 sed
2345 918 2590 969 membra
2627 915 2765 971 estis
2805 934 2819 970 :
2868 925 2919 969 et
2959 932 3137 986 neque
3172 915 3379 978 omnia,
3410 917 3506 971 sed

1927 1022 1993 1060 ex
2029 1016 2203 1077 parte.
2233 1005 2338 1062 Per
2371 1009 2474 1061 hoc
2518 1017 2702 1063 autem
2748 1010 2991 1064 ostendit
3028 1011 3139 1078 jam
3196 1010 3503 1078 dispersum

1928 1114 2052 1155 esse
2082 1101 2138 1155 in
2176 1101 2368 1171 majori
2402 1110 2553 1172 parte
2580 1103 2824 1161 universi
2854 1103 3206 1174 Evangelium
3233 1119 3293 1157 ac
3321 1102 3507 1157 ﬁdem.

1934 1210 1953 1244 ι
1996 1191 2061 1246 Et
2093 1194 2192 1248 hos
2240 1193 2461 1264 quidem
2517 1196 2701 1264 posuit
2756 1194 2920 1250 Deus.
2961 1215 2980 1249 ι
3018 1197 3079 1249 Et
3135 1195 3235 1249 hos
3283 1194 3503 1265 quidem

1926 1284 2230 1353 apostolos,
2258 1285 2453 1355 inquit,
2489 1286 2675 1354 posuit
2710 1294 2764 1341 et
2793 1286 2922 1339 fecit
2959 1286 3105 1341 Deus
3148 1288 3199 1339 in
3236 1285 3504 1339 Erclvsia.

1926 1376 2074 1431 Bene
2126 1387 2307 1431 autem
2354 1376 2517 1449 546
2577 1378 2727 1432 addit
2779 1378 3015 1448 primum
3075 1379 3140 1431 de
3202 1378 3506 1447 apostolis;

1923 1483 2049 1522 nam
2076 1466 2131 1521 hi
2161 1469 2319 1538 primi
2364 1484 2428 1523 ac
2455 1471 2627 1524 duces
2662 1479 2791 1523 sunt
2841 1469 2987 1522 ﬁdei.
3045 1468 3347 1538 Prophetas
3381 1487 3507 1523 vero

1923 1560 2166 1616 secundo
2187 1561 2308 1615 loco
2336 1565 2538 1629 posuit,
2571 1577 2678 1615 non
2716 1570 2929 1616 veteres
2966 1560 3096 1614 illos
3156 1562 3366 1625 dicens,
3410 1561 3504 1613 sed

1927 1665 2025 1706 eos
2049 1652 2141 1721 qui
2174 1651 2228 1705 in
2257 1666 2586 1721 unaquaque
2622 1651 2865 1707 Ecclesia
2904 1667 2969 1706 eo
3001 1661 3246 1720 tempore
3279 1651 3509 1720 prophe-

1925 1741 2139 1803 tabant,
2172 1742 2353 1808 qualis
2382 1752 2500 1796 erat
2529 1742 2751 1811 Agabus
2781 1742 2989 1812 aliique
3022 1741 3175 1793 inulti
3203 1739 3270 1794 ³⁷.
3306 1738 3506 1792 Verum

232 1833 435 1903 φῆται,
489 1831 608 1896 πῶς
644 1833 674 1886 ό
715 1831 922 1904 Κύριός
981 1849 1166 1904 φησιν,
1237 1851 1258 1886 ι
1295 1833 1355 1887 '0
1402 1834 1569 1905 νόμος
1619 1835 1715 1889 καὶ
1770 1835 1814 1887 ol

1928 1834 1974 1889 si
2001 1841 2161 1889 erant
2189 1834 2486 1905 prophetae,
2512 1835 2786 1904 quomodo
2821 1836 2894 1889 ait
2928 1833 3198 1887 Dominus
3225 1851 3238 1887 :
3268 1851 3286 1883 ι
3319 1832 3426 1886 Lex
3456 1841 3510 1885 et

230 1926 557 1996 προφῆται,
605 1926 714 1989 ἕως
748 1925 1036 1993 Ἰωάννους
1076 1945 1095 1979 ι
1152 1925 1262 1980 Καί
1307 1942 1507 1997 φαμεν,
1563 1927 1647 1980 ὅτι
1695 1927 1814 1991 τοὺς

1928 1926 2214 1997 prophetae
2284 1942 2461 1995 usque
2510 1928 2576 1981 ad
2632 1927 2899 1982 Joannem
2939 1926 3025 1980 “'l
3076 1945 3095 1979 ι
3159 1926 3223 1979 Et
3275 1925 3511 1979 diciums

234 2019 509 2083 παλαιούς
549 2035 712 2089 φησιν
732 2021 760 2073 ό
782 2019 1008 2089 Κύριος,
1038 2018 1167 2082 τοὺς
1194 2019 1296 2089 τὴν
1320 2020 1623 2090 παρουσίαν
1650 2018 1814 2073 αὐτοῦ

1924 2017 2066 2085 quod
2097 2016 2164 2071 de
2223 2018 2503 2073 veteribus
2547 2017 2658 2073 illis
2715 2018 2957 2087 loquitur
3000 2018 3287 2079 Dominus,
3323 2018 3415 2087 qui
3438 2016 3510 2072 de

233 2108 756 2180 προφητεύσαντας.
821 2126 841 2160 ι
867 2108 1130 2181 Δεύτερον
1168 2111 1476 2182 προφήτας.
1504 2129 1523 2163 ι
1578 2142 1647 2155 -—
1668 2113 1814 2183 Προ-

1924 2107 2093 2177 ipsius
2118 2108 2357 2162 adventu
2395 2109 2875 2180 pr0phctaveraut.
2916 2130 2933 2162 ι
2983 2109 3240 2165 Secundo
3270 2109 3507 2180 prophe-

233 2202 422 2270 φήτας
466 2200 663 2270 λέγειό
710 2200 883 2271 μέγας
914 2200 1261 2268 Ἀπόστολος,
1295 2201 1357 2255 οὐ
1405 2202 1534 2266 τοὺς
1563 2203 1671 2273 πρὸ
1718 2204 1814 2275 τῆς

1924 2206 2023 2255 tas.
2059 2217 2078 2250 ι
2125 2229 2193 2240 -
2232 2201 2543 2271 Prophetas
2596 2200 2730 2257 dicit
2785 2216 3017 2271 magnus
3068 2203 3362 2273 Apostolus
3403 2219 3510 2258 non

236 2293 489 2364 χάριτος,
554 2293 691 2349 ἀλλά
739 2294 866 2357 τοὺς
921 2293 1060 2365 μετά
1114 2295 1216 2367 τὴν
1262 2295 1447 2368 χάριν,
1494 2295 1555 2361 ἐξ
1584 2290 1660 2350 ῶν
1682 2292 1751 2370 ἦν
1786 2300 1814 2351 ό

1924 2291 2010 2364 qui
2040 2301 2169 2348 ante
2209 2302 2423 2363 tempus
2453 2295 2662 2364 gratiae,
2692 2295 2788 2350 sed
2822 2296 2916 2365 qui
2960 2306 3083 2366 post
3121 2298 3349 2365 gratiam
3384 2297 3509 2353 fue-

243 2386 506 2454 Ἀγαϐδς,
555 2388 649 2440 καὶ
704 2388 754 2441 οἰ
814 2390 872 2441 ἐν
938 2386 1241 2461 Ἀντιοχείᾳ
1279 2389 1761 2460 προφητεύσαντες
1798 2432 1813 2458 ,

1924 2389 2066 2448 runt,
2112 2382 2256 2437 inter
2302 2398 2443 2453 quos
2498 2391 2620 2438 erat
2674 2385 2897 2455 Agabus
2950 2396 3004 2441 et
3056 2387 3148 2456 qui
3204 2387 3511 2442 Antiochia:

232 2480 338 2533 καὶ
371 2478 535 2542 αὐτὸς
557 2480 585 2533 ό
613 2480 756 2543 θεῖος
778 2479 1126 2545 ’Δπόστολος.
1146 2480 1373 2553 «Τρίτον
1398 2481 1771 2547 διδασκάλους.
1789 2503 1808 2538 ι

1924 2475 2411 2546 prophetaverant,
2457 2477 2685 2548 ipseque
2725 2477 2943 2534 divinus
2973 2479 3290 2548 Apostolus.
3327 2499 3346 2531 ι
3382 2478 3512 2535 Ter-

233 2579 353 2631 Ka‘t
379 2577 487 2649 γὰρ
539 2579 632 2631 καί
657 2570 804 2631 οὗτοι
834 2578 901 2632 τά
937 2578 1171 2649 μέγιστα
1207 2578 1503 2646 ὠφελοῦσι,
1530 2580 1626 2634 καὶ
1664 2581 1812 2635 εἰκό-

1924 2568 2003 2622 tio
2032 2569 2311 2624 doctores.
2351 2588 2371 2622 ι
2405 2569 2541 2624 Nam
2584 2578 2638 2624 ct
2681 2571 2737 2625 bi
2787 2571 3083 2642 plurimum
3140 2582 3392 2643 prosunt,
3449 2588 3513 2629 ac

232 2686 348 2733 τως
379 2670 517 2723 εἰσὶν
549 2670 713 2733 εὐθὺς
738 2670 877 2739 μετά
927 2670 1056 2734 τοὺς
1092 2673 1400 2742 προφήτας.
1439 2690 1457 2723 ι
1487 2666 1619 2727 Εῐτα
1655 2674 1814 2728 δυνά-

1924 2661 2122 2716 merito
2150 2663 2335 2716 statim
2385 2674 2509 2733 post
2546 2666 2841 2734 prophetas
2890 2679 3189 2735 ponuntur.
3235 2685 3253 2717 ι
3304 2664 3512 2721 Deinde

239 2775 389 2829 μεις.
419 2777 438 2811 ι
475 2790 541 2802 -
569 2758 1032 2835 [ΓΕΝΝΑΔῘΟΥ.]
1074 2762 1154 2815 Τὰ
1183 2764 1533 2835 ἐνεργήματα
1573 2766 1814 2837 δηλονότι

1924 2762 2245 2824 potestates.
2288 2774 2307 2807 ι
2341 2754 2670 2810 —Etl‘cctus
2701 2758 2956 2812 videlicet
3012 2774 3077 2813 ac
3111 2757 3372 2813 eﬁieacia:
3415 2773 3512 2827 pa-

231 2851 349 2905 τῶν
376 2852 678 2922 δυνάμεων.
716 2854 781 2906 Αἰ
815 2853 914 2923 μὲν
986 2854 1267 2923 δυνάμεις,
1328 2855 1423 2910 καί¹
1481 2855 1640 2909 ἰῶντο
1689 2860 1814 2922 τοὺς

1924 2855 2206 2903 testatum.
2239 2850 2547 2904 Poteslates
2584 2851 2803 2920 quidem
2834 2860 2886 2906 et
2932 2851 3183 2906 infirmos
3208 2854 3497 2913 Sanabant,

234 2944 506 3010 ἀσθενεῖς,
530 2947 626 3000 καὶ
651 2937 910 3009 ἐκόλαζον
932 2948 1057 3011 τοὺς
1081 2946 1486 3014 ἀντιλέγοντας,
1508 2948 1584 3011 ὡς
1605 2948 1814 3011 Παῦλος

1924 2947 1977 2994 et
2004 2939 2452 2995 contradicentes
2480 2942 2804 3010 puniebant,
2841 2943 2987 2997 sicut
3009 2941 3174 2995 Palus
3200 2941 3441 3013 Elymam
3462 2942 3505 2975 "

230 3035 327 3089 τὸν
374 3036 633 3106 Ἐλύμαν,
686 3036 782 3090 καὶ
814 3041 840 3091 ὁ
871 3038 1077 3108 Πέτρος
1132 3037 1223 3091 τὸν
1268 3039 1537 3093 Ἀνανίαν.
1568 3041 1630 3093 υἱ
1656 3039 1712 3092 δὲ
1747 3039 1814 3093 τὰ

1924 3040 1978 3086 et
2006 3030 2199 3086 Petrus
2227 3033 2495 3087 Ananiam
2530 3033 2575 3066 ⁸ο
2607 3052 2620 3089 :
2656 3035 2749 3103 qui
2788 3050 2915 3088 vero
2964 3035 3107 3088 dona
3160 3038 3510 3089 sanationutn

232 3128 561 3199 χαρίσματα
599 3129 707 3181 τῶν
763 3129 1009 3199 ἰαμάτων
1038 3129 1276 3201 ἔχοντες,
1316 3130 1478 3201 μόνον
1509 3131 1685 3185 ἰῶντο.
1717 3133 1814 3186 Διά

1924 3123 2237 3191 habebant,
2278 3127 2459 3181 solum
2515 3128 2783 3181 sanabant
2817 3144 2831 3181 :
2883 3140 3172 3198 propterea
3201 3128 3363 3181 etiam
3418 3142 3514 3194 p0-

231 3217 399 3272 τοῦτο
454 3218 547 3272 καὶ
604 3221 847 3291 προτιμᾷ
895 3219 995 3283 τὰς
1022 3220 1300 3290 δυνάμεις.
1350 3240 1368 3274 ι
1407 3221 1814 3292 ⁹Αντιλήψεις.›

1926 3223 2155 3271 testates
2199 3217 2255 3271 in
2309 3218 2519 3272 honore
2573 3219 2862 3287 praeponit.
2906 3235 2924 3270 ι
2966 3217 3242 3273 Sub~idia.
3281 3237 3302 3268 ›
3340 3216 3511 3287 Opem

228 3311 308 3363 1's
340 3310 682 3380 ’ἀντέχεσθαι
738 3310 847 3362 τῶν
898 3309 1293 3376 ἀσθενούντων,
1339 3314 1434 3366 καὶ
1483 3318 1811 3385 προστατεῖν

1924 3305 2066 3362 l'erre
2105 3310 2345 3378 aegrotis,
2380 3310 2596 3380 illisque
2626 3325 2869 3380 prteesse
2905 3328 2918 3363 :
2953 3310 3099 3379 quod
3137 3313 3317 3380 ipsum
3346 3312 3511 3365 etiam

229 3401 438 3467 αὐτῶν,
478 3401 612 3472 ὅπερ
644 3401 738 3455 καί
765 3402 895 3455 αὐτὸ
921 3403 1169 3474 χάρισμα
1200 3404 1374 3473 λέγει,
1408 3407 1457 3460 εί
1485 3406 1581 3460 καὶ
1615 3408 1816 3478 ἡμετέ-

232 3511 351 3563 ρων
396 3493 565 3547 δεῖται
638 3493 834 3550 πόνων.
877 3496 950 3548 Τὸ
978 3495 1035 3550 δέ
1084 3497 1215 3551 αύτδ
1245 3500 1310 3568 τῇ
1354 3498 1815 3571 ἀντιλήψειήκυ-

229 3584 513 3655 ϐέρνησις,
572 3584 743 3656 ἤγουν
800 3586 1004 3656 ὅμοιον.
1042 3587 1216 3658 «Γένη
1245 3588 1529 3657 γλωσσῶν.
1556 3609 1573 3642 ι
1607 3590 1814 3645 Τούτου

226 3677 329 3730 τοῦ
390 3676 729 3748 χαρίσματος
784 3673 925 3749 ἦσαν
964 3677 1261 3751 ἠξιωμένοι
1290 3682 1338 3733 οἰ
1390 3681 1687 3753 Κορίνθιοι,
1721 3684 1816 3737 καὶ

237 3769 385 3838 μέγα
440 3769 529 3823 ἐπ’
580 3769 730 3840 αύτῷ
781 3770 1065 3841 ἐφρόνουν.
1134 3772 1226 3825 Διὸ
1275 3773 1373 3827 καὶ
1436 3776 1815 3832 καταστέλλων

230 3860 419 3915 αύτῶν
448 3861 546 3932 τὴν
592 3863 789 3932 οῖησιν,
845 3862 1071 3933 ἔσχατον
1126 3864 1373 3919 τέθεικεν
1401 3881 1417 3897 ο
1454 3885 1473 3917 ι
1493 3868 1584 3938 Μὴ
1614 3868 1816 3931 πάντες

229 3954 566 4021 auds-colat;
593 3972 613 4006 ι
658 3949 794 4009 Εἶτα
851 3955 939 4009 ῖνα
974 3955 1047 4027 μὴ
1074 3959 1141 4027 τῇ
1170 3956 1320 4023 τάξει
1370 3958 1579 4031 ταύτῃ,
1626 3959 1815 4031 καὶτῷ

232 4045 554 4117 φανερῶσαι
602 4047 671 4100 τά
743 4047 966 4117 μείζονα
1029 4048 1125 4101 καὶ
1171 4048 1240 4102 τὰ
1302 4045 1605 4122 μικρότερα
1660 4051 1815 4122 χαρί-

233 4151 459 4205 σματα,
518 4137 651 4189 πᾶσι
706 4134 884 4207 λύπην
966 4137 1183 4209 ἐμϐάλῃ
1269 4141 1382 4201 τοῖς
1423 4141 1491 4193 τὰ
1556 4140 1815 4193 ἐλάττονα

229 4227 473 4299 ἔχουσιν,
528 4227 757 4281 ἄκουσον
804 4226 858 4279 τί
888 4243 1021 4297 φησι
1063 4243 1078 4257 ·
1112 4227 1204 4299 Μὴ
1240 4228 1442 4302 πάντες
1501 4229 1811 4295 ἀπόστολοι,

227 4321 267 4390 ἢ
308 4319 617 4390 προφῆταις
654 4320 715 4373 Εἰ
741 4321 850 4390 γὰρ
869 4320 1071 4383 πάντες
1096 4319 1154 4372 ἐν
1186 4317 1306 4392 ἦτε,
1333 4323 1433 4374 οὐκ
1456 4317 1555 4393 ἦτε
1579 4322 1812 4394 διάφορα

233 4410 399 4479 μέλη.
436 4410 498 4462 Ei
531 4413 751 4475 πάντες,
785 4412 971 4479 φησὶν,
1005 4406 1103 4482 ἦτε
1130 4413 1429 4482 προφῆται,
1456 4411 1560 4464 ποῦ
1600 4414 1649 4465 oi
1674 4411 1811 4467 ἀπό-

231 4502 448 4569 στολοις
491 4504 539 4554 εἰ
564 4502 764 4566 πάντες
806 4503 1116 4571 ἀπόστολοι,
1176 4503 1280 4557 ποῦ
1339 4504 1389 4556 οἰ
1444 4504 1808 4571 διδασκάλοις

1925 3397 2129 3453 donum
2157 3400 2313 3463 dicit,
2358 3401 2487 3457 licet
2522 3403 2725 3457 nostris
2762 3417 2985 3472 quoque
3017 3418 3156 3472 Opus
3191 3405 3263 3457 sit
3308 3403 3513 3458 labori-

1922 3490 2048 3545 bus.
2089 3490 2247 3557 Ωιιοά
2277 3501 2460 3548 autem
2491 3495 2742 3564 sequitur
2765 3496 3211 3565 gubernationes.
3248 3496 3389 3549 idem
3420 3507 3509 3550 est

1923 3583 2069 3652 quod
2102 3584 2352 3639 subsidia
2385 3596 2480 3639 aut
2534 3586 2818 3657 quidpiam
2876 3587 3077 3642 simile.
3105 3604 3124 3639 ι
3160 3584 3370 3641 Genera
3407 3590 3512 3641 lin-

1924 3691 2189 3746 guarum.
2233 3696 2252 3729 ι
2291 3677 2407 3732 Hoc
2439 3677 2644 3733 donum
2686 3689 3010 3749 acceperant
3042 3679 3332 3742 Corinthii,
3360 3688 3413 3733 et
3443 3679 3515 3734 ob

1920 3770 2023 3823 hoc
2040 3771 2337 3840 plurimum
2365 3770 2775 3825 eﬂ'erebautur:
2811 3771 3043 3840 ideoque
3078 3770 3145 3824 ad
3186 3771 3509 3825 modestiam

1919 3877 2187 3918 revocans
2243 3861 2450 3917 fastum
2509 3862 2777 3931 ipsorum.
2816 3874 3094 3931 postremo
3146 3863 3267 3916 loco
3301 3864 3506 3929 posuit.

1924 3971 1946 4006 ι
1990 3954 2131 4009 Num
2163 3970 2355 4011 omnes
2380 3955 2657 4025 apostoliﬁl
2691 3975 2708 4006 ι
2748 3953 2951 4010 Deinde
2986 3971 3054 4009 ne
3092 3956 3196 4009 hoc
3229 3956 3423 4010 ordine
3455 3962 3510 4008 et

1928 4062 1993 4102 ex
2019 4062 2084 4102 eo
2106 4048 2251 4117 quod
2292 4048 2501 4115 majora
2542 4062 2604 4100 ac
2651 4048 2865 4100 minora
2896 4048 3037 4101 dona
3106 4049 3500 4102 manifestave-

1918 4139 1993 4193 rit
2020 4138 2277 4193 omnibus
2301 4153 2591 4193 maerorem
2624 4139 2840 4207 injiciat
2888 4140 2978 4207 qui
3014 4139 3224 4194 minora
3288 4141 3511 4207 habent,

1924 4231 2051 4286 audi
2077 4233 2207 4302 quid
2233 4233 2405 4288 dicat.
2433 4232 2577 4287 Num
2600 4250 2793 4287 omnes
2822 4234 3051 4302 apostoli
3080 4246 3171 4288 aut
3199 4237 3515 4304 prophetae?

1922 4321 2059 4377 Nam
2088 4324 2132 4378 si
2164 4338 2357 4379 omnes
2411 4340 2579 4377 unum
2626 4333 2835 4387 essent,
2894 4338 3239 4393 nequaquam
3294 4326 3507 4378 diversa

1918 4413 2389 4469 essentmemhra.
2418 4413 2475 4466 Si
2506 4427 2721 4476 omnes,
2766 4411 2963 4480 inquit,
2990 4421 3173 4466 essent
3198 4414 3499 4481 prophetae,

1921 4503 2013 4556 ubi
2035 4504 2268 4572 apostoli
2300 4503 2326 4557 ἲ
2357 4504 2404 4557 si
2434 4518 2625 4558 omnes
2655 4502 2910 4572 apostoli,
2934 4502 3025 4556 ubi
3068 4502 3322 4556 doctores
3349 4503 3373 4554 Υ
3409 4502 3507 4555 Hir-

226 4592 374 4645 ὥστε
411 4595 445 4663 ὴ
472 4593 624 4659 τάξις
670 4593 809 4665 αὕτη
863 4596 958 4648 καὶ
989 4595 1347 4666 συμφέρουσα
1397 4597 1493 4649 καὶ
1522 4595 1813 4666 ὠφελιμω-

1930 4596 2115 4664 itaque
2177 4594 2316 4649 ordo
2368 4595 2669 4666 plurimutn
2726 4593 2962 4658 confert,
3015 4592 3310 4647 ostendens
3364 4593 3506 4661 quod

225 4686 390 4752 τέρα,
423 4686 509 4738 ἵνα
537 4685 766 4749 ἕκαστος
793 4686 889 4738 τοῦ
921 4686 1152 4756 πλησίον
1185 4686 1401 4757 δέηται.

302 4779 575 4845 Ζηλοῦτε
614 4778 683 4831 δὲ
727 4781 799 4851 τὰ
848 4780 1189 4847 χαρίσματα
1218 4778 1290 4833 τὰ
1336 4779 1665 4848 κρείττονα,
1712 4780 1814 4834 καί

225 4870 315 4925 ἔτι
339 4868 472 4923 καθ’
493 4869 840 4937 ὑπερϐολὴν
857 4868 1003 4923 ὀδόν
1024 4869 1167 4939 ὑμῖν
1198 4870 1491 4941 δείκνυμι.
1511 4872 1655 4925 Ἐὰν
1678 4872 1811 4938 ταῖς

224 4961 542 5031 γλώσσαις
572 4958 689 5013 τῶν
716 4960 1046 5028 ἀνθρώπων
1069 4960 1240 5016 λαλῶ
1260 4961 1360 5015 καί
1383 4960 1501 5015 τῶν
1514 4963 1806 5031 ἀγγέλων,

225 5052 477 5121 ἀγάπην
507 5050 681 5120 δὲμὴ
716 5053 835 5119 ἔχω
866 5092 882 5118 ,
932 5052 1152 5121 γέγονα
1213 5053 1445 5122 χαλκὸς
1513 5052 1716 5121 ἠχῶν,
1767 5054 1807 5123 ἢ

224 5144 545 5211 κύμϐαλον
585 5141 908 5203 ἀλαλάζον.
969 5145 1021 5197 Κ
1030 5141 1081 5195 τί
1104 5141 1214 5196 ἐὰν
1248 5143 1368 5211 ἔχω
1418 5144 1805 5213 προφητείαν,

225 5235 327 5289 καὶ
358 5232 498 5288 εἰδῶ
538 5236 612 5288 τὰ
659 5234 967 5305 μυστήρια
1019 5232 1238 5299 πάντα,
1298 5235 1396 5288 καί
1443 5231 1654 5290 πᾶσαν
1694 5234 1810 5303 τὴν

225 5325 481 5395 γνῶσιν,
528 5326 628 5378 και
676 5324 786 5379 ἐὰν
852 5325 972 5395 ἔχω
1024 5326 1233 5380 πᾶσαν
1255 5326 1371 5394 τὴν
1395 5328 1624 5387 πίστιν,
1651 5325 1808 5381 ὥστε

229 5418 338 5488 ὄρη
366 5415 778 5486 μεθιστάνειν,
814 5415 1056 5485 ἀγάπην
1081 5416 1251 5487 δὲμὴ
1274 5417 1413 5486 ἔχω,
1451 5417 1632 5472 οὐθέν
1664 5420 1804 5486 ειμι.

1920 4686 2155 4757 quisque
2188 4687 2440 4754 proximo
2464 4703 2604 4757 opus
2635 4687 2857 4741 habeat.

1992 4779 2110 4839 XII.
2141 4781 2201 4834 51
2238 4799 2253 4844 ς
2291 4778 2430 4841 Xlll,
2478 4781 2590 4835 1-5.
2624 4778 2981 4833 Ᾱῖηιιιίαηιὲηἱ
3031 4787 3202 4831 autem
3237 4775 3380 4831 dona
3417 4792 3509 4846 po-

1918 4874 2180 4927 tiora:et
2206 4869 2325 4940 jam
2384 4870 2699 4924 excellenter
2756 4871 2891 4924 viam
2944 4867 3087 4921 vobis
3148 4869 3388 4923 ostendo.
3450 4866 3508 4923 Si

1918 4964 2113 5033 linguis
2134 4963 2402 5015 hominum
2427 4961 2615 5028 loquar
2636 4969 2684 5015 et
2708 4960 3041 5031 angelorum,
3062 4960 3377 5013 charitutem
3402 4978 3505 5014 au-

1915 5063 2017 5108 tem
2051 5070 2155 5108 non
2193 5053 2439 5113 habeam,
2467 5052 2643 5117 factus
2674 5068 2790 5105 sum
2824 5068 2897 5105 ανδ
2929 5068 3204 5114 resonans,
3234 5062 3326 5106 aut
3356 5068 3500 5121 cym-

1914 5145 2093 5199 balum
2131 5145 2385 5198 tinniens.
2418 5142 2485 5196 Et
2516 5144 2563 5198 si
2592 5144 2811 5197 habeam
2834 5144 3162 5213 prophetiam
3192 5157 3237 5197 et
3272 5145 3505 5198 noverim

1913 5236 2169 5306 mysteria
2227 5234 2407 5286 omnia
2453 5231 2614 5305 547
2667 5248 2971 5300 omnemque
3025 5233 3301 5287 scientiam
3333 5240 3427 5284 :et
3454 5231 3501 5284 si

1914 5327 2137 5381 habeam
2175 5342 2381 5381 omnem
2403 5325 2584 5395 ﬁdem,
2616 5325 2747 5378 adeo
2777 5334 2834 5378 ut
2869 5335 3075 5378 montes
3124 5331 3500 5380 transmutem,

1913 5419 2227 5472 eharitatem
2254 5428 2430 5472 autem
2463 5433 2569 5470 non
2596 5417 2839 5480 habeam,
2873 5416 3008 5470 nihil
3028 5432 3166 5469 sum.
3201 5414 3266 5468 Et
3296 5415 3344 5467 si
3364 5427 3502 5476 pau-

228 5510 343 5566 Kal
385 5510 495 5563 ἐὰν
521 5508 776 5578 ψωμίσω
824 5507 1023 5562 πάντα
1044 5509 1117 5562 τὰ
1153 5507 1505 5577 ὑπάρχοντά
1524 5526 1670 5579 μου,
1702 5508 1805 5562 καί

1924 5526 2054 5564 teres
2080 5509 2267 5564 alendo
2296 5511 2564 5563 insumam
2589 5525 2766 5563 omnes
2799 5508 3084 5577 farultates
3135 5521 3277 5559 meas
3313 5514 3406 5558 :et
3440 5503 3488 5557 si

224 5602 341 5656 ἐὰν
360 5601 605 5668 παραδῶ
618 5599 683 5654 τό
710 5599 884 5668 σῶμά
897 5618 1016 5669 μου
1065 5601 1167 5654 ἵνα
1204 5600 1617 5671 καυθήσωμαι,
1657 5600 1807 5671 ἀγόν

226 5711 358 5763 mir
380 5693 450 5748 δὲ
465 5693 552 5763 μὴ
574 5695 711 5763 ἔχω,
738 5690 921 5748 οὐδὲν
934 5691 1299 5763 ὠφελοῦμαι.

296 5871 344 5906 ⁸⁷
375 5870 496 5928 Act.
530 5889 605 5941 χι,
629 5872 730 5938 28;
763 5890 878 5940 ut,
915 5875 1000 5931 10.
1077 5876 1124 5910 ³⁸

1197 5874 1472 5945 Luc.xxt,
1506 5874 1593 5932 l6.
1670 5875 1714 5911 ³³
1756 5875 1878 5933 Act.
1920 5892 2040 5944 xm,
2082 5876 2136 5931 3.

1914 5601 2129 5656 tradam
2158 5618 2349 5670 corpus
2374 5618 2568 5664 meum,
2605 5610 2663 5655 ut
2691 5601 3004 5663 comburat,
3053 5599 3367 5653 charitatem
3396 5612 3489 5650 att-

1910 5702 2012 5750 tem
2042 5711 2143 5749 non
2171 5694 2414 5760 habeam,
2441 5693 2572 5748 nihil
2608 5694 2736 5747 mihi
2761 5690 2997 5762 prodest.

2215 5876 2259 5907 δθ
2299 5873 2418 5929 Act.
2466 5890 2515 5942 v,
2570 5873 2584 5924 Ι
2633 5887 2794 5941 seqq.
