3872 6586
429 409 535 479 831

501 524 722 581 Leniter
738 525 888 596 ipsos
908 525 1074 580 etiam
1102 523 1374 594 designat.
1395 526 1527 589 Vos,
1551 525 1751 595 inquit.
1769 525 1822 580 in
1841 536 2007 579 causa
2036 525 2083 580 Δ

1490 412 1888 475 (ECUMENU
1922 409 2219 469 TRICC.E
2257 408 2602 469 EPISCUPI

3552 413 3657 477 83!

2193 520 2409 590 Ἠρὲμα
2461 523 2557 574 καὶ
2610 522 2831 592 ᾐνίξατο
2885 522 3104 586 αὐτούς.
3130 524 3255 579 ὀτι
3286 522 3459 593 ὓμιὶς,
3485 529 3654 595 φησὶν,

429 616 566 671 estis
592 615 740 684 quod
771 629 962 685 magna
1018 629 1127 668 non
1155 614 1438 683 accipiatis
1467 613 1631 679 dona,
1670 624 1893 684 propter
1917 628 2005 668 ve-

2111 611 2271 666 αἴτιοι
2321 612 2417 665 τοῦ
2478 613 2692 681 μεγάλα
2737 613 2812 685 μὴ
2857 614 3044 669 λαϐεῖν
3085 616 3428 686 χαρίσματα,
3471 617 3658 691 διάιὴν

431 717 602 762 stram
638 708 964 764 socordiam.
992 706 1126 763 Nam
1158 708 1260 762 hoc
1288 708 1495 762 indicat
1528 708 1673 779 quod
1702 709 1779 763 ait
1806 707 2005 763 Emu-

431 797 642 850 latnini.
678 794 794 850 Non
836 806 1018 850 tamen
1044 797 1182 851 dixit
1215 797 1428 868 Magna,
1462 798 1561 853 sed
1595 799 1809 868 potiora
1852 817 1868 854 :
1903 798 2007 855 hoc

430 897 515 940 est
558 888 777 941 utiliora
817 896 870 941 et
916 903 1037 956 qua:
1070 890 1242 959 magis
1302 888 1602 945 Ecclesium
1649 890 1842 958 juvare
1881 905 2007 960 pos-

430 980 560 1032 sint.
589 1008 656 1020 -
688 979 809 1033 Alio
867 980 1044 1035 modo.
1084 999 1103 1033 ι
1148 980 1511 1037 Ᾱίιηυιιιιηίιιὶ
1561 992 1742 1038 autem
1776 983 1937 1049 dona.
1979 1002 1998 1035 ι

431 1072 670 1140 Apparet
706 1072 838 1125 mihi
890 1089 996 1126 non
1028 1072 1080 1128 id
1117 1090 1242 1128 eum
1292 1075 1498 1131 dixisse
1549 1075 1896 1130 exhortando
1950 1082 2006 1131 et

427 1164 781 1219 enuutinndo.
825 1164 1110 1229 Quomodo
1142 1167 1288 1220 enim
1353 1168 1458 1221 hoc
1523 1167 1766 1231 fecisset,
1800 1170 1895 1237 qui
1922 1176 2007 1225 to-

435 1254 535 1307 ties
582 1254 720 1306 dixit
778 1270 1223 1324 unumquemque
1266 1256 1468 1310 donum
1528 1257 1808 1325 accepisse
1843 1258 1910 1313 ad
1951 1258 2005 1312 id

435 1343 579 1413 quod
611 1344 952 1413 expediebat.
986 1347 1254 1414 totiesque
1304 1344 1701 1401 demonstravit
1750 1362 1873 1400 eum
1911 1346 2005 1417 qui

435 1438 613 1503 majus
641 1437 841 1491 denunt
879 1437 1081 1491 habere
1110 1437 1397 1491 videbatur
1422 1437 1476 1491 in
1510 1439 1659 1493 nullo
1692 1440 2007 1509 praecellere

430 1544 600 1598 super
635 1544 760 1585 eum
800 1527 893 1599 qui
943 1529 1174 1583 minus?
1217 1530 1310 1584 sed
1342 1529 1545 1584 dictum
1573 1546 1696 1587 esse
1749 1546 1780 1585 a
1817 1531 2005 1589 divino

430 1618 600 1672 Paulo
635 1620 768 1672 mihi
800 1618 1018 1674 vidclut‘
1051 1636 1146 1689 per
1168 1620 1677 1690 interrOgationem.
1710 1640 1728 1674 ι
1755 1620 2006 1678 Ειηυιιιο

427 1715 585 1775 miui.
615 1713 812 1783 inquit,
835 1712 977 1767 dona
1003 1714 1298 1784 potiora?»
1333 1714 1566 1770 necdum
1589 1715 1746 1770 vobis
1773 1731 2003 1785 persua-

426 1807 623 1874 simus,
647 1821 715 1862 ne
735 1806 974 1878 graviter
990 1806 1185 1863 feraris
1209 1808 1354 1878 quod
1381 1809 1710 1878 acceperitis
1740 1809 1953 1865 minora
1982 1809 2007 1862 ί

2109 703 2382 775 ρᾳθυμίαν
2400 705 2574 774 ὑμῶν.
2602 706 2772 761 Τοῦτο
2798 708 2909 776 γὰρ
2932 708 3016 770 τὸ,
3040 708 3331 777 «Ζηλοῦτε,
3359 728 3375 761 ι
3406 710 3657 778 ἐμφαίνει.

2120 795 2259 850 Ἀλλ’
2283 798 2381 850 οὐκ
2409 793 2554 861 εἷπε,
2575 799 2825 867 Μεγάλα,
2851 800 3126 861 ἀλλά,‹Τά
3163 801 3463 869 κρείττονα.
3496 821 3514 855 ι
3532 821 3662 857 τουτ-

2106 887 2223 940 έστι
2254 887 2324 942 τὰ
2378 888 2809 961 ὠφελιμώτερα,
2862 893 2956 946 καὶ
3006 892 3282 961 δυνάμενα
3335 894 3528 961 μᾶλλον
3574 897 3660 964 τὴν

2104 977 2435 1048 Ἐκκλησίαν
2486 979 2734 1050 ὠφελεῖν.
2758 1011 2827 1040 -τ-
2869 984 3126 1049 Ἄλλως.
3398 986 3489 1044 Τὸ,
3530 1006 3549 1036 ί
3572 989 3662 1055 Ζη-

2106 1069 2262 1123 λοῢτε
2283 1071 2340 1124 δὲ
2364 1071 2431 1125 τά
2460 1074 2800 1143 χαρίσματα,
2822 1094 2842 1128 ι
2899 1075 3044 1128 δοκῶ
3075 1094 3164 1146 μοι
3202 1076 3278 1144 μὴ
3306 1077 3449 1131 κατά
3482 1081 3660 1147 caput-

2106 1178 2252 1217 νεσιν
2303 1165 2399 1218 καὶ
2454 1166 2760 1234 ἀπόῳανσιν
2790 1169 3092 1237 εἰρηκέναι.
3136 1169 3263 1233 Πῶς
3289 1170 3399 1238 γὰρ
3421 1172 3510 1237 ὅγε
3548 1173 3663 1224 πολ-

2106 1251 2264 1318 λάκις
2325 1255 2464 1326 πρός
2492 1273 2552 1309 τε
2582 1256 2641 1310 τὸ
2673 1258 2950 1328 συμφέρον
3006 1260 3180 1312 είπὼν
3224 1260 3411 1313 λαϐεῖν
3455 1262 3662 1316 ἕκαστον

2106 1346 2167 1398 τὸ
2186 1345 2456 1417 χάρισμα,
2490 1347 2586 1401 καὶ
2638 1349 2801 1420 μηδὲν
2834 1350 3117 1422 διαφέρειν
3149 1353 3415 1417 πολλάκις
3451 1354 3665 1409 ἐνδειξά-

2109 1452 2273 1506 μενος
2308 1435 2399 1489 τὸν
2444 1436 2706 1491 δοκοῦντα
2730 1438 2873 1509 ἔχειν
2914 1441 2975 1492 τὸ
3027 1440 3217 1510 μεῖζον
3246 1444 3510 1511 χάρισμα,
3540 1445 3665 1512 πρὸς

2103 1525 2199 1582 τὸν
2245 1526 2438 1599 ἔχοντα
2464 1528 2529 1582 τὸ
2568 1529 2825 1597 ἔλαττονς
2869 1531 3013 1584 ’Δλλ“
3035 1533 3288 1603 εἰρῆσθαί
3321 1551 3413 1602 μοι
3443 1534 3582 1587 δοκεῖ
3598 1535 3665 1604 τῷ

2107 1619 2380 1692 θεσπεσίῳ
2427 1621 2627 1694 Παύλῳ
2674 1625 2797 1678 κατ’
2854 1624 3147 1696 ἐρώτησιν.
3193 1645 3213 1678 ι
3243 1625 3667 1696 Ζηλοῦττ,φησὶ,

2105 1711 2175 1765 τά
2212 1713 2528 1784 χαρίσματα
2545 1714 2610 1769 τά
2645 1715 2962 1786 κρείττονα,
2990 1734 3009 1768 ι
3038 1716 3134 1770 καὶ
3165 1715 3320 1773 οὔπω
3364 1718 3507 1787 ὑμᾶς
3532 1718 3668 1771 imi-

2108 1820 2283 1874 σαμεν
2331 1804 2408 1878 μὴ
2453 1806 2685 1877 ἀθυμεῖν
2736 1807 2832 1861 sui.
2878 1810 2991 1873 τοῖς
3049 1808 3366 1872 ἐλάττοσιν,
3432 1809 3545 1863 ἀλλ’
3599 1810 3673 1864 ἔτι

427 1898 523 1952 sed
553 1899 734 1953 adhuc
763 1908 1039 1954 amatores
1061 1913 1125 1953 ac
1156 1900 1505 1957 aenmlatores
1526 1902 1794 1970 majorum
1828 1903 2003 1959 estis?

2111 1866 2345 1965 spectat
2394 1866 2510 1953 ’καὶ
2557 1866 2799 1969 ξηλωταὶ
2843 1866 3246 1969 τῶν-μειζόνων
3276 1866 3568 1972 ἐστέςὲγὼ
3591 1903 3668 1954 καὶ

425 2005 528 2059 ego
557 2005 775 2060 quoque
801 1990 914 2059 jam
942 1990 1010 2045 ad
1034 2006 1096 2045 ea
1121 2006 1242 2061 quae
1273 1990 1418 2046 dicta
1449 2000 1578 2047 sunt
1607 1993 1996 2064 compendium

425 2083 584 2139 vobis
614 2097 678 2138 ac
708 2083 851 2136 viam
898 2082 1240 2147 demonstro,
1275 2099 1371 2155 per
1398 2100 1567 2155 quam
1616 2086 1768 2141 nullo
1805 2086 1998 2142 borum

427 2174 695 2245 majorum
724 2175 991 2230 donorum
1043 2176 1199 2232 vobis
1246 2191 1384 2247 opus
1417 2178 1512 2244 sit,
1543 2178 1639 2234 sed
1668 2183 1881 2234 caeteris
1905 2194 2002 2234 ex-

425 2270 689 2326 cellenter
716 2284 781 2325 ac
812 2285 935 2325 vere
964 2269 1204 2340 majores
1235 2284 1298 2324 ac
1333 2269 1691 2341 perfectiores
1736 2287 2003 2344 apparea-

427 2361 519 2418 tis.
551 2362 812 2430 Quaenam
837 2362 1006 2432 igitur
1035 2375 1120 2418 εει
1161 2362 1251 2415 illa
1283 2363 1411 2417 res?
1441 2361 1680 2433 Simplex
1712 2374 1797 2422 est
1824 2376 1881 2419 et
1915 2365 1999 2420 la-

428 2456 561 2513 bore
591 2469 806 2518 carens,
833 2468 1065 2525 qna‘que
1096 2453 1355 2510 facillime
1385 2466 1626 2524 paretur.
1660 2456 1801 2523 Quid
1832 2458 2000 2525 igitur

426 2547 561 2604 illud
591 2548 713 2603 est?
754 2546 920 2613 Quid,
951 2545 1149 2615 inquit,
1181 2544 1332 2600 aliud
1358 2546 1728 2605 nisicbaritas
1769 2564 1867 2605 seu
1913 2548 2000 2605 di-

427 2640 632 2697 lectio?
674 2639 766 2709 qui
798 2638 944 2692 enim
980 2638 1120 2692 hanc
1153 2653 1325 2709 purus
1353 2640 1587 2708 accepit,
1635 2655 1828 2697 omnes
1857 2657 1999 2712 pra:-

428 2735 599 2799 cellit,
635 2749 827 2788 omnes
863 2730 1078 2788 excedit
1111 2748 1126 2786 :
1158 2731 1251 2802 qtti
1281 2747 1412 2786 vero
1460 2733 1602 2788 hanc
1656 2748 1762 2789 non
1812 2736 1998 2801 habet,

428 2826 687 2885 omnibus
746 2826 970 2891 excidit,
1031 2825 1289 2881 omnibus
1342 2826 1681 2881 destituitur.
1737 2827 1897 2895 Quod
1952 2831 2002 2887 si

426 2911 753 2975 charitatem
791 2920 1108 2985 habeamus,
1140 2934 1316 2989 neque
1337 2919 1405 2975 de
1441 2922 1643 2977 mutuis
1674 2922 1834 2978 donis
1868 2939 1999 2978 con-

430 3014 723 3070 tendentes
761 3014 923 3066 auxic
953 3012 1117 3066 verba
1148 3012 1434 3077 faciemus,
1469 3029 1643 3084 neque
1675 3016 1820 3070 aliud
1842 3019 2002 3086 quid-

430 3121 593 3177 quam
618 3120 809 3159 eorum
858 3120 979 3174 qum
1041 3120 1149 3160 non
1206 3107 1544 3161 Conveniunt
1590 3123 1690 3163 nos
1748 3110 1997 3180 attinget.

2105 1989 2185 2044 ἔτι
2219 1991 2353 2061 πρὸς
2412 1994 2523 2056 τοῖς
2567 1994 2880 2065 εἰρημένοις
2936 1994 3158 2063 μέθοδον
3219 1995 3349 2063 ὑμῖν
3402 1994 3506 2046 καὶ
3556 1995 3666 2047 όδδν

2102 2080 2376 2153 δείκνυμι,
2411 2082 2479 2136 δι’
2511 2080 2579 2155 ἧς
2633 2083 2787 2138 οὐδὲν
2842 2082 3049 2138 τούτων
3068 2083 3177 2136 τῶν
3195 2083 3547 2154 χαρισμάτων
3576 2083 3667 2135 τῶν

2106 2172 2380 2242 μεγίστων
2414 2173 2720 2243 δεηθέντες,
2760 2172 2884 2229 καθ’
2934 2173 3242 2245 ὑπερϐολὴν
3265 2173 3332 2227 ἂν
3361 2173 3471 2226 τῶν
3507 2173 3667 2227 ἄλλων

2108 2263 2329 2333 μείζους
2386 2267 2478 2319 καὶ
2528 2264 2768 2335 άληθῶς,
2802 2266 2898 2319 καὶ
2949 2265 3277 2338 τελειότεροι
3307 2266 3589 2335 φανείητε.
3616 2264 3673 2319 Τί

2104 2353 2199 2410 οὖν
2257 2359 2372 2410 ὲστι
2431 2356 2624 2424 τοῦτος
2662 2355 2896 2414 ’Δπλοῦν
2945 2359 3041 2413 καὶ
3104 2360 3334 2422 ἀκοπον,
3364 2359 3462 2411 καὶ
3493 2361 3554 2413 ὲκ
3590 2358 3670 2413 τοῦ

2106 2446 2306 2516 ῥᾴστου
2365 2448 2826 2518 παραγινόμενον.
2895 2450 2963 2504 Τί
2992 2445 3086 2506 οὖν
3140 2451 3297 2518 tau;
3333 2450 3478 2505 Τίδὲ
3535 2450 3665 2515 ἄλλο,

2103 2537 2277 2608 ἀλλ’ἢ
2312 2540 2541 2610 άγάπη;
2579 2540 2799 2609 Ταύτην
2860 2541 2975 2615 γάρ
3022 2543 3051 2596 ό
3083 2544 3328 2614 καθαρὸς
3382 2542 3668 2607 ἀναλαϐὼν»

2105 2626 2327 2682 πάντων
2386 2631 2632 2701 προέχει,
2685 2632 2905 2686 πάντων
2975 2633 3483 2704 ὑπεραναϐέὸηκεν.
3534 2634 3591 2687 '0
3620 2633 3667 2686 δὲ

2102 2718 2314 2793 ταύτην
2350 2720 2426 2790 μὴ
2459 2722 2619 2791 ἔχων,
2654 2724 2873 2779 πάντων
2909 2724 3258 2791 ὲκπέπτωκε,
3291 2726 3510 2777 πάντων
3537 2726 3672 2778 ἐστὶν

2104 2810 2333 2883 ἔρημος.
2398 2813 2495 2865 Ἂν
2526 2813 2583 2867 δὲ
2626 2814 2726 2885 τὴν
2790 2815 3011 2885 ἀγάπην
3080 2814 3295 2885 ἔχωμεν
3326 2856 3343 2881 ,
3394 2813 3517 2868 οὔτε
3560 2816 3669 2885 περὶ

2103 2908 2463 2976 χαρισμάτων
2519 2908 2767 2979 ἀλλήλοις
2818 2894 3103 2978 ἐρίσαντες
3156 2908 3665 2979 μικρολογησόμεθα,

2101 2995 2227 3051 οὔτε
2288 2998 2417 3053 ἄλλο
2460 3017 2514 3053 τι
2544 2999 2653 3054 τῶν
2691 3000 2751 3053 ού
2794 2999 3207 3070 προσηκόντων,
3254 2999 3418 3070 ἡμῶν
3468 2999 3665 3067 ἅψεται.

2115 3108 2134 3140 ι
2165 3091 2275 3144 Καὶ
2308 3090 2388 3144 ἔτι
2416 3092 2538 3144 καθ’
2561 3091 2924 3163 ὑπερϐολήν.)
2950 3091 3076 3145 Ἐάν
3104 3092 3260 3157 ὅλως,
3278 3092 3431 3160 φησι.
3456 3091 3671 3161 ζηλωταί

434 3220 453 3251 ι
496 3199 694 3269 Etjam
746 3199 1098 3253 excellenter.
1139 3217 1160 3251 ι
1197 3199 1253 3253 Si
1292 3200 1538 3266 omnino,
1574 3200 1770 3270 inquit,
1822 3179 1997 3257 aemu-

2111 3181 2224 3235 ὲστε
2274 3183 2598 3252 κρειττόνων
2637 3184 3022 3254 χαρισμάτων,
3075 3181 3330 3253 δείκνυμι
3374 3183 3502 3251 ὑμῖν
3566 3179 3667 3235 καθ’

427 3286 632 3343 latores
693 3285 829 3341 estis
864 3287 1143 3357 potiorum
1204 3286 1514 3353 donorum,
1561 3290 1794 3345 ostendo
1842 3291 1999 3349 vobis

2111 3274 2406 3347 δπερδολὴν
2441 3279 2687 3346 κρεῖττον
2715 3277 2987 3347 χάρισμα.
3024 3276 3136 3346 Τὴν
3168 3276 3392 3347 ἀγάπην
3431 3274 3487 3326 δὲ
3506 3274 3666 3345 μέλλει

423 3378 758 3435 excellenter
787 3378 983 3434 melius
1007 3375 1235 3444 donum,
1270 3393 1465 3447 nempe
1514 3388 1843 3437 ostensurus
1863 3383 1999 3445 cha-

2111 3367 2390 3423 δεικνύειν.
2450 3369 2561 3424 Καὶ
2615 3369 2753 3441 ὅρα⁸
2790 3370 2905 3425 Ούκ
2978 3364 3123 3435 εἷπε,
3174 3368 3317 3423 Καθ’
3390 3366 3667 3438 ὑπερϐολὴν

424 3472 671 3528 ritatem.
721 3469 790 3524 Et
838 3468 961 3527 vide
1012 3470 1160 3541 quod
1209 3484 1319 3525 non
1374 3469 1623 3527 dixerit:
1659 3471 2002 3530 Excellenter

2111 3460 2353 3532 χάρισμα
2404 3462 2535 3532 ὑμῖν
2587 3462 2864 3535 δείκνυμι,
2910 3461 3052 3529 ἀλλ’,
3102 3481 3122 3514 ι
3157 3461 3330 3525 Ὀδδν,
3361 3480 3380 3513 ι
3413 3458 3668 3532 σημαίνων

424 3563 581 3621 vobis
627 3561 831 3619 donum
889 3562 1143 3628 ostendo,
1195 3560 1291 3617 sed
1332 3579 1353 3616 ι
1414 3560 1590 3628 Viam,
1625 3581 1646 3617 ι
1679 3563 2002 3633 signiﬁcans

2111 3554 2223 3610 όδὸν
2261 3548 2404 3610 ιίναι
2450 3556 2553 3627 τὴν
2604 3555 2852 3626 ἀγάπην,
2908 3557 2991 3620 είς
3045 3554 3225 3610 πάντα
3271 3554 3588 3622 ἀπάγουσαν
3608 3551 3665 3604 τά

424 3655 749 3713 charitatetn
782 3668 910 3710 esse
938 3652 1082 3708 viam
1113 3668 1235 3724 qute
1254 3653 1324 3709 ad
1357 3654 1542 3710 omnia
1567 3655 1710 3711 dona
1744 3655 2000 3724 deducat,

2111 3648 2442 3721 χαρίσματα.
2502 3650 2614 3704 Καὶ
2658 3649 2689 3703 ό
2715 3648 2923 3722 ταύτην
2976 3649 3347 3721 κτησάμενος,
3403 3646 3470 3703 δι’
3516 3645 3662 3715 αὐτῆς

426 3758 482 3805 et
539 3748 681 3804 hanc
738 3755 1051 3815 assecutus,
1085 3762 1185 3818 per
1229 3746 1407 3820 ipsam
1446 3746 1515 3802 ad
1565 3755 1763 3805 caetera
1782 3749 2003 3821 gradie-

2111 3738 2322 3796 όδεύσει
2347 3741 2442 3797 καὶ
2479 3742 2561 3804 εις
2591 3740 2663 3795 τά
2693 3740 2880 3795 λοιπά.

428 3852 540 3898 IIII‘.

499 3933 665 4006 548
689 3932 811 3987 Alio
860 3933 1037 3988 modo.
1071 3932 1304 4000 Quidam
1335 3932 1442 3990 hoc
1465 3949 1563 4006 per
1607 3936 2004 4008 interregatio-

425 4042 551 4082 nem
581 4028 825 4096 legerunt
862 4045 877 4082 :
911 4027 1015 4084 hoc
1039 4037 1148 4092 est,
1172 4028 1399 4083 omnino
1437 4029 1647 4099 majora
1677 4030 2003 4086 desideratis

426 4118 625 4173 dona?
657 4118 703 4172 si
737 4118 965 4173 omnino
1011 4117 1066 4173 id
1115 4119 1339 4188 cupitis,
1382 4133 1484 4190 ego
1524 4134 1619 4174 vos
1659 4130 1908 4190 prompte
1936 4120 2005 4177 ad

428 4218 545 4269 tunc
575 4213 865 4269 deducam.
900 4211 1033 4266 Nam
1068 4211 1125 4265 id
1148 4212 1432 4282 subjuugit
1472 4228 1487 4265 :
1524 4228 1545 4264 ι
1583 4210 1651 4265 Ει
1675 4212 1788 4281 jam
1819 4212 2004 4267 excel-

431 4307 604 4360 lenter
650 4308 791 4360 viam
822 4305 978 4360 vobis
1015 4304 1290 4366 ostendo;
1346 4321 1365 4355 ι
1404 4304 1505 4358 hoc
1539 4313 1645 4369 est,
1682 4304 1748 4358 ad
1779 4318 1840 4358 ea
1888 4319 2010 4374 qua:

429 4396 767 4451 excellenter
829 4395 1038 4463 majora
1072 4404 1203 4449 sunt
1247 4395 1390 4451 dona
1424 4395 1564 4447 viam
1601 4396 1855 4450 ostendo.
1892 4415 1911 4447 ι
1950 4395 2007 4450 Si

2182 3930 2431 3995 Ἄλλως.
2468 3927 2641 3983 Τοῦτό
2688 3945 2837 3992 τινες
2893 3927 3013 3982 κατ’
3044 3927 3319 3998 ἐρώτησιν
3351 3927 3661 3994 ἀνέγνωσαν,

2107 4021 2230 4076 ἀντὶ
2256 4020 2375 4086 τοῦ,
2410 4020 2592 4093 Ὀλως
2614 4020 2724 4091 γάρ
2756 4018 2980 4090 ἐφίεσθε
2997 4019 3109 4073 τῶν
3136 4018 3402 4091 μειζόνων
3421 4017 3666 4090 χαρισμάο

2107 4130 2255 4179 των;
2288 4114 2352 4168 Εί
2375 4113 2512 4176 ὅλως
2569 4112 2812 4185 ἐφίεσθε,
2874 4112 2987 4181 ἐγὼ
3016 4112 3160 4182 ὑμᾶς
3191 4111 3286 4164 ἐπὶ
3335 4111 3511 4165 ταῦτα
3559 4107 3664 4161 :06-

2110 4207 2309 4279 ηγὴσω
2353 4204 2672 4277 προθύμως.
2716 4204 2886 4260 Ίόῦτο
2908 4204 3019 4275 γάρ
3068 4205 3339 4274 ἐπήγαγε,
3413 4203 3560 4257 «Καὶ
3601 4200 3665 4253 ἔτι

2106 4297 2229 4353 καθ’
2268 4296 2572 4369 ὑπερϐολὴν
2589 4298 2709 4351 ὁδὸν
2734 4298 2864 4367 ύμῖν
2891 4296 3163 4369 δείκνυμι.
3200 4315 3218 4348 ι
3256 4296 3540 4361 Τουτέστι,
3560 4294 3659 4346 Τῶν

2108 4389 2230 4445 καθ’
2258 4389 2569 4461 ὑπερϐολὴν
2611 4390 2876 4459 μειζόνων
2928 4390 3287 4460 χαρισμάτων
3319 4385 3661 4454 δείκνυμιτὴν

433 4487 635 4557 linguis
663 4488 946 4541 hominum
975 4487 1169 4557 loquar
1214 4495 1269 4543 et
1300 4485 1664 4556 angelorum?
1698 4505 1717 4538 ι
1766 4484 2005 4557 Linguae

2111 4486 2241 4540 ὁδόν.
2283 4504 2301 4536 ι
2345 4484 2473 4538 Ἐάν
2498 4485 2617 4546 ταῖς
2670 4481 2945 4551 γλώσσαις
2964 4482 3074 4535 τῶν
3093 4480 3189 4535 ἀνθ
3199 4481 3395 4549 ρώπων
3418 4478 3559 4532 λαλῶ
3588 4475 3661 4529 καὶ

430 4581 620 4637 dicens
653 4582 999 4650 angelorum.
1030 4594 1141 4635 non
1181 4578 1563 4648 additangelis
1595 4592 1828 4649 corpora
1865 4597 1877 4633 :
1904 4581 1999 4636 sed

2111 4578 2212 4634 τῶν
2244 4577 2510 4647 ἀγγέλων.
2536 4594 2660 4628 ι-ι
2689 4575 2967 4639 Γλώσσαις
2993 4575 3105 4631 τῶν
3135 4573 3409 4642 ἀγγέλων,
3454 4590 3473 4622 ι
3496 4568 3663 4631 εἰπὼν,

430 4686 460 4725 a
509 4673 660 4726 vocis
692 4687 899 4741 organo
927 4674 1089 4727 nobis
1121 4671 1360 4742 cognito,
1410 4672 1741 4727 locutionem
1780 4673 2005 4742 angelo-

2111 4671 2171 4725 ού
2205 4669 2365 4739 σῶμα
2418 4670 2534 4733 τοῖς
2591 4668 2851 4736 ἀγγέλοις
2893 4664 3265 4737 περιτίθησιν,
3330 4665 3447 4718 ἀλλ’
3475 4665 3539 4716 ἐκ
3581 4660 3660 4728 τῆς

428 4777 553 4817 rum
577 4763 719 4817 inter
747 4778 807 4817 se
831 4764 1109 4832 signiﬁcat
1145 4780 1159 4816 :
1189 4764 1394 4817 habent
1414 4763 1561 4818 enim
1622 4772 1676 4818 et
1712 4763 1791 4818 illi
1826 4779 2005 4833 quan-

2111 4762 2295 4834 φωνῆς
2324 4760 2419 4814 τοῦ
2441 4762 2473 4827 ἡ
2483 4759 2602 4829 μῶν
2640 4760 3015 4830 ἐγνωσμένου,
3037 4759 3136 4831 τὴν
3161 4759 3295 4827 πρὸς
3326 4757 3548 4817 ἑαυτοὺς
3568 4753 3661 4807 τῶν

426 4850 552 4905 dam
581 4851 1032 4921 signiﬁcationem
1065 4866 1172 4923 qua
1209 4852 1455 4907 vicissim
1482 4851 1872 4922 colloquuntur
1894 4856 2005 4912 sive

2111 4855 2357 4923 ἀγγέλων
2403 4852 2619 4917 ὁμιλίαν
2649 4851 2819 4919 δηλοῖ.
2866 4853 3094 4922 Ἔχουσι
3149 4850 3261 4921 γάρ
3286 4847 3527 4904 κάκεῖνοί
3562 4859 3659 4897 τινα

429 4952 733 5009 Conceptus
749 4941 1097 5017 signiﬁcant:
1117 4943 1578 5014 quemadmodum
1597 4944 1761 4998 etiam
1775 4945 1905 5000 alibi
1925 4946 2005 5001 di-

2113 4947 2392 5017 σημασίαν
2416 4944 2485 4999 δι’
2514 4944 2583 5014 ἢν
2629 4943 2933 5014 ἀμφότεροι
2958 4943 3266 5013 ὁμιλοῦσιν,
3301 4942 3380 5005 ὡς
3409 4942 3500 4995 καὶ
3517 4937 3658 4992 ἀλλα-

427 5034 658 5103 citquod
671 5004 1088 5092 corauiChristo
1103 5050 1163 5091 se
1179 5035 1529 5092 ﬂectetomue
1541 5051 1683 5107 genu
1699 5036 2003 5092 caelestium

2111 5004 2207 5111 κού
2230 5054 2419 5106 φησιν,
2446 5004 2547 5092 ὅτι.
2567 5055 2588 5090 ι
2810 5004 3019 5105 κάμψει
3057 5036 3165 5089 πάν
3195 5004 3324 5103 γόνυ
3354 5004 3658 5099 δπονρανίανθ

426 5126 918 5181 etterrestrium“.
941 5144 960 5178 ι
982 5125 1318 5183 Charitatem
1334 5136 1519 5183 autem
1551 5142 1658 5182 non
1692 5126 1948 5182 habeam.
1976 5145 1996 5184 ι

2111 5131 2196 5191 Καὶ
2220 5129 2507 5198 ἐπιγείων.
2541 5147 2560 5181 ι
2592 5147 2692 5180 -ι
2727 5129 2982 5200 Ἀγάπην
3011 5127 3068 5181 δὲ
3093 5125 3168 5197 μὴ
3206 5125 3338 5195 ἔχω.
3379 5143 3399 5177 ι
3436 5120 3562 5177 Ποία
3585 5115 3657 5170 οὖν
3684 5141 3690 5147 -

425 5218 556 5283 Quae
567 5225 653 5271 est
679 5232 812 5288 ergo
833 5218 947 5272 haec
958 5219 1043 5271 via
1057 5219 1079 5271 ί
1095 5218 1371 5283 Charitas,
1386 5218 1583 5288 inquit,
1599 5219 1718 5274 sine
1740 5232 1848 5287 qua
1872 5219 2000 5274 nul-

2111 5221 2235 5292 ιῦτη
2267 5223 2301 5291 ἡ
2324 5221 2481 5288 όδόςς
2525 5221 2592 5277 Ἦ
2621 5221 2838 5292 ἀγάπη,
2884 5220 3072 5292 φησὶν,
3117 5214 3186 5291 ἧς
3249 5217 3422 5289 χωρὶς
3456 5257 3472 5280 ο
3532 5208 3660 5264 οθδέν

426 5310 758 5364 hundonum
775 5309 1076 5378 quidquam
1102 5309 1261 5364 aliert
1279 5310 1555 5365 utilitatis.
1594 5308 1658 5363 Et
1692 5310 1930 5380 primum
1969 5325 1999 5364 a

2111 5317 2215 5367 ίστι
2291 5314 2542 5384 χάρισμα
2636 5312 2947 5381 ἔπωφελές.
3001 5313 3114 5365 Καὶ
3167 5310 3388 5382 πρῶτον
3433 5305 3537 5362 ἀπὸ
3575 5298 3651 5353 τοῦ

425 5402 735 5469 linguarum
749 5399 893 5453 dono
910 5398 1056 5468 quod
1072 5398 1215 5467 apud
1237 5398 1454 5469 ipsosin
1475 5399 1652 5469 pretio
1667 5398 1997 5463 habebatur,

2111 5405 2243 5476 παρ’
2278 5406 2459 5469 αὐτοῖς
2504 5405 2688 5476 τιμίου
2742 5407 3084 5476 χαρίσματος
3130 5403 3243 5456 τῶν
3281 5398 3553 5469 γλωσσῶν,
3577 5394 3656 5462 ἀρ-
3737 5441 3746 5455 .

428 5490 642 5561 incipit.
663 5490 836 5545 etait:
860 5489 917 5544 Si
932 5489 1136 5559 linguis
1148 5488 1455 5555 hominum,
1475 5489 1586 5544 imo
1598 5489 1761 5543 etiam
1776 5490 1999 5560 singulo-

2111 5512 2265 5568 κεται
2288 5497 2381 5550 καί
2407 5513 2597 5566 φησιν·
2637 5496 2767 5552 Ἐἀν
2793 5499 2911 5560 ταῖς
2936 5495 3211 5563 γλώσσαις
3223 5493 3335 5549 τῶν
3362 5489 3654 5562 ἀνθρώπων,

427 5600 549 5641 rum
582 5581 1217 5654 loquarsinecharitate.
1248 5589 1456 5638 temere
1490 5588 1545 5636 et
1578 5596 1715 5636 vane
1741 5582 2001 5652 nullaque

2111 5588 2169 5641 οὐ
2206 5588 2312 5658 μὴν
2357 5587 2495 5642 ἀλλά
2549 5588 2646 5642 καὶ
2678 5588 2788 5643 τῶν
2832 5588 3083 5655 ἀγγέλων
3115 5585 3263 5641 λαλῶ
3290 5586 3417 5641 ἄνευ
3440 5582 3651 5649 ἀγάπης.

430 5676 894 5745 utilitateloquar,
910 5674 1077 5730 veluti
1097 5690 1293 5733 sonum
1313 5674 1549 5732 reddunt
1565 5672 1805 5730 inanima
1818 5691 1891 5731 aes
1908 5682 2004 5731 aut

2113 5678 2237 5749 είκῆ
2264 5678 2361 5734 καὶ
2385 5678 2564 5751 μάτην
2592 5682 2686 5735 καί¹
2711 5683 2791 5745 είς
2823 5681 2976 5736 οὐδὲν
3005 5679 3123 5734 δέον
3155 5678 3480 5749 φθέγγομαι,
3494 5669 3659 5735 ὥσπερ

499 5861 544 5893 ⁵¹
588 5859 822 5933 Philipp.
863 5880 980 5929 vui,
1018 5861 1073 5916 2.
