3872 6568
246 410 364 475 823

1187 411 1571 473 COMMENT.
1616 410 1695 470 ΙΝ
1738 410 1978 472 EPIST.
2007 413 2035 471 Ι
2073 412 2176 472 ΑΙ)
2204 412 2577 475 CORINTH.

3417 422 3525 489 83L

257 527 327 577 rit
377 521 586 594 ἄψυχα,
612 525 640 577 ὁ
669 523 868 594 χαλκὸς
922 526 1019 579 καὶ
1060 523 1120 579 τὸ
1170 524 1472 596 κύμϐαλον.
1550 542 1569 576 ι
1597 522 1710 578 Καὶ
1736 521 1829 578 ἐὰν

1937 524 2272 595 cymbalum.
2305 543 2325 577 ι
2363 524 2509 580 Etsi
2560 524 2793 581 habeam
2834 527 3200 598 prophetiam.
3231 548 3252 583 ι
3315 529 3524 589 Volens

244 616 364 685 ἔχω
406 614 774 685 προφητείαν.
807 634 827 667 ι
889 615 1072 672 Θέλων
1093 616 1265 683 δεῖξαι
1319 618 1464 686 μέγα
1490 633 1543 670 τι
1567 614 1667 687 τὴν
1698 617 1836 684 ἀγά-

250 723 385 775 πην,
419 705 575 770 αὔξει
629 707 847 778 πρῶτον
874 708 943 763 τὰ
974 708 1319 780 χαρίσματα,
1381 709 1476 764 καὶ
1512 707 1635 761 τότε
1668 708 1834 778 φησὶν

244 797 393 850 αὐτὰ
446 798 604 863 ἐκτὸς
634 798 859 870 ἀγάπης
912 799 1067 853 οὐδὲν
1113 795 1276 855 εἶναι.
1318 801 1464 854 Ἀνω
1491 800 1601 869 γὰρ
1635 798 1832 867 εἰπὼν,

251 907 272 939 ι
327 889 456 943 Ἐὰν
489 889 612 951 ταῖς
635 888 911 958 γλώσσαις
929 892 1039 947 τῶν
1070 891 1379 963 ἀνθρώπιον
1407 892 1502 947 καὶ
1529 892 1638 947 τῶν
1668 891 1836 960 ἀγγέ-

248 982 362 1033 λων
408 980 580 1048 λαλῶ,
607 997 630 1035 ι
688 981 828 1053 ὅπερ
852 978 922 1053 ἦν
965 982 1098 1054 παρ’
1152 984 1335 1048 αὐτοῖς
1413 984 1693 1055 μέγιστον,
1737 986 1834 1040 νῦν

249 1075 419 1128 πάλιν
444 1078 539 1129 ἐπὶ
582 1081 681 1151 τῆς
699 1078 1038 1148 προφητείας
1057 1076 1118 1132 τὸ
1139 1079 1271 1133 αύτδ
1295 1081 1460 1133 ποιεῖ.
1488 1079 1835 1150 Προφητείαν

248 1170 363 1235 γὰρ
422 1168 520 1223 ἐὰν
564 1169 696 1241 ἔχω,
739 1170 802 1223 ού
841 1168 943 1240 τὴν
992 1171 1286 1240 τυχοῦσαν,
1344 1173 1532 1242 φησὶν,
1563 1172 1702 1226 ἀλλά
1733 1172 1835 1245 τὴν

247 1262 587 1332 ἀκροτάτην,
641 1261 741 1334 τὴν
787 1262 883 1316 καὶ
921 1261 992 1316 τὰ
1015 1266 1295 1336 μυστήρια
1350 1265 1447 1318 καὶ
1479 1264 1579 1336 τὴν
1630 1264 1834 1335 γνῶσιν

247 1353 508 1422 ἔχουσαν,
542 1354 674 1409 ἄνευ
710 1356 954 1425 ἀγάπης.
975 1356 1129 1411 οὐδέν
1151 1358 1291 1427 είμι.
1338 1356 1511 1412 Τοῦτο
1536 1357 1648 1431 γὰρ
1680 1359 1832 1412 κάτω

241 1446 570 1501 ἀποδίδωσι.
623 1465 642 1498 ι
687 1449 879 1502 Πᾶσαν
935 1446 1035 1520 τὴν
1078 1449 1280 1502 πίστιν.
1306 1467 1327 1501 ι
1369 1450 1561 1503 Πίστιν
1602 1451 1734 1515 νῦν,
1770 1452 1831 1504 οὐ

245 1538 479 1607 τὴντῶν
536 1540 745 1595 πιστῶν
787 1541 890 1612 τὴν
957 1541 1146 1610 κοινὴν
1193 1542 1290 1595 καὶ⁵
1338 1540 1633 1614 καθολικὴν
1660 1541 1830 1612 λέγει,

242 1629 388 1682 ἀλλὰ
422 1631 481 1683 τὸ
511 1632 758 1704 χάρισμα
789 1634 852 1687 τὸ
879 1634 979 1703 τῆς
1046 1634 1302 1698 πίστεως.
1351 1630 1459 1689 Ἦν
1486 1635 1596 1705 γάρ
1623 1652 1677 1689 τι
1728 1653 1832 1705 χα-

243 1725 522 1795 ρίσματος
550 1721 715 1793 εἶδος,
759 1725 1068 1799 ὁμωνύμως
1096 1724 1241 1781 οὕτω
1266 1731 1331 1799 τῇ
1363 1728 1545 1782 πίστει
1603 1728 1832 1801 λεγόμε-

240 1833 361 1872 νον.
396 1817 562 1873 Ὅθεν
600 1819 694 1873 ἐπὶ
720 1819 1028 1891 φανερώσει
1085 1822 1468 1893 πνευματικῆς
1530 1823 1826 1892 μετουσίας

1937 617 2231 672 ostendere
2264 632 2524 687 magnum
2551 617 2815 688 quiddam
2847 630 2971 675 esse
2998 621 3344 689 charitatem,
3377 624 3523 679 dona

1936 709 2179 779 primum
2205 719 2522 782 exaggerat,
2561 720 2616 768 et
2647 721 2775 767 tunc
2827 712 2905 767 ait
2943 712 3034 766 illa
3056 714 3191 769 nihil
3222 729 3345 770 esse
3398 715 3524 770 abs-

1936 816 2046 872 que
2077 802 2372 858 charitate.
2423 801 2559 859 Nam
2620 819 2745 859 cum
2789 806 3047 875 superius
3097 806 3332 863 dixisset
3365 824 3379 861 :
3410 825 3429 859 ι
3462 807 3520 862 Si

1938 895 2142 967 linguis
2167 895 2448 951 hominum
2481 906 2534 952 et
2556 899 2881 969 angelorum
2906 899 3105 969 loquar
3145 919 3164 953 ι
3199 900 3345 971 quod
3377 901 3522 972 apud

1936 987 2089 1057 ipsos
2118 996 2240 1043 erat
2292 989 2592 1044 maximum
2631 1008 2646 1045 :
2684 1004 2908 1046 rursum
2963 1007 3109 1046 nunc
3136 993 3275 1048 idem
3303 995 3359 1046 in
3390 1008 3522 1063 pro-

1936 1079 2121 1150 phetia
2149 1078 2305 1136 facit.
2338 1079 2475 1135 Nam
2513 1081 2559 1136 si
2614 1081 2863 1138 habuero
2903 1084 3272 1154 prophetiam,
3316 1084 3517 1155 inquit,

1936 1187 2048 1228 non
2083 1173 2549 1244 qualemcunque,
2581 1174 2679 1231 sed
2726 1177 2967 1232 maxime
2997 1177 3290 1233 sublimem
3319 1194 3440 1249 quae
3464 1185 3520 1234 et

1935 1266 2195 1339 mysteria
2215 1276 2272 1320 et
2298 1265 2584 1321 scientiam
2611 1266 2811 1321 habeat
2844 1266 3055 1337 absque
3084 1269 3356 1323 charitate
3382 1268 3521 1324 nihil

1936 1374 2054 1414 sum
2087 1376 2101 1413 :
2136 1360 2238 1414 hoc
2258 1359 2405 1414 enim
2437 1358 2667 1416 inferius
2693 1361 2951 1431 explicat.
2975 1379 2994 1413 ι
3024 1359 3255 1416 Omnem
3278 1360 3461 1416 ﬁdem.
3493 1380 3513 1415 ι

1934 1449 2056 1505 Non
2087 1464 2207 1505 eam
2247 1450 2384 1504 dicit
2424 1464 2575 1504 nunc
2614 1450 2960 1505 credentium
3007 1450 3166 1505 fidem
3205 1466 3326 1522 qua:
3370 1466 3520 1508 com-

1934 1544 2121 1598 munis
2151 1552 2232 1599 est
2268 1551 2324 1598 et
2352 1543 2648 1615 generalis,
2690 1543 2788 1598 sed
2821 1544 3023 1598 donum
3057 1542 3204 1599 ﬁdei.
3244 1543 3378 1598 Nam
3401 1554 3521 1600 erat

1934 1637 2207 1708 quoddam
2238 1636 2510 1691 donorum
2550 1652 2726 1706 genus
2761 1637 2910 1707 quod
2960 1639 3150 1692 eadem
3202 1653 3336 1694 voce
3387 1653 3514 1693 cum

1934 1730 2044 1786 ﬁde
2085 1730 2393 1795 dicebatur,
2422 1728 2568 1800 quod
2590 1732 2654 1783 ad
2682 1730 3186 1786 mauit‘estationem
3212 1732 3519 1800 praesentia

1935 1820 2166 1890 spiritus
2194 1819 2381 1875 multis
2432 1834 2498 1873 eo
2557 1829 2802 1890 tempore
2855 1821 3224 1876 tribuebatur.
3285 1822 3360 1877 De
3414 1821 3520 1877 hoc

242 1910 571 1981 ἐχορηγεῖτο
606 1909 821 1975 πολλοῖς
842 1914 951 1965 τῶν
983 1912 1227 1966 εὐσεϐῶν
1263 1915 1323 1967 εν
1360 1912 1441 1984 τῷ
1467 1913 1592 1968 τότε
1623 1914 1827 1987 καιρῷ.

1937 1914 2097 1969 etiam
2131 1912 2276 1967 dono
2308 1914 2384 1967 ait
2442 1911 2714 1968 Dominus
2767 1914 2821 1969 in
2860 1912 3172 1984 Evangeliis
3213 1931 3229 1969 :
3268 1934 3286 1967 ι
3329 1914 3387 1969 Si
3417 1915 3517 1970 ha-

245 2000 389 2071 Περὶ
449 2001 643 2056 τούτου
701 2004 797 2058 καὶ
849 2006 879 2058 ὁ
923 2006 1133 2077 Κύριος
1176 2006 1275 2060 τοῦ
1328 2007 1692 2080 χαρίσματος,
1768 2011 1829 2064 ἐν

242 2092 614 2165 Εὑαγγελίοις
655 2098 846 2169 φησιν,
889 2117 910 2152 ι
952 2099 1080 2154 Ἐὰν
1109 2100 1268 2172 ἔχητε
1320 2101 1506 2155 πίστιν
1528 2100 1605 2165 ὡς
1628 2102 1830 2156 κόκκον

244 2188 547 2256 σινάπεως,
585 2192 763 2261 ἑρεῖτε
797 2190 877 2263 τῷ
903 2189 1025 2262 δρει
1059 2193 1238 2270 τούτῳ
1259 2209 1274 2224 ·
1303 2193 1538 2266 ’Δρθητι
1566 2192 1665 2248 καὶ
1695 2193 1829 2265 βλήε-

245 2279 377 2350 θητι
433 2280 516 2344 είς
582 2280 684 2354 τὴν
733 2281 1035 2351 θάλασσαν,
1105 2285 1202 2340 καὶ
1247 2285 1545 2357 γενήσεται
1574 2285 1773 2350 οὕτως.
1801 2302 1822 2337 ι

245 2372 329 2427 ού
359 2372 536 2444 δήπου
562 2374 674 2445 γὰρ
713 2373 958 2446 ὡς-πρὸς
982 2375 1250 2439 ἀπίστους
1277 2375 1381 2444 τὴν
1406 2376 1592 2448 κοινὴν
1617 2374 1825 2445 πίστιν,

241 2463 425 2519 ταῦτα
446 2465 584 2536 πρὸς
645 2466 843 2529 αὐτοὺς
883 2466 1155 2536 διελέγετο
1184 2468 1215 2522 ὀ
1245 2467 1473 2540 Κύριος,
1520 2468 1656 2524 ἀλλὰ
1689 2471 1828 2543 πρὸς

245 2556 380 2618 τοὺς
454 2558 690 2621 οίκείους
747 2559 1018 2628 μαθητάς’
1075 2560 1377 2627 τουτέστιν,
1413 2561 1545 2615 Ἐὰν
1580 2562 1743 2635 ἔχητε
1766 2564 1828 2618 τὸ

246 2648 352 2715 τῆς
404 2648 643 2711 πίστεως
685 2650 955 2721 χάρισμα.
1022 2652 1088 2704 Ὃ
1117 2651 1173 2704 δὲ
1223 2647 1376 2705 εἶπεν
1428 2654 1458 2707 ὁ
1500 2654 1706 2725 Κύριος
1767 2655 1827 2709 ὲν

245 2735 614 2808 Εὐαγγελίοις
666 2741 927 2812 μίγιστον
974 2738 1136 2809 εἶναι,
1175 2743 1238 2797 τδ
1288 2743 1379 2798 διὰ
1438 2744 1677 2808 πίστεως
1722 2745 1827 2817 ὅρη

248 2831 538 2901 μεθιστᾷν,
582 2832 739 2886 τοῦτό
779 2849 914 2903 φησι
958 2834 1126 2904 μηδὲν
1181 2829 1322 2890 εἶναι
1373 2834 1595 2907 ἀγάπης
1636 2837 1826 2908 χωρίς.

251 2938 274 2971 ε
305 2920 477 2973 Οὐθὲν
527 2923 667 2991 εἰμι.
696 2941 716 2974 ι
765 2923 881 2978 οὐκ
935 2919 1097 2989 εἶπε,
1156 2925 1503 2996 Μικρότατός
1562 2928 1682 2997 είμι
1730 2927 1826 2981 καὶ

242 3012 493 3087 εὐτελὴς,
522 3015 660 3081 ἀλλ’,
685 3034 704 3066 ι
724 3016 899 3069 οὐθέν
929 3018 1068 3088 είμι.
1094 3017 1322 3080 ’Καλῶς
1340 3017 1423 3083 τὸ,
1453 3037 1471 3069 ι
1498 3017 1768 3089 Ψωμίσω,
1801 3036 1821 3071 ι

245 3105 392 3177 μετὰ
436 3106 536 3176 τῆς
585 3106 788 3170 δόσεως
834 3109 932 3164 καὶ
981 3109 1079 3181 τὴν
1125 3111 1336 3165 οἰκείαν
1374 3110 1661 3182 σημαίνων
1712 3111 1829 3165 δια-

1938 2005 2171 2060 bueritis
2204 2003 2360 2060 fidem
2390 2006 2534 2059 sicut
2564 2019 2798 2077 granum
2828 2005 3066 2076 sinapis,
3113 2005 3311 2062 dicetis
3342 2009 3519 2063 monti

1937 2094 2108 2151 huic:
2145 2114 2166 2150 ι
2212 2095 2497 2152 Auferaris
2553 2105 2611 2153 et
2663 2097 2978 2169 projiciaris
3024 2097 3080 2153 in
3136 2114 3308 2165 mare,
3340 2108 3396 2156 et
3427 2101 3521 2155 [iet

1935 2187 2092 2243 vobis
2127 2187 2195 2242 ⁸⁸.
2237 2205 2258 2241 ι
2294 2185 2482 2258 Neque
2507 2188 2654 2244 enim
2707 2189 2825 2245 ba'c
2863 2190 2931 2246 de
2984 2192 3263 2246 communi
3301 2189 3407 2247 ﬁde
3436 2191 3519 2247 lo-

1935 2278 2206 2349 quebatur
2241 2279 2503 2334 Dominus
2534 2279 2604 2334 ad
2629 2295 2726 2335 eos
2761 2288 3026 2352 tanquam
3081 2282 3147 2336 ad
3180 2282 3515 2350 incredulos,

1932 2370 2030 2427 sed
2079 2371 2146 2426 ad
2197 2386 2333 2427 suos
2387 2370 2696 2443 discipulos
2750 2388 2938 2430 sermo
2982 2381 3103 2433 erat
3141 2373 3292 2431 :hoc
3319 2382 3428 2441 est,
3467 2372 3519 2431 si

1933 2462 2240 2521 habueritis
2269 2462 2391 2519 lldei
2412 2464 2639 2520 donum.
2668 2464 2832 2538 559
2852 2468 3006 2533 Quod
3034 2476 3215 2523 autem
3250 2467 3520 2524 Dominus

1935 2554 1993 2610 in
2031 2554 2346 2625 Evangeliis
2401 2555 2697 2610 maximum
2731 2571 2855 2613 esse
2882 2556 3039 2621 dixit,
3081 2572 3275 2628 nempe
3306 2569 3519 2618 montes

1933 2656 2308 2704 transmutare
2349 2648 2450 2703 hoc
2482 2651 2557 2703 ait
2587 2649 2710 2703 sine
2741 2649 3008 2704 charitale
3030 2649 3166 2704 nihil
3188 2665 3335 2706 esse.
3372 2669 3393 2703 ι
3424 2649 3521 2705 Ni-

1934 2741 2011 2796 hil
2038 2757 2183 2797 sum.
2226 2760 2246 2793 ι
2290 2740 2407 2796 Νοη
2441 2742 2578 2795 dixit
2621 2741 2882 2796 Minimus
2910 2757 3030 2797 sum
3091 2751 3146 2798 et
3190 2743 3338 2806 vilis,
3394 2743 3517 2809 sed,

1939 2849 1960 2884 ι
1992 2830 2298 2888 Nihilsum.
2335 2850 2464 2885 ι-ι
2493 2832 2557 2886 Et
2591 2834 2636 2888 si
2664 2834 2860 2888 alendo
2883 2835 3176 2888 insumam.
3218 2853 3234 2885 ι
3259 2832 3403 2888 Bene
3433 2832 3518 2888 di—

1933 2927 2014 2980 xit
2046 2941 2067 2976 ι
2110 2925 2322 2979 Alendo
2344 2927 2643 2988 iusumam,
2686 2944 2705 2977 ι
2737 2924 3051 2995 significans
3087 2942 3190 2979 una
3218 2941 3340 2979 cum
3369 2925 3516 2980 dono

1933 3016 2216 3086 proprium
2282 3030 2503 3085 quoque
2552 3015 2946 3069 ministerium.
3014 3014 3313 3069 Considera
3386 3030 3516 3070 vero

1933 3107 2081 3178 quod
2105 3108 2268 3163 etiam
2292 3107 2465 3162 dicit:
2501 3125 2523 3159 ‹
2558 3105 2761 3163 Omnes
2792 3108 3083 3164 facultates
3128 3123 3300 3171 meas,
3341 3126 3361 3159 ι
3402 3123 3513 3162 non

240 3199 455 3254 κονίαν.
498 3200 712 3272 Ὀραδε
734 3204 828 3256 καὶ
845 3202 928 3267 τὸ,
970 3220 991 3253 ι
1014 3202 1198 3257 Πάντα
1224 3203 1295 3257 τὰ
1319 3203 1658 3275 ὑπάρχοντα,
1686 3222 1706 3257 ι
1758 3204 1823 3259 οὐ

1938 3211 2148 3271 partem
2204 3201 2471 3270 ipsarum.
2511 3218 2530 3253 ι
2586 3198 2659 3254 Ut
2699 3200 3014 3255 comburar.
3064 3218 3085 3253 ι
3146 3197 3513 3255 Mtserrimum

243 3292 419 3362 μέρος
471 3266 674 3348 cutim.
725 3311 746 3346 ι
776 3295 1324 3368 Ἵνακαυθήσωμαι.
1356 3313 1379 3351 ›
1562 3266 1828 3368 χαλεπώ-

1937 3266 2068 3347 dicit
2123 3266 2319 3347 mortis
2347 3306 2520 3363 genus
2551 3307 2674 3363 quae
2723 3292 2984 3347 videlicet
3021 3306 3122 3361 pro
3173 3290 3283 3346 Deo
3315 3294 3516 3347 tolera~

238 3401 410 3439 τατσν
428 3384 576 3454 λέγει
618 3385 872 3451 θάνατον,
929 3386 1021 3442 τὸν
1039 3388 1184 3461 ὑπὲρ
1216 3388 1353 3443 Θεοῦ
1385 3389 1632 3460 δηλονότι
1679 3390 1828 3458 γινό-

245 3493 439 3547 μενον.

327 3572 393 3626 Ἡ
418 3569 619 3640 ἀγάπη
648 3571 1036 3641 μακροθυμεῖ,
1071 3574 1491 3641 χρηστεύεται.
1539 3575 1600 3632 Ἡ
1622 3578 1825 3649 ἀγάπη

237 3659 317 3712 οὐ
349 3656 539 3724 ζηλοῖ,
567 3659 605 3727 ὴ
643 3658 843 3728 ἀγάπη
875 3663 946 3713 οὐ
986 3662 1428 3729 περπερεύεται,
1474 3666 1548 3720 οὐ
1575 3667 1831 3735 φυσιοῦ-

241 3766 367 3812 ται,
401 3753 511 3804 vim
535 3750 890 3818 ἀσχημονεῖ,
917 3753 990 3806 οὐ
1015 3751 1175 3820 ζητεῖ
1197 3756 1271 3807 τὰ
1291 3754 1534 3825 ἑαυτῆς,
1559 3759 1631 3811 οὺ
1688 3775 1831 3827 παρ-

240 3843 553 3908 οξύνεται,
594 3846 668 3896 οὐ
699 3842 992 3913 λογίζεται
1029 3843 1096 3897 τὸ
1128 3846 1339 3907 κακὸν,
1387 3851 1467 3901 οὐ
1492 3849 1682 3918 χαίρει
1728 3850 1830 3905 ἐπὶ

239 3934 322 4002 τῇ
382 3934 619 4002 ἀδικίᾳ,
668 3936 982 4005 συγ-χαίρει
1045 3936 1115 3989 δὲ
1176 3939 1249 4005 τῇ
1294 3938 1596 4006 tunde/tt.-
1622 3940 1829 3996 Πάντα

241 4026 475 4095 στέγει,
500 4025 696 4080 πάντα
754 4027 1049 4089 πιστεύει,
1096 4026 1294 4081 πάντα
1337 4028 1583 4097 ἐλπίζει,
1629 4030 1829 4085 πάντα

240 4116 558 4185 ὑπομένει.
611 4115 674 4169 Ἡ
705 4115 906 4185 ἀγάπη
945 4116 1234 4172 οὐδέποτε
1265 4118 1563 4174 ἐκπίπτει.

321 4205 459 4263 Εἶτα
489 4209 676 4262 λοιπὸν
728 4208 1062 4279 διεξέρχεται
1116 4211 1215 4279 τῆς
1263 4212 1484 4283 ἀγάπης
1530 4213 1596 4267 τὰ
1623 4214 1827 4282 γνωρί-

246 4318 461 4371 σματα,
497 4301 709 4363 δεικνὺς
732 4303 813 4355 ὅτι
845 4302 906 4353 ού
942 4301 1104 4371 μόνον
1150 4300 1532 4375 βλαστήσαντα
1570 4306 1638 4358 τὰ
1677 4306 1826 4378 πάθη

243 4394 484 4465 ἑκριζοί,
529 4392 642 4446 ἀλλ’
678 4394 801 4449 οὐδὲ
830 4393 995 4461 φῦναι
1043 4398 1334 4466 συγχωρεῖ.
1365 4397 1510 4468 Ὅρα
1540 4397 1620 4464 δὲ,
1663 4398 1828 4464 εὐθὺς

240 4486 345 4555 τὴν
386 4484 771 4556 μακροθυμίαν
802 4486 1035 4550 τέθεικε,
1073 4488 1170 4557 τὴν
1200 4486 1356 4558 ῥίζαν
1393 4489 1575 4559 πάσης
1604 4486 1825 4558 φιλοσοέ

1932 3393 2044 3440 tur.

2000 3564 2142 3631 Xlll,
2173 3563 2297 3620 b8.
2341 3562 2590 3621 Charitas
2636 3562 2960 3636 louganimis
2995 3573 3096 3633 est,
3126 3565 3349 3637 benigna
3380 3575 3458 3621 est
3490 3606 3507 3622 .

1930 3660 2168 3715 charitas
2221 3673 2325 3713 non
2372 3657 2683 3722 wmulatur,
2730 3658 2968 3712 charitas
3013 3674 3117 3712 non
3174 3670 3247 3713 est
3286 3674 3511 3729 procax,

1930 3772 2035 3811 non
2067 3754 2315 3823 inﬂatur,
2352 3768 2456 3806 non
2495 3752 2719 3822 pado/it,
2748 3766 2852 3805 non
2878 3753 3068 3822 quierit
3100 3766 3217 3822 qua:
3243 3764 3342 3805 sua
3365 3761 3514 3816 sunt,

1930 3865 2037 3904 non
2087 3848 2358 3911 irritatur,
2403 3860 2509 3900 non
2558 3846 2755 3916 cogitat
2800 3844 3025 3909 malum,
3063 3860 3166 3898 non
3216 3845 3406 3915 gaudet
3460 3844 3512 3896 in

1929 3938 2220 4009 injuctitia,
2275 3937 2366 3991 sed
2418 3935 2716 4006 congaudet
2769 3937 2998 3990 ueritati.
3052 3934 3245 3991 Omnia
3302 3938 3510 4004 suffert,

1931 4029 2110 4083 omnia
2134 4026 2325 4091 credit,
2360 4026 2541 4079 omnia
2569 4034 2767 4094 sperat,
2798 4026 2978 4080 omnia
3000 4027 3244 4080 sustinet.
3267 4024 3512 4082 Charitas

1930 4138 2198 4192 nunquam
2228 4119 2449 4174 excidit.

2004 4213 2213 4268 Deinde
2262 4217 2670 4279 consequenter
2707 4216 2929 4265 enarrat
2978 4208 3269 4265 charitatis
3310 4208 3513 4281 insigni

1931 4301 2136 4373 quibus
2162 4298 2413 4370 dignosci
2449 4299 2649 4363 valeat,
2679 4299 2980 4355 ostendens
3015 4301 3160 4370 quod
3195 4316 3302 4354 nou
3330 4302 3511 4357 solum

1929 4410 2025 4451 eas
2059 4408 2183 4465 quae
2207 4394 2588 4461 germinarunt
2621 4391 2939 4448 aﬂectiones
2966 4395 3253 4463 exstirpat.
3287 4394 3381 4448 sed
3418 4410 3512 4448 ne-

1929 4502 2038 4558 que
2092 4485 2322 4556 produci
2377 4484 2669 4556 permittit.
2721 4484 2854 4540 Vide
2898 4493 3080 4540 autem
3133 4484 3278 4554 quod
3328 4488 3509 4539 statim

244 4577 401 4644 φίας.
429 4596 448 4628 ι
490 4577 883 4646 Χρηστεύεται.
913 4596 932 4632 ο
978 4578 1196 4650 Ἐπειδὴ
1217 4580 1360 4643 τινές
1381 4581 1520 4633 είσιν
1542 4582 1592 4637 οἳ
1620 4584 1685 4651 τῇ
1717 4601 1823 4653 μαι

1937 4576 2253 4647 patieutiam
2309 4575 2426 4631 sive
2477 4576 2950 4647 longanimitatem
3007 4579 3275 4647 posuerit,
3315 4592 3513 4648 nempe

245 4668 530 4739 κροουμίᾳ
559 4670 659 4722 οὐκ
692 4670 771 4732 είς
798 4668 1115 4740 φιλοσοφίαν
1158 4671 1477 4742 κέχρηνται,
1510 4672 1650 4727 ἀλλὰ
1687 4675 1825 4744 πρὸς

245 4761 312 4813 τὸ
356 4761 650 4830 διαρρῆξαι
697 4762 823 4824 τοὺς
872 4763 1244 4834 ἐνοχλοῦντας,
1289 4766 1384 4820 καὶ
1427 4770 1690 4839 πειρᾶσαι
1735 4771 1828 4823 ἐπὶ

246 4853 438 4917 πλέον,
463 4854 802 4925 ἠθικώτερον
818 4856 1001 4919 αὐτοῖς
1017 4856 1421 4928 διαλεγόμενος,
1447 4861 1601 4931 φησὶ,
1631 4879 1651 4913 ι
1678 4863 1723 4915 Χ
1731 4879 1831 4934 ρη-

247 4947 529 5011 στεύεται,
564 4965 584 4998 ι
636 4948 936 5015 τουτέστιν,
974 4950 1076 5002 οὐκ
1109 4951 1203 5003 ἐπὶ
1246 4950 1328 5022 τῷ
1355 4951 1558 5023 ἀνάψαι
1600 4955 1700 5024 τὴν
1735 4956 1829 5025 ὀρ-

250 5039 358 5110 γὴν
394 5038 506 5091 τῶν
541 5039 924 5109 ἐνοχλούντων,
954 5040 1072 5095 ἀλλ’
1099 5042 1192 5096 ἐπὶ
1223 5043 1301 5113 τῷ
1335 5046 1738 5118 καταπραῧναι,
1760 5050 1827 5120 τῇ

255 5126 616 5200 μακροθυμίᾳ
660 5131 950 5202 κέχρηται,
980 5133 1078 5185 καὶ
1115 5135 1414 5206 ήμρότητι
1442 5139 1659 5209 χρῆται.
1699 5159 1718 5191 ι
1751 5142 1828 5194 Ού

250 5222 431 5291 ζηλοῖ.
467 5243 486 5276 ι
532 5224 706 5280 Βασαὶ
732 5220 843 5280 οἶόν
866 5230 983 5281 ἐστι
1008 5228 1067 5280 τὸ
1116 5229 1191 5299 μὴ
1221 5229 1416 5299 ζηλοῦν
1436 5271 1452 5296 ,
1506 5233 1676 5304 ἤγουν
1698 5235 1830 5303 φθο-

250 5315 364 5365 νεῖν
389 5313 519 5377 τοὺς
548 5312 609 5367 εὖ
640 5315 997 5386 πράττοντας.
1030 5336 1048 5368 ι
1080 5318 1155 5370 ού
1196 5320 1597 5390 περπερεύεται
1659 5342 1679 5375 ι
1712 5326 1826 5379 Οὐκ

251 5403 669 5468 ἁλαζονεύεται,
717 5407 778 5459 ού
826 5406 1114 5475 φυσιοῦται
1173 5413 1269 5461 καὶ
1317 5414 1508 5481 φρονεῖ
1563 5414 1704 5482 μέγα
1736 5417 1830 5468 iret

251 5492 482 5560 οἰκείοις
531 5494 976 5568 κατορθώμασιν.
1018 5498 1090 5552 Ἣ
1140 5500 1294 5553 οὐδὲν
1343 5504 1615 5572 προπετὲς
1663 5508 1829 5563 ποιεῖ.

252 5587 558 5655 Πέρπερος
593 5589 724 5660 γὰρ,
776 5592 1080 5662 προπετὴς.
1114 5607 1136 5641 ι
1184 5592 1299 5646 Οὐκ
1327 5594 1649 5663 ἀσχημονεῖ.
1694 5614 1713 5648 ι
1752 5598 1828 5650 Οὐ

254 5676 443 5747 μόνον,
481 5680 669 5749 φησιν,
698 5679 761 5732 ού
794 5684 983 5751 φρονεῖ
1010 5676 1177 5751 μέγα,
1206 5681 1344 5735 ἀλλὰ
1370 5683 1462 5736 καὶ
1482 5682 1549 5736 τὰ
1580 5684 1833 5755 αἴσχιστα

325 5866 373 5898 δ’
410 5864 605 5922 Matth.
646 5880 778 5934 χιιι,
822 5867 913 5933 i9;
954 5866 1089 5925 Luc.
1131 5867 1345 5938 “11,6.

1936 4672 2109 4725 totius
2136 4668 2502 4739 philosophia
2529 4668 2861 4725 Christiana:
2902 4670 3166 4724 radicem.
3203 4689 3223 4722 ι
3273 4670 3513 4742 Beuigua

1936 4771 2041 4818 est.
2090 4779 2111 4814 ι
2162 4760 2433 4827 Quoniam
2493 4762 2743 4816 nonnulli
2803 4762 3219 4832 longanimitate
3277 4778 3386 4817 non
3440 4762 3512 4818 ad

1936 4855 2343 4926 pltilosOphiam
2388 4870 2574 4911 sanam
2617 4864 2875 4920 utuntur,
2917 4854 3012 4911 sed
3055 4856 3121 4909 ad
3153 4855 3511 4926 confringeno

1936 4949 2066 5002 dum
2096 4962 2193 5002 eos
2231 4945 2324 5017 qui
2364 4945 2582 5002 molesti
2616 4957 2765 5010 sunt,
2800 4954 2854 5001 et
2895 4947 3128 5016 amplius
3162 4947 3504 5014 tentandum,

1936 5038 2205 5092 moralius
2243 5051 2368 5091 cum
2399 5035 2481 5091 eis
2504 5037 2809 5103 disserens,
2836 5038 2912 5091 ait
2946 5054 2960 5092 :
2994 5056 3014 5090 ι
3061 5036 3299 5110 Benigna
3333 5048 3436 5106 est,
3484 5057 3505 5090 ι

1936 5129 2041 5185 hoc
2063 5139 2169 5192 est,
2204 5144 2313 5183 non
2350 5128 2415 5182 ad
2442 5142 2633 5183 eorum
2663 5129 3072 5185 accendendam
3099 5130 3237 5186 iram
3272 5132 3364 5203 qui
3394 5147 3511 5186 mo-

1936 5223 2063 5279 lesti
2111 5229 2266 5287 sunt,
2297 5222 2393 5279 sed
2440 5222 2507 5277 ad
2549 5222 2880 5293 placandum
2927 5224 3103 5278 utitur
3146 5225 3406 5295 patientia
3456 5230 3511 5280 et

1940 5320 2113 5375 utitur
2132 5318 2488 5389 benignitate.
2513 5337 2532 5370 ι
2559 5316 2678 5373 Non
2691 5318 3004 5374 aemulatur.
3029 5337 3046 5367 ι
3068 5316 3229 5389 Papae
3246 5319 3510 5390 quidnam

1935 5422 2151 5467 estnon
2170 5408 2461 5464 mmulari?
2494 5425 2691 5480 nempe
2719 5410 2809 5466 bis
2837 5425 2948 5466 nou
2988 5408 3234 5466 invidere
3251 5409 3345 5479 qui
3371 5408 3510 5466 bene

1932 5511 2257 5574 operantur.
2293 5501 2410 5557 Non
2449 5513 2532 5559 est
2560 5517 2786 5574 procax,
2817 5504 2868 5559 id
2900 5511 3003 5569 est,
3040 5518 3358 5573 arrogausu
3386 5500 3508 5559 Non

1930 5594 2177 5650 inﬂatur.
2204 5594 2355 5650 »Νοη
2382 5594 2668 5652 insolescit
2699 5594 2770 5650 ob
2798 5594 3193 5674 proprialbona.
3229 5594 3338 5648 Aut
3371 5591 3509 5649 nihii

1934 5699 2138 5744 temere
2191 5703 2288 5744 seu
2323 5689 2635 5761 petulanter
2688 5686 2838 5743 facit.
2888 5687 3021 5742 Nam
3073 5686 3380 5759 πέρπερος,
3424 5692 3509 5745 est
