3872 6632
422 438 534 507 835
1390 446 1393 451 ‘
1457 427 1854 492 (ECUMENII
1897 423 2188 487 TRICCIE
2222 421 2561 483 EPlSCUPl
3534 414 3621 490 836

428 555 763 614 temerarius
814 563 911 611 aut
960 559 1273 625 protervus.
1306 568 1325 602 ι
1369 547 1489 603 Νοιι
1539 546 1766 619 pudelit.
1815 564 1835 598 ι
1888 544 2007 600 Non
2034 553 2052 607 λ

2149 542 2418 611 ;άσχουσα,
2451 540 2554 594 οὐκ
2598 541 2770 594 οῐεται
2809 533 3195 606 ἀσχημοσύνην
3223 534 3284 587 τὺ
3311 537 3522 608 πρᾶγμα
3556 542 3624 598 διὰ

429 650 629 712 solum,
660 647 866 716 inquit,
896 661 1005 701 non
1052 643 1342 700 insolescit
1370 658 1387 695 :
1418 655 1611 695 verum
1656 639 1825 694 etiam
1880 638 2008 691 licet

2149 633 2200 689 δν
2211 632 2598 701 ἀγαπώμενον.
2623 630 2697 684 Ἥ
2715 628 2812 683 καί
2831 628 3040 693 οὕτως·
3067 626 3159 691 Τὸ,
3178 629 3298 681 οὐκ
3320 628 3625 698 ἀσχημονεῖ,

431 739 820 809 indignissima
851 736 1111 807 patiatur,
1143 749 1251 789 non
1282 732 1546 802 opinatur
1584 744 1705 786 eam
1751 742 1865 782 rem
1909 727 2008 783 de-

2149 743 2280 795 γουν
2314 725 2415 778 οὐκ
2454 722 2809 793 ἐπεξέρχεται
2847 724 2956 785 τοῖς
3010 720 3260 774 ἀδικοῦσι
3295 723 3533 789 σφοδρῶς,
3572 726 3628 780 Ἦ

432 832 602 887 decus
638 829 803 882 etiam
850 839 974 880 esse
1024 833 1245 894 propter
1289 837 1414 877 eum
1457 834 1618 891 quem
1666 817 1864 885 diligit.
1905 817 2009 868 Aut

2149 834 2193 870 rt
2241 816 2393 869 οὐδὲν
2438 813 2546 867 τῶν
2600 812 2835 866 εὐτελῶν
2878 828 2935 865 τε
2984 810 3078 864 καὶ
3124 811 3393 864 ταπεινῶν
3431 815 3520 884 τῆς
3544 818 3628 869 τῶν

433 924 529 977 Ιιοο
568 920 718 974 modo
745 937 758 973 :
791 918 891 970 οὐκ
910 911 1231 987 ἀσχημονεῖ,
1261 915 1314 969 id
1357 920 1462 979 est,
1491 926 1600 966 non
1633 911 1831 965 acerbe
1860 920 2011 963 reum

2149 907 2356 978 δελφιῖω
2404 905 2670 974 ὠφελείας
2714 903 2900 958 ἕνεκεν
2950 904 3299 972 παραιτεῖται
3339 902 3534 973 δρᾶσαι,
3574 907 3632 972 ὡς

436 1009 549 1078 agit
591 1009 744 1062 illum
795 1006 887 1075 qui
935 1006 1042 1060 sibi
1092 1004 1329 1072 injurius
1378 1008 1484 1057 est.
1525 1002 1634 1055 Aut
1683 998 1825 1068 quod
1878 996 2014 1052 nibil

2149 999 2256 1068 ἀχα
2306 999 2554 1067 ἄσχημον
2600 990 2741 1050 εἶναι
2798 993 2896 1064 τὴν
2948 990 3145 1063 πρᾶξιν
3208 992 3629 1063 ὑπολαμϐάνουσα.

436 1098 792 1170 quantumvis
822 1098 1160 1167 abjectarum
1192 1103 1287 1149 aut
1318 1094 1607 1147 humilium
1637 1105 1820 1146 rerum
1846 1104 2012 1144 causa

2177 1091 2253 1145 ού
2280 1090 2436 1161 ζητεῖ
2459 1088 2527 1142 τὰ
2556 1088 2779 1155 ἑαυτῆς.
2824 1105 2843 1138 ι
2889 1085 3052 1154 Λέγει
3085 1086 3178 1139 τὸν
3212 1087 3407 1155 τρόπον
3434 1089 3534 1152 πῶς
3558 1092 3633 1145 οὐχ

440 1191 691 1246 utilitatis
726 1190 958 1244 fratrum
988 1187 1170 1242 facere
1193 1187 1485 1247 detractat,
1514 1183 1672 1254 quasi
1701 1182 2013 1237 indecorant

2149 1186 2437 1255 ισχημονεῖ,
2487 1183 2569 1236 ᾶτι
2610 1182 2670 1235 ού
2703 1181 2858 1248 ζητεῖ
2890 1180 2952 1232 τὸ
2985 1182 3187 1232 οίκεῖον
3227 1180 3506 1250 συμφέρον,
3529 1182 3634 1236 ἀλλὰ

439 1284 545 1338 sibi
577 1284 853 1336 actionem
893 1281 1131 1335 fortasse
1165 1278 1565 1346 suspicaretur.
1606 1296 1625 1327 ι
1672 1275 1793 1328 Non
1823 1274 2020 1343 quaerit

2150 1276 2179 1328 δ
2223 1274 2313 1329 τοῦ
2365 1274 2615 1343 πλησίον,
2667 1274 2761 1324 καί
2810 1270 3202 1341 ἀσχημοσύνην
3253 1269 3406 1322 τοῦτο
3444 1272 3633 1340 ἡγεῖται,

445 1389 569 1441 qua:
598 1387 697 1426 sua
725 1378 875 1426 sunt.
923 1387 942 1420 ι
988 1368 1207 1422 Modum
1240 1365 1371 1419 dicit
1404 1363 1676 1430 quomodo
1707 1376 1812 1415 non
1848 1360 2019 1431 pude-

2149 1386 2246 1421 ταν
2273 1365 2690 1437 ἀσχημονοῦντα
2715 1363 2807 1417 τὸν
2838 1362 3067 1432 πλησίον
3109 1362 3185 1432 μὴ
3217 1363 3507 1435 ἀπαλλάξῃ.
3539 1384 3556 1417 ι
3579 1368 3634 1419 0-3

444 1464 539 1516 fiat
584 1480 598 1517 :
646 1463 773 1532 quia
823 1476 934 1515 non
986 1459 1182 1530 quatrit
1236 1455 1511 1526 propriam
1565 1454 1873 1512 utilitatem,
1924 1450 2018 1506 sed

2149 1458 2502 1529 παροξύνεται.
2534 1475 2552 1507 i
2594 1455 2778 1508 Πάντα
2808 1453 3114 1523 πάσχουσα,
3139 1452 3203 1506 ού
3233 1453 3636 1522 Μροξύνεταιεὶς

443 1556 683 1626 proximi
717 1569 733 1608 :
770 1562 825 1607 et
853 1553 956 1606 hoc
983 1551 1134 1604 ducit
1179 1563 1303 1603 esse
1337 1546 1597 1607 dedecus,
1631 1547 1677 1599 si
1714 1543 2018 1614 proximum

2154 1551 2312 1621 ργήν.
2345 1550 2453 1603 Καὶ
2481 1548 2541 1601 ού
2578 1546 2740 1617 μόνον
2768 1545 2870 1599 ούκ
2905 1543 3199 1614 ἐργάζεται
3239 1544 3300 1597 τὸ
3347 1548 3519 1613 κακὸν,
3551 1550 3635 1601 ἀλλ’

446 1651 539 1720 qui
574 1647 778 1718 pudefit
813 1662 921 1701 non
953 1643 1286 1699 liberaverit.
1321 1640 1483 1711 550
1507 1659 1526 1691 ι
1557 1638 1674 1693 Non
1706 1639 1974 1692 irritatur.
1997 1654 2015 1687 ι

2149 1643 2244 1695 ὧδὲ
2271 1640 2563 1709 λογίζεται.
2608 1659 2626 1690 ι
2678 1637 2754 1692 Ob
2800 1637 2982 1707 χαίρει
3011 1636 3104 1690 ἐπὶ
3133 1639 3201 1706 τῇ
3252 1637 3448 1709 ἀδικίᾳ.
3492 1658 3508 1690 i
3554 1642 3638 1693 Οὐκ

446 1739 584 1795 Cum
634 1740 820 1793 omnia
871 1738 1134 1808 patiatur,
1189 1750 1295 1787 non
1347 1740 1702 1801 exasperatur
1749 1729 1814 1783 ad
1860 1728 2020 1783 iram.

2149 1734 2381 1803 ,cpﬁbetat
2422 1733 2617 1802 ἤγουν,
2659 1731 2720 1783 οὒ
2775 1730 2955 1799 χαίρει
3009 1732 3121 1793 τοῖς
3174 1730 3360 1792 κακῶς
3403 1730 3636 1800 πάσχουσι,

446 1831 561 1890 Nec
601 1830 778 1887 solum
824 1845 933 1883 non
980 1838 1243 1898 operatur
1294 1824 1518 1887 malum,
1558 1824 1653 1878 sed
1707 1838 1773 1875 ne
1822 1822 2025 1890 cogitat

2149 1825 2284 1894 mai,
2321 1821 2608 1893 συγχαίρει
2635 1821 2691 1875 δὲ
2728 1823 2841 1882 τοῖς
2874 1819 3242 1890 εὐδοκιμοῦσι.
3292 1837 3311 1871 ι
3357 1821 3519 1874 Πάντα
3546 1824 3638 1875 erit

449 1924 697 1995 quidem.
744 1941 761 1975 ι
802 1920 922 1976 Non
963 1921 1163 1991 gaudet
1206 1919 1273 1973 de
1308 1917 1600 1985 injustitia.
1650 1935 1668 1967 ι
1702 1914 1822 1968 Non
1856 1913 2029 1968 insul-

2149 1934 2239 1987 γει.
2293 1935 2312 1967 ι
2363 1915 2534 1968 Τοῦτο
2581 1915 2690 1983 γὰρ
2738 1913 2878 1983 αὐτῇ
2917 1913 2950 1983 ἡ
2997 1912 3348 1984 μακροθυμία
3391 1914 3636 1985 χαρίζεται,

451 2022 536 2068 tat
575 2013 690 2068 sive
734 2026 844 2066 non
879 2011 1078 2081 gaudet
1119 2008 1187 2063 de
1221 2008 1306 2062 his
1344 2007 1438 2077 qui
1469 2005 1786 2060 aﬂlictiones
1814 2005 2028 2074 patiun-

455 2112 565 2170 tur,
605 2104 699 2158 sed
750 2102 836 2157 his
885 2101 1070 2172 potius
1119 2099 1423 2168 congaudet
1463 2099 1556 2169 qui
1599 2097 1947 2153 celebrantur
1977 2105 2026 2151 et

457 2194 513 2251 in
558 2194 737 2266 pretio
785 2202 935 2249 sunt.
981 2209 1002 2244 ι
1047 2189 1243 2246 Omnia
1294 2188 1506 2245 suffert.
1552 2206 1572 2239 ι
1630 2188 1743 2242 lloc
1786 2187 1932 2243 enim
1979 2186 2032 2242 ei

457 2286 624 2342 donat
657 2284 1073 2354 longanimitas,
1102 2296 1296 2352 nempe
1327 2289 1386 2335 ut
1411 2279 1658 2346 sulIerat,
1683 2279 1751 2334 de
1783 2294 1890 2348 qua
1914 2277 2033 2333 lon-

459 2376 784 2447 ganimitate
836 2375 986 2444 prius
1038 2372 1221 2428 dixit:
1261 2390 1280 2423 ι
1326 2370 1520 2425 Omnia
1565 2368 1756 2425 credit.
1806 2388 1825 2421 ι
1875 2367 2035 2434 Quae»

460 2481 682 2535 cunque
726 2462 922 2519 dixerit
982 2464 1027 2520 is
1070 2463 1167 2533 qui
1219 2470 1437 2516 amatur
1470 2479 1484 2516 :
1514 2468 1569 2516 et
1611 2460 1746 2535 nihil
1785 2458 2032 2517 doloattm

461 2566 559 2612 aut
621 2558 741 2627 ipse
800 2555 1040 2626 loquitur
1109 2560 1203 2607 aut
1261 2552 1488 2607 alterum
1547 2551 1697 2620 loqui
1757 2549 2033 2621 Opinatur.

467 2687 488 2721 ι
528 2666 722 2723 Omnia
772 2674 974 2734 sperat.
1018 2682 1040 2717 ι
1084 2662 1205 2717 Non
1248 2662 1519 2731 desperat,
1574 2660 1773 2730 inquit,
1826 2660 1894 2715 de
1943 2659 2037 2715 illo

464 2775 627 2833 quem
674 2769 841 2824 amat,
884 2758 978 2812 sed
1032 2763 1238 2825 sperat,
1269 2755 1414 2824 quod
1469 2754 1619 2807 illum
1671 2754 1739 2807 ad
1787 2752 1838 2808 id
1889 2750 2038 2820 quod

468 2848 668 2904 melius
718 2855 804 2902 est
854 2845 1135 2916 prorehet.
1168 2843 1323 2909 Quod
1364 2843 1409 2900 si
1457 2843 1549 2897 ubi
1587 2841 1829 2913 speravit
1873 2840 2037 2896 etiam

469 2954 567 3010 spe
594 2938 912 2997 frustretur.
946 2933 1045 2991 illo
1075 2937 1129 2990 in
1157 2935 1291 2989 vitio
1314 2939 1686 3004 permanente,
1707 2932 1832 2987 forti
1860 2932 2041 2986 animo

468 3031 573 3084 fert
619 3027 769 3083 illius
817 3025 1086 3083 defectus.
1117 3023 1250 3079 Nam
1301 3025 1508 3089 omnia,
1541 3025 1740 3094 inquit,
1782 3024 2040 3080 sustinet.

475 3138 498 3173 ι
540 3119 828 3189 Nunquam
862 3118 1086 3173 excidit.
1133 3135 1152 3169 ι
1197 3115 1321 3172 Non
1367 3117 1707 3183 dissolvitur,
1751 3132 1928 3186 neque
1957 3117 2044 3172 in-

470 3213 848 3283 terrumpitur.
884 3210 1011 3268 Sive
1043 3227 1323 3282 nunquam
1353 3212 1575 3279 excidit,
1610 3226 1787 3282 neque
1814 3211 2043 3268 celebri-

472 3312 582 3359 tate
617 3303 917 3359 frustratur
950 3322 965 3359 :
994 3302 1090 3358 sed
1123 3318 1344 3374 semper
1373 3304 1544 3359 bonas
1578 3319 1640 3359 ac
1667 3305 1927 3361 honestas
1955 3305 2044 3359 in-

471 3393 619 3449 venit
679 3393 784 3447 sibi
850 3391 1191 3456 occasiones,
1241 3406 1339 3461 per
1400 3406 1540 3460 quas
1604 3391 1726 3445 illos
1780 3392 1876 3461 qui
1927 3391 2045 3460 ipsa

474 3493 708 3540 utuntur
736 3487 971 3542 retineat
1010 3484 1064 3538 in
1097 3499 1284 3539 amore
1310 3497 1374 3537 ac
1402 3483 1741 3537 connexione
1767 3482 1834 3536 ad
1866 3483 2049 3552 proxi-

2131 2010 2298 2080 ἤγουν
2356 2007 2418 2060 τὸ
2476 2008 2727 2074 στέγειν,
2800 2006 2933 2075 περὶ
2978 2000 3048 2075 ἧς
3104 2007 3476 2077 μακροθυμίας
3521 2004 3637 2060 dm.

2138 2120 2157 2154 t
2187 2101 2370 2155 Πάντα
2418 2099 2684 2152 πιστεύει.
2729 2100 2828 2151 »Ἃ
2861 2098 2928 2152 ἂν
2961 2100 3089 2171 εῐπῃ
3120 2101 3151 2150 ὁ
3178 2098 3535 2167 ἀγαπώμενος,
3572 2102 3638 2154 καὶ

2132 2195 2285 2250 οὐδὲν
2333 2194 2562 2247 ὓπουλον
2598 2191 2725 2246 οὔτε
2766 2193 2928 2256 αὐτὸς
2965 2193 3136 2257 λαλεί,
3169 2192 3291 2246 οὔτε
3320 2192 3406 2246 τδν
3433 2194 3637 2248 λαλοῦντι

2132 2286 2326 2343 οἴεται.
2376 2303 2399 2338 ε
2437 2286 2619 2339 Πάντα
2649 2284 2878 2348 ιλπίζει.
2912 2302 2930 2333 ι
2966 2284 3082 2336 οὐκ
3110 2281 3494 2352 ἀπογινώσκει,
3526 2287 3637 2354 φησὶ,

2134 2378 2235 2443 τοῦ
2277 2377 2670 2447 ἀγαπωμένου,
2704 2376 2820 2430 ἀλλ’
2847 2375 3059 2439 ἐλπίζει
3091 2373 3258 2431 αὐτὸν
3297 2376 3373 2437 είς
3403 2376 3457 2429 τὺ
3487 2375 3640 2446 βέλτιον

2136 2469 2437 2524 ἐπιδοῦναι.
2473 2468 2533 2522 Εἰ
2553 2468 2610 2521 δὲ
2638 2468 2733 2523 καὶ
2768 2466 3016 2533 ἐλπίσας,
3048 2464 3242 2539 φησὶν,
3270 2466 3517 2540 ἀποτύχῃ,
3538 2470 3639 2521 ἑκεί-

2137 2576 2230 2614 νου
2255 2561 2321 2631 τῇ
2346 2560 2515 2630 κακίᾳ⁸
2541 2559 3017 2628 ἑναπομείναντος,
3059 2560 3219 2629 φέρει
3253 2560 3496 2627 γενναίως
3518 2558 3638 2611 αὐτοῦ

2136 2650 2205 2705 τὰ
2234 2651 2614 2721 ἐλαττώματα,
2648 2670 2667 2701 ι
2697 2651 2882 2706 Πάντα
2910 2653 3042 2723 γὰρ,
3072 2654 3262 2720 φησὶν,
3292 2652 3538 2722 ὑπομένει.
3561 2669 3626 2702 i-

2146 2763 2165 2797 ι
2186 2745 2455 2800 Οὐδέποτε
2487 2746 2766 2802 ἐκπίπτει.
2796 2744 3097 2818 »α-[ΦΩΤ.]
3113 2747 3190 2799 Ob
3209 2745 3482 2809 διαλύεται,
3506 2746 3639 2814 φησὶν,

2137 2832 2263 2887 οὔτε
2312 2833 2686 2898 διακόπτεται,
2739 2836 2907 2905 ἦγονν
2955 2836 3218 2889 οὐδέποτε
3270 2835 3521 2900 ἐκπίπτει,
3556 2836 3640 2888 obii

2141 2926 2509 2995 ἀποτυγχάνει
2542 2930 2640 2997 τῆς
2682 2926 3112 2998 εύδοκιμήσεως,
3153 2928 3273 2982 ἀλλ’
3301 2928 3383 2981 ἀεὶ
3411 2929 3639 2999 προφάσεις

2140 3019 2351 3087 ἀγαθὰς
2382 3018 2477 3072 καί¹
2528 3019 2699 3082 καλὰς
2729 3020 2897 3090 ἑαυτῇ
2926 3020 3198 3090 εὑρίσκει,
3236 3021 3301 3074 δι’
3335 3016 3404 3074 ὧν
3432 3019 3518 3089 τῆς
3549 3020 3642 3087 πρ³ς

2142 3111 2269 3175 τοὺς
2310 3111 2537 3181 πλησίον
2580 3112 2815 3183 στοργῆς
2849 3113 2944 3165 καὶ
2990 3113 3287 3181 συναφείας
3325 3113 3516 3181 κατέχει
3552 3111 3641 3171 τοὺς

2142 3204 2452 3275 χρωμένους
2470 3205 2631 3276 αὐτῇ,
2656 3207 3019 3276 παραμένειν,
3038 3207 3136 3260 καὶ
3171 3206 3244 3277 μὴ
3270 3202 3637 3278 διαῤῥήγνυσθαι.

2065 3262 2114 3325 C
2145 3262 2481 3350 κάνεκείνοι
2512 3262 2940 3367 aequitum-xci
2971 3262 3312 3369 ascanio:qu
3357 3262 3519 3358 ἀἰτίας
3547 3310 3641 3362 πσρ-

2149 3390 2333 3459 ἑχωσι.
2369 3390 2589 3458 Στέγειν
2612 3390 2724 3460 γὰρ
2745 3392 2890 3443 ποιεῖ
2916 3390 3010 3444 καὶ
3035 3389 3284 3456 ἐλπίζειν
3310 3391 3397 3443 καί⁵
3425 3387 3641 3458 ὑπομένειν

2151 3481 2245 3535 τὸν
2276 3481 2659 3552 ἁμαρτάνοντα
2681 3484 2759 3546 είς
2797 3481 2981 3536 αὐτόν.

474 3591 616 3641 mos,
659 3585 720 3631 ut
769 3584 1084 3646 permaneat
1117 3584 1174 3631 et
1228 3590 1338 3630 non
1389 3576 1823 3643 interrumpatur
1853 3593 1868 3629 :
1897 3576 2062 3631 etiam
2140 3576 2187 3632 si
2235 3576 2311 3630 illi
2355 3575 2663 3631 dissideant
2743 3590 2809 3631 ae
2850 3573 3132 3631 resilieadi
3185 3589 3377 3631 causas
3422 3573 3641 3646 prabeanl.

476 3668 630 3726 Facit
660 3668 805 3723 enim
836 3668 978 3722 ferre
1016 3676 1072 3722 et
1101 3682 1362 3737 separare
1390 3682 1456 3722 ac
1488 3667 1763 3723 sustinere
1796 3682 1919 3722 eum
1949 3670 2045 3738 qui

546 3761 694 3823 Xlll,
722 3761 874 3817 8-10.
918 3759 1036 3816 Sive
1079 3762 1370 3831 prophetia:
1400 3760 1772 3827 abolebantur,
1810 3762 1916 3816 sive
1953 3761 2056 3817 tin-

476 3870 593 3926 guat
634 3853 937 3918 cessabunt,
979 3855 1085 3908 sive
1130 3853 1349 3907 scientia
1400 3853 1717 3908 abolebitur.
1775 3852 1860 3906 Ea:
1906 3864 2056 3922 parte

479 3946 618 4002 enim
647 3946 1035 4015 cognoscimus,
1064 3956 1109 3999 et
1140 3960 1206 3999 ea:
1233 3954 1385 4012 parte
1406 3945 1777 4015 prophetarum
1800 3961 1819 3999 :
1842 3945 2053 4016 quando

482 4046 658 4092 autem
706 4039 901 4092 venerit
949 4037 1086 4108 quod
1134 4040 1422 4108 perfectum
1459 4048 1558 4106 est,
1589 4048 1715 4092 tunc
1759 4038 2055 4093 abolebitur

481 4127 537 4181 id
561 4127 699 4198 quod
729 4143 793 4181 ex
824 4138 973 4197 parte
1000 4137 1102 4184 est.

555 4215 659 4273 Ubi
707 4219 996 4273 charitatis
1044 4219 1293 4289 germina
1342 4219 1639 4284 recensuit,
1679 4235 1901 4276 rursum
1948 4221 2058 4276 alio

485 4322 705 4377 quoque
733 4306 893 4361 modo
925 4307 1098 4377 ipsam
1128 4308 1365 4371 extollit,
1398 4307 1590 4363 dicens
1625 4314 1681 4361 et
1720 4307 2060 4376 prophetiam

483 4405 537 4450 et
569 4396 788 4466 linguas
819 4404 873 4450 et
895 4396 1182 4450 scientiam
1210 4395 1374 4450 ﬁnem
1406 4394 1711 4455 habituras.
1736 4394 2059 4450 charitatetn

484 4504 616 4544 vero
662 4504 785 4544 esse
824 4499 1255 4558 permanentem,
1306 4489 1558 4544 stabilem
1611 4503 1677 4543 ac
1720 4497 2061 4559 perpetuam.

490 4579 547 4635 Si
588 4582 734 4636 enim
787 4590 842 4635 et
889 4582 1189 4651 prephetiae
1221 4591 1276 4636 et
1305 4581 1503 4652 linguae
1534 4589 1662 4635 sunt
1693 4590 1912 4652 propter
1937 4581 2062 4636 ﬁdei

488 4668 884 4738 cognitionem,
917 4669 1188 4738 explicata
1235 4669 1440 4740 ubique
1489 4670 1615 4732 fide,
1665 4682 1926 4742 tanquam
1965 4687 2062 4727 ευ·-

489 4761 696 4831 pcrllua
727 4760 1045 4827 cessabunt,
1081 4760 1187 4816 hoc
1229 4770 1412 4817 autem
1443 4771 1496 4818 et
1526 4762 1629 4817 hoc
1668 4771 1910 4833 tempore
1934 4766 2062 4832 erit,

491 4865 542 4906 et
574 4853 743 4906 multo
773 4853 947 4922 magis
978 4853 1030 4907 in
1061 4852 1268 4908 futuro.
1308 4873 1327 4906 ι
1375 4854 1507 4910 Sive
1535 4856 1787 4910 scientia.
1825 4874 1842 4907 ι
1883 4856 2065 4911 Srien-

492 4942 625 4995 tiam
669 4943 804 4998 dicit
850 4944 1104 5000 fortassis
1147 4959 1269 4999 eam
1319 4960 1440 5015 quae
1484 4947 1836 5003 accommoda
1878 4959 1960 5003 est
1996 4948 2064 5003 ad

491 5033 822 5089 docendum.
861 5036 1099 5090 Dila‘tato
1138 5038 1282 5093 enim
1319 5037 1505 5092 divino
1536 5040 1685 5094 cultu
1728 5053 1795 5093 ac
1842 5041 2063 5110 pietate,

494 5125 668 5179 oziosa
713 5125 818 5178 erit
863 5126 1136 5182 doctrina.
1197 5146 1216 5180 ι
1275 5128 1616 5185 Abolcbitur.
1683 5150 1702 5184 ι
1751 5131 1890 5196 Quid
1936 5148 2068 5204 ergo

497 5227 628 5270 tunc
657 5216 796 5270 erit?
826 5214 959 5271 Nam
992 5219 1058 5273 de
1086 5217 1274 5274 futuro
1302 5220 1439 5276 dixit
1467 5231 1710 5292 tempore
1741 5224 2066 5281 abolendam

496 5324 620 5362 esse
652 5308 965 5363 scientiam.
1004 5310 1085 5361 An
1120 5309 1288 5380 igitur
1320 5322 1449 5366 tunc
1479 5312 1531 5366 in
1564 5314 1869 5383 ignorantia
1900 5315 2065 5387 dege-

497 5399 657 5454 mus?
707 5400 892 5455 Absit!
957 5400 1049 5455 sed
1099 5400 1167 5456 de
1221 5404 1474 5472 pra‘settli
1525 5407 1855 5476 cognitione,
1907 5408 2066 5479 551

499 5505 619 5560 qua:
650 5507 713 5544 ex
755 5498 909 5560 parte
937 5498 1021 5544 est
1051 5488 1189 5545 dixit
1224 5492 1368 5560 quod
1400 5491 1723 5549 abolebitur.
1756 5493 1891 5549 Cum
1923 5496 2082 5567 enim.

501 5599 744 5656 pravsens
771 5584 1012 5654 cognitio
1040 5598 1105 5637 ex
1138 5594 1295 5654 parte
1323 5584 1416 5649 sit,
1449 5584 1539 5638 ubi
1572 5584 1811 5654 perfecta
1841 5586 2070 5643 scientia

499 5675 807 5737 advenerit,
835 5673 962 5728 ‘hacc
1003 5688 1125 5743 qua:
1170 5689 1234 5728 ex
1291 5684 1443 5743 parte
1491 5684 1577 5727 est
1622 5676 1781 5730 finem
1828 5675 2067 5744 habebit,

503 5778 599 5836 per
644 5766 1009 5833 cognitionem
1048 5765 1341 5836 perfectam
1373 5765 1598 5820 abolita.
1634 5766 1780 5820 Idem
1807 5777 1987 5821 autem
2019 5776 2073 5823 et

506 5859 573 5911 de
624 5858 907 5927 pz'np'etia
956 5858 1088 5912 mihi
1145 5858 1406 5930 intelligo.
1442 5887 1511 5897 —
1557 5856 1631 5910 Ex
1683 5867 1835 5927 parte
1891 5868 2071 5913 autem

2083 3669 2138 3723 in
2165 3669 2345 3739 ipsum
2379 3669 2644 3738 peccavit.

2225 3762 2362 3814 Εἴτε
2427 3759 2497 3812 δὲ
2566 3759 2915 3829 προφητεῖαι
2964 3759 3518 3828 καταργηθήσονται,
3563 3754 3642 3808 sire

2153 3852 2428 3924 γλῶσσαι
2468 3852 2828 3915 παύσονται,
2862 3853 2983 3906 εἶτε
3016 3851 3243 3920 γνῶσις
3285 3847 3640 3920 καταργηθήσε-

2153 3960 2269 3998 ται.
2334 3946 2432 3999 Ἐκ
2468 3944 2692 4013 μέρους
2721 3943 2790 3996 δὲ
2831 3943 3228 4013 γινώσκομεν,
3270 3943 3365 3997 καί
3398 3943 3458 3994 ἐκ
3486 3938 3641 4010 μέρους

2153 4034 2623 4103 προφητεύομεν.
2660 4034 2846 4088 Ὀταν
2891 4032 2961 4086 δὲ
2997 4034 3147 4103 ἔλθῃ
3182 4034 3247 4089 τὸ
3295 4033 3519 4095 τέλειον,
3554 4029 3643 4080 τότε

2154 4126 2221 4180 τὸ
2249 4127 2317 4180 ἐκ
2339 4127 2562 4194 μέρους
2592 4126 3130 4197 καταργηθήσεται.

2229 4217 2549 4284 Καταλέξας
2573 4219 2670 4289 τῆς
2694 4220 2913 4287 ἀγάπης
2943 4218 3012 4271 τὰ
3035 4216 3402 4289 βλαστήματα,
3432 4214 3561 4269 πάλιν
3576 4208 3641 4262 αὖ·

2158 4305 2257 4378 τὴν
2288 4306 2385 4362 καὶ
2414 4308 2585 4378 ἑτέρῳ
2630 4308 2819 4378 τρόπῳ
2865 4308 3009 4376 ὑψοῐ,
3045 4308 3104 4360 ὲν
3134 4306 3218 4377 τῷ
3250 4307 3432 4374 λέγειν,
3473 4300 3547 4355 καὶ
3576 4298 3643 4365 τὴν

2162 4400 2523 4470 προφητείαν,
2556 4401 2649 4452 καὶ
2675 4399 2775 4462 τὰς
2805 4397 3075 4466 γλώσσας,
3108 4400 3207 4452 καὶ
3228 4397 3323 4469 τὴν
3350 4395 3518 4466 γνῶσιν
3538 4388 3641 4447 τέλος

2162 4491 2329 4556 ἓξειν,
2365 4493 2465 4560 τὴν
2501 4491 2560 4545 δὲ
2584 4491 2808 4562 ἀγάπην
2845 4491 3074 4562 μόνιμον
3121 4485 3284 4556 εἶναι,
3319 4489 3560 4555 στάσιμον,
3581 4480 3641 4533 καὶ

2087 4585 2142 4646 Ι)
2167 4583 2542 4651 ἀτελεύτητον.
2607 4583 2670 4635 El
2722 4583 2832 4652 γὰρ
2892 4582 2985 4635 καὶ
3039 4584 3093 4636 al
3153 4580 3456 4654 προφητεῖαι
3496 4567 3640 4628 καὶαι

2164 4675 2408 4744 γλῶσσαι
2436 4673 2525 4726 διὰ
2559 4673 2661 4741 τὴν
2698 4672 2800 4743 τῆς
2829 4674 3069 4737 πίστεως
3101 4672 3302 4742 γνῶσίν
3338 4672 3450 4734 είσι,
3483 4665 3561 4734 τῆς
3584 4659 3643 4711 πί·

2167 4782 2337 4828 στεως
2370 4764 2653 4835 πανταχοῦ
2703 4764 3076 4834 ἀπλωῦείσης,
3108 4765 3326 4826 εἰκότως
3358 4761 3427 4823 ὡς
3459 4750 3641 4826 περιτταὶ

2165 4860 2490 4930 ἀργήσουσι.
2519 4858 2689 4912 Τοῦτο
2719 4859 2778 4912 δὲ
2808 4858 2904 4912 καὶ
2933 4857 3028 4911 νῦν
3054 4858 3229 4920 ἔσται,
3268 4857 3354 4909 καὶ
3379 4849 3530 4918 πολλῴ
3552 4842 3641 4915 1151-

2166 4950 2258 5004 λον
2315 4951 2410 5004 ἐπὶ
2441 4950 2536 5003 τοῦ
2590 4949 2897 5020 μέλλοντος.
2958 4969 2977 5001 ι
3028 4950 3154 5003 Εἴτε
3199 4949 3410 5018 γνῶσις.
3445 4963 3460 4995 i
3497 4938 3642 4994 Γνῶσιν

2168 5044 2299 5107 ῐσως
2352 5041 2451 5114 τὴν
2501 5042 2596 5096 τοῦ
2647 5042 2917 5096 διδάσκειν
2969 5043 3125 5112 φησί.
3178 5039 3545 5106 Πλατυνομένης
3571 5029 3641 5095 γάρ

2165 5134 2266 5204 τῆς
2295 5132 2576 5196 εὐσεϐείας
2602 5135 2696 5185 καὶ
2715 5133 2815 5203 τῆς
2849 5133 3105 5196 πίστεως,
3145 5132 3364 5203 ἀργήσει
3397 5128 3425 5197 ἡ
3460 5123 3638 5212 mam:

2168 5224 2278 5279 λία.
2324 5242 2343 5275 t
2390 5221 2908 5295 Καταργηοήσεται.
2953 5241 2974 5275 ι
3032 5221 3097 5276 Τί
3136 5218 3228 5274 οὖν
3267 5219 3413 5281 τότε,
3457 5212 3640 5295 nepita"

2173 5305 2458 5386 μέλλοντός
2488 5293 2598 5383 γάρ
2635 5309 2759 5367 εἷπε
2802 5314 2997 5385 χρόνου
3031 5308 3406 5382 καταργεῖσθαι
3442 5304 3522 5372 τὴν

2173 5382 2278 5461 σιν.
2315 5407 2449 5459 Τότε
2487 5382 2666 5458 τοίνυν
2701 5407 2759 5459 ὲν
2789 5382 3034 5474 ἀγνωσία
3082 5403 3337 5474 μέλλομεν
3362 5396 3560 5462 sum;
3582 5382 3640 5450 Μὴ

2171 5498 2383 5566 γένοιτο
2402 5498 2413 5550 l
2455 5495 2616 5550 ’Λλλά
2644 5496 2772 5566 περὶ
2797 5498 2897 5567 τῆς
2918 5495 3012 5548 νῦν
3032 5495 3300 5564 γνώσεως,
3330 5488 3414 5558 τῆς
3429 5487 3484 5537 ὲκ
3503 5480 3643 5574 μέροξς

2173 5590 2387 5657 εῐρηται
2441 5587 2610 5657 αὐτῷ,
2657 5587 2740 5640 δτι
2774 5586 3272 5656 καταργηθήσεται.
3322 5580 3420 5648 Τῆς
3460 5575 3547 5642 γάρ
3578 5581 3640 5616 νυν

2172 5681 2424 5747 γνώσεως
2455 5682 2519 5732 ἐκ
2540 5679 2740 5749 μέρους
2763 5678 2928 5749 οὔσης
2958 5679 3100 5733 ἐπὰν
3118 5676 3238 5747 ἔλθῃ
3261 5670 3460 5745 quieta
3482 5661 3639 5733 γνῶσις.

2174 5770 2315 5840 αὕτη
2344 5772 2377 5842 ἡ
2411 5772 2476 5824 ὲκ
2512 5771 2707 5842 μέρους
2741 5770 2893 5834 τέλος
2925 5771 3057 5837 ἕξει,
3085 5773 3150 5842 τῇ
3180 5766 3348 5838 τελείᾳ
3372 5758 3533 5832 γνώσει
3554 5762 3640 5803 κατ’

2177 5862 2516 5935 αργςυμένη.
2563 5864 2637 5916 Τὸ
2684 5864 2896 5918 αὑτὸδὲ
2960 5882 3050 5936 μοι
3096 5866 3187 5919 καὶ
3233 5859 3348 5933 περὶ
3390 5842 3639 5926 nmquis;
