3872 6566
148 423 255 488 837

1072 413 1458 477 COMMENT.
1501 411 1582 473 IN
1622 410 1857 471 EPIST.
1903 411 1932 470 Ῑ
1966 412 2068 474 AD
2088 412 2447 477 CORINTH.

3316 424 3424 488 838

152 534 283 587 νὸει.
320 551 339 585 ι
363 530 461 584 Ἐκ
484 527 683 600 μέρους
724 527 779 581 δὲ
798 525 1156 597 γινώσκομεν.
1191 542 1210 577 ι
1239 553 1309 563 -ο
1338 519 1539 595 [eam
1583 517 1730 574 Ἀντὶ

1841 522 2247 591 cognoscimus.
2292 524 2351 579 δὲ
2387 539 2486 596 pro
2534 526 2643 599 γὰρ
2677 526 2937 594 sumitur.
2981 536 3040 585 ut
3086 531 3159 587 sit
3201 549 3419 593 sensus.

152 622 271 686 τοῦ,
300 620 400 675 Ἐκ
424 621 628 691 μέρους
656 618 785 691 γάρ.
824 617 985 672 Aleia.
1016 617 1127 687 γάρ
1157 616 1274 669 ἐστι
1304 613 1399 668 τοῦ
1434 611 1576 668 διατί
1607 610 1736 681 μέλ-

150 717 305 768 λουσι
331 708 749 782 καταργηθῆναι
773 708 868 762 καὶ
888 706 1243 780 παύσασθαι.,

223 806 368 859 Ὅτε
395 803 561 872 ἢμην
590 801 828 869 νήπιος,
861 802 940 868 ὡς
960 800 1179 869 νήπιος
1204 798 1490 865 ἐλάλουν,
1519 799 1600 867 ὡς
1623 798 1735 868 νή-

151 913 290 962 πιος
304 895 627 964 ἐφρόνουν,
645 892 724 959 ώς
745 891 964 962 νήπιος
985 889 1498 961 ἐλογιζόμην.”οτε
1528 889 1599 944 δὲ
1633 891 1734 960 τέο

151 1005 303 1059 rora
332 985 510 1053 drop,
541 983 887 1052 κατήργηκα
916 983 990 1038 τὰ
1018 982 1123 1037 τοῦ
1144 982 1388 1050 νηπίου.
1422 980 1737 1052 Βλέπομεν

152 1082 267 1150 τὰρ
282 1078 418 1148 ἄρτι
443 1077 517 1131 δι’
545 1077 847 1145 ἐσόπτρου
865 1075 937 1130 ἐν
957 1076 1277 1146 αἰνίγματι,
1299 1075 1436 1129 τότε
1461 1073 1529 1126 δὲ
1546 1074 1736 1142 πρόσ-

150 1187 321 1227 ωπον
348 1172 499 1238 πρὸς
520 1170 870 1238 πρόσωπον.
896 1170 1062 1238 ’Ᾱρτι
1101 1166 1376 1238 γινώσκω
1397 1166 1470 1219 ἐκ
1487 1166 1733 1236 μέρους,

151 1269 289 1319 τότε
332 1262 402 1317 δὲ
429 1261 854 1331 ἐπιγνώσομαι,
896 1258 1088 1326 καθὼς
1122 1259 1220 1313 καὶ
1248 1257 1663 1327 ἐπεγνώσθην.

240 1356 464 1427 Ἐπειδὴ
491 1351 612 1408 εἷπε
640 1357 739 1424 τῆς
769 1353 981 1417 τελείας
1008 1352 1263 1421 γνώσεως
1296 1352 1599 1423 ἐρχομένης
1633 1351 1735 1422 τὴν

156 1449 396 1521 μερικὴν
442 1448 595 1511 τέλος
642 1447 808 1514 ἕξειν,
842 1446 939 1499 καὶ
985 1443 1387 1515 παραδείγματι
1434 1447 1596 1515 κυροῖ
1642 1444 1734 1499 τὸν

152 1543 338 1610 λόγον.
383 1541 532 1604 Ὅτε,
567 1538 755 1609 φησιν,
790 1539 939 1610 ἢμην
971 1537 1164 1607 νήπιος
1200 1539 1331 1600 παῖς
1363 1539 1462 1606 τὴν
1493 1536 1730 1607 ἠλικίαν,

152 1614 338 1690 πάντα
380 1636 549 1703 νήπια
587 1627 753 1701 εἶχον,
785 1631 879 1683 καὶ
923 1630 985 1681 τὸ
1020 1628 1221 1695 λαλεῖν,
1257 1628 1352 1682 καὶ
1390 1627 1452 1682 τὸ
1492 1629 1731 1698 φρονεῖν,

152 1726 343 1783 καὶτὸ
385 1723 719 1794 λογίζεσθαι.
749 1723 879 1777 Ὀτε
926 1721 982 1775 δὲ
1031 1721 1170 1793 ἀνὴρ
1199 1721 1421 1791 γέγονα,
1453 1721 1735 1794 ὰπέρῤιψα

150 1821 225 1873 τὲ
252 1818 369 1889 τῆς,
393 1817 737 1889 νηπιότητος.
783 1814 973 1878 Οὕτως
1017 1814 1113 1868 καὶ
1145 1814 1238 1868 ἐπὶ
1283 1815 1394 1868 τῶν
1429 1832 1735 1886 πνευματι-

152 1911 296 1975 κῶν,
328 1910 482 1979 φησί,
514 1907 628 1961 Νῦν
654 1907 825 1979 νηπία
854 1907 1003 1961 ἐστὶν
1026 1908 1156 1977 ἡμῖν
1177 1908 1211 1975 ὴ
1238 1906 1462 1974 γνῶσις,
1489 1907 1616 1962 ἐπεὶ
1638 1907 1733 1962 καὶ

151 2007 323 2077 ἡμεῖς
353 1985 534 2073 νήπιοι
567 2003 755 2070 ἐσμεν.
793 1999 963 2053 Ὅταν
984 1999 1165 2053 τοίνυν
1194 2000 1392 2053 τέλειοι
1417 1999 1728 2071 γενώμεθα,

150 2097 181 2151 ὅ
236 2099 388 2150 ἐστιν
432 2096 488 2146 ὲν
516 2093 596 2164 τῷ
645 2092 886 2163 μέλλοντι
936 2091 1135 2163 χρόνῳ,
1178 2086 1358 2146 πάντα
1389 2091 1457 2147 τὰ
1484 2091 1732 2163 νηπιώδη

150 2187 567 2259 ἀπορρίψομεν.
627 2184 934 2256 Νηπιότητι
989 2184 1097 2256 γὰρ
1153 2183 1333 2238 ἔοικεν
1393 2185 1426 2256 ἡ
1478 2182 1734 2256 παροῦσα

150 2280 363 2348 γνῶσις
398 2278 490 2333 καὶ
524 2275 830 2346 προφητεία
860 2274 954 2327 καί
997 2273 1263 2336 πολιτεία,
1296 2272 1434 2353 πρὸς
1471 2272 1568 2343 τὴν
1606 2272 1736 2343 μέλ-

152 2373 383 2428 λουσαν.
418 2390 438 2422 ι
477 2371 563 2433 Ὡς
596 2372 787 2438 νήπιος
813 2366 1058 2423 ἐλάλουν.
1097 2385 1119 2419 ι
1162 2368 1250 2430 Ὠς
1280 2365 1417 2437 πρὸς
1436 2366 1533 2429 τὰς
1558 2364 1737 2434 γλώσ-

153 2484 263 2528 σας
286 2465 371 2530 τὸ,
412 2482 433 2515 ι
475 2461 751 2520 Ἐλὰλουν.
796 2478 814 2511 ι
847 2458 924 2523 ὡς
965 2458 1104 2530 πρὸς
1135 2458 1235 2523 τὰς
1270 2457 1610 2529 προφητείας
1648 2458 1729 2525 τὸ,

157 2578 178 2611 ι
202 2557 522 2626 Ἐςρρόνουν,
562 2573 581 2607 ι
633 2553 710 2619 ὡς
762 2552 899 2623 πρὸς
929 2552 1027 2622 τὴν
1056 2550 1258 2620 γνῶσιν
1283 2550 1366 2616 τὸ,
1392 2570 1411 2603 ι
1462 2550 1731 2619 Ἐλογιζό-

154 2668 293 2721 μην.
325 2665 451 2700 ι-ι
478 2646 753 2716 Βλέπομεν
778 2645 886 2714 γὰρ
912 2643 1038 2715 ἄρτι
1071 2642 1137 2695 δι’
1167 2641 1454 2713 ἐσόπτρου.
1497 2660 1518 2694 ι
1552 2642 1734 2713 Σαφη-

150 2741 301 2807 νιζει
333 2742 396 2795 τδ
422 2739 710 2813 εἰρημένον
730 2736 862 2809 περὶ
885 2735 981 2789 τοῦ
1012 2736 1231 2807 νηπίου,
1260 2735 1352 2789 καὶ
1374 2734 1536 2801 ,θέλει
1562 2734 1732 2801 δεῖξαι

152 2836 245 2890 ὅτι
299 2832 521 2905 ἀμυδρά
569 2831 653 2895 τίς
692 2831 844 2884 ἐστιν
870 2830 1003 2900 ἡμῖν
1030 2829 1155 2898 ἄρτι
1180 2830 1213 2899 ἡ
1243 2829 1464 2898 γνῶσις,
1517 2828 1638 2883 τότε
1675 2828 1733 2882 δὲ

150 2928 464 3002 τρανοτέρα
486 2926 662 2980 ἔσται.
692 2942 712 2976 ι
736 2923 1020 2992 Βλέπομεν
1043 2924 1155 2995 γὰρ
1174 2923 1320 2993 ἄρτι,
1352 2923 1508 2995 φησι,
1528 2921 1597 2977 δι’
1613 2923 1735 2977 ὲσό-

150 3036 356 3090 Ιετρου.
390 3037 410 3070 ι
437 3015 569 3072 Elea
635 3015 821 3087 ἐπειδὴ
898 3014 961 3068 τὸ
1028 3013 1293 3085 ἔσοπτρον
1349 3014 1732 3084 ὲκτυπώτερον

149 3114 400 3167 δείκνυσι
442 3110 538 3165 τοῦ
583 3108 985 3180 ὲμφαινομένου
1035 3107 1138 3179 τὴν
1164 3108 1458 3179 μίμησιν,
1499 3110 1735 3181 προστέ-

149 3207 309 3260 θεικε
349 3204 432 3266 τὸ,
470 3222 489 3255 ι
537 3204 626 3256 Ἐν
675 3201 979 3271 αἰνίγματι,
1022 3218 1042 3253 ι
1089 3200 1306 3265 δεικνὺς
1353 3201 1733 3273 ἀμυδροτέρου

150 3291 301 3351 εἶναι
334 3295 434 3364 τὴν
462 3292 558 3347 νῦν
588 3292 849 3347 δοκοῦσαν
881 3291 1229 3363 τελειοτάτην
1258 3288 1460 3361 γνῶσιν
1511 3293 1608 3347 καὶ
1638 3293 1732 3347 τοῦ

149 3392 214 3444 ἒν
246 3389 500 3456 ἐσόπτρῳ
534 3383 971 3456 προφαινομένου
1001 3382 1347 3456 πράγματος.
1378 3404 1397 3435 ι
1434 3385 1733 3455 Πρόσωπον

149 3480 297 3551 πρὸς
328 3478 639 3548 πρόσωπον.
670 3493 691 3529 ι
728 3477 841 3547 Οὐχ
874 3475 950 3540 ὡς
978 3475 1296 3547 σωματικόν
1325 3492 1378 3530 τι
1410 3475 1442 3547 ἢ
1476 3475 1735 3546 αἰσθητὸν

146 3571 449 3643 πρόσωπον
498 3568 592 3622 τοῦ
627 3568 760 3622 Θεοῦ
795 3568 1030 3637 ἔχοντος,
1070 3567 1210 3621 ἀλλὰ
1253 3566 1354 3638 τὴν
1396 3568 1734 3640 τρανοτέραν

148 3666 249 3720 καὶ
274 3662 619 3733 σαφεστέραν
637 3661 859 3730 γνῶσιν,
887 3663 954 3731 τῇ
985 3659 1129 3727 λέξει
1154 3659 1248 3714 τοῦ
1270 3660 1564 3733 προσώπου
1594 3678 1735 3733 παρα

153 3761 342 3829 ίστησι
376 3754 675 3826 τροπικῶς.
730 3754 802 3807 Ἢ
833 3753 993 3807 τοῦτο
1024 3754 1136 3807 νόει
1169 3771 1259 3825 μοι
1294 3756 1425 3826 περ)⁸
1468 3736 1563 3809 τοῦ
1603 3754 1732 3809 Υίοῦ

148 3849 246 3903 τοῦ
285 3847 498 3918 Κυρίου
549 3844 708 3915 ἡμῶν
770 3845 946 3915 Ἰησοῦ
1013 3845 1255 3914 Χριστοῦ
1303 3846 1468 3900 αὑτὸν
1527 3846 1730 3915 λέγειν.
1775 3910 1781 3917 ξ

159 3962 178 3993 ι
213 3941 357 3994 Τότε
405 3938 463 3992 δὲ
509 3934 905 4006 ἐπιγνώσομαι.
943 3954 964 3988 ›
1000 3936 1137 4004 Νῦν,
1170 3936 1357 4008 φησὶν,
1417 3938 1483 3991 ὲκ
1532 3938 1735 4009 μέρους

148 4032 322 4086 αὐτὸν
369 4026 645 4097 γινώσκω,
682 4027 804 4080 τότε
842 4026 901 4080 δὲ
930 4026 1103 4090 οὕτως
1153 4028 1317 4081 αὐτὸν
1361 4028 1734 4100 ἐπιγνώσομαι

148 4126 247 4179 καὶ
280 4122 530 4191 ποθήσω,
561 4118 748 4188 ὥσπερ
773 4117 868 4174 νῦν
897 4118 1056 4182 αὐτός
1091 4105 1159 4189 μέ
1197 4119 1434 4188 ἐπέγνω.
1466 4118 1582 4173 Νῦν
1620 4119 1733 4190 γὰρ

147 4217 317 4287 ἡμεῖς
362 4211 464 4283 μὲν
519 4210 682 4264 αὑτὸν
731 4209 832 4263 οὐκ
879 4208 1269 4280 ὲγινώσκομεν,
1323 4210 1489 4275 αὐτὸς
1530 4209 1588 4264 δὲ
1638 4212 1735 4266 καὶ

148 4307 399 4373 ἐπέγνω,
442 4301 702 4372 καὶπρὸς
748 4300 940 4355 ἑαυτὸν
968 4300 1209 4356 εἵλκυσε.
1259 4301 1394 4355 Τότε
1433 4300 1543 4372 γὰρ
1571 4304 1737 4374 ἡμεῖς

147 4399 324 4453 αὐτὸν
353 4395 450 4450 καὶ
480 4392 921 4463 ὲπιγνωσόμεθα,
957 4394 1053 4446 καὶ
1079 4392 1535 4464 ὲπιδραμούμεθα
1560 4394 1732 4466 αὐτῷ,

146 4491 249 4561 τῆς
303 4486 647 4557 γλυκύτητος
697 4486 864 4539 αὐτοῦ
906 4484 1241 4556 τρανοτέραν
1277 4487 1475 4558 πεῖραν
1523 4485 1736 4557 λαμϐά-

1835 610 2014 666 Causa
2047 613 2195 667 enim
2241 629 2342 670 cur
2388 616 2671 674 abolendae
2716 619 2827 676 sint
2873 630 2928 677 et
2972 634 3273 683 cessatura
3317 638 3424 698 est,

1835 701 1963 771 quia
1998 702 2335 773 imperfecta:
2357 715 2509 762 sunt.

1906 791 2049 857 Xlll,
2079 795 2171 860 ll,
2202 796 2291 852 l2.
2331 796 2469 853 Cum
2504 799 2686 870 infans
2715 818 2903 870 essem,
2935 814 2993 860 ut
3022 805 3205 875 infans
3241 809 3424 882 loque-

1835 879 1953 947 bar,
1991 893 2051 936 ut
2104 885 2285 954 infans
2329 889 2641 960 sentiebam,
2673 903 2730 946 ut
2762 894 2945 966 infans
2987 899 3287 970 cogitabam
3307 879 3335 956 ἐ
3366 912 3424 957 at

1834 975 1927 1027 ubi
1982 974 2160 1044 [actus
2215 995 2333 1033 sum
2393 982 2506 1048 vir,
2554 985 2756 1040 abolevi
2802 988 3101 1058 infantilia.
3147 994 3423 1051 Cernimus

1835 1068 1993 1125 enim,
2020 1084 2161 1122 nunc
2198 1086 2292 1137 per
2334 1075 2602 1141 speculum
2647 1078 2702 1131 in
2742 1081 3047 1149 mnigmate,
3079 1092 3203 1138 tunc
3244 1096 3422 1141 autent

1834 1157 1973 1227 facie
1999 1160 2068 1213 ad
2092 1160 2304 1228 faciem.
2338 1162 2498 1220 Nunc
2521 1183 2777 1237 cognosco
2801 1186 2867 1225 ea:
2888 1184 3058 1242 parte,
3086 1185 3211 1231 tunc
3245 1190 3422 1235 autem

1834 1264 2153 1323 cognoscam
2180 1256 2316 1310 sicut
2343 1266 2393 1312 et
2418 1262 2659 1330 cognitus
2685 1279 2823 1318 sum.
3428 1274 3435 1279 “
3469 1316 3473 1331 ;

1904 1344 2174 1413 Quoniam
2202 1350 2339 1405 dixit
2370 1358 2791 1423 superveniente
2819 1358 3061 1429 perfecta
3103 1366 3422 1436 cognitione

1836 1437 1997 1495 llm-m
2054 1442 2363 1499 habituram
2403 1461 2522 1500 eam
2566 1464 2687 1519 quae
2724 1459 2811 1506 est
2847 1467 2912 1507 ex
2963 1463 3138 1524 parte,
3174 1460 3424 1529 exemplo

1834 1545 2056 1603 quoque
2100 1549 2408 1592 sermonem
2462 1541 2772 1597 confirmat.
2810 1544 2946 1600 Cum
2982 1561 3185 1613 essem,
3216 1550 3429 1621 inquit,

1835 1621 2021 1678 infans
2062 1634 2157 1679 aut
2201 1642 2336 1697 puer
2366 1636 2549 1698 aetate,
2578 1634 2763 1687 omnia
2811 1634 3078 1691 habebam
3116 1639 3419 1708 infantilia,

1834 1722 1891 1770 et
1922 1716 2194 1786 loquelam
2224 1728 2279 1775 et
2306 1736 2527 1778 sensum
2571 1734 2624 1780 et
2656 1727 3039 1798 cogitationem
3077 1748 3091 1785 :
3128 1741 3182 1786 at
3215 1736 3303 1789 ubi
3342 1735 3423 1790 fa-

1834 1816 1960 1864 ctus
1999 1824 2124 1865 sum
2158 1811 2260 1878 vir,
2291 1813 2468 1884 abjeci
2507 1815 2802 1872 infantilis.
2843 1820 2921 1874 ita
2947 1830 3001 1877 et
3032 1822 3085 1876 in
3116 1824 3423 1894 spirituali-

1838 1902 1967 1965 bus,
2014 1902 2195 1973 inquit
2240 1921 2255 1959 :
2303 1922 2447 1961 nunc
2490 1909 2762 1966 infantilis
2811 1923 2895 1968 est
2946 1915 3105 1972 nobis
3155 1918 3421 1987 cognitio,

1838 1997 2099 2066 quoniam
2143 2009 2198 2054 et
2241 2013 2344 2054 nos
2391 2001 2627 2059 infantes
2672 2020 2884 2060 sumus.
2939 2007 3008 2061 At
3058 2009 3149 2064 ubi
3194 2011 3423 2081 perfecti

1839 2083 2128 2153 fuerimus,
2161 2090 2307 2159 quod
2335 2092 2441 2145 erit
2469 2094 2522 2147 in
2560 2095 2747 2150 futuro
2773 2099 2998 2163 saeculo,
3024 2101 3207 2154 omnia
3240 2101 3424 2158 infan-

1840 2178 1956 2233 tilia
1987 2181 2334 2252 abjiciemus.
2382 2184 2517 2239 Nam
2550 2186 2796 2244 infantiae
2830 2189 3030 2246 similis
3066 2201 3148 2248 est
3176 2209 3421 2265 praesens

1839 2270 2086 2339 cognitio
2114 2282 2170 2328 et
2201 2275 2489 2343 prophetia
2516 2285 2571 2332 et
2603 2269 2974 2347 conversatio,
3012 2282 3057 2337 si
3105 2284 3422 2340 conferatur

1840 2360 1908 2414 ad
1942 2360 2204 2417 futuram.
2244 2384 2263 2417 ι
2312 2363 2383 2420 Ut
2418 2366 2598 2425 infans
2627 2371 2906 2441 loquebar.
2958 2391 2976 2425 ι
3008 2372 3077 2430 Ut
3108 2376 3175 2431 ad
3206 2377 3425 2448 linguas

1838 2453 2114 2509 referatur
2163 2475 2182 2508 ι
2230 2457 2538 2528 Loquebar,
2587 2476 2606 2514 ι
2661 2463 2728 2517 ad
2768 2467 3084 2535 prophetias
3138 2488 3157 2520 ι
3205 2469 3422 2526 Sentic-

1838 2545 1964 2601 bam
2013 2566 2031 2598 ι
2073 2554 2137 2604 ac
2168 2551 2455 2606 scientiam
2495 2571 2515 2605 ι
2554 2553 2896 2627 Cogitabam,
2944 2577 2963 2610 ι
3006 2561 3122 2616 sive
3154 2580 3173 2613 ι
3221 2562 3423 2620 Consi-

1839 2635 2124 2692 dcrabam.
2170 2658 2189 2692 ι
2217 2670 2288 2686 --
2322 2660 2344 2695 ι
2382 2641 2673 2700 Cernimus
2721 2647 2863 2701 enim
2909 2665 3059 2704 nunc
3108 2665 3200 2715 per
3230 2668 3423 2723 specu-

1840 2729 1975 2784 lnm.
2027 2750 2046 2784 ι
2102 2731 2373 2803 Esplanat
2433 2738 2579 2807 quod
2644 2738 2711 2794 de
2777 2739 2988 2797 infante
3045 2743 3254 2798 dictum
3314 2755 3421 2814 est,

1840 2824 2066 2895 vultque
2097 2827 2393 2884 ostendere
2426 2829 2575 2900 quod
2602 2847 2749 2886 nunc
2778 2832 3012 2889 obscura
3044 2838 3288 2906 quaedam
3318 2854 3421 2894 nu-

1840 2913 1925 2968 bis
1967 2922 2052 2970 est
2097 2918 2360 2985 cognitio,
2398 2930 2529 2975 tunc
2556 2930 2738 2976 autem
2777 2923 2950 2994 magis
2978 2928 3265 2996 perspicua
3296 2930 3418 2984 erit.

1845 3024 1867 3058 ι
1897 3006 2189 3065 Cernimus
2211 3011 2356 3065 enim
2384 3028 2547 3077 nunc,
2584 3018 2681 3077 ait,
2702 3030 2799 3083 per
2827 3019 3131 3086 speculum.
3170 3037 3189 3071 ι
3214 3019 3422 3076 Deinde

1841 3100 1969 3169 quia
2022 3104 2310 3170 speCnlum
2361 3103 2501 3159 bene
2547 3106 2833 3176 eﬂigiatam
2882 3111 3123 3164 ostendit
3173 3113 3250 3165 rei
3299 3129 3421 3184 qua:

1841 3201 2066 3261 apparet
2108 3195 2496 3260 imitationem,
2533 3198 2686 3252 addit
2721 3216 2736 3252 :
2769 3216 2789 3249 ι
2836 3197 2892 3252 ln
2923 3202 3234 3271 muigmate,
3283 3223 3303 3256 ι
3337 3206 3421 3258 in-

1838 3284 2071 3341 sinuans
2111 3287 2283 3357 magis
2330 3296 2549 3344 tenuem
2596 3305 2661 3346 ac
2704 3291 3084 3347 obscurior-em
3122 3312 3245 3349 esse
3274 3313 3416 3361 eam,

1836 3392 1959 3447 qua:
1983 3393 2132 3433 nunc
2158 3380 2565 3449 perfectissima
2593 3384 2808 3438 videtur
2835 3385 3229 3454 cognitionem,
3251 3387 3416 3443 etiam

1837 3467 1930 3522 illa
1965 3483 2022 3524 re
2050 3483 2173 3538 qua!
2195 3480 2422 3539 apparet
2454 3471 2507 3524 in
2539 3471 2780 3540 speculo.
2817 3490 2837 3523 ι
2868 3470 3032 3527 Facie
3063 3473 3129 3526 ad
3164 3471 3414 3528 faciem.)

1835 3559 1954 3615 Non
1979 3560 2125 3632 quod
2160 3560 2306 3617 Deus
2335 3565 2672 3632 corporalem
2702 3563 2940 3634 aliquam
2969 3572 3063 3617 aut
3095 3566 3416 3620 sensibilem

1838 3653 2038 3709 habeat
2068 3653 2253 3719 fidem,
2288 3654 2382 3710 sed
2418 3655 2710 3709 clariorem
2748 3670 2813 3710 ac
2853 3655 3286 3712 manifestinrem
3319 3674 3416 3713 co-

1836 3746 2141 3817 gnitionem
2175 3761 2276 3816 per
2305 3747 2601 3802 dictionem
2636 3745 2831 3803 Facies
2874 3748 3159 3819 llgurative
3189 3751 3417 3806 demon-

1836 3846 2000 3894 Strat.
2048 3839 2156 3893 Aut
2196 3838 2301 3893 hoc
2332 3839 2465 3894 mihi
2501 3840 2742 3911 intellige
2776 3840 2844 3895 de
2878 3839 3017 3895 Filio
3051 3841 3285 3897 Domino
3317 3858 3418 3898 no-

1836 3939 1955 3986 stro
2012 3930 2144 3988 Jesu
2213 3932 2441 3991 Christo
2500 3934 2680 4004 ipsum
2738 3935 2913 4004 loqui.
2966 3953 2986 3987 ι
3032 3934 3187 3989 Tunc
3233 3944 3416 3991 autem

1834 4038 2191 4095 cognoscam.
2236 4042 2256 4075 ι
2308 4023 2486 4086 Nune.
2534 4025 2735 4094 inquit,
2781 4040 2846 4081 ex
2892 4035 3045 4095 parte
3092 4026 3269 4096 ipsum
3322 4042 3416 4081 co-

1836 4131 2061 4188 gnosco,
2095 4125 2227 4171 tunc
2268 4131 2399 4171 vero
2450 4115 2524 4170 ita
2583 4132 2707 4171 eum
2764 4116 2925 4188 552
2974 4132 3299 4188 cognoscam
3352 4133 3418 4174 ac

1835 4209 2249 4279 concupiscam,
2279 4208 2741 4278 quemadmodum
2778 4209 2895 4276 ipse
2924 4224 3072 4262 nunc
3099 4224 3185 4263 me
3212 4224 3418 4280 c0gno-

1835 4301 1965 4360 scit.
1991 4300 2149 4356 Nune
2175 4300 2322 4357 enim
2355 4315 2459 4355 nos
2505 4315 2629 4355 eum
2676 4315 2785 4354 non
2830 4302 3319 4371 cognoscebanrus,
3360 4311 3416 4357 at

1835 4396 1955 4467 ipse
1991 4396 2247 4466 cognovit
2277 4409 2377 4449 nos
2408 4402 2463 4449 et
2493 4394 2556 4449 ad
2590 4409 2650 4450 se
2679 4394 2909 4448 attrahit
2942 4416 2954 4449 :
2991 4401 3122 4449 tunc
3156 4410 3282 4450 vero
3316 4411 3419 4452 nos

1835 4504 1961 4544 eum
1999 4503 2399 4559 cognoscemus
2432 4494 2486 4542 et
2516 4503 2871 4543 accurremus
2904 4485 2982 4541 'ad
3018 4502 3163 4553 eum,
3197 4504 3419 4542 sumen-

146 4599 363 4645 νοντες.
390 4579 559 4633 Τοῦτο
587 4579 644 4632 δὲ
672 4576 864 4644 εἰπὼν,
916 4578 1171 4650 καθαιρεῖ
1212 4578 1394 4632 αὐτῶν
1433 4579 1495 4632 τὸ
1542 4580 1635 4634 ἐπὶ
1663 4582 1730 4652 τῇ

1841 4590 1925 4637 tes
1958 4581 2249 4636 clariorem
2291 4577 2601 4635 dulcedinis
2650 4578 2820 4647 ipsius
2855 4578 3272 4648 experientiam.
3303 4576 3418 4634 lloc

147 4675 357 4742 γνώσει
380 4669 656 4741 φρόνημα,
686 4668 900 4731 δεικνὺς
937 4671 1032 4722 καὶ⁵
1061 4668 1295 4739 μερικὴν
1328 4663 1470 4720 εἶναι
1495 4668 1595 4737 τὴν
1633 4668 1732 4726 νῦν

146 4767 382 4833 γνῶσιν,
416 4761 513 4815 καὶ
562 4760 768 4830 ταύτην
821 4759 993 4829 αὐτὴν
1024 4760 1123 4813 οὐκ
1179 4758 1238 4824 ἐξ
1284 4758 1464 4830 ἡμῶν,
1504 4758 1622 4812 ἀλλ’
1665 4763 1732 4815 ἐκ

146 4853 290 4908 Θεοῦ
329 4853 463 4923 ἡμῖν
493 4850 746 4920 γενέσθαι
777 4849 1009 4921 δωρεὰν,
1043 4850 1139 4903 καὶ
1168 4848 1292 4919 δίχα
1321 4848 1503 4903 πόνων
1531 4850 1734 4921 ἡμετέ-

148 4964 283 5020 ρων.
317 4943 490 5007 Αὐτὸς
520 4943 649 5014 γὰρ,
681 4943 867 5013 φησιν,
890 4944 1039 5012 ἡμᾶς
1069 4940 1165 4995 καὶ
1185 4941 1425 5011 ἐπέγνω,
1466 4943 1562 4996 καὶ
1591 4942 1731 5013 πρὸς

146 5038 348 5094 ἑαυτὸν
394 5037 635 5091 εἵλκυσε.
675 5054 696 5088 ι
737 5034 935 5099 Καθὼς
974 5034 1071 5089 καὶ
1106 5034 1480 5105 ἐπεγνώσθην.
1521 5054 1541 5087 ι
1585 5035 1733 5089 ’Δντὶ

144 5131 267 5195 τοῦ,
288 5128 537 5200 ἀκριϐῶς
566 5127 663 5182 καὶ
688 5126 1070 5191 τελείως.Ὲπὶ
1095 5126 1272 5197 τούτῳ
1300 5126 1432 5197 γὰρ,
1452 5127 1611 5199 φησι,
1638 5129 1732 5182 καὶ

144 5224 246 5296 τὴν
267 5222 450 5292 ἀρχὴν
466 5217 578 5289 ἐγὼ
603 5218 974 5289 ἐπεγνώσθην,
1000 5217 1088 5272 ἵνα
1119 5217 1213 5273 καὶ
1234 5218 1394 5283 αὐτὸς
1410 5217 1731 5289 γνώσωμαι,

144 5314 339 5377 καθώς
369 5314 519 5365 ἐστιν
544 5309 818 5381 ἀνθρώπῳ
849 5309 1094 5376 δυνατὸν,
1114 5309 1336 5375 τελείως
1362 5309 1458 5365 καὶ
1487 5310 1731 5383 ἀκριϐῶς

145 5405 241 5459 τὸν
281 5403 578 5472 ἐπιγνόντα
616 5419 686 5474 με
718 5401 1017 5475 Δεσπότην.

216 5589 373 5645 Νυνὶ
405 5588 475 5642 δὲ
496 5587 689 5658 μένει,
722 5588 949 5655 πίστις,
989 5586 1185 5654 ἐλπὶς,
1212 5587 1436 5659 ἀγάπη,
1482 5589 1554 5643 τὰ
1595 5591 1729 5659 τρία

144 5680 361 5736 ταῦτα.
392 5679 619 5741 Μείζων
656 5680 725 5735 δὲ
751 5682 983 5736 τούτων
1014 5680 1053 5749 ἠ
1083 5681 1308 5751 ἀγάπη.
1339 5681 1588 5736 Διώκετε
1614 5682 1732 5752 τὴν

144 5773 415 5842 ἀγάπην.
460 5770 708 5842 ζηλοῦτε
738 5772 808 5828 δὲ
851 5773 925 5828 τὰ
971 5772 1363 5842 πνευματικὰ,
1396 5770 1640 5842 μᾶλλον
1663 5775 1731 5829 δὲ

145 5865 252 5917 ἵνα
287 5864 718 5934 προφητεύητε.
736 5865 798 5919 '0
826 5868 933 5936 γὰρ
962 5863 1170 5924 λαλῶν
1196 5862 1469 5935 γλώσσῃ,
1493 5865 1603 5919 οὐκ
1626 5864 1730 5921 ἀν-

1840 4680 2027 4728 autem
2056 4673 2246 4728 dicens
2287 4672 2430 4725 tollit
2461 4669 2660 4726 fastum
2686 4686 2874 4726 eorum
2905 4685 3063 4741 quem
3093 4666 3161 4724 de
3191 4670 3418 4726 scientia

1840 4762 2137 4825 habebant,
2183 4759 2480 4818 ostendens
2538 4766 2593 4816 et
2643 4774 2710 4815 ex
2757 4768 2914 4830 parte
2960 4774 3083 4815 esse
3127 4758 3414 4815 scientiam

1839 4870 2004 4926 quant
2037 4869 2185 4909 nunc
2224 4854 2509 4917 habemus,
2536 4861 2589 4906 et
2628 4851 2772 4921 quod
2814 4850 2957 4905 hanc
2997 4851 3170 4919 ipsam
3205 4865 3311 4904 non
3349 4868 3415 4906 cx

1840 4947 2002 5003 nobis
2031 4946 2355 5011 habeamus,
2384 4945 2478 5000 sed
2515 4959 2543 4997 a
2579 4942 2694 4998 Deo
2721 4944 2891 5013 gratis
2922 4943 3205 5012 contingat
3236 4942 3414 5010 nobis,

1838 5052 1903 5093 ac
1951 5037 2071 5094 sine
2125 5037 2332 5092 nostris
2379 5034 2679 5091 laboribus.
2714 5033 2848 5087 Nam
2899 5032 3016 5103 ipse
3060 5041 3113 5089 et
3160 5035 3416 5106 cognovit

1835 5144 1941 5186 nos
1969 5140 2024 5184 et
2054 5128 2122 5183 ad
2153 5143 2213 5182 se
2239 5126 2485 5182 attraxit.
2525 5145 2544 5178 ι
2592 5126 2746 5181 Sicut
2792 5132 2846 5180 et
2896 5125 3151 5196 cognitus
3198 5142 3339 5182 sum.
3390 5146 3409 5179 ι
3526 5146 3528 5149 τ

1837 5222 1956 5280 Hoc
2001 5230 2110 5288 est,
2145 5228 2340 5277 exacte
2388 5235 2453 5275 ac
2498 5218 2755 5292 perfecte.
2786 5217 2868 5272 Ad
2908 5218 3011 5273 hoc
3041 5218 3183 5274 enim
3213 5234 3313 5290 ego
3346 5219 3415 5274 ab

1837 5315 1995 5371 initio
2027 5314 2280 5385 cognitus
2311 5328 2456 5375 sum,
2487 5320 2546 5365 ut
2578 5318 2632 5367 et
2667 5311 2786 5381 ipse
2826 5324 3239 5381 cognoscerem,
3271 5310 3413 5364 sicut

1837 5405 2048 5463 homini
2093 5404 2357 5476 possibile
2396 5409 2502 5468 est,
2541 5401 2778 5473 perfecte
2808 5411 2864 5457 et
2890 5408 3084 5458 exacte
3120 5399 3407 5454 Dominum

1838 5499 1935 5570 qui
1965 5512 2051 5553 me
2082 5498 2360 5566 cognovit,
2391 5493 2567 5550 sicuti-
2595 5493 2807 5549 homini
2842 5492 3108 5564 possibile
3138 5499 3243 5546 est.

1905 5590 2049 5657 Xlll,
2103 5589 2198 5657 15;
2246 5587 2388 5654 XIV,
2440 5587 2556 5642 1-4.
2601 5584 2761 5641 Nunc
2809 5595 2986 5639 autem
3031 5591 3208 5638 manet
3250 5581 3402 5651 fides,

1837 5698 1974 5753 spes,
2004 5681 2260 5747 charitas,
2294 5682 2402 5734 tria
2432 5680 2562 5745 hinc,
2593 5677 2683 5733 sed
2714 5678 2951 5733 maxima
2978 5676 3034 5730 in
3065 5673 3147 5727 his
3180 5682 3257 5727 est
3282 5674 3407 5728 cha-

1836 5777 1992 5830 ritas.
2028 5774 2310 5831 Sectemini
2344 5774 2681 5838 charitatem,
2709 5768 3039 5828 cmulamim’
3080 5775 3255 5821 autem
3292 5766 3405 5835 spi-

1836 5867 2080 5934 ritualia,
2114 5866 2283 5937 magis
2315 5875 2488 5921 tamen
2534 5873 2589 5919 ut
2634 5861 2972 5935 prophetetis.
3014 5857 3152 5919 Nam
3191 5859 3286 5931 qui
3329 5857 3409 5913 lo-
