3872 6614
197 482 302 550 841

1124 484 1515 550 COMMENT.
1554 484 1633 547 lN
1673 482 1911 546 EI’IST.
1949 487 1973 545 Ι
2015 486 2115 548 ΑΙ)
2144 481 2510 555 CORINTH.

3342 475 3453 544 ΜΞ

84 642 95 648 -
206 597 357 669 ἡμᾶς
391 594 563 666 αὐτὴν
591 599 687 652 καὶ
731 595 809 653 ἔτι
837 599 1083 669 φεύγειν,
1127 602 1221 655 καὶ
1264 598 1458 654 πολλοῦ
1502 600 1611 654 δεῖν
1643 600 1773 669 ἡμῖν

1897 613 1995 663 IOS,
2028 606 2082 653 et
2114 599 2292 654 adhuc
2326 596 2534 665 lugere,
2560 594 2842 663 multoque
2876 608 3012 664 opus
3042 608 3161 649 csse
3192 609 3357 649 cursu
3394 603 3454 650 ιιι

197 688 400 759 δρόμου
427 689 514 743 ἵνα
532 689 847 761 φθάσωμεν,
863 691 1115 747 τοσοῦτον
1132 694 1524 762 ἀφεστηκυῖαν.
1544 690 1777 762 Ζηλοῦτε

194 779 254 833 δὲ
293 779 365 833 τὰ
399 780 767 851 πνευματικά.
797 782 916 837 Ἵνα
951 781 1024 853 μὴ
1068 784 1336 852 νομίσωσι
1364 783 1454 836 διὰ
1501 784 1656 837 τοῦτο
1682 784 1779 836 αὒ-

198 871 292 926 τδν
324 874 458 935 τοὺς
507 872 638 945 περὶ
682 873 902 944 ἀγάπης
955 874 1147 944 λόγους
1202 874 1484 947 εἰρηκέναι
1541 875 1617 938 ώς
1674 874 1779 940 ἔξω

199 962 463 1034 βάλλοντα
512 965 581 1018 τὰ
632 966 969 1037 χαρίσματα,
1012 966 1230 1037 ἐπάγει·
1282 986 1300 1018 ι
1340 966 1575 1037 Ζηλοῦτε
1608 967 1663 1021 δὲ
1710 969 1779 1022 τὰ

201 1058 571 1126 πνευματικὰ,
609 1077 629 1111 ι
688 1058 958 1121 τουτέστι,
1016 1061 1086 1112 τὰ
1141 1059 1462 1130 χαρίσματα
1508 1061 1646 1131 μετὰ
1679 1061 1778 1129 τῆς

198 1150 445 1220 ἀγάπης.
470 1180 539 1191 --
556 1149 755 1223 [41012]
786 1151 929 1205 ’Δντὶ
954 1150 1070 1216 τοῦ,
1086 1152 1238 1223 Μηδὲ
1257 1153 1477 1204 ἐκείνων
1505 1152 1776 1221 ἁμελεῖτε.

198 1242 421 1308 Μείξων
456 1244 555 1313 μὲν
578 1242 686 1314 γὰρ
719 1244 752 1313 ἡ
784 1242 994 1313 ἀγάπη,
1048 1242 1144 1295 καὶ
1173 1241 1378 1312 ταύτην
1408 1242 1514 1313 χρὴ
1539 1241 1775 1297 διώκειν.

196 1335 276 1388 Οὐ
298 1336 385 1388 δεῖ
411 1336 490 1400 δὲ,
513 1336 632 1389 οὐδὲ
670 1336 779 1389 τῶν
805 1335 979 1389 ἄλλων
1010 1336 1235 1406 ἀμελεῖν
1273 1337 1647 1407 χαρισμάτων,
1685 1338 1780 1390 καὶ

201 1425 445 1495 μάλιστα
491 1426 585 1480 τοῦ
641 1426 770 1497 περὶ
836 1425 936 1497 τὴν
1021 1426 1360 1498 προφητείαν
1414 1427 1775 1497 χαρίσματος.

203 1538 224 1570 ι
262 1518 481 1573 Μᾶλλον
508 1519 561 1572 δὲ
595 1518 681 1572 ἵνα
712 1517 1116 1590 προφητεύητε.
1161 1539 1179 1572 ι
1213 1519 1508 1591 Σύγκρισιν
1547 1520 1779 1573 ποιεῖται

200 1609 392 1664 λοιπὸν
421 1612 756 1682 προφητείας
781 1613 871 1664 καὶ
898 1611 1185 1680 γλωσσῶν,
1221 1611 1316 1665 καὶ
1339 1611 1609 1666 δείκνυσιν
1638 1610 1783 1680 ώτε-

200 1700 517 1774 λιμωτέραν
559 1704 657 1773 τὴν
711 1703 1049 1775 προφητείαν
1082 1702 1433 1758 καταϐάλλων
1474 1701 1573 1767 τὰς
1609 1702 1784 1772 γλώσ-

202 1809 328 1857 σας.
365 1795 474 1848 Καὶ
503 1795 612 1864 γὰρ
644 1794 851 1866 σφόδρα
875 1791 1016 1865 ἦσαν
1055 1794 1353 1865 ἐπηρμένοι
1384 1794 1454 1847 δι’
1477 1793 1668 1858 αὑτὰς.
1694 1793 1783 1849 διὰ

200 1886 285 1951 es,
321 1885 539 1956 πρώτου
578 1885 744 1939 αὑτοῦ
788 1886 1129 1957 χαρίσματος
1173 1886 1440 1955 ἠξιῶσθαι
1482 1890 1611 1951 τοὺς
1643 1892 1783 1942 ἀπο-

207 1978 454 2043 στόλους.
513 1997 532 2031 ι
602 1978 658 2029 '0
716 1979 823 2049 γὰρ
885 1980 1063 2033 λαλῶν
1121 1980 1360 2051 γλώσσῃ.
1403 1999 1419 2031 ι
1476 1979 1562 2032 Ἑν
1609 1980 1784 2050 τούτῳ

201 2071 470 2136 δείκνυσι,
511 2070 587 2142 μὴ
612 2070 674 2124 ὂν
698 2072 904 2142 σφόδρα
939 2071 998 2125 τὸ
1039 2072 1145 2124 τών
1187 2071 1447 2141 γλωσσῶν
1487 2071 1782 2142 ὠφέλιμον.

202 2163 417 2218 οὐδένα
449 2164 579 2234 γὰρ,
633 2166 785 2234 φησι,
844 2163 952 2216 τῶν
1001 2163 1307 2217 ἀκουόντων
1346 2163 1641 2233 οἰκοδομεῖ.
1695 2162 1786 2234 Τῷ

201 2257 318 2326 γὰρ
344 2256 464 2326 Θεῷ
492 2255 663 2321 λαλεῖ,
687 2256 786 2309 ούκ
827 2254 1156 2327 ἀνθρὼποις’
1192 2256 1313 2308 ἐπεὶ
1356 2254 1543 2326 μηδεὶς
1584 2257 1692 2307 νοεῖ
1719 2256 1786 2309 τὰ

202 2346 501 2418 λεγόμενα,
548 2346 709 2401 τοῦτο
745 2347 913 2414 λέγει,
948 2365 965 2398 ι
1000 2346 1187 2409 Οὐδεὶς
1215 2347 1325 2417 γὰρ
1355 2345 1561 2400 ἀκούει.
1599 2366 1616 2398 ι
1653 2342 1787 2399 Εἶτα

209 2438 301 2492 ἵνα
336 2436 412 2506 μὴ
456 2436 735 2499 παντελῶς
768 2437 1076 2507 ἀχρήστους
1121 2436 1316 2498 αὐτοὺς
1363 2436 1531 2511 δείξῃ,
1570 2438 1783 2505 ἐπάγειο

209 2548 233 2582 e
258 2529 541 2599 Πνεύματι
565 2529 622 2582 δὲ
638 2528 788 2582 λαλεί
819 2529 1117 2598 μυστήρια.
1143 2546 1161 2579 ι
1188 2528 1555 2599 Τουτέστιν,ἦ
1577 2528 1650 2598 τῷ
1671 2528 1787 2599 ἰδίῳ

203 2620 512 2690 Πνεύματι,
543 2616 654 2674 οἷον
682 2622 745 2693 τῇ
790 2620 897 2691 ἰδίᾳ
933 2617 1078 2691 ψυχῇ
1112 2621 1583 2693 προσδιαλέγεται’
1624 2622 1657 2694 ἢ
1704 2624 1787 2677 ὅτι

199 2715 267 2767 ἐν
298 2713 578 2785 Πνεύματι
609 2713 770 2782 ἁγίῳ,
812 2707 922 2766 οἷον
962 2713 1050 2767 διὰ
1084 2713 1397 2783 Πνεύματος
1430 2715 1586 2783 ἁγίου
1613 2715 1783 2771 λαλεῖ.

217 2805 367 2860 Ἄλλη
398 2807 445 2858 ει
479 2805 573 2859 καὶ
620 2807 677 2858 έν
721 2804 1000 2875 Πνεύματι
1037 2805 1210 2869 λαλεῖ,
1255 2806 1472 2860 ἔλαττόν
1522 2808 1639 2861 ἐστι
1688 2807 1788 2879 τῆς

202 2897 588 2970 προφητείας.
643 2897 752 2966 ὅσῳ
801 2897 893 2950 καὶ
946 2898 978 2968 η
1033 2895 1275 2966 ὠφέλεια
1323 2897 1522 2970 ἥττων.
1562 2917 1580 2951 ι
1628 2898 1688 2952 '0
1730 2900 1786 2952 δὲ

204 2991 597 3062 προφητεύων.
630 3009 648 3041 ι
687 2989 822 3043 Ἀπὸ
846 2988 939 3042 τοῦ
965 2993 1117 3063 κοινῇ
1149 2993 1525 3063 συμφέροντος
1548 2993 1788 3047 δείκνυσι

201 3083 309 3153 τὴν
352 3081 690 3153 προφητείαν
734 3081 1039 3151 κρείττονα.
1093 3082 1233 3144 Τοὺς
1278 3085 1389 3153 γὰρ
1440 3082 1786 3156 ἀνθρώπους,

202 3175 401 3245 φησὶν,
433 3173 728 3243 οἰκοδομεῖ.
763 3174 855 3227 καὶ
886 3191 959 3226 πα
972 3174 1199 3244 ρακαλεί
1226 3176 1321 3227 ἐπὶ
1342 3175 1440 3247 τὴν
1467 3177 1670 3243 πίστιν,
1696 3176 1791 3230 καὶ

202 3263 622 3335 παραμυθεῖται
654 3266 747 3318 ἐπὶ
790 3266 902 3328 τοῖς
944 3265 1224 3334 ἐσομένοις
1259 3271 1608 3337 πειρασμοῖς.
1668 3286 1686 3320 ι
1730 3270 1786 3321 Ὀ

199 3333 393 3411 λαλῶν
420 3356 641 3428 γλώσσῃ
670 3357 859 3411 ἑαυτὸν
885 3333 1178 3428 οἰκοδομεῖ.
1218 3376 1237 3409 ι
1275 3333 1410 3430 Περὶ
1440 3333 1546 3414 τών
1568 3362 1786 3415 εἰδότων
1814 3333 1857 3390 C

205 3451 314 3524 μὲν
349 3449 531 3503 αὐτῶν
558 3448 594 3503 ἃ
626 3447 894 3515 λαλοῦσιν,
939 3449 1041 3502 ούκ
1088 3450 1307 3505 εἰδότων
1339 3452 1395 3505 δὲ
1438 3453 1648 3524 ἑτέροις
1696 3454 1788 3525 έρ-

207 3542 486 3614 μηνεῦσαι
530 3539 859 3608 διαλέγεται.
906 3557 927 3592 ι
976 3539 1038 3593 '0
1084 3540 1141 3594 δὲ
1179 3542 1564 3615 προφητεύων,
1599 3544 1784 3616 φησὶν,

216 3632 559 3703 Ἐκκλησίαν
583 3631 871 3702 οἰκοδομεῖ.
911 3649 931 3683 ι
968 3632 1135 3686 Ὅσον
1162 3632 1254 3687 οὖν
1285 3635 1344 3687 τὸ
1379 3635 1542 3705 μέσον
1569 3637 1664 3689 τοῦ
1693 3636 1790 3690 ἕνα

202 3723 568 3795 ὠφελεῖσθαι,
594 3723 689 3776 καὶ
709 3722 824 3788 τοῦ,
866 3722 1217 3795 Ἐκκλησίαν,
1254 3725 1511 3781 τοσοῦτον
1541 3726 1601 3780 τδ
1626 3728 1791 3797 μέσον

204 3817 481 3886 γλωσσῶν
510 3815 606 3869 καὶ
634 3815 991 3885 προφητείας.

285 3905 457 3962 θέλω
475 3905 542 3959 δὲ
565 3905 795 3973 πάντας
828 3906 985 3975 ὑμᾶς
1027 3907 1242 3963 λαλεῖν
1283 3912 1610 3978 γλώσσαις,
1643 3910 1796 3981 μᾶλ-

204 4001 336 4053 ,ιον
367 3995 436 4049 δὲ
469 3997 571 4049 ἵνα
617 3999 1052 4073 προφητεύητε.
1087 3998 1314 4059 Μειτζῖυν
1346 4000 1458 4069 γὰρ
1497 4005 1530 4056 ό
1569 4018 1797 4071 προφη-

205 4091 412 4145 τεύων
448 4090 487 4157 ἣ
520 4092 552 4143 ό
576 4088 783 4143 λαλῶν
820 4090 1146 4160 γλώσσαις,
1192 4092 1369 4159 ἐκτὸς
1408 4096 1458 4146 εί
1519 4093 1604 4162 μὴ
1646 4094 1798 4162 διερ-

199 4189 474 4252 μηνεύῃ,
503 4183 604 4235 ἵνα
634 4183 1033 4250 ή’Ἑ)ικλησιά
1070 4184 1400 4254 οἰκοδομὴν
1434 4185 1611 4254 λάϐῃ.
1649 4186 1800 4240 Νυνὶ

204 4277 305 4344 δὲ,
331 4276 608 4345 ἀδελφοὶ,
639 4275 749 4330 ἐὰν
785 4276 940 4331 ἔλθω
981 4279 1131 4343 πρὸς
1174 4276 1331 4346 ὑμᾶς
1362 4278 1671 4347 γλώσσαις
1694 4282 1801 4333 λα-

202 4368 367 4430 λῶν,
395 4369 455 4421 τί
482 4366 636 4437 ὑμᾶς
662 4367 980 4437 ὠφελήσω,
1012 4368 1122 4421 ἐὰν
1148 4370 1234 4437 μὴ
1273 4371 1415 4438 ὑμῖν
1449 4371 1722 4439 λαλήσω,
1758 4371 1796 4439 ἦ

205 4462 287 4515 ἐν
318 4462 729 4529 ἀποκαλύψει,
762 4462 802 4530 ἣ
830 4462 900 4514 ἐν
939 4460 1177 4531 γνώσει,
1222 4462 1260 4531 ἣ
1288 4463 1357 4515 ἐν
1382 4467 1734 4533 προφητείᾳ.
1762 4464 1801 4532 ἢ

198 4551 287 4606 ἐν
310 4549 574 4619 διδαχῇ;
608 4550 763 4619 ὅμως
791 4551 862 4605 τὰ
896 4551 1110 4621 ἄψυχα
1133 4553 1350 4622 φωνὴν
1391 4553 1653 4618 διδόντα,
1683 4554 1805 4607 εἴτε

1883 690 2357 761 apprehendamus
2408 704 2527 745 eam
2567 702 2688 758 qu:e
2729 686 2868 743 adeo
2912 687 3104 743 distat.
3141 706 3161 739 ι
3206 674 3453 744 Emula-

1880 780 2016 835 mini
2054 789 2234 835 autem
2271 779 2597 851 spiritualia.
2648 796 2666 829 ι
2702 778 2780 833 Ne
2812 778 3130 834 existiment
3162 792 3287 833 eum
3320 791 3454 849 pro-

1884 880 2067 943 pterea
2115 872 2183 927 de
2232 872 2501 928 cbaritate
2547 871 2746 927 fecisse
2796 885 3143 933 sermonem,
3200 878 3272 925 nt-
3311 871 3455 925 dona

1883 950 2031 1017 foras
2066 960 2371 1032 projiceret,
2422 959 2706 1031 subjungit
2744 979 2758 1015 :
2811 977 2830 1011 ι
2877 958 3231 1015 Emulemini
3272 969 3454 1015 autem

1880 1054 2214 1126 spiritualia,
2263 1072 2281 1105 ι
2322 1054 2425 1108 hoc
2451 1062 2553 1120 est,
2587 1053 2730 1107 dona
2760 1068 2886 1109 cum
2928 1054 3044 1124 ipsa
3073 1053 3357 1112 charitate.
3383 1084 3454 1098 -κ

1884 1147 1995 1203 lloe
2037 1153 2141 1214 est,
2176 1160 2355 1217 neque
2388 1146 2477 1201 illa
2512 1146 2785 1218 negligite.
2818 1146 3103 1218 Siquidem
3154 1146 3329 1217 major
3370 1157 3456 1204 est

1881 1240 2150 1303 charitas,
2191 1246 2245 1293 et
2289 1237 2430 1293 hanc
2475 1247 2688 1308 oportet
2719 1239 2944 1294 omnino
2974 1239 3195 1303 sectari,
3233 1252 3343 1292 non
3368 1244 3457 1291 ta-

1881 1345 2004 1387 men
2050 1331 2133 1387 vel
2180 1331 2284 1385 alia
2332 1330 2476 1386 dona
2526 1331 2798 1402 negligere
2848 1336 3085 1402 oportet,
3122 1339 3177 1386 et
3218 1331 3457 1387 maxime

1882 1422 2180 1493 prophetiae
2229 1423 2458 1478 donum.
2506 1422 2670 1495 554
2721 1440 2740 1473 ι
2787 1422 2956 1495 Magis
3007 1434 3185 1478 tamen
3230 1431 3289 1478 ut
3331 1436 3458 1493 pro-

1884 1515 2138 1586 phetetis.
2186 1534 2205 1569 ι
2236 1515 2599 1573 Collationem
2634 1516 2894 1586 deinceps
2926 1517 3056 1571 facit
3083 1516 3380 1587 prophetia:
3402 1526 3461 1571 et

1883 1604 2217 1673 linguarum,
2255 1614 2309 1661 et
2338 1605 2580 1662 ostendit
2616 1606 2893 1661 utiliorem
2926 1620 3049 1660 esse
3089 1605 3455 1676 prophetiam,

1882 1698 2196 1769 deprimens
2244 1699 2484 1772 linguas.
2518 1715 2642 1754 nam
2688 1710 2912 1770 propter
2944 1698 3068 1754 illas
3112 1699 3462 1753 vehementer

1883 1792 2009 1847 elati
2048 1800 2225 1859 erant,
2261 1808 2328 1849 eo
2364 1794 2509 1865 quod
2542 1795 2776 1865 primum
2812 1793 2945 1849 illud
2978 1793 3182 1848 donum
3208 1792 3461 1861 accepis-

1886 1893 2006 1940 sent
2059 1885 2314 1955 apostoli.
2356 1904 2374 1938 ι
2422 1886 2556 1941 Nam
2604 1886 2696 1955 qui
2748 1885 2989 1954 loquitur
3037 1886 3245 1955 lingua.
3294 1902 3313 1934 ›
3357 1883 3464 1937 Per

1821 1956 1861 2010 Β
1890 1977 1995 2031 hoc
2026 1977 2269 2033 ostendit
2302 1978 2448 2049 quod
2502 1994 2609 2033 non
2642 1979 2713 2032 sit
2752 1992 2948 2048 magna
2981 1977 3288 2047 linguarum
3323 1976 3467 2031 utili-

1891 2079 1973 2125 tas
2010 2087 2022 2125 :
2056 2071 2326 2142 siquidem
2378 2072 2587 2125 nullum
2638 2070 2973 2125 audientium
3018 2069 3251 2124 mdilicat
3294 2089 3306 2124 :
3352 2067 3466 2123 Deo
3575 2099 3590 2116 ο

1886 2166 2033 2217 enim
2092 2163 2336 2234 loquitur
2391 2178 2500 2217 non
2547 2162 2868 2218 hominibus
2910 2180 2924 2216 :
2966 2163 3226 2233 quoniam
3279 2162 3464 2215 nullus

1888 2254 2145 2325 intelligit
2184 2270 2305 2326 quas
2340 2255 2624 2320 dicuntur,
2673 2264 2727 2310 et
2768 2256 2869 2310 hoc
2901 2267 2986 2311 est
3030 2253 3175 2324 quod
3225 2253 3409 2308 subdit
3448 2271 3462 2307 :

1893 2367 1913 2398 ι
1961 2346 2150 2402 Nullus
2183 2348 2329 2402 enim
2371 2348 2542 2403 audit.
2593 2365 2611 2399 ι
2650 2346 2855 2402 Deinde
2890 2362 2957 2402 ne
2990 2348 3215 2402 omnino
3243 2344 3464 2400 inutiles

1889 2450 1983 2490 eos
2035 2435 2308 2500 ostendat,
2355 2435 2678 2507 subjungit;
2722 2454 2739 2487 ι
2790 2434 2994 2502 Spiritu
3046 2449 3178 2490 vero
3226 2432 3467 2502 loquitur

1891 2528 2167 2599 mysteria.
2202 2548 2221 2582 ι
2250 2528 2365 2584 Hoc
2395 2538 2498 2595 est,
2538 2531 2619 2583 vel
2662 2544 2763 2585 suo
2793 2528 2989 2599 spiritu
3029 2536 3287 2596 tanquam
3320 2527 3466 2598 apud

1891 2620 2172 2690 proprium
2209 2620 2454 2674 animum
2502 2619 2924 2682 sermocinatur,
2976 2620 3056 2673 γει
3096 2619 3303 2688 Spiritu
3330 2634 3470 2674 san~

1889 2721 1998 2778 cto,
2037 2714 2141 2768 hoc
2174 2721 2277 2779 est,
2317 2729 2411 2783 per
2453 2712 2717 2783 Spiritum
2753 2721 3005 2768 sanctum
3054 2713 3315 2783 loquitur.
3360 2712 3469 2766 Sed

1890 2821 2206 2876 quanquam
2239 2822 2335 2876 per
2363 2804 2713 2874 Spiritum‘lo
2736 2814 2945 2876 luatur,
2978 2814 3131 2860 tanto
3161 2806 3340 2860 minus
3373 2804 3470 2857 do-

1891 2906 2022 2953 num
2065 2907 2148 2954 est
2191 2915 2353 2970 quam
2390 2900 2692 2970 prophetia,
2739 2909 2949 2969 quanto
2987 2899 3166 2954 minor
3198 2907 3280 2953 est
3324 2898 3473 2952 utili-

1888 3001 1998 3050 tas.
2038 3011 2056 3047 ι
2103 2992 2207 3060 Qui
2252 3002 2431 3050 autem
2470 2995 2777 3063 prophetat.
2823 3013 2842 3046 ι
2888 2992 2955 3048 At
2994 2993 3272 3047 communi
3323 2994 3470 3047 utili-

1891 3095 2000 3144 tate
2069 3088 2308 3143 ostendit
2378 3087 2657 3142 meliorem
2727 3101 2846 3143 esse
2913 3087 3276 3157 prophetiam.
3331 3084 3468 3139 Nam

1891 3180 2163 3245 homines,
2193 3180 2671 3250 inquit,.mdillcat,
2692 3189 2740 3235 et
2780 3181 2845 3233 ad
2871 3180 3033 3234 Iidem
3055 3177 3397 3246 adhortatur,
3420 3187 3473 3231 ct

1895 3282 2119 3344 propter
2147 3271 2362 3326 futuras
2393 3269 2717 3329 alllietiones
2746 3274 3082 3326 consolatur.
3102 3289 3119 3321 ι
3148 3270 3251 3337 Qui
3288 3270 3470 3338 loqui-

1891 3375 1979 3418 tur
2000 3365 2180 3434 lingua
2201 3366 2438 3433 seipsqu
2458 3364 2710 3419 aediﬁcat.
2741 3383 2758 3415 ι
2785 3364 2856 3417 De
2879 3363 2963 3418 his
2991 3363 3234 3433 loquitur
3250 3362 3343 3434 qui
3368 3377 3471 3416 no-

1890 3462 2085 3507 verunt
2107 3452 2325 3522 quidem
2352 3467 2413 3506 ea
2437 3468 2557 3521 qua:
2576 3452 2895 3522 loquuntur.
2919 3452 3015 3507 sed
3052 3454 3176 3507 aliis
3202 3452 3474 3521 interpre-

1892 3542 1997 3597 tari
2015 3558 2121 3597 non
2147 3550 2367 3598 norunt.
2391 3562 2409 3596 ι
2434 3544 2536 3610 Qui
2560 3559 2684 3598 vero
2706 3543 3017 3613 projihetat,
3034 3543 3330 3597 Ecclesiam
3350 3541 3479 3596 aedi"

1892 3637 2034 3691 licat.
2050 3657 2068 3689 ι
2088 3636 2361 3703 Quantum
2384 3653 2513 3707 ergo
2536 3636 2827 3691 discrimen
2853 3644 2937 3691 cst
2959 3634 3078 3706 ejus
3101 3635 3246 3706 quod
3270 3642 3354 3691 est
3379 3635 3474 3689 uni

1892 3732 2086 3788 afferre
2114 3733 2416 3797 utilitatem,
2446 3734 2511 3787 ab
2540 3747 2605 3786 eo
2634 3732 2775 3802 quod
2805 3741 2887 3787 est
2918 3730 3172 3787 Ecclesiae
3203 3732 3348 3785 illam
3393 3730 3476 3785 af-

1896 3825 2058 3887 l'erre,
2090 3832 2300 3878 tantum
2331 3824 2627 3878 discrimen
2653 3835 2737 3879 est
2767 3825 3076 3895 linguarum
3106 3840 3133 3877 a
3162 3823 3472 3894 prophetia.

1966 3913 2105 3980 XlV,
2139 3916 2255 3969 5-7.
2314 3914 2437 3968 Volo
2481 3926 2655 3969 autem
2705 3932 2882 3970 omnes
2930 3932 3018 3970 vos
3069 3915 3215 3985 loqui
3253 3914 3471 3985 linguis,

1897 4008 2067 4076 magis
2099 4019 2272 4061 tamen
2305 4014 2362 4059 ut
2385 4007 2723 4075 prop/teletis.
2752 4004 2891 4059 Nam
2928 4008 3101 4074 major
3129 4015 3207 4060 est
3234 4009 3321 4075 qui
3352 4023 3477 4076 pro-

1897 4100 2076 4168 phetat
2110 4115 2269 4169 quam
2304 4100 2392 4168 qui
2430 4099 2663 4167 loquitur
2698 4098 2917 4169 linguis,
2945 4099 3049 4151 nisi
3082 4100 3474 4164 interpretetur,

1899 4198 1956 4243 ut
2005 4189 2246 4244 Ecclesia
2292 4192 2696 4257 wdiﬁcationem
2758 4190 3005 4258 accipiat.
3061 4187 3218 4243 Nunc
3262 4201 3473 4253 autem,

1900 4285 2116 4354 fratres,
2153 4284 2199 4337 si
2241 4298 2423 4337 venero
2463 4286 2529 4335 ad
2564 4299 2652 4337 vos
2683 4283 2876 4353 linguis
2913 4282 3148 4350 loquens,
3178 4284 3305 4354 quid
3332 4282 3476 4338 vobis

1900 4380 2123 4448 prodero
2166 4394 2184 4434 .'
2227 4378 2329 4432 nisi
2380 4377 2523 4431 vobis
2573 4377 2761 4447 loquar
2810 4386 2903 4429 aut
2946 4391 3040 4445 per
3083 4377 3475 4440 reuelationem,

1904 4479 1997 4523 aut
2028 4485 2119 4537 per
2159 4471 2455 4531 scientiam,
2481 4478 2572 4522 aut
2610 4485 2703 4538 per
2743 4470 3091 4538 prophetiam,
3123 4479 3214 4522 aut
3256 4485 3348 4538 per
3381 4468 3478 4522 do-

1906 4561 2174 4614 ctrinam?
2202 4563 2340 4625 Quin
2370 4575 2417 4616 et
2454 4562 2695 4616 inanima
2724 4578 2908 4616 sonum
2939 4560 3235 4628 reddentia,
3270 4562 3375 4615 sire
3407 4562 3480 4614 ti-

201 4641 440 4708 αὐλὸς,
481 4643 602 4696 εἴτε
652 4641 884 4713 κιθάρα.
920 4643 1029 4698 ἐὰν
1072 4644 1410 4713 διαστολὴν
1447 4646 1570 4712 τοῖς
1620 4648 1788 4716 φθόγ·

1909 4650 2015 4717 bin,
2050 4651 2155 4704 sive
2188 4651 2420 4715 cithara,
2452 4655 2554 4708 nisi
2595 4652 2990 4707 distinctionem
3032 4653 3177 4706 sonis
3215 4651 3477 4714 dederint,

203 4750 355 4803 τοις
385 4733 473 4801 μὴ
501 4730 584 4797 δῷ
618 4731 743 4799 πῶς
781 4734 1197 4803 γνωσθήσεται
1228 4737 1296 4790 τὸ
1324 4738 1729 4807 αὐλούμενον,
1762 4740 1800 4810 ἢ

206 4826 285 4880 τὸ
314 4822 795 4893 κιθαριζόμενονς

290 4912 438 4969 Εἶτα
481 4917 665 4989 ἐπειδὴ
720 4917 904 4970 πολλοὶ
938 4918 1072 4988 παρ’
1114 4919 1301 4983 αὐτοῖς
1356 4919 1630 4988 γλώσσαις
1682 4922 1807 4977 ἑλά-

203 5009 376 5071 λουν,
427 5008 515 5062 ἵνα
562 5009 635 5079 μὴ
683 5011 912 5081 νομισθῇ
954 5010 1095 5064 κατὰ
1139 5009 1331 5078 φθόνον
1375 5013 1805 5086 ἀποσμικρύνειν

201 5101 323 5165 τὰς
353 5100 628 5168 γλώσσας,
661 5103 815 5171 φησί·
850 5120 869 5153 ι
905 5101 1058 5154 Θέλω
1090 5103 1146 5156 δὲ
1178 5104 1385 5167 πάντας
1414 5106 1689 5174 γλώσσαις
1712 5109 1808 5162 λα-

203 5194 364 5254 λεῖν,
401 5207 422 5242 ι
470 5192 567 5261 οὔχ
608 5191 758 5263 ἒναῆ
786 5193 900 5257 δύο,
944 5212 962 5245 ι
998 5194 1143 5265 Πλὴν
1177 5196 1379 5265 μᾶλλον
1413 5198 1556 5268 ὑμᾶς
1591 5218 1807 5274 προφη-

201 5284 409 5338 τεύειν
444 5283 724 5353 βούλομαι.
765 5302 784 5335 ι
830 5285 1047 5356 Ἐπειδὴ
1105 5288 1307 5357 μείζων
1346 5290 1376 5341 ό
1424 5291 1806 5362 προφητεύων,

200 5375 313 5429 διὰ
344 5373 407 5427 τδ
439 5375 563 5438 τοὺς
590 5375 844 5440 πλείονας
870 5377 1114 5446 ὠφελεῖν.
1150 5398 1168 5430 ι
1194 5380 1380 5443 Έκτὸς
1406 5384 1454 5435 εί
1486 5384 1560 5454 μὴ
1586 5384 1811 5455 διερμη-

199 5467 382 5537 νεύῃ.
417 5484 438 5518 ι
492 5466 710 5538 Ἐπειδὴ
740 5469 1059 5539 ἀπεφήνατο
1106 5471 1326 5539 μείζονα
1366 5474 1457 5524 τὸν
1492 5477 1805 5544 προφήτην,

198 5562 453 5626 ἐπάγει*
476 5577 495 5610 ι
517 5559 703 5622 Ἕκτος
720 5561 860 5631 εἰμὴ
880 5560 1234 5634 διερμηνεύῃ.
1264 5582 1281 5614 ι
1306 5562 1587 5630 Τουτέστι,
1606 5567 1808 5635 μείζων

198 5655 238 5707 ὁ
266 5651 589 5721 προφήτης,
613 5651 769 5714 ἐκτὸς
808 5650 1018 5704 ἐκείνου
1055 5650 1148 5703 τοῦ
1174 5657 1266 5705 καὶ
1292 5653 1566 5720 γλώσσαις
1588 5654 1813 5708 λαλοῦν-

200 5759 320 5803 τις
374 5741 468 5793 καὶ
497 5740 949 5811 διερμηνεύοντος
988 5740 1023 5795 ἃ
1072 5741 1239 5809 λέγει.
1284 5744 1342 5796 '0
1389 5746 1498 5815 γὰρ
1546 5746 1809 5814 τοιοῦτος,

204 5836 349 5895 ἴσος
380 5834 502 5886 ἐστὶ
546 5833 622 5905 τῷ
653 5834 930 5906 προφήτῃ.
990 5833 1221 5904 Ὁμοίως
1259 5835 1366 5904 γὰρ
1401 5836 1463 5888 τὸ
1500 5837 1682 5891 κοινὸν
1711 5838 1811 5908 τῆς

222 5922 583 5995 Ἐκκλησιις
623 5925 845 5995 ὠφελεῖ.
905 5944 925 5977 ι
964 5926 1099 5979 Νυνὶ
1148 5926 1226 5989 δὲ,
1261 5928 1500 5998 ἀδελφοὶ,
1540 5929 1636 5983 ἐὰν
1670 5929 1810 5986 ἔλθω

560 6031 830 6083 Parnm.
863 6021 980 6083 Gs.
1028 6019 1307 6083 CXVIII.

1030 6256 1054 6289 ί

1907 4744 2167 4811 quomodo
2226 4757 2562 4815 cognoscatur
2615 4747 2754 4817 quod
2810 4745 2941 4800 tibia
2995 4747 3210 4800 canitur
3257 4754 3351 4800 aut
3402 4746 3479 4799 ci-

1911 4836 2102 4893 thura?

1981 4925 2189 4983 Deinde
2230 4929 2357 4998 quia
2405 4929 2554 4984 multi
2584 4928 2724 4999 apud
2762 4931 2911 5000 ipsos
2948 4930 3149 5002 linguis
3177 4930 3482 5001 loqueban-

1911 5027 2020 5086 tur,
2063 5036 2130 5076 ne
2170 5023 2514 5076 existimetur
2563 5023 2768 5077 invidia
2829 5024 3169 5093 parvilaeere
3228 5026 3476 5097 linguas,

1909 5111 1983 5164 ait
2029 5126 2043 5165 :
2088 5128 2107 5163 ι
2159 5110 2294 5167 Volo
2340 5106 2521 5167 'autem
2567 5126 2758 5167 omnes
2809 5114 2955 5184 loqui
3009 5116 3237 5186 linguis;
3299 5106 3332 5167 ι’
3368 5130 3480 5170 non

1912 5214 2075 5252 unum
2109 5208 2204 5253 aut
2234 5200 2390 5264 duos,
2420 5217 2438 5249 ι
2472 5199 2567 5254 sed
2601 5201 2775 5270 magis
2806 5217 2902 5256 vos
2940 5204 3269 5272 prophetare
3294 5204 3471 5268 volo,»

1911 5289 2068 5361 555
2104 5292 2361 5359 quoniam
2396 5290 2572 5358 major
2600 5301 2681 5346 est
2711 5293 2756 5348 is
2784 5295 2875 5364 qui
2906 5295 3214 5364 prophetat,
3239 5311 3306 5349 eo
3333 5296 3479 5365 quod

1910 5383 2101 5436 σίτοισι
2156 5385 2444 5438 utilitatem
2504 5385 2711 5441 multis.
2761 5405 2779 5438 ι
2827 5386 2943 5443 Nisi
3000 5390 3409 5459 interpretetur.
3454 5405 3475 5439 ι

1911 5475 2180 5541 Quoniam
2219 5475 2463 5529 ostendit
2508 5478 2770 5548 majorem
2807 5496 2927 5534 esse
2968 5484 3310 5550 pr0plietam,
3353 5479 3483 5532 suh—

1908 5567 2088 5637 jungit
2122 5587 2136 5621 :
2173 5587 2191 5619 ι
2227 5566 2342 5623 Nisi
2392 5570 2819 5639 interpretetur;
2857 5591 2876 5622 ι
2915 5574 3018 5625 hoc
3061 5581 3167 5632 est,
3198 5568 3371 5638 major
3398 5581 3484 5622 est

1912 5660 2197 5730 propheta,
2224 5659 2326 5715 nisi
2362 5661 2451 5715 ille
2481 5671 2534 5716 et
2562 5663 2761 5731 linguis
2789 5662 3042 5729 loquatur
3072 5669 3124 5713 et
3159 5648 3484 5729 interprete-

1914 5762 2001 5805 tur
2042 5766 2164 5820 qua:
2202 5750 2337 5805 dicit
2385 5768 2399 5803 :
2446 5766 2571 5804 nam
2618 5752 2744 5804 talis
2788 5754 3013 5818 aequalis
3054 5757 3137 5804 est
3184 5752 3483 5819 prophetae.

1913 5842 2178 5897 Similiter
2218 5842 2363 5913 enim
2399 5856 2746 5897 communem
2778 5842 2931 5895 all‘ert
2977 5841 3236 5897 Ecclesia:
3278 5842 3486 5896 utilita-

1912 5943 2043 5991 tem.
2100 5952 2119 5987 ι
2148 5933 2305 5991 Nunc
2355 5942 2560 6003 autem,
2610 5932 2836 5998 fratres,
2877 5929 3151 5990 si'venero
3200 5934 3266 5992 ad
3302 5949 3418 5992 vos.
3456 5949 3477 5984 ι

2980 6024 3052 6088 27
