3906 6606
176 426 294 491 857

1133 429 1522 491 COMMENT.
1555 428 1636 487 IN
1676 428 1915 490 EPIST.
1956 432 1983 489 Ι
2026 434 2126 490 ΑΙ)
2165 430 2530 493 COBINTH.

3347 430 3457 495 858

178 538 285 591 τοῦ
347 535 660 604 Πνεύματος
692 536 782 589 καὶ
820 537 885 588 δι’
917 539 1131 590 ἐκείνου
1180 537 1441 608 λεχθῆναί
1478 555 1552 592 τι.
1618 555 1636 588 ι
1671 536 1775 590 Δύ-

1892 557 1973 607 Jer
2033 541 2162 593 illud
2220 556 2437 611 quoque
2471 539 2599 593 velit
2659 537 2897 607 Spiritus
2940 537 3146 606 aliquid
3176 538 3453 607 exprimi:

179 627 363 682 νασθε
395 626 505 695 γὰρ
536 624 656 678 καθ’
683 626 780 678 ’ένα
809 629 1010 690 πάντες
1038 628 1422 698 προφητεύειν.
1446 627 1668 697 Ἐπειδὴ
1718 628 1775 681 δὲ

180 720 285 771 τὸν
323 718 541 788 πρῶτον
588 718 748 787 σιγᾷν
787 719 1058 783 ἐκέλευσε,
1124 721 1531 791 παραμυθεῖται
1586 721 1768 774 αὐτόν.

182 813 284 881 Μὴ
316 809 677 879 δυσχεράνῃς,
698 812 866 879 φησι,
902 813 1059 880 σιγᾷν
1089 812 1464 881 κελευόμενος.
1493 811 1635 880 Δύνῃ
1667 811 1774 879 γὰρ

182 906 290 956 καὶ
321 906 387 957 σὺ
418 905 512 957 καὶ
539 902 696 965 ἄλλος
731 907 1114 971 προφητεύειν,
1148 904 1314 972 ἤγουν
1341 906 1560 965 πάντες.
1589 905 1648 956 El
1672 899 1773 965 εἷς,

183 989 273 1055 εἷς
305 994 652 1064 προφητεύῃ,
682 995 961 1046 τουτέστιν
994 994 1095 1046 οὐκ
1125 994 1365 1062 ἐκλείψει.
1397 998 1424 1048 ὁ
1452 995 1660 1064 καιρξς,
1692 994 1776 1047 ἵνα

180 1086 402 1148 πάντες
429 1088 478 1139 οῖ
502 1086 601 1156 τὴν
629 1085 956 1155 Ἐκκλησίαν
979 1086 1330 1156 πληροῦντες,
1355 1089 1446 1139 καὶ
1467 1086 1779 1156 μανθάνωσι

182 1177 287 1228 καὶ
330 1179 416 1239 είς
443 1176 628 1229 πίστιν
666 1177 1096 1245 παρακαλῶνται
1138 1179 1230 1230 καὶ
1261 1178 1584 1245 cenvoy-can.
1618 1198 1636 1230 ι
1668 1178 1779 1230 Καὶ

182 1266 496 1335 πνεύματα
563 1266 861 1336 προφητῶν
948 1269 1257 1336 προφήταις
1321 1269 1771 1322 ὑποτάσσεται.»

181 1359 500 1428 Πνεύματα
553 1359 850 1428 προφητῶν
901 1376 1084 1426 φησιν,
1134 1360 1265 1411 αὐτὸ
1307 1360 1366 1412 τὸ
1409 1359 1780 1428 πνευματικὸν

184 1453 473 1523 χάρισμα.
498 1449 625 1504 Εἶτα
650 1452 736 1504 ἵνα
770 1450 844 1522 μὴ
873 1451 1006 1523 λέγῃ
1029 1468 1131 1513 τις,
1166 1451 1273 1504 Καὶ
1298 1451 1414 1513 πῶς
1448 1454 1605 1523 σιγᾷν
1628 1452 1784 1505 δύνα-

188 1561 300 1615 μαι
334 1562 353 1610 ;
388 1543 523 1596 αὐτὸ
550 1544 660 1614 γὰρ
687 1541 748 1595 τὸ
770 1544 1026 1596 ἐπιπνὲσν
1076 1542 1229 1611 ἅγιον
1256 1542 1479 1613 Πνεῦμα
1510 1546 1603 1597 καὶ
1633 1544 1785 1597 ἑκόνη

184 1651 261 1686 τα
308 1634 617 1702 ἀναγκάζει
671 1631 873 1694 λαλεῖν,
938 1635 1095 1703 Οὐχὶ,
1150 1634 1334 1705 φησίν.
1378 1635 1779 1689 ’Υποτέτακτσιι

184 1725 307 1795 γάρ
337 1725 423 1795 τῷ
450 1727 701 1797 προφήτῃ
723 1726 783 1777 τὸ
802 1725 1070 1796 χάρισμα,
1093 1727 1388 1791 τουτέστιν,
1416 1730 1472 1781 ἐν
1491 1728 1640 1799 αὐτῷ
1667 1729 1783 1780 ἐστι

1882 651 1899 684 ι
1938 632 2172 687 Potestis
2220 632 2364 685 enim
2421 630 2735 699 singulatim
2789 643 2979 682 omnes
3036 629 3384 697 prepbetare.
3432 649 3448 681 ι

1876 722 2143 789 Quoniam
2175 733 2354 778 autem
2411 724 2648 793 priorem
2702 730 2887 774 tacere
2913 720 3106 786 jussit,
3136 721 3485 775 consolatur-

1873 831 1997 870 eum
2030 834 2043 869 :
2071 814 2166 876 Ne,
2201 816 2395 882 inquit.
2422 830 2565 884 aegre
2597 814 2742 868 feras
2772 813 2919 883 quod
2945 811 3195 881 jubearis
3223 824 3405 866 tacere.
3438 828 3454 877 ;

1876 920 2027 978 potes
2060 910 2201 961 enim
2233 916 2286 961 et
2323 916 2378 960 tu
2413 909 2761 976 prophetare,
2793 915 2847 961 et
2895 906 3056 970 alius,
3092 906 3202 959 imo
3241 920 3454 968 omnes,

1878 1000 1923 1051 si
1955 999 2265 1068 singulatim
2299 998 2530 1067 quisque
2562 998 2850 1066 proplietct
2881 1013 2895 1050 :
2925 997 3027 1049 hoc
3056 1004 3160 1059 est,
3195 1010 3299 1048 non
3325 995 3453 1075 dee-

1876 1089 1947 1141 rit
1969 1096 2205 1155 tempus,
2226 1095 2282 1140 ut
2303 1101 2494 1140 omnes
2519 1087 2611 1155 qui
2644 1085 2946 1140 Ecclesium
2973 1086 3222 1153 implent,
3241 1084 3455 1138 discunt

1879 1188 1934 1234 et
1972 1179 2037 1233 ad
2069 1179 2225 1234 [idem
2259 1180 2595 1233 advocentur
2639 1193 2702 1231 ac
2738 1178 3098 1233 deducantur.
3144 1196 3162 1229 ι
3202 1176 3265 1230 Et
3297 1178 3461 1247 spiri-

1881 1278 1970 1324 tus
1999 1269 2380 1337 prophetarum
2415 1268 2691 1336 prophetis
2718 1267 3102 1336 subjiciuntur.
3143 1287 3159 1319 ι
3194 1267 3457 1336 Spiritum

1884 1361 2274 1429 prophetarum
2303 1357 2439 1411 dicit
2474 1359 2652 1427 ipsum
2684 1356 2968 1427 spirituale
3000 1357 3224 1413 donum.
3257 1355 3460 1409 Deinde

1884 1467 1953 1507 ne
1998 1453 2120 1520 quis
2170 1452 2310 1504 dicat
2343 1467 2357 1504 :
2401 1449 2468 1502 Et
2499 1449 2776 1519 quomodo
2826 1457 3007 1503 tacere
3047 1448 3307 1519 possunt?
3344 1447 3462 1515 Ipse

1883 1543 2028 1596 cuitu
2064 1541 2301 1611 Spiritus
2330 1548 2556 1594 sanctus
2587 1539 2679 1609 qui
2725 1540 2979 1608 inspirat,
3013 1549 3067 1592 et
3112 1538 3380 1590 volentem
3408 1545 3462 1589 et

1884 1640 2154 1691 nolentem
2208 1636 2354 1706 loqui
2392 1637 2557 1705 cogit.
2610 1633 2729 1689 Non
2780 1644 2884 1698 est,
2921 1635 3118 1702 inquit.
3177 1634 3272 1688 ita.
3328 1632 3460 1685 Nam

1886 1731 2088 1804 donum
2142 1730 2447 1799 subjectum
2502 1737 2584 1783 est
2634 1728 2929 1796 prophetae.
2967 1728 3069 1780 bne
3118 1735 3221 1786 est,
3257 1725 3313 1778 in
3344 1724 3462 1787 ejus

188 1818 293 1869 καὶ
323 1817 513 1870 λαλεῖν
544 1820 639 1870 καὶ
684 1818 920 1887 σιωπᾷν.
971 1818 1287 1887 Ἀντικρυε,
1318 1818 1361 1889 ἢ
1384 1820 1476 1872 ἐπὶ
1492 1819 1599 1872 τῶν
1649 1820 1784 1888 μάν-

1892 1830 2153 1892 potestate
2186 1829 2268 1875 est
2301 1828 2356 1875 et
2412 1821 2556 1889 loqui
2599 1830 2651 1874 et
2686 1827 2888 1871 tacere.
2942 1816 3228 1870 Manifeste
3259 1815 3331 1867 ita
3358 1824 3461 1876 est,

186 1922 362 1958 τεων.
401 1904 1041 1977 -—[0|K01'MENIOY.]
1087 1906 1312 1961 Ἐκεῖνοι
1356 1908 1466 1978 γὰρ
1503 1907 1640 1977 μετὰ
1689 1909 1785 1977 τὴν

190 2001 331 2070 παρ’
350 2001 542 2063 αὐτοῖς
566 2000 923 2058 ἐνθουσέασιν.
969 2000 1060 2053 καὶ
1108 2001 1331 2064 ἄκοντες
1354 1997 1443 2053 οἷα
1479 2002 1783 2069 δαιμονῶν-

190 2109 290 2156 τες
328 2092 588 2145 λαλοῦσιν
616 2091 652 2146 ἃ
679 2094 741 2145 οὐ
767 2091 1067 2162 βούλονται.
1102 2093 1163 2146 El
1210 2093 1397 2145 τοίνυν
1445 2093 1505 2146 τὺ
1538 2094 1785 2163 χάρισμα

191 2186 311 2246 τοῖς
346 2186 662 2254 προφήταις
694 2184 1087 2250 ὑποτέτακται,
1132 2184 1248 2247 πῶς
1282 2185 1381 2237 οὐκ
1404 2184 1605 2238 ἄτοπον
1642 2185 1786 2251 ὑμᾶς

195 2275 276 2347 μὴ
312 2276 729 2329 ὑποτάσσεσθαι
757 2275 835 2345 τῷ
866 2279 1020 2347 κοινῇ
1060 2279 1417 2347 συμφέροντι,
1453 2277 1540 2330 ῖνα
1574 2278 1713 2330 ὅταν

198 2366 408 2438 καιρὸς
434 2369 666 2432 σιωπῆς,
698 2369 939 2421 σιωπᾶτε
964 2386 980 2434 ;
1014 2387 1033 2420 ι
1062 2370 1135 2421 Οὐ
1168 2370 1273 2441 γάρ
1297 2371 1443 2423 ἐστιν
1469 2370 1784 2423 ἀκα-τασταη

197 2458 328 2520 σίας
351 2459 555 2523 ὁΘεός.
583 2479 601 2511 ι
640 2456 770 2515 Εἶτα
821 2460 1090 2515 δείκνυσιν
1112 2463 1193 2515 ὅτι
1233 2464 1328 2516 καὶ
1352 2462 1430 2533 τῷ
1459 2461 1579 2532 Θεῷ
1626 2461 1788 2516 τοῦτο

195 2548 380 2616 δοκεῖ,
405 2548 484 2616 τδ,
518 2551 609 2604 τὸν
638 2551 857 2621 πρῶτον
884 2554 1062 2623 σιγᾷν.
1094 2554 1250 2606 Ἐπεὶ
1282 2554 1358 2624 μὴ
1395 2554 1542 2610 ἔστιν
1579 2557 1608 2608 ὁ
1653 2555 1787 2620 Θεὸς

197 2641 642 2710 ἀκαταστασίας,
674 2643 793 2696 ἀλλ’
824 2646 1068 2714 εἰρήνης.
1093 2645 1189 2697 Ἐκ
1212 2644 1320 2716 γὰρ
1355 2648 1567 2711 τούτου,
1596 2646 1784 2716 φησιν,

200 2734 591 2787 ἀκαταστασία
624 2735 715 2789 καὶ
771 2737 1032 2806 σύγχυσις
1079 2738 1311 2806 γίνεται.
1347 2734 1515 2801 Οῦτος
1542 2738 1598 2793 δὲ
1632 2740 1660 2791 ὁ
1688 2740 1786 2811 τῆς

198 2828 441 2899 εἰρήνης
470 2829 632 2897 νόμος
676 2831 735 2883 ὲν
768 2832 967 2895 πάσαις
991 2833 1107 2885 ἐστὶ
1151 2835 1271 2896 ταῖς
1316 2833 1632 2901 ἐκκλησίαις
1678 2834 1788 2888 τῶν

199 2921 409 2986 ἁγίων.
442 2921 637 2985 Καλῶς
665 2922 724 2975 δέ
759 2939 915 2991 φησι,
969 2943 987 2975 ι
1026 2923 1146 2978 Τῶν
1195 2925 1385 2993 ἁγίων,
1416 2944 1434 2977 ι
1474 2926 1661 2996 ἐπειδὴ
1690 2927 1788 2980 καὶ

216 3011 500 3084 Ἐλλήνων
522 3008 662 3084 ἦσαν
684 3014 998 3085 ἐκκλησίαι,
1027 3017 1119 3070 καὶ
1146 3016 1348 3071 λοιπῶν
1384 3018 1651 3073 ἀπίστων.

1890 1920 1980 1964 aut
2010 1921 2197 1965 contra
2236 1921 2383 1965 vales
2415 1925 2510 1964 seu
2539 1909 2756 1961 divinos
2784 1907 3042 1975 loquitur.
3070 1904 3204 1958 Nam
3230 1904 3302 1957 illi
3338 1912 3464 1973 post

1888 2001 2129 2055 furorem
2165 2001 2269 2055 sibi
2318 2002 2642 2061 immissum,
2695 1999 2858 2053 etiam
2912 2000 3157 2051 nolentes
3202 2005 3461 2065 tanquam

1887 2093 2154 2147 (lanionia
2190 2094 2371 2160 agitati
2400 2093 2695 2161 loquuntur
2723 2106 2840 2159 qum
2871 2091 3084 2143 nolunt.
3118 2087 3172 2141 Si
3199 2103 3329 2158 ergo
3361 2088 3464 2141 do-

1889 2206 2016 2243 num
2062 2188 2336 2257 pmpbetis
2379 2189 2687 2256 subjectum
2737 2197 2842 2252 est,
2897 2185 3057 2257 565
3103 2196 3302 2254 quanta
3355 2183 3463 2238 erit

1888 2283 2199 2337 absurditas
2248 2282 2392 2352 quod
2439 2298 2533 2336 vos
2563 2281 2839 2335 communi
2883 2280 3101 2333 utilitati
3152 2293 3257 2332 non
3290 2276 3462 2344 subii.

1890 2374 2133 2440 ciamini,
2186 2383 2245 2428 ut
2287 2390 2410 2428 cum
2462 2373 2665 2429 silentii
2710 2381 2925 2442 tempus
2977 2371 3159 2431 fuerit,
3210 2367 3467 2422 sileatis?

1894 2486 1914 2520 ι
1948 2466 2065 2521 Νοιι
2098 2468 2241 2521 enim
2272 2466 2598 2522 turbationis
2628 2474 2823 2520 auctor
2862 2474 2954 2543 est
2990 2464 3152 2518 Deus.
3194 2480 3213 2514 ι
3259 2459 3465 2516 Deinde

1891 2561 2129 2616 Ostendit
2175 2560 2321 2630 quod
2374 2562 2474 2615 hoc
2525 2562 2691 2615 etiam
2742 2544 2851 2613 Deo
2901 2556 3170 2617 videatur,
3215 2564 3272 2609 ut
3316 2556 3466 2624 prior

1893 2662 2088 2715 taceat,
2128 2653 2253 2722 quia
2291 2666 2399 2706 non
2432 2659 2516 2706 est
2564 2650 2705 2704 Deus
2749 2661 2943 2703 auctor
2991 2646 3338 2707 turbationis,
3369 2645 3460 2698 scgl

1891 2745 2080 2814 pacis;
2131 2759 2253 2797 nam
2314 2743 2513 2814 alioqui
2564 2742 2803 2797 turbatio
2856 2750 2911 2795 ct
2962 2739 3213 2795 confusio
3293 2739 3468 2793 ﬁeret.

1892 2838 2018 2892 Haec
2063 2850 2244 2891 autem
2298 2838 2381 2890 lex
2424 2837 2574 2907 pacis
2627 2837 2680 2889 in
2721 2836 2976 2890 omnibus
3027 2841 3110 2887 est
3152 2841 3464 2888 sanctorum

1891 2931 2169 2986 Eeclesiis.
2211 2929 2357 2985 Bene
2402 2940 2581 2983 autem
2628 2930 2783 2994 dicit,
2826 2938 3165 2989 sanctorum,
3207 2926 3465 2995 quoniam

1889 3036 1943 3076 et
1959 3022 2272 3076 Graecorum
2289 3030 2339 3075 et
2360 3021 2690 3089 reliquorum
2713 3020 3009 3075 inﬁdelium
3034 3026 3188 3073 erant
3209 3018 3468 3073 Ecclesia:

1894 3114 2009 3169 sive
2038 3113 2511 3182 cuugregationes.

265 3196 341 3249 Al
374 3194 655 3264 γυναῖκες
676 3195 846 3264 ὑμῶν
875 3196 946 3250 ἐν
983 3197 1112 3264 ταῖς
1155 3198 1511 3267 ἐκκλησίαις
1540 3199 1787 3268 σιγάτω-

1966 3204 2105 3269 XIV,
2136 3205 2205 3260 ’54
2239 3206 2327 3258 56.
2362 3202 2614 3257 Mulieres
2665 3212 2849 3256 vestra:
2891 3202 2943 3254 in
2983 3200 3216 3254 ecclesiis
3248 3200 3462 3261 sileant,

203 3302 364 3342 σαν.
392 3289 475 3342 Οὐ
516 3288 628 3358 γὰρ
671 3288 1090 3358 ἐπιτέτραπται
1130 3291 1340 3358 αὐταῖς
1381 3292 1615 3356 λαλεῖν,
1651 3294 1789 3348 ἀλλ’

204 3380 697 3446 ὑποτάσσεσθαι,
721 3382 915 3449 καθὼς
942 3384 1037 3437 καὶ
1059 3387 1090 3437 ό
1118 3385 1304 3453 νόμος
1327 3383 1509 3452 λέγει.
1543 3386 1613 3440 El
1640 3385 1707 3438 δέ
1737 3399 1792 3438 τι

202 3472 431 3543 μαθεῖν
466 3472 752 3528 θέλουσιν
776 3513 791 3535 ,
842 3474 913 3529 ἐν
950 3475 1093 3543 οἴκῳ
1147 3476 1289 3543 τοὺς
1342 3477 1532 3541 ιδίους
1567 3476 1792 3544 ἄνδρας

205 3562 704 3634 ἐπερωτάτωσαν.
755 3565 1020 3635 Αίσχρὸν
1066 3565 1178 3636 γάρ
1220 3568 1352 3622 ἐστι
1408 3568 1684 3634 γυναιξὶν
1723 3569 1794 3621 ἐν

203 3659 517 3725 ἐκκλησίᾳ
572 3657 806 3712 λαλεῖν.
857 3660 932 3713 Ἦ
989 3660 1089 3730 ἀφ’
1151 3659 1320 3730 ὑμῶν
1373 3663 1405 3715 d
1456 3662 1640 3729 λόγος
1686 3659 1792 3715 τοῦ

209 3751 371 3807 Θεοῦ
417 3749 713 3818 ἐξῆλθεν;
771 3748 809 3816 ἢ
872 3753 959 3816 εις
1017 3749 1167 3822 ὑμᾶς
1213 3752 1441 3822 μόνους
1494 3749 1790 3819 κατήντη-

207 3857 370 3907 σενς

278 3932 564 3988 Πάντοθεν
600 3933 698 4003 τὴν
745 3932 975 4005 ἡσυχίαν
1022 3932 1412 4004 νομοθετήσας,
1460 3933 1523 3985 ὲκ
1549 3929 1669 3997 τοῦ,
1716 3930 1792 4002 μὴ

208 4026 439 4089 πλείους
466 4023 575 4078 τῶν
613 4025 781 4096 τριῶν
807 4024 1079 4093 γλώσσαις
1119 4023 1323 4086 λαλεῖν,
1356 4023 1651 4076 καὶταῦτα
1686 4022 1792 4077 ἀνὰ

210 4120 409 4188 μέρος,
439 4115 739 4182 τουτέστιν,
766 4111 846 4178 εἷς
878 4116 972 4185 ἀφ’
1003 4114 1141 4180 ἐνὸς,
1180 4116 1245 4167 ὲκ
1290 4113 1408 4179 τοῦ,
1456 4114 1547 4167 τὸν
1578 4108 1792 4184 πρῶτον

207 4208 657 4279 προφητεῠσντα,
682 4206 753 4278 τῷ
773 4206 1009 4276 δευτέρῳ
1038 4208 1408 4276 παραχωρεῖν,
1443 4200 1573 4275 ἦλθε
1606 4203 1791 4259 λοιπὸν

208 4299 312 4353 καὶ
343 4298 438 4350 ἐπὶ
465 4297 564 4369 τὴν
609 4297 716 4353 τῶν
750 4281 1026 4366 γυναικῶν
1074 4295 1301 4364 ἄκαιρον
1334 4294 1620 4366 φλυαρίαν.
1671 4312 1690 4344 ι
1725 4294 1793 4347 Al

208 4392 481 4459 γυναῖκες
514 4390 843 4459 σιγάτωσαν
890 4388 951 4440 οὐ
986 4386 1096 4459 γὰρ
1124 4387 1540 4457 ἐπιτέτραπται,
1570 4406 1589 4439 ι
1627 4387 1794 4458 ἥγουν

210 4481 627 4551 άπονενέμηται
663 4499 682 4532 ι
706 4481 897 4544 αὐταῖς
921 4479 1117 4532 λαλεῖν.
1150 4498 1167 4531 ι
1203 4479 1312 4532 Καὶ
1338 4480 1439 4531 οὐκ
1460 4472 1581 4532 εἷπε
1634 4479 1794 4549 μόνον

1895 3317 1986 3356 nec
2012 3300 2150 3354 enim
2199 3298 2513 3369 permissum
2552 3308 2629 3349 est
2661 3295 2770 3349 illis
2819 3303 2874 3349 ut
2917 3294 3219 3362 loquantur.
3265 3294 3352 3345 sed
3408 3299 3465 3343 ut

1894 3391 2122 3446 subdita:
2168 3392 2297 3456 sint,
2336 3388 2777 3461 quemadmodum
2814 3397 2863 3441 et
2907 3388 2991 3441 lex
3038 3385 3184 3437 dicit.
3219 3385 3372 3449 Quod
3419 3384 3467 3436 si

1892 3484 2018 3555 quid
2044 3482 2242 3538 discere
2263 3482 2461 3544 volunt,
2491 3480 2634 3533 domi
2657 3481 2795 3534 viros
2817 3497 2940 3534 suos
2973 3481 3307 3548 'nterrogent.
3327 3478 3468 3530 Nam

1895 3586 2043 3644 turpe
2068 3585 2145 3630 est
2185 3574 2491 3629 mulieribus
2533 3573 2586 3626 in
2612 3573 2832 3626 ecclesia
2886 3572 3048 3642 loqui.
3082 3570 3222 3625 Num
3260 3586 3292 3623 a
3324 3568 3466 3623 vobis

1893 3684 2066 3723 sermo
2088 3667 2179 3723 Dei
2210 3667 2476 3737 profectus
2504 3668 2624 3722 est?
2652 3678 2743 3719 aut
2780 3667 2834 3719 in
2868 3680 2954 3718 vos
2984 3663 3126 3719 solos
3152 3663 3338 3717 incidit
3368 3664 3393 3717 .’

1967 3936 2186 3992 Statuto
2209 3950 2274 3991 ex
2308 3933 2458 3990 omni
2505 3940 2661 4004 parte
2695 3930 2937 3998 silentio,
2982 3945 3048 3986 ex
3078 3944 3145 3985 eo
3181 3927 3325 4000 quod
3359 3943 3467 3983 non

1896 4028 2081 4100 plures
2119 4041 2282 4096 quam
2330 4033 2442 4080 tres
2478 4023 2680 4094 linguis
2714 4022 3096 4090 loquerentur,
3157 4018 3325 4086 idque
3360 4016 3464 4070 ἀνὰ

1898 4124 2083 4196 μέρος,
2116 4121 2288 4184 idest,
2327 4134 2422 4188 per
2446 4126 2653 4187 partes,
2687 4115 2793 4170 hoc
2821 4121 2926 4177 est,
2963 4126 3108 4165 unus
3139 4120 3261 4180 post
3295 4110 3462 4162 alium

1893 4217 2012 4272 sive
2048 4214 2317 4277 vicissim,
2347 4227 2410 4267 ex
2444 4225 2510 4265 eo
2545 4208 2690 4278 quod
2723 4207 2900 4277 primo
2933 4204 3272 4276 prepbetans
3301 4201 3468 4254 cede-

1894 4314 1978 4364 ret
2004 4303 2248 4362 secundo
2276 4321 2288 4355 :
2324 4302 2469 4357 venit
2501 4306 2903 4369 consequenter
2935 4304 2990 4351 et
3021 4295 3086 4349 ad
3118 4296 3468 4362 importunus

1897 4400 2184 4457 mulierum
2244 4411 2436 4466 nugas.
2501 4413 2523 4449 ι
2576 4394 2827 4448 Mulieres
2884 4398 3128 4447 taceant:
3180 4403 3278 4441 nec
3320 4386 3467 4439 enim

1896 4489 2223 4560 permissum
2252 4494 2360 4547 est,
2409 4503 2430 4538 ι
2477 4483 2595 4538 sive
2646 4480 2832 4535 datum
2883 4478 2989 4533 illis
3030 4486 3090 4532 ut
3144 4477 3463 4544 loquantur.

213 4577 409 4645 σιγᾷν,
428 4574 565 4629 ἀλλὰ
591 4574 684 4627 καὶ
703 4574 1126 4635 ὑποτάσσεσθαι,
1152 4572 1178 4623 ὃ
1200 4573 1363 4625 πλέον
1387 4574 1501 4625 ἐστὶ
1531 4573 1630 4643 τῆς
1662 4590 1787 4626 σιω-

1901 4582 2007 4636 Nec
2029 4580 2204 4635 solum
2237 4577 2371 4631 dixit
2396 4587 2455 4631 ut
2485 4582 2755 4636 tacerent,
2780 4571 2874 4627 sed
2899 4581 2952 4626 et
2980 4569 3466 4639 subjectaaessent,

211 4669 351 4738 πῆς.
387 4667 453 4719 Ἦ
493 4667 601 4737 γὰρ
636 4666 880 4737 ὐποταγὴ
906 4666 1058 4735 δηλοῖ
1089 4665 1187 4737 τὴν
1216 4665 1352 4735 μετᾶ
1405 4666 1569 4736 φόϐου
1614 4667 1796 4737 σιγὴν,

213 4760 295 4824 ὡς
340 4757 450 4812 ἀπὸ
501 4757 751 4812 δουλίδων
776 4757 938 4813 τινῶν
988 4759 1299 4828 γινομένην.
1340 4774 1358 4808 ι
1402 4756 1595 4822 Καθὼς
1629 4759 1722 4811 καὶ
1772 4760 1801 4812 ὁ

214 4852 390 4921 νόμος
452 4850 620 4919 λέγει.
659 4869 679 4901 ι
738 4849 801 4902 Τί
842 4849 899 4902 δὲ
963 4849 990 4901 ὁ
1058 4850 1219 4920 νόμος
1262 4848 1410 4917 λέγει
1463 4848 1649 4918 (νόμον
1689 4847 1798 4919 γάρ

215 4959 359 5013 φησι
412 4944 592 4997 πᾶσαν
645 4941 743 5014 τὴν
774 4941 1067 5010 Παλαιάν);
1121 4961 1140 4993 ι
1167 4942 1306 5011 Πρὸς
1343 4941 1432 4994 τὸν
1464 4940 1631 5012 ἄνδρα
1679 4958 1794 5007 σου,

216 5030 415 5102 φησὶν,
443 5032 477 5101 ἠ
501 5031 824 5103 ἀποστροφή
842 5094 845 5097 μ
866 5047 982 5095 σου,
1007 5032 1099 5083 καὶ
1137 5028 1299 5092 αὑτός
1329 5046 1422 5082 σου
1449 5029 1743 5101 κυριεύσει.
1767 5049 1787 5080 ι

216 5123 283 5176 Εἰ
313 5120 409 5176 οῦν
437 5121 513 5193 τῷ
542 5122 694 5192 ἀνδρὶ
725 5121 1032 5185 ὑπόκειται,
1064 5119 1243 5192 πολλῷ
1270 5120 1466 5191 μᾶλλον
1493 5125 1602 5186 τοῖς
1630 5138 1797 5175 πνευ-

222 5218 481 5288 ματικοῖς
518 5214 874 5277 διδασκάλοις,
909 5213 1005 5267 καὶ
1036 5212 1116 5283 τῷ
1146 5211 1312 5282 κοινῷ
1336 5212 1432 5282 τῆς
1471 5212 1795 5284 Ἐκκλησίας

217 5305 579 5378 πληρώματι.
620 5323 639 5357 ι
666 5305 729 5358 Ei
755 5305 812 5359 δέ
831 5322 885 5358 τι
921 5304 1110 5376 μαθεῖν
1139 5302 1405 5357 Θέλουσιν.
1438 5320 1457 5353 ι
1510 5303 1570 5355 Εἰ
1597 5300 1690 5357 οῦν
1717 5305 1794 5378 μὴ

216 5397 500 5464 λαλοῦσιν,
550 5397 695 5452 εῐποι
741 5414 847 5462 τις,
891 5396 1005 5459 πῶς
1056 5394 1280 5465 μάθοιεν
1308 5393 1375 5448 τὰ
1421 5393 1792 5465 ἀγνοούμενα;

230 5490 319 5543 Ἐν
350 5490 506 5561 οἴκῳ,
563 5490 719 5560 φησὶ,
772 5488 902 5559 παρ’
946 5486 1155 5556 ἀνδρῶν
1204 5485 1642 5557 μανθανέτωσαν.
1689 5489 1793 5559 Ση-

224 5581 460 5650 μείωσαι
513 5580 591 5644 δὲ,
625 5581 705 5635 ὅτι
738 5580 799 5634 οὐ
852 5578 1115 5650 περὶτῶν
1160 5578 1446 5649 χρησίμων
1500 5579 1691 5643 αὑταῖς
1736 5582 1793 5634 ὲν

224 5674 498 5748 ἐκκλησίᾳ
538 5675 718 5729 λαλεῖν
773 5674 1055 5744 ἐπέτρεψε.
1101 5673 1273 5727 Τοῦτο
1313 5671 1369 5725 δὲ
1415 5672 1506 5725 καὶ
1539 5674 1664 5738 τοὺς
1691 5677 1790 5728 ἄν·

224 5763 356 5833 δρας
406 5766 865 5843 προσεχεστιρους
924 5766 1083 5830 ποιεῖ,
1136 5765 1198 5819 τὸ
1256 5763 1453 5818 εἰδέναι
1505 5765 1586 5819 ὅτι
1640 5769 1789 5838 παρὰ

234 5855 335 5913 ιῶν
366 5857 637 5927 γυναικῶν
680 5857 1114 5935 ὲρωτηθήσονται
1160 5857 1287 5933 περὶ
1320 5855 1428 5909 τῶν
1469 5857 1526 5911 ἐν
1556 5861 1622 5935 τῇ
1662 5860 1787 5919 Ἐκ-

1901 4670 2046 4740 quod
2082 4670 2202 4739 plus
2237 4676 2317 4721 est
2371 4681 2534 4734 quam
2576 4665 2857 4719 silentium
2905 4675 3147 4715 servare.
3185 4656 3468 4727 Subji-Ctio

1900 4762 2046 4816 enim
2081 4760 2331 4829 designat
2368 4757 2642 4811 silentium
2678 4769 2801 4808 cum
2845 4753 3063 4812 timore,
3096 4759 3350 4818 tanquam
3397 4748 3468 4800 ab

1900 4851 2118 4907 ancillis
2161 4848 2489 4921 quibusdam
2537 4846 2867 4916 praestitum.
2921 4862 2941 4894 ι
2992 4839 3467 4907 Quemadmodum

1899 4957 1954 5004 et
1981 4946 2065 5002 les
2101 4945 2255 4999 dicit.
2298 4957 2316 4995 ι
2371 4939 2513 5005 Quid
2564 4946 2746 4991 autem
2786 4935 2919 4989 dicit
2955 4934 3081 4988 lex?
3108 4931 3248 4986 Nam
3288 4931 3465 5000 legem

1899 5038 2136 5110 appellat
2182 5047 2337 5090 vetus
2410 5035 2878 5086 instrumentum:
2945 5045 2962 5078 ι
2999 5024 3080 5081 Ad
3130 5026 3330 5088 virum,
3384 5022 3469 5077 in—

1900 5132 2038 5201 quit,
2071 5137 2227 5184 tunm
2263 5126 2479 5180 aversio
2508 5133 2618 5185 tua,
2652 5132 2704 5176 et
2735 5123 2850 5191 ipse
2878 5118 3255 5174 dominabitur
3283 5116 3402 5170 tibi.
3442 5134 3462 5168 ι

1900 5222 1956 5277 Si
1993 5234 2125 5290 ergo
2153 5217 2270 5271 viro
2316 5214 2635 5283 subjicitur,
2670 5210 2840 5265 multo
2873 5210 3047 5278 magis
3080 5207 3468 5278 spiritualibus

1897 5309 2348 5385 praeceptoribus,
2388 5313 2443 5362 et
2486 5304 2764 5359 communi
2822 5301 3081 5357 Ecclesiae
3138 5296 3462 5371 plrnitudini

1898 5420 1962 5462 ac
2004 5400 2351 5474 perfectioni.
2391 5418 2408 5449 ι
2441 5395 2597 5464 Quod
2621 5397 2665 5451 si
2696 5394 2827 5465 quid
2861 5394 3076 5450 discere
3105 5392 3315 5447 volunt.
3355 5407 3373 5440 ι
3410 5389 3463 5463 Si

1897 5497 2063 5566 igitur
2111 5507 2221 5548 non
2263 5491 2580 5561 loquantur,
2615 5487 2817 5543 dixerit
2848 5486 3143 5557 quispiam,
3191 5479 3464 5551 quomodo

1894 5587 2111 5644 discent
2139 5598 2201 5639 ea
2220 5598 2339 5651 quae
2358 5580 2645 5651 ignorant?
2677 5576 2849 5639 Domi,
2878 5576 2973 5639 ait,
2992 5590 3021 5627 a
3044 5572 3179 5627 viris
3214 5571 3455 5625 discant.

1895 5676 2289 5733 Animadverte
2325 5666 2682 5742 autemquod
2714 5668 2781 5721 de
2831 5667 2915 5720 bis
2956 5662 3119 5718 etiam
3151 5675 3274 5731 quze
3324 5659 3460 5728 ipsis

1892 5768 2218 5839 expediunt,
2251 5782 2361 5820 non
2397 5763 2646 5835 permisit
2675 5774 2772 5815 eas
2804 5755 2950 5827 loqui
2978 5753 3031 5807 in
3056 5748 3310 5807 ecclesia.
3344 5747 3459 5803 lloc

1892 5871 2072 5919 autem
2097 5871 2149 5917 ct
2183 5859 2330 5916 viros
2354 5856 2538 5915 reddit
2568 5852 2908 5920 attentiorcs,
2945 5853 3069 5901 cum
3095 5844 3271 5901 sciant
3294 5841 3451 5915 quod
