3906 6616
136 422 278 490 861

1085 430 1478 498 COMMENT.
1521 437 1602 498 IN
1637 438 1878 499 EPIST.
1920 439 1948 498 Ι
1985 439 2086 499 ΑΙ)
2123 438 2485 500 CORINTH.

3337 438 3444 503 882

138 549 556 622 παρελάϐετε.
589 571 608 604 ι
670 549 887 623 Ὠσπερ
950 553 1075 606 τινὰ
1135 556 1638 628 παρακαταθήκην.
1699 559 1772 612 οὗ

1883 574 2074 614 sumus
2121 559 2341 614 fratres.
2390 577 2408 610 «
2445 557 2600 624 Quod
2639 565 2692 612 et
2745 557 3058 627 accepistis,
3101 574 3121 609 ι
3187 565 3444 628 tanquam

139 642 340 714 λόγῳ
382 643 492 714 γάρ
531 644 694 711 μόνον
741 643 1178 715 παρειλήφεσαν,
1222 647 1360 700 ἀλλά
1409 648 1502 700 καὶ
1552 648 1640 702 διὰ
1670 665 1771 720 σηο

147 733 365 803 μείων
394 734 490 788 καλ⁸
530 733 794 788 ποικίλων
835 734 1140 802 δυνάμεων.
1179 737 1320 806 Ὅρα
1359 737 1416 790 δὲ
1443 739 1542 806 τὴν
1579 740 1774 809 σοφίαν

148 826 433 881 Πᾶύλου.
485 826 839 880 Ἐσαλεύοντο
884 822 1054 892 οὗτοι,
1090 831 1185 880 καὶ
1229 830 1378 899 ὅμως
1419 831 1645 884 ἑστάναι
1678 833 1776 886 αύ-

143 920 314 982 τοὺς
349 921 522 988 λέγει,
571 919 712 974 ἑκὼν
747 921 983 988 ἀγνοῶν,
1015 921 1102 974 ἵνα
1133 922 1208 992 μὴ
1252 924 1775 996 ἀναισχυντοτέρους

148 1017 418 1085 ποιήσῃ.
451 1013 586 1068 Εἶτα
613 1014 708 1068 τοῦ
738 1015 960 1068 ἑστάναι
989 1014 1049 1068 τὸ
1085 1015 1297 1085 κέρδος,
1347 1018 1426 1069 Δι’
1448 1010 1509 1070 οὗ
1538 1018 1777 1087 Εὐάγγε-

147 1106 302 1160 ὶίου
361 1108 696 1174 ἑστηκότες,
741 1108 897 1177 φησὶ,
949 1107 1044 1159 καὶ
1093 1107 1352 1172 σώζεσθε.
1409 1127 1428 1161 «
1463 1110 1579 1162 Τίνι
1632 1111 1776 1181 λόγῳ

149 1198 640 1268 εὐηγγελισάμην
689 1199 817 1267 ὑμῖν
853 1199 903 1250 εί
953 1199 1279 1268 κατέχετε.»
1333 1199 1549 1252 Ὠσανεὶ
1595 1201 1776 1254 αὐτῶν

153 1292 500 1360 σαφήνειαν
531 1291 690 1359 μόνον
713 1289 1046 1360 ζητούντων,
1087 1291 1148 1342 ού
1177 1289 1284 1362 μὴν
1321 1291 1776 1360 ἀμφιϐαλλόντων

153 1383 320 1451 περὶ
354 1384 456 1452 τὴν
487 1382 806 1447 ἀνάστασιν,
838 1383 980 1435 οὕτω
1019 1383 1189 1450 λέγει.
1228 1402 1247 1435 «
1277 1384 1396 1436 Τίνι
1429 1383 1574 1453 λόγῳ
1606 1385 1776 1454 εὐηγε-

152 1473 503 1544 γελισάμην
536 1475 684 1544 ὑμῖν.
715 1493 733 1526 ι
766 1474 1046 1538 Τουτέστι,
1074 1474 1213 1543 ποίῳ
1255 1474 1442 1545 τρόπῳ
1471 1476 1502 1546 ἡ
1544 1477 1780 1529 ἀνάστα-

159 1586 262 1632 at;
323 1568 526 1640 ἐλέχθη
575 1568 850 1637 γενέσθαι.
904 1569 990 1632 Ὡς
1020 1571 1068 1622 εί
1109 1569 1296 1638 ἔλεγεο
1351 1571 1488 1639 Περὶ
1538 1569 1640 1640 μὲν
1681 1569 1776 1623 τοῦ

154 1663 489 1732 δόγματος,
534 1664 635 1716 οὐκ
676 1661 741 1716 ἂν
781 1662 947 1734 φαίην
991 1663 1136 1732 ὑμᾶς
1167 1661 1556 1732 ἀμφιϐάλλειν,
1602 1663 1693 1716 τὸν
1720 1664 1778 1717 δὲ

130 1754 383 1808 -τούτου
428 1756 608 1825 ζητεῖν
648 1756 826 1824 λόγον.
856 1755 1044 1816 Ὅθεν,
1088 1757 1245 1825 φησὶ,
1286 1755 1377 1808 τὸν
1416 1755 1515 1826 τῆς
1541 1756 1780 1810 ἀναστά-

161 1863 326 1910 σεως
349 1845 516 1913 λόγον
556 1847 700 1916 ὑμᾶς
727 1847 1160 1916 ὑπομιμνῄσκω,
1197 1847 1334 1916 ποίῳ
1367 1846 1553 1918 τρόπῳ
1581 1847 1772 1917 ἐλέχθη

159 1937 487 2006 γενέσθαι·
522 1914 653 1993 Εἶτα
682 1939 770 1993 ἵνα
806 1937 879 2010 μὴ
911 1914 1190 2010 ῥᾳθύμους
1235 1914 1536 2012 ἐργάσηται
1568 1914 1772 2012 μαρτυλ
1808 1914 1848 1972 Β

1263 2033 1278 2054 9

165 2031 293 2103 ρῶν
321 2033 518 2094 αὐτοῖς
555 2033 614 2086 τὸ
659 2032 905 2098 ἑστάναι,
957 2033 1142 2103 φησὶν,
1182 2051 1200 2084 «
1263 2033 1392 2085 Ἐὰν
1421 2035 1708 2105 κατέχητε.
1749 2052 1769 2086 t

178 2125 396 2186 Ἕκτος
427 2125 534 2196 γὰρ
559 2125 652 2178 τοῦ
677 2126 929 2194 κατέχειν
956 2125 1018 2177 τὸ
1054 2126 1179 2196 περὶ
1204 2125 1552 2188 ἀναστάσεως
1574 2127 1772 2194 δόγμα,

165 2218 306 2286 είκῆ
363 2218 758 2281 ὲπιστεύσατε,
799 2217 971 2288 ἤγουν
1016 2215 1288 2288 ματαίως.
1311 2247 1382 2258 --
1415 2217 1521 2271 Kal
1552 2216 1772 2282 ἄλλως.

178 2311 640 2381 Ἀναμιμνήτκω
695 2311 824 2380 ὑμῖν
870 2309 1007 2378 ποίῳ
1045 2310 1234 2380 τρόπῳ
1283 2307 1525 2378 ἐδηλώθη
1577 2308 1707 2377 ὑμῖν
1747 2308 1776 2360 ὁ

167 2403 346 2471 λόγοε
402 2404 499 2473 τῆς
528 2403 898 2466 ἀναστάσεως,
949 2404 997 2455 εί
1046 2403 1305 2472 κατέχετε
1346 2401 1535 2454 τοῦτον
1563 2401 1654 2454 τὸν
1687 2399 1778 2453 λό-

97 2492 107 2498 ’
167 2512 273 2564 γον
304 2495 418 2566 τῆς
464 2495 834 2558 ἀναστάσεως.
886 2494 1074 2557 Ἐκτὸς
1118 2495 1226 2564 γὰρ
1274 2493 1463 2547 τούτου
1509 2494 1603 2548 τοῦ
1650 2495 1775 2562 δόγ-

175 2603 362 2656 ματος
392 2587 438 2638 εί
473 2585 754 2654 κατέχετε,
807 2585 930 2655 εἰκῆ
976 2584 1359 2639 ἐπιστεύσατε.
1406 2586 1469 2638 Εἰ
1519 2587 1574 2638 δὲ
1618 2586 1776 2648 ἐκτὸς

169 2677 386 2730 τούτου
446 2677 589 2741 aut,
648 2679 728 2739 sl;
787 2677 964 2747 μάτην
1017 2679 1044 2729 ὁ
1091 2675 1260 2739 κόπος
1312 2676 1485 2746 ὑμῶν,
1542 2676 1617 2737 ὡς
1677 2674 1774 2729 τοῦ

176 2767 498 2836 κεφαλαίου
527 2768 627 2836 τῆς
653 2767 890 2828 πίστεως
920 2767 977 2819 ἐν
1008 2765 1185 2836 τούτῳ
1209 2765 1566 2836 ὑπάρχοντος.

253 2943 588 3012 Παρέὃωκα
627 2943 738 3015 γὰρ
769 2944 915 3013 ὑμῖν
943 2946 1011 2999 ἐν
1035 2944 1288 3012 πρώτοις
1325 2943 1356 2997 ὃ
1388 2943 1486 2999 καί
1516 2943 1772 3012 παρέντας

181 3037 317 3103 εον,
366 3039 457 3091 ὅτι
503 3037 758 3106 Χριστὸς
783 3038 1086 3092 ἀπέθανεν
1115 3038 1266 3105 ὑπὲρ
1315 3034 1434 3089 τῶν
1479 3037 1778 3105 ἁμαρτιῶν

180 3128 366 3196 ἡμῶν
396 3129 546 3182 κατὰ
591 3131 698 3194 τὰς
726 3129 993 3197 Γραφὰς,
1044 3127 1143 3182 καὶ
1177 3127 1266 3179 ὅτι
1310 3125 1521 3195 ἐτάφη,
1553 3126 1648 3178 καί
1686 3124 1776 3178 ὅτι

1872 651 2181 722 depositum
2235 649 2532 721 quoddam.
2574 651 2764 720 Neque
2828 650 2975 704 enim
3021 649 3189 704 verbo
3231 657 3444 703 tantum

1871 751 2220 811 acceperant.
2239 744 2336 798 sed
2364 742 2530 798 etiam
2552 758 2648 813 per
2671 743 2850 813 signa,
2874 743 3136 812 variaque
3155 744 3446 800 miracula.

1873 834 1940 888 Et
1964 834 2088 889 vide
2109 834 2262 889 Pauli
2292 837 2644 904 sapientiam.
2685 837 3056 906 Agitahantur
3087 836 3164 902 hi,
3189 845 3445 892 ettameu

1875 937 2024 982 stare
2081 927 2234 996 ipsos
2267 927 2444 985 dicit:
2479 929 2731 994 ignorare
2763 944 2821 982 se
2855 929 3131 984 simulans
3169 944 3238 983 ne
3270 929 3447 999 magis

1874 1033 1968 1073 eos
1993 1019 2332 1088 pudelaeiat.
2365 1019 2570 1073 Deinde
2599 1020 2780 1074 standi
2818 1021 3030 1074 lui-rum
3082 1036 3314 1089 ponens.
3351 1035 3448 1088 per

1874 1109 2042 1180 quod,
2071 1109 2272 1179 inquit,
2313 1109 2692 1179 Evangelium,
2727 1121 2937 1166 stantes
2973 1112 3208 1166 salutem
3251 1127 3452 1166 conse-

1875 1203 2131 1273 quimini.
2172 1223 2190 1255 ι
2227 1203 2348 1270 Quo
2379 1219 2635 1258 sermone
2663 1205 3040 1259 annuntiarim
3078 1205 3236 1260 vobis
3281 1205 3327 1259 si
3369 1214 3452 1260 te-

1875 1297 2040 1352 netis.
2081 1315 2102 1350 ›
2156 1297 2271 1352 lloc
2318 1297 2472 1361 dicit,
2532 1307 2789 1367 tanquam
2847 1298 3138 1354 intendens
3200 1301 3344 1366 quod
3400 1299 3448 1354 si

1877 1389 2378 1444 ntauil'estalioneut
2424 1399 2636 1443 tantum
2698 1399 3030 1459 qmrrereut.
3097 1407 3445 1460 nequaquam

1877 1483 2023 1535 circa
2071 1483 2536 1536 resurrectionem
2576 1473 2914 1535 har'sitarent.
2979 1499 2999 1532 «
3033 1483 3152 1547 Quo
3194 1498 3451 1536 sermone

1880 1573 2261 1627 annuntiarim
2317 1574 2492 1628 vobis.
2533 1591 2551 1624 ι
2599 1573 2709 1627 lloc
2743 1583 2850 1635 est,
2895 1574 3170 1642 quomodo
3201 1574 3345 1626 dicta
3379 1574 3452 1629 sit

1881 1649 2381 1728 lieriresurremio,
2407 1680 2469 1719 ac
2502 1666 2546 1719 si
2572 1663 2781 1718 dict-ret
2807 1679 2821 1722 :
2853 1665 2928 1718 De
2947 1664 3203 1734 dogmate
3226 1665 3449 1733 quidem

1879 1771 2226 1824 nequaquam
2255 1757 2440 1812 dicere
2473 1774 2696 1828 possunt
2726 1772 2822 1810 vos
2855 1756 3159 1827 ambigere,
3199 1757 3292 1812 sed
3326 1765 3451 1809 ιιιη-

1881 1855 1992 1902 tum
2033 1847 2194 1916 hujus
2240 1845 2465 1900 modum
2500 1863 2768 1916 quaerere.
2810 1847 2902 1900 Ait
2925 1862 3056 1916 ergo
3111 1859 3124 1904 :
3177 1844 3452 1901 liesurre-

1879 1939 2078 1994 ctionis
2101 1937 2322 1992 modum
2358 1939 2422 1990 ad
2448 1939 2768 1992 memoriam
2796 1938 3186 2001 rohiSieduco,
3209 1952 3451 2006 quonam

1877 2029 2042 2084 modo
2065 2029 2178 2083 fieri
2201 2030 2370 2093 dicat,
2407 2037 2679 2084 atteslans
2717 2029 2855 2098 ipsis
2887 2029 3032 2099 quod
3061 2037 3298 2093 starent,
3331 2030 3406 2082 ait
3434 2040 3450 2086 :

1883 2137 1902 2171 «
1932 2119 1990 2174 Si
2043 2121 2263 2174 tenetis.
2306 2139 2324 2171 ι
2381 2117 2518 2172 Nam
2560 2119 2606 2174 si
2666 2119 2861 2188 dogma
2923 2120 2990 2174 de
3039 2120 3451 2172 resurrectione

1877 2228 1988 2267 non
2023 2215 2241 2278 tenetis,
2287 2211 2491 2266 frustra
2528 2220 2718 2266 erecta
2752 2220 2858 2267 est.
2891 2211 3094 2266 Deinde
3132 2226 3330 2281 segnes
3354 2227 3454 2266 eos

1879 2308 2203 2363 reddidistis
2254 2308 2370 2362 sive
2408 2317 2641 2362 temere.
2682 2333 2754 2345 —
2800 2305 2938 2360 Item
2979 2307 3088 2359 alio
3133 2305 3308 2359 modo.
3368 2306 3452 2358 Ad

1877 2401 2196 2456 memoriam
2247 2401 2400 2455 vobis
2445 2401 2648 2455 reduco
2699 2415 2937 2470 quonam
2995 2399 3160 2453 modo
3215 2396 3453 2451 manife-

1878 2501 2060 2546 status
2089 2493 2160 2546 sit
2187 2493 2342 2547 vobis
2398 2507 2581 2548 sermo
2607 2493 2674 2547 de
2705 2491 3133 2556 resurrectione,
3166 2491 3210 2546 si
3239 2490 3453 2562 tenetis

1879 2585 2025 2639 hunc
2087 2600 2398 2639 sermonem
2462 2584 2906 2638 reSurrectionis.
2979 2581 3090 2636 Nisi
3141 2583 3286 2636 eiiim
3351 2583 3456 2636 hic

1877 2676 2070 2745 dogma
2097 2677 2352 2737 teneatis.
2388 2675 2590 2730 frustra
2616 2675 2948 2729 credidi-tis.
2984 2673 3149 2746 568
3179 2672 3233 2728 Si
3267 2682 3448 2728 autem

1876 2779 2030 2824 extra
2058 2771 2159 2824 hoc
2187 2772 2344 2835 estis,
2368 2785 2542 2826 vanus
2563 2780 2647 2825 est
2668 2771 2823 2825 labor
2854 2779 3054 2834 vester,
3087 2785 3210 2825 cum
3259 2770 3313 2823 iu
3350 2771 3455 2823 hoc

1877 2864 1948 2918 sit
1983 2862 2102 2916 iidei
2126 2878 2362 2917 summa.
2517 2854 2519 2856 ’

1950 2953 2066 3017 XV,
2095 2955 2219 3009 5-7.
2275 2953 2505 3008 Tradidi
2552 2955 2690 3008 enim
2733 2953 2877 3007 vobis
2911 2954 2966 3006 in
3003 2951 3186 3012 primis
3219 2948 3359 3020 quod
3403 2959 3455 3003 et

1878 3064 2206 3115 acceperam,
2251 3048 2391 3113 quod
2421 3046 2665 3100 Christus
2722 3055 2962 3100 mortuus
3009 3044 3167 3113 fuerit
3201 3058 3296 3109 pro
3331 3057 3452 3110 pec-

1877 3140 2011 3192 catis
2048 3139 2243 3192 nostris
2271 3138 2556 3192 secundum
2586 3136 2928 3203 Srripturas:
2966 3146 3013 3187 et
3055 3134 3194 3204 quod
3220 3133 3454 3200 sepultus

178 3222 504 3293 ἐγήγερται
534 3221 611 3290 τῇ
635 3223 798 3290 τρίτῃ
827 3222 1018 3291 ἡμέρᾳ
1046 3223 1197 3275 κατὰ
1233 3220 1338 3286 τὰς
1363 3218 1627 3288 Γραφάς.
1667 3217 1776 3274 Kal

1883 3232 1987 3284 sit:
2017 3235 2253 3300 quodque
2290 3231 2640 3285 resurrexerit
2672 3231 2826 3282 tertio
2873 3230 2958 3283 die
2993 3225 3282 3282 secundum
3313 3225 3459 3279 Scri-

183 3317 274 3370 ὅτι
316 3317 491 3385 ὤφθη
526 3313 719 3384 Κηφᾶ,
753 3311 882 3369 εἶτα
913 3316 1036 3381 τοῖς
1067 3314 1317 3394 δώδεκα.
1350 3316 1590 3366 Ἔπειτα
1612 3312 1778 3383 ὤφθη

1883 3334 2105 3392 pturas:
2137 3333 2187 3376 et
2218 3327 2354 3392 quod
2395 3327 2534 3376 visus
2558 3323 2626 3375 sit
2661 3321 2874 3390 Ceplta',
2902 3320 3093 3374 deinde
3115 3321 3222 3373 illis
3254 3317 3456 3371 duode-

180 3409 400 3463 ἐπάνω
441 3407 864 3473 πεντακοσίοις
909 3407 1197 3477 ἀδελφοῖς
1259 3405 1498 3476 ἐφάπαξ
1524 3447 1538 3470 ,
1586 3407 1654 3470 ἐξ
1694 3399 1782 3459 ὧν

184 3505 239 3555 oi
266 3502 534 3568 πλειους
556 3500 853 3568 μένουσιν
881 3500 993 3565 ἕως
1026 3500 1178 3568 ἄρτι,
1210 3500 1373 3566 τινὲς
1402 3499 1470 3553 δὲ
1496 3500 1592 3554 καί
1625 3500 1782 3553 ἐκοι-

179 3592 504 3662 μήθησαν.
538 3593 784 3645 Ἔπειτα
811 3592 976 3661 ὤφθη
1029 3590 1292 3656 ἰακώσῳ,
1324 3587 1452 3645 εἶτα
1486 3589 1611 3656 τοῖς
1633 3589 1784 3658 ἀπο-

186 3686 447 3748 στόλοις
484 3683 694 3740 πᾶσιν.

257 3776 432 3844 Μέγα
461 3777 570 3846 γὰρ
605 3775 666 3830 ὃν
697 3775 761 3830 τὸ
795 3777 892 3842 τῆς
925 3776 1276 3841 ἀναστάσεως
1302 3777 1504 3847 δόγμα,
1539 3780 1600 3831 ὲν
1635 3775 1784 3848 πρώ-

187 3887 309 3934 τοις
348 3871 478 3941 ύμῖν
508 3870 640 3924 αὐτὸ
686 3871 1001 3942 παρέδωκα,
1037 3871 1193 3941 φησί.
1245 3872 1355 3925 Kal
1388 3873 1499 3942 γὰρ
1533 3872 1626 3924 καὶ
1672 3872 1784 3939 ἐγὼ

191 3963 358 4034 παρὰ
413 3963 652 4033 Χριστοῦ
714 3963 847 4017 αὐτὸ
899 3963 1238 4034 παρείληφα.
1297 3964 1460 4016 Οὐδὲν
1509 3960 1600 4017 οὖν
1655 3964 1786 4016 ἴδιον

191 4054 357 4110 εἶπον
411 4058 469 4109 ὲν
524 4056 781 4128 πρώτοις.
837 4057 1142 4128 Τοιγαροῦν
1188 4058 1320 4111 αὐτὸ
1363 4057 1786 4126 παρειληφότες,

192 4153 286 4205 νῦν
313 4149 686 4222 ἁμφιόάλλειν
727 4151 828 4205 οὐκ
855 4152 1098 4218 ὀφείλετε
1134 4151 1220 4205 διὰ
1253 4152 1344 4205 τὸν
1377 4153 1590 4222 χρόνον.
1628 4152 1784 4205 «Ὅτι

191 4244 438 4314 Χριστὸς
465 4244 754 4299 ἀπέθανεν.
785 4263 803 4298 ι
847 4245 963 4298 Ούκ
1008 4245 1210 4308 εὐθέως
1259 4247 1338 4309 εἰς
1381 4246 1473 4298 τὸν
1522 4245 1650 4314 περ).
1685 4248 1787 4316 τῆς

194 4339 557 4402 ἀναστάσεως
596 4333 728 4410 ἦλθε
761 4337 943 4407 λόγον,
986 4337 1104 4392 ἀλλ’
1157 4339 1367 4394 ἄνωθεν
1408 4339 1571 4393 αὑτὸν
1615 4353 1786 4392 καται

196 4431 484 4496 σκευάζει.
525 4432 811 4501 «Χριστὸς.
845 4431 1034 4503 φησὶν,
1071 4431 1312 4484 ἀπέθανε
1337 4431 1425 4484 διὰ
1457 4431 1557 4496 τὰς
1600 4433 1785 4503 ἁμαρ-

194 4525 326 4588 τίας
356 4523 516 4594 ἡμῶν
541 4563 554 4586 ,
589 4523 675 4576 ἵνα
707 4524 852 4592 ἡμᾶς
908 4521 1388 4594 τεθανατωμένους
1436 4525 1555 4586 ταῖς
1603 4523 1787 4593 ἀμαρ-

1879 3415 1979 3467 ιίηι
2000 3431 2019 3468 :
2054 3424 2234 3483 postea
2259 3416 2400 3467 visus
2427 3424 2503 3466 est
2536 3416 2655 3481 plus
2688 3429 2845 3482 quam
2872 3412 3168 3482 quingentis
3192 3408 3456 3478 fratribus

1876 3507 2060 3567 simul.
2103 3523 2329 3578 quorum
2360 3507 2542 3575 plures
2577 3514 2788 3558 "tonent
2818 3504 2886 3558 ad
2930 3504 3066 3556 ltum:
3096 3518 3257 3572 usque
3292 3503 3454 3565 diem,

1875 3597 2092 3670 quidam
2117 3615 2232 3652 vero
2257 3599 2417 3652 etiam
2442 3599 2798 3652 dormierunt.
2837 3596 3036 3650 Deinde
3078 3596 3218 3648 visus
3245 3603 3324 3648 est
3352 3593 3452 3647 Ja-

1881 3695 2030 3758 cobo,
2059 3703 2175 3762 post
2207 3692 2461 3762 apostolis
2494 3692 2759 3745 omnibus.

1950 3788 2087 3843 Nam
2147 3803 2270 3841 cum
2329 3801 2586 3856 magnum
2627 3786 2700 3840 sit
2761 3783 3182 3839 resurrectionis
3232 3781 3456 3850 dogma,

1879 3882 2038 3945 illud,
2077 3881 2282 3950 inquit,
2339 3881 2392 3934 in
2446 3879 2639 3948 primis
2675 3879 2830 3932 vobis
2879 3877 3104 3930 tradidi.
3171 3873 3456 3946 Siquidem

1880 3990 1986 4044 ego
2015 3990 2238 4045 quoque
2292 3974 2473 4040 ipsum
2525 3988 2554 4025 a
2607 3972 2832 4026 Christo
2862 3970 3071 4041 accepi.
3112 3967 3246 4022 Cum
3292 3969 3461 4037 igitur

1882 4067 2018 4121 illud
2055 4065 2406 4134 acceperitis,
2455 4079 2600 4118 nunc
2627 4065 2696 4118 ob
2733 4063 3000 4131 temporis
3037 4061 3465 4114 diuturnitatem

1893 4157 2170 4224 ambigere
2207 4170 2317 4209 non
2364 4153 2598 4210 debetis.
2647 4171 2667 4205 ι
2705 4151 2877 4218 Quod.
2916 4149 3170 4204 Christus
3203 4160 3464 4202 mortuus

1879 4250 2068 4304 fuerit.
2101 4267 2121 4300 ι
2157 4245 2274 4301 Νοη
2305 4247 2491 4302 statim
2519 4245 2585 4299 ad
2606 4257 2918 4299 sermonem
2953 4244 3016 4296 de
3043 4240 3464 4297 resurrectione

1883 4344 2056 4408 venit,
2125 4339 2222 4397 sed
2290 4340 2469 4409 ipsum
2525 4353 2591 4394 ex
2642 4337 3028 4407 superioribus
3086 4331 3460 4389 commendat.

1883 4436 2163 4498 Christus,
2197 4434 2396 4501 inquit,
2434 4440 2682 4486 tuortuus
2710 4438 2794 4485 est
2830 4439 3052 4499 propter
3083 4441 3306 4498 peccata
3366 4440 3464 4479 no-

1885 4537 2022 4590 stra,
2052 4536 2108 4580 ut
2139 4539 2242 4580 nos
2268 4525 2508 4595 peccatis
2533 4531 2782 4577 mortuos
2805 4523 3017 4576 virilica
3029 4531 3110 4576 ret
3133 4518 3200 4574 “.
3217 4549 3288 4562 --
3309 4535 3328 4570 ι
3362 4514 3465 4572 Se-

194 4616 372 4677 τέαις,
405 4613 739 4687 ζωοποιήσῃ.
772 4632 790 4666 ι
823 4643 893 4652 --
933 4631 949 4663 t
971 4613 1126 4665 Κατά
1152 4613 1250 4674 τάς
1287 4612 1522 4681 Γραφάς.
1554 4631 1572 4664 ι
1616 4613 1782 4665 Οὐδὲν

1890 4619 2130 4671 cundum
2165 4618 2498 4685 Scriptores.
2545 4633 2566 4666 ι
2610 4612 2754 4667 Nihil
2780 4614 2912 4668 novi
2953 4621 3136 4666 actum
3166 4618 3274 4672 est,
3309 4609 3466 4679 prius

200 4705 358 4770 ξένον
393 4705 638 4774 γέγονεν,
679 4703 886 4759 ἄνωθεν
911 4704 1066 4758 τοῦτο
1098 4705 1395 4776 προείρητο
1425 4707 1520 4758 καὶ
1565 4723 1791 4776 προετε-

197 4797 445 4852 τύπωτο.
503 4815 522 4849 ι
552 4798 659 4852 Καὶ
704 4798 788 4851 δτι
839 4799 1084 4870 ἐτάφη.»
1142 4799 1278 4852 ’Δπδ
1327 4797 1532 4861 κοινοῦ,
1591 4797 1790 4851 «Κατὰ

199 4891 300 4954 τὰς
335 4888 580 4960 Γραφάς.
613 4908 631 4941 ι
676 4887 873 4962 Ἀληθῆ
905 4889 962 4944 δὲ
1001 4891 1100 4944 τὸν
1140 4891 1369 4945 θάνατον
1401 4891 1572 4959 δεῖξαι
1619 4891 1790 4947 θέλων

201 4985 300 5039 καὶ
330 4984 395 5038 οὐ
425 4986 716 5056 φαντασίᾳ,
751 4979 828 5052 ὥς
867 4997 980 5041 τισι
1026 4987 1178 5042 δοκεῖ
1215 4988 1322 5042 τῶν
1351 4989 1669 5061 αἱρετικῶν,
1703 4988 1785 5054 τὸ,

209 5080 523 5152 «“Ετάφη,»
571 5080 902 5152 προσέθηκε.
939 5081 1242 5146 Βεὸαίωσις
1285 5083 1394 5154 γάρ
1437 5084 1471 5154 ἡ
1519 5083 1664 5155 ταφὴ
1695 5083 1788 5137 τοῦ

204 5170 464 5226 θανάτου.
509 5172 619 5226 Καὶ
656 5172 952 5242 Μανιχαϊοι
998 5171 1054 5226 δὲ
1087 5173 1544 5244 καταισχύνονται
1597 5175 1648 5226 oi
1704 5173 1792 5228 λέ-

205 5279 398 5330 γοντες
424 5262 522 5334 τὴν
549 5263 874 5335 ἀπαλλαγὴν
899 5264 1009 5318 τῶν
1034 5263 1320 5336 ἡμετέρων
1349 5265 1660 5336 ἁμαρτιῶν,
1689 5265 1788 5320 θά-

203 5373 366 5410 νατον
401 5355 542 5410 εῖναι
594 5355 859 5427 Χριστοῦ,
899 5357 959 5411 οὐ
999 5358 1126 5428 μὴν,
1164 5358 1320 5426 φασὶ,
1373 5358 1495 5411 κατ’
1528 5358 1789 5429 ἀλήθειαν

209 5449 505 5504 ἀπέθανεν.
543 5467 562 5502 «
597 5449 675 5521 Τῇ
721 5448 878 5520 τρίτῃ
925 5451 1114 5521 ἡμέρᾳ
1153 5450 1294 5504 κατὰ
1331 5450 1430 5513 τὰς
1473 5451 1716 5522 Γραφάς.
1755 5468 1775 5504 ι

209 5541 404 5606 Πάλιν,
459 5543 654 5598 «Κατὰ
694 5545 792 5607 τάς
835 5543 1077 5614 Γραφὰς,
1105 5562 1122 5594 ι
1183 5543 1513 5614 προσέθηκε,
1569 5544 1658 5599 διὰ
1700 5545 1780 5610 τὸ,

214 5633 442 5699 πολλοὺς
492 5633 689 5699 ἀθέους
734 5634 1097 5706 ἀμφιδάλλειν
1130 5636 1257 5706 περὶ
1301 5635 1398 5702 τῆς
1434 5636 1790 5703 ἀναστάσεως

210 5725 303 5781 τοῦ
349 5727 584 5796 κυρίου.
643 5747 660 5779 t
689 5729 799 5782 Kal
847 5728 926 5782 ὅτι
977 5726 1132 5799 ὤφθη
1196 5729 1379 5798 Κηφᾷ.
1416 5747 1435 5778 r
1480 5729 1673 5782 Καίτοι
1727 5731 1787 5782 τὸ

284 5909 334 5940 δ’
373 5907 627 5977 Βυιηάτ,
668 5909 765 5964 25..

1887 4709 1992 4763 hoc
2033 4708 2364 4778 praedictum.
2401 4718 2518 4761 erat
2551 4716 2606 4761 et
2648 4706 3075 4776 praeﬁguratum.
3134 4721 3153 4754 «
3219 4703 3286 4756 Et
3315 4699 3465 4770 quod

1888 4805 2142 4871 sepultus
2177 4802 2272 4856 sit.
2316 4819 2335 4852 ι
2388 4801 2431 4852 Α
2463 4801 2745 4854 communi
2779 4814 2946 4854 sensu
2987 4794 3346 4864 repetendum
3376 4802 3463 4848 est

1889 4894 2206 4950 Secundum
2245 4891 2583 4962 Scripturas.
2620 4889 2814 4945 Veram
2839 4897 3022 4942 autem
3049 4888 3238 4941 volens
3277 4895 3464 4940 osten-

1889 4988 2022 5043 dere
2058 4995 2290 5040 mortem
2325 4993 2380 5039 et
2411 4998 2521 5040 non
2551 4983 2988 5052 pltantastieam,
3025 4992 3086 5035 ut
3129 4978 3463 5050 quibusdam

1887 5076 2109 5131 videtur
2147 5073 2443 5139 Itmreticis,
2495 5069 2734 5136 addidit,
2768 5089 2788 5122 «
2823 5070 3090 5141 Sepultus
3123 5070 3220 5124 sit.
3254 5088 3274 5123 ι
3325 5065 3462 5121 Nam

1887 5170 2176 5240 sepultura
2211 5165 2409 5224 mortis
2439 5163 2787 5221 conﬁrmatio
2839 5167 2947 5219 est.
2999 5159 3288 5216 Manichtei
3325 5173 3462 5229 quo-

1889 5277 1997 5334 que
2041 5261 2462 5318 confunduntur
2503 5258 2753 5314 dicentes
2793 5256 3176 5312 liberationem
3219 5267 3283 5308 ac
3311 5253 3462 5308 solu-

1889 5357 2093 5412 tionem
2111 5361 2463 5424 peceatorum
2483 5357 2804 5407 nostrorum
2829 5356 3063 5404 mortem
3085 5361 3208 5402 esse
3232 5343 3462 5401 Christi:

1887 5449 2270 5520 Nequaquam,
2301 5444 2476 5508 aiunt,
2515 5457 2642 5499 vere
2671 5452 2923 5498 mortuus
2957 5448 3063 5496 est.
3099 5456 3119 5491 «
3150 5436 3338 5492 Tertio
3367 5435 3458 5490 die

1884 5542 2187 5598 secundum
2201 5539 2568 5610 Scriptores.»
2598 5536 2834 5593 Rursum
2853 5534 3082 5596 addidit,
3106 5551 3124 5584 «
3145 5527 3462 5586 Secundum

1889 5636 2227 5708 Scriptores,
2254 5651 2271 5685 ι
2303 5640 2529 5704 propter
2555 5631 2759 5686 multos
2785 5630 2905 5684 sine
2925 5627 3037 5682 Deo
3058 5622 3334 5682 homines,
3367 5619 3464 5688 qui

1897 5731 1962 5783 de
2014 5726 2420 5785 resurrectione
2474 5725 2748 5780 haesitant.
2817 5740 2834 5772 ι
2874 5720 2938 5776 Et
2987 5714 3134 5788 quod
3190 5713 3340 5768 visus
3388 5712 3463 5766 sit
