3906 6552
154 420 274 484 873

1090 427 1480 488 COMMENT.
1515 427 1594 487 IN
1621 426 1857 490 EPIST.
1887 429 1912 488 Ι
1940 430 2039 490 ΑΙ)
2067 431 2428 494 CORINTH.

3319 440 3423 501 874

155 551 276 600 τας
303 535 450 603 τοὺς
464 538 714 608 ἐχθροὺς
736 542 855 595 ὑπὸ
877 541 1016 608 τοὺς
1031 542 1736 614 πόδαςτιὺτοῦ.”Εσχατος

1854 548 2096 613 posuerit
2167 566 2344 605 omnes
2417 553 2660 608 inimicos
2715 553 2810 606 sub
2884 554 3040 622 pedes
3090 573 3236 610 suos.
3287 557 3426 611 Pos-

153 627 382 694 ἐχθρὸς
410 633 786 700 καταργεῖται
813 636 846 688 ὁ
880 632 1155 699 θάνατος.
1178 635 1382 689 Πάντα
1405 636 1516 706 γὰρ
1533 636 1750 692 ὑπέτα-

155 716 274 780 ξεν
289 717 409 772 ὑπὸ
431 720 572 788 τοὺς
591 724 781 788 πόδας
791 725 1192 780 αὑτοῦ.⁸’οταν
1215 726 1282 780 δὲ
1295 728 1436 796 εἴπῃ
1455 729 1540 782 ὅτι
1555 729 1751 782 πάντα

153 807 586 876 ὑποτέτακται,
631 812 915 882 δηλονότι
969 816 1146 882 ἐκτὸς
1177 818 1284 872 τοῦ
1331 819 1750 886 ὑποτάξαντος

149 897 325 963 αὐτῷ
344 901 416 954 τὰ
434 902 648 956 πάντα.
680 907 862 961 Ὅταν
881 907 949 961 δὲ
962 909 1236 978 ὑποταγῇ
1254 911 1414 976 αὐτῷ
1439 911 1508 966 τὰ
1528 912 1745 978 πάντα,

149 991 298 1044 τότε
313 992 412 1046 καί
429 996 614 1062 αὐτὸς
626 999 660 1050 ό
684 1000 816 1064 Υίι¹ς
827 1001 1273 1071 ὑποταγήσεται
1289 1003 1369 1069 τῷ
1383 1006 1748 1070 ὑποτάξαντι

147 1083 325 1150 αὐτῷ
354 1086 426 1140 τὰ
457 1087 674 1155 πάντα,
687 1090 787 1144 ἵνα
807 1087 850 1163 ᾖ
873 1096 906 1146 d
937 1093 1075 1160 Θεὸς
1106 1093 1302 1149 πάντα
1332 1097 1401 1150 ἐν
1431 1097 1640 1155 πᾶσιν.

230 1176 309 1230 Τὸ
329 1177 640 1248 βασιλεύειν
690 1183 942 1250 ἐνταῦθα,
981 1186 1081 1257 οὐχ
1109 1185 1319 1252 ἁπλῶς,
1344 1189 1459 1242 ἀλλ’
1482 1185 1614 1257 οἷον,
1649 1192 1744 1246 Δεῖ

145 1266 327 1323 αὐτὸν
356 1271 428 1324 τὰ
459 1271 552 1325 τοῦ
591 1271 969 1342 βασιλεύοντος
1017 1282 1213 1343 ποιεῖν,
1270 1282 1546 1348 τουτέστι,
1581 1284 1745 1337 πολε-

145 1367 285 1434 μεῖν
315 1368 445 1431 τοὺς
467 1368 718 1440 ἐχθροὺς,
773 1376 1084 1443 συμμαχεῖν
1129 1377 1244 1440 τοῖς
1274 1377 1446 1442 ἰδίοις,
1491 1379 1618 1441 τοὺς
1647 1379 1745 1451 μὲν

143 1458 520 1527 τροποῦσθαι,
567 1462 696 1526 τοὺς
753 1463 811 1517 δὲ
845 1465 1091 1534 ῥύεσθαι.
1122 1486 1141 1520 ι
1181 1469 1378 1539 ’Λχρις
1403 1464 1465 1524 οὗ
1503 1470 1569 1524 ἂν
1597 1472 1686 1542 θῇ,
1721 1491 1740 1524 ι

144 1551 254 1603 καὶ
285 1551 435 1622 ἑξῆς.
471 1553 626 1608 Μετὰ
649 1554 758 1626 γὰρ
799 1556 994 1623 ταῦτα,
1040 1559 1252 1622 οὐδενὸς
1295 1561 1405 1614 τῶν
1439 1563 1745 1634 εἰρημένων

143 1641 340 1710 χρεία.
385 1643 773 1708 Ἀστασῖαστος
794 1647 904 1719 γὰρ
929 1648 1115 1704 λοιπὸν
1144 1649 1465 1721 ήβασιλεία.
1505 1671 1523 1704 ι
1551 1654 1743 1725 Ἀχρις

143 1727 215 1787 οὗ
249 1733 319 1787 ἂν
347 1734 437 1805 θῇ.
475 1754 494 1787 ι
530 1737 604 1790 Οὐ
632 1738 785 1802 τέλος
821 1741 1084 1806 ἐπιτιθεὶς
1115 1746 1180 1813 τῇ
1212 1743 1478 1814 βασιλείᾳ,
1504 1740 1624 1802 εἷπε
1657 1746 1740 1811 τὸ,

147 1843 171 1876 ι
206 1825 412 1896 Ἀχρις
429 1822 488 1881 οὗ
516 1828 580 1881 ἂν
600 1827 688 1901 θῇ,
725 1849 746 1882 ι
773 1831 890 1884 ἀλλ’
907 1833 1222 1900 ἀξιόπιστον
1244 1837 1413 1889 ποιῶν
1437 1837 1498 1890 τὸ
1514 1839 1742 1911 εἰρημέ-

1857 646 2058 691 tremas
2107 639 2274 693 hostis
2323 641 2619 695 abolebitur
2682 659 2847 698 mors.
2887 642 3032 698 Nam
3085 648 3265 700 omuia
3297 647 3425 700 sub-

1846 726 1977 795 jecit
2001 729 2095 782 sub
2138 730 2293 798 pedes
2332 731 2498 787 illius.
2532 734 2692 804 Atqui
2749 751 2868 788 eum
2903 736 3051 789 dicat
3081 740 3220 806 quod
3244 740 3425 792 omnia

1853 819 2088 887 subjecta
2115 822 2243 888 sint,
2269 823 2448 891 palam
2477 835 2554 879 est
2580 825 2944 895 excipiendum
2969 844 3087 882 eum
3115 829 3206 896 qui
3250 829 3428 898 subje-

1853 909 1924 962 cit
1949 909 2268 978 ipsi-omnia.
2302 912 2433 968 Cum
2466 927 2640 968 autem
2682 917 2920 988 subjecta
2941 918 3139 987 fuerint
3165 920 3269 988 ipsi
3308 937 3424 974 om-

1854 1001 1964 1063 nia,
2006 1009 2128 1054 tunc
2158 1009 2209 1056 et
2233 1004 2346 1072 ipse
2384 1003 2564 1059 Filius
2594 1006 2912 1075 subjicietur
2967 1009 3015 1063 ei
3061 1011 3150 1080 qui
3199 1011 3424 1075 subiecit

1851 1090 1954 1159 ipsi
1986 1095 2185 1190 om.nia,
2206 1105 2264 1149 ut
2303 1097 2372 1150 sit
2402 1096 2544 1153 D‘eus
2578 1102 2757 1154 omnia
2788 1103 2840 1155 in
2865 1103 3127 1159 omnibus.

1924 1181 2171 1255 Regn'are
2203 1186 2305 1241 hoc
2341 1188 2463 1242 loco
2493 1205 2600 1244 non
2632 1192 2840 1262 rulgari
2865 1195 3026 1248 modo
3059 1194 3299 1264 capitur,
3323 1194 3420 1250 sed

1853 1280 1912 1327 ut
1939 1273 2012 1329 sit
2037 1277 2323 1345 regnantis
2361 1293 2527 1348 opera
2555 1295 2837 1350 exercere,
2869 1293 3000 1354 puta
3030 1285 3294 1342 inimicos
3327 1285 3424 1341 de-

1851 1364 2079 1432 bellare,
2105 1371 2220 1425 suis
2263 1372 2547 1441 auxiliari,
2605 1375 2730 1431 illos
2763 1379 2984 1447 quidem
3013 1389 3279 1444 evertere,
3321 1380 3422 1435 hos

1850 1471 1980 1512 vero
2017 1459 2275 1516 liberare.
2307 1480 2330 1514 ι
2369 1461 2552 1519 Donec
2613 1467 2864 1536 posuerit
2922 1483 3124 1524 omnes
3165 1470 3421 1525 inimicos

1850 1550 1955 1605 sub
1980 1551 2147 1622 pedes
2179 1569 2332 1612 suos.
2369 1575 2388 1608 ι
2417 1555 2549 1612 Post
2573 1558 2688 1613 haec
2717 1561 2862 1614 enim
2899 1560 3050 1614 nullo
3073 1577 3262 1617 eorum
3298 1577 3423 1633 quae

1849 1640 1996 1697 dicta
2057 1655 2188 1700 sunt
2241 1663 2383 1720 opus
2419 1651 2544 1706 erit.
2589 1649 2724 1704 Nam
2765 1653 3134 1710 seditionibus
3191 1671 3419 1726 regnum

1846 1732 2104 1807 deinceps
2133 1740 2359 1797 carebit.
2397 1741 2581 1798 Donec
2619 1747 2891 1815 posuerit,
2935 1761 3044 1801 non
3074 1748 3234 1803 tinem
3262 1750 3438 1820 regni-

1845 1828 2001 1895 dicit,
2060 1831 2154 1887 sed
2190 1840 2250 1888 ut
2276 1835 2539 1893 credibile
2585 1837 2752 1893 iaciat
2781 1841 2928 1910 quod
2962 1841 3170 1897 dictum
3205 1845 3310 1909 est,
3361 1854 3419 1899 et

144 1933 270 1981 νον,
294 1918 393 1971 καὶ
411 1896 1128 1994 θαρῤεῖνηπαρασκευαζων,
1159 1927 1358 1982 ὡσανεὶ
1382 1929 1534 1998 ἔλεγε
1557 1896 1579 1963 ο.

1845 1920 2051 1976 bonum
2103 1924 2268 1980 addat
2296 1927 2562 1995 animum,
2599 1923 2665 1986 ac
2685 1931 2732 1988 si
2767 1896 2997 1988 dixisset
3091 1896 3418 2004 Quanquam

141 2011 352 2080 ἐπειδὴ
389 2011 652 2084 ἤκουσας,
682 2007 726 2068 ὧ
758 2010 933 2082 οὗτος,
958 2018 1041 2071 ὃτι
1061 2021 1400 2092 καταργήσει
1433 2023 1614 2077 πᾶσαν
1643 2025 1742 2096 ἀρ-

142 2101 260 2172 χὴν
291 2105 386 2156 καὶ
442 2105 712 2171 ἐξουσίαν,
775 2111 868 2163 καὶ
895 2111 1056 2165 αὐτὸν
1085 2112 1177 2168 τὸν
1213 2112 1467 2181 θάνατον,
1496 2117 1742 2188 φοϐηθῇς

139 2188 227 2252 ὼς
290 2193 608 2260 ἁτονοῦντος
657 2197 846 2253 αὐτοῦ.
887 2200 1031 2266 Ἕως
1081 2203 1192 2275 γὰρ
1237 2203 1304 2258 ἂν
1333 2207 1509 2260 πάντα
1540 2210 1739 2282 ποιήσῃ

143 2277 458 2350 βασιλεύει,
487 2286 546 2338 οὐ
583 2287 742 2342 τοῦτο
793 2290 992 2360 λέγων,
1026 2294 1110 2348 ὅτι
1152 2297 1290 2366 μετὰ
1323 2296 1384 2350 τὸ
1423 2299 1647 2368 ποιῆσαι
1678 2302 1738 2354 ού

143 2371 491 2440 βασιλεύσει,
524 2377 640 2430 ἀλλ’
676 2381 852 2435 έκεῖνο
880 2383 1115 2452 δεικνὺς,
1148 2387 1229 2440 ὅτι
1279 2389 1380 2442 κᾶν
1412 2389 1487 2462 μὴ
1517 2389 1611 2444 νιὲν
1641 2392 1739 2461 γέο

142 2483 344 2535 νηται,
378 2469 602 2534 πάντως
660 2471 833 2528 ἔσται.
883 2477 1095 2546 Κρατεῖ
1130 2479 1238 2550 γὰρ
1279 2482 1465 2548 αὑτοῦ,
1497 2486 1737 2560 φησὶν,ἡ

143 2556 411 2624 βασιλεία
429 2562 524 2614 καὶ⁵
549 2563 650 2616 οὐκ
675 2565 875 2633 ἀτονεῖ,
903 2568 1061 2639 ἄχρις
1085 2565 1145 2626 οὗ
1169 2572 1345 2626 πάντα
1375 2577 1736 2646 κατορθώσει.

155 2649 223 2701 Ἦ
263 2649 327 2703 δὲ
354 2653 630 2721 κρατοῦσα
670 2656 830 2727 ἄχρις
861 2653 920 2712 οὗ
952 2661 1129 2715 πάντα
1179 2666 1521 2740 κατορθωθῇ,
1558 2669 1738 2744 πολλῷ

147 2743 362 2812 μᾶλλον
378 2747 511 2817 μετὰ
538 2748 598 2801 τὸ
625 2750 1042 2823 κατορθωθῆναι
1087 2759 1372 2828 κρατήσει.
1407 2779 1425 2811 ι
1461 2762 1567 2814 Καὶ
1585 2743 1737 2831 ﬁcto-t-

145 2836 301 2900 λείας
329 2838 520 2908 αὑτοῦ,
557 2841 745 2913 φησὶν,
779 2843 880 2896 οὐκ
923 2843 1075 2898 ἔσται
1130 2847 1302 2912 τέλος.
1333 2868 1350 2901 ι
1389 2851 1461 2903 Τὸ
1507 2853 1562 2905 δὲ
1601 2855 1736 2922 ἄχρι

148 2929 246 2980 καὶ
295 2929 364 2982 τὸ
411 2929 630 2997 domet)
673 2935 849 2988 κεῖται
884 2937 1079 3008 χρόνου
1133 2942 1564 3009 συντελεστικὸν,
1595 2944 1735 3010 ἀλλ’,

157 3022 303 3076 Ἀεί.
346 3017 470 3077 Οἷον
499 3025 578 3089 τὸ,
622 3043 640 3078 ι
686 3025 830 3096 Ἐγὼ
876 3028 998 3098 μεθ’
1058 3030 1211 3102 ὑμῶν
1244 3031 1361 3102 εἰμι
1406 3034 1587 3098 πάσας
1636 3038 1736 3102 τὰς

146 3112 373 3183 ἡμέρας
422 3114 527 3178 ἓως
570 3115 671 3184 τῆς
703 3119 1038 3185 συντελείας.
1081 3140 1099 3173 ι
1142 3123 1251 3176 Καὶ
1282 3124 1363 3190 τὸ,
1400 3143 1420 3176 ι
1454 3126 1639 3180 Κάθου
1670 3129 1734 3183 ὲκ

144 3204 345 3270 δεξιῶν
403 3223 503 3276 μου
557 3207 683 3272 ἕως,
717 3229 736 3261 ι
773 3211 869 3264 καὶ
891 3211 972 3279 τὺ,
1010 3230 1028 3264 ι
1067 3214 1351 3285 Παρέλαϐε
1368 3217 1468 3289 τὴν
1501 3223 1735 3284 γυναῖκα

1844 3208 2094 3284 Semper.
2161 3216 2340 3273 Veluti
2416 3235 2541 3274 cum
2598 3221 2734 3276 dicit

145 3295 323 3349 αὐτοῦ
379 3297 474 3351 καὶ
517 3299 617 3353 οὐκ
676 3301 974 3370 ἐγίνωσκεν
1020 3305 1189 3376 αὐτὴν
1236 3306 1361 3370 ἓως.
1397 3325 1416 3359 ι
1453 3309 1546 3362 Δεῖ
1575 3312 1736 3366 αὐτὸν

145 3385 467 3457 βασιλεύειν
503 3391 591 3444 ἀεὶ
636 3392 732 3446 καὶ
775 3395 880 3464 πρὸ
918 3396 1012 3448 τοῦ
1059 3396 1324 3462 ὑποτάξαι
1351 3401 1475 3464 τοὺς
1509 3401 1737 3474 ἐχθροὺς

125 3463 251 3533 ’ὕπὸ
308 3481 437 3544 τοὺς
493 3482 678 3550 πόδας,
730 3463 829 3538 καῖ
857 3486 996 3556 μετὰ
1026 3487 1085 3541 τὸ
1115 3489 1398 3554 ὑποτάξαι.
1442 3463 1656 3559 Πάντας
1679 3463 1736 3548 si

141 3571 273 3635 τοὺς
327 3572 559 3644 ἐχθρούς
621 3592 772 3647 φησι,
822 3578 1088 3646 τουτέστι,
1136 3581 1264 3646 τοὺς
1306 3581 1590 3654 δαίμονας,
1642 3586 1735 3641 τὸν

139 3661 419 3726 διάϐολον,
440 3663 532 3718 τὸν
564 3664 811 3734 θάνατον,
847 3670 973 3734 τοὺς
994 3669 1276 3736 ἀπίστους.
1309 3672 1372 3726 Ἦ
1403 3673 1459 3727 δὲ
1477 3669 1616 3748 ἧττα
1641 3676 1733 3731 τοῦ

142 3753 404 3820 θανάτου,
428 3758 488 3811 τὸ
522 3758 885 3832 ἀφαιρεθῆναι
908 3761 1072 3816 αὐτοῦ
1100 3766 1226 3829 τοὺς
1254 3767 1482 3834 νεκροὺς
1515 3770 1581 3838 τῇ
1604 3768 1734 3823 ἀνα-

143 3848 362 3903 στάσει.
402 3868 422 3902 ι
459 3853 553 3904 Δεῖ
606 3854 717 3925 γὰρ
757 3855 920 3908 αὐτὸν
976 3857 1287 3925 βασιλεύειν
1339 3860 1446 3916 ἀεί.
1485 3879 1505 3914 ι
1561 3861 1734 3918 Τοῦτο

139 3939 292 4008 λέγει
329 3942 410 4006 τὸ,
439 3962 458 3996 ι
498 3945 714 4017 Ἀχρις.
761 3964 780 3998 ι
819 3947 986 4019 Θήσει
1040 3951 1145 4018 γὰρ
1200 3950 1326 4014 τοὺς
1364 3951 1594 4023 ἐχθροὺς
1627 3955 1732 4009 ὑπὸ

138 4033 268 4099 τοὺς
313 4033 484 4088 αὑτοῦ
515 4037 705 4101 πόδας.
749 4039 813 4092 Et
860 4040 970 4112 γὰρ
1006 4041 1113 4113 πρὸ
1146 4042 1240 4095 τοῦ
1279 4042 1504 4112 τεθῆναι
1537 4045 1728 4100 ἐϐασί-

138 4121 293 4188 λέυε,
357 4125 539 4199 πολλῷ
593 4130 792 4199 μᾶλλον
855 4133 994 4202 μετὰ
1032 4133 1092 4186 τὸ
1129 4132 1310 4204 θῆναι.
1348 4152 1367 4186 ι
1403 4135 1590 4190 Πάντα
1619 4137 1729 4208 γὰρ

1847 2013 2074 2078 audisti,
2105 2029 2137 2068 ο
2206 2025 2262 2071 ιιι
2297 2018 2553 2089 quisquis
2602 2035 2684 2088 es,
2727 2022 2873 2092 quod
2913 2024 3154 2078 abolebit
3198 2039 3418 2082 onmem

1848 2104 2219 2176 principatum
2278 2120 2332 2165 et
2393 2128 2620 2168 omnem
2668 2124 2994 2184 potestatem
3052 2132 3116 2173 ac
3185 2126 3417 2174 mortem

1845 2196 2044 2265 ipsam,
2091 2215 2158 2255 ue
2188 2203 2386 2258 timeas
2431 2207 2588 2276 quasi
2623 2207 2867 2262 futurum
2897 2217 3047 2264 esset
3084 2217 3144 2264 ut
3189 2209 3305 2280 ipse
3335 2210 3416 2265 la-

1842 2286 1976 2344 bore
1999 2288 2274 2347 deﬁceret.
2296 2292 2476 2352 Donec
2502 2297 2646 2351 enim
2672 2301 2856 2354 omnia
2887 2300 3103 2365 iecerit,
3129 2302 3411 2371 regnabit:

1841 2394 1953 2434 non
1984 2381 2086 2437 hoc
2110 2383 2298 2440 dicens
2336 2387 2484 2457 quod
2517 2399 2805 2460 postquam
2841 2392 3034 2448 fecerit
3068 2410 3175 2448 non
3217 2409 3415 2466 regna-

1842 2473 1923 2529 bit
1957 2493 1971 2528 :
2006 2476 2099 2531 sed
2126 2477 2255 2533 illud
2284 2482 2582 2537 ostendens
2604 2485 2776 2554 quod,
2804 2485 2931 2542 licet
2963 2488 3129 2542 modo
3161 2488 3274 2544 haec
3301 2504 3415 2544 non

1840 2569 1994 2633 ﬁam,
2051 2571 2281 2627 omnino
2329 2584 2509 2630 tamen
2545 2584 2727 2630 erunt.
2790 2577 2972 2633 Vincit
2998 2581 3142 2634 enim
3183 2595 3412 2651 regnum

1837 2662 1982 2733 ejus,
2021 2680 2127 2720 nec
2159 2665 2376 2721 deﬁciet
2401 2683 2692 2739 quousque
2734 2672 2919 2726 omnia
2956 2673 3209 2744 perﬁciat
3244 2692 3257 2728 :
3291 2676 3413 2727 vin—

1839 2769 1970 2811 cens
2011 2766 2192 2813 autem
2225 2775 2515 2832 quousque
2556 2763 2735 2817 omnia
2762 2765 3031 2834 perﬁciat,
3080 2766 3255 2819 multo
3295 2780 3412 2818 ma-

1834 2848 1924 2917 gis
1965 2851 2142 2906 vincet
2191 2862 2482 2925 postquam
2519 2856 2756 2926 perfecta
2812 2857 3036 2913 fuerint.
3085 2859 3250 2930 566
3289 2879 3305 2911 ι
3347 2861 3414 2914 Et

1839 2941 1992 3009 regni
2045 2943 2186 3011 ejus,
2249 2946 2450 3014 inquit,
2481 2963 2590 3004 non
2643 2950 2748 3003 erit
2800 2949 2925 3006 ﬁnis
2955 2952 3022 3002 δ’.
3065 2969 3084 3002 ι
3133 2950 3414 3006 Dictiones

1838 3028 2010 3100 igitur
2034 3034 2162 3104 ἄχρι
2193 3044 2246 3090 et
2272 3037 2377 3102 ἕως
2401 3038 2566 3094 donec
2595 3049 2649 3096 et
2672 3058 2958 3113 quousque,
2999 3057 3114 3097 non
3146 3043 3412 3110 temporis

1837 3121 2126 3193 designant
2187 3129 2504 3197 terminum,
2564 3132 2658 3186 sed
2717 3132 2859 3187 idem
2916 3132 3234 3204 signiﬁcant
3263 3132 3411 3202 quod

2797 3240 2811 3276 :
2864 3240 2884 3276 ι
2960 3224 3072 3295 Ego
3123 3224 3410 3279 vobiscum

1841 3315 1964 3358 sum
2015 3303 2274 3360 omnibus
2344 3307 2538 3364 diebus
2605 3323 2778 3380 usque
2835 3311 2904 3366 ad
2968 3313 3406 3367 consummatio-

1839 3406 1963 3447 nem
1999 3391 2068 3448 ⁸⁸.
2109 3412 2132 3447 ι
2162 3404 2264 3450 et.
2298 3415 2318 3449 ι
2375 3397 2517 3454 Sede
2563 3413 2595 3454 a
2624 3400 2835 3458 dextris
2866 3404 3024 3468 meis,
3071 3405 3249 3459 donec
3306 3421 3410 3475 po-

1831 3498 2003 3540 suero
2051 3486 2310 3544 inimicos
2345 3497 2470 3546 tuos
2522 3491 2592 3546 ".
2629 3510 2648 3544 ι
2679 3502 2734 3548 et
2769 3508 2783 3546 :
2815 3513 2840 3547 ί
2885 3495 3111 3568 Accepit
3181 3513 3408 3553 uxorem

1831 3593 2018 3644 suam,
2077 3588 2132 3636 et
2191 3596 2300 3636 non
2364 3584 2619 3654 cognovit
2652 3601 2773 3641 eam
2825 3586 3001 3643 donec
3042 3590 3252 3659 peperit
3281 3591 3346 3646 “.
3378 3608 3402 3642 ν

1837 3667 2066 3739 Oportet
2093 3671 2237 3726 enim
2267 3687 2389 3727 eum
2418 3689 2634 3746 semper
2693 3691 2947 3748 regnare,
2981 3688 3036 3734 et
3086 3683 3407 3752 priusquam

1839 3762 2100 3832 subjiciat
2128 3763 2384 3820 inimicos
2414 3767 2518 3822 sub
2543 3769 2725 3837 pedes,
2752 3782 2804 3824 et
2832 3783 3121 3842 postquam
3155 3775 3411 3845 subjece-

1832 3855 1927 3909 rit.
1956 3853 2165 3912 Omnes
2201 3867 2383 3913 autem
2423 3859 2678 3918 inimicos
2708 3862 2884 3919 dicit:
2915 3866 3018 3921 hoc
3043 3876 3147 3933 est,
3203 3867 3409 3924 daemo-

1835 3961 1956 4012 nes,
1995 3948 2296 4015 diabolum,
2325 3959 2580 4017 mortem,
2612 3967 2676 4008 ac
2711 3954 3048 4013 incredulos.
3105 3959 3407 4014 Couilictus

1834 4046 2016 4095 autem
2041 4056 2151 4112 quo
2189 4058 2338 4099 mors
2373 4043 2686 4101 devincitur
2712 4056 2798 4103 est
2825 4050 3030 4105 ablatio
3059 4063 3401 4108 mortuorum

1832 4131 1902 4187 ab
1939 4132 2055 4202 ipsa
2088 4149 2188 4204 per
2226 4137 2708 4192 resurrectionem.
2751 4157 2769 4190 ι
2800 4137 3191 4210 Oportetenim
3227 4144 3404 4214 ipsum

141 4215 416 4285 ύπέταξεν
465 4219 571 4272 ὑπὸ
613 4223 740 4286 τοὺς
800 4223 963 4287 πόδας
1007 4225 1194 4280 αὐτοῦ.
1233 4245 1253 4278 ι
1302 4227 1522 4299 Ἐπειδὴ
1551 4229 1727 4284 πάντα

1844 4237 2047 4294 semper
2098 4240 2327 4296 regnare
2353 4269 2369 4295 ,
2410 4247 2430 4282 ι
2488 4238 2542 4284 et
2590 4230 2696 4286 hoc
2734 4233 3032 4302 signiﬁcat,
3081 4253 3100 4287 ι
3135 4234 3346 4292 Donec.
3376 4255 3397 4289 ο

140 4311 295 4382 παρὰ
317 4310 415 4364 τοῦ
445 4312 574 4366 Υίοῦ
603 4314 706 4386 ἔφη
752 4314 1028 4383 γίνεσθαι,
1060 4318 1157 4388 τὴν
1203 4317 1481 4389 βασιλείαν
1526 4336 1728 4392 κατορ-

1844 4312 1966 4368 Nam
2030 4326 2195 4386 ponet
2251 4317 2508 4375 inimicos
2555 4321 2660 4376 sub
2716 4323 2884 4393 pedes
2946 4323 3215 4400 suos..Si
3274 4342 3405 4398 ergo

137 4399 390 4468 θοῦαθαι,
448 4405 548 4469 τὰς
592 4405 842 4472 ἔξουσίας
884 4411 1302 4478 καταργεῖσθαι,
1359 4413 1566 4477 πάντας
1619 4414 1725 4468 ὑπὸ

1844 4405 2146 4478 priusquam
2167 4421 2398 4481 poneret
2421 4413 2705 4483 regnabat,
2724 4415 2895 4470 multo
2917 4417 3089 4487 magis
3114 4399 3403 4490 postquam

135 4495 264 4557 τοὺς
330 4495 500 4559 πόδας
541 4496 777 4563 κεῖσθαι,
818 4499 1060 4573 ἐφοϐήθη
1116 4503 1191 4574 μὴ
1242 4504 1444 4573 μείζων
1489 4507 1720 4580 νομισθῇ

1844 4501 2096 4558 insuerit.
2133 4521 2152 4556 ι
2193 4503 2328 4559 Nam
2362 4507 2545 4562 omnia
2581 4507 2947 4578 subjecitsub
2975 4511 3143 4581 pedes
3166 4513 3332 4568 illius.
3377 4532 3397 4565 ι

135 4582 166 4634 ἃ
183 4583 320 4649 Υἱὸς
335 4587 430 4640 τοῦ
453 4588 690 4660 Πατρός,
722 4591 818 4644 καὶ
846 4567 1032 4646 λοιπδν
1289 4567 1504 4667 Πατέρα
1529 4567 1723 4667 δινάγεῖ

1844 4591 2102 4659 Quoniam
2128 4595 2269 4652 dixit
2296 4600 2483 4654 omnia
2510 4601 2626 4656 ﬁeri
2660 4567 2750 4656 a'F
2755 4603 2870 4670 ilio,
2900 4612 2956 4659 et
2975 4567 3209 4676 regnum
3236 4607 3402 4678 dirigi

133 4674 201 4729 τὰ
221 4676 431 4743 πάντα,
461 4697 480 4730 ι
505 4681 711 4748 Πάντα,
741 4682 937 4752 λέγων,
975 4685 1246 4753 ὑπέταξεν
1274 4686 1379 4741 ὑπὸ
1408 4690 1534 4753 τοὺς
1556 4689 1724 4756 πόδας

1844 4701 1894 4742 Ic
1919 4696 2222 4757 potestates
2280 4693 2511 4759 aboleri,
2542 4704 2598 4750 et
2630 4696 2816 4753 omnia
2881 4698 2988 4754 sub
3043 4674 3210 4769 pedes
3251 4674 3398 4771 poni,

135 4769 328 4835 αὐτοῦ,
367 4790 388 4823 ι
423 4772 636 4839 δεικνὺς
671 4778 881 4831 ἐκεῖθεν
915 4774 1052 4834 εῖναι
1080 4780 1159 4851 τῷ
1197 4781 1311 4852 Υῑῷ
1346 4780 1406 4835 τὸ
1437 4782 1722 4852 δύνασθαι,

1844 4778 2011 4834 μίιηιιὶι
2064 4797 2133 4837 ne
2182 4781 2356 4840 Filius
2411 4783 2576 4842 Patre
2636 4789 2818 4857 major
2858 4769 3266 4861 reputareturi
3327 4796 3400 4850 ita

136 4859 197 4915 ἐκ
223 4862 330 4932 τῆς
360 4864 592 4935 ἀχρόνου
630 4867 829 4932 αἰτίας.
866 4887 884 4920 ι
925 4871 1099 4925 Ὅταν
1157 4871 1214 4925 δὲ
1264 4873 1417 4945 εἴπῃ,
1446 4891 1466 4925 ι
1497 4876 1525 4928 ὁ
1559 4877 1723 4931 Δαυῖδ

1844 4871 2091 4942 ieinceps
2126 4877 2310 4932 omnia
2339 4879 2408 4933 ad
2441 4879 2654 4934 Patrem
2686 4859 3140 4948 reducm—dicens
3169 4906 3181 4941 :
3219 4906 3242 4938 ι
3272 4886 3401 4944 Otu-

137 4973 292 5026 φησι.
321 4957 488 5024 Λέγει
515 4960 624 5030 γὰρ
649 4961 876 5027 ἐκεῖνος,
913 4980 932 5012 ι
965 4965 1152 5019 Πάντα
1174 4965 1442 5032 ὑπέταξεν
1467 4973 1495 5024 ὁ
1527 4973 1720 5048 Πατὴρ

1844 4965 1914 5019 tia
1950 4967 2187 5038 subjecit
2214 4970 2321 5026 sub
2348 4973 2514 5041 pedes
2546 4973 2718 5042 illius,
2756 4993 2775 5028 ι
2806 4978 3106 5033 ostendens
3137 4980 3265 5036 inde
3299 4998 3398 5052 po-

137 5046 236 5098 ὑπὸ
264 5049 394 5110 τοὺς
429 5049 595 5112 πόδας
631 5050 818 5116 αὐτοῦ,
856 5054 1104 5124 πρόϐατα
1133 5055 1224 5108 καὶ
1255 5057 1382 5126 βόας
1410 5061 1650 5129 ἁπάσας,

1846 5060 2050 5114 entiam
2081 5063 2271 5118 adesse
2305 5062 2465 5130 Filio,
2510 5081 2706 5136 nempe
2733 5082 2763 5120 a
2790 5071 3135 5139 sempiterno
3188 5073 3396 5142 princi-

135 5137 191 5202 ὲξ
222 5131 287 5192 οὗ
315 5139 412 5191 καὶ
464 5139 562 5210 τὴν
603 5144 916 5214 μαρτυρίαν
959 5146 1128 5212 λέγει.
1158 5147 1299 5220 Ὀρα
1322 5151 1378 5204 δὲ
1411 5153 1528 5216 πῶς
1559 5155 1718 5226 δῆλός

1844 5151 1938 5206 ›ἰο.
1981 5171 2000 5203 ι
2057 5155 2220 5223 Atqui
2261 5171 2386 5210 cunt
2442 5131 2668 5222 dicat,
2701 5168 2828 5229 puta
2869 5131 3221 5219 θαι-ΜΝτῷ
3264 5163 3396 5218 όίεέι

134 5228 278 5284 ἐστιν
309 5234 519 5286 ἐκεῖνον
553 5235 810 5306 φοϐηθεὶς
842 5239 935 5290 τὸν
968 5239 1154 5306 φόϐον,
1183 5242 1250 5293 τὸ
1288 5243 1362 5313 μὴ
1389 5247 1714 5318 νομισθῆναι

1845 5243 1915 5298 lle
1959 5245 2105 5313 quod
2141 5247 2324 5301 omnia
2357 5249 2598 5318 subjecit
2632 5228 2797 5308 Pater
2844 5254 2948 5310 Sllb
2971 5255 3137 5325 pedes
3188 5256 3392 5326 ipsius.

138 5325 358 5390 μείζονα
406 5325 498 5378 τὸν
557 5325 708 5389 Υἱον,
738 5329 819 5383 ὅτι
861 5329 1022 5383 πάλιν
1052 5331 1393 5400 ἠσφαλίσατο
1426 5337 1579 5392 αὐτό.
1605 5341 1716 5395 Καὶ

1844 5350 1952 5391 ινεε
1991 5345 2046 5391 et
2076 5336 2245 5395 boves
2280 5340 2566 5398 universas
2599 5359 2613 5396 :
2644 5361 2671 5398 a
2697 5362 2808 5415 quo
2837 5349 3000 5402 etiam
3033 5349 3204 5402 sumit
3236 5347 3391 5402 testi-

133 5411 339 5479 δὲκαιος
388 5416 419 5469 ὁ
477 5417 659 5484 φόϐος.
696 5436 715 5470 ι
758 5419 897 5489 Πρὸς
929 5422 1039 5491 γὰρ
1075 5421 1272 5492 ἄνδρας
1299 5423 1407 5476 ἀπὸ
1446 5426 1714 5496 Ἑλλήνων

1844 5427 2088 5480 nonium.
2138 5426 2442 5486 Considera
2521 5449 2653 5489 vero
2698 5438 2974 5505 quomodo
3038 5439 3388 5493 manifestum

133 5505 528 5568 πιστεύσαντας
561 5506 822 5578 ἐγραᾳεν,
862 5509 912 5561 οἳ
943 5510 1224 5577 δοξάζουσι
1272 5512 1363 5565 τὸν
1385 5515 1486 5568 Δία
1510 5519 1716 5573 ἐπανα·

1849 5517 1889 5570 it
1918 5516 2096 5586 ipsum
2123 5519 2176 5572 id
2203 5519 2462 5576 habuisse
2503 5523 2744 5591 timoris,
2781 5543 2848 5581 ne
2874 5526 3046 5581 Filius
3081 5525 3238 5580 Patre
3269 5541 3389 5580 ma-

133 5595 330 5648 στάντα
355 5597 434 5666 τῷ
456 5598 638 5668 οἰκείῳ
665 5599 860 5669 “arpi,
883 5601 1084 5666 ἐξῶσαι
1113 5604 1275 5656 αὑτὸν
1297 5604 1391 5673 τῆς
1410 5605 1708 5673 βασιλείας.

1844 5623 1898 5661 οι·
1921 5619 2228 5678 putaretur,
2263 5615 2520 5683 quoniam
2562 5631 2780 5670 rursum
2839 5618 2978 5672 idem
3009 5617 3292 5671 stabilivit.
3324 5616 3388 5672 Et

131 5685 254 5750 Δέος
286 5687 381 5741 οὖν
412 5683 502 5758 ῆν,
531 5689 604 5758 μή
631 5706 682 5742 τι
715 5689 953 5743 τοιοῦτον
977 5692 1106 5762 παρ’
1135 5694 1266 5764 ἡμῖν
1297 5695 1706 5751 ύποπτεύσωσι.

1844 5706 1995 5753 ustus
2048 5713 2180 5755 sane
2211 5702 2376 5757 timor
2405 5713 2543 5759 erat.
2585 5706 2866 5775 Siquidem
2915 5707 3051 5762 viris
3105 5709 3385 5765 scribebat

245 5868 291 5900 υ
316 5865 448 5924 Luc.
493 5885 532 5930 ι,
563 5868 654 5924 53.
764 5870 811 5902 "
863 5869 1057 5925 Matth.
1119 5888 1308 5939 xxvnt,
1340 5873 1430 5931 20.
1529 5875 1736 5936 "Psal.

1844 5897 1885 5949 ι,
1916 5881 1973 5936 Ξ.
2067 5883 2112 5915 ⁸⁸
2145 5882 2336 5939 Matth.
2380 5900 2418 5952 ι,
2456 5883 2546 5942 25.

441 5961 707 6024 PATROL.
754 5962 873 6024 Gn.
915 5968 1192 6032 CXVIII.

2873 5977 2950 6042 28
