3906 6572
250 381 361 446 877
1173 365 1562 433 COMMENT.
1595 363 1678 425 1N
1718 357 1959 422 EPIST.
1991 354 2136 415 IAD
2175 321 2532 414 domum.
3377 347 3492 408 ’δτι

251 493 398 550 αύτά
426 490 743 559 ποιήσουσιν
770 487 913 554 ἀπερ
948 479 1124 536 εἷπον.
1165 481 1329 550 ὐρᾷς
1358 475 1460 530 ποῦ
1493 474 1733 543 ἀνήγαγε
1765 467 1826 521 τὺ

1956 481 2042 520 ioc
2091 466 2336 537 signiﬂat
2372 483 2386 520 :
2424 465 2564 532 Quid
2595 465 2815 529 facient,
2855 481 2874 513 ι
2905 475 3097 530 nempe
3126 459 3242 515 haec
3290 459 3495 514 facient

252 549 624 658 «parpa;-—
648 576 850 652 [ΦΩΤ.]
885 549 1044 629 ἶΕπεὶ
1090 573 1143 626 τί
1181 549 1486 640 ποιήσουσι,
1539 566 1724 634 φησὶν,
1772 561 1822 658 οί

1956 570 2049 624 [ηαξ
2067 557 2200 609 dixi.
2221 553 2386 610 Vides
2413 571 2522 625 quo
2547 569 2658 609 rem
2694 555 3001 608 deduxerit.
3039 580 3096 591 -—
3121 549 3335 619 Alioqui
3366 551 3492 617 quid

255 674 672 748 βαπτιζόμενοι,
703 669 842 722 ὥστε
878 666 952 738 μὴ
980 662 1119 718 εἶναι
1147 659 1440 721 διαπαντὸς
1477 654 1682 726 νεκροὶ,
1733 650 1827 704 καὶ

1956 647 2140 700 'acient
2185 646 2277 715 qui
2319 647 2689 715 baptizantur,
2725 661 2793 699 ne
2827 659 3042 713 semper
3067 642 3269 696 mortui
3309 643 3418 696 sint
3443 653 3496 694 et

256 736 320 826 ἐν
345 768 425 838 τῷ
592 736 952 834 κατέχεσθαιξ
983 753 1116 822 οἷον,
1139 754 1254 823 Τῆς
1275 748 1647 808 ἀναστάσεως,
1668 740 1824 812 φησὶ,

1956 739 2071 808 pud
2105 739 2310 792 inferos
2346 738 2734 792 detineantur?
2779 737 2893 792 Hoc
2921 748 3024 799 est,
3053 736 3099 791 si
3133 749 3240 790 non
3273 736 3344 788 sit
3405 749 3494 788 re-

259 861 342 933 μὴ
398 827 586 927 ὲοξςηξ,
639 858 685 908 οί
858 850 1137 912 τοιαύταις
1182 844 1362 899 ἐλπίσι
1397 839 1847 933 βαπτιζόμενοι,-

1956 831 2224 895 ιυιτθοιίο,
2243 831 2373 899 quid
2395 831 2594 884 facient
2616 831 2650 884 ii
2675 831 2763 899 qui
2788 830 2857 884 ob
2875 829 3183 899 hujusmodi
3203 843 3352 895 spem
3375 827 3500 896 hap-

251 951 406 1005 ῶστε
453 947 593 1002 κατὰ
643 945 878 999 θάνατον
913 941 1227 1009 ἀναστῆναι,
1261 937 1314 989 τί
1344 935 1672 1004 ποιήσουσις
1711 945 1730 979 ι
1769 926 1830 979 Ei

1959 922 2190 988 izantur,
2218 937 2328 992 quo
2360 932 2481 992 post
2503 932 2730 978 mortem
2753 924 3174 984 resuscitentur,
3204 922 3291 976 «Si
3323 921 3500 976 omni-

253 1042 403 1106 ὅλως
455 1037 642 1109 νεκροὶ
692 1037 791 1090 οὐκ
821 1033 1144 1104 ἐγείρονται.
1184 1049 1203 1082 ι
1242 1029 1302 1082 El
1335 1027 1471 1087 ὅλως
1506 1020 1690 1094 νεκροὶ
1732 1019 1832 1071 οὐκ

257 1135 594 1202 ἐγείρονται,
630 1126 684 1180 τί
721 1128 814 1180 καὶ
850 1123 1200 1195 βαπτίζονται
1247 1119 1335 1172 ἵνα
1366 1113 1707 1176 ἀναστῶσιν;
1732 1109 1832 1161 αὐ-

256 1227 356 1289 τὸς
404 1224 464 1276 δὲ
501 1217 1069 1289 ἐπιπληκτικώτερον,
1102 1230 1120 1265 ι
1170 1211 1344 1281 ’Υπὲρ
1406 1208 1513 1262 τῶν
1543 1203 1775 1274 νεκρῶν,
1809 1219 1829 1252 ι

259 1318 455 1390 φησὶν,
486 1310 620 1380 οἷον,
647 1313 754 1376 Οὓς
811 1311 967 1381 ὑμεῖς
995 1307 1085 1361 διὰ
1105 1306 1203 1376 τῆς
1247 1304 1382 1366 ιδίας
1421 1300 1607 1390 δόξης,
1634 1296 1836 1390 ἀϊδίους

262 1385 494 1477 νεκροὺς
521 1405 859 1473 ἀπεφήνατε,
892 1398 1120 1470 νεκροὺς
1147 1395 1225 1460 δὲ,
1258 1392 1353 1446 καὶ⁸
1377 1393 1501 1454 τοὺς
1530 1389 1724 1450 ἄλλους
1744 1385 1837 1438 καὶ

261 1499 516 1563 ἐαυτοὺς,
559 1498 676 1554 καὶ,
702 1494 931 1565 νεκροὺς
985 1489 1238 1552 αἰωνίους
1294 1486 1726 1557 ἀποφηνάμενοι,
1784 1477 1836 1532 τί

265 1590 597 1664 βαπτίζεσθε
627 1588 768 1660 ὑπὲρ
789 1587 965 1658 ὑμῶν,
990 1585 1098 1639 τῶν
1126 1584 1320 1656 μήκετι
1362 1580 1484 1636 καθ’
1532 1579 1676 1647 ὑμᾶς
1705 1576 1838 1628 ἀνα-

265 1682 638 1756 στησομένων,
669 1679 786 1734 ἀλλ’
813 1679 899 1732 ἀεὶ
933 1676 1142 1747 νεκρῶν
1173 1675 1484 1746 ἐσομένων;
1527 1669 1648 1723 Ἐπὶ
1667 1667 1836 1720 ἄλλων

260 1775 324 1830 δὲ
376 1756 680 1846 προσώπων
711 1770 941 1842 προάγει
966 1769 1056 1822 τὸν
1091 1766 1268 1836 λόγον,
1297 1765 1388 1818 καὶ
1414 1764 1534 1833 οὐχὶ
1558 1757 1838 1814 ἐπάύτῶν

267 1866 517 1929 ἐκείνων,
543 1865 631 1918 ἵνα
657 1862 734 1934 μὴ
762 1861 925 1915 πλέον
947 1857 1354 1928 καθαψάμενος,
1375 1857 1455 1918 είς
1471 1854 1730 1906 ἀπόνοιαν
1747 1853 1836 1902 ἐκ.

265 1957 588 2027 καλέσηται.
627 1973 646 2008 ι
681 1955 746 2008 Τί
777 1954 871 2008 καὶ
914 1955 1078 2023 ἡμεῖς
1107 1948 1529 2017 κινδυνεύομεν;
1565 1964 1584 1998 ι
1607 1943 1836 2006 Είὸλως,

1948 1029 2019 1067 no
2093 1013 2296 1068 mortui
2373 1028 2484 1068 non
2539 1022 2854 1082 resurgunt.
2893 1031 2912 1064 ι
2944 1013 3001 1068 Si
3038 1013 3238 1067 mortui
3272 1011 3498 1066 omnino

1937 1119 2045 1159 non
2077 1109 2410 1171 excitantur,
2434 1120 2605 1175 quare
2633 1107 2793 1159 etiam
2847 1106 3195 1174 baptizantur
3221 1113 3278 1158 ut
3341 1119 3498 1158 resu-

1938 1195 2248 1264 scitenturgi
2281 1195 2403 1265 ipse
2427 1202 2611 1249 tamen
2640 1195 2832 1263 majori
2857 1209 2981 1250 cum
3015 1196 3386 1264 increpatione
3412 1194 3499 1247 di—

1939 1287 2050 1340 cit:
2086 1304 2105 1338 ι
2143 1285 2251 1340 Pro
2297 1287 2556 1352 mortuis,
2594 1305 2613 1338 ι
2655 1287 2756 1341 hoc
2807 1296 2912 1353 est,
2967 1302 3105 1356 quos
3151 1301 3247 1340 vos
3284 1287 3501 1354 pr0pria

1937 1379 2194 1450 opinione
2213 1387 2480 1448 perpetuo
2513 1386 2760 1433 mortuos
2788 1379 3038 1434 asseritis
3074 1396 3088 1431 :
3132 1386 3380 1432 mortuos
3406 1390 3501 1431 ve-

1939 1487 2003 1527 ro
2050 1482 2101 1526 et
2125 1472 2263 1528 alios
2285 1479 2339 1526 et
2365 1472 2619 1542 vosipsos
2648 1474 3023 1533 enuntiantes,
3053 1479 3320 1540 perpetuo
3379 1485 3503 1524 esse

1941 1572 2208 1620 mortuos.
2265 1565 2376 1619 Cur
2425 1581 2526 1632 pro
2553 1565 2707 1620 vobis
2756 1564 3134 1634 baptizamini,
3171 1578 3293 1616 cum
3349 1563 3504 1631 juxta

1941 1668 2183 1714 vestram
2239 1659 2566 1714 sententiam
2619 1671 2902 1726 nunquam
2956 1656 3081 1710 sitis
3116 1653 3504 1718 resurrecturi,

1943 1751 2037 1806 sed
2082 1750 2283 1804 mortui
2318 1765 2534 1819 semper
2558 1748 2772 1802 futuri?
2815 1747 2930 1801 Sub
2957 1747 3078 1800 aliis
3109 1754 3289 1798 autem
3320 1758 3510 1812 perso-

1870 1812 1915 1870 Β
1945 1844 2030 1898 nis
2083 1843 2308 1897 deducit
2342 1857 2676 1906 sermonem,
2712 1848 2766 1895 et
2800 1855 2910 1895 non
2942 1840 3044 1894 sub
3079 1839 3189 1892 illis
3240 1837 3400 1906 ipsis,
3445 1852 3510 1888 ne

1943 1936 2110 1990 nimis
2141 1936 2340 1989 acriter
2396 1951 2491 1990 eos
2515 1935 2814 2004 obiurgans
2868 1939 3127 2003 provocet
3157 1946 3256 1986 eos
3291 1930 3358 1985 ad
3413 1929 3511 1984 de-

266 2023 784 2124 qzqa‘tv,'&vdtctaatg
816 2046 916 2099 οὐκ
950 2044 1087 2108 ἐστι,
1118 2040 1264 2097 διατί
1292 2041 1449 2110 ἡμεῖς
1472 2038 1522 2090 οί
1553 2035 1842 2091 ἀπόστολοι

1956 2027 2336 2096 sperationem.
2362 2044 2380 2078 ι
2429 2026 2570 2092 Quid
2609 2037 2663 2079 et
2683 2041 2784 2079 nos
2815 2024 3197 2094 periclitamur
3223 2023 3373 2078 omni
3413 2023 3512 2074 ho-

265 2146 359 2198 ἀεὶ
390 2145 448 2196 ἐν
468 2143 732 2205 κινδύνοις
752 2140 950 2210 ἐσμέν;
981 2136 1137 2191 τοῦτο
1152 2135 1320 2203 λέγει,
1353 2133 1480 2187 καθ’
1498 2130 1749 2204 ἡμέραν,
1781 2126 1842 2180 τὸ

266 2237 386 2291 ἀεί.
419 2233 668 2304 Μεγίστη
697 2233 754 2287 δέ
807 2234 906 2302 τῆς
943 2231 1287 2292 ἀναστάσεως
1317 2224 1613 2289 ἀπόδειξις,
1660 2223 1718 2275 τὸ
1750 2221 1845 2274 καὶ

265 2328 398 2390 τοὺς
427 2327 756 2387 ἀποστόλους
786 2324 1035 2393 ὁρᾶσθαι,
1061 2322 1222 2392 μέχρι
1253 2319 1485 2374 θανάτου
1508 2313 1845 2370 κινδυνεύον-

264 2436 395 2482 τας.
439 2438 457 2470 ι
506 2418 643 2472 Καθ’
700 2417 916 2488 ἡμέραν
976 2414 1328 2484 ἀποθνήσκω.
1367 2430 1387 2465 ι
1428 2411 1505 2481 Τῇ
1538 2406 1844 2480 προθυμίᾳ.

269 2512 370 2564 καὶ
407 2510 484 2581 τῷ
516 2509 650 2582 πρὸς
682 2510 842 2563 αὐτὸν
872 2508 1103 2576 ἑτοίμως
1132 2505 1297 2574 ἔχειν.
1335 2504 1404 2556 Ἣ
1432 2504 1556 2556 ὅσον
1577 2503 1698 2563 ταῖς
1727 2502 1846 2552 ἐπι-

270 2604 472 2672 φοραῖς
498 2601 604 2654 τῶν
630 2599 860 2670 θλίψεων
884 2600 972 2652 καὶ
1008 2595 1350 2664 πειρασμῶν,
1378 2594 1472 2646 καὶ
1499 2595 1566 2663 τῇ
1599 2591 1847 2661 καθημε-

271 2697 402 2765 ρινῇ
428 2695 600 2748 ἐλπίδι
626 2693 720 2747 τοῦ
747 2693 998 2746 θανάτου.
1033 2707 1052 2741 ι
1091 2689 1175 2759 Νὴ
1209 2688 1304 2757 τὴν
1334 2684 1606 2756 ὑμετέραν
1636 2683 1845 2754 καύχηο

276 2802 388 2838 σιν.
432 2803 450 2836 ι
478 2813 546 2827 -
573 2781 770 2855 [ΦΩ’1“.]
804 2783 872 2834 Ἦ
899 2780 1092 2850 ὄμνυσι
1121 2777 1314 2845 λέγων,
1332 2777 1426 2830 Μὰ
1450 2775 1547 2845 τὴν
1576 2774 1848 2843 ὑμετέραν

272 2878 566 2948 καύχησιν,
596 2875 769 2946 ἢ,Διὰ
800 2875 899 2944 τὴν
923 2872 1192 2942 ὑμετέραν
1222 2869 1486 2939 καύχησιν
1500 2866 1848 2935 ἀποθνήσκω,

273 2971 429 3036 λέγει
454 2970 507 3022 δὲ
535 2969 632 3042 τὴν
661 2967 840 3021 αὐτῶν
862 2965 1145 3037 προκοπήν
1169 2975 1188 2994 °'
1211 2961 1480 3032 καύχησις
1507 2959 1615 3030 γὰρ
1643 2957 1720 3028 τῷ
1769 2958 1849 3010 δι-

267 3061 533 3132 δασκάλῳ
557 3061 589 3130 ἡ
627 3059 731 3112 τῶν
768 3057 1025 3130 μαθητῶν
1064 3055 1322 3116 ἐπίδοσις.
1352 3073 1370 3106 ι
1388 3053 1611 3122 Ἦνέχω
1634 3052 1692 3101 ἐν
1711 3051 1847 3119 Χρι·

1946 2118 2046 2172 ra?
2081 2136 2099 2169 ι
2142 2118 2200 2173 Si
2234 2119 2570 2172 resurrectio
2598 2118 2825 2172 omnino
2859 2131 2966 2170 non
3021 2116 3148 2179 erit,
3178 2114 3375 2183 inq-uir,
3411 2127 3511 2166 cur

1948 2225 2050 2264 nos
2100 2210 2332 2280 apostoli
2367 2225 2582 2279 semper
2635 2211 2688 2263 in
2717 2209 2974 2278 periculis
3012 2205 3344 2262 versamur?
3375 2205 3509 2258 Nam

1949 2299 2073 2353 καθ’
2104 2301 2318 2370 ἡμέραν
2368 2301 2642 2370 signiﬁcat
2669 2300 2776 2364 ἀεὶ,
2809 2301 2913 2353 hoc
2943 2307 3048 2362 est,
3087 2313 3308 2366 semper.
3342 2296 3514 2350 Maxi-
3560 2353 3562 2358 ,

1949 2405 2035 2444 ma
2067 2405 2197 2445 vero
2230 2391 2654 2446 resurrectionis
2708 2399 2826 2446 erat
2878 2390 3137 2452 assertio,
3191 2389 3515 2458 conspicere

1949 2487 2228 2551 apostolos
2254 2485 2320 2538 ad
2348 2494 2578 2539 mortem
2613 2497 2788 2552 usque
2819 2484 2872 2536 in
2903 2481 3168 2551 periculis
3203 2492 3512 2535 versantes.

1955 2593 1973 2626 ι
2008 2575 2068 2629 ln
2116 2576 2232 2630 dies
2268 2575 2496 2639 morior,
2543 2593 2562 2627 ι
2617 2573 3049 2645 promptitudine
3095 2582 3148 2626 et
3195 2581 3387 2642 parato
3444 2572 3513 2625 ad

1952 2672 2181 2719 mortem
2214 2665 2434 2732 animo;
2466 2666 2549 2720 vel
2585 2673 2851 2736 quantum
2883 2664 2949 2718 ad
2973 2664 3157 2718 illatas
3188 2662 3513 2717 aﬂlicdones

1952 2769 2005 2810 et
2040 2759 2395 2822 tentationes,
2452 2773 2516 2812 ac
2554 2757 2876 2827 quotidiana
2922 2755 3116 2810 mortis
3145 2754 3517 2824 eaSpectatio—

1955 2865 2072 2904 nc.(
2097 2850 2198 2903 Per
2220 2860 2457 2905 vestram
2498 2850 2894 2919 gloriationem.
2911 2841 3136 2901 ι--Ἀιιῑ
3156 2848 3329 2916 jurat,
3357 2846 3516 2916 quasi

1952 2940 2180 3002 diceret,
2208 2941 2302 3011 μά,
2329 2941 2381 2993 id
2413 2948 2494 2994 est
2535 2954 2629 3008 per
2658 2949 2894 2993 vestram
2925 2937 3308 3008 gloriationem
3347 2953 3361 2989 :
3394 2943 3514 2998 aut,

1953 3041 2176 3103 propter
2209 3040 2444 3086 vestram
2490 3031 2868 3101 gloriationem
2909 3030 3024 3085 sive
3055 3043 3218 3100 quam
3269 3029 3334 3083 de
3362 3028 3520 3083 vobis

277 3151 393 3221 στῷ
461 3122 660 3220 Ἰησοῦ.
727 3122 1024 3218 ’,Ἐπειδὴ
1094 3145 1233 3215 μέγα
1284 3140 1434 3207 εἶπε,
1491 3142 1569 3210 τῷ
1633 3137 1852 3212 Χριστῷ

1959 3125 2154 3188 habeo,
2176 3125 2401 3178 morior.
2437 3123 2578 3177 Dicit
2602 3133 2781 3178 autem
2822 3124 3066 3193 ipsorum
3098 3122 3413 3177 felicitatem
3457 3135 3522 3175 ac

274 3241 431 3312 αὐτῷ
463 3241 767 3311 ἀνατίθησι.
799 3241 897 3293 Διά
918 3239 1016 3310 τὴν
1049 3235 1334 3308 προκοπὴν
1361 3230 1532 3302 ὑμῶν,
1573 3232 1758 3300 φησὶν,
1787 3231 1854 3301 ἣν

277 3335 392 3404 ἔχω
422 3335 507 3387 διά
533 3333 708 3400 Ἰησοῦ
735 3330 995 3401 Χριστοῦ,
1028 3349 1044 3380 ι
1073 3331 1133 3380 Εἰ
1152 3326 1290 3380 κατά
1320 3324 1603 3394 ἄνθρωπον
1635 3323 1854 3392 ἐθηριο-

283 3427 740 3497 μάχησα.ι“’οσον
755 3421 880 3498 ἧκε,
906 3424 1090 3492 φησιν,
1109 3423 1188 3482 είς
1219 3416 1556 3488 ἀνθρώπους,
1589 3414 1700 3482 ἐγὼ
1725 3413 1853 3484 ἐθη-

281 3520 613 3591 ριομάχησα,
638 3518 759 3571 ἀντὶ
778 3516 893 3581 τοῦ,
914 3515 1082 3567 Ὅσον
1124 3508 1190 3582 ἦν
1233 3527 1321 3580 μοι
1354 3508 1600 3561 δυνατόν.
1627 3505 1788 3558 Ἀλλά
1803 3503 1855 3556 τί

276 3612 478 3667 τούτου
517 3629 605 3680 μοι
641 3610 851 3678 διρελος,
885 3593 1227 3665 ἀναστάσεως
1258 3601 1331 3672 μὴ
1355 3598 1640 3670 οῠσηςςἮ
1659 3595 1850 3658 οὕτως’

285 3705 353 3757 Εἰ
387 3704 461 3772 μὴ
489 3703 576 3756 διὰ
603 3703 702 3772 τὴν
722 3701 987 3770 ἐσομένην
1014 3697 1202 3750 ἐλπίδα
1223 3696 1316 3747 καὶ
1347 3694 1614 3746 ἀντίδοσιν
1645 3688 1857 3758 ἐθηριοο

288 3794 536 3864 μάχησα,
561 3793 694 3844 ἀλλὰ
721 3790 812 3844 διὰ
837 3790 993 3853 δόξαν
1041 3785 1410 3858 ἀνθρωπίνην,
1437 3782 1489 3835 τί
1530 3781 1854 3848 ὠφέλημαις

283 3887 707 3958 Θηριομαχῆσαι
755 3885 812 3938 δὲ
863 3882 1036 3945 καλεῖ,
1082 3881 1142 3934 τὸ
1177 3879 1314 3949 πρὸς
1365 3875 1649 3938 Ἰουδαίους
1692 3871 1855 3954 ἔχειν,

289 3982 386 4034 καὶ
428 3978 564 4048 πρὸς
597 3979 908 4047 Δημήτριον
941 3975 1033 4027 τὸν
1061 3970 1463 4043 ἀργυροκόπον.
1499 3968 1562 4020 Τί
1585 3966 1692 4038 γὰρ
1712 3958 1859 4018 οὗτοι

289 4073 495 4143 θηρίων
522 4071 802 4140 διέφερονς
839 4087 856 4120 ι
909 4068 970 4120 El
1007 4066 1192 4136 νεκροὶ
1225 4065 1324 4117 οὐκ
1370 4063 1698 4131 ἐγείρονται.
1741 4077 1759 4109 ι
1798 4058 1860 4110 El

288 4167 477 4237 νεκροὶ
521 4165 622 4217 οὐκ
666 4164 989 4232 ἐγείρονται,
1015 4158 1138 4211 οὐδὲ
1172 4154 1439 4216 ἀντίδοσίς
1469 4155 1618 4206 ἐστιν
1642 4148 1860 4218 ἀγαθῶν

289 4262 389 4314 καὶ
416 4258 620 4311 κακῶν.
649 4256 852 4308 Τούτου
885 4253 940 4306 δὲ
972 4251 1048 4322 μὴ
1075 4251 1245 4314 ὃντος,
1268 4250 1463 4317 φαγεῖν
1491 4246 1570 4299 δεῖ
1596 4245 1692 4298 καὶ
1717 4244 1861 4296 πιεῖν

294 4352 402 4420 πρὸ
444 4350 534 4403 τοῦ
593 4347 904 4409 ἀποθανεῖν,
941 4345 1017 4406 ὡς
1074 4341 1277 4395 τούτων
1322 4339 1496 4410 μόνων
1535 4337 1666 4406 παρ’
1707 4333 1863 4404 ἡμῶν

293 4443 754 4514 κερδαινομένων.
821 4434 991 4491 Τοῦτο
1046 4434 1104 4487 δέ
1164 4435 1314 4504 ῥῆμα
1341 4427 1731 4498 κωμῳδοῦντος
1765 4424 1862 4495 τὴν

1958 3218 2357 3288 promotionem
2391 3215 2686 3287 :gloriatio
2709 3215 2856 3270 enim
2891 3223 2975 3270 est
3000 3213 3321 3283 praeceptori
3353 3211 3520 3266 disci-

1960 3309 2211 3380 pulorum
2267 3309 2684 3363 incrementum.
2718 3325 2738 3359 r
2771 3305 2943 3372 Quam
2999 3304 3172 3359 habeo
3215 3305 3269 3359 in
3295 3303 3520 3359 Christo

1953 3401 2103 3457 Jesu.
2144 3420 2162 3452 ι
2201 3400 2467 3466 Quoniam
2517 3416 2628 3456 rem
2670 3413 2920 3470 magnam
2979 3398 3136 3462 dixit,
3179 3396 3282 3466 ipsi
3305 3395 3521 3450 Christo

1956 3511 2074 3551 eam
2104 3496 2375 3558 attribuit,
2413 3504 2635 3565 propter
2667 3493 2862 3556 .vestri,
2897 3491 3094 3561 inquit,
3119 3489 3520 3560 promotionem

1956 3605 2120 3658 quam
2153 3589 2330 3643 habeo
2358 3602 2453 3657 per
2499 3585 2685 3642 Jesum
2719 3585 3020 3640 Christum.
3052 3601 3071 3634 ι
3111 3583 3170 3636 Si
3216 3580 3518 3637 secundum

1960 3681 2233 3736 hominem
2265 3695 2387 3734 cum
2442 3678 2577 3733 feris
2608 3677 2938 3746 depugnavi.
2983 3694 3002 3727 ι
3039 3673 3195 3740 Quod
3223 3673 3290 3727 ad
3343 3672 3521 3725 homi-

1959 3789 2078 3835 nes,
2115 3772 2313 3840 inquit,
2363 3770 2575 3834 attinet,
2619 3782 2720 3838 ego
2755 3783 2881 3822 cum
2917 3765 3050 3821 feris
3099 3765 3432 3835 depugnavi,
3469 3761 3523 3815 id

1959 3875 2063 3932 est,
2093 3875 2359 3936 quantum
2419 3863 2551 3916 mihi
2577 3869 2695 3916 erat
2759 3860 3047 3930 possibile,
3082 3859 3176 3914 sed
3219 3873 3342 3925 quas
3389 3854 3522 3909 mihi

1960 3956 2086 4010 inde
2116 3956 2346 4017 utilitas,
2375 3953 2420 4005 si
2449 3966 2561 4006 non
2613 3951 2683 4006 sit
2731 3949 3108 4006 resurrectio?
3134 3948 3243 4003 Aut
3274 3949 3376 4002 hoc
3409 3965 3525 4004 mo.

1961 4048 2069 4101 do:
2105 4045 2160 4099 Si
2185 4059 2293 4098 non
2315 4053 2537 4113 propter
2566 4039 2803 4094 futuram
2834 4055 2984 4109 spem
3035 4047 3087 4094 et
3109 4039 3526 4095 retributionem

1962 4154 2085 4194 cum
2134 4139 2268 4192 feris
2304 4135 2630 4206 depugnavi,
2681 4133 2774 4188 sed
2823 4134 2894 4189 ob
2934 4133 3229 4187 humanam
3263 4133 3522 4202 gloriam,

1964 4229 2096 4301 quid
2128 4228 2261 4282 mihi
2296 4223 2738 4297 profuitH’ocat
2768 4232 2949 4279 autem
2987 4237 3108 4277 cum
3153 4222 3285 4278 feris
3318 4239 3529 4294 pugna-

1966 4337 2045 4387 re,
2095 4318 2525 4375 controversiam
2580 4332 2742 4387 quam
2793 4316 2981 4371 habuit
3034 4331 3162 4368 cum
3228 4313 3429 4370 Judaeis
3475 4325 3531 4372 et

1967 4430 2091 4468 cum
2143 4413 2420 4466 Demetrio
2449 4410 2605 4465 fabro
2633 4409 2964 4478 argentario.
2985 4410 3261 4473 Quantum
3296 4407 3441 4462 enim
3471 4408 3528 4462 hi

296 4487 753 4514 "'r"'"'r'"—'-
832 4487 983 4491 -νην
1164 4487 1175 4504 ι
1222 4487 1252 4503 ι.
1429 4487 1441 4496 .
1486 4487 1496 4498 .
1715 4487 1721 4488 γ
1820 4487 1831 4495 .

292 4540 504 4597 ἄνοιαν,
537 4534 643 4589 τῶν
674 4532 747 4602 μὴ
776 4530 1042 4596 λεγόντων
1076 4524 1172 4594 τὴν
1211 4523 1525 4576 ἀνάστασιν.
1565 4537 1583 4569 ‹
1611 4515 1702 4586 Μὴ
1729 4516 1852 4569 πλα·

1971 4519 2000 4558 a
2029 4504 2161 4558 feris
2191 4500 2516 4556 diﬂerebant
2539 4501 2608 4564 ⁸³,
2643 4498 2807 4569 569
2839 4515 2856 4549 ι
2886 4497 2942 4550 Si
2980 4497 3180 4550 mortui
3209 4511 3317 4550 non
3345 4510 3530 4549 resur-

293 4625 480 4679 ν-Ξτθε.
520 4644 538 4675 ι
605 4652 672 4662 --
716 4617 910 4692 [ΦΩΤ.]
980 4614 1340 4679 Ἀπαλλαγεὶς
1394 4608 1500 4662 τῶν
1547 4608 1627 4670 είς
1666 4607 1865 4692 ἄτοπον

293 4713 632 4782 ἀπαγωγῶν,
683 4713 760 4771 εἰς
805 4707 1126 4779 παραίνεσιν
1185 4699 1371 4774 ἦλθεν,
1428 4699 1611 4769 ἠρέμα
1649 4698 1744 4750 καὶ
1791 4684 1867 4760 ὥς

280 4809 542 4877 ’ἀνοήτων
584 4802 928 4874 κατηγορῶν.
986 4799 1158 4851 Τοῦτο
1209 4795 1318 4863 γὰρ
1395 4792 1476 4857 τὸ,
1530 4807 1548 4841 ι
1591 4788 1682 4859 Μὴ
1729 4788 1867 4842 πλα-

292 4901 487 4965 νάσθε,
528 4917 546 4950 ›
577 4897 745 4968 δηλοῖ.
806 4913 824 4945 ι
880 4892 1199 4960 Φθείρουσιν
1241 4886 1344 4955 ηθη
1393 4881 1606 4955 χρηστά
1658 4879 1864 4950 ὁμιλίαι

296 4995 490 5050 κακαί.
529 5011 548 5046 ι
589 4987 875 5058 Λακωνικὴ
905 4988 998 5039 καὶ
1027 4983 1234 5052 ἀρχαία
1255 4977 1544 5047 παροιμία.
1580 4974 1870 5043 Μέμνηται

295 5086 507 5154 ταύτης
539 5082 631 5135 καὶ
667 5079 913 5140 Ἠσαίας.
968 5075 1107 5146 Φησὶ
1153 5072 1231 5124 δέ·
1269 5068 1392 5121 Ὅτι
1425 5066 1519 5120 καὶ
1561 5065 1630 5117 τὰ
1659 5061 1872 5132 χρηστά

299 5176 433 5246 ἤθη,
459 5175 516 5228 αί
555 5172 797 5241 συνεχεῖς
849 5167 957 5220 τῶν
1005 5163 1192 5219 κακῶν
1229 5159 1433 5231 ὁμιλίαι
1478 5155 1870 5227 διαφθείρουσι.

300 5244 416 5324 Καί
435 5268 543 5337 γάρ
580 5266 730 5337 ῥανὶς
773 5257 1145 5330 ἐνδελεχοῦσα,
1190 5253 1452 5309 κοιλαίνει
1484 5248 1710 5319 πέτραν.
1763 5244 1876 5337 Kal.

297 5364 390 5417 διά
438 5336 632 5413 τούτου
693 5357 749 5410 δὲ
806 5353 1060 5425 παραινεῖ
1109 5349 1311 5412 αὐτοῖς,
1353 5340 1716 5414 ἐκτρέπεσθαι
1763 5336 1866 5406 τῆς

295 5453 522 5522 ὁμιλίας
550 5450 658 5504 τῶν
691 5445 996 5519 μοχθηρῶν,
1048 5444 1142 5497 καί⁷
1175 5440 1250 5512 μὴ
1291 5434 1622 5508 θαρροῦντας
1655 5431 1868 5522 ἑαυτοῖς

297 5520 387 5598 ὅτι
416 5543 476 5596 ού
510 5541 866 5612 βλαϐήσονται
930 5535 1080 5590 αὐτοὶ
1142 5531 1368 5603 χρηστοὶ
1418 5526 1589 5589 ὄντες,
1628 5522 1708 5591 τῷ
1733 5520 1869 5612 πρὸς

299 5611 519 5697 αὐτοὺς
537 5631 823 5702 ἐνδελεχῶς
850 5629 1076 5699 ὁμιλεῖν,
1104 5629 1202 5696 τῆς
1236 5621 1445 5677 ἐκεῖθεν
1484 5616 1661 5686 λύμης
1687 5611 1871 5683 ἡρέμα

404 5817 452 5850 ³³
487 5815 608 5869 Act.
653 5827 795 5880 ινιτ,
844 5811 916 5866 ει
971 5824 1125 5878 seqq.
1204 5803 1391 5859 “15a.
1440 5793 1696 5863 “11,15.

1967 4605 2122 4665 gum.
2159 4611 2176 4646 ι
2211 4593 2268 4647 Si
2308 4591 2508 4645 mortui
2541 4606 2649 4644 non
2683 4589 3047 4652 suscitantur,
3077 4602 3179 4640 nec
3224 4587 3331 4640 erit
3366 4587 3530 4641 retri-

1966 4685 2121 4741 butio
2151 4684 2417 4740 bonorum
2463 4689 2518 4736 et
2562 4680 2829 4733 malorum
2866 4685 3122 4747 :oportet
3150 4676 3313 4730 edere
3341 4688 3397 4730 et
3447 4677 3529 4730 bi-

1967 4778 2095 4835 bere
2151 4776 2468 4846 priusquam
2529 4785 2678 4825 mors
2729 4775 3094 4839 prteoccupet,
3141 4767 3364 4836 quando
3409 4767 3524 4821 base

1967 4870 2082 4926 sola
2133 4865 2533 4922 lucrifacimus.
2593 4861 2706 4916 Hoc
2735 4862 2960 4914 verbum
3008 4867 3094 4913 est
3147 4858 3519 4926 insipientiam

1969 4954 2315 5026 objurgantis
2352 4947 2543 5007 eorum
2587 4948 2682 5018 qui
2716 4948 2908 5001 dicunt
2947 4961 3055 5000 non
3123 4961 3248 5001 esse
3285 4962 3532 5002 resurre-

1973 5052 2237 5104 ctionem.
2283 5064 2301 5097 ι
2348 5044 2426 5098 Ne
2468 5039 2866 5098 seducamini.)
2904 5038 3193 5094 Absolutis
3226 5038 3532 5091 rationibus

1971 5159 2092 5212 quae
2133 5139 2200 5195 ad
2251 5137 2548 5192 absurdum
2607 5133 2967 5196 deducebant,
3005 5129 3152 5185 venit
3182 5129 3250 5183 ad
3280 5129 3535 5182 admoni-

1974 5235 2178 5290 tionem
2216 5247 2230 5284 :
2289 5229 2429 5282 clam
2475 5226 2642 5282 etiam
2678 5231 2941 5293 tanquam
2977 5223 3303 5291 insipientes
3340 5220 3535 5274 redar-

1974 5337 2181 5395 guens;
2235 5333 2360 5372 nam
2427 5317 2528 5370 hoc
2587 5313 2838 5374 indicat;
2881 5328 2900 5363 ι
2941 5309 3314 5378 Corrumpunt
3353 5319 3534 5360 mores

1976 5417 2150 5473 bonos
2203 5408 2484 5466 consortia
2547 5406 2712 5460 mala.
2773 5419 2791 5454 ι
2873 5400 3204 5462 Laconicum
3270 5405 3536 5461 vetusque

1977 5502 2328 5577 proverbium
2385 5503 2490 5554 est.
2556 5492 2730 5562 Hujus
2768 5489 3017 5546 meminit
3051 5497 3106 5543 et
3155 5485 3322 5543 Isaias
3345 5483 3413 5535 “.
3444 5482 3537 5537 Ait

1980 5598 2196 5654 enimet
2221 5594 2337 5664 ipse
2365 5587 2510 5660 quod
2543 5587 2715 5642 bonos
2746 5597 2928 5637 mores
2953 5578 3212 5635 continua
3241 5586 3536 5644 pravorum
