3906 6558
478 371 596 437 ⁵879
1543 361 1940 424 CECUMENII
1972 362 2048 421 TI

2155 360 2263 420 C/E
2305 362 2638 424 EPISCOPI
3574 371 3655 433 880

491 483 791 546 consortia,
822 483 1220 548 corrumpunt;
1261 473 1528 544 siquidem
1585 471 1843 526 continua
1904 477 2048 539 gutta

2161 474 2253 524 καὶ
2285 473 2427 524 κατὰ
2459 474 2652 543 μικρὸν
2680 474 3149 543 ὑποπίμπλασθαι.
3184 477 3254 530 Ἦ
3296 477 3485 548 χρηστὰ
3526 482 3657 552 citet}.

487 586 650 631 earat
714 571 969 641 lapidem.
1004 569 1066 621 lit
1115 575 1402 637 prapterea
1435 562 1765 616 adhortatur
1818 562 1963 630 ipsos
1996 570 2048 613 ut

2169 582 2281 633 μως
2318 564 2493 626 καλεῖ,
2516 565 2582 618 τά
2622 565 3022 637 εὐεξαπάτητα,
3040 567 3214 639 δηλῶν
3243 567 3320 622 δτι
3347 569 3482 623 ἄλλοι
3504 571 3658 636 circa;

485 671 730 724 devitent
760 679 1046 735 pravorum
1093 658 1393 720 consortia,
1432 670 1533 710 nec
1567 655 1667 709 sibi
1711 654 1877 708 lidant
1910 653 2048 720 quod

2166 656 2244 714 εἰς
2268 651 2440 706 ταῦτα
2469 654 2853 724 ὑποσύρουσιν.

487 780 608 815 eum
639 760 764 815 boni
793 758 923 819 sint,
958 752 1090 808 nihil
1124 749 1226 806 sibi
1259 755 1489 818 possunt
1546 758 1830 800 accersere
1895 741 2367 796 damuicootinne
2401 744 2542 812 apud
2577 745 2696 797 illos
2734 744 3134 808 convcrsando,
3159 761 3281 798 cum
3340 745 3455 802 inde
3503 749 3660 804 scnslm

487 875 549 911 ac
626 850 886 922 paulatim
956 843 1195 914 pernicie
1255 841 1604 906 impleantur.
1667 838 1775 890 Aut
1828 835 2039 904 χρηστά
2081 832 2209 902 ἢθη,
2243 833 2294 887 id
2351 845 2454 900 est,
2516 837 2761 904 placidos
2826 852 3007 892 mores
3065 838 3412 893 collaudando
3458 842 3660 910 appellat,

486 948 579 1016 qui
629 941 785 1000 facile
850 939 1036 996 seduci
1090 943 1346 1007 possunt,
1425 932 1742 1004 signiﬁcans
1795 928 1942 999 quod
2013 929 2102 982 alli
2134 929 2282 999 ipsos
2314 929 2378 983 ad
2419 929 2530 984 haec
2564 931 2868 986 retrahunt.

558 1032 890 1101 XV,54—58.
951 1029 1340 1092 Sobriiettote,
1395 1034 1445 1079 ct
1482 1041 1546 1078 ne
1599 1022 1876 1092 peccetis:
1930 1035 2048 1072 nam

2239 1021 2575 1090 Ἐκνήψατε
2608 1022 2846 1088 δικαίως
2861 1021 2956 1076 καὶ
2988 1022 3075 1090 μὴ
3100 1023 3472 1091 ἁμαρτάνετε.
3503 1025 3665 1094 Ἆγνω.

484 1129 877 1204 ignorationem
905 1124 999 1177 Dei
1018 1120 1257 1175 nonnulli
1285 1118 1476 1172 habent
1508 1134 1525 1171 :
1559 1115 1626 1169 ad
1643 1114 1893 1183 pudorem
1914 1113 2048 1166 vobis

2157 1114 2306 1167 σιάν
2333 1115 2441 1183 γὰρ
2461 1113 2609 1167 Θεοῦ
2635 1130 2794 1178 τινες
2821 1113 3056 1180 ἔχουσι.
3082 1115 3234 1180 Πρός
3258 1115 3536 1184 ἐντροπὴν
3559 1121 3666 1188 ὑμῖν

483 1230 687 1294 loquor.
720 1223 785 1273 At
821 1219 953 1271 dicet
987 1213 1183 1285 aliquis
1215 1228 1231 1266 :
1261 1210 1534 1277 Quomodo
1559 1209 1886 1261 suscitantur
1913 1219 2054 1256 mor-

485 1313 607 1367 tui.’
633 1311 732 1366 Cui
769 1320 944 1364 autent
978 1303 1187 1374 corpori
1220 1303 1427 1356 veniunt
1453 1303 1476 1356 ?
1504 1299 1677 1353 Stulte
1705 1307 1780 1360 tu,
1806 1295 1942 1368 quod
1972 1310 2055 1348 se-

483 1405 655 1456 minas
681 1417 784 1455 non
833 1398 1149 1467 viviﬁcatur,
1197 1394 1302 1447 nisi
1326 1402 1590 1444 mortuum
1633 1379 1816 1457 fuerit.
1853 1385 1920 1439 Et
1956 1385 2052 1438 hoc

479 1501 618 1567 quod
645 1493 896 1553 seminas,
925 1507 1024 1542 non
1044 1504 1230 1557 corpus
1261 1484 1397 1555 quod
1430 1491 1676 1537 nascetur
1692 1480 1940 1542 seminas,
1963 1475 2051 1531 sed

486 1590 682 1643 nudum
710 1597 955 1654 granum,
985 1587 1111 1648 puta
1148 1577 1311 1630 tritici
1353 1583 1442 1627 aut
1477 1574 1708 1640 alicujus
1737 1587 1764 1624 c
1797 1568 2002 1623 caeteris
2030 1582 2049 1620 :

481 1679 573 1732 sed
605 1677 744 1729 Deus
767 1674 859 1725 dat
888 1671 969 1724 illi
1001 1685 1187 1737 corpus
1211 1675 1267 1720 ut
1295 1665 1481 1731 voluit,
1501 1675 1546 1717 et
1580 1663 1862 1731 unicuique
1891 1658 2044 1713 semi-

485 1786 610 1824 num
646 1784 800 1822 suum
829 1780 1040 1832 corpus.

559 1882 578 1914 ι
626 1859 808 1914 Sobrii
859 1865 1053 1912 estote.
1095 1874 1111 1905 ι
1162 1852 1444 1921 Tanquam
1493 1848 1558 1903 ad
1589 1846 1776 1902 ebrios
1827 1842 2050 1899 dicitur.

491 1974 508 2004 τ
548 1953 724 2018 Juste,
765 1969 784 2003 ι
813 1965 966 2010 vero.
1026 1947 1079 2002 id
1111 1957 1194 2002 est
1228 1947 1454 2000 utiliter.
1485 1940 1769 2009 Contingit
1827 1938 1971 1992 enim
2000 1941 2054 1991 et

487 2046 694 2117 injuste
726 2043 971 2100 sobrium
995 2055 1135 2102 esse,
1171 2049 1298 2107 puta
1331 2037 1396 2089 ad
1423 2033 1648 2088 malum.
1683 2050 1700 2083 ι
1736 2031 1801 2085 Et
1829 2044 1896 2083 ne
1923 2041 2052 2098 pee-

479 2139 644 2193 cetis.
693 2155 712 2188 ι
758 2133 894 2188 Nam
933 2133 1064 2186 hinc
1099 2129 1267 2184 etiam
1311 2126 1563 2198 provenit
1605 2134 1663 2178 ut
1691 2120 2052 2176 resurrectio-

474 2241 608 2280 nem
673 2241 782 2278 non
815 2221 1076 2278 credatis.
1135 2219 1418 2288 Siquidem
1476 2215 1568 2285 qui
1617 2213 1885 2266 malorum
1950 2208 2054 2264 sibi

471 2316 697 2370 conscii
739 2322 890 2375 sunt,
951 2327 1059 2365 non
1097 2310 1331 2364 credunt
1385 2322 1508 2362 esse
1568 2303 2052 2363 resurrectionem,

471 2408 630 2478 quod
657 2407 798 2460 tales
831 2406 954 2459 illos
987 2403 1143 2471 sequi
1174 2407 1423 2470 oporteat
1447 2398 1842 2452 retributiones
1871 2394 2053 2464 qualia

474 2515 612 2558 sunt
632 2515 694 2554 ea
714 2502 767 2553 in
800 2499 998 2568 quibus
1019 2497 1391 2564 deliquerunt.
1416 2491 1740 2560 Propterea,
1769 2491 1966 2558 inquit,
1987 2504 2055 2543 ne

475 2590 820 2661 peccetis,ut
854 2585 1314 2640 resurrectionem
1347 2581 1608 2637 credatis.
1651 2579 2050 2648 Ignorantiam,

483 2686 579 2745 ait,
601 2681 692 2736 Dei
723 2679 978 2734 babentii
1005 2677 1099 2747 qui
1131 2692 1236 2732 non
1265 2674 1496 2729 credunt
1528 2671 1998 2726 resurrectionem
2037 2686 2050 2723 :

487 2786 597 2825 non
649 2770 794 2823 enim
849 2775 1192 2837 cognoscunt
1253 2764 1346 2818 Dei
1414 2765 1734 2833 potentiam.
1766 2761 1882 2816 Non
1919 2760 2056 2814 dixit

483 2871 690 2919 autem.
751 2858 994 2922 Habetis,
1052 2859 1221 2920 sed,«
1266 2855 1520 2910 Nonnulli
1583 2855 1805 2917 habent,
1863 2870 1881 2903 ι
1953 2850 2056 2904 hac

485 2952 728 3007 dictione
761 2951 960 3004 tollens
977 2946 1411 3002 accusationem.
1451 2963 1467 2996 ι
1503 2945 1581 2998 Ad
1605 2944 1865 3015 pudorem
1897 2943 2054 2998 vobis

478 3049 699 3117 loquor.
743 3063 762 3096 ι
801 3042 1076 3108 Quoniam
1121 3039 1178 3093 in
1218 3037 1409 3092 multis
1449 3036 1614 3106 570
1672 3052 1768 3092 eos
1798 3037 2056 3106 obiurga-

482 3147 657 3203 verat,
697 3136 1015 3189 consolatur
1044 3130 1214 3200 ipsos.
1247 3127 1327 3181 Ad
1349 3127 1631 3197 pudorem,
1669 3127 1863 3196 inquit,
1897 3126 2052 3182 vobis

473 3231 677 3300 loquor
706 3241 720 3285 :
755 3241 862 3280 non
905 3225 1051 3294 quod
1085 3238 1182 3276 vos
1211 3222 1533 3290 despiciam,
1566 3221 1660 3274 sed
1703 3219 1846 3288 quod
1883 3217 2054 3288 pude-

481 3322 615 3378 iacti
668 3319 1106 3374 incredulitatem
1151 3315 1216 3369 de
1285 3314 1690 3368 resurrectione
1757 3311 2050 3379 abjiciatis.

487 3433 508 3466 ι
543 3415 613 3470 At
641 3413 786 3467 dicet
834 3410 1058 3481 aliquis.
1093 3426 1111 3458 ι
1151 3407 1271 3462 Non
1305 3409 1411 3463 ait:
1457 3425 1476 3458 ι
1527 3405 1636 3460 Vos
1691 3406 1897 3469 dicitis,
1937 3423 1956 3458 ι
1993 3411 2052 3457 ut

485 3519 670 3560 sermo
693 3502 898 3558 invidia
938 3511 1145 3561 careat,
1172 3508 1432 3567 tanquam
1463 3498 1552 3551 alii
1597 3505 1781 3551 essent
1821 3497 1912 3565 qui
1944 3511 2050 3550 non

481 3596 796 3650 crederent.
837 3591 1040 3646 Deinde
1063 3607 1182 3659 quae
1202 3589 1282 3644 eis
1305 3590 1474 3643 dubia
1511 3587 1858 3651 videbantur,
1891 3587 2049 3656 quasi

482 3689 628 3744 facta
658 3685 968 3754 obiectione
1001 3683 1185 3737 soltit.
1242 3681 1574 3735 Dubitabant
1613 3681 1758 3734 enim
1812 3695 2048 3750 quonam

484 3778 650 3834 modo
670 3776 1038 3832 suseitaretur
1063 3788 1286 3843 corpus,
1321 3771 1468 3842 quod
1497 3771 1663 3827 semel
1714 3771 2050 3825 dissolutum

481 3876 602 3924 erat
641 3879 658 3925 :
698 3875 750 3922 et
797 3865 946 3935 quali
1001 3878 1232 3932 corpore
1283 3864 1672 3926 suscitaretur,
1725 3871 1906 3916 utrum
1948 3862 2051 3917 hoc

482 3958 697 4021 eodem,
733 3971 800 4011 an
825 3956 935 4012 alio
996 3955 1258 4026 quodam.
1305 3955 1425 4009 llaec
1463 3955 1645 4024 itaque
1673 3954 1784 4009 duo
1813 3954 1895 4008 eis
1930 3953 2049 4008 dis-

475 4051 645 4106 solvit
675 4065 770 4118 per
798 4049 1105 4118 exetnplum
1130 4047 1286 4117 grani
1322 4060 1336 4104 :
1379 4065 1398 4098 ι
1430 4047 1606 4101 Stulte
1631 4065 1650 4099 ι
1682 4049 1725 4099 Λ
1757 4044 2050 4100 manifesto

479 4143 731 4212 exemplo
787 4139 989 4195 format
1021 4141 1348 4195 solutionem
1378 4153 1392 4198 :
1432 4140 1554 4195 ideo
1585 4154 1808 4210 quoque
1849 4139 2048 4194 stultos

481 4243 660 4300 vocat,
699 4242 758 4287 ut
779 4233 875 4302 qui
903 4233 1039 4287 adeo
1068 4231 1362 4286 manifesta
1395 4233 1672 4299 ignorent.
1707 4229 1810 4292 Tu,
1840 4229 2043 4298 inquit,

475 4325 627 4397 quod
651 4324 914 4390 seminas,
947 4324 1040 4392 qui
1069 4324 1448 4393 corruptibilis
1477 4338 1559 4388 es,
1595 4338 1704 4376 non
1738 4323 2049 4376 vivilicatur

2155 1209 2328 1274 λέγω.
2376 1207 2539 1260 Ἀλλ’
2585 1205 2707 1273 ἐρεῖ
2749 1223 2858 1270 τις,
2894 1207 3024 1271 Πῶς
3058 1207 3374 1274 ἐγείρονται
3399 1211 3447 1263 ol
3474 1226 3666 1278 rexpot;

2164 1299 2318 1363 ποίῳ
2357 1296 2424 1350 δὲ
2452 1296 2674 1366 σώματι
2695 1298 3003 1364 ἕρχογται;
3035 1299 3271 1366 Ἀφρον,
3303 1299 3380 1352 σὺ
3406 1299 3434 1353 ὃ
3454 1305 3664 1370 σπείρεις

2158 1391 2229 1443 οὐ
2253 1386 2630 1450 ᾅοοποιεῖται,
2670 1389 2778 1442 ἐὰν
2801 1389 2883 1456 μὴ
2917 1389 3208 1457 ἀποθάνῃ.
3237 1391 3339 1444 Καὶ
3369 1391 3399 1444 ὃ
3429 1397 3663 1461 σπείρεις,

2159 1482 2230 1534 οὑ
2283 1480 2347 1534 τὸ
2387 1480 2558 1548 σῶμα
2611 1481 2677 1534 τὸ
2729 1480 3134 1549 γενησόμενον
3189 1482 3482 1550 σπείρεις,
3541 1487 3663 1542 ἀλλὰ

2158 1572 2392 1643 γυμνὸν
2416 1574 2663 1636 κόκκον,
2695 1577 2746 1626 εί
2777 1574 2968 1642 τύχοι,
2996 1576 3187 1640 σίτου,
3209 1573 3249 1642 ἦ
3280 1592 3432 1641 τινος
3451 1577 3553 1631 τῶν
3578 1584 3666 1633 λοι-

2159 1665 2308 1720 πῶν.
2353 1666 2416 1720 '0
2441 1666 2508 1719 δὲ
2567 1666 2706 1729 Θεὸς
2752 1664 2959 1719 δίδωσι
2994 1664 3165 1736 σῶμα
3207 1667 3395 1733 καθὼς
3434 1668 3665 1740 ἠθέλησε,

2079 1740 2126 1800 Β
2155 1760 2253 1815 καὶ
2288 1758 2524 1822 ἑκάστῳ
2547 1757 2663 1812 τῶν
2690 1757 3046 1826 σπερμάτων
3073 1761 3136 1811 τὸ
3169 1757 3322 1812 lator
3352 1759 3527 1827 σῶμα.

2226 1853 2317 1918 Τὸ,
2377 1849 2628 1920 ὲκνῆψαι.
2701 1849 2775 1913 ὡς
2839 1851 2930 1903 ἐπὶ
2979 1851 3308 1920 μεθυόντων.
3359 1851 3430 1903 Τὸ
3469 1851 3665 1913 δὲ,ιΔι-

2155 1944 2346 2008 καίως,
2387 1961 2406 1994 ι
2441 1942 2604 1995 οἱονεὶ
2657 1940 3061 2011 συμφερόντως.
3102 1941 3223 1994 Ἔνι
3257 1941 3361 2012 γάρ
3405 1941 3489 1994 καὶ
3511 1941 3664 2004 ἀδίκως

2155 2035 2367 2108 νήφειν,
2393 2028 2506 2088 οἷον
2531 2034 2622 2087 ἐπὶ
2651 2033 2825 2101 κακῷ.
2857 2050 2876 2084 ι
2919 2032 3027 2086 Καὶ
3063 2032 3138 2102 μὴ
3162 2033 3513 2102 ἁμαρτάνετε.
3541 2051 3558 2082 ι
3598 2032 3665 2086 Ἐκ

2153 2125 2347 2180 τούτου
2380 2123 2511 2195 γὰρ,
2552 2121 2707 2192 φησι,
2741 2122 2836 2176 καὶ
2881 2122 2945 2192 τῇ
2988 2121 3286 2174 ἀναστάσει
3326 2121 3591 2172 ἀπιστεῖτε.
3618 2118 3663 2170 Ol

2155 2219 2264 2286 γὰρ
2313 2216 2520 2278 ἑαυτοῖς
2582 2213 2728 2267 κακά
2785 2211 3102 2274 συνειδότες,
3142 2212 3204 2264 οὐ
3261 2210 3519 2263 πείθονται
3559 2205 3663 2263 εἶναι

2155 2307 2471 2368 ἀνάστασιν,
2502 2303 2581 2375 τῷ
2633 2299 2742 2358 δέει
2795 2303 2905 2356 τῶν
2935 2301 3202 2374 ἀμοιϐὦν,
3237 2301 3312 2364 ὡς
3342 2294 3426 2353 οἷα
3471 2300 3663 2370 (ip/vperi-

2156 2417 2360 2461 νοντες.
2419 2399 2516 2452 Διά
2568 2397 2746 2463 τοῦτο,
2783 2396 2939 2469 φησι,
2990 2394 3064 2466 μὴ
3122 2393 3478 2465 ἁμαρτάνετε,
3503 2393 3574 2445 ἵνα
3600 2410 3662 2445 m-

2159 2495 2386 2564 στεύητε
2412 2494 2510 2564 τὴν
2535 2477 2856 2547 ἀνάστασιν.
2891 2488 3190 2560 ’Δγνωσίαν
3216 2488 3324 2559 γὰρ
3356 2487 3499 2549 Θεοῦ,
3522 2490 3658 2557 φησιν,

2157 2587 2369 2659 ἔχουσιν
2397 2586 2445 2638 οἱ
2478 2587 2544 2655 τῇ
2606 2581 2899 2638 ἀναστάσει
2929 2579 3310 2643 ἀπιστοῦντες.
3342 2580 3412 2632 Οὐ
3442 2577 3536 2648 γάρ
3556 2580 3660 2630 ἔσεισι

2156 2679 2249 2734 τοῦ
2288 2678 2424 2731 Θεοῦ
2472 2678 2570 2749 τὴν
2611 2674 2862 2745 δύναμιν.
2897 2674 3010 2726 Οὐκ
3035 2668 3156 2726 εἷπε
3204 2673 3284 2737 δὲ,
3320 2670 3518 2741 Ἔχετε,
3547 2669 3658 2731 am.

2163 2791 2181 2824 ι
2217 2771 2373 2833 Τινὲς
2408 2754 2612 2839 ἔχουσι,
2647 2785 2665 2819 ι
2699 2766 2870 2837 ταύτῃ
2897 2768 2966 2836 τῇ
2986 2764 3214 2832 λέξειτδ
3251 2763 3493 2834 ἔγκλημα
3515 2764 3657 2815 ὑποτε-

2161 2864 2446 2935 μνόμενος.
2495 2879 2514 2912 ι
2567 2861 2707 2930 Πρὸς
2748 2858 3013 2930 ἐντροπὴν
3070 2858 3200 2927 ὑμῖν
3253 2857 3416 2926 λέγω.
3455 2853 3659 2924 »Ἐπειδὴ

2157 2955 2328 3008 πολλά
2364 2953 2542 3008 αὐτῶν
2566 2951 2870 3022 καθήψατο,
2895 2949 3300 3021 παραμυθεῖται
3339 2946 3534 3008 αὐτούς.
3560 2948 3658 3015 [1.06;

2158 3047 2430 3118 ἐντροπὴν
2472 3046 2601 3114 ὑμῖν
2645 3043 2818 3110 λέγω,
2875 3043 3058 3112 φησὶν,
3105 3042 3207 3108 οὐχ
3269 3040 3406 3094 ὥστε
3455 3039 3656 3107 ἀτιμάιαι

2157 3139 2322 3208 ὑμᾶς,
2351 3137 2465 3190 ἀλλ’
2493 3135 2634 3188 ὥστε
2655 3133 3042 3205 αἰσχυνθέντας
3073 3132 3378 3202 ἀπορρῖψαι
3397 3130 3452 3183 τὸ
3471 3129 3658 3183 ἀπιστεῖν

2153 3233 2224 3302 τῇ
2255 3229 2570 3282 ἀναστάσει.
2602 3243 2621 3278 ι
2653 3225 2923 3295 Ἀλλ’ὲρεῖ
2952 3242 3054 3287 τις.
3099 3242 3116 3274 ι
3150 3224 3268 3275 Οὐκ
3323 3217 3482 3286 εἶπεν,
3519 3218 3657 3285 Ὑμεῖς

2154 3320 2363 3389 λέγετε,
2420 3321 2507 3373 ἵνα
2562 3318 2729 3380 οὕτως
2776 3315 3080 3385 ἀνεπαχθὴς
3102 3317 3128 3368 ὁ
3159 3313 3321 3383 λόγος
3351 3309 3405 3386 ᾗ,
3434 3311 3500 3374 ὡς
3530 3310 3655 3363 ἀλλων

2152 3411 2543 3468 ἀπιστούντων.
2576 3405 2710 3463 Εἶτα
2742 3408 2834 3462 δύο
2863 3408 3040 3478 ἄπορα
3067 3408 3255 3465 αὐτοῖς
3285 3401 3416 3457 εἶναι
3436 3401 3654 3462 δοκοῦντα,

2153 3507 2228 3570 ὡς
2260 3505 2319 3569 ἐξ
2351 3503 2672 3565 ἀντιθέσεως
2701 3501 2836 3562 λύει.
2885 3497 3261 3570 Ἀμφέϐαλλον
3302 3497 3406 3567 γὰρ
3441 3497 3537 3552 πῶς
3555 3491 3656 3561 tral-

2156 3613 2306 3664 ρεται
2369 3596 2430 3648 τὸ
2473 3594 2620 3658 ἅπαξ
2684 3592 2932 3646 διαλυθὲν
2961 3593 3142 3661 σῶμα,
3198 3590 3296 3644 καὶ
3334 3589 3464 3656 ποίῳ
3497 3585 3654 3653 σώματι

2153 3690 2458 3753 ἀνίσταται,
2498 3688 2672 3756 τούτῳ
2705 3686 2932 3757 ἢέτέρῳ
2967 3685 3094 3737 τινί.
3136 3685 3216 3736 Τὰ
3273 3682 3364 3736 οὖν
3410 3683 3492 3734 δύο
3521 3681 3653 3736 αὐτοῖς

2152 3781 2360 3834 ἐπιλύει
2407 3781 2495 3833 διὰ
2506 3779 2601 3832 τοῦ
2622 3779 3059 3849 παραδείγματος
3074 3776 3166 3829 τοῦ
3190 3775 3650 3842 κόχκουηἋφρον.»

2164 3874 2297 3927 Ἀπὸ
2335 3873 2492 3942 δήλου
2544 3872 2987 3943 παραδείγματος
3039 3872 3277 3924 ποιεῖται
3310 3869 3406 3938 τὴν
3449 3867 3652 3924 ἐπίλυσιν,

2149 3967 2232 4020 διὸ
2259 3966 2356 4022 καὶ
2385 3965 2627 4036 ἄφρονας
2651 3964 2823 4030 καλεῖ,
2851 3963 2926 4023 ὡς
2946 3962 3016 4016 τὰ
3033 3960 3176 4015 οὕτω
3204 3961 3352 4030 σο.φῆ
3374 3957 3650 4026 ἀγνοοῦντας.

2153 4059 2248 4123 Σὺν
2287 4058 2472 4128 φησὶν.
2495 4057 2522 4110 δ
2547 4057 2812 4127 σπείρεις.
2837 4057 2865 4109 ὁ
2892 4053 3148 4125 φθαρτὸς,
3175 4054 3236 4106 οὐ
3258 4053 3564 4118 ζωοποιεῖται
3587 4047 3652 4099 ἐὰν

2155 4152 2232 4222 μὴ
2279 4151 2545 4222 ἀποθάνῃ.
2597 4151 2663 4204 Τί
2713 4147 2806 4202 οὖν
2853 4147 2983 4219 περὶ
3031 4146 3166 4200 Θεοῦ
3213 4144 3573 4217 ἀμφιϐάλλεις
3600 4137 3650 4192 οὔ

2152 4245 2518 4308 ζωοποιεῖται,
2561 4241 2748 4312 φησίν,
2794 4241 2934 4308 Ὅρα
2970 4237 3048 4301 δὲ,
3092 4237 3273 4302 λέξεσι
3326 4237 3574 4307 κέχρηται,
3608 4230 3649 4282 οὐ

2153 4335 2483 4406 σπέρμασιν,
2511 4319 2660 4390 ἁλλά
2673 4333 2920 4403 σώμασιν
2952 4329 3258 4402 ἀρμοδξαις.
3284 4349 3301 4380 ι
3332 4329 3450 4382 Ἐὰν
3471 4326 3532 4396 μὴ
3557 4324 3651 4375 ἀπον

476 4417 587 4473 nisi
623 4423 900 4470 mortuum
937 4415 1133 4480 fuerit;
1176 4413 1310 4484 quid
1351 4429 1484 4484 ergo
1513 4414 1600 4480 ⁸ιΙιι
1638 4413 1746 4468 Deo
1789 4413 2048 4467 ha‘sitas?

2155 4425 2312 4497 θάνῃν
2345 4444 2363 4476 ³
2397 4423 2580 4494 φησιν·
2618 4423 2757 4489 Ὅρα
2789 4421 2904 4482 πῶς
2933 4422 3010 4483 εἷς
3034 4418 3098 4472 τὸ
3127 4419 3366 4472 ἐναντίον
3392 4410 3648 4486 περιέτρεψι

478 4505 600 4565 Non
624 4507 958 4573 viviﬁcatur,
995 4507 1091 4560 ait.
1124 4504 1261 4560 Vide
1291 4514 1473 4560 autem
1506 4506 1676 4576 quod,
1707 4506 2047 4561 dictionibus

473 4604 552 4655 sit
583 4614 737 4666 usus,
769 4615 876 4654 non
898 4613 1022 4668 quae
1049 4597 1382 4663 seminibus,
1409 4598 1504 4653 sed
1545 4614 1668 4669 quae
1717 4600 2048 4668 corporibus

479 4703 621 4763 apta
674 4693 806 4750 sint.
849 4711 867 4744 ι
908 4690 1024 4746 Nisi
1077 4701 1358 4746 mortuum
1401 4691 1587 4746 fuerit.
1657 4710 1676 4742 ›
1743 4691 2047 4748 Considera

477 4801 607 4840 vero
638 4801 751 4856 quo
808 4785 971 4840 modo
1004 4799 1312 4840 sermonem
1345 4786 1400 4839 in
1432 4787 1772 4840 contrarium
1807 4801 2044 4841 conver-

382 4921 385 4924 .
479 4872 568 4925 tit.
597 4869 713 4927 Illis
774 4872 920 4926 enim
963 4872 1192 4927 dubium
1239 4871 1527 4930 videbatur
1561 4889 1673 4943 quo
1722 4883 1883 4943 pacto
1922 4885 2048 4944 post

477 4973 710 5017 mortem
749 4967 1142 5019 excitarentur.
1175 4963 1296 5034 Ipse
1336 4981 1467 5021 vero
1493 4983 1524 5021 e
1556 4967 1800 5030 diverso,
1834 4965 1916 5022 0b
1967 4968 2043 5032 id.

475 5054 681 5124 inquit,
745 5054 1056 5108 excitamur
1101 5056 1364 5123 quoniam
1413 5059 1727 5114 morimur:
1785 5066 2044 5129 tanquam

478 5160 590 5199 non
615 5145 776 5200 detur
805 5145 1008 5214 alioqui
1043 5145 1306 5201 rivillcari
1341 5149 1446 5203 nisi
1486 5163 1633 5203 mors
1683 5153 2042 5218 praecesserit.

476 5234 611 5291 Nam
641 5237 746 5291 hoc
783 5236 1103 5292 manifestat
1135 5241 1444 5310 exemplum
1480 5242 1544 5296 de
1575 5244 1759 5297 tritico
1802 5246 2046 5299 caeteris-

477 5344 585 5398 que
641 5325 976 5383 seminibus.
1011 5325 1078 5381 Et
1103 5330 1415 5397 considera,
1444 5347 1554 5386 una
1587 5333 1806 5389 interim
1843 5337 2045 5390 solutio

473 5428 559 5474 est
605 5419 752 5489 quod
779 5417 981 5474 mortui
1028 5420 1358 5477 excitantur.
1400 5443 1418 5475 ι
1458 5423 1539 5478 Tu
1595 5425 1741 5495 quod
1804 5427 2042 5482 seminas

474 5529 585 5570 non
622 5515 936 5570 viviﬁcatur
983 5516 1088 5572 nisi
1143 5529 1420 5574 mortuum
1459 5521 1641 5575 luerit.
1681 5541 1699 5572 δ
1735 5521 1789 5575 Si
1823 5538 1954 5592 ergo
1990 5524 2042 5578 id

473 5602 619 5669 quod
648 5611 706 5656 tu
757 5604 1002 5661 seminas
1031 5614 1084 5660 et
1130 5609 1385 5677 sepulcro
1421 5607 1825 5676 quodammodo
1853 5613 2041 5664 occul-

477 5706 560 5748 tas
606 5708 672 5747 ac
736 5697 1054 5763 inortilicas,
1093 5697 1235 5752 Deus
1297 5700 1614 5764 resuscitat,
1648 5708 1700 5753 et
1747 5701 1837 5752 dat
1878 5717 2037 5756 suum

474 5800 693 5858 corpus,
721 5800 840 5841 eum
864 5788 977 5861 jam
1025 5787 1384 5860 putrefactum
1415 5799 1557 5844 esset
1584 5805 1646 5844 ac
1679 5792 2035 5862 dissolutum,

2152 4515 2244 4568 τὸν
2263 4515 2442 4582 λόγον.
2479 4513 2739 4575 Ἐκείνοις
2761 4512 2869 4582 γάρ
2893 4510 3069 4563 ἐδόκει
3091 4509 3316 4579 ἄπορον,
3340 4507 3450 4569 πῶς
3474 4503 3584 4575 μετὰ
3607 4499 3649 4552 τὸ

2151 4605 2444 4659 ἀποθανεῖν
2487 4603 2833 4674 ἐγιιρὸμεθαο
2859 4601 3020 4663 αὐτὸς
3038 4599 3115 4666 δὲ,
3142 4600 3202 4652 τὸ
3233 4598 3462 4652 ἐναντίον
3511 4591 3646 4663 φησὶν.

2149 4699 2232 4751 ὅτι
2273 4697 2361 4750 διὰ
2392 4695 2550 4750 τοῦτο
2579 4693 2927 4764 ὲγειρόμεθα,
2953 4692 3141 4762 ἐπειδὴ
3175 4679 3648 4760 ἀποθνήσκομεν,ὡς

2150 4790 2251 4842 οὐκ
2275 4787 2645 4858 ὲγχωροῦντος
2678 4785 2851 4848 ἄλλως
2886 4784 3311 4854 ζωοποιηθῆναι,
3335 4783 3381 4834 εἰ
3415 4780 3482 4850 μὴ
3510 4773 3563 4849 ἦν
3583 4771 3646 4826 θά-

2151 4899 2332 4944 νατος.
2360 4881 2530 4935 Τοῦτο
2563 4880 2671 4952 γὰρ
2735 4878 2795 4933 τὸ
2842 4877 3194 4948 παράδειγμα
3217 4875 3310 4928 τοῦ
3351 4875 3487 4926 σίτου
3521 4865 3642 4935 δηὶοτς

2151 4974 2244 5026 καὶ
2267 4973 2374 5026 τῶν
2407 4972 2611 5024 λοιπῶν
2659 4969 3008 5040 σπερμάτων.
3043 4969 3152 5021 Καὶ
3189 4967 3393 5029 θέασαι,
3432 4963 3546 5020 τέως
3578 4954 3645 5026 μία

2151 5063 2321 5127 λύσις,
2347 5062 2428 5115 ὅτι
2472 5063 2522 5114 οἱ
2572 5061 2942 5124 ἀπαθανόντες
2982 5058 3303 5130 ἐγείρονται.
3341 5075 3359 5108 ι
3399 5056 3463 5108 Σὺ
3488 5053 3513 5105 ὃ
3537 5047 3643 5102 σπεί-

2153 5171 2262 5226 ρεις
2291 5156 2350 5207 οὐ
2385 5155 2751 5218 ζωοποιεῖται,
2788 5154 2881 5206 ἐὰν
2914 5153 2987 5222 μὴ
3023 5150 3286 5225 ἀποθάνῃ.
3327 5169 3344 5201 ι
3381 5148 3438 5202 Εἰ
3459 5144 3536 5198 οὖν
3562 5136 3642 5192 σὺό

2151 5249 2394 5317 σπείρεις
2423 5249 2518 5300 καὶ
2546 5247 2745 5316 τρόπον
2779 5244 2899 5298 τινὰ
2926 5245 3082 5315 τάφῳ
3117 5244 3405 5304 καλύπτεις
3421 5239 3501 5292 καὶ
3524 5238 3641 5287 θανα-

2147 5344 2279 5405 τοῖς,
2309 5339 2468 5393 τοῦτο
2489 5340 2516 5392 ὁ
2532 5339 2663 5401 Θεὸς
2685 5337 2952 5406 ἀνίστησι,
2983 5336 3077 5389 καὶ
3103 5335 3280 5388 δίδωσι
3299 5336 3361 5386 τὸ
3386 5332 3500 5385 ἴδιον
3526 5324 3640 5391 σῶμα

2147 5432 2206 5484 τὸ
2237 5433 2406 5484 σαπὲν
2439 5434 2530 5485 καὶ
2577 5430 2842 5495 διαλυθὲν,
2873 5429 3056 5482 δίδωσι
3087 5429 3184 5494 δὲ,⁸
3210 5425 3384 5487 καθὼς
3413 5420 3638 5492 ἠθέλησεν.

2145 5523 2585 5592 εὐπρεπέστερον
2618 5521 2713 5575 καὶ
2745 5520 3093 5591 ὡραιότερον,
3123 5518 3150 5571 ὂ
3183 5519 3338 5580 αὐτὸς
3368 5516 3548 5572 ἐκεῖνος
3577 5503 3640 5558 διὰ

2144 5615 2240 5684 τῆς
2277 5614 2483 5676 οἰκείας
2513 5614 2864 5682 ἀποφάνσεως
2895 5612 2974 5674 εἰς
3007 5610 3111 5680 γῆν
3139 5612 3232 5664 και
3259 5610 3419 5677 τάφον
3442 5603 3638 5656 ικέλεπε

2149 5705 2538 5759 κατατίθεσθαι
2574 5708 2665 5758 καὶ
2708 5703 3094 5772 ἀποθνήσκειν,
3147 5700 3299 5754 τοῦτο
3334 5696 3482 5756 αὐτὸς
3519 5685 3638 5741 πάλιν

2147 5799 2244 5849 οὐκ
2277 5798 2388 5868 ἔχει
2418 5798 2546 5866 ῥᾷον
2581 5797 2640 5848 τὸ
2659 5794 2994 5866 ζωοποιῆσαι
3025 5793 3117 5846 καὶ
3147 5791 3430 5860 ἀναστῆσαι
3454 5784 3527 5838 ὅτε
3545 5772 3635 5847 βοά
