3906 6560
477 443 585 506 883

1527 449 1924 511 CECUMENII
1963 450 2252 511 TRICCIE
2290 453 2630 517 EPISCOPI
3561 477 3638 540 834

479 567 560 617 ria
613 555 941 628 cmicsuom,
1001 564 1106 618 alia
1181 580 1312 619 vero
1391 564 1761 629 terrestrium,
1849 579 2022 634 peccat

2153 569 2416 637 ἐπιγείων
2441 573 2803 644 ἁμαρτωλῶν,
2832 576 2934 630 οὔκ
2967 574 3118 631 ἔσται
3146 579 3287 648 δόξα.
3303 583 3370 637 Οὐ
3399 585 3491 659 γὰρ
3519 592 3639 646 τοῦτο

474 664 658 707 torum
725 671 831 710 non
899 655 1004 709 erit
1065 655 1260 724 gloria.
1318 655 1452 708 Nam
1509 656 1565 710 in
1624 671 1690 711 eo
1745 656 1887 726 quod
1951 655 2039 710 di-

472 747 619 799 citur
669 747 774 800 alia
827 762 948 802 csse
987 748 1160 817 gloria
1208 746 1488 817 justorum
1540 758 1593 802 et
1639 747 1742 801 alia
1781 757 2040 819 peccato-

472 852 615 900 rum,
642 853 748 890 non
771 838 1068 892 subaudies
1097 838 1290 907 gloria,
1339 839 1434 894 sed
1477 841 1603 905 rita,
1644 851 1734 894 aut
1761 858 2038 895 conversa-

471 929 565 981 tio.
597 928 798 982 Deinde
828 929 960 983 dicit
991 939 1044 984 et
1069 930 1344 999 jnstorum
1374 931 1760 997 diﬂ‘erentiam,
1781 932 1927 987 sicut
1955 933 2039 987 vi-

479 1021 665 1073 Jelicet
697 1022 858 1090 paulo
889 1031 1016 1076 aute
1067 1023 1204 1076 dixit
1249 1032 1622 1093 peccatorum.
1671 1023 2037 1090 Quemadmo-

468 1107 595 1161 dum
627 1110 768 1162 enim
790 1113 1043 1164 universa
1069 1127 1301 1181 corpora
1324 1113 1589 1178 coelestia,
1617 1115 1797 1167 omnia
1817 1114 2033 1184 quidem

466 1200 753 1268 splendida
785 1211 913 1256 sunt
962 1219 1025 1257 ac
1061 1206 1376 1273 perspicua,
1415 1213 1500 1258 est
1559 1214 1739 1258 tamen
1796 1205 1852 1259 in
1901 1205 2035 1275 ipsis

463 1294 628 1346 etiam
660 1293 965 1349 differentia
1008 1296 1151 1350 inter
1184 1297 1378 1360 solem,
1436 1297 1620 1350 lunam
1682 1309 1746 1350 ac
1798 1297 2030 1352 stellas:

465 1383 538 1434 ita
570 1383 780 1451 etjusti
825 1385 1103 1440 habebunt
1130 1385 1269 1441 inter
1311 1402 1369 1441 se
1409 1395 1599 1442 mutuo
1643 1387 2028 1442 diﬂ'erentiam.

463 1470 598 1527 Vide
637 1485 818 1529 autem
851 1491 1012 1545 quam
1061 1478 1201 1532 scite
1232 1493 1328 1547 per
1362 1479 1582 1534 modum
1632 1481 1866 1549 exempli
1917 1489 2029 1536 tota

463 1567 708 1622 scientiae
737 1569 1094 1640 intelligentia
1144 1586 1281 1626 usus
1321 1571 1412 1624 sit.
1457 1572 1529 1627 De
1571 1573 1741 1642 gloria
1783 1588 1912 1627 vero
1935 1572 2031 1642 ju-

461 1667 671 1712 storum
713 1674 776 1714 ac
836 1670 1187 1729 peccatorum
1241 1679 1353 1717 non
1407 1677 1504 1734 per
1558 1664 2024 1734 comparationem

462 1751 616 1819 fecit,
667 1751 764 1809 sed
824 1756 1126 1810 ostendens
1173 1763 1524 1827 peccatorum
1580 1771 1688 1812 non
1741 1771 1862 1812 esse
1913 1756 2029 1828 glo-

460 1843 623 1900 riam.

530 1977 651 2044 XV,
671 1980 864 2036 42-46.
887 1980 977 2036 Ita
1000 1993 1049 2037 et
1070 1986 1382 2038 resurrectio
1403 1998 1752 2039 mortuorum.
1782 1984 2023 2040 Semina-

459 2065 544 2124 tur
569 2072 623 2125 in
672 2077 1024 2143 corruptione,
1061 2079 1352 2130 suscitatur
1386 2079 1441 2132 in
1484 2079 2026 2145 incorruptibilitate:

458 2163 748 2216 seminatur
779 2167 830 2217 in
862 2166 1174 2234 ignominia,
1207 2169 1498 2222 suscitatur
1535 2170 1587 2222 in
1622 2169 1832 2239 gloria:
1868 2170 2027 2223 semi-

458 2264 619 2308 natur
641 2257 694 2309 in
729 2257 1057 2324 infirmitate.
1081 2263 1372 2313 suscitatur
1401 2263 1454 2314 in
1477 2264 1711 2331 potentia
1745 2280 1777 2318 ;›
1795 2267 2021 2317 semina-

461 2356 547 2398 tur
576 2362 762 2414 corpus
794 2349 1044 2412 animale,
1070 2352 1360 2404 suscitatur
1386 2368 1574 2422 corpus
1603 2354 1902 2422 spirituale.
1931 2353 2026 2407 Est

457 2455 644 2507 corpus
680 2442 926 2506 animale,
962 2453 1038 2496 est
1067 2453 1114 2496 et
1145 2461 1330 2511 corpus
1358 2446 1656 2514 spirituale.
1703 2445 1792 2500 Ita
1825 2462 2027 2516 quoque

456 2528 711 2595 scriptum
759 2538 875 2582 est:
933 2527 1134 2584 Factus
1186 2540 1263 2584 est
1299 2534 1500 2599 primus
1543 2533 1697 2586 homo
1749 2535 1920 2587 Adam
1971 2535 2026 2587 in

456 2619 689 2671 animam
718 2621 985 2684 viventem,
1019 2631 1281 2676 extremus
1307 2623 1477 2676 Adam
1508 2624 1561 2676 in
1603 2625 1847 2692 spiritum
1895 2625 2024 2678 viui-

455 2709 724 2778 ficantem.
763 2712 829 2765 At
870 2729 973 2766 non
1001 2714 1228 2780 primum
1265 2714 1402 2784 quod
1449 2716 1747 2785 spirituale,
1777 2715 2024 2787 sedquod

457 2803 708 2868 animale,
745 2805 930 2859 deinde
951 2807 1089 2876 quod
1113 2808 1408 2875 spirituale.

533 2937 552 2969 ι
588 2920 665 2973 lta
690 2931 746 2975 et
772 2923 1120 2978 resurrectio.
1163 2941 1180 2974 ι
1221 2925 1317 2987 lta,
1365 2923 1682 2992 quomodo?
1725 2923 1782 2978 ln
1826 2940 2024 2995 magna

457 3013 743 3079 varietate,
776 3013 1235 3084 quemadmodum
1275 3016 1437 3070 etiam
1475 3013 1894 3070 manifestarunt
1925 3017 2023 3070 ad-

455 3105 619 3160 ducta
650 3107 917 3176 exempla.
954 3125 972 3158 ι
1034 3106 1349 3162 Seminatur
1397 3109 1451 3162 in
1496 3109 1869 3178 corruptione.
1905 3127 1926 3159 ι
1962 3109 2024 3162 ln

454 3199 831 3268 superioribus
853 3199 1082 3270 loquens
1103 3200 1169 3255 de
1201 3199 1524 3264 seminibus,
1555 3215 1684 3255 usus
1713 3211 1798 3256 est
1828 3200 2022 3254 dictio-

457 3291 616 3346 nibus
657 3307 777 3360 qum
810 3293 1129 3361 corporibus
1162 3303 1419 3362 aptantur
1450 3311 1463 3345 :
1497 3303 1556 3347 ut
1584 3308 1706 3347 cum
1764 3293 1967 3348 diceret
2003 3311 2017 3346 :

459 3401 482 3433 ι
521 3380 638 3436 Νοη
673 3382 977 3437 vivificatur
1004 3383 1109 3437 nisi
1146 3393 1417 3438 mortuum
1451 3383 1650 3448 fuerit;
1691 3401 1710 3434 ι
1740 3398 1889 3438 nunc
1924 3398 2021 3438 au-

455 3481 563 3526 tem
597 3475 661 3526 de
689 3473 1017 3542 corporibus
1047 3475 1300 3544 loquens,
1325 3475 1502 3529 utitur
1526 3475 1863 3530 dictionibus
1893 3491 2017 3546 qua:

455 3574 716 3633 aptantur
763 3565 1093 3630 seminibus,
1137 3566 1326 3622 dicens
1360 3583 1375 3621 :
1409 3585 1428 3618 ι
1472 3567 1786 3621 Seminatur
1818 3567 1872 3620 in
1899 3582 2023 3621 cor-

455 3656 727 3726 ruptione.
771 3673 792 3706 ι
825 3655 938 3708 Hoc
963 3657 1374 3727 autemubique
1415 3657 1567 3720 facit,
1622 3657 1886 3727 exemplis
1922 3657 2020 3711 ad-

452 3757 654 3817 aptans
686 3762 993 3802 sermonem
1029 3749 1096 3803 de
1136 3749 1556 3805 resurrectione.
1585 3750 1783 3803 Semen
1834 3758 2016 3803 autem

453 3840 588 3896 dicit
625 3856 790 3904 nunc,
827 3857 932 3895 non
968 3843 1112 3911 quod
1141 3843 1195 3896 in
1243 3850 1396 3896 utero
1435 3852 1538 3907 est,
1572 3843 1666 3898 sed
1718 3843 2018 3913 depositio-

457 3950 576 3988 nem
613 3949 908 4004 corporum
951 3943 1292 3989 mortuorum
1319 3935 1372 3989 in
1401 3944 1570 3999 terra,
1599 3950 1662 3990 ac
1694 3937 1739 3990 si
1773 3936 2017 3989 diceret:

451 4027 717 4095 Alijicitur
743 4027 796 4080 in
817 4037 958 4081 terra
983 4041 1186 4096 corpus
1207 4036 1480 4083 mortuum
1511 4027 1564 4081 in
1589 4028 2016 4097 corruptionem,

454 4120 556 4173 hoc
580 4129 685 4183 est,
717 4129 775 4173 ut
805 4129 1210 4190 corrumpatur.

521 4231 682 4303 573
704 4232 844 4288 Bene
877 4243 1056 4288 autem
1093 4233 1226 4288 dicit
1259 4251 1273 4287 :
1312 4253 1331 4285 ι
1370 4233 1701 4296 Suscitatur,
1735 4253 1753 4286 ι
1791 4242 1844 4290 ct
1884 4251 2016 4302 non,

451 4327 799 4391 Producitur,
848 4342 917 4382 ne
949 4335 1109 4381 terra:
1139 4329 1510 4396 operationem
1548 4343 1672 4382 esse
1709 4329 2013 4384 existimes.

455 4433 477 4469 ιι
513 4419 827 4472 Seminatur
870 4418 923 4471 in
956 4417 1268 4488 ignominia.
1313 4435 1331 4469 ι
1367 4418 1504 4483 Quid
1542 4420 1685 4473 enim
1745 4419 2018 4474 diﬂluente

450 4511 718 4565 cadavere
775 4509 1120 4564 deformius?
1190 4509 1286 4565 sed
1352 4509 1652 4564 suscitatur
1715 4511 1769 4565 in
1845 4512 2016 4580 gloria

2148 661 2525 715 συνυπακούσε
2539 681 2605 728 ις,
2648 665 2705 716 ὲν
2749 665 2828 738 τῷ
2867 667 3045 721 εἰπεῖν
3074 668 3198 734 δόξα
3224 671 3326 725 τῶν
3357 673 3547 731 δικαίων
3571 686 3640 735 καὶ

2144 751 2308 823 ἑτέρα
2328 755 2435 806 τῶν
2457 756 2824 826 ἁμαρτωλῶν,
2841 759 2962 813 ἀντὶ
2980 759 3097 826 τοῦ,
3121 763 3220 815 οὐκ
3240 763 3346 818 ἔστι
3371 765 3520 831 δόξα,
3539 773 3640 828 ἀλλὰ

2143 844 2420 934 διαγωγή.
2488 845 2619 902 Εἶτα
2669 849 2954 919 λέγεικαὶ
3009 854 3119 906 τῶν
3170 853 3639 934 δικαίωνιδιαφορὰν,

2141 933 2332 1008 ὥσπερ
2370 937 2562 1007 ἀμέλει
2596 940 2792 1011 μικρὸν
2827 941 3138 1013 ἔμπροσθεν
3166 941 3283 998 εἶπε
3311 933 3407 1000 τῶν
3433 951 3640 1020 ἁμαρτω-

2139 1027 2267 1082 λῶν.
2306 1027 2518 1099 Ὠσπερ
2547 1031 2657 1102 γὰρ
2691 1031 2919 1103 λαμπρὰ
2963 1033 3062 1104 μὲν
3092 1037 3264 1089 πάντα
3296 1039 3382 1090 καὶ
3418 1043 3640 1110 περιφανῆ

2138 1122 2208 1174 τὰ
2237 1122 2462 1193 οὐράνια
2499 1123 2746 1193 σώματα,
2772 1125 2887 1177 ἐστι
2924 1125 2968 1178 δ’
2998 1127 3143 1194 ὅμως
3175 1127 3263 1179 καὶ
3296 1130 3349 1181 ἐν
3377 1130 3532 1193 αὐτοῖς
3554 1133 3641 1185 διαι-

2139 1215 2282 1285 φορὰ
2313 1215 2448 1285 ἡλίῳ
2500 1215 2599 1268 καὶ
2647 1215 2863 1289 σελήνῃ.
2890 1218 2984 1270 καὶ
3021 1218 3281 1288 ἄστρισιν
3305 1235 3318 1249 ·
3353 1218 3483 1274 οὕτω
3507 1224 3580 1276 καὶ
3602 1228 3636 1276 oi

2136 1305 2331 1359 δίκαιοι
2373 1307 2586 1372 ἕξουσιν
2643 1309 2699 1359 ἐν
2736 1307 2947 1370 ἑαυτοῖς
2995 1307 3277 1378 διαφοράν.
3307 1310 3438 1380 Ὅρα
3479 1312 3527 1365 δὲ
3550 1314 3636 1376 πῶς

2135 1398 2350 1468 εὐφυῶς
2403 1400 2459 1451 ὲν
2496 1398 2646 1463 τάξει
2692 1399 3132 1469 παραδείγματος
3189 1401 3293 1471 ὅλῳ
3341 1400 3410 1471 τῷ
3456 1404 3638 1472 νοήματι

2133 1490 2420 1560 ἐπεξῆλθε.
2456 1491 2593 1560 Περὶ
2637 1491 2694 1544 δὲ
2727 1490 2882 1561 δόξης
2915 1492 3022 1545 τῶν
3057 1491 3278 1545 δικαίων
3313 1494 3400 1547 καὶ
3435 1495 3638 1566 ἀμαρτω-

2131 1579 2260 1646 λῶν,
2292 1580 2393 1634 οὐκ
2444 1583 2504 1633 ἐν
2551 1580 2837 1651 συγκρίσει
2889 1581 3206 1652 ἐποιήσατο,
3248 1580 3379 1635 ἀλλὰ
3409 1583 3560 1648 δείξας
3584 1585 3639 1656 μή

2131 1667 2272 1727 εῖναι
2301 1673 2460 1740 δόξαν
2490 1678 2599 1726 τῶν
2634 1672 2996 1744 ἁμαρτωλῶν.

2204 1985 2402 2050 Οὕτως
2431 1985 2527 2038 καὶ
2557 1985 2596 2052 ἠ
2620 1985 2956 2050 ἀνάστασις
2985 1983 3100 2039 τῶν
3124 1984 3370 2054 νεκρῶν.
3392 1985 3640 2051 Eae/parat

2129 2077 2193 2132 ἐν
2213 2077 2426 2147 φθορᾷ,
2471 2079 2754 2148 ἐγείρεται
2802 2081 2872 2133 ἐν
2916 2080 3241 2148 ἀφθαρσίᾳ.
3287 2079 3556 2147 Eas/petat
3591 2079 3640 2130 ἐν

2128 2170 2349 2239 ἀτιμίᾳ,
2383 2171 2665 2240 ἐγείρεται
2685 2173 2756 2226 ἐν
2780 2172 2951 2240 δόξῃ.
2971 2173 3280 2240 Σπείρεται
3302 2171 3370 2224 ἐν
3392 2171 3638 2236 ἀσθενείᾳ,

2127 2263 2409 2332 ἐγείρεται
2437 2264 2507 2317 ἐν
2535 2264 2806 2334 δυνάμει.
2859 2265 3169 2332 Σπείρεται
3203 2262 3370 2331 σῶμα
3408 2261 3637 2332 ψυχικὸν,

2127 2356 2411 2425 ἐγείρεται
2428 2355 2597 2426 σῶμα
2613 2358 3032 2427 πνευματικόν.
3043 2358 3216 2411 Ἔστι
3231 2353 3394 2424 σῶμα
3411 2354 3637 2423 ψυχικὸν,

2127 2448 2227 2503 καὶ
2253 2449 2386 2504 ἐστι
2403 2449 2573 2519 σῶμα
2593 2450 3229 2520 πνευματικόν.οῦτως
3244 2447 3337 2502 καὶ
3356 2447 3636 2516 γέγραπται·

2140 2543 2410 2611 Ἐγένετο
2443 2547 2476 2598 ὀ
2513 2543 2744 2613 πρῶτος
2777 2543 3086 2613 ἄνθρωπος
3122 2542 3305 2611 Ἀδὰμ
3346 2542 3426 2606 εὶς
3474 2537 3638 2607 ψυχὴν

2127 2633 2346 2703 ζῶσαν,
2378 2639 2410 2690 ό
2433 2636 2693 2705 ἔσχατος
2736 2635 2932 2706 Ἀδὰμ,
2962 2638 3047 2700 εὶς
3071 2635 3308 2703 πνεῦμα
3356 2627 3635 2692 ζωοποιοῦν.

2140 2727 2294 2782 Ἀλλ’
2327 2729 2398 2781 οὐ
2424 2725 2661 2796 πρῶτον
2694 2727 2762 2781 τὸ
2794 2725 3227 2796 πνευματικὸν,
3287 2722 3440 2779 ἀλλὰ
3480 2719 3533 2775 τὸ
3548 2721 3635 2788 ψυ-

2127 2820 2326 2890 χικὸν,
2379 2820 2586 2874 ἔπειτα
2627 2821 2694 2873 τὸ
2726 2820 3156 2889 πνευματικόν.

2201 2955 2220 2987 ί
2261 2936 2446 2999 Οὕτως
2505 2936 2596 2988 καὶ
2657 2935 2690 3006 ἡ
2730 2934 3048 2999 ἀνάστασις.
3093 2952 3110 2986 ι
3149 2933 3354 2994 Οὕτως.
3402 2929 3540 2990 Πῶς;
3571 2923 3636 2977 Ἐν

2126 3028 2361 3100 διαφορᾷ
2395 3029 2590 3097 πολλῇ,
2630 3027 2814 3092 καθὼς
2837 3028 2932 3081 καὶ
2961 3027 3028 3080 τὰ
3063 3025 3413 3098 παραχθέντα
3450 3018 3631 3090 ἐδήλωσε

2128 3121 2572 3194 παραδείγματα.
2624 3139 2643 3172 ι
2671 3121 2960 3192 Σπεὶρεται
2992 3119 3050 3172 ὲν
3080 3117 3280 3188 φθορᾷ.
3319 3135 3336 3167 ι
3382 3115 3509 3168 ’Δνω
3539 3108 3634 3178 περὶ

2131 3213 2463 3285 σπερμάτων
2485 3213 2687 3290 λέγων,
2712 3211 2922 3278 λέξεσιν
2979 3209 3184 3281 ἐχρῆτο
3217 3206 3424 3276 σώμασι
3457 3217 3632 3290 mmm-

2130 3308 2342 3378 μέναις,
2371 3305 2447 3370 ὡς
2467 3286 2630 3360 "istm
2683 3304 2894 3371 ἔλεγεν.
2930 3321 2948 3353 ε
2982 3302 3057 3353 Οὐ
3089 3300 3448 3364 ζωοποιεῖται,
3475 3294 3551 3346 ἐὰν
3578 3286 3632 3358 μὴ

2124 3399 2394 3470 ἀποθάνῃ,
2433 3416 2452 3450 s
2480 3395 2576 3450 νῦν
2597 3396 2656 3451 δὲ
2686 3394 2814 3465 περὶ
2839 3393 3108 3463 σωμάτων
3135 3391 3332 3459 λέγων,
3354 3385 3510 3451 λέξεσι
3534 3379 3632 3451 χρῆ·

2125 3504 2215 3543 ται
2264 3489 2543 3559 σπέρματι
2605 3485 3028 3554 πεποιημέναις.
3076 3501 3094 3534 ι
3134 3479 3419 3552 Σπεερεται
3464 3475 3552 3544 γὰρ
3591 3472 3631 3520 έν

2127 3581 2322 3649 φθορᾷ.
2358 3597 2380 3631 ι
2408 3578 2581 3631 Τοῦτο
2609 3577 2666 3631 δὲ
2683 3579 2827 3630 ποιεῖ
2851 3573 3151 3644 πανταχοῦ,
3180 3573 3347 3641 ἐγγὺς
3379 3569 3473 3622 τῶν
3497 3579 3630 3632 παρα-

2123 3671 2434 3743 δειγμάτων
2472 3673 2622 3739 ἄγων
2662 3671 2752 3722 τὸν
2804 3669 2931 3735 περὶ
2985 3669 3082 3737 τῆς
3118 3663 3459 3724 ἀναστάσεως
3497 3656 3627 3722 λόγον.

2125 3765 2340 3836 Σπορὰν
2369 3764 2448 3828 δὲ,
2483 3763 2542 3816 οὐ
2573 3763 2722 3831 λέγει
2757 3760 2851 3812 νῦν
2879 3759 2980 3831 τὴν
3026 3760 3083 3810 ὲν
3121 3757 3330 3827 μήτρα,
3353 3750 3475 3804 ἀλλά
3494 3747 3570 3814 τὴν
3589 3747 3628 3796 ἐν

2123 3860 2194 3929 γῇ
2253 3856 2362 3908 τῶν
2419 3853 2629 3924 νεκρῶν
2683 3852 2952 3922 σωμάτων
2999 3847 3284 3910 ἀπόθεσιν,
3311 3844 3383 3906 ὡς
3417 3843 3458 3894 εἰ
3485 3840 3628 3902 ἑλεῖν

2123 3947 2542 4004 Καταϐάλλεται
2565 3946 2622 3998 ὲν
2647 3947 2716 4014 γῇ
2749 3943 2806 3996 τὸ
2835 3942 3025 4014 νεκρὸν
3051 3940 3211 4010 σῶμα
3237 3940 3295 3991 ὲν
3323 3934 3496 4004 φθορᾷ,
3518 3943 3630 3982 τουτ-

2123 4041 2292 4110 έστιν,
2334 4042 2428 4095 ἐπὶ
2472 4038 2551 4110 τῷ
2592 4038 2885 4108 φθαρῆναι.

2192 4239 2386 4302 Καλῶς
2408 4237 2464 4290 δὲ
2495 4231 2666 4300 εἶπεν,
2696 4252 2716 4286 ι
2763 4232 3094 4302 Ἐγείρεται,
3136 4249 3156 4284 s
3217 4231 3311 4284 καί
3339 4229 3415 4290 οὐ,
3457 4223 3628 4282 dli-ierat,

2121 4335 2209 4389 ἵνα
2241 4334 2315 4404 μὴ
2346 4329 2600 4402 νομίσῃς,
2630 4329 2726 4398 τῆς
2749 4327 2853 4396 γῆς
2889 4322 3026 4380 εἶναι
3061 4324 3159 4395 τὴν
3193 4321 3464 4396 ἐργασίαν.
3488 4309 3629 4404 «East-

2125 4403 2277 4497 ρεται
2307 4425 2363 4477 ὲν
2389 4421 2588 4492 ἀτιμία
2631 4438 2649 4470 ι
2690 4419 2756 4471 Tt
2807 4419 2916 4486 γὰρ
2967 4416 3164 4486 νεκροῦ
3212 4415 3528 4486 διαρρέοντος
3549 4403 3627 4497 εἰδ-

2126 4495 2452 4588 εχθέστερον
2483 4529 2498 4577 ;
2530 4510 2646 4565 ἀλλ’
2675 4509 2948 4578 ἐγείρεται
2981 4508 3038 4560 ὲν
3085 4506 3214 4588 δόξῃ
3240 4507 3336 4574 τῆς
3364 4495 3626 4588 ἀφθαρσὶας.

454 4601 911 4672 incorruptionis.
967 4618 987 4652 ι
1050 4599 1362 4656 Seminatur
1397 4601 1450 4654 in
1501 4602 1838 4656 inﬁrmitate.
1882 4622 1899 4655 ι
1933 4602 2016 4656 Si-

2131 4585 2510 4677 ιΠΣπειρεται,
2547 4605 2734 4673 φησὶν,
2767 4603 2824 4654 ὲν
2846 4599 3122 4669 ἀσθενεὶᾳο
3145 4585 3181 4650 Δι
3229 4596 3377 4650 οὔπω
3421 4593 3514 4660 γὰρ
3531 4585 3630 4656 ἠρέ-

450 4695 670 4766 quidem
708 4709 816 4748 non
846 4701 1026 4762 potest
1063 4707 1192 4747 caro
1219 4694 1301 4748 vel
1341 4693 1406 4748 ad
1457 4695 1699 4764 quinque
1727 4693 1843 4750 dies
1873 4695 2016 4748 resi-

448 4796 594 4842 stere
648 4785 1031 4855 eorruptioni:
1075 4784 1171 4839 sed
1212 4784 1518 4840 suscitatur
1547 4785 1601 4838 in
1654 4774 1894 4854 potentia
1929 4787 2014 4838 in-

449 4875 822 4944 corruptionis
879 4883 933 4929 et
1004 4874 1437 4930 immortalitatis
1481 4889 1604 4944 quae
1670 4874 1934 4942 deinceps
1985 4889 2015 4927 a

450 4967 602 5024 nulla
644 4968 997 5037 corruptione
1051 4968 1227 5037 possit
1281 4968 1552 5037 superari.
1628 4985 1648 5018 ‹
1699 4967 2016 5021 Seminatur

448 5073 651 5130 corpus
699 5060 954 5114 animale.
1020 5078 1040 5112 ι
1094 5060 1309 5129 Corpus
1358 5059 1496 5114 dicit
1550 5059 1789 5114 animale
1818 5060 1870 5113 in
1907 5075 2016 5132 quo

448 5155 630 5207 anima
667 5151 972 5208 dominium
993 5151 1154 5206 habet
1181 5166 1245 5204 ac
1273 5152 1678 5220 praesidentium
1715 5153 2016 5222 :spiritua-

449 5248 498 5301 le
515 5261 648 5301 vero
679 5243 824 5315 quod
867 5244 1104 5312 Spiritus
1135 5243 1312 5297 sancti
1359 5243 1681 5312 Operatione
1711 5242 2010 5314 locupleta-

450 5351 556 5394 tur.
611 5340 752 5406 Quid
805 5335 1004 5407 igitur?
1062 5335 1268 5389 diceret
1331 5335 1564 5403 aliquis;
1598 5349 1665 5387 an
1709 5337 2013 5390 nonetiam

450 5446 596 5488 nunc
639 5431 693 5484 in
759 5427 1100 5500 quibusdam
1149 5433 1411 5494 operatur
1469 5427 1738 5493 spiritus?
1793 5425 2012 5496 Utique,

451 5527 545 5583 sed
572 5541 723 5581 nunc
757 5524 976 5594 quidem
1009 5520 1078 5574 ob
1111 5518 1235 5572 vitae
1261 5516 1619 5570 mutationem
1653 5518 1850 5586 sacpius
1877 5533 2017 5587 quo-

451 5635 556 5689 que
597 5619 803 5678 avolat,
843 5626 972 5669 tunc
1013 5626 1141 5666 vero
1174 5624 1388 5677 semper
1435 5609 1612 5662 adest.
1646 5609 1752 5664 Aut
1781 5611 2018 5666 animale

451 5711 585 5763 dicit
619 5719 898 5764 terrenum
940 5721 1004 5760 ac
1034 5719 1222 5774 grave,
1252 5701 1541 5773 spirituale
1560 5719 1691 5757 vero
1721 5706 1918 5760 subtile
1951 5719 2014 5760 ac

448 5802 585 5854 leve.
615 5786 683 5842 ἐ-
709 5799 922 5867 Corpus
963 5795 1200 5850 animale
1257 5796 1302 5850 si
1355 5793 1483 5865 quis
1518 5808 1920 5866 consequenter
1949 5798 2015 5852 ad

446 5903 507 5946 ea
563 5905 682 5958 quae
737 5887 1000 5959 praedicta
1069 5895 1196 5943 sunt
1251 5885 1365 5941 haec
1413 5885 1662 5954 accipere
1711 5885 1857 5952 velit,
1883 5886 2013 5942 illud

2131 4719 2220 4773 ραι
2277 4699 2438 4754 πέντε
2494 4698 2588 4750 καὶ
2652 4695 2753 4748 οὐκ
2794 4693 2969 4761 ἰσχύει
3004 4693 3038 4762 ἡ
3073 4690 3212 4762 σὰρξ
3237 4687 3490 4756 ἀντισχεῖν
3529 4677 3628 4773 πρὸς

2127 4771 2227 4863 τὴν
2290 4789 2520 4860 φθορὰν,
2573 4786 2686 4840 ἀλλ’
2737 4784 3010 4854 ἐγείρεται
3057 4785 3116 4836 ὲν
3169 4785 3234 4852 τῇ
3263 4781 3358 4848 τῆς
3382 4771 3630 4845 ἀφθαρσίας

2123 4884 2371 4953 δυνάμει,
2383 4879 2656 4940 ἀνάλωτος
2671 4874 2728 4932 οὗ
2737 4876 2996 4931 σαλοιπδν
3009 4876 3155 4947 πάσῃ
3175 4875 3364 4943 φθορᾷ.
3375 4892 3390 4922 ι
3402 4866 3629 4958 Euripus:

2126 4976 2285 5045 σῶμα
2297 4972 2546 5043 ψυχικόν.
2559 4969 2830 5041 »Ψυχικόν
2847 4985 2920 5038 φη
2929 4985 2980 5022 σι
3000 4967 3178 5036 σῶμα,
3193 4967 3249 5018 ὲν
3262 4959 3305 5032 ᾧ
3322 4965 3352 5033 ἡ
3370 4958 3498 5030 ψυχὴ
3511 4955 3631 5045 oxi-

2126 5087 2224 5140 ρος
2257 5068 2350 5121 καὶ
2376 5067 2474 5135 τὴν
2505 5063 2802 5134 ἠγεμονίαν
2829 5061 2941 5132 ἔχει
2959 5077 2974 5093 ο
3001 5058 3370 5129 πνευματικὴν
3397 5053 3466 5113 δὲ,
3563 5044 3629 5144 τῂν

2124 5134 2216 5210 τοῦ
2236 5156 2392 5224 ἁγίου
2420 5134 2561 5206 Πνεύ
2569 5169 2737 5222 ματος
2756 5149 3167 5204 καταπλ.ουτοῦν
3184 5147 3268 5199 ὲνέ
3277 5159 3470 5215 ργειαν.
3491 5134 3628 5200 Titi?

2125 5249 2240 5311 νῦν,
2273 5246 2414 5299 εἴποι
2453 5261 2536 5306 τις
2572 5242 2658 5307 ἂν,
2703 5242 2801 5294 οὐκ
2826 5242 3041 5310 ἐνεργεῖ
3067 5239 3125 5292 ἐν
3155 5255 3264 5291 τισι
3309 5235 3366 5288 τὸ
3416 5227 3627 5294 meum;

2123 5341 2253 5404 Ναὶ,
2283 5338 2433 5392 ’ἀλλὰ
2479 5335 2574 5388 νῦν
2607 5334 2705 5404 μὲν
2760 5333 3022 5394 πολλάκις
3063 5331 3158 5385 καὶ
3191 5330 3474 5398 ἁφίπταται
3503 5331 3626 5387 μετι-

2126 5430 2418 5500 σλὴθέντος
2457 5427 2549 5480 τοῦ
2589 5426 2731 5495 βίου,
2767 5425 2891 5478 τότε
2937 5423 2994 5477 δι
3032 5423 3279 5476 σύνεστιν
3313 5418 3412 5473 ἀει.
3450 5413 3508 5465 Ἢ
3549 5407 3624 5500 tu:

2124 5494 2277 5593 χικδν
2306 5518 2474 5586 λέγει,
2499 5517 2560 5570 τὸ
2587 5494 2786 5585 γεῶδες
2808 5517 2902 5569 καὶ
2925 5514 3086 5585 βαρὺ,
3138 5506 3485 5579 πνευματικὸν
3504 5501 3570 5593 δὲ,
3584 5494 3628 5547 τὸ

2125 5589 2623 5680 λεπτομερέστερον
2653 5609 2749 5660 καὶ
2778 5605 2998 5674 κοῦφον.
3039 5635 3108 5646 —
3142 5600 3338 5678 [ΦΩΤ.]
3383 5598 3524 5666 Σῶμα
3548 5589 3623 5656 ψυ·

2125 5706 2300 5775 χικὸν,
2333 5705 2387 5756 εἴ
2408 5721 2490 5766 τις
2513 5701 2821 5763 ἀκολούθως
2843 5703 2955 5763 τοῖς
2993 5697 3400 5770 προειρημένοις
3429 5681 3625 5775 ἐκλαϐεῖν

2126 5768 2301 5850 ἶθέλοι
2327 5794 2520 5858 ταῦτα,
2551 5796 2726 5848 ἐκεῖνο
2760 5788 2914 5862 οἶμαι
2951 5768 3199 5861 εἰρῆσθαι
3229 5787 3322 5840 νῦν
3352 5779 3529 5840 ἁπλῶς.
3579 5768 3623 5821 τδ

2128 5889 2319 5959 θνητὸν
2376 5887 2664 5959 ἀνθρώπου
2731 5886 2905 5956 σῶμα.
2959 5883 3130 5937 Τοῦτο
3155 5882 3256 5948 γὰο
3306 5878 3390 5932 καὶ
3424 5864 3621 5925 iudet:-
