  <div class='ocr_page' id='page_1' title='image "/cluster/home/n/w/nwhite01/storage/ocr_20150623/118/hvd.32044019208149/502.png"; bbox 0 0 3906 6550; ppageno 0'>
   <div class='ocr_carea' id='block_1_1' title="bbox 243 388 355 451">
    <p class='ocr_par' dir='ltr' id='par_1_1' title="bbox 243 388 355 451">
     <span class='ocr_line' id='line_1_1' title="bbox 243 388 355 451; baseline -0.027 0"><span class='ocrx_word' id='word_1_1' title='bbox 243 388 355 451; x_wconf 82' lang='lat'><strong>885</strong></span> 
     </span>
    </p>
   </div>
   <div class='ocr_carea' id='block_1_2' title="bbox 1170 388 2520 482">
    <p class='ocr_par' dir='ltr' id='par_1_2' title="bbox 1170 388 2520 482">
     <span class='ocr_line' id='line_1_2' title="bbox 1170 388 2520 482; baseline -0.001 -32"><span class='ocrx_word' id='word_1_2' title='bbox 1170 388 1552 482; x_wconf 72' lang='lat' dir='ltr'><strong>COMMENT.</strong></span> <span class='ocrx_word' id='word_1_3' title='bbox 1585 389 1665 448; x_wconf 79' lang='grc' dir='ltr'><strong>ΙΝ</strong></span> <span class='ocrx_word' id='word_1_4' title='bbox 1705 389 1942 451; x_wconf 85' lang='lat' dir='ltr'><strong>EPIST.</strong></span> <span class='ocrx_word' id='word_1_5' title='bbox 1975 390 2003 449; x_wconf 95' lang='grc' dir='ltr'>Ι</span> <span class='ocrx_word' id='word_1_6' title='bbox 2039 390 2138 450; x_wconf 88' lang='lat' dir='ltr'><strong>AD</strong></span> <span class='ocrx_word' id='word_1_7' title='bbox 2159 389 2520 451; x_wconf 81' lang='lat' dir='ltr'><strong>CORINTH.</strong></span> 
     </span>
    </p>
   </div>
   <div class='ocr_carea' id='block_1_3' title="bbox 3378 334 3498 448">
    <p class='ocr_par' dir='ltr' id='par_1_3' title="bbox 3378 334 3498 448">
     <span class='ocr_line' id='line_1_3' title="bbox 3378 334 3498 448; baseline 0 -1"><span class='ocrx_word' id='word_1_8' title='bbox 3378 334 3498 448; x_wconf 6' lang='lat' dir='ltr'><strong>V886</strong></span> 
     </span>
    </p>
   </div>
   <div class='ocr_carea' id='block_1_4' title="bbox 245 485 1821 571">
    <p class='ocr_par' dir='ltr' id='par_1_4' title="bbox 245 497 1819 571">
     <span class='ocr_line' id='line_1_4' title="bbox 245 497 1819 571; baseline 0.001 -21"><span class='ocrx_word' id='word_1_9' title='bbox 245 499 392 568; x_wconf 70' lang='grc' dir='ltr'><strong>νείᾳ,</strong></span> <span class='ocrx_word' id='word_1_10' title='bbox 427 498 518 552; x_wconf 77' lang='grc' dir='ltr'><strong>καὶ</strong></span> <span class='ocrx_word' id='word_1_11' title='bbox 549 498 606 550; x_wconf 84' lang='grc' dir='ltr'><strong>ὲν</strong></span> <span class='ocrx_word' id='word_1_12' title='bbox 640 499 836 569; x_wconf 74' lang='grc' dir='ltr'><strong>φθορᾷ,</strong></span> <span class='ocrx_word' id='word_1_13' title='bbox 870 497 961 552; x_wconf 68' lang='grc' dir='ltr'><strong>καὶ</strong></span> <span class='ocrx_word' id='word_1_14' title='bbox 1017 497 1075 551; x_wconf 74' lang='grc' dir='ltr'><strong>ἐν</strong></span> <span class='ocrx_word' id='word_1_15' title='bbox 1128 497 1322 571; x_wconf 73' lang='grc' dir='ltr'><strong>ἀτιμίᾳ</strong></span> <span class='ocrx_word' id='word_1_16' title='bbox 1374 499 1677 569; x_wconf 79' lang='grc' dir='ltr'><strong>σπείρεται,</strong></span> <span class='ocrx_word' id='word_1_17' title='bbox 1725 500 1819 553; x_wconf 67' lang='grc' dir='ltr'><strong>καὶ</strong></span> 
     </span>
    </p>
   </div>
   <div class='ocr_carea' id='block_1_5' title="bbox 1927 485 3499 571">
    <p class='ocr_par' dir='ltr' id='par_1_5' title="bbox 1927 493 3499 570">
     <span class='ocr_line' id='line_1_5' title="bbox 1927 493 3499 570; baseline -0.003 -18"><span class='ocrx_word' id='word_1_18' title='bbox 1927 514 2074 554; x_wconf 82' lang='grc' dir='ltr'><strong>ηιιιιε</strong></span> <span class='ocrx_word' id='word_1_19' title='bbox 2133 500 2460 570; x_wconf 72' lang='lat' dir='ltr'><strong>simpliciter</strong></span> <span class='ocrx_word' id='word_1_20' title='bbox 2492 499 2702 555; x_wconf 82' lang='lat' dir='ltr'><strong>dictum</strong></span> <span class='ocrx_word' id='word_1_21' title='bbox 2733 511 2855 553; x_wconf 90' lang='lat' dir='ltr'><strong>esse</strong></span> <span class='ocrx_word' id='word_1_22' title='bbox 2889 495 3087 566; x_wconf 75' lang='lat' dir='ltr'><strong>Opinor</strong></span> <span class='ocrx_word' id='word_1_23' title='bbox 3127 493 3363 549; x_wconf 75' lang='lat' dir='ltr'><strong>mortale</strong></span> <span class='ocrx_word' id='word_1_24' title='bbox 3397 495 3499 548; x_wconf 77' lang='lat' dir='ltr'><strong>lio-</strong></span> 
     </span>
    </p>
   </div>
   <div class='ocr_carea' id='block_1_6' title="bbox 246 581 1822 659">
    <p class='ocr_par' dir='ltr' id='par_1_6' title="bbox 246 581 1822 659">
     <span class='ocr_line' id='line_1_6' title="bbox 246 581 1822 659; baseline 0 -18"><span class='ocrx_word' id='word_1_25' title='bbox 246 581 516 641; x_wconf 67' lang='grc' dir='ltr'><strong>θάπτετάι</strong></span> <span class='ocrx_word' id='word_1_26' title='bbox 577 590 633 640; x_wconf 83' lang='grc' dir='ltr'><strong>ὲν</strong></span> <span class='ocrx_word' id='word_1_27' title='bbox 688 591 754 659; x_wconf 81' lang='grc' dir='ltr'><strong>τῇ</strong></span> <span class='ocrx_word' id='word_1_28' title='bbox 801 591 893 657; x_wconf 79' lang='grc' dir='ltr'><strong>γῇ.</strong></span> <span class='ocrx_word' id='word_1_29' title='bbox 950 587 1121 642; x_wconf 87' lang='grc' dir='ltr'><strong>Τοῦτο</strong></span> <span class='ocrx_word' id='word_1_30' title='bbox 1178 589 1270 642; x_wconf 85' lang='grc' dir='ltr'><strong>οῦν</strong></span> <span class='ocrx_word' id='word_1_31' title='bbox 1336 589 1394 642; x_wconf 84' lang='grc' dir='ltr'><strong>τὸ</strong></span> <span class='ocrx_word' id='word_1_32' title='bbox 1446 587 1637 659; x_wconf 79' lang='grc' dir='ltr'><strong>θνητὸν</strong></span> <span class='ocrx_word' id='word_1_33' title='bbox 1665 587 1822 659; x_wconf 84' lang='grc' dir='ltr'><strong>σῶμα</strong></span> 
     </span>
    </p>
   </div>
   <div class='ocr_carea' id='block_1_7' title="bbox 244 680 1820 753">
    <p class='ocr_par' dir='ltr' id='par_1_7' title="bbox 244 680 1820 753">
     <span class='ocr_line' id='line_1_7' title="bbox 244 680 1820 753; baseline 0.001 -21"><span class='ocrx_word' id='word_1_34' title='bbox 244 680 483 750; x_wconf 62' lang='grc' dir='ltr'><strong>ψυχικόν</strong></span> <span class='ocrx_word' id='word_1_35' title='bbox 515 680 682 744; x_wconf 78' lang='grc' dir='ltr'><strong>ἐστιν,</strong></span> <span class='ocrx_word' id='word_1_36' title='bbox 713 682 793 734; x_wconf 83' lang='grc' dir='ltr'><strong>ὅτι</strong></span> <span class='ocrx_word' id='word_1_37' title='bbox 820 683 932 743; x_wconf 83' lang='grc' dir='ltr'><strong>τοῖς</strong></span> <span class='ocrx_word' id='word_1_38' title='bbox 960 680 1212 753; x_wconf 78' lang='grc' dir='ltr'><strong>ψυχικοῖς</strong></span> <span class='ocrx_word' id='word_1_39' title='bbox 1241 682 1624 751; x_wconf 79' lang='grc' dir='ltr'><strong>ὑπηρετήσατο</strong></span> <span class='ocrx_word' id='word_1_40' title='bbox 1649 681 1820 734; x_wconf 83' lang='grc' dir='ltr'><strong>πάθε-</strong></span> 
     </span>
    </p>
   </div>
   <div class='ocr_carea' id='block_1_8' title="bbox 250 772 1823 843">
    <p class='ocr_par' dir='ltr' id='par_1_8' title="bbox 250 772 1823 843">
     <span class='ocr_line' id='line_1_8' title="bbox 250 772 1823 843; baseline 0.001 -19"><span class='ocrx_word' id='word_1_41' title='bbox 250 789 358 824; x_wconf 85' lang='grc' dir='ltr'><strong>σιν.</strong></span> <span class='ocrx_word' id='word_1_42' title='bbox 391 789 410 824; x_wconf 70' lang='grc' dir='ltr'><strong>ι</strong></span> <span class='ocrx_word' id='word_1_43' title='bbox 452 772 641 834; x_wconf 68' lang='grc' dir='ltr'><strong>Οὐδεὶς</strong></span> <span class='ocrx_word' id='word_1_44' title='bbox 671 772 779 841; x_wconf 82' lang='grc' dir='ltr'><strong>γὰρ</strong></span> <span class='ocrx_word' id='word_1_45' title='bbox 814 773 920 825; x_wconf 78' lang='grc' dir='ltr'><strong>ἀπὸ</strong></span> <span class='ocrx_word' id='word_1_46' title='bbox 951 772 1124 842; x_wconf 77' lang='grc' dir='ltr'><strong>ῥύπου</strong></span> <span class='ocrx_word' id='word_1_47' title='bbox 1153 774 1416 842; x_wconf 74' lang='grc' dir='ltr'><strong>καθαρὸς,</strong></span> <span class='ocrx_word' id='word_1_48' title='bbox 1465 774 1576 826; x_wconf 81' lang='grc' dir='ltr'><strong>οὐδ’</strong></span> <span class='ocrx_word' id='word_1_49' title='bbox 1622 773 1688 827; x_wconf 83' lang='grc' dir='ltr'><strong>ἂν</strong></span> <span class='ocrx_word' id='word_1_50' title='bbox 1722 773 1823 843; x_wconf 88' lang='grc' dir='ltr'><strong>μία</strong></span> 
     </span>
    </p>
   </div>
   <div class='ocr_carea' id='block_1_9' title="bbox 247 861 1823 933">
    <p class='ocr_par' dir='ltr' id='par_1_9' title="bbox 247 861 1823 933">
     <span class='ocr_line' id='line_1_9' title="bbox 247 861 1823 933; baseline 0 -19"><span class='ocrx_word' id='word_1_51' title='bbox 247 862 438 932; x_wconf 75' lang='grc' dir='ltr'><strong>ἡμέρα</strong></span> <span class='ocrx_word' id='word_1_52' title='bbox 470 863 498 915; x_wconf 84' lang='grc' dir='ltr'>ὁ</span> <span class='ocrx_word' id='word_1_53' title='bbox 530 861 646 932; x_wconf 78' lang='grc' dir='ltr'><strong>βίος</strong></span> <span class='ocrx_word' id='word_1_54' title='bbox 666 862 852 917; x_wconf 81' lang='grc' dir='ltr'><strong>αὐτοῦ.</strong></span> <span class='ocrx_word' id='word_1_55' title='bbox 886 881 903 913; x_wconf 76' lang='grc' dir='ltr'><strong>ι</strong></span> <span class='ocrx_word' id='word_1_56' title='bbox 949 863 1060 916; x_wconf 78' lang='grc' dir='ltr'><strong>Καὶ</strong></span> <span class='ocrx_word' id='word_1_57' title='bbox 1093 863 1201 932; x_wconf 87' lang='grc' dir='ltr'><strong>γάρ</strong></span> <span class='ocrx_word' id='word_1_58' title='bbox 1235 863 1330 916; x_wconf 71' lang='grc' dir='ltr'><strong>καὶ</strong></span> <span class='ocrx_word' id='word_1_59' title='bbox 1351 864 1473 916; x_wconf 77' lang='grc' dir='ltr'><strong>ὅσαι</strong></span> <span class='ocrx_word' id='word_1_60' title='bbox 1509 862 1823 933; x_wconf 74' lang='grc' dir='ltr'><strong>σωματικαὶ</strong></span> 
     </span>
    </p>
   </div>
   <div class='ocr_carea' id='block_1_10' title="bbox 250 954 1824 1026">
    <p class='ocr_par' dir='ltr' id='par_1_10' title="bbox 250 954 1824 1026">
     <span class='ocr_line' id='line_1_10' title="bbox 250 954 1824 1026; baseline 0.012 -31"><span class='ocrx_word' id='word_1_61' title='bbox 250 955 506 1025; x_wconf 73' lang='grc' dir='ltr'><strong>πράξεις,</strong></span> <span class='ocrx_word' id='word_1_62' title='bbox 561 954 662 1025; x_wconf 71' lang='grc' dir='ltr'><strong>τὴν</strong></span> <span class='ocrx_word' id='word_1_63' title='bbox 717 957 900 1026; x_wconf 84' lang='grc' dir='ltr'><strong>πηγὴν</strong></span> <span class='ocrx_word' id='word_1_64' title='bbox 951 957 1044 1010; x_wconf 75' lang='grc' dir='ltr'><strong>καὶ</strong></span> <span class='ocrx_word' id='word_1_65' title='bbox 1098 956 1312 1024; x_wconf 83' lang='grc' dir='ltr'><strong>γένεσιν</strong></span> <span class='ocrx_word' id='word_1_66' title='bbox 1364 955 1473 1010; x_wconf 80' lang='grc' dir='ltr'><strong>ἀπὸ</strong></span> <span class='ocrx_word' id='word_1_67' title='bbox 1515 956 1613 1025; x_wconf 81' lang='grc' dir='ltr'><strong>τῆς</strong></span> <span class='ocrx_word' id='word_1_68' title='bbox 1647 955 1824 1026; x_wconf 74' lang='grc' dir='ltr'><strong>ψυχῆς</strong></span> 
     </span>
    </p>
   </div>
   <div class='ocr_carea' id='block_1_11' title="bbox 247 1045 1825 1117">
    <p class='ocr_par' dir='ltr' id='par_1_11' title="bbox 247 1045 1825 1117">
     <span class='ocr_line' id='line_1_11' title="bbox 247 1045 1825 1117; baseline 0.001 -19"><span class='ocrx_word' id='word_1_69' title='bbox 247 1045 493 1116; x_wconf 74' lang='grc' dir='ltr'><strong>ἔχουσιν,</strong></span> <span class='ocrx_word' id='word_1_70' title='bbox 523 1045 665 1099; x_wconf 82' lang='grc' dir='ltr'><strong>ὥστε</strong></span> <span class='ocrx_word' id='word_1_71' title='bbox 695 1046 755 1099; x_wconf 86' lang='grc' dir='ltr'><strong>τὸ</strong></span> <span class='ocrx_word' id='word_1_72' title='bbox 782 1046 872 1099; x_wconf 88' lang='grc' dir='ltr'><strong>τοῦ</strong></span> <span class='ocrx_word' id='word_1_73' title='bbox 906 1045 1196 1114; x_wconf 84' lang='grc' dir='ltr'><strong>ἀνθρώπου</strong></span> <span class='ocrx_word' id='word_1_74' title='bbox 1233 1047 1427 1117; x_wconf 80' lang='grc' dir='ltr'><strong>θνητὸν</strong></span> <span class='ocrx_word' id='word_1_75' title='bbox 1452 1047 1632 1116; x_wconf 85' lang='grc' dir='ltr'><strong>σῶμα,</strong></span> <span class='ocrx_word' id='word_1_76' title='bbox 1677 1046 1825 1100; x_wconf 81' lang='grc' dir='ltr'><strong>εἰκό-</strong></span> 
     </span>
    </p>
   </div>
   <div class='ocr_carea' id='block_1_12' title="bbox 245 1134 1820 1210">
    <p class='ocr_par' dir='ltr' id='par_1_12' title="bbox 245 1134 1820 1210">
     <span class='ocr_line' id='line_1_12' title="bbox 245 1134 1820 1210; baseline -0.001 -20"><span class='ocrx_word' id='word_1_77' title='bbox 245 1155 363 1201; x_wconf 82' lang='grc' dir='ltr'><strong>τως</strong></span> <span class='ocrx_word' id='word_1_78' title='bbox 425 1139 492 1192; x_wconf 81' lang='grc' dir='ltr'><strong>ἂν</strong></span> <span class='ocrx_word' id='word_1_79' title='bbox 516 1138 744 1208; x_wconf 75' lang='grc' dir='ltr'><strong>ψυχικὸν</strong></span> <span class='ocrx_word' id='word_1_80' title='bbox 771 1138 1008 1192; x_wconf 80' lang='grc' dir='ltr'><strong>καλοῖτο.</strong></span> <span class='ocrx_word' id='word_1_81' title='bbox 1069 1139 1360 1210; x_wconf 85' lang='grc' dir='ltr'><strong>Σπείρεται</strong></span> <span class='ocrx_word' id='word_1_82' title='bbox 1421 1134 1514 1191; x_wconf 80' lang='grc' dir='ltr'><strong>οῦν</strong></span> <span class='ocrx_word' id='word_1_83' title='bbox 1569 1138 1820 1208; x_wconf 72' lang='grc' dir='ltr'><strong>ψυχικὸν,</strong></span> 
     </span>
    </p>
   </div>
   <div class='ocr_carea' id='block_1_13' title="bbox 248 1228 1822 1302">
    <p class='ocr_par' dir='ltr' id='par_1_13' title="bbox 248 1228 1822 1302">
     <span class='ocr_line' id='line_1_13' title="bbox 248 1228 1822 1302; baseline 0.004 -22"><span class='ocrx_word' id='word_1_84' title='bbox 248 1229 532 1300; x_wconf 78' lang='grc' dir='ltr'><strong>ἐγείρεται</strong></span> <span class='ocrx_word' id='word_1_85' title='bbox 589 1229 646 1282; x_wconf 84' lang='grc' dir='ltr'><strong>δὲ</strong></span> <span class='ocrx_word' id='word_1_86' title='bbox 689 1228 956 1282; x_wconf 81' lang='grc' dir='ltr'><strong>ἀθάνατον</strong></span> <span class='ocrx_word' id='word_1_87' title='bbox 988 1270 1004 1294; x_wconf 86' lang='grc'><strong>,</strong></span> <span class='ocrx_word' id='word_1_88' title='bbox 1072 1231 1208 1298; x_wconf 83' lang='grc' dir='ltr'><strong>ὅπερ</strong></span> <span class='ocrx_word' id='word_1_89' title='bbox 1261 1231 1377 1284; x_wconf 74' lang='grc' dir='ltr'><strong>ἐστὶ</strong></span> <span class='ocrx_word' id='word_1_90' title='bbox 1427 1231 1822 1302; x_wconf 83' lang='grc' dir='ltr'><strong>πνευματικόν.</strong></span> 
     </span>
    </p>
   </div>
   <div class='ocr_carea' id='block_1_14' title="bbox 250 1319 1825 1393">
    <p class='ocr_par' dir='ltr' id='par_1_14' title="bbox 250 1319 1825 1393">
     <span class='ocr_line' id='line_1_14' title="bbox 250 1319 1825 1393; baseline 0.001 -21"><span class='ocrx_word' id='word_1_91' title='bbox 250 1319 636 1389; x_wconf 81' lang='grc' dir='ltr'><strong>Πνευματικδν</strong></span> <span class='ocrx_word' id='word_1_92' title='bbox 657 1320 712 1372; x_wconf 79' lang='grc' dir='ltr'><strong>δὲ</strong></span> <span class='ocrx_word' id='word_1_93' title='bbox 743 1322 825 1374; x_wconf 85' lang='grc' dir='ltr'><strong>ὅτι</strong></span> <span class='ocrx_word' id='word_1_94' title='bbox 856 1321 956 1375; x_wconf 78' lang='grc' dir='ltr'><strong>οὒκ</strong></span> <span class='ocrx_word' id='word_1_95' title='bbox 993 1320 1073 1374; x_wconf 75' lang='grc' dir='ltr'><strong>ἔτι</strong></span> <span class='ocrx_word' id='word_1_96' title='bbox 1105 1325 1219 1385; x_wconf 86' lang='grc' dir='ltr'><strong>τοῖς</strong></span> <span class='ocrx_word' id='word_1_97' title='bbox 1257 1322 1510 1392; x_wconf 79' lang='grc' dir='ltr'><strong>ψυχικοῖς</strong></span> <span class='ocrx_word' id='word_1_98' title='bbox 1547 1324 1825 1393; x_wconf 81' lang='grc' dir='ltr'><strong>ὑπηρετή-</strong></span> 
     </span>
    </p>
   </div>
   <div class='ocr_carea' id='block_1_15' title="bbox 250 1406 1826 1480">
    <p class='ocr_par' dir='ltr' id='par_1_15' title="bbox 250 1406 1826 1480">
     <span class='ocr_line' id='line_1_15' title="bbox 250 1406 1826 1480; baseline 0.004 -19"><span class='ocrx_word' id='word_1_99' title='bbox 250 1426 340 1462; x_wconf 88' lang='grc' dir='ltr'><strong>σει</strong></span> <span class='ocrx_word' id='word_1_100' title='bbox 374 1411 714 1480; x_wconf 72' lang='grc' dir='ltr'><strong>παθήμασιν,</strong></span> <span class='ocrx_word' id='word_1_101' title='bbox 745 1410 867 1464; x_wconf 76' lang='grc' dir='ltr'><strong>οὔτε</strong></span> <span class='ocrx_word' id='word_1_102' title='bbox 905 1411 976 1464; x_wconf 84' lang='grc' dir='ltr'><strong>τὰ</strong></span> <span class='ocrx_word' id='word_1_103' title='bbox 1008 1413 1114 1464; x_wconf 87' lang='grc' dir='ltr'><strong>τῶν</strong></span> <span class='ocrx_word' id='word_1_104' title='bbox 1161 1413 1405 1476; x_wconf 86' lang='grc' dir='ltr'><strong>δικαίων,</strong></span> <span class='ocrx_word' id='word_1_105' title='bbox 1439 1414 1555 1467; x_wconf 77' lang='grc' dir='ltr'><strong>ἀλλ’</strong></span> <span class='ocrx_word' id='word_1_106' title='bbox 1583 1406 1705 1468; x_wconf 77' lang='grc' dir='ltr'><strong>οὐδὲ</strong></span> <span class='ocrx_word' id='word_1_107' title='bbox 1757 1413 1826 1468; x_wconf 84' lang='grc' dir='ltr'><strong>τὰ</strong></span> 
     </span>
    </p>
   </div>
   <div class='ocr_carea' id='block_1_16' title="bbox 245 1497 1825 1574">
    <p class='ocr_par' dir='ltr' id='par_1_16' title="bbox 245 1497 1825 1574">
     <span class='ocr_line' id='line_1_16' title="bbox 245 1497 1825 1574; baseline 0.006 -22"><span class='ocrx_word' id='word_1_108' title='bbox 245 1501 364 1553; x_wconf 81' lang='grc' dir='ltr'><strong>τῶν</strong></span> <span class='ocrx_word' id='word_1_109' title='bbox 387 1497 729 1571; x_wconf 77' lang='grc' dir='ltr'><strong>ἁμαρτωλῶν</strong></span> <span class='ocrx_word' id='word_1_110' title='bbox 763 1502 1012 1572; x_wconf 87' lang='grc' dir='ltr'><strong>σώματα.</strong></span> <span class='ocrx_word' id='word_1_111' title='bbox 1039 1504 1254 1558; x_wconf 84' lang='grc' dir='ltr'><strong>Μᾶλλον</strong></span> <span class='ocrx_word' id='word_1_112' title='bbox 1309 1506 1409 1574; x_wconf 80' lang='grc' dir='ltr'><strong>μὲν</strong></span> <span class='ocrx_word' id='word_1_113' title='bbox 1443 1502 1536 1559; x_wconf 79' lang='grc' dir='ltr'><strong>οῦν</strong></span> <span class='ocrx_word' id='word_1_114' title='bbox 1567 1508 1660 1561; x_wconf 61' lang='grc' dir='ltr'><strong>καὶ</strong></span> <span class='ocrx_word' id='word_1_115' title='bbox 1695 1508 1825 1561; x_wconf 51' lang='lat'><strong>1:0);-</strong></span> 
     </span>
    </p>
   </div>
   <div class='ocr_carea' id='block_1_17' title="bbox 250 1591 1825 1670">
    <p class='ocr_par' dir='ltr' id='par_1_17' title="bbox 250 1591 1825 1670">
     <span class='ocr_line' id='line_1_17' title="bbox 250 1591 1825 1670; baseline 0.008 -29"><span class='ocrx_word' id='word_1_116' title='bbox 250 1591 354 1662; x_wconf 78' lang='grc' dir='ltr'><strong>λὴν</strong></span> <span class='ocrx_word' id='word_1_117' title='bbox 385 1594 771 1662; x_wconf 80' lang='grc' dir='ltr'><strong>μεταμέλειαν,</strong></span> <span class='ocrx_word' id='word_1_118' title='bbox 806 1595 855 1647; x_wconf 78' lang='grc' dir='ltr'><strong>εἰ</strong></span> <span class='ocrx_word' id='word_1_119' title='bbox 895 1596 990 1649; x_wconf 71' lang='grc' dir='ltr'><strong>καί¹</strong></span> <span class='ocrx_word' id='word_1_120' title='bbox 1027 1596 1252 1666; x_wconf 83' lang='grc' dir='ltr'><strong>ἀνόητον</strong></span> <span class='ocrx_word' id='word_1_121' title='bbox 1285 1599 1368 1668; x_wconf 79' lang='grc' dir='ltr'><strong>ἐφ’</strong></span> <span class='ocrx_word' id='word_1_122' title='bbox 1415 1594 1496 1662; x_wconf 74' lang='grc' dir='ltr'><strong>οἷς</strong></span> <span class='ocrx_word' id='word_1_123' title='bbox 1542 1600 1825 1670; x_wconf 81' lang='grc' dir='ltr'><strong>ὑπηρετή-</strong></span> 
     </span>
    </p>
   </div>
   <div class='ocr_carea' id='block_1_18' title="bbox 157 1685 1828 1762">
    <p class='ocr_par' dir='ltr' id='par_1_18' title="bbox 157 1685 1828 1762">
     <span class='ocr_line' id='line_1_18' title="bbox 157 1685 1828 1762; baseline 0.006 -26"><span class='ocrx_word' id='word_1_124' title='bbox 157 1685 160 1688; x_wconf 83' lang='grc'><em>’</em></span> <span class='ocrx_word' id='word_1_125' title='bbox 253 1701 443 1749; x_wconf 87' lang='grc' dir='ltr'><strong>σαντο,</strong></span> <span class='ocrx_word' id='word_1_126' title='bbox 475 1687 710 1751; x_wconf 71' lang='grc' dir='ltr'><strong>ἕξουσιν.</strong></span> <span class='ocrx_word' id='word_1_127' title='bbox 751 1687 974 1758; x_wconf 81' lang='grc' dir='ltr'><strong>Ἐπειδὴ</strong></span> <span class='ocrx_word' id='word_1_128' title='bbox 1007 1689 1063 1742; x_wconf 80' lang='grc' dir='ltr'><strong>δὲ</strong></span> <span class='ocrx_word' id='word_1_129' title='bbox 1088 1689 1171 1753; x_wconf 78' lang='grc' dir='ltr'><strong>τὸ,</strong></span> <span class='ocrx_word' id='word_1_130' title='bbox 1211 1708 1230 1741; x_wconf 75' lang='grc' dir='ltr'><strong>ι</strong></span> <span class='ocrx_word' id='word_1_131' title='bbox 1270 1690 1586 1762; x_wconf 88' lang='grc' dir='ltr'><strong>Σπείρεται,</strong></span> <span class='ocrx_word' id='word_1_132' title='bbox 1618 1711 1636 1744; x_wconf 75' lang='grc' dir='ltr'><strong>ι</strong></span> <span class='ocrx_word' id='word_1_133' title='bbox 1697 1691 1828 1746; x_wconf 49' lang='lat' dir='ltr'><strong>no)!-</strong></span> 
     </span>
    </p>
   </div>
   <div class='ocr_carea' id='block_1_19' title="bbox 249 1773 1825 1853">
    <p class='ocr_par' dir='ltr' id='par_1_19' title="bbox 249 1773 1825 1853">
     <span class='ocr_line' id='line_1_19' title="bbox 249 1773 1825 1853; baseline 0.007 -26"><span class='ocrx_word' id='word_1_134' title='bbox 249 1775 417 1840; x_wconf 83' lang='grc' dir='ltr'><strong>λάκις</strong></span> <span class='ocrx_word' id='word_1_135' title='bbox 469 1773 612 1840; x_wconf 76' lang='grc' dir='ltr'><strong>εἷπε,</strong></span> <span class='ocrx_word' id='word_1_136' title='bbox 664 1777 756 1830; x_wconf 69' lang='grc' dir='ltr'><strong>καὶ</strong></span> <span class='ocrx_word' id='word_1_137' title='bbox 810 1777 890 1844; x_wconf 85' lang='grc' dir='ltr'><strong>τὸ,</strong></span> <span class='ocrx_word' id='word_1_138' title='bbox 929 1797 950 1830; x_wconf 71' lang='grc' dir='ltr'><strong>ι</strong></span> <span class='ocrx_word' id='word_1_139' title='bbox 997 1779 1322 1851; x_wconf 87' lang='grc' dir='ltr'><strong>Ἑγείρεται,</strong></span> <span class='ocrx_word' id='word_1_140' title='bbox 1371 1799 1390 1833; x_wconf 73' lang='grc' dir='ltr'><strong>ι</strong></span> <span class='ocrx_word' id='word_1_141' title='bbox 1427 1782 1644 1853; x_wconf 83' lang='grc' dir='ltr'><strong>ὁμοίως,</strong></span> <span class='ocrx_word' id='word_1_142' title='bbox 1669 1783 1721 1836; x_wconf 86' lang='grc' dir='ltr'><strong>τί</strong></span> <span class='ocrx_word' id='word_1_143' title='bbox 1770 1787 1825 1838; x_wconf 80' lang='grc' dir='ltr'><strong>δέ</strong></span> 
     </span>
    </p>
   </div>
   <div class='ocr_carea' id='block_1_20' title="bbox 254 1869 1824 1943">
    <p class='ocr_par' dir='ltr' id='par_1_20' title="bbox 254 1869 1824 1943">
     <span class='ocr_line' id='line_1_20' title="bbox 254 1869 1824 1943; baseline 0.006 -23"><span class='ocrx_word' id='word_1_144' title='bbox 254 1869 472 1921; x_wconf 73' lang='grc' dir='ltr'><strong>ἔστιτὸ</strong></span> <span class='ocrx_word' id='word_1_145' title='bbox 518 1870 893 1939; x_wconf 85' lang='grc' dir='ltr'><strong>σπειρόμενον,</strong></span> <span class='ocrx_word' id='word_1_146' title='bbox 940 1869 972 1941; x_wconf 80' lang='grc' dir='ltr'>ἦ</span> <span class='ocrx_word' id='word_1_147' title='bbox 1040 1871 1099 1924; x_wconf 83' lang='grc' dir='ltr'><strong>τὸ</strong></span> <span class='ocrx_word' id='word_1_148' title='bbox 1155 1872 1526 1943; x_wconf 77' lang='grc' dir='ltr'><strong>ἐγειρόμενον,</strong></span> <span class='ocrx_word' id='word_1_149' title='bbox 1558 1876 1658 1928; x_wconf 83' lang='grc' dir='ltr'><strong>οὐκ</strong></span> <span class='ocrx_word' id='word_1_150' title='bbox 1683 1872 1824 1929; x_wconf 86' lang='grc' dir='ltr'><strong>εἷπε·</strong></span> 
     </span>
    </p>
   </div>
   <div class='ocr_carea' id='block_1_21' title="bbox 250 1954 1828 2033">
    <p class='ocr_par' dir='ltr' id='par_1_21' title="bbox 250 1954 1828 2033">
     <span class='ocr_line' id='line_1_21' title="bbox 250 1954 1828 2033; baseline 0.006 -21"><span class='ocrx_word' id='word_1_151' title='bbox 250 1960 345 2015; x_wconf 84' lang='grc' dir='ltr'><strong>διά</strong></span> <span class='ocrx_word' id='word_1_152' title='bbox 382 1961 538 2014; x_wconf 83' lang='grc' dir='ltr'><strong>τοῦτο</strong></span> <span class='ocrx_word' id='word_1_153' title='bbox 569 1954 704 2030; x_wconf 75' lang='grc' dir='ltr'><strong>μετὰ</strong></span> <span class='ocrx_word' id='word_1_154' title='bbox 751 1963 922 2016; x_wconf 83' lang='grc' dir='ltr'><strong>ταῦτα</strong></span> <span class='ocrx_word' id='word_1_155' title='bbox 951 1964 1196 2033; x_wconf 85' lang='grc' dir='ltr'><strong>ἐπήγαγε</strong></span> <span class='ocrx_word' id='word_1_156' title='bbox 1227 1965 1322 2018; x_wconf 71' lang='grc' dir='ltr'><strong>καὶ</strong></span> <span class='ocrx_word' id='word_1_157' title='bbox 1355 1966 1511 2019; x_wconf 87' lang='grc' dir='ltr'><strong>τοῦτο</strong></span> <span class='ocrx_word' id='word_1_158' title='bbox 1543 1981 1556 1996; x_wconf 89' lang='grc'><strong>·</strong></span> <span class='ocrx_word' id='word_1_159' title='bbox 1600 1986 1620 2019; x_wconf 83' lang='grc'><strong><em>‹</em></strong></span> <span class='ocrx_word' id='word_1_160' title='bbox 1663 1970 1828 2022; x_wconf 84' lang='grc' dir='ltr'><strong>Σπεί-</strong></span> 
     </span>
    </p>
   </div>
   <div class='ocr_carea' id='block_1_22' title="bbox 254 2043 1830 2126">
    <p class='ocr_par' dir='ltr' id='par_1_22' title="bbox 254 2043 1830 2126">
     <span class='ocr_line' id='line_1_22' title="bbox 254 2043 1830 2126; baseline 0.003 -24"><span class='ocrx_word' id='word_1_161' title='bbox 254 2066 438 2120; x_wconf 85' lang='grc' dir='ltr'><strong>ρεται.</strong></span> <span class='ocrx_word' id='word_1_162' title='bbox 472 2050 667 2118; x_wconf 80' lang='grc' dir='ltr'><strong>λέγων,</strong></span> <span class='ocrx_word' id='word_1_163' title='bbox 702 2051 863 2120; x_wconf 78' lang='grc' dir='ltr'><strong>σῶμα</strong></span> <span class='ocrx_word' id='word_1_164' title='bbox 900 2050 1151 2121; x_wconf 78' lang='grc' dir='ltr'><strong>ψυχικὸν,</strong></span> <span class='ocrx_word' id='word_1_165' title='bbox 1201 2071 1219 2104; x_wconf 73' lang='grc' dir='ltr'><strong>ι</strong></span> <span class='ocrx_word' id='word_1_166' title='bbox 1259 2051 1287 2105; x_wconf 85' lang='grc' dir='ltr'><strong>δ</strong></span> <span class='ocrx_word' id='word_1_167' title='bbox 1338 2043 1504 2106; x_wconf 68' lang='grc' dir='ltr'><strong>ἐἷπον</strong></span> <span class='ocrx_word' id='word_1_168' title='bbox 1543 2055 1602 2107; x_wconf 76' lang='grc' dir='ltr'><strong>ἐν</strong></span> <span class='ocrx_word' id='word_1_169' title='bbox 1655 2055 1830 2126; x_wconf 80' lang='grc' dir='ltr'>φθορᾷ</span> 
     </span>
    </p>
   </div>
   <div class='ocr_carea' id='block_1_23' title="bbox 253 2142 1828 2214">
    <p class='ocr_par' dir='ltr' id='par_1_23' title="bbox 253 2142 1828 2214">
     <span class='ocr_line' id='line_1_23' title="bbox 253 2142 1828 2214; baseline 0.003 -20"><span class='ocrx_word' id='word_1_170' title='bbox 253 2144 352 2194; x_wconf 72' lang='grc' dir='ltr'><strong>καὶ</strong></span> <span class='ocrx_word' id='word_1_171' title='bbox 392 2142 452 2194; x_wconf 82' lang='grc' dir='ltr'><strong>ἑν</strong></span> <span class='ocrx_word' id='word_1_172' title='bbox 507 2142 698 2212; x_wconf 78' lang='grc' dir='ltr'><strong>ἀτιμίᾳ</strong></span> <span class='ocrx_word' id='word_1_173' title='bbox 762 2143 855 2195; x_wconf 73' lang='grc' dir='ltr'><strong>καὶ</strong></span> <span class='ocrx_word' id='word_1_174' title='bbox 901 2144 958 2194; x_wconf 83' lang='grc' dir='ltr'><strong>ὲν</strong></span> <span class='ocrx_word' id='word_1_175' title='bbox 1013 2143 1268 2214; x_wconf 73' lang='grc' dir='ltr'><strong>ἀσθενείᾳ</strong></span> <span class='ocrx_word' id='word_1_176' title='bbox 1334 2143 1679 2214; x_wconf 77' lang='grc' dir='ltr'><strong>σπείρεσθαι,</strong></span> <span class='ocrx_word' id='word_1_177' title='bbox 1714 2145 1828 2198; x_wconf 85' lang='grc' dir='ltr'><strong>ἀλλ’</strong></span> 
     </span>
    </p>
   </div>
   <div class='ocr_carea' id='block_1_24' title="bbox 252 2230 1826 2309">
    <p class='ocr_par' dir='ltr' id='par_1_24' title="bbox 252 2230 1826 2309">
     <span class='ocr_line' id='line_1_24' title="bbox 252 2230 1826 2309; baseline 0.006 -27"><span class='ocrx_word' id='word_1_178' title='bbox 252 2230 535 2301; x_wconf 74' lang='grc' dir='ltr'><strong>ἐγείρεται</strong></span> <span class='ocrx_word' id='word_1_179' title='bbox 569 2233 726 2302; x_wconf 86' lang='grc' dir='ltr'><strong>σῶμα</strong></span> <span class='ocrx_word' id='word_1_180' title='bbox 763 2235 1153 2304; x_wconf 78' lang='grc' dir='ltr'><strong>πνευματικὸν,</strong></span> <span class='ocrx_word' id='word_1_181' title='bbox 1179 2234 1207 2287; x_wconf 82' lang='grc' dir='ltr'><strong>ὃ</strong></span> <span class='ocrx_word' id='word_1_182' title='bbox 1240 2237 1296 2288; x_wconf 78' lang='grc' dir='ltr'><strong>ἑν</strong></span> <span class='ocrx_word' id='word_1_183' title='bbox 1318 2236 1444 2308; x_wconf 77' lang='grc' dir='ltr'><strong>δόξῃ</strong></span> <span class='ocrx_word' id='word_1_184' title='bbox 1474 2238 1570 2290; x_wconf 74' lang='grc' dir='ltr'><strong>καὶ</strong></span> <span class='ocrx_word' id='word_1_185' title='bbox 1599 2237 1826 2309; x_wconf 82' lang='grc' dir='ltr'><strong>δυνάμει</strong></span> 
     </span>
    </p>
   </div>
   <div class='ocr_carea' id='block_1_25' title="bbox 253 2323 1826 2400">
    <p class='ocr_par' dir='ltr' id='par_1_25' title="bbox 253 2323 1826 2400">
     <span class='ocr_line' id='line_1_25' title="bbox 253 2323 1826 2400; baseline 0.004 -24"><span class='ocrx_word' id='word_1_186' title='bbox 253 2323 356 2376; x_wconf 77' lang='grc' dir='ltr'><strong>καὶ</strong></span> <span class='ocrx_word' id='word_1_187' title='bbox 387 2326 447 2376; x_wconf 77' lang='grc' dir='ltr'><strong>εν</strong></span> <span class='ocrx_word' id='word_1_188' title='bbox 495 2325 773 2393; x_wconf 71' lang='grc' dir='ltr'><strong>ἀφθαρσίᾳ.</strong></span> <span class='ocrx_word' id='word_1_189' title='bbox 827 2325 1210 2400; x_wconf 79' lang='grc' dir='ltr'><strong>ἐγερθήσεται.</strong></span> <span class='ocrx_word' id='word_1_190' title='bbox 1253 2328 1325 2381; x_wconf 72' lang='lat' dir='ltr'><strong>re</strong></span> <span class='ocrx_word' id='word_1_191' title='bbox 1380 2329 1489 2398; x_wconf 78' lang='grc' dir='ltr'><strong>γὰρ</strong></span> <span class='ocrx_word' id='word_1_192' title='bbox 1552 2329 1826 2384; x_wconf 77' lang='grc' dir='ltr'><strong>ἀθάνατον</strong></span> 
     </span>
    </p>
   </div>
   <div class='ocr_carea' id='block_1_26' title="bbox 254 2407 1828 2490">
    <p class='ocr_par' dir='ltr' id='par_1_26' title="bbox 254 2407 1828 2490">
     <span class='ocr_line' id='line_1_26' title="bbox 254 2407 1828 2490; baseline 0.005 -23"><span class='ocrx_word' id='word_1_193' title='bbox 254 2413 400 2468; x_wconf 81' lang='grc' dir='ltr'><strong>κατά</strong></span> <span class='ocrx_word' id='word_1_194' title='bbox 430 2415 523 2468; x_wconf 86' lang='grc' dir='ltr'><strong>τδν</strong></span> <span class='ocrx_word' id='word_1_195' title='bbox 551 2417 750 2470; x_wconf 86' lang='grc' dir='ltr'><strong>οἰκεῖον</strong></span> <span class='ocrx_word' id='word_1_196' title='bbox 793 2407 951 2485; x_wconf 76' lang='grc' dir='ltr'><strong>λόγον</strong></span> <span class='ocrx_word' id='word_1_197' title='bbox 981 2418 1076 2473; x_wconf 79' lang='grc' dir='ltr'><strong>καὶ</strong></span> <span class='ocrx_word' id='word_1_198' title='bbox 1119 2418 1330 2484; x_wconf 76' lang='grc' dir='ltr'><strong>ἔνδοξον</strong></span> <span class='ocrx_word' id='word_1_199' title='bbox 1366 2422 1459 2475; x_wconf 71' lang='grc' dir='ltr'><strong>καὶ</strong></span> <span class='ocrx_word' id='word_1_200' title='bbox 1480 2411 1696 2490; x_wconf 78' lang='grc' dir='ltr'><strong>ἔντιμον</strong></span> <span class='ocrx_word' id='word_1_201' title='bbox 1735 2422 1828 2476; x_wconf 71' lang='grc' dir='ltr'><strong>καὶ</strong></span> 
     </span>
    </p>
   </div>
   <div class='ocr_carea' id='block_1_27' title="bbox 253 2501 1828 2585">
    <p class='ocr_par' dir='ltr' id='par_1_27' title="bbox 253 2501 1828 2585">
     <span class='ocr_line' id='line_1_27' title="bbox 253 2501 1828 2585; baseline 0.006 -28"><span class='ocrx_word' id='word_1_202' title='bbox 253 2504 555 2574; x_wconf 63' lang='grc' dir='ltr'><strong>ἄφθαρτον,</strong></span> <span class='ocrx_word' id='word_1_203' title='bbox 601 2507 649 2558; x_wconf 86' lang='grc' dir='ltr'><strong>εί</strong></span> <span class='ocrx_word' id='word_1_204' title='bbox 707 2509 800 2559; x_wconf 78' lang='grc' dir='ltr'><strong>καὶ</strong></span> <span class='ocrx_word' id='word_1_205' title='bbox 841 2511 952 2571; x_wconf 86' lang='grc' dir='ltr'><strong>τοῖς</strong></span> <span class='ocrx_word' id='word_1_206' title='bbox 1007 2501 1352 2581; x_wconf 78' lang='grc' dir='ltr'><strong>ἁμαρτωλοῖς</strong></span> <span class='ocrx_word' id='word_1_207' title='bbox 1423 2513 1683 2585; x_wconf 72' lang='grc' dir='ltr'><strong>αἰσχύνης</strong></span> <span class='ocrx_word' id='word_1_208' title='bbox 1731 2513 1828 2567; x_wconf 75' lang='grc' dir='ltr'><strong>καὶ</strong></span> 
     </span>
    </p>
   </div>
   <div class='ocr_carea' id='block_1_28' title="bbox 247 2597 1829 2674">
    <p class='ocr_par' dir='ltr' id='par_1_28' title="bbox 247 2597 1829 2674">
     <span class='ocr_line' id='line_1_28' title="bbox 247 2597 1829 2674; baseline 0.006 -25"><span class='ocrx_word' id='word_1_209' title='bbox 247 2597 492 2662; x_wconf 82' lang='grc' dir='ltr'><strong>ἀδοξίας,</strong></span> <span class='ocrx_word' id='word_1_210' title='bbox 534 2597 618 2650; x_wconf 76' lang='grc' dir='ltr'><strong>διά</strong></span> <span class='ocrx_word' id='word_1_211' title='bbox 643 2597 742 2668; x_wconf 82' lang='grc' dir='ltr'><strong>τὴν</strong></span> <span class='ocrx_word' id='word_1_212' title='bbox 774 2599 980 2654; x_wconf 75' lang='grc' dir='ltr'><strong>οἰκείαν</strong></span> <span class='ocrx_word' id='word_1_213' title='bbox 1031 2602 1335 2672; x_wconf 81' lang='grc' dir='ltr'><strong>μοχθηρίαν</strong></span> <span class='ocrx_word' id='word_1_214' title='bbox 1393 2604 1652 2669; x_wconf 85' lang='grc' dir='ltr'><strong>ὑπόθεσις</strong></span> <span class='ocrx_word' id='word_1_215' title='bbox 1689 2605 1829 2674; x_wconf 80' lang='grc' dir='ltr'><strong>γίνε-</strong></span> 
     </span>
    </p>
   </div>
   <div class='ocr_carea' id='block_1_29' title="bbox 243 2689 1823 2770">
    <p class='ocr_par' dir='ltr' id='par_1_29' title="bbox 243 2689 1823 2770">
     <span class='ocr_line' id='line_1_29' title="bbox 243 2689 1823 2770; baseline 0.016 -31"><span class='ocrx_word' id='word_1_216' title='bbox 243 2701 366 2741; x_wconf 83' lang='grc' dir='ltr'><strong>ται.</strong></span> <span class='ocrx_word' id='word_1_217' title='bbox 396 2707 415 2740; x_wconf 74' lang='grc' dir='ltr'><strong>ι</strong></span> <span class='ocrx_word' id='word_1_218' title='bbox 468 2689 623 2742; x_wconf 81' lang='grc' dir='ltr'><strong>Ἔστι</strong></span> <span class='ocrx_word' id='word_1_219' title='bbox 678 2689 835 2758; x_wconf 85' lang='grc' dir='ltr'><strong>σῶμα</strong></span> <span class='ocrx_word' id='word_1_220' title='bbox 872 2690 1120 2762; x_wconf 72' lang='grc' dir='ltr'><strong>ψυχικόν.</strong></span> <span class='ocrx_word' id='word_1_221' title='bbox 1176 2713 1194 2745; x_wconf 84' lang='grc'><strong>›</strong></span> <span class='ocrx_word' id='word_1_222' title='bbox 1232 2695 1348 2749; x_wconf 86' lang='grc' dir='ltr'><strong>Ἵνα</strong></span> <span class='ocrx_word' id='word_1_223' title='bbox 1402 2698 1474 2768; x_wconf 83' lang='grc' dir='ltr'><strong>μή</strong></span> <span class='ocrx_word' id='word_1_224' title='bbox 1526 2714 1610 2760; x_wconf 76' lang='grc' dir='ltr'><strong>τις</strong></span> <span class='ocrx_word' id='word_1_225' title='bbox 1644 2698 1772 2770; x_wconf 68' lang='grc' dir='ltr'><strong>εἴπῃ</strong></span> <span class='ocrx_word' id='word_1_226' title='bbox 1807 2715 1823 2730; x_wconf 87' lang='grc'><strong><em>⁸</em></strong></span> 
     </span>
    </p>
   </div>
   <div class='ocr_carea' id='block_1_30' title="bbox 244 2781 1828 2860">
    <p class='ocr_par' dir='ltr' id='par_1_30' title="bbox 244 2781 1828 2860">
     <span class='ocr_line' id='line_1_30' title="bbox 244 2781 1828 2860; baseline 0.004 -24"><span class='ocrx_word' id='word_1_227' title='bbox 244 2781 427 2836; x_wconf 83' lang='grc' dir='ltr'><strong>Πόθεν</strong></span> <span class='ocrx_word' id='word_1_228' title='bbox 480 2785 614 2852; x_wconf 83' lang='grc' dir='ltr'><strong>ἡμῖν</strong></span> <span class='ocrx_word' id='word_1_229' title='bbox 657 2784 901 2853; x_wconf 75' lang='grc' dir='ltr'><strong>εἰσάγεις</strong></span> <span class='ocrx_word' id='word_1_230' title='bbox 951 2786 1180 2857; x_wconf 82' lang='grc' dir='ltr'><strong>σώματα</strong></span> <span class='ocrx_word' id='word_1_231' title='bbox 1241 2788 1497 2860; x_wconf 71' lang='grc' dir='ltr'><strong>διάφορα,</strong></span> <span class='ocrx_word' id='word_1_232' title='bbox 1529 2790 1623 2842; x_wconf 73' lang='grc' dir='ltr'><strong>καὶ</strong></span> <span class='ocrx_word' id='word_1_233' title='bbox 1645 2790 1828 2858; x_wconf 81' lang='grc' dir='ltr'><strong>λέγεις</strong></span> 
     </span>
    </p>
   </div>
   <div class='ocr_carea' id='block_1_31' title="bbox 243 2873 1826 2953">
    <p class='ocr_par' dir='ltr' id='par_1_31' title="bbox 243 2873 1826 2953">
     <span class='ocr_line' id='line_1_31' title="bbox 243 2873 1826 2953; baseline 0.006 -26"><span class='ocrx_word' id='word_1_234' title='bbox 243 2873 484 2945; x_wconf 71' lang='grc' dir='ltr'><strong>ψυχικὸν</strong></span> <span class='ocrx_word' id='word_1_235' title='bbox 517 2879 614 2930; x_wconf 76' lang='grc' dir='ltr'><strong>καὶ</strong></span> <span class='ocrx_word' id='word_1_236' title='bbox 661 2879 1056 2946; x_wconf 77' lang='grc' dir='ltr'><strong>πνευματικὸν.</strong></span> <span class='ocrx_word' id='word_1_237' title='bbox 1124 2879 1292 2948; x_wconf 83' lang='grc' dir='ltr'><strong>φησίν</strong></span> <span class='ocrx_word' id='word_1_238' title='bbox 1321 2895 1336 2911; x_wconf 79' lang='grc'><strong><em>⁸</em></strong></span> <span class='ocrx_word' id='word_1_239' title='bbox 1381 2899 1399 2931; x_wconf 76' lang='grc' dir='ltr'><strong>ι</strong></span> <span class='ocrx_word' id='word_1_240' title='bbox 1453 2881 1608 2934; x_wconf 86' lang='grc' dir='ltr'><strong>Ἐστι</strong></span> <span class='ocrx_word' id='word_1_241' title='bbox 1669 2883 1826 2953; x_wconf 82' lang='grc' dir='ltr'><strong>σῶμα</strong></span> 
     </span>
    </p>
   </div>
   <div class='ocr_carea' id='block_1_32' title="bbox 245 2968 1825 3041">
    <p class='ocr_par' dir='ltr' id='par_1_32' title="bbox 245 2968 1825 3041">
     <span class='ocr_line' id='line_1_32' title="bbox 245 2968 1825 3041; baseline 0.005 -21"><span class='ocrx_word' id='word_1_242' title='bbox 245 2968 655 3037; x_wconf 81' lang='grc' dir='ltr'><strong>πνευματικὸν,</strong></span> <span class='ocrx_word' id='word_1_243' title='bbox 717 2971 812 3022; x_wconf 75' lang='grc' dir='ltr'><strong>καὶ</strong></span> <span class='ocrx_word' id='word_1_244' title='bbox 879 2969 993 3023; x_wconf 79' lang='grc' dir='ltr'><strong>ἔστι</strong></span> <span class='ocrx_word' id='word_1_245' title='bbox 1027 2971 1186 3040; x_wconf 81' lang='grc' dir='ltr'><strong>σῶμα</strong></span> <span class='ocrx_word' id='word_1_246' title='bbox 1229 2971 1480 3040; x_wconf 79' lang='grc' dir='ltr'><strong>ψυχικόν.</strong></span> <span class='ocrx_word' id='word_1_247' title='bbox 1514 2974 1664 3026; x_wconf 71' lang='grc' dir='ltr'><strong>»Οὐκ</strong></span> <span class='ocrx_word' id='word_1_248' title='bbox 1716 2975 1825 3041; x_wconf 75' lang='grc' dir='ltr'><strong>ἐγὼ</strong></span> 
     </span>
    </p>
   </div>
   <div class='ocr_carea' id='block_1_33' title="bbox 243 3059 1824 3129">
    <p class='ocr_par' dir='ltr' id='par_1_33' title="bbox 243 3059 1824 3129">
     <span class='ocr_line' id='line_1_33' title="bbox 243 3059 1824 3129; baseline 0.003 -16"><span class='ocrx_word' id='word_1_249' title='bbox 243 3059 545 3129; x_wconf 80' lang='grc' dir='ltr'><strong>τοιγαροῦν</strong></span> <span class='ocrx_word' id='word_1_250' title='bbox 604 3061 722 3113; x_wconf 83' lang='grc' dir='ltr'><strong>κατ’</strong></span> <span class='ocrx_word' id='word_1_251' title='bbox 775 3062 912 3119; x_wconf 86' lang='grc' dir='ltr'><strong>ἰδίαν</strong></span> <span class='ocrx_word' id='word_1_252' title='bbox 945 3062 1194 3128; x_wconf 74' lang='grc' dir='ltr'><strong>ἐξουσίαν</strong></span> <span class='ocrx_word' id='word_1_253' title='bbox 1229 3064 1323 3116; x_wconf 72' lang='grc' dir='ltr'><strong>καὶ</strong></span> <span class='ocrx_word' id='word_1_254' title='bbox 1349 3065 1592 3118; x_wconf 76' lang='grc' dir='ltr'><strong>ἐπίνοιαν</strong></span> <span class='ocrx_word' id='word_1_255' title='bbox 1655 3066 1824 3119; x_wconf 85' lang='grc' dir='ltr'><strong>ταῦτα</strong></span> 
     </span>
    </p>
   </div>
   <div class='ocr_carea' id='block_1_34' title="bbox 1926 587 3495 664">
    <p class='ocr_par' dir='ltr' id='par_1_34' title="bbox 1926 587 3495 664">
     <span class='ocr_line' id='line_1_34' title="bbox 1926 587 3495 664; baseline -0.003 -19"><span class='ocrx_word' id='word_1_256' title='bbox 1926 592 2091 648; x_wconf 90' lang='lat' dir='ltr'><strong>minis</strong></span> <span class='ocrx_word' id='word_1_257' title='bbox 2141 609 2340 664; x_wconf 85' lang='lat' dir='ltr'><strong>corpus</strong></span> <span class='ocrx_word' id='word_1_258' title='bbox 2381 611 2393 648; x_wconf 90' lang='lat'>:</span> <span class='ocrx_word' id='word_1_259' title='bbox 2440 609 2563 647; x_wconf 91' lang='lat' dir='ltr'><strong>nam</strong></span> <span class='ocrx_word' id='word_1_260' title='bbox 2624 595 2731 647; x_wconf 73' lang='lat' dir='ltr'><strong>lioc</strong></span> <span class='ocrx_word' id='word_1_261' title='bbox 2771 600 2825 646; x_wconf 90' lang='lat' dir='ltr'><strong>et</strong></span> <span class='ocrx_word' id='word_1_262' title='bbox 2863 591 2917 644; x_wconf 89' lang='lat' dir='ltr'><strong>in</strong></span> <span class='ocrx_word' id='word_1_263' title='bbox 2971 587 3329 658; x_wconf 82' lang='lat' dir='ltr'><strong>corruptione</strong></span> <span class='ocrx_word' id='word_1_264' title='bbox 3356 589 3495 641; x_wconf 85' lang='lat' dir='ltr'><strong>etin</strong></span> 
     </span>
    </p>
   </div>
   <div class='ocr_carea' id='block_1_35' title="bbox 1924 679 3498 753">
    <p class='ocr_par' dir='ltr' id='par_1_35' title="bbox 1924 679 3498 753">
     <span class='ocr_line' id='line_1_35' title="bbox 1924 679 3498 753; baseline -0.001 -18"><span class='ocrx_word' id='word_1_265' title='bbox 1924 683 2228 753; x_wconf 75' lang='lat' dir='ltr'><strong>ignominia</strong></span> <span class='ocrx_word' id='word_1_266' title='bbox 2261 693 2314 738; x_wconf 88' lang='lat' dir='ltr'><strong>et</strong></span> <span class='ocrx_word' id='word_1_267' title='bbox 2343 685 2394 738; x_wconf 91' lang='lat' dir='ltr'><strong>in</strong></span> <span class='ocrx_word' id='word_1_268' title='bbox 2430 683 2758 738; x_wconf 80' lang='lat' dir='ltr'><strong>infirmitate</strong></span> <span class='ocrx_word' id='word_1_269' title='bbox 2797 681 3104 737; x_wconf 69' lang='lat' dir='ltr'><strong>seminatur</strong></span> <span class='ocrx_word' id='word_1_270' title='bbox 3136 695 3196 735; x_wconf 88' lang='lat' dir='ltr'><strong>ac</strong></span> <span class='ocrx_word' id='word_1_271' title='bbox 3234 679 3498 750; x_wconf 71' lang='lat' dir='ltr'><strong>sepelitur</strong></span> 
     </span>
    </p>
   </div>
   <div class='ocr_carea' id='block_1_36' title="bbox 1923 771 3494 846">
    <p class='ocr_par' dir='ltr' id='par_1_36' title="bbox 1923 771 3494 846">
     <span class='ocr_line' id='line_1_36' title="bbox 1923 771 3494 846; baseline -0.003 -19"><span class='ocrx_word' id='word_1_272' title='bbox 1923 772 1980 827; x_wconf 89' lang='lat' dir='ltr'><strong>in</strong></span> <span class='ocrx_word' id='word_1_273' title='bbox 2043 785 2226 840; x_wconf 86' lang='lat' dir='ltr'><strong>terra;</strong></span> <span class='ocrx_word' id='word_1_274' title='bbox 2259 775 2360 830; x_wconf 88' lang='lat' dir='ltr'><strong>hoc</strong></span> <span class='ocrx_word' id='word_1_275' title='bbox 2407 791 2536 846; x_wconf 80' lang='lat' dir='ltr'><strong>ergo</strong></span> <span class='ocrx_word' id='word_1_276' title='bbox 2569 775 3061 841; x_wconf 77' lang='lat' dir='ltr'><strong>mortale-corpus</strong></span> <span class='ocrx_word' id='word_1_277' title='bbox 3097 771 3334 825; x_wconf 82' lang='lat' dir='ltr'><strong>animale</strong></span> <span class='ocrx_word' id='word_1_278' title='bbox 3389 779 3494 836; x_wconf 82' lang='lat' dir='ltr'><strong>est,</strong></span> 
     </span>
    </p>
   </div>
   <div class='ocr_carea' id='block_1_37' title="bbox 1925 859 3497 932">
    <p class='ocr_par' dir='ltr' id='par_1_37' title="bbox 1925 859 3497 932">
     <span class='ocr_line' id='line_1_37' title="bbox 1925 859 3497 932; baseline -0.001 -16"><span class='ocrx_word' id='word_1_279' title='bbox 1925 864 2018 932; x_wconf 91' lang='lat' dir='ltr'><strong>qui</strong></span> <span class='ocrx_word' id='word_1_280' title='bbox 2091 865 2420 920; x_wconf 81' lang='lat' dir='ltr'><strong>animalibus</strong></span> <span class='ocrx_word' id='word_1_281' title='bbox 2463 866 2744 922; x_wconf 87' lang='lat' dir='ltr'><strong>subservit</strong></span> <span class='ocrx_word' id='word_1_282' title='bbox 2794 863 3198 918; x_wconf 75' lang='lat' dir='ltr'><strong>aﬂ&#39;ectionibus.</strong></span> <span class='ocrx_word' id='word_1_283' title='bbox 3239 881 3258 914; x_wconf 88' lang='grc'><strong><em>‹</em></strong></span> <span class='ocrx_word' id='word_1_284' title='bbox 3325 859 3497 914; x_wconf 86' lang='lat' dir='ltr'><strong>Nemo</strong></span> 
     </span>
    </p>
   </div>
   <div class='ocr_carea' id='block_1_38' title="bbox 1923 953 3497 1026">
    <p class='ocr_par' dir='ltr' id='par_1_38' title="bbox 1923 953 3497 1026">
     <span class='ocr_line' id='line_1_38' title="bbox 1923 953 3497 1026; baseline 0 -18"><span class='ocrx_word' id='word_1_285' title='bbox 1923 953 2070 1008; x_wconf 86' lang='lat' dir='ltr'><strong>enim</strong></span> <span class='ocrx_word' id='word_1_286' title='bbox 2111 970 2140 1009; x_wconf 90' lang='lat' dir='ltr'><strong>a</strong></span> <span class='ocrx_word' id='word_1_287' title='bbox 2177 959 2336 1011; x_wconf 80' lang='lat' dir='ltr'><strong>sorde</strong></span> <span class='ocrx_word' id='word_1_288' title='bbox 2391 964 2560 1026; x_wconf 87' lang='lat' dir='ltr'><strong>purus</strong></span> <span class='ocrx_word' id='word_1_289' title='bbox 2607 967 2710 1021; x_wconf 87' lang='lat' dir='ltr'><strong>est,</strong></span> <span class='ocrx_word' id='word_1_290' title='bbox 2737 971 2808 1012; x_wconf 91' lang='lat' dir='ltr'><strong>ne</strong></span> <span class='ocrx_word' id='word_1_291' title='bbox 2860 957 2904 1011; x_wconf 84' lang='lat' dir='ltr'><strong>si</strong></span> <span class='ocrx_word' id='word_1_292' title='bbox 2945 971 3088 1009; x_wconf 91' lang='lat' dir='ltr'><strong>unus</strong></span> <span class='ocrx_word' id='word_1_293' title='bbox 3124 955 3340 1023; x_wconf 83' lang='lat' dir='ltr'><strong>quidem</strong></span> <span class='ocrx_word' id='word_1_294' title='bbox 3379 953 3497 1008; x_wconf 88' lang='lat' dir='ltr'><strong>dies</strong></span> 
     </span>
    </p>
   </div>
   <div class='ocr_carea' id='block_1_39' title="bbox 1926 1045 3496 1118">
    <p class='ocr_par' dir='ltr' id='par_1_39' title="bbox 1926 1045 3496 1118">
     <span class='ocr_line' id='line_1_39' title="bbox 1926 1045 3496 1118; baseline -0.003 -18"><span class='ocrx_word' id='word_1_295' title='bbox 1926 1045 2000 1100; x_wconf 87' lang='lat' dir='ltr'><strong>sit</strong></span> <span class='ocrx_word' id='word_1_296' title='bbox 2049 1045 2160 1100; x_wconf 84' lang='lat' dir='ltr'><strong>vita</strong></span> <span class='ocrx_word' id='word_1_297' title='bbox 2191 1048 2310 1118; x_wconf 87' lang='lat' dir='ltr'><strong>ejus</strong></span> <span class='ocrx_word' id='word_1_298' title='bbox 2344 1049 2412 1102; x_wconf 84' lang='grc'><strong>⁸⁸.</strong></span> <span class='ocrx_word' id='word_1_299' title='bbox 2455 1067 2473 1101; x_wconf 82' lang='grc'>›</span> <span class='ocrx_word' id='word_1_300' title='bbox 2540 1047 2824 1118; x_wconf 74' lang='lat' dir='ltr'><strong>Siquidem</strong></span> <span class='ocrx_word' id='word_1_301' title='bbox 2880 1055 3149 1117; x_wconf 72' lang='lat' dir='ltr'><strong>quotquot</strong></span> <span class='ocrx_word' id='word_1_302' title='bbox 3175 1047 3338 1100; x_wconf 85' lang='lat' dir='ltr'><strong>etiam</strong></span> <span class='ocrx_word' id='word_1_303' title='bbox 3368 1053 3496 1097; x_wconf 84' lang='lat' dir='ltr'><strong>sunt</strong></span> 
     </span>
    </p>
   </div>
   <div class='ocr_carea' id='block_1_40' title="bbox 1926 1135 3496 1210">
    <p class='ocr_par' dir='ltr' id='par_1_40' title="bbox 1926 1135 3496 1210">
     <span class='ocr_line' id='line_1_40' title="bbox 1926 1135 3496 1210; baseline -0.001 -20"><span class='ocrx_word' id='word_1_304' title='bbox 1926 1139 2172 1193; x_wconf 83' lang='lat' dir='ltr'><strong>actiones</strong></span> <span class='ocrx_word' id='word_1_305' title='bbox 2227 1139 2564 1210; x_wconf 80' lang='lat' dir='ltr'><strong>corporales,</strong></span> <span class='ocrx_word' id='word_1_306' title='bbox 2617 1139 2821 1194; x_wconf 85' lang='lat' dir='ltr'><strong>fontem</strong></span> <span class='ocrx_word' id='word_1_307' title='bbox 2882 1153 2947 1192; x_wconf 87' lang='lat' dir='ltr'><strong>ac</strong></span> <span class='ocrx_word' id='word_1_308' title='bbox 2993 1137 3260 1206; x_wconf 75' lang='lat' dir='ltr'><strong>originem</strong></span> <span class='ocrx_word' id='word_1_309' title='bbox 3293 1135 3496 1189; x_wconf 76' lang='lat' dir='ltr'><strong>habent</strong></span> 
     </span>
    </p>
   </div>
   <div class='ocr_carea' id='block_1_41' title="bbox 1925 1228 3498 1300">
    <p class='ocr_par' dir='ltr' id='par_1_41' title="bbox 1925 1228 3498 1300">
     <span class='ocr_line' id='line_1_41' title="bbox 1925 1228 3498 1300; baseline -0.001 -18"><span class='ocrx_word' id='word_1_310' title='bbox 1925 1229 1994 1283; x_wconf 85' lang='lat' dir='ltr'><strong>ab</strong></span> <span class='ocrx_word' id='word_1_311' title='bbox 2046 1230 2252 1294; x_wconf 85' lang='lat' dir='ltr'><strong>anima,</strong></span> <span class='ocrx_word' id='word_1_312' title='bbox 2323 1240 2382 1285; x_wconf 90' lang='lat' dir='ltr'><strong>ut</strong></span> <span class='ocrx_word' id='word_1_313' title='bbox 2450 1233 2644 1285; x_wconf 87' lang='lat' dir='ltr'><strong>merito</strong></span> <span class='ocrx_word' id='word_1_314' title='bbox 2697 1245 2896 1300; x_wconf 88' lang='lat' dir='ltr'><strong>corpus</strong></span> <span class='ocrx_word' id='word_1_315' title='bbox 2961 1229 3198 1283; x_wconf 80' lang='lat' dir='ltr'><strong>lio-minis</strong></span> <span class='ocrx_word' id='word_1_316' title='bbox 3267 1228 3498 1281; x_wconf 68' lang='lat' dir='ltr'><strong>mortale</strong></span> 
     </span>
    </p>
   </div>
   <div class='ocr_carea' id='block_1_42' title="bbox 1927 1320 3500 1390">
    <p class='ocr_par' dir='ltr' id='par_1_42' title="bbox 1927 1320 3500 1390">
     <span class='ocr_line' id='line_1_42' title="bbox 1927 1320 3500 1390; baseline 0 -16"><span class='ocrx_word' id='word_1_317' title='bbox 1927 1320 2140 1376; x_wconf 87' lang='lat' dir='ltr'><strong>dicatur</strong></span> <span class='ocrx_word' id='word_1_318' title='bbox 2191 1321 2446 1377; x_wconf 88' lang='lat' dir='ltr'><strong>animale.</strong></span> <span class='ocrx_word' id='word_1_319' title='bbox 2493 1321 2810 1378; x_wconf 89' lang='lat' dir='ltr'><strong>Seminatur</strong></span> <span class='ocrx_word' id='word_1_320' title='bbox 2872 1336 3003 1390; x_wconf 80' lang='lat' dir='ltr'><strong>ergo</strong></span> <span class='ocrx_word' id='word_1_321' title='bbox 3058 1321 3311 1384; x_wconf 86' lang='lat' dir='ltr'><strong>mortale,</strong></span> <span class='ocrx_word' id='word_1_322' title='bbox 3375 1335 3500 1374; x_wconf 87' lang='lat' dir='ltr'><strong>sns-</strong></span> 
     </span>
    </p>
   </div>
   <div class='ocr_carea' id='block_1_43' title="bbox 1925 1399 3500 1485">
    <p class='ocr_par' dir='ltr' id='par_1_43' title="bbox 1925 1399 3500 1485">
     <span class='ocr_line' id='line_1_43' title="bbox 1925 1399 3500 1485; baseline -0.003 -16"><span class='ocrx_word' id='word_1_323' title='bbox 1925 1412 2129 1469; x_wconf 88' lang='lat' dir='ltr'><strong>citatur</strong></span> <span class='ocrx_word' id='word_1_324' title='bbox 2180 1421 2360 1470; x_wconf 84' lang='lat' dir='ltr'><strong>autem</strong></span> <span class='ocrx_word' id='word_1_325' title='bbox 2416 1399 2747 1480; x_wconf 84' lang='lat' dir='ltr'><strong>immortale,</strong></span> <span class='ocrx_word' id='word_1_326' title='bbox 2809 1415 2952 1485; x_wconf 90' lang='lat' dir='ltr'><strong>quod</strong></span> <span class='ocrx_word' id='word_1_327' title='bbox 3011 1423 3096 1468; x_wconf 92' lang='lat' dir='ltr'><strong>est</strong></span> <span class='ocrx_word' id='word_1_328' title='bbox 3163 1413 3500 1482; x_wconf 77' lang='lat' dir='ltr'><strong>spirituale;</strong></span> 
     </span>
    </p>
   </div>
   <div class='ocr_carea' id='block_1_44' title="bbox 1927 1501 3498 1576">
    <p class='ocr_par' dir='ltr' id='par_1_44' title="bbox 1927 1501 3498 1576">
     <span class='ocr_line' id='line_1_44' title="bbox 1927 1501 3498 1576; baseline -0.002 -17"><span class='ocrx_word' id='word_1_329' title='bbox 1927 1501 2209 1574; x_wconf 82' lang='lat' dir='ltr'><strong>spirituale</strong></span> <span class='ocrx_word' id='word_1_330' title='bbox 2236 1513 2437 1572; x_wconf 90' lang='lat' dir='ltr'><strong>autem,</strong></span> <span class='ocrx_word' id='word_1_331' title='bbox 2480 1505 2606 1576; x_wconf 87' lang='lat' dir='ltr'><strong>quia</strong></span> <span class='ocrx_word' id='word_1_332' title='bbox 2641 1506 2748 1576; x_wconf 76' lang='lat' dir='ltr'><strong>iam</strong></span> <span class='ocrx_word' id='word_1_333' title='bbox 2781 1521 2884 1560; x_wconf 88' lang='lat' dir='ltr'><strong>non</strong></span> <span class='ocrx_word' id='word_1_334' title='bbox 2910 1505 3256 1560; x_wconf 77' lang='lat' dir='ltr'><strong>subservient</strong></span> <span class='ocrx_word' id='word_1_335' title='bbox 3285 1505 3498 1558; x_wconf 89' lang='lat' dir='ltr'><strong>anima-</strong></span> 
     </span>
    </p>
   </div>
   <div class='ocr_carea' id='block_1_45' title="bbox 1927 1594 3504 1666">
    <p class='ocr_par' dir='ltr' id='par_1_45' title="bbox 1927 1594 3504 1666">
     <span class='ocr_line' id='line_1_45' title="bbox 1927 1594 3504 1666; baseline -0.001 -17"><span class='ocrx_word' id='word_1_336' title='bbox 1927 1596 2072 1650; x_wconf 88' lang='lat' dir='ltr'><strong>libus</strong></span> <span class='ocrx_word' id='word_1_337' title='bbox 2107 1594 2417 1660; x_wconf 79' lang='lat' dir='ltr'><strong>aﬂ‘ectibus,</strong></span> <span class='ocrx_word' id='word_1_338' title='bbox 2456 1611 2630 1665; x_wconf 88' lang='lat' dir='ltr'><strong>neque</strong></span> <span class='ocrx_word' id='word_1_339' title='bbox 2658 1595 2956 1666; x_wconf 80' lang='lat' dir='ltr'><strong>justorum,</strong></span> <span class='ocrx_word' id='word_1_340' title='bbox 2995 1595 3106 1648; x_wconf 85' lang='lat' dir='ltr'><strong>imo</strong></span> <span class='ocrx_word' id='word_1_341' title='bbox 3145 1609 3320 1664; x_wconf 87' lang='lat' dir='ltr'><strong>neque</strong></span> <span class='ocrx_word' id='word_1_342' title='bbox 3371 1609 3504 1664; x_wconf 79' lang='lat' dir='ltr'><strong>pec-</strong></span> 
     </span>
    </p>
   </div>
   <div class='ocr_carea' id='block_1_46' title="bbox 1927 1679 3497 1759">
    <p class='ocr_par' dir='ltr' id='par_1_46' title="bbox 1927 1679 3497 1759">
     <span class='ocr_line' id='line_1_46' title="bbox 1927 1679 3497 1759; baseline 0 -18"><span class='ocrx_word' id='word_1_343' title='bbox 1927 1693 2175 1742; x_wconf 84' lang='lat' dir='ltr'><strong>catorum</strong></span> <span class='ocrx_word' id='word_1_344' title='bbox 2224 1693 2475 1758; x_wconf 84' lang='lat' dir='ltr'><strong>corpora.</strong></span> <span class='ocrx_word' id='word_1_345' title='bbox 2513 1679 2686 1759; x_wconf 76' lang='lat' dir='ltr'><strong>Magis</strong></span> <span class='ocrx_word' id='word_1_346' title='bbox 2727 1689 2912 1758; x_wconf 80' lang='lat' dir='ltr'><strong>itaque</strong></span> <span class='ocrx_word' id='word_1_347' title='bbox 2959 1695 3089 1742; x_wconf 91' lang='lat' dir='ltr'><strong>tunc</strong></span> <span class='ocrx_word' id='word_1_348' title='bbox 3152 1702 3348 1759; x_wconf 81' lang='lat' dir='ltr'><strong>magna</strong></span> <span class='ocrx_word' id='word_1_349' title='bbox 3389 1687 3497 1741; x_wconf 82' lang='lat' dir='ltr'><strong>etsi</strong></span> 
     </span>
    </p>
   </div>
   <div class='ocr_carea' id='block_1_47' title="bbox 1929 1779 3499 1852">
    <p class='ocr_par' dir='ltr' id='par_1_47' title="bbox 1929 1779 3499 1852">
     <span class='ocr_line' id='line_1_47' title="bbox 1929 1779 3499 1852; baseline 0.003 -18"><span class='ocrx_word' id='word_1_350' title='bbox 1929 1781 2208 1836; x_wconf 87' lang='lat' dir='ltr'><strong>insensata</strong></span> <span class='ocrx_word' id='word_1_351' title='bbox 2285 1782 2626 1852; x_wconf 59' lang='lat' dir='ltr'><strong>paenitudine</strong></span> <span class='ocrx_word' id='word_1_352' title='bbox 2678 1779 2951 1838; x_wconf 83' lang='lat' dir='ltr'><strong>ducentur</strong></span> <span class='ocrx_word' id='word_1_353' title='bbox 3012 1782 3083 1839; x_wconf 89' lang='lat' dir='ltr'><strong>ob</strong></span> <span class='ocrx_word' id='word_1_354' title='bbox 3142 1798 3206 1838; x_wconf 88' lang='lat' dir='ltr'><strong>ea</strong></span> <span class='ocrx_word' id='word_1_355' title='bbox 3290 1781 3499 1852; x_wconf 82' lang='lat' dir='ltr'><strong>quibus</strong></span> 
     </span>
    </p>
   </div>
   <div class='ocr_carea' id='block_1_48' title="bbox 1931 1871 3494 1943">
    <p class='ocr_par' dir='ltr' id='par_1_48' title="bbox 1931 1871 3494 1943">
     <span class='ocr_line' id='line_1_48' title="bbox 1931 1871 3494 1943; baseline 0 -17"><span class='ocrx_word' id='word_1_356' title='bbox 1931 1872 2182 1926; x_wconf 89' lang='lat' dir='ltr'><strong>obsecuti</strong></span> <span class='ocrx_word' id='word_1_357' title='bbox 2215 1880 2367 1927; x_wconf 92' lang='lat' dir='ltr'><strong>sunt.</strong></span> <span class='ocrx_word' id='word_1_358' title='bbox 2411 1872 2681 1938; x_wconf 79' lang='lat' dir='ltr'><strong>Quoniam</strong></span> <span class='ocrx_word' id='word_1_359' title='bbox 2718 1888 2848 1926; x_wconf 86' lang='lat' dir='ltr'><strong>vero</strong></span> <span class='ocrx_word' id='word_1_360' title='bbox 2867 1872 3004 1927; x_wconf 77' lang='lat' dir='ltr'><strong>dixit</strong></span> <span class='ocrx_word' id='word_1_361' title='bbox 3027 1874 3226 1943; x_wconf 70' lang='lat' dir='ltr'><strong>smpius</strong></span> <span class='ocrx_word' id='word_1_362' title='bbox 3270 1887 3284 1925; x_wconf 90' lang='lat'><strong>:</strong></span> <span class='ocrx_word' id='word_1_363' title='bbox 3336 1889 3354 1923; x_wconf 79' lang='grc' dir='ltr'><strong>ι</strong></span> <span class='ocrx_word' id='word_1_364' title='bbox 3395 1871 3494 1926; x_wconf 78' lang='lat' dir='ltr'><strong>Se-</strong></span> 
     </span>
    </p>
   </div>
   <div class='ocr_carea' id='block_1_49' title="bbox 1934 1962 3500 2028">
    <p class='ocr_par' dir='ltr' id='par_1_49' title="bbox 1934 1962 3500 2028">
     <span class='ocr_line' id='line_1_49' title="bbox 1934 1962 3500 2028; baseline -0.002 -12"><span class='ocrx_word' id='word_1_365' title='bbox 1934 1964 2193 2027; x_wconf 91' lang='lat' dir='ltr'><strong>minatur,</strong></span> <span class='ocrx_word' id='word_1_366' title='bbox 2233 1982 2251 2015; x_wconf 78' lang='grc' dir='ltr'><strong>ι</strong></span> <span class='ocrx_word' id='word_1_367' title='bbox 2294 1970 2348 2018; x_wconf 83' lang='grc' dir='ltr'><strong>ει</strong></span> <span class='ocrx_word' id='word_1_368' title='bbox 2403 1965 2658 2019; x_wconf 88' lang='lat' dir='ltr'><strong>similiter</strong></span> <span class='ocrx_word' id='word_1_369' title='bbox 2706 1982 2726 2016; x_wconf 78' lang='grc' dir='ltr'><strong>ι</strong></span> <span class='ocrx_word' id='word_1_370' title='bbox 2763 1963 3095 2028; x_wconf 86' lang='lat' dir='ltr'><strong>Suscllatur,</strong></span> <span class='ocrx_word' id='word_1_371' title='bbox 3137 1982 3154 2014; x_wconf 72' lang='grc' dir='ltr'><strong>ι</strong></span> <span class='ocrx_word' id='word_1_372' title='bbox 3191 1977 3300 2018; x_wconf 86' lang='lat' dir='ltr'><strong>non</strong></span> <span class='ocrx_word' id='word_1_373' title='bbox 3362 1962 3500 2016; x_wconf 81' lang='lat' dir='ltr'><strong>dixit</strong></span> 
     </span>
    </p>
   </div>
   <div class='ocr_carea' id='block_1_50' title="bbox 1931 2053 3497 2124">
    <p class='ocr_par' dir='ltr' id='par_1_50' title="bbox 1931 2053 3497 2124">
     <span class='ocr_line' id='line_1_50' title="bbox 1931 2053 3497 2124; baseline 0 -18"><span class='ocrx_word' id='word_1_374' title='bbox 1931 2061 2111 2106; x_wconf 86' lang='lat' dir='ltr'><strong>autem</strong></span> <span class='ocrx_word' id='word_1_375' title='bbox 2142 2054 2272 2123; x_wconf 90' lang='lat' dir='ltr'><strong>quid</strong></span> <span class='ocrx_word' id='word_1_376' title='bbox 2305 2054 2376 2108; x_wconf 88' lang='lat' dir='ltr'><strong>sit</strong></span> <span class='ocrx_word' id='word_1_377' title='bbox 2406 2055 2552 2124; x_wconf 88' lang='lat' dir='ltr'><strong>quod</strong></span> <span class='ocrx_word' id='word_1_378' title='bbox 2577 2055 2881 2109; x_wconf 84' lang='lat' dir='ltr'><strong>seminatur</strong></span> <span class='ocrx_word' id='word_1_379' title='bbox 2911 2063 3006 2108; x_wconf 87' lang='lat' dir='ltr'><strong>aut</strong></span> <span class='ocrx_word' id='word_1_380' title='bbox 3030 2055 3370 2117; x_wconf 87' lang='lat' dir='ltr'><strong>suscitatur;</strong></span> <span class='ocrx_word' id='word_1_381' title='bbox 3411 2053 3497 2107; x_wconf 87' lang='lat' dir='ltr'><strong>id-</strong></span> 
     </span>
    </p>
   </div>
   <div class='ocr_carea' id='block_1_51' title="bbox 1931 2144 3498 2213">
    <p class='ocr_par' dir='ltr' id='par_1_51' title="bbox 1931 2144 3498 2213">
     <span class='ocr_line' id='line_1_51' title="bbox 1931 2144 3498 2213; baseline 0.002 -17"><span class='ocrx_word' id='word_1_382' title='bbox 1931 2144 2081 2198; x_wconf 90' lang='lat' dir='ltr'><strong>circo</strong></span> <span class='ocrx_word' id='word_1_383' title='bbox 2112 2153 2236 2213; x_wconf 88' lang='lat' dir='ltr'><strong>post</strong></span> <span class='ocrx_word' id='word_1_384' title='bbox 2283 2145 2447 2198; x_wconf 88' lang='lat' dir='ltr'><strong>etiam</strong></span> <span class='ocrx_word' id='word_1_385' title='bbox 2486 2145 2538 2198; x_wconf 89' lang='lat' dir='ltr'><strong>id</strong></span> <span class='ocrx_word' id='word_1_386' title='bbox 2573 2145 2881 2213; x_wconf 81' lang='lat' dir='ltr'><strong>subjunxit,</strong></span> <span class='ocrx_word' id='word_1_387' title='bbox 2919 2145 3111 2200; x_wconf 83' lang='lat' dir='ltr'><strong>dicens</strong></span> <span class='ocrx_word' id='word_1_388' title='bbox 3148 2163 3162 2198; x_wconf 90' lang='lat'><strong>:</strong></span> <span class='ocrx_word' id='word_1_389' title='bbox 3197 2165 3213 2198; x_wconf 75' lang='grc' dir='ltr'><strong>ι</strong></span> <span class='ocrx_word' id='word_1_390' title='bbox 3249 2145 3498 2200; x_wconf 88' lang='lat' dir='ltr'><strong>Semina-</strong></span> 
     </span>
    </p>
   </div>
   <div class='ocr_carea' id='block_1_52' title="bbox 1932 2237 3498 2307">
    <p class='ocr_par' dir='ltr' id='par_1_52' title="bbox 1932 2237 3498 2307">
     <span class='ocr_line' id='line_1_52' title="bbox 1932 2237 3498 2307; baseline 0.001 -20"><span class='ocrx_word' id='word_1_391' title='bbox 1932 2242 2020 2287; x_wconf 88' lang='lat' dir='ltr'><strong>tnr</strong></span> <span class='ocrx_word' id='word_1_392' title='bbox 2048 2247 2249 2304; x_wconf 90' lang='lat' dir='ltr'><strong>corpus</strong></span> <span class='ocrx_word' id='word_1_393' title='bbox 2279 2237 2532 2297; x_wconf 88' lang='lat' dir='ltr'><strong>animale.</strong></span> <span class='ocrx_word' id='word_1_394' title='bbox 2585 2255 2603 2289; x_wconf 73' lang='grc' dir='ltr'><strong>ι</strong></span> <span class='ocrx_word' id='word_1_395' title='bbox 2633 2237 2778 2307; x_wconf 89' lang='lat' dir='ltr'><strong>quod</strong></span> <span class='ocrx_word' id='word_1_396' title='bbox 2810 2237 2920 2291; x_wconf 73' lang='lat' dir='ltr'><strong>dixi</strong></span> <span class='ocrx_word' id='word_1_397' title='bbox 2969 2237 3022 2290; x_wconf 90' lang='lat' dir='ltr'><strong>in</strong></span> <span class='ocrx_word' id='word_1_398' title='bbox 3065 2237 3414 2306; x_wconf 85' lang='lat' dir='ltr'><strong>corruptione</strong></span> <span class='ocrx_word' id='word_1_399' title='bbox 3444 2243 3498 2289; x_wconf 87' lang='lat' dir='ltr'><strong>et</strong></span> 
     </span>
    </p>
   </div>
   <div class='ocr_carea' id='block_1_53' title="bbox 1929 2325 3499 2396">
    <p class='ocr_par' dir='ltr' id='par_1_53' title="bbox 1929 2325 3499 2396">
     <span class='ocr_line' id='line_1_53' title="bbox 1929 2325 3499 2396; baseline 0.001 -15"><span class='ocrx_word' id='word_1_400' title='bbox 1929 2326 2231 2396; x_wconf 86' lang='lat' dir='ltr'><strong>ignominia</strong></span> <span class='ocrx_word' id='word_1_401' title='bbox 2259 2335 2314 2382; x_wconf 90' lang='lat' dir='ltr'><strong>et</strong></span> <span class='ocrx_word' id='word_1_402' title='bbox 2365 2325 2682 2383; x_wconf 77' lang='lat' dir='ltr'><strong>inﬁrmitate</strong></span> <span class='ocrx_word' id='word_1_403' title='bbox 2707 2329 3010 2384; x_wconf 84' lang='lat' dir='ltr'><strong>seminari:</strong></span> <span class='ocrx_word' id='word_1_404' title='bbox 3053 2329 3149 2384; x_wconf 90' lang='lat' dir='ltr'><strong>scd</strong></span> <span class='ocrx_word' id='word_1_405' title='bbox 3198 2328 3499 2383; x_wconf 80' lang='lat' dir='ltr'><strong>suscitatur</strong></span> 
     </span>
    </p>
   </div>
   <div class='ocr_carea' id='block_1_54' title="bbox 1929 2418 3497 2490">
    <p class='ocr_par' dir='ltr' id='par_1_54' title="bbox 1929 2418 3497 2490">
     <span class='ocr_line' id='line_1_54' title="bbox 1929 2418 3497 2490; baseline 0.001 -18"><span class='ocrx_word' id='word_1_406' title='bbox 1929 2431 2132 2488; x_wconf 89' lang='lat' dir='ltr'><strong>corpus</strong></span> <span class='ocrx_word' id='word_1_407' title='bbox 2163 2418 2474 2489; x_wconf 87' lang='lat' dir='ltr'><strong>spirituale,</strong></span> <span class='ocrx_word' id='word_1_408' title='bbox 2513 2419 2658 2490; x_wconf 91' lang='lat' dir='ltr'><strong>quod</strong></span> <span class='ocrx_word' id='word_1_409' title='bbox 2685 2421 2739 2474; x_wconf 93' lang='lat' dir='ltr'><strong>in</strong></span> <span class='ocrx_word' id='word_1_410' title='bbox 2789 2420 3208 2490; x_wconf 87' lang='lat' dir='ltr'><strong>incorruptione</strong></span> <span class='ocrx_word' id='word_1_411' title='bbox 3238 2426 3291 2474; x_wconf 88' lang='lat' dir='ltr'><strong>et</strong></span> <span class='ocrx_word' id='word_1_412' title='bbox 3324 2420 3497 2489; x_wconf 81' lang='lat' dir='ltr'><strong>gloria</strong></span> 
     </span>
    </p>
   </div>
   <div class='ocr_carea' id='block_1_55' title="bbox 1930 2507 3499 2581">
    <p class='ocr_par' dir='ltr' id='par_1_55' title="bbox 1930 2507 3499 2581">
     <span class='ocr_line' id='line_1_55' title="bbox 1930 2507 3499 2581; baseline 0.001 -18"><span class='ocrx_word' id='word_1_413' title='bbox 1930 2523 1993 2564; x_wconf 89' lang='lat' dir='ltr'><strong>ac</strong></span> <span class='ocrx_word' id='word_1_414' title='bbox 2020 2510 2258 2578; x_wconf 88' lang='lat' dir='ltr'><strong>potentia</strong></span> <span class='ocrx_word' id='word_1_415' title='bbox 2291 2510 2674 2566; x_wconf 83' lang='lat' dir='ltr'><strong>suscitabitur.</strong></span> <span class='ocrx_word' id='word_1_416' title='bbox 2732 2507 2811 2566; x_wconf 84' lang='lat' dir='ltr'><strong>Ex</strong></span> <span class='ocrx_word' id='word_1_417' title='bbox 2839 2511 3060 2581; x_wconf 89' lang='lat' dir='ltr'><strong>propria</strong></span> <span class='ocrx_word' id='word_1_418' title='bbox 3109 2511 3252 2565; x_wconf 80' lang='lat' dir='ltr'><strong>enim</strong></span> <span class='ocrx_word' id='word_1_419' title='bbox 3286 2510 3499 2564; x_wconf 85' lang='lat' dir='ltr'><strong>ratione</strong></span> 
     </span>
    </p>
   </div>
   <div class='ocr_carea' id='block_1_56' title="bbox 1928 2602 3499 2674">
    <p class='ocr_par' dir='ltr' id='par_1_56' title="bbox 1928 2602 3499 2674">
     <span class='ocr_line' id='line_1_56' title="bbox 1928 2602 3499 2674; baseline 0.001 -18"><span class='ocrx_word' id='word_1_420' title='bbox 1928 2602 2076 2672; x_wconf 91' lang='lat' dir='ltr'><strong>quod</strong></span> <span class='ocrx_word' id='word_1_421' title='bbox 2112 2602 2418 2659; x_wconf 88' lang='lat' dir='ltr'><strong>immortale</strong></span> <span class='ocrx_word' id='word_1_422' title='bbox 2449 2613 2552 2670; x_wconf 90' lang='lat' dir='ltr'><strong>est,</strong></span> <span class='ocrx_word' id='word_1_423' title='bbox 2579 2611 2633 2660; x_wconf 89' lang='lat' dir='ltr'><strong>et</strong></span> <span class='ocrx_word' id='word_1_424' title='bbox 2660 2604 2959 2674; x_wconf 83' lang='lat' dir='ltr'><strong>gloriosum</strong></span> <span class='ocrx_word' id='word_1_425' title='bbox 2989 2612 3044 2660; x_wconf 92' lang='lat' dir='ltr'><strong>et</strong></span> <span class='ocrx_word' id='word_1_426' title='bbox 3083 2603 3407 2658; x_wconf 89' lang='lat' dir='ltr'><strong>honoratum</strong></span> <span class='ocrx_word' id='word_1_427' title='bbox 3434 2618 3499 2658; x_wconf 88' lang='lat' dir='ltr'><strong>ac</strong></span> 
     </span>
    </p>
   </div>
   <div class='ocr_carea' id='block_1_57' title="bbox 1931 2695 3499 2767">
    <p class='ocr_par' dir='ltr' id='par_1_57' title="bbox 1931 2695 3499 2767">
     <span class='ocr_line' id='line_1_57' title="bbox 1931 2695 3499 2767; baseline 0.002 -20"><span class='ocrx_word' id='word_1_428' title='bbox 1931 2695 2353 2765; x_wconf 85' lang='lat' dir='ltr'><strong>incorruptibile</strong></span> <span class='ocrx_word' id='word_1_429' title='bbox 2381 2704 2506 2751; x_wconf 87' lang='lat' dir='ltr'><strong>est:</strong></span> <span class='ocrx_word' id='word_1_430' title='bbox 2543 2709 2863 2766; x_wconf 89' lang='lat' dir='ltr'><strong>quanquam</strong></span> <span class='ocrx_word' id='word_1_431' title='bbox 2927 2695 3319 2767; x_wconf 86' lang='lat' dir='ltr'><strong>peccatoribus</strong></span> <span class='ocrx_word' id='word_1_432' title='bbox 3373 2709 3499 2765; x_wconf 89' lang='lat' dir='ltr'><strong>pro-</strong></span> 
     </span>
    </p>
   </div>
   <div class='ocr_carea' id='block_1_58' title="bbox 1929 2787 3500 2858">
    <p class='ocr_par' dir='ltr' id='par_1_58' title="bbox 1929 2787 3500 2858">
     <span class='ocr_line' id='line_1_58' title="bbox 1929 2787 3500 2858; baseline 0.003 -21"><span class='ocrx_word' id='word_1_433' title='bbox 1929 2793 2052 2854; x_wconf 90' lang='lat' dir='ltr'><strong>pter</strong></span> <span class='ocrx_word' id='word_1_434' title='bbox 2100 2801 2255 2841; x_wconf 90' lang='lat' dir='ltr'><strong>suam</strong></span> <span class='ocrx_word' id='word_1_435' title='bbox 2296 2787 2600 2856; x_wconf 90' lang='lat' dir='ltr'><strong>nequitiam</strong></span> <span class='ocrx_word' id='word_1_436' title='bbox 2652 2788 2874 2842; x_wconf 88' lang='lat' dir='ltr'><strong>occasio</strong></span> <span class='ocrx_word' id='word_1_437' title='bbox 2919 2788 2992 2844; x_wconf 91' lang='lat' dir='ltr'><strong>sit</strong></span> <span class='ocrx_word' id='word_1_438' title='bbox 3036 2787 3396 2858; x_wconf 88' lang='lat' dir='ltr'><strong>turpitudinis</strong></span> <span class='ocrx_word' id='word_1_439' title='bbox 3444 2793 3500 2842; x_wconf 88' lang='lat' dir='ltr'><strong>et</strong></span> 
     </span>
    </p>
   </div>
   <div class='ocr_carea' id='block_1_59' title="bbox 1930 2877 3500 2951">
    <p class='ocr_par' dir='ltr' id='par_1_59' title="bbox 1930 2877 3500 2951">
     <span class='ocr_line' id='line_1_59' title="bbox 1930 2877 3500 2951; baseline 0.001 -20"><span class='ocrx_word' id='word_1_440' title='bbox 1930 2877 2266 2948; x_wconf 66' lang='lat' dir='ltr'><strong>ignominiae.</strong></span> <span class='ocrx_word' id='word_1_441' title='bbox 2301 2879 2465 2951; x_wconf 68' lang='grc' dir='ltr'><strong>57ἀ1</strong></span> <span class='ocrx_word' id='word_1_442' title='bbox 2495 2905 2514 2932; x_wconf 73' lang='grc' dir='ltr'><strong>ι</strong></span> <span class='ocrx_word' id='word_1_443' title='bbox 2557 2881 2655 2936; x_wconf 84' lang='lat' dir='ltr'><strong>Est</strong></span> <span class='ocrx_word' id='word_1_444' title='bbox 2679 2895 2883 2950; x_wconf 86' lang='lat' dir='ltr'><strong>corpus</strong></span> <span class='ocrx_word' id='word_1_445' title='bbox 2913 2881 3168 2935; x_wconf 89' lang='lat' dir='ltr'><strong>animale.</strong></span> <span class='ocrx_word' id='word_1_446' title='bbox 3209 2898 3228 2931; x_wconf 71' lang='grc' dir='ltr'><strong>ι</strong></span> <span class='ocrx_word' id='word_1_447' title='bbox 3256 2878 3334 2934; x_wconf 81' lang='lat' dir='ltr'><strong>Ne</strong></span> <span class='ocrx_word' id='word_1_448' title='bbox 3355 2879 3500 2933; x_wconf 89' lang='lat' dir='ltr'><strong>dicat</strong></span> 
     </span>
    </p>
   </div>
   <div class='ocr_carea' id='block_1_60' title="bbox 1928 2970 3498 3041">
    <p class='ocr_par' dir='ltr' id='par_1_60' title="bbox 1928 2970 3498 3041">
     <span class='ocr_line' id='line_1_60' title="bbox 1928 2970 3498 3041; baseline 0.002 -20"><span class='ocrx_word' id='word_1_449' title='bbox 1928 2971 2128 3040; x_wconf 90' lang='lat' dir='ltr'><strong>aliquis</strong></span> <span class='ocrx_word' id='word_1_450' title='bbox 2165 2989 2177 3024; x_wconf 94' lang='lat'>:</span> <span class='ocrx_word' id='word_1_451' title='bbox 2216 2970 2370 3025; x_wconf 92' lang='lat' dir='ltr'><strong>Unde</strong></span> <span class='ocrx_word' id='word_1_452' title='bbox 2398 2973 2555 3026; x_wconf 91' lang='lat' dir='ltr'><strong>nobis</strong></span> <span class='ocrx_word' id='word_1_453' title='bbox 2584 2973 2734 3026; x_wconf 88' lang='lat' dir='ltr'><strong>varia</strong></span> <span class='ocrx_word' id='word_1_454' title='bbox 2768 2972 2988 3026; x_wconf 90' lang='lat' dir='ltr'><strong>inducis</strong></span> <span class='ocrx_word' id='word_1_455' title='bbox 3033 2985 3287 3041; x_wconf 84' lang='lat' dir='ltr'><strong>corpora,</strong></span> <span class='ocrx_word' id='word_1_456' title='bbox 3313 2979 3367 3026; x_wconf 89' lang='lat' dir='ltr'><strong>et</strong></span> <span class='ocrx_word' id='word_1_457' title='bbox 3410 2970 3498 3025; x_wconf 86' lang='lat' dir='ltr'><strong>di-</strong></span> 
     </span>
    </p>
   </div>
   <div class='ocr_carea' id='block_1_61' title="bbox 1927 3060 3498 3132">
    <p class='ocr_par' dir='ltr' id='par_1_61' title="bbox 1927 3060 3498 3132">
     <span class='ocr_line' id='line_1_61' title="bbox 1927 3060 3498 3132; baseline -0.001 -16"><span class='ocrx_word' id='word_1_458' title='bbox 1927 3061 2009 3116; x_wconf 87' lang='lat' dir='ltr'><strong>cis</strong></span> <span class='ocrx_word' id='word_1_459' title='bbox 2042 3060 2278 3115; x_wconf 88' lang='lat' dir='ltr'><strong>animale</strong></span> <span class='ocrx_word' id='word_1_460' title='bbox 2309 3076 2372 3115; x_wconf 88' lang='lat' dir='ltr'><strong>ac</strong></span> <span class='ocrx_word' id='word_1_461' title='bbox 2405 3061 2733 3132; x_wconf 86' lang='lat' dir='ltr'><strong>spirituale?</strong></span> <span class='ocrx_word' id='word_1_462' title='bbox 2783 3062 2859 3116; x_wconf 89' lang='lat' dir='ltr'><strong>ait</strong></span> <span class='ocrx_word' id='word_1_463' title='bbox 2894 3079 2910 3117; x_wconf 90' lang='lat'><strong>:</strong></span> <span class='ocrx_word' id='word_1_464' title='bbox 2945 3079 2965 3113; x_wconf 75' lang='grc' dir='ltr'><strong>ι</strong></span> <span class='ocrx_word' id='word_1_465' title='bbox 2997 3062 3091 3116; x_wconf 84' lang='lat' dir='ltr'><strong>Est</strong></span> <span class='ocrx_word' id='word_1_466' title='bbox 3122 3077 3324 3132; x_wconf 85' lang='lat' dir='ltr'><strong>corpus</strong></span> <span class='ocrx_word' id='word_1_467' title='bbox 3377 3061 3498 3116; x_wconf 84' lang='lat' dir='ltr'><strong>ani-</strong></span> 
     </span>
    </p>
   </div>
   <div class='ocr_carea' id='block_1_62' title="bbox 242 3145 1821 3232">
    <p class='ocr_par' dir='ltr' id='par_1_62' title="bbox 242 3150 1821 3224">
     <span class='ocr_line' id='line_1_62' title="bbox 242 3150 1821 3224; baseline 0.004 -22"><span class='ocrx_word' id='word_1_468' title='bbox 242 3151 416 3217; x_wconf 81' lang='grc' dir='ltr'><strong>λέγω,</strong></span> <span class='ocrx_word' id='word_1_469' title='bbox 445 3150 633 3220; x_wconf 63' lang='grc' dir='ltr'><strong>φησιν,</strong></span> <span class='ocrx_word' id='word_1_470' title='bbox 659 3151 776 3206; x_wconf 79' lang='grc' dir='ltr'><strong>ἀλλ’</strong></span> <span class='ocrx_word' id='word_1_471' title='bbox 807 3151 887 3206; x_wconf 79' lang='grc' dir='ltr'><strong>ἐτι</strong></span> <span class='ocrx_word' id='word_1_472' title='bbox 927 3153 1021 3206; x_wconf 76' lang='grc' dir='ltr'><strong>καὶ</strong></span> <span class='ocrx_word' id='word_1_473' title='bbox 1046 3153 1152 3224; x_wconf 73' lang='grc' dir='ltr'><strong>πρὸ</strong></span> <span class='ocrx_word' id='word_1_474' title='bbox 1177 3153 1332 3223; x_wconf 77' lang='grc' dir='ltr'><strong>ἡμῶν</strong></span> <span class='ocrx_word' id='word_1_475' title='bbox 1391 3155 1627 3224; x_wconf 70' lang='grc' dir='ltr'><strong>εἴρηται.</strong></span> <span class='ocrx_word' id='word_1_476' title='bbox 1655 3156 1821 3209; x_wconf 77' lang='grc' dir='ltr'><strong>Πόθεν</strong></span> 
     </span>
    </p>
   </div>
   <div class='ocr_carea' id='block_1_63' title="bbox 1927 3145 3500 3232">
    <p class='ocr_par' dir='ltr' id='par_1_63' title="bbox 1930 3145 3500 3216">
     <span class='ocr_line' id='line_1_63' title="bbox 1930 3145 3500 3216; baseline 0 -18"><span class='ocrx_word' id='word_1_477' title='bbox 1930 3145 2074 3199; x_wconf 90' lang='lat' dir='ltr'><strong>male</strong></span> <span class='ocrx_word' id='word_1_478' title='bbox 2103 3151 2158 3198; x_wconf 83' lang='lat' dir='ltr'><strong>et</strong></span> <span class='ocrx_word' id='word_1_479' title='bbox 2187 3152 2272 3198; x_wconf 88' lang='lat' dir='ltr'><strong>est</strong></span> <span class='ocrx_word' id='word_1_480' title='bbox 2306 3158 2508 3213; x_wconf 92' lang='lat' dir='ltr'><strong>corpus</strong></span> <span class='ocrx_word' id='word_1_481' title='bbox 2540 3146 2830 3214; x_wconf 87' lang='lat' dir='ltr'><strong>spirituale</strong></span> <span class='ocrx_word' id='word_1_482' title='bbox 2859 3163 2877 3196; x_wconf 75' lang='grc' dir='ltr'><strong>ι</strong></span> <span class='ocrx_word' id='word_1_483' title='bbox 2913 3145 3100 3216; x_wconf 82' lang='lat' dir='ltr'><strong>Itaque</strong></span> <span class='ocrx_word' id='word_1_484' title='bbox 3126 3160 3235 3200; x_wconf 86' lang='lat' dir='ltr'><strong>non</strong></span> <span class='ocrx_word' id='word_1_485' title='bbox 3265 3160 3387 3215; x_wconf 78' lang='lat' dir='ltr'><strong>ego,</strong></span> <span class='ocrx_word' id='word_1_486' title='bbox 3414 3145 3500 3200; x_wconf 92' lang='lat' dir='ltr'><strong>in-</strong></span> 
     </span>
    </p>
   </div>
   <div class='ocr_carea' id='block_1_64' title="bbox 241 3242 1822 3316">
    <p class='ocr_par' dir='ltr' id='par_1_64' title="bbox 241 3242 1822 3316">
     <span class='ocr_line' id='line_1_64' title="bbox 241 3242 1822 3316; baseline 0.006 -21"><span class='ocrx_word' id='word_1_487' title='bbox 241 3242 444 3311; x_wconf 75' lang='grc' dir='ltr'><strong>δῆλονς</strong></span> <span class='ocrx_word' id='word_1_488' title='bbox 491 3244 676 3312; x_wconf 82' lang='grc' dir='ltr'><strong>φησίν.</strong></span> <span class='ocrx_word' id='word_1_489' title='bbox 727 3242 914 3307; x_wconf 81' lang='grc' dir='ltr'><strong>Οὕτως</strong></span> <span class='ocrx_word' id='word_1_490' title='bbox 981 3244 1316 3315; x_wconf 78' lang='grc' dir='ltr'><strong>γέγραπται,</strong></span> <span class='ocrx_word' id='word_1_491' title='bbox 1393 3263 1412 3297; x_wconf 77' lang='grc' dir='ltr'><strong>ι</strong></span> <span class='ocrx_word' id='word_1_492' title='bbox 1486 3246 1745 3316; x_wconf 80' lang='grc' dir='ltr'><strong>Ἐγένετο</strong></span> <span class='ocrx_word' id='word_1_493' title='bbox 1793 3251 1822 3304; x_wconf 81' lang='grc' dir='ltr'><strong>ὁ</strong></span> 
     </span>
    </p>
   </div>
   <div class='ocr_carea' id='block_1_65' title="bbox 243 3333 1820 3406">
    <p class='ocr_par' dir='ltr' id='par_1_65' title="bbox 243 3333 1820 3406">
     <span class='ocr_line' id='line_1_65' title="bbox 243 3333 1820 3406; baseline 0.005 -20"><span class='ocrx_word' id='word_1_494' title='bbox 243 3333 473 3404; x_wconf 81' lang='grc' dir='ltr'><strong>πρῶτος</strong></span> <span class='ocrx_word' id='word_1_495' title='bbox 497 3333 783 3401; x_wconf 74' lang='grc' dir='ltr'><strong>ἄνθρωπος</strong></span> <span class='ocrx_word' id='word_1_496' title='bbox 827 3334 1018 3405; x_wconf 75' lang='grc' dir='ltr'><strong>Ἀδὰμ,</strong></span> <span class='ocrx_word' id='word_1_497' title='bbox 1045 3337 1124 3398; x_wconf 87' lang='grc' dir='ltr'><strong>εἰς</strong></span> <span class='ocrx_word' id='word_1_498' title='bbox 1155 3335 1332 3406; x_wconf 75' lang='grc' dir='ltr'><strong>ψυχὴν</strong></span> <span class='ocrx_word' id='word_1_499' title='bbox 1360 3336 1562 3400; x_wconf 78' lang='grc' dir='ltr'><strong>ζῶσαν.</strong></span> <span class='ocrx_word' id='word_1_500' title='bbox 1596 3357 1614 3390; x_wconf 76' lang='grc' dir='ltr'><strong>ι</strong></span> <span class='ocrx_word' id='word_1_501' title='bbox 1659 3340 1820 3394; x_wconf 84' lang='grc' dir='ltr'><strong>Ὥστε</strong></span> 
     </span>
    </p>
   </div>
   <div class='ocr_carea' id='block_1_66' title="bbox 243 3421 1820 3498">
    <p class='ocr_par' dir='ltr' id='par_1_66' title="bbox 243 3421 1820 3498">
     <span class='ocr_line' id='line_1_66' title="bbox 243 3421 1820 3498; baseline 0.006 -21"><span class='ocrx_word' id='word_1_502' title='bbox 243 3424 548 3493; x_wconf 73' lang='grc' dir='ltr'><strong>ἐπισῶμα</strong></span> <span class='ocrx_word' id='word_1_503' title='bbox 580 3424 830 3495; x_wconf 61' lang='grc' dir='ltr'><strong>ψυχικόν.</strong></span> <span class='ocrx_word' id='word_1_504' title='bbox 864 3421 998 3477; x_wconf 85' lang='grc' dir='ltr'><strong>Εἶτα</strong></span> <span class='ocrx_word' id='word_1_505' title='bbox 1038 3429 1066 3478; x_wconf 87' lang='grc' dir='ltr'>ὁ</span> <span class='ocrx_word' id='word_1_506' title='bbox 1097 3426 1328 3496; x_wconf 75' lang='grc' dir='ltr'><strong>ἔσχατος</strong></span> <span class='ocrx_word' id='word_1_507' title='bbox 1381 3428 1688 3498; x_wconf 81' lang='grc' dir='ltr'><strong>ἄνθρωπος,</strong></span> <span class='ocrx_word' id='word_1_508' title='bbox 1742 3435 1820 3498; x_wconf 83' lang='grc' dir='ltr'><strong>εἰς</strong></span> 
     </span>
    </p>
   </div>
   <div class='ocr_carea' id='block_1_67' title="bbox 242 3515 1819 3594">
    <p class='ocr_par' dir='ltr' id='par_1_67' title="bbox 242 3515 1819 3594">
     <span class='ocr_line' id='line_1_67' title="bbox 242 3515 1819 3594; baseline 0.006 -26"><span class='ocrx_word' id='word_1_509' title='bbox 242 3515 472 3583; x_wconf 84' lang='grc' dir='ltr'><strong>πνεῦμα</strong></span> <span class='ocrx_word' id='word_1_510' title='bbox 498 3515 816 3580; x_wconf 84' lang='grc' dir='ltr'><strong>ζωοποιοῦν,</strong></span> <span class='ocrx_word' id='word_1_511' title='bbox 835 3515 975 3570; x_wconf 83' lang='grc' dir='ltr'><strong>ὥστε</strong></span> <span class='ocrx_word' id='word_1_512' title='bbox 995 3516 1220 3572; x_wconf 74' lang='grc' dir='ltr'><strong>ἐστικαὶ</strong></span> <span class='ocrx_word' id='word_1_513' title='bbox 1243 3519 1403 3590; x_wconf 82' lang='grc' dir='ltr'><strong>σῶμα</strong></span> <span class='ocrx_word' id='word_1_514' title='bbox 1431 3523 1819 3594; x_wconf 78' lang='grc' dir='ltr'><strong>πνευματικὸν,</strong></span> 
     </span>
    </p>
   </div>
   <div class='ocr_carea' id='block_1_68' title="bbox 240 3605 1822 3680">
    <p class='ocr_par' dir='ltr' id='par_1_68' title="bbox 240 3605 1822 3680">
     <span class='ocr_line' id='line_1_68' title="bbox 240 3605 1822 3680; baseline 0.008 -22"><span class='ocrx_word' id='word_1_515' title='bbox 240 3607 311 3658; x_wconf 70' lang='grc' dir='ltr'><strong>τὸ</strong></span> <span class='ocrx_word' id='word_1_516' title='bbox 345 3605 587 3675; x_wconf 76' lang='grc' dir='ltr'><strong>ἁρμόζον</strong></span> <span class='ocrx_word' id='word_1_517' title='bbox 628 3606 707 3676; x_wconf 81' lang='grc' dir='ltr'><strong>τῷ</strong></span> <span class='ocrx_word' id='word_1_518' title='bbox 753 3606 1114 3670; x_wconf 73' lang='grc' dir='ltr'><strong>ζωοποιοῦντι</strong></span> <span class='ocrx_word' id='word_1_519' title='bbox 1141 3609 1441 3680; x_wconf 71' lang='grc' dir='ltr'><strong>Πνεῦμα-τι.</strong></span> <span class='ocrx_word' id='word_1_520' title='bbox 1481 3613 1645 3666; x_wconf 80' lang='grc' dir='ltr'><strong>Ἀλλὰ</strong></span> <span class='ocrx_word' id='word_1_521' title='bbox 1666 3615 1822 3670; x_wconf 85' lang='grc' dir='ltr'><strong>τοῦτο</strong></span> 
     </span>
    </p>
   </div>
   <div class='ocr_carea' id='block_1_69' title="bbox 245 3694 1820 3777">
    <p class='ocr_par' dir='ltr' id='par_1_69' title="bbox 245 3694 1820 3777">
     <span class='ocr_line' id='line_1_69' title="bbox 245 3694 1820 3777; baseline 0.008 -30"><span class='ocrx_word' id='word_1_522' title='bbox 245 3694 421 3748; x_wconf 86' lang='grc' dir='ltr'><strong>πόθεν</strong></span> <span class='ocrx_word' id='word_1_523' title='bbox 452 3695 748 3764; x_wconf 78' lang='grc' dir='ltr'><strong>δῆλον;ὃτι</strong></span> <span class='ocrx_word' id='word_1_524' title='bbox 777 3700 806 3749; x_wconf 83' lang='grc' dir='ltr'><strong>ὁ</strong></span> <span class='ocrx_word' id='word_1_525' title='bbox 848 3697 1100 3768; x_wconf 81' lang='grc' dir='ltr'><strong>δεύτερος</strong></span> <span class='ocrx_word' id='word_1_526' title='bbox 1121 3699 1429 3770; x_wconf 77' lang='grc' dir='ltr'><strong>ἄνθρωπος,</strong></span> <span class='ocrx_word' id='word_1_527' title='bbox 1473 3704 1553 3768; x_wconf 86' lang='grc' dir='ltr'><strong>εἰς</strong></span> <span class='ocrx_word' id='word_1_528' title='bbox 1602 3704 1820 3777; x_wconf 85' lang='grc' dir='ltr'><strong>πνεῦμα</strong></span> 
     </span>
    </p>
   </div>
   <div class='ocr_carea' id='block_1_70' title="bbox 242 3787 1820 3866">
    <p class='ocr_par' dir='ltr' id='par_1_70' title="bbox 242 3787 1820 3866">
     <span class='ocr_line' id='line_1_70' title="bbox 242 3787 1820 3866; baseline 0.006 -26"><span class='ocrx_word' id='word_1_529' title='bbox 242 3787 571 3853; x_wconf 78' lang='grc' dir='ltr'><strong>ζωοποιοῦν.</strong></span> <span class='ocrx_word' id='word_1_530' title='bbox 601 3788 771 3841; x_wconf 86' lang='grc' dir='ltr'><strong>Πόθεν</strong></span> <span class='ocrx_word' id='word_1_531' title='bbox 807 3789 964 3858; x_wconf 83' lang='grc' dir='ltr'><strong>δῆλον</strong></span> <span class='ocrx_word' id='word_1_532' title='bbox 984 3807 998 3854; x_wconf 89' lang='grc'><strong>;</strong></span> <span class='ocrx_word' id='word_1_533' title='bbox 1021 3789 1078 3856; x_wconf 75' lang='grc' dir='ltr'><strong>ἐξ</strong></span> <span class='ocrx_word' id='word_1_534' title='bbox 1111 3791 1280 3862; x_wconf 80' lang='grc' dir='ltr'><strong>αὐτῆς</strong></span> <span class='ocrx_word' id='word_1_535' title='bbox 1300 3792 1397 3863; x_wconf 80' lang='grc' dir='ltr'><strong>τῆς</strong></span> <span class='ocrx_word' id='word_1_536' title='bbox 1425 3794 1532 3846; x_wconf 84' lang='grc' dir='ltr'><strong>τῶν</strong></span> <span class='ocrx_word' id='word_1_537' title='bbox 1555 3796 1820 3866; x_wconf 78' lang='grc' dir='ltr'><strong>πραγμάο</strong></span> 
     </span>
    </p>
   </div>
   <div class='ocr_carea' id='block_1_71' title="bbox 239 3881 1821 3954">
    <p class='ocr_par' dir='ltr' id='par_1_71' title="bbox 239 3881 1821 3954">
     <span class='ocr_line' id='line_1_71' title="bbox 239 3881 1821 3954; baseline 0.004 -20"><span class='ocrx_word' id='word_1_538' title='bbox 239 3898 357 3934; x_wconf 86' lang='grc' dir='ltr'><strong>των</strong></span> <span class='ocrx_word' id='word_1_539' title='bbox 412 3881 711 3952; x_wconf 70' lang='grc' dir='ltr'><strong>ἐνεργείας.</strong></span> <span class='ocrx_word' id='word_1_540' title='bbox 752 3881 961 3945; x_wconf 82' lang='grc' dir='ltr'><strong>Ἀλλως</strong></span> <span class='ocrx_word' id='word_1_541' title='bbox 1012 3898 1073 3934; x_wconf 87' lang='grc' dir='ltr'><strong>τε</strong></span> <span class='ocrx_word' id='word_1_542' title='bbox 1115 3882 1171 3934; x_wconf 83' lang='grc' dir='ltr'><strong>δὲ</strong></span> <span class='ocrx_word' id='word_1_543' title='bbox 1219 3885 1315 3937; x_wconf 72' lang='grc' dir='ltr'><strong>καὶ</strong></span> <span class='ocrx_word' id='word_1_544' title='bbox 1364 3885 1676 3954; x_wconf 67' lang='grc' dir='ltr'><strong>γέγραπται</strong></span> <span class='ocrx_word' id='word_1_545' title='bbox 1725 3889 1821 3942; x_wconf 72' lang='grc' dir='ltr'><strong>καὶ</strong></span> 
     </span>
    </p>
   </div>
   <div class='ocr_carea' id='block_1_72' title="bbox 242 3973 1814 4048">
    <p class='ocr_par' dir='ltr' id='par_1_72' title="bbox 242 3973 1814 4048">
     <span class='ocr_line' id='line_1_72' title="bbox 242 3973 1814 4048; baseline 0.005 -23"><span class='ocrx_word' id='word_1_546' title='bbox 242 3973 430 4026; x_wconf 78' lang='grc' dir='ltr'><strong>τοῦτο’</strong></span> <span class='ocrx_word' id='word_1_547' title='bbox 495 3991 514 4025; x_wconf 80' lang='grc' dir='ltr'><strong>ι</strong></span> <span class='ocrx_word' id='word_1_548' title='bbox 567 3973 648 4026; x_wconf 76' lang='grc' dir='ltr'><strong>Τά</strong></span> <span class='ocrx_word' id='word_1_549' title='bbox 703 3973 926 4044; x_wconf 78' lang='grc' dir='ltr'><strong>ῥήματα</strong></span> <span class='ocrx_word' id='word_1_550' title='bbox 977 3973 1106 4045; x_wconf 81' lang='grc' dir='ltr'><strong>γάρ.</strong></span> <span class='ocrx_word' id='word_1_551' title='bbox 1177 3976 1362 4046; x_wconf 68' lang='grc' dir='ltr'><strong>φησιν,</strong></span> <span class='ocrx_word' id='word_1_552' title='bbox 1410 3976 1444 4030; x_wconf 81' lang='grc' dir='ltr'><strong>ἀ</strong></span> <span class='ocrx_word' id='word_1_553' title='bbox 1497 3978 1607 4046; x_wconf 64' lang='grc' dir='ltr'><strong>ἑγὼ</strong></span> <span class='ocrx_word' id='word_1_554' title='bbox 1643 3980 1814 4048; x_wconf 84' lang='grc' dir='ltr'><strong>λαλῶ,</strong></span> 
     </span>
    </p>
   </div>
   <div class='ocr_carea' id='block_1_73' title="bbox 241 4064 1820 4142">
    <p class='ocr_par' dir='ltr' id='par_1_73' title="bbox 241 4064 1820 4142">
     <span class='ocr_line' id='line_1_73' title="bbox 241 4064 1820 4142; baseline 0.006 -26"><span class='ocrx_word' id='word_1_555' title='bbox 241 4065 470 4134; x_wconf 81' lang='grc' dir='ltr'><strong>πνεῦμα</strong></span> <span class='ocrx_word' id='word_1_556' title='bbox 514 4065 606 4118; x_wconf 69' lang='grc' dir='ltr'><strong>καὶ</strong></span> <span class='ocrx_word' id='word_1_557' title='bbox 653 4065 765 4136; x_wconf 80' lang='grc' dir='ltr'><strong>ζωή</strong></span> <span class='ocrx_word' id='word_1_558' title='bbox 823 4067 1016 4134; x_wconf 74' lang='grc' dir='ltr'><strong>ἐστιν,</strong></span> <span class='ocrx_word' id='word_1_559' title='bbox 1068 4085 1085 4119; x_wconf 73' lang='grc' dir='ltr'><strong>ι</strong></span> <span class='ocrx_word' id='word_1_560' title='bbox 1141 4066 1283 4120; x_wconf 79' lang='grc' dir='ltr'><strong>ὥστε</strong></span> <span class='ocrx_word' id='word_1_561' title='bbox 1339 4070 1431 4122; x_wconf 76' lang='grc' dir='ltr'><strong>καὶ</strong></span> <span class='ocrx_word' id='word_1_562' title='bbox 1457 4071 1538 4134; x_wconf 84' lang='grc' dir='ltr'><strong>εἰς</strong></span> <span class='ocrx_word' id='word_1_563' title='bbox 1602 4064 1820 4142; x_wconf 84' lang='grc' dir='ltr'><strong>πνεῦμα</strong></span> 
     </span>
    </p>
   </div>
   <div class='ocr_carea' id='block_1_74' title="bbox 243 4156 1816 4229">
    <p class='ocr_par' dir='ltr' id='par_1_74' title="bbox 243 4156 1816 4229">
     <span class='ocr_line' id='line_1_74' title="bbox 243 4156 1816 4229; baseline 0.006 -21"><span class='ocrx_word' id='word_1_564' title='bbox 243 4156 540 4220; x_wconf 81' lang='grc' dir='ltr'><strong>ζωοποιεῖν</strong></span> <span class='ocrx_word' id='word_1_565' title='bbox 561 4157 688 4218; x_wconf 77' lang='grc' dir='ltr'><strong>τοὺς</strong></span> <span class='ocrx_word' id='word_1_566' title='bbox 711 4156 1010 4220; x_wconf 75' lang='grc' dir='ltr'><strong>ἀκούοντας</strong></span> <span class='ocrx_word' id='word_1_567' title='bbox 1049 4157 1145 4211; x_wconf 75' lang='grc' dir='ltr'><strong>καὶ</strong></span> <span class='ocrx_word' id='word_1_568' title='bbox 1195 4158 1555 4229; x_wconf 78' lang='grc' dir='ltr'><strong>πειθομένους</strong></span> <span class='ocrx_word' id='word_1_569' title='bbox 1611 4162 1816 4225; x_wconf 78' lang='grc' dir='ltr'><strong>αὐτοῖς.</strong></span> 
     </span>
    </p>
   </div>
   <div class='ocr_carea' id='block_1_75' title="bbox 241 4243 1820 4320">
    <p class='ocr_par' dir='ltr' id='par_1_75' title="bbox 241 4243 1820 4320">
     <span class='ocr_line' id='line_1_75' title="bbox 241 4243 1820 4320; baseline 0.003 -20"><span class='ocrx_word' id='word_1_570' title='bbox 241 4247 313 4300; x_wconf 80' lang='grc' dir='ltr'><strong>Εἰ</strong></span> <span class='ocrx_word' id='word_1_571' title='bbox 344 4247 402 4300; x_wconf 84' lang='grc' dir='ltr'><strong>δὲ</strong></span> <span class='ocrx_word' id='word_1_572' title='bbox 428 4245 606 4306; x_wconf 85' lang='grc' dir='ltr'><strong>τοῦτο.</strong></span> <span class='ocrx_word' id='word_1_573' title='bbox 627 4245 785 4317; x_wconf 85' lang='grc' dir='ltr'><strong>δῆλον</strong></span> <span class='ocrx_word' id='word_1_574' title='bbox 819 4248 896 4310; x_wconf 82' lang='grc' dir='ltr'><strong>ὡς</strong></span> <span class='ocrx_word' id='word_1_575' title='bbox 925 4251 1019 4303; x_wconf 76' lang='grc' dir='ltr'><strong>καὶ</strong></span> <span class='ocrx_word' id='word_1_576' title='bbox 1042 4251 1412 4320; x_wconf 77' lang='grc' dir='ltr'><strong>πνευματικὸν</strong></span> <span class='ocrx_word' id='word_1_577' title='bbox 1440 4243 1585 4305; x_wconf 70' lang='grc' dir='ltr'><strong>οὗτοι</strong></span> <span class='ocrx_word' id='word_1_578' title='bbox 1607 4251 1820 4318; x_wconf 66' lang='grc' dir='ltr'><strong>ἕξουσιν</strong></span> 
     </span>
    </p>
   </div>
   <div class='ocr_carea' id='block_1_76' title="bbox 241 4339 1822 4418">
    <p class='ocr_par' dir='ltr' id='par_1_76' title="bbox 241 4339 1822 4418">
     <span class='ocr_line' id='line_1_76' title="bbox 241 4339 1822 4418; baseline 0.005 -26"><span class='ocrx_word' id='word_1_579' title='bbox 241 4340 306 4392; x_wconf 79' lang='grc' dir='ltr'><strong>ὲν</strong></span> <span class='ocrx_word' id='word_1_580' title='bbox 335 4339 404 4408; x_wconf 80' lang='grc' dir='ltr'><strong>τῇ</strong></span> <span class='ocrx_word' id='word_1_581' title='bbox 437 4339 732 4392; x_wconf 82' lang='grc' dir='ltr'><strong>ἀναστάσει</strong></span> <span class='ocrx_word' id='word_1_582' title='bbox 758 4341 938 4409; x_wconf 84' lang='grc' dir='ltr'><strong>σῶμα,</strong></span> <span class='ocrx_word' id='word_1_583' title='bbox 985 4341 1181 4410; x_wconf 76' lang='grc' dir='ltr'><strong>μηκέτι</strong></span> <span class='ocrx_word' id='word_1_584' title='bbox 1223 4343 1522 4412; x_wconf 84' lang='grc' dir='ltr'><strong>δυνάμενον</strong></span> <span class='ocrx_word' id='word_1_585' title='bbox 1551 4347 1633 4408; x_wconf 87' lang='grc' dir='ltr'><strong>εἰς</strong></span> <span class='ocrx_word' id='word_1_586' title='bbox 1661 4347 1822 4418; x_wconf 76' lang='grc' dir='ltr'><strong>ψυχι-</strong></span> 
     </span>
    </p>
   </div>
   <div class='ocr_carea' id='block_1_77' title="bbox 241 4429 1819 4507">
    <p class='ocr_par' dir='ltr' id='par_1_77' title="bbox 241 4429 1819 4507">
     <span class='ocr_line' id='line_1_77' title="bbox 241 4429 1819 4507; baseline 0.004 -24"><span class='ocrx_word' id='word_1_587' title='bbox 241 4429 346 4483; x_wconf 72' lang='grc' dir='ltr'><strong>κὸν</strong></span> <span class='ocrx_word' id='word_1_588' title='bbox 386 4433 686 4500; x_wconf 79' lang='grc' dir='ltr'><strong>τραπῆναι,</strong></span> <span class='ocrx_word' id='word_1_589' title='bbox 728 4429 918 4502; x_wconf 84' lang='grc' dir='ltr'><strong>ὥσπερ</strong></span> <span class='ocrx_word' id='word_1_590' title='bbox 981 4432 1151 4485; x_wconf 76' lang='grc' dir='ltr'><strong>ἐνίοτε</strong></span> <span class='ocrx_word' id='word_1_591' title='bbox 1179 4433 1686 4505; x_wconf 79' lang='grc' dir='ltr'><strong>’συμϐαίνειετιτῷ</strong></span> <span class='ocrx_word' id='word_1_592' title='bbox 1717 4435 1819 4507; x_wconf 83' lang='grc' dir='ltr'><strong>βίῳ</strong></span> 
     </span>
    </p>
   </div>
   <div class='ocr_carea' id='block_1_78' title="bbox 1932 3235 3497 3308">
    <p class='ocr_par' dir='ltr' id='par_1_78' title="bbox 1932 3235 3497 3308">
     <span class='ocr_line' id='line_1_78' title="bbox 1932 3235 3497 3308; baseline 0.001 -19"><span class='ocrx_word' id='word_1_593' title='bbox 1932 3235 2071 3304; x_wconf 91' lang='lat' dir='ltr'><strong>quit,</strong></span> <span class='ocrx_word' id='word_1_594' title='bbox 2109 3235 2329 3306; x_wconf 83' lang='lat' dir='ltr'><strong>propria</strong></span> <span class='ocrx_word' id='word_1_595' title='bbox 2358 3237 2682 3292; x_wconf 88' lang='lat' dir='ltr'><strong>auctoritate</strong></span> <span class='ocrx_word' id='word_1_596' title='bbox 2712 3245 2765 3292; x_wconf 90' lang='lat' dir='ltr'><strong>et</strong></span> <span class='ocrx_word' id='word_1_597' title='bbox 2797 3236 3188 3308; x_wconf 76' lang='lat' dir='ltr'><strong>imaginatione</strong></span> <span class='ocrx_word' id='word_1_598' title='bbox 3210 3249 3325 3291; x_wconf 67' lang='lat' dir='ltr'><strong>haec</strong></span> <span class='ocrx_word' id='word_1_599' title='bbox 3361 3235 3497 3302; x_wconf 60' lang='lat' dir='ltr'><strong>ilico,</strong></span> 
     </span>
    </p>
   </div>
   <div class='ocr_carea' id='block_1_79' title="bbox 1931 3327 3500 3398">
    <p class='ocr_par' dir='ltr' id='par_1_79' title="bbox 1931 3327 3500 3398">
     <span class='ocr_line' id='line_1_79' title="bbox 1931 3327 3500 3398; baseline -0.001 -16"><span class='ocrx_word' id='word_1_600' title='bbox 1931 3327 2026 3382; x_wconf 91' lang='lat' dir='ltr'><strong>sed</strong></span> <span class='ocrx_word' id='word_1_601' title='bbox 2050 3327 2164 3398; x_wconf 86' lang='lat' dir='ltr'><strong>jam</strong></span> <span class='ocrx_word' id='word_1_602' title='bbox 2200 3335 2329 3384; x_wconf 88' lang='lat' dir='ltr'><strong>ante</strong></span> <span class='ocrx_word' id='word_1_603' title='bbox 2355 3342 2454 3384; x_wconf 88' lang='lat' dir='ltr'><strong>nos</strong></span> <span class='ocrx_word' id='word_1_604' title='bbox 2501 3341 2722 3398; x_wconf 88' lang='lat' dir='ltr'><strong>quoque</strong></span> <span class='ocrx_word' id='word_1_605' title='bbox 2748 3328 2893 3382; x_wconf 85' lang='lat' dir='ltr'><strong>dicta</strong></span> <span class='ocrx_word' id='word_1_606' title='bbox 2931 3336 3079 3383; x_wconf 84' lang='lat' dir='ltr'><strong>sunt.</strong></span> <span class='ocrx_word' id='word_1_607' title='bbox 3118 3327 3182 3381; x_wconf 83' lang='lat' dir='ltr'><strong>Et</strong></span> <span class='ocrx_word' id='word_1_608' title='bbox 3217 3327 3360 3382; x_wconf 88' lang='lat' dir='ltr'><strong>unde</strong></span> <span class='ocrx_word' id='word_1_609' title='bbox 3397 3328 3500 3381; x_wconf 85' lang='lat' dir='ltr'><strong>hoc</strong></span> 
     </span>
    </p>
   </div>
   <div class='ocr_carea' id='block_1_80' title="bbox 1930 3418 3498 3491">
    <p class='ocr_par' dir='ltr' id='par_1_80' title="bbox 1930 3418 3498 3491">
     <span class='ocr_line' id='line_1_80' title="bbox 1930 3418 3498 3491; baseline 0.001 -19"><span class='ocrx_word' id='word_1_610' title='bbox 1930 3418 2280 3474; x_wconf 75' lang='lat' dir='ltr'><strong>manifestum</strong></span> <span class='ocrx_word' id='word_1_611' title='bbox 2314 3420 2545 3476; x_wconf 84' lang='lat' dir='ltr'><strong>est‘lait</strong></span> <span class='ocrx_word' id='word_1_612' title='bbox 2581 3437 2595 3449; x_wconf 78' lang='grc' dir='ltr'><strong>ο</strong></span> <span class='ocrx_word' id='word_1_613' title='bbox 2629 3419 2705 3475; x_wconf 91' lang='lat' dir='ltr'><strong>lta</strong></span> <span class='ocrx_word' id='word_1_614' title='bbox 2741 3421 3006 3491; x_wconf 76' lang='lat' dir='ltr'><strong>scriptum</strong></span> <span class='ocrx_word' id='word_1_615' title='bbox 3041 3430 3124 3476; x_wconf 76' lang='grc' dir='ltr'><strong>εει</strong></span> <span class='ocrx_word' id='word_1_616' title='bbox 3160 3437 3176 3476; x_wconf 89' lang='lat'><strong>:</strong></span> <span class='ocrx_word' id='word_1_617' title='bbox 3223 3439 3241 3472; x_wconf 82' lang='grc' dir='ltr'><strong>ι</strong></span> <span class='ocrx_word' id='word_1_618' title='bbox 3281 3419 3498 3474; x_wconf 78' lang='lat' dir='ltr'><strong>Primus</strong></span> 
     </span>
    </p>
   </div>
   <div class='ocr_carea' id='block_1_81' title="bbox 1932 3510 3493 3578">
    <p class='ocr_par' dir='ltr' id='par_1_81' title="bbox 1932 3510 3493 3578">
     <span class='ocr_line' id='line_1_81' title="bbox 1932 3510 3493 3578; baseline -0.001 -13"><span class='ocrx_word' id='word_1_619' title='bbox 1932 3510 2097 3566; x_wconf 82' lang='lat' dir='ltr'><strong>homo</strong></span> <span class='ocrx_word' id='word_1_620' title='bbox 2155 3510 2328 3566; x_wconf 89' lang='lat' dir='ltr'><strong>Adam</strong></span> <span class='ocrx_word' id='word_1_621' title='bbox 2359 3510 2538 3567; x_wconf 77' lang='lat' dir='ltr'><strong>factus</strong></span> <span class='ocrx_word' id='word_1_622' title='bbox 2579 3520 2663 3568; x_wconf 89' lang='lat' dir='ltr'><strong>est</strong></span> <span class='ocrx_word' id='word_1_623' title='bbox 2699 3513 2752 3565; x_wconf 91' lang='lat' dir='ltr'><strong>in</strong></span> <span class='ocrx_word' id='word_1_624' title='bbox 2784 3512 3024 3567; x_wconf 87' lang='lat' dir='ltr'><strong>animam</strong></span> <span class='ocrx_word' id='word_1_625' title='bbox 3067 3514 3336 3566; x_wconf 82' lang='lat' dir='ltr'><strong>viventem</strong></span> <span class='ocrx_word' id='word_1_626' title='bbox 3369 3512 3435 3578; x_wconf 80' lang='lat'><strong>&quot;,</strong></span> <span class='ocrx_word' id='word_1_627' title='bbox 3473 3531 3493 3564; x_wconf 72' lang='grc' dir='ltr'><strong>ι</strong></span> 
     </span>
    </p>
   </div>
   <div class='ocr_carea' id='block_1_82' title="bbox 1929 3602 3499 3674">
    <p class='ocr_par' dir='ltr' id='par_1_82' title="bbox 1929 3602 3499 3674">
     <span class='ocr_line' id='line_1_82' title="bbox 1929 3602 3499 3674; baseline -0.001 -16"><span class='ocrx_word' id='word_1_628' title='bbox 1929 3603 2115 3674; x_wconf 87' lang='lat' dir='ltr'><strong>itaque</strong></span> <span class='ocrx_word' id='word_1_629' title='bbox 2143 3610 2229 3657; x_wconf 89' lang='lat' dir='ltr'><strong>est</strong></span> <span class='ocrx_word' id='word_1_630' title='bbox 2275 3617 2476 3674; x_wconf 87' lang='lat' dir='ltr'><strong>corpus</strong></span> <span class='ocrx_word' id='word_1_631' title='bbox 2510 3603 2766 3658; x_wconf 88' lang='lat' dir='ltr'><strong>animale.</strong></span> <span class='ocrx_word' id='word_1_632' title='bbox 2797 3602 3001 3658; x_wconf 88' lang='lat' dir='ltr'><strong>Deinde</strong></span> <span class='ocrx_word' id='word_1_633' title='bbox 3023 3613 3300 3658; x_wconf 81' lang='lat' dir='ltr'><strong>extremus</strong></span> <span class='ocrx_word' id='word_1_634' title='bbox 3338 3603 3499 3656; x_wconf 86' lang='lat' dir='ltr'><strong>homo</strong></span> 
     </span>
    </p>
   </div>
   <div class='ocr_carea' id='block_1_83' title="bbox 1929 3694 3500 3766">
    <p class='ocr_par' dir='ltr' id='par_1_83' title="bbox 1929 3694 3500 3766">
     <span class='ocr_line' id='line_1_83' title="bbox 1929 3694 3500 3766; baseline -0.001 -16"><span class='ocrx_word' id='word_1_635' title='bbox 1929 3696 1986 3750; x_wconf 87' lang='lat' dir='ltr'><strong>in</strong></span> <span class='ocrx_word' id='word_1_636' title='bbox 2012 3696 2267 3765; x_wconf 89' lang='lat' dir='ltr'><strong>spiritum</strong></span> <span class='ocrx_word' id='word_1_637' title='bbox 2300 3694 2700 3762; x_wconf 83' lang='lat' dir='ltr'><strong>viviﬁcantem;</strong></span> <span class='ocrx_word' id='word_1_638' title='bbox 2735 3696 2921 3765; x_wconf 89' lang='lat' dir='ltr'><strong>itaque</strong></span> <span class='ocrx_word' id='word_1_639' title='bbox 2953 3703 3036 3750; x_wconf 88' lang='lat' dir='ltr'><strong>est</strong></span> <span class='ocrx_word' id='word_1_640' title='bbox 3071 3704 3123 3750; x_wconf 90' lang='lat' dir='ltr'><strong>et</strong></span> <span class='ocrx_word' id='word_1_641' title='bbox 3150 3709 3351 3766; x_wconf 90' lang='lat' dir='ltr'><strong>corpus</strong></span> <span class='ocrx_word' id='word_1_642' title='bbox 3387 3695 3500 3764; x_wconf 88' lang='lat' dir='ltr'><strong>spi-</strong></span> 
     </span>
    </p>
   </div>
   <div class='ocr_carea' id='block_1_84' title="bbox 1929 3789 3502 3861">
    <p class='ocr_par' dir='ltr' id='par_1_84' title="bbox 1929 3789 3502 3861">
     <span class='ocr_line' id='line_1_84' title="bbox 1929 3789 3502 3861; baseline -0.003 -16"><span class='ocrx_word' id='word_1_643' title='bbox 1929 3791 2151 3858; x_wconf 88' lang='lat' dir='ltr'><strong>ritualc,</strong></span> <span class='ocrx_word' id='word_1_644' title='bbox 2182 3789 2328 3860; x_wconf 91' lang='lat' dir='ltr'><strong>quod</strong></span> <span class='ocrx_word' id='word_1_645' title='bbox 2351 3790 2584 3861; x_wconf 88' lang='lat' dir='ltr'><strong>quadret</strong></span> <span class='ocrx_word' id='word_1_646' title='bbox 2607 3805 2670 3845; x_wconf 89' lang='lat' dir='ltr'><strong>ac</strong></span> <span class='ocrx_word' id='word_1_647' title='bbox 2693 3791 3026 3860; x_wconf 85' lang='lat' dir='ltr'><strong>respondeat</strong></span> <span class='ocrx_word' id='word_1_648' title='bbox 3053 3789 3358 3844; x_wconf 79' lang='lat' dir='ltr'><strong>viviﬁcanti</strong></span> <span class='ocrx_word' id='word_1_649' title='bbox 3389 3790 3502 3858; x_wconf 89' lang='lat' dir='ltr'><strong>spi-</strong></span> 
     </span>
    </p>
   </div>
   <div class='ocr_carea' id='block_1_85' title="bbox 1929 3877 3496 3945">
    <p class='ocr_par' dir='ltr' id='par_1_85' title="bbox 1929 3877 3496 3945">
     <span class='ocr_line' id='line_1_85' title="bbox 1929 3877 3496 3945; baseline -0.005 -10"><span class='ocrx_word' id='word_1_650' title='bbox 1929 3881 2087 3935; x_wconf 88' lang='lat' dir='ltr'><strong>ritui.</strong></span> <span class='ocrx_word' id='word_1_651' title='bbox 2135 3880 2240 3933; x_wconf 79' lang='lat' dir='ltr'><strong>Sed</strong></span> <span class='ocrx_word' id='word_1_652' title='bbox 2275 3878 2420 3933; x_wconf 91' lang='lat' dir='ltr'><strong>unde</strong></span> <span class='ocrx_word' id='word_1_653' title='bbox 2453 3879 2558 3933; x_wconf 92' lang='lat' dir='ltr'><strong>boc</strong></span> <span class='ocrx_word' id='word_1_654' title='bbox 2605 3878 2965 3932; x_wconf 80' lang='lat' dir='ltr'><strong>manifestum</strong></span> <span class='ocrx_word' id='word_1_655' title='bbox 2992 3877 3114 3930; x_wconf 86' lang='lat' dir='ltr'><strong>est?</strong></span> <span class='ocrx_word' id='word_1_656' title='bbox 3145 3877 3274 3945; x_wconf 90' lang='lat' dir='ltr'><strong>quia</strong></span> <span class='ocrx_word' id='word_1_657' title='bbox 3299 3891 3496 3929; x_wconf 82' lang='lat' dir='ltr'><strong>secun-</strong></span> 
     </span>
    </p>
   </div>
   <div class='ocr_carea' id='block_1_86' title="bbox 1928 3964 3499 4039">
    <p class='ocr_par' dir='ltr' id='par_1_86' title="bbox 1928 3964 3499 4039">
     <span class='ocr_line' id='line_1_86' title="bbox 1928 3964 3499 4039; baseline -0.006 -13"><span class='ocrx_word' id='word_1_658' title='bbox 1928 3974 2032 4030; x_wconf 85' lang='lat' dir='ltr'><strong>dus</strong></span> <span class='ocrx_word' id='word_1_659' title='bbox 2056 3972 2220 4024; x_wconf 84' lang='lat' dir='ltr'><strong>homo</strong></span> <span class='ocrx_word' id='word_1_660' title='bbox 2271 3971 2326 4023; x_wconf 92' lang='lat' dir='ltr'><strong>in</strong></span> <span class='ocrx_word' id='word_1_661' title='bbox 2361 3969 2617 4039; x_wconf 87' lang='lat' dir='ltr'><strong>spiritum</strong></span> <span class='ocrx_word' id='word_1_662' title='bbox 2658 3968 3050 4022; x_wconf 79' lang='lat' dir='ltr'><strong>viviﬁcantem.</strong></span> <span class='ocrx_word' id='word_1_663' title='bbox 3091 3964 3246 4019; x_wconf 86' lang='lat' dir='ltr'><strong>Unde</strong></span> <span class='ocrx_word' id='word_1_664' title='bbox 3281 3965 3331 4019; x_wconf 88' lang='lat' dir='ltr'><strong>id</strong></span> <span class='ocrx_word' id='word_1_665' title='bbox 3365 3979 3499 4018; x_wconf 89' lang='lat' dir='ltr'><strong>con-</strong></span> 
     </span>
    </p>
   </div>
   <div class='ocr_carea' id='block_1_87' title="bbox 1928 4057 3497 4130">
    <p class='ocr_par' dir='ltr' id='par_1_87' title="bbox 1928 4057 3497 4130">
     <span class='ocr_line' id='line_1_87' title="bbox 1928 4057 3497 4130; baseline -0.006 -13"><span class='ocrx_word' id='word_1_666' title='bbox 1928 4063 2080 4119; x_wconf 80' lang='lat' dir='ltr'><strong>stat?</strong></span> <span class='ocrx_word' id='word_1_667' title='bbox 2107 4061 2184 4114; x_wconf 80' lang='lat' dir='ltr'><strong>Ex</strong></span> <span class='ocrx_word' id='word_1_668' title='bbox 2219 4061 2334 4130; x_wconf 87' lang='lat' dir='ltr'><strong>ipsa</strong></span> <span class='ocrx_word' id='word_1_669' title='bbox 2360 4073 2541 4113; x_wconf 89' lang='lat' dir='ltr'><strong>rerum</strong></span> <span class='ocrx_word' id='word_1_670' title='bbox 2572 4059 2914 4128; x_wconf 88' lang='lat' dir='ltr'><strong>operatione.</strong></span> <span class='ocrx_word' id='word_1_671' title='bbox 2933 4057 3202 4111; x_wconf 70' lang='lat' dir='ltr'><strong>Praeterea</strong></span> <span class='ocrx_word' id='word_1_672' title='bbox 3228 4064 3412 4110; x_wconf 87' lang='lat' dir='ltr'><strong>autem</strong></span> <span class='ocrx_word' id='word_1_673' title='bbox 3441 4062 3497 4109; x_wconf 89' lang='lat' dir='ltr'><strong>et</strong></span> 
     </span>
    </p>
   </div>
   <div class='ocr_carea' id='block_1_88' title="bbox 1929 4148 3494 4222">
    <p class='ocr_par' dir='ltr' id='par_1_88' title="bbox 1929 4148 3494 4222">
     <span class='ocr_line' id='line_1_88' title="bbox 1929 4148 3494 4222; baseline -0.006 -13"><span class='ocrx_word' id='word_1_674' title='bbox 1929 4153 2034 4209; x_wconf 92' lang='lat' dir='ltr'><strong>boc</strong></span> <span class='ocrx_word' id='word_1_675' title='bbox 2068 4166 2286 4222; x_wconf 86' lang='lat' dir='ltr'><strong>quoque</strong></span> <span class='ocrx_word' id='word_1_676' title='bbox 2315 4151 2578 4220; x_wconf 87' lang='lat' dir='ltr'><strong>scriptum</strong></span> <span class='ocrx_word' id='word_1_677' title='bbox 2613 4158 2731 4205; x_wconf 81' lang='lat' dir='ltr'><strong>est:</strong></span> <span class='ocrx_word' id='word_1_678' title='bbox 2771 4169 2789 4202; x_wconf 85' lang='grc' dir='ltr'><strong>ι</strong></span> <span class='ocrx_word' id='word_1_679' title='bbox 2829 4148 3006 4204; x_wconf 78' lang='lat' dir='ltr'><strong>Verba</strong></span> <span class='ocrx_word' id='word_1_680' title='bbox 3055 4149 3198 4204; x_wconf 90' lang='lat' dir='ltr'><strong>enim</strong></span> <span class='ocrx_word' id='word_1_681' title='bbox 3241 4161 3362 4217; x_wconf 73' lang='lat' dir='ltr'><strong>quae</strong></span> <span class='ocrx_word' id='word_1_682' title='bbox 3392 4161 3494 4216; x_wconf 81' lang='lat' dir='ltr'><strong>ego</strong></span> 
     </span>
    </p>
   </div>
   <div class='ocr_carea' id='block_1_89' title="bbox 1929 4235 3598 4318">
    <p class='ocr_par' dir='ltr' id='par_1_89' title="bbox 1929 4235 3598 4318">
     <span class='ocr_line' id='line_1_89' title="bbox 1929 4235 3598 4318; baseline -0.008 -16"><span class='ocrx_word' id='word_1_683' title='bbox 1929 4246 2126 4318; x_wconf 82' lang='lat' dir='ltr'><strong>loquor</strong></span> <span class='ocrx_word' id='word_1_684' title='bbox 2162 4245 2337 4310; x_wconf 75' lang='lat' dir='ltr'><strong>vobis,</strong></span> <span class='ocrx_word' id='word_1_685' title='bbox 2374 4244 2576 4312; x_wconf 89' lang='lat' dir='ltr'><strong>inquit,</strong></span> <span class='ocrx_word' id='word_1_686' title='bbox 2605 4235 2836 4313; x_wconf 85' lang='lat' dir='ltr'><strong>spiritus</strong></span> <span class='ocrx_word' id='word_1_687' title='bbox 2876 4251 2929 4297; x_wconf 91' lang='lat' dir='ltr'><strong>et</strong></span> <span class='ocrx_word' id='word_1_688' title='bbox 2960 4242 3072 4294; x_wconf 87' lang='lat' dir='ltr'><strong>vita</strong></span> <span class='ocrx_word' id='word_1_689' title='bbox 3103 4247 3233 4296; x_wconf 83' lang='lat' dir='ltr'><strong>sum</strong></span> <span class='ocrx_word' id='word_1_690' title='bbox 3261 4239 3329 4293; x_wconf 82' lang='grc'><strong>⁸⁷.</strong></span> <span class='ocrx_word' id='word_1_691' title='bbox 3362 4257 3382 4290; x_wconf 73' lang='grc' dir='ltr'><strong>ι</strong></span> <span class='ocrx_word' id='word_1_692' title='bbox 3439 4237 3494 4291; x_wconf 93' lang='lat' dir='ltr'><strong>In</strong></span> <span class='ocrx_word' id='word_1_693' title='bbox 3585 4253 3598 4265; x_wconf 72' lang='grc' dir='ltr'><strong>ο</strong></span> 
     </span>
    </p>
   </div>
   <div class='ocr_carea' id='block_1_90' title="bbox 1928 4329 3499 4410">
    <p class='ocr_par' dir='ltr' id='par_1_90' title="bbox 1928 4329 3499 4410">
     <span class='ocr_line' id='line_1_90' title="bbox 1928 4329 3499 4410; baseline -0.009 -15"><span class='ocrx_word' id='word_1_694' title='bbox 1928 4340 2183 4410; x_wconf 73' lang='lat' dir='ltr'><strong>Spiritum</strong></span> <span class='ocrx_word' id='word_1_695' title='bbox 2215 4337 2381 4409; x_wconf 76' lang='lat' dir='ltr'><strong>igitur</strong></span> <span class='ocrx_word' id='word_1_696' title='bbox 2415 4335 2693 4390; x_wconf 84' lang='lat' dir='ltr'><strong>vivilicant</strong></span> <span class='ocrx_word' id='word_1_697' title='bbox 2727 4335 3016 4389; x_wconf 85' lang='lat' dir='ltr'><strong>audientes</strong></span> <span class='ocrx_word' id='word_1_698' title='bbox 3041 4333 3256 4402; x_wconf 88' lang='lat' dir='ltr'><strong>sibique</strong></span> <span class='ocrx_word' id='word_1_699' title='bbox 3287 4329 3499 4385; x_wconf 86' lang='lat' dir='ltr'><strong>obtem-</strong></span> 
     </span>
    </p>
   </div>
   <div class='ocr_carea' id='block_1_91' title="bbox 1929 4422 3494 4503">
    <p class='ocr_par' dir='ltr' id='par_1_91' title="bbox 1929 4422 3494 4503">
     <span class='ocr_line' id='line_1_91' title="bbox 1929 4422 3494 4503; baseline -0.007 -18"><span class='ocrx_word' id='word_1_700' title='bbox 1929 4432 2185 4503; x_wconf 85' lang='lat' dir='ltr'><strong>perantes</strong></span> <span class='ocrx_word' id='word_1_701' title='bbox 2225 4447 2237 4483; x_wconf 94' lang='lat'>:</span> <span class='ocrx_word' id='word_1_702' title='bbox 2272 4428 2416 4498; x_wconf 90' lang='lat' dir='ltr'><strong>quod</strong></span> <span class='ocrx_word' id='word_1_703' title='bbox 2443 4429 2488 4483; x_wconf 90' lang='lat' dir='ltr'><strong>si</strong></span> <span class='ocrx_word' id='word_1_704' title='bbox 2529 4429 2631 4481; x_wconf 83' lang='lat' dir='ltr'><strong>hoc</strong></span> <span class='ocrx_word' id='word_1_705' title='bbox 2657 4435 2760 4491; x_wconf 91' lang='lat' dir='ltr'><strong>est,</strong></span> <span class='ocrx_word' id='word_1_706' title='bbox 2788 4425 3138 4480; x_wconf 75' lang='lat' dir='ltr'><strong>manifestum</strong></span> <span class='ocrx_word' id='word_1_707' title='bbox 3165 4422 3310 4494; x_wconf 88' lang='lat' dir='ltr'><strong>quod</strong></span> <span class='ocrx_word' id='word_1_708' title='bbox 3330 4422 3494 4476; x_wconf 86' lang='lat' dir='ltr'><strong>etiam</strong></span> 
     </span>
    </p>
   </div>
   <div class='ocr_carea' id='block_1_92' title="bbox 239 4515 1821 4600">
    <p class='ocr_par' dir='ltr' id='par_1_92' title="bbox 239 4523 1818 4600">
     <span class='ocr_line' id='line_1_92' title="bbox 239 4523 1818 4600; baseline 0.006 -27"><span class='ocrx_word' id='word_1_709' title='bbox 239 4523 553 4592; x_wconf 75' lang='grc' dir='ltr'><strong>παρόντων.</strong></span> <span class='ocrx_word' id='word_1_710' title='bbox 586 4541 606 4574; x_wconf 77' lang='grc' dir='ltr'><strong>ι</strong></span> <span class='ocrx_word' id='word_1_711' title='bbox 660 4523 909 4592; x_wconf 80' lang='grc' dir='ltr'><strong>Ἐγένετο</strong></span> <span class='ocrx_word' id='word_1_712' title='bbox 965 4525 992 4578; x_wconf 85' lang='grc' dir='ltr'>ὀ</span> <span class='ocrx_word' id='word_1_713' title='bbox 1025 4525 1240 4596; x_wconf 85' lang='grc' dir='ltr'><strong>πρῶτος</strong></span> <span class='ocrx_word' id='word_1_714' title='bbox 1288 4525 1578 4596; x_wconf 78' lang='grc' dir='ltr'><strong>ἄνθρωπος</strong></span> <span class='ocrx_word' id='word_1_715' title='bbox 1647 4529 1818 4600; x_wconf 74' lang='grc' dir='ltr'><strong>Ἀδὰμ</strong></span> 
     </span>
    </p>
   </div>
   <div class='ocr_carea' id='block_1_93' title="bbox 1927 4515 3494 4600">
    <p class='ocr_par' dir='ltr' id='par_1_93' title="bbox 1932 4515 3494 4592">
     <span class='ocr_line' id='line_1_93' title="bbox 1932 4515 3494 4592; baseline -0.008 -14"><span class='ocrx_word' id='word_1_716' title='bbox 1932 4525 1984 4578; x_wconf 88' lang='lat' dir='ltr'><strong>bi</strong></span> <span class='ocrx_word' id='word_1_717' title='bbox 2041 4521 2328 4592; x_wconf 86' lang='lat' dir='ltr'><strong>spirituale</strong></span> <span class='ocrx_word' id='word_1_718' title='bbox 2375 4535 2578 4590; x_wconf 90' lang='lat' dir='ltr'><strong>corpus</strong></span> <span class='ocrx_word' id='word_1_719' title='bbox 2615 4519 2897 4573; x_wconf 83' lang='lat' dir='ltr'><strong>habebunt</strong></span> <span class='ocrx_word' id='word_1_720' title='bbox 2953 4518 3007 4572; x_wconf 91' lang='lat' dir='ltr'><strong>in</strong></span> <span class='ocrx_word' id='word_1_721' title='bbox 3063 4515 3494 4575; x_wconf 81' lang='lat' dir='ltr'><strong>resurrectione,</strong></span> 
     </span>
    </p>
   </div>
   <div class='ocr_carea' id='block_1_94' title="bbox 239 4613 1820 4690">
    <p class='ocr_par' dir='ltr' id='par_1_94' title="bbox 239 4613 1820 4690">
     <span class='ocr_line' id='line_1_94' title="bbox 239 4613 1820 4690; baseline 0.007 -24"><span class='ocrx_word' id='word_1_722' title='bbox 239 4616 326 4675; x_wconf 86' lang='grc' dir='ltr'><strong>εἰς</strong></span> <span class='ocrx_word' id='word_1_723' title='bbox 347 4613 530 4684; x_wconf 76' lang='grc' dir='ltr'><strong>ψυχὴν</strong></span> <span class='ocrx_word' id='word_1_724' title='bbox 559 4613 761 4678; x_wconf 82' lang='grc' dir='ltr'><strong>ζῶσαν.</strong></span> <span class='ocrx_word' id='word_1_725' title='bbox 798 4634 818 4667; x_wconf 84' lang='grc'><strong>›</strong></span> <span class='ocrx_word' id='word_1_726' title='bbox 846 4617 956 4669; x_wconf 74' lang='grc' dir='ltr'><strong>Καὶ</strong></span> <span class='ocrx_word' id='word_1_727' title='bbox 990 4617 1062 4687; x_wconf 81' lang='grc' dir='ltr'><strong>μὴ</strong></span> <span class='ocrx_word' id='word_1_728' title='bbox 1093 4618 1330 4680; x_wconf 86' lang='grc' dir='ltr'><strong>ἀπίστει,</strong></span> <span class='ocrx_word' id='word_1_729' title='bbox 1362 4621 1549 4690; x_wconf 66' lang='grc' dir='ltr'><strong>φησιν,</strong></span> <span class='ocrx_word' id='word_1_730' title='bbox 1608 4621 1690 4675; x_wconf 81' lang='grc' dir='ltr'><strong>ὅτι</strong></span> <span class='ocrx_word' id='word_1_731' title='bbox 1750 4622 1820 4678; x_wconf 79' lang='grc' dir='ltr'><strong>τὰ</strong></span> 
     </span>
    </p>
   </div>
   <div class='ocr_carea' id='block_1_95' title="bbox 237 4703 1816 4782">
    <p class='ocr_par' dir='ltr' id='par_1_95' title="bbox 237 4703 1816 4782">
     <span class='ocr_line' id='line_1_95' title="bbox 237 4703 1816 4782; baseline 0.007 -26"><span class='ocrx_word' id='word_1_732' title='bbox 237 4703 342 4756; x_wconf 86' lang='grc' dir='ltr'><strong>νῦν</strong></span> <span class='ocrx_word' id='word_1_733' title='bbox 365 4704 574 4774; x_wconf 70' lang='grc' dir='ltr'><strong>ψυχικά</strong></span> <span class='ocrx_word' id='word_1_734' title='bbox 613 4707 770 4775; x_wconf 78' lang='grc' dir='ltr'><strong>ἡμῶν</strong></span> <span class='ocrx_word' id='word_1_735' title='bbox 804 4706 1031 4777; x_wconf 80' lang='grc' dir='ltr'><strong>σώματα</strong></span> <span class='ocrx_word' id='word_1_736' title='bbox 1073 4707 1226 4761; x_wconf 82' lang='grc' dir='ltr'><strong>ἔσται</strong></span> <span class='ocrx_word' id='word_1_737' title='bbox 1277 4709 1395 4762; x_wconf 76' lang='grc' dir='ltr'><strong>τότε</strong></span> <span class='ocrx_word' id='word_1_738' title='bbox 1452 4715 1816 4782; x_wconf 73' lang='grc' dir='ltr'><strong>πνευματικὰ.</strong></span> 
     </span>
    </p>
   </div>
   <div class='ocr_carea' id='block_1_96' title="bbox 243 4792 1819 4873">
    <p class='ocr_par' dir='ltr' id='par_1_96' title="bbox 243 4792 1819 4873">
     <span class='ocr_line' id='line_1_96' title="bbox 243 4792 1819 4873; baseline 0.008 -30"><span class='ocrx_word' id='word_1_739' title='bbox 243 4792 494 4861; x_wconf 82' lang='grc' dir='ltr'><strong>Ἐχομεν</strong></span> <span class='ocrx_word' id='word_1_740' title='bbox 551 4795 660 4862; x_wconf 80' lang='grc' dir='ltr'><strong>γὰρ</strong></span> <span class='ocrx_word' id='word_1_741' title='bbox 701 4795 802 4865; x_wconf 70' lang='grc' dir='ltr'><strong>ήδη</strong></span> <span class='ocrx_word' id='word_1_742' title='bbox 861 4796 1053 4849; x_wconf 81' lang='grc' dir='ltr'><strong>τούτου</strong></span> <span class='ocrx_word' id='word_1_743' title='bbox 1112 4797 1211 4858; x_wconf 73' lang='grc' dir='ltr'><strong>τὰς</strong></span> <span class='ocrx_word' id='word_1_744' title='bbox 1232 4798 1558 4865; x_wconf 78' lang='grc' dir='ltr'><strong>ἀποδείξεις.</strong></span> <span class='ocrx_word' id='word_1_745' title='bbox 1626 4801 1683 4854; x_wconf 86' lang='lat'><strong>&#39;0</strong></span> <span class='ocrx_word' id='word_1_746' title='bbox 1711 4801 1819 4873; x_wconf 82' lang='grc' dir='ltr'><strong>γὰρ</strong></span> 
     </span>
    </p>
   </div>
   <div class='ocr_carea' id='block_1_97' title="bbox 255 4883 1820 4963">
    <p class='ocr_par' dir='ltr' id='par_1_97' title="bbox 255 4883 1820 4963">
     <span class='ocr_line' id='line_1_97' title="bbox 255 4883 1820 4963; baseline 0.008 -27"><span class='ocrx_word' id='word_1_747' title='bbox 255 4884 434 4955; x_wconf 79' lang='grc' dir='ltr'><strong>Ἀδὰμ</strong></span> <span class='ocrx_word' id='word_1_748' title='bbox 478 4886 707 4956; x_wconf 70' lang='grc' dir='ltr'><strong>ψυχικὸν</strong></span> <span class='ocrx_word' id='word_1_749' title='bbox 726 4883 836 4956; x_wconf 79' lang='grc' dir='ltr'><strong>εἶχε</strong></span> <span class='ocrx_word' id='word_1_750' title='bbox 867 4888 1048 4958; x_wconf 83' lang='grc' dir='ltr'><strong>σῶμα,</strong></span> <span class='ocrx_word' id='word_1_751' title='bbox 1085 4890 1113 4942; x_wconf 84' lang='grc' dir='ltr'>ὁ</span> <span class='ocrx_word' id='word_1_752' title='bbox 1151 4889 1208 4942; x_wconf 82' lang='grc' dir='ltr'><strong>δὲ</strong></span> <span class='ocrx_word' id='word_1_753' title='bbox 1246 4891 1480 4960; x_wconf 82' lang='grc' dir='ltr'><strong>Χριστὸς</strong></span> <span class='ocrx_word' id='word_1_754' title='bbox 1521 4905 1820 4963; x_wconf 82' lang='grc' dir='ltr'><strong>πνευματι-</strong></span> 
     </span>
    </p>
   </div>
   <div class='ocr_carea' id='block_1_98' title="bbox 239 4975 1816 5054">
    <p class='ocr_par' dir='ltr' id='par_1_98' title="bbox 239 4975 1816 5054">
     <span class='ocr_line' id='line_1_98' title="bbox 239 4975 1816 5054; baseline 0.006 -25"><span class='ocrx_word' id='word_1_755' title='bbox 239 4976 343 5029; x_wconf 73' lang='grc' dir='ltr'><strong>κδν</strong></span> <span class='ocrx_word' id='word_1_756' title='bbox 375 4975 498 5045; x_wconf 73' lang='grc' dir='ltr'><strong>ἔσχε</strong></span> <span class='ocrx_word' id='word_1_757' title='bbox 533 4976 860 5047; x_wconf 81' lang='grc' dir='ltr'><strong>σῶμα,ὂλην</strong></span> <span class='ocrx_word' id='word_1_758' title='bbox 891 4978 1183 5048; x_wconf 82' lang='grc' dir='ltr'><strong>δεξάμενον</strong></span> <span class='ocrx_word' id='word_1_759' title='bbox 1199 4979 1294 5032; x_wconf 89' lang='grc' dir='ltr'><strong>τοῦ</strong></span> <span class='ocrx_word' id='word_1_760' title='bbox 1314 4982 1469 5048; x_wconf 82' lang='grc' dir='ltr'><strong>ἁγίου</strong></span> <span class='ocrx_word' id='word_1_761' title='bbox 1499 4976 1816 5054; x_wconf 76' lang='grc' dir='ltr'><strong>Πνεῦματος</strong></span> 
     </span>
    </p>
   </div>
   <div class='ocr_carea' id='block_1_99' title="bbox 235 5068 1810 5146">
    <p class='ocr_par' dir='ltr' id='par_1_99' title="bbox 235 5068 1810 5146">
     <span class='ocr_line' id='line_1_99' title="bbox 235 5068 1810 5146; baseline 0.005 -24"><span class='ocrx_word' id='word_1_762' title='bbox 235 5068 344 5139; x_wconf 80' lang='grc' dir='ltr'><strong>τὴν</strong></span> <span class='ocrx_word' id='word_1_763' title='bbox 367 5068 690 5136; x_wconf 79' lang='grc' dir='ltr'><strong>παρουσίαν.</strong></span> <span class='ocrx_word' id='word_1_764' title='bbox 732 5070 844 5122; x_wconf 71' lang='grc' dir='ltr'><strong>Καὶ</strong></span> <span class='ocrx_word' id='word_1_765' title='bbox 863 5070 1030 5140; x_wconf 84' lang='grc' dir='ltr'><strong>δηλοῖ,</strong></span> <span class='ocrx_word' id='word_1_766' title='bbox 1063 5071 1294 5140; x_wconf 86' lang='grc' dir='ltr'><strong>μείνασα</strong></span> <span class='ocrx_word' id='word_1_767' title='bbox 1325 5073 1412 5126; x_wconf 71' lang='grc' dir='ltr'><strong>ἐπ’</strong></span> <span class='ocrx_word' id='word_1_768' title='bbox 1442 5075 1608 5129; x_wconf 75' lang='grc' dir='ltr'><strong>αὐτὸν</strong></span> <span class='ocrx_word' id='word_1_769' title='bbox 1654 5078 1687 5146; x_wconf 79' lang='grc' dir='ltr'><strong>ἡ</strong></span> <span class='ocrx_word' id='word_1_770' title='bbox 1717 5094 1810 5130; x_wconf 80' lang='grc' dir='ltr'><strong>πε-</strong></span> 
     </span>
    </p>
   </div>
   <div class='ocr_carea' id='block_1_100' title="bbox 245 5159 1816 5237">
    <p class='ocr_par' dir='ltr' id='par_1_100' title="bbox 245 5159 1816 5237">
     <span class='ocr_line' id='line_1_100' title="bbox 245 5159 1816 5237; baseline 0.008 -27"><span class='ocrx_word' id='word_1_771' title='bbox 245 5159 499 5230; x_wconf 81' lang='grc' dir='ltr'><strong>ριστερά.</strong></span> <span class='ocrx_word' id='word_1_772' title='bbox 548 5159 699 5213; x_wconf 80' lang='grc' dir='ltr'><strong>Καθὸ</strong></span> <span class='ocrx_word' id='word_1_773' title='bbox 743 5161 853 5230; x_wconf 84' lang='grc' dir='ltr'><strong>γάρ</strong></span> <span class='ocrx_word' id='word_1_774' title='bbox 900 5163 1015 5214; x_wconf 80' lang='grc' dir='ltr'><strong>ἐστι</strong></span> <span class='ocrx_word' id='word_1_775' title='bbox 1067 5163 1163 5215; x_wconf 80' lang='grc' dir='ltr'><strong>καὶ</strong></span> <span class='ocrx_word' id='word_1_776' title='bbox 1219 5167 1421 5217; x_wconf 82' lang='grc' dir='ltr'><strong>νοεῖται</strong></span> <span class='ocrx_word' id='word_1_777' title='bbox 1475 5167 1760 5237; x_wconf 75' lang='grc' dir='ltr'><strong>ἅνθρωπος</strong></span> <span class='ocrx_word' id='word_1_778' title='bbox 1789 5170 1816 5222; x_wconf 83' lang='grc' dir='ltr'>ὀ</span> 
     </span>
    </p>
   </div>
   <div class='ocr_carea' id='block_1_101' title="bbox 241 5252 1814 5329">
    <p class='ocr_par' dir='ltr' id='par_1_101' title="bbox 241 5252 1814 5329">
     <span class='ocr_line' id='line_1_101' title="bbox 241 5252 1814 5329; baseline 0.007 -25"><span class='ocrx_word' id='word_1_779' title='bbox 241 5252 477 5322; x_wconf 81' lang='grc' dir='ltr'><strong>Κύριος,</strong></span> <span class='ocrx_word' id='word_1_780' title='bbox 527 5252 652 5322; x_wconf 71' lang='grc' dir='ltr'><strong>ἔσχε</strong></span> <span class='ocrx_word' id='word_1_781' title='bbox 705 5253 803 5324; x_wconf 77' lang='grc' dir='ltr'><strong>τὴν</strong></span> <span class='ocrx_word' id='word_1_782' title='bbox 849 5255 942 5306; x_wconf 89' lang='grc' dir='ltr'><strong>τοῦ</strong></span> <span class='ocrx_word' id='word_1_783' title='bbox 972 5256 1337 5326; x_wconf 83' lang='grc' dir='ltr'><strong>Παρακλήτου</strong></span> <span class='ocrx_word' id='word_1_784' title='bbox 1361 5258 1665 5329; x_wconf 78' lang='grc' dir='ltr'><strong>ἐνέργειαν,</strong></span> <span class='ocrx_word' id='word_1_785' title='bbox 1692 5262 1814 5314; x_wconf 83' lang='grc' dir='ltr'><strong>καί·</strong></span> 
     </span>
    </p>
   </div>
   <div class='ocr_carea' id='block_1_102' title="bbox 241 5344 1818 5418">
    <p class='ocr_par' dir='ltr' id='par_1_102' title="bbox 241 5344 1818 5418">
     <span class='ocr_line' id='line_1_102' title="bbox 241 5344 1818 5418; baseline 0.006 -21"><span class='ocrx_word' id='word_1_786' title='bbox 241 5361 328 5397; x_wconf 81' lang='grc' dir='ltr'><strong>τοι</strong></span> <span class='ocrx_word' id='word_1_787' title='bbox 357 5345 486 5397; x_wconf 83' lang='grc' dir='ltr'><strong>ἰδίου</strong></span> <span class='ocrx_word' id='word_1_788' title='bbox 517 5344 668 5406; x_wconf 81' lang='grc' dir='ltr'><strong>δντος</strong></span> <span class='ocrx_word' id='word_1_789' title='bbox 698 5345 862 5398; x_wconf 78' lang='grc' dir='ltr'><strong>αὑτοῦ</strong></span> <span class='ocrx_word' id='word_1_790' title='bbox 901 5346 995 5399; x_wconf 87' lang='grc' dir='ltr'><strong>τοῦ</strong></span> <span class='ocrx_word' id='word_1_791' title='bbox 1021 5347 1360 5418; x_wconf 81' lang='grc' dir='ltr'><strong>Ιινεύματος,</strong></span> <span class='ocrx_word' id='word_1_792' title='bbox 1403 5350 1538 5405; x_wconf 85' lang='grc' dir='ltr'><strong>καθό</strong></span> <span class='ocrx_word' id='word_1_793' title='bbox 1570 5352 1690 5405; x_wconf 79' lang='grc' dir='ltr'><strong>ἐστι</strong></span> <span class='ocrx_word' id='word_1_794' title='bbox 1722 5354 1818 5406; x_wconf 73' lang='grc' dir='ltr'><strong>καὶ</strong></span> 
     </span>
    </p>
   </div>
   <div class='ocr_carea' id='block_1_103' title="bbox 241 5433 1817 5514">
    <p class='ocr_par' dir='ltr' id='par_1_103' title="bbox 241 5433 1817 5514">
     <span class='ocr_line' id='line_1_103' title="bbox 241 5433 1817 5514; baseline 0.008 -27"><span class='ocrx_word' id='word_1_795' title='bbox 241 5439 453 5489; x_wconf 86' lang='grc' dir='ltr'><strong>νοεῖται</strong></span> <span class='ocrx_word' id='word_1_796' title='bbox 491 5433 641 5500; x_wconf 84' lang='grc' dir='ltr'><strong>Θεός.</strong></span> <span class='ocrx_word' id='word_1_797' title='bbox 667 5437 978 5507; x_wconf 82' lang='grc' dir='ltr'><strong>Σημείωσαι</strong></span> <span class='ocrx_word' id='word_1_798' title='bbox 999 5438 1056 5492; x_wconf 78' lang='grc' dir='ltr'><strong>δὲ</strong></span> <span class='ocrx_word' id='word_1_799' title='bbox 1083 5443 1178 5494; x_wconf 70' lang='grc' dir='ltr'><strong>καὶ</strong></span> <span class='ocrx_word' id='word_1_800' title='bbox 1205 5440 1475 5505; x_wconf 79' lang='grc' dir='ltr'><strong>ζωοποιδν</strong></span> <span class='ocrx_word' id='word_1_801' title='bbox 1504 5445 1566 5498; x_wconf 79' lang='grc' dir='ltr'><strong>τὸ</strong></span> <span class='ocrx_word' id='word_1_802' title='bbox 1590 5446 1817 5514; x_wconf 81' lang='grc' dir='ltr'><strong>Πνεῦμα</strong></span> 
     </span>
    </p>
   </div>
   <div class='ocr_carea' id='block_1_104' title="bbox 248 5527 1814 5606">
    <p class='ocr_par' dir='ltr' id='par_1_104' title="bbox 248 5527 1814 5606">
     <span class='ocr_line' id='line_1_104' title="bbox 248 5527 1814 5606; baseline 0.007 -27"><span class='ocrx_word' id='word_1_803' title='bbox 248 5527 542 5598; x_wconf 75' lang='grc' dir='ltr'><strong>ὑπάρχειν.</strong></span> <span class='ocrx_word' id='word_1_804' title='bbox 602 5529 932 5601; x_wconf 83' lang='grc' dir='ltr'><strong>Καίτοιιτῆς</strong></span> <span class='ocrx_word' id='word_1_805' title='bbox 971 5531 1292 5596; x_wconf 82' lang='grc' dir='ltr'><strong>ἀκολουθίας</strong></span> <span class='ocrx_word' id='word_1_806' title='bbox 1343 5533 1686 5606; x_wconf 83' lang='grc' dir='ltr'><strong>ἀπαιτούσης</strong></span> <span class='ocrx_word' id='word_1_807' title='bbox 1734 5537 1814 5590; x_wconf 85' lang='grc' dir='ltr'><strong>εί-</strong></span> 
     </span>
    </p>
   </div>
   <div class='ocr_carea' id='block_1_105' title="bbox 245 5619 1813 5697">
    <p class='ocr_par' dir='ltr' id='par_1_105' title="bbox 245 5619 1813 5697">
     <span class='ocr_line' id='line_1_105' title="bbox 245 5619 1813 5697; baseline 0.006 -27"><span class='ocrx_word' id='word_1_808' title='bbox 245 5620 394 5683; x_wconf 79' lang='grc' dir='ltr'><strong>πεῖν,</strong></span> <span class='ocrx_word' id='word_1_809' title='bbox 437 5636 455 5671; x_wconf 79' lang='grc' dir='ltr'><strong>ι</strong></span> <span class='ocrx_word' id='word_1_810' title='bbox 518 5621 611 5684; x_wconf 83' lang='grc' dir='ltr'><strong>Εἰς</strong></span> <span class='ocrx_word' id='word_1_811' title='bbox 662 5621 878 5691; x_wconf 80' lang='grc' dir='ltr'><strong>πνεῦμα</strong></span> <span class='ocrx_word' id='word_1_812' title='bbox 910 5621 1036 5688; x_wconf 79' lang='grc' dir='ltr'><strong>ζῶν,</strong></span> <span class='ocrx_word' id='word_1_813' title='bbox 1090 5640 1110 5674; x_wconf 74' lang='grc' dir='ltr'><strong>ι</strong></span> <span class='ocrx_word' id='word_1_814' title='bbox 1163 5624 1347 5688; x_wconf 83' lang='grc' dir='ltr'><strong>καθὼς</strong></span> <span class='ocrx_word' id='word_1_815' title='bbox 1402 5619 1526 5679; x_wconf 77' lang='grc' dir='ltr'><strong>εἷπε</strong></span> <span class='ocrx_word' id='word_1_816' title='bbox 1563 5627 1813 5697; x_wconf 70' lang='grc' dir='ltr'><strong>ψυχικὸν,</strong></span> 
     </span>
    </p>
   </div>
   <div class='ocr_carea' id='block_1_106' title="bbox 324 5801 1731 5871">
    <p class='ocr_par' dir='ltr' id='par_1_106' title="bbox 324 5801 1731 5871">
     <span class='ocr_line' id='line_1_106' title="bbox 324 5801 1731 5871; baseline 0.003 -15"><span class='ocrx_word' id='word_1_817' title='bbox 324 5801 496 5858; x_wconf 78' lang='lat' dir='ltr'><strong>&quot;Job</strong></span> <span class='ocrx_word' id='word_1_818' title='bbox 535 5819 645 5870; x_wconf 78' lang='lat' dir='ltr'><strong>xw,</strong></span> <span class='ocrx_word' id='word_1_819' title='bbox 700 5804 754 5871; x_wconf 74' lang='grc' dir='ltr'><strong>ι,</strong></span> <span class='ocrx_word' id='word_1_820' title='bbox 797 5805 831 5861; x_wconf 80' lang='grc'><strong>5</strong></span> <span class='ocrx_word' id='word_1_821' title='bbox 879 5821 990 5864; x_wconf 86' lang='lat' dir='ltr'><strong>sec.</strong></span> <span class='ocrx_word' id='word_1_822' title='bbox 1045 5805 1210 5862; x_wconf 69' lang='lat' dir='ltr'><strong>LXX.</strong></span> <span class='ocrx_word' id='word_1_823' title='bbox 1304 5808 1349 5840; x_wconf 82' lang='grc'>⁸⁸</span> <span class='ocrx_word' id='word_1_824' title='bbox 1396 5806 1530 5862; x_wconf 81' lang='lat' dir='ltr'><strong>Gen.</strong></span> <span class='ocrx_word' id='word_1_825' title='bbox 1589 5825 1627 5863; x_wconf 89' lang='grc' dir='ltr'><strong>ιι</strong></span> <span class='ocrx_word' id='word_1_826' title='bbox 1680 5807 1731 5860; x_wconf 85' lang='lat'><strong>7.</strong></span> 
     </span>
    </p>
   </div>
   <div class='ocr_carea' id='block_1_107' title="bbox 1925 4607 3496 4686">
    <p class='ocr_par' dir='ltr' id='par_1_107' title="bbox 1925 4607 3496 4686">
     <span class='ocr_line' id='line_1_107' title="bbox 1925 4607 3496 4686; baseline -0.006 -17"><span class='ocrx_word' id='word_1_827' title='bbox 1925 4617 2070 4686; x_wconf 85' lang='lat' dir='ltr'><strong>quod</strong></span> <span class='ocrx_word' id='word_1_828' title='bbox 2130 4614 2365 4684; x_wconf 88' lang='lat' dir='ltr'><strong>amplius</strong></span> <span class='ocrx_word' id='word_1_829' title='bbox 2400 4613 2536 4667; x_wconf 87' lang='lat' dir='ltr'><strong>verti</strong></span> <span class='ocrx_word' id='word_1_830' title='bbox 2598 4609 2707 4666; x_wconf 79' lang='lat' dir='ltr'><strong>n&#39;on</strong></span> <span class='ocrx_word' id='word_1_831' title='bbox 2746 4612 2921 4681; x_wconf 84' lang='lat' dir='ltr'><strong>possit</strong></span> <span class='ocrx_word' id='word_1_832' title='bbox 2962 4610 3014 4665; x_wconf 93' lang='lat' dir='ltr'><strong>in</strong></span> <span class='ocrx_word' id='word_1_833' title='bbox 3048 4608 3303 4671; x_wconf 87' lang='lat' dir='ltr'><strong>animale,</strong></span> <span class='ocrx_word' id='word_1_834' title='bbox 3347 4607 3496 4661; x_wconf 89' lang='lat' dir='ltr'><strong>sicut</strong></span> 
     </span>
    </p>
   </div>
   <div class='ocr_carea' id='block_1_108' title="bbox 1924 4695 3498 4773">
    <p class='ocr_par' dir='ltr' id='par_1_108' title="bbox 1924 4695 3498 4773">
     <span class='ocr_line' id='line_1_108' title="bbox 1924 4695 3498 4773; baseline -0.008 -13"><span class='ocrx_word' id='word_1_835' title='bbox 1924 4705 2193 4773; x_wconf 67' lang='lat' dir='ltr'><strong>coiitingit</strong></span> <span class='ocrx_word' id='word_1_836' title='bbox 2228 4703 2502 4756; x_wconf 87' lang='lat' dir='ltr'><strong>interdum</strong></span> <span class='ocrx_word' id='word_1_837' title='bbox 2550 4701 2634 4755; x_wconf 84' lang='lat' dir='ltr'><strong>his</strong></span> <span class='ocrx_word' id='word_1_838' title='bbox 2667 4701 2759 4768; x_wconf 87' lang='lat' dir='ltr'><strong>qui</strong></span> <span class='ocrx_word' id='word_1_839' title='bbox 2791 4699 2844 4752; x_wconf 88' lang='lat' dir='ltr'><strong>in</strong></span> <span class='ocrx_word' id='word_1_840' title='bbox 2883 4698 2997 4750; x_wconf 79' lang='lat' dir='ltr'><strong>vita</strong></span> <span class='ocrx_word' id='word_1_841' title='bbox 3034 4707 3183 4752; x_wconf 92' lang='lat' dir='ltr'><strong>sunt.</strong></span> <span class='ocrx_word' id='word_1_842' title='bbox 3225 4713 3246 4747; x_wconf 73' lang='grc' dir='ltr'><strong>ι</strong></span> <span class='ocrx_word' id='word_1_843' title='bbox 3295 4695 3498 4750; x_wconf 83' lang='lat' dir='ltr'><strong>Factus</strong></span> 
     </span>
    </p>
   </div>
   <div class='ocr_carea' id='block_1_109' title="bbox 1922 4788 3486 4866">
    <p class='ocr_par' dir='ltr' id='par_1_109' title="bbox 1922 4788 3486 4866">
     <span class='ocr_line' id='line_1_109' title="bbox 1922 4788 3486 4866; baseline -0.01 -13"><span class='ocrx_word' id='word_1_844' title='bbox 1922 4807 2011 4853; x_wconf 87' lang='lat' dir='ltr'><strong>est</strong></span> <span class='ocrx_word' id='word_1_845' title='bbox 2064 4798 2278 4866; x_wconf 88' lang='lat' dir='ltr'><strong>primus</strong></span> <span class='ocrx_word' id='word_1_846' title='bbox 2311 4797 2474 4849; x_wconf 90' lang='lat' dir='ltr'><strong>bomo</strong></span> <span class='ocrx_word' id='word_1_847' title='bbox 2532 4794 2701 4847; x_wconf 84' lang='lat' dir='ltr'><strong>Adam</strong></span> <span class='ocrx_word' id='word_1_848' title='bbox 2739 4794 2790 4846; x_wconf 89' lang='lat' dir='ltr'><strong>in</strong></span> <span class='ocrx_word' id='word_1_849' title='bbox 2847 4793 3086 4845; x_wconf 87' lang='lat' dir='ltr'><strong>animam</strong></span> <span class='ocrx_word' id='word_1_850' title='bbox 3132 4788 3424 4842; x_wconf 83' lang='lat' dir='ltr'><strong>viventem.</strong></span> <span class='ocrx_word' id='word_1_851' title='bbox 3468 4805 3486 4838; x_wconf 75' lang='grc' dir='ltr'><strong>ι</strong></span> 
     </span>
    </p>
   </div>
   <div class='ocr_carea' id='block_1_110' title="bbox 1925 4885 3493 4954">
    <p class='ocr_par' dir='ltr' id='par_1_110' title="bbox 1925 4885 3493 4954">
     <span class='ocr_line' id='line_1_110' title="bbox 1925 4885 3493 4954; baseline -0.006 -12"><span class='ocrx_word' id='word_1_852' title='bbox 1925 4889 2036 4944; x_wconf 83' lang='lat' dir='ltr'><strong>Nec</strong></span> <span class='ocrx_word' id='word_1_853' title='bbox 2090 4885 2326 4951; x_wconf 70' lang='lat' dir='ltr'><strong>difﬁdas,</strong></span> <span class='ocrx_word' id='word_1_854' title='bbox 2372 4888 2570 4954; x_wconf 80' lang='lat' dir='ltr'><strong>inquit,</strong></span> <span class='ocrx_word' id='word_1_855' title='bbox 2641 4885 2770 4952; x_wconf 89' lang='lat' dir='ltr'><strong>quin</strong></span> <span class='ocrx_word' id='word_1_856' title='bbox 2819 4894 3004 4938; x_wconf 86' lang='lat' dir='ltr'><strong>nostra</strong></span> <span class='ocrx_word' id='word_1_857' title='bbox 3066 4894 3300 4951; x_wconf 84' lang='lat' dir='ltr'><strong>corpora</strong></span> <span class='ocrx_word' id='word_1_858' title='bbox 3351 4893 3493 4933; x_wconf 90' lang='lat' dir='ltr'><strong>nunc</strong></span> 
     </span>
    </p>
   </div>
   <div class='ocr_carea' id='block_1_111' title="bbox 1931 4972 3492 5046">
    <p class='ocr_par' dir='ltr' id='par_1_111' title="bbox 1931 4972 3492 5046">
     <span class='ocr_line' id='line_1_111' title="bbox 1931 4972 3492 5046; baseline -0.006 -10"><span class='ocrx_word' id='word_1_859' title='bbox 1931 4980 2195 5035; x_wconf 83' lang='lat' dir='ltr'><strong>animalia</strong></span> <span class='ocrx_word' id='word_1_860' title='bbox 2228 4977 2414 5032; x_wconf 77' lang='lat' dir='ltr'><strong>futura</strong></span> <span class='ocrx_word' id='word_1_861' title='bbox 2437 4978 2547 5033; x_wconf 86' lang='lat' dir='ltr'><strong>sint</strong></span> <span class='ocrx_word' id='word_1_862' title='bbox 2581 4977 2888 5046; x_wconf 87' lang='lat' dir='ltr'><strong>spiritualia</strong></span> <span class='ocrx_word' id='word_1_863' title='bbox 2923 4991 2937 5027; x_wconf 91' lang='lat'><strong>:</strong></span> <span class='ocrx_word' id='word_1_864' title='bbox 2967 4974 3078 5045; x_wconf 85' lang='lat' dir='ltr'><strong>jam</strong></span> <span class='ocrx_word' id='word_1_865' title='bbox 3125 4975 3272 5028; x_wconf 88' lang='lat' dir='ltr'><strong>enim</strong></span> <span class='ocrx_word' id='word_1_866' title='bbox 3327 4972 3492 5040; x_wconf 90' lang='lat' dir='ltr'><strong>hujus</strong></span> 
     </span>
    </p>
   </div>
   <div class='ocr_carea' id='block_1_112' title="bbox 1929 5065 3488 5128">
    <p class='ocr_par' dir='ltr' id='par_1_112' title="bbox 1929 5065 3488 5128">
     <span class='ocr_line' id='line_1_112' title="bbox 1929 5065 3488 5128; baseline -0.006 -1"><span class='ocrx_word' id='word_1_867' title='bbox 1929 5087 2076 5128; x_wconf 90' lang='lat' dir='ltr'><strong>nunc</strong></span> <span class='ocrx_word' id='word_1_868' title='bbox 2128 5071 2630 5124; x_wconf 81' lang='lat' dir='ltr'><strong>demdnstrationes</strong></span> <span class='ocrx_word' id='word_1_869' title='bbox 2672 5069 2955 5123; x_wconf 85' lang='lat' dir='ltr'><strong>habemus.</strong></span> <span class='ocrx_word' id='word_1_870' title='bbox 2992 5066 3128 5120; x_wconf 84' lang='lat' dir='ltr'><strong>Nam</strong></span> <span class='ocrx_word' id='word_1_871' title='bbox 3162 5068 3335 5121; x_wconf 86' lang='lat' dir='ltr'><strong>Adam</strong></span> <span class='ocrx_word' id='word_1_872' title='bbox 3369 5065 3488 5118; x_wconf 85' lang='lat' dir='ltr'><strong>ani-</strong></span> 
     </span>
    </p>
   </div>
   <div class='ocr_carea' id='block_1_113' title="bbox 1927 5152 3485 5230">
    <p class='ocr_par' dir='ltr' id='par_1_113' title="bbox 1927 5152 3485 5230">
     <span class='ocr_line' id='line_1_113' title="bbox 1927 5152 3485 5230; baseline -0.007 -12"><span class='ocrx_word' id='word_1_873' title='bbox 1927 5165 2068 5218; x_wconf 80' lang='lat' dir='ltr'><strong>male</strong></span> <span class='ocrx_word' id='word_1_874' title='bbox 2090 5162 2326 5216; x_wconf 86' lang='lat' dir='ltr'><strong>habebat</strong></span> <span class='ocrx_word' id='word_1_875' title='bbox 2353 5175 2577 5230; x_wconf 88' lang='lat' dir='ltr'><strong>corpus.</strong></span> <span class='ocrx_word' id='word_1_876' title='bbox 2595 5152 2849 5215; x_wconf 81' lang='lat' dir='ltr'><strong>Christus</strong></span> <span class='ocrx_word' id='word_1_877' title='bbox 2874 5171 3002 5214; x_wconf 88' lang='lat' dir='ltr'><strong>vero</strong></span> <span class='ocrx_word' id='word_1_878' title='bbox 3028 5157 3272 5228; x_wconf 88' lang='lat' dir='ltr'><strong>spiritale</strong></span> <span class='ocrx_word' id='word_1_879' title='bbox 3297 5156 3485 5210; x_wconf 83' lang='lat' dir='ltr'><strong>habuit</strong></span> 
     </span>
    </p>
   </div>
   <div class='ocr_carea' id='block_1_114' title="bbox 1925 5249 3486 5326">
    <p class='ocr_par' dir='ltr' id='par_1_114' title="bbox 1925 5249 3486 5326">
     <span class='ocr_line' id='line_1_114' title="bbox 1925 5249 3486 5326; baseline -0.006 -14"><span class='ocrx_word' id='word_1_880' title='bbox 1925 5269 2151 5326; x_wconf 87' lang='lat' dir='ltr'><strong>corpus,</strong></span> <span class='ocrx_word' id='word_1_881' title='bbox 2182 5253 2328 5323; x_wconf 90' lang='lat' dir='ltr'><strong>quod</strong></span> <span class='ocrx_word' id='word_1_882' title='bbox 2364 5260 2532 5308; x_wconf 89' lang='lat' dir='ltr'><strong>totam</strong></span> <span class='ocrx_word' id='word_1_883' title='bbox 2570 5252 2811 5324; x_wconf 86' lang='lat' dir='ltr'><strong>Spiritus</strong></span> <span class='ocrx_word' id='word_1_884' title='bbox 2855 5253 3030 5307; x_wconf 91' lang='lat' dir='ltr'><strong>sancti</strong></span> <span class='ocrx_word' id='word_1_885' title='bbox 3067 5249 3309 5319; x_wconf 87' lang='lat' dir='ltr'><strong>suscepit</strong></span> <span class='ocrx_word' id='word_1_886' title='bbox 3343 5261 3486 5317; x_wconf 73' lang='lat' dir='ltr'><strong>prae-</strong></span> 
     </span>
    </p>
   </div>
   <div class='ocr_carea' id='block_1_115' title="bbox 1927 5337 3488 5413">
    <p class='ocr_par' dir='ltr' id='par_1_115' title="bbox 1927 5337 3488 5413">
     <span class='ocr_line' id='line_1_115' title="bbox 1927 5337 3488 5413; baseline -0.01 -10"><span class='ocrx_word' id='word_1_887' title='bbox 1927 5347 2162 5403; x_wconf 81' lang='lat' dir='ltr'><strong>sentiam</strong></span> <span class='ocrx_word' id='word_1_888' title='bbox 2201 5363 2214 5399; x_wconf 90' lang='lat'><strong>:</strong></span> <span class='ocrx_word' id='word_1_889' title='bbox 2249 5344 2415 5413; x_wconf 89' lang='lat' dir='ltr'><strong>idque</strong></span> <span class='ocrx_word' id='word_1_890' title='bbox 2465 5343 2784 5398; x_wconf 77' lang='lat' dir='ltr'><strong>manifestat</strong></span> <span class='ocrx_word' id='word_1_891' title='bbox 2820 5347 3050 5397; x_wconf 71' lang='lat' dir='ltr'><strong>manens</strong></span> <span class='ocrx_word' id='word_1_892' title='bbox 3092 5353 3256 5408; x_wconf 87' lang='lat' dir='ltr'><strong>super</strong></span> <span class='ocrx_word' id='word_1_893' title='bbox 3307 5337 3488 5405; x_wconf 88' lang='lat' dir='ltr'><strong>ipsum</strong></span> 
     </span>
    </p>
   </div>
   <div class='ocr_carea' id='block_1_116' title="bbox 1925 5425 3488 5502">
    <p class='ocr_par' dir='ltr' id='par_1_116' title="bbox 1925 5425 3488 5502">
     <span class='ocr_line' id='line_1_116' title="bbox 1925 5425 3488 5502; baseline -0.012 -6"><span class='ocrx_word' id='word_1_894' title='bbox 1925 5439 2201 5496; x_wconf 72' lang='lat' dir='ltr'><strong>Columba.</strong></span> <span class='ocrx_word' id='word_1_895' title='bbox 2228 5435 2511 5502; x_wconf 86' lang='lat' dir='ltr'><strong>Quatenus</strong></span> <span class='ocrx_word' id='word_1_896' title='bbox 2541 5436 2686 5490; x_wconf 89' lang='lat' dir='ltr'><strong>enim</strong></span> <span class='ocrx_word' id='word_1_897' title='bbox 2721 5433 2988 5488; x_wconf 87' lang='lat' dir='ltr'><strong>Dominus</strong></span> <span class='ocrx_word' id='word_1_898' title='bbox 3011 5440 3064 5487; x_wconf 87' lang='lat' dir='ltr'><strong>et</strong></span> <span class='ocrx_word' id='word_1_899' title='bbox 3097 5433 3256 5485; x_wconf 85' lang='lat' dir='ltr'><strong>estet</strong></span> <span class='ocrx_word' id='word_1_900' title='bbox 3280 5425 3488 5480; x_wconf 83' lang='lat' dir='ltr'><strong>intelli-</strong></span> 
     </span>
    </p>
   </div>
   <div class='ocr_carea' id='block_1_117' title="bbox 1923 5518 3484 5602">
    <p class='ocr_par' dir='ltr' id='par_1_117' title="bbox 1923 5518 3484 5602">
     <span class='ocr_line' id='line_1_117' title="bbox 1923 5518 3484 5602; baseline -0.01 -18"><span class='ocrx_word' id='word_1_901' title='bbox 1923 5532 2070 5602; x_wconf 72' lang='lat' dir='ltr'><strong>gitur</strong></span> <span class='ocrx_word' id='word_1_902' title='bbox 2118 5544 2242 5584; x_wconf 86' lang='lat' dir='ltr'><strong>esse</strong></span> <span class='ocrx_word' id='word_1_903' title='bbox 2276 5528 2461 5592; x_wconf 82' lang='lat' dir='ltr'><strong>homo,</strong></span> <span class='ocrx_word' id='word_1_904' title='bbox 2514 5527 2705 5582; x_wconf 85' lang='lat' dir='ltr'><strong>habuit</strong></span> <span class='ocrx_word' id='word_1_905' title='bbox 2735 5525 3002 5581; x_wconf 87' lang='lat' dir='ltr'><strong>Paracleli</strong></span> <span class='ocrx_word' id='word_1_906' title='bbox 3063 5518 3433 5591; x_wconf 85' lang='lat' dir='ltr'><strong>operationem</strong></span> <span class='ocrx_word' id='word_1_907' title='bbox 3469 5531 3484 5570; x_wconf 88' lang='lat'><strong>:</strong></span> 
     </span>
    </p>
   </div>
   <div class='ocr_carea' id='block_1_118' title="bbox 1927 5613 3490 5691">
    <p class='ocr_par' dir='ltr' id='par_1_118' title="bbox 1927 5613 3490 5691">
     <span class='ocr_line' id='line_1_118' title="bbox 1927 5613 3490 5691; baseline -0.008 -15"><span class='ocrx_word' id='word_1_908' title='bbox 1927 5621 2079 5691; x_wconf 87' lang='lat' dir='ltr'><strong>atqui</strong></span> <span class='ocrx_word' id='word_1_909' title='bbox 2115 5635 2248 5675; x_wconf 86' lang='lat' dir='ltr'><strong>suus</strong></span> <span class='ocrx_word' id='word_1_910' title='bbox 2272 5633 2336 5674; x_wconf 86' lang='lat' dir='ltr'><strong>ac</strong></span> <span class='ocrx_word' id='word_1_911' title='bbox 2368 5619 2623 5690; x_wconf 87' lang='lat' dir='ltr'><strong>proprius</strong></span> <span class='ocrx_word' id='word_1_912' title='bbox 2644 5626 2764 5675; x_wconf 87' lang='lat' dir='ltr'><strong>erat</strong></span> <span class='ocrx_word' id='word_1_913' title='bbox 2785 5618 3036 5686; x_wconf 88' lang='lat' dir='ltr'><strong>spiritus,</strong></span> <span class='ocrx_word' id='word_1_914' title='bbox 3094 5617 3364 5682; x_wconf 85' lang='lat' dir='ltr'><strong>quatenus</strong></span> <span class='ocrx_word' id='word_1_915' title='bbox 3404 5613 3490 5664; x_wconf 82' lang='lat' dir='ltr'><strong>est</strong></span> 
     </span>
    </p>
   </div>
   <div class='ocr_carea' id='block_1_119' title="bbox 1835 5804 2363 5869">
    <p class='ocr_par' dir='ltr' id='par_1_119' title="bbox 1835 5804 2363 5869">
     <span class='ocr_line' id='line_1_119' title="bbox 1835 5804 2363 5869; baseline -0.002 -8"><span class='ocrx_word' id='word_1_916' title='bbox 1835 5807 1879 5840; x_wconf 86' lang='lat'><strong>&quot;</strong></span> <span class='ocrx_word' id='word_1_917' title='bbox 1920 5804 2081 5861; x_wconf 77' lang='lat' dir='ltr'><strong>Joau.</strong></span> <span class='ocrx_word' id='word_1_918' title='bbox 2142 5822 2216 5869; x_wconf 75' lang='lat' dir='ltr'><strong>vr,</strong></span> <span class='ocrx_word' id='word_1_919' title='bbox 2273 5805 2363 5860; x_wconf 68' lang='grc' dir='ltr'><strong>ϐαι.</strong></span> 
     </span>
    </p>
   </div>
  </div>
