3906 6618
439 365 546 429 εςτ
1505 367 1902 429 (ΕϐυῘιΣΕΝΙΙ
1931 368 2223 429 mices
2253 370 2600 431 EPISCOPI:
3554 373 3636 440 ns

444 491 506 528 ac
551 471 876 543 intelligitur
930 487 1054 530 esse
1081 472 1250 529 Deus.
1288 469 1681 526 Animadverte
1747 479 1928 528 autem
1965 487 1986 526 ε

2121 473 2284 538 αὐτὸς
2315 470 2438 530 εἶπε
2491 474 2775 540 ζωοποιὸν.
2810 503 2879 514 -
2905 472 3210 548 [ΜΕΘΟΔ.]
3253 477 3412 547 Σῶμα
3461 479 3636 548 λέγεται

444 563 698 632 spiritum
724 577 848 617 esse
879 561 1244 617 viviﬁcantem
1277 578 1291 614 :
1331 575 1570 631 cumque
1597 569 1882 630 expeteret
1904 576 1986 616 scr

2125 569 2514 640 πνευματικὸν,
2545 569 2604 621 οὐ
2637 568 2696 620 τὸ
2716 568 3057 639 λεπτομερὲς
3096 571 3193 622 καὶ
3229 571 3473 640 ἀερῶδες,
3494 575 3636 642 καθὼς

443 655 628 710 monis
653 655 973 710 consecutio
1005 665 1062 708 ut
1085 655 1297 710 diceret
1333 671 1347 706 :
1387 672 1406 706 ι
1447 653 1501 708 in
1543 653 1802 723 spiritum
1833 655 1985 709 vivet:

2121 659 2341 728 λέγουσί
2364 679 2527 725 τινες,
2554 662 2635 714 ὅτι
2658 660 2900 714 τοιοῦτον
2929 664 2984 714 al
3031 660 3203 730 ψυχαὶ
3235 665 3291 715 ὲν
3313 667 3377 732 τῇ
3401 665 3639 721 ἀναστάσει

445 758 612 812 tem,»
642 749 784 802 sicut
822 748 890 802 de
921 747 1146 801 animali
1178 748 1447 808 dixeram
1482 747 1538 802 in
1562 747 1796 801 animam
1831 747 1987 801 vivcn

2120 754 2384 824 λήψονται
2438 754 2618 823 σῶμα,
2650 747 2725 805 ὧν
2758 754 2907 805 ἐστιν
2932 747 3012 816 εἷς
3060 754 3157 808 καὶ
3200 753 3489 825 ἀριγένης,
3537 758 3639 812 ἀλλὰ

443 852 580 906 tem,
615 860 636 896 ι
671 843 786 912 ipse
820 843 964 896 dixit
995 858 1009 894 :
1051 861 1068 892 ι
1103 840 1510 895 Vivilicantem.
1542 859 1560 893 ι
1593 871 1664 882 -
1689 841 1902 911 Corpus
1931 841 1985 895 di

2121 846 2499 916 πνευματικὸν
2532 845 2756 912 λέγεται
2794 844 2856 897 τὸ
2905 844 3119 914 χωροῦν
3146 846 3340 898 πᾶσαν.
3389 846 3476 897 τοῦ
3523 848 3639 914 ἁγίου

442 934 585 987 citur
635 934 948 1004 spirituale,
1005 949 1114 988 non
1148 934 1354 988 subtile
1401 941 1497 987 aut
1543 948 1788 996 aereum,
1851 934 1984 989 velut

2121 936 2438 1006 Πνεῦματος
2487 936 2586 1005 τὴν
2648 935 2934 1006 ἐνέργειαν
2977 935 3072 987 καὶ
3120 936 3431 1001 κοινωνίαν,
3493 936 3641 1010 ὥσπερ

445 1025 638 1081 dicunt
673 1026 921 1095 quidam,
950 1041 1147 1096 nempe
1173 1026 1318 1096 quod
1344 1026 1544 1081 anima:
1565 1027 1672 1081 tale
1704 1041 1904 1097 corpus
1927 1042 1987 1081 ac

2120 1029 2340 1098 οἰνηρὸν
2389 1029 2483 1081 καὶ
2536 1028 2792 1098 ἐλαιηρὸν
2848 1026 3046 1090 σκεῦος
3093 1026 3346 1081 καλεῖται
3389 1028 3446 1080 τὸ
3478 1029 3641 1083 τούτων

441 1118 646 1188 cipieut
693 1118 746 1172 in
796 1120 1230 1182 resurrectione,
1265 1135 1499 1188 quorum
1535 1133 1679 1174 unus
1709 1117 1974 1187 Origenes

2123 1120 2451 1193 χωρητικόν.
2491 1119 2800 1188 ’Λναλόγως
2831 1116 2926 1173 οῦν
2947 1119 3043 1172 καὶ
3069 1118 3308 1189 ψυχικὸν
3327 1119 3553 1182 ἐκάλεσε,
3599 1123 3642 1176 τὸ

442 1210 537 1264 sed
565 1211 854 1288 spirituale
876 1213 1087 1267 dicitur
1121 1213 1268 1282 quod
1305 1227 1525 1267 omnem
1574 1212 1810 1283 percipit
1840 1211 1984 1281 Spiri

2120 1219 2185 1287 τῇ
2220 1218 2390 1288 ψυχῇ⁸
2424 1217 2518 1270 καὶ
2564 1215 2624 1268 οὐ
2693 1215 2972 1286 Πνεῦματι
3013 1215 3156 1286 ἁγίῳ
3195 1213 3560 1284 διοικούμενον.
3592 1248 3643 1258 -

442 1311 533 1358 tus
561 1285 739 1357 sancti
770 1305 1145 1375 operationem
1179 1317 1242 1358 ac
1266 1303 1746 1374 participationem
1777 1322 1788 1356 :
1819 1317 1982 1373 quem

2420 1307 2797 1373 Πνευματικὸν
2823 1285 2981 1360 καλεῖ
3012 1285 3198 1376 σῶμα,
3247 1303 3310 1357 τὸ
3353 1306 3531 1376 μηκέτι
3559 1311 3644 1371 τοῖς

441 1395 742 1449 admodum
786 1411 886 1452 vas
939 1396 1250 1467 appellatur
1310 1396 1585 1450 vinarium
1622 1404 1718 1451 aut
1749 1397 1983 1450 oleariur

2123 1401 2403 1472 βαρήμασι
2434 1400 2533 1470 τῆς
2561 1399 2767 1470 φθορᾶς
2797 1399 3126 1462 ὕποπίπτον,
3145 1398 3288 1452 ἀλλὰ
3322 1401 3386 1469 τῇ
3419 1399 3643 1470 ἀφθαρσίᾳ

439 1486 588 1555 quod
623 1487 794 1542 illain
820 1503 884 1543 se
915 1489 1135 1560 recipit.
1166 1486 1692 1564 Parilormiterergo
1713 1495 1766 1541 ct
1783 1487 1981 1541 animal

2121 1494 2219 1548 καὶ
2249 1494 2376 1566 δόξῃ
2412 1492 2979 1563 περικεκοσμημένον.
3005 1491 3152 1562 Σὰρξ
3203 1488 3301 1545 οὖν
3343 1493 3376 1560 ἡ
3425 1491 3545 1564 αὐτὴ
3577 1495 3643 1547 ἀν-

439 1580 656 1633 vocavit
697 1579 858 1650 quod.
887 1595 985 1650 per
1013 1582 1253 1636 animant
1301 1590 1355 1635 et
1385 1597 1492 1636 non
1519 1597 1616 1652 per
1644 1579 1898 1651 spiritum
1935 1579 1981 1634 in

2124 1586 2334 1640 ίσταται
2377 1585 2520 1656 μετὰ
2547 1584 2652 1639 τοῦ
2679 1583 2845 1638 αὐτοῦ
2883 1584 3204 1654 σχήματος,.
3228 1583 3422 1654 μηκέτι
3450 1583 3504 1636 τὸ
3545 1585 3642 1654 φρό-

441 1669 749 1726 habitatur.
783 1702 854 1713 —
881 1674 1008 1729 Alio
1034 1675 1212 1728 modo.
1251 1673 1469 1745 Corpus
1493 1682 1724 1729 vocatur
1758 1672 1983 1740 spiritus

2120 1695 2268 1749 νημα
2302 1677 2543 1747 φέρουσα
2567 1677 2628 1730 τὸ
2647 1675 2917 1746 ἐμπαθὲς,
2967 1674 3104 1728 ἀλλὰ
3135 1674 3200 1728 τὸ
3228 1673 3326 1728 τοῦ
3355 1674 3642 1745 Πνεῦματος,

443 1762 514 1826 le,
546 1765 674 1832 quia
703 1763 963 1836 deinceps
1017 1767 1400 1838 corruptionis
1454 1765 1793 1838 ponderibus
1835 1764 1985 1833 subje

2119 1769 2281 1825 οἱονεὶ
2315 1770 2452 1842 πρὸς
2480 1769 2825 1839 ἐνδοξοτέραν
2889 1767 3306 1836 μεταϐάλλουσα
3343 1767 3643 1830 κατάστασιν,

443 1865 596 1910 ctum
648 1871 758 1912 non
814 1858 946 1922 erit,
987 1859 1081 1915 sed
1121 1860 1538 1931 incorruptione
1576 1858 1738 1930 575
1760 1867 1816 1913 et
1843 1857 1982 1927 glori

2125 1863 2222 1916 καὶ
2248 1862 2609 1932 ὑψηλοτέραν,
2644 1861 2720 1924 ὼς
2740 1861 2981 1930 εἴρηται,
3021 1862 3125 1928 τῆς
3151 1858 3522 1923 ταπεινώσεως
3572 1860 3643 1930 τῆς

441 1957 721 2004 ornatum.
753 1949 1112 2022 Eademergo
1131 1967 1259 2007 caro
1290 1968 1416 2007 cum
1439 1952 1626 2008 eadem
1642 1951 1812 2021 ligura
1842 1965 1983 2006 resui

2127 1951 2332 2021 φθορᾶς
2363 1951 2470 2004 ὑπὸ
2499 1951 2599 2019 τῆς
2654 1950 3042 2021 λαμπρότητος
3088 1950 3192 2019 τῆς
3241 1948 3530 2018 ἀφθαρσίας
3574 1950 3642 2002 ἀν-

441 2038 542 2108 git,
564 2057 783 2096 sensum
809 2059 1008 2112 gerens
1038 2059 1148 2099 non
1164 2045 1402 2114 amplius
1433 2043 1747 2113 subjectum
1779 2041 1983 2096 allectit

2125 2041 2453 2110 αλωθείσης.
2505 2059 2528 2092 ι
2567 2041 2625 2094 Ὀ
2663 2040 2910 2111 ’ἔσχατος
2957 2041 3130 2111 ’Δδὰμ
3183 2041 3267 2103 είς
3312 2038 3514 2110 πνεῦμα
3547 2039 3644 2102 ζωο-

441 2133 626 2199 nibus,
643 2135 737 2190 sed
759 2137 988 2205 spiritus
1009 2137 1446 2208 operationibus,
1477 2145 1535 2190 ut
1565 2149 1688 2205 quae
1713 2135 1778 2188 ad
1813 2133 1983 2203 gloria

2124 2134 2334 2187 ποιοῦν.
2379 2152 2397 2186 ι
2444 2133 2618 2186 Τοῦτο
2669 2135 2730 2187 οὐ
2774 2133 3117 2204 γέγραπται,
3162 2132 3303 2187 ἀλλὰ
3336 2132 3398 2186 τὸ
3445 2133 3563 2186 κατᾶ
3600 2132 3643 2184 τὸ

440 2224 641 2280 siorem
687 2241 751 2283 ac
800 2229 1174 2285 sublimiorem
1217 2229 1501 2286 transierit
1535 2226 1982 2284 constitutionem

2124 2224 2414 2279 ἀκόλουθον
2440 2226 2756 2295 γενόμενον,
2783 2225 2861 2288 ὼς
2885 2224 3281 2296 γεγραμμένον
3298 2223 3506 2293 {patrimi
3539 2221 3643 2276 Ἀλλ’

441 2326 503 2373 ut
557 2321 763 2376 dictum
823 2332 909 2378 est
953 2341 968 2378 :
1010 2333 1354 2394 consumpta.
1402 2323 1499 2388 yili
1556 2321 1918 2391 corruptione

2125 2318 2187 2372 οὒ
2231 2317 2450 2390 πρῶτον
2493 2317 2553 2370 τὸ
2609 2317 3002 2389 πνευματικόν.
3068 2336 3087 2369 ι
3160 2315 3306 2368 Ἀλλ’
3355 2316 3411 2368 οὐ
3476 2314 3641 2382 πρῶτον

439 2412 734 2482 splendore
759 2416 1219 2486 incorruptiouis.
1256 2415 1586 2470 «Extremus
1611 2413 1785 2468 Adam
1819 2412 1874 2466 in
1904 2409 1981 2479 spi

2125 2407 2316 2476 γέγονε
2345 2407 2405 2460 τὸ
2433 2407 2826 2477 πνευματικὸν,
2879 2406 3016 2462 ἀλλὰ
3055 2395 3115 2459 τὸ
3179 2404 3428 2475 ψυχικόν.
3465 2403 3521 2456 Ἥ
3563 2402 3643 2472 γὰρ

440 2506 607 2560 ritum
667 2508 1058 2564 viviﬁcantem.
1098 2528 1118 2562 ι
1159 2509 1271 2563 lloc
1311 2508 1576 2578 scriptum
1637 2520 1746 2560 non
1791 2502 1976 2574 est,{se

2122 2498 2218 2554 τοῦ
2256 2499 2490 2570 ψυχικοῦ
2519 2499 2799 2563 ἔκπτωσις
2829 2498 2927 2553 καὶ
2954 2497 3298 2570 παράϐασις,
3326 2497 3422 2566 τῆς
3444 2513 3497 2548 τε
3522 2495 3635 2548 ἐναν-

438 2597 584 2668 quod
642 2602 1005 2669 consequitur
1043 2599 1178 2654 dicit
1227 2609 1485 2669 tanquam
1535 2599 1799 2666 scriptum
1845 2605 1980 2651 esset

2125 2592 2462 2663 θρωπήσεως
2507 2589 2782 2663 πρόφασις
2835 2590 3028 2660 γέγονε
3059 2631 3073 2652 ,
3129 2591 3229 2642 καὶ
3285 2587 3380 2642 τοῦ
3431 2587 3641 2656 ἑνωθῆνοι

445 2707 466 2741 ι
505 2691 572 2744 At
600 2706 707 2745 non
744 2693 982 2762 primum
1013 2692 1158 2762 quod
1191 2692 1503 2761 spirituale.
1544 2709 1562 2742 ι
1594 2689 1699 2744 Sed
1723 2703 1830 2742 non
1861 2686 1982 2757 priu

2123 2683 2337 2753 σώματι
2379 2685 2472 2738 τὸν
2523 2684 2655 2738 Θεὸν
2694 2683 2892 2752 Λόγον,
2942 2682 3001 2735 ὃν
3046 2682 3139 2736 καὶ
3194 2681 3345 2750 λέγει
3397 2696 3637 2750 πνευματι-

441 2781 647 2836 factum
669 2791 755 2839 est
781 2784 1092 2854 spirituale,
1126 2785 1220 2840 sed
1261 2783 1519 2838 animale.
1561 2781 1698 2837 Nam
1735 2796 1901 2836 casus
1949 2793 2014 2833 ac
2123 2776 2240 2831 κόν.

438 2877 804 2945 transgressio
845 2877 1100 2932 animalis
1147 2876 1369 2933 occasio
1418 2874 1520 2930 luit
1571 2871 1998 2936 incarnationis,
2061 2875 2236 2940 utque
2292 2869 2513 2941 corpori
2572 2870 2826 2926 uniretur
2885 2867 3032 2924 Deus
3065 2865 3490 2938 Verbum,quod
3517 2865 3636 2922 etiam

441 2969 577 3024 dicit
605 2969 900 3040 spirituale

511 3084 630 3153 XV,
687 3086 879 3142 47-50.
942 3087 1162 3143 Primus
1235 3087 1389 3142 homo
1439 3087 1504 3143 de
1556 3095 1700 3142 terra
1753 3094 2014 3152 terrenus;
2043 3131 2053 3178 ⁴

2205 3081 2266 3134 Ὀ
2305 3081 2533 3148 πρῶτος
2557 3080 2866 3149 ἄνθρωπος
2886 3079 2954 3132 ἐκ
2971 3077 3086 3146 γῆς
3113 3076 3343 3146 χοϊκός,
3367 3079 3397 3130 ό
3423 3075 3634 3142 δεύτερος

439 3180 700 3234 secundus
733 3180 886 3234 homo
919 3181 1026 3249 ipse
1056 3180 1314 3235 Dominus
1342 3181 1406 3234 de
1431 3179 1583 3234 caelo.
1617 3180 1811 3247 Qualis
1846 3190 1981 3234 terre

2122 3173 2453 3240 ἄνθρωπος,
2481 3175 2514 3225 ὀ
2544 3173 2760 3240 Κύριος
2789 3172 2870 3236 ἐξ
2898 3169 3186 3237 οὐρανοῦ.
3214 3162 3350 3234 Οἵος
3386 3170 3416 3221 ὁ
3463 3164 3631 3237 χοῖκὸς,

439 3289 559 3338 nus,
605 3272 732 3326 tales
777 3283 826 3328 et
866 3273 1058 3328 terreni
1091 3289 1109 3327 :
1139 3282 1187 3327 et
1234 3273 1409 3342 qualis
1456 3273 1707 3333 caelestis,
1765 3273 1902 3326 tales
1963 3287 1981 3325 ε

2117 3265 2374 3319 τοιοῦτοι
2429 3264 2529 3318 καὶ
2593 3267 2647 3317 οὶ
2695 3264 2908 3331 χοϊκοί.
2945 3256 3211 3327 Καὶοῖος
3259 3262 3292 3315 ὁ
3325 3257 3631 3328 ἐπουράνιος,

440 3366 696 3420 calestes.
758 3364 826 3418 Et
860 3364 1302 3435 quemadmodum
1354 3367 1673 3437 gestavimus
1727 3366 1982 3435 imaginet

2117 3358 2372 3412 τοιοῦτοι
2397 3356 2494 3410 καὶ
2513 3359 2567 3408 οἱ
2587 3353 2953 3423 ἐπουράνιοι.
2977 3353 3082 3408 Καὶ
3113 3352 3312 3418 καθὼς
3330 3348 3633 3420 eet-optamus

441 3459 653 3522 terreni,
683 3457 1004 3528 gestabimus
1037 3470 1086 3512 et
1112 3459 1394 3528 imaginem
1415 3458 1658 3512 cwlestis.
1697 3456 1813 3511 Hoc
1840 3464 1983 3510 auter

2118 3448 2234 3516 τὴν
2261 3449 2466 3502 εἰκόνα
2484 3447 2588 3502 τοῦ
2621 3447 2852 3516 χοϊκοῦ,
2883 3448 3228 3517 φορέσομεν
3247 3446 3342 3500 καί
3361 3442 3466 3511 τὴν
3480 3440 3631 3494 εικόνο

439 3550 580 3610 dico.
615 3549 833 3615 fratres,
869 3550 1009 3618 quod
1033 3565 1157 3602 caro
1188 3559 1237 3604 et
1269 3551 1488 3619 sanguis
1525 3550 1674 3619 regni
1705 3549 1802 3603 Dei
1848 3549 1981 3604 luere

2119 3538 2226 3592 τοῦ
2243 3538 2627 3606 ἐπουρανίου.
2661 3537 2840 3591 Τοῦτο
2858 3535 2926 3592 δέ
2950 3555 3120 3607 φημι,
3139 3537 3411 3606 ἀδελφοὶ,
3433 3535 3505 3588 ὅτι
3520 3530 3629 3599 σὰρξ

440 3641 663 3694 ditatem
721 3641 966 3711 consequi
1049 3657 1153 3695 non
1213 3651 1456 3711 possunt,
1522 3657 1684 3709 neque
1744 3642 1982 3708 corrupti

2118 3630 2216 3684 καὶ
2247 3625 2390 3699 αἷμα
2405 3629 2734 3694 ,ϐασιλείαν
2762 3628 2910 3682 Θεοῦ
2935 3628 3387 3699 κληρονομῆσαι
3423 3627 3485 3681 οὐ
3501 3624 3631 3678 δύνει-

441 3735 966 3804 incorruptibilitatis
997 3734 1363 3790 Itwreditatem
1403 3735 1620 3804 accipit.

2119 3740 2234 3799 ται.
2261 3723 2416 3776 Οὐδὲ
2442 3723 2480 3792 ὴ
2507 3721 2698 3791 φθορὰ
2722 3719 2836 3788 τὴν
2863 3720 3216 3789 ἀφθαρσίαν
3251 3715 3581 3789 κληρονομεῖ.

515 3866 746 3936 Expleto
769 3868 837 3924 de
865 3870 1277 3927 resurrectione
1304 3885 1584 3936 sermone,
1636 3869 1703 3924 ad
1754 3869 2014 3924 exhorta-

2189 3858 2497 3932 Πληρὼσας
2533 3857 2627 3910 τὸν
2681 3856 2808 3921 napi
2834 3855 2934 3926 τῆς
2975 3855 3331 3919 ἀναστάσεως
3373 3855 3524 3923 λόγον,
3573 3852 3628 3911 εἰς

443 3961 647 4015 tionem
691 3962 862 4026 venit,
913 3971 972 4017 ut
1019 3964 1268 4018 studiose
1323 3970 1749 4026 conversentur,
1803 3968 1858 4016 et
1884 3961 1962 4016 ait

2118 3951 2443 4023 παραίνεσιν
2494 3947 2637 4023 ἦλθε.
2679 3948 2955 4012 πολιτείας
2991 3949 3247 4021 ἀρίστης,
3275 3951 3364 4005 καί
3400 3963 3554 4018 φησιν·
3587 3944 3627 3996 '0

441 4049 613 4106 Adam
643 4065 708 4105 ex
741 4059 886 4108 terra
928 4061 1069 4117 erat,
1115 4052 1238 4108 ideo
1266 4058 1320 4108 et
1356 4061 1609 4108 terrenus
1631 4061 1774 4116 erat,
1808 4050 1862 4105 id
1899 4057 1983 4105 est

2130 4044 2303 4115 Ἀδὰμ
2344 4047 2408 4098 ὲκ
2430 4044 2535 4115 γῆς
2559 4040 2628 4117 ἦν
2649 4046 2939 4119 τοιγαροῦν
2967 4046 3061 4098 καὶ
3086 4047 3277 4115 χοῖκὸς
3296 4039 3401 4115 ip),
3418 4039 3625 4096 τουτέστι,

440 4141 644 4210 gravis.
665 4140 956 4198 Secundus
977 4158 1102 4198 vero
1124 4142 1297 4197 Adam
1323 4144 1437 4213 ipse
1466 4142 1730 4198 Dominus
1748 4143 1817 4198 de
1832 4143 1972 4198 coelo

2118 4139 2304 4210 γήϊνος
2334 4136 2432 4190 καὶ
2461 4136 2654 4208 βαρύς.
2705 4139 2762 4192 Ὀ
2803 4139 2862 4192 δέ
2893 4155 2957 4207 γε
2979 4137 3249 4209 δεύτερος
3319 4133 3520 4203 Ἀδὰμό
3554 4127 3627 4182 Κύ-

442 4247 568 4288 nam
601 4234 840 4290 celestis
870 4243 989 4290 erat
1019 4233 1166 4291 Deus
1212 4233 1470 4290 Verbum.
1502 4234 1829 4303 Quanquam
1865 4232 1984 4288 cuin

2122 4247 2235 4303 ριος
2263 4230 2322 4296 ἐξ
2344 4230 2600 4302 οὐρανοῦ.
2632 4230 2898 4302 Οὐράνιος
2926 4230 3035 4300 γὰρ
3061 4231 3090 4283 ὁ
3111 4229 3250 4292 Θεὸς
3274 4227 3452 4295 Λόγος.
3469 4224 3521 4276 Εἰ
3549 4220 3623 4287 γὰρ

440 4342 646 4397 corpus
676 4327 846 4397 ipsius
873 4327 1123 4399 ejusdem
1150 4335 1268 4382 erat
1296 4327 1583 4382 nobiscum
1607 4325 1954 4390 substantiae,

2119 4323 2212 4376 καὶ
2269 4322 2332 4376 τὸ
2381 4322 2544 4393 σῶμα
2603 4322 2770 4378 αὑτοῦ
2830 4322 3116 4394 ὀμοούσιον
3157 4324 3316 4393 ἡμῖν,
3362 4319 3537 4374 ἁλλ’ἑκ
3558 4309 3623 4364 τοῦ

441 4421 809 4489 pmstantiori
841 4429 1044 4486 tamen,
1079 4433 1275 4487 nempe
1319 4417 1607 4472 divinitate
1659 4414 1797 4470 dicit
1827 4414 1983 4484 ipsuu

2080 4483 2085 4489 _
2119 4413 2448 4486 κρείττονος,
2481 4414 2748 4480 τουτέστι,
2780 4415 2881 4484 τῆς
2904 4413 3181 4485 θεότητος,
3227 4413 3461 4482 οὐράνιον
3504 4401 3622 4489 aitth

439 4476 685 4566 calcate.
714 4537 784 4552 ε·-
807 4509 931 4564 Alio
953 4509 1128 4564 modo.
1159 4476 1377 4562 Pi'imus
1405 4507 1568 4561 homo
1589 4516 1840 4562 terrenus
1866 4515 1981 4562 erat

2078 4481 2091 4530 ’
2121 4476 2290 4574 λέγει.
2325 4535 2390 4544 ——
2419 4476 2680 4572 έΑλλως.
2721 4476 2778 4559 Ὅ
2809 4476 3031 4576 πρῶτος
3053 4476 3352 4576 ’ἄνθρωπος
3380 4501 3537 4569 γήϊνος
3558 4487 3620 4563 ἧνι

440 4617 550 4657 non
577 4600 671 4672 qui
697 4619 728 4656 e
757 4607 902 4655 terra
930 4601 1225 4670 productus
1251 4601 1330 4656 sit.
1357 4601 1455 4665 (ita
1497 4601 1644 4656 enim
1669 4614 1862 4654 omnes
1888 4607 1982 4654 ter-

2119 4601 2182 4654 οὐ
2211 4601 2270 4654 τὸ
2297 4601 2361 4653 ἐκ
2389 4599 2494 4669 γῆς
2519 4598 2796 4670 παρῆχθαι
2839 4598 3034 4670 (οὕτως
3085 4598 3194 4668 γὰρ
3251 4596 3438 4654 πάντες
3473 4590 3619 4657 γήϊνοι.

441 4694 561 4750 seni
591 4701 740 4759 sunt,
769 4700 822 4747 et
845 4701 1108 4762 praeterea
1131 4695 1317 4750 nullus
1338 4693 1590 4748 accusari
1629 4701 1819 4762 posset
1847 4692 1942 4762 qui
1977 4712 1983 4742 ι

2118 4694 2213 4747 καὶ
2237 4692 2316 4746 ἔτι
2341 4692 2443 4746 οὐκ
2475 4693 2539 4747 ἄν
2574 4709 2658 4756 τις
2688 4691 2996 4746 αἰτιάσαιτο
3024 4690 3086 4743 τὸ
3131 4689 3198 4742 ὲκ
3226 4689 3326 4757 γῆς
3353 4673 3616 4752 παρῆχθαί).

439 4795 585 4839 terra
636 4786 936 4856 productus
993 4787 1184 4855 esset),
1217 4785 1311 4840 sed
1365 4783 1433 4840 de
1461 4794 1608 4840 terra
1643 4784 1798 4850 dicit,
1823 4784 1876 4838 id
1905 4791 1981 4840 est

2119 4785 2234 4840 ἀλλ’
2271 4786 2337 4838 ὲκ
2369 4784 2471 4854 γῆς
2502 4801 2656 4854 φησι,
2681 4781 2956 4846 τουτέστι,
2991 4783 3183 4853 γήϊνος
3242 4778 3336 4832 καὶ
3398 4766 3616 4844 σαρκικδς.

439 4885 696 4933 terrenus
724 4893 788 4932 ac
813 4877 1076 4941 carnalis,
1100 4887 1154 4931 et
1176 4887 1390 4934 terrena
1444 4878 1691 4950 sapiens.
1723 4878 1978 4934 Secundo

2119 4879 2215 4933 καὶ
2243 4878 2394 4931 κάτω
2423 4877 2660 4948 φρονῶν.
2710 4875 2769 4929 '0
2814 4875 2871 4929 δὲ
2903 4874 3180 4945 δεύτερος,
3238 4869 3506 4942 μετάρσιος
3534 4860 3617 4917 ὅλος

439 4983 571 5024 vero
600 4970 855 5026 sublimis
885 4977 1036 5026 totus
1061 4985 1126 5027 ac
1153 4971 1417 5039 caelestis,
1456 4971 1718 5041 nullaque
1755 4980 1974 5027 terreno

2119 4971 2214 5024 καὶ
2249 4969 2520 5041 οὐράνιος,
2550 4970 2646 5025 καὶ
2670 4969 2914 5040 μηδεμιᾷ
2939 4967 3050 5020 τῶν
3076 4968 3281 5038 γηΐνων
3315 4959 3471 5034 κηλῖδι
3658 5039 3661 5050 Ι

439 5076 560 5114 rum
594 5068 724 5114 nota
757 5069 1036 5132 gravatus.
1065 5061 1260 5128 Qualis
1284 5037 1452 5132 igitur
1475 5069 1596 5118 erat
1629 5037 1678 5117 is
1728 5063 1821 5132 qui
1856 5061 1976 5132 seip

2113 5037 2360 5132 νόμενος.
2391 5057 2518 5126 Οἶος
2544 5037 2840 5133 τοιγαροῦν
2863 5037 2932 5130 ἦν
2956 5061 2985 5113 ὁ
3017 5037 3202 5130 χοῖκὸν
3263 5054 3442 5111 ἑαυτὸν
3467 5047 3521 5102 δι’
3563 5037 3613 5095 ὧν

441 5166 560 5205 sum
601 5154 622 5190 τ
631 5165 727 5221 per
757 5112 850 5206 "ea
893 5167 1014 5221 quae
1067 5152 1263 5223 agebat
1292 5112 1357 5208 ἕο
1406 5154 1698 5219 sentiebat,
1728 5112 1983 5207 {errenurn

2401 5112 2514 5126 --_,
2871 5112 2898 5130 __
2967 5112 2974 5113 η
3019 5112 3050 5130 η

2119 5155 2337 5226 ιφρόνει
2389 5155 2484 5208 καὶ
2513 5154 2755 5225 ἔπραττε
2809 5154 3181 5224 καταστήσας,
3205 5147 3426 5205 τοιοῦτοι
3452 5141 3611 5196 ἔσονται
3644 5112 3653 5173 ί

440 5240 676 5296 reddidit
707 5259 721 5295 :
763 5241 899 5297 tales
929 5251 1091 5298 erunt
1125 5255 1178 5300 et
1211 5245 1306 5314 qui
1338 5245 1404 5300 ad
1434 5245 1611 5315 ipsius
1641 5245 1982 5301 imitationen

2117 5247 2212 5300 καὶ
2265 5247 2316 5300 οί
2367 5247 2504 5318 πρὸς
2553 5247 2787 5316 μίμησιν
2845 5244 3055 5298 ἐκείνου
3098 5243 3360 5313 βιοῦντες,
3405 5230 3609 5288 τουτέστι.

440 5332 654 5395 vivunt,
689 5331 792 5387 hoc
823 5339 926 5398 est,
953 5335 1155 5390 terreni
1193 5342 1284 5390 :et
1329 5335 1587 5391 omnibus
1642 5337 1730 5392 his
1783 5336 1982 5392 obnoxi

2113 5338 2307 5408 χοῖκοὶ,
2330 5338 2424 5390 καὶ
2454 5339 2758 5407 πάσχοντες
2779 5338 2882 5391 ὅσα
2908 5337 3055 5398 εἰκὸς
3084 5336 3335 5404 πάσχειν,
3346 5329 3460 5390 τοὺς
3484 5330 3609 5391 πρ⁰⁶⁸

439 5419 856 5488 aﬂ'ectionibus,
890 5422 1091 5493 quibus
1142 5421 1442 5478 verisimile
1491 5433 1578 5480 est
1627 5424 1854 5482 allectos
1886 5441 1981 5482 esst

2111 5430 2430 5503 ηλὼσαντας
2461 5431 2690 5495 ἑαυτοὺς
2739 5429 2818 5500 τῷ
2863 5429 2970 5499 χοῖ.
3007 5430 3118 5482 Καὶ
3149 5424 3261 5491 οἷος
3302 5422 3366 5496 ἦν
3391 5424 3416 5474 ὁ
3458 5411 3608 5506 μῖάρς

439 5514 563 5569 illos
587 5514 681 5584 qui
714 5523 876 5570 terra:
908 5516 1122 5586 seipsos
1145 5513 1452 5570 aﬂixerunt.
1488 5517 1558 5570 Et
1589 5517 1768 5586 qualis
1795 5526 1914 5574 erat
1959 5517 1981 5572 in

2112 5539 2228 5578 σιον
2265 5523 2362 5578 καλ
2393 5523 2646 5595 οὐράνιον
2670 5521 2766 5577 καὶ
2799 5520 3046 5591 καθαρὰν
3099 5519 3197 5592 τὴν
3223 5518 3313 5573 ἐπὶ
3368 5512 3457 5582 γῆς
3483 5503 3605 5595 αὑτοῗ

447 5607 539 5676 qui
583 5621 740 5663 suam
770 5608 1010 5663 in'terra
1051 5607 1552 5675 conversationem,
1608 5608 1896 5665 sublimem
1958 5625 1986 5665 e

2111 5614 2392 5670 πολιτείαν
2444 5587 2876 5685 ένστησάμενος,
2939 5587 3172 5666 τοιοῦτοι
3229 5611 3426 5663 ἔσονται
3453 5587 3604 5685 καὶ-οδ

441 5697 719 5752 caelestem
751 5713 1054 5770 puramque
1081 5698 1343 5764 instituit,
1363 5697 1527 5770 576
1570 5699 1706 5754 tales
1744 5709 1908 5756 erunt
1953 5719 1982 5758 e

2118 5705 2256 5778 πρὸς
2285 5704 2567 5777 ὁμοίωσιν,
2593 5680 2828 5758 καθόσον
2879 5703 3028 5756 ἐστὶν
3070 5701 3365 5772 ἀνθρώποις
3415 5680 3601 5746 δυνατὸν.

439 5788 529 5866 qui
558 5790 622 5845 ad
649 5790 1026 5863 imitationem
1075 5791 1319 5849 caelestis
1349 5791 1494 5847 illius
1526 5791 1786 5858 instituti,
1823 5808 1981 5862 quan

2110 5798 2326 5870 ἐκείνης
2385 5799 2483 5870 τῆς
2527 5797 2782 5868 οὐρανίου
2849 5795 3126 5866 διαγωγῆς
3185 5783 3613 5850 πολιτευσάμεναμ
