3906 6542
191 396 300 459 889

1120 401 1499 466 COMMENT.
1545 409 1626 470 IN
1665 409 1910 484 EPIST.
1951 425 1979 484 Ι
2021 426 2522 489 ΑΠΟΟΒΙΝἸἮ.

3333 425 3440 492 890

190 506 494 570 τουτέστιν,
538 507 856 578 ἐπουράνιοι
903 526 964 561 τε
1012 509 1247 575 ἔσονται,
1300 514 1392 568 καὶ
1423 514 1531 568 τῶν
1590 517 1757 585 ἀξίων

1868 535 1979 586 tum
2036 535 2350 593 hominibus
2397 536 2663 607 possibile
2693 543 2801 601 est‘,
2852 535 3166 592 conversati
3206 534 3435 605 fuerint,“

190 597 378 660 αὐτοῖς
402 597 581 668 γερῶν
613 599 1000 654 ἀπολαύσουσι.
1034 619 1052 652 t
1089 597 1214 665 Οἷος
1239 605 1266 654 ὁ
1305 605 1514 674 χοῖκὶς,
1531 608 1762 662 τοιοῦτοι

191 688 286 739 καὶ
312 690 362 739 οἱ
394 689 587 757 χοϊκοί.
624 709 642 742 ›
668 687 811 756 ϐίος,
835 693 1022 762 φησιν,
1048 695 1078 746 ό
1098 695 1280 763 χοῖκὸς
1308 697 1496 767 Ἀδὰμ,
1533 700 1764 755 τοιοῦτοι

192 778 410 831 ἔσονται
445 779 643 843 πάντες
668 783 717 833 οἱ
749 784 949 850 γήϊνοι,
983 785 1285 852 τουτέστιν,
1318 790 1364 839 οἱ
1393 789 1503 841 ὅλοι
1533 789 1632 858 τῆς
1662 792 1767 862 γῆς

193 868 350 931 ὅντες
384 870 476 921 καὶ
512 869 646 939 πρὸς
679 872 847 941 αὐτὴν
881 875 1209 944 ἐπτοημένοι
1260 877 1655 933 ἀποθανοῦνται
1675 883 1766 935 τὸν

193 961 388 1029 νοητὸν
436 961 664 1016 θάνατον
715 964 804 1016 τὸν
871 965 958 1018 διὰ
1004 967 1103 1036 τῆς
1155 969 1453 1038 ἁμαρτίας.
1508 974 1570 1026 Οἰ
1623 974 1680 1026 δέ
1702 991 1766 1043 γε

193 1055 435 1122 μιμηταὶ
462 1053 740 1124 γινόμενοι
771 1057 1009 1124 Χριστοῦ
1042 1060 1183 1113 κατά
1235 1062 1325 1115 τὸν
1359 1064 1588 1130 Παῦλον,
1614 1067 1766 1120 ἔσον-

189 1159 294 1196 ται.
315 1144 433 1206 ὠςὸ
459 1147 805 1212 ἐπουράνιος,
836 1148 1021 1212 καθὼς
1051 1154 1145 1204 καὶ
1183 1152 1494 1222 ἀνθρώποις
1522 1159 1762 1226 ἐφικτόν.

195 1254 214 1287 ι
262 1238 502 1307 Οἴδαμεν
541 1238 672 1308 γὰρ,
716 1241 883 1308 φασιν
910 1243 962 1294 αἱ
988 1242 1301 1306 Καθολικαὶ,
1330 1246 1413 1300 ὅτι
1471 1249 1566 1301 ἐάν
1596 1253 1762 1322 φανῇ,

187 1331 374 1400 ὅμοιοι
402 1333 560 1404 αὐτῷ
593 1334 1112 1403 ἐσόμεθα.ι--ιΚα“ι
1134 1337 1315 1402 καθὼς
1345 1341 1707 1411 ἐφορέσαμεν.
1739 1361 1758 1396 ι

188 1422 478 1489 Τουτέστι,
510 1424 711 1493 Καθὼς
749 1427 820 1479 τά
856 1427 1034 1496 φαῦλα
1083 1429 1400 1500 ἐπράξαμεν
1434 1431 1628 1503 (ταῦτα
1655 1434 1766 1505 γάρ

187 1514 364 1568 εἰκὼν
400 1515 495 1583 τοῦ
544 1517 778 1587 χοϊκοῦ),
831 1519 1138 1591 φορέσομεν
1181 1522 1275 1578 καὶ
1299 1523 1398 1594 τὴν
1427 1525 1611 1578 εἰκόνα
1670 1527 1765 1581 τοῦ

133 1635 140 1638 -
187 1607 527 1678 ἐπουρανίου
588 1609 850 1678 Χριστοῦ,
901 1613 1206 1680 τουτέστιν,
1271 1614 1762 1686 ἀγαθοερτοῦντες,

187 1698 293 1750 καὶ
347 1699 580 1768 μιμηταί
619 1700 786 1754 αὐτοῦ
827 1702 1105 1772 γινόμενοι
1151 1706 1295 1759 κατά
1345 1707 1406 1760 τὸ
1465 1709 1761 1780 ἐγχωροῦν.

186 1790 398 1854 Καθὼς
425 1793 520 1845 καὶ
563 1793 725 1858 αὐτὸς
777 1796 1012 1868 ἀλλαχοῦ
1072 1817 1228 1870 φησι,
1292 1820 1311 1853 r
1358 1802 1613 1873 Μιμηταί
1657 1822 1759 1874 μου

186 1881 434 1950 γίνεσθε,
492 1884 674 1948 καθὼς
698 1887 851 1954 κάγὼ
885 1888 1140 1959 Χριστοῦ.
1190 1909 1210 1943 ι
1258 1920 1337 1932 --
1371 1911 1392 1944 ι
1438 1895 1548 1964 Τὴν
1577 1895 1760 1948 εἰκόνα

183 1973 288 2026 τοῦ
314 1973 522 2042 χοϊκοῦ.
563 1994 582 2026 ι
631 1976 696 2028 Ἦ
728 1976 892 2031 εἰκὼν
931 1979 1026 2033 τοῦ
1055 1980 1241 2050 χοϊκοῦ
1284 1984 1474 2053 Ἀδὰμ,
1498 1987 1578 2052 τὸ,
1613 2006 1630 2038 ι
1687 1988 1763 2059 Γῆ

187 2059 268 2124 εἶ,
302 2064 396 2117 καὶ
422 2067 500 2128 εἰς
531 2069 633 2138 γῆν
668 2069 961 2143 ἀπελεύσῃ.
987 2090 1005 2122 ι
1043 2071 1106 2126 Ἠ
1129 2073 1289 2128 εἰκὼν
1320 2077 1412 2130 τοῦ
1443 2080 1765 2151 ἐπουρανίου

186 2156 458 2224 Χριστοῦ,
513 2161 546 2228 ἡ
610 2161 674 2214 ἐκ
711 2163 923 2234 νεκρῶν
989 2166 1292 2232 ἀνάστασις
1338 2171 1430 2224 καὶ
1464 2171 1802 2244 ἀφθαρσίαν

186 2247 383 2312 οὕτως
411 2251 518 2305 όέν
543 2252 720 2322 ἁγίοις
751 2255 1014 2321 Μεθόδιος
1077 2261 1135 2312 ἐν
1193 2260 1268 2332 τῷ
1321 2262 1461 2330 Περὶ
1503 2264 1769 2320 ἀναστά-

187 2356 354 2407 σεως
376 2341 543 2413 λόγῳ.
583 2363 602 2396 ι
629 2347 938 2418 Φορέσομεν
977 2351 1070 2404 καὶ
1100 2353 1198 2423 τὴν
1245 2354 1426 2408 εἰκόνα
1473 2357 1568 2410 τοῦ
1612 2361 1770 2412 ὲπου·

187 2431 405 2499 ρανίου.
443 2451 462 2484 ›
501 2434 597 2502 Τὸ,
627 2437 983 2508 Φορέσομεν,
1010 2443 1058 2494 εἰ
1090 2442 1190 2512 μὲν
1209 2443 1295 2496 διὰ
1319 2443 1434 2510 τοῦ,
1460 2463 1514 2512 o,
1537 2445 1768 2518 βραχέος

188 2526 494 2593 γραπτέον,
528 2530 929 2601 προαγόρευσίς
974 2535 1124 2586 ἐστιν
1192 2535 1255 2599 ἐξ
1302 2536 1622 2602 ἀκολουθίας
1673 2540 1769 2611 λη-

115 2629 118 2632 ’
188 2615 404 2683 τιθεῖσα
429 2615 523 2669 τοῦ
552 2618 861 2688 μέλλοντος,
890 2622 986 2675 καὶ
1017 2623 1375 2693 ἀποφάνσεως
1399 2625 1513 2695 ἅμα
1539 2627 1768 2698 δύναμιν

189 2705 508 2776 πληροῦσα,
535 2709 805 2771 τουτέστι,
836 2713 1061 2778 Πάντως
1095 2717 1400 2788 φορὲσομεν
1440 2718 1538 2790 τὴν
1583 2719 1766 2775 εἰκόνα

189 2795 291 2848 τοῦ
325 2798 679 2868 ἐπουρανίου,
738 2803 929 2876 ὥσπερ
972 2807 1312 2878 ἐφορέσαμεν
1343 2811 1436 2866 καὶ
1464 2810 1559 2881 τὴν
1581 2812 1768 2867 εἰκόνα

187 2885 289 2939 τοῦ
353 2890 561 2958 χοϊκοῦ.
625 2893 735 2946 Καὶ
773 2896 857 2966 εἴη
911 2897 976 2949 ἂν
1003 2897 1167 2952 εἰκὼν
1217 2901 1318 2970 μὲν
1373 2901 1467 2955 τοῦ
1503 2905 1693 2972 χοϊκοῦ
1737 2905 1768 2958 ὁ

189 2977 448 3042 θάνατος,
475 2979 640 3034 εἰκὼν
671 2983 726 3036 δὲ
761 2986 854 3037 τοῦ
885 2988 1218 3058 ἐπουρανίου
1269 2993 1301 3062 ὴ
1328 2994 1627 3060 ἀνάστασις
1675 2996 1768 3050 καὶ

188 3071 222 3137 ἡ
260 3069 568 3140 ἀφθαρσία.
597 3073 662 3125 ’Ὁ
686 3091 741 3127 τε
779 3076 888 3146 γὰρ
928 3078 1121 3148 Ἀδὰμ,
1161 3080 1245 3134 διὰ
1283 3083 1374 3135 τοῦ
1406 3083 1636 3139 θανάτου
1691 3089 1768 3140 εἰ·

1867 623 1971 679 hoc
1999 633 2109 694 est,
2139 627 2390 682 caelestes
2416 635 2598 694 erunt,
2635 636 2689 682 et
2720 626 2973 682 fruentur
2995 627 3178 698 dignis
3211 640 3272 680 se
3293 639 3436 695 pre-

1867 717 2015 771 miis.
2052 736 2070 769 ι
2111 718 2300 784 Qualis
2338 729 2608 784 terrenus,
2639 720 2777 775 tales
2799 727 2854 776 et
2893 719 3121 774 terreni.
3167 738 3190 770 ι
3220 716 3435 784 Qualis.

1867 807 2066 876 inquit,
2103 820 2352 867 terrenus
2381 811 2575 877 Adam,
2621 812 2758 867 tales
2788 819 2951 867 erunt
2973 826 3162 866 omnes
3187 809 3392 864 terreni
3422 824 3436 860 :

1868 902 1972 957 hoc
2005 909 2110 968 est,
2142 903 2234 972 qui
2262 905 2360 958 toti
2388 911 2518 959 sunt
2557 904 2732 973 ipsius
2766 913 2925 960 terrae
2986 912 3041 958 ει
3073 903 3122 958 ei
3153 902 3440 957 adhaeren-

1867 1002 1970 1058 tes,
2002 1001 2176 1047 morte
2199 993 2580 1059 intellectuali,
2612 1010 2734 1063 quae
2763 1004 2984 1065 propter
3014 1003 3300 1064 peccatum
3327 1001 3437 1058 εει,

1866 1085 2190 1140 morientur.
2213 1085 2417 1142 Christi
2445 1096 2628 1143 autem
2673 1087 2982 1141 imitatores
3029 1087 3185 1153 juxta
3211 1084 3438 1137 Paulum

1865 1186 2030 1232 erunt
2059 1185 2119 1232 ut
2142 1179 2387 1234 cmlestis
2408 1179 2518 1245 ille,
2553 1187 2827 1248 quatenus
2857 1177 3180 1232 hominibus
3205 1190 3438 1230 conces-

1867 1284 1987 1323 sum
2012 1278 2114 1325 est.
2151 1288 2171 1322 ι
2210 1270 2428 1325 Scimus
2457 1271 2625 1336 enim,
2656 1271 2811 1325 aiunt
2835 1268 3124 1324 catholicae
3152 1267 3438 1338 Epistolas,

1867 1359 2016 1430 quod
2051 1361 2098 1416 si
2129 1362 2469 1432 apparuerit,
2496 1363 2707 1418 similes
2736 1362 2787 1417 ei
2812 1362 3117 1421 erimus".
3160 1378 3178 1412 ι
3217 1389 3286 1405 -
3316 1379 3336 1413 ι
3372 1358 3440 1413 Et

1868 1451 2329 1521 quemadmodum
2361 1452 2716 1524 gestavimus.
2752 1471 2772 1506 ›
2815 1451 2931 1508 Hoc
2955 1461 3058 1520 est,
3094 1453 3237 1508 sicut
3273 1467 3438 1524 prava

1866 1545 2077 1616 operati
2113 1561 2324 1610 sumus,
2354 1561 2479 1601 nam
2503 1545 2593 1600 illa
2619 1556 2748 1600 sunt
2779 1547 2960 1615 imago
2983 1545 3210 1609 terreni,
3256 1552 3439 1615 gesta-

1868 1637 2051 1693 bimus
2074 1646 2128 1692 et
2160 1639 2454 1710 imaginem
2490 1640 2735 1696 caelestis
2777 1638 2985 1694 Christi
3024 1657 3038 1692 :
3065 1639 3172 1693 hoc
3203 1644 3310 1701 est,
3343 1636 3440 1690 bo-

1867 1745 1936 1784 na
1985 1739 2300 1800 operantes,
2346 1731 2577 1802 ejusque
2631 1731 2764 1786 facti
2806 1732 3116 1786 imitatores
3170 1738 3438 1800 quantum

1870 1822 2191 1878 conceditur
2238 1841 2252 1878 :
2307 1823 2768 1895 quemadmodum
2821 1833 2874 1879 et
2924 1823 3042 1893 ipse
3089 1822 3218 1882 alibi
3251 1820 3438 1876 dicit:

1874 1933 1894 1966 ‹
1931 1913 2240 1970 lmitatores
2272 1916 2376 1970 mei
2415 1925 2590 1970 estote
2614 1919 2756 1970 sicut
2790 1926 2845 1971 et
2872 1932 2971 1986 ego
3002 1915 3208 1972 Christi
3235 1917 3334 1969 ⁵⁵.»
3367 1939 3440 1953 --

1877 2024 1895 2057 ι
1929 2005 2227 2075 Imaginem
2263 2007 2488 2061 terreni.
2518 2025 2536 2058 ι
2570 2008 2755 2076 Imago
2787 2007 2995 2062 terreni
3029 2007 3200 2060 Adam
3227 2015 3311 2061 est
3368 2003 3440 2058 il-

1869 2096 1962 2150 lud
1988 2115 2002 2150 :
2037 2114 2056 2148 ι
2082 2094 2250 2150 Terra
2273 2112 2356 2161 es,
2379 2107 2434 2152 et
2467 2098 2520 2151 in
2552 2107 2754 2152 terram
2782 2098 3078 2153 reverteris
3104 2099 3171 2151 °°.
3209 2117 3226 2149 ι
3256 2098 3440 2166 Imago

1870 2188 2110 2242 cmlestis
2137 2187 2342 2242 Christi
2371 2198 2455 2243 est
2494 2191 2862 2244 ressurrectio
2894 2206 2959 2244 ex
2993 2191 3228 2245 mortuis
3255 2197 3309 2244 et
3350 2192 3441 2244 in-

1870 2279 2178 2349 corruptio.
2215 2278 2293 2333 Ita
2317 2280 2481 2335 habet
2513 2280 2674 2338 divus
2723 2281 3033 2338 Methodius
3081 2282 3222 2336 libro
3255 2281 3329 2336 De
3356 2297 3443 2337 re-

1870 2372 2218 2425 surrectione.
2252 2390 2271 2423 ι
2305 2371 2658 2428 Gestabimus
2683 2381 2736 2428 et
2761 2373 3054 2443 imaginem
3085 2371 3353 2428 caelestis.
3408 2391 3428 2425 ι

1870 2459 1928 2514 Si
1961 2460 2171 2530 legatur
2200 2460 2528 2531 φορέσομεν,
2566 2461 2620 2518 id
2651 2471 2757 2527 est,
2784 2462 3146 2531 gestabimus,
3187 2472 3246 2516 ut
3282 2475 3380 2532 per
3406 2475 3449 2513 ο-

1871 2550 2036 2604 breve
2077 2549 2427 2604 scribendum
2465 2549 2559 2615 sit,
2589 2549 2909 2604 vaticinium
2934 2558 3018 2604 est
3041 2558 3319 2619 sumptum
3373 2562 3442 2603 ex

1871 2641 2274 2711 consequentia
2305 2640 2450 2711 'ejus
2511 2640 2657 2710 quod
2685 2640 2958 2702 tfuturum
3003 2647 3109 2706 est,
3168 2640 3444 2706 simulque

1869 2733 1980 2787 vim
2027 2733 2210 2802 explet
2249 2740 2306 2787 ct
2350 2732 2679 2788 assertionis
2720 2747 2738 2788 :
2788 2733 2894 2787 hoc
2933 2739 3038 2798 est,
3090 2732 3442 2788 Gestabimus

1870 2825 2096 2880 omnino
2120 2824 2411 2894 imaginem
2439 2826 2702 2890 caelestis.
2740 2827 2890 2882 sicut
2939 2825 3272 2896 gestavimus
3302 2825 3442 2880 ima-

1873 2918 2050 2986 ginem
2081 2917 2309 2971 terreni.
2338 2917 2407 2971 Et
2437 2932 2562 2972 esse
2591 2917 2815 2986 poterit,
2852 2918 3031 2987 imago
3061 2917 3281 2986 quidem
3325 2925 3442 2970 ter-

1871 3007 2013 3073 reni,
2046 3021 2242 3062 mors:
2276 3007 2456 3077 imago
2503 3023 2636 3062 vero
2690 3009 2955 3070 caelestis,
2997 3007 3332 3062 resurrectio
3377 3020 3443 3060 ac

1873 3099 2235 3170 ineurruptio.
2269 3097 2548 3168 Eﬂigiatur
2567 3099 2712 3153 enim
2743 3099 2912 3152 Adam
2947 3113 3042 3168 per
3072 3108 3329 3159 mortem;
3360 3095 3442 3150 si-

187 3158 492 3223 κονίζεται.
521 3164 691 3226 Αὐτὸς
712 3163 820 3234 γάρ
854 3169 948 3220 καὶ
989 3171 1204 3241 πρῶτος
1236 3173 1344 3226 τῶν
1364 3174 1563 3241 ἄλλων,
1589 3177 1761 3242 αίτιος

190 3251 283 3272 --⁸⁵
324 3252 401 3272 ΛΠ.
432 3255 475 3272 -9
571 3255 584 3272 ο
838 3258 850 3272 ι
897 3261 910 3272 ο
973 3263 985 3272 ι
1125 3263 1137 3272 ι
1293 3267 1337 3272 __
1472 3268 1482 3272 -
1639 3270 1666 3272 __

1869 3187 2090 3258 quidem
2101 3158 2232 3258 ipse
2251 3158 2471 3258 quoque
2490 3188 2700 3259 primus
2721 3187 2822 3242 fuit
2845 3158 2970 3244 aliis
2993 3187 3262 3242 moriendi
3287 3187 3446 3256 prin-

184 3251 286 3305 τοῦ
323 3252 502 3306 θανεῖν
523 3255 732 3324 γέγονε,
765 3258 860 3310 καὶ
888 3261 916 3312 ὁ
959 3263 1241 3334 Δεσπότης
1293 3267 1527 3336 Χριστὸς
1578 3270 1760 3336 πάλιν,

181 3344 276 3398 διὰ
318 3347 418 3416 τῆς
443 3349 792 3414 ἀναστάσεως
826 3353 919 3406 καὶ
948 3355 1046 3423 τῆς
1069 3355 1378 3428 ἀφθαρσίας
1413 3361 1760 3427 εἰκονίζεται.

182 3433 368 3499 Αὐτός
411 3454 468 3491 τε
525 3440 634 3512 γάρ
657 3442 884 3512 πρῶτος
924 3445 1124 3517 ἀνέστη
1167 3451 1351 3520 σαρκὶ,
1387 3453 1617 3523 νικήσας
1669 3456 1763 3510 τὸν

183 3529 445 3596 θάνατον,
499 3534 594 3586 καὶ
639 3535 719 3604 τῷ
757 3537 902 3604 γένει
941 3541 1104 3593 παντὶ
1158 3540 1266 3595 τῶν
1308 3541 1611 3611 ἀνθρώπων
1663 3545 1762 3618 τὴν

181 3621 492 3676 ἀνάστασιν
529 3625 620 3677 καὶ
649 3627 958 3699 ἀφθαρσίαν
989 3632 1288 3702 ἐπήγαγεν.
1314 3635 1373 3686 Εἰ
1395 3635 1452 3688 δὲ
1484 3636 1565 3702 τὸ,
1591 3638 1764 3705 φορέ-

178 3726 403 3783 «oper,
428 3714 516 3768 διά
549 3717 759 3788 μακροῦ
777 3721 1050 3790 γραπτέον
1077 3723 1192 3776 ἐστὶ
1211 3724 1329 3787 τοῦ,
1350 3746 1414 3792 ω,
1440 3729 1763 3798 παραίνεσίς

182 3806 311 3855 ἐστι
337 3802 432 3856 καὶ
459 3803 735 3876 συμϐουλὴ
761 3809 846 3861 ἐπ’
874 3810 1096 3880 ἀρετὴν,
1128 3813 1222 3866 καὶ
1249 3813 1428 3867 ἔνθεον
1459 3815 1759 3870 πολιτείαν.

179 3897 538 3966 Φορὲσωμεν,
607 3899 792 3968 φησὶν,
847 3899 1196 3971 ἐνδυσώμεθα
1244 3905 1343 3975 τὴν
1419 3907 1604 3961 εἰκόνα
1663 3908 1758 3962 τοῦ

180 3989 539 4058 ἐπουρανίου,
591 3989 678 4043 ἵνα
715 3991 1218 4064 κληρονομήσωμεν
1247 4000 1347 4066 τὴν
1377 4000 1631 4069 οὐράνιον
1662 4000 1762 4071 βα-

181 4081 418 4134 σιλείαν.
451 4081 560 4134 Καὶ
588 4082 671 4153 εἴη
695 4082 760 4135 ἂν
786 4083 948 4136 εἰκὼν
978 4086 1077 4154 μὲν
1127 4088 1362 4142 ἐνταῦθα
1397 4091 1584 4160 χοϊκοῦ
1616 4092 1759 4162 λαμ-

181 4172 491 4242 ϐανομένη,
553 4173 610 4225 αί
667 4174 897 4244 πράξεις
927 4179 983 4230 αἱ
1012 4179 1269 4248 πονηραὶ,
1331 4182 1425 4234 καὶ¹
1473 4181 1762 4253 βρίθουσαι

180 4263 330 4332 πρὸς
359 4262 431 4315 τά
457 4265 620 4332 γήϊνα
661 4268 756 4319 καὶ
784 4268 1024 4338 σαρκικά
1053 4270 1221 4341 πάθη.
1254 4273 1440 4327 Ταῦτα
1482 4273 1590 4348 γὰρ
1635 4295 1764 4350 μορ·

180 4355 282 4421 (pot
321 4353 416 4405 καὶ
445 4356 848 4425 χαρακτηρίζει
873 4359 967 4412 τὸν
988 4359 1336 4430 ἁμαρτωλὸν,
1368 4365 1428 4426 ὃς
1459 4365 1578 4420 ἐστι
1642 4372 1759 4437 χοῖ-

178 4445 307 4507 κός.
343 4445 520 4498 Εἰκὼν
548 4447 603 4499 δὲ
630 4449 977 4520 ἐπουρανίου,
1005 4453 1066 4506 τὸ
1096 4453 1296 4524 ὑψηλὸν
1349 4459 1444 4512 καὶ
1465 4461 1761 4531 μετάρσιον

1867 3280 2094 3349 cipium.
2116 3278 2466 3349 Rursumque
2491 3281 2751 3335 Dominus
2769 3281 3025 3335 Christus
3078 3295 3174 3349 per
3193 3293 3441 3334 resurre-

1865 3375 2102 3429 ctionem
2117 3381 2170 3428 et
2189 3373 2654 3444 incorruptionem
2676 3371 3108 3443 eiligiatur.Nant
3128 3379 3181 3426 et
3196 3372 3278 3440 ips
3290 3371 3440 3440 epri-

1867 3481 1990 3520 ntus
2025 3465 2078 3518 in
2107 3480 2274 3520 carne
2307 3465 2548 3521 surrexit
2574 3465 2788 3520 devicta
2829 3472 3025 3527 morte,
3071 3471 3125 3518 et
3181 3463 3442 3518 universo

1865 3556 2152 3612 hominum
2183 3556 2370 3627 generi
2395 3555 2861 3612 resurrectionem
2886 3564 2941 3610 et
2969 3555 3437 3624 incorruptionem

1865 3647 2148 3704 stabilivit.
2187 3647 2246 3703 Si
2283 3662 2412 3702 vero
2460 3646 2806 3717 φορέσωμεν,
2842 3646 2946 3701 hoc
2993 3653 3077 3700 est
3124 3653 3433 3714 gestemus,

1866 3755 1961 3808 per
1995 3756 2040 3790 ω
2085 3753 2342 3808 magnum
2394 3737 2750 3794 scribendum
2791 3739 2887 3801 sit,
2926 3738 3242 3792 adhortatio
3275 3746 3359 3793 est
3391 3747 3446 3796 et

1866 3829 2165 3883 consilium
2187 3829 2256 3882 ad
2279 3828 2540 3883 virtutem
2572 3843 2639 3884 ac
2667 3828 2909 3882 divinam
2939 3829 3440 3883 conversationem.

1865 3919 2174 3983 Cestemus,
2195 3920 2390 3989 inquit,
2414 3921 2529 3974 sive
2547 3921 2842 3975 induamus
2864 3920 3157 3988 imaginem
3177 3919 3441 3984 cmlesiis.

1866 4021 1925 4066 ut
1951 4011 2195 4084 caelestis
2227 4013 2379 4082 regni
2412 4011 2789 4068 haereditatem
2821 4013 3178 4082 accipiamus.
3209 4011 3274 4065 Et
3299 4026 3444 4066 nunc

1865 4118 1988 4160 esse
2015 4104 2241 4173 poterit,
2293 4103 2472 4175 imago
2499 4104 2722 4173 quidem
2757 4104 2964 4159 terreni
3009 4119 3132 4174 quae
3180 4103 3438 4168 sumitur,

1865 4209 2046 4266 pravae
2066 4193 2310 4250 actiones
2336 4194 2709 4264 deprimentes
2742 4195 2811 4250 ad
2834 4202 3085 4252 terrenas
3113 4203 3167 4250 et
3186 4195 3438 4249 carnales

1867 4286 2221 4358 aﬂ'ectiones-
2240 4287 2368 4343 Haac
2388 4285 2550 4357 571
2584 4286 2733 4341 enim
2771 4285 3010 4358 ﬁgurant
3047 4302 3110 4342 ac
3147 4286 3441 4356 designant

1865 4388 2209 4450 peccatorem
2253 4379 2349 4449 qui
2383 4389 2636 4435 terrenus
2684 4369 2810 4434 est:
2871 4379 3050 4450 imago
3080 4393 3210 4434 vero
3265 4379 3438 4434 coelee

1865 4472 1986 4538 stis,
2027 4472 2306 4526 excelsum
2347 4485 2413 4525 ac
2452 4471 2689 4526 sublime
2719 4470 2867 4542 quod
2921 4472 2976 4526 in
3015 4472 3440 4526 conversatione

178 4536 289 4604 τῆς
311 4537 610 4604 πολιτείας,
657 4541 749 4592 καὶ
794 4543 824 4609 ἠ
883 4542 1076 4610 κτῆσις
1126 4545 1232 4597 τῶν
1285 4547 1558 4612 οὐρανίων
1627 4553 1758 4624 ἀρε-

1868 4536 2055 4627 cst,et
2111 4562 2406 4632 acquisitio
2442 4536 2756 4619 caelestium
2818 4562 3107 4618 virtutum.

180 4626 321 4682 τῶν.

253 4783 430 4853 Φησιν
480 4785 575 4838 οὖν
637 4788 749 4856 ἃμα
797 4791 890 4842 καὶ
937 4791 1255 4862 ἐντρέπωνξ·
1290 4796 1612 4868 Φορέσωμεν
1658 4801 1758 4872 τὴν

175 4875 375 4928 εἰκόνα
401 4875 494 4928 τοῦ
526 4879 866 4947 ἐπουρανίου,
906 4883 1235 4953 κτησώμεθα
1264 4887 1551 4942 ,πολιτείαν
1590 4892 1756 4962 ὑψοῦ·

178 4983 286 5018 σαν
317 4967 468 5036 ἡμᾶς
522 4969 658 5038 πρὸς
705 4972 955 5040 οὐρανόν.
988 4975 1062 5027 Οὐ
1117 4977 1225 5047 γὰρ
1257 4978 1579 5049 αἰσχύνεσθε
1636 4985 1757 5038 οὐδέ

174 5056 622 5122 ἐγκαλύπτεσθε,
649 5059 729 5113 ὅτι
756 5061 855 5132 τὴν
888 5062 986 5132 μὲν
1024 5065 1207 5120 εἰκόνα
1241 5068 1334 5121 τοῦ
1380 5073 1564 5139 χοϊκοῦ
1619 5091 1756 5144 προ-

171 5147 374 5216 θύμως
419 5149 784 5234 ἐφορέσαμενο,
820 5153 998 5208 καίτοι
1057 5162 1425 5214 κατασπῶσαν
1457 5166 1627 5234 ἡμᾶς,
1660 5169 1756 5221 καὶ

167 5239 283 5306 τῆς
313 5239 590 5306 βασιλείας
617 5241 711 5295 τοῦ
737 5244 870 5298 Θεοῦ
895 5247 1146 5314 ἀναξίους
1169 5254 1596 5322 ἀποφαίνουσαν,
1624 5260 1760 5329 προς

175 5330 239 5382 δὲ
271 5329 373 5401 τὴν
406 5332 592 5384 εἰκόνα
614 5333 710 5386 τοῦ
745 5336 1068 5408 ἐπουρανίου
1102 5339 1183 5394 ἔτι
1214 5343 1479 5416 μέλλομεν
1503 5349 1594 5400 καί¹
1633 5349 1767 5402 ἀναο

175 5421 536 5490 6αλλόμεθα;
601 5426 998 5498 Σπουδάσωμεν
1019 5432 1224 5502 ταύτην
1255 5435 1595 5504 ἐνδύσασθαι,
1630 5441 1764 5495 ταύ-

1934 4806 2074 4862 Dicit
2101 4821 2229 4876 ergo
2248 4804 2420 4861 simul
2439 4804 2603 4860 etiam
2632 4804 2963 4860 adhortans:
2993 4788 3281 4860 Cestemus
3304 4788 3437 4859 ima-

1865 4898 2045 4968 ginem
2086 4896 2235 4950 illius
2265 4896 2527 4961 caelestis,
2554 4895 2908 4966 acquiramus
2963 4895 3436 4950 conversationem

1867 5003 1986 5058 quae
2023 5001 2122 5041 nos
2178 4985 2245 5039 ad
2304 4984 2503 5038 caelum
2556 4984 2824 5038 sublevet.
2893 4979 3086 5037 Utrum
3123 4984 3269 5038 enim
3327 4999 3436 5040 non

1862 5077 2187 5134 erubescitis
2218 5091 2394 5146 neque
2426 5073 2801 5138 occultamini,
2833 5075 2926 5144 qui
2975 5075 3177 5130 terreni
3214 5073 3438 5146 quidem

1864 5171 2014 5226 illius
2089 5169 2380 5239 imaginem
2434 5175 2685 5238 prompto
2752 5167 2936 5222 animo
3021 5169 3438 5238 gestaverintus,

1863 5272 2170 5332 quanquam
2195 5276 2293 5316 nos
2321 5260 2578 5315 deorsum
2608 5259 2868 5324 trahetet,
2913 5267 3080 5329 atque
3135 5274 3303 5329 regno
3337 5257 3434 5312 Dei

1863 5354 2116 5423 indignos
2145 5353 2453 5407 exhiberet:
2475 5352 2544 5406 ad
2577 5353 2871 5422 imaginem
2895 5358 3076 5406 autem
3111 5351 3256 5404 illius
3314 5363 3432 5403 casv-

1862 5447 2014 5500 lestis
2045 5445 2226 5500 adhuc
2253 5451 2577 5499 cunctentur
2603 5459 2666 5498 ac
2694 5442 3048 5498 ditl‘eramus?
3099 5440 3430 5495 Studeamus

173 5530 285 5584 την
344 5513 590 5583 ζηλῶσαι
641 5518 738 5586 τὴν
762 5521 1013 5589 οὐράνιον
1059 5525 1356 5582 πολιτείαν.
1395 5530 1605 5595 ’Ἄλλως
1651 5537 1759 5605 γὰρ

1868 5553 1920 5592 ac
1953 5539 2270 5594 festinemus
2286 5538 2426 5592 hanc
2451 5535 2697 5602 induere,
2715 5537 2854 5590 hanc
2879 5533 3117 5590 aemulari
3147 5530 3431 5586 caelestem

171 5605 285 5659 οὐκ
334 5605 414 5659 ἔνι
471 5611 651 5678 τυχεῖν
708 5613 804 5682 τῆς
870 5614 1120 5684 οὐρανίου
1178 5619 1472 5686 βασιλείας.
1525 5641 1543 5676 t
1586 5625 1757 5680 Τοῦτο

1868 5631 2354 5697 τουτογεειίοηετω
2425 5645 2598 5701 neque
2636 5630 2778 5684 enim
2813 5628 2919 5682 alio
2951 5625 3113 5679 modo
3151 5617 3437 5691 contingi:

277 5801 323 5835 ⁸⁸
356 5800 549 5861 lJoan.
587 5809 746 5876 nt,2.
825 5814 867 5845 ”
909 5814 1088 5872 lCnr.
1129 5835 1202 5888 xl,
1241 5821 1284 5874 l.
1366 5825 1409 5855 "
1452 5823 1588 5879 Gcn.
1625 5829 1838 5895 111,19.
