  <div class='ocr_page' id='page_1' title='image "/cluster/home/n/w/nwhite01/storage/ocr_20150623/118/hvd.32044019208149/505.png"; bbox 0 0 3906 6556; ppageno 0'>
   <div class='ocr_carea' id='block_1_1' title="bbox 519 401 619 468">
    <p class='ocr_par' dir='ltr' id='par_1_1' title="bbox 519 401 619 468">
     <span class='ocr_line' id='line_1_1' title="bbox 519 401 619 468; baseline 0 0"><span class='ocrx_word' id='word_1_1' title='bbox 519 401 619 468; x_wconf 80' lang='lat'><strong>891</strong></span> 
     </span>
    </p>
   </div>
   <div class='ocr_carea' id='block_1_2' title="bbox 1574 405 3696 495">
    <p class='ocr_par' dir='ltr' id='par_1_2' title="bbox 1574 405 3696 495">
     <span class='ocr_line' id='line_1_2' title="bbox 1574 405 3696 495; baseline 0.007 -30"><span class='ocrx_word' id='word_1_2' title='bbox 1574 405 1972 468; x_wconf 76' lang='lat' dir='ltr'><strong>(ECUMENII</strong></span> <span class='ocrx_word' id='word_1_3' title='bbox 1995 405 2288 466; x_wconf 65' lang='lat' dir='ltr'><strong>TRICCA!</strong></span> <span class='ocrx_word' id='word_1_4' title='bbox 2313 407 2674 495; x_wconf 32' lang='lat' dir='ltr'><strong>EPISCOPI.</strong></span> <span class='ocrx_word' id='word_1_5' title='bbox 3621 417 3696 480; x_wconf 66' lang='lat'><strong>802</strong></span> 
     </span>
    </p>
   </div>
   <div class='ocr_carea' id='block_1_3' title="bbox 523 513 2114 601">
    <p class='ocr_par' dir='ltr' id='par_1_3' title="bbox 523 513 2090 586">
     <span class='ocr_line' id='line_1_3' title="bbox 523 513 2090 586; baseline -0.002 -12"><span class='ocrx_word' id='word_1_6' title='bbox 523 515 770 574; x_wconf 77' lang='lat' dir='ltr'><strong>nancisci</strong></span> <span class='ocrx_word' id='word_1_7' title='bbox 804 531 1031 586; x_wconf 74' lang='lat' dir='ltr'><strong>regnum</strong></span> <span class='ocrx_word' id='word_1_8' title='bbox 1059 514 1304 570; x_wconf 71' lang='lat' dir='ltr'><strong>caeleste.</strong></span> <span class='ocrx_word' id='word_1_9' title='bbox 1363 533 1383 568; x_wconf 82' lang='grc' dir='ltr'>ι</span> <span class='ocrx_word' id='word_1_10' title='bbox 1424 514 1539 570; x_wconf 76' lang='lat' dir='ltr'><strong>Hoc</strong></span> <span class='ocrx_word' id='word_1_11' title='bbox 1579 527 1759 570; x_wconf 89' lang='lat' dir='ltr'><strong>autem</strong></span> <span class='ocrx_word' id='word_1_12' title='bbox 1795 516 1944 582; x_wconf 85' lang='lat' dir='ltr'><strong>dico,</strong></span> <span class='ocrx_word' id='word_1_13' title='bbox 1977 513 2090 571; x_wconf 77' lang='lat' dir='ltr'><strong>ira-</strong></span> 
     </span>
    </p>
   </div>
   <div class='ocr_carea' id='block_1_4' title="bbox 2218 513 3698 601">
    <p class='ocr_par' dir='ltr' id='par_1_4' title="bbox 2218 515 3698 601">
     <span class='ocr_line' id='line_1_4' title="bbox 2218 515 3698 601; baseline 0.009 -35"><span class='ocrx_word' id='word_1_14' title='bbox 2218 515 2253 566; x_wconf 77' lang='grc' dir='ltr'><strong><em>ῑὲ</em></strong></span> <span class='ocrx_word' id='word_1_15' title='bbox 2297 531 2462 586; x_wconf 84' lang='grc' dir='ltr'>φημι,</span> <span class='ocrx_word' id='word_1_16' title='bbox 2488 516 2752 601; x_wconf 63' lang='grc' dir='ltr'>ἀδελφοί.</span> <span class='ocrx_word' id='word_1_17' title='bbox 2781 533 2799 568; x_wconf 75' lang='grc' dir='ltr'>ι</span> <span class='ocrx_word' id='word_1_18' title='bbox 2833 515 2932 570; x_wconf 87' lang='grc' dir='ltr'>Διά</span> <span class='ocrx_word' id='word_1_19' title='bbox 2988 517 3164 583; x_wconf 89' lang='grc' dir='ltr'>τοῦτο,</span> <span class='ocrx_word' id='word_1_20' title='bbox 3203 518 3350 586; x_wconf 74' lang='grc' dir='ltr'>φησὶ,</span> <span class='ocrx_word' id='word_1_21' title='bbox 3378 519 3529 574; x_wconf 84' lang='grc' dir='ltr'>ταῦτα</span> <span class='ocrx_word' id='word_1_22' title='bbox 3570 521 3698 589; x_wconf 74' lang='grc' dir='ltr'>εἷπον,</span> 
     </span>
    </p>
   </div>
   <div class='ocr_carea' id='block_1_5' title="bbox 524 606 2101 679">
    <p class='ocr_par' dir='ltr' id='par_1_5' title="bbox 524 606 2101 679">
     <span class='ocr_line' id='line_1_5' title="bbox 524 606 2101 679; baseline -0.002 -13"><span class='ocrx_word' id='word_1_23' title='bbox 524 621 695 666; x_wconf 66' lang='grc' dir='ltr'>πρε.»</span> <span class='ocrx_word' id='word_1_24' title='bbox 734 606 1049 678; x_wconf 70' lang='lat' dir='ltr'><strong>Propterea,</strong></span> <span class='ocrx_word' id='word_1_25' title='bbox 1092 607 1290 677; x_wconf 88' lang='lat' dir='ltr'><strong>inquit,</strong></span> <span class='ocrx_word' id='word_1_26' title='bbox 1314 607 1428 663; x_wconf 70' lang='lat' dir='ltr'><strong>haec</strong></span> <span class='ocrx_word' id='word_1_27' title='bbox 1445 608 1578 672; x_wconf 79' lang='lat' dir='ltr'><strong>dixi,</strong></span> <span class='ocrx_word' id='word_1_28' title='bbox 1621 616 1680 662; x_wconf 91' lang='lat' dir='ltr'><strong>ut</strong></span> <span class='ocrx_word' id='word_1_29' title='bbox 1706 609 1931 664; x_wconf 90' lang='lat' dir='ltr'><strong>discatis</strong></span> <span class='ocrx_word' id='word_1_30' title='bbox 1956 608 2101 679; x_wconf 86' lang='lat' dir='ltr'><strong>quod</strong></span> 
     </span>
    </p>
   </div>
   <div class='ocr_carea' id='block_1_6' title="bbox 526 700 2102 772">
    <p class='ocr_par' dir='ltr' id='par_1_6' title="bbox 526 700 2102 772">
     <span class='ocr_line' id='line_1_6' title="bbox 526 700 2102 772; baseline 0.001 -17"><span class='ocrx_word' id='word_1_31' title='bbox 526 718 656 757; x_wconf 87' lang='lat' dir='ltr'><strong>caro</strong></span> <span class='ocrx_word' id='word_1_32' title='bbox 681 709 734 755; x_wconf 90' lang='lat' dir='ltr'><strong>ct</strong></span> <span class='ocrx_word' id='word_1_33' title='bbox 761 701 1008 768; x_wconf 79' lang='lat' dir='ltr'><strong>sanguis,</strong></span> <span class='ocrx_word' id='word_1_34' title='bbox 1042 700 1144 753; x_wconf 89' lang='lat' dir='ltr'><strong>hoc</strong></span> <span class='ocrx_word' id='word_1_35' title='bbox 1175 708 1283 762; x_wconf 90' lang='lat' dir='ltr'><strong>est,</strong></span> <span class='ocrx_word' id='word_1_36' title='bbox 1317 715 1498 770; x_wconf 70' lang='lat' dir='ltr'><strong>pravae</strong></span> <span class='ocrx_word' id='word_1_37' title='bbox 1532 702 1803 767; x_wconf 85' lang='lat' dir='ltr'><strong>actiones,</strong></span> <span class='ocrx_word' id='word_1_38' title='bbox 1846 718 1953 756; x_wconf 89' lang='lat' dir='ltr'><strong>non</strong></span> <span class='ocrx_word' id='word_1_39' title='bbox 1971 718 2102 772; x_wconf 87' lang='lat' dir='ltr'><strong>pos-</strong></span> 
     </span>
    </p>
   </div>
   <div class='ocr_carea' id='block_1_7' title="bbox 528 793 2102 864">
    <p class='ocr_par' dir='ltr' id='par_1_7' title="bbox 528 793 2102 864">
     <span class='ocr_line' id='line_1_7' title="bbox 528 793 2102 864; baseline -0.003 -13"><span class='ocrx_word' id='word_1_40' title='bbox 528 805 657 851; x_wconf 75' lang='lat' dir='ltr'><strong>Sunt</strong></span> <span class='ocrx_word' id='word_1_41' title='bbox 690 794 842 862; x_wconf 62' lang='lat' dir='ltr'><strong>regni</strong></span> <span class='ocrx_word' id='word_1_42' title='bbox 867 793 954 846; x_wconf 92' lang='lat' dir='ltr'><strong>Dei</strong></span> <span class='ocrx_word' id='word_1_43' title='bbox 979 793 1238 862; x_wconf 91' lang='lat' dir='ltr'><strong>consequi</strong></span> <span class='ocrx_word' id='word_1_44' title='bbox 1266 793 1658 849; x_wconf 65' lang='lat' dir='ltr'><strong>haereditatem.</strong></span> <span class='ocrx_word' id='word_1_45' title='bbox 1690 793 1745 848; x_wconf 80' lang='grc' dir='ltr'>ιιι</span> <span class='ocrx_word' id='word_1_46' title='bbox 1764 796 1925 850; x_wconf 89' lang='lat' dir='ltr'><strong>etiam</strong></span> <span class='ocrx_word' id='word_1_47' title='bbox 1955 794 2102 864; x_wconf 91' lang='lat' dir='ltr'><strong>quod</strong></span> 
     </span>
    </p>
   </div>
   <div class='ocr_carea' id='block_1_8' title="bbox 530 886 2105 957">
    <p class='ocr_par' dir='ltr' id='par_1_8' title="bbox 530 886 2105 957">
     <span class='ocr_line' id='line_1_8' title="bbox 530 886 2105 957; baseline -0.001 -15"><span class='ocrx_word' id='word_1_48' title='bbox 530 889 606 942; x_wconf 89' lang='lat' dir='ltr'><strong>ait</strong></span> <span class='ocrx_word' id='word_1_49' title='bbox 639 907 650 937; x_wconf 79' lang='grc' dir='ltr'><em>τ</em></span> <span class='ocrx_word' id='word_1_50' title='bbox 683 887 794 940; x_wconf 81' lang='lat' dir='ltr'><strong>[loc</strong></span> <span class='ocrx_word' id='word_1_51' title='bbox 831 896 1012 941; x_wconf 88' lang='lat' dir='ltr'><strong>autem</strong></span> <span class='ocrx_word' id='word_1_52' title='bbox 1044 886 1189 950; x_wconf 89' lang='lat' dir='ltr'><strong>dico,</strong></span> <span class='ocrx_word' id='word_1_53' title='bbox 1217 887 1430 951; x_wconf 88' lang='lat' dir='ltr'><strong>l&#39;ratres,</strong></span> <span class='ocrx_word' id='word_1_54' title='bbox 1466 886 1531 940; x_wconf 84' lang='lat' dir='ltr'><strong>ad</strong></span> <span class='ocrx_word' id='word_1_55' title='bbox 1563 887 1768 940; x_wconf 86' lang='lat' dir='ltr'><strong>variam</strong></span> <span class='ocrx_word' id='word_1_56' title='bbox 1803 889 2105 957; x_wconf 78' lang='lat' dir='ltr'><strong>accipietur</strong></span> 
     </span>
    </p>
   </div>
   <div class='ocr_carea' id='block_1_9' title="bbox 533 979 2104 1048">
    <p class='ocr_par' dir='ltr' id='par_1_9' title="bbox 533 979 2104 1048">
     <span class='ocr_line' id='line_1_9' title="bbox 533 979 2104 1048; baseline -0.001 -12"><span class='ocrx_word' id='word_1_57' title='bbox 533 979 1038 1048; x_wconf 76' lang='lat' dir='ltr'><strong>interpretationem</strong></span> <span class='ocrx_word' id='word_1_58' title='bbox 1075 979 1197 1045; x_wconf 84' lang='lat' dir='ltr'><strong>ejus</strong></span> <span class='ocrx_word' id='word_1_59' title='bbox 1227 980 1368 1048; x_wconf 89' lang='lat' dir='ltr'><strong>quod</strong></span> <span class='ocrx_word' id='word_1_60' title='bbox 1403 980 1688 1048; x_wconf 68' lang='lat' dir='ltr'><strong>prmcessit</strong></span> <span class='ocrx_word' id='word_1_61' title='bbox 1722 996 1736 1032; x_wconf 90' lang='lat'><strong>:</strong></span> <span class='ocrx_word' id='word_1_62' title='bbox 1784 999 1802 1030; x_wconf 84' lang='grc' dir='ltr'>ι</span> <span class='ocrx_word' id='word_1_63' title='bbox 1831 979 2104 1046; x_wconf 86' lang='lat' dir='ltr'><strong>Quemad-</strong></span> 
     </span>
    </p>
   </div>
   <div class='ocr_carea' id='block_1_10' title="bbox 531 1071 2102 1142">
    <p class='ocr_par' dir='ltr' id='par_1_10' title="bbox 531 1071 2102 1142">
     <span class='ocr_line' id='line_1_10' title="bbox 531 1071 2102 1142; baseline 0 -16"><span class='ocrx_word' id='word_1_64' title='bbox 531 1071 754 1126; x_wconf 88' lang='lat' dir='ltr'><strong>modum</strong></span> <span class='ocrx_word' id='word_1_65' title='bbox 789 1071 1433 1142; x_wconf 72' lang='lat' dir='ltr'><strong>gestavimusimaginem</strong></span> <span class='ocrx_word' id='word_1_66' title='bbox 1478 1073 1701 1137; x_wconf 89' lang='lat' dir='ltr'><strong>terreni,</strong></span> <span class='ocrx_word' id='word_1_67' title='bbox 1744 1073 2102 1142; x_wconf 79' lang='lat' dir='ltr'><strong>gestabimus,</strong></span> 
     </span>
    </p>
   </div>
   <div class='ocr_carea' id='block_1_11' title="bbox 535 1164 2107 1232">
    <p class='ocr_par' dir='ltr' id='par_1_11' title="bbox 535 1164 2107 1232">
     <span class='ocr_line' id='line_1_11' title="bbox 535 1164 2107 1232; baseline -0.001 -12"><span class='ocrx_word' id='word_1_68' title='bbox 535 1164 647 1220; x_wconf 79' lang='lat' dir='ltr'><strong>sive</strong></span> <span class='ocrx_word' id='word_1_69' title='bbox 665 1172 963 1232; x_wconf 71' lang='lat' dir='ltr'><strong>gestemus,</strong></span> <span class='ocrx_word' id='word_1_70' title='bbox 997 1164 1294 1232; x_wconf 76' lang='lat' dir='ltr'><strong>imaginem</strong></span> <span class='ocrx_word' id='word_1_71' title='bbox 1341 1165 1608 1218; x_wconf 69' lang='lat' dir='ltr'><strong>caelestis.</strong></span> <span class='ocrx_word' id='word_1_72' title='bbox 1645 1181 1662 1215; x_wconf 82' lang='grc' dir='ltr'>ι</span> <span class='ocrx_word' id='word_1_73' title='bbox 1694 1165 1800 1218; x_wconf 79' lang='lat' dir='ltr'><strong>Aut</strong></span> <span class='ocrx_word' id='word_1_74' title='bbox 1835 1164 1979 1217; x_wconf 92' lang='lat' dir='ltr'><strong>cnim</strong></span> <span class='ocrx_word' id='word_1_75' title='bbox 2013 1180 2107 1219; x_wconf 83' lang='lat' dir='ltr'><strong>ex-</strong></span> 
     </span>
    </p>
   </div>
   <div class='ocr_carea' id='block_1_12' title="bbox 534 1255 2104 1321">
    <p class='ocr_par' dir='ltr' id='par_1_12' title="bbox 534 1255 2104 1321">
     <span class='ocr_line' id='line_1_12' title="bbox 534 1255 2104 1321; baseline -0.001 -9"><span class='ocrx_word' id='word_1_76' title='bbox 534 1257 861 1312; x_wconf 86' lang='lat' dir='ltr'><strong>hortationis</strong></span> <span class='ocrx_word' id='word_1_77' title='bbox 891 1255 1007 1310; x_wconf 83' lang='lat' dir='ltr'><strong>sive</strong></span> <span class='ocrx_word' id='word_1_78' title='bbox 1029 1255 1425 1310; x_wconf 87' lang='lat' dir='ltr'><strong>consiliicausa</strong></span> <span class='ocrx_word' id='word_1_79' title='bbox 1468 1257 1592 1321; x_wconf 89' lang='lat' dir='ltr'><strong>erit,</strong></span> <span class='ocrx_word' id='word_1_80' title='bbox 1630 1263 1688 1310; x_wconf 94' lang='lat' dir='ltr'><strong>ut</strong></span> <span class='ocrx_word' id='word_1_81' title='bbox 1719 1256 1809 1310; x_wconf 76' lang='lat' dir='ltr'><strong>sit&#39;</strong></span> <span class='ocrx_word' id='word_1_82' title='bbox 1855 1272 2052 1311; x_wconf 89' lang='lat' dir='ltr'><strong>sensus</strong></span> <span class='ocrx_word' id='word_1_83' title='bbox 2087 1271 2104 1310; x_wconf 86' lang='lat'><strong>:</strong></span> 
     </span>
    </p>
   </div>
   <div class='ocr_carea' id='block_1_13' title="bbox 529 1346 2105 1416">
    <p class='ocr_par' dir='ltr' id='par_1_13' title="bbox 529 1346 2105 1416">
     <span class='ocr_line' id='line_1_13' title="bbox 529 1346 2105 1416; baseline 0 -14"><span class='ocrx_word' id='word_1_84' title='bbox 529 1347 822 1416; x_wconf 88' lang='lat' dir='ltr'><strong>Propterea</strong></span> <span class='ocrx_word' id='word_1_85' title='bbox 841 1362 936 1399; x_wconf 89' lang='lat' dir='ltr'><strong>vos</strong></span> <span class='ocrx_word' id='word_1_86' title='bbox 964 1346 1235 1402; x_wconf 86' lang='lat' dir='ltr'><strong>admoneo</strong></span> <span class='ocrx_word' id='word_1_87' title='bbox 1266 1363 1328 1401; x_wconf 93' lang='lat' dir='ltr'><strong>ac</strong></span> <span class='ocrx_word' id='word_1_88' title='bbox 1363 1349 1568 1403; x_wconf 85' lang='lat' dir='ltr'><strong>suadeo</strong></span> <span class='ocrx_word' id='word_1_89' title='bbox 1593 1349 1658 1402; x_wconf 86' lang='lat' dir='ltr'><strong>ad</strong></span> <span class='ocrx_word' id='word_1_90' title='bbox 1691 1348 1805 1403; x_wconf 80' lang='lat' dir='ltr'><strong>haec</strong></span> <span class='ocrx_word' id='word_1_91' title='bbox 1833 1347 2105 1412; x_wconf 82' lang='lat' dir='ltr'><strong>facienda,</strong></span> 
     </span>
    </p>
   </div>
   <div class='ocr_carea' id='block_1_14' title="bbox 535 1438 2102 1510">
    <p class='ocr_par' dir='ltr' id='par_1_14' title="bbox 535 1438 2102 1510">
     <span class='ocr_line' id='line_1_14' title="bbox 535 1438 2102 1510; baseline 0.001 -18"><span class='ocrx_word' id='word_1_92' title='bbox 535 1447 592 1492; x_wconf 86' lang='lat' dir='ltr'><strong>ut</strong></span> <span class='ocrx_word' id='word_1_93' title='bbox 619 1439 766 1504; x_wconf 77' lang='lat' dir='ltr'><strong>regni</strong></span> <span class='ocrx_word' id='word_1_94' title='bbox 799 1438 1041 1493; x_wconf 82' lang='lat' dir='ltr'><strong>caelestis</strong></span> <span class='ocrx_word' id='word_1_95' title='bbox 1072 1439 1444 1494; x_wconf 69' lang='lat' dir='ltr'><strong>hmreditatem</strong></span> <span class='ocrx_word' id='word_1_96' title='bbox 1474 1440 1762 1509; x_wconf 85' lang='lat' dir='ltr'><strong>accipiatis</strong></span> <span class='ocrx_word' id='word_1_97' title='bbox 1796 1457 1809 1492; x_wconf 91' lang='lat'>:</span> <span class='ocrx_word' id='word_1_98' title='bbox 1843 1441 2102 1510; x_wconf 88' lang='lat' dir='ltr'><strong>quoniam</strong></span> 
     </span>
    </p>
   </div>
   <div class='ocr_carea' id='block_1_15' title="bbox 533 1529 2104 1600">
    <p class='ocr_par' dir='ltr' id='par_1_15' title="bbox 533 1529 2104 1600">
     <span class='ocr_line' id='line_1_15' title="bbox 533 1529 2104 1600; baseline 0.003 -18"><span class='ocrx_word' id='word_1_99' title='bbox 533 1529 784 1584; x_wconf 80' lang='lat' dir='ltr'><strong>carnales</strong></span> <span class='ocrx_word' id='word_1_100' title='bbox 815 1537 869 1583; x_wconf 91' lang='lat' dir='ltr'><strong>et</strong></span> <span class='ocrx_word' id='word_1_101' title='bbox 897 1531 988 1600; x_wconf 88' lang='lat' dir='ltr'><strong>qui</strong></span> <span class='ocrx_word' id='word_1_102' title='bbox 1030 1546 1160 1586; x_wconf 88' lang='lat' dir='ltr'><strong>suos</strong></span> <span class='ocrx_word' id='word_1_103' title='bbox 1187 1530 1414 1586; x_wconf 64' lang='lat' dir='ltr'><strong>affectus</strong></span> <span class='ocrx_word' id='word_1_104' title='bbox 1441 1540 1769 1600; x_wconf 90' lang='lat' dir='ltr'><strong>sequuntur,</strong></span> <span class='ocrx_word' id='word_1_105' title='bbox 1804 1532 1957 1600; x_wconf 76' lang='lat' dir='ltr'><strong>regni</strong></span> <span class='ocrx_word' id='word_1_106' title='bbox 2011 1532 2104 1587; x_wconf 88' lang='lat' dir='ltr'><strong>Dei</strong></span> 
     </span>
    </p>
   </div>
   <div class='ocr_carea' id='block_1_16' title="bbox 534 1617 2111 1687">
    <p class='ocr_par' dir='ltr' id='par_1_16' title="bbox 534 1617 2111 1687">
     <span class='ocr_line' id='line_1_16' title="bbox 534 1617 2111 1687; baseline 0 -14"><span class='ocrx_word' id='word_1_107' title='bbox 534 1619 904 1674; x_wconf 61' lang='lat' dir='ltr'><strong>hereditatem</strong></span> <span class='ocrx_word' id='word_1_108' title='bbox 945 1635 1052 1672; x_wconf 92' lang='lat' dir='ltr'><strong>non</strong></span> <span class='ocrx_word' id='word_1_109' title='bbox 1077 1619 1367 1687; x_wconf 85' lang='lat' dir='ltr'><strong>accipient.</strong></span> <span class='ocrx_word' id='word_1_110' title='bbox 1416 1617 1604 1687; x_wconf 90' lang='lat' dir='ltr'><strong>Neque</strong></span> <span class='ocrx_word' id='word_1_111' title='bbox 1663 1618 1808 1672; x_wconf 89' lang='lat' dir='ltr'><strong>enim</strong></span> <span class='ocrx_word' id='word_1_112' title='bbox 1857 1619 2111 1674; x_wconf 85' lang='lat' dir='ltr'><strong>naturale</strong></span> 
     </span>
    </p>
   </div>
   <div class='ocr_carea' id='block_1_17' title="bbox 533 1707 2109 1776">
    <p class='ocr_par' dir='ltr' id='par_1_17' title="bbox 533 1707 2109 1776">
     <span class='ocr_line' id='line_1_17' title="bbox 533 1707 2109 1776; baseline -0.003 -12"><span class='ocrx_word' id='word_1_113' title='bbox 533 1718 627 1764; x_wconf 86' lang='lat' dir='ltr'><strong>aut</strong></span> <span class='ocrx_word' id='word_1_114' title='bbox 651 1716 1080 1765; x_wconf 90' lang='lat' dir='ltr'><strong>consentaneum</strong></span> <span class='ocrx_word' id='word_1_115' title='bbox 1107 1715 1190 1763; x_wconf 84' lang='lat' dir='ltr'><strong>est</strong></span> <span class='ocrx_word' id='word_1_116' title='bbox 1225 1715 1283 1759; x_wconf 92' lang='lat' dir='ltr'><strong>ut</strong></span> <span class='ocrx_word' id='word_1_117' title='bbox 1337 1707 1429 1776; x_wconf 90' lang='lat' dir='ltr'><strong>qui</strong></span> <span class='ocrx_word' id='word_1_118' title='bbox 1456 1707 1694 1776; x_wconf 90' lang='lat' dir='ltr'><strong>scipsum</strong></span> <span class='ocrx_word' id='word_1_119' title='bbox 1734 1707 1976 1773; x_wconf 92' lang='lat' dir='ltr'><strong>corrupit</strong></span> <span class='ocrx_word' id='word_1_120' title='bbox 2015 1713 2109 1760; x_wconf 86' lang='lat' dir='ltr'><strong>aut</strong></span> 
     </span>
    </p>
   </div>
   <div class='ocr_carea' id='block_1_18' title="bbox 534 1797 2110 1868">
    <p class='ocr_par' dir='ltr' id='par_1_18' title="bbox 534 1797 2110 1868">
     <span class='ocr_line' id='line_1_18' title="bbox 534 1797 2110 1868; baseline -0.002 -13"><span class='ocrx_word' id='word_1_121' title='bbox 534 1798 928 1855; x_wconf 81' lang='lat' dir='ltr'><strong>contaminavit</strong></span> <span class='ocrx_word' id='word_1_122' title='bbox 987 1797 1370 1860; x_wconf 84' lang='lat' dir='ltr'><strong>immunditiis,</strong></span> <span class='ocrx_word' id='word_1_123' title='bbox 1405 1812 1594 1850; x_wconf 91' lang='lat' dir='ltr'><strong>eorum</strong></span> <span class='ocrx_word' id='word_1_124' title='bbox 1631 1797 1850 1868; x_wconf 69' lang='lat' dir='ltr'><strong>praemia</strong></span> <span class='ocrx_word' id='word_1_125' title='bbox 1881 1797 2110 1853; x_wconf 64' lang='lat' dir='ltr'><strong>haeredi-</strong></span> 
     </span>
    </p>
   </div>
   <div class='ocr_carea' id='block_1_19' title="bbox 541 1887 2114 1960">
    <p class='ocr_par' dir='ltr' id='par_1_19' title="bbox 541 1887 2114 1960">
     <span class='ocr_line' id='line_1_19' title="bbox 541 1887 2114 1960; baseline 0 -16"><span class='ocrx_word' id='word_1_126' title='bbox 541 1900 649 1944; x_wconf 89' lang='lat' dir='ltr'><strong>tate</strong></span> <span class='ocrx_word' id='word_1_127' title='bbox 680 1888 964 1960; x_wconf 83' lang='lat' dir='ltr'><strong>possideat</strong></span> <span class='ocrx_word' id='word_1_128' title='bbox 998 1889 1090 1958; x_wconf 93' lang='lat' dir='ltr'><strong>qui</strong></span> <span class='ocrx_word' id='word_1_129' title='bbox 1132 1887 1514 1943; x_wconf 79' lang='lat' dir='ltr'><strong>affectionibus</strong></span> <span class='ocrx_word' id='word_1_130' title='bbox 1547 1897 1738 1943; x_wconf 89' lang='lat' dir='ltr'><strong>carent</strong></span> <span class='ocrx_word' id='word_1_131' title='bbox 1767 1896 1862 1944; x_wconf 89' lang='lat' dir='ltr'><strong>aut</strong></span> <span class='ocrx_word' id='word_1_132' title='bbox 1913 1889 1982 1944; x_wconf 80' lang='lat' dir='ltr'><strong>al)</strong></span> <span class='ocrx_word' id='word_1_133' title='bbox 2032 1888 2114 1945; x_wconf 85' lang='lat' dir='ltr'><strong>eis</strong></span> 
     </span>
    </p>
   </div>
   <div class='ocr_carea' id='block_1_20' title="bbox 537 1977 2112 2049">
    <p class='ocr_par' dir='ltr' id='par_1_20' title="bbox 537 1977 2112 2049">
     <span class='ocr_line' id='line_1_20' title="bbox 537 1977 2112 2049; baseline 0 -16"><span class='ocrx_word' id='word_1_134' title='bbox 537 1980 776 2049; x_wconf 89' lang='lat' dir='ltr'><strong>corrupti</strong></span> <span class='ocrx_word' id='word_1_135' title='bbox 809 1995 912 2033; x_wconf 91' lang='lat' dir='ltr'><strong>non</strong></span> <span class='ocrx_word' id='word_1_136' title='bbox 933 1986 1082 2033; x_wconf 89' lang='lat' dir='ltr'><strong>sunt.</strong></span> <span class='ocrx_word' id='word_1_137' title='bbox 1117 1977 1171 2032; x_wconf 93' lang='lat' dir='ltr'><strong>Si</strong></span> <span class='ocrx_word' id='word_1_138' title='bbox 1205 1993 1336 2032; x_wconf 76' lang='lat' dir='ltr'><strong>vero</strong></span> <span class='ocrx_word' id='word_1_139' title='bbox 1361 1978 1463 2033; x_wconf 87' lang='lat' dir='ltr'><strong>hoc</strong></span> <span class='ocrx_word' id='word_1_140' title='bbox 1502 1979 1880 2048; x_wconf 88' lang='lat' dir='ltr'><strong>acceperimus</strong></span> <span class='ocrx_word' id='word_1_141' title='bbox 1905 1987 1964 2034; x_wconf 91' lang='lat' dir='ltr'><strong>ut</strong></span> <span class='ocrx_word' id='word_1_142' title='bbox 2019 1995 2112 2034; x_wconf 87' lang='lat' dir='ltr'><strong>ra-</strong></span> 
     </span>
    </p>
   </div>
   <div class='ocr_carea' id='block_1_21' title="bbox 537 2068 2114 2139">
    <p class='ocr_par' dir='ltr' id='par_1_21' title="bbox 537 2068 2114 2139">
     <span class='ocr_line' id='line_1_21' title="bbox 537 2068 2114 2139; baseline -0.002 -14"><span class='ocrx_word' id='word_1_143' title='bbox 537 2073 739 2126; x_wconf 88' lang='lat' dir='ltr'><strong>tionem</strong></span> <span class='ocrx_word' id='word_1_144' title='bbox 773 2068 1242 2139; x_wconf 82' lang='lat' dir='ltr'><strong>interpretationis</strong></span> <span class='ocrx_word' id='word_1_145' title='bbox 1272 2068 1410 2122; x_wconf 79' lang='lat' dir='ltr'><strong>data:</strong></span> <span class='ocrx_word' id='word_1_146' title='bbox 1439 2083 1534 2136; x_wconf 89' lang='lat' dir='ltr'><strong>per</strong></span> <span class='ocrx_word' id='word_1_147' title='bbox 1588 2068 1806 2122; x_wconf 84' lang='lat' dir='ltr'><strong>modum</strong></span> <span class='ocrx_word' id='word_1_148' title='bbox 1859 2069 2114 2132; x_wconf 86' lang='lat' dir='ltr'><strong>docendi,</strong></span> 
     </span>
    </p>
   </div>
   <div class='ocr_carea' id='block_1_22' title="bbox 536 2157 2118 2232">
    <p class='ocr_par' dir='ltr' id='par_1_22' title="bbox 536 2157 2118 2232">
     <span class='ocr_line' id='line_1_22' title="bbox 536 2157 2118 2232; baseline -0.002 -15"><span class='ocrx_word' id='word_1_149' title='bbox 536 2177 733 2232; x_wconf 84' lang='lat' dir='ltr'><strong>nempe</strong></span> <span class='ocrx_word' id='word_1_150' title='bbox 762 2161 904 2231; x_wconf 90' lang='lat' dir='ltr'><strong>quod</strong></span> <span class='ocrx_word' id='word_1_151' title='bbox 939 2160 1165 2214; x_wconf 89' lang='lat' dir='ltr'><strong>omnino</strong></span> <span class='ocrx_word' id='word_1_152' title='bbox 1203 2159 1310 2214; x_wconf 91' lang='lat' dir='ltr'><strong>erit</strong></span> <span class='ocrx_word' id='word_1_153' title='bbox 1360 2160 1730 2226; x_wconf 86' lang='lat' dir='ltr'><strong>resurrectio,</strong></span> <span class='ocrx_word' id='word_1_154' title='bbox 1800 2160 1965 2214; x_wconf 88' lang='lat' dir='ltr'><strong>etiam</strong></span> <span class='ocrx_word' id='word_1_155' title='bbox 2012 2157 2118 2214; x_wconf 88' lang='lat' dir='ltr'><strong>hoc</strong></span> 
     </span>
    </p>
   </div>
   <div class='ocr_carea' id='block_1_23' title="bbox 539 2250 2120 2323">
    <p class='ocr_par' dir='ltr' id='par_1_23' title="bbox 539 2250 2120 2323">
     <span class='ocr_line' id='line_1_23' title="bbox 539 2250 2120 2323; baseline 0.001 -15"><span class='ocrx_word' id='word_1_156' title='bbox 539 2253 702 2321; x_wconf 81' lang='lat' dir='ltr'><strong>modo</strong></span> <span class='ocrx_word' id='word_1_157' title='bbox 730 2267 983 2323; x_wconf 71' lang='lat' dir='ltr'><strong>magnam</strong></span> <span class='ocrx_word' id='word_1_158' title='bbox 1019 2251 1238 2305; x_wconf 71' lang='lat' dir='ltr'><strong>lialiebit</strong></span> <span class='ocrx_word' id='word_1_159' title='bbox 1292 2251 1764 2320; x_wconf 74' lang='lat' dir='ltr'><strong>consequentiam.</strong></span> <span class='ocrx_word' id='word_1_160' title='bbox 1803 2250 2120 2309; x_wconf 75' lang='lat' dir='ltr'><strong>Rationabi-</strong></span> 
     </span>
    </p>
   </div>
   <div class='ocr_carea' id='block_1_24' title="bbox 537 2342 2112 2411">
    <p class='ocr_par' dir='ltr' id='par_1_24' title="bbox 537 2342 2112 2411">
     <span class='ocr_line' id='line_1_24' title="bbox 537 2342 2112 2411; baseline 0.001 -13"><span class='ocrx_word' id='word_1_161' title='bbox 537 2345 644 2400; x_wconf 91' lang='lat' dir='ltr'><strong>lius</strong></span> <span class='ocrx_word' id='word_1_162' title='bbox 664 2345 807 2400; x_wconf 83' lang='lat' dir='ltr'><strong>enim</strong></span> <span class='ocrx_word' id='word_1_163' title='bbox 837 2352 922 2400; x_wconf 83' lang='lat' dir='ltr'><strong>cst</strong></span> <span class='ocrx_word' id='word_1_164' title='bbox 957 2353 1036 2408; x_wconf 89' lang='lat' dir='ltr'><strong>ut,</strong></span> <span class='ocrx_word' id='word_1_165' title='bbox 1062 2342 1176 2398; x_wconf 74' lang='lat' dir='ltr'><strong>Hoc</strong></span> <span class='ocrx_word' id='word_1_166' title='bbox 1202 2351 1382 2398; x_wconf 89' lang='lat' dir='ltr'><strong>autem</strong></span> <span class='ocrx_word' id='word_1_167' title='bbox 1416 2343 1566 2411; x_wconf 89' lang='lat' dir='ltr'><strong>dico,</strong></span> <span class='ocrx_word' id='word_1_168' title='bbox 1639 2343 2112 2399; x_wconf 87' lang='lat' dir='ltr'><strong>resurrectionem</strong></span> 
     </span>
    </p>
   </div>
   <div class='ocr_carea' id='block_1_25' title="bbox 536 2434 2116 2506">
    <p class='ocr_par' dir='ltr' id='par_1_25' title="bbox 536 2434 2116 2506">
     <span class='ocr_line' id='line_1_25' title="bbox 536 2434 2116 2506; baseline 0.001 -14"><span class='ocrx_word' id='word_1_169' title='bbox 536 2445 748 2492; x_wconf 86' lang='lat' dir='ltr'><strong>astruat</strong></span> <span class='ocrx_word' id='word_1_170' title='bbox 779 2455 792 2491; x_wconf 92' lang='lat'>:</span> <span class='ocrx_word' id='word_1_171' title='bbox 829 2436 968 2491; x_wconf 85' lang='lat' dir='ltr'><strong>Illud</strong></span> <span class='ocrx_word' id='word_1_172' title='bbox 997 2451 1148 2501; x_wconf 88' lang='lat' dir='ltr'><strong>vero,</strong></span> <span class='ocrx_word' id='word_1_173' title='bbox 1185 2454 1204 2486; x_wconf 80' lang='grc' dir='ltr'>ι</span> <span class='ocrx_word' id='word_1_174' title='bbox 1252 2434 1643 2491; x_wconf 82' lang='lat' dir='ltr'><strong>llaercditatem</strong></span> <span class='ocrx_word' id='word_1_175' title='bbox 1695 2436 1957 2506; x_wconf 90' lang='lat' dir='ltr'><strong>consequi</strong></span> <span class='ocrx_word' id='word_1_176' title='bbox 2005 2453 2116 2493; x_wconf 90' lang='lat' dir='ltr'><strong>non</strong></span> 
     </span>
    </p>
   </div>
   <div class='ocr_carea' id='block_1_26' title="bbox 535 2527 2118 2598">
    <p class='ocr_par' dir='ltr' id='par_1_26' title="bbox 535 2527 2118 2598">
     <span class='ocr_line' id='line_1_26' title="bbox 535 2527 2118 2598; baseline 0.001 -17"><span class='ocrx_word' id='word_1_177' title='bbox 535 2539 790 2598; x_wconf 80' lang='lat' dir='ltr'><strong>possunt;</strong></span> <span class='ocrx_word' id='word_1_178' title='bbox 831 2547 850 2579; x_wconf 75' lang='grc' dir='ltr'>ι</span> <span class='ocrx_word' id='word_1_179' title='bbox 883 2529 937 2580; x_wconf 86' lang='lat' dir='ltr'><strong>in</strong></span> <span class='ocrx_word' id='word_1_180' title='bbox 960 2527 1223 2580; x_wconf 84' lang='lat' dir='ltr'><strong>lationem</strong></span> <span class='ocrx_word' id='word_1_181' title='bbox 1259 2542 1569 2580; x_wconf 86' lang='lat' dir='ltr'><strong>sermonem</strong></span> <span class='ocrx_word' id='word_1_182' title='bbox 1598 2537 1871 2581; x_wconf 88' lang='lat' dir='ltr'><strong>sumatur.</strong></span> <span class='ocrx_word' id='word_1_183' title='bbox 1901 2529 1954 2583; x_wconf 95' lang='lat' dir='ltr'><strong>Id</strong></span> <span class='ocrx_word' id='word_1_184' title='bbox 1973 2527 2118 2598; x_wconf 89' lang='lat' dir='ltr'><strong>quod</strong></span> 
     </span>
    </p>
   </div>
   <div class='ocr_carea' id='block_1_27' title="bbox 537 2609 2117 2688">
    <p class='ocr_par' dir='ltr' id='par_1_27' title="bbox 537 2609 2117 2688">
     <span class='ocr_line' id='line_1_27' title="bbox 537 2609 2117 2688; baseline 0.001 -15"><span class='ocrx_word' id='word_1_185' title='bbox 537 2619 795 2680; x_wconf 88' lang='lat' dir='ltr'><strong>moritur,</strong></span> <span class='ocrx_word' id='word_1_186' title='bbox 825 2618 1170 2673; x_wconf 76' lang='lat' dir='ltr'><strong>liaercditario</strong></span> <span class='ocrx_word' id='word_1_187' title='bbox 1209 2609 1333 2687; x_wconf 73' lang='lat' dir='ltr'><strong>jure</strong></span> <span class='ocrx_word' id='word_1_188' title='bbox 1367 2617 1723 2687; x_wconf 86' lang='lat' dir='ltr'><strong>possidetur:</strong></span> <span class='ocrx_word' id='word_1_189' title='bbox 1758 2619 1902 2688; x_wconf 91' lang='lat' dir='ltr'><strong>quod</strong></span> <span class='ocrx_word' id='word_1_190' title='bbox 1937 2627 2117 2674; x_wconf 91' lang='lat' dir='ltr'><strong>autem</strong></span> 
     </span>
    </p>
   </div>
   <div class='ocr_carea' id='block_1_28' title="bbox 537 2710 2118 2780">
    <p class='ocr_par' dir='ltr' id='par_1_28' title="bbox 537 2710 2118 2780">
     <span class='ocr_line' id='line_1_28' title="bbox 537 2710 2118 2780; baseline 0.004 -18"><span class='ocrx_word' id='word_1_191' title='bbox 537 2710 708 2775; x_wconf 80' lang='lat' dir='ltr'><strong>vivit,</strong></span> <span class='ocrx_word' id='word_1_192' title='bbox 746 2710 991 2779; x_wconf 83' lang='lat' dir='ltr'><strong>possidet</strong></span> <span class='ocrx_word' id='word_1_193' title='bbox 1025 2725 1264 2780; x_wconf 84' lang='lat' dir='ltr'><strong>:corpus</strong></span> <span class='ocrx_word' id='word_1_194' title='bbox 1299 2711 1485 2780; x_wconf 84' lang='lat' dir='ltr'><strong>itaque</strong></span> <span class='ocrx_word' id='word_1_195' title='bbox 1518 2711 1663 2780; x_wconf 91' lang='lat' dir='ltr'><strong>quod</strong></span> <span class='ocrx_word' id='word_1_196' title='bbox 1698 2713 1952 2776; x_wconf 88' lang='lat' dir='ltr'><strong>moritur,</strong></span> <span class='ocrx_word' id='word_1_197' title='bbox 2011 2729 2118 2768; x_wconf 92' lang='lat' dir='ltr'><strong>non</strong></span> 
     </span>
    </p>
   </div>
   <div class='ocr_carea' id='block_1_29' title="bbox 539 2801 2119 2872">
    <p class='ocr_par' dir='ltr' id='par_1_29' title="bbox 539 2801 2119 2872">
     <span class='ocr_line' id='line_1_29' title="bbox 539 2801 2119 2872; baseline 0.003 -16"><span class='ocrx_word' id='word_1_198' title='bbox 539 2802 781 2872; x_wconf 87' lang='lat' dir='ltr'><strong>possidet</strong></span> <span class='ocrx_word' id='word_1_199' title='bbox 815 2801 1280 2870; x_wconf 85' lang='lat' dir='ltr'><strong>incorruptionem</strong></span> <span class='ocrx_word' id='word_1_200' title='bbox 1301 2817 1366 2856; x_wconf 90' lang='lat' dir='ltr'><strong>ac</strong></span> <span class='ocrx_word' id='word_1_201' title='bbox 1411 2816 1638 2870; x_wconf 80' lang='lat' dir='ltr'><strong>regnum</strong></span> <span class='ocrx_word' id='word_1_202' title='bbox 1678 2801 1942 2856; x_wconf 77' lang='lat' dir='ltr'><strong>cmlorum</strong></span> <span class='ocrx_word' id='word_1_203' title='bbox 1982 2804 2119 2860; x_wconf 82' lang='lat' dir='ltr'><strong>:sed</strong></span> 
     </span>
    </p>
   </div>
   <div class='ocr_carea' id='block_1_30' title="bbox 541 2893 2120 2968">
    <p class='ocr_par' dir='ltr' id='par_1_30' title="bbox 541 2893 2120 2968">
     <span class='ocr_line' id='line_1_30' title="bbox 541 2893 2120 2968; baseline 0 -17"><span class='ocrx_word' id='word_1_204' title='bbox 541 2897 718 2968; x_wconf 89' lang='lat' dir='ltr'><strong>ipsum</strong></span> <span class='ocrx_word' id='word_1_205' title='bbox 762 2895 830 2952; x_wconf 76' lang='lat' dir='ltr'><strong>ab</strong></span> <span class='ocrx_word' id='word_1_206' title='bbox 866 2896 950 2950; x_wconf 87' lang='lat' dir='ltr'><strong>his</strong></span> <span class='ocrx_word' id='word_1_207' title='bbox 986 2896 1319 2965; x_wconf 86' lang='lat' dir='ltr'><strong>possidetur,</strong></span> <span class='ocrx_word' id='word_1_208' title='bbox 1355 2902 1411 2947; x_wconf 92' lang='lat' dir='ltr'><strong>ut</strong></span> <span class='ocrx_word' id='word_1_209' title='bbox 1439 2893 1531 2948; x_wconf 82' lang='lat' dir='ltr'><strong>ﬁat</strong></span> <span class='ocrx_word' id='word_1_210' title='bbox 1560 2895 1978 2962; x_wconf 85' lang='lat' dir='ltr'><strong>incorruptibile</strong></span> <span class='ocrx_word' id='word_1_211' title='bbox 2030 2911 2120 2952; x_wconf 86' lang='lat' dir='ltr'><strong>re-</strong></span> 
     </span>
    </p>
   </div>
   <div class='ocr_carea' id='block_1_31' title="bbox 537 2983 2119 3056">
    <p class='ocr_par' dir='ltr' id='par_1_31' title="bbox 537 2983 2119 3056">
     <span class='ocr_line' id='line_1_31' title="bbox 537 2983 2119 3056; baseline 0.001 -18"><span class='ocrx_word' id='word_1_212' title='bbox 537 2986 736 3056; x_wconf 77' lang='lat' dir='ltr'><strong>gnique</strong></span> <span class='ocrx_word' id='word_1_213' title='bbox 771 2986 1169 3055; x_wconf 80' lang='lat' dir='ltr'><strong>susceptivum.</strong></span> <span class='ocrx_word' id='word_1_214' title='bbox 1219 3003 1238 3036; x_wconf 81' lang='grc' dir='ltr'>ι</span> <span class='ocrx_word' id='word_1_215' title='bbox 1305 2983 1493 3053; x_wconf 88' lang='lat' dir='ltr'><strong>Neque</strong></span> <span class='ocrx_word' id='word_1_216' title='bbox 1538 2984 1820 3055; x_wconf 87' lang='lat' dir='ltr'><strong>corruptio</strong></span> <span class='ocrx_word' id='word_1_217' title='bbox 1867 2985 2119 3040; x_wconf 85' lang='lat' dir='ltr'><strong>incorru-</strong></span> 
     </span>
    </p>
   </div>
   <div class='ocr_carea' id='block_1_32' title="bbox 537 3075 2118 3149">
    <p class='ocr_par' dir='ltr' id='par_1_32' title="bbox 537 3075 2118 3149">
     <span class='ocr_line' id='line_1_32' title="bbox 537 3075 2118 3149; baseline 0.001 -18"><span class='ocrx_word' id='word_1_218' title='bbox 537 3079 849 3149; x_wconf 75' lang='lat' dir='ltr'><strong>ptibilitatis</strong></span> <span class='ocrx_word' id='word_1_219' title='bbox 867 3078 1236 3133; x_wconf 68' lang='lat' dir='ltr'><strong>hmreditatem</strong></span> <span class='ocrx_word' id='word_1_220' title='bbox 1259 3078 1511 3147; x_wconf 90' lang='lat' dir='ltr'><strong>accipiet.</strong></span> <span class='ocrx_word' id='word_1_221' title='bbox 1527 3075 1971 3147; x_wconf 68' lang='lat' dir='ltr'><strong>nCurruptionem</strong></span> <span class='ocrx_word' id='word_1_222' title='bbox 1985 3079 2118 3133; x_wconf 84' lang='lat' dir='ltr'><strong>dicit</strong></span> 
     </span>
    </p>
   </div>
   <div class='ocr_carea' id='block_1_33' title="bbox 2209 603 3702 688">
    <p class='ocr_par' dir='ltr' id='par_1_33' title="bbox 2209 603 3702 688">
     <span class='ocr_line' id='line_1_33' title="bbox 2209 603 3702 688; baseline 0.005 -29"><span class='ocrx_word' id='word_1_223' title='bbox 2209 608 2296 662; x_wconf 80' lang='grc' dir='ltr'>ἵνα</span> <span class='ocrx_word' id='word_1_224' title='bbox 2331 608 2539 678; x_wconf 78' lang='grc' dir='ltr'>μάθητε</span> <span class='ocrx_word' id='word_1_225' title='bbox 2569 611 2652 662; x_wconf 74' lang='grc' dir='ltr'>ὅτι</span> <span class='ocrx_word' id='word_1_226' title='bbox 2680 609 2814 680; x_wconf 75' lang='grc' dir='ltr'>σὰρξ</span> <span class='ocrx_word' id='word_1_227' title='bbox 2842 608 2936 663; x_wconf 73' lang='grc' dir='ltr'>καὶ</span> <span class='ocrx_word' id='word_1_228' title='bbox 2962 603 3120 678; x_wconf 72' lang='grc' dir='ltr'>αἷμα,</span> <span class='ocrx_word' id='word_1_229' title='bbox 3148 611 3435 673; x_wconf 76' lang='grc' dir='ltr'><strong>τουτέστιν,</strong></span> <span class='ocrx_word' id='word_1_230' title='bbox 3455 615 3503 665; x_wconf 80' lang='lat' dir='ltr'><strong>al</strong></span> <span class='ocrx_word' id='word_1_231' title='bbox 3527 622 3702 688; x_wconf 61' lang='grc' dir='ltr'>πονηραὶ</span> 
     </span>
    </p>
   </div>
   <div class='ocr_carea' id='block_1_34' title="bbox 2205 698 3702 775">
    <p class='ocr_par' dir='ltr' id='par_1_34' title="bbox 2205 698 3702 775">
     <span class='ocr_line' id='line_1_34' title="bbox 2205 698 3702 775; baseline 0.001 -25"><span class='ocrx_word' id='word_1_232' title='bbox 2205 698 2451 766; x_wconf 78' lang='grc' dir='ltr'>πράξεις,</span> <span class='ocrx_word' id='word_1_233' title='bbox 2475 700 2535 752; x_wconf 76' lang='grc' dir='ltr'>οὐ</span> <span class='ocrx_word' id='word_1_234' title='bbox 2558 700 2814 753; x_wconf 74' lang='grc' dir='ltr'>δύνανται</span> <span class='ocrx_word' id='word_1_235' title='bbox 2832 699 2930 770; x_wconf 79' lang='grc' dir='ltr'>τὴν</span> <span class='ocrx_word' id='word_1_236' title='bbox 2952 699 3224 768; x_wconf 86' lang='grc' dir='ltr'>βασιλείαν</span> <span class='ocrx_word' id='word_1_237' title='bbox 3243 700 3332 753; x_wconf 85' lang='grc' dir='ltr'><strong>τοῦ</strong></span> <span class='ocrx_word' id='word_1_238' title='bbox 3361 701 3484 754; x_wconf 83' lang='grc' dir='ltr'>Θεοῦ</span> <span class='ocrx_word' id='word_1_239' title='bbox 3505 704 3702 775; x_wconf 69' lang='grc' dir='ltr'>κληρονο.</span> 
     </span>
    </p>
   </div>
   <div class='ocr_carea' id='block_1_35' title="bbox 2209 790 3697 864">
    <p class='ocr_par' dir='ltr' id='par_1_35' title="bbox 2209 790 3697 864">
     <span class='ocr_line' id='line_1_35' title="bbox 2209 790 3697 864; baseline 0.007 -23"><span class='ocrx_word' id='word_1_240' title='bbox 2209 790 2399 859; x_wconf 81' lang='grc' dir='ltr'>μῆσσι.</span> <span class='ocrx_word' id='word_1_241' title='bbox 2419 819 2484 828; x_wconf 92' lang='grc'><strong><em>-</em></strong></span> <span class='ocrx_word' id='word_1_242' title='bbox 2509 790 2708 862; x_wconf 78' lang='grc' dir='ltr'><strong>[ΦΩΤ.]</strong></span> <span class='ocrx_word' id='word_1_243' title='bbox 2740 791 2849 844; x_wconf 76' lang='grc' dir='ltr'><strong>Καὶ</strong></span> <span class='ocrx_word' id='word_1_244' title='bbox 2876 791 2956 855; x_wconf 79' lang='grc' dir='ltr'>τὸ,</span> <span class='ocrx_word' id='word_1_245' title='bbox 2993 810 3011 842; x_wconf 79' lang='grc' dir='ltr'>ι</span> <span class='ocrx_word' id='word_1_246' title='bbox 3033 791 3201 844; x_wconf 85' lang='grc' dir='ltr'>Τοῦτο</span> <span class='ocrx_word' id='word_1_247' title='bbox 3229 792 3284 846; x_wconf 80' lang='grc' dir='ltr'><strong>δέ</strong></span> <span class='ocrx_word' id='word_1_248' title='bbox 3311 809 3462 862; x_wconf 75' lang='grc' dir='ltr'>φημι,</span> <span class='ocrx_word' id='word_1_249' title='bbox 3482 797 3697 864; x_wconf 55' lang='lat' dir='ltr'><strong>ﬁdem,»</strong></span> 
     </span>
    </p>
   </div>
   <div class='ocr_carea' id='block_1_36' title="bbox 2209 885 3703 966">
    <p class='ocr_par' dir='ltr' id='par_1_36' title="bbox 2209 885 3703 966">
     <span class='ocr_line' id='line_1_36' title="bbox 2209 885 3703 966; baseline 0.002 -29"><span class='ocrx_word' id='word_1_250' title='bbox 2209 885 2346 955; x_wconf 73' lang='grc' dir='ltr'>πρὸς</span> <span class='ocrx_word' id='word_1_251' title='bbox 2383 885 2484 957; x_wconf 74' lang='grc' dir='ltr'>τὴν</span> <span class='ocrx_word' id='word_1_252' title='bbox 2521 886 2777 957; x_wconf 69' lang='grc' dir='ltr'>διάφορον</span> <span class='ocrx_word' id='word_1_253' title='bbox 2833 888 3130 958; x_wconf 76' lang='grc' dir='ltr'><strong>ἑρμηνείαν</strong></span> <span class='ocrx_word' id='word_1_254' title='bbox 3159 889 3272 956; x_wconf 89' lang='grc' dir='ltr'>τοῦ,</span> <span class='ocrx_word' id='word_1_255' title='bbox 3303 908 3321 940; x_wconf 78' lang='grc' dir='ltr'>ι</span> <span class='ocrx_word' id='word_1_256' title='bbox 3344 891 3524 955; x_wconf 79' lang='grc' dir='ltr'>Καθὼς</span> <span class='ocrx_word' id='word_1_257' title='bbox 3563 897 3703 966; x_wconf 69' lang='grc' dir='ltr'>ὲιξορέ.</span> 
     </span>
    </p>
   </div>
   <div class='ocr_carea' id='block_1_37' title="bbox 2209 978 3705 1055">
    <p class='ocr_par' dir='ltr' id='par_1_37' title="bbox 2209 978 3705 1055">
     <span class='ocr_line' id='line_1_37' title="bbox 2209 978 3705 1055; baseline 0.007 -26"><span class='ocrx_word' id='word_1_258' title='bbox 2209 995 2384 1047; x_wconf 88' lang='grc' dir='ltr'>σαμεν</span> <span class='ocrx_word' id='word_1_259' title='bbox 2402 979 2500 1049; x_wconf 83' lang='grc' dir='ltr'>τὴν</span> <span class='ocrx_word' id='word_1_260' title='bbox 2528 979 2713 1032; x_wconf 78' lang='grc' dir='ltr'>εἰκόνα</span> <span class='ocrx_word' id='word_1_261' title='bbox 2739 978 2832 1032; x_wconf 93' lang='grc' dir='ltr'><strong>τοῦ</strong></span> <span class='ocrx_word' id='word_1_262' title='bbox 2861 979 3071 1049; x_wconf 83' lang='grc' dir='ltr'>χοϊκοῦ,</span> <span class='ocrx_word' id='word_1_263' title='bbox 3092 979 3433 1051; x_wconf 74' lang='grc' dir='ltr'>φορέσομενῆ</span> <span class='ocrx_word' id='word_1_264' title='bbox 3457 987 3705 1055; x_wconf 64' lang='grc' dir='ltr'>φορέσωμεν</span> 
     </span>
    </p>
   </div>
   <div class='ocr_carea' id='block_1_38' title="bbox 2207 1071 3702 1144">
    <p class='ocr_par' dir='ltr' id='par_1_38' title="bbox 2207 1071 3702 1144">
     <span class='ocr_line' id='line_1_38' title="bbox 2207 1071 3702 1144; baseline 0.004 -20"><span class='ocrx_word' id='word_1_265' title='bbox 2207 1072 2299 1124; x_wconf 71' lang='grc' dir='ltr'>καὶ</span> <span class='ocrx_word' id='word_1_266' title='bbox 2353 1071 2452 1142; x_wconf 76' lang='grc' dir='ltr'>τὴν</span> <span class='ocrx_word' id='word_1_267' title='bbox 2501 1073 2685 1124; x_wconf 79' lang='grc' dir='ltr'>εἰκόνα</span> <span class='ocrx_word' id='word_1_268' title='bbox 2742 1075 2835 1124; x_wconf 91' lang='grc' dir='ltr'><strong>τοῦ</strong></span> <span class='ocrx_word' id='word_1_269' title='bbox 2885 1073 3247 1142; x_wconf 70' lang='grc' dir='ltr'><strong>ἐπουρανίου,</strong></span> <span class='ocrx_word' id='word_1_270' title='bbox 3285 1074 3702 1144; x_wconf 65' lang='grc' dir='ltr'>ἑκληφθήσεται.»</span> 
     </span>
    </p>
   </div>
   <div class='ocr_carea' id='block_1_39' title="bbox 2213 1159 3705 1233">
    <p class='ocr_par' dir='ltr' id='par_1_39' title="bbox 2213 1159 3705 1233">
     <span class='ocr_line' id='line_1_39' title="bbox 2213 1159 3705 1233; baseline 0.006 -21"><span class='ocrx_word' id='word_1_271' title='bbox 2213 1159 2282 1212; x_wconf 83' lang='grc' dir='ltr'>Ἦ</span> <span class='ocrx_word' id='word_1_272' title='bbox 2311 1161 2417 1231; x_wconf 79' lang='grc' dir='ltr'><strong>γάρ</strong></span> <span class='ocrx_word' id='word_1_273' title='bbox 2460 1163 2557 1230; x_wconf 75' lang='grc' dir='ltr'>τῆς</span> <span class='ocrx_word' id='word_1_274' title='bbox 2595 1161 2911 1231; x_wconf 76' lang='grc' dir='ltr'><strong>προτροπῆς</strong></span> <span class='ocrx_word' id='word_1_275' title='bbox 2939 1163 3033 1214; x_wconf 72' lang='grc' dir='ltr'><strong>καὶ</strong></span> <span class='ocrx_word' id='word_1_276' title='bbox 3071 1162 3378 1232; x_wconf 71' lang='grc' dir='ltr'>συμϐουλῆς</span> <span class='ocrx_word' id='word_1_277' title='bbox 3429 1167 3557 1218; x_wconf 77' lang='grc' dir='ltr'>ἐστιν</span> <span class='ocrx_word' id='word_1_278' title='bbox 3585 1171 3705 1233; x_wconf 74' lang='grc' dir='ltr'>αἰτία,</span> 
     </span>
    </p>
   </div>
   <div class='ocr_carea' id='block_1_40' title="bbox 2225 1249 3708 1323">
    <p class='ocr_par' dir='ltr' id='par_1_40' title="bbox 2225 1249 3708 1323">
     <span class='ocr_line' id='line_1_40' title="bbox 2225 1249 3708 1323; baseline 0.005 -19"><span class='ocrx_word' id='word_1_279' title='bbox 2225 1249 2308 1304; x_wconf 78' lang='grc' dir='ltr'>ὅτι</span> <span class='ocrx_word' id='word_1_280' title='bbox 2348 1254 2447 1305; x_wconf 77' lang='grc' dir='ltr'>Διά</span> <span class='ocrx_word' id='word_1_281' title='bbox 2511 1251 2670 1305; x_wconf 87' lang='grc' dir='ltr'>τοῦτο</span> <span class='ocrx_word' id='word_1_282' title='bbox 2743 1252 2994 1322; x_wconf 80' lang='grc' dir='ltr'><strong>παραινῶ</strong></span> <span class='ocrx_word' id='word_1_283' title='bbox 3078 1253 3206 1323; x_wconf 83' lang='grc' dir='ltr'>ὑμῖν</span> <span class='ocrx_word' id='word_1_284' title='bbox 3287 1257 3378 1306; x_wconf 75' lang='grc' dir='ltr'>καὶ</span> <span class='ocrx_word' id='word_1_285' title='bbox 3433 1257 3708 1322; x_wconf 70' lang='grc' dir='ltr'>συμϐουλεύω</span> 
     </span>
    </p>
   </div>
   <div class='ocr_carea' id='block_1_41' title="bbox 2208 1343 3707 1419">
    <p class='ocr_par' dir='ltr' id='par_1_41' title="bbox 2208 1343 3707 1419">
     <span class='ocr_line' id='line_1_41' title="bbox 2208 1343 3707 1419; baseline 0.005 -23"><span class='ocrx_word' id='word_1_286' title='bbox 2208 1343 2382 1397; x_wconf 88' lang='grc' dir='ltr'>ταῦτα</span> <span class='ocrx_word' id='word_1_287' title='bbox 2411 1347 2606 1406; x_wconf 82' lang='grc' dir='ltr'><strong>ποιεῖν,</strong></span> <span class='ocrx_word' id='word_1_288' title='bbox 2643 1345 2726 1396; x_wconf 81' lang='grc' dir='ltr'>ἵνα</span> <span class='ocrx_word' id='word_1_289' title='bbox 2768 1343 2865 1416; x_wconf 72' lang='grc' dir='ltr'>τὴν</span> <span class='ocrx_word' id='word_1_290' title='bbox 2901 1344 3008 1396; x_wconf 84' lang='grc' dir='ltr'><strong>τῶν</strong></span> <span class='ocrx_word' id='word_1_291' title='bbox 3049 1344 3294 1414; x_wconf 78' lang='grc' dir='ltr'>οὐρανῶν</span> <span class='ocrx_word' id='word_1_292' title='bbox 3344 1345 3707 1419; x_wconf 70' lang='grc' dir='ltr'>κληρονομήσητε</span> 
     </span>
    </p>
   </div>
   <div class='ocr_carea' id='block_1_42' title="bbox 2212 1434 3707 1508">
    <p class='ocr_par' dir='ltr' id='par_1_42' title="bbox 2212 1434 3707 1508">
     <span class='ocr_line' id='line_1_42' title="bbox 2212 1434 3707 1508; baseline -0.003 -20"><span class='ocrx_word' id='word_1_293' title='bbox 2212 1434 2522 1505; x_wconf 86' lang='grc' dir='ltr'>βασιλείαν,</span> <span class='ocrx_word' id='word_1_294' title='bbox 2557 1435 2689 1488; x_wconf 88' lang='grc' dir='ltr'>διότι</span> <span class='ocrx_word' id='word_1_295' title='bbox 2740 1437 2786 1488; x_wconf 80' lang='grc' dir='ltr'>οἱ</span> <span class='ocrx_word' id='word_1_296' title='bbox 2839 1436 3097 1507; x_wconf 77' lang='grc' dir='ltr'>σαρκικοὶ</span> <span class='ocrx_word' id='word_1_297' title='bbox 3137 1436 3232 1489; x_wconf 73' lang='grc' dir='ltr'>καὶ</span> <span class='ocrx_word' id='word_1_298' title='bbox 3277 1439 3554 1504; x_wconf 77' lang='grc' dir='ltr'>ἐμπαθεῖς,</span> <span class='ocrx_word' id='word_1_299' title='bbox 3597 1440 3707 1508; x_wconf 68' lang='grc' dir='ltr'>βασι.</span> 
     </span>
    </p>
   </div>
   <div class='ocr_carea' id='block_1_43' title="bbox 2210 1522 3708 1594">
    <p class='ocr_par' dir='ltr' id='par_1_43' title="bbox 2210 1522 3708 1594">
     <span class='ocr_line' id='line_1_43' title="bbox 2210 1522 3708 1594; baseline 0.005 -18"><span class='ocrx_word' id='word_1_300' title='bbox 2210 1522 2361 1577; x_wconf 89' lang='grc' dir='ltr'>λείαν</span> <span class='ocrx_word' id='word_1_301' title='bbox 2419 1523 2556 1578; x_wconf 87' lang='grc' dir='ltr'>Θεοῦ</span> <span class='ocrx_word' id='word_1_302' title='bbox 2613 1525 2675 1577; x_wconf 81' lang='grc' dir='ltr'>οὐ</span> <span class='ocrx_word' id='word_1_303' title='bbox 2747 1525 3272 1594; x_wconf 73' lang='grc' dir='ltr'><strong>κληρονομήσουσιν.</strong></span> <span class='ocrx_word' id='word_1_304' title='bbox 3338 1525 3410 1577; x_wconf 79' lang='grc' dir='ltr'><strong>Οὐ</strong></span> <span class='ocrx_word' id='word_1_305' title='bbox 3465 1527 3557 1594; x_wconf 84' lang='grc' dir='ltr'><strong>γάρ</strong></span> <span class='ocrx_word' id='word_1_306' title='bbox 3606 1532 3708 1583; x_wconf 79' lang='grc' dir='ltr'>ἐστιν</span> 
     </span>
    </p>
   </div>
   <div class='ocr_carea' id='block_1_44' title="bbox 2210 1616 3710 1686">
    <p class='ocr_par' dir='ltr' id='par_1_44' title="bbox 2210 1616 3710 1686">
     <span class='ocr_line' id='line_1_44' title="bbox 2210 1616 3710 1686; baseline 0.003 -17"><span class='ocrx_word' id='word_1_307' title='bbox 2210 1616 2374 1685; x_wconf 81' lang='grc' dir='ltr'>φύσιν</span> <span class='ocrx_word' id='word_1_308' title='bbox 2423 1616 2456 1686; x_wconf 81' lang='grc' dir='ltr'>ἢ</span> <span class='ocrx_word' id='word_1_309' title='bbox 2500 1616 2820 1672; x_wconf 76' lang='grc' dir='ltr'>ἀκολουθίαν</span> <span class='ocrx_word' id='word_1_310' title='bbox 2873 1617 3030 1686; x_wconf 81' lang='grc' dir='ltr'>ἔχον,</span> <span class='ocrx_word' id='word_1_311' title='bbox 3075 1617 3162 1669; x_wconf 87' lang='grc' dir='ltr'>’ίνα</span> <span class='ocrx_word' id='word_1_312' title='bbox 3195 1617 3223 1669; x_wconf 82' lang='grc' dir='ltr'><strong>ὁ</strong></span> <span class='ocrx_word' id='word_1_313' title='bbox 3275 1618 3613 1686; x_wconf 64' lang='grc' dir='ltr'>καταφθείρας</span> <span class='ocrx_word' id='word_1_314' title='bbox 3647 1623 3710 1673; x_wconf 69' lang='grc' dir='ltr'>καὶ</span> 
     </span>
    </p>
   </div>
   <div class='ocr_carea' id='block_1_45' title="bbox 2211 1700 3708 1780">
    <p class='ocr_par' dir='ltr' id='par_1_45' title="bbox 2211 1700 3708 1780">
     <span class='ocr_line' id='line_1_45' title="bbox 2211 1700 3708 1780; baseline 0.001 -18"><span class='ocrx_word' id='word_1_315' title='bbox 2211 1700 2655 1779; x_wconf 64' lang='grc' dir='ltr'>καταρῤυτὲώσας</span> <span class='ocrx_word' id='word_1_316' title='bbox 2704 1708 2896 1761; x_wconf 79' lang='grc' dir='ltr'>ἑαυτὸν</span> <span class='ocrx_word' id='word_1_317' title='bbox 2947 1710 3068 1771; x_wconf 78' lang='grc' dir='ltr'>ταῖς</span> <span class='ocrx_word' id='word_1_318' title='bbox 3113 1707 3506 1780; x_wconf 86' lang='grc' dir='ltr'>ἀκαθαρσίαις,</span> <span class='ocrx_word' id='word_1_319' title='bbox 3553 1710 3606 1763; x_wconf 71' lang='grc' dir='ltr'><strong>τὰ</strong></span> <span class='ocrx_word' id='word_1_320' title='bbox 3636 1712 3708 1764; x_wconf 81' lang='grc' dir='ltr'><strong>τῶν</strong></span> 
     </span>
    </p>
   </div>
   <div class='ocr_carea' id='block_1_46' title="bbox 2213 1797 3710 1870">
    <p class='ocr_par' dir='ltr' id='par_1_46' title="bbox 2213 1797 3710 1870">
     <span class='ocr_line' id='line_1_46' title="bbox 2213 1797 3710 1870; baseline 0.001 -18"><span class='ocrx_word' id='word_1_321' title='bbox 2213 1798 2439 1852; x_wconf 82' lang='grc' dir='ltr'>ἀπαθῶν</span> <span class='ocrx_word' id='word_1_322' title='bbox 2488 1797 2584 1852; x_wconf 74' lang='grc' dir='ltr'>καὶ</span> <span class='ocrx_word' id='word_1_323' title='bbox 2617 1797 2692 1870; x_wconf 80' lang='grc' dir='ltr'>μὴ</span> <span class='ocrx_word' id='word_1_324' title='bbox 2742 1797 3206 1868; x_wconf 79' lang='grc' dir='ltr'>καταφθαρέντων</span> <span class='ocrx_word' id='word_1_325' title='bbox 3256 1802 3367 1861; x_wconf 86' lang='grc' dir='ltr'>τοῖς</span> <span class='ocrx_word' id='word_1_326' title='bbox 3407 1800 3583 1852; x_wconf 75' lang='grc' dir='ltr'>πάθεσι</span> <span class='ocrx_word' id='word_1_327' title='bbox 3615 1802 3710 1870; x_wconf 72' lang='grc' dir='ltr'>γέρα</span> 
     </span>
    </p>
   </div>
   <div class='ocr_carea' id='block_1_47' title="bbox 2218 1889 3710 1964">
    <p class='ocr_par' dir='ltr' id='par_1_47' title="bbox 2218 1889 3710 1964">
     <span class='ocr_line' id='line_1_47' title="bbox 2218 1889 3710 1964; baseline 0.002 -20"><span class='ocrx_word' id='word_1_328' title='bbox 2218 1891 2633 1962; x_wconf 83' lang='grc' dir='ltr'>κληρονομήσῃ.</span> <span class='ocrx_word' id='word_1_329' title='bbox 2702 1890 2768 1945; x_wconf 78' lang='lat' dir='ltr'><strong>El</strong></span> <span class='ocrx_word' id='word_1_330' title='bbox 2823 1891 2879 1943; x_wconf 73' lang='grc' dir='ltr'><strong>δὲ</strong></span> <span class='ocrx_word' id='word_1_331' title='bbox 2943 1893 3040 1957; x_wconf 78' lang='grc' dir='ltr'>τῆς</span> <span class='ocrx_word' id='word_1_332' title='bbox 3090 1889 3434 1958; x_wconf 72' lang='grc' dir='ltr'><strong>δογματικῶς</strong></span> <span class='ocrx_word' id='word_1_333' title='bbox 3487 1894 3710 1964; x_wconf 72' lang='grc' dir='ltr'>είρημένης</span> 
     </span>
    </p>
   </div>
   <div class='ocr_carea' id='block_1_48' title="bbox 2219 1985 3706 2060">
    <p class='ocr_par' dir='ltr' id='par_1_48' title="bbox 2219 1985 3706 2060">
     <span class='ocr_line' id='line_1_48' title="bbox 2219 1985 3706 2060; baseline -0.001 -18"><span class='ocrx_word' id='word_1_334' title='bbox 2219 1989 2516 2060; x_wconf 76' lang='grc' dir='ltr'><strong>ἑρμηνείας</strong></span> <span class='ocrx_word' id='word_1_335' title='bbox 2561 1987 2742 2041; x_wconf 77' lang='grc' dir='ltr'>αἰτίαν</span> <span class='ocrx_word' id='word_1_336' title='bbox 2786 1987 2915 2040; x_wconf 73' lang='grc' dir='ltr'>αὐτὸ</span> <span class='ocrx_word' id='word_1_337' title='bbox 2945 1985 3318 2055; x_wconf 67' lang='grc' dir='ltr'>ὲκληψόμεθα,</span> <span class='ocrx_word' id='word_1_338' title='bbox 3367 1988 3583 2040; x_wconf 74' lang='grc' dir='ltr'>τουτέστι</span> <span class='ocrx_word' id='word_1_339' title='bbox 3625 1991 3706 2057; x_wconf 69' lang='grc' dir='ltr'>τῆς,</span> 
     </span>
    </p>
   </div>
   <div class='ocr_carea' id='block_1_49' title="bbox 2216 2079 3708 2153">
    <p class='ocr_par' dir='ltr' id='par_1_49' title="bbox 2216 2079 3708 2153">
     <span class='ocr_line' id='line_1_49' title="bbox 2216 2079 3708 2153; baseline 0.001 -19"><span class='ocrx_word' id='word_1_340' title='bbox 2216 2082 2300 2134; x_wconf 82' lang='grc' dir='ltr'>ὅτι</span> <span class='ocrx_word' id='word_1_341' title='bbox 2351 2081 2505 2134; x_wconf 78' lang='grc' dir='ltr'>ἔσται</span> <span class='ocrx_word' id='word_1_342' title='bbox 2554 2079 2836 2150; x_wconf 80' lang='grc' dir='ltr'>πάντωςὴ</span> <span class='ocrx_word' id='word_1_343' title='bbox 2886 2081 3218 2144; x_wconf 80' lang='grc' dir='ltr'>ἀνάστασις,</span> <span class='ocrx_word' id='word_1_344' title='bbox 3267 2079 3361 2132; x_wconf 72' lang='grc' dir='ltr'><strong>καὶ</strong></span> <span class='ocrx_word' id='word_1_345' title='bbox 3390 2080 3543 2143; x_wconf 78' lang='grc' dir='ltr'>οὕτως</span> <span class='ocrx_word' id='word_1_346' title='bbox 3570 2083 3708 2153; x_wconf 60' lang='grc' dir='ltr'>πολλὴν</span> 
     </span>
    </p>
   </div>
   <div class='ocr_carea' id='block_1_50' title="bbox 2218 2170 3704 2245">
    <p class='ocr_par' dir='ltr' id='par_1_50' title="bbox 2218 2170 3704 2245">
     <span class='ocr_line' id='line_1_50' title="bbox 2218 2170 3704 2245; baseline 0 -19"><span class='ocrx_word' id='word_1_347' title='bbox 2218 2172 2321 2243; x_wconf 76' lang='grc' dir='ltr'>τὴν</span> <span class='ocrx_word' id='word_1_348' title='bbox 2368 2171 2690 2226; x_wconf 80' lang='grc' dir='ltr'>ἀκολουθίαν</span> <span class='ocrx_word' id='word_1_349' title='bbox 2738 2170 2867 2236; x_wconf 79' lang='grc' dir='ltr'>ἕξει.</span> <span class='ocrx_word' id='word_1_350' title='bbox 2916 2172 3469 2242; x_wconf 80' lang='grc' dir='ltr'>Συλλογιστικὼτερον</span> <span class='ocrx_word' id='word_1_351' title='bbox 3523 2174 3607 2245; x_wconf 69' lang='grc' dir='ltr'>γὰρ</span> <span class='ocrx_word' id='word_1_352' title='bbox 3641 2176 3704 2240; x_wconf 74' lang='grc' dir='ltr'>τὸ,</span> 
     </span>
    </p>
   </div>
   <div class='ocr_carea' id='block_1_51' title="bbox 2227 2263 3705 2334">
    <p class='ocr_par' dir='ltr' id='par_1_51' title="bbox 2227 2263 3705 2334">
     <span class='ocr_line' id='line_1_51' title="bbox 2227 2263 3705 2334; baseline 0.003 -18"><span class='ocrx_word' id='word_1_353' title='bbox 2227 2282 2246 2316; x_wconf 76' lang='grc' dir='ltr'>ι</span> <span class='ocrx_word' id='word_1_354' title='bbox 2269 2263 2504 2318; x_wconf 83' lang='grc' dir='ltr'>Τοῦτοδὲ</span> <span class='ocrx_word' id='word_1_355' title='bbox 2522 2281 2684 2334; x_wconf 74' lang='grc' dir='ltr'>φημι,</span> <span class='ocrx_word' id='word_1_356' title='bbox 2713 2283 2732 2316; x_wconf 76' lang='grc' dir='ltr'>ι</span> <span class='ocrx_word' id='word_1_357' title='bbox 2748 2265 2845 2334; x_wconf 82' lang='grc' dir='ltr'>τὴν</span> <span class='ocrx_word' id='word_1_358' title='bbox 2860 2264 3152 2318; x_wconf 80' lang='grc' dir='ltr'>ἀνάστασιν</span> <span class='ocrx_word' id='word_1_359' title='bbox 3181 2266 3270 2334; x_wconf 80' lang='grc' dir='ltr'>εἴη</span> <span class='ocrx_word' id='word_1_360' title='bbox 3285 2266 3349 2318; x_wconf 84' lang='grc' dir='ltr'>ἂν</span> <span class='ocrx_word' id='word_1_361' title='bbox 3368 2266 3705 2331; x_wconf 68' lang='grc' dir='ltr'>κατασκειάζον.</span> 
     </span>
    </p>
   </div>
   <div class='ocr_carea' id='block_1_52' title="bbox 2219 2352 3706 2429">
    <p class='ocr_par' dir='ltr' id='par_1_52' title="bbox 2219 2352 3706 2429">
     <span class='ocr_line' id='line_1_52' title="bbox 2219 2352 3706 2429; baseline 0.001 -22"><span class='ocrx_word' id='word_1_362' title='bbox 2219 2354 2294 2407; x_wconf 81' lang='grc' dir='ltr'><strong>Τὸ</strong></span> <span class='ocrx_word' id='word_1_363' title='bbox 2327 2352 2373 2406; x_wconf 83' lang='grc' dir='ltr'><strong>δ’</strong></span> <span class='ocrx_word' id='word_1_364' title='bbox 2408 2353 2576 2417; x_wconf 79' lang='grc' dir='ltr'>ὅπως,</span> <span class='ocrx_word' id='word_1_365' title='bbox 2613 2355 2672 2406; x_wconf 84' lang='grc' dir='ltr'>ὲν</span> <span class='ocrx_word' id='word_1_366' title='bbox 2700 2357 2811 2417; x_wconf 81' lang='grc' dir='ltr'>τοῖς</span> <span class='ocrx_word' id='word_1_367' title='bbox 2843 2354 3295 2424; x_wconf 83' lang='grc' dir='ltr'>πλατικωτέροις.</span> <span class='ocrx_word' id='word_1_368' title='bbox 3332 2373 3348 2405; x_wconf 85' lang='grc' dir='ltr'>ι</span> <span class='ocrx_word' id='word_1_369' title='bbox 3373 2353 3706 2429; x_wconf 69' lang='grc' dir='ltr'>Κληρονομῆςιι</span> 
     </span>
    </p>
   </div>
   <div class='ocr_carea' id='block_1_53' title="bbox 2219 2435 3705 2516">
    <p class='ocr_par' dir='ltr' id='par_1_53' title="bbox 2219 2435 3705 2516">
     <span class='ocr_line' id='line_1_53' title="bbox 2219 2435 3705 2516; baseline 0.001 -18"><span class='ocrx_word' id='word_1_370' title='bbox 2219 2446 2279 2498; x_wconf 90' lang='grc' dir='ltr'><strong>οῦ</strong></span> <span class='ocrx_word' id='word_1_371' title='bbox 2315 2445 2588 2500; x_wconf 85' lang='grc' dir='ltr'>δύνανται.</span> <span class='ocrx_word' id='word_1_372' title='bbox 2628 2464 2646 2497; x_wconf 74' lang='grc' dir='ltr'>ι</span> <span class='ocrx_word' id='word_1_373' title='bbox 2684 2446 2757 2497; x_wconf 74' lang='grc' dir='ltr'><strong>Τὸ</strong></span> <span class='ocrx_word' id='word_1_374' title='bbox 2791 2435 3138 2516; x_wconf 83' lang='grc' dir='ltr'>ἀποθνῆσκον</span> <span class='ocrx_word' id='word_1_375' title='bbox 3178 2446 3590 2516; x_wconf 75' lang='grc' dir='ltr'>κληρονομεῖται,</span> <span class='ocrx_word' id='word_1_376' title='bbox 3613 2447 3705 2499; x_wconf 65' lang='grc' dir='ltr'>τὸδὲ</span> 
     </span>
    </p>
   </div>
   <div class='ocr_carea' id='block_1_54' title="bbox 2220 2533 3704 2609">
    <p class='ocr_par' dir='ltr' id='par_1_54' title="bbox 2220 2533 3704 2609">
     <span class='ocr_line' id='line_1_54' title="bbox 2220 2533 3704 2609; baseline 0 -19"><span class='ocrx_word' id='word_1_377' title='bbox 2220 2533 2331 2603; x_wconf 79' lang='grc' dir='ltr'><strong>ζῶν</strong></span> <span class='ocrx_word' id='word_1_378' title='bbox 2365 2538 2715 2608; x_wconf 84' lang='grc' dir='ltr'>κληρονομεῖ.</span> <span class='ocrx_word' id='word_1_379' title='bbox 2751 2539 2842 2592; x_wconf 80' lang='grc' dir='ltr'>Διὸ</span> <span class='ocrx_word' id='word_1_380' title='bbox 2891 2539 2951 2592; x_wconf 77' lang='grc' dir='ltr'>οὐ</span> <span class='ocrx_word' id='word_1_381' title='bbox 2986 2539 3047 2592; x_wconf 74' lang='grc' dir='ltr'>τὸ</span> <span class='ocrx_word' id='word_1_382' title='bbox 3078 2539 3422 2609; x_wconf 73' lang='grc' dir='ltr'>ἀποθνῆσκον</span> <span class='ocrx_word' id='word_1_383' title='bbox 3455 2539 3587 2607; x_wconf 80' lang='grc' dir='ltr'>σῶμα</span> <span class='ocrx_word' id='word_1_384' title='bbox 3618 2540 3704 2607; x_wconf 52' lang='lat' dir='ltr'><strong>xiv,-</strong></span> 
     </span>
    </p>
   </div>
   <div class='ocr_carea' id='block_1_55' title="bbox 2224 2629 3703 2702">
    <p class='ocr_par' dir='ltr' id='par_1_55' title="bbox 2224 2629 3703 2702">
     <span class='ocr_line' id='line_1_55' title="bbox 2224 2629 3703 2702; baseline -0.003 -18"><span class='ocrx_word' id='word_1_385' title='bbox 2224 2633 2442 2702; x_wconf 86' lang='grc' dir='ltr'>ρονομεί</span> <span class='ocrx_word' id='word_1_386' title='bbox 2469 2631 2568 2698; x_wconf 73' lang='grc' dir='ltr'>τὴν</span> <span class='ocrx_word' id='word_1_387' title='bbox 2599 2630 2909 2700; x_wconf 78' lang='grc' dir='ltr'>ἀφθαρσίαν</span> <span class='ocrx_word' id='word_1_388' title='bbox 2940 2631 3035 2682; x_wconf 75' lang='grc' dir='ltr'>καὶ</span> <span class='ocrx_word' id='word_1_389' title='bbox 3056 2630 3155 2702; x_wconf 79' lang='grc' dir='ltr'>τὴν</span> <span class='ocrx_word' id='word_1_390' title='bbox 3185 2629 3460 2699; x_wconf 73' lang='grc' dir='ltr'>βασιλείαν</span> <span class='ocrx_word' id='word_1_391' title='bbox 3485 2631 3703 2698; x_wconf 59' lang='lat' dir='ltr'><strong>tib-109,9:-</strong></span> 
     </span>
    </p>
   </div>
   <div class='ocr_carea' id='block_1_56' title="bbox 2219 2721 3703 2791">
    <p class='ocr_par' dir='ltr' id='par_1_56' title="bbox 2219 2721 3703 2791">
     <span class='ocr_line' id='line_1_56' title="bbox 2219 2721 3703 2791; baseline -0.006 -13"><span class='ocrx_word' id='word_1_392' title='bbox 2219 2722 2350 2786; x_wconf 84' lang='grc' dir='ltr'><strong>νῶν,</strong></span> <span class='ocrx_word' id='word_1_393' title='bbox 2398 2722 2512 2776; x_wconf 82' lang='grc' dir='ltr'>ἀλλ’</span> <span class='ocrx_word' id='word_1_394' title='bbox 2552 2722 2684 2775; x_wconf 81' lang='grc' dir='ltr'>αὐτὸ</span> <span class='ocrx_word' id='word_1_395' title='bbox 2741 2722 2848 2774; x_wconf 78' lang='grc' dir='ltr'><strong>ὑπὸ</strong></span> <span class='ocrx_word' id='word_1_396' title='bbox 2895 2721 3100 2774; x_wconf 73' lang='grc' dir='ltr'>τούτων</span> <span class='ocrx_word' id='word_1_397' title='bbox 3134 2721 3554 2791; x_wconf 81' lang='grc' dir='ltr'>κληρονομεῖται,</span> <span class='ocrx_word' id='word_1_398' title='bbox 3593 2721 3703 2782; x_wconf 75' lang='grc' dir='ltr'>εἰςτδ</span> 
     </span>
    </p>
   </div>
   <div class='ocr_carea' id='block_1_57' title="bbox 2219 2809 3703 2886">
    <p class='ocr_par' dir='ltr' id='par_1_57' title="bbox 2219 2809 3703 2886">
     <span class='ocr_line' id='line_1_57' title="bbox 2219 2809 3703 2886; baseline -0.005 -17"><span class='ocrx_word' id='word_1_399' title='bbox 2219 2816 2471 2886; x_wconf 85' lang='grc' dir='ltr'>γενέσθαι</span> <span class='ocrx_word' id='word_1_400' title='bbox 2490 2817 2766 2885; x_wconf 75' lang='grc' dir='ltr'>ἄφθαρτον</span> <span class='ocrx_word' id='word_1_401' title='bbox 2787 2815 2880 2866; x_wconf 77' lang='grc' dir='ltr'>καὶ</span> <span class='ocrx_word' id='word_1_402' title='bbox 2907 2813 2960 2865; x_wconf 85' lang='grc' dir='ltr'><strong>δε</strong></span> <span class='ocrx_word' id='word_1_403' title='bbox 2971 2814 3154 2866; x_wconf 71' lang='grc' dir='ltr'>κτικδν</span> <span class='ocrx_word' id='word_1_404' title='bbox 3175 2814 3278 2882; x_wconf 74' lang='grc' dir='ltr'>τῆς</span> <span class='ocrx_word' id='word_1_405' title='bbox 3300 2813 3563 2882; x_wconf 80' lang='grc' dir='ltr'>βασιλείας.</span> <span class='ocrx_word' id='word_1_406' title='bbox 3584 2832 3596 2861; x_wconf 83' lang='grc' dir='ltr'>ι</span> <span class='ocrx_word' id='word_1_407' title='bbox 3617 2809 3703 2862; x_wconf 70' lang='grc' dir='ltr'><strong>Οὖδὲ</strong></span> 
     </span>
    </p>
   </div>
   <div class='ocr_carea' id='block_1_58' title="bbox 2220 2905 3702 2979">
    <p class='ocr_par' dir='ltr' id='par_1_58' title="bbox 2220 2905 3702 2979">
     <span class='ocr_line' id='line_1_58' title="bbox 2220 2905 3702 2979; baseline -0.006 -17"><span class='ocrx_word' id='word_1_408' title='bbox 2220 2910 2253 2979; x_wconf 82' lang='grc' dir='ltr'><strong>ἡ</strong></span> <span class='ocrx_word' id='word_1_409' title='bbox 2284 2909 2456 2977; x_wconf 79' lang='grc' dir='ltr'>φθορά</span> <span class='ocrx_word' id='word_1_410' title='bbox 2492 2911 2590 2978; x_wconf 81' lang='grc' dir='ltr'>τὴν</span> <span class='ocrx_word' id='word_1_411' title='bbox 2629 2906 2938 2977; x_wconf 77' lang='grc' dir='ltr'>ἀφθαρσίαν</span> <span class='ocrx_word' id='word_1_412' title='bbox 2964 2905 3325 2976; x_wconf 82' lang='grc' dir='ltr'>κληρονομεῖ.</span> <span class='ocrx_word' id='word_1_413' title='bbox 3352 2925 3369 2956; x_wconf 75' lang='grc' dir='ltr'>ι</span> <span class='ocrx_word' id='word_1_414' title='bbox 3395 2905 3576 2975; x_wconf 79' lang='grc' dir='ltr'>Φθοράν</span> <span class='ocrx_word' id='word_1_415' title='bbox 3603 2920 3702 2970; x_wconf 69' lang='grc' dir='ltr'>φησι,</span> 
     </span>
    </p>
   </div>
   <div class='ocr_carea' id='block_1_59' title="bbox 2218 2993 3704 3070">
    <p class='ocr_par' dir='ltr' id='par_1_59' title="bbox 2218 2993 3704 3070">
     <span class='ocr_line' id='line_1_59' title="bbox 2218 2993 3704 3070; baseline -0.007 -17"><span class='ocrx_word' id='word_1_416' title='bbox 2218 3001 2319 3070; x_wconf 82' lang='grc' dir='ltr'>τὴν</span> <span class='ocrx_word' id='word_1_417' title='bbox 2375 2999 2612 3064; x_wconf 84' lang='grc' dir='ltr'>κακίαν,</span> <span class='ocrx_word' id='word_1_418' title='bbox 2678 2999 2753 3062; x_wconf 86' lang='grc' dir='ltr'>ὡς</span> <span class='ocrx_word' id='word_1_419' title='bbox 2800 2998 3282 3067; x_wconf 60' lang='grc' dir='ltr'>κατατθείρουσαν</span> <span class='ocrx_word' id='word_1_420' title='bbox 3351 2997 3409 3050; x_wconf 78' lang='grc' dir='ltr'>τὸ</span> <span class='ocrx_word' id='word_1_421' title='bbox 3468 2997 3551 3065; x_wconf 79' lang='grc' dir='ltr'>τῆς</span> <span class='ocrx_word' id='word_1_422' title='bbox 3590 2993 3704 3062; x_wconf 62' lang='grc' dir='ltr'>ψυχῆς</span> 
     </span>
    </p>
   </div>
   <div class='ocr_carea' id='block_1_60' title="bbox 2220 3085 3702 3159">
    <p class='ocr_par' dir='ltr' id='par_1_60' title="bbox 2220 3085 3702 3159">
     <span class='ocr_line' id='line_1_60' title="bbox 2220 3085 3702 3159; baseline -0.005 -15"><span class='ocrx_word' id='word_1_423' title='bbox 2220 3092 2462 3158; x_wconf 78' lang='grc' dir='ltr'>εὐγενές.</span> <span class='ocrx_word' id='word_1_424' title='bbox 2516 3094 2631 3145; x_wconf 77' lang='grc' dir='ltr'><strong>Οὐκ</strong></span> <span class='ocrx_word' id='word_1_425' title='bbox 2669 3091 2736 3145; x_wconf 78' lang='grc' dir='ltr'>ἂν</span> <span class='ocrx_word' id='word_1_426' title='bbox 2805 3088 2898 3144; x_wconf 78' lang='grc' dir='ltr'><strong>οῦν</strong></span> <span class='ocrx_word' id='word_1_427' title='bbox 2954 3091 2987 3159; x_wconf 78' lang='grc' dir='ltr'><strong>ἡ</strong></span> <span class='ocrx_word' id='word_1_428' title='bbox 3039 3088 3218 3158; x_wconf 79' lang='grc' dir='ltr'>φθορά</span> <span class='ocrx_word' id='word_1_429' title='bbox 3293 3088 3633 3159; x_wconf 68' lang='grc' dir='ltr'>κληρονομήσει</span> <span class='ocrx_word' id='word_1_430' title='bbox 3662 3085 3702 3136; x_wconf 68' lang='grc' dir='ltr'><strong>τὰ</strong></span> 
     </span>
    </p>
   </div>
   <div class='ocr_carea' id='block_1_61' title="bbox 537 3169 2114 3254">
    <p class='ocr_par' dir='ltr' id='par_1_61' title="bbox 537 3169 2113 3242">
     <span class='ocr_line' id='line_1_61' title="bbox 537 3169 2113 3242; baseline -0.001 -18"><span class='ocrx_word' id='word_1_431' title='bbox 537 3173 752 3235; x_wconf 89' lang='lat' dir='ltr'><strong>vilium,</strong></span> <span class='ocrx_word' id='word_1_432' title='bbox 779 3181 1040 3242; x_wconf 87' lang='lat' dir='ltr'><strong>tanquam</strong></span> <span class='ocrx_word' id='word_1_433' title='bbox 1063 3185 1423 3240; x_wconf 89' lang='lat' dir='ltr'><strong>corrumpens</strong></span> <span class='ocrx_word' id='word_1_434' title='bbox 1441 3169 1639 3222; x_wconf 59' lang='lat' dir='ltr'><strong>animae</strong></span> <span class='ocrx_word' id='word_1_435' title='bbox 1669 3171 2113 3240; x_wconf 83' lang='lat' dir='ltr'><strong>generositatem.</strong></span> 
     </span>
    </p>
   </div>
   <div class='ocr_carea' id='block_1_62' title="bbox 2218 3169 3702 3254">
    <p class='ocr_par' dir='ltr' id='par_1_62' title="bbox 2222 3177 3702 3254">
     <span class='ocr_line' id='line_1_62' title="bbox 2222 3177 3702 3254; baseline -0.009 -16"><span class='ocrx_word' id='word_1_436' title='bbox 2222 3185 2495 3254; x_wconf 71' lang='grc' dir='ltr'>ἄφθαρτα,</span> <span class='ocrx_word' id='word_1_437' title='bbox 2553 3185 2646 3238; x_wconf 72' lang='grc' dir='ltr'>καὶ</span> <span class='ocrx_word' id='word_1_438' title='bbox 2702 3184 2791 3236; x_wconf 55' lang='grc' dir='ltr'><strong>ἀεὶ⁵</strong></span> <span class='ocrx_word' id='word_1_439' title='bbox 2827 3180 3088 3244; x_wconf 79' lang='grc' dir='ltr'>ὡσαύτως</span> <span class='ocrx_word' id='word_1_440' title='bbox 3120 3181 3318 3252; x_wconf 79' lang='grc' dir='ltr'>ἔχοντα</span> <span class='ocrx_word' id='word_1_441' title='bbox 3371 3180 3462 3249; x_wconf 78' lang='grc' dir='ltr'>τῆς</span> <span class='ocrx_word' id='word_1_442' title='bbox 3507 3177 3702 3247; x_wconf 62' lang='grc' dir='ltr'>βασιλείας</span> 
     </span>
    </p>
   </div>
   <div class='ocr_carea' id='block_1_63' title="bbox 535 3260 2114 3332">
    <p class='ocr_par' dir='ltr' id='par_1_63' title="bbox 535 3260 2114 3332">
     <span class='ocr_line' id='line_1_63' title="bbox 535 3260 2114 3332; baseline -0.001 -17"><span class='ocrx_word' id='word_1_443' title='bbox 535 3260 890 3332; x_wconf 80' lang='lat' dir='ltr'><strong>Nequaquam</strong></span> <span class='ocrx_word' id='word_1_444' title='bbox 913 3277 1040 3330; x_wconf 81' lang='lat' dir='ltr'><strong>ergo</strong></span> <span class='ocrx_word' id='word_1_445' title='bbox 1062 3261 1343 3329; x_wconf 91' lang='lat' dir='ltr'><strong>corruptio</strong></span> <span class='ocrx_word' id='word_1_446' title='bbox 1367 3260 2114 3332; x_wconf 73' lang='lat' dir='ltr'><strong>lrrereditatem-iucorrupti-</strong></span> 
     </span>
    </p>
   </div>
   <div class='ocr_carea' id='block_1_64' title="bbox 538 3349 2124 3421">
    <p class='ocr_par' dir='ltr' id='par_1_64' title="bbox 538 3349 2124 3421">
     <span class='ocr_line' id='line_1_64' title="bbox 538 3349 2124 3421; baseline 0.001 -16"><span class='ocrx_word' id='word_1_447' title='bbox 538 3351 730 3406; x_wconf 80' lang='lat' dir='ltr'><strong>hilium</strong></span> <span class='ocrx_word' id='word_1_448' title='bbox 754 3352 985 3421; x_wconf 86' lang='lat' dir='ltr'><strong>accipiet</strong></span> <span class='ocrx_word' id='word_1_449' title='bbox 1017 3366 1077 3403; x_wconf 83' lang='lat' dir='ltr'><strong>ac</strong></span> <span class='ocrx_word' id='word_1_450' title='bbox 1093 3349 1261 3420; x_wconf 72' lang='lat'><strong>578</strong></span> <span class='ocrx_word' id='word_1_451' title='bbox 1277 3351 1544 3405; x_wconf 88' lang='lat' dir='ltr'><strong>bonorum</strong></span> <span class='ocrx_word' id='word_1_452' title='bbox 1566 3349 1742 3420; x_wconf 79' lang='lat' dir='ltr'><strong>regni,</strong></span> <span class='ocrx_word' id='word_1_453' title='bbox 1765 3365 1884 3419; x_wconf 80' lang='lat' dir='ltr'><strong>qua:</strong></span> <span class='ocrx_word' id='word_1_454' title='bbox 1909 3365 2124 3420; x_wconf 85' lang='lat' dir='ltr'><strong>semper</strong></span> 
     </span>
    </p>
   </div>
   <div class='ocr_carea' id='block_1_65' title="bbox 535 3443 1354 3500">
    <p class='ocr_par' dir='ltr' id='par_1_65' title="bbox 535 3443 1354 3500">
     <span class='ocr_line' id='line_1_65' title="bbox 535 3443 1354 3500; baseline -0.002 0"><span class='ocrx_word' id='word_1_455' title='bbox 535 3443 726 3500; x_wconf 90' lang='lat' dir='ltr'><strong>eodem</strong></span> <span class='ocrx_word' id='word_1_456' title='bbox 756 3443 916 3497; x_wconf 85' lang='lat' dir='ltr'><strong>modo</strong></span> <span class='ocrx_word' id='word_1_457' title='bbox 935 3451 1354 3498; x_wconf 84' lang='lat' dir='ltr'><strong>conservantur.</strong></span> 
     </span>
    </p>
   </div>
   <div class='ocr_carea' id='block_1_66' title="bbox 607 3554 2122 3626">
    <p class='ocr_par' dir='ltr' id='par_1_66' title="bbox 607 3554 2122 3626">
     <span class='ocr_line' id='line_1_66' title="bbox 607 3554 2122 3626; baseline 0 -16"><span class='ocrx_word' id='word_1_458' title='bbox 607 3555 724 3620; x_wconf 70' lang='lat' dir='ltr'><strong>XV,</strong></span> <span class='ocrx_word' id='word_1_459' title='bbox 746 3557 937 3612; x_wconf 80' lang='grc'><strong>51-55.</strong></span> <span class='ocrx_word' id='word_1_460' title='bbox 972 3555 1104 3609; x_wconf 81' lang='lat' dir='ltr'><strong>Ecce</strong></span> <span class='ocrx_word' id='word_1_461' title='bbox 1127 3557 1436 3626; x_wconf 76' lang='lat' dir='ltr'><strong>mysterium</strong></span> <span class='ocrx_word' id='word_1_462' title='bbox 1467 3557 1606 3610; x_wconf 81' lang='lat' dir='ltr'><strong>vobis</strong></span> <span class='ocrx_word' id='word_1_463' title='bbox 1633 3557 1771 3608; x_wconf 83' lang='lat' dir='ltr'><strong>dico.</strong></span> <span class='ocrx_word' id='word_1_464' title='bbox 1807 3554 1927 3608; x_wconf 85' lang='lat' dir='ltr'><strong>Non</strong></span> <span class='ocrx_word' id='word_1_465' title='bbox 1946 3572 2122 3610; x_wconf 77' lang='lat' dir='ltr'><strong>omnes</strong></span> 
     </span>
    </p>
   </div>
   <div class='ocr_carea' id='block_1_67' title="bbox 538 3647 2122 3720">
    <p class='ocr_par' dir='ltr' id='par_1_67' title="bbox 538 3647 2122 3720">
     <span class='ocr_line' id='line_1_67' title="bbox 538 3647 2122 3720; baseline -0.001 -18"><span class='ocrx_word' id='word_1_466' title='bbox 538 3648 746 3720; x_wconf 85' lang='lat' dir='ltr'><strong>quidem</strong></span> <span class='ocrx_word' id='word_1_467' title='bbox 776 3651 1121 3713; x_wconf 70' lang='lat' dir='ltr'><strong>dormiemus,</strong></span> <span class='ocrx_word' id='word_1_468' title='bbox 1155 3664 1334 3702; x_wconf 82' lang='lat' dir='ltr'><strong>onmes</strong></span> <span class='ocrx_word' id='word_1_469' title='bbox 1368 3658 1571 3701; x_wconf 83' lang='lat' dir='ltr'><strong>&#39;tameu</strong></span> <span class='ocrx_word' id='word_1_470' title='bbox 1629 3647 2036 3700; x_wconf 82' lang='lat' dir='ltr'><strong>immutabimur</strong></span> <span class='ocrx_word' id='word_1_471' title='bbox 2067 3649 2122 3700; x_wconf 81' lang='lat' dir='ltr'><strong>in</strong></span> 
     </span>
    </p>
   </div>
   <div class='ocr_carea' id='block_1_68' title="bbox 539 3738 2113 3809">
    <p class='ocr_par' dir='ltr' id='par_1_68' title="bbox 539 3738 2113 3809">
     <span class='ocr_line' id='line_1_68' title="bbox 539 3738 2113 3809; baseline -0.001 -18"><span class='ocrx_word' id='word_1_472' title='bbox 539 3748 732 3809; x_wconf 85' lang='lat' dir='ltr'><strong>puncto</strong></span> <span class='ocrx_word' id='word_1_473' title='bbox 753 3740 1020 3807; x_wconf 87' lang='lat' dir='ltr'><strong>temporis,</strong></span> <span class='ocrx_word' id='word_1_474' title='bbox 1058 3739 1390 3792; x_wconf 86' lang='lat' dir='ltr'><strong>iumomento</strong></span> <span class='ocrx_word' id='word_1_475' title='bbox 1425 3740 1581 3801; x_wconf 79' lang='lat' dir='ltr'><strong>oculi,</strong></span> <span class='ocrx_word' id='word_1_476' title='bbox 1613 3741 1665 3792; x_wconf 87' lang='lat' dir='ltr'><strong>in</strong></span> <span class='ocrx_word' id='word_1_477' title='bbox 1702 3748 1937 3792; x_wconf 81' lang='lat' dir='ltr'><strong>extrema</strong></span> <span class='ocrx_word' id='word_1_478' title='bbox 1963 3738 2113 3790; x_wconf 85' lang='lat' dir='ltr'><strong>tuba.</strong></span> 
     </span>
    </p>
   </div>
   <div class='ocr_carea' id='block_1_69' title="bbox 541 3831 2122 3898">
    <p class='ocr_par' dir='ltr' id='par_1_69' title="bbox 541 3831 2122 3898">
     <span class='ocr_line' id='line_1_69' title="bbox 541 3831 2122 3898; baseline -0.004 -9"><span class='ocrx_word' id='word_1_479' title='bbox 541 3832 707 3889; x_wconf 82' lang='lat' dir='ltr'><strong>Canet</strong></span> <span class='ocrx_word' id='word_1_480' title='bbox 734 3832 892 3896; x_wconf 86' lang='lat' dir='ltr'><strong>enim,</strong></span> <span class='ocrx_word' id='word_1_481' title='bbox 929 3842 977 3886; x_wconf 89' lang='lat' dir='ltr'><strong>et</strong></span> <span class='ocrx_word' id='word_1_482' title='bbox 1010 3833 1204 3886; x_wconf 82' lang='lat' dir='ltr'><strong>mortui</strong></span> <span class='ocrx_word' id='word_1_483' title='bbox 1250 3831 1645 3886; x_wconf 71' lang='lat' dir='ltr'><strong>suscitabrmtur</strong></span> <span class='ocrx_word' id='word_1_484' title='bbox 1692 3832 2005 3898; x_wconf 72' lang='lat' dir='ltr'><strong>incorrupti,</strong></span> <span class='ocrx_word' id='word_1_485' title='bbox 2073 3839 2122 3882; x_wconf 84' lang='lat' dir='ltr'><strong>et</strong></span> 
     </span>
    </p>
   </div>
   <div class='ocr_carea' id='block_1_70' title="bbox 539 3922 2123 3992">
    <p class='ocr_par' dir='ltr' id='par_1_70' title="bbox 539 3922 2123 3992">
     <span class='ocr_line' id='line_1_70' title="bbox 539 3922 2123 3992; baseline -0.003 -14"><span class='ocrx_word' id='word_1_486' title='bbox 539 3939 637 3978; x_wconf 80' lang='lat' dir='ltr'><strong>nos</strong></span> <span class='ocrx_word' id='word_1_487' title='bbox 667 3923 1085 3977; x_wconf 82' lang='lat' dir='ltr'><strong>immutabimur.</strong></span> <span class='ocrx_word' id='word_1_488' title='bbox 1114 3922 1333 3992; x_wconf 85' lang='lat' dir='ltr'><strong>Oportet</strong></span> <span class='ocrx_word' id='word_1_489' title='bbox 1359 3924 1494 3977; x_wconf 87' lang='lat' dir='ltr'><strong>enim</strong></span> <span class='ocrx_word' id='word_1_490' title='bbox 1521 3922 1861 3990; x_wconf 83' lang='lat' dir='ltr'><strong>corruptibile</strong></span> <span class='ocrx_word' id='word_1_491' title='bbox 1903 3924 1999 3974; x_wconf 80' lang='lat' dir='ltr'><strong>hoc</strong></span> <span class='ocrx_word' id='word_1_492' title='bbox 2038 3923 2123 3974; x_wconf 84' lang='lat' dir='ltr'><strong>in-</strong></span> 
     </span>
    </p>
   </div>
   <div class='ocr_carea' id='block_1_71' title="bbox 540 4014 2123 4083">
    <p class='ocr_par' dir='ltr' id='par_1_71' title="bbox 540 4014 2123 4083">
     <span class='ocr_line' id='line_1_71' title="bbox 540 4014 2123 4083; baseline 0.001 -14"><span class='ocrx_word' id='word_1_493' title='bbox 540 4017 698 4070; x_wconf 81' lang='lat' dir='ltr'><strong>duere</strong></span> <span class='ocrx_word' id='word_1_494' title='bbox 749 4014 1328 4083; x_wconf 78' lang='lat' dir='ltr'><strong>iucorruptibilitatem,</strong></span> <span class='ocrx_word' id='word_1_495' title='bbox 1391 4025 1442 4069; x_wconf 77' lang='lat' dir='ltr'><strong>et</strong></span> <span class='ocrx_word' id='word_1_496' title='bbox 1491 4016 1716 4070; x_wconf 82' lang='lat' dir='ltr'><strong>mortale</strong></span> <span class='ocrx_word' id='word_1_497' title='bbox 1764 4016 1860 4068; x_wconf 82' lang='lat' dir='ltr'><strong>hoc</strong></span> <span class='ocrx_word' id='word_1_498' title='bbox 1908 4014 2123 4070; x_wconf 73' lang='lat' dir='ltr'><strong>induere</strong></span> 
     </span>
    </p>
   </div>
   <div class='ocr_carea' id='block_1_72' title="bbox 541 4105 1019 4161">
    <p class='ocr_par' dir='ltr' id='par_1_72' title="bbox 541 4105 1019 4161">
     <span class='ocr_line' id='line_1_72' title="bbox 541 4105 1019 4161; baseline 0.002 -2"><span class='ocrx_word' id='word_1_499' title='bbox 541 4105 1019 4161; x_wconf 79' lang='lat' dir='ltr'><strong>immortalitatem.</strong></span> 
     </span>
    </p>
   </div>
   <div class='ocr_carea' id='block_1_73' title="bbox 612 4211 2119 4288">
    <p class='ocr_par' dir='ltr' id='par_1_73' title="bbox 612 4211 2119 4288">
     <span class='ocr_line' id='line_1_73' title="bbox 612 4211 2119 4288; baseline 0.003 -20"><span class='ocrx_word' id='word_1_500' title='bbox 612 4213 766 4282; x_wconf 80' lang='lat' dir='ltr'><strong>Quod</strong></span> <span class='ocrx_word' id='word_1_501' title='bbox 797 4229 1058 4269; x_wconf 89' lang='lat' dir='ltr'><strong>arcanum</strong></span> <span class='ocrx_word' id='word_1_502' title='bbox 1092 4223 1190 4270; x_wconf 76' lang='lat' dir='ltr'><strong>estl</strong></span> <span class='ocrx_word' id='word_1_503' title='bbox 1216 4211 1375 4272; x_wconf 89' lang='lat' dir='ltr'><strong>dicit.</strong></span> <span class='ocrx_word' id='word_1_504' title='bbox 1423 4213 1676 4270; x_wconf 87' lang='lat' dir='ltr'><strong>Ostendit</strong></span> <span class='ocrx_word' id='word_1_505' title='bbox 1720 4229 1900 4272; x_wconf 83' lang='lat' dir='ltr'><strong>autem</strong></span> <span class='ocrx_word' id='word_1_506' title='bbox 1960 4233 2119 4288; x_wconf 88' lang='lat' dir='ltr'><strong>quem</strong></span> 
     </span>
    </p>
   </div>
   <div class='ocr_carea' id='block_1_74' title="bbox 473 4307 2122 4382">
    <p class='ocr_par' dir='ltr' id='par_1_74' title="bbox 473 4307 2122 4382">
     <span class='ocr_line' id='line_1_74' title="bbox 473 4307 2122 4382; baseline 0.001 -20"><span class='ocrx_word' id='word_1_507' title='bbox 473 4377 480 4382; x_wconf 92' lang='lat'>_</span> <span class='ocrx_word' id='word_1_508' title='bbox 542 4307 667 4377; x_wconf 77' lang='lat' dir='ltr'><strong>erga</strong></span> <span class='ocrx_word' id='word_1_509' title='bbox 702 4307 848 4376; x_wconf 87' lang='lat' dir='ltr'><strong>ipsos</strong></span> <span class='ocrx_word' id='word_1_510' title='bbox 881 4315 1035 4378; x_wconf 72' lang='lat' dir='ltr'><strong>gerat</strong></span> <span class='ocrx_word' id='word_1_511' title='bbox 1072 4321 1336 4373; x_wconf 90' lang='lat' dir='ltr'><strong>amorem,</strong></span> <span class='ocrx_word' id='word_1_512' title='bbox 1374 4309 1671 4362; x_wconf 82' lang='lat' dir='ltr'><strong>revelando</strong></span> <span class='ocrx_word' id='word_1_513' title='bbox 1729 4311 1810 4364; x_wconf 81' lang='lat' dir='ltr'><strong>eis</strong></span> <span class='ocrx_word' id='word_1_514' title='bbox 1853 4325 1976 4378; x_wconf 70' lang='lat' dir='ltr'><strong>qua:</strong></span> <span class='ocrx_word' id='word_1_515' title='bbox 2029 4327 2122 4364; x_wconf 89' lang='lat' dir='ltr'><strong>oc-</strong></span> 
     </span>
    </p>
   </div>
   <div class='ocr_carea' id='block_1_75' title="bbox 541 4397 2120 4466">
    <p class='ocr_par' dir='ltr' id='par_1_75' title="bbox 541 4397 2120 4466">
     <span class='ocr_line' id='line_1_75' title="bbox 541 4397 2120 4466; baseline 0 -12"><span class='ocrx_word' id='word_1_516' title='bbox 541 4399 689 4454; x_wconf 90' lang='lat' dir='ltr'><strong>culta</strong></span> <span class='ocrx_word' id='word_1_517' title='bbox 725 4405 876 4452; x_wconf 90' lang='lat' dir='ltr'><strong>sunt.</strong></span> <span class='ocrx_word' id='word_1_518' title='bbox 917 4415 934 4448; x_wconf 80' lang='grc' dir='ltr'>ι</span> <span class='ocrx_word' id='word_1_519' title='bbox 973 4397 1094 4451; x_wconf 86' lang='grc' dir='ltr'>Νοη</span> <span class='ocrx_word' id='word_1_520' title='bbox 1119 4405 1311 4451; x_wconf 85' lang='lat' dir='ltr'><strong>omnes</strong></span> <span class='ocrx_word' id='word_1_521' title='bbox 1338 4397 1557 4466; x_wconf 90' lang='lat' dir='ltr'><strong>quidem</strong></span> <span class='ocrx_word' id='word_1_522' title='bbox 1599 4397 1957 4454; x_wconf 87' lang='lat' dir='ltr'><strong>dormiemus.</strong></span> <span class='ocrx_word' id='word_1_523' title='bbox 1994 4417 2014 4453; x_wconf 74' lang='grc' dir='ltr'>ι</span> <span class='ocrx_word' id='word_1_524' title='bbox 2043 4398 2120 4454; x_wconf 88' lang='lat' dir='ltr'><strong>Ne</strong></span> 
     </span>
    </p>
   </div>
   <div class='ocr_carea' id='block_1_76' title="bbox 2222 3279 2424 3345">
    <p class='ocr_par' dir='ltr' id='par_1_76' title="bbox 2222 3279 2424 3345">
     <span class='ocr_line' id='line_1_76' title="bbox 2222 3279 2424 3345; baseline -0.005 -14"><span class='ocrx_word' id='word_1_525' title='bbox 2222 3279 2424 3345; x_wconf 79' lang='grc' dir='ltr'>ἀγαθά.</span> 
     </span>
    </p>
   </div>
   <div class='ocr_carea' id='block_1_77' title="bbox 2306 3550 3700 3630">
    <p class='ocr_par' dir='ltr' id='par_1_77' title="bbox 2306 3550 3700 3630">
     <span class='ocr_line' id='line_1_77' title="bbox 2306 3550 3700 3630; baseline -0.011 -15"><span class='ocrx_word' id='word_1_526' title='bbox 2306 3559 2461 3615; x_wconf 84' lang='grc' dir='ltr'><strong>Ἰδοὺ</strong></span> <span class='ocrx_word' id='word_1_527' title='bbox 2502 3559 2841 3630; x_wconf 72' lang='grc' dir='ltr'>μυστήριον</span> <span class='ocrx_word' id='word_1_528' title='bbox 2892 3557 3031 3627; x_wconf 82' lang='grc' dir='ltr'><strong>ὑμῖν</strong></span> <span class='ocrx_word' id='word_1_529' title='bbox 3064 3557 3246 3623; x_wconf 74' lang='grc' dir='ltr'><strong>λέγω.</strong></span> <span class='ocrx_word' id='word_1_530' title='bbox 3296 3555 3502 3619; x_wconf 74' lang='grc' dir='ltr'>Πάντες</span> <span class='ocrx_word' id='word_1_531' title='bbox 3531 3551 3618 3621; x_wconf 81' lang='grc' dir='ltr'>μὲν</span> <span class='ocrx_word' id='word_1_532' title='bbox 3657 3550 3700 3600; x_wconf 77' lang='grc' dir='ltr'>οὐ</span> 
     </span>
    </p>
   </div>
   <div class='ocr_carea' id='block_1_78' title="bbox 2223 3642 3702 3723">
    <p class='ocr_par' dir='ltr' id='par_1_78' title="bbox 2223 3642 3702 3723">
     <span class='ocr_line' id='line_1_78' title="bbox 2223 3642 3702 3723; baseline -0.011 -16"><span class='ocrx_word' id='word_1_533' title='bbox 2223 3656 2743 3723; x_wconf 80' lang='grc' dir='ltr'>κοιμηθησόμεθα,</span> <span class='ocrx_word' id='word_1_534' title='bbox 2803 3651 3027 3716; x_wconf 78' lang='grc' dir='ltr'>πάντες</span> <span class='ocrx_word' id='word_1_535' title='bbox 3086 3648 3154 3702; x_wconf 82' lang='grc' dir='ltr'><strong>δὲ</strong></span> <span class='ocrx_word' id='word_1_536' title='bbox 3214 3648 3624 3717; x_wconf 66' lang='grc' dir='ltr'><strong>ἀλλαγησόμεθα</strong></span> <span class='ocrx_word' id='word_1_537' title='bbox 3659 3642 3702 3693; x_wconf 73' lang='grc' dir='ltr'><strong>ἐγ</strong></span> 
     </span>
    </p>
   </div>
   <div class='ocr_carea' id='block_1_79' title="bbox 2222 3733 3700 3816">
    <p class='ocr_par' dir='ltr' id='par_1_79' title="bbox 2222 3733 3700 3816">
     <span class='ocr_line' id='line_1_79' title="bbox 2222 3733 3700 3816; baseline -0.012 -15"><span class='ocrx_word' id='word_1_538' title='bbox 2222 3749 2439 3816; x_wconf 77' lang='grc' dir='ltr'>ἀτόμῳ,</span> <span class='ocrx_word' id='word_1_539' title='bbox 2473 3746 2542 3799; x_wconf 80' lang='grc' dir='ltr'><strong>ἐν</strong></span> <span class='ocrx_word' id='word_1_540' title='bbox 2574 3745 2723 3812; x_wconf 66' lang='grc' dir='ltr'><strong>ῥιπῇ</strong></span> <span class='ocrx_word' id='word_1_541' title='bbox 2760 3743 3090 3812; x_wconf 60' lang='grc' dir='ltr'>ὀφθαλμοῦ,</span> <span class='ocrx_word' id='word_1_542' title='bbox 3130 3743 3202 3795; x_wconf 76' lang='grc' dir='ltr'><strong>ἐν</strong></span> <span class='ocrx_word' id='word_1_543' title='bbox 3247 3740 3318 3809; x_wconf 75' lang='grc' dir='ltr'>τῇ</span> <span class='ocrx_word' id='word_1_544' title='bbox 3364 3740 3561 3806; x_wconf 77' lang='grc' dir='ltr'><strong>ἐσχάτῃ</strong></span> <span class='ocrx_word' id='word_1_545' title='bbox 3601 3733 3700 3787; x_wconf 75' lang='grc' dir='ltr'>σάλ·</span> 
     </span>
    </p>
   </div>
   <div class='ocr_carea' id='block_1_80' title="bbox 2223 3829 3700 3909">
    <p class='ocr_par' dir='ltr' id='par_1_80' title="bbox 2223 3829 3700 3909">
     <span class='ocr_line' id='line_1_80' title="bbox 2223 3829 3700 3909; baseline -0.013 -14"><span class='ocrx_word' id='word_1_546' title='bbox 2223 3857 2409 3909; x_wconf 72' lang='grc' dir='ltr'><strong>πιγγι.</strong></span> <span class='ocrx_word' id='word_1_547' title='bbox 2442 3839 2732 3892; x_wconf 72' lang='grc' dir='ltr'>Σαλπίσει</span> <span class='ocrx_word' id='word_1_548' title='bbox 2761 3837 2889 3905; x_wconf 76' lang='grc' dir='ltr'>γὰρ,</span> <span class='ocrx_word' id='word_1_549' title='bbox 2927 3836 3023 3888; x_wconf 77' lang='grc' dir='ltr'><strong>καί</strong></span> <span class='ocrx_word' id='word_1_550' title='bbox 3063 3837 3118 3888; x_wconf 75' lang='grc' dir='ltr'>οἱ</span> <span class='ocrx_word' id='word_1_551' title='bbox 3150 3835 3349 3902; x_wconf 77' lang='grc' dir='ltr'>νεκροὶ</span> <span class='ocrx_word' id='word_1_552' title='bbox 3377 3829 3700 3900; x_wconf 72' lang='grc' dir='ltr'>ὲγερθήσοιτίιι</span> 
     </span>
    </p>
   </div>
   <div class='ocr_carea' id='block_1_81' title="bbox 2222 3912 3698 3997">
    <p class='ocr_par' dir='ltr' id='par_1_81' title="bbox 2222 3912 3698 3997">
     <span class='ocr_line' id='line_1_81' title="bbox 2222 3912 3698 3997; baseline -0.009 -18"><span class='ocrx_word' id='word_1_553' title='bbox 2222 3929 2530 3997; x_wconf 59' lang='grc' dir='ltr'>ἄφθαρτοι,</span> <span class='ocrx_word' id='word_1_554' title='bbox 2572 3925 2671 3979; x_wconf 80' lang='grc' dir='ltr'>καὶ</span> <span class='ocrx_word' id='word_1_555' title='bbox 2717 3924 2890 3990; x_wconf 75' lang='grc' dir='ltr'>ἡμεῖς</span> <span class='ocrx_word' id='word_1_556' title='bbox 2921 3919 3410 3991; x_wconf 67' lang='grc' dir='ltr'>ἀλλαγησόμεθα.</span> <span class='ocrx_word' id='word_1_557' title='bbox 3444 3917 3530 3971; x_wconf 87' lang='grc' dir='ltr'><strong>Δεῖ</strong></span> <span class='ocrx_word' id='word_1_558' title='bbox 3554 3917 3632 3983; x_wconf 67' lang='grc' dir='ltr'><strong>γὰρ</strong></span> <span class='ocrx_word' id='word_1_559' title='bbox 3660 3912 3698 3962; x_wconf 73' lang='grc' dir='ltr'><strong>τὸ</strong></span> 
     </span>
    </p>
   </div>
   <div class='ocr_carea' id='block_1_82' title="bbox 2224 4001 3697 4091">
    <p class='ocr_par' dir='ltr' id='par_1_82' title="bbox 2224 4001 3697 4091">
     <span class='ocr_line' id='line_1_82' title="bbox 2224 4001 3697 4091; baseline -0.015 -16"><span class='ocrx_word' id='word_1_560' title='bbox 2224 4021 2486 4091; x_wconf 71' lang='grc' dir='ltr'>φθαρτὸν</span> <span class='ocrx_word' id='word_1_561' title='bbox 2530 4019 2706 4072; x_wconf 83' lang='grc' dir='ltr'>τοῦτο</span> <span class='ocrx_word' id='word_1_562' title='bbox 2743 4017 3119 4070; x_wconf 75' lang='grc' dir='ltr'>ἐνδύσασθαι</span> <span class='ocrx_word' id='word_1_563' title='bbox 3159 4014 3516 4083; x_wconf 60' lang='grc' dir='ltr'>ἀφθαρσίαν,</span> <span class='ocrx_word' id='word_1_564' title='bbox 3561 4006 3629 4060; x_wconf 77' lang='grc' dir='ltr'>καὶ</span> <span class='ocrx_word' id='word_1_565' title='bbox 3661 4001 3697 4055; x_wconf 80' lang='grc' dir='ltr'>τὸ</span> 
     </span>
    </p>
   </div>
   <div class='ocr_carea' id='block_1_83' title="bbox 2224 4108 3441 4178">
    <p class='ocr_par' dir='ltr' id='par_1_83' title="bbox 2224 4108 3441 4178">
     <span class='ocr_line' id='line_1_83' title="bbox 2224 4108 3441 4178; baseline -0.006 -10"><span class='ocrx_word' id='word_1_566' title='bbox 2224 4113 2449 4178; x_wconf 71' lang='grc' dir='ltr'>θνητὸν</span> <span class='ocrx_word' id='word_1_567' title='bbox 2478 4112 2654 4166; x_wconf 85' lang='grc' dir='ltr'>τοῦτο</span> <span class='ocrx_word' id='word_1_568' title='bbox 2681 4110 3057 4171; x_wconf 65' lang='grc' dir='ltr'>ἐνδύσασθαι</span> <span class='ocrx_word' id='word_1_569' title='bbox 3082 4108 3441 4162; x_wconf 72' lang='grc' dir='ltr'>ἀθανασίαν.</span> 
     </span>
    </p>
   </div>
   <div class='ocr_carea' id='block_1_84' title="bbox 2211 4208 3697 4294">
    <p class='ocr_par' dir='ltr' id='par_1_84' title="bbox 2211 4208 3697 4294">
     <span class='ocr_line' id='line_1_84' title="bbox 2211 4208 3697 4294; baseline -0.007 -17"><span class='ocrx_word' id='word_1_570' title='bbox 2211 4245 2248 4253; x_wconf 63' lang='grc' dir='ltr'><strong>ν</strong></span> <span class='ocrx_word' id='word_1_571' title='bbox 2305 4223 2647 4294; x_wconf 76' lang='grc' dir='ltr'>Ἀπόρῤητόν</span> <span class='ocrx_word' id='word_1_572' title='bbox 2685 4239 2839 4292; x_wconf 82' lang='grc' dir='ltr'>φησι.</span> <span class='ocrx_word' id='word_1_573' title='bbox 2875 4221 3129 4274; x_wconf 83' lang='grc' dir='ltr'>Δείκνυσι</span> <span class='ocrx_word' id='word_1_574' title='bbox 3178 4221 3239 4273; x_wconf 85' lang='grc' dir='ltr'><strong>δὲ</strong></span> <span class='ocrx_word' id='word_1_575' title='bbox 3275 4220 3372 4288; x_wconf 76' lang='grc' dir='ltr'>τὴν</span> <span class='ocrx_word' id='word_1_576' title='bbox 3413 4216 3530 4286; x_wconf 70' lang='grc' dir='ltr'>πρὸς</span> <span class='ocrx_word' id='word_1_577' title='bbox 3567 4208 3697 4266; x_wconf 59' lang='grc' dir='ltr'>αὐτοὺς</span> 
     </span>
    </p>
   </div>
   <div class='ocr_carea' id='block_1_85' title="bbox 2223 4297 3695 4382">
    <p class='ocr_par' dir='ltr' id='par_1_85' title="bbox 2223 4297 3695 4382">
     <span class='ocr_line' id='line_1_85' title="bbox 2223 4297 3695 4382; baseline -0.013 -16"><span class='ocrx_word' id='word_1_578' title='bbox 2223 4313 2465 4382; x_wconf 76' lang='grc' dir='ltr'>ἀγάπην,</span> <span class='ocrx_word' id='word_1_579' title='bbox 2498 4315 2562 4364; x_wconf 83' lang='grc' dir='ltr'>ὲκ</span> <span class='ocrx_word' id='word_1_580' title='bbox 2611 4311 2706 4364; x_wconf 85' lang='grc' dir='ltr'><strong>τοῦ</strong></span> <span class='ocrx_word' id='word_1_581' title='bbox 2756 4311 3048 4382; x_wconf 79' lang='grc' dir='ltr'>ἀπόρρητα</span> <span class='ocrx_word' id='word_1_582' title='bbox 3091 4311 3278 4370; x_wconf 82' lang='grc' dir='ltr'>αὐτοῖς</span> <span class='ocrx_word' id='word_1_583' title='bbox 3318 4307 3552 4372; x_wconf 80' lang='grc' dir='ltr'>ἐκλέγειν.</span> <span class='ocrx_word' id='word_1_584' title='bbox 3579 4297 3695 4351; x_wconf 55' lang='grc' dir='ltr'>«Πάν</span> 
     </span>
    </p>
   </div>
   <div class='ocr_carea' id='block_1_86' title="bbox 2224 4389 3693 4474">
    <p class='ocr_par' dir='ltr' id='par_1_86' title="bbox 2224 4389 3693 4474">
     <span class='ocr_line' id='line_1_86' title="bbox 2224 4389 3693 4474; baseline -0.008 -17"><span class='ocrx_word' id='word_1_585' title='bbox 2224 4421 2313 4468; x_wconf 90' lang='grc' dir='ltr'><strong>τες</strong></span> <span class='ocrx_word' id='word_1_586' title='bbox 2349 4405 2446 4474; x_wconf 85' lang='grc' dir='ltr'>μὲν</span> <span class='ocrx_word' id='word_1_587' title='bbox 2479 4404 2539 4456; x_wconf 73' lang='grc' dir='ltr'>οὐ</span> <span class='ocrx_word' id='word_1_588' title='bbox 2576 4401 3051 4472; x_wconf 78' lang='grc' dir='ltr'>κοιμηθησόμεθα.</span> <span class='ocrx_word' id='word_1_589' title='bbox 3096 4419 3114 4452; x_wconf 76' lang='grc' dir='ltr'>ι</span> <span class='ocrx_word' id='word_1_590' title='bbox 3153 4400 3247 4469; x_wconf 81' lang='grc' dir='ltr'><strong>Μὴ</strong></span> <span class='ocrx_word' id='word_1_591' title='bbox 3279 4399 3365 4451; x_wconf 77' lang='grc' dir='ltr'>διὰ</span> <span class='ocrx_word' id='word_1_592' title='bbox 3400 4396 3551 4455; x_wconf 81' lang='grc' dir='ltr'>τοῦτο,</span> <span class='ocrx_word' id='word_1_593' title='bbox 3575 4389 3693 4458; x_wconf 65' lang='grc' dir='ltr'>φησιν.</span> 
     </span>
    </p>
   </div>
   <div class='ocr_carea' id='block_1_87' title="bbox 539 4482 2114 4589">
    <p class='ocr_par' dir='ltr' id='par_1_87' title="bbox 539 4489 2114 4560">
     <span class='ocr_line' id='line_1_87' title="bbox 539 4489 2114 4560; baseline -0.001 -15"><span class='ocrx_word' id='word_1_594' title='bbox 539 4489 611 4545; x_wconf 84' lang='lat' dir='ltr'><strong>ob</strong></span> <span class='ocrx_word' id='word_1_595' title='bbox 639 4489 765 4556; x_wconf 86' lang='lat' dir='ltr'><strong>hoc,</strong></span> <span class='ocrx_word' id='word_1_596' title='bbox 797 4489 996 4558; x_wconf 86' lang='lat' dir='ltr'><strong>inquit,</strong></span> <span class='ocrx_word' id='word_1_597' title='bbox 1033 4489 1100 4543; x_wconf 89' lang='lat' dir='ltr'><strong>de</strong></span> <span class='ocrx_word' id='word_1_598' title='bbox 1137 4490 1541 4545; x_wconf 85' lang='lat' dir='ltr'><strong>resurrectione</strong></span> <span class='ocrx_word' id='word_1_599' title='bbox 1572 4489 1805 4555; x_wconf 84' lang='lat' dir='ltr'><strong>dimdas,</strong></span> <span class='ocrx_word' id='word_1_600' title='bbox 1839 4492 1984 4560; x_wconf 89' lang='lat' dir='ltr'><strong>quod</strong></span> <span class='ocrx_word' id='word_1_601' title='bbox 2000 4506 2114 4544; x_wconf 92' lang='lat' dir='ltr'><strong>mo-</strong></span> 
     </span>
    </p>
   </div>
   <div class='ocr_carea' id='block_1_88' title="bbox 2218 4482 3694 4589">
    <p class='ocr_par' dir='ltr' id='par_1_88' title="bbox 2225 4482 3694 4584">
     <span class='ocr_line' id='line_1_88' title="bbox 2225 4482 3694 4584; baseline -0.012 -37"><span class='ocrx_word' id='word_1_602' title='bbox 2225 4494 2441 4547; x_wconf 83' lang='grc' dir='ltr'>ἀπίστει</span> <span class='ocrx_word' id='word_1_603' title='bbox 2471 4496 2535 4563; x_wconf 85' lang='grc' dir='ltr'>τῇ</span> <span class='ocrx_word' id='word_1_604' title='bbox 2591 4494 2908 4556; x_wconf 83' lang='grc' dir='ltr'>ἀναστάσει,</span> <span class='ocrx_word' id='word_1_605' title='bbox 2942 4489 3031 4544; x_wconf 86' lang='grc' dir='ltr'>διὰ</span> <span class='ocrx_word' id='word_1_606' title='bbox 3076 4490 3137 4542; x_wconf 84' lang='grc' dir='ltr'><strong>τὺ</strong></span> <span class='ocrx_word' id='word_1_607' title='bbox 3185 4489 3398 4560; x_wconf 86' lang='grc' dir='ltr'>μέλλειν</span> <span class='ocrx_word' id='word_1_608' title='bbox 3426 4482 3694 4584; x_wconf 60' lang='grc' dir='ltr'>ἀποθνήσκειν</span> 
     </span>
    </p>
   </div>
   <div class='ocr_carea' id='block_1_89' title="bbox 537 4578 2116 4647">
    <p class='ocr_par' dir='ltr' id='par_1_89' title="bbox 537 4578 2116 4647">
     <span class='ocr_line' id='line_1_89' title="bbox 537 4578 2116 4647; baseline 0 -13"><span class='ocrx_word' id='word_1_609' title='bbox 537 4579 791 4634; x_wconf 80' lang='lat' dir='ltr'><strong>riendulu</strong></span> <span class='ocrx_word' id='word_1_610' title='bbox 825 4578 934 4641; x_wconf 86' lang='lat' dir='ltr'><strong>sit,</strong></span> <span class='ocrx_word' id='word_1_611' title='bbox 986 4579 1296 4647; x_wconf 83' lang='lat' dir='ltr'><strong>corpusque</strong></span> <span class='ocrx_word' id='word_1_612' title='bbox 1341 4578 1750 4633; x_wconf 84' lang='lat' dir='ltr'><strong>dissolvendum</strong></span> <span class='ocrx_word' id='word_1_613' title='bbox 1791 4596 1805 4632; x_wconf 92' lang='lat'><strong>:</strong></span> <span class='ocrx_word' id='word_1_614' title='bbox 1867 4580 2116 4634; x_wconf 88' lang='lat' dir='ltr'><strong>nonnulli</strong></span> 
     </span>
    </p>
   </div>
   <div class='ocr_carea' id='block_1_90' title="bbox 539 4669 2116 4739">
    <p class='ocr_par' dir='ltr' id='par_1_90' title="bbox 539 4669 2116 4739">
     <span class='ocr_line' id='line_1_90' title="bbox 539 4669 2116 4739; baseline -0.003 -13"><span class='ocrx_word' id='word_1_615' title='bbox 539 4671 684 4726; x_wconf 87' lang='lat' dir='ltr'><strong>enim</strong></span> <span class='ocrx_word' id='word_1_616' title='bbox 711 4679 845 4726; x_wconf 91' lang='lat' dir='ltr'><strong>tunc</strong></span> <span class='ocrx_word' id='word_1_617' title='bbox 899 4669 1246 4739; x_wconf 82' lang='lat' dir='ltr'><strong>reperientur</strong></span> <span class='ocrx_word' id='word_1_618' title='bbox 1279 4670 1372 4738; x_wconf 90' lang='lat' dir='ltr'><strong>qui</strong></span> <span class='ocrx_word' id='word_1_619' title='bbox 1425 4684 1495 4723; x_wconf 91' lang='lat' dir='ltr'><strong>ne</strong></span> <span class='ocrx_word' id='word_1_620' title='bbox 1531 4671 1836 4724; x_wconf 87' lang='lat' dir='ltr'><strong>moriantur</strong></span> <span class='ocrx_word' id='word_1_621' title='bbox 1871 4671 2116 4738; x_wconf 87' lang='lat' dir='ltr'><strong>quidem,</strong></span> 
     </span>
    </p>
   </div>
   <div class='ocr_carea' id='block_1_91' title="bbox 539 4761 2115 4828">
    <p class='ocr_par' dir='ltr' id='par_1_91' title="bbox 539 4761 2115 4828">
     <span class='ocr_line' id='line_1_91' title="bbox 539 4761 2115 4828; baseline -0.001 -12"><span class='ocrx_word' id='word_1_622' title='bbox 539 4773 780 4818; x_wconf 86' lang='lat' dir='ltr'><strong>attamen</strong></span> <span class='ocrx_word' id='word_1_623' title='bbox 813 4764 914 4818; x_wconf 87' lang='lat' dir='ltr'><strong>hoc</strong></span> <span class='ocrx_word' id='word_1_624' title='bbox 941 4777 1051 4818; x_wconf 91' lang='lat' dir='ltr'><strong>non</strong></span> <span class='ocrx_word' id='word_1_625' title='bbox 1073 4763 1210 4818; x_wconf 88' lang='lat' dir='ltr'><strong>satis</strong></span> <span class='ocrx_word' id='word_1_626' title='bbox 1244 4763 1350 4817; x_wconf 88' lang='lat' dir='ltr'><strong>erit</strong></span> <span class='ocrx_word' id='word_1_627' title='bbox 1383 4762 1493 4816; x_wconf 91' lang='lat' dir='ltr'><strong>illis</strong></span> <span class='ocrx_word' id='word_1_628' title='bbox 1525 4761 1592 4816; x_wconf 89' lang='lat' dir='ltr'><strong>ad</strong></span> <span class='ocrx_word' id='word_1_629' title='bbox 1628 4764 2115 4828; x_wconf 88' lang='lat' dir='ltr'><strong>resurrectionem,</strong></span> 
     </span>
    </p>
   </div>
   <div class='ocr_carea' id='block_1_92' title="bbox 540 4853 2114 4910">
    <p class='ocr_par' dir='ltr' id='par_1_92' title="bbox 540 4853 2114 4910">
     <span class='ocr_line' id='line_1_92' title="bbox 540 4853 2114 4910; baseline 0 -3"><span class='ocrx_word' id='word_1_630' title='bbox 540 4855 649 4909; x_wconf 89' lang='lat' dir='ltr'><strong>nisi</strong></span> <span class='ocrx_word' id='word_1_631' title='bbox 695 4854 1059 4910; x_wconf 89' lang='lat' dir='ltr'><strong>immutentur</strong></span> <span class='ocrx_word' id='word_1_632' title='bbox 1105 4863 1159 4909; x_wconf 90' lang='lat' dir='ltr'><strong>et</strong></span> <span class='ocrx_word' id='word_1_633' title='bbox 1187 4853 1253 4908; x_wconf 90' lang='lat' dir='ltr'><strong>ad</strong></span> <span class='ocrx_word' id='word_1_634' title='bbox 1288 4853 1760 4908; x_wconf 83' lang='lat' dir='ltr'><strong>immortalitatem</strong></span> <span class='ocrx_word' id='word_1_635' title='bbox 1814 4860 2114 4908; x_wconf 82' lang='lat' dir='ltr'><strong>transeant.</strong></span> 
     </span>
    </p>
   </div>
   <div class='ocr_carea' id='block_1_93' title="bbox 542 4943 2114 5016">
    <p class='ocr_par' dir='ltr' id='par_1_93' title="bbox 542 4943 2114 5016">
     <span class='ocr_line' id='line_1_93' title="bbox 542 4943 2114 5016; baseline 0.001 -19"><span class='ocrx_word' id='word_1_636' title='bbox 542 4943 606 4997; x_wconf 80' lang='lat' dir='ltr'><strong>Et</strong></span> <span class='ocrx_word' id='word_1_637' title='bbox 627 4947 1082 5016; x_wconf 87' lang='lat' dir='ltr'><strong>quemadmodum</strong></span> <span class='ocrx_word' id='word_1_638' title='bbox 1111 4947 1246 5001; x_wconf 84' lang='lat' dir='ltr'><strong>nihil</strong></span> <span class='ocrx_word' id='word_1_639' title='bbox 1277 4946 1384 5002; x_wconf 87' lang='lat' dir='ltr'><strong>illis</strong></span> <span class='ocrx_word' id='word_1_640' title='bbox 1412 4945 1625 5001; x_wconf 80' lang='lat' dir='ltr'><strong>confert</strong></span> <span class='ocrx_word' id='word_1_641' title='bbox 1656 4945 1722 5000; x_wconf 91' lang='lat' dir='ltr'><strong>ad</strong></span> <span class='ocrx_word' id='word_1_642' title='bbox 1753 4947 2114 5000; x_wconf 83' lang='lat' dir='ltr'><strong>resurrectio-</strong></span> 
     </span>
    </p>
   </div>
   <div class='ocr_carea' id='block_1_94' title="bbox 540 5034 2113 5108">
    <p class='ocr_par' dir='ltr' id='par_1_94' title="bbox 540 5034 2113 5108">
     <span class='ocr_line' id='line_1_94' title="bbox 540 5034 2113 5108; baseline -0.001 -18"><span class='ocrx_word' id='word_1_643' title='bbox 540 5051 664 5090; x_wconf 90' lang='lat' dir='ltr'><strong>nem</strong></span> <span class='ocrx_word' id='word_1_644' title='bbox 694 5051 801 5090; x_wconf 90' lang='lat' dir='ltr'><strong>non</strong></span> <span class='ocrx_word' id='word_1_645' title='bbox 830 5035 989 5102; x_wconf 87' lang='lat' dir='ltr'><strong>mori,</strong></span> <span class='ocrx_word' id='word_1_646' title='bbox 1023 5036 1098 5090; x_wconf 90' lang='lat' dir='ltr'><strong>ita</strong></span> <span class='ocrx_word' id='word_1_647' title='bbox 1153 5052 1331 5108; x_wconf 89' lang='lat' dir='ltr'><strong>neque</strong></span> <span class='ocrx_word' id='word_1_648' title='bbox 1357 5037 1515 5092; x_wconf 85' lang='lat' dir='ltr'><strong>nobis</strong></span> <span class='ocrx_word' id='word_1_649' title='bbox 1547 5036 1768 5091; x_wconf 89' lang='lat' dir='ltr'><strong>nocebit</strong></span> <span class='ocrx_word' id='word_1_650' title='bbox 1805 5036 1970 5089; x_wconf 90' lang='lat' dir='ltr'><strong>mori.</strong></span> <span class='ocrx_word' id='word_1_651' title='bbox 2004 5034 2113 5089; x_wconf 87' lang='lat' dir='ltr'><strong>Alii</strong></span> 
     </span>
    </p>
   </div>
   <div class='ocr_carea' id='block_1_95' title="bbox 542 5127 2116 5197">
    <p class='ocr_par' dir='ltr' id='par_1_95' title="bbox 542 5127 2116 5197">
     <span class='ocr_line' id='line_1_95' title="bbox 542 5127 2116 5197; baseline 0.002 -20"><span class='ocrx_word' id='word_1_652' title='bbox 542 5141 672 5182; x_wconf 89' lang='lat' dir='ltr'><strong>vero</strong></span> <span class='ocrx_word' id='word_1_653' title='bbox 706 5128 860 5181; x_wconf 89' lang='lat' dir='ltr'><strong>aiunt</strong></span> <span class='ocrx_word' id='word_1_654' title='bbox 883 5128 1033 5182; x_wconf 90' lang='lat' dir='ltr'><strong>illum</strong></span> <span class='ocrx_word' id='word_1_655' title='bbox 1062 5129 1267 5184; x_wconf 81' lang='lat' dir='ltr'><strong>dixisse</strong></span> <span class='ocrx_word' id='word_1_656' title='bbox 1301 5127 1455 5186; x_wconf 84' lang='lat' dir='ltr'><strong>:Non</strong></span> <span class='ocrx_word' id='word_1_657' title='bbox 1487 5127 1930 5193; x_wconf 89' lang='lat' dir='ltr'><strong>dormiemus,de</strong></span> <span class='ocrx_word' id='word_1_658' title='bbox 1957 5127 2116 5197; x_wconf 80' lang='lat' dir='ltr'><strong>longa</strong></span> 
     </span>
    </p>
   </div>
   <div class='ocr_carea' id='block_1_96' title="bbox 545 5219 2115 5290">
    <p class='ocr_par' dir='ltr' id='par_1_96' title="bbox 545 5219 2115 5290">
     <span class='ocr_line' id='line_1_96' title="bbox 545 5219 2115 5290; baseline 0 -16"><span class='ocrx_word' id='word_1_659' title='bbox 545 5227 741 5283; x_wconf 85' lang='lat' dir='ltr'><strong>morte,</strong></span> <span class='ocrx_word' id='word_1_660' title='bbox 765 5219 918 5288; x_wconf 91' lang='lat' dir='ltr'><strong>quasi</strong></span> <span class='ocrx_word' id='word_1_661' title='bbox 942 5221 1295 5289; x_wconf 87' lang='lat' dir='ltr'><strong>corruptione</strong></span> <span class='ocrx_word' id='word_1_662' title='bbox 1320 5236 1382 5275; x_wconf 88' lang='lat' dir='ltr'><strong>ac</strong></span> <span class='ocrx_word' id='word_1_663' title='bbox 1404 5221 1765 5276; x_wconf 86' lang='lat' dir='ltr'><strong>dissolutione</strong></span> <span class='ocrx_word' id='word_1_664' title='bbox 1784 5235 1922 5290; x_wconf 88' lang='lat' dir='ltr'><strong>opus</strong></span> <span class='ocrx_word' id='word_1_665' title='bbox 1947 5227 2115 5276; x_wconf 87' lang='lat' dir='ltr'><strong>esset.</strong></span> 
     </span>
    </p>
   </div>
   <div class='ocr_carea' id='block_1_97' title="bbox 547 5311 2116 5384">
    <p class='ocr_par' dir='ltr' id='par_1_97' title="bbox 547 5311 2116 5384">
     <span class='ocr_line' id='line_1_97' title="bbox 547 5311 2116 5384; baseline 0.001 -18"><span class='ocrx_word' id='word_1_666' title='bbox 547 5311 830 5381; x_wconf 86' lang='lat' dir='ltr'><strong>Siquidem</strong></span> <span class='ocrx_word' id='word_1_667' title='bbox 866 5311 1254 5366; x_wconf 87' lang='lat' dir='ltr'><strong>inindivisibili</strong></span> <span class='ocrx_word' id='word_1_668' title='bbox 1291 5313 1408 5368; x_wconf 88' lang='lat' dir='ltr'><strong>sive</strong></span> <span class='ocrx_word' id='word_1_669' title='bbox 1431 5323 1636 5382; x_wconf 85' lang='lat' dir='ltr'><strong>puncto</strong></span> <span class='ocrx_word' id='word_1_670' title='bbox 1663 5315 1957 5384; x_wconf 90' lang='lat' dir='ltr'><strong>temporis,</strong></span> <span class='ocrx_word' id='word_1_671' title='bbox 1987 5323 2039 5369; x_wconf 90' lang='lat' dir='ltr'><strong>et</strong></span> <span class='ocrx_word' id='word_1_672' title='bbox 2062 5315 2116 5368; x_wconf 94' lang='lat' dir='ltr'><strong>in</strong></span> 
     </span>
    </p>
   </div>
   <div class='ocr_carea' id='block_1_98' title="bbox 553 5402 2120 5476">
    <p class='ocr_par' dir='ltr' id='par_1_98' title="bbox 553 5402 2120 5476">
     <span class='ocr_line' id='line_1_98' title="bbox 553 5402 2120 5476; baseline 0.002 -20"><span class='ocrx_word' id='word_1_673' title='bbox 553 5410 833 5457; x_wconf 80' lang='lat' dir='ltr'><strong>tuomento</strong></span> <span class='ocrx_word' id='word_1_674' title='bbox 871 5402 1016 5456; x_wconf 91' lang='lat' dir='ltr'><strong>oculi</strong></span> <span class='ocrx_word' id='word_1_675' title='bbox 1050 5402 1163 5458; x_wconf 85' lang='lat' dir='ltr'><strong>sive</strong></span> <span class='ocrx_word' id='word_1_676' title='bbox 1189 5403 1339 5458; x_wconf 88' lang='lat' dir='ltr'><strong>uictu</strong></span> <span class='ocrx_word' id='word_1_677' title='bbox 1378 5412 1434 5459; x_wconf 90' lang='lat' dir='ltr'><strong>et</strong></span> <span class='ocrx_word' id='word_1_678' title='bbox 1478 5413 1628 5459; x_wconf 91' lang='lat' dir='ltr'><strong>motu</strong></span> <span class='ocrx_word' id='word_1_679' title='bbox 1687 5407 1978 5476; x_wconf 82' lang='lat' dir='ltr'><strong>subitoque</strong></span> <span class='ocrx_word' id='word_1_680' title='bbox 2021 5407 2120 5460; x_wconf 82' lang='lat' dir='ltr'><strong>im-</strong></span> 
     </span>
    </p>
   </div>
   <div class='ocr_carea' id='block_1_99' title="bbox 546 5495 2122 5569">
    <p class='ocr_par' dir='ltr' id='par_1_99' title="bbox 546 5495 2122 5569">
     <span class='ocr_line' id='line_1_99' title="bbox 546 5495 2122 5569; baseline 0.001 -20"><span class='ocrx_word' id='word_1_681' title='bbox 546 5503 670 5563; x_wconf 71' lang='lat' dir='ltr'><strong>pctu</strong></span> <span class='ocrx_word' id='word_1_682' title='bbox 696 5502 751 5551; x_wconf 88' lang='lat' dir='ltr'><strong>et</strong></span> <span class='ocrx_word' id='word_1_683' title='bbox 782 5495 916 5550; x_wconf 91' lang='lat' dir='ltr'><strong>mori</strong></span> <span class='ocrx_word' id='word_1_684' title='bbox 943 5503 997 5551; x_wconf 90' lang='lat' dir='ltr'><strong>et</strong></span> <span class='ocrx_word' id='word_1_685' title='bbox 1041 5511 1348 5567; x_wconf 79' lang='lat' dir='ltr'><strong>resurgere,</strong></span> <span class='ocrx_word' id='word_1_686' title='bbox 1381 5512 1449 5552; x_wconf 90' lang='lat' dir='ltr'><strong>ne</strong></span> <span class='ocrx_word' id='word_1_687' title='bbox 1478 5497 1860 5554; x_wconf 83' lang='lat' dir='ltr'><strong>dormitionem</strong></span> <span class='ocrx_word' id='word_1_688' title='bbox 1903 5499 2122 5569; x_wconf 89' lang='lat' dir='ltr'><strong>quidem</strong></span> 
     </span>
    </p>
   </div>
   <div class='ocr_carea' id='block_1_100' title="bbox 548 5586 2119 5660">
    <p class='ocr_par' dir='ltr' id='par_1_100' title="bbox 548 5586 2119 5660">
     <span class='ocr_line' id='line_1_100' title="bbox 548 5586 2119 5660; baseline 0.006 -22"><span class='ocrx_word' id='word_1_689' title='bbox 548 5601 668 5640; x_wconf 86' lang='lat' dir='ltr'><strong>esse</strong></span> <span class='ocrx_word' id='word_1_690' title='bbox 702 5586 913 5643; x_wconf 91' lang='lat' dir='ltr'><strong>dicunt.</strong></span> <span class='ocrx_word' id='word_1_691' title='bbox 987 5607 1004 5640; x_wconf 82' lang='grc' dir='ltr'>ι</span> <span class='ocrx_word' id='word_1_692' title='bbox 1049 5587 1105 5641; x_wconf 85' lang='grc' dir='ltr'>1η</span> <span class='ocrx_word' id='word_1_693' title='bbox 1142 5597 1348 5660; x_wconf 91' lang='lat' dir='ltr'><strong>puncto</strong></span> <span class='ocrx_word' id='word_1_694' title='bbox 1404 5590 1688 5660; x_wconf 90' lang='lat' dir='ltr'><strong>temporis,</strong></span> <span class='ocrx_word' id='word_1_695' title='bbox 1745 5592 1798 5644; x_wconf 93' lang='lat' dir='ltr'><strong>in</strong></span> <span class='ocrx_word' id='word_1_696' title='bbox 1842 5604 2119 5647; x_wconf 90' lang='lat' dir='ltr'><strong>momento</strong></span> 
     </span>
    </p>
   </div>
   <div class='ocr_carea' id='block_1_101' title="bbox 552 5678 2120 5752">
    <p class='ocr_par' dir='ltr' id='par_1_101' title="bbox 552 5678 2120 5752">
     <span class='ocr_line' id='line_1_101' title="bbox 552 5678 2120 5752; baseline 0.003 -22"><span class='ocrx_word' id='word_1_697' title='bbox 552 5678 716 5731; x_wconf 87' lang='lat' dir='ltr'><strong>oculi.</strong></span> <span class='ocrx_word' id='word_1_698' title='bbox 756 5699 775 5730; x_wconf 71' lang='grc' dir='ltr'>ι</span> <span class='ocrx_word' id='word_1_699' title='bbox 816 5681 898 5733; x_wconf 74' lang='lat' dir='ltr'><strong>An</strong></span> <span class='ocrx_word' id='word_1_700' title='bbox 930 5696 995 5736; x_wconf 89' lang='lat' dir='ltr'><strong>ne</strong></span> <span class='ocrx_word' id='word_1_701' title='bbox 1024 5681 1186 5735; x_wconf 90' lang='lat' dir='ltr'><strong>etiam</strong></span> <span class='ocrx_word' id='word_1_702' title='bbox 1222 5681 1326 5736; x_wconf 90' lang='lat' dir='ltr'><strong>hoc</strong></span> <span class='ocrx_word' id='word_1_703' title='bbox 1357 5679 1518 5736; x_wconf 90' lang='lat' dir='ltr'><strong>modo</strong></span> <span class='ocrx_word' id='word_1_704' title='bbox 1576 5681 1879 5752; x_wconf 77' lang='lat' dir='ltr'><strong>intelligere</strong></span> <span class='ocrx_word' id='word_1_705' title='bbox 1911 5682 2120 5736; x_wconf 79' lang='lat' dir='ltr'><strong>licebit?</strong></span> 
     </span>
    </p>
   </div>
   <div class='ocr_carea' id='block_1_102' title="bbox 549 5770 2116 5847">
    <p class='ocr_par' dir='ltr' id='par_1_102' title="bbox 549 5770 2116 5847">
     <span class='ocr_line' id='line_1_102' title="bbox 549 5770 2116 5847; baseline 0.005 -23"><span class='ocrx_word' id='word_1_706' title='bbox 549 5770 642 5824; x_wconf 76' lang='lat' dir='ltr'><strong>sed</strong></span> <span class='ocrx_word' id='word_1_707' title='bbox 679 5786 848 5841; x_wconf 86' lang='lat' dir='ltr'><strong>pauca</strong></span> <span class='ocrx_word' id='word_1_708' title='bbox 874 5782 999 5828; x_wconf 91' lang='lat' dir='ltr'><strong>ante</strong></span> <span class='ocrx_word' id='word_1_709' title='bbox 1024 5774 1360 5832; x_wconf 87' lang='lat' dir='ltr'><strong>intellectum</strong></span> <span class='ocrx_word' id='word_1_710' title='bbox 1388 5777 1658 5830; x_wconf 89' lang='lat' dir='ltr'><strong>narranda</strong></span> <span class='ocrx_word' id='word_1_711' title='bbox 1687 5786 1834 5830; x_wconf 88' lang='lat' dir='ltr'><strong>sunt.</strong></span> <span class='ocrx_word' id='word_1_712' title='bbox 1873 5776 2116 5847; x_wconf 75' lang='lat' dir='ltr'><strong>Evange-</strong></span> 
     </span>
    </p>
   </div>
   <div class='ocr_carea' id='block_1_103' title="bbox 2226 4571 3693 4650">
    <p class='ocr_par' dir='ltr' id='par_1_103' title="bbox 2226 4571 3693 4650">
     <span class='ocr_line' id='line_1_103' title="bbox 2226 4571 3693 4650; baseline -0.008 -14"><span class='ocrx_word' id='word_1_713' title='bbox 2226 4584 2320 4636; x_wconf 70' lang='grc' dir='ltr'>καὶ</span> <span class='ocrx_word' id='word_1_714' title='bbox 2349 4582 2683 4636; x_wconf 84' lang='grc' dir='ltr'>διαλύεσθαι.</span> <span class='ocrx_word' id='word_1_715' title='bbox 2741 4582 2859 4634; x_wconf 74' lang='grc' dir='ltr'>Εἰσὶ</span> <span class='ocrx_word' id='word_1_716' title='bbox 2889 4581 2998 4650; x_wconf 89' lang='grc' dir='ltr'>γάρ</span> <span class='ocrx_word' id='word_1_717' title='bbox 3028 4596 3174 4643; x_wconf 88' lang='grc' dir='ltr'>τινες</span> <span class='ocrx_word' id='word_1_718' title='bbox 3221 4579 3341 4632; x_wconf 76' lang='grc' dir='ltr'>τότε</span> <span class='ocrx_word' id='word_1_719' title='bbox 3388 4571 3693 4646; x_wconf 61' lang='grc' dir='ltr'>εὑρισκόμενοι,</span> 
     </span>
    </p>
   </div>
   <div class='ocr_carea' id='block_1_104' title="bbox 2224 4656 3694 4744">
    <p class='ocr_par' dir='ltr' id='par_1_104' title="bbox 2224 4656 3694 4744">
     <span class='ocr_line' id='line_1_104' title="bbox 2224 4656 3694 4744; baseline -0.012 -14"><span class='ocrx_word' id='word_1_720' title='bbox 2224 4675 2274 4728; x_wconf 84' lang='grc' dir='ltr'>οἶ</span> <span class='ocrx_word' id='word_1_721' title='bbox 2307 4676 2367 4729; x_wconf 85' lang='grc' dir='ltr'>οὑ</span> <span class='ocrx_word' id='word_1_722' title='bbox 2399 4675 2474 4744; x_wconf 83' lang='grc' dir='ltr'>μὴ</span> <span class='ocrx_word' id='word_1_723' title='bbox 2505 4674 2872 4737; x_wconf 83' lang='grc' dir='ltr'>ἀποθάνωσιν,</span> <span class='ocrx_word' id='word_1_724' title='bbox 2900 4672 3016 4725; x_wconf 83' lang='grc' dir='ltr'>ἀλλ’</span> <span class='ocrx_word' id='word_1_725' title='bbox 3050 4673 3198 4742; x_wconf 85' lang='grc' dir='ltr'>ὅμως</span> <span class='ocrx_word' id='word_1_726' title='bbox 3230 4671 3330 4724; x_wconf 83' lang='grc' dir='ltr'>οὐκ</span> <span class='ocrx_word' id='word_1_727' title='bbox 3354 4670 3548 4739; x_wconf 75' lang='grc' dir='ltr'>ἀρκέσει</span> <span class='ocrx_word' id='word_1_728' title='bbox 3576 4656 3694 4714; x_wconf 74' lang='grc' dir='ltr'>αὐτοῖς</span> 
     </span>
    </p>
   </div>
   <div class='ocr_carea' id='block_1_105' title="bbox 2225 4748 3694 4835">
    <p class='ocr_par' dir='ltr' id='par_1_105' title="bbox 2225 4748 3694 4835">
     <span class='ocr_line' id='line_1_105' title="bbox 2225 4748 3694 4835; baseline -0.012 -14"><span class='ocrx_word' id='word_1_729' title='bbox 2225 4766 2386 4821; x_wconf 85' lang='grc' dir='ltr'>τοῦτο</span> <span class='ocrx_word' id='word_1_730' title='bbox 2415 4769 2491 4829; x_wconf 84' lang='grc' dir='ltr'><strong>είς</strong></span> <span class='ocrx_word' id='word_1_731' title='bbox 2527 4766 2624 4835; x_wconf 81' lang='grc' dir='ltr'>τὴν</span> <span class='ocrx_word' id='word_1_732' title='bbox 2669 4766 2990 4826; x_wconf 86' lang='grc' dir='ltr'>ἀνάστασιν,</span> <span class='ocrx_word' id='word_1_733' title='bbox 3029 4764 3122 4816; x_wconf 72' lang='grc' dir='ltr'>ἐὰν</span> <span class='ocrx_word' id='word_1_734' title='bbox 3165 4762 3240 4833; x_wconf 85' lang='grc' dir='ltr'>μὴ</span> <span class='ocrx_word' id='word_1_735' title='bbox 3275 4758 3528 4827; x_wconf 83' lang='grc' dir='ltr'>ἀλλαγῶσι</span> <span class='ocrx_word' id='word_1_736' title='bbox 3562 4752 3629 4806; x_wconf 82' lang='grc' dir='ltr'><strong>καὶ</strong></span> <span class='ocrx_word' id='word_1_737' title='bbox 3647 4748 3694 4804; x_wconf 70' lang='grc' dir='ltr'><strong>εἰς</strong></span> 
     </span>
    </p>
   </div>
   <div class='ocr_carea' id='block_1_106' title="bbox 2226 4836 3692 4925">
    <p class='ocr_par' dir='ltr' id='par_1_106' title="bbox 2226 4836 3692 4925">
     <span class='ocr_line' id='line_1_106' title="bbox 2226 4836 3692 4925; baseline -0.013 -11"><span class='ocrx_word' id='word_1_738' title='bbox 2226 4859 2525 4915; x_wconf 85' lang='grc' dir='ltr'>ἀθανασίαν</span> <span class='ocrx_word' id='word_1_739' title='bbox 2551 4858 2766 4911; x_wconf 77' lang='grc' dir='ltr'>ἔλθωσι.</span> <span class='ocrx_word' id='word_1_740' title='bbox 2803 4857 2911 4909; x_wconf 78' lang='grc' dir='ltr'><strong>Καὶ</strong></span> <span class='ocrx_word' id='word_1_741' title='bbox 2940 4855 3129 4925; x_wconf 76' lang='grc' dir='ltr'>ὥσπερ</span> <span class='ocrx_word' id='word_1_742' title='bbox 3171 4854 3399 4914; x_wconf 75' lang='grc' dir='ltr'>ἐκείνοις</span> <span class='ocrx_word' id='word_1_743' title='bbox 3437 4850 3491 4902; x_wconf 86' lang='grc' dir='ltr'>οὐ</span> <span class='ocrx_word' id='word_1_744' title='bbox 3527 4836 3692 4910; x_wconf 69' lang='grc' dir='ltr'>σνμσάλο</span> 
     </span>
    </p>
   </div>
   <div class='ocr_carea' id='block_1_107' title="bbox 2225 4928 3691 5026">
    <p class='ocr_par' dir='ltr' id='par_1_107' title="bbox 2225 4928 3691 5026">
     <span class='ocr_line' id='line_1_107' title="bbox 2225 4928 3691 5026; baseline -0.014 -26"><span class='ocrx_word' id='word_1_745' title='bbox 2225 4947 2372 5000; x_wconf 87' lang='grc' dir='ltr'>λεται</span> <span class='ocrx_word' id='word_1_746' title='bbox 2418 4947 2553 5017; x_wconf 80' lang='grc' dir='ltr'>πρὸς</span> <span class='ocrx_word' id='word_1_747' title='bbox 2587 4947 2686 5017; x_wconf 82' lang='grc' dir='ltr'>τὴν</span> <span class='ocrx_word' id='word_1_748' title='bbox 2717 4947 3014 5000; x_wconf 82' lang='grc' dir='ltr'>ἀνάστασιν</span> <span class='ocrx_word' id='word_1_749' title='bbox 3061 4944 3120 4997; x_wconf 85' lang='grc' dir='ltr'>τὸ</span> <span class='ocrx_word' id='word_1_750' title='bbox 3154 4945 3228 5014; x_wconf 82' lang='grc' dir='ltr'>μὴ</span> <span class='ocrx_word' id='word_1_751' title='bbox 3285 4939 3560 4999; x_wconf 75' lang='grc' dir='ltr'>ἀποθανεῖν,</span> <span class='ocrx_word' id='word_1_752' title='bbox 3582 4928 3691 5026; x_wconf 40' lang='lat' dir='ltr'><strong>circa?</strong></span> 
     </span>
    </p>
   </div>
   <div class='ocr_carea' id='block_1_108' title="bbox 2224 5017 3690 5109">
    <p class='ocr_par' dir='ltr' id='par_1_108' title="bbox 2224 5017 3690 5109">
     <span class='ocr_line' id='line_1_108' title="bbox 2224 5017 3690 5109; baseline -0.008 -15"><span class='ocrx_word' id='word_1_753' title='bbox 2224 5040 2343 5094; x_wconf 80' lang='grc' dir='ltr'><strong>οὐδὲ</strong></span> <span class='ocrx_word' id='word_1_754' title='bbox 2378 5040 2524 5109; x_wconf 79' lang='grc' dir='ltr'>ἡμᾶς</span> <span class='ocrx_word' id='word_1_755' title='bbox 2577 5038 2770 5108; x_wconf 64' lang='grc' dir='ltr'>βλάψει</span> <span class='ocrx_word' id='word_1_756' title='bbox 2807 5038 2865 5090; x_wconf 76' lang='grc' dir='ltr'><strong>τὸ</strong></span> <span class='ocrx_word' id='word_1_757' title='bbox 2891 5037 3201 5090; x_wconf 84' lang='grc' dir='ltr'>ἀποθανεῖν.</span> <span class='ocrx_word' id='word_1_758' title='bbox 3233 5035 3408 5088; x_wconf 79' lang='grc' dir='ltr'>Ἀλλοι</span> <span class='ocrx_word' id='word_1_759' title='bbox 3442 5030 3492 5084; x_wconf 84' lang='grc' dir='ltr'><strong>δὲ</strong></span> <span class='ocrx_word' id='word_1_760' title='bbox 3537 5026 3597 5087; x_wconf 81' lang='grc' dir='ltr'>τὸ,</span> <span class='ocrx_word' id='word_1_761' title='bbox 3621 5017 3690 5070; x_wconf 63' lang='grc'><strong>(0⁵</strong></span> 
     </span>
    </p>
   </div>
   <div class='ocr_carea' id='block_1_109' title="bbox 2226 5113 3688 5204">
    <p class='ocr_par' dir='ltr' id='par_1_109' title="bbox 2226 5113 3688 5204">
     <span class='ocr_line' id='line_1_109' title="bbox 2226 5113 3688 5204; baseline -0.015 -17"><span class='ocrx_word' id='word_1_762' title='bbox 2226 5132 2700 5204; x_wconf 81' lang='grc' dir='ltr'>κοιμηθησόμεθα,</span> <span class='ocrx_word' id='word_1_763' title='bbox 2727 5151 2746 5185; x_wconf 75' lang='grc' dir='ltr'>ι</span> <span class='ocrx_word' id='word_1_764' title='bbox 2774 5131 2942 5199; x_wconf 68' lang='grc' dir='ltr'>φασὶ,</span> <span class='ocrx_word' id='word_1_765' title='bbox 2974 5129 3103 5199; x_wconf 74' lang='grc' dir='ltr'>περὶ</span> <span class='ocrx_word' id='word_1_766' title='bbox 3149 5127 3243 5182; x_wconf 85' lang='grc' dir='ltr'><strong>τοῦ</strong></span> <span class='ocrx_word' id='word_1_767' title='bbox 3297 5121 3490 5198; x_wconf 82' lang='grc' dir='ltr'>μακροῦ</span> <span class='ocrx_word' id='word_1_768' title='bbox 3533 5113 3688 5204; x_wconf 40' lang='lat' dir='ltr'><strong>Gardt?&quot;</strong></span> 
     </span>
    </p>
   </div>
   <div class='ocr_carea' id='block_1_110' title="bbox 2226 5200 3689 5302">
    <p class='ocr_par' dir='ltr' id='par_1_110' title="bbox 2226 5200 3689 5302">
     <span class='ocr_line' id='line_1_110' title="bbox 2226 5200 3689 5302; baseline -0.012 -23"><span class='ocrx_word' id='word_1_769' title='bbox 2226 5200 2393 5279; x_wconf 78' lang='grc' dir='ltr'>αὑτὸν</span> <span class='ocrx_word' id='word_1_770' title='bbox 2418 5200 2702 5296; x_wconf 77' lang='grc' dir='ltr'>είρηκέναι</span> <span class='ocrx_word' id='word_1_771' title='bbox 2733 5222 2875 5276; x_wconf 84' lang='grc' dir='ltr'>ὥστε</span> <span class='ocrx_word' id='word_1_772' title='bbox 2907 5221 3112 5292; x_wconf 83' lang='grc' dir='ltr'>φθορᾶς</span> <span class='ocrx_word' id='word_1_773' title='bbox 3141 5219 3236 5274; x_wconf 74' lang='grc' dir='ltr'>καὶ</span> <span class='ocrx_word' id='word_1_774' title='bbox 3275 5216 3541 5272; x_wconf 78' lang='grc' dir='ltr'>διαλύσεως</span> <span class='ocrx_word' id='word_1_775' title='bbox 3562 5200 3689 5302; x_wconf 47' lang='grc' dir='ltr'><strong>δεῇθῆς</strong></span> 
     </span>
    </p>
   </div>
   <div class='ocr_carea' id='block_1_111' title="bbox 2223 5296 3685 5388">
    <p class='ocr_par' dir='ltr' id='par_1_111' title="bbox 2223 5296 3685 5388">
     <span class='ocr_line' id='line_1_111' title="bbox 2223 5296 3685 5388; baseline -0.013 -16"><span class='ocrx_word' id='word_1_776' title='bbox 2223 5335 2331 5372; x_wconf 87' lang='grc' dir='ltr'>ναι.</span> <span class='ocrx_word' id='word_1_777' title='bbox 2358 5318 2431 5370; x_wconf 82' lang='grc' dir='ltr'><strong>Τὸ</strong></span> <span class='ocrx_word' id='word_1_778' title='bbox 2467 5318 2576 5388; x_wconf 80' lang='grc' dir='ltr'>γὰρ</span> <span class='ocrx_word' id='word_1_779' title='bbox 2606 5317 2664 5370; x_wconf 82' lang='grc' dir='ltr'>ὲν</span> <span class='ocrx_word' id='word_1_780' title='bbox 2709 5315 2920 5385; x_wconf 82' lang='grc' dir='ltr'>ἀτόμῳ,</span> <span class='ocrx_word' id='word_1_781' title='bbox 2953 5314 3118 5385; x_wconf 66' lang='grc' dir='ltr'>ἤγουν</span> <span class='ocrx_word' id='word_1_782' title='bbox 3170 5314 3225 5365; x_wconf 80' lang='grc' dir='ltr'>ὲν</span> <span class='ocrx_word' id='word_1_783' title='bbox 3259 5309 3470 5378; x_wconf 82' lang='grc' dir='ltr'>στιγμῇ,</span> <span class='ocrx_word' id='word_1_784' title='bbox 3517 5303 3563 5354; x_wconf 77' lang='grc' dir='ltr'>ἐν</span> 
     </span>
    </p>
   </div>
   <div class='ocr_carea' id='block_1_112' title="bbox 2226 5387 3691 5478">
    <p class='ocr_par' dir='ltr' id='par_1_112' title="bbox 2226 5387 3691 5478">
     <span class='ocr_line' id='line_1_112' title="bbox 2226 5387 3691 5478; baseline -0.006 -17"><span class='ocrx_word' id='word_1_785' title='bbox 2226 5407 2530 5478; x_wconf 84' lang='grc' dir='ltr'>ὀφθαλμοῦ,</span> <span class='ocrx_word' id='word_1_786' title='bbox 2551 5387 2732 5477; x_wconf 65' lang='grc' dir='ltr'>ἤγουν</span> <span class='ocrx_word' id='word_1_787' title='bbox 2764 5406 2908 5476; x_wconf 82' lang='grc' dir='ltr'>φορᾷ</span> <span class='ocrx_word' id='word_1_788' title='bbox 2942 5405 3035 5457; x_wconf 79' lang='grc' dir='ltr'>καὶ</span> <span class='ocrx_word' id='word_1_789' title='bbox 3079 5403 3307 5471; x_wconf 72' lang='grc' dir='ltr'>κινήσει,</span> <span class='ocrx_word' id='word_1_790' title='bbox 3333 5398 3419 5454; x_wconf 76' lang='grc' dir='ltr'><strong>καὶ</strong></span> <span class='ocrx_word' id='word_1_791' title='bbox 3460 5391 3576 5463; x_wconf 72' lang='grc' dir='ltr'>ὁρμῇ</span> <span class='ocrx_word' id='word_1_792' title='bbox 3604 5387 3691 5436; x_wconf 60' lang='grc' dir='ltr'><strong>ἀπ’</strong></span> 
     </span>
    </p>
   </div>
   <div class='ocr_carea' id='block_1_113' title="bbox 2229 5481 3686 5567">
    <p class='ocr_par' dir='ltr' id='par_1_113' title="bbox 2229 5481 3686 5567">
     <span class='ocr_line' id='line_1_113' title="bbox 2229 5481 3686 5567; baseline -0.02 -16"><span class='ocrx_word' id='word_1_793' title='bbox 2229 5498 2414 5553; x_wconf 81' lang='grc' dir='ltr'>θανεῖν</span> <span class='ocrx_word' id='word_1_794' title='bbox 2465 5498 2563 5552; x_wconf 74' lang='grc' dir='ltr'>καὶ</span> <span class='ocrx_word' id='word_1_795' title='bbox 2609 5497 2932 5567; x_wconf 84' lang='grc' dir='ltr'>ἀναστῆναι,</span> <span class='ocrx_word' id='word_1_796' title='bbox 2963 5495 3086 5548; x_wconf 73' lang='grc' dir='ltr'><strong>οὐδὲ</strong></span> <span class='ocrx_word' id='word_1_797' title='bbox 3133 5495 3381 5562; x_wconf 75' lang='grc' dir='ltr'>κοίμησιν</span> <span class='ocrx_word' id='word_1_798' title='bbox 3422 5481 3538 5539; x_wconf 76' lang='grc' dir='ltr'>εἶναι</span> <span class='ocrx_word' id='word_1_799' title='bbox 3565 5483 3686 5567; x_wconf 42' lang='grc' dir='ltr'>φασιν</span> 
     </span>
    </p>
   </div>
   <div class='ocr_carea' id='block_1_114' title="bbox 2237 5554 3688 5659">
    <p class='ocr_par' dir='ltr' id='par_1_114' title="bbox 2237 5554 3688 5659">
     <span class='ocr_line' id='line_1_114' title="bbox 2237 5554 3688 5659; baseline -0.023 -15"><span class='ocrx_word' id='word_1_800' title='bbox 2237 5609 2254 5642; x_wconf 81' lang='grc' dir='ltr'>ι</span> <span class='ocrx_word' id='word_1_801' title='bbox 2295 5589 2385 5642; x_wconf 82' lang='grc' dir='ltr'><strong>Ἐν</strong></span> <span class='ocrx_word' id='word_1_802' title='bbox 2417 5588 2626 5659; x_wconf 86' lang='grc' dir='ltr'>ἀτόμῳ,</span> <span class='ocrx_word' id='word_1_803' title='bbox 2661 5589 2719 5640; x_wconf 76' lang='grc' dir='ltr'>ἐν</span> <span class='ocrx_word' id='word_1_804' title='bbox 2749 5554 2882 5658; x_wconf 49' lang='grc' dir='ltr'><strong>ῥιῖπῇ</strong></span> <span class='ocrx_word' id='word_1_805' title='bbox 2920 5554 3234 5653; x_wconf 40' lang='grc' dir='ltr'>’ὀφθαλμοῦξ</span> <span class='ocrx_word' id='word_1_806' title='bbox 3253 5554 3442 5648; x_wconf 41' lang='grc' dir='ltr'>ι’*Λρα</span> <span class='ocrx_word' id='word_1_807' title='bbox 3466 5572 3527 5642; x_wconf 74' lang='grc' dir='ltr'>μὴ</span> <span class='ocrx_word' id='word_1_808' title='bbox 3553 5567 3610 5618; x_wconf 79' lang='grc' dir='ltr'>ἔνι</span> <span class='ocrx_word' id='word_1_809' title='bbox 3629 5554 3688 5610; x_wconf 76' lang='grc' dir='ltr'>καὶ</span> 
     </span>
    </p>
   </div>
   <div class='ocr_carea' id='block_1_115' title="bbox 2231 5661 3686 5749">
    <p class='ocr_par' dir='ltr' id='par_1_115' title="bbox 2231 5661 3686 5749">
     <span class='ocr_line' id='line_1_115' title="bbox 2231 5661 3686 5749; baseline -0.021 -15"><span class='ocrx_word' id='word_1_810' title='bbox 2231 5681 2403 5744; x_wconf 69' lang='grc' dir='ltr'>οὕτως</span> <span class='ocrx_word' id='word_1_811' title='bbox 2423 5680 2646 5748; x_wconf 82' lang='grc' dir='ltr'>νοῆσαι;</span> <span class='ocrx_word' id='word_1_812' title='bbox 2677 5678 2850 5749; x_wconf 83' lang='grc' dir='ltr'>μικρά</span> <span class='ocrx_word' id='word_1_813' title='bbox 2873 5676 2929 5728; x_wconf 76' lang='grc' dir='ltr'><strong>δὲ</strong></span> <span class='ocrx_word' id='word_1_814' title='bbox 2952 5671 3358 5745; x_wconf 83' lang='grc' dir='ltr'>προαφηγητέον</span> <span class='ocrx_word' id='word_1_815' title='bbox 3375 5663 3457 5721; x_wconf 85' lang='grc' dir='ltr'><strong>τοῦ</strong></span> <span class='ocrx_word' id='word_1_816' title='bbox 3481 5661 3686 5749; x_wconf 53' lang='grc' dir='ltr'>νοήμάξο-ῖι</span> 
     </span>
    </p>
   </div>
   <div class='ocr_carea' id='block_1_116' title="bbox 3613 5743 3684 5796">
    <p class='ocr_par' dir='ltr' id='par_1_116' title="bbox 3613 5743 3684 5796">
     <span class='ocr_line' id='line_1_116' title="bbox 3613 5743 3684 5796; baseline 0 0"><span class='ocrx_word' id='word_1_817' title='bbox 3613 5743 3684 5796; x_wconf 55' lang='lat' dir='ltr'><strong>ist.</strong></span> 
     </span>
    </p>
   </div>
   <div class='ocr_carea' id='block_1_117' title="bbox 2245 5760 3639 5841">
    <p class='ocr_par' dir='ltr' id='par_1_117' title="bbox 2245 5760 3639 5841">
     <span class='ocr_line' id='line_1_117' title="bbox 2245 5760 3639 5841; baseline -0.009 -16"><span class='ocrx_word' id='word_1_818' title='bbox 2245 5777 2302 5825; x_wconf 79' lang='grc' dir='ltr'><strong>Ὀ</strong></span> <span class='ocrx_word' id='word_1_819' title='bbox 2338 5771 2725 5841; x_wconf 71' lang='grc' dir='ltr'>εὐαγγελιστὴς</span> <span class='ocrx_word' id='word_1_820' title='bbox 2749 5769 3018 5839; x_wconf 65' lang='grc' dir='ltr'>Ἰωάννης,</span> <span class='ocrx_word' id='word_1_821' title='bbox 3039 5768 3198 5836; x_wconf 65' lang='grc' dir='ltr'>φησὶν</span> <span class='ocrx_word' id='word_1_822' title='bbox 3225 5767 3283 5818; x_wconf 83' lang='grc' dir='ltr'>ὲν</span> <span class='ocrx_word' id='word_1_823' title='bbox 3306 5763 3367 5832; x_wconf 74' lang='grc' dir='ltr'>τῇ</span> <span class='ocrx_word' id='word_1_824' title='bbox 3392 5760 3639 5812; x_wconf 60' lang='grc' dir='ltr'>Ἀποκαλυΐ</span> 
     </span>
    </p>
   </div>
  </div>
