3906 6542
167 417 276 480 893

1092 417 1474 480 COMMENT.
1507 419 1588 480 IN
1627 418 1865 483 EPIST.
1900 420 1930 481 Ι
1964 421 2066 484 ΑΙ)
2093 422 2458 488 CORINTH.

3301 424 3411 488 894

168 534 232 582 τι
281 526 430 590 τέλος
467 527 577 592 τοις
612 526 939 598 ἀνθρώποις,
985 527 1060 599 μή
1108 529 1197 597 ὑφ’
1228 528 1286 582 ἓν
1327 530 1492 584 πᾶσιν
1539 529 1736 597 ἐπάγε-

1845 528 1971 585 lista
1995 531 2232 589 Joannes
2258 534 2330 587 ait
2363 533 2418 588 in
2450 533 2776 604 Apocalypsi
2819 533 2864 566 “
2894 533 3053 588 ﬁnem
3095 533 3412 588 hominibus

174 622 319 685 σθαι,
350 619 485 672 ἀλλὰ
514 620 652 673 κατά
689 622 852 690 μέρος
882 619 1020 691 ἐλέῳ
1053 620 1210 684 Θεοῦ,
1241 622 1328 675 ἴνα
1356 621 1464 677 τῶν
1501 621 1736 692 πρώτων

167 711 593 781 ἀπολλυμένων,
651 713 699 764 oi
757 712 1256 783 ὑπολιμπανόμενοι
1309 712 1388 782 τῷ
1437 711 1586 783 φόϐῳ
1630 711 1740 765 τῶν

170 805 669 875 προαναλωθέντων
699 805 778 866 είς
817 806 1108 874 μετάνοιαν
1142 794 1358 858 ἔλθωσι.
1399 806 1560 872 Λέγει
1593 803 1647 856 δὲ
1677 802 1739 856 τὸ

165 897 345 964 δόγμα
380 895 538 949 τοῦτο
577 895 634 948 ἔν
657 899 722 966 τῇ
747 895 898 949 λύσει
932 898 1030 967 τῆς
1063 897 1298 967 ἑϐδόμης
1327 896 1620 966 σφραγῖδος
1642 893 1736 948 τοῦ

169 987 399 1057 βιϐλίου.
440 983 542 1039 Ὧν
571 987 744 1051 οὕτως
768 987 1020 1057 ἑχόντων,
1041 990 1255 1059 νοήσεις
1283 989 1343 1041 τὸ
1366 988 1489 1042 «Ἑν
1515 988 1730 1058 ἀτόμῳ)

167 1081 283 1143 καὶ,
326 1099 345 1131 ι
394 1080 481 1132 Ἐν
516 1083 646 1151 ῥιπῇ
675 1079 980 1148 ὀφθαλμοῦ,
1022 1099 1039 1133 ι
1076 1081 1216 1134 κατὰ
1248 1080 1429 1134 κοινοῦ
1463 1081 1736 1152 εἰρῆσθαι,

166 1171 260 1225 καὶ
297 1169 436 1240 πρὸς
494 1171 560 1223 τά
595 1170 688 1224 δύο
739 1171 1021 1241 ἁρμόζειν,
1054 1173 1142 1225 ἵνα
1260 1171 1433 1236 οὕτως
1468 1189 1482 1204 ο
1529 1171 1736 1234 Πάντες

168 1261 270 1330 μὲν
325 1263 387 1315 οὐ
443 1263 934 1332 κοιμηθησόμεθα,
1014 1260 1126 1315 οἷον
1189 1261 1609 1334 ἀποθανούμεθα
1678 1264 1736 1315 ἐν

164 1349 374 1421 ἀτόμῳ,
434 1355 491 1406 ὲν
561 1354 692 1424 ῥιπῇ
761 1352 1074 1423 ὀφθαλμοῦ,
1139 1353 1226 1407 διὰ
1312 1353 1374 1406 τὸ
1432 1353 1572 1407 κατά
1635 1351 1735 1421 μέ-

167 1459 259 1514 ρος
307 1443 611 1510 ἐπάγεσθαι
659 1445 718 1496 τὸ
755 1445 931 1510 τέλος,
965 1445 1107 1499 κατά
1146 1445 1237 1498 τὸν
1272 1445 1425 1512 λόγον
1449 1444 1549 1514 τῆς
1573 1444 1737 1496 Ἀπο-

164 1533 456 1602 καλύψεως
491 1551 506 1564 ·
556 1535 758 1598 πάντες
811 1537 995 1606 μέντοι
1046 1537 1466 1608 ἀλλαγησόμεθα
1499 1537 1556 1589 ἐν
1609 1534 1736 1590 ἀτό-

166 1644 292 1696 μῳ,
339 1628 398 1678 ὲν
434 1629 567 1698 ῥιπῇ
616 1625 914 1697 ὀφθαλμοῦ,
971 1631 1030 1682 ὲν
1083 1631 1148 1698 τῇ
1185 1628 1388 1699 ἐσχάτῃ
1451 1626 1734 1693 σάλπιγγι.

163 1718 226 1769 Δί
265 1716 372 1785 μὲν
413 1717 520 1787 γὰρ
572 1718 785 1787 πρῶται
848 1719 1146 1786 σάλπιγγες
1201 1717 1342 1770 ἑπτά
1393 1712 1548 1770 οὖσαι
1594 1718 1738 1770 κατά

162 1808 258 1876 τὴν
292 1809 698 1876 Ἀποκάλυψιν,
731 1810 831 1863 οὐκ
863 1811 1135 1881 ἐγείρουσι
1161 1811 1287 1874 τοὺς
1321 1811 1569 1881 νεκροὺς,
1600 1807 1736 1862 ἀλλά

163 1897 482 1951 συντελοῦσι
530 1900 656 1962 τοὺς
695 1898 1035 1971 ἀνθρώπους.
1071 1901 1134 1954 Ἡ
1175 1901 1232 1954 δὲ
1279 1899 1560 1952 τελευταία
1613 1897 1739 1951 σάλ-

163 1989 320 2056 πιγξ,
359 1992 502 2042 ποιεῖ
531 1991 628 2060 τήν
680 2007 740 2043 τε
786 1991 1003 2062 ἔγερσιν
1048 1993 1142 2046 καὶ
1173 1992 1273 2062 τὴν
1302 1989 1602 2061 ἐναλλαγὴν
1628 1991 1737 2043 τῶν

160 2081 256 2151 ήδη
319 2081 673 2134 ἀναστάντων
707 2083 763 2134 ὲν
798 2083 984 2152 ἀτόμῳ
1034 2083 1129 2136 καὶ
1176 2083 1234 2135 ὲν
1271 2085 1410 2154 ῥοπῇ
1457 2081 1734 2153 ὀφθαλμοῦ

162 2175 255 2226 σὺν
295 2177 370 2246 τῇ
405 2175 601 2230 κτίσει.
663 2177 772 2229 Καὶ
805 2176 914 2246 γὰρ
961 2176 1054 2228 καὶ
1087 2177 1120 2246 ή
1157 2175 1330 2238 κτίσις
1371 2175 1735 2246 ἀλλαγήσεται

159 2264 256 2333 τῆς
289 2266 527 2334 φθορᾶς,
550 2267 628 2330 είς
651 2266 749 2336 τήν
777 2267 1086 2335 ἐλευθερίαν
1112 2269 1208 2336 τῆς
1225 2266 1380 2335 δόξης
1403 2265 1511 2319 τῶν
1532 2267 1737 2319 τέκνων

159 2358 250 2412 τοῦ
283 2359 453 2426 Θεοῦ,
476 2358 656 2423 καθὼς
689 2361 746 2413 ὲν
784 2363 850 2430 τῇ
885 2359 1020 2431 πρὸς
1054 2360 1355 2431 Ῥωμαίους
1385 2357 1554 2415 εἶπεν.
1589 2379 1607 2412 ι
1648 2361 1734 2415 Ἐν

158 2451 372 2522 ἀτόμῳ.
404 2470 424 2504 ι
460 2454 566 2506 Καὶ
604 2454 662 2507 τὸ
689 2453 986 2524 παράδοξόν
1017 2466 1200 2524 φησιν,
1229 2453 1310 2506 ὃτι
1343 2451 1580 2506 τοσαῦτα
1608 2452 1737 2507 θαύ-

162 2561 308 2612 ματα.
344 2546 401 2597 ἐν
429 2546 700 2617 ἀκαριαίῳ
741 2545 894 2600 ἔσται
928 2546 1105 2616 χρόνῳ
1130 2545 1246 2614 ἀμα
1282 2549 1347 2616 τῇ
1377 2546 1478 2617 τῆς
1511 2545 1738 2612 σάλπιγ-

160 2650 251 2701 γος
285 2635 864 2704 ἠχή-Ἐρώτησις.
903 2636 1119 2706 Ἐπειδὴ
1140 2635 1282 2690 κατά
1312 2654 1431 2690 τινα
1453 2637 1556 2690 τῶν
1586 2637 1735 2690 ἀντι-

159 2727 392 2796 γράφων
420 2725 725 2798 περιέχεται
745 2727 838 2782 τοῦ
867 2729 1216 2796 Ἀποστόλου,
1243 2749 1259 2782 ι
1283 2730 1489 2793 Πάντες
1512 2729 1610 2800 μὲν
1633 2747 1737 2783 κοιο

163 2817 551 2889 μηθησόμεθα.
576 2821 635 2873 οὐ
656 2821 850 2886 πάντες
873 2821 925 2875 δὲ
941 2821 1376 2892 ἀλλαγησόμεθα.
1392 2841 1410 2874 ι
1435 2822 1592 2876 Κατά
1613 2839 1735 2877 τινα

160 2907 235 2968 δὲ,
273 2925 292 2959 ι
334 2909 461 2961 Ὀτι
495 2910 691 2972 πάντες
717 2911 891 2978 μὲνού
919 2911 1392 2981 κοιμηθησόμεθα,
1434 2913 1634 2975 πάντες
1678 2913 1736 2966 δὲ

159 2998 608 3072 ἀλλαγησόμεθα,
637 3021 655 3054 ι
681 3003 982 3073 παρακαλῶ
1008 3003 1197 3073 μαθεῖν
1220 3004 1379 3056 ποίαν
1401 3005 1482 3057 δεῖ
1506 3005 1612 3057 τῶν
1643 3005 1736 3058 ἐκ·

161 3094 369 3147 δόσεων
407 3096 679 3164 ὲγκρῖναι,
714 3095 808 3148 καὶ
832 3095 884 3148 τί
915 3095 983 3149 τά
1017 3097 1082 3148 ὲκ
1100 3096 1303 3150 τούτων
1324 3096 1647 3167 δηλούμενα.
1666 3127 1737 3138 -

171 3183 540 3251 Ἀπόκρισις.
569 3180 738 3253 Οἶμαι
761 3185 841 3237 ὃτι
873 3185 994 3238 καθ’
1019 3187 1283 3256 ἑκατέραν
1315 3186 1422 3238 τῶν
1447 3186 1729 3250 ἐκδόσεων,
1757 3207 1800 3271 C

161 3274 350 3345 ἐπειδὴ
404 3275 496 3326 καὶ
549 3275 617 3327 τά
652 3277 856 3345 ἀρχαῖα
903 3275 1013 3328 τῶν
1063 3277 1445 3349 ἀντιγράφων,
1494 3278 1590 3341 τὰς
1639 3277 1731 3331 δύο

161 3365 511 3435 περιέχουσιν
532 3380 546 3395 ⁸
590 3364 829 3428 εὐσεϐῶς
859 3365 915 3418 δέ
954 3383 1036 3424 τις
1065 3366 1442 3436 έκλαμῦάνων,
1469 3367 1564 3421 τοῦ
1601 3370 1735 3422 ἀπο-

161 3457 413 3511 στολικοῦ
447 3460 547 3510 οὐκ
571 3458 923 3512 άποπεσεῖται
957 3458 1158 3513 σκοποῦ
1183 3475 1196 3490 °
1239 3460 1381 3513 κατά
1409 3460 1507 3531 μὲν
1530 3455 1621 3514 οὖν
1651 3460 1730 3526 τὸ,

165 3569 182 3602 ι
213 3552 429 3613 Πάντες
465 3549 940 3620 κοιμηθησόμεθα,
993 3551 1053 3603 οὑ
1089 3553 1288 3615 πάντες
1335 3550 1392 3604 δὲ
1432 3551 1732 3622 ἀλλαγησό-

165 3644 325 3712 μεθα,
374 3660 391 3694 ι
435 3641 578 3694 οὕτω
629 3642 733 3712 χρὴ
783 3645 944 3709 νοεῖν,
979 3643 1060 3695 ὅτι
1109 3643 1308 3706 πάντες
1351 3643 1471 3713 μὲν,
1511 3641 1608 3715 τὴν
1646 3643 1735 3697 διὰ

163 3735 401 3787 θανάτου
439 3731 696 3804 κοίμησιν
742 3733 1142 3804 ὑπομενοῦμεν,
1192 3736 1250 3788 οὐ
1289 3735 1489 3799 πάντες
1525 3734 1583 3788 δὲ
1635 3736 1735 3803 τὴν

161 3822 313 3887 δόξαν
346 3824 444 3875 καὶ
489 3824 588 3893 τὴν
621 3825 934 3893 παρῥησίαν
973 3823 1435 3893 ἀνταλλαξόμεθα,
1468 3826 1602 3894 ὅπερ
1634 3824 1735 3878 αὑ-

158 3916 246 3975 τὸς
283 3916 612 3977 Ἀπόστολος
663 3917 718 3967 ὲν
751 3915 896 3984 ἄλλῳ
922 3915 1104 3986 τίθησι
1131 3916 1352 3984 φάσκων
1379 3917 1734 3986 σαφέστερον,

165 4027 181 4058 ι
211 4007 395 4076 Εἴπερ
428 4009 522 4059 καὶ
550 4006 920 4077 ἐνδυσάμενοι,
951 4007 1010 4060 οὐ
1038 4007 1233 4077 γυμνοὶ
1253 4007 1682 4078 εὑρεθησόμεθα.
1710 4025 1729 4060 ι

160 4101 315 4152 Κατὰ
339 4097 401 4152 δὲ
425 4099 504 4160 τὸ,
544 4116 563 4149 ι
593 4097 666 4150 Οὐ
693 4098 889 4161 πάντες
922 4097 1022 4166 μὲν
1052 4097 1520 4168 κοιμηθησόμεθα,
1540 4099 1738 4162 πάντες

158 4193 212 4246 δὲ
243 4189 691 4261 ἀλλαγησόμεθα,
721 4208 738 4240 ι
770 4189 912 4242 οὕτω
943 4189 1048 4260 χρὴ
1081 4190 1419 4259 ἐκδέχεσθαι,
1449 4191 1653 4260 ὅτιμὲν
1676 4191 1736 4244 οὗ

161 4280 618 4354 κοιμηθησόμεθα
651 4283 748 4349 τὴν
773 4281 1030 4351 χρονικην
1066 4280 1344 4350 κοίμησιν,
1383 4279 1525 4334 ὥστε
1545 4280 1742 4352 δεηθῆ-

160 4395 246 4430 ναι
270 4377 458 4446 ταφῆς
484 4379 576 4428 καὶ
594 4374 798 4438 λύσεως
826 4374 926 4442 τῆς
949 4377 1026 4435 είς
1051 4373 1276 4444 φθοράν,
1307 4373 1446 4427 ἀλλὰ
1475 4373 1740 4443 σύντομον

161 4471 252 4522 τὸν
306 4453 544 4522 θάνατον
585 4468 634 4520 oi
685 4467 805 4520 τότε
853 4467 1234 4537 εὑρισκόμενοι
1272 4464 1624 4536 ὑπομενοῦσι,
1663 4465 1739 4537 μὴ

1845 639 1952 679 non
2000 625 2164 680 simul
2192 627 2450 682 omnibus
2478 621 2688 691 induci,
2725 625 2821 681 sed
2878 623 2969 680 Dei
3035 627 3410 681 misericordia

1843 713 2104 784 paulatim
2135 727 2199 770 ac
2233 717 2560 786 pedetentim
2597 733 2610 772 ε
2637 726 2696 771 ιιι
2719 716 2992 784 prioribus
3024 717 3407 785 pereuntibus,

1840 805 1933 875 qui
1963 805 2374 875 relinquuntur,
2409 809 2606 861 timore
2658 808 2812 877 prius
2868 815 3322 876 eousumptorum
3345 807 3411 861 ad

1842 897 2274 966 resipiscentiam
2295 900 2533 952 veniant.
2565 897 2830 967 Loquitur
2875 909 3053 952 autem
3106 899 3177 954 ob
3215 899 3411 968 dogma

1840 988 1904 1042 de
1935 988 2207 1044 solutione
2235 990 2448 1058 septimi
2490 991 2652 1060 sigilli
2691 991 2834 1045 libri.
2871 991 3004 1056 Quae
3033 1007 3156 1045 cum
3212 991 3283 1044 ita
3351 1006 3410 1044 se

1842 1077 2100 1142 habeant,
2135 1079 2402 1146 intelliges
2430 1079 2570 1147 quod
2603 1080 2841 1134 dicitur:
2895 1099 2914 1132 ›
2954 1081 3006 1134 ln
3039 1088 3239 1150 puni-to
3270 1091 3409 1133 tem-

1839 1169 1990 1239 poris
2018 1169 2153 1223 etin
2189 1178 2464 1224 momento
2514 1171 2681 1232 oculi,
2727 1189 2744 1221 ι
2796 1173 3070 1225 communi
3120 1172 3280 1224 modo
3323 1172 3408 1224 di-

1841 1267 1990 1314 ctum
2023 1275 2167 1322 esse,
2206 1267 2261 1313 et
2293 1263 2356 1313 ad
2381 1260 2489 1314 duo
2531 1265 2704 1331 aptari
2742 1264 2856 1317 sive
2882 1263 3094 1326 referri,
3136 1271 3193 1316 ut
3226 1267 3297 1318 sit
3319 1263 3409 1316 hic

1840 1366 2038 1407 sensus
2075 1368 2090 1405 :
2134 1349 2250 1406 Non
2287 1367 2477 1408 omnes
2510 1355 2731 1422 quidem
2757 1356 3095 1410 dorntiemus
3127 1356 3240 1410 sive
3278 1370 3409 1408 mo-

1838 1443 2046 1498 riemur
2081 1444 2134 1498 in
2166 1453 2371 1514 puncto
2397 1446 2687 1515 temporis.
2721 1446 2775 1500 in
2807 1447 2954 1500 nictu
2976 1448 3146 1511 oculi,
3173 1462 3238 1502 eo
3263 1447 3408 1514 quod

1840 1541 2042 1595 sensim
2088 1542 2377 1597 inducatur
2414 1555 2539 1596 mox
2567 1541 2723 1610 juxta
2779 1541 2998 1596 verbum
3026 1540 3407 1608 Apoealypsisz‘

1837 1629 2045 1688 Omnes
2102 1640 2284 1688 tamen
2327 1633 2740 1688 immutabimur
2788 1633 2842 1686 in
2882 1640 3086 1702 puncto
3122 1630 3404 1698 temporis.

1838 1725 1894 1780 in
1915 1735 2191 1781 momento
2215 1727 2382 1789 oculi,
2411 1727 2465 1779 in
2520 1733 2758 1780 extrema
2812 1725 2964 1778 tuba.
3007 1723 3170 1792 579
3217 1723 3408 1775 Prima-

1842 1819 2114 1887 siquidem
2146 1818 2312 1882 tubte,
2355 1832 2478 1872 cum
2507 1828 2709 1886 septem
2750 1828 2936 1872 essent
2987 1817 3140 1882 juxta
3197 1814 3408 1882 Apoca-

1841 1913 2056 1983 lypsim,
2083 1925 2190 1966 non
2219 1909 2489 1966 suscitant
2520 1919 2786 1974 mortuos,
2843 1908 2939 1964 sed
2991 1905 3290 1960 coniiciunt
3343 1919 3408 1957 ac

1839 1997 2160 2057 interiinttnt
2185 2003 2430 2058 homines
2462 2013 2477 2053 :
2504 2009 2745 2055 extrema
2763 2015 2891 2055 vero
2930 1998 3059 2052 tuha
3117 1997 3407 2052 suscitahit

1840 2107 1904 2148 ac
1937 2093 2253 2146 immutahit
2303 2106 2398 2144 eos
2427 2090 2651 2160 quijam
2685 2089 3084 2142 resurrexeriut
3107 2087 3160 2141 in
3207 2094 3408 2156 puncto

1838 2179 2100 2250 temporis
2129 2178 2254 2234 etin
2283 2186 2560 2232 momento
2588 2177 2734 2232 oculi
2788 2190 2895 2230 una
2947 2190 3068 2228 eum
3129 2183 3404 2228 creatura.

1835 2267 1971 2322 Nam
2015 2275 2069 2323 et
2121 2279 2380 2324 creatura
2427 2268 2808 2322 immutahitur
2845 2281 2874 2319 a
2942 2266 3293 2335 corruptione
3351 2265 3405 2318 in

1837 2361 2145 2416 libertatem
2174 2360 2363 2430 gloriae
2394 2360 2628 2414 ﬁliorum
2687 2358 2802 2423 Dei,
2825 2358 2966 2412 sicut
2999 2359 3050 2412 in
3082 2358 3319 2426 Epistola
3339 2355 3404 2409 ad

1835 2451 2116 2508 Romanos
2147 2451 2285 2506 dixit
2315 2453 2387 2506 θ’.
2453 2469 2470 2503 ι
2502 2449 2558 2503 ln
2624 2458 2826 2520 puncto
2874 2450 3156 2518 temporis.
3189 2467 3207 2500 ι
3273 2447 3405 2501 Rem

1836 2545 1998 2601 etiam
2024 2543 2402 2599 admirandam
2449 2525 2756 2611 dixit-quod
2793 2549 2940 2594 tanta
2997 2540 3260 2594 miracula
3307 2539 3410 2592 int-

1837 2635 2178 2706 perceptibili
2205 2642 2367 2689 erunt
2393 2643 2633 2704 tempore
2661 2633 2824 2688 simul
2864 2648 2986 2686 eum
3040 2647 3174 2686 sono
3231 2630 3404 2683 tubae:

1833 2757 1904 2768 —
1937 2725 2311 2797 Interrogatio.
2343 2727 2608 2791 Quoniam
2653 2724 2808 2795 juxta
2838 2723 3085 2794 quadam
3130 2722 3406 2791 exempla-

1836 2818 1939 2884 ria,
1977 2818 2250 2874 habentur
2286 2817 2399 2872 haac
2439 2817 2684 2886 Apostoli
2713 2817 2876 2871 verba
2919 2835 2932 2872 :
2977 2833 3029 2867 ιο
3061 2814 3264 2870 Omnes
3282 2813 3405 2884 qui-

1835 2912 1958 2966 dem
1989 2909 2347 2972 dortniemus,
2407 2916 2463 2961 at
2490 2923 2598 2962 non
2656 2922 2858 2962 omnes
2910 2907 3338 2960 immutahimur.
3382 2922 3400 2956 ι

1842 2999 2159 3055 Secundum
2203 2998 2469 3051 nonnulla
2508 3011 2637 3052 vero
2672 3013 2688 3052 :
2722 3014 2739 3047 ι
2772 2994 2890 3050 Non
2923 3009 3113 3048 omnes
3187 2993 3404 3062 quidem

1836 3091 2200 3152 dormiemus,
2239 3103 2430 3143 omnes
2471 3097 2648 3141 tamen
2684 3086 3120 3148 imtnutahitnur;
3153 3103 3171 3134 ι
3214 3098 3408 3150 precor

1835 3183 2022 3239 doceri
2060 3191 2235 3236 utram
2271 3181 2570 3238 editionum
2590 3179 2790 3247 eligere
2828 3185 3098 3246 oporteat,
3151 3185 3206 3230 et
3259 3175 3405 3244 quod

1837 3292 1931 3348 per
1954 3276 2066 3329 haec
2096 3271 2834 3345 significetur.—Responsio.
2853 3268 3060 3338 Opinor
3088 3266 3231 3336 quod
3253 3266 3405 3335 juxta

1835 3378 2126 3436 utramque
2151 3364 2474 3428 editionem,
2498 3360 2937 3432 quandoquidem
2972 3367 3156 3412 vetera
3187 3372 3407 3427 quoque

1834 3458 2172 3528 exemplaria
2210 3466 2501 3525 utramque
2532 3454 2830 3515 continent,
2863 3451 2907 3506 si
2962 3452 3086 3520 quis
3127 3452 3210 3520 pie
3258 3450 3404 3502 acci-

1836 3553 1948 3623 piat
1966 3566 2073 3606 non
2102 3548 2313 3604 excidet
2335 3547 2402 3602 ab
2431 3547 2734 3601 intentione
2753 3543 3021 3612 Apostoli.
3047 3542 3228 3613 Itaque
3249 3541 3406 3608 juxta

1837 3642 2202 3713 illudquidem
2235 3659 2252 3692 t
2275 3639 2475 3696 Omnes
2500 3639 2856 3702 dortnietnus,
2883 3644 2938 3689 at
2958 3651 3066 3689 non
3097 3650 3289 3688 omnes
3307 3634 3408 3686 im-

1839 3735 2193 3796 tnulahimur,
2242 3750 2260 3784 ι
2316 3731 2720 3798 itaintelligere
2753 3736 2988 3799 oportet,
3017 3725 3161 3796 quod
3217 3737 3407 3778 omnes

1838 3841 1970 3884 sane
2005 3841 2100 3895 per
2126 3831 2356 3878 mortem
2388 3821 2771 3877 dormitionem
2803 3834 2866 3873 ac
2913 3832 3164 3874 somnum
3203 3816 3407 3870 tolera-

1837 3919 2018 3973 bimus
2057 3935 2070 3971 :
2125 3921 2179 3968 at
2208 3928 2317 3968 non
2347 3926 2539 3967 omnes
2575 3909 2643 3964 ad
2697 3909 2926 3980 gloriam
2985 3922 3049 3960 ac
3101 3906 3406 3960 libertatem

1837 4007 2252 4066 immutabimur
2285 4002 2470 4074 :quod
2494 4005 2610 4072 ipse
2640 4001 2934 4072 Apostolus
2961 3999 3091 4053 alibi
3120 3997 3292 4066 ponit,
3324 3995 3409 4049 di-

1839 4117 1969 4156 cens
1990 4099 2272 4169 apertius:
2307 4114 2325 4148 ι
2361 4096 2418 4149 Si
2459 4102 2641 4148 tamen
2689 4092 2897 4155 vestiti,
2935 4105 3044 4144 non
3089 4088 3219 4143 nudi
3252 4088 3408 4140 inve-

1839 4196 2054 4247 niemur
2103 4191 2170 4244 ”.
2217 4208 2234 4240 ι
2269 4187 2427 4242 Juxta
2481 4186 2583 4241 hoc
2627 4199 2757 4239 vero
2795 4199 2809 4238 :
2847 4200 2865 4234 ι
2907 4181 3023 4235 Non
3067 4196 3255 4234 attines
3286 4177 3409 4248 qui-

1839 4287 1959 4340 dem
1984 4282 2343 4344 dormiemus,
2372 4292 2564 4333 omnes
2594 4283 2775 4329 tamen
2802 4273 3268 4333 immutabimur,»
3307 4272 3408 4324 hoc

1841 4373 2002 4430 modo
2029 4379 2246 4443 oportet
2288 4370 2562 4438 accipere.
2593 4366 2737 4436 quod
2770 4381 2874 4419 non
2906 4363 3244 4417 dormiemus
3275 4377 3411 4416 sane

1835 4467 2101 4521 diuturna
2126 4462 2482 4523 dormitione,
2511 4466 2570 4514 ut
2599 4473 2737 4528 opus
2760 4457 2832 4514 sit
2861 4457 3113 4528 sepulcro
3170 4471 3233 4509 ac
3260 4454 3412 4509 solu-

159 4560 412 4629 δεόμενοι
467 4556 722 4628 χρονικῆς
774 4556 1102 4624 κοιμήσεως,
1150 4554 1238 4608 διὰ
1284 4555 1383 4626 τὴν
1419 4554 1733 4626 παραυτίκα

1843 4564 1992 4618 tione
2023 4560 2090 4615 ad
2119 4558 2554 4628 corruptionem,
2587 4554 2682 4610 sed
2713 4555 2932 4608 brevem
2959 4559 3187 4606 mortem
3238 4549 3410 4604 susti-

161 4649 462 4720 γινομένην
490 4649 802 4711 ἀνάστασιν,
824 4645 1022 4708 πάντες
1044 4643 1101 4697 δὲ
1135 4643 1552 4714 ἀλλαγήσονται,
1583 4661 1739 4697 τουτ-

162 4742 301 4802 έστι,
339 4736 654 4808 ἀφθαρσίαν
688 4736 1013 4790 ὲνδύσονται.
1048 4753 1066 4786 t
1106 4735 1367 4789 Σαλπίσει
1397 4736 1566 4806 γάρ.»
1607 4731 1741 4791 Εἶτα.

160 4834 218 4884 τδ
254 4832 574 4898 ἀξιόπιστον
595 4829 808 4893 δεικνὺς
845 4828 951 4880 τῶν
987 4827 1309 4896 γινομένων,
1352 4827 1508 4898 φησί’
1553 4846 1573 4880 ι
1607 4827 1742 4881 Σαλ-

163 4925 314 4977 πίσει
332 4923 460 4993 γὰρ,
483 4925 541 4992 »ή
561 4920 792 4989 σάλπιγξ
809 4921 988 4991 ἐκείνη
1009 4923 1038 4990 ἡ
1061 4919 1287 4990 φοϐερά,
1325 4937 1344 4972 ι
1369 4922 1462 4974 καὶ
1479 4921 1526 4972 oi
1557 4917 1742 4991 νεκροὶ

161 5017 591 5084 ἀναστήσονται,
631 5031 650 5064 ι
691 5013 932 5082 δηλονότι
971 5012 1365 5082 ὲνηλλαγμένοι
1409 5011 1504 5065 καὶ⁴
1525 5011 1740 5082 ἄφθαρ-

162 5126 269 5161 τοι.
301 5107 416 5160 Καὶ
438 5107 622 5174 ἡμεῖς,
645 5103 947 5170 τουτέστιν,
979 5105 1026 5156 oi
1056 5103 1595 5174 καταλαμϐανόμενοι
1617 5103 1738 5156 τότε

168 5199 402 5265 ζῶντεςο
437 5197 567 5268 περί
619 5196 843 5248 ἐκείνων
893 5195 1022 5266 γὰρ,
1064 5195 1126 5246 οὐ
1170 5195 1300 5265 ’περὶ⁸
1351 5193 1544 5248 ἑαυτοῦ
1580 5209 1736 5263 φησι·

165 5294 262 5347 καὶ
349 5293 512 5362 ἡμεῖς
588 5286 881 5360 τοιγαροῦν
948 5287 1388 5358 ἀλλαγησόμεθα.
1448 5279 1571 5340 Ἐπὶ
1621 5284 1744 5338 τοὺ-

165 5403 276 5440 των
306 5387 418 5457 γὰρ
457 5385 555 5438 οὐκ
583 5383 735 5440 ἔσται
764 5381 1002 5453 ἐγερσις,
1027 5380 1136 5433 τῶν
1173 5379 1308 5451 μηδὲ
1350 5379 1741 5450 κοιμηθέντων,

165 5480 310 5533 ἀλλά
342 5479 500 5549 μόνον
533 5476 826 5546 ὲναλλαγή.
876 5476 940 5527 υἱ
994 5473 1093 5544 μὲν
1128 5472 1310 5544 νεκροὶ
1343 5472 1394 5526 οἱ
1427 5471 1744 5543 προαποθα-

167 5573 381 5636 νόντες,
426 5569 820 5640 ἐγερθήσονται
863 5567 1150 5636 ἄφθαρτοι,
1183 5565 1232 5618 oi
1284 5563 1341 5617 δὲ
1392 5562 1590 5628 ζῶντες
1622 5564 1742 5616 τότε

167 5667 294 5727 πῶς
326 5663 752 5734 ἐγερθήσονται,
781 5660 955 5714 Μόνον
983 5659 1056 5722 ὡς
1087 5659 1143 5711 ὲν
1173 5659 1310 5727 ῥοπῇ
1342 5655 1740 5726 ἀλλαγήσονται

1843 4657 2054 4711 uehunt
2080 4651 2222 4723 quod
2251 4659 2380 4706 tunc
2397 4647 2741 4718 reperientur
2764 4665 2778 4701 :
2809 4647 3006 4715 quibus
3020 4661 3126 4699 non
3145 4645 3250 4698 erit
3271 4658 3411 4711 Opus

1846 4749 2104 4804 diuturna
2125 4745 2480 4807 dormitione,
2513 4750 2738 4812 propter
2777 4740 2976 4794 factam
3015 4738 3198 4794 subito
3227 4751 3412 4790 resur-

1844 4840 2143 4897 rectionem
2172 4855 2188 4904 ;
2219 4851 2414 4892 omnes
2455 4845 2631 4888 tamen
2663 4833 3132 4894 immutabuntur,
3171 4829 3274 4882 hoc
3300 4834 3410 4894 est,

1843 4933 2074 4988 induent
2117 4928 2606 4998 incorruptionem.
2671 4943 2690 4976 ι
2725 4924 2897 4978 Canet
2928 4922 3096 4977 enim.
3130 4938 3148 4973 ι
3210 4919 3414 4974 Deinde

1845 5025 1949 5080 ﬁde
1973 5025 2198 5094 dignum
2229 5019 2526 5102 ostendens
2573 5016 2624 5071 id
2654 5015 2809 5086 ‘quod
2862 5014 2930 5070 de
2987 5013 3072 5068 his
3113 5027 3233 5084 qua;
3282 5012 3413 5066 ﬁent

1847 5118 2052 5174 dictum
2076 5124 2179 5180 est,
2220 5112 2298 5166 ait
2333 5129 2347 5166 :
2390 5127 2408 5160 ι
2447 5107 2618 5164 Canet
2639 5108 2782 5162 enim
2819 5109 2944 5160 tuha
2985 5105 3074 5160 illa
3109 5104 3410 5168 tremenda,

1847 5214 1902 5262 et
1928 5203 2128 5260 mortui
2169 5207 2478 5272 resurgent,
2519 5217 2537 5251 ι
2572 5197 2848 5254 immutati
2881 5196 3128 5252 videlicet
3152 5205 3206 5250 et
3238 5195 3415 5250 incor-

1850 5291 2027 5363 rupti;
2052 5299 2106 5346 et
2135 5304 2257 5353 nos,
2289 5289 2508 5351 hocest,
2537 5286 2630 5357 qui
2659 5285 2726 5340 ad
2747 5284 2801 5340 id
2823 5293 3036 5356 tempus
3056 5284 3413 5354 relinquimur

1851 5386 2131 5448 viventes;
2165 5396 2288 5436 nam
2317 5379 2385 5434 de
2416 5379 2524 5435 illis
2552 5387 2736 5434 etnon
2769 5379 2835 5433 de
2866 5379 3052 5448 seipso
3083 5378 3214 5433 dicit
3245 5393 3261 5430 :
3308 5393 3326 5426 ι
3357 5383 3413 5430 et

1848 5491 1946 5532 nos
2001 5475 2168 5546 igitur
2195 5471 2624 5528 immutabimur.
2668 5489 2686 5522 ι
2747 5471 2804 5524 ln
2859 5469 2948 5524 his
2975 5469 3117 5524 enim
3165 5482 3270 5521 non
3306 5465 3412 5519 erit

1846 5567 2131 5624 suscitatio
2161 5580 2178 5620 :
2211 5580 2335 5618 cum
2364 5580 2474 5618 non
2506 5561 2857 5625 dormierint,
2897 5560 2992 5616 sed
3044 5565 3251 5612 tantum
3309 5555 3411 5610 im-

1848 5658 2096 5714 mutatio.
2159 5655 2321 5728 580
2370 5654 2568 5711 Mortui
2602 5652 2818 5724 quidem
2864 5649 2956 5720 qui
2992 5655 3148 5703 antea
3210 5642 3424 5702 mortui

247 5841 291 5870 ‘”
333 5842 502 5911 Apoc.
560 5855 636 5906 vi,
671 5856 787 5904 ιίιι,
822 5856 896 5904 tx,
933 5837 984 5901 ἐς,
1016 5855 1086 5894 λι.
1165 5839 1206 5872 ⁸³
1236 5837 1391 5892 Rom.
1438 5853 1552 5900 vtu,
1591 5835 1681 5891 2|.

1847 5832 1888 5886 Il
1919 5831 2042 5888 (λης.
2078 5846 2128 5895 ν,
2153 5830 2214 5885 5.
