3906 6600
493 437 600 501 395

1552 437 1948 500 (ECUMENII
1977 437 2266 498 TRICCIE
2300 437 2643 500 EPISCOPI
3259 467 3265 476 ~
3496 443 3506 454 '
3596 447 3677 510 ωδ

495 552 735 614 fuerant,
784 547 1198 604 toscitabuntur
1247 545 1570 617 incorrupti,
1615 555 1670 600 at
1717 546 1753 600 ii
1803 546 1894 616 qui
1928 556 2058 601 tunc

2185 546 2241 610 ηίς
2279 545 2601 601 ἀθανασίαν.
2634 564 2652 598 ι
2676 546 2767 599 Δεῖ
2785 545 2894 617 γὰρ
2918 545 2978 600 τδ
3007 546 3245 619 φθαρτὸν
3266 547 3436 606 τοῦτο.
3469 570 3485 601 ι
3515 552 3680 629 Ἦρμᾴ..

495 641 711 705 vivent,
744 639 1018 709 quomodo
1066 637 1534 694 suscitabuntur?
1579 637 1757 690 solum
1817 637 1962 690 velut
2007 636 2062 692 in

499 745 776 789 momento
872 732 1308 785 immutabuntur
1407 728 1475 783 ad
1573 729 2062 784 immortalitatem.

503 847 522 879 ι
557 826 786 898 Oportet
847 829 990 882 enim
1043 825 1400 896 corruptibile
1457 825 1579 890 hoc,
1623 843 1641 878 ι
1673 824 2067 894 interpretatus

2171 656 2329 692 νευσε
2379 639 2433 693 τί
2469 639 2720 710 peditent
2758 642 2791 711 ἠ
2833 639 3122 711 ὲναλλαγή.
3153 640 3232 694 Τδ
3288 641 3350 694 ὲκ
3389 644 3601 714 φθαρτοῦ
3625 655 3682 713 tl;

2174 731 2504 802 ἀφθαρσίαν,
2540 733 2635 786 καὶ
2663 733 2727 786 ὲκ
2762 732 2956 804 θνητοῦ
2980 735 3056 792 είς
3089 733 3388 789 ἀθανασίαν
3419 735 3681 810 ἀλλαγῆναι,

2175 824 2362 896 φησίν.
2875 849 2885 858 -

498 920 730 988 estquid
757 919 862 974 sibi
894 917 1022 973 velit
1061 919 1387 973 immutatio.
1421 917 1725 984 lmmutari,
1779 917 1978 987 inquit,
2038 931 2069 971 a
2107 915 2454 988 corruptibili
2485 915 2553 970 ad
2595 914 3191 986 incorruptibilitatem,
3224 926 3281 972 et
3341 934 3369 972 a
3411 923 3598 978 mortali
3637 928 3684 980 ad

501 1009 997 1066 immortalitatem.
2019 1071 2030 1080 κ

572 1103 689 1166 XV,
721 1105 906 1158 54-57.
947 1103 1082 1159 Cum
1134 1111 1310 1158 autem
1341 1104 1679 1172 corruptibile
1717 1105 1814 1158 hoc
1839 1103 2068 1158 induerit

501 1196 1087 1264 ittcorruptibilitatem,
1138 1207 1187 1252 et
1219 1196 1442 1251 mortale
1471 1198 1570 1250 hoc
1595 1197 1826 1250 induerit
1855 1196 2071 1249 immor-

502 1289 786 1350 talitatem,
823 1299 948 1342 tunc
966 1289 1051 1357 ﬁet
1072 1304 1242 1343 sermo
1275 1287 1363 1358 qui
1401 1289 1626 1357 scriptus
1654 1296 1729 1341 est
1769 1306 1782 1342 :
1814 1286 2073 1354 Absorpta

501 1377 577 1436 ‘st
601 1399 742 1436 mors
773 1384 842 1436 ad
875 1383 1167 1436 victoriam.
1222 1379 1322 1436 Ubi
1378 1391 1518 1447 tuus,
1551 1397 1580 1435 ο
1612 1398 1772 1448 mora,
1824 1382 2079 1438 aculeus?

514 1473 615 1530 Ubi
645 1485 758 1538 tua,
797 1491 827 1530 ο
851 1475 1077 1543 inferne,
1109 1475 1328 1531 victoria
1351 1478 1378 1532 2
1413 1475 1638 1530 Aculeus
1667 1484 1838 1529 tmtem
1892 1477 2076 1530 mortis

501 1579 802 1640 peccatum,
827 1571 1068 1640 potentia
1096 1586 1215 1624 vero
1247 1570 1441 1638 peccati
1472 1568 1576 1623 lex.
1637 1569 1742 1622 Deo
1781 1577 1958 1622 autem
2009 1570 2080 1622 sit

500 1661 698 1732 gratia,
738 1663 828 1730 qui
855 1661 1000 1715 dedit
1042 1661 1192 1716 nobis
1215 1662 1486 1716 victoriam
1520 1677 1611 1731 per
1659 1659 1954 1732 Dominum.
1983 1675 2082 1714 no-

502 1761 676 1807 strum
701 1750 885 1806 Iesum
925 1752 1218 1808 Christum.

574 1843 710 1899 Cum
757 1845 922 1916 igitur
951 1845 1064 1899 haec
1090 1844 1234 1901 facta
1282 1844 1506 1911 fuerint,
1537 1845 1734 1916 inquit,
1769 1853 1898 1900 tunc
1931 1842 2077 1899 Scri-

2245 1103 2432 1156 Ὅταν
2458 1101 2528 1155 δὲ
2561 1102 2626 1156 τὸ
2669 1103 2935 1172 φθαρτόν
2961 1102 3138 1157 τοῦτο
3171 1103 3492 1172 ἐνδύσηται
3517 1109 3685 1180 ἀφθαρ-

2171 1193 2338 1259 σίαν,
2358 1191 2456 1246 καί
2484 1192 2550 1246 τὸ
2577 1192 2800 1261 θνητὸν
2827 1192 3001 1246 τοῦτο
3023 1193 3358 1262 ἐνδύσηται
3387 1197 3683 1266 ἀθανασίαν,

2172 1286 2305 1339 τότε
2323 1284 2641 1355 γενήσεται
2671 1287 2702 1339 ὀ
2722 1285 2902 1354 ,λόγος
2921 1288 2954 1338 ό
2981 1285 3410 1356 γεγραμμένος,
3432 1292 3686 1361 Κατεπόθη

2175 1381 2209 1432 ὀ
2258 1377 2510 1444 θάνατος
2538 1379 2625 1444 είς
2659 1377 2849 1444 νῖκος.
2885 1378 3008 1432 Ποῦ
3054 1395 3192 1442 σου,
3235 1379 3468 1446 θάνατε,
3504 1383 3561 1436 τὸ
3587 1386 3686 1440 κέν-

2175 1490 2350 1543 τρον;
2369 1471 2491 1526 Ποῦ
2508 1486 2646 1537 σου,
2675 1469 2811 1538 ᾷδη,
2844 1469 2910 1524 τὸ
2943 1471 3142 1538 rixae;
3171 1472 3244 1525 Τὸ
3270 1471 3338 1525 δὲ
3368 1475 3591 1544 κέντρον
3612 1480 3686 1533 τοῦ

2175 1563 2438 1619 θανάτου
2471 1563 2508 1631 ἡ
2539 1563 2814 1632 ἁμαρτία,
2847 1565 2886 1633 ἡ
2923 1563 2991 1617 δὲ
3017 1563 3274 1635 δύναμις
3314 1564 3423 1634 τῆς
3461 1568 3688 1638 ἁμαρτίας

2175 1656 2208 1708 ό
2251 1653 2457 1723 νόμος.
2506 1651 2590 1717 Τῷ
2627 1652 2696 1706 δὲ
2735 1651 2856 1718 Θεῷ
2893 1651 3099 1721 χάρις,
3153 1651 3237 1717 τῷ
3287 1651 3449 1705 δόντι
3492 1655 3612 1722 ἡμῖν
3643 1657 3688 1710 τὸ

2173 1744 2364 1812 νῖκος,
2396 1745 2496 1801 διὰ
2517 1745 2626 1801 τοῦ
2649 1745 2870 1814 Κυρίου
2898 1744 3068 1815 ἡμῶν
3095 1745 3301 1813 Ἰησοῦ
3332 1747 3586 1814 Χριστοῦ.

2248 1840 2420 1895 Ὅταν
2463 1837 2579 1909 οῦν,
2629 1840 2784 1913 φησὶ,
2822 1839 2997 1894 ταῦτα
3031 1840 3283 1910 γένηται,
3315 1841 3433 1894 τότε
3466 1843 3497 1910 ἡ
3545 1843 3687 1914 Γρατὴ

506 1944 666 2005 ptura
697 1910 834 1992 Osee
861 1937 1246 2006 complebitur.
1273 1910 1546 2004 Quoniam
1577 1910 1726 1992 enim
1755 1936 2074 1992 admiranda

2185 1931 2483 2003 πληροῦται
2515 1935 2548 2005 ἡ
2595 1910 2701 1986 tofi
2733 1932 2911 2003 Ὀσηέ.
2963 1932 3183 2003 Ἐπειδὴ
3211 1932 3324 2004 γὰρ
3355 1910 3603 2004 παράδοξα
3623 1910 3687 1988 καί

508 2044 744 2098 vereque
801 2031 1058 2101 mysteria
1083 2031 1240 2093 dixit.
1269 2039 1669 2100 consequenter
1719 2031 1881 2086 etiam
1928 2028 2074 2084 Scri-

509 2131 682 2188 ptura».
713 2121 1026 2176 testimonio
1045 2137 1353 2176 sermonem
1379 2122 1706 2176 conﬁrmat:
1749 2139 1766 2172 ι
1803 2120 2074 2190 Absorpta

507 2219 593 2265 est
627 2227 773 2265 mors
818 2213 884 2268 ad
917 2214 1222 2280 victoriam,
1261 2233 1279 2265 ι
1319 2212 1370 2268 id
1410 2223 1495 2268 est
1524 2213 1707 2277 linem,
1737 2213 1838 2268 hoc
1871 2220 1953 2267 est
1985 2227 2078 2280 pc-

509 2299 623 2363 riit,
658 2301 1157 2372 disparuit;neque
1197 2319 1320 2373 spes
1354 2304 1683 2358 reversionis
1730 2303 1832 2374 ipsi
1882 2302 2074 2357 relicta

509 2401 613 2448 est.
641 2393 905 2461 Quoniam
954 2406 1177 2449 mortem
1207 2396 1491 2450 absorberi
1521 2396 1782 2465 contingit
1811 2395 1875 2450 ad
1927 2410 2074 2449 mor-

508 2493 618 2540 tem
653 2501 840 2540 eorutn
877 2489 967 2556 qui
1001 2487 1284 2552 devorant,
1331 2489 1543 2542 sicutet
1575 2504 1837 2542 venenum
1908 2489 2076 2543 devo-

511 2577 618 2630 rari
649 2573 918 2648 conting’it
969 2578 1034 2632 ad
1087 2580 1382 2648 perniciem
1421 2580 1673 2634 similiter
1729 2595 1916 2634 eorum
1985 2582 2078 2650 qui

511 2675 744 2720 utuntur
777 2681 791 2720 :
829 2667 948 2722 ideo
980 2669 1286 2738 subiungit,
1338 2671 1417 2724 Ad
1447 2671 1751 2734 victoriam,
1795 2672 1897 2727 hoc
1953 2681 2075 2738 est,

513 2775 622 2815 non
653 2770 711 2817 ut
746 2763 978 2832 perimat
1004 2762 1380 2831 devorantem,
1414 2765 1508 2820 sed
1534 2773 1590 2819 ut
1622 2767 1738 2836 ipsa
1799 2767 2080 2822 abolentur

513 2866 578 2906 ac
616 2850 913 2908 fortissime
941 2854 1283 2923 devincatur,
1327 2856 1655 2926 utdeinceps
1700 2872 1767 2911 nc
1791 2858 2078 2928 vestigium

511 2943 728 3012 quidem
761 2958 955 3014 pugnm
983 2954 1074 2996 aut
1103 2946 1294 3000 umbra
1349 2947 1681 3002 turbationis
1715 2947 2077 3018 relinquatur.

513 3033 814 3090 Praeterea:
859 3036 1154 3092 Absorberi
1203 3053 1296 3107 per
1323 3041 1778 3109 compositionem
1825 3040 2081 3110 praeposi-

516 3127 681 3182 tionis
724 3127 953 3192 dictum,
984 3130 1360 3186 vehementem
1387 3132 1656 3201 signiticat
1697 3131 1869 3201 ipsius
1909 3132 2082 3201 pcrdi-

514 3220 741 3275 tionem.
775 3220 930 3285 Tota,
966 3223 1164 3292 inquit,
1199 3225 1457 3293 absorpta
1513 3234 1598 3277 est
1651 3223 1716 3277 ad
1769 3222 2076 3284 victoriam,

516 3321 574 3365 ttt
603 3311 878 3380 nihilejus
913 3314 1150 3383 amplius
1181 3316 1620 3383 derelinquatur.
1658 3333 1675 3364 ι
1715 3312 1816 3367 Ubi
1852 3323 1999 3378 tuus,
2048 3331 2080 3368 0

514 3420 687 3468 mors,
718 3407 984 3462 aculeus?
1011 3427 1028 3458 ι
1072 3407 1353 3478 Tanquam
1389 3407 1580 3462 videns
1607 3424 1665 3461 ca
1691 3422 1809 3476 qua:
1840 3406 1997 3467 fiunt.
2030 3413 2083 3461 et

518 3508 778 3569 tanquam
805 3501 1140 3569 adjacen‘tcm
1168 3501 1320 3554 humi
1355 3511 1579 3554 mortem
1620 3501 1850 3565 accedit,
1884 3515 1949 3553 ac
1989 3499 2084 3553 ad-

515 3605 712 3645 versus
735 3607 855 3645 eam
885 3592 1152 3659 gloriatur
1173 3591 1382 3654 dicens,
1409 3589 1510 3644 Ubi
1537 3600 1664 3645 tuus
1696 3589 2080 3655 aculeus?ubi,

517 3696 553 3736 o
583 3696 732 3735 mors
759 3689 810 3735 et
844 3682 1080 3744 inferne,
1111 3692 1290 3737 vestra
1313 3698 1431 3751 quae.
1457 3683 1718 3737 adversus
1750 3698 1941 3738 omnes
1971 3692 2086 3736 erat

518 3770 792 3826 victoria?
838 3773 1022 3841 periit,
1050 3771 1342 3840 disparuit,
1377 3773 1534 3826 linem
1567 3773 1748 3826 habet.
1789 3791 1806 3823 ι
1847 3771 2085 3826 Aculeus

521 3873 701 3916 autem
750 3864 940 3918 mortis
968 3875 1272 3933 peccatum.
1317 3884 1334 3916 ι
1364 3862 1496 3918 Nam
1529 3880 1626 3934 per
1653 3865 1751 3916 hoc
1789 3863 1949 3920 fortis
2001 3869 2085 3917 est

521 3966 691 4016 mors,
726 3955 1098 4022 tanquamhac
1118 3955 1354 4023 potentia
1389 3963 1441 4009 et
1474 3956 1663 4009 aculeo
1689 3955 2084 4020 utcns.Quem-

520 4044 813 4100 admodum
851 4049 995 4101 enim
1018 4048 1292 4117 scorpius,
1318 4049 1431 4117 ipse
1461 4047 1681 4118 quidem
1705 4048 1812 4101 vile
1853 4047 2086 4102 animal-

521 4141 704 4194 culum
738 4148 839 4202 est,
860 4149 1095 4194 attamen
1120 4141 1226 4193 vim
1243 4141 1405 4194 habet
1432 4141 1489 4194 in
1513 4141 1704 4196 aculeo
1730 4157 1742 4192 :
1770 4141 1842 4194 ita
1870 4148 1922 4195 et
1942 4154 2088 4195 mors

521 4231 725 4301 absque
757 4240 976 4300 peccato
1001 4231 1200 4285 nullam
1231 4232 1392 4287 habet
1424 4234 1724 4301 energiam,
1761 4247 1864 4286 nec
1905 4240 2089 4301 posset

520 4323 843 4380 subsistere.
893 4324 1051 4395 581
1119 4343 1137 4376 ι
1167 4323 1416 4379 Potentia
1478 4340 1608 4380 vero
1638 4325 1844 4394 peccati
1916 4324 2025 4379 lex.
2063 4343 2082 4376 ι

521 4412 806 4480 Quomodo
867 4417 1076 4484 peccati
1131 4417 1302 4470 robur
1337 4425 1422 4471 est
1464 4417 1545 4471 lex
1579 4417 1603 4469 ?
1640 4416 1775 4482 Quia
1824 4415 1942 4471 sine
1973 4416 2090 4486 lege

523 4507 792 4563 imbecille
809 4518 956 4564 esset
988 4509 1451 4578 peccatum,quod
1483 4525 1548 4564 ex
1578 4509 1883 4580 ignorantia
1909 4510 2086 4563 iteret:
2106 4490 2132 4509 ”

2177 2021 2346 2084 δντως
2378 2022 2655 2092 μυστήρια
2684 2016 2824 2088 εἷπε,
2853 2021 3046 2076 λοιπὸν
3087 2023 3185 2075 καὶ
3214 2025 3281 2092 τῇ
3313 2023 3547 2092 Γραφικῇ
3587 2041 3687 2093 μαρ-

2179 2116 2341 2188 τυρία
2390 2114 2678 2170 πιστοῦται
2713 2117 2805 2169 τὸν
2852 2113 3031 2184 λόγον,
3074 2134 3093 2167 ‹
3127 2115 3426 2184 Κατεπόθη
3456 2117 3480 2168 6
3515 2116 3685 2180 Brimo,-

2179 2209 2260 2271 είς
2293 2210 2466 2276 νῖκος,
2508 2228 2526 2260 ι
2583 2208 2863 2262 τουτέστιν
2913 2209 2996 2272 είς
3044 2208 3219 2271 τέλος.
3286 2204 3397 2261 οἷον
3453 2208 3684 2273 ἀπόλωλεν,

2179 2299 2497 2369 ἠφάνισται,
2530 2298 2651 2352 οὐδὲ
2695 2299 2850 2363 ἐλπὶς
2885 2299 3236 2370 ὑποστροφῆς
3266 2299 3412 2370 αὖτῷ
3441 2300 3685 2353 καταλέλει-

2179 2409 2331 2446 πται.
2373 2390 2588 2455 Ἐπειδὴ
2617 2390 2730 2445 ἔστι
2759 2391 3130 2462 καταποθῆναι
3151 2392 3405 2456 θάνατον,
3437 2395 3506 2456 είς
3536 2393 3683 2461 φθορὶν

2179 2483 2283 2537 τῶν
2305 2485 2700 2551 καταπιόντων,
2721 2485 2908 2556 ὥσπερ
2937 2486 3029 2538 καὶ
3057 2486 3356 2556 φάρμακον
3380 2485 3485 2538 ἔστι
3504 2503 3680 2538 κατατο-

2182 2577 2336 2646 θῆναι
2356 2576 2446 2629 ἐπὶ
2458 2576 2724 2648 διαφθορᾷ
2739 2577 2938 2646 ὁμοίως
2966 2578 3074 2631 τῶν
3091 2577 3476 2648 χρησαμένων,
3493 2577 3564 2630 διὰ
3577 2578 3683 2630 τοῦτο

2184 2671 2435 2741 ἐπήγαγε
2474 2671 2554 2736 τὸ,
2592 2689 2610 2722 ι
2635 2672 2730 2734 Εἰς
2751 2673 2916 2736 νῖκος,
2959 2689 2978 2724 ι
3016 2671 3137 2725 ἀντὶ
3181 2669 3302 2734 τοῦ,
3322 2670 3429 2740 υύχ
3454 2670 3526 2722 ἵνα
3541 2668 3680 2739 φθείρῃ

2181 2763 2272 2816 τὸν
2294 2764 2655 2828 καταπιόντα,
2683 2764 2800 2818 ἀλλ’
2833 2765 2921 2819 ἵνα
2947 2765 3107 2829 αὐτὸς
3137 2764 3438 2835 ἀφανισθῇ,
3463 2765 3543 2817 καὶ
3568 2781 3681 2816 κατα·

2182 2856 2382 2927 κράτος
2417 2857 2704 2928 ἐκνικηθῇ,
2743 2855 2882 2911 ὥστε
2915 2858 3113 2928 μηκέτι
3149 2857 3280 2927 μηδ’
3312 2859 3452 2926 [χνος
3477 2855 3678 2926 pingi

2185 2949 2344 3000 σκιάν
2368 2947 2701 3019 ἐνοχλήσεως
2733 2948 3274 3018 ὑπολειφθῆναι.Καὶ
3298 2946 3672 3014 τδμΚατεπὸΘηι

2180 3038 2238 3091 δὲ
2289 3039 2430 3109 μετά
2463 3041 2561 3110 τῆς
2596 3039 2906 3109 προθέσεως
2946 3039 3131 3111 ῥηθὲν,
3164 3040 3270 3111 τὴν
3319 3040 3535 3110 σφοδράν
3565 3037 3679 3091 αἰρτεῦ

2181 3129 2483 3199 διαφθοράν
2519 3131 2792 3200 σημαίνει.
2833 3131 3012 3195 Ὀλος,
3046 3132 3205 3200 φησὶ,
3245 3131 3505 3199 κατεπόθη
3541 3133 3601 3192 εἰς
3631 3131 3680 3182 νῖ-

2185 3238 2296 3285 κος,
2319 3221 2456 3273 ὥστε
2481 3222 2647 3291 μηδὲν
2674 3221 2835 3275 αὐτοῦ
2857 3223 2935 3275 ἔτι
2966 3223 3444 3293 ἐναπολειφθῆναι.
3470 3221 3582 3275 (Ποῦ
3603 3238 3676 3276 σου.

2185 3313 2382 3366 θάνατε
2435 3315 2497 3368 τὸ
2538 3316 2796 3385 κέντρον;
2827 3335 2845 3366 ι
2881 3315 2968 3378 Ὠς
2993 3316 3132 3385 ὁρῶν
3165 3316 3309 3368 αὐτὰ
3351 3315 3594 3384 γινόμενα,
3617 3313 3680 3364 καὶ

2185 3402 2295 3457 οἷον
2328 3406 2503 3474 χαμαὶ
2535 3407 2772 3475 κειμένῳ
2807 3406 3129 3476 ὲπεμὸαίνει
3157 3406 3240 3478 τῷ
3277 3406 3494 3476 θανάτῳ,
3529 3406 3600 3457 καὶ
3621 3406 3680 3471 ἐγ-

2186 3500 2457 3566 καυχᾶται
2477 3497 2643 3568 αὐτῷ,
2685 3516 2701 3550 t
2727 3497 2835 3551 Ποῦ
2867 3515 2979 3562 σου,
3008 3499 3204 3568 λέγων,
3230 3499 3292 3552 τὸ
3311 3499 3543 3568 κέντρον;
3565 3516 3579 3548 ι
3606 3496 3678 3549 Ποῦ

2187 3606 2280 3641 σου
2313 3591 2343 3658 ἠ
2376 3589 2518 3643 κατά
2547 3591 2768 3643 πάντων
2787 3590 2883 3643 ἀνθ
2894 3589 3089 3660 ρώπων
3113 3591 3263 3662 νίκη,
3289 3589 3473 3644 θάνατε
3499 3587 3678 3658 xcidit};

2199 3678 2528 3745 Ἀπόλωλεν,
2566 3681 2882 3750 ἠφάνισται,
2924 3681 3075 3745 τέλος
3100 3681 3239 3752 ἔχει.
3283 3700 3300 3733 t
3335 3682 3404 3734 Τὸ
3448 3681 3494 3733 δὲ
3523 3679 3678 3745 κέντβν

2186 3769 2280 3824 τοῦ
2314 3772 2547 3826 θανάτου
2586 3774 2618 3843 ὴ
2659 3774 2925 3844 ἁμαρτία.
2967 3793 2984 3826 ι
3039 3774 3136 3826 Διά
3195 3774 3400 3842 ταύτης
3452 3773 3543 3840 γὰρ
3581 3772 3680 3836 ἴσχν-

2189 3879 2280 3916 σεν
2337 3865 2365 3916 6
2419 3863 2676 3928 θάνατος,
2737 3865 2927 3935 ὥσπερ
2986 3866 3216 3935 δυνάμει
3251 3867 3383 3936 αὐτῇ
3424 3865 3504 3916 καὶ
3530 3863 3678 3929 κέντρῳ

2185 3953 2556 4024 χρησάμενος.
2590 3954 2804 4020 Ὥσπερ
2855 3953 2965 4024 γὰρ
3015 3955 3043 4006 6
3093 3954 3375 4024 σκορπίος,
3439 3951 3570 4010 αὐτὸς
3613 3947 3678 4015 μὲν

2187 4044 2427 4113 ζωΰφιόν
2460 4046 2606 4098 ἐστιν
2632 4045 2864 4109 εὐτελὲς,
2915 4045 2972 4098 ὲν
3021 4045 3078 4098 δὲ
3138 4044 3220 4116 τῷ
3274 4045 3472 4115 κέντρῳ
3516 4043 3592 4109 τὴν
3627 4039 3678 4087 ἰε-

2187 4134 2287 4204 χὺν
2326 4135 2476 4205 ἔχει·
2508 4135 2683 4200 οὓτως
2751 4137 2842 4190 καὶ
2901 4139 2928 4188 6
2990 4120 3221 4202 θάνατος
3265 4137 3384 4207 δίχα
3431 4135 3513 4204 τῆς
3554 4133 3678 4200 ἁμαρ·

2186 4227 2306 4289 τίας
2366 4228 2726 4299 ἀνενέργητός
2777 4247 2863 4294 τις
2919 4226 2988 4301 ἦν
3048 4233 3144 4284 καὶ
3196 4231 3555 4290 ἀνυπόστατος.
3585 4243 3598 4274 t
3634 4221 3675 4272 Ἠ

2187 4315 2242 4368 δὲ
2295 4315 2526 4386 δύναμις
2584 4318 2684 4386 τῆς
2734 4318 3013 4390 ἁμαρτίας
3081 4323 3108 4373 ὁ
3161 4321 3347 4392 νόμος.
3397 4339 3413 4370 ι
3457 4317 3557 4378 [ιὼς
3601 4314 3676 4364 ἐστι

2187 4405 2414 4476 δύναμις
2466 4409 2564 4478 τῆς
2621 4410 2899 4480 ἁμαρτςίας
2948 4413 2976 4463 6
3029 4411 3236 4482 νόμοςς
3278 4413 3394 4466 Ὅτι
3445 4407 3572 4469 ἐκτὸς
3615 4401 3673 4453 νό-

2191 4515 2306 4568 μου
2352 4499 2587 4569 ἀσθενὴς
2631 4495 2701 4570 ἦν
2763 4502 2796 4571 ἡ
2849 4502 3095 4570 ἁμαρτία
3141 4503 3285 4557 κατά
3313 4500 3555 4570 ἀγνωσίαν
3579 4508 3676 4561 τινι·

521 4598 609 4654 ιρι
645 4616 770 4654 vero
787 4601 1109 4671 quar'ipsum
1141 4600 1563 4666 manilestando,
1601 4603 1772 4672 magis
1804 4617 1904 4656 nos
1959 4615 2083 4656 con-

2197 4587 2356 4660 μένηο
2400 4590 2459 4643 Ὀ
2512 4589 2567 4643 δὲ
2627 4591 2790 4661 νόμος
2840 4591 3012 4662 αὑτὴν
3069 4595 3422 4664 φανερώσας,
3465 4587 3674 4677 κατέκρινε

522 4691 824 4755 demnavit,
861 4698 916 4748 et
952 4693 1247 4748 cliicaciam
1280 4709 1344 4748 ac
1376 4695 1542 4749 robur
1570 4694 1859 4749 adversum
1875 4708 1975 4748 nos
1997 4693 2094 4748 ad-

523 4785 684 4848 didit,
714 4801 822 4840 non
857 4801 922 4840 ex
953 4800 1051 4839 sua
1090 4794 1310 4850 natura,
1343 4785 1436 4840 sed
1485 4801 1552 4841 ex
1583 4793 1770 4839 nostra
1803 4785 2090 4854 pravitate.

526 4876 605 4933 Ne
637 4879 805 4948 igitur
841 4877 1082 4945 dubites,
1107 4893 1140 4934 o
1182 4879 1372 4946 bumo,
1415 4878 1481 4933 de
1514 4878 1941 4944 resurrectione,
1969 4893 2092 4932 cum

525 4969 714 5023 videas
745 4971 937 5026 mortis
970 4971 1244 5036 aculeum,
1272 4987 1466 5041 nempe
1499 4978 1943 5040 peccatum,esse
1961 4969 2095 5024 sub-

526 5061 802 5123 iatum,ac
841 5063 1047 5131 peccati
1072 5065 1261 5127 robur,
1291 5072 1420 5131 puta
1454 5062 1648 5131 legem,
1683 5075 1804 5115 esse
1833 5060 2092 5116 solutum.

529 5149 760 5206 Peccato
786 5154 928 5206 enim
964 5156 1200 5218 sublato,
1227 5155 1480 5209 videlicet
1520 5154 1712 5229 mortis
1747 5154 1960 5218 aculeo,
1999 5167 2098 5222 per

530 5258 746 5298 crucem
777 5243 1004 5307 Christi,
1049 5245 1399 5300 manifestum
1451 5246 1705 5316 estquod
1745 5252 1799 5299 et
1846 5260 1995 5300 mors
2025 5245 2098 5299 si-

534 5336 644 5389 mul
676 5335 889 5390 sublata
921 5339 1010 5391 sit.
1053 5357 1071 5388 ι
1098 5337 1206 5390 Deo
1242 5348 1418 5392 autem
1451 5341 1523 5392 sit
1580 5341 1751 5409 gratia
1807 5337 1899 5409 qui
1949 5337 2098 5392 dedit

536 5429 692 5484 nobis
731 5430 1040 5484 victoriam.
1095 5449 1113 5481 ι
1146 5429 1415 5494 Christus,
1456 5431 1652 5500 inquit,
1695 5439 1955 5499 tropmum
1979 5444 2100 5484 ere-

536 5521 633 5584 xit,
675 5537 773 5576 nos
811 5537 936 5576 vero
967 5537 1291 5576 coronarum
1325 5523 1456 5577 socii
1493 5537 1704 5576 sumus.
1751 5522 1935 5577 Gratia
1971 5535 2099 5574 vero

535 5609 607 5663 sit
637 5609 802 5675 Patri,
858 5609 1002 5680 quod
1037 5608 1232 5662 Filium
1267 5609 1628 5679 generaverit,
1655 5609 1745 5679 qui
1772 5617 1918 5664 tanta
1942 5609 2100 5664 nobis

538 5696 810 5765 praestitit.
851 5727 920 5739 ——
942 5697 1060 5750 Alio
1093 5697 1266 5750 modo.
1319 5696 1585 5761 Quoniam
1616 5697 1784 5767 legem
1806 5697 1943 5751 dixit
1971 5712 2100 5766 pec-

538 5787 646 5840 cati
679 5787 1001 5856 potentiam,
1061 5803 1126 5842 ne
1160 5795 1414 5858 putarent
1443 5787 1610 5858 aliqui
1635 5789 1803 5859 legem
1842 5797 2099 5858 tanquam

539 5893 762 5948 [raram
787 5895 1055 5953 cessasse,
1085 5893 1139 5938 et
1186 5881 1547 5954 lcgislatorem
1610 5881 2096 5947 calumniarentur,

2199 4681 2402 4751 μᾶλλον
2427 4683 2594 4752 ἡμᾶς,
2631 4683 2725 4736 καὶ
2752 4684 2970 4754 ἐνεργὸν
2995 4687 3090 4737 καὶ
3126 4686 3350 4755 ἰσχυράν
3385 4681 3572 4748 ἐποίησε
3595 4672 3674 4726 καθ’

2197 4773 2378 4844 ἡμῶν,
2406 4775 2467 4827 οὐ
2519 4775 2668 4845 ποιρά
2713 4775 2810 4846 τὴν
2844 4774 3054 4828 οἰκείαν
3093 4776 3278 4843 φύσιν,
3311 4774 3435 4828 ἀλλά
3472 4768 3590 4838 παρὰ
3612 4763 3672 4831 τὴν

2196 4864 2355 4934 ἡμῶν
2390 4863 2717 4937 mula.th
2752 4865 2846 4918 οὖν
2879 4865 3212 4934 ἀμφίϐαλλε,
3248 4861 3292 4920 ὦ
3324 4864 3562 4934 ἄνθρωπε,
3592 4853 3673 4921 ﬂii

2195 4957 2296 5024 τῆς
2329 4955 2702 5017 ἀναστάσεως,
2733 4953 2876 5024 δρῶν
2905 4954 2964 5006 τὸ
2999 4956 3225 5026 κέντρον
3253 4955 3346 5008 τοῦ
3382 4952 3589 5009 θανάτων
3610 4941 3672 5007 τὴν

2198 5045 2477 5115 ἁμαρτίαν
2532 5045 2950 5116 ἀναιρεθεῖσαν,
2990 5048 3083 5100 καὶ
3127 5049 3225 5124 τῂν
3278 5048 3420 5116 ἰσχὺν
3459 5039 3586 5094 πάλιν
3609 5032 3672 5098 τῆς

2203 5135 2480 5206 ἁμαρτίας
2514 5137 2683 5206 ἤγουν
2717 5137 2808 5192 τὸν
2838 5138 3002 5208 νόμον
3031 5138 3276 5192 λυθέντα.
3309 5139 3411 5206 Τῆς
3443 5133 3531 5202 γὰρ
3552 5130 3670 5196 dita?“

2199 5225 2321 5291 τίας
2352 5228 2757 5298 ἀναιρεθείσης,
2785 5231 2953 5299 ἤγουν
2977 5231 3039 5282 τὸ
3070 5232 3289 5302 κέντρον
3320 5229 3390 5299 τῷ
3419 5219 3591 5291 σταυρῷ
3611 5211 3669 5266 τθῧ

2201 5321 2466 5392 Χριστοῦ,
2495 5321 2652 5391 δῆλον
2686 5322 2760 5384 ὡς
2793 5323 2885 5375 καὶ
2916 5324 2942 5376 6
2974 5323 3202 5387 θάνατος
3233 5315 3666 5396 συναναιρεθήσετσι.

2208 5433 2226 5465 ι
2258 5412 2347 5483 Τῷ
2379 5414 2434 5466 δὲ
2465 5413 2582 5483 Θεῷ
2639 5413 2799 5486 χάρις
2849 5413 2926 5483 τῷ
2976 5414 3119 5467 δόντι
3172 5395 3302 5484 ἡμῖν
3333 5413 3388 5465 τὸ
3429 5411 3600 5466 νῖκοςο⁹
3632 5395 3669 5445 ’θ

2201 5506 2454 5577 Χριστὸς,
2487 5507 2639 5578 φησι,
2681 5507 2741 5559 τὸ
2779 5507 3038 5577 τρόπαιον
3079 5506 3318 5577 ἔστησεν,
3367 5504 3500 5572 ἡμεῖς
3529 5496 3572 5548 δὲ
3597 5488 3667 5541 τῶν

2206 5602 2486 5668 στεφάνων
2517 5600 2904 5670 κοινωνοῦμεν.
2942 5600 3115 5669 Χάρις
3148 5598 3204 5653 δὲ
3238 5597 3308 5668 τῷ
3337 5594 3486 5663 Πατρὶ
3509 5585 3568 5654 τῷ
3588 5597 3668 5648 ἵεν·

2204 5693 2427 5762 νήσαντι
2469 5692 2619 5755 Υἱὸν,
2654 5691 2746 5744 τὴν
2780 5688 3017 5743 τοσαῦτα
3067 5688 3462 5761 κατορθώσαντα
3495 5676 3604 5746 ἡμῖν·
3647 5692 3667 5702 ‘
3765 5738 3771 5750 ⁸

2209 5785 2463 5850 Ἄλλως.
2516 5781 2714 5856 [IMR]
2759 5781 2974 5852 Ἐπειδὴ
3024 5780 3116 5834 τὸν
3161 5781 3316 5849 νόμον
3363 5772 3467 5828 εἷπε
3505 5764 3663 5856 δύναμιν

2208 5874 2503 5946 ἁμαρτίας,
2523 5855 2622 5928 ita
2647 5875 2721 5946 μή
2753 5890 2894 5937 τινες
2926 5871 3086 5927 αὐτόν
3116 5887 3174 5925 τε
3198 5869 3284 5925 τὸν
3310 5865 3469 5936 νόμον,
3497 5855 3554 5914 ὡς
3575 5861 3665 5916 9²¹¹⁴
