3906 6542
167 385 274 450 897

1123 387 1509 449 COMMENT.
1539 389 1618 449 IN
1657 340 1956 456 spissi
1996 397 2095 458 AD
2144 401 2502 466 comma.

3301 425 3406 486 898

160 487 256 540 λον
287 485 595 541 πεπαῦσθαι
664 488 950 558 νομίσωσι,
1007 491 1102 545 καὶ
1137 492 1228 547 τὸν
1272 496 1571 568 νομοθέτην
1605 498 1726 568 βλα-

1837 504 2117 576 subjungit
2150 528 2162 564 :
2207 531 2226 563 ι
2266 512 2375 568 Deo
2407 525 2586 571 autem
2622 518 2690 573 sit
2737 521 2910 591 gratia
2940 540 2953 587 ;
2989 543 3007 576 ι
3049 525 3148 581 ltoc
3178 540 3281 594 est,
3329 533 3406 586 le-

163 581 544 648 cmpqawcw,
595 582 812 650 ἐπάγειο
849 601 866 634 ι
910 583 1000 654 Τῷ
1039 585 1096 638 δὲ
1139 587 1258 657 Θεῷ
1305 588 1494 660 χάρις’
1525 608 1544 641 ι
1595 586 1727 658 οἷον,

160 671 240 739 τῷ
281 672 333 724 δὲ
364 673 632 747 νομοθέτῃ
675 675 794 747 Θεῷ
835 677 929 730 καὶ
957 679 1135 750 Πατρὶ
1188 680 1282 733 τοῦ
1326 681 1532 752 Κυρίου
1572 685 1728 751 ἡμῶν

171 763 346 832 Ἰησοῦ
371 764 554 837 χάρις.
571 767 741 831 Αὐτὸς
771 769 881 840 γὰρ
911 770 1004 823 καὶ
1032 772 1314 842 τὸννόμον
1341 773 1482 828 κατὰ
1507 777 1732 848 καιροὺς

161 851 510 926 συμφέροντα
533 857 720 925 ἔδωκε,
747 861 842 914 καὶ
871 862 1044 933 τούτῳ
1065 863 1222 934 ἡμῶν
1248 867 1327 929 εἰς
1366 868 1518 938 ίσχὺν
1550 868 1731 940 ἀμαρ-

158 947 278 1008 τίας
307 950 785 1021 ἀποχρησαμένων
811 952 906 1005 καὶ
939 957 1398 1026 κραταιωσάντων
1425 959 1523 1029 τὴν
1551 961 1731 1033 ἁμαρ-

156 1033 301 1096 τίαν,
343 1036 506 1100 αὐτὸς
538 1039 700 1093 πάλιν
749 1040 841 1094 διὰ
875 1044 968 1095 τοῦ
1016 1045 1145 1098 Υίοῦ
1180 1048 1346 1101 αὐτοῦ
1383 1050 1477 1102 τοῦ
1519 1053 1726 1123 Κυρίου

157 1123 316 1192 ἡμῶν
388 1126 559 1196 ἰησοῦ
594 1129 856 1199 Χριστοῦ,
895 1131 1096 1188 ἔδωκεν
1125 1137 1258 1206 ἡμῖν
1290 1137 1353 1191 τὸ
1390 1141 1513 1195 κατ’
1557 1143 1728 1215 αὐτῆς

155 1216 575 1286 ἀναμφήριστον
607 1220 807 1290 κράτος
839 1225 930 1277 καὶ
962 1228 1126 1290 νῖκος.

224 1305 433 1370 Ὥστε,
455 1308 707 1379 ἀδελφοί
734 1329 848 1380 μου
873 1315 1189 1386 ἀγαπητοί,
1211 1320 1435 1389 ἑδραῖοι
1466 1325 1724 1396 γίνεσθε,

155 1397 574 1466 ἀμετακίνητοι
594 1441 610 1466 ,
667 1407 1135 1476 περισσεύοντες
1177 1412 1248 1466 ἐν
1283 1414 1363 1480 τῷ
1412 1416 1564 1487 ἔργῳ
1618 1420 1726 1475 τοῦ

153 1490 377 1556 Κυρίου
409 1491 687 1557 πάντοτε,
717 1496 942 1565 ειδότες
974 1499 1064 1555 ὅτι
1099 1505 1132 1556 ὁ
1169 1504 1356 1573 κόπος
1387 1507 1574 1578 ὑμῶν,
1613 1513 1726 1566 οὐκ

155 1577 288 1633 ἔστι
327 1583 504 1650 κενὸς
529 1584 600 1638 ἐγ
628 1589 844 1655 Κυρίῳ.

237 1670 397 1724 Ἐπεὶ
430 1671 525 1728 οὖν
557 1675 779 1746 ἔγνωτε,
807 1684 960 1751 φησὶ,
996 1684 1168 1739 ταῦτα
1191 1687 1363 1752 οὕτως
1393 1689 1560 1760 ἔχειν,
1588 1688 1727 1748 εἷναί

153 1775 210 1813 τε
237 1761 540 1817 ἀνάστασιν
570 1769 662 1820 καὶ
710 1770 946 1840 ἀμοιϐάς
983 1774 1162 1829 καλῶν
1203 1778 1295 1830 καὶ
1325 1779 1563 1847 φαύλων,
1596 1784 1728 1855 στή-

153 1869 298 1906 κετε.
372 1854 723 1913 Ἐσαλεύοντο
777 1862 887 1933 γὰρ
944 1867 1070 1936 περὶ
1121 1866 1180 1920 τὸ
1236 1870 1334 1938 τῆς
1376 1854 1726 1938 ἀναστάσεως

155 1945 484 2016 μυστήριον,
533 1951 626 2003 καὶ
672 1953 767 2006 τοῦ
816 1955 932 2025 βίου
998 1959 1251 2028 ἠμέλουν,
1283 1961 1358 2026 ὡς
1407 1965 1506 2018 οὐκ
1561 1966 1727 2037 οὔσης

151 2034 526 2094 ἀναστάσεως.
573 2038 708 2099 Εἶτά
739 2063 898 2115 φησι·
930 2066 949 2099 ι
971 2049 1081 2103 Καὶ
1114 2052 1530 2122 περισσεύοντες
1559 2059 1616 2110 ἐν
1650 2059 1728 2129 τῷ

153 2124 300 2198 ἔργῳ
347 2130 441 2182 τοῦ
475 2131 632 2199 Θεοῦ,
667 2153 686 2186 ι
722 2137 783 2189 οὐ
821 2137 981 2208 μόνον
1011 2139 1142 2194 αὐτὸ
1185 2143 1565 2216 ἐργαζόμενοι,
1593 2124 1729 2206 ἀλλά

151 2221 243 2271 καὶ
278 2225 709 2291 περισσεύοντες
728 2230 786 2281 ἐν
817 2236 1080 2302 χρησταῖς
1099 2237 1382 2305 πράξεσιν.
1421 2259 1441 2292 t
1483 2240 1540 2293 '0
1561 2243 1730 2307 κόπος

151 2310 306 2380 ὑμῶν
362 2315 462 2367 οὐκ
503 2315 620 2372 ἐστι
661 2321 818 2384 κενὸς
851 2325 908 2376 ἐν
939 2325 1150 2397 Κυρίῳ,
1190 2347 1210 2380 ι
1244 2329 1302 2384 ὃν
1347 2330 1441 2386 νῦν
1470 2335 1727 2404 κάμνετε,

151 2405 343 2497 φησὶν,
375 2406 491 2461 ἀλλ’
544 2409 697 2465 ἔσται
726 2414 890 2468 αὑτοῦ
935 2418 1138 2490 ἀμοιϐὴ
1171 2423 1323 2493 παρὰ
1355 2424 1511 2481 Θεοῦ.
1551 2427 1622 2482 Τὸ
1649 2427 1726 2497 δὲ,

157 2509 189 2590 1
213 2493 306 2590 Ἐν
342 2496 556 2569 Κυρίῳ,
577 2519 595 2552 ι
619 2504 851 2574 νοήσεις,
880 2505 937 2575 ἢ,
959 2510 987 2560 ὁ
1005 2508 1064 2562 ἐν
1085 2510 1274 2582 Κυρίῳ
1301 2514 1487 2578 κόπος,
1506 2515 1563 2588 ἢ,
1580 2493 1730 2590 παρά

150 2583 348 2656 Κυρίῳ
374 2586 434 2639 οὐ
479 2593 926 2666 ματαιωθήσεται
958 2598 988 2651 ὁ
1015 2600 1209 2670 κόπος.⁴

213 2771 363 2864 geel
395 2765 462 2828 et
490 2771 598 2844 τῆς
625 2777 839 2846 λογίας
864 2780 975 2850 τῆς
993 2783 1081 2850 εις
1106 2784 1250 2850 τοὺς
1271 2788 1500 2856 ἁγίους,
1524 2790 1729 2864 ὥσπερ

146 2852 392 2930 διέτίῖξε
424 2869 555 2934 ταῖς
596 2867 986 2940 Ἑκκλησίαις
1025 2875 1137 2945 τῆς
1175 2852 1504 2948 Γαλατίαᾷ
1541 2852 1730 2954 οὕτως

148 2955 240 3008 καὶ
275 2957 460 3026 ὑμεῖς
498 2962 820 3032 ποιήσατο,
845 2966 998 3020 κατὰ
1035 2970 1184 3036 μίαν
1215 2973 1552 3038 Σαϐϐἁτων,
1595 2977 1731 3031 ἕκα-

147 3059 290 3111 στος
348 3047 518 3115 ὑμῶν
553 3053 692 3120 παρ’
730 3056 923 3122 ἐαυτῷ
973 3058 1177 3114 τιθέτω
1207 3063 1578 3132 θησαυρίζωις
1616 3066 1650 3119 ὅ
1673 3084 1727 3121 τι

1833 598 2076 666 gislatori
2105 607 2285 656 autem
2339 603 2448 659 Deo
2491 615 2544 661 et
2588 606 2734 664 Patri
2785 609 3004 668 Domini
3051 607 3240 673 nostri
3275 619 3403 676 lem

1833 689 2034 745 Christi
2070 692 2141 746 sit
2172 696 2366 762 gratia.
2402 694 2519 764 Ipse
2545 699 2687 752 enim
2715 711 2769 756 ct
2838 702 3010 774 legem
3073 713 3408 779 temporibus

1834 781 1951 835 suis
1977 782 2162 837 utilem
2196 785 2346 840 dedit
2377 801 2391 838 :
2434 795 2488 842 et
2536 802 2660 842 cum
2690 806 2791 847 nos
2825 791 2928 848 hac
2954 795 3018 850 ad
3074 799 3280 867 peccati
3311 816 3402 856 ro-

1832 871 1938 928 bur
1967 875 2123 929 abusi
2161 892 2432 938 essemus.
2465 893 2528 934 ac
2559 894 2841 951 peccatum
2896 887 3404 959 conﬁrmassemus,

1814 1158 1946 1208 ~tum
1980 1164 2189 1211 certum
2205 1158 2376 1216 robur
2406 1177 2470 1217 ac
2496 1163 2856 1222 indubitatam
2877 1171 3182 1226 victoriam.

1909 1318 2022 1384 XV,
2046 1321 2168 1386 4-4,
2198 1322 2411 1394 Itaque,
2431 1325 2630 1395 fratres
2663 1329 2764 1383 mei
2782 1329 2984 1394 dilecti,
3009 1332 3226 1387 stabiles
3255 1332 3401 1398 sitis,

1830 1413 2148 1482 immobiles,
2203 1417 2533 1474 abundantes
2589 1421 2648 1476 in
2704 1437 2854 1490 opere
2901 1423 3118 1478 Domini
3173 1441 3399 1494 semper.

1831 1506 2050 1561 scientes
2102 1513 2242 1575 quod
2267 1509 2416 1564 labor
2439 1520 2605 1566 vester
2670 1530 2774 1568 non
2832 1516 2902 1568 sit
2943 1516 3119 1570 inanis
3176 1518 3232 1572 in
3286 1517 3402 1572 Do~

1833 1598 1997 1652 mino.

1905 1689 2172 1756 Quoniam
2210 1707 2339 1762 ergo
2363 1693 2498 1760 hare,
2535 1686 2730 1766 inquit,
2758 1696 2921 1754 ita'se
2969 1697 3171 1754 habere
3205 1699 3402 1764 nostis,

1831 1789 2055 1836 et-esse
2084 1786 2563 1850 resurrectionem,
2593 1801 2657 1841 ac
2713 1787 2981 1843 bonorum
3031 1799 3084 1845 et
3135 1792 3403 1845 malorum

1833 1873 2268 1936 retributionem,
2295 1884 2436 1929 state
2466 1891 2480 1927 :
2523 1891 2646 1930 nam
2675 1875 3013 1934 ﬂuctuabant
3045 1883 3189 1936 circa
3223 1896 3406 1936 resur-

1832 1966 2093 2020 rectionis
2109 1967 2449 2038 mysterium,
2474 1969 3125 2042 vitamquenegligebant,
3147 1982 3404 2044 tanquam

1832 2072 1940 2110 non
1965 2065 2110 2111 esset
2132 2055 2708 2115 resurrectio.Dcinde
2732 2062 2985 2116 aitetiam
3017 2079 3029 2114 :
3062 2083 3080 2114 ι
3103 2063 3405 2119 Abundan-

1832 2155 1914 2202 tes
1944 2147 1996 2201 in
2029 2164 2193 2218 opere
2227 2148 2435 2203 Domini
2463 2166 2480 2217 ;
2515 2169 2535 2202 ι
2564 2167 2672 2205 ιιοη
2701 2153 2877 2206 solum
2899 2152 2952 2206 in
2993 2168 3058 2207 eo
3093 2163 3402 2222 operantes,

1830 2254 2018 2292 verum
2049 2241 2210 2294 etiam
2239 2241 2579 2296 abundantes
2598 2241 2757 2298 bonis
2813 2246 3143 2300 actionibus.
3179 2264 3196 2298 ι
3228 2247 3407 2303 Labor

1830 2339 2011 2386 vester
2042 2346 2147 2384 non
2177 2331 2250 2386 sit
2278 2331 2459 2386 inanis
2520 2333 2574 2385 in
2606 2331 2859 2395 Domino,
2907 2353 2926 2386 ι
2981 2350 3090 2404 quo
3123 2351 3288 2397 nunc,
3322 2336 3406 2393 in.-

1830 2422 1968 2491 quit,
2007 2422 2291 2485 laboratis,
2314 2423 2406 2476 sed
2431 2423 2551 2491 ejus
2570 2425 2673 2477 erit
2720 2425 3050 2480 retributioa
3089 2425 3216 2480 Deo.
3246 2425 3404 2491 Quod

1829 2524 2010 2568 autem
2043 2515 2212 2580 dicit,
2237 2534 2256 2567 ι
2290 2513 2349 2568 In
2381 2513 2632 2578 Domino,
2661 2534 2680 2568 ι
2727 2516 2986 2587 intelligo,
3017 2519 3101 2570 vel
3128 2517 3279 2571 labor
3309 2517 3404 2586 qui

1827 2616 1913 2662 est
1943 2606 1995 2660 in
2026 2605 2278 2672 Domino,
2312 2607 2400 2662 vel
2429 2623 2460 2662 a
2491 2606 2722 2663 Domino
2777 2623 2887 2664 non
2931 2609 3220 2664 habebitur
3249 2609 3401 2664 labet

1827 2699 2030 2754 inanis.

1904 2787 2177 2854 χνῌ-ιι.
2195 2788 2458 2844 Caeterum
2477 2792 2538 2843 tle
2557 2791 2862 2846 collectione
2883 2792 2934 2846 in
2967 2801 3200 2850 sanctos.
3217 2807 3403 2860 quam-

1830 2882 2113 2934 admodum
2140 2881 2363 2948 priccepi
2388 2878 2641 2934 Ecclesiis
2687 2879 2936 2946 Galatia,
2969 2881 3129 2950 582
3151 2883 3227 2935 ita
3247 2890 3293 2934 et
3314 2896 3403 2936 vos

1828 2972 2012 3042 facite.
2043 2969 2110 3024 In
2139 2986 2243 3023 uno
2271 2969 2624 3024 Sabbatorum
2659 2974 3016 3041 unusquisque
3046 2976 3185 3038 apud
3225 2989 3279 3026 se
3313 2989 3404 3040 po.

1831 3073 1946 3127 nat,
1980 3063 2263 3116 recondens
2299 3063 2552 3131 quidquid
2579 3063 2912 3114 commodum
2942 3063 3100 3132 fuerit
3128 3081 3141 3116 :
3171 3079 3252 3127 ne,
3286 3078 3404 3116 cum

146 3133 220 3190 ἂν
244 3137 563 3206 εῦοδῶται,
607 3145 707 3199 ἵνα
731 3148 820 3218 μὴ
866 3150 1013 3205 ὅταν
1054 3153 1208 3208 ἔλθω
1235 3159 1368 3210 τότε
1403 3162 1602 3230 λογίαι
1643 3163 1725 3232 τί·

1837 3171 2034 3223 [acorem4
2070 3165 2191 3207 tunc
2223 3154 2554 3207 collectioues
2594 3155 2751 3221 ﬁam.
2817 3153 2920 3208 Ubi
2968 3163 3143 3208 autem
3185 3170 3402 3220 venero,

147 3243 392 3285 νωνται.
425 3231 612 3288 Ὅταν
637 3237 706 3290 δὲ
736 3242 1174 3314 παραγένωμαι,
1206 3248 1314 3314 οὓς
1335 3251 1444 3304 ἐὰν
1480 3231 1720 3322 δοκιμά-

146 3334 294 3387 σητε
319 3323 401 3376 δι’
424 3324 786 3398 ἐπιστολῶν,
817 3335 1069 3403 τούτους
1103 3338 1339 3408 πέμψω,
1368 3343 1725 3414 ἀπενεγκεῖν

149 3413 259 3505 τίς
279 3413 469 3505 χάριν
496 3419 660 3488 ὑμῶν
675 3425 762 3489 εἷς
787 3424 1202 3498 Ἰερουσαλήμ.
1233 3431 1368 3485 Ἐὰν
1386 3433 1454 3486 δὲ
1481 3430 1522 3505 ᾖ
1553 3413 1726 3500 ἄξιον

148 3500 251 3555 τοῦ
282 3504 444 3573 κάμὲ
480 3512 858 3580 πορεύεσθαι,
895 3514 1016 3569 σὺν
1041 3516 1170 3584 ἐμοὶ
1203 3520 1622 3588 πορεύσονται.

230 3594 576 3668 ἰ’,παρτίσας
608 3603 699 3658 τὸν
728 3607 856 3676 περὶ
894 3607 1183 3677 δογμάτων
1214 3609 1393 3680 λόγον,
1432 3614 1514 3677 εἰς
1542 3613 1602 3666 τὸ
1634 3631 1726 3668 κε-

149 3690 381 3773 φάλαιον
403 3692 513 3746 τῶν
531 3694 761 3766 ἀρετῶν,
787 3697 887 3765 τὴν
919 3700 1292 3772 ἐλεημοσύνην
1324 3699 1477 3773 ἦλθε.
1508 3708 1726 3775 Acria;-

147 3781 200 3835 δὲ
228 3772 386 3854 λέγει
413 3827 428 3852 ,
464 3786 563 3857 τὴν
589 3787 874 3861 συλλογὴν,
910 3791 1110 3860 κοῦφον
1137 3795 1201 3848 ὲκ
1230 3772 1534 3866 προοιμίων
1557 3772 1726 3852 ποιῶν

146 3872 206 3924 τὺ
245 3877 510 3945 πρᾶγμα.
552 3877 625 3930 Τὸ
663 3879 773 3948 γὰρ
813 3882 877 3934 ἐκ
927 3881 1138 3935 πολλῶν
1203 3887 1725 3956 συνεισφερόμενον,

147 3964 352 4032 κοῦφον
388 3965 623 4036 ἑκάστῳ.
663 3967 796 4024 Εἶτα
825 3973 905 4034 είς
939 3971 1100 4043 ζῆλον
1132 3975 1327 4038 αὐτοὺς
1355 3977 1498 4044 ἄγει,
1539 3979 1729 4051 διηγή-

148 4071 228 4106 σει
255 4057 371 4109 τῶν
405 4057 614 4129 ἑτέροις
642 4061 1116 4132 κατορθωθέντων.
1143 4066 1354 4138 Ὥσπερ
1383 4069 1513 4139 γὰρ,
1539 4057 1723 4139 φησὶί

148 4149 196 4200 οί
231 4148 481 4202 Γαλάται
519 4154 876 4222 πεποιήκασι.
920 4154 1062 4224 Ὅρα
1105 4156 1161 4210 δὲ
1201 4158 1320 4220 πῶς
1375 4161 1630 4229 ἐμφαίνει
1668 4162 1729 4214 τὺ

148 4241 458 4309 ἀναγκαῖον
482 4242 576 4295 τοῦ
607 4245 916 4314 γινομένου.
957 4265 976 4298 ι
1001 4248 1233 4319 Ὥσπερ,
1261 4251 1416 4320 φησὶ,
1443 4251 1679 4317 διέταξα.
1703 4272 1723 4306 ι

148 4329 220 4381 Οὐ
246 4329 358 4398 γὰρ
401 4324 544 4395 εἷπε,
581 4331 886 4403 Παρῄνεσα,
913 4334 969 4406 ἢ,
1002 4337 1535 4410 Συνεὸουλευσάμην,
1569 4341 1726 4408 ἀλλὰ,

145 4421 410 4487 Διέταξα,
443 4422 520 4492 τῷ
557 4423 696 4492 μετὰ
726 4425 1010 4491 αύθεντίας
1053 4430 1307 4495 ἐπιτάξαι
1336 4432 1513 4502 δηλῶν
1541 4433 1602 4487 τὸ
1631 4433 1726 4488 τοῦ

1825 3263 2160 3324 quoscunque
2186 3243 2532 3314 probaueritis
2550 3260 2643 3316 per
2686 3245 2964 3314 epistolas,
3024 3245 3118 3298 hos
3169 3247 3402 3307 mittam,

1827 3357 1880 3396 ut
1909 3339 2424 3411 perferantgrutiam
2463 3348 2686 3390 vestram
2720 3337 3116 3408 Hierosolyma.
3169 3333 3318 3400 Quod
3357 3336 3406 3390 si

1827 3433 2044 3501 dignum
2070 3430 2230 3499 fuerit
2261 3438 2312 3480 ut
2339 3431 2500 3481 etiam
2530 3429 2638 3496 ipse
2659 3431 2992 3498 proﬁciscar,
3057 3445 3257 3482 mecum
3283 3451 3292 3496 ε
3315 3444 3405 3482 βο-

1827 3527 2152 3595 ﬁciscentur.

1900 3619 2128 3689 Expleto
2141 3621 2205 3672 de
2229 3616 2575 3690 dogmatibus
2596 3633 2848 3672 sermone
2875 3615 2942 3671 ad
2969 3615 3226 3670 virtutum
3257 3631 3406 3670 sum-

1831 3726 1973 3766 mam
2027 3710 2198 3773 venit,
2248 3725 2441 3778 nempe
2491 3710 2919 3779 cleetnnsynam.
2959 3709 3156 3778 Λογίας
3222 3718 3404 3762 autem

1827 3805 1961 3859 dicit
1995 3821 2006 3856 :
2035 3802 2448 3868 Collectionem,
2485 3819 2596 3856 rem
2624 3802 2678 3856 in
2706 3801 2945 3856 exordiis
2975 3803 3146 3855 levem
3175 3801 3403 3856 faciens.

1828 3893 1973 3964 quod
1992 3894 2136 3949 enim
2164 3893 2232 3947 ab
2264 3893 2536 3948 universis
2561 3893 2616 3946 in
2655 3909 2822 3971 unum
2855 3892 3264 3957 conferebatur,
3290 3893 3407 3946 sin-

1827 3988 1970 4057 gulis
2003 3988 2121 4042 leve
2144 3994 2284 4040 erat.
2320 3984 2525 4040 Deinde
2556 3986 2624 4039 ad
2653 3986 3053 4040 :emnlationem
3101 4001 3196 4041 eos
3231 3985 3404 4048 ducit,

1829 4080 2146 4134 narratione
2174 4093 2363 4133 eorum
2397 4093 2518 4147 quae
2554 4078 2623 4130 ab
2645 4076 2766 4132 aliis
2789 4089 2938 4132 recte
2959 4087 3078 4130 acta
3103 4083 3258 4131 erant
3288 4093 3301 4128 :
3331 4080 3407 4130 ait

1831 4173 1981 4228 enim
2006 4191 2018 4226 :
2042 4169 2513 4238 Quemadmodum
2535 4169 2742 4223 Galatae
2771 4167 3041 4222 fecerunt.
3066 4165 3200 4222 Vide
3221 4175 3404 4221 autem

1830 4267 2109 4337 quomodo
2135 4265 2394 4320 ostendat
2417 4264 2494 4318 rei
2529 4263 2941 4318 necessitatem.
2985 4282 3002 4314 ι
3035 4261 3406 4328 Quemadmo-

1829 4360 1983 4425 dum,
2003 4359 2204 4429 inquit,
2232 4357 2488 4428 praecepi.
2519 4377 2538 4410 ι
2559 4354 2748 4425 Neque
2768 4354 2912 4410 enim
2931 4354 3084 4421 dicit,
3108 4354 3407 4443 Admonqi,

1830 4461 1923 4505 aut
1942 4450 2125 4513 Suasi,
2154 4450 2273 4512 sed,
2301 4447 2531 4518 praecepi
2567 4461 2661 4516 per
2687 4446 2903 4516 jussutn
2932 4462 3052 4501 cum
3081 4445 3406 4500 auctoritate

149 4513 488 4584 πράγματος
527 4516 898 4588 ἀπαραίτητόν
930 4537 991 4574 τε
1026 4521 1122 4575 καὶ
1159 4524 1478 4594 ἀναγκαῖον.
1515 4545 1534 4580 ι
1571 4529 1726 4584 Κατὰ

1837 4539 2150 4609 signiﬁcans
2170 4537 2538 4594 inevitabilem
2573 4536 2652 4591 rei
2716 4538 3124 4591 necessitatem.
3157 4554 3175 4587 ι
3209 4534 3263 4588 In
3297 4551 3405 4590 uno

149 4607 283 4676 μίαν
320 4607 646 4664 Σαόὁάτων.
684 4629 704 4664 ι
753 4613 898 4667 Μίαν
961 4615 1257 4671 Σα66άτων
1298 4619 1398 4692 τὴν
1443 4621 1731 4694 Κυριακὴν

146 4697 321 4768 λέγει,
360 4700 460 4752 καὶ
497 4701 606 4755 ἀπὸ
633 4703 733 4772 τῆς
760 4705 975 4775 ἡμέρας
1021 4709 1190 4778 αὐτῆς
1221 4710 1314 4763 ἐπὶ
1358 4711 1730 4784 ἐλεημοσύνην

147 4791 626 4862 προτρεπόμενος,
660 4794 770 4848 τῶν
798 4798 856 4849 ἐν
885 4797 1023 4867 αὐτῇ
1059 4801 1378 4870 μυστηρίων
1417 4804 1734 4874 ὑπομιμνή-

150 4896 323 4938 σκων.
363 4900 385 4935 s
419 4886 555 4956 Παρ’
610 4886 790 4958 ἐαυτῷ
831 4888 1044 4944 τιθέτω.
1082 4909 1101 4942 ›
1157 4894 1541 4964 Προνοητικῶς
1588 4895 1726 4949 λίαν.

148 4974 224 5027 Οὐ
252 4975 373 5046 γὰρ
402 4973 574 5043 εἶπεν,
610 4978 784 5042 Εὐθὺς
824 4983 1058 5052 φερέτω,
1094 4982 1179 5036 ἵνα
1216 4986 1289 5054 μή
1333 5003 1417 5048 τις
1451 4986 1733 5057 ἐλάχιστον

147 5067 290 5139 ἔχων
342 5071 694 5141 αίσχύνηται,
737 5073 874 5128 ἀλλὰ
929 5075 1144 5144 πρῶτον
1196 5078 1347 5147 παρὰ
1389 5080 1568 5149 σαυτῷ
1609 5098 1733 5134 συν-

147 5162 355 5230 ἁγαγε,
399 5163 494 5215 καί⁵
545 5164 674 5217 ὅταν
728 5163 877 5229 ἄξιον
922 5165 1082 5233 λόγου
1117 5168 1377 5237 γένηται,
1423 5171 1543 5223 τότε
1575 5173 1729 5242 φέρε.

151 5270 173 5303 s
212 5251 615 5322 Θησαυριζέτω
647 5254 703 5306 δὲ
736 5255 764 5307 ὅ
801 5273 858 5307 τι
885 5256 952 5308 ἂν
985 5257 1268 5324 εὐοδῶται,
1309 5278 1328 5312 ι
1363 5261 1662 5327 τουτέστιν,
1703 5261 1732 5314 ὃ

149 5344 216 5396 ἂν
248 5345 279 5396 δ
304 5344 442 5408 Θεὸς
468 5346 681 5418 πέμψῃ,
709 5348 804 5401 καὶ
831 5349 1115 5420 εὐχέρειαν
1155 5354 1276 5422 σχῇ.
1309 5371 1327 5404 ι
1359 5353 1474 5407 Ἵνα
1500 5355 1574 5425 μὴ
1603 5357 1732 5408 ὅταν

146 5437 315 5491 ἔλθω.
360 5456 380 5488 ι
415 5437 534 5491 Ἵνα
575 5442 672 5509 μὴ,
703 5443 891 5510 φησὶν,
925 5443 1015 5496 ὅτε
1046 5445 1237 5515 καιρός
1279 5446 1429 5500 ἐστιν
1469 5449 1730 5518 ἐκφορᾶς,

146 5530 284 5582 τότε,
309 5531 570 5598 συνάγειν
599 5531 854 5602 ἄρξηται.
879 5534 970 5605 Τῷ
992 5536 1048 5588 δὲ
1073 5539 1271 5602 εἰπεῖν,
1301 5557 1320 5590 i
1349 5540 1519 5592 Ὅταν
1537 5541 1727 5609 nam,»

151 5618 606 5688 προθυμοτέρους
627 5622 707 5685 είς
729 5622 826 5694 τὴν
852 5623 1118 5696 συλλογὴν
1141 5631 1302 5691 ποιεί,
1327 5628 1402 5690 ὡς
1429 5629 1517 5683 ἐπ’
1546 5631 1733 5701 ὄψεσιν

151 5708 328 5761 αὑτοῦ
367 5709 663 5782 μελλούσης
706 5714 952 5782 γίνεσθαι
995 5717 1094 5787 τῆς
1142 5721 1422 5791 εἰσφορᾶς.
1453 5740 1472 5774 ι
1502 5721 1609 5786 Οὓς
1638 5725 1733 5778 ἐὰν

149 5801 515 5875 δοκιμάσητε.
551 5825 570 5859 ι
629 5807 828 5873 Καλῶς
875 5810 958 5876 τὸ,
994 5828 1015 5862 ι
1050 5810 1158 5875 Οὓς
1199 5811 1264 5867 ἂν
1323 5813 1676 5888 δοκιμάσητε,
1707 5835 1724 5870 ι

1835 4628 2221 4683 Sabbatorum.
2255 4647 2274 4679 ι
2317 4624 2494 4681 Unum
2546 4625 2910 4680 Sabbatorum
2930 4627 3203 4697 signiﬁcat
3261 4627 3403 4680 diem

1833 4720 2176 4776 Dominicum
2222 4736 2236 4773 :
2269 4734 2335 4771 ex
2361 4719 2482 4788 ipso
2505 4733 2724 4787 quoque
2753 4718 2843 4772 die
2896 4721 2962 4773 ad
2997 4723 3403 4788 eleemosynam

1832 4813 2150 4873 adhortans.
2184 4810 2325 4865 facta
2365 4811 2746 4882 mysteriorum
2773 4827 2894 4879 quae
2971 4810 3025 4864 in
3077 4826 3141 4866 eo
3186 4820 3406 4882 peracta
3480 4805 3498 4830 ·’

1833 4909 1962 4955 sunt
1993 4903 2288 4953 mentione.
2327 4916 2346 4950 ι
2401 4897 2557 4967 Apud
2595 4914 2652 4951 se
2681 4907 2866 4966 ponat.
2904 4918 2920 4950 ι
2957 4898 3190 4953 Provide
3219 4899 3406 4954 admo-

1832 4991 1983 5044 dum.
2019 4987 2299 5058 Siquidem
2331 5005 2438 5042 non
2500 4987 2638 5041 dixit
2675 5004 2689 5039 :
2729 4986 2924 5041 Statim
2988 4988 3199 5052 afferat,
3254 5006 3320 5044 ne
3361 4992 3407 5045 is

1831 5083 1924 5151 qui
1962 5081 2118 5136 valde
2151 5095 2342 5150 parum
2381 5079 2539 5133 habet
2567 5078 2934 5149 pndeliat,sed
2970 5082 3120 5148 prius
3163 5082 3303 5150 apud
3332 5091 3408 5137 te-

1832 5174 2011 5244 ipsunt
2045 5187 2337 5240 congrega,
2390 5186 2626 5240 cumque
2669 5173 2881 5226 ratione
2932 5171 3157 5242 dignum
3189 5172 3404 5234 luerit,

1834 5277 1963 5324 tun‘c
1983 5265 2132 5320 affer.
2159 5284 2178 5316 ι
2207 5264 2486 5318 Recondat
2513 5264 2775 5334 quidquid
2801 5267 3150 5320 commodum
3188 5265 3347 5320 luerit
3381 5285 3401 5316 ι

1837 5363 1940 5413 hoc
1971 5365 2076 5422 est,
2127 5349 2495 5424 quodcunque
2541 5355 2682 5409 Deus
2735 5356 2970 5420 miserit,
3025 5365 3121 5410 aut
3158 5357 3206 5410 ei
3247 5356 3408 5410 facile

1833 5448 2019 5504 fuerit.
2067 5465 2086 5498 ι
2124 5448 2201 5502 Ne
2230 5463 2355 5502 cum
2385 5463 2604 5504 venero.
2643 5467 2663 5500 ι
2699 5446 2777 5502 Ne
2799 5464 2920 5502 rum
2947 5457 3180 5518 tempus,
3209 5447 3404 5515 inquit,

1833 5540 2096 5596 elferendi
2139 5541 2325 5604 luerit,
2364 5550 2493 5595 tunc
2542 5555 2876 5612 congregare
2893 5541 3122 5610 quisque
3155 5537 3403 5606 incipiat;

1836 5631 1911 5687 Es
1934 5648 2000 5688 eo
2024 5642 2204 5688 autem
2235 5635 2380 5702 quod
2407 5634 2482 5687 ait
2503 5651 2516 5688 :
2541 5652 2560 5684 ι
2583 5633 2718 5688 Cum
2743 5649 2966 5696 venero,
2989 5651 3009 5685 ι
3035 5631 3099 5685 ad
3123 5631 3406 5684 collectio.

1835 5740 1961 5780 nem
2007 5741 2102 5781 eos
2131 5725 2312 5780 reddit
2347 5731 2710 5797 promptiores
2731 5766 2745 5789 ,
2765 5737 3023 5794 tanquam
3052 5722 3119 5777 ad
3149 5731 3406 5792 aspectus

1835 5833 1966 5876 suos
1988 5827 2279 5876 venturum
2309 5821 2378 5875 sit
2435 5820 2578 5890 quod
2616 5821 2668 5874 in
2706 5835 2874 5873 unum
2898 5817 3193 5885 colligitur.
3227 5814 3406 5881 Quos-
