3906 6542
208 387 314 454 901

1139 384 1524 446 COMMENT.
1562 382 1642 442 1N
1676 383 1910 446 EPIST.
1949 385 1977 443 Ι
2016 388 2116 446 AD
2163 387 2506 449 CORINTH

3331 390 3457 452 902

293 500 433 551 Ἐὰν
463 509 530 550 οε
581 503 729 563 exon
769 497 1064 565 Τιμόθεος,
1091 495 1350 559 βλέπετε
1402 495 1502 548 ira
1546 495 1780 562 ἀφόϐως

1956 494 2094 561 XVI,
2123 500 2188 553 lO
2226 499 2306 552 1‘2.
2343 499 2497 565 Quod
2531 500 2577 552 si
2609 500 2800 554 venerit
2852 497 3175 562 Timotheus,
3208 499 3374 554 ridete
3405 513 3460 555 ut

203 588 480 659 γένηταιο
513 587 664 654 πρὸς
687 585 844 652 ὑμᾶς
881 587 988 656 γὰρ
1007 585 1185 654 ἔργον
1234 586 1455 653 Koplov
1483 583 1783 653 ἐργάζεται

205 687 291 750 ὡς
319 685 417 737 καί
451 684 583 750 ἐγώ.
614 681 709 748 Μή
749 699 835 748 τις
859 677 972 735 οὖν
1004 681 1191 734 αὑτὸν
1219 680 1618 748 ἐξουθενήσῃ.
1640 683 1788 747 Προ-

205 772 488 838 πέμψητε
509 769 578 822 δὲ
597 771 782 823 αὐτὸν
803 770 871 823 ἐν
902 768 1129 838 εἰρήνῃ,
1160 771 1259 822 ἵνα
1309 771 1459 841 ἔλθῃ
1494 774 1644 837 πρός
1684 786 1780 838 με.

223 861 576 930 Ἐκδέχομαι
624 863 730 930 γὰρ
754 861 940 914 αὐτὸν
981 861 1130 929 μετά
1159 860 1275 914 τῶν
1311 860 1609 930 ἀδελφῶν.
1643 861 1783 928 Περὶ

207 951 282 1006 δὲ
297 950 570 1006 Ἀπολλῶ
594 951 702 1005 τοῦ
731 951 1017 1020 ἀδελφοῦ,
1051 953 1250 1005 πολλὰ
1271 951 1656 1019 παρεκάλεσα
1677 954 1784 1006 αὑ-

209 1043 342 1108 τὸν,
371 1043 470 1096 ἶνα
491 1043 641 1110 ἔλθῃ
677 1044 824 1110 πρὸς
857 1041 1010 1110 ὑμᾶς
1041 1043 1159 1096 τῶν
1189 1043 1488 1112 ἀδελφῶν.
1521 1045 1616 1098 καὶ
1637 1043 1788 1098 πάν-

205 1151 330 1199 τως
362 1137 472 1188 οὐκ
502 1131 583 1202 ἦν
604 1133 832 1202 θέλημα
869 1135 968 1188 ἵνα
1001 1134 1117 1190 νῦν
1137 1134 1305 1203 ἔλθῃ.
1348 1135 1691 1190 Ἐλεύσεται
1718 1135 1787 1188 δὲ

213 1221 247 1273 ὄ
255 1240 367 1276 ταν
404 1239 435 1275 ε
448 1223 761 1291 -’·καιρήσῃ.

289 1315 403 1383 Οὐχ
426 1317 512 1368 ῖνα
527 1317 599 1384 μή
624 1316 858 1386 τιςαῦτῴ
877 1316 1236 1388 ἐπιϐουλεύσῃ
1255 1317 1363 1370 τῶν
1379 1314 1784 1384 πλουτούντων,

209 1405 246 1473 ἦ
272 1407 436 1476 σοφίᾳ
453 1408 802 1469 πεποιθότων,
823 1426 886 1461 πε
897 1411 948 1476 pi
959 1403 1032 1461 ὦν
1048 1411 1102 1462 ὲν
1116 1411 1309 1478 ἀρχαῖς
1327 1409 1510 1478 ἔλεγεν
1527 1410 1600 1472 ὼς
1618 1427 1789 1481 napa-

209 1495 480 1549 σπώντων
499 1497 622 1560 τοὺς
640 1497 905 1569 μαθητὰς,
923 1500 1012 1552 διὰ
1029 1500 1185 1552 τοῦτο
1207 1501 1373 1563 λέγει,
1424 1520 1441 1551 ι
1481 1501 1725 1569 Ἀφόϐως
1761 1519 1780 1552 ι

208 1581 260 1652 (ὁ
276 1585 381 1652 μὲν
413 1587 519 1657 γὰρ
547 1587 808 1656 Τιμόθεος
865 1591 1042 1643 πάντα
1111 1586 1179 1658 ἦν
1205 1591 1419 1660 ἕτοιμος
1440 1591 1774 1661 ὑπομεῖναι),

203 1675 330 1728 ἀλλ’
359 1678 441 1730 ἵνα
475 1677 548 1748 μὴ
576 1680 912 1742 (ιὶὲπίῦουλοι
931 1681 1188 1751 βλαὸῶσι.
1211 1682 1404 1747 Καλῶς
1425 1683 1482 1736 δὲ
1497 1683 1576 1749 τὸ,
1615 1683 1786 1751 ςΠρὺς

206 1767 415 1836 ὑμᾶς.»
441 1771 530 1840 Μὴ
570 1772 676 1842 γάρ
713 1791 824 1842 μοι,
859 1773 1518 1844 φησ¹ιν,”Ελληναςεῖπῃς,
1548 1773 1684 1836 τέως
1718 1773 1786 1827 τὰ

202 1861 512 1930 παρῖὑμτῖν
543 1862 740 1933 ζητῶά
769 1866 840 1918 Τὸ
865 1868 972 1935 γὰρ
998 1867 1156 1936 ἔργον
1189 1866 1393 1936 Κυρίου
1421 1865 1734 1936 ἐργάζεται.
1758 1883 1774 1916 ι

203 1947 351 2006 Εἶτα
374 1953 479 2006 ἀπὸ
513 1955 606 2008 τοῦ
633 1957 793 2026 ἔργου
821 1958 912 2010 τοῦ
934 1958 1204 2012 διδάσκειν
1236 1960 1327 2014 καὶ
1361 1958 1784 2028 κηρύσσειν,καὶ

200 2042 319 2094 ἀπὸ
348 2042 438 2094 τοῦ
466 2044 668 2106 ἰσάζειν
691 2046 887 2116 ἑαυτῷ,
930 2045 1132 2116 ἐξαίρει
1177 2047 1268 2100 τὸν
1298 2046 1486 2115 ἄνδρα.
1525 2065 1544 2097 ι
1567 2047 1658 2116 Μή
1695 2063 1781 2110 τις

201 2130 302 2184 οὖν
331 2134 490 2186 αὑτὸν
515 2133 863 2206 ἐξουθενήσῃ.
894 2155 911 2186 ι
951 2131 1057 2188 Ἶιν
1079 2137 1184 2207 γὰρ
1207 2137 1440 2199 καὶνέος
1475 2136 1569 2190 καὶ
1602 2137 1783 2206 μόνος.

201 2223 304 2275 καὶ
338 2225 585 2276 τοσούτου
642 2226 817 2296 δήμου
854 2227 1109 2296 φροντίδα
1165 2229 1561 2299 ἐπετέτραπτο,
1625 2229 1782 2284 ἅτινα

202 2316 393 2369 πάντα
418 2321 878 2390 καταφρονήσεως
896 2323 1156 2391 παρεῖχεν
1176 2321 1450 2392 ἀφορμάς.
1477 2340 1495 2372 ι
1526 2322 1784 2392 Προπέμ-

199 2406 349 2474 qia-:5
375 2411 605 2464 αὐτὸνὲν
625 2413 864 2484 εἰρήνῃ.»
886 2413 976 2482 Μὴ
993 2413 1170 2482 μάχας
1189 2413 1334 2482 αὐτῷ
1362 2413 1455 2465 καὶ
1477 2413 1783 2480 φλονεικίας

201 2499 555 2569 παράσχητε,
587 2500 720 2576 μηδὲ
750 2501 901 2570 παρά
922 2517 1066 2565 τινος
1096 2500 1544 2570 ἐπιϐουλευθῆναι
1568 2517 1783 2571 συγχω-

200 2595 447 2663 ρήσητε.
470 2594 541 2646 Τὸ
557 2594 638 2658 δὲ,
683 2613 702 2646 ι
727 2595 1042 2666 Ἐκδέχομαι
1063 2596 1277 2659 αὑτὸν,›
1303 2596 1588 2664 φοϐοῦντός
1615 2601 1781 2662 ἐστιν,

203 2680 295 2732 iv:
333 2681 530 2746 εἰδὸτες
558 2685 639 2736 ὃτι
671 2685 846 2748 πάντα
889 2685 1037 2755 αὑτῷ
1059 2685 1378 2755 ἀπαγγελεῖ,
1425 2687 1592 2758 μηδὲν
1623 2671 1784 2741 αὑτὸν

201 2774 496 2843 θλίψωσιΨ
561 2775 678 2847 ἅμα
707 2779 763 2831 δὲ
804 2780 896 2832 καὶ
931 2779 1242 2842 ἀξιόπιστον
1292 2780 1465 2851 τούτῳ
1495 2779 1664 2834 ποιῶν
1696 2781 1786 2834 τὸν

201 2864 496 2932 Τιμόθεον,
515 2869 595 2922 ὅτι
623 2869 650 2919 ὁ
687 2870 896 2932 Παῦλος
921 2873 1096 2924 καίτοι
1127 2871 1263 2940 ἔχων
1292 2873 1342 2925 τί
1381 2875 1575 2938 ποιεῖν,
1601 2872 1667 2924 δι’
1689 2873 1787 2926 αὑ-

202 2955 302 3006 τὸν
329 2960 640 3028 περιμένειν
664 2961 844 3030 φησιν.
874 2962 974 3014 «De
986 2963 1036 3032 ρί
1054 2962 1110 3015 δὲ
1127 2963 1365 3015 Ἀπολλῶ
1381 2963 1475 3015 τοῦ
1499 2963 1778 3032 ἀδελφοῦ.»

212 3045 276 3100 Ὀ
322 3049 593 3116 ⁹Απολλὼς
654 3054 747 3118 καὶ
795 3053 1160 3123 πρεσϐύτερος
1216 3050 1284 3123 ἦν
1345 3055 1437 3108 τοῦ
1494 3057 1782 3126 Τιμοθέου,

202 3143 309 3192 καὶ
338 3143 516 3209 λόγιος
538 3145 697 3214 ἁνήρ.
720 3144 837 3218 Ἵνα
866 3141 959 3198 οὖν
983 3146 1056 3216 μὴ
1085 3145 1304 3214 λέγωσι,
1338 3147 1402 3199 Ti
1427 3147 1489 3218 δή
1521 3165 1650 3200 ποτε
1680 3151 1780 3200 αὑ-

94 3285 100 3291 .
198 3233 303 3284 τὸν
330 3235 429 3285 οὐκ
460 3233 672 3303 ἔπεμψε
703 3251 716 3300 ;
759 3238 853 3289 καὶ
881 3237 971 3292 ἵνα
1002 3237 1076 3308 μὴ
1128 3238 1390 3308 νομίσωσι
1449 3241 1780 3312 προτετιμῆ-

204 3323 340 3376 σθαι
371 3324 461 3377 τὸν
505 3324 790 3394 Τιμόθεον,
824 3329 1114 3400 ἀμφότερα
1140 3329 1460 3400 θεραπεύει,
1488 3332 1566 3402 τῷ
1601 3348 1783 3401 παρα-

202 3415 439 3466 καλέσαι
492 3415 590 3482 μὲν
620 3415 782 3468 αὐτὸν
815 3417 1072 3470 ἀπελθεῖν
1104 3457 1119 3482 ,
1162 3421 1236 3491 μὴ
1283 3422 1466 3473 πεῖσαι
1510 3422 1588 3477 δέ.
1633 3423 1784 3475 Ἐπεὶ

202 3505 286 3573 μὴ
320 3499 408 3573 ἦν,
430 3506 582 3574 φησὶ,
609 3505 818 3576 θέλημα
847 3507 1004 3563 Θεοῦ.
1038 3509 1376 3565 «Ἐλεύσεται
1399 3511 1509 3566 δέ.»
1557 3514 1674 3567 Ἵνα
1709 3516 1782 3586 μὴ

202 3592 507 3660 νομίσωσιν
540 3593 621 3646 ὅτι
669 3595 866 3666 σκῆψις
914 3597 1087 3650 ταῦτα
1137 3600 1231 3653 καὶ
1262 3601 1558 3670 πρόφασις,
1598 3597 1777 3668 εἶπεν,

200 3683 297 3737 ὅτι
326 3683 634 3739 ἐλεύσεται.

272 3953 652 4022 Γρηγορεῖτε,
682 3957 935 4025 στήκετε
965 3959 1035 4013 ἐν
1055 3959 1127 4029 τῇ
1148 3963 1372 4025 πίστει.
1409 3963 1778 4032 ἀνδρίζεσθε,

199 4045 627 4108 κραταιοῦσθε,
662 4047 858 4102 πάντα
905 4049 1072 4118 ὑμῶν
1101 4051 1170 4105 ἐν
1231 4052 1432 4122 ἀγάπῃ
1504 4055 1778 4123 γινέσθω.

201 4136 545 4204 Παρακαλῶ
573 4138 640 4191 δὲ
665 4138 840 4209 ὑμᾶς,
871 4142 1142 4212 ἀδελφοὶ,
1202 4145 1401 4200 οἴδατε
1433 4147 1552 4214 τὴν
1583 4150 1782 4203 οὶκίαν

201 4229 505 4296 Στεφανᾶ,
544 4229 631 4284 ὅτι
665 4231 836 4286 ἐστιν
864 4235 1104 4302 ἀπαρχὴ
1147 4233 1252 4303 τῆς
1289 4237 1536 4305 Ἀχαΐας,
1566 4241 1661 4308 καὶ
1695 4244 1782 4308 εις

202 4318 521 4374 διακονίαν
551 4323 672 4390 τοῖς
723 4325 913 4393 ἁγίοις
963 4326 1187 4390 ἔταξαν
1223 4327 1497 4394 ἑαυτοὺς,
1529 4307 1628 4382 ἵνα
1684 4332 1781 4385 καὶ

200 4409 378 4477 ὑμεῖς
408 4413 836 4480 ὑποτάσσησθε
871 4417 992 4482 τοῖς
1018 4418 1325 4484 τοιούτοις,
1357 4419 1455 4474 καὶ
1493 4421 1673 4475 παντὶ
1700 4421 1780 4488 τῷ

197 4502 605 4568 συνεργοῦντι
638 4505 736 4558 καὶ
778 4506 1082 4564 κοπιῶντι.

241 4586 246 4593 ’
285 4592 378 4653 '0;
409 4595 535 4661 περί
559 4595 944 4660 καθευδόντων,
964 4599 1056 4652 καὶ
1076 4600 1448 4670 σαλευομένων
1473 4605 1567 4656 καὶ
1594 4604 1770 4673 μαλα-

203 4681 516 4753 κιζομένων
545 4687 636 4739 καὶ
666 4688 887 4758 νωθρῶν
918 4691 946 4742 ὁ
977 4690 1155 4759 λόγος,
1186 4692 1266 4756 τὸ,
1308 4709 1325 4741 ι
1377 4693 1727 4763 Γρηγορεῖτε,
1750 4713 1770 4746 ι

203 4777 323 4840 καί,
352 4775 670 4846 ιΣτήκετε.»
705 4779 820 4846 καὶ,
861 4781 1249 4853 Ἀνδρίζεσθε,»
1287 4785 1402 4844 καὶ.
1437 4786 1777 4856 «Κραταιοῦ-

205 4867 324 4920 σθε.
357 4887 482 4920 »-ι
525 4870 708 4923 Πάντα
744 4873 894 4942 ὑμῶν
925 4876 982 4926 ἐν
1013 4875 1202 4949 ἀγάπῃ
1227 4875 1513 4944 γινέσθω.)
1538 4878 1662 4932 Εἴτε
1694 4895 1778 4944 τις

203 4957 472 5024 διδάσκει,
493 4961 600 5014 εἴτε
620 4980 700 5026 τις
723 4965 1026 5036 ἄρχει,ξεῖτε
1047 4984 1098 5019 τι
1131 4971 1292 5033 ποιεῖ,
1311 4969 1496 5040 ἀγάπη
1519 4971 1778 5042 προηγεί-

205 5051 344 5116 σθω,
405 5052 590 5120 φησιν.
650 5055 986 5123 «Παρακαλῶ
1008 5056 1062 5108 δὲ
1108 5058 1269 5126 ὑμᾶς.
1303 5077 1322 5109 ι
1343 5060 1414 5111 Τὸ
1447 5061 1774 5131 ὑπερϐατὸν,

203 5141 516 5209 παρακαλῶ
542 5142 705 5211 ὑμᾶς,
733 5143 972 5212 ἀδελφοὶ,
997 5145 1082 5198 ἵνα
1106 5147 1201 5199 καὶ
1223 5147 1378 5216 ὑμεῖς
1399 5149 1777 5218 ὑποτάσσησθε

202 5234 321 5292 τοῖς
377 5231 660 5294 τοιούτοις.
684 5233 858 5296 Ποίοις
883 5252 899 5300 ;
929 5235 1052 5300 Τοῖς
1077 5237 1402 5306 ἀφορίσασιν
1437 5243 1664 5306 ἑαυτοὺς
1698 5243 1778 5306 είς

202 5321 262 5373 τὸ
295 5322 569 5375 διακονεῖν
597 5325 707 5386 τοῖς
745 5325 944 5392 ἁγίοις,
977 5329 1071 5381 καὶ
1110 5329 1184 5400 μὴ
1219 5331 1379 5400 μόνον
1404 5333 1607 5396 αὐτοῖς,
1639 5331 1778 5386 ἀλλὰ

203 5415 300 5466 καὶ
338 5415 502 5466 παντὶ
550 5416 627 5485 τῷ
675 5418 1022 5489 συνεργοῦντι
1081 5423 1176 5475 καὶ
1229 5425 1492 5477 κοπιῶντι
1547 5427 1625 5488 εἰς
1677 5426 1777 5496 τὴν

204 5507 400 5576 χρείαν
458 5507 567 5560 τῶν
599 5507 790 5578 ἁγίων.
835 5531 852 5562 ι
881 5512 1073 5568 Οεδατε
1106 5514 1205 5586 τὴν
1237 5518 1412 5572 οἰκίαν
1455 5520 1719 5585 Στεφανᾶ.
1749 5538 1768 5570 ι

205 5596 319 5648 Καὶ
348 5597 508 5665 ὑμεῖς
547 5600 684 5665 ῖστε,
726 5603 879 5672 φησὶ,
913 5603 1030 5667 πῶς
1062 5605 1353 5675 κάμνουσι,
1382 5608 1476 5660 καὶ
1505 5607 1566 5660 οὐ
1599 5587 1773 5661 δεῖσθε

208 5688 342 5757 παρ’
373 5691 508 5758 ἐμοῦ
544 5693 754 5760 μαθεῖν.
797 5695 1074 5766 Ἀπαρχὴν
1104 5698 1160 5750 δὲ
1199 5697 1346 5765 λέγει
1375 5699 1464 5752 τὸν
1498 5695 1665 5766 οἷκον,
1689 5701 1776 5754 διὰ

207 5779 270 5832 τὸ
305 5781 550 5854 πρώτους
601 5785 798 5850 αὐτοὺς
855 5788 1161 5855 πιστεῦσαι,
1207 5790 1239 5858 ἢ
1289 5791 1354 5843 τὰ
1405 5793 1596 5860 πρῶτα
1630 5792 1773 5862 ἔχειν

1888 587 2082 656 absque
2103 600 2240 642 metu
2270 593 2339 643 sit
2367 589 2506 658 apud
2531 607 2639 644 vos.
2673 589 2816 658 Opus
2850 592 2990 645 enim
3027 589 3243 644 Domini
3267 608 3459 651 opera-

1890 679 2140 732 tur-sicut
2166 691 2214 733 et
2239 698 2355 750 ego.
2385 679 2466 734 Ne
2495 682 2613 750 quis
2631 697 2754 750 ergo
2776 683 2950 749 ipsum
2975 693 3184 750 spernat
3213 699 3232 735 :
3265 684 3354 735 sed
3377 684 3459 735 de-

1886 772 2060 825 ducite
2087 789 2204 826 eum
2231 773 2286 827 in
2314 788 2460 840 pace,
2496 782 2554 826 ut
2585 773 2654 826 ad
2679 789 2759 828 me
2801 773 2994 827 veniat.
3035 771 3293 841 Exspecto
3320 773 3458 828 enim

1885 865 2037 919 illum
2077 881 2194 918 cum
2223 866 2506 934 fratribus.
2544 865 2714 920 Porro
2741 861 2805 919 'de
2838 866 3029 932 Apollo
3070 865 3237 934 fratre
3269 880 3285 918 :
3320 865 3460 918 mul-

1888 966 1999 1010 tum
2027 955 2270 1010 hortatus
2306 974 2421 1010 sunt
2444 958 2618 1022 illum,
2646 965 2703 1010 ut
2739 957 2836 1010 iret
2868 959 2935 1008 ad
2969 973 3054 1010 uos
3093 972 3212 1009 cum
3262 954 3456 1024 {ratri-

1885 1045 2005 1109 bus,
2039 1055 2090 1100 et
2125 1050 2338 1100 omnino
2389 1062 2491 1100 non
2562 1057 2677 1100 erat
2733 1047 2976 1100 voluntas
3025 1057 3082 1099 ιιι
3145 1061 3281 1099 nunc
3334 1046 3456 1100 iret.

1886 1132 2264 1206 Proﬁciscetur
2299 1148 2496 1200 autem,
2523 1151 2641 1188 cum
2674 1145 2862 1190 nactus
2894 1135 3054 1204 fuerit
3085 1135 3457 1204 opportunita-

1887 1234 2008 1280 teut.

1959 1315 2076 1371 Non
2111 1323 2404 1386 propterea
2451 1315 2606 1378 dicit,
2660 1315 2786 1374 sine
2831 1316 3050 1381 timore,
3109 1317 3213 1372 hoc
3247 1326 3352 1383 est,
3389 1332 3458 1373 ne

1887 1410 2013 1479 quis
2063 1407 2166 1476 ipsi
2213 1407 2509 1462 insidietur
2543 1407 2772 1462 divitmn
2815 1417 2910 1461 aut
2958 1408 3229 1477 sapientia
3281 1393 3451 1463 conﬂi

1887 1502 2154 1568 dentium,
2191 1500 2258 1556 de
2296 1502 2498 1570 quibus
2529 1501 2671 1555 circa
2696 1500 2852 1554 initia
2876 1500 3015 1554 dixit
3063 1500 3204 1568 quod
3239 1502 3457 1554 abstra-

1891 1595 2082 1648 herent
2111 1594 2434 1663 discipulos.
2461 1591 2595 1648 Nam
2623 1591 2946 1646 Timotheus
2970 1593 3152 1655 omnia
3182 1595 3457 1649 sustinere

1891 1696 2116 1757 paratus
2145 1693 2264 1740 erat
2307 1703 2322 1740 :
2363 1686 2459 1742 sed
2522 1701 2590 1740 ne
2638 1685 2990 1748 insidiatores
3023 1695 3279 1748 noceant.
3312 1685 3457 1740 Bene

1891 1789 2072 1834 autem
2111 1777 2246 1836 dicit
2277 1793 2290 1828 :
2323 1794 2341 1828 ι
2379 1775 2533 1843 Apud
2562 1790 2680 1828 vos.
2719 1795 2738 1827 ι
2789 1773 2868 1830 Ne
2897 1776 3042 1828 enim
3077 1776 3208 1829 milii
3240 1775 3457 1839 Graecos

1885 1869 2061 1929 dicas,
2093 1866 2314 1920 interim
2352 1880 2471 1934 qua:
2524 1879 2552 1929 a
2592 1863 2748 1916 vobis
2792 1863 3039 1932 prtestari
3091 1871 3321 1932 possunt
3373 1877 3453 1916 τε·

1884 1958 2064 2026 quiro.
2104 1974 2120 2007 ι
2161 1954 2309 2024 Opus
2355 1955 2499 2008 enim
2530 1952 2748 2007 Domini
2778 1962 3060 2023 operatur.
3104 1971 3121 2002 ι
3152 1951 3357 2006 Deinde
3387 1950 3456 2004 ab

1883 2066 2046 2120 opere
2069 2049 2297 2104 docendi
2341 2056 2394 2100 et
2430 2044 2786 2114 prmdicandi,
2812 2058 2874 2096 ac
2900 2044 3002 2098 sibi
3042 2043 3143 2112 ipsi
3165 2041 3456 2112 aequando,

1884 2140 2062 2194 virum
2113 2137 2346 2191 extollit.
2381 2153 2398 2202 ς
2440 2135 2515 2189 Ne
2571 2135 2695 2202 quis
2739 2149 2868 2203 ergo
2917 2134 3090 2202 ipsum
3153 2141 3395 2203 spernat.
3429 2149 3448 2182 ι

1882 2228 2016 2286 Nam
2045 2229 2266 2298 juvenis
2293 2235 2412 2284 erat
2447 2233 2500 2280 et
2531 2226 2701 2288 solus,
2751 2225 2996 2292 tantique
3026 2224 3208 2292 populi
3261 2238 3451 2277 curam

1885 2332 2242 2391 susceperat“:
2270 2336 2391 2390 quae
2429 2320 2612 2374 omnia
2646 2318 2888 2388 prmbent
2913 2319 3236 2385 occasiones
3265 2316 3451 2386 despi-

1883 2411 2084 2468 ciendi.
2117 2429 2135 2462 ι
2187 2410 2443 2467 Deducile
2471 2424 2593 2462 eum
2629 2410 2682 2460 in
2722 2423 2874 2478 pace.
2919 2425 2936 2458 ι
2972 2404 3048 2460 Ne
3081 2421 3291 2474 pugnas
3346 2403 3452 2476 ipsi

1884 2514 1979 2558 aut
2030 2503 2414 2572 contentiones
2465 2500 2770 2563 suscitatis,
2809 2513 2982 2568 neque
3029 2498 3359 2568 permittatis
3395 2505 3454 2562 ut

1884 2597 1953 2650 ab
1986 2597 2173 2666 aliquo
2205 2596 2446 2664 patiatur
2489 2593 2740 2647 insidias.
2786 2591 2942 2657 Quod
2997 2599 3175 2644 autem
3224 2590 3450 2658 subdit:

1891 2709 1909 2741 ι
1942 2688 2210 2757 Exspecto
2237 2702 2383 2751 eum,
2433 2703 2450 2735 ι
2487 2684 2742 2740 terrentis
2770 2691 2878 2748 est,
2931 2691 2987 2736 ut
3043 2683 3279 2737 scientes
3307 2681 3452 2756 quod

1885 2782 2067 2836 omnia
2103 2780 2206 2848 ipsi
2256 2779 2670 2842 renuntiaturus
2722 2775 2814 2840 sit,
2849 2775 2902 2828 in
2943 2774 3094 2828 nullo
3147 2790 3269 2827 eum
3318 2772 3454 2831 ami-

1886 2881 2033 2943 gant.
2092 2870 2265 2924 Simul
2313 2871 2476 2924 etiam
2512 2885 2606 2938 per
2653 2868 2755 2922 hoc
2799 2867 2900 2920 (ide
2946 2866 3169 2935 dignum
3222 2865 3454 2920 reddens

1887 2962 2233 3016 Timotheum
2267 2961 2409 3030 quod
2433 2959 2636 3013 Paulus
2674 2960 2797 3013 licet
2828 2957 3034 3028 habens
3069 2955 3213 3026 quod
3247 2964 3454 3024 ageret,

1888 3064 2108 3124 propter
2126 3054 2303 3122 ipsum
2329 3061 2644 3121 exsiiectazc
2669 3066 2726 3104 se
2747 3050 2908 3112 dicat.
2943 3065 2960 3098 ι
2994 3047 3161 3101 Porro
3175 3047 3242 3106 de
3267 3046 3456 3115 Apollo

1889 3145 2081 3198 fratre.
2122 3162 2140 3194 ι
2177 3143 2401 3212 Apollos
2435 3152 2487 3195 et
2514 3141 2699 3198 senior
2721 3147 2839 3212 erat
2870 3137 3156 3192 Timotheo
3176 3146 3229 3190 et
3259 3139 3452 3206 doctus

1884 3251 1947 3290 ac
1969 3233 2205 3304 prudens
2233 3234 2336 3288 vir.
2367 3231 2444 3286 Ne
2469 3247 2597 3301 ergo
2629 3231 2812 3284 dicant
2855 3247 2866 3284 :
2906 3228 3266 3296 Quamobrem
3300 3229 3451 3281 illum

1887 3341 1995 3396 non
2036 3325 2274 3390 misisti;
2308 3335 2361 3378 et
2392 3339 2462 3378 ne
2509 3325 2890 3384 existimarent
2939 3319 3290 3394 praepositum
3331 3333 3454 3372 esse

1885 3416 2231 3474 Timotheum
2263 3433 2278 3482 ;
2335 3425 2627 3484 utrumque
2653 3419 2832 3476 curat,
2865 3419 2919 3464 et
2948 3411 3021 3462 ait
3051 3409 3194 3480 quod
3249 3409 3452 3462 exhor-

1887 3518 2027 3564 tatus
2063 3510 2135 3562 sit
2172 3508 2321 3561 illum
2353 3518 2410 3560 ut
2435 3505 2899 3577 proficisceretur,
2939 3518 3048 3557 non
3093 3509 3276 3555 autem
3335 3516 3458 3570 per-

1884 3599 2143 3666 suaserit.
2179 3579 2444 3665 Quoniat'n
2500 3613 2608 3670 non
2633 3604 2768 3660 erat,
2806 3595 3000 3664 inquit,
3052 3593 3306 3646 voluntas
3336 3590 3451 3645 Dei.

1889 3709 1908 3742 ι
1941 3690 2324 3752 Proficiscetur
2377 3697 2581 3743 autent.
2629 3706 2649 3740 ι
2689 3685 2765 3740 Ne
2813 3686 3194 3753 existimarent
3241 3685 3357 3737 haec
3391 3683 3453 3735 fi-

1885 3781 2122 3836 ctionem
2158 3793 2222 3833 ac
2251 3786 2574 3852 prietextum
2605 3791 2746 3840 esse,
2776 3775 2912 3830 dicit
2955 3773 3102 3843 quod
3141 3772 3456 3842 Proﬁcisce-

1884 3879 1992 3926 tur.

1954 3962 2117 4034 585
2158 3959 2299 4028 XVI,
2340 3960 2526 4014 {3-16.
2560 3957 2784 4028 Vigilat:
2815 3973 2832 4011 :
2864 3967 3004 4012 state
3039 3957 3144 4026 ﬁde
3176 3971 3194 4009 :
3231 3954 3455 4009 viriliter

1883 4056 2021 4124 agile
2038 4069 2054 4106 :
2072 4052 2234 4119 fortes
2250 4059 2430 4104 estote.
2455 4049 2647 4114 Omnia
2666 4056 2835 4100 vestra
2850 4061 2941 4114 per
2959 4046 3271 4120 cltaritntem
3294 4045 3452 4113 ﬁant.

1885 4144 2112 4198 Obsecro
2134 4149 2308 4198 autem
2327 4157 2436 4204 vos,
2462 4141 2677 4207 fratres,
2703 4137 2869 4212 nostis
2887 4135 3152 4210 fantiliant
3175 4132 3453 4202 Stephani:

1881 4254 1989 4292 esse
2016 4236 2286 4305 primitias
2325 4233 2564 4297 Achaiae,
2607 4233 2819 4301 etquod
2857 4232 2909 4284 in
2939 4229 3287 4284 ministerium
3322 4246 3451 4283 san-

1881 4328 1978 4382 ctis
2005 4324 2532 4392 ordinarantseipsos
2565 4339 2583 4376 :
2614 4332 2670 4375 ut
2693 4332 2740 4376 et
2767 4339 2853 4376 vos
2879 4319 3076 4375 subditi
3097 4319 3212 4373 sitis
3232 4320 3449 4383 talibus,

1882 4421 2124 4488 omnique
2158 4417 2437 4486 adjuvanti
2471 4432 2533 4468 ac
2560 4414 2848 4468 laboranti.

1948 4615 2228 4684 Tanquam
2256 4612 2322 4668 de
2353 4611 2754 4668 dormientibus
2773 4629 2838 4670 ac
2863 4613 3277 4677 fluctuantibus,
3315 4613 3424 4668 mol

1878 4704 2214 4759 lescentibus
2262 4716 2326 4754 ac
2360 4700 2622 4768 segnibus
2669 4717 2851 4756 sermo
2895 4714 2980 4756 est
3032 4717 3155 4756 cum
3195 4702 3396 4756 dicitur
3431 4720 3447 4757 :

1883 4815 1901 4847 ι
1929 4794 2184 4866 Vigilate,
2224 4813 2243 4846 ι
2275 4803 2328 4848 ει
2365 4816 2379 4846 ι
2420 4792 2595 4856 State,
2636 4813 2654 4844 ι
2691 4802 2744 4846 et
2785 4813 2802 4846 ι
2839 4793 3082 4849 Viriliter.
3116 4796 3284 4863 agite,
3329 4814 3348 4846 ι
3384 4810 3449 4848 an
3531 4827 3534 4833 -

1884 4906 1903 4938 ι
1942 4886 2133 4942 Fortes
2164 4894 2356 4940 estote.
2397 4903 2414 4936 ι
2450 4915 2518 4928 --
2557 4903 2577 4937 ι
2619 4883 2814 4939 Omnia
2849 4894 3028 4939 vestra
3067 4902 3160 4956 per
3213 4888 3451 4940 cliarita-

1881 4989 1988 5034 tetn
2017 4977 2169 5033 (iant.
2207 4996 2226 5028 ›
2264 4976 2390 5030 Sive
2418 4977 2542 5045 quis
2577 4976 2792 5038 doceat,
2845 4977 2963 5030 sive
3014 4978 3138 5045 quis
3173 4971 3449 5047 principa-

1879 5077 1994 5124 tum
2027 5075 2200 5140 gerat,
2240 5067 2356 5121 sive
2386 5065 2514 5136 quid
2547 5065 2696 5119 aliud
2726 5066 2910 5127 faciat,
2949 5066 3211 5134 cbaritas,
3249 5069 3446 5137 inquit,

1877 5169 1932 5217 et
1961 5161 2182 5215 dilectio
2221 5158 2510 5228 praecedat.
2557 5175 2576 5208 ι
2615 5155 2856 5212 Obsecro
2906 5165 3085 5214 autem
3115 5175 3227 5212 vos.
3281 5178 3299 5212 ι
3341 5159 3449 5230 ily-

1880 5251 2138 5321 pet-baton
2160 5258 2264 5305 est.
2297 5249 2538 5304 Obsecro
2562 5265 2681 5311 vos,
2707 5249 2928 5314 fratres,
2952 5259 3082 5304 utet
3118 5267 3212 5304 vos
3245 5252 3445 5304 subditi

1879 5343 2003 5398 sitis
2062 5341 2283 5395 talibus.
2334 5337 2645 5405 Qualibus?
2689 5339 2788 5406 Qui
2843 5343 3056 5411 seipsos
3093 5341 3144 5395 in
3195 5343 3446 5394 ministe-

1882 5434 2024 5485 rium
2058 5438 2373 5486 sanctorum
2431 5439 2809 5501 segregarunt,
2873 5447 2974 5485 nec
3024 5432 3201 5487 solum
3255 5429 3442 5498 ipsis:

1881 5536 2066 5575 verum
2095 5520 2258 5576 etiam
2287 5521 2432 5575 omni
2463 5521 2744 5590 adjuvanti
2778 5538 2840 5577 ac
2873 5523 3140 5578 laboranti
3177 5521 3246 5574 ad
3279 5521 3445 5574 inini-

1879 5619 2104 5672 sterium
2129 5624 2473 5672 sanctorum.
2504 5635 2522 5670 ι
2552 5615 2741 5672 Nostis
2768 5617 3028 5680 familiam
3065 5616 3377 5684 Stephanus.
3420 5636 3438 5668 ι

1877 5705 1938 5758 Ει
1978 5719 2094 5772 vos,
2128 5706 2324 5776 inquit,
2356 5705 2533 5768 scitis,
2561 5706 2834 5776 quomodo
2861 5706 3126 5769 laborent,
3155 5719 3254 5762 nec
3287 5705 3442 5762 vobis

1875 5811 2014 5864 opus
2073 5805 2154 5850 est
2213 5805 2326 5851 uta
2361 5813 2442 5852 me
2483 5796 2726 5851 dLscatis.
2787 5795 3059 5852 Primitias
3099 5807 3279 5856 autem
3308 5797 3438 5855 dicit
