3906 6584
175 489 276 553 905

1130 457 1514 550 εοΜιιιΕΝΤ.
1558 485 1638 546 1N
1679 487 1917 548 EPIST.
1953 489 2010 548 ιι
2045 461 2532 555 ΑυεοιιιΝΤιι.

3320 499 3424 561 906

171 605 480 668 Τουτέστιν,
511 601 539 656 ὁ
564 599 767 674 Κύριος
798 596 950 673 ἦλθε.
974 600 1147 655 Τοῦτο
1168 601 1224 655 δέ
1254 618 1408 672 φησι,
1427 600 1526 671 τὴν
1547 602 1724 654 οἰκονο

1854 616 1960 655 non
1987 603 2296 659 credentes.
2351 604 2488 660 Nam
2519 607 2611 677 qui
2670 607 2797 663 talia
2843 615 3034 680 agunt,
3080 622 3192 664 non
3241 623 3429 664 amant

171 699 293 770 μίαν
325 694 556 767 βεϐαιῶν
583 696 675 748 καὶ
708 694 804 762 τὴν
857 694 1169 758 ἀνάστασιν,
1203 695 1296 747 καὶ
1325 694 1600 763 ἐντρέπων
1651 692 1735 744 ὅτι

167 789 486 857 δΔεσπὸτης
525 788 664 858 ὑπὲρ
697 787 857 856 ἡμῶν
916 785 1207 850 ἀπέθανεν,
1242 787 1398 855 ὑμεῖς
1445 785 1501 839 δὲ
1532 802 1740 855 παρορ-

165 880 342 946 γίζετε
374 879 556 943 αὐτὸν,
610 879 939 948 πράττοντες
998 878 1194 933 ἄτοπα.
1233 876 1314 948 Τῇ
1356 877 1618 948 Ἐϐραῖκῇ
1681 877 1738 930 δὲ

165 972 428 1040 κέχρηται
445 968 606 1033 λέξει,
622 967 832 1030 δεικνὺς
853 959 1005 1020 ὅτιόὐ
1029 968 1188 1037 μόνον
1208 968 1307 1020 ούκ
1338 967 1739 1037 ἀποστρέφεται

164 1062 257 1131 τὴν
301 1061 746 1124 ἰδιωτείαν,άλλὰ
778 1059 874 1112 καὶ
906 1058 1249 1128 σεμνύνεται.
1278 1059 1351 1110 Τὸ
1371 1059 1479 1129 γὰρ
1514 1059 1738 1129 Ἐϐραῖ-

167 1154 247 1206 στὶ
277 1153 480 1216 λαλεῖν,
515 1151 754 1206 ίδιωτεία
791 1151 976 1212 αὐτοῖς
1011 1149 1186 1202 ἐδόκει
1216 1148 1336 1201 οῦσι
1368 1153 1569 1218 σοφοῖς.
1607 1148 1740 1202 Τοῦ-

162 1260 217 1295 το
244 1243 303 1295 δὲ
339 1245 502 1303 ποιεῖ,
544 1240 820 1310 καθαιρῶν
849 1239 940 1292 τὸν
973 1236 1142 1306 τῦφον
1173 1237 1280 1290 τῶν
1306 1237 1579 1305 σοφῶν.-
1606 1239 1740 1291 Ἀλ-

160 1340 299 1400 .ιως.
324 1331 665 1406 [ΟῐΚΟΥΜ.]
683 1331 854 1385 Τοῦτο
876 1331 936 1384 ού
954 1331 1049 1399 τῆς
1069 1329 1346 1399 Ἐϐραίων
1367 1329 1509 1391 τινὲς
1535 1329 1738 1384 ὑπέλα-

163 1427 271 1490 εον,
302 1426 439 1478 ἀλλὰ
455 1427 550 1495 τῆς
569 1423 759 1495 Σύρων
786 1418 927 1476 εἷναι
951 1422 1155 1490 φωνῆς.
1186 1420 1676 1490 Ἐρμηνεύεταιδὲ,
1707 1423 1742 1476 δ

162 1519 375 1585 Κύριος
395 1513 556 1587 ἦλθε.
578 1515 801 1569 Τέθεικε
824 1513 992 1584 δὲτὴν
1019 1513 1306 1579 λέξιν,τῶν
1324 1513 1416 1566 ἐπὶ
1442 1513 1741 1584 εὐγλωττίᾳ

163 1610 578 1679 σεμνυνομένων
598 1607 898 1679 Κορινθίων
920 1606 1019 1677 τὴν
1035 1605 1207 1676 ὀφρὺν
1225 1604 1625 1670 καταστέλλων,
1647 1605 1742 1658 καὶ

161 1702 431 1755 διδάσκων
475 1701 547 1763 ὡς
581 1702 641 1754 ού
690 1701 1046 1763 παιδεύσεως,
1081 1698 1213 1750 ἀλλὰ
1266 1698 1502 1759 πίστεως
1557 1698 1742 1761 αὐτοῖς

165 1797 349 1867 χρεῖοι,
395 1795 672 1864 «Ἤχάρις
723 1791 816 1846 τοῦ
853 1791 1061 1862 Κυρίου
1105 1787 1279 1859 Ἰησοῦ
1322 1788 1584 1858 Χριστοῦ,
1625 1789 1744 1859 μεθ’

160 1892 338 1961 ὑμῶν.
353 1890 551 1943 »Τοῦτο
569 1887 910 1951 διδασκάλου,
925 1884 986 1937 τὸ
1017 1884 1091 1954 μὴ
1115 1884 1272 1953 μόνον
1291 1885 1592 1952 παραινεῖν,
1608 1882 1742 1937 ἀλλὰ

1845 691 2152 748 Dominum.
2193 713 2212 747 ι
2250 695 2591 755 Maranatha.
2632 719 2650 752 ι
2683 699 2740 754 ld
2789 712 2893 767 εει,
2943 701 3209 758 Dominus
3255 705 3426 760 venit.

1843 781 1958 838 Hoc
1994 795 2171 841 autem
2207 789 2346 843 dixit
2384 791 2845 863 dispensationem
2876 812 2939 850 ac
2963 798 3426 854 resurrectionem

1843 875 2199 941 conﬁrmans,
2227 887 2279 933 et
2313 880 2616 939 adnmnens
2649 886 2792 955 quod
2829 885 3094 943 Dominus
3125 905 3224 960 pro
3265 890 3429 946 nobis

1845 977 2099 1025 mortuus
2125 981 2229 1037 est,
2249 989 2347 1030 vos
2369 985 2571 1045 autem,
2596 980 2798 1050 inquit,
2832 997 2957 1036 eum
3014 983 3246 1040 irritatis
3279 984 3429 1038 iudi-

1842 1075 1945 1128 gua
1971 1071 2369 1132 perpetrantes.
2407 1066 2674 1124 Hebraica
2698 1088 2826 1128 vero
2868 1089 3004 1129 usus
3052 1084 3137 1130 est
3190 1077 3433 1132 dictione

1843 1153 2140 1208 ostendens
2166 1157 2311 1227 quod
2338 1175 2445 1214 non
2474 1163 2649 1217 solum
2678 1181 2786 1218 non
2819 1175 3103 1220 aversetur
3126 1169 3428 1234 insc:tiam,

1844 1244 1936 1297 sed
1971 1252 2022 1299 et
2053 1247 2320 1318 glorielur
2348 1251 2415 1305 de
2461 1268 2545 1308 ea.
2577 1253 2710 1308 Nam
2748 1254 3019 1312 I‘lchraice
3045 1260 3216 1330 loqui,
3270 1261 3432 1331 igno-

1849 1337 2026 1389 rantia
2059 1339 2190 1408 ipsis
2235 1342 2520 1398 videbatur
2561 1361 2685 1400 cum
2717 1350 2994 1418 sapientes
3047 1363 3254 1408 essent.
3319 1352 3433 1408 Hoc

1849 1439 2030 1483 autem
2066 1430 2216 1496 facit,
2238 1435 2432 1488 tollens
2459 1437 2658 1492 fastum
2693 1443 3025 1510 sapientum.
3047 1473 3112 1484 -
3132 1445 3251 1498 Alio
3276 1448 3432 1501 modo

1849 1521 1963 1574 Hoc
1984 1523 2204 1587 quidam
2244 1540 2351 1579 non
2415 1527 2767 1585 Hebraeorum
2802 1532 2964 1604 587
3015 1535 3108 1591 sed
3165 1536 3430 1608 Syrorum

1848 1627 1970 1666 esse
1993 1631 2179 1670 vocem
2209 1619 2472 1690 suspicati
2499 1633 2646 1678 sunt.
2676 1625 2846 1679 Sonat
2877 1636 3082 1693 autem,
3109 1631 3154 1682 si
3184 1633 3308 1700 quis
3342 1632 3432 1686 in-

1850 1712 2201 1776 terpretetur,
2240 1710 2499 1768 Dominus
2530 1718 2686 1771 venit.
2725 1717 2878 1774 Hanc
2905 1730 3087 1774 autem
3131 1722 3429 1778 dictionem

1851 1799 2053 1864 posuit,
2080 1805 2437 1870 supercilium
2474 1811 2850 1878 comprimens
2877 1810 3290 1870 Corinthiorum
3331 1814 3428 1885 qui

1852 1903 1977 1943 sese
2013 1890 2082 1946 de
2116 1893 2434 1964 eloquentia
2468 1899 2776 1968 jactabant,
2810 1914 2864 1957 et
2899 1905 3108 1960 docens
3138 1906 3286 1976 quod
3319 1923 3430 1964 non

156 1987 242 2037 καὶ
276 1984 632 2056 ἐπεύχεσθαι..
661 1978 796 2034 Εἶτα
827 1978 1014 2048 ἐπειδὴ
1037 1977 1214 2030 αὐτῶν
1239 1975 1407 2030 πολλὰ
1438 1976 1722 2046 καθήψατο

1851 1984 2177 2051 eruditione,
2208 1990 2302 2043 sed
2326 1990 2430 2044 [ide
2449 1991 2583 2062 ipsis
2611 2009 2748 2063 Opus
2767 2006 2904 2050 erat.
2940 2015 2959 2047 ι
2997 1975 3186 2054 Gratia
3213 1999 3432 2056 Domini

160 2073 247 2123 νῦν
284 2071 585 2142 θεραπεύει
608 2071 808 2134 αὐτοὺς
835 2067 1252 2138 καὶὲπεύχεται.
1273 2067 1372 2136 Eii;
1403 2067 1530 2137 γάρ,
1557 2067 1742 2136 φησὶν,

1847 2071 1981 2129 Jesu
2015 2077 2222 2135 Christi
2258 2084 2331 2138 sit
2371 2086 2682 2142 vobiscum.
2721 2108 2738 2141 ι
2781 2088 2895 2145 lloc
2940 2094 3296 2162 prmceptoris
3345 2105 3432 2151 cst

155 2166 183 2231 ἡ
212 2165 408 2232 ἀγάπη
446 2180 546 2232 μου
575 2162 692 2232 μεθ’
730 2162 903 2231 ὑμῶν.
928 2161 1120 2214 Ἔσται
1152 2159 1207 2212 δὲ
1240 2159 1398 2212 τοῦτο
1423 2159 1537 2221 πῶς
1567 2176 1582 2225 ;
1618 2161 1726 2212 'Eju

1848 2182 1957 2222 non
1989 2171 2271 2228 adhortari
2293 2177 2497 2239 solum.
2525 2182 2620 2235 sed
2648 2189 2703 2236 et
2736 2159 2970 2254 precari.
3007 2159 3431 2258 Denique_post-

149 2255 328 2326 ὀρθῶς
353 2257 627 2327 βαδίζητε.
645 2252 776 2310 Εἶτα
804 2255 890 2307 ἵνα
910 2253 985 2326 μὴ
1014 2251 1575 2322 νομίσωσικολακείας
1602 2248 1718 2305 slva.

159 2346 217 2399 at
269 2347 458 2417 ρἧα,
510 2348 736 2416 ἐπάγει·
794 2366 812 2399 ι
857 2347 944 2400 Ἑν
989 2343 1210 2414 Χριστῷ
1265 2340 1463 2410 Ἰησοῦ.
1507 2363 1523 2393 ι
1555 2345 1719 2397 Οὐδὲν

147 2440 334 2507 ςησὶν,
389 2439 789 2509 ἀνθρώπινονῆ
841 2436 1102 2508 σαρκικὸν
1168 2435 1297 2505 παρ’
1343 2435 1502 2504 ἐμοί’
1548 2437 1607 2490 ὲν
1632 2438 1740 2506 γὰρ

145 2530 371 2599 Χριστῷ
406 2530 558 2584 ἔσται
598 2533 631 2600 ἡ
657 2531 844 2601 ἀγάπη
884 2548 983 2600 μου
1021 2527 1140 2599 μεθ’
1173 2527 1346 2596 ὑμῶν.

1843 2275 2007 2332 quam
2040 2265 2098 2320 in
2132 2269 2322 2326 multis
2359 2272 2511 2343 ipsos
2537 2275 2871 2345 objurgavit,
2913 2295 3060 2334 nunc
3099 2281 3430 2351 obsequitur

1843 2353 1955 2410 illis
1989 2372 2054 2414 ac
2085 2369 2207 2414 orat
2236 2362 2426 2420 dicens
2463 2385 2476 2422 :
2513 2364 2596 2422 Sit
2619 2369 2842 2425 dilectio
2887 2387 3005 2427 mea
3038 2372 3342 2430 vobiscum.
3371 2373 3429 2428 ιιι

1846 2456 2031 2503 autem
2062 2468 2172 2520 quo
2213 2465 2374 2524 pacto
2413 2457 2546 2513 ﬁet?
2571 2462 2626 2516 Si
2655 2472 2804 2518 recte
2858 2465 3144 2522 incedatis.
3183 2465 3428 2522 Tandem

1847 2553 1918 2595 ne
1948 2542 1998 2596 id
2030 2545 2366 2606 adulationis
2399 2566 2521 2608 esse
2552 2555 2892 2619 existiment.
2929 2560 3213 2629 subjungit
3256 2577 3269 2613 :
3317 2579 3334 2611 ι
3369 2558 3426 2613 1η

142 2620 372 2676 Ηηίειο
395 2621 544 2678 Jesu.
581 2641 600 2674 ρ
634 2621 805 2686 Nihil,
828 2621 1027 2692 inquit,
1055 2621 1351 2674 humanum
1382 2624 1477 2672 aut
1501 2620 1725 2676 carnale
1764 2629 1907 2696 apud
1942 2648 2029 2688 me
2061 2645 2141 2692 est
2173 2653 2189 2704 ;
2227 2655 2350 2694 nam
2377 2659 2473 2712 per
2521 2644 2798 2702 Christum
2833 2650 2939 2704 erit
3011 2620 3236 2706 d'uec'uo
3307 2666 3424 2705 mea

142 2715 450 2770 Vobiscum.

147 2828 348 2896 Τέλος,
392 2829 518 2885 σὺν
552 2803 694 2900 Θεῷ,
731 2831 842 2899 τῆς
892 2802 1040 2900 πρὸς
1086 2831 1440 2899 Κορινθίους
1495 2830 1733 2900 πρώτης

733 2901 1120 2970 Ἐπιστολῆς.

216 2993 473 3064 Έγράιρη
510 2994 618 3048 ἀπὸ
651 2994 933 3048 Φιλίππων
961 2994 1048 3048 διὰ
1066 2994 1313 3062 Στεφανᾶ
1336 2993 1430 3047 καὶ
1459 2994 1730 3064 Φουρτου-

139 3086 324 3153 νάτου,
356 3089 456 3142 καὶ
493 3088 748 3162 Ἀχαϊκοῦ
785 3088 878 3143 καὶ
931 3086 1220 3159 Τιμοθέου.

144 3297 1587 3330 W

1605 3315 1770 3327 ...ι-.-

1845 2842 2022 2912 Finis,
2051 2849 2230 2904 divino
2263 2853 2469 2923 favente
2490 2857 2744 2981 ἕυαὶιίιο,
2805 2861 3001 2929 prioris
3027 2862 3099 2916 ad
3125 2861 3424 2918 Corinthios

2513 2941 2676 2981 'ntslo
2702 2945 2767 2981 ω.

2513 2941 2767 2995 ιριειοιω.

1839 3005 2005 3064 Missa
2052 3019 2134 3066 est
2180 3028 2208 3067 a
2261 3012 2662 3091 Philippisper
2709 3019 3068 3091 Stephanam,
3111 3031 3165 3077 et
3222 3021 3423 3079 Fortu-

2023 3091 2236 3148 natum,
2283 3093 2338 3138 et
2388 3085 2691 3143 Achaicum
2750 3085 2822 3147 ac
2869 3089 3244 3148 Timotheum.

3021 3297 3374 3332 ’.ετ-ιτα

1505 3463 2079 3555 ΥΠΟΘΕΣΙΣ

953 3653 1092 3711 THE
1135 3653 1316 3710 ΠΡΟΣ
1345 3649 1771 3709 ΚΟΡΙΝΘΙΟΥΣ
1799 3649 2156 3708 ΔΕΥΤΕΡΔΣ
2185 3649 2596 3728 ΕΠΙΣΤΟᾼΗΣ.

1336 4014 2185 4106 ARGUMENTUM

815 4214 1314 4282 POSTERIORIS
1356 4213 1590 4277 PAULI
1648 4215 1748 4276 AD
1801 4212 2262 4277 CORINTHIOS
2310 4211 2717 4276 EPISTOLIE.

186 4562 425 4631 Ταύτην
467 4561 776 4616 ὶπιστέλλει
805 4563 914 4617 ἀπὸ
975 4563 1340 4626 Μακεδονίας.
1392 4560 1457 4615 Ἦ
1489 4532 1548 4616 δὲ
1576 4560 1711 4632 πρό-

1893 4562 2061 4636 588
2091 4562 2244 4620 Hanc
2270 4579 2302 4621 a
2332 4563 2656 4621 Macedonia
2696 4560 2882 4619 mittit.
2916 4560 3043 4619 Haec
3084 4568 3268 4618 autem
3311 4579 3405 4620 oe-

113 4671 285 4722 ςασις
309 4659 416 4726 τῆς
454 4655 773 4726 Ἐπιστολῆς
800 4655 962 4726 αὕτη.
986 4657 1282 4726 Δεξάμενοι
1311 4654 1589 4725 Κορίνθιοι
1616 4653 1714 4725 τὴν

111 4748 402 4818 προτέραν
433 4746 779 4816 Ἐπιστολὴν,
823 4747 1202 4817 κατενύγησαν
1227 4746 1320 4799 ὲπί
1352 4746 1417 4816 τῇ
1466 4744 1713 4814 ἁμαρτίᾳ

108 4840 205 4894 τοῦ
239 4841 510 4904 λαϐόντος
537 4839 636 4911 τὴν
669 4841 964 4912 μητρυιὰν,
1007 4841 1102 4894 καὶ
1135 4837 1486 4909 ἐλυπήθησαν
1523 4837 1601 4901 δὲ,
1633 4836 1711 4900 ὡς

109 4935 454 5004 παριδόντες
501 4934 561 4986 τὸ
599 4932 843 4986 τοιοῦτον
907 4934 1234 5004 ἁμάρτημα.
1270 4927 1404 4985 Εἶτα
1455 4930 1712 5002 ύφηρπά-

1822 4657 1975 4710 casio
2000 4655 2099 4709 I'uit
2116 4655 2392 4726 Epistolzc.
2413 4654 2549 4711 Cum
2579 4654 2815 4724 priorem
2838 4652 3134 4723 Epistolam
3161 4655 3406 4725 accepis-

1823 4753 1946 4798 sent
1981 4744 2277 4811 Corinthii,
2307 4746 2627 4816 compuncti
2674 4753 2804 4799 sunt
2839 4745 2910 4800 ob
2939 4744 3086 4799 illius
3112 4755 3401 4815 peccatum

1821 4839 1913 4908 qui
1946 4853 2240 4894 novercam
2267 4846 2557 4910 acceperat
2587 4855 2602 4892 :
2633 4837 2928 4906 mestique
2963 4838 3184 4891 fuerunt
3206 4845 3265 4891 ut
3305 4837 3399 4909 qui

1819 4931 2135 5000 huiusmodi
2168 4942 2450 5000 peccatum
2481 4931 2946 4986 dissimulassent.
2980 4927 3185 4984 Deinde
3209 4945 3238 4983 a
3265 4918 3402 4984 non—

1819 5022 1990 5076 nullis
2027 5021 2472 5091 surripiebantur
2517 5020 2609 5090 qui
2639 5023 2803 5074 etiam
2843 5019 2991 5075 datis
3043 5020 3397 5075 dissidiornm

107 5026 274 5087 ξοντο
308 5025 470 5096 παρά
502 5043 665 5078 τινων
693 5025 788 5078 καὶ
817 5026 915 5088 τὰς
938 5025 1240 5094 προφάσεις
1264 5025 1370 5079 τῶν
1394 5025 1712 5096 σχισμάτων

103 5119 452 5182 ποιούντων,
485 5119 628 5173 ὥστε
659 5117 1147 5189 παρακαθέζεσθαι
1176 5117 1254 5187 τῷ
1283 5117 1575 5189 γράμματι
1614 5113 1711 5170 τοῦ

103 5213 315 5283 νόμου,
345 5213 446 5265 καὶ
485 5212 778 5280 ἀδιάφορον
815 5209 1070 5281 ἡγεῖσθαι
1101 5209 1201 5278 τὴν
1247 5210 1397 5281 παρὰ
1422 5208 1520 5262 τοῦ
1573 5210 1710 5279 Χρι-

100 5305 239 5358 στοῦ
279 5306 474 5376 χάριν,
500 5303 597 5357 καὶ
639 5302 842 5373 μᾶλλον
879 5303 1175 5374 προσέχειν
1203 5305 1317 5365 τοῖς
1349 5304 1407 5356 ἐν
1431 5300 1711 5373 προσώπῳ

98 5399 529 5469 καυχωμένοις.
555 5392 738 5450 Ἦσαν
766 5395 824 5450 δὲ
855 5397 952 5450 καὶ
985 5396 1116 5466 περὶ
1154 5395 1260 5464 τῆς
1289 5394 1477 5463 λογίας
1497 5398 1603 5466 τῆς
1624 5396 1706 5458 εἰς

92 5493 232 5555 τοὺς
271 5492 471 5558 ἁγίους
531 5491 914 5560 φροντίζοντες
963 5487 1166 5552 καλῶς.
1215 5487 1358 5560 Πρὸς
1395 5487 1570 5542 ταῦτα
1611 5483 1708 5542 οὖν

93 5577 444 5646 ἀντιγράφει
493 5576 522 5627 ὁ
581 5574 922 5628 Ἀπόστολοε.
954 5573 1067 5628 Καὶ
1120 5570 1335 5642 πρῶτον
1372 5570 1470 5640 μὲν
1517 5571 1710 5626 ἀποδέ-

89 5687 266 5737 χεται
303 5667 434 5730 τοὺς
487 5665 839 5729 ἐκϐαλόντας.
862 5665 953 5718 τὸν
987 5665 1478 5736 παρανομήσαντα,
1511 5661 1702 5715 ἔπειτα

86 5759 424 5824 ἀξιώσασιν
468 5758 658 5822 αὐτοῖς
713 5756 1094 5822 καθικετεύει,
1149 5756 1242 5808 καὶ
1297 5755 1704 5826 μετανοήσαντα

1839 5767 1888 5810 ta
1916 5763 2206 5812 censentes
2236 5765 2381 5821 orat,
2431 5769 2497 5811 ac
2545 5756 2960 5825 resipiscentem
3006 5751 3158 5822 jubet
3194 5752 3383 5824 recipi.

83 5857 329 5907 ἐκεῖνον
351 5850 564 5906 κελεύει
595 5851 871 5922 δεχθῆναι.
919 5850 1010 5906 Ἐν
1035 5853 1174 5921 αὐτῇ
1202 5849 1259 5902 δὲ
1295 5847 1537 5901 διδάσκει
1575 5848 1705 5918 περὶ

1845 5868 1873 5904 n
1902 5849 2092 5906 eadem
2121 5860 2306 5907 autem
2336 5851 2498 5906 docet
2525 5851 2591 5904 de
2621 5850 2757 5919 lege,
2784 5850 3023 5905 litteram
3047 5848 3291 5916 elevans,
3320 5865 3386 5903 ac

81 5946 192 6001 τοῦ
225 5945 433 6015 νόμου,
459 5944 684 6015 διαιρῶν
706 5944 770 5998 τδ
795 5943 1050 6015 γράαμα,
1083 5944 1180 5996 καὶ
1210 5941 1485 5996 δείκνυσιν
1507 5942 1591 5995 ὅτι
1634 5941 1698 5996 ού

1835 5942 2049 6000 rstcndit
2079 5957 2189 6002 non
2221 5951 2478 6013 oportere
2507 5949 2716 5997 tantum
2747 5941 2880 6013 legis
2903 5955 3123 5998 sumere
3153 5939 3388 6006 litteras,

411 6039 682 6104 Ρηιιοι..
720 6041 836 6102 Gn.
889 6038 1081 6103 CXV!
1097 6039 1172 6100 ll.

2956 6031 3032 6095 29

1819 5113 2211 5168 occasionibus
2240 5112 2293 5165 id
2346 5113 2580 5182 agebant
2609 5120 2668 5164 ut
2728 5111 2865 5180 legis
2920 5112 3117 5166 litterm
3146 5111 3395 5168 adhaere-

1817 5211 1964 5268 rent,
1999 5213 2052 5257 et
2082 5200 2414 5272 superﬂuam
2445 5201 2711 5256 ducerent
2740 5202 2922 5255 datam
2951 5217 2982 5256 a
3013 5203 3236 5259 Christo
3269 5221 3398 5274 gra-

1821 5296 1950 5350 tiam
1985 5293 2227 5365 :hisque
2283 5292 2461 5365 magis
2515 5292 2863 5349 intenderent
2919 5295 3014 5365 qui
3061 5295 3116 5349 in
3150 5310 3395 5366 personae

1814 5389 2088 5462 gravitate
2147 5387 2550 5458 gloriabantur.
2580 5384 2726 5442 Bene
2756 5387 2919 5442 etiam
2969 5387 3040 5444 de
3069 5389 3394 5442 collectione

1816 5480 1872 5534 in
1902 5488 2122 5536 sanctos
2167 5491 2356 5532 curam
2390 5477 2685 5534 habebant.
2713 5479 2794 5533 Ad
2831 5479 2946 5535 haec
2979 5481 3161 5548 itaque
3194 5481 3390 5533 rescri-

1817 5573 1896 5627 bit
1924 5570 2246 5642 Apostolus.
2273 5568 2342 5625 Et
2385 5570 2625 5640 primum
2665 5572 2886 5641 quidem
2917 5573 3066 5642 ipsos
3103 5585 3389 5625 commen-

1816 5663 1910 5717 dat
1938 5662 2084 5735 quod
2125 5670 2593 5733 transgressorem
2641 5663 2948 5732 eiecissent.
3007 5660 3208 5715 Deinde
3239 5661 3388 5730 ipsos
