3906 6546
218 478 324 540 9m
1091 468 1478 532 COMMENT.
1521 467 1603 528 IN
1638 465 1877 527 EPIST.
1919 463 1979 524 II
2031 465 2130 524 AD
2169 464 2531 526 CORINTH.
3343 464 3450 527 ΜΟ

219 568 278 651 νζ
318 590 601 662 Διήγησις
659 591 778 645 τῶν
828 589 992 645 ιδίων
1037 591 1241 644 πόνων
1297 589 1393 643 καί
1445 587 1784 657 προθέσεως

1910 585 1977 639 .0.
2031 584 2378 654 Proprias-um
2426 579 2670 636 narratio
2717 577 2956 631 laborum
2998 583 3046 630 et
3103 576 3364 644 propositi
3391 593 3454 628 ac

321 683 416 737 και
471 681 582 748 τῆς
607 681 700 735 ἐπ’
736 679 896 746 αὑτῷ
923 679 1163 749 χάριτος
1197 679 1346 749 πρὸς
1388 677 1456 731 τὸ
1515 677 1601 748 μὴ
1655 676 1780 743 τοῖς

2027 677 2345 746 ςνοιὶανᾳιιιε
2371 676 2424 728 in
2440 676 2553 743 ipso
2578 679 2750 734 erant,
2781 685 2843 724 ne
2871 669 3216 724 assentiretur
3263 666 3453 735 fucatis

323 771 725 838 ἐπιπνιάστοις
748 771 1171 841 προστίθεσθαι
1203 771 1551 837 Κορινθίοις.

2029 767 2341 822 Corinthiis.

2445 949 3427 978 ww

912 1117 1621 1254 ΠΑΥΛΟΥ
1698 1117 2772 1254 ΑΠΟΣΤΟΛΟΥ

595 1365 676 1448 Η
751 1363 1044 1449 ΠΡΟΣ
1110 1360 1800 1450 ΚΟΡΙΝΘΙΟΥΣ
1887 1357 2460 1448 ΕΠΙΣΤΟΛΗ
2549 1354 3068 1446 ΔΕΥΤΕΡΑ.

957 1789 964 1795 ·
1038 1709 1197 1782 ⁵⁸³
1258 1730 1729 1862 PAULI
1835 1727 2610 1862 APOSTOLI

536 1994 686 2082 AD
800 1989 1544 2083 COBINTHIOS
1686 1989 2368 2082 POSTERIOR
2504 1986 3126 2080 EPISTOLA.

819 2322 1073 2378 ΚΕΦΑΔ.
1107 2325 1184 2377 A'.
1725 2373 1730 2378 .

2498 2315 2732 2374 CAPUT
2777 2319 2821 2376 l.

209 2403 580 2512 εῦχαριστία
602 2438 732 2508 περὶ
751 2438 898 2493 Θεοῦ
924 2436 1234 2560 βοηθείας,
1262 2435 1332 2488 ἐν
1358 2429 1397 2506 ᾖ
1434 2435 1781 2490 πεποιθέναι

888 2523 1018 2572 φησ
1045 2525 1101 2561 ν.

1910 2430 2197 2572 ἵναιὶιῖιιιη
2228 2435 2368 2490 actio
2407 2438 2470 2492 de
2489 2438 2665 2492 diuino
2684 2437 2912 2502 auxilio,
2929 2440 2983 2493 in
3007 2454 3106 2509 quo
3123 2443 3201 2493 ait
3229 2456 3282 2495 se
3309 2441 3478 2512 fuisse

1957 2520 2052 2556 con
2099 2521 2237 2558 sum.

888 2521 1101 2577 φησιν.
1957 2521 2237 2572 calipsum.

280 2602 530 2668 Παῦλος
541 2601 884 2667 ἀπόστολος
895 2652 901 2658 ,
916 2599 1121 2667 Ἰησοῦ
1133 2598 1390 2668 Χριστοῦ
1403 2597 1443 2650 δ
1447 2596 1505 2650 ιὰ
1524 2600 1630 2650 θελ
1641 2595 1784 2666 ἠμα-

1970 2592 2010 2656 l,
2044 2595 2094 2654 1.
2124 2595 2182 2649 2.
2219 2593 2418 2649 Paulus
2453 2597 2722 2666 apostolus
2742 2596 2870 2650 Jesu
2903 2595 3100 2652 Christi
3128 2614 3219 2667 per
3235 2599 3479 2655 volunta-

211 2709 306 2759 τος
341 2693 519 2758 Θεοῦ,
558 2692 656 2746 καί
692 2692 1011 2761 Τιμόθεοςό
1034 2689 1317 2758 ἀδελφὸς,
1343 2688 1421 2760 τῇ
1461 2689 1787 2754 Ἐκκλησία

1910 2698 2000 2740 rem
2036 2685 2155 2750 Dei,
2185 2696 2234 2740 et
2273 2687 2575 2743 Timotheus
2615 2690 2804 2757 frater,
2834 2688 3084 2744 Ecclesia:
3117 2689 3215 2744 Dei
3251 2707 3368 2762 quae
3400 2702 3476 2746 est

213 2781 314 2837 τοῦ
345 2780 503 2837 Θεοῦ
530 2780 608 2850 τῇ
645 2783 802 2850 οὔσῃ
829 2781 898 2835 ἐν
933 2782 1230 2851 Κορίνθῳ,
1257 2780 1380 2836 σὺν
1430 2779 1556 2845 τοῖς
1599 2779 1792 2849 ἁγίοις

1910 2773 2144 2829 Corinthi
2187 2791 2292 2828 una
2326 2792 2440 2828 cum
2475 2778 2710 2832 omnibus
2751 2780 2950 2833 sanctis
2979 2780 3085 2849 'qui
3120 2790 3240 2834 sunt
3271 2783 3324 2835 in
3363 2791 3477 2836 tota

213 2871 370 2930 πᾶσι
403 2874 528 2940 τοῖς
555 2870 825 2929 οὗσιγέν
853 2873 964 2942 ὅλῃ
1034 2871 1110 2942 τῇ
1151 2873 1376 2942 Ἀχαΐᾳ,
1439 2870 1613 2942 χάρις
1651 2871 1792 2940 ὑμῖν

1910 2866 2135 2930 Achaia,
2173 2867 2348 2935 gratia
2389 2868 2526 2922 vobis
2560 2877 2608 2922 et
2650 2883 2758 2938 pars
2795 2885 2828 2923 α
2867 2869 2977 2924 Deo
3005 2868 3170 2925 Patre
3194 2883 3392 2940 nostro,
3427 2883 3481 2931 et

212 2964 308 3019 καί
349 2965 565 3032 εἰρήνη
588 2965 708 3018 ἀπὸ
735 2963 883 3018 Θεοῦ
939 2963 1168 3032 Πατρός
1206 2961 1394 3032 ἡμῶν,
1443 2961 1541 3016 καί
1572 2962 1793 3028 Κυρίου

1910 2955 2126 3010 Domino
2154 2956 2284 3012 Jesu
2313 2957 2526 3014 Christo

223 3055 438 3121 Ἰησοῦ
469 3055 746 3122 Χριστοῦ.

309 3148 394 3200 Εν
418 3150 485 3217 τῇ
513 3146 703 3217 πρώτῃ
744 3146 1058 3217 Ἐπιστολῇ,
1101 3145 1325 3216 πέμψας
1368 3146 1485 3198 ἐκεῖ
1511 3145 1604 3198 τὸν
1628 3144 1797 3214 Τιμό-

1964 3137 2108 3194 Cum
2141 3152 2247 3192 una
2277 3153 2402 3192 cum
2437 3141 2619 3210 priore
2648 3140 2893 3210 Epistola
2925 3142 3169 3198 misissct
3199 3159 3264 3200 eo
3293 3144 3481 3203 Timo-

215 3235 362 3303 θεον,
403 3237 498 3290 καὶ
525 3235 621 3289 νῦν
685 3234 974 3290 ἀπολαϐὼν
1023 3235 1208 3301 αὑτὸν,
1269 3233 1446 3303 ἐαυτῷ
1515 3234 1795 3287 συνάπτει.

1910 3229 2111 3293 Iheum,
2130 3239 2182 3282 et
2199 3243 2348 3283 nunc
2373 3230 2549 3300 ipsum
2575 3231 2894 3303 recepisset,
2911 3233 3014 3289 sibi
3048 3235 3150 3305 ipsi
3175 3238 3478 3310 coniungit.

214 3329 362 3400 Ὅρα
398 3329 480 3382 δέ’
508 3329 641 3382 ποτὲ
677 3329 776 3399 μὲν
800 3329 991 3383 τέκνον
1013 3327 1176 3382 αὐτὸν
1218 3327 1408 3380 καλεῖ·
1451 3345 1470 3378 ι
1511 3327 1600 3389 Ὣς
1630 3327 1800 3395 πατρὶ

1910 3321 2208 3378 Considera
2263 3337 2427 3388 vero,
2486 3324 2633 3393 quod
2694 3325 2870 3394 ipsum
2930 3326 3150 3396 quidem
3207 3329 3480 3386 interdum

213 3423 342 3492 γὰρ,
416 3421 572 3491 φησὶ,
633 3421 827 3474 τέκνον
898 3419 1182 3473 ἐδούλευσὲ
1217 3435 1340 3488 μοι·
1369 3437 1388 3470 s
1443 3417 1572 3471 ποτὲ
1591 3417 1647 3470 δὲ
1676 3434 1772 3470 συν

1910 3413 2074 3466 lilium
2112 3420 2272 3467 vocat
2307 3429 2321 3466 :
2358 3432 2378 3466 ι
2424 3411 2557 3468 Nam
2600 3421 2657 3467 ut
2700 3415 2868 3484 patri,
2905 3417 3102 3487 inquit,
3151 3419 3299 3474 [ilius
3346 3424 3480 3479 mihi

215 3511 383 3583 εργόν
403 3527 420 3544 ο
449 3509 522 3564 Τὸ
550 3511 660 3581 γὰρ
689 3529 707 3562 ι
732 3510 894 3581 ἔργον
917 3511 1136 3582 Kuplou,
1156 3508 1448 3580 ἐργάζεται
1471 3508 1543 3571 ὼς
1569 3509 1722 3577 κάγώ
1745 3524 1794 3559 οι

1910 3505 2322 3570 ministravit‘;
2381 3522 2400 3556 ι
2466 3505 2738 3560 interdum
2789 3521 2971 3564 autem
3021 3521 3482 3581 cooperatorem:

217 3601 311 3654 νῦν
329 3602 397 3655 δὲ
427 3602 678 3670 ἀδελφὸν,
705 3601 794 3654 διὰ
840 3600 1060 3655 πάντων
1081 3601 1394 3664 ἀξιόπιστον
1421 3600 1586 3653 αὐτὸν
1606 3599 1778 3652 ποιῶν

1916 3616 1934 3649 ι
1969 3596 2120 3666 Opus
2166 3597 2310 3652 enim
2365 3595 2582 3654 Domini
2631 3608 2914 3669 operatur,
2968 3602 3166 3674 inquit,
3226 3607 3370 3662 sicut
3429 3619 3486 3663 et

217 3693 542 3766 Σημείωσαι
567 3668 626 3747 δὲ
655 3694 775 3763 τὴν,
829 3692 949 3757 διά,
999 3695 1092 3747 καὶ
1123 3692 1216 3745 ἐπὶ
1247 3691 1478 3761 Πατρός.
1513 3709 1532 3743 ι
1562 3691 1665 3745 Σὺν
1685 3693 1800 3755 τοῖς

1910 3704 2000 3761 ego
2024 3691 2080 3756 ';
2117 3709 2135 3741 ι
2172 3705 2318 3746 nunc
2351 3704 2480 3744 vero
2512 3691 2736 3746 fratrem
2766 3708 2864 3763 per
2895 3697 3074 3750 omnia
3114 3697 3219 3753 nde
3255 3699 3479 3770 dignum

219 3785 405 3853 ἁγίοις
457 3785 689 3838 πᾶσιν.»
737 3785 953 3853 ’Δγίους
1013 3784 1215 3848 αὐτοὺς
1271 3782 1464 3848 καλεῖ,
1514 3783 1796 3852 ἐμφαίνων

1910 3797 2026 3842 enm
2049 3781 2230 3838 eﬂicit.
2256 3782 2645 3838 Animadverte
2679 3793 2860 3839 autem
2893 3787 3333 3856 praepositionem
3369 3791 3480 3859 διά,

222 3877 300 3930 ὅτι
332 3875 398 3929 ετ
448 3892 526 3939 τις
557 3876 790 3946 γεώδης,
854 3875 1012 3939 ἐκτός
1060 3878 1177 3928 ἐστι
1232 3875 1438 3944 ταύτης
1475 3875 1574 3943 τῆς
1629 3889 1800 3943 προσ-

1910 3874 1962 3929 id
1986 3883 2088 3938 est,
2115 3891 2228 3944 per,
2250 3876 2414 3930 etiam
2432 3875 2498 3930 de
2523 3888 2676 3945 patre
2705 3876 2837 3932 dici.
2872 3897 2892 3930 ι
2931 3877 3047 3932 Una
3076 3896 3198 3934 cum
3226 3883 3484 3939 omnibus

218 3966 478 4037 ηγορίας.
529 3967 844 4021 Δοκοῦσιδὲ
871 3959 1019 4019 οὗτοι
1071 3969 1224 4036 κοινῇ
1275 3964 1651 4028 σαλεύεσθαι,
1711 3963 1800 4016 διὰ

1910 3969 2131 4022 sanctis.
2176 3983 2194 4019 ι
2215 3968 2448 4035 Ἀγίους,
2487 3969 2537 4021 id
2564 3975 2667 4030 est,
2699 3979 2911 4024 sanctos
2943 3979 3096 4024 vocat
3125 3973 3273 4042 ipsos
3301 3974 3482 4044 (quasi

221 4058 385 4112 τοῦτο
435 4060 533 4112 καὶ
571 4059 755 4130 κοινὴν
845 4061 1080 4112 ποιεῖται
1161 4058 1258 4129 τὴν
1311 4058 1474 4111 ίασιν.
1521 4055 1692 4110 Τοῦτο
1741 4056 1799 4108 δὲ

1910 4059 2028 4113 sine
2058 4061 2248 4126 terra),
2288 4059 2583 4113 ostendens
2635 4059 2782 4128 quod
2837 4061 2884 4114 si
2939 4061 3064 4130 quis
3095 4070 3349 4118 terrenus
3384 4064 3480 4128 sit.

223 4152 360 4225 πρὸς
417 4152 661 4217 Γαλάτας
687 4154 781 4206 καὶ
827 4153 1112 4225 Ἐὃραίους
1149 4153 1377 4224 γράφων
1404 4151 1570 4207 ποιεί.
1629 4169 1648 4202 ι
1679 4149 1796 4203 Χάο

1911 4151 2121 4203 alienus
2163 4156 2248 4204 est
2273 4151 2343 4203 ab
2377 4147 2478 4203 hac
2517 4149 2865 4205 salutatione.
2897 4149 3166 4207 Videntur
3204 4163 3384 4209 autem
3426 4155 3482 4209 bi

223 4259 311 4310 ρις
343 4245 483 4312 ὑμῖν
521 4245 614 4298 καὶ
642 4245 854 4316 εἰρήνη.
880 4263 899 4297 s
935 4245 979 4298 Τ
982 4245 1048 4316 ὴν
1075 4243 1282 4315 συνήθη
1307 4241 1682 4314 προσηγορίαν
1708 4240 1803 4294 καὶ

1913 4242 2074 4296 simul
2099 4241 2395 4296 ﬂuctuasse
2425 4259 2440 4294 :
2479 4253 2766 4311 propterea
2785 4243 2949 4296 etiam
2973 4258 3321 4302 communem
3349 4245 3483 4302 facit

225 4334 440 4398 τούτοις
473 4335 785 4405 ἐπεύχεται.

1913 4341 1968 4388 et
2003 4333 2162 4404 592
2209 4333 2572 4390 sanationem.
2600 4334 2710 4390 lloc
2737 4349 2954 4405 quoque
2995 4335 3124 4391 facit
3155 4337 3222 4392 ad
3261 4337 3483 4394 Galatas

228 4429 484 4484 scribens
522 4437 578 4483 et
614 4426 683 4482 ad
722 4426 1001 4485 Hebraeos.
1054 4448 1074 4482 ι
1106 4426 1292 4484 Gratia
1323 4427 1483 4484 vobis
1523 4433 1577 4482 et
1611 4438 1737 4498 pax.
1771 4441 1790 4476 s
1832 4424 2178 4481 Familiarem
2195 4439 2258 4481 ac
2282 4425 2386 4482 sibi
2409 4434 2728 4483 consuetam
2756 4427 3135 4485 salutationem
3176 4432 3338 4486 etiam
3392 4434 3482 4488 his

230 4529 484 4590 exaptat.

300 4611 660 4680 Εὐλογητὸς
717 4611 752 4664 δ
801 4612 948 4675 Θεὸς
995 4610 1094 4664 καί
1152 4610 1359 4681 Πατὴρ
1414 4610 1521 4666 τοῦ
1583 4611 1803 4679 Κυρίου

1973 4607 2014 4670 Ι,
2048 4609 2102 4671 3,
2138 4608 2194 4662 4.
2238 4608 2552 4664 Benedictus
2602 4608 2742 4665 Deus
2779 4619 2830 4665 et
2861 4609 3024 4666 Pater
3063 4613 3278 4670 Domini
3313 4629 3484 4674 nostri

232 4702 407 4773 ἡμῶν
419 4702 626 4768 Ἰησοῦ
644 4703 960 4771 Χριστοῦ,ό
981 4702 1186 4771 Πατὴρ
1201 4701 1320 4758 τῶν
1345 4701 1678 4771 οἰκτιρμῶν,
1703 4702 1800 4755 καὶ

1910 4697 2031 4753 Iesu
2066 4700 2286 4766 Christi,
2335 4701 2494 4756 Pater
2529 4704 3012 4758 misericordiarum
3051 4715 3100 4759 et
3137 4707 3275 4761 Deus
3313 4711 3484 4765 omnis

235 4797 381 4861 Θεὸς
425 4792 632 4861 πάσης
680 4791 1147 4861 παρακλήσεως,
1197 4798 1229 4850 ό
1258 4793 1626 4861 παρακαλῶν
1648 4791 1803 4862 ἡμᾶς

1910 4792 2284 4846 consolationis
2306 4833 2322 4858 ,
2353 4797 2443 4864 qui
2490 4793 2794 4848 consolatur
2826 4812 2920 4849 nos
2951 4797 3003 4848 in
3035 4798 3176 4850 omni
3208 4799 3486 4870 afflictione

232 4884 330 4937 ἐπί
361 4882 540 4950 πάσῃ
557 4881 632 4950 τῇ
659 4882 864 4951 θλίψει
891 4883 1082 4953 ἡμῶν,
1105 4887 1192 4950 εὶς
1230 4883 1296 4938 τὸ
1325 4884 1624 4939 δύνασθαι
1650 4880 1803 4951 ἡμᾶς

1910 4893 2112 4950 nostra,
2147 4886 2201 4938 in
2234 4885 2330 4939 hoc
2359 4895 2415 4938 ut
2441 4887 2700 4953 possimus
2739 4901 2826 4940 eos
2857 4888 3123 4942 consolari
3154 4891 3246 4959 qui
3277 4901 3398 4945 sunt
3432 4894 3485 4947 in

234 4972 614 5042 παρακαλεῖν
643 4972 786 5040 τοὺς
807 4976 879 5028 ἐν
907 4976 1077 5043 πάσῃ
1136 4975 1362 5043 θλίψει,
1402 4973 1504 5028 διὰ
1555 4971 1664 5040 τῆς
1691 4988 1803 5026 πα-

1911 4977 2095 5043 quavis
2141 4975 2436 5047 afﬂictione,
2480 4992 2572 5044 per
2621 4980 3032 5034 consolationem
3087 4997 3192 5051 qua
3244 4985 3485 5054 nosipsos

226 5066 591 5135 ρακλήσεως
637 5061 716 5137 ἧς
753 5067 1260 5136 παρακαλούμεθα
1307 5065 1480 5120 αὐτοὶ
1526 5065 1647 5121 ὑπὸ
1695 5064 1803 5119 τοῦ

1910 5068 2216 5121 consolatur
2238 5067 2396 5122 Deus.

236 5157 410 5212 οεοῦ.

307 5266 329 5300 ι
357 5248 680 5319 ,Εὐλογητὸς
703 5251 731 5302 ό
757 5248 910 5313 Θεός.
936 5267 955 5301 s
1013 5245 1279 5304 Ἐνταῦθα
1338 5249 1608 5304 στικτέον.
1649 5266 1668 5301 ι
1698 5247 1803 5301 Καὶ

1985 5269 2003 5302 ι
2037 5245 2368 5305 Benedictus
2405 5248 2568 5304 Deus.
2609 5267 2628 5302 ο
2684 5249 2801 5306 Hoc
2849 5250 2971 5306 loco
3025 5254 3339 5324 ponendum
3396 5265 3481 5310 est

238 5340 432 5412 Πατὴρ
470 5340 568 5394 τοῦ
615 5341 820 5412 Κυρίου
864 5340 1022 5411 ἡμῶν
1059 5339 1235 5410 Ἰησοῦ
1266 5340 1527 5412 Χριστοῦ.
1555 5358 1575 5395 s
1622 5339 1803 5410 Ἠμῶν

1910 5341 2252 5412 hypostigma
2291 5342 2404 5396 sive
2450 5341 2860 5399 subdistinctio.
2907 5363 2926 5396 ι
2959 5344 3026 5398 Ει
3074 5344 3237 5401 Pater
3267 5347 3482 5401 Domini

241 5434 344 5502 μὶν
367 5435 479 5504 γὰρ
515 5433 672 5498 Θεὸς,
700 5434 794 5487 τοῦ
827 5433 888 5487 δὲ
919 5432 1125 5504 Κυρίου
1160 5431 1315 5503 ἡμῶν
1358 5432 1534 5502 Ἰησοῦ
1594 5433 1803 5502 Πατήρ.

237 5525 459 5595 Ταύτην
487 5528 584 5596 τὴν
609 5526 871 5596 διαίρισιν
898 5527 994 5579 καὶ
1034 5527 1350 5594 ὀΔεσπότης
1378 5525 1524 5595 ημᾶς
1547 5523 1803 5588 ἐδίδαξεν.

1917 5525 2014 5580 sed
2046 5524 2259 5579 Domini
2295 5526 2468 5580 nostri
2501 5524 2629 5581 Jesu
2661 5524 2866 5580 Christi
2900 5523 3080 5579 Pater.
3121 5522 3272 5577 Hanc
3301 5533 3480 5578 autem

251 5616 344 5670 Ἐν
381 5617 491 5689 γὰρ
543 5619 658 5681 τοῖς
711 5621 879 5688 ἱεροῖς
925 5617 1275 5686 [εὐαγγελίοις
1306 5617 1436 5686 ἔφη,
1470 5634 1489 5668 ι
1525 5615 1803 5684 Ἐξομολο-

1916 5618 2239 5674 divisionem
2269 5619 2436 5674 etiam
2482 5617 2742 5673 Dominus
2774 5631 2877 5671 nos
2922 5616 3105 5669 docuit
3143 5631 3157 5668 :
3208 5614 3286 5668 ait
3339 5612 3482 5669 enim

237 5707 445 5778 γοῦμαί
479 5725 580 5773 σοι,
612 5709 816 5781 Πάτερ,
844 5708 1015 5780 Κύριε
1043 5707 1136 5762 τοῦ
1157 5708 1385 5779 ούρανοῦ
1409 5710 1502 5762 καὶ
1526 5709 1624 5780 τῆς
1648 5710 1802 5778 γῆς,›

1922 5713 1975 5766 in
2008 5713 2179 5768 sacris
2224 5709 2530 5783 Evangeliis
2561 5728 2573 5765 :
2630 5727 2648 5760 ι
2683 5707 2958 5763 Conﬁteor
2989 5707 3110 5773 tibi,
3146 5705 3329 5771 Pater,
3376 5703 3484 5761 Do-

317 5892 333 5922 ³
377 5889 608 5963 Philipp.
642 5907 705 5958 ιι,
732 5891 851 5949 τι·
888 5891 904 5945 Ι
932 5892 1060 5952 Cor.
1091 5908 1204 5958 nr,
1237 5893 1318 5950 l0.

3475 844 3491 927 ἓ

3481 931 3502 1013 ἱ

1910 5434 2084 5490 nostri
2124 5432 2252 5488 Jesu
2297 5433 2524 5489 Christi.
2562 5453 2580 5486 ι
2626 5431 2910 5504 Siquidem
2953 5436 3097 5491 Dens
3141 5443 3328 5491 noster
3373 5444 3480 5499 est,
3517 5415 3526 5472 ἶ
