3906 6552
188 432 300 497 917

1021 430 1405 492 COMMENT.
1448 429 1528 490 IN
1561 426 1801 490 EPIST.
1836 426 1863 490 Ι
1872 429 1898 489 Ι
1929 428 2033 489 AD
2069 426 2434 489 CORINTII.

3352 424 3459 489 918

184 542 347 614 αὐτῷ
404 541 566 614 ῥᾴδια
611 539 705 593 καὶ
752 540 973 595 δυνατά.
1032 540 1205 595 ἰὀὖτο
1251 540 1309 595 δέ
1345 557 1479 611 φησι
1510 539 1602 593 τὸν
1641 538 1774 593 Θεὸν

1888 547 1971 592 tut
2004 538 2263 605 consilio,
2301 538 2395 594 sed
2431 536 2486 591 in
2522 536 2639 607 ipso
2664 535 2805 593 solo.
2838 534 2973 591 Nam
2993 534 3063 592 de
3084 535 3289 608 quibus
3314 534 3461 608 apud

184 633 583 701 πεποιηκέναι.
609 630 709 699 οὐχ
730 631 806 694 ὡς
840 630 1003 683 αὐτοῦ
1023 631 1239 685 Παύλου
1272 631 1528 704 δεομένου
1562 631 1778 702 μαθεῖν,

184 724 314 792 (Τίς
363 723 476 792 γὰρ
532 722 701 776 αὐτοῦ
759 722 962 791 μᾶλλον
1025 722 1143 795 ᾔδει
1198 724 1283 787 τὸ,
1341 724 1432 777 ἐπὶ
1467 724 1612 795 μόνῳ
1662 723 1780 795 Θεῷ

185 810 444 877 ἐλπίζειν
477 816 548 879 ;),
577 814 695 866 ἀλλ’
732 814 820 866 ἶνα
844 813 912 866 δι’
937 815 969 882 ἡ
981 813 1096 882 μῶν
1127 815 1175 867 oi
1223 815 1372 870 tum
1398 813 1560 868 τοῦτο
1600 812 1784 884 μάθω·-

188 923 303 958 σιν.
343 935 420 946 -
455 907 534 959 Ἦ
579 905 789 971 οὕτως.
841 904 1180 978 [01ΚΟΥΜ.]
1236 905 1514 971 Ἕαυτῶν,
1578 907 1778 975 φησὶν,

186 999 529 1068 ἀπέγνωμεν
558 998 858 1062 παντελῶς,
900 999 987 1052 ῖνα
1017 1000 1116 1069 τὴν
1140 999 1331 1052 ἐλπίδα
1344 998 1449 1051 ἐπὶ
1472 999 1622 1068 μόνῳ
1655 997 1777 1068 Θεῷ

188 1091 441 1160 σχῶμεν.
485 1090 545 1143 '0
577 1090 632 1142 δὲ
681 1090 878 1143 ἐαυτοῦ
943 1088 1449 1160 προαπογινώσκων
1477 1131 1491 1154 ,
1534 1091 1651 1153 πῶς
1710 1088 1780 1142 ἂν

185 1181 377 1252 οἰκείᾳ
409 1180 571 1251 βουλῇ
601 1180 633 1250 ἢ
664 1180 911 1249 δυνάμει,
965 1180 1000 1251 ἢ
1030 1181 1298 1250 ἀπολογίᾳ
1324 1179 1592 1245 σώζεσθαι
1622 1178 1776 1232 ἐλπί-

188 1288 277 1326 σοι
304 1290 321 1336 ;
358 1273 449 1336 Ὦς
475 1272 532 1339 ἐξ
558 1271 856 1325 ἀκολούθου
878 1272 941 1325 τὸ
964 1271 1108 1329 am
1138 1271 1329 1325 ἑαυτοῦ
1360 1272 1609 1326 ἐκδοῦναι
1634 1272 1777 1342 Θεῷ.

181 1392 260 1403 -
302 1364 564 1429 Ἄλλως.
599 1360 978 1435 [19ΑΝΝΟΥ.]
1008 1363 1081 1417 Τδ
1124 1364 1428 1433 ἀπόκριμα,
1454 1364 1552 1435 τὴν
1574 1364 1778 1434 ψῆφον,

185 1453 295 1524 τὴν
345 1455 711 1526 προσδοκίαν,
766 1454 870 1526 τὴν
933 1455 1136 1525 κρίσιν.
1182 1455 1454 1526 Τοιαύτην
1507 1458 1660 1527 ἠφίει
1710 1455 1780 1510 τὰ

185 1542 507 1614 πράγματα
549 1545 736 1616 φωνήν
761 1561 776 1577 ο
842 1544 1105 1616 τοιαύτην
1162 1547 1452 1617 ἀπόκρισιν
1495 1546 1669 1600 ἐδίδου
1711 1546 1781 1601 τὰ

187 1650 259 1687 συ
270 1633 511 1703 μϐἀντα.
540 1636 622 1688 ὅτι
639 1635 1069 1707 ἀποθανούμεθα
1101 1637 1339 1700 πάντως.
1380 1638 1452 1691 Oti
1479 1638 1587 1709 μὴν
1614 1637 1777 1708 μέχρι

183 1724 301 1793 τῆς
365 1725 562 1795 πείρας
617 1726 778 1795 ἐξέση
811 1726 988 1790 τοῦτα
1040 1727 1175 1782 ἀλλὰ
1209 1728 1370 1798 μέχρι
1395 1728 1494 1798 τῆς
1524 1729 1779 1792 ὑπονοίας

187 1817 334 1885 ἔστη
398 1817 498 1887 τῆς
549 1818 850 1890 ἡμετέρας.
912 1820 980 1873 Ἦ
1030 1820 1129 1889 μὲν
1152 1819 1259 1890 γὰρ
1287 1820 1396 1873 τῶν
1437 1822 1777 1892 πραγμάτων

1888 645 1990 685 nos
2024 631 2173 684 nulla
2210 630 2446 685 habetur
2478 643 2621 700 spes,
2654 627 2746 684 sed
2780 628 3144 699 impossibilia
3182 629 3456 698 videntur,

1883 737 1946 777 ea
1979 730 2106 778 sunt
2139 724 2243 792 ipsi
2272 722 2582 794 possibilia,
2614 722 2725 777 imo
2753 730 2807 777 et
2854 720 3060 776 facilia.
3110 720 3228 777 iioc
3268 729 3451 776 autem

1887 815 2055 869 Deum
2096 814 2295 869 fecisse
2343 814 2500 880 dicit,
2550 829 2661 869 non
2722 813 2869 884 quod
2929 812 3029 881 ipsi
3088 808 3260 866 Paulo
3318 816 3499 882 opus‘

1880 913 2028 962 esset
2060 905 2163 961 hoc
2218 906 2432 961 discere
2463 905 2647 976 (Quis
2686 906 2833 961 enim
2876 902 3052 974 magis
3113 910 3274 973 quam
3338 904 3457 973 ipse

1884 1007 2114 1053 noverat
2145 999 2197 1051 in
2227 998 2348 1052 solo
2379 997 2491 1052 Deo
2521 995 2857 1067 sperandum
2890 1009 3013 1050 esse
3028 995 3097 1067 ?),
3126 995 3220 1049 sed
3274 1001 3332 1049 ut
3365 1009 3462 1064 per

1881 1104 1981 1144 nos
2010 1089 2099 1143 alii
2134 1088 2239 1144 hoc
2284 1087 2582 1144 discerent.
2604 1117 2675 1129 -—
2695 1085 2799 1140 Aut
2830 1084 2926 1140 hac
2949 1085 3122 1139 modo.
3168 1083 3247 1140 De
3298 1082 3460 1142 nobis

1880 1179 2017 1250 ipsis
2056 1181 2283 1234 omnino
2313 1178 2726 1250 desperavimus
2768 1185 2827 1233 ut
2851 1191 3003 1247 spem
3068 1176 3124 1230 in
3159 1176 3278 1232 solo
3339 1174 3454 1231 Deo

1880 1270 2231 1327 haberemus.
2287 1269 2420 1324 Nam
2482 1268 2577 1340 qui
2633 1270 2789 1340 prius
2818 1269 2885 1323 de
2937 1266 3122 1338 seipse
3177 1267 3457 1337 desperat,

1879 1365 2156 1436 quomodo
2179 1362 2403 1436 proprio
2427 1361 2664 1418 consilio
2695 1370 2789 1416 aut
2814 1360 3018 1416 virtute
3056 1375 3153 1416 seu
3185 1359 3463 1421 defensio-

1880 1473 1950 1514 ne
1997 1458 2208 1514 salvum
2246 1472 2305 1511 se
2353 1455 2471 1510 fore
2533 1454 2811 1525 Sperabit?
2840 1453 2912 1508 Ut
2964 1466 3314 1523 consequens
3378 1452 3453 1507 sit

1878 1545 2144 1617 quidquid
2194 1545 2373 1608 habet,
2405 1543 2459 1598 id
2520 1542 2686 1598 Deum
2733 1541 2972 1597 dedisse.
3004 1542 3220 1596 —-Alio
3269 1541 3454 1596 modo.

1879 1637 2252 1706 Responsum,
2286 1633 2339 1688 id
2370 1642 2475 1698 est,
2510 1633 2814 1694 decretum,
2865 1632 3332 1703 exspecuttionem
3392 1645 3458 1687 ac

1880 1728 2151 1799 judicium
2186 1728 2301 1781 sive
2336 1725 2698 1781 sententiam:
2730 1723 3047 1796 huiusmodi
3079 1739 3266 1779 vocem
3309 1725 3459 1794 peri-

1878 1818 2003 1873 cula
2043 1817 2390 1881 emittebant,
2469 1815 2786 1885 huiusmodi
2836 1814 3349 1870 condemnationem
3396 1830 3461 1871 ac

192 1909 370 1978 φύσις
422 1910 580 1963 τοῦτο
633 1912 971 1980 ἀπεφήνατο,
1030 1912 1063 1981 ἡ
1125 1911 1181 1965 δέ
1213 1910 1308 1965 τοῦ
1361 1910 1495 1965 Θεοῦ
1546 1912 1776 1984 δύναμις

1888 1909 2092 1965 exitum
2126 1905 2331 1961 dabant
2359 1919 2422 1961 ea
2450 1920 2572 1976 quae
2598 1904 3007 1976 contingebant,
3061 1905 3207 1975 quod
3235 1907 3462 1961 omnino

185 1999 299 2052 οὐκ
338 1998 518 2066 ἀφῆκε
543 1999 643 2069 τὴν
666 2000 978 2068 ἀπόφανσιν
1025 2001 1107 2064 είς
1136 2000 1298 2072 ἔργον
1349 2001 1543 2067 ἐλθεῖν,
1573 2002 1687 2055 ἀλλ’
1720 2005 1778 2058 ἐν

185 2091 261 2159 τῇ
289 2088 501 2160 διανοίᾳ
521 2091 680 2160 ἡμῶν
710 2092 872 2144 τοῦτο
899 2092 1173 2163 συμϐῆναι
1236 2092 1609 2163 συνεχώρησε.
1640 2114 1656 2145 ι
1688 2093 1778 2147 Διδ

190 2181 297 2234 ναὶ
349 2182 411 2234 ἐν
459 2181 696 2245 ἑαυτοῖς,
754 2184 909 2254 φησὶ,
959 2185 1021 2236 τὸ
1086 2184 1372 2257 ἀπόκριμα
1423 2184 1518 2238 τοῦ
1547 2185 1783 2239 θανάτου

194 2273 551 2341 ἐσχήκαμεν.
591 2291 610 2325 ι
642 2274 855 2345 Ὠαπερ
891 2273 1149 2343 λέγομεν,
1214 2275 1515 2347 ’Δπεκρίθη
1550 2277 1584 2347 ἠ
1633 2277 1785 2340 νόσος

192 2359 283 2420 είς
325 2359 562 2427 ὑγίειαν,
619 2360 961 2432 ἢάπεκρίθη
1015 2364 1096 2427 είς
1142 2363 1413 2431 θάνατον,
1482 2366 1782 2432 τουτέστιν,

192 2449 391 2520 ἐξέϐη,
442 2451 723 2522 ἐτελέσθη,
761 2454 1237 2526 ἀπετελεύτησενο
1295 2456 1467 2520 οὕτως
1523 2458 1615 2512 καὶ
1664 2458 1782 2514 νῦν.

198 2559 220 2592 ε
272 2543 590 2614 ’Δπόκριμα
629 2543 882 2612 θανάτου,
935 2565 955 2601 ι
1000 2548 1062 2600 τὸ
1081 2548 1236 2612 τέλος
1270 2549 1434 2603 αὐτοῦ
1495 2550 1601 2621 χρὴ
1638 2554 1780 2606 νοεῖν

191 2636 300 2687 καὶ
357 2635 459 2704 τὴν
516 2636 760 2693 ἔκϐασιν.
818 2668 888 2682 --
929 2638 1135 2712 [M211]
1203 2641 1593 2713 Ἦπορήθημεν
1647 2642 1778 2716 γὰρ,

194 2723 362 2793 φησὶ.
410 2724 507 2778 τοῦ
562 2726 684 2796 ζῇν,
715 2728 809 2781 καὶ
851 2728 990 2799 μετὰ
1019 2730 1127 2782 τῶν
1152 2729 1366 2800 νεκρῶν
1393 2730 1779 2802 ἐλογίσθημεν,

195 2816 303 2885 οὐχ
325 2816 416 2884 ὑφ’
462 2816 689 2887 ἐτέρων,
740 2819 859 2872 ἀλλ’
917 2820 1074 2874 αὐτοὶ
1111 2823 1171 2873 ἐν
1217 2823 1430 2886 ἑαυτοῖς
1463 2821 1525 2875 τὸ
1555 2822 1780 2894 ἔσχατον

193 2907 299 2957 καὶ
357 2905 420 2958 τὸ
469 2906 623 2971 τέλος
678 2907 770 2960 τοῦ
826 2908 1059 2963 θανάτου
1127 2910 1436 2974 κατιδόντες
1480 2911 1575 2963 καὶ
1635 2911 1782 2979 λογι-

194 2997 450 3065 σάμενοι.
510 2999 570 3054 Ὀ
621 2999 677 3054 δέ
722 3001 846 3055 ούδδ
921 3001 1316 3072 Ἐλογισάμεθα
1341 3041 1356 3065 ,
1404 3003 1589 3073 φησὶν,
1643 3002 1782 3067 ἀλλ’,

200 3111 222 3144 ε
281 3092 660 3166 Ἐσχήκαμεν,
702 3115 727 3148 ι
754 3097 816 3151 τὸ
861 3097 1233 3167 ἀναμφίϐολον
1272 3096 1363 3151 τοῦ
1419 3097 1650 3151 θανάτου
1691 3095 1788 3150 καὶ

192 3188 548 3257 παρεστηκδς
575 3189 1003 3260 ἐνδεικνύμενος.
1059 3189 1250 3254 Οὕτως
1301 3186 1371 3262 ἦν
1432 3190 1612 3259 θλίψις
1655 3187 1781 3242 καθ’

192 3274 512 3347 ὑπερϐολὴν
544 3279 683 3352 ὑπὲρ
701 3280 955 3351 δύναμιν,
987 3280 1128 3335 ῶπε
1155 3283 1182 3334 ὁ
1219 3280 1428 3344 Παῦλος
1451 3280 1550 3352 ἤδη
1582 3279 1775 3350 τεθνη-

193 3367 316 3429 κὼς
355 3363 443 3439 ἦν,
497 3371 621 3424 ὅσον
647 3376 711 3444 τῇ
780 3373 1015 3444 δυνάμεις
1059 3372 1247 3426 αὑτοῦ.
1297 3373 1492 3440 Γέγονε
1517 3372 1575 3425 δὲ
1599 3370 1781 3436 τοῦτο,

194 3461 358 3529 φησὶ,
398 3463 492 3515 καί
549 3465 681 3534 παρ’
738 3464 963 3528 ἐλπίδας
1013 3463 1312 3536 ἐξήσαμεν,
1359 3464 1448 3519 ἵνα
1500 3467 1558 3518 ἐν
1591 3462 1782 3534 μηδενὶ

191 3542 351 3620 ὦμεν
379 3551 783 3625 τεθαρρηκότες
839 3556 1087 3622 ἑαυτοῖς,
1145 3555 1262 3610 ἀλλ’
1291 3556 1385 3608 ἐπὶ
1419 3555 1498 3626 τῷ
1546 3553 1664 3623 Θεῷ
1702 3550 1782 3622 τῷ

194 3642 473 3712 ἐγείροντι
497 3648 621 3708 τοὺς
648 3649 898 3718 νεκρούς.

1889 2012 2247 2054 moreremur.
2282 1995 2637 2067 Nequaquam
2672 1994 2778 2050 hoc
2834 1996 2889 2050 in
2924 1995 3321 2066 experientiam
3363 1997 3461 2053 de-

1888 2088 2117 2144 ductum
2150 2097 2257 2152 est,
2309 2085 2403 2142 sed
2453 2087 2506 2141 in
2542 2096 2735 2142 nostra
2779 2085 3163 2154 desperatione
3193 2085 3459 2141 Sllbslilil.

1885 2178 2168 2249 Siquidem
2209 2177 2316 2232 hoc
2349 2177 2722 2247 periculorum
2782 2185 2980 2231 natura
3027 2177 3461 2246 demonstrabat,

1883 2270 1977 2327 Dei
2015 2286 2145 2327 vero
2180 2271 2427 2341 potentia
2466 2286 2574 2325 non
2609 2269 2934 2341 permisitid
2962 2270 3107 2340 quod
3133 2268 3463 2326 ostendeba.

1884 2373 1980 2419 tur
2012 2363 2067 2418 in
2121 2379 2260 2433 opus
2326 2362 2634 2433 pervenire.
2690 2361 2786 2416 sed
2837 2362 2893 2415 in
2963 2373 3147 2417 nostra
3198 2361 3465 2419 duntaxat

1883 2462 2064 2511 mente
2095 2454 2200 2510 hoc
2236 2448 2350 2508 iiei'i
2403 2453 2704 2509 concessit.
2741 2471 2760 2504 ι
2797 2453 2924 2509 ideo
2980 2466 3204 2525 quoque
3247 2466 3460 2520 nostra,

1888 2546 2088 2617 inquit,
2151 2556 2334 2602 mente
2401 2554 2730 2617 responsum
2763 2547 2957 2601 mortis
3010 2547 3396 2602 habueramus.
3437 2564 3459 2600 ι

1887 2637 2363 2705 Quemadmodum
2396 2637 2637 2693 dicimus
2674 2654 2688 2691 :
2719 2634 2944 2693 Morbus
2980 2636 3263 2707 respondit
3286 2638 3342 2693 in
3372 2651 3464 2693 sa-

1890 2730 2119 2781 nitatem
2157 2737 2250 2779 aut
2283 2725 2569 2794 respondit
2598 2725 2652 2778 in
2683 2732 2936 2789 mortem,
2979 2725 3084 2779 hoc
3133 2737 3219 2781 est
3266 2726 3461 2791 evasit,

1892 2818 2079 2872 [initus
2103 2824 2207 2879 erit,
2259 2815 2427 2871 desiit
2456 2833 2470 2870 ε
2503 2815 2577 2868 ita
2608 2817 2829 2883 quoque
2880 2823 2934 2870 ct
2979 2831 3124 2871 nunc
3159 2834 3178 2868 ι
3214 2817 3462 2886 Respon-

1890 2925 2011 2966 sum
2043 2909 2259 2976 mortis,
2293 2927 2312 2960 ›
2343 2910 2505 2963 linem
2532 2922 2596 2962 ac
2623 2917 2879 2963 eventum
2906 2907 3208 2978 intelligere
3224 2917 3462 2978 oportet.

1890 3031 1961 3042 -—
1994 2999 2438 3071 Desperavimus,
2489 2998 2690 3068 inquit,
2748 2999 2817 3056 de
2865 2999 2975 3052 vita
3027 3017 3041 3054 :
3083 3008 3139 3054 et
3188 3015 3290 3055 nos
3336 3014 3462 3056 cum

1893 3093 2130 3148 mortuis
2161 3089 2556 3162 reputabamur
2586 3106 2601 3143 :
2634 3104 2742 3144 non
2767 3088 2834 3141 ab
2863 3087 3008 3153 aliis,
3044 3087 3142 3145 sed
3185 3089 3238 3144 in
3270 3090 3451 3148 nobis-

1885 3183 2022 3255 ipsis
2051 3191 2356 3239 extremum
2401 3196 2465 3237 ac
2504 3180 2665 3237 linem
2718 3180 2913 3235 mortis
2944 3181 3222 3237 intuentes
3253 3196 3318 3236 ac
3363 3197 3465 3238 eo-

1886 3276 2146 3347 gitantes.
2199 3273 2356 3340 Quod
2413 3285 2594 3329 autem
2634 3287 2745 3328 non
2804 3272 2958 3339 dicit,
2989 3270 3462 3344 Cogitaveramus,

1887 3369 1984 3424 sed
2012 3388 2031 3419 ι
2068 3366 2473 3434 iiabueramus,
2525 3385 2547 3419 ι
2576 3365 2969 3421 certitudinem
2998 3381 3064 3422 ac
3113 3368 3463 3438 prasentiam

1888 3458 2084 3514 mortis
2108 3457 2370 3512 ostendit.
2407 3454 2560 3510 Adeo
2588 3453 2688 3507 iuit
2735 3468 2909 3523 supra
2966 3453 3184 3509 modum
3240 3453 3464 3511 aﬂlictio

1890 3551 2035 3605 ultra
2068 3550 2232 3615 vires,
2257 3556 2319 3603 ut
2341 3546 2682 3615 Paulus‘jam
2710 3551 2859 3601 esset
2912 3552 3185 3610 mortuus,
3210 3547 3357 3616 quod
3391 3546 3461 3602 ad

1815 3681 1823 3687 ς
1888 3656 2019 3698 suas
2042 3642 2187 3696 vires
2209 3639 2509 3710 spectabat.
2536 3637 2650 3693 Hoc
2672 3643 2855 3691 autem
2890 3636 3093 3692 factum
3109 3650 3230 3705 est,
3256 3639 3463 3711 inquit,

195 3743 258 3789 et
289 3746 487 3805 praeter
512 3754 664 3810 spem
698 3741 959 3809 viximus,
999 3741 1145 3798 utin
1175 3741 1328 3797 nullo
1359 3754 1508 3811 spem
1544 3751 1873 3809 poneremus
1901 3734 1958 3789 in
2002 3734 2162 3789 nobis
2215 3732 2373 3804 ipsis,
2429 3730 2600 3803 597'
2646 3733 2743 3789 sed
2798 3733 2857 3788 in
2915 3731 3027 3788 Deo
3054 3732 3145 3802 qui
3229 3734 3465 3788 suscitat

198 3838 477 3887 mortuos.

271 3917 367 3989 Τῷ
395 3920 702 3993 ἐγείροντι,
738 3926 926 3996 φησὶν,
966 3926 1030 3991 ὃς
1076 3927 1170 3981 καὶ
1201 3926 1347 3997 ἡμᾶς
1402 3923 1775 3996 πκρωθὲντας
1803 3925 1845 3982 C

197 4010 299 4064 νῦν
332 4012 546 4084 ἧγειρε.
579 4015 689 4069 Καὶ
722 4018 834 4089 γὰρ
873 4019 936 4071 τὸ
962 4018 1270 4090 ἀπόκριμα,
1304 4016 1460 4088 φησι,
1485 4015 1581 4069 τοῦ
1617 4014 1785 4068 θανά-

196 4117 297 4154 του
324 4103 384 4156 ἐν
409 4104 629 4168 ἐαυτοῖς
654 4107 995 4179 ἐσχήκαμεν,
1022 4106 1298 4163 καὶτοῦτο
1322 4107 1444 4177 οὐχὶ
1482 4105 1661 4160 ἄλλων
1686 4119 1785 4158 πει

201 4195 262 4262 pi
288 4193 449 4262 ἡμῶν
479 4196 985 4268 ύπολογισαμένων,
1017 4197 1131 4251 ἀλλ’
1152 4197 1304 4251 αὐτοὶ
1326 4197 1384 4249 ἐν
1417 4196 1650 4256 ἑαυτοῖς.
1672 4193 1783 4246 Καὶ

197 4283 308 4336 οὐκ
333 4284 725 4356 ἐλογισάμεθα,
752 4287 889 4353 ἀλλ’,
929 4308 947 4341 ι
968 4290 1309 4359 ἐσχήκαμεν,
1345 4305 1365 4338 ι
1400 4288 1539 4356 ὅπερ
1569 4285 1789 4339 ἁδίστα-

201 4389 336 4438 κτος
377 4375 475 4429 καὶ
514 4377 722 4447 βεϐαία
771 4379 977 4450 κρίσις,
1017 4379 1160 4433 ὥστε
1191 4378 1353 4448 δῆλον
1383 4379 1431 4432 εί
1467 4377 1542 4448 μὴ
1595 4379 1623 4431 ό
1651 4376 1787 4440 Θεὸς

204 4465 399 4537 {maps
427 4508 443 4532 ,
484 4469 642 4538 φησὶ,
685 4469 985 4534 τεθνεῶτες
1044 4469 1111 4525 ἂν
1162 4470 1378 4540 εἴημεν.
1415 4469 1477 4523 Ei
1505 4468 1562 4523 δὲ
1615 4467 1786 4521 ταῦτα

202 4556 422 4622 Παῦλος
457 4561 487 4613 6
524 4560 584 4613 ἐν
609 4563 731 4624 ταῖς
763 4560 979 4631 θλίψεσι
1009 4561 1433 4630 πλατυνόμενος,
1473 4563 1501 4615 ό
1533 4560 1786 4631 καθάπερ

204 4651 499 4718 στεφάνοις
522 4651 617 4705 καὶ
631 4653 971 4723 ἀναῤῥήσεσι
987 4654 1109 4715 ταῖς
1127 4651 1341 4722 θλίψεσι
1366 4652 1784 4724 σεμνυνόμενος,

202 4741 257 4790 ει
282 4738 461 4792 ταῦτα
483 4743 691 4805 ἐκεῖνος
717 4741 891 4811 λέγει,
914 4743 1009 4795 καὶ
1041 4741 1102 4794 τδ
1132 4745 1253 4795 πᾶν
1276 4742 1374 4813 τῆς
1397 4743 1673 4812 σωτηρίας
1707 4743 1788 4805 είς

199 4828 295 4881 τὸν
332 4829 469 4884 Θεὸν
497 4833 833 4905 ἀνατίθησιν,
888 4836 1053 4904 ἡμεῖς
1078 4833 1131 4887 τί
1178 4834 1314 4905 δρᾷν
1345 4834 1635 4904 ὀφείλομεν
1669 4834 1792 4888 ἐτε-

207 4936 335 4990 ρον;
360 4921 394 4991 ἦ
419 4923 538 4986 πῶς
558 4925 773 4988 laurei;
798 4925 1025 4997 θαρρεῖν
1042 4924 1402 4996 ὑπαχθέντες.
1428 4925 1533 4979 οὐκ
1545 4928 1787 4994 ἐγκατα-

203 5011 615 5085 λειφθησόμεθα
641 5017 869 5081 δικαίως
902 5018 1013 5072 ὑπὸ
1033 5017 1131 5071 τοῦ
1150 5017 1419 5083 σώζοντος
1450 5018 1544 5072 καὶ
1583 5020 1791 5091 ὑπερα-

207 5104 499 5169 σπίζοντας
519 5105 654 5161 Θεοῦ
674 5125 689 5175 ;
730 5109 850 5179 «Τῷ
870 5109 1143 5180 ἐγείραντι
1165 5112 1294 5175 τοὺς
1321 5110 1571 5182 νεκρούς.
1588 5129 1609 5164 ι
1636 5113 1791 5183 Ἀμα

209 5195 314 5263 μὲν
341 5197 598 5265 ἐμφαίνει
613 5198 675 5252 τὸ
697 5199 792 5253 τοῦ
816 5200 1067 5255 κινδύνου
1093 5202 1346 5271 μέγεθος,
1385 5204 1668 5274 μονονουχὶ
1691 5203 1780 5258 λέ-

1947 3918 2050 3986 Qui
2103 3918 2357 3981 suscitat,
2404 3918 2608 3988 inquit,
2643 3919 2737 3988 qui
2785 3934 2885 3974 nos
2936 3933 3159 3991 quoque
3208 3925 3461 3973 mortuos

1885 4024 2031 4066 nunc
2063 4010 2342 4065 excitavit.
2384 4006 2595 4064 Etenim
2632 4020 2954 4078 responsum
2991 4009 3184 4063 mortis
3213 4009 3269 4062 in
3305 4008 3464 4064 nobis

1882 4101 2019 4171 ipsis
2059 4100 2467 4165 habueramus;
2525 4114 2627 4155 nec
2661 4100 2713 4154 id
2759 4098 2883 4154 aliis
2927 4098 2994 4154 de
3035 4098 3195 4153 nobis
3232 4113 3463 4169 respon-

1886 4194 2167 4257 dentibus,
2217 4191 2310 4247 sed
2362 4192 2545 4256 nobis,
2594 4192 2791 4261 inquit,
2845 4191 2898 4244 in
2946 4190 3103 4245 nobis
3147 4191 3301 4260 ipsis.
3354 4189 3464 4245 Nec

1887 4285 2044 4349 dicit,
2095 4283 2636 4349 Existimaveramus,
2690 4283 2806 4346 sed,
2865 4282 3265 4348 Habueramus,
3316 4284 3463 4353 quod

1888 4382 2098 4430 certum
2134 4388 2197 4428 ac
2230 4372 2447 4427 firmum
2482 4372 2721 4428 ostendit
2752 4372 3022 4441 judicium
3061 4382 3126 4427 ac
3156 4371 3462 4428 decretum.

1887 4466 2077 4537 Itaque
2120 4464 2471 4520 manifestum
2513 4464 2776 4534 estquod
2816 4464 2920 4519 nisi
2963 4463 3104 4518 Deus
3147 4477 3247 4520 nos
3288 4465 3466 4519 susci-

1886 4566 2082 4626 tasset,
2125 4558 2317 4628 utique
2354 4557 2556 4613 mortui
2597 4572 2866 4613 essemus.
2906 4557 3063 4622 Quod
3102 4555 3146 4613 si
3188 4557 3303 4613 hate
3331 4556 3466 4612 dicit

1889 4650 2117 4718 Paulus,
2142 4650 2309 4721 quiin
2335 4647 2717 4705 amictionibus
2739 4648 2979 4703 emtitat
2999 4656 3056 4703 et
3076 4647 3170 4720 qui
3197 4648 3252 4703 in
3270 4647 3466 4704 adver-

1890 4742 2151 4801 sitatibus
2196 4739 2662 4797 inenarrahii‘ibus
2711 4745 2974 4809 tanquam
3027 4739 3081 4793 in
3132 4738 3356 4795 coronis
3396 4755 3463 4794 ac

1889 4833 2095 4890 breviis
2138 4831 2432 4904 gloriatur,
2485 4844 2814 4900 omnemque
2864 4829 3060 4885 salutis
3109 4828 3368 4886 aucoram
3409 4832 3463 4886 iu

1893 4927 2062 4982 Deum
2109 4925 2325 4996 reponit
2374 4940 2390 4979 :
2439 4923 2568 4993 quid
2611 4936 2712 4976 nos
2751 4921 2901 4977 aliud
2945 4922 3124 4978 facere
3161 4922 3479 4980 debemus!

1890 5026 1986 5073 aut
2006 5017 2285 5087 quomodo
2311 5015 2377 5070 ad
2408 5017 2517 5070 hoc
2545 5012 2766 5067 adducti
2806 5020 2864 5066 ut
2896 5014 2950 5068 iu
2986 5014 3147 5071 nobis
3174 5015 3306 5085 ipsis
3334 5030 3467 5071 con.

1891 5111 2144 5194 ﬁdaptus,
2165 5123 2275 5165 non
2311 5111 2507 5163 merito
2534 5124 2564 5161 a
2596 5110 2867 5163 salvatore
2896 5120 2965 5163 ac
2989 5115 3313 5179 protectore
3354 5108 3491 5164 Deo~

1895 5200 2380 5270 derelinquemur?
2418 5219 2437 5253 ι
2472 5199 2577 5266 Qui
2630 5198 2866 5253 suscitat
2926 5208 3198 5257 mortuos.
3228 5219 3253 5253 ι
3290 5199 3485 5256 Simul»

207 5301 324 5353 γων
337 5287 423 5340 ὅτι
444 5288 673 5359 νεκροὺς
683 5293 1005 5361 γενομένους
1027 5294 1346 5364 ἀνέστησεν,
1371 5272 1486 5365 ἅμα
1502 5294 1560 5349 δέ
1581 5272 1674 5349 καὶ
1687 5296 1783 5349 τοῦ

1896 5293 2115 5365 quidem
2145 5292 2384 5348 ostendit
2418 5292 2644 5363 periculi
2682 5291 3139 5361 magnitudinem,
3175 5307 3463 5362 propemo-

205 5374 308 5443 τῆς
324 5376 680 5441 ἀναστάσεως
699 5379 898 5442 αὐτοὺς
925 5380 1334 5452 ὑπομιμνήσκει
1348 5382 1530 5452 λόγου,
1547 5384 1607 5439 δν
1624 5386 1783 5441 πολὺν

1896 5386 2024 5442 dum
2058 5386 2248 5441 dicens
2282 5403 2296 5441 :
2330 5385 2453 5440 Nos
2478 5384 2591 5453 jam
2635 5392 2884 5438 mortuos
2932 5385 3219 5439 suscitavit
3251 5400 3266 5438 :
3301 5383 3489 5439 simui‘:

209 5466 530 5537 ἐποιήσατο,
546 5468 604 5520 ἐν
615 5468 680 5537 τῇ
698 5468 886 5540 πρώτῃ
904 5470 1214 5542 Ἐπιστολῇ.
1226 5490 1244 5523 ι
1262 5473 1359 5536 Ὃς
1387 5475 1452 5527 ἐκ
1466 5474 1791 5544 τηλικούτου

212 5558 639 5611 θανάτου.›ούκ
663 5552 806 5625 εἷπε,
842 5578 861 5611 ι
888 5561 1178 5623 Κινδὺνου,
1205 5580 1224 5612 ι
1254 5561 1411 5627 ἀλλὰ,
1438 5583 1456 5614 ι
1489 5565 1787 5631 Cavete-ou,»

211 5649 352 5719 ὅπερ
378 5650 475 5703 καὶ
503 5650 565 5703 τὸ
593 5650 861 5721 ὑπερέχον
886 5650 997 5705 τῶν
1053 5653 1318 5708 κινδύνων
1345 5654 1519 5721 δηλοῖ,
1550 5658 1647 5709 καὶ
1690 5658 1791 5729 τὴν

212 5740 517 5794 άνάστατιν
554 5739 716 5795 πάλιν
748 5742 1128 5812 παρατίθεται,
1168 5745 1244 5808 ὡς
1292 5747 1341 5799 εί
1365 5743 1541 5813 ελεγεο
1567 5747 1632 5799 Τί
1660 5749 1788 5802 ἀπι-

217 5828 410 5885 οτοῦσί
427 5832 648 5901 τινεςτῇ
673 5831 975 5888 ἀναστάσει
992 5849 1007 5902 ;
1026 5833 1129 5907 rm
1157 5834 1340 5890 δίδωσι
1369 5835 1638 5907 δείγματα
1659 5840 1789 5893 rati-

1896 5488 2114 5545 quoque
2147 5489 2457 5530 sermonem
2489 5472 2557 5528 de
2598 5472 3003 5529 resurrectione
3047 5474 3157 5528 iliis
3199 5471 3463 5542 suggerit,

1894 5579 2058 5635 quem
2089 5564 2144 5618 in
2179 5565 2363 5635 priore
2382 5563 2625 5635 Epistola
2670 5563 2900 5618 multum
2947 5561 3168 5616 iecerat.
3209 5578 3228 5611 ‹
3260 5560 3362 5626 Qui
3395 5570 3481 5615 ett.

1893 5666 2044 5713 tanta
2078 5665 2276 5712 morte.
2308 5674 2327 5709 ι
2370 5657 2486 5712 Non
2518 5658 2680 5719 dixit,
2720 5654 2989 5712 Pericula,
3022 5651 3118 5706 sed
3155 5667 3175 5702 ι
3207 5649 3400 5714 Morte,
3437 5670 3475 5703 ιο

1897 5748 2042 5821 quod
2086 5751 2246 5804 etiam
2295 5749 2661 5818 periculorum
2706 5739 3136 5811 magnitudinem
3170 5739 3484 5809 signiticet,

1897 5856 2226 5912 rursumque
2254 5841 2509 5914 proponit
2534 5834 3012 5893 resurrectionem.
3042 5832 3119 5888 Ac
3146 5830 3484 5890 “ediceret;
