  <div class='ocr_page' id='page_1' title='image "/cluster/home/n/w/nwhite01/storage/ocr_20150623/118/hvd.32044019208149/519.png"; bbox 0 0 3906 6564; ppageno 0'>
   <div class='ocr_carea' id='block_1_1' title="bbox 480 372 588 440">
    <p class='ocr_par' dir='ltr' id='par_1_1' title="bbox 480 372 588 440">
     <span class='ocr_line' id='line_1_1' title="bbox 480 372 588 440; baseline -0.037 0"><span class='ocrx_word' id='word_1_1' title='bbox 480 372 588 440; x_wconf 78' lang='lat'><strong>919</strong></span> 
     </span>
    </p>
   </div>
   <div class='ocr_carea' id='block_1_2' title="bbox 1541 367 2045 473">
    <p class='ocr_par' dir='ltr' id='par_1_2' title="bbox 1541 367 2045 442">
     <span class='ocr_line' id='line_1_2' title="bbox 1541 367 2045 442; baseline 0.006 -3"><span class='ocrx_word' id='word_1_2' title='bbox 1541 376 1708 440; x_wconf 67' lang='grc' dir='ltr'><strong>(ΕΒΗ</strong></span> <span class='ocrx_word' id='word_1_3' title='bbox 1718 367 1942 440; x_wconf 76' lang='grc' dir='ltr'><strong>ΜΕΝῙῙ</strong></span> <span class='ocrx_word' id='word_1_4' title='bbox 1981 378 2045 442; x_wconf 91' lang='lat' dir='ltr'><strong>Tl</strong></span> 
     </span>
    </p>
   </div>
   <div class='ocr_carea' id='block_1_3' title="bbox 2150 367 3645 473">
    <p class='ocr_par' dir='ltr' id='par_1_3' title="bbox 2150 381 3645 473">
     <span class='ocr_line' id='line_1_3' title="bbox 2150 381 3645 473; baseline 0.003 -29"><span class='ocrx_word' id='word_1_5' title='bbox 2150 381 2278 446; x_wconf 60' lang='lat' dir='ltr'><strong>:c/s</strong></span> <span class='ocrx_word' id='word_1_6' title='bbox 2318 385 2660 472; x_wconf 80' lang='lat' dir='ltr'><strong>EPISCOPI</strong></span> <span class='ocrx_word' id='word_1_7' title='bbox 3565 408 3645 473; x_wconf 52' lang='lat'><strong>93,</strong></span> 
     </span>
    </p>
   </div>
   <div class='ocr_carea' id='block_1_4' title="bbox 477 491 2045 586">
    <p class='ocr_par' dir='ltr' id='par_1_4' title="bbox 477 491 2045 569">
     <span class='ocr_line' id='line_1_4' title="bbox 477 491 2045 569; baseline 0.002 -20"><span class='ocrx_word' id='word_1_8' title='bbox 477 497 658 567; x_wconf 80' lang='lat' dir='ltr'><strong>Quare</strong></span> <span class='ocrx_word' id='word_1_9' title='bbox 696 491 943 548; x_wconf 84' lang='lat' dir='ltr'><strong>nonnu&#39;ii</strong></span> <span class='ocrx_word' id='word_1_10' title='bbox 965 493 1423 548; x_wconf 78' lang='lat' dir='ltr'><strong>resurrccuonem</strong></span> <span class='ocrx_word' id='word_1_11' title='bbox 1443 507 1554 549; x_wconf 90' lang='lat' dir='ltr'><strong>non</strong></span> <span class='ocrx_word' id='word_1_12' title='bbox 1587 497 1856 551; x_wconf 81' lang='lat' dir='ltr'><strong>credunt?</strong></span> <span class='ocrx_word' id='word_1_13' title='bbox 1883 497 2045 569; x_wconf 82' lang='lat' dir='ltr'><strong>hujus</strong></span> 
     </span>
    </p>
   </div>
   <div class='ocr_carea' id='block_1_5' title="bbox 2150 491 3645 586">
    <p class='ocr_par' dir='ltr' id='par_1_5' title="bbox 2150 502 3645 586">
     <span class='ocr_line' id='line_1_5' title="bbox 2150 502 3645 586; baseline 0.013 -33"><span class='ocrx_word' id='word_1_14' title='bbox 2150 513 2248 573; x_wconf 82' lang='grc' dir='ltr'><strong>της</strong></span> <span class='ocrx_word' id='word_1_15' title='bbox 2278 502 2307 555; x_wconf 78' lang='grc' dir='ltr'><strong>ὁ</strong></span> <span class='ocrx_word' id='word_1_16' title='bbox 2331 502 2486 566; x_wconf 87' lang='grc' dir='ltr'><strong>Θεός.</strong></span> <span class='ocrx_word' id='word_1_17' title='bbox 2531 505 2709 578; x_wconf 78' lang='grc' dir='ltr'><strong>Ἦμᾶς</strong></span> <span class='ocrx_word' id='word_1_18' title='bbox 2738 506 2847 580; x_wconf 82' lang='grc' dir='ltr'>γὰρ</span> <span class='ocrx_word' id='word_1_19' title='bbox 2887 507 2964 579; x_wconf 84' lang='grc' dir='ltr'><strong>τῷ</strong></span> <span class='ocrx_word' id='word_1_20' title='bbox 3001 508 3107 581; x_wconf 82' lang='grc' dir='ltr'><strong>ὅλῳ</strong></span> <span class='ocrx_word' id='word_1_21' title='bbox 3155 510 3304 581; x_wconf 73' lang='grc' dir='ltr'><strong>μέρει</strong></span> <span class='ocrx_word' id='word_1_22' title='bbox 3335 515 3645 586; x_wconf 71' lang='grc' dir='ltr'><strong>νεκρωθίιιτις</strong></span> 
     </span>
    </p>
   </div>
   <div class='ocr_carea' id='block_1_6' title="bbox 476 585 2042 664">
    <p class='ocr_par' dir='ltr' id='par_1_6' title="bbox 476 585 2042 664">
     <span class='ocr_line' id='line_1_6' title="bbox 476 585 2042 664; baseline -0.003 -14"><span class='ocrx_word' id='word_1_23' title='bbox 476 597 588 664; x_wconf 87' lang='lat' dir='ltr'><strong>jam</strong></span> <span class='ocrx_word' id='word_1_24' title='bbox 623 592 826 648; x_wconf 87' lang='lat' dir='ltr'><strong>indicia</strong></span> <span class='ocrx_word' id='word_1_25' title='bbox 858 604 922 646; x_wconf 88' lang='lat' dir='ltr'><strong>ac</strong></span> <span class='ocrx_word' id='word_1_26' title='bbox 951 589 1108 660; x_wconf 86' lang='lat' dir='ltr'><strong>signa</strong></span> <span class='ocrx_word' id='word_1_27' title='bbox 1148 587 1338 642; x_wconf 90' lang='lat' dir='ltr'><strong>tribuit</strong></span> <span class='ocrx_word' id='word_1_28' title='bbox 1369 585 1513 643; x_wconf 87' lang='lat' dir='ltr'><strong>Deus</strong></span> <span class='ocrx_word' id='word_1_29' title='bbox 1546 606 1559 642; x_wconf 91' lang='lat'><strong>:</strong></span> <span class='ocrx_word' id='word_1_30' title='bbox 1592 602 1692 644; x_wconf 84' lang='lat' dir='ltr'><strong>nos</strong></span> <span class='ocrx_word' id='word_1_31' title='bbox 1721 589 1864 643; x_wconf 87' lang='lat' dir='ltr'><strong>enim</strong></span> <span class='ocrx_word' id='word_1_32' title='bbox 1896 591 2042 645; x_wconf 89' lang='lat' dir='ltr'><strong>omni</strong></span> 
     </span>
    </p>
   </div>
   <div class='ocr_carea' id='block_1_7' title="bbox 480 679 2046 759">
    <p class='ocr_par' dir='ltr' id='par_1_7' title="bbox 480 679 2046 759">
     <span class='ocr_line' id='line_1_7' title="bbox 480 679 2046 759; baseline -0.001 -19"><span class='ocrx_word' id='word_1_33' title='bbox 480 696 636 759; x_wconf 88' lang='lat' dir='ltr'><strong>parte</strong></span> <span class='ocrx_word' id='word_1_34' title='bbox 696 693 941 739; x_wconf 88' lang='lat' dir='ltr'><strong>mortuos</strong></span> <span class='ocrx_word' id='word_1_35' title='bbox 994 679 1301 736; x_wconf 73' lang='lat' dir='ltr'><strong>suscitavit.</strong></span> <span class='ocrx_word' id='word_1_36' title='bbox 1342 699 1360 730; x_wconf 81' lang='grc' dir='ltr'><strong>ι</strong></span> <span class='ocrx_word' id='word_1_37' title='bbox 1409 680 1562 746; x_wconf 82' lang='lat' dir='ltr'><strong>Quod</strong></span> <span class='ocrx_word' id='word_1_38' title='bbox 1625 681 1788 735; x_wconf 90' lang='lat' dir='ltr'><strong>etiam</strong></span> <span class='ocrx_word' id='word_1_39' title='bbox 1818 682 2046 751; x_wconf 86' lang='lat' dir='ltr'><strong>posthac</strong></span> 
     </span>
    </p>
   </div>
   <div class='ocr_carea' id='block_1_8' title="bbox 477 773 2050 849">
    <p class='ocr_par' dir='ltr' id='par_1_8' title="bbox 477 773 2050 849">
     <span class='ocr_line' id='line_1_8' title="bbox 477 773 2050 849; baseline -0.003 -15"><span class='ocrx_word' id='word_1_40' title='bbox 477 789 770 849; x_wconf 87' lang='lat' dir='ltr'><strong>erepturus</strong></span> <span class='ocrx_word' id='word_1_41' title='bbox 818 778 906 830; x_wconf 85' lang='lat' dir='ltr'><strong>sit.</strong></span> <span class='ocrx_word' id='word_1_42' title='bbox 952 794 970 827; x_wconf 79' lang='grc' dir='ltr'>ι</span> <span class='ocrx_word' id='word_1_43' title='bbox 999 773 1110 828; x_wconf 77' lang='lat' dir='ltr'><strong>Hoc</strong></span> <span class='ocrx_word' id='word_1_44' title='bbox 1145 773 1382 827; x_wconf 77' lang='lat' dir='ltr'><strong>ostendit</strong></span> <span class='ocrx_word' id='word_1_45' title='bbox 1410 773 1582 842; x_wconf 86' lang='lat' dir='ltr'><strong>ipsius</strong></span> <span class='ocrx_word' id='word_1_46' title='bbox 1620 774 1784 828; x_wconf 87' lang='lat' dir='ltr'><strong>vitam</strong></span> <span class='ocrx_word' id='word_1_47' title='bbox 1831 775 1886 829; x_wconf 94' lang='lat' dir='ltr'><strong>in</strong></span> <span class='ocrx_word' id='word_1_48' title='bbox 1915 790 2050 830; x_wconf 91' lang='lat' dir='ltr'><strong>con-</strong></span> 
     </span>
    </p>
   </div>
   <div class='ocr_carea' id='block_1_9' title="bbox 481 864 2047 936">
    <p class='ocr_par' dir='ltr' id='par_1_9' title="bbox 481 864 2047 936">
     <span class='ocr_line' id='line_1_9' title="bbox 481 864 2047 936; baseline -0.003 -10"><span class='ocrx_word' id='word_1_49' title='bbox 481 875 630 926; x_wconf 89' lang='lat' dir='ltr'><strong>tinua</strong></span> <span class='ocrx_word' id='word_1_50' title='bbox 672 885 791 924; x_wconf 58' lang='lat' dir='ltr'><strong>esse</strong></span> <span class='ocrx_word' id='word_1_51' title='bbox 820 867 1228 936; x_wconf 63' lang='lat' dir='ltr'><strong>exspectatione</strong></span> <span class='ocrx_word' id='word_1_52' title='bbox 1258 866 1638 919; x_wconf 83' lang='lat' dir='ltr'><strong>atllictiunum.</strong></span> <span class='ocrx_word' id='word_1_53' title='bbox 1672 864 1862 921; x_wconf 87' lang='lat' dir='ltr'><strong>Dicere</strong></span> <span class='ocrx_word' id='word_1_54' title='bbox 1891 881 2047 921; x_wconf 86' lang='lat' dir='ltr'><strong>nam-</strong></span> 
     </span>
    </p>
   </div>
   <div class='ocr_carea' id='block_1_10' title="bbox 481 958 2048 1032">
    <p class='ocr_par' dir='ltr' id='par_1_10' title="bbox 481 958 2048 1032">
     <span class='ocr_line' id='line_1_10' title="bbox 481 958 2048 1032; baseline -0.003 -16"><span class='ocrx_word' id='word_1_55' title='bbox 481 979 587 1032; x_wconf 86' lang='lat' dir='ltr'><strong>que</strong></span> <span class='ocrx_word' id='word_1_56' title='bbox 623 961 852 1030; x_wconf 84' lang='lat' dir='ltr'><strong>Eripict.</strong></span> <span class='ocrx_word' id='word_1_57' title='bbox 886 961 1005 1028; x_wconf 86' lang='lat' dir='ltr'><strong>ejus</strong></span> <span class='ocrx_word' id='word_1_58' title='bbox 1036 973 1219 1014; x_wconf 86' lang='lat' dir='ltr'><strong>sermo</strong></span> <span class='ocrx_word' id='word_1_59' title='bbox 1249 967 1354 1020; x_wconf 86' lang='lat' dir='ltr'><strong>est,</strong></span> <span class='ocrx_word' id='word_1_60' title='bbox 1391 958 1484 1026; x_wconf 93' lang='lat' dir='ltr'><strong>qui</strong></span> <span class='ocrx_word' id='word_1_61' title='bbox 1524 965 1752 1012; x_wconf 84' lang='lat' dir='ltr'><strong>noverat</strong></span> <span class='ocrx_word' id='word_1_62' title='bbox 1783 973 1840 1012; x_wconf 90' lang='lat' dir='ltr'><strong>se</strong></span> <span class='ocrx_word' id='word_1_63' title='bbox 1871 967 2048 1012; x_wconf 61' lang='lat' dir='ltr'><strong>tenta.</strong></span> 
     </span>
    </p>
   </div>
   <div class='ocr_carea' id='block_1_11' title="bbox 479 1045 2048 1118">
    <p class='ocr_par' dir='ltr' id='par_1_11' title="bbox 479 1045 2048 1118">
     <span class='ocr_line' id='line_1_11' title="bbox 479 1045 2048 1118; baseline -0.003 -11"><span class='ocrx_word' id='word_1_64' title='bbox 479 1053 655 1107; x_wconf 82' lang='lat' dir='ltr'><strong>tioiies</strong></span> <span class='ocrx_word' id='word_1_65' title='bbox 679 1061 732 1104; x_wconf 91' lang='lat' dir='ltr'><strong>et</strong></span> <span class='ocrx_word' id='word_1_66' title='bbox 755 1049 1079 1104; x_wconf 82' lang='lat' dir='ltr'><strong>alilictiones</strong></span> <span class='ocrx_word' id='word_1_67' title='bbox 1109 1064 1324 1118; x_wconf 83' lang='lat' dir='ltr'><strong>semper</strong></span> <span class='ocrx_word' id='word_1_68' title='bbox 1349 1048 1682 1102; x_wconf 80' lang='lat' dir='ltr'><strong>habiturum.</strong></span> <span class='ocrx_word' id='word_1_69' title='bbox 1707 1045 1842 1103; x_wconf 84' lang='lat' dir='ltr'><strong>Vide</strong></span> <span class='ocrx_word' id='word_1_70' title='bbox 1867 1057 2048 1102; x_wconf 85' lang='lat' dir='ltr'><strong>autem</strong></span> 
     </span>
    </p>
   </div>
   <div class='ocr_carea' id='block_1_12' title="bbox 478 1139 2048 1210">
    <p class='ocr_par' dir='ltr' id='par_1_12' title="bbox 478 1139 2048 1210">
     <span class='ocr_line' id='line_1_12' title="bbox 478 1139 2048 1210; baseline 0 -15"><span class='ocrx_word' id='word_1_71' title='bbox 478 1143 826 1196; x_wconf 80' lang='lat' dir='ltr'><strong>modestiam.</strong></span> <span class='ocrx_word' id='word_1_72' title='bbox 883 1140 1083 1195; x_wconf 81' lang='lat' dir='ltr'><strong>Paulus</strong></span> <span class='ocrx_word' id='word_1_73' title='bbox 1129 1139 1538 1195; x_wconf 81' lang='lat' dir='ltr'><strong>Corinthiorum</strong></span> <span class='ocrx_word' id='word_1_74' title='bbox 1590 1140 1853 1194; x_wconf 71' lang='lat' dir='ltr'><strong>auxilium</strong></span> <span class='ocrx_word' id='word_1_75' title='bbox 1901 1139 2048 1210; x_wconf 89' lang='lat' dir='ltr'><strong>quod</strong></span> 
     </span>
    </p>
   </div>
   <div class='ocr_carea' id='block_1_13' title="bbox 477 1233 2050 1304">
    <p class='ocr_par' dir='ltr' id='par_1_13' title="bbox 477 1233 2050 1304">
     <span class='ocr_line' id='line_1_13' title="bbox 477 1233 2050 1304; baseline -0.002 -15"><span class='ocrx_word' id='word_1_76' title='bbox 477 1243 560 1289; x_wconf 77' lang='lat' dir='ltr'><strong>est</strong></span> <span class='ocrx_word' id='word_1_77' title='bbox 599 1235 666 1289; x_wconf 81' lang='lat' dir='ltr'><strong>ab</strong></span> <span class='ocrx_word' id='word_1_78' title='bbox 695 1235 941 1288; x_wconf 89' lang='lat' dir='ltr'><strong>oratione</strong></span> <span class='ocrx_word' id='word_1_79' title='bbox 985 1233 1224 1304; x_wconf 86' lang='lat' dir='ltr'><strong>postulat</strong></span> <span class='ocrx_word' id='word_1_80' title='bbox 1257 1249 1272 1284; x_wconf 87' lang='lat'><strong>:</strong></span> <span class='ocrx_word' id='word_1_81' title='bbox 1314 1233 1418 1286; x_wconf 88' lang='lat' dir='ltr'><strong>hoc</strong></span> <span class='ocrx_word' id='word_1_82' title='bbox 1461 1239 1642 1287; x_wconf 91' lang='lat' dir='ltr'><strong>autem</strong></span> <span class='ocrx_word' id='word_1_83' title='bbox 1680 1241 1764 1286; x_wconf 88' lang='lat' dir='ltr'><strong>est</strong></span> <span class='ocrx_word' id='word_1_84' title='bbox 1803 1233 2050 1288; x_wconf 84' lang='lat' dir='ltr'><strong>docentis</strong></span> 
     </span>
    </p>
   </div>
   <div class='ocr_carea' id='block_1_14' title="bbox 426 1323 2048 1396">
    <p class='ocr_par' dir='ltr' id='par_1_14' title="bbox 426 1323 2048 1396">
     <span class='ocr_line' id='line_1_14' title="bbox 426 1323 2048 1396; baseline 0.001 -17"><span class='ocrx_word' id='word_1_85' title='bbox 426 1386 428 1388; x_wconf 96' lang='lat'><em>_</em></span> <span class='ocrx_word' id='word_1_86' title='bbox 476 1328 641 1380; x_wconf 85' lang='lat' dir='ltr'><strong>etiam</strong></span> <span class='ocrx_word' id='word_1_87' title='bbox 678 1325 933 1396; x_wconf 85' lang='lat' dir='ltr'><strong>precandi</strong></span> <span class='ocrx_word' id='word_1_88' title='bbox 970 1324 1374 1379; x_wconf 88' lang='lat' dir='ltr'><strong>necessitatem.</strong></span> <span class='ocrx_word' id='word_1_89' title='bbox 1409 1342 1426 1375; x_wconf 88' lang='grc' dir='ltr'><strong>ι</strong></span> <span class='ocrx_word' id='word_1_90' title='bbox 1460 1323 1633 1378; x_wconf 89' lang='lat' dir='ltr'><strong>Simul</strong></span> <span class='ocrx_word' id='word_1_91' title='bbox 1663 1324 2048 1393; x_wconf 80' lang='lat' dir='ltr'><strong>adjuvantibus</strong></span> 
     </span>
    </p>
   </div>
   <div class='ocr_carea' id='block_1_15' title="bbox 478 1409 2044 1483">
    <p class='ocr_par' dir='ltr' id='par_1_15' title="bbox 478 1409 2044 1483">
     <span class='ocr_line' id='line_1_15' title="bbox 478 1409 2044 1483; baseline -0.005 -13"><span class='ocrx_word' id='word_1_92' title='bbox 478 1429 531 1470; x_wconf 86' lang='lat' dir='ltr'><strong>et</strong></span> <span class='ocrx_word' id='word_1_93' title='bbox 561 1415 739 1469; x_wconf 85' lang='lat' dir='ltr'><strong>vobis.</strong></span> <span class='ocrx_word' id='word_1_94' title='bbox 773 1434 792 1466; x_wconf 75' lang='grc' dir='ltr'><strong>ι</strong></span> <span class='ocrx_word' id='word_1_95' title='bbox 849 1414 1058 1483; x_wconf 86' lang='lat' dir='ltr'><strong>Eripiet</strong></span> <span class='ocrx_word' id='word_1_96' title='bbox 1101 1419 1284 1466; x_wconf 85' lang='lat' dir='ltr'><strong>autem</strong></span> <span class='ocrx_word' id='word_1_97' title='bbox 1334 1426 1434 1465; x_wconf 85' lang='lat' dir='ltr'><strong>nos</strong></span> <span class='ocrx_word' id='word_1_98' title='bbox 1473 1409 1638 1472; x_wconf 88' lang='lat' dir='ltr'><strong>Deus,</strong></span> <span class='ocrx_word' id='word_1_99' title='bbox 1681 1410 1839 1465; x_wconf 82' lang='lat' dir='ltr'><strong>vobis</strong></span> <span class='ocrx_word' id='word_1_100' title='bbox 1879 1411 2044 1463; x_wconf 83' lang='lat' dir='ltr'><strong>etiam</strong></span> 
     </span>
    </p>
   </div>
   <div class='ocr_carea' id='block_1_16' title="bbox 474 1499 2047 1576">
    <p class='ocr_par' dir='ltr' id='par_1_16' title="bbox 474 1499 2047 1576">
     <span class='ocr_line' id='line_1_16' title="bbox 474 1499 2047 1576; baseline -0.004 -19"><span class='ocrx_word' id='word_1_101' title='bbox 474 1507 789 1576; x_wconf 77' lang='lat' dir='ltr'><strong>precatione</strong></span> <span class='ocrx_word' id='word_1_102' title='bbox 823 1502 1216 1574; x_wconf 82' lang='lat' dir='ltr'><strong>adjuvantibus</strong></span> <span class='ocrx_word' id='word_1_103' title='bbox 1271 1521 1288 1566; x_wconf 51' lang='grc' dir='ltr'>ε,</span> <span class='ocrx_word' id='word_1_104' title='bbox 1334 1508 1394 1554; x_wconf 87' lang='grc' dir='ltr'><strong>ιιι</strong></span> <span class='ocrx_word' id='word_1_105' title='bbox 1449 1515 1818 1560; x_wconf 86' lang='lat' dir='ltr'><strong>communem.</strong></span> <span class='ocrx_word' id='word_1_106' title='bbox 1852 1499 2047 1568; x_wconf 85' lang='lat' dir='ltr'><strong>inquit,</strong></span> 
     </span>
    </p>
   </div>
   <div class='ocr_carea' id='block_1_17' title="bbox 479 1592 2048 1666">
    <p class='ocr_par' dir='ltr' id='par_1_17' title="bbox 479 1592 2048 1666">
     <span class='ocr_line' id='line_1_17' title="bbox 479 1592 2048 1666; baseline -0.004 -16"><span class='ocrx_word' id='word_1_107' title='bbox 479 1597 609 1651; x_wconf 91' lang='lat' dir='ltr'><strong>mihi</strong></span> <span class='ocrx_word' id='word_1_108' title='bbox 645 1598 872 1666; x_wconf 75' lang='lat' dir='ltr'><strong>gratiam</strong></span> <span class='ocrx_word' id='word_1_109' title='bbox 913 1612 977 1649; x_wconf 89' lang='lat' dir='ltr'><strong>ac</strong></span> <span class='ocrx_word' id='word_1_110' title='bbox 1013 1596 1164 1650; x_wconf 83' lang='lat' dir='ltr'><strong>vobis</strong></span> <span class='ocrx_word' id='word_1_111' title='bbox 1195 1594 1399 1648; x_wconf 84' lang='lat' dir='ltr'><strong>tribuat</strong></span> <span class='ocrx_word' id='word_1_112' title='bbox 1449 1609 1463 1646; x_wconf 90' lang='lat'><strong>:</strong></span> <span class='ocrx_word' id='word_1_113' title='bbox 1503 1601 1562 1646; x_wconf 92' lang='lat' dir='ltr'><strong>ut</strong></span> <span class='ocrx_word' id='word_1_114' title='bbox 1593 1592 1653 1646; x_wconf 78' lang='lat' dir='ltr'><strong>in&#39;</strong></span> <span class='ocrx_word' id='word_1_115' title='bbox 1683 1594 1867 1647; x_wconf 90' lang='lat' dir='ltr'><strong>multis</strong></span> <span class='ocrx_word' id='word_1_116' title='bbox 1923 1607 2048 1661; x_wconf 86' lang='lat' dir='ltr'><strong>per-</strong></span> 
     </span>
    </p>
   </div>
   <div class='ocr_carea' id='block_1_18' title="bbox 477 1687 2048 1757">
    <p class='ocr_par' dir='ltr' id='par_1_18' title="bbox 477 1687 2048 1757">
     <span class='ocr_line' id='line_1_18' title="bbox 477 1687 2048 1757; baseline -0.001 -15"><span class='ocrx_word' id='word_1_117' title='bbox 477 1688 650 1746; x_wconf 83' lang='lat' dir='ltr'><strong>sonis.</strong></span> <span class='ocrx_word' id='word_1_118' title='bbox 687 1687 789 1741; x_wconf 91' lang='lat' dir='ltr'><strong>hoc</strong></span> <span class='ocrx_word' id='word_1_119' title='bbox 819 1695 919 1746; x_wconf 83' lang='lat' dir='ltr'><strong>cst,</strong></span> <span class='ocrx_word' id='word_1_120' title='bbox 949 1702 1042 1757; x_wconf 88' lang='lat' dir='ltr'><strong>per</strong></span> <span class='ocrx_word' id='word_1_121' title='bbox 1074 1687 1274 1744; x_wconf 88' lang='lat' dir='ltr'><strong>multas</strong></span> <span class='ocrx_word' id='word_1_122' title='bbox 1307 1702 1590 1756; x_wconf 86' lang='lat' dir='ltr'><strong>personas,</strong></span> <span class='ocrx_word' id='word_1_123' title='bbox 1619 1702 1813 1757; x_wconf 87' lang='lat' dir='ltr'><strong>nempe</strong></span> <span class='ocrx_word' id='word_1_124' title='bbox 1840 1695 2048 1741; x_wconf 84' lang='lat' dir='ltr'><strong>vestras</strong></span> 
     </span>
    </p>
   </div>
   <div class='ocr_carea' id='block_1_19' title="bbox 473 1778 2046 1850">
    <p class='ocr_par' dir='ltr' id='par_1_19' title="bbox 473 1778 2046 1850">
     <span class='ocr_line' id='line_1_19' title="bbox 473 1778 2046 1850; baseline -0.002 -17"><span class='ocrx_word' id='word_1_125' title='bbox 473 1780 666 1850; x_wconf 71' lang='lat' dir='ltr'><strong>gratia:</strong></span> <span class='ocrx_word' id='word_1_126' title='bbox 698 1778 808 1834; x_wconf 88' lang='lat' dir='ltr'><strong>Deo</strong></span> <span class='ocrx_word' id='word_1_127' title='bbox 844 1787 1076 1850; x_wconf 75' lang='lat' dir='ltr'><strong>agantur</strong></span> <span class='ocrx_word' id='word_1_128' title='bbox 1113 1794 1212 1849; x_wconf 92' lang='lat' dir='ltr'><strong>pro</strong></span> <span class='ocrx_word' id='word_1_129' title='bbox 1245 1779 1390 1834; x_wconf 91' lang='lat' dir='ltr'><strong>dono</strong></span> <span class='ocrx_word' id='word_1_130' title='bbox 1423 1778 1557 1832; x_wconf 85' lang='lat' dir='ltr'><strong>mihi</strong></span> <span class='ocrx_word' id='word_1_131' title='bbox 1595 1778 1906 1833; x_wconf 89' lang='lat' dir='ltr'><strong>collato.—</strong></span> <span class='ocrx_word' id='word_1_132' title='bbox 1927 1778 2046 1831; x_wconf 82' lang='lat' dir='ltr'><strong>Alio</strong></span> 
     </span>
    </p>
   </div>
   <div class='ocr_carea' id='block_1_20' title="bbox 473 1853 2046 1942">
    <p class='ocr_par' dir='ltr' id='par_1_20' title="bbox 473 1853 2046 1942">
     <span class='ocr_line' id='line_1_20' title="bbox 473 1853 2046 1942; baseline -0.004 -18"><span class='ocrx_word' id='word_1_133' title='bbox 473 1887 673 1942; x_wconf 81' lang='lat' dir='ltr'><strong>quoque</strong></span> <span class='ocrx_word' id='word_1_134' title='bbox 706 1874 880 1924; x_wconf 78' lang='lat' dir='ltr'><strong>modo.</strong></span> <span class='ocrx_word' id='word_1_135' title='bbox 941 1889 959 1921; x_wconf 86' lang='grc' dir='ltr'><strong>ι</strong></span> <span class='ocrx_word' id='word_1_136' title='bbox 991 1867 1060 1923; x_wconf 89' lang='lat' dir='ltr'><strong>Ut</strong></span> <span class='ocrx_word' id='word_1_137' title='bbox 1095 1885 1158 1922; x_wconf 83' lang='lat' dir='ltr'><strong>ex</strong></span> <span class='ocrx_word' id='word_1_138' title='bbox 1195 1869 1384 1923; x_wconf 89' lang='lat' dir='ltr'><strong>multis</strong></span> <span class='ocrx_word' id='word_1_139' title='bbox 1428 1853 1698 1938; x_wconf 71' lang='lat' dir='ltr'><strong>Personis.</strong></span> <span class='ocrx_word' id='word_1_140' title='bbox 1734 1887 1752 1920; x_wconf 81' lang='grc' dir='ltr'><strong>ι</strong></span> <span class='ocrx_word' id='word_1_141' title='bbox 1801 1867 1912 1922; x_wconf 86' lang='lat' dir='ltr'><strong>lioc</strong></span> <span class='ocrx_word' id='word_1_142' title='bbox 1942 1877 2046 1932; x_wconf 83' lang='lat' dir='ltr'><strong>est,</strong></span> 
     </span>
    </p>
   </div>
   <div class='ocr_carea' id='block_1_21' title="bbox 474 1959 2048 2031">
    <p class='ocr_par' dir='ltr' id='par_1_21' title="bbox 474 1959 2048 2031">
     <span class='ocr_line' id='line_1_21' title="bbox 474 1959 2048 2031; baseline -0.003 -15"><span class='ocrx_word' id='word_1_143' title='bbox 474 1975 716 2018; x_wconf 79' lang='lat' dir='ltr'><strong>vestrum</strong></span> <span class='ocrx_word' id='word_1_144' title='bbox 741 1961 982 2016; x_wconf 89' lang='lat' dir='ltr'><strong>omnium</strong></span> <span class='ocrx_word' id='word_1_145' title='bbox 1004 1960 1440 2031; x_wconf 80' lang='lat' dir='ltr'><strong>deprecationem</strong></span> <span class='ocrx_word' id='word_1_146' title='bbox 1465 1961 1792 2030; x_wconf 84' lang='lat' dir='ltr'><strong>suscipiens,</strong></span> <span class='ocrx_word' id='word_1_147' title='bbox 1821 1959 2048 2029; x_wconf 73' lang='lat' dir='ltr'><strong>postlnc</strong></span> 
     </span>
    </p>
   </div>
   <div class='ocr_carea' id='block_1_22' title="bbox 473 2051 2048 2123">
    <p class='ocr_par' dir='ltr' id='par_1_22' title="bbox 473 2051 2048 2123">
     <span class='ocr_line' id='line_1_22' title="bbox 473 2051 2048 2123; baseline -0.002 -15"><span class='ocrx_word' id='word_1_148' title='bbox 473 2055 637 2108; x_wconf 89' lang='lat' dir='ltr'><strong>etiam</strong></span> <span class='ocrx_word' id='word_1_149' title='bbox 671 2070 770 2109; x_wconf 84' lang='lat' dir='ltr'><strong>nos</strong></span> <span class='ocrx_word' id='word_1_150' title='bbox 797 2055 993 2123; x_wconf 84' lang='lat' dir='ltr'><strong>eripiat</strong></span> <span class='ocrx_word' id='word_1_151' title='bbox 1015 2054 1288 2120; x_wconf 90' lang='lat' dir='ltr'><strong>simulque</strong></span> <span class='ocrx_word' id='word_1_152' title='bbox 1311 2053 1496 2123; x_wconf 67' lang='lat' dir='ltr'><strong>gratiae</strong></span> <span class='ocrx_word' id='word_1_153' title='bbox 1522 2061 1754 2121; x_wconf 85' lang='lat' dir='ltr'><strong>agantur</strong></span> <span class='ocrx_word' id='word_1_154' title='bbox 1785 2067 1880 2122; x_wconf 89' lang='lat' dir='ltr'><strong>pro</strong></span> <span class='ocrx_word' id='word_1_155' title='bbox 1903 2051 2048 2105; x_wconf 93' lang='lat' dir='ltr'><strong>dono</strong></span> 
     </span>
    </p>
   </div>
   <div class='ocr_carea' id='block_1_23' title="bbox 475 2141 2049 2214">
    <p class='ocr_par' dir='ltr' id='par_1_23' title="bbox 475 2141 2049 2214">
     <span class='ocr_line' id='line_1_23' title="bbox 475 2141 2049 2214; baseline -0.005 -12"><span class='ocrx_word' id='word_1_156' title='bbox 475 2147 530 2202; x_wconf 90' lang='lat' dir='ltr'><strong>in</strong></span> <span class='ocrx_word' id='word_1_157' title='bbox 565 2162 665 2201; x_wconf 88' lang='lat' dir='ltr'><strong>nos</strong></span> <span class='ocrx_word' id='word_1_158' title='bbox 697 2146 918 2200; x_wconf 85' lang='lat' dir='ltr'><strong>collato.</strong></span> <span class='ocrx_word' id='word_1_159' title='bbox 957 2146 1076 2200; x_wconf 87' lang='lat' dir='ltr'><strong>Non</strong></span> <span class='ocrx_word' id='word_1_160' title='bbox 1113 2143 1250 2200; x_wconf 73' lang='lat' dir='ltr'><strong>dixit</strong></span> <span class='ocrx_word' id='word_1_161' title='bbox 1289 2154 1470 2198; x_wconf 88' lang='lat' dir='ltr'><strong>autem</strong></span> <span class='ocrx_word' id='word_1_162' title='bbox 1506 2158 1520 2195; x_wconf 88' lang='lat'><strong>:</strong></span> <span class='ocrx_word' id='word_1_163' title='bbox 1556 2141 1627 2199; x_wconf 93' lang='lat' dir='ltr'><strong>Ut</strong></span> <span class='ocrx_word' id='word_1_164' title='bbox 1663 2143 1851 2214; x_wconf 69' lang='lat' dir='ltr'><strong>gratia:</strong></span> <span class='ocrx_word' id='word_1_165' title='bbox 1880 2157 2049 2212; x_wconf 89' lang='lat' dir='ltr'><strong>agan-</strong></span> 
     </span>
    </p>
   </div>
   <div class='ocr_carea' id='block_1_24' title="bbox 475 2232 2048 2308">
    <p class='ocr_par' dir='ltr' id='par_1_24' title="bbox 475 2232 2048 2308">
     <span class='ocr_line' id='line_1_24' title="bbox 475 2232 2048 2308; baseline -0.004 -18"><span class='ocrx_word' id='word_1_166' title='bbox 475 2247 564 2292; x_wconf 86' lang='lat' dir='ltr'><strong>tur</strong></span> <span class='ocrx_word' id='word_1_167' title='bbox 596 2252 692 2308; x_wconf 90' lang='lat' dir='ltr'><strong>pro</strong></span> <span class='ocrx_word' id='word_1_168' title='bbox 721 2237 895 2306; x_wconf 88' lang='lat' dir='ltr'><strong>gratia</strong></span> <span class='ocrx_word' id='word_1_169' title='bbox 936 2244 1030 2290; x_wconf 91' lang='lat' dir='ltr'><strong>aut</strong></span> <span class='ocrx_word' id='word_1_170' title='bbox 1070 2236 1274 2290; x_wconf 79' lang='lat' dir='ltr'><strong>auxilio</strong></span> <span class='ocrx_word' id='word_1_171' title='bbox 1315 2235 1447 2288; x_wconf 92' lang='lat' dir='ltr'><strong>mihi</strong></span> <span class='ocrx_word' id='word_1_172' title='bbox 1489 2234 1710 2297; x_wconf 89' lang='lat' dir='ltr'><strong>collato,</strong></span> <span class='ocrx_word' id='word_1_173' title='bbox 1751 2233 1844 2287; x_wconf 81' lang='lat' dir='ltr'><strong>sed</strong></span> <span class='ocrx_word' id='word_1_174' title='bbox 1883 2251 1901 2284; x_wconf 84' lang='grc' dir='ltr'><strong>ι</strong></span> <span class='ocrx_word' id='word_1_175' title='bbox 1941 2232 2048 2284; x_wconf 86' lang='lat' dir='ltr'><strong>Pro</strong></span> 
     </span>
    </p>
   </div>
   <div class='ocr_carea' id='block_1_25' title="bbox 475 2325 2048 2412">
    <p class='ocr_par' dir='ltr' id='par_1_25' title="bbox 475 2325 2048 2412">
     <span class='ocr_line' id='line_1_25' title="bbox 475 2325 2048 2412; baseline -0.003 -28"><span class='ocrx_word' id='word_1_176' title='bbox 475 2329 640 2384; x_wconf 92' lang='lat' dir='ltr'><strong>dono.</strong></span> <span class='ocrx_word' id='word_1_177' title='bbox 669 2347 687 2380; x_wconf 76' lang='grc' dir='ltr'><strong>ι</strong></span> <span class='ocrx_word' id='word_1_178' title='bbox 720 2327 852 2381; x_wconf 85' lang='lat' dir='ltr'><strong>Nam</strong></span> <span class='ocrx_word' id='word_1_179' title='bbox 883 2329 1130 2398; x_wconf 82' lang='grc' dir='ltr'><strong>χάρισμα</strong></span> <span class='ocrx_word' id='word_1_180' title='bbox 1154 2327 1336 2382; x_wconf 87' lang='lat' dir='ltr'><strong>dicere</strong></span> <span class='ocrx_word' id='word_1_181' title='bbox 1363 2327 1604 2412; x_wconf 70' lang='lat' dir='ltr'><strong>solemus</strong></span> <span class='ocrx_word' id='word_1_182' title='bbox 1630 2325 1695 2380; x_wconf 88' lang='lat' dir='ltr'><strong>de</strong></span> <span class='ocrx_word' id='word_1_183' title='bbox 1721 2325 2048 2380; x_wconf 88' lang='lat' dir='ltr'><strong>sublimibus</strong></span> 
     </span>
    </p>
   </div>
   <div class='ocr_carea' id='block_1_26' title="bbox 473 2420 2048 2491">
    <p class='ocr_par' dir='ltr' id='par_1_26' title="bbox 473 2420 2048 2491">
     <span class='ocr_line' id='line_1_26' title="bbox 473 2420 2048 2491; baseline -0.003 -13"><span class='ocrx_word' id='word_1_184' title='bbox 473 2431 529 2478; x_wconf 84' lang='lat' dir='ltr'><strong>et</strong></span> <span class='ocrx_word' id='word_1_185' title='bbox 565 2422 935 2486; x_wconf 86' lang='lat' dir='ltr'><strong>admirandis,</strong></span> <span class='ocrx_word' id='word_1_186' title='bbox 963 2436 1192 2491; x_wconf 70' lang='lat' dir='ltr'><strong>quaeque</strong></span> <span class='ocrx_word' id='word_1_187' title='bbox 1237 2421 1530 2474; x_wconf 86' lang='lat' dir='ltr'><strong>humanam</strong></span> <span class='ocrx_word' id='word_1_188' title='bbox 1571 2420 1844 2474; x_wconf 73' lang='lat' dir='ltr'><strong>excedunt</strong></span> <span class='ocrx_word' id='word_1_189' title='bbox 1888 2427 2048 2474; x_wconf 83' lang='lat' dir='ltr'><strong>natu-</strong></span> 
     </span>
    </p>
   </div>
   <div class='ocr_carea' id='block_1_27' title="bbox 474 2509 2049 2584">
    <p class='ocr_par' dir='ltr' id='par_1_27' title="bbox 474 2509 2049 2584">
     <span class='ocr_line' id='line_1_27' title="bbox 474 2509 2049 2584; baseline -0.004 -16"><span class='ocrx_word' id='word_1_190' title='bbox 474 2527 617 2568; x_wconf 80' lang='lat' dir='ltr'><strong>ram.</strong></span> <span class='ocrx_word' id='word_1_191' title='bbox 668 2513 832 2584; x_wconf 80' lang='lat'><strong>598</strong></span> <span class='ocrx_word' id='word_1_192' title='bbox 867 2511 1008 2566; x_wconf 82' lang='lat' dir='ltr'><strong>Dixit</strong></span> <span class='ocrx_word' id='word_1_193' title='bbox 1039 2523 1221 2567; x_wconf 90' lang='lat' dir='ltr'><strong>autem</strong></span> <span class='ocrx_word' id='word_1_194' title='bbox 1258 2528 1272 2565; x_wconf 87' lang='lat'><strong>:</strong></span> <span class='ocrx_word' id='word_1_195' title='bbox 1323 2529 1343 2562; x_wconf 88' lang='grc' dir='ltr'><strong>ι</strong></span> <span class='ocrx_word' id='word_1_196' title='bbox 1385 2509 1490 2564; x_wconf 90' lang='lat' dir='ltr'><strong>Pro</strong></span> <span class='ocrx_word' id='word_1_197' title='bbox 1520 2511 1663 2564; x_wconf 88' lang='lat' dir='ltr'><strong>dono</strong></span> <span class='ocrx_word' id='word_1_198' title='bbox 1702 2510 1754 2564; x_wconf 92' lang='lat' dir='ltr'><strong>in</strong></span> <span class='ocrx_word' id='word_1_199' title='bbox 1799 2525 1899 2564; x_wconf 89' lang='lat' dir='ltr'><strong>nos</strong></span> <span class='ocrx_word' id='word_1_200' title='bbox 1934 2511 2049 2563; x_wconf 85' lang='lat' dir='ltr'><strong>col-</strong></span> 
     </span>
    </p>
   </div>
   <div class='ocr_carea' id='block_1_28' title="bbox 476 2603 2040 2675">
    <p class='ocr_par' dir='ltr' id='par_1_28' title="bbox 476 2603 2040 2675">
     <span class='ocr_line' id='line_1_28' title="bbox 476 2603 2040 2675; baseline -0.003 -17"><span class='ocrx_word' id='word_1_201' title='bbox 476 2605 620 2665; x_wconf 81' lang='lat' dir='ltr'><strong>lato,</strong></span> <span class='ocrx_word' id='word_1_202' title='bbox 675 2621 772 2675; x_wconf 90' lang='lat' dir='ltr'><strong>per</strong></span> <span class='ocrx_word' id='word_1_203' title='bbox 821 2605 1044 2671; x_wconf 89' lang='lat' dir='ltr'><strong>multos,</strong></span> <span class='ocrx_word' id='word_1_204' title='bbox 1093 2604 1209 2658; x_wconf 89' lang='lat' dir='ltr'><strong>sive</strong></span> <span class='ocrx_word' id='word_1_205' title='bbox 1260 2603 1450 2668; x_wconf 88' lang='lat' dir='ltr'><strong>multa,</strong></span> <span class='ocrx_word' id='word_1_206' title='bbox 1499 2603 1685 2674; x_wconf 71' lang='lat' dir='ltr'><strong>gratia:</strong></span> <span class='ocrx_word' id='word_1_207' title='bbox 1723 2612 1977 2671; x_wconf 78' lang='lat' dir='ltr'><strong>agantur,</strong></span> <span class='ocrx_word' id='word_1_208' title='bbox 2021 2619 2040 2653; x_wconf 77' lang='grc' dir='ltr'>ι</span> 
     </span>
    </p>
   </div>
   <div class='ocr_carea' id='block_1_29' title="bbox 479 2693 2049 2767">
    <p class='ocr_par' dir='ltr' id='par_1_29' title="bbox 479 2693 2049 2767">
     <span class='ocr_line' id='line_1_29' title="bbox 479 2693 2049 2767; baseline -0.002 -18"><span class='ocrx_word' id='word_1_209' title='bbox 479 2696 821 2767; x_wconf 64' lang='lat' dir='ltr'><strong>praemittens</strong></span> <span class='ocrx_word' id='word_1_210' title='bbox 855 2713 868 2748; x_wconf 93' lang='lat'><strong>:</strong></span> <span class='ocrx_word' id='word_1_211' title='bbox 905 2715 923 2746; x_wconf 77' lang='grc' dir='ltr'><strong>ι</strong></span> <span class='ocrx_word' id='word_1_212' title='bbox 961 2695 1033 2748; x_wconf 73' lang='lat' dir='ltr'><strong>Ex</strong></span> <span class='ocrx_word' id='word_1_213' title='bbox 1069 2694 1255 2749; x_wconf 87' lang='lat' dir='ltr'><strong>multis</strong></span> <span class='ocrx_word' id='word_1_214' title='bbox 1290 2694 1555 2764; x_wconf 89' lang='lat' dir='ltr'><strong>personis.</strong></span> <span class='ocrx_word' id='word_1_215' title='bbox 1591 2713 1609 2745; x_wconf 78' lang='grc' dir='ltr'><strong>ι</strong></span> <span class='ocrx_word' id='word_1_216' title='bbox 1644 2693 2049 2761; x_wconf 76' lang='lat' dir='ltr'><strong>Quamobrem?</strong></span> 
     </span>
    </p>
   </div>
   <div class='ocr_carea' id='block_1_30' title="bbox 477 2785 2043 2857">
    <p class='ocr_par' dir='ltr' id='par_1_30' title="bbox 477 2785 2043 2857">
     <span class='ocr_line' id='line_1_30' title="bbox 477 2785 2043 2857; baseline -0.003 -14"><span class='ocrx_word' id='word_1_217' title='bbox 477 2804 547 2843; x_wconf 89' lang='lat' dir='ltr'><strong>an</strong></span> <span class='ocrx_word' id='word_1_218' title='bbox 585 2803 692 2844; x_wconf 92' lang='lat' dir='ltr'><strong>non</strong></span> <span class='ocrx_word' id='word_1_219' title='bbox 735 2787 1082 2842; x_wconf 80' lang='lat' dir='ltr'><strong>manifestum</strong></span> <span class='ocrx_word' id='word_1_220' title='bbox 1123 2795 1204 2842; x_wconf 88' lang='lat' dir='ltr'><strong>est</strong></span> <span class='ocrx_word' id='word_1_221' title='bbox 1242 2787 1387 2856; x_wconf 90' lang='lat' dir='ltr'><strong>quod</strong></span> <span class='ocrx_word' id='word_1_222' title='bbox 1436 2803 1532 2857; x_wconf 90' lang='lat' dir='ltr'><strong>per</strong></span> <span class='ocrx_word' id='word_1_223' title='bbox 1577 2785 1632 2841; x_wconf 89' lang='lat' dir='ltr'><strong>id</strong></span> <span class='ocrx_word' id='word_1_224' title='bbox 1677 2786 1822 2855; x_wconf 90' lang='lat' dir='ltr'><strong>quod</strong></span> <span class='ocrx_word' id='word_1_225' title='bbox 1861 2785 1995 2839; x_wconf 89' lang='lat' dir='ltr'><strong>dicit</strong></span> <span class='ocrx_word' id='word_1_226' title='bbox 2028 2800 2043 2838; x_wconf 90' lang='lat'><strong>:</strong></span> 
     </span>
    </p>
   </div>
   <div class='ocr_carea' id='block_1_31' title="bbox 483 2879 2046 2949">
    <p class='ocr_par' dir='ltr' id='par_1_31' title="bbox 483 2879 2046 2949">
     <span class='ocr_line' id='line_1_31' title="bbox 483 2879 2046 2949; baseline -0.001 -18"><span class='ocrx_word' id='word_1_227' title='bbox 483 2899 503 2931; x_wconf 76' lang='grc' dir='ltr'><strong>ι</strong></span> <span class='ocrx_word' id='word_1_228' title='bbox 545 2879 618 2934; x_wconf 84' lang='grc' dir='ltr'><strong>Ει</strong></span> <span class='ocrx_word' id='word_1_229' title='bbox 666 2880 850 2934; x_wconf 89' lang='lat' dir='ltr'><strong>tnultis</strong></span> <span class='ocrx_word' id='word_1_230' title='bbox 889 2879 1161 2949; x_wconf 88' lang='lat' dir='ltr'><strong>personis,</strong></span> <span class='ocrx_word' id='word_1_231' title='bbox 1199 2897 1219 2932; x_wconf 77' lang='grc' dir='ltr'>ι</span> <span class='ocrx_word' id='word_1_232' title='bbox 1265 2880 1538 2946; x_wconf 72' lang='grc' dir='ltr'><strong>εἱεηίῐίρςιι</strong></span> <span class='ocrx_word' id='word_1_233' title='bbox 1565 2893 1660 2932; x_wconf 89' lang='lat' dir='ltr'><strong>eos</strong></span> <span class='ocrx_word' id='word_1_234' title='bbox 1692 2879 1892 2931; x_wconf 89' lang='lat' dir='ltr'><strong>debere</strong></span> <span class='ocrx_word' id='word_1_235' title='bbox 1919 2892 2046 2947; x_wconf 86' lang='lat' dir='ltr'><strong>gra-</strong></span> 
     </span>
    </p>
   </div>
   <div class='ocr_carea' id='block_1_32' title="bbox 481 2964 2046 3039">
    <p class='ocr_par' dir='ltr' id='par_1_32' title="bbox 481 2964 2046 3039">
     <span class='ocr_line' id='line_1_32' title="bbox 481 2964 2046 3039; baseline -0.003 -17"><span class='ocrx_word' id='word_1_236' title='bbox 481 2969 584 3024; x_wconf 86' lang='lat' dir='ltr'><strong>tias</strong></span> <span class='ocrx_word' id='word_1_237' title='bbox 633 2984 836 3039; x_wconf 87' lang='lat' dir='ltr'><strong>agere;</strong></span> <span class='ocrx_word' id='word_1_238' title='bbox 875 2985 970 3038; x_wconf 89' lang='lat' dir='ltr'><strong>per</strong></span> <span class='ocrx_word' id='word_1_239' title='bbox 1017 2969 1120 3022; x_wconf 89' lang='lat' dir='ltr'><strong>hoc</strong></span> <span class='ocrx_word' id='word_1_240' title='bbox 1164 2977 1345 3022; x_wconf 89' lang='lat' dir='ltr'><strong>autem</strong></span> <span class='ocrx_word' id='word_1_241' title='bbox 1387 2966 1532 3036; x_wconf 93' lang='lat' dir='ltr'><strong>quod</strong></span> <span class='ocrx_word' id='word_1_242' title='bbox 1568 2967 1717 3021; x_wconf 83' lang='lat' dir='ltr'><strong>addit</strong></span> <span class='ocrx_word' id='word_1_243' title='bbox 1770 2965 1860 3020; x_wconf 70' lang='grc' dir='ltr'><strong>διὰ</strong></span> <span class='ocrx_word' id='word_1_244' title='bbox 1915 2964 2046 3018; x_wconf 68' lang='grc' dir='ltr'>πολε</span> 
     </span>
    </p>
   </div>
   <div class='ocr_carea' id='block_1_33' title="bbox 478 3061 2046 3134">
    <p class='ocr_par' dir='ltr' id='par_1_33' title="bbox 478 3061 2046 3134">
     <span class='ocr_line' id='line_1_33' title="bbox 478 3061 2046 3134; baseline -0.001 -18"><span class='ocrx_word' id='word_1_245' title='bbox 478 3063 608 3129; x_wconf 88' lang='grc' dir='ltr'>λῶν,</span> <span class='ocrx_word' id='word_1_246' title='bbox 665 3064 719 3118; x_wconf 92' lang='lat' dir='ltr'><strong>id</strong></span> <span class='ocrx_word' id='word_1_247' title='bbox 775 3073 880 3128; x_wconf 89' lang='lat' dir='ltr'><strong>est,</strong></span> <span class='ocrx_word' id='word_1_248' title='bbox 938 3079 1032 3134; x_wconf 88' lang='lat' dir='ltr'><strong>per</strong></span> <span class='ocrx_word' id='word_1_249' title='bbox 1084 3064 1278 3127; x_wconf 90' lang='lat' dir='ltr'><strong>multa,</strong></span> <span class='ocrx_word' id='word_1_250' title='bbox 1344 3062 1537 3116; x_wconf 89' lang='lat' dir='ltr'><strong>modos</strong></span> <span class='ocrx_word' id='word_1_251' title='bbox 1590 3062 1792 3116; x_wconf 89' lang='lat' dir='ltr'><strong>indicat</strong></span> <span class='ocrx_word' id='word_1_252' title='bbox 1847 3061 2046 3129; x_wconf 82' lang='lat' dir='ltr'><strong>quibus</strong></span> 
     </span>
    </p>
   </div>
   <div class='ocr_carea' id='block_1_34' title="bbox 478 3152 2114 3249">
    <p class='ocr_par' dir='ltr' id='par_1_34' title="bbox 478 3152 2114 3249">
     <span class='ocr_line' id='line_1_34' title="bbox 478 3152 2114 3249; baseline -0.001 -41"><span class='ocrx_word' id='word_1_253' title='bbox 478 3163 726 3226; x_wconf 84' lang='lat' dir='ltr'><strong>Oporteat</strong></span> <span class='ocrx_word' id='word_1_254' title='bbox 759 3156 962 3225; x_wconf 75' lang='lat' dir='ltr'><strong>gratias</strong></span> <span class='ocrx_word' id='word_1_255' title='bbox 991 3171 1150 3225; x_wconf 78' lang='lat' dir='ltr'><strong>agere</strong></span> <span class='ocrx_word' id='word_1_256' title='bbox 1170 3154 1194 3208; x_wconf 75' lang='grc' dir='ltr'><em>ἳ</em></span> <span class='ocrx_word' id='word_1_257' title='bbox 1215 3152 1404 3223; x_wconf 76' lang='lat' dir='ltr'><strong>Neque</strong></span> <span class='ocrx_word' id='word_1_258' title='bbox 1431 3156 1574 3208; x_wconf 86' lang='lat' dir='ltr'><strong>enim</strong></span> <span class='ocrx_word' id='word_1_259' title='bbox 1607 3153 1741 3208; x_wconf 86' lang='lat' dir='ltr'><strong>satis</strong></span> <span class='ocrx_word' id='word_1_260' title='bbox 1778 3162 1861 3206; x_wconf 80' lang='lat' dir='ltr'><strong>est</strong></span> <span class='ocrx_word' id='word_1_261' title='bbox 1898 3153 2046 3221; x_wconf 86' lang='lat' dir='ltr'><strong>ipsos</strong></span> <span class='ocrx_word' id='word_1_262' title='bbox 2075 3195 2114 3249; x_wconf 63' lang='grc' dir='ltr'><em>ε</em></span> 
     </span>
    </p>
   </div>
   <div class='ocr_carea' id='block_1_35' title="bbox 479 3245 2047 3318">
    <p class='ocr_par' dir='ltr' id='par_1_35' title="bbox 479 3245 2047 3318">
     <span class='ocr_line' id='line_1_35' title="bbox 479 3245 2047 3318; baseline -0.001 -18"><span class='ocrx_word' id='word_1_263' title='bbox 479 3261 591 3303; x_wconf 91' lang='lat' dir='ltr'><strong>uno</strong></span> <span class='ocrx_word' id='word_1_264' title='bbox 623 3247 782 3301; x_wconf 90' lang='lat' dir='ltr'><strong>modo</strong></span> <span class='ocrx_word' id='word_1_265' title='bbox 813 3248 1014 3316; x_wconf 84' lang='lat' dir='ltr'><strong>gratias</strong></span> <span class='ocrx_word' id='word_1_266' title='bbox 1044 3261 1224 3318; x_wconf 85' lang='lat' dir='ltr'><strong>agere,</strong></span> <span class='ocrx_word' id='word_1_267' title='bbox 1250 3245 1343 3301; x_wconf 86' lang='lat' dir='ltr'><strong>scd</strong></span> <span class='ocrx_word' id='word_1_268' title='bbox 1374 3245 1622 3314; x_wconf 89' lang='lat' dir='ltr'><strong>pluribus</strong></span> <span class='ocrx_word' id='word_1_269' title='bbox 1653 3263 1665 3299; x_wconf 91' lang='lat'>:</span> <span class='ocrx_word' id='word_1_270' title='bbox 1699 3245 1836 3299; x_wconf 78' lang='lat' dir='ltr'><strong>adeo</strong></span> <span class='ocrx_word' id='word_1_271' title='bbox 1862 3255 2047 3316; x_wconf 89' lang='lat' dir='ltr'><strong>gratus</strong></span> 
     </span>
    </p>
   </div>
   <div class='ocr_carea' id='block_1_36' title="bbox 475 3338 2046 3408">
    <p class='ocr_par' dir='ltr' id='par_1_36' title="bbox 475 3338 2046 3408">
     <span class='ocr_line' id='line_1_36' title="bbox 475 3338 2046 3408; baseline -0.003 -13"><span class='ocrx_word' id='word_1_272' title='bbox 475 3348 559 3395; x_wconf 88' lang='lat' dir='ltr'><strong>est</strong></span> <span class='ocrx_word' id='word_1_273' title='bbox 591 3339 835 3408; x_wconf 72' lang='lat' dir='ltr'><strong>adeoilue</strong></span> <span class='ocrx_word' id='word_1_274' title='bbox 865 3341 1015 3393; x_wconf 84' lang='lat' dir='ltr'><strong>novit</strong></span> <span class='ocrx_word' id='word_1_275' title='bbox 1046 3340 1251 3407; x_wconf 87' lang='lat' dir='ltr'><strong>grande</strong></span> <span class='ocrx_word' id='word_1_276' title='bbox 1285 3339 1484 3392; x_wconf 78' lang='lat' dir='ltr'><strong>factum</strong></span> <span class='ocrx_word' id='word_1_277' title='bbox 1517 3353 1640 3394; x_wconf 85' lang='lat' dir='ltr'><strong>esse</strong></span> <span class='ocrx_word' id='word_1_278' title='bbox 1672 3340 1722 3391; x_wconf 91' lang='lat' dir='ltr'><strong>in</strong></span> <span class='ocrx_word' id='word_1_279' title='bbox 1754 3355 1811 3393; x_wconf 83' lang='lat' dir='ltr'><strong>sc</strong></span> <span class='ocrx_word' id='word_1_280' title='bbox 1842 3338 2046 3393; x_wconf 77' lang='lat' dir='ltr'><strong>benefi-</strong></span> 
     </span>
    </p>
   </div>
   <div class='ocr_carea' id='block_1_37' title="bbox 475 3430 2046 3501">
    <p class='ocr_par' dir='ltr' id='par_1_37' title="bbox 475 3430 2046 3501">
     <span class='ocr_line' id='line_1_37' title="bbox 475 3430 2046 3501; baseline -0.003 -15"><span class='ocrx_word' id='word_1_281' title='bbox 475 3432 644 3495; x_wconf 85' lang='lat' dir='ltr'><strong>cium,</strong></span> <span class='ocrx_word' id='word_1_282' title='bbox 676 3433 784 3485; x_wconf 93' lang='lat' dir='ltr'><strong>imo</strong></span> <span class='ocrx_word' id='word_1_283' title='bbox 816 3434 996 3501; x_wconf 88' lang='lat' dir='ltr'><strong>potius</strong></span> <span class='ocrx_word' id='word_1_284' title='bbox 1035 3433 1300 3501; x_wconf 79' lang='grc' dir='ltr'><strong>χὰρισμα.</strong></span> <span class='ocrx_word' id='word_1_285' title='bbox 1347 3438 1404 3484; x_wconf 84' lang='grc' dir='ltr'><strong>ιιι</strong></span> <span class='ocrx_word' id='word_1_286' title='bbox 1437 3430 1552 3500; x_wconf 90' lang='lat' dir='ltr'><strong>ipse</strong></span> <span class='ocrx_word' id='word_1_287' title='bbox 1588 3431 1786 3500; x_wconf 86' lang='lat' dir='ltr'><strong>inquit,</strong></span> <span class='ocrx_word' id='word_1_288' title='bbox 1833 3431 1933 3483; x_wconf 89' lang='lat' dir='ltr'><strong>hoc</strong></span> <span class='ocrx_word' id='word_1_289' title='bbox 1963 3439 2046 3484; x_wconf 90' lang='lat' dir='ltr'><strong>est</strong></span> 
     </span>
    </p>
   </div>
   <div class='ocr_carea' id='block_1_38' title="bbox 475 3521 2043 3592">
    <p class='ocr_par' dir='ltr' id='par_1_38' title="bbox 475 3521 2043 3592">
     <span class='ocr_line' id='line_1_38' title="bbox 475 3521 2043 3592; baseline -0.002 -14"><span class='ocrx_word' id='word_1_290' title='bbox 475 3523 680 3578; x_wconf 90' lang='lat' dir='ltr'><strong>donum</strong></span> <span class='ocrx_word' id='word_1_291' title='bbox 732 3525 1014 3578; x_wconf 75' lang='lat' dir='ltr'><strong>eximium.</strong></span> <span class='ocrx_word' id='word_1_292' title='bbox 1064 3523 1203 3588; x_wconf 86' lang='lat' dir='ltr'><strong>Quia</strong></span> <span class='ocrx_word' id='word_1_293' title='bbox 1255 3538 1431 3589; x_wconf 86' lang='lat' dir='ltr'><strong>neque</strong></span> <span class='ocrx_word' id='word_1_294' title='bbox 1481 3524 1724 3592; x_wconf 85' lang='lat' dir='ltr'><strong>seipsutn</strong></span> <span class='ocrx_word' id='word_1_295' title='bbox 1796 3521 2043 3576; x_wconf 78' lang='lat' dir='ltr'><strong>sttﬂicere</strong></span> 
     </span>
    </p>
   </div>
   <div class='ocr_carea' id='block_1_39' title="bbox 476 3615 2042 3684">
    <p class='ocr_par' dir='ltr' id='par_1_39' title="bbox 476 3615 2042 3684">
     <span class='ocr_line' id='line_1_39' title="bbox 476 3615 2042 3684; baseline -0.002 -12"><span class='ocrx_word' id='word_1_296' title='bbox 476 3618 754 3672; x_wconf 77' lang='lat' dir='ltr'><strong>existimat</strong></span> <span class='ocrx_word' id='word_1_297' title='bbox 797 3616 864 3670; x_wconf 93' lang='lat' dir='ltr'><strong>ad</strong></span> <span class='ocrx_word' id='word_1_298' title='bbox 911 3616 1115 3684; x_wconf 79' lang='lat' dir='ltr'><strong>gratias</strong></span> <span class='ocrx_word' id='word_1_299' title='bbox 1149 3615 1445 3684; x_wconf 82' lang='lat' dir='ltr'><strong>agendum,</strong></span> <span class='ocrx_word' id='word_1_300' title='bbox 1487 3616 1580 3669; x_wconf 87' lang='lat' dir='ltr'><strong>sed</strong></span> <span class='ocrx_word' id='word_1_301' title='bbox 1629 3630 1804 3684; x_wconf 89' lang='lat' dir='ltr'><strong>neque</strong></span> <span class='ocrx_word' id='word_1_302' title='bbox 1841 3615 2042 3669; x_wconf 88' lang='lat' dir='ltr'><strong>multos</strong></span> 
     </span>
    </p>
   </div>
   <div class='ocr_carea' id='block_1_40' title="bbox 478 3705 2038 3776">
    <p class='ocr_par' dir='ltr' id='par_1_40' title="bbox 478 3705 2038 3776">
     <span class='ocr_line' id='line_1_40' title="bbox 478 3705 2038 3776; baseline -0.005 -12"><span class='ocrx_word' id='word_1_303' title='bbox 478 3723 687 3772; x_wconf 84' lang='lat' dir='ltr'><strong>secum,</strong></span> <span class='ocrx_word' id='word_1_304' title='bbox 724 3707 828 3761; x_wconf 88' lang='lat' dir='ltr'><strong>nisi</strong></span> <span class='ocrx_word' id='word_1_305' title='bbox 871 3707 1055 3762; x_wconf 86' lang='lat' dir='ltr'><strong>multis</strong></span> <span class='ocrx_word' id='word_1_306' title='bbox 1093 3721 1312 3776; x_wconf 86' lang='lat' dir='ltr'><strong>quoque</strong></span> <span class='ocrx_word' id='word_1_307' title='bbox 1346 3706 1524 3760; x_wconf 85' lang='lat' dir='ltr'><strong>modis</strong></span> <span class='ocrx_word' id='word_1_308' title='bbox 1563 3705 1752 3776; x_wconf 80' lang='lat' dir='ltr'><strong>gratia:</strong></span> <span class='ocrx_word' id='word_1_309' title='bbox 1786 3717 2038 3776; x_wconf 78' lang='lat' dir='ltr'><strong>agantur,</strong></span> 
     </span>
    </p>
   </div>
   <div class='ocr_carea' id='block_1_41' title="bbox 475 3797 2042 3868">
    <p class='ocr_par' dir='ltr' id='par_1_41' title="bbox 475 3797 2042 3868">
     <span class='ocr_line' id='line_1_41' title="bbox 475 3797 2042 3868; baseline -0.001 -14"><span class='ocrx_word' id='word_1_310' title='bbox 475 3798 671 3854; x_wconf 78' lang='lat' dir='ltr'><strong>deinde</strong></span> <span class='ocrx_word' id='word_1_311' title='bbox 725 3798 1004 3868; x_wconf 71' lang='lat' dir='ltr'><strong>sultjungit</strong></span> <span class='ocrx_word' id='word_1_312' title='bbox 1055 3815 1068 3852; x_wconf 92' lang='lat'><strong>:</strong></span> <span class='ocrx_word' id='word_1_313' title='bbox 1131 3815 1151 3850; x_wconf 74' lang='grc' dir='ltr'>ι</span> <span class='ocrx_word' id='word_1_314' title='bbox 1197 3797 1302 3851; x_wconf 84' lang='lat' dir='ltr'><strong>Pro</strong></span> <span class='ocrx_word' id='word_1_315' title='bbox 1357 3798 1533 3852; x_wconf 76' lang='lat' dir='ltr'><strong>vobis.</strong></span> <span class='ocrx_word' id='word_1_316' title='bbox 1594 3815 1611 3848; x_wconf 76' lang='grc' dir='ltr'>ι</span> <span class='ocrx_word' id='word_1_317' title='bbox 1671 3797 1790 3850; x_wconf 78' lang='lat' dir='ltr'><strong>Alio</strong></span> <span class='ocrx_word' id='word_1_318' title='bbox 1842 3813 2042 3867; x_wconf 78' lang='lat' dir='ltr'><strong>quoque</strong></span> 
     </span>
    </p>
   </div>
   <div class='ocr_carea' id='block_1_42' title="bbox 476 3889 2042 3959">
    <p class='ocr_par' dir='ltr' id='par_1_42' title="bbox 476 3889 2042 3959">
     <span class='ocr_line' id='line_1_42' title="bbox 476 3889 2042 3959; baseline -0.003 -14"><span class='ocrx_word' id='word_1_319' title='bbox 476 3893 648 3945; x_wconf 82' lang='lat' dir='ltr'><strong>modo.</strong></span> <span class='ocrx_word' id='word_1_320' title='bbox 685 3889 793 3944; x_wconf 77' lang='grc' dir='ltr'><strong>ΙΙοο</strong></span> <span class='ocrx_word' id='word_1_321' title='bbox 822 3902 902 3944; x_wconf 81' lang='lat' dir='ltr'><strong>est</strong></span> <span class='ocrx_word' id='word_1_322' title='bbox 936 3908 948 3942; x_wconf 85' lang='lat'><strong>:</strong></span> <span class='ocrx_word' id='word_1_323' title='bbox 983 3889 1162 3955; x_wconf 84' lang='lat' dir='ltr'><strong>Quare</strong></span> <span class='ocrx_word' id='word_1_324' title='bbox 1192 3889 1576 3959; x_wconf 86' lang='lat' dir='ltr'><strong>deprecatione</strong></span> <span class='ocrx_word' id='word_1_325' title='bbox 1612 3893 1845 3957; x_wconf 88' lang='lat' dir='ltr'><strong>teipsnm</strong></span> <span class='ocrx_word' id='word_1_326' title='bbox 1883 3890 2042 3956; x_wconf 85' lang='lat' dir='ltr'><strong>adju-</strong></span> 
     </span>
    </p>
   </div>
   <div class='ocr_carea' id='block_1_43' title="bbox 476 3982 2040 4052">
    <p class='ocr_par' dir='ltr' id='par_1_43' title="bbox 476 3982 2040 4052">
     <span class='ocr_line' id='line_1_43' title="bbox 476 3982 2040 4052; baseline -0.001 -14"><span class='ocrx_word' id='word_1_327' title='bbox 476 3985 770 4040; x_wconf 78' lang='lat' dir='ltr'><strong>vabimus?</strong></span> <span class='ocrx_word' id='word_1_328' title='bbox 802 3982 982 4050; x_wconf 82' lang='lat' dir='ltr'><strong>Quare</strong></span> <span class='ocrx_word' id='word_1_329' title='bbox 1019 3984 1224 4052; x_wconf 84' lang='lat' dir='ltr'><strong>gratias</strong></span> <span class='ocrx_word' id='word_1_330' title='bbox 1258 3984 1522 4052; x_wconf 81' lang='lat' dir='ltr'><strong>agemus?</strong></span> <span class='ocrx_word' id='word_1_331' title='bbox 1552 3982 1688 4048; x_wconf 88' lang='lat' dir='ltr'><strong>Qma</strong></span> <span class='ocrx_word' id='word_1_332' title='bbox 1724 3983 1867 4051; x_wconf 92' lang='lat' dir='ltr'><strong>quod</strong></span> <span class='ocrx_word' id='word_1_333' title='bbox 1907 3984 2040 4036; x_wconf 86' lang='lat' dir='ltr'><strong>libe-</strong></span> 
     </span>
    </p>
   </div>
   <div class='ocr_carea' id='block_1_44' title="bbox 477 4073 2040 4144">
    <p class='ocr_par' dir='ltr' id='par_1_44' title="bbox 477 4073 2040 4144">
     <span class='ocr_line' id='line_1_44' title="bbox 477 4073 2040 4144; baseline -0.003 -14"><span class='ocrx_word' id='word_1_334' title='bbox 477 4087 629 4130; x_wconf 87' lang='lat' dir='ltr'><strong>ratus</strong></span> <span class='ocrx_word' id='word_1_335' title='bbox 659 4078 786 4139; x_wconf 71' lang='lat' dir='ltr'><strong>sim,</strong></span> <span class='ocrx_word' id='word_1_336' title='bbox 821 4077 1020 4144; x_wconf 88' lang='lat' dir='ltr'><strong>inquit,</strong></span> <span class='ocrx_word' id='word_1_337' title='bbox 1044 4084 1098 4130; x_wconf 91' lang='lat' dir='ltr'><strong>et</strong></span> <span class='ocrx_word' id='word_1_338' title='bbox 1122 4074 1347 4144; x_wconf 62' lang='lat' dir='ltr'><strong>posthac</strong></span> <span class='ocrx_word' id='word_1_339' title='bbox 1369 4073 1530 4126; x_wconf 89' lang='lat' dir='ltr'><strong>etiam</strong></span> <span class='ocrx_word' id='word_1_340' title='bbox 1567 4074 1880 4127; x_wconf 87' lang='lat' dir='ltr'><strong>liberandus</strong></span> <span class='ocrx_word' id='word_1_341' title='bbox 1910 4073 2040 4138; x_wconf 85' lang='lat' dir='ltr'><strong>siin,</strong></span> 
     </span>
    </p>
   </div>
   <div class='ocr_carea' id='block_1_45' title="bbox 477 4166 2039 4229">
    <p class='ocr_par' dir='ltr' id='par_1_45' title="bbox 477 4166 2039 4229">
     <span class='ocr_line' id='line_1_45' title="bbox 477 4166 2039 4229; baseline -0.003 -7"><span class='ocrx_word' id='word_1_342' title='bbox 477 4184 586 4222; x_wconf 91' lang='lat' dir='ltr'><strong>non</strong></span> <span class='ocrx_word' id='word_1_343' title='bbox 624 4184 800 4222; x_wconf 88' lang='lat' dir='ltr'><strong>meum</strong></span> <span class='ocrx_word' id='word_1_344' title='bbox 840 4169 1013 4222; x_wconf 89' lang='lat' dir='ltr'><strong>solius</strong></span> <span class='ocrx_word' id='word_1_345' title='bbox 1045 4167 1306 4220; x_wconf 80' lang='lat' dir='ltr'><strong>auxilium</strong></span> <span class='ocrx_word' id='word_1_346' title='bbox 1339 4175 1424 4221; x_wconf 89' lang='lat' dir='ltr'><strong>est</strong></span> <span class='ocrx_word' id='word_1_347' title='bbox 1461 4176 1554 4220; x_wconf 89' lang='lat' dir='ltr'><strong>aut</strong></span> <span class='ocrx_word' id='word_1_348' title='bbox 1590 4167 1914 4229; x_wconf 74' lang='lat' dir='ltr'><strong>consolatio,</strong></span> <span class='ocrx_word' id='word_1_349' title='bbox 1945 4166 2039 4219; x_wconf 89' lang='lat' dir='ltr'><strong>sed</strong></span> 
     </span>
    </p>
   </div>
   <div class='ocr_carea' id='block_1_46' title="bbox 475 4257 2042 4330">
    <p class='ocr_par' dir='ltr' id='par_1_46' title="bbox 475 4257 2042 4330">
     <span class='ocr_line' id='line_1_46' title="bbox 475 4257 2042 4330; baseline -0.002 -15"><span class='ocrx_word' id='word_1_350' title='bbox 475 4260 756 4330; x_wconf 62' lang='lat' dir='ltr'><strong>aequaliter</strong></span> <span class='ocrx_word' id='word_1_351' title='bbox 798 4260 960 4314; x_wconf 64' lang='lat' dir='ltr'><strong>etiam</strong></span> <span class='ocrx_word' id='word_1_352' title='bbox 1003 4266 1057 4312; x_wconf 91' lang='lat' dir='ltr'><strong>ct</strong></span> <span class='ocrx_word' id='word_1_353' title='bbox 1097 4267 1365 4312; x_wconf 83' lang='lat' dir='ltr'><strong>vestrum.</strong></span> <span class='ocrx_word' id='word_1_354' title='bbox 1427 4257 1696 4327; x_wconf 82' lang='lat' dir='ltr'><strong>Adjuvate</strong></span> <span class='ocrx_word' id='word_1_355' title='bbox 1747 4259 1910 4327; x_wconf 87' lang='lat' dir='ltr'><strong>igitur</strong></span> <span class='ocrx_word' id='word_1_356' title='bbox 1947 4257 2042 4312; x_wconf 84' lang='lat' dir='ltr'><strong>de-</strong></span> 
     </span>
    </p>
   </div>
   <div class='ocr_carea' id='block_1_47' title="bbox 476 4349 2043 4423">
    <p class='ocr_par' dir='ltr' id='par_1_47' title="bbox 476 4349 2043 4423">
     <span class='ocr_line' id='line_1_47' title="bbox 476 4349 2043 4423; baseline -0.001 -18"><span class='ocrx_word' id='word_1_357' title='bbox 476 4355 811 4422; x_wconf 65' lang='lat' dir='ltr'><strong>precatione,</strong></span> <span class='ocrx_word' id='word_1_358' title='bbox 847 4353 1053 4423; x_wconf 83' lang='lat' dir='ltr'><strong>gratias</strong></span> <span class='ocrx_word' id='word_1_359' title='bbox 1084 4351 1227 4420; x_wconf 85' lang='lat' dir='ltr'><strong>agite</strong></span> <span class='ocrx_word' id='word_1_360' title='bbox 1263 4359 1521 4420; x_wconf 88' lang='lat' dir='ltr'><strong>tanquam</strong></span> <span class='ocrx_word' id='word_1_361' title='bbox 1556 4351 1608 4404; x_wconf 90' lang='lat' dir='ltr'><strong>id</strong></span> <span class='ocrx_word' id='word_1_362' title='bbox 1647 4366 1744 4421; x_wconf 88' lang='lat' dir='ltr'><strong>pro</strong></span> <span class='ocrx_word' id='word_1_363' title='bbox 1773 4351 1927 4406; x_wconf 84' lang='lat' dir='ltr'><strong>vobis</strong></span> <span class='ocrx_word' id='word_1_364' title='bbox 1965 4349 2043 4403; x_wconf 80' lang='lat' dir='ltr'><strong>fa-</strong></span> 
     </span>
    </p>
   </div>
   <div class='ocr_carea' id='block_1_48' title="bbox 473 4441 2041 4498">
    <p class='ocr_par' dir='ltr' id='par_1_48' title="bbox 473 4441 2041 4498">
     <span class='ocr_line' id='line_1_48' title="bbox 473 4441 2041 4498; baseline 0 -1"><span class='ocrx_word' id='word_1_365' title='bbox 473 4445 706 4498; x_wconf 86' lang='lat' dir='ltr'><strong>cientes.</strong></span> <span class='ocrx_word' id='word_1_366' title='bbox 734 4442 846 4497; x_wconf 81' lang='lat' dir='ltr'><strong>Mea</strong></span> <span class='ocrx_word' id='word_1_367' title='bbox 877 4444 1022 4496; x_wconf 88' lang='lat' dir='ltr'><strong>enim</strong></span> <span class='ocrx_word' id='word_1_368' title='bbox 1057 4441 1358 4498; x_wconf 86' lang='lat' dir='ltr'><strong>consolatio</strong></span> <span class='ocrx_word' id='word_1_369' title='bbox 1386 4457 1452 4496; x_wconf 91' lang='lat' dir='ltr'><strong>ac</strong></span> <span class='ocrx_word' id='word_1_370' title='bbox 1486 4443 1634 4497; x_wconf 91' lang='lat' dir='ltr'><strong>salus</strong></span> <span class='ocrx_word' id='word_1_371' title='bbox 1663 4444 1825 4498; x_wconf 86' lang='lat' dir='ltr'><strong>etiam</strong></span> <span class='ocrx_word' id='word_1_372' title='bbox 1860 4452 2041 4497; x_wconf 81' lang='lat' dir='ltr'><strong>vestra</strong></span> 
     </span>
    </p>
   </div>
   <div class='ocr_carea' id='block_1_49' title="bbox 2149 593 3646 670">
    <p class='ocr_par' dir='ltr' id='par_1_49' title="bbox 2149 593 3646 670">
     <span class='ocr_line' id='line_1_49' title="bbox 2149 593 3646 670; baseline 0.012 -24"><span class='ocrx_word' id='word_1_373' title='bbox 2149 593 2393 666; x_wconf 72' lang='grc' dir='ltr'><strong>ἤγειρεν.</strong></span> <span class='ocrx_word' id='word_1_374' title='bbox 2425 613 2444 649; x_wconf 84' lang='grc' dir='ltr'><strong>ι</strong></span> <span class='ocrx_word' id='word_1_375' title='bbox 2478 597 2598 650; x_wconf 83' lang='grc' dir='ltr'><strong>Ὀτι</strong></span> <span class='ocrx_word' id='word_1_376' title='bbox 2626 599 2719 652; x_wconf 77' lang='grc' dir='ltr'><strong>καὶ</strong></span> <span class='ocrx_word' id='word_1_377' title='bbox 2742 599 2822 652; x_wconf 78' lang='grc' dir='ltr'><strong>ἐτι</strong></span> <span class='ocrx_word' id='word_1_378' title='bbox 2846 599 3094 670; x_wconf 76' lang='grc' dir='ltr'><strong>ῥύσεται.</strong></span> <span class='ocrx_word' id='word_1_379' title='bbox 3123 619 3140 652; x_wconf 78' lang='grc' dir='ltr'><strong>ι</strong></span> <span class='ocrx_word' id='word_1_380' title='bbox 3162 601 3327 655; x_wconf 82' lang='grc' dir='ltr'>Τοῦτο</span> <span class='ocrx_word' id='word_1_381' title='bbox 3346 602 3556 660; x_wconf 81' lang='grc' dir='ltr'><strong>δείκνυσι</strong></span> <span class='ocrx_word' id='word_1_382' title='bbox 3579 613 3646 665; x_wconf 65' lang='grc' dir='ltr'><strong>τὸν</strong></span> 
     </span>
    </p>
   </div>
   <div class='ocr_carea' id='block_1_50' title="bbox 2149 683 3646 771">
    <p class='ocr_par' dir='ltr' id='par_1_50' title="bbox 2149 683 3646 771">
     <span class='ocr_line' id='line_1_50' title="bbox 2149 683 3646 771; baseline 0.011 -35"><span class='ocrx_word' id='word_1_383' title='bbox 2149 683 2314 737; x_wconf 79' lang='grc' dir='ltr'><strong>αὐτοῦ</strong></span> <span class='ocrx_word' id='word_1_384' title='bbox 2349 684 2484 754; x_wconf 86' lang='grc' dir='ltr'><strong>βίον,</strong></span> <span class='ocrx_word' id='word_1_385' title='bbox 2517 687 2606 740; x_wconf 68' lang='grc' dir='ltr'><strong>ἀεὶ</strong></span> <span class='ocrx_word' id='word_1_386' title='bbox 2633 687 2762 741; x_wconf 70' lang='grc' dir='ltr'><strong>ὄντα</strong></span> <span class='ocrx_word' id='word_1_387' title='bbox 2790 691 2846 744; x_wconf 77' lang='grc' dir='ltr'><strong>ἐν</strong></span> <span class='ocrx_word' id='word_1_388' title='bbox 2874 691 3169 763; x_wconf 75' lang='grc' dir='ltr'><strong>προσδοκίᾳ</strong></span> <span class='ocrx_word' id='word_1_389' title='bbox 3194 691 3434 761; x_wconf 66' lang='grc' dir='ltr'><strong>θλίψεων.</strong></span> <span class='ocrx_word' id='word_1_390' title='bbox 3464 697 3527 749; x_wconf 75' lang='grc' dir='ltr'>Τὸ</span> <span class='ocrx_word' id='word_1_391' title='bbox 3548 701 3646 771; x_wconf 66' lang='grc' dir='ltr'>γὰρ,</span> 
     </span>
    </p>
   </div>
   <div class='ocr_carea' id='block_1_51' title="bbox 2160 774 3650 858">
    <p class='ocr_par' dir='ltr' id='par_1_51' title="bbox 2160 774 3650 858">
     <span class='ocr_line' id='line_1_51' title="bbox 2160 774 3650 858; baseline 0.01 -29"><span class='ocrx_word' id='word_1_392' title='bbox 2160 774 2429 844; x_wconf 80' lang='grc' dir='ltr'><strong>Ῥὐσεται,</strong></span> <span class='ocrx_word' id='word_1_393' title='bbox 2467 779 2670 841; x_wconf 81' lang='grc' dir='ltr'><strong>εἰδότος</strong></span> <span class='ocrx_word' id='word_1_394' title='bbox 2702 775 2770 850; x_wconf 74' lang='grc' dir='ltr'><strong>ἦν</strong></span> <span class='ocrx_word' id='word_1_395' title='bbox 2809 781 2894 834; x_wconf 78' lang='grc' dir='ltr'><strong>ἀεὶ</strong></span> <span class='ocrx_word' id='word_1_396' title='bbox 2925 781 3067 846; x_wconf 76' lang='grc' dir='ltr'><strong>ἕξειν</strong></span> <span class='ocrx_word' id='word_1_397' title='bbox 3100 784 3449 853; x_wconf 82' lang='grc' dir='ltr'><strong>πειρασμούς.</strong></span> <span class='ocrx_word' id='word_1_398' title='bbox 3472 789 3588 858; x_wconf 80' lang='grc' dir='ltr'><strong>Ὅρα</strong></span> <span class='ocrx_word' id='word_1_399' title='bbox 3609 795 3650 847; x_wconf 72' lang='grc' dir='ltr'><strong>δὲ</strong></span> 
     </span>
    </p>
   </div>
   <div class='ocr_carea' id='block_1_52' title="bbox 2148 871 3650 951">
    <p class='ocr_par' dir='ltr' id='par_1_52' title="bbox 2148 871 3650 951">
     <span class='ocr_line' id='line_1_52' title="bbox 2148 871 3650 951; baseline 0.01 -32"><span class='ocrx_word' id='word_1_400' title='bbox 2148 871 2675 940; x_wconf 69' lang='grc' dir='ltr'><strong>ταπεινοφροσύνην·</strong></span> <span class='ocrx_word' id='word_1_401' title='bbox 2707 871 2916 936; x_wconf 78' lang='grc' dir='ltr'>Παῦλος</span> <span class='ocrx_word' id='word_1_402' title='bbox 2949 874 3047 941; x_wconf 86' lang='grc' dir='ltr'><strong>τῆς</strong></span> <span class='ocrx_word' id='word_1_403' title='bbox 3081 873 3378 943; x_wconf 84' lang='grc' dir='ltr'>Κορινθίων</span> <span class='ocrx_word' id='word_1_404' title='bbox 3409 877 3552 946; x_wconf 74' lang='grc' dir='ltr'><strong>εὐχῆς</strong></span> <span class='ocrx_word' id='word_1_405' title='bbox 3579 883 3650 951; x_wconf 70' lang='grc' dir='ltr'><strong>τὴν</strong></span> 
     </span>
    </p>
   </div>
   <div class='ocr_carea' id='block_1_53' title="bbox 2152 959 3649 1042">
    <p class='ocr_par' dir='ltr' id='par_1_53' title="bbox 2152 959 3649 1042">
     <span class='ocr_line' id='line_1_53' title="bbox 2152 959 3649 1042; baseline 0.008 -30"><span class='ocrx_word' id='word_1_406' title='bbox 2152 959 2443 1030; x_wconf 80' lang='grc' dir='ltr'>συνεργίαν</span> <span class='ocrx_word' id='word_1_407' title='bbox 2479 963 2637 1016; x_wconf 85' lang='grc' dir='ltr'><strong>αἰτεῖ.</strong></span> <span class='ocrx_word' id='word_1_408' title='bbox 2658 962 2827 1017; x_wconf 81' lang='grc' dir='ltr'>Τοῦτο</span> <span class='ocrx_word' id='word_1_409' title='bbox 2855 965 2912 1018; x_wconf 79' lang='grc' dir='ltr'>δέ</span> <span class='ocrx_word' id='word_1_410' title='bbox 2952 967 3086 1033; x_wconf 77' lang='grc' dir='ltr'><strong>ἐστι,</strong></span> <span class='ocrx_word' id='word_1_411' title='bbox 3111 967 3199 1020; x_wconf 73' lang='grc' dir='ltr'><strong>καί</strong></span> <span class='ocrx_word' id='word_1_412' title='bbox 3248 967 3557 1034; x_wconf 80' lang='grc' dir='ltr'><strong>διδάσκοντος</strong></span> <span class='ocrx_word' id='word_1_413' title='bbox 3575 974 3649 1042; x_wconf 64' lang='grc' dir='ltr'><strong>τῆς</strong></span> 
     </span>
    </p>
   </div>
   <div class='ocr_carea' id='block_1_54' title="bbox 2149 1049 3644 1127">
    <p class='ocr_par' dir='ltr' id='par_1_54' title="bbox 2149 1049 3644 1127">
     <span class='ocr_line' id='line_1_54' title="bbox 2149 1049 3644 1127; baseline 0.007 -28"><span class='ocrx_word' id='word_1_414' title='bbox 2149 1049 2314 1118; x_wconf 77' lang='grc' dir='ltr'><strong>εὐχῆς</strong></span> <span class='ocrx_word' id='word_1_415' title='bbox 2343 1052 2402 1103; x_wconf 77' lang='grc' dir='ltr'><strong>τὸ</strong></span> <span class='ocrx_word' id='word_1_416' title='bbox 2420 1053 2740 1117; x_wconf 75' lang='grc' dir='ltr'>ἀναγκαῖον.</span> <span class='ocrx_word' id='word_1_417' title='bbox 2781 1073 2799 1104; x_wconf 87' lang='grc' dir='ltr'><strong>ι</strong></span> <span class='ocrx_word' id='word_1_418' title='bbox 2827 1054 3351 1126; x_wconf 80' lang='grc' dir='ltr'><strong>Συνυπουργούντων</strong></span> <span class='ocrx_word' id='word_1_419' title='bbox 3370 1059 3456 1109; x_wconf 82' lang='grc' dir='ltr'><strong>καὶ</strong></span> <span class='ocrx_word' id='word_1_420' title='bbox 3481 1059 3607 1127; x_wconf 81' lang='grc' dir='ltr'><strong>ὐμῶν</strong></span> <span class='ocrx_word' id='word_1_421' title='bbox 3632 1080 3644 1111; x_wconf 83' lang='grc' dir='ltr'><strong>ι</strong></span> 
     </span>
    </p>
   </div>
   <div class='ocr_carea' id='block_1_55' title="bbox 2162 1139 3653 1219">
    <p class='ocr_par' dir='ltr' id='par_1_55' title="bbox 2162 1139 3653 1219">
     <span class='ocr_line' id='line_1_55' title="bbox 2162 1139 3653 1219; baseline 0.007 -27"><span class='ocrx_word' id='word_1_422' title='bbox 2162 1139 2412 1194; x_wconf 83' lang='grc' dir='ltr'><strong>Ῥύσεται</strong></span> <span class='ocrx_word' id='word_1_423' title='bbox 2441 1143 2496 1195; x_wconf 83' lang='grc' dir='ltr'>δὲ</span> <span class='ocrx_word' id='word_1_424' title='bbox 2534 1145 2682 1213; x_wconf 80' lang='grc' dir='ltr'><strong>ἡμᾶς</strong></span> <span class='ocrx_word' id='word_1_425' title='bbox 2716 1146 2744 1197; x_wconf 78' lang='grc' dir='ltr'>ὁ</span> <span class='ocrx_word' id='word_1_426' title='bbox 2765 1143 2915 1210; x_wconf 80' lang='grc' dir='ltr'><strong>Θεὸς,</strong></span> <span class='ocrx_word' id='word_1_427' title='bbox 2950 1146 3044 1199; x_wconf 69' lang='lat' dir='ltr'><strong>atat</strong></span> <span class='ocrx_word' id='word_1_428' title='bbox 3085 1145 3238 1214; x_wconf 80' lang='grc' dir='ltr'><strong>ὑμῶν</strong></span> <span class='ocrx_word' id='word_1_429' title='bbox 3293 1148 3368 1209; x_wconf 79' lang='grc' dir='ltr'><strong>είς</strong></span> <span class='ocrx_word' id='word_1_430' title='bbox 3404 1146 3493 1217; x_wconf 77' lang='grc' dir='ltr'><strong>τὴν</strong></span> <span class='ocrx_word' id='word_1_431' title='bbox 3523 1149 3653 1219; x_wconf 72' lang='grc' dir='ltr'><strong>εὐχὴν</strong></span> 
     </span>
    </p>
   </div>
   <div class='ocr_carea' id='block_1_56' title="bbox 2152 1228 3652 1308">
    <p class='ocr_par' dir='ltr' id='par_1_56' title="bbox 2152 1228 3652 1308">
     <span class='ocr_line' id='line_1_56' title="bbox 2152 1228 3652 1308; baseline 0.007 -28"><span class='ocrx_word' id='word_1_432' title='bbox 2152 1228 2554 1299; x_wconf 77' lang='grc' dir='ltr'><strong>συνεργούντων</strong></span> <span class='ocrx_word' id='word_1_433' title='bbox 2577 1249 2590 1264; x_wconf 89' lang='grc'><strong>·</strong></span> <span class='ocrx_word' id='word_1_434' title='bbox 2637 1231 2746 1298; x_wconf 88' lang='grc' dir='ltr'><strong>ἴνα,</strong></span> <span class='ocrx_word' id='word_1_435' title='bbox 2794 1233 2947 1303; x_wconf 80' lang='grc' dir='ltr'><strong>φησὶ,</strong></span> <span class='ocrx_word' id='word_1_436' title='bbox 2976 1235 3163 1305; x_wconf 78' lang='grc' dir='ltr'><strong>κοινὴν</strong></span> <span class='ocrx_word' id='word_1_437' title='bbox 3203 1235 3300 1306; x_wconf 78' lang='grc' dir='ltr'><strong>τὴν</strong></span> <span class='ocrx_word' id='word_1_438' title='bbox 3321 1236 3585 1308; x_wconf 77' lang='grc' dir='ltr'><strong>χάρινὲμοέ</strong></span> <span class='ocrx_word' id='word_1_439' title='bbox 3607 1258 3652 1292; x_wconf 82' lang='grc' dir='ltr'><strong>τε</strong></span> 
     </span>
    </p>
   </div>
   <div class='ocr_carea' id='block_1_57' title="bbox 2151 1319 3654 1399">
    <p class='ocr_par' dir='ltr' id='par_1_57' title="bbox 2151 1319 3654 1399">
     <span class='ocr_line' id='line_1_57' title="bbox 2151 1319 3654 1399; baseline 0.008 -29"><span class='ocrx_word' id='word_1_440' title='bbox 2151 1319 2243 1371; x_wconf 72' lang='grc' dir='ltr'><strong>καί</strong></span> <span class='ocrx_word' id='word_1_441' title='bbox 2269 1320 2396 1389; x_wconf 82' lang='grc' dir='ltr'>ὑμῖν</span> <span class='ocrx_word' id='word_1_442' title='bbox 2438 1323 2717 1397; x_wconf 75' lang='grc' dir='ltr'><strong>παράσχῃ,</strong></span> <span class='ocrx_word' id='word_1_443' title='bbox 2767 1324 2853 1378; x_wconf 80' lang='grc' dir='ltr'><strong>ἵνα</strong></span> <span class='ocrx_word' id='word_1_444' title='bbox 2877 1327 2933 1379; x_wconf 79' lang='grc' dir='ltr'><strong>ὲν</strong></span> <span class='ocrx_word' id='word_1_445' title='bbox 2973 1326 3150 1397; x_wconf 86' lang='grc' dir='ltr'>πολλῷ</span> <span class='ocrx_word' id='word_1_446' title='bbox 3203 1328 3486 1399; x_wconf 80' lang='grc' dir='ltr'>προσώπῳ.</span> <span class='ocrx_word' id='word_1_447' title='bbox 3533 1348 3654 1383; x_wconf 80' lang='grc' dir='ltr'><strong>τουτ-</strong></span> 
     </span>
    </p>
   </div>
   <div class='ocr_carea' id='block_1_58' title="bbox 2121 1411 3656 1492">
    <p class='ocr_par' dir='ltr' id='par_1_58' title="bbox 2121 1411 3656 1492">
     <span class='ocr_line' id='line_1_58' title="bbox 2121 1411 3656 1492; baseline 0.008 -28"><span class='ocrx_word' id='word_1_448' title='bbox 2121 1481 2124 1484; x_wconf 18' lang='grc'><em>’</em></span> <span class='ocrx_word' id='word_1_449' title='bbox 2151 1411 2288 1477; x_wconf 80' lang='grc' dir='ltr'><strong>ἐστι,</strong></span> <span class='ocrx_word' id='word_1_450' title='bbox 2315 1413 2405 1467; x_wconf 67' lang='grc' dir='ltr'>διὰ</span> <span class='ocrx_word' id='word_1_451' title='bbox 2451 1415 2663 1468; x_wconf 83' lang='grc' dir='ltr'>πολλῶν</span> <span class='ocrx_word' id='word_1_452' title='bbox 2717 1417 3045 1489; x_wconf 76' lang='grc' dir='ltr'>προσώπων,</span> <span class='ocrx_word' id='word_1_453' title='bbox 3075 1419 3181 1472; x_wconf 88' lang='grc' dir='ltr'><strong>τῶν</strong></span> <span class='ocrx_word' id='word_1_454' title='bbox 3212 1421 3482 1490; x_wconf 81' lang='grc' dir='ltr'><strong>ὑμετέρων</strong></span> <span class='ocrx_word' id='word_1_455' title='bbox 3507 1422 3656 1492; x_wconf 80' lang='grc' dir='ltr'>δηλον-</span> 
     </span>
    </p>
   </div>
   <div class='ocr_carea' id='block_1_59' title="bbox 2149 1507 3652 1585">
    <p class='ocr_par' dir='ltr' id='par_1_59' title="bbox 2149 1507 3652 1585">
     <span class='ocr_line' id='line_1_59' title="bbox 2149 1507 3652 1585; baseline 0.007 -25"><span class='ocrx_word' id='word_1_456' title='bbox 2149 1507 2254 1571; x_wconf 81' lang='grc' dir='ltr'><strong>ότι,</strong></span> <span class='ocrx_word' id='word_1_457' title='bbox 2286 1509 2650 1581; x_wconf 73' lang='grc' dir='ltr'><strong>εὐχαριστηθῇ</strong></span> <span class='ocrx_word' id='word_1_458' title='bbox 2676 1512 2705 1564; x_wconf 81' lang='grc' dir='ltr'><strong>ὁ</strong></span> <span class='ocrx_word' id='word_1_459' title='bbox 2745 1511 2876 1576; x_wconf 80' lang='grc' dir='ltr'><strong>Θεὸς</strong></span> <span class='ocrx_word' id='word_1_460' title='bbox 2909 1513 3050 1579; x_wconf 78' lang='grc' dir='ltr'>ὑπὲρ</span> <span class='ocrx_word' id='word_1_461' title='bbox 3097 1513 3193 1583; x_wconf 72' lang='grc' dir='ltr'><strong>τῆς</strong></span> <span class='ocrx_word' id='word_1_462' title='bbox 3219 1515 3296 1576; x_wconf 88' lang='grc' dir='ltr'><strong>εἰς</strong></span> <span class='ocrx_word' id='word_1_463' title='bbox 3335 1514 3427 1583; x_wconf 76' lang='grc' dir='ltr'><strong>ἐμὲ</strong></span> <span class='ocrx_word' id='word_1_464' title='bbox 3461 1517 3652 1585; x_wconf 76' lang='grc' dir='ltr'><strong>χάριτος.</strong></span> 
     </span>
    </p>
   </div>
   <div class='ocr_carea' id='block_1_60' title="bbox 2149 1600 3655 1674">
    <p class='ocr_par' dir='ltr' id='par_1_60' title="bbox 2149 1600 3655 1674">
     <span class='ocr_line' id='line_1_60' title="bbox 2149 1600 3655 1674; baseline 0.006 -23"><span class='ocrx_word' id='word_1_465' title='bbox 2149 1627 2218 1639; x_wconf 90' lang='grc'><strong><em>-</em></strong></span> <span class='ocrx_word' id='word_1_466' title='bbox 2237 1600 2340 1652; x_wconf 77' lang='grc' dir='ltr'><strong>Καὶ</strong></span> <span class='ocrx_word' id='word_1_467' title='bbox 2382 1600 2602 1667; x_wconf 69' lang='grc' dir='ltr'>ἄλλως.</span> <span class='ocrx_word' id='word_1_468' title='bbox 2636 1619 2654 1653; x_wconf 79' lang='grc' dir='ltr'><strong>ι</strong></span> <span class='ocrx_word' id='word_1_469' title='bbox 2682 1600 2793 1655; x_wconf 80' lang='grc' dir='ltr'><strong>Ἵνα</strong></span> <span class='ocrx_word' id='word_1_470' title='bbox 2818 1604 2882 1656; x_wconf 76' lang='grc' dir='ltr'><strong>ὲκ</strong></span> <span class='ocrx_word' id='word_1_471' title='bbox 2913 1604 3137 1658; x_wconf 85' lang='grc' dir='ltr'>πολλῶν.</span> <span class='ocrx_word' id='word_1_472' title='bbox 3155 1603 3470 1674; x_wconf 76' lang='grc' dir='ltr'>προσώπων,</span> <span class='ocrx_word' id='word_1_473' title='bbox 3499 1625 3515 1658; x_wconf 77' lang='grc' dir='ltr'>ι</span> <span class='ocrx_word' id='word_1_474' title='bbox 3539 1624 3655 1660; x_wconf 83' lang='grc' dir='ltr'><strong>τουτ·</strong></span> 
     </span>
    </p>
   </div>
   <div class='ocr_carea' id='block_1_61' title="bbox 2152 1691 3657 1766">
    <p class='ocr_par' dir='ltr' id='par_1_61' title="bbox 2152 1691 3657 1766">
     <span class='ocr_line' id='line_1_61' title="bbox 2152 1691 3657 1766; baseline 0.005 -23"><span class='ocrx_word' id='word_1_475' title='bbox 2152 1691 2288 1755; x_wconf 80' lang='grc' dir='ltr'><strong>ἐστι,</strong></span> <span class='ocrx_word' id='word_1_476' title='bbox 2319 1692 2430 1744; x_wconf 88' lang='grc' dir='ltr'><strong>τῶν</strong></span> <span class='ocrx_word' id='word_1_477' title='bbox 2463 1693 2742 1765; x_wconf 80' lang='grc' dir='ltr'><strong>ὑμετέρων</strong></span> <span class='ocrx_word' id='word_1_478' title='bbox 2781 1694 2876 1766; x_wconf 79' lang='grc' dir='ltr'><strong>τὴν</strong></span> <span class='ocrx_word' id='word_1_479' title='bbox 2907 1695 3092 1766; x_wconf 81' lang='grc' dir='ltr'>δέησιν</span> <span class='ocrx_word' id='word_1_480' title='bbox 3131 1696 3552 1766; x_wconf 78' lang='grc' dir='ltr'><strong>προσδεχόμενος,</strong></span> <span class='ocrx_word' id='word_1_481' title='bbox 3587 1702 3657 1751; x_wconf 76' lang='grc' dir='ltr'><strong>καὶ</strong></span> 
     </span>
    </p>
   </div>
   <div class='ocr_carea' id='block_1_62' title="bbox 2152 1782 3655 1857">
    <p class='ocr_par' dir='ltr' id='par_1_62' title="bbox 2152 1782 3655 1857">
     <span class='ocr_line' id='line_1_62' title="bbox 2152 1782 3655 1857; baseline 0.003 -22"><span class='ocrx_word' id='word_1_482' title='bbox 2152 1783 2232 1836; x_wconf 76' lang='grc' dir='ltr'><strong>ἔτι</strong></span> <span class='ocrx_word' id='word_1_483' title='bbox 2288 1782 2518 1853; x_wconf 76' lang='grc' dir='ltr'><strong>ῥύσηται</strong></span> <span class='ocrx_word' id='word_1_484' title='bbox 2593 1786 2762 1856; x_wconf 69' lang='grc' dir='ltr'><strong>ἡμᾶς,</strong></span> <span class='ocrx_word' id='word_1_485' title='bbox 2812 1787 2906 1840; x_wconf 71' lang='grc' dir='ltr'><strong>καὶ</strong></span> <span class='ocrx_word' id='word_1_486' title='bbox 2949 1787 3065 1856; x_wconf 76' lang='grc' dir='ltr'><strong>ἅμα</strong></span> <span class='ocrx_word' id='word_1_487' title='bbox 3116 1788 3473 1857; x_wconf 73' lang='grc' dir='ltr'><strong>εὐχαριστηθῇ</strong></span> <span class='ocrx_word' id='word_1_488' title='bbox 3515 1788 3563 1839; x_wconf 71' lang='grc' dir='ltr'><strong>τὸ</strong></span> <span class='ocrx_word' id='word_1_489' title='bbox 3597 1792 3655 1849; x_wconf 80' lang='grc' dir='ltr'><strong>είς</strong></span> 
     </span>
    </p>
   </div>
   <div class='ocr_carea' id='block_1_63' title="bbox 2154 1873 3654 1948">
    <p class='ocr_par' dir='ltr' id='par_1_63' title="bbox 2154 1873 3654 1948">
     <span class='ocr_line' id='line_1_63' title="bbox 2154 1873 3654 1948; baseline 0.002 -21"><span class='ocrx_word' id='word_1_490' title='bbox 2154 1876 2301 1944; x_wconf 78' lang='grc' dir='ltr'><strong>ἡμᾶς</strong></span> <span class='ocrx_word' id='word_1_491' title='bbox 2339 1875 2508 1928; x_wconf 77' lang='grc' dir='ltr'><strong>αὐτοῦ</strong></span> <span class='ocrx_word' id='word_1_492' title='bbox 2529 1877 2751 1944; x_wconf 76' lang='grc' dir='ltr'>γεγονὸς</span> <span class='ocrx_word' id='word_1_493' title='bbox 2791 1879 3058 1948; x_wconf 79' lang='grc' dir='ltr'><strong>χάρισμα.</strong></span> <span class='ocrx_word' id='word_1_494' title='bbox 3094 1876 3208 1930; x_wconf 88' lang='grc' dir='ltr'><strong>Οὐκ</strong></span> <span class='ocrx_word' id='word_1_495' title='bbox 3243 1873 3361 1930; x_wconf 76' lang='grc' dir='ltr'><strong>εἷπε</strong></span> <span class='ocrx_word' id='word_1_496' title='bbox 3395 1877 3467 1934; x_wconf 74' lang='grc' dir='ltr'><strong>δὲ.</strong></span> <span class='ocrx_word' id='word_1_497' title='bbox 3503 1877 3597 1930; x_wconf 85' lang='grc' dir='ltr'><strong>Ἰνα</strong></span> <span class='ocrx_word' id='word_1_498' title='bbox 3629 1881 3654 1947; x_wconf 73' lang='grc' dir='ltr'>ἡ</span> 
     </span>
    </p>
   </div>
   <div class='ocr_carea' id='block_1_64' title="bbox 2154 1964 3654 2038">
    <p class='ocr_par' dir='ltr' id='par_1_64' title="bbox 2154 1964 3654 2038">
     <span class='ocr_line' id='line_1_64' title="bbox 2154 1964 3654 2038; baseline 0.003 -23"><span class='ocrx_word' id='word_1_499' title='bbox 2154 1964 2312 2035; x_wconf 75' lang='grc' dir='ltr'><strong>χάρις</strong></span> <span class='ocrx_word' id='word_1_500' title='bbox 2343 1965 2508 2018; x_wconf 82' lang='grc' dir='ltr'><strong>αὐτοῦ</strong></span> <span class='ocrx_word' id='word_1_501' title='bbox 2535 1967 2569 2035; x_wconf 78' lang='grc' dir='ltr'>ἡ</span> <span class='ocrx_word' id='word_1_502' title='bbox 2589 1966 2668 2029; x_wconf 88' lang='grc' dir='ltr'><strong>είς</strong></span> <span class='ocrx_word' id='word_1_503' title='bbox 2719 1967 2819 2034; x_wconf 75' lang='grc' dir='ltr'><strong>ἐμὲ</strong></span> <span class='ocrx_word' id='word_1_504' title='bbox 2869 1966 3261 2038; x_wconf 77' lang='grc' dir='ltr'><strong>εὐχαριστηθῇ,</strong></span> <span class='ocrx_word' id='word_1_505' title='bbox 3291 1967 3356 2037; x_wconf 70' lang='grc' dir='ltr'><strong>ἢ,</strong></span> <span class='ocrx_word' id='word_1_506' title='bbox 3391 1969 3421 2036; x_wconf 73' lang='grc' dir='ltr'>ἡ</span> <span class='ocrx_word' id='word_1_507' title='bbox 3461 1967 3654 2036; x_wconf 73' lang='grc' dir='ltr'><strong>βοήθεια.</strong></span> 
     </span>
    </p>
   </div>
   <div class='ocr_carea' id='block_1_65' title="bbox 2154 2056 3657 2131">
    <p class='ocr_par' dir='ltr' id='par_1_65' title="bbox 2154 2056 3657 2131">
     <span class='ocr_line' id='line_1_65' title="bbox 2154 2056 3657 2131; baseline 0.002 -22"><span class='ocrx_word' id='word_1_508' title='bbox 2154 2056 2291 2110; x_wconf 71' lang='grc' dir='ltr'>ἀλλὰ</span> <span class='ocrx_word' id='word_1_509' title='bbox 2324 2059 2380 2109; x_wconf 81' lang='grc' dir='ltr'><strong>τὺ</strong></span> <span class='ocrx_word' id='word_1_510' title='bbox 2427 2057 2712 2128; x_wconf 76' lang='grc' dir='ltr'><strong>χάρισμα,</strong></span> <span class='ocrx_word' id='word_1_511' title='bbox 2763 2059 2900 2131; x_wconf 81' lang='grc' dir='ltr'>ὅπερ</span> <span class='ocrx_word' id='word_1_512' title='bbox 2930 2059 3204 2131; x_wconf 74' lang='grc' dir='ltr'><strong>εἰώθαμεν</strong></span> <span class='ocrx_word' id='word_1_513' title='bbox 3245 2061 3421 2127; x_wconf 84' lang='grc' dir='ltr'><strong>λέγειν</strong></span> <span class='ocrx_word' id='word_1_514' title='bbox 3462 2060 3657 2113; x_wconf 75' lang='grc' dir='ltr'>ἐπὶτῶν</span> 
     </span>
    </p>
   </div>
   <div class='ocr_carea' id='block_1_66' title="bbox 2155 2149 3657 2221">
    <p class='ocr_par' dir='ltr' id='par_1_66' title="bbox 2155 2149 3657 2221">
     <span class='ocr_line' id='line_1_66' title="bbox 2155 2149 3657 2221; baseline 0.001 -19"><span class='ocrx_word' id='word_1_515' title='bbox 2155 2149 2374 2220; x_wconf 63' lang='grc' dir='ltr'><strong>ὐψηλῶν</strong></span> <span class='ocrx_word' id='word_1_516' title='bbox 2421 2152 2515 2202; x_wconf 80' lang='grc' dir='ltr'><strong>καὶ</strong></span> <span class='ocrx_word' id='word_1_517' title='bbox 2573 2150 2918 2221; x_wconf 80' lang='grc' dir='ltr'><strong>παραδόξων,</strong></span> <span class='ocrx_word' id='word_1_518' title='bbox 2975 2153 3068 2204; x_wconf 77' lang='grc' dir='ltr'><strong>καὶ</strong></span> <span class='ocrx_word' id='word_1_519' title='bbox 3101 2153 3200 2221; x_wconf 82' lang='grc' dir='ltr'><strong>τὴν</strong></span> <span class='ocrx_word' id='word_1_520' title='bbox 3245 2151 3564 2221; x_wconf 84' lang='grc' dir='ltr'><strong>ἀνθρωπίνην</strong></span> <span class='ocrx_word' id='word_1_521' title='bbox 3584 2151 3657 2218; x_wconf 71' lang='grc' dir='ltr'><strong>φύ-</strong></span> 
     </span>
    </p>
   </div>
   <div class='ocr_carea' id='block_1_67' title="bbox 2158 2237 3655 2312">
    <p class='ocr_par' dir='ltr' id='par_1_67' title="bbox 2158 2237 3655 2312">
     <span class='ocr_line' id='line_1_67' title="bbox 2158 2237 3655 2312; baseline 0 -21"><span class='ocrx_word' id='word_1_522' title='bbox 2158 2257 2241 2292; x_wconf 91' lang='grc' dir='ltr'><strong>σιν</strong></span> <span class='ocrx_word' id='word_1_523' title='bbox 2281 2241 2713 2311; x_wconf 74' lang='grc' dir='ltr'><strong>ὑπερκειμένων.</strong></span> <span class='ocrx_word' id='word_1_524' title='bbox 2748 2237 2881 2295; x_wconf 69' lang='lat' dir='ltr'><strong>Eine</strong></span> <span class='ocrx_word' id='word_1_525' title='bbox 2931 2242 2986 2295; x_wconf 75' lang='grc' dir='ltr'>δὲ</span> <span class='ocrx_word' id='word_1_526' title='bbox 3015 2243 3077 2296; x_wconf 74' lang='grc' dir='ltr'><strong>τὸ</strong></span> <span class='ocrx_word' id='word_1_527' title='bbox 3106 2281 3121 2306; x_wconf 94' lang='grc'><strong>,</strong></span> <span class='ocrx_word' id='word_1_528' title='bbox 3158 2261 3175 2293; x_wconf 84' lang='grc' dir='ltr'><strong>ι</strong></span> <span class='ocrx_word' id='word_1_529' title='bbox 3203 2243 3299 2306; x_wconf 84' lang='grc' dir='ltr'><strong>Εἰς</strong></span> <span class='ocrx_word' id='word_1_530' title='bbox 3357 2243 3492 2312; x_wconf 76' lang='grc' dir='ltr'><strong>ἡμᾶς</strong></span> <span class='ocrx_word' id='word_1_531' title='bbox 3530 2241 3655 2295; x_wconf 84' lang='grc' dir='ltr'><strong>αὐτού</strong></span> 
     </span>
    </p>
   </div>
   <div class='ocr_carea' id='block_1_68' title="bbox 2153 2334 3654 2406">
    <p class='ocr_par' dir='ltr' id='par_1_68' title="bbox 2153 2334 3654 2406">
     <span class='ocr_line' id='line_1_68' title="bbox 2153 2334 3654 2406; baseline -0.001 -18"><span class='ocrx_word' id='word_1_532' title='bbox 2153 2335 2401 2404; x_wconf 81' lang='grc' dir='ltr'><strong>χάρισμα</strong></span> <span class='ocrx_word' id='word_1_533' title='bbox 2431 2335 2518 2386; x_wconf 69' lang='grc' dir='ltr'>διὰ</span> <span class='ocrx_word' id='word_1_534' title='bbox 2564 2334 2775 2388; x_wconf 82' lang='grc' dir='ltr'>πολλῶν</span> <span class='ocrx_word' id='word_1_535' title='bbox 2828 2335 3218 2405; x_wconf 79' lang='grc' dir='ltr'><strong>εὐχαριστηθῇ,</strong></span> <span class='ocrx_word' id='word_1_536' title='bbox 3268 2354 3286 2387; x_wconf 81' lang='grc' dir='ltr'><strong>ι</strong></span> <span class='ocrx_word' id='word_1_537' title='bbox 3317 2337 3554 2406; x_wconf 75' lang='grc' dir='ltr'><strong>πρότερον</strong></span> <span class='ocrx_word' id='word_1_538' title='bbox 3596 2337 3654 2387; x_wconf 80' lang='grc' dir='ltr'><strong>εί-</strong></span> 
     </span>
    </p>
   </div>
   <div class='ocr_carea' id='block_1_69' title="bbox 2156 2425 3654 2498">
    <p class='ocr_par' dir='ltr' id='par_1_69' title="bbox 2156 2425 3654 2498">
     <span class='ocr_line' id='line_1_69' title="bbox 2156 2425 3654 2498; baseline 0.001 -20"><span class='ocrx_word' id='word_1_539' title='bbox 2156 2425 2292 2494; x_wconf 76' lang='grc' dir='ltr'>πὼν,</span> <span class='ocrx_word' id='word_1_540' title='bbox 2332 2445 2350 2478; x_wconf 88' lang='grc' dir='ltr'><strong>ι</strong></span> <span class='ocrx_word' id='word_1_541' title='bbox 2389 2426 2482 2479; x_wconf 83' lang='grc' dir='ltr'><strong>Ἐκ</strong></span> <span class='ocrx_word' id='word_1_542' title='bbox 2521 2426 2726 2480; x_wconf 82' lang='grc' dir='ltr'>πολλῶν</span> <span class='ocrx_word' id='word_1_543' title='bbox 2765 2427 3090 2498; x_wconf 81' lang='grc' dir='ltr'>προσώπων.</span> <span class='ocrx_word' id='word_1_544' title='bbox 3112 2446 3132 2480; x_wconf 73' lang='grc' dir='ltr'><strong>ι</strong></span> <span class='ocrx_word' id='word_1_545' title='bbox 3161 2427 3230 2481; x_wconf 80' lang='grc' dir='ltr'><strong>Τί</strong></span> <span class='ocrx_word' id='word_1_546' title='bbox 3259 2426 3323 2498; x_wconf 84' lang='grc' dir='ltr'>δή</span> <span class='ocrx_word' id='word_1_547' title='bbox 3368 2443 3504 2493; x_wconf 84' lang='grc' dir='ltr'><strong>ποτε,</strong></span> <span class='ocrx_word' id='word_1_548' title='bbox 3537 2425 3654 2496; x_wconf 79' lang='grc' dir='ltr'><strong>ῆδῆ-</strong></span> 
     </span>
    </p>
   </div>
   <div class='ocr_carea' id='block_1_70' title="bbox 2153 2516 3656 2589">
    <p class='ocr_par' dir='ltr' id='par_1_70' title="bbox 2153 2516 3656 2589">
     <span class='ocr_line' id='line_1_70' title="bbox 2153 2516 3656 2589; baseline 0.001 -20"><span class='ocrx_word' id='word_1_549' title='bbox 2153 2517 2267 2579; x_wconf 90' lang='grc' dir='ltr'>λον,</span> <span class='ocrx_word' id='word_1_550' title='bbox 2299 2516 2474 2586; x_wconf 79' lang='grc' dir='ltr'><strong>ὅτιτῷ</strong></span> <span class='ocrx_word' id='word_1_551' title='bbox 2508 2517 2626 2587; x_wconf 83' lang='grc' dir='ltr'><strong>μὲν,</strong></span> <span class='ocrx_word' id='word_1_552' title='bbox 2673 2537 2692 2569; x_wconf 82' lang='grc' dir='ltr'><strong>ι</strong></span> <span class='ocrx_word' id='word_1_553' title='bbox 2728 2517 2822 2570; x_wconf 81' lang='grc' dir='ltr'><strong>Ἐκ</strong></span> <span class='ocrx_word' id='word_1_554' title='bbox 2858 2518 3068 2570; x_wconf 83' lang='grc' dir='ltr'>πολλῶν</span> <span class='ocrx_word' id='word_1_555' title='bbox 3109 2518 3569 2589; x_wconf 70' lang='grc' dir='ltr'><strong>προσῶταυν,ιτὴν</strong></span> <span class='ocrx_word' id='word_1_556' title='bbox 3592 2518 3656 2571; x_wconf 83' lang='grc' dir='ltr'><strong>εὐ-</strong></span> 
     </span>
    </p>
   </div>
   <div class='ocr_carea' id='block_1_71' title="bbox 2154 2609 3654 2681">
    <p class='ocr_par' dir='ltr' id='par_1_71' title="bbox 2154 2609 3654 2681">
     <span class='ocr_line' id='line_1_71' title="bbox 2154 2609 3654 2681; baseline -0.002 -17"><span class='ocrx_word' id='word_1_557' title='bbox 2154 2612 2431 2681; x_wconf 81' lang='grc' dir='ltr'><strong>χαριστεῖν</strong></span> <span class='ocrx_word' id='word_1_558' title='bbox 2455 2609 2768 2678; x_wconf 78' lang='grc' dir='ltr'><strong>ὀφείλοντας</strong></span> <span class='ocrx_word' id='word_1_559' title='bbox 2801 2609 2974 2680; x_wconf 87' lang='grc' dir='ltr'>δηλῶν</span> <span class='ocrx_word' id='word_1_560' title='bbox 2999 2627 3013 2642; x_wconf 92' lang='grc'><strong>·</strong></span> <span class='ocrx_word' id='word_1_561' title='bbox 3039 2609 3118 2679; x_wconf 83' lang='grc' dir='ltr'><strong>τῷ</strong></span> <span class='ocrx_word' id='word_1_562' title='bbox 3137 2611 3193 2663; x_wconf 76' lang='grc' dir='ltr'>δὲ</span> <span class='ocrx_word' id='word_1_563' title='bbox 3216 2611 3308 2664; x_wconf 71' lang='grc' dir='ltr'>διὰ</span> <span class='ocrx_word' id='word_1_564' title='bbox 3339 2610 3545 2672; x_wconf 87' lang='grc' dir='ltr'>πολλῶν,</span> <span class='ocrx_word' id='word_1_565' title='bbox 3563 2611 3654 2670; x_wconf 57' lang='lat' dir='ltr'><strong>tot);</strong></span> 
     </span>
    </p>
   </div>
   <div class='ocr_carea' id='block_1_72' title="bbox 2152 2695 3653 2769">
    <p class='ocr_par' dir='ltr' id='par_1_72' title="bbox 2152 2695 3653 2769">
     <span class='ocr_line' id='line_1_72' title="bbox 2152 2695 3653 2769; baseline -0.003 -19"><span class='ocrx_word' id='word_1_566' title='bbox 2152 2699 2386 2768; x_wconf 86' lang='grc' dir='ltr'><strong>τρόπους</strong></span> <span class='ocrx_word' id='word_1_567' title='bbox 2416 2695 2536 2751; x_wconf 82' lang='grc' dir='ltr'><strong>καθ’</strong></span> <span class='ocrx_word' id='word_1_568' title='bbox 2571 2695 2663 2760; x_wconf 79' lang='grc' dir='ltr'>οὓς</span> <span class='ocrx_word' id='word_1_569' title='bbox 2691 2696 2771 2750; x_wconf 83' lang='grc' dir='ltr'>δεῖ</span> <span class='ocrx_word' id='word_1_570' title='bbox 2806 2698 3168 2769; x_wconf 81' lang='grc' dir='ltr'><strong>εὐχαριστεῖν.</strong></span> <span class='ocrx_word' id='word_1_571' title='bbox 3206 2699 3282 2751; x_wconf 82' lang='grc' dir='ltr'><strong>οὐ</strong></span> <span class='ocrx_word' id='word_1_572' title='bbox 3325 2699 3428 2768; x_wconf 71' lang='grc' dir='ltr'>γὰρ</span> <span class='ocrx_word' id='word_1_573' title='bbox 3461 2699 3653 2767; x_wconf 78' lang='grc' dir='ltr'><strong>ἀρκεῖται</strong></span> 
     </span>
    </p>
   </div>
   <div class='ocr_carea' id='block_1_73' title="bbox 2151 2787 3655 2860">
    <p class='ocr_par' dir='ltr' id='par_1_73' title="bbox 2151 2787 3655 2860">
     <span class='ocr_line' id='line_1_73' title="bbox 2151 2787 3655 2860; baseline -0.003 -18"><span class='ocrx_word' id='word_1_574' title='bbox 2151 2788 2219 2842; x_wconf 88' lang='grc' dir='ltr'><strong>δι’</strong></span> <span class='ocrx_word' id='word_1_575' title='bbox 2239 2789 2356 2851; x_wconf 82' lang='grc' dir='ltr'><strong>ὲνδς</strong></span> <span class='ocrx_word' id='word_1_576' title='bbox 2386 2791 2584 2852; x_wconf 71' lang='grc' dir='ltr'><strong>αὐτοὺς</strong></span> <span class='ocrx_word' id='word_1_577' title='bbox 2608 2788 2811 2860; x_wconf 86' lang='grc' dir='ltr'>τρόπου</span> <span class='ocrx_word' id='word_1_578' title='bbox 2830 2790 3244 2859; x_wconf 81' lang='grc' dir='ltr'><strong>εὐχαριστῆσαι.</strong></span> <span class='ocrx_word' id='word_1_579' title='bbox 3263 2789 3395 2852; x_wconf 72' lang='grc' dir='ltr'>ἀλλὰ</span> <span class='ocrx_word' id='word_1_580' title='bbox 3420 2789 3499 2841; x_wconf 69' lang='grc' dir='ltr'><strong>διὰ</strong></span> <span class='ocrx_word' id='word_1_581' title='bbox 3523 2787 3655 2840; x_wconf 69' lang='grc' dir='ltr'>πλειό-</span> 
     </span>
    </p>
   </div>
   <div class='ocr_carea' id='block_1_74' title="bbox 2153 2875 3656 2950">
    <p class='ocr_par' dir='ltr' id='par_1_74' title="bbox 2153 2875 3656 2950">
     <span class='ocr_line' id='line_1_74' title="bbox 2153 2875 3656 2950; baseline -0.003 -16"><span class='ocrx_word' id='word_1_582' title='bbox 2153 2897 2279 2942; x_wconf 87' lang='grc' dir='ltr'>νων,</span> <span class='ocrx_word' id='word_1_583' title='bbox 2314 2879 2488 2943; x_wconf 81' lang='grc' dir='ltr'><strong>οὐτως</strong></span> <span class='ocrx_word' id='word_1_584' title='bbox 2513 2880 2664 2933; x_wconf 75' lang='grc' dir='ltr'><strong>ἐστὶν</strong></span> <span class='ocrx_word' id='word_1_585' title='bbox 2719 2879 3042 2950; x_wconf 82' lang='grc' dir='ltr'>εὐγνώμων,</span> <span class='ocrx_word' id='word_1_586' title='bbox 3074 2880 3168 2935; x_wconf 71' lang='grc' dir='ltr'><strong>καὶ</strong></span> <span class='ocrx_word' id='word_1_587' title='bbox 3223 2879 3392 2944; x_wconf 79' lang='grc' dir='ltr'><strong>οὕτως</strong></span> <span class='ocrx_word' id='word_1_588' title='bbox 3431 2875 3523 2933; x_wconf 75' lang='grc' dir='ltr'><strong>οἶδε</strong></span> <span class='ocrx_word' id='word_1_589' title='bbox 3551 2879 3656 2947; x_wconf 69' lang='grc' dir='ltr'><strong>μέγα</strong></span> 
     </span>
    </p>
   </div>
   <div class='ocr_carea' id='block_1_75' title="bbox 2153 2971 3654 3043">
    <p class='ocr_par' dir='ltr' id='par_1_75' title="bbox 2153 2971 3654 3043">
     <span class='ocr_line' id='line_1_75' title="bbox 2153 2971 3654 3043; baseline -0.003 -17"><span class='ocrx_word' id='word_1_590' title='bbox 2153 2974 2498 3043; x_wconf 69' lang='grc' dir='ltr'><strong>εὐεργέτημα</strong></span> <span class='ocrx_word' id='word_1_591' title='bbox 2535 2973 2596 3027; x_wconf 78' lang='grc' dir='ltr'><strong>τὸ</strong></span> <span class='ocrx_word' id='word_1_592' title='bbox 2635 2975 2716 3037; x_wconf 85' lang='grc' dir='ltr'><strong>είς</strong></span> <span class='ocrx_word' id='word_1_593' title='bbox 2769 2973 2930 3027; x_wconf 75' lang='grc' dir='ltr'><strong>αὐτὸν</strong></span> <span class='ocrx_word' id='word_1_594' title='bbox 2979 2974 3370 3043; x_wconf 81' lang='grc' dir='ltr'>γεγενημένον,</span> <span class='ocrx_word' id='word_1_595' title='bbox 3416 2971 3654 3043; x_wconf 69' lang='grc' dir='ltr'>μᾶλλονδὲ</span> 
     </span>
    </p>
   </div>
   <div class='ocr_carea' id='block_1_76' title="bbox 2151 3063 3655 3134">
    <p class='ocr_par' dir='ltr' id='par_1_76' title="bbox 2151 3063 3655 3134">
     <span class='ocr_line' id='line_1_76' title="bbox 2151 3063 3655 3134; baseline -0.01 -5"><span class='ocrx_word' id='word_1_596' title='bbox 2151 3063 2225 3128; x_wconf 82' lang='grc' dir='ltr'><strong>ὡς</strong></span> <span class='ocrx_word' id='word_1_597' title='bbox 2252 3067 2457 3127; x_wconf 75' lang='grc' dir='ltr'>ἐκεῖνος</span> <span class='ocrx_word' id='word_1_598' title='bbox 2505 3065 2659 3134; x_wconf 70' lang='grc' dir='ltr'><strong>φησὶ,</strong></span> <span class='ocrx_word' id='word_1_599' title='bbox 2710 3065 2992 3134; x_wconf 77' lang='grc' dir='ltr'><strong>χάρισμα.</strong></span> <span class='ocrx_word' id='word_1_600' title='bbox 3032 3067 3152 3120; x_wconf 83' lang='grc' dir='ltr'><strong>Ὀτι</strong></span> <span class='ocrx_word' id='word_1_601' title='bbox 3203 3065 3326 3119; x_wconf 73' lang='grc' dir='ltr'><strong>οὐδὲ</strong></span> <span class='ocrx_word' id='word_1_602' title='bbox 3358 3064 3524 3118; x_wconf 79' lang='grc' dir='ltr'><strong>ἑαυτὸν</strong></span> <span class='ocrx_word' id='word_1_603' title='bbox 3540 3063 3655 3129; x_wconf 55' lang='lat' dir='ltr'><strong>iga;-</strong></span> 
     </span>
    </p>
   </div>
   <div class='ocr_carea' id='block_1_77' title="bbox 2153 3153 3654 3226">
    <p class='ocr_par' dir='ltr' id='par_1_77' title="bbox 2153 3153 3654 3226">
     <span class='ocr_line' id='line_1_77' title="bbox 2153 3153 3654 3226; baseline -0.003 -18"><span class='ocrx_word' id='word_1_604' title='bbox 2153 3159 2268 3208; x_wconf 83' lang='grc' dir='ltr'><strong>κεῖν</strong></span> <span class='ocrx_word' id='word_1_605' title='bbox 2300 3157 2378 3218; x_wconf 91' lang='grc' dir='ltr'><strong>εἰς</strong></span> <span class='ocrx_word' id='word_1_606' title='bbox 2409 3155 2759 3226; x_wconf 78' lang='grc' dir='ltr'><strong>εὐχαριστίαν</strong></span> <span class='ocrx_word' id='word_1_607' title='bbox 2788 3155 3020 3225; x_wconf 76' lang='grc' dir='ltr'><strong>νομίζει,</strong></span> <span class='ocrx_word' id='word_1_608' title='bbox 3047 3155 3162 3209; x_wconf 78' lang='grc' dir='ltr'>ἀλλ’</span> <span class='ocrx_word' id='word_1_609' title='bbox 3197 3155 3321 3209; x_wconf 78' lang='grc' dir='ltr'><strong>οὐδὲ</strong></span> <span class='ocrx_word' id='word_1_610' title='bbox 3350 3157 3464 3218; x_wconf 82' lang='grc' dir='ltr'><strong>τούς</strong></span> <span class='ocrx_word' id='word_1_611' title='bbox 3483 3153 3654 3214; x_wconf 85' lang='grc' dir='ltr'>πολλούς</span> 
     </span>
    </p>
   </div>
   <div class='ocr_carea' id='block_1_78' title="bbox 2152 3243 3655 3319">
    <p class='ocr_par' dir='ltr' id='par_1_78' title="bbox 2152 3243 3655 3319">
     <span class='ocr_line' id='line_1_78' title="bbox 2152 3243 3655 3319; baseline -0.005 -19"><span class='ocrx_word' id='word_1_612' title='bbox 2152 3249 2248 3302; x_wconf 83' lang='grc' dir='ltr'><strong>σύν</strong></span> <span class='ocrx_word' id='word_1_613' title='bbox 2277 3247 2444 3317; x_wconf 81' lang='grc' dir='ltr'><strong>αὐτῷ,</strong></span> <span class='ocrx_word' id='word_1_614' title='bbox 2473 3251 2520 3300; x_wconf 88' lang='grc' dir='ltr'><strong>εἰ</strong></span> <span class='ocrx_word' id='word_1_615' title='bbox 2549 3247 2624 3318; x_wconf 72' lang='grc' dir='ltr'><strong>μὴ</strong></span> <span class='ocrx_word' id='word_1_616' title='bbox 2650 3249 2744 3300; x_wconf 76' lang='grc' dir='ltr'><strong>καὶ</strong></span> <span class='ocrx_word' id='word_1_617' title='bbox 2765 3247 2854 3300; x_wconf 75' lang='grc' dir='ltr'><strong>διὰ</strong></span> <span class='ocrx_word' id='word_1_618' title='bbox 2882 3247 3091 3300; x_wconf 87' lang='grc' dir='ltr'>πολλῶν</span> <span class='ocrx_word' id='word_1_619' title='bbox 3124 3247 3539 3319; x_wconf 73' lang='grc' dir='ltr'><strong>εὐχαριστὴσωσι</strong></span> <span class='ocrx_word' id='word_1_620' title='bbox 3565 3243 3655 3311; x_wconf 69' lang='grc' dir='ltr'><strong>τρὸ-</strong></span> 
     </span>
    </p>
   </div>
   <div class='ocr_carea' id='block_1_79' title="bbox 2151 3335 3648 3410">
    <p class='ocr_par' dir='ltr' id='par_1_79' title="bbox 2151 3335 3648 3410">
     <span class='ocr_line' id='line_1_79' title="bbox 2151 3335 3648 3410; baseline 0.003 -18"><span class='ocrx_word' id='word_1_621' title='bbox 2151 3357 2287 3402; x_wconf 88' lang='grc' dir='ltr'><strong>πων,</strong></span> <span class='ocrx_word' id='word_1_622' title='bbox 2321 3335 2462 3402; x_wconf 78' lang='grc' dir='ltr'><strong>εἶτα,</strong></span> <span class='ocrx_word' id='word_1_623' title='bbox 2519 3357 2539 3391; x_wconf 76' lang='grc' dir='ltr'><strong>ι</strong></span> <span class='ocrx_word' id='word_1_624' title='bbox 2579 3339 2720 3410; x_wconf 83' lang='grc' dir='ltr'>ὑπὲρ</span> <span class='ocrx_word' id='word_1_625' title='bbox 2762 3339 2936 3407; x_wconf 89' lang='grc' dir='ltr'><strong>ὐμῶν,</strong></span> <span class='ocrx_word' id='word_1_626' title='bbox 2966 3359 2984 3391; x_wconf 79' lang='grc' dir='ltr'><strong>ι</strong></span> <span class='ocrx_word' id='word_1_627' title='bbox 3023 3338 3210 3408; x_wconf 85' lang='grc' dir='ltr'><strong>φησίν.</strong></span> <span class='ocrx_word' id='word_1_628' title='bbox 3244 3339 3436 3391; x_wconf 80' lang='grc' dir='ltr'><strong>-Καὶ</strong></span> <span class='ocrx_word' id='word_1_629' title='bbox 3478 3336 3648 3396; x_wconf 69' lang='grc' dir='ltr'>ἄλλως.</span> 
     </span>
    </p>
   </div>
   <div class='ocr_carea' id='block_1_80' title="bbox 2151 3425 3652 3502">
    <p class='ocr_par' dir='ltr' id='par_1_80' title="bbox 2151 3425 3652 3502">
     <span class='ocr_line' id='line_1_80' title="bbox 2151 3425 3652 3502; baseline -0.004 -22"><span class='ocrx_word' id='word_1_630' title='bbox 2151 3428 2349 3502; x_wconf 81' lang='grc' dir='ltr'><strong>[ΦΩΤ.]</strong></span> <span class='ocrx_word' id='word_1_631' title='bbox 2369 3428 2652 3489; x_wconf 81' lang='grc' dir='ltr'><strong>Τουτὲστι,</strong></span> <span class='ocrx_word' id='word_1_632' title='bbox 2684 3428 2825 3498; x_wconf 83' lang='grc' dir='ltr'><strong>Τίδή</strong></span> <span class='ocrx_word' id='word_1_633' title='bbox 2846 3445 2972 3481; x_wconf 79' lang='grc' dir='ltr'>ποτε</span> <span class='ocrx_word' id='word_1_634' title='bbox 3002 3428 3505 3498; x_wconf 70' lang='grc' dir='ltr'>συνυπουργήσομὲν</span> <span class='ocrx_word' id='word_1_635' title='bbox 3526 3441 3587 3476; x_wconf 84' lang='grc' dir='ltr'>σοι</span> <span class='ocrx_word' id='word_1_636' title='bbox 3607 3425 3652 3489; x_wconf 77' lang='grc' dir='ltr'><strong>τῇ</strong></span> 
     </span>
    </p>
   </div>
   <div class='ocr_carea' id='block_1_81' title="bbox 2148 3514 3652 3592">
    <p class='ocr_par' dir='ltr' id='par_1_81' title="bbox 2148 3514 3652 3592">
     <span class='ocr_line' id='line_1_81' title="bbox 2148 3514 3652 3592; baseline -0.008 -17"><span class='ocrx_word' id='word_1_637' title='bbox 2148 3523 2328 3592; x_wconf 85' lang='grc' dir='ltr'><strong>δεήσει</strong></span> <span class='ocrx_word' id='word_1_638' title='bbox 2353 3537 2368 3587; x_wconf 87' lang='grc'><strong>;</strong></span> <span class='ocrx_word' id='word_1_639' title='bbox 2402 3522 2454 3575; x_wconf 90' lang='grc' dir='ltr'><strong>τί</strong></span> <span class='ocrx_word' id='word_1_640' title='bbox 2472 3522 2534 3592; x_wconf 84' lang='grc' dir='ltr'>δή</span> <span class='ocrx_word' id='word_1_641' title='bbox 2554 3538 2682 3574; x_wconf 86' lang='grc' dir='ltr'><strong>ποτε</strong></span> <span class='ocrx_word' id='word_1_642' title='bbox 2707 3521 3176 3590; x_wconf 87' lang='grc' dir='ltr'><strong>εὐχαριστήσομεν</strong></span> <span class='ocrx_word' id='word_1_643' title='bbox 3201 3537 3216 3586; x_wconf 86' lang='lat'><strong>;</strong></span> <span class='ocrx_word' id='word_1_644' title='bbox 3236 3519 3360 3572; x_wconf 87' lang='grc' dir='ltr'><strong>Ὅτι</strong></span> <span class='ocrx_word' id='word_1_645' title='bbox 3378 3519 3434 3569; x_wconf 74' lang='grc' dir='ltr'><strong>τδ</strong></span> <span class='ocrx_word' id='word_1_646' title='bbox 3451 3514 3652 3587; x_wconf 74' lang='grc' dir='ltr'>ρυσθῆναί</span> 
     </span>
    </p>
   </div>
   <div class='ocr_carea' id='block_1_82' title="bbox 2150 3605 3653 3686">
    <p class='ocr_par' dir='ltr' id='par_1_82' title="bbox 2150 3605 3653 3686">
     <span class='ocr_line' id='line_1_82' title="bbox 2150 3605 3653 3686; baseline 0.003 -18"><span class='ocrx_word' id='word_1_647' title='bbox 2150 3633 2216 3686; x_wconf 80' lang='grc' dir='ltr'><strong>με</strong></span> <span class='ocrx_word' id='word_1_648' title='bbox 2249 3615 2341 3668; x_wconf 78' lang='grc' dir='ltr'><strong>καὶ</strong></span> <span class='ocrx_word' id='word_1_649' title='bbox 2382 3614 2462 3667; x_wconf 76' lang='grc' dir='ltr'><strong>ἔτι</strong></span> <span class='ocrx_word' id='word_1_650' title='bbox 2494 3613 2719 3684; x_wconf 76' lang='grc' dir='ltr'><strong>ρὐσθαί</strong></span> <span class='ocrx_word' id='word_1_651' title='bbox 2778 3631 2874 3684; x_wconf 81' lang='grc' dir='ltr'><strong>με,</strong></span> <span class='ocrx_word' id='word_1_652' title='bbox 2909 3615 3093 3680; x_wconf 69' lang='grc' dir='ltr'><strong>φησὶν,</strong></span> <span class='ocrx_word' id='word_1_653' title='bbox 3132 3613 3237 3665; x_wconf 78' lang='grc' dir='ltr'><strong>οὐκ</strong></span> <span class='ocrx_word' id='word_1_654' title='bbox 3279 3611 3392 3665; x_wconf 77' lang='grc' dir='ltr'><strong>ἔστι</strong></span> <span class='ocrx_word' id='word_1_655' title='bbox 3421 3613 3553 3680; x_wconf 80' lang='grc' dir='ltr'>μόνον</span> <span class='ocrx_word' id='word_1_656' title='bbox 3579 3605 3653 3675; x_wconf 65' lang='grc' dir='ltr'><strong>ἐμὴ</strong></span> 
     </span>
    </p>
   </div>
   <div class='ocr_carea' id='block_1_83' title="bbox 2147 3701 3656 3778">
    <p class='ocr_par' dir='ltr' id='par_1_83' title="bbox 2147 3701 3656 3778">
     <span class='ocr_line' id='line_1_83' title="bbox 2147 3701 3656 3778; baseline -0.009 -16"><span class='ocrx_word' id='word_1_657' title='bbox 2147 3708 2369 3778; x_wconf 84' lang='grc' dir='ltr'>βοήθεια</span> <span class='ocrx_word' id='word_1_658' title='bbox 2397 3709 2490 3760; x_wconf 80' lang='grc' dir='ltr'><strong>καί</strong></span> <span class='ocrx_word' id='word_1_659' title='bbox 2520 3707 2891 3776; x_wconf 69' lang='grc' dir='ltr'><strong>παράκλησις.</strong></span> <span class='ocrx_word' id='word_1_660' title='bbox 2937 3704 3053 3759; x_wconf 79' lang='grc' dir='ltr'>ἀλλ’</span> <span class='ocrx_word' id='word_1_661' title='bbox 3084 3705 3244 3758; x_wconf 71' lang='grc' dir='ltr'><strong>οὐδὲν</strong></span> <span class='ocrx_word' id='word_1_662' title='bbox 3282 3701 3433 3776; x_wconf 77' lang='grc' dir='ltr'><strong>ἦττον</strong></span> <span class='ocrx_word' id='word_1_663' title='bbox 3462 3703 3541 3755; x_wconf 75' lang='grc' dir='ltr'><strong>καὶ</strong></span> <span class='ocrx_word' id='word_1_664' title='bbox 3560 3701 3656 3767; x_wconf 67' lang='lat' dir='ltr'><strong>tipa-</strong></span> 
     </span>
    </p>
   </div>
   <div class='ocr_carea' id='block_1_84' title="bbox 2143 3789 3654 3867">
    <p class='ocr_par' dir='ltr' id='par_1_84' title="bbox 2143 3789 3654 3867">
     <span class='ocr_line' id='line_1_84' title="bbox 2143 3789 3654 3867; baseline -0.007 -16"><span class='ocrx_word' id='word_1_665' title='bbox 2143 3799 2295 3867; x_wconf 86' lang='grc' dir='ltr'><strong>τέρα.</strong></span> <span class='ocrx_word' id='word_1_666' title='bbox 2327 3799 2822 3867; x_wconf 77' lang='grc' dir='ltr'>Συυυπουργήσατε</span> <span class='ocrx_word' id='word_1_667' title='bbox 2853 3799 3031 3849; x_wconf 78' lang='grc' dir='ltr'><strong>τοένυν</strong></span> <span class='ocrx_word' id='word_1_668' title='bbox 3063 3799 3126 3866; x_wconf 79' lang='grc' dir='ltr'><strong>τῇ</strong></span> <span class='ocrx_word' id='word_1_669' title='bbox 3158 3795 3370 3865; x_wconf 79' lang='grc' dir='ltr'><strong>δεήσει,</strong></span> <span class='ocrx_word' id='word_1_670' title='bbox 3399 3789 3654 3863; x_wconf 72' lang='grc' dir='ltr'><strong>εὐχαριστή-</strong></span> 
     </span>
    </p>
   </div>
   <div class='ocr_carea' id='block_1_85' title="bbox 2145 3881 3653 3961">
    <p class='ocr_par' dir='ltr' id='par_1_85' title="bbox 2145 3881 3653 3961">
     <span class='ocr_line' id='line_1_85' title="bbox 2145 3881 3653 3961; baseline -0.004 -17"><span class='ocrx_word' id='word_1_671' title='bbox 2145 3909 2298 3952; x_wconf 83' lang='grc' dir='ltr'><strong>σατε,</strong></span> <span class='ocrx_word' id='word_1_672' title='bbox 2325 3891 2399 3954; x_wconf 80' lang='grc' dir='ltr'><strong>ὡς</strong></span> <span class='ocrx_word' id='word_1_673' title='bbox 2428 3891 2568 3961; x_wconf 80' lang='grc' dir='ltr'>ὑπὲρ</span> <span class='ocrx_word' id='word_1_674' title='bbox 2603 3889 2758 3960; x_wconf 85' lang='grc' dir='ltr'><strong>ὐμῶν</strong></span> <span class='ocrx_word' id='word_1_675' title='bbox 2791 3888 2965 3942; x_wconf 80' lang='grc' dir='ltr'><strong>ταῦτα</strong></span> <span class='ocrx_word' id='word_1_676' title='bbox 3005 3887 3306 3951; x_wconf 78' lang='grc' dir='ltr'><strong>ποιοῦντες.</strong></span> <span class='ocrx_word' id='word_1_677' title='bbox 3368 3887 3424 3940; x_wconf 80' lang='grc' dir='ltr'><strong><em>Ἡ</em></strong></span> <span class='ocrx_word' id='word_1_678' title='bbox 3447 3888 3537 3955; x_wconf 73' lang='grc' dir='ltr'><strong>γὰρ</strong></span> <span class='ocrx_word' id='word_1_679' title='bbox 3577 3881 3653 3949; x_wconf 77' lang='grc' dir='ltr'><strong>ἐμὴ</strong></span> 
     </span>
    </p>
   </div>
   <div class='ocr_carea' id='block_1_86' title="bbox 2143 3975 3654 4053">
    <p class='ocr_par' dir='ltr' id='par_1_86' title="bbox 2143 3975 3654 4053">
     <span class='ocr_line' id='line_1_86' title="bbox 2143 3975 3654 4053; baseline -0.007 -19"><span class='ocrx_word' id='word_1_680' title='bbox 2143 3984 2491 4053; x_wconf 75' lang='grc' dir='ltr'><strong>παράκλησις</strong></span> <span class='ocrx_word' id='word_1_681' title='bbox 2523 3983 2618 4034; x_wconf 76' lang='grc' dir='ltr'><strong>καὶ</strong></span> <span class='ocrx_word' id='word_1_682' title='bbox 2661 3981 2924 4051; x_wconf 83' lang='grc' dir='ltr'><strong>σωτηρία,</strong></span> <span class='ocrx_word' id='word_1_683' title='bbox 2984 3981 3225 4051; x_wconf 85' lang='grc' dir='ltr'><strong>ὐμετέρα</strong></span> <span class='ocrx_word' id='word_1_684' title='bbox 3264 3980 3396 4034; x_wconf 81' lang='grc' dir='ltr'><strong>ἐστί.</strong></span> <span class='ocrx_word' id='word_1_685' title='bbox 3429 3975 3654 4032; x_wconf 74' lang='grc' dir='ltr'><strong>Καὶτοὶτο</strong></span> 
     </span>
    </p>
   </div>
   <div class='ocr_carea' id='block_1_87' title="bbox 2139 4070 3655 4142">
    <p class='ocr_par' dir='ltr' id='par_1_87' title="bbox 2139 4070 3655 4142">
     <span class='ocr_line' id='line_1_87' title="bbox 2139 4070 3655 4142; baseline -0.006 -17"><span class='ocrx_word' id='word_1_686' title='bbox 2139 4075 2259 4142; x_wconf 66' lang='grc' dir='ltr'><strong>οὐχὶ</strong></span> <span class='ocrx_word' id='word_1_687' title='bbox 2298 4072 2416 4135; x_wconf 80' lang='grc' dir='ltr'><strong>νῦν,</strong></span> <span class='ocrx_word' id='word_1_688' title='bbox 2469 4073 2624 4141; x_wconf 75' lang='grc' dir='ltr'><strong>φησὶ,</strong></span> <span class='ocrx_word' id='word_1_689' title='bbox 2669 4072 2817 4139; x_wconf 82' lang='grc' dir='ltr'>λέγω</span> <span class='ocrx_word' id='word_1_690' title='bbox 2873 4071 3178 4140; x_wconf 85' lang='grc' dir='ltr'>παραινῶν,</span> <span class='ocrx_word' id='word_1_691' title='bbox 3247 4071 3380 4124; x_wconf 67' lang='grc' dir='ltr'>ἀλλὰ</span> <span class='ocrx_word' id='word_1_692' title='bbox 3433 4070 3516 4122; x_wconf 78' lang='grc' dir='ltr'><strong>καὶ</strong></span> <span class='ocrx_word' id='word_1_693' title='bbox 3563 4083 3655 4118; x_wconf 75' lang='grc' dir='ltr'>καυ-</span> 
     </span>
    </p>
   </div>
   <div class='ocr_carea' id='block_1_88' title="bbox 2144 4154 3654 4236">
    <p class='ocr_par' dir='ltr' id='par_1_88' title="bbox 2144 4154 3654 4236">
     <span class='ocr_line' id='line_1_88' title="bbox 2144 4154 3654 4236; baseline -0.002 -21"><span class='ocrx_word' id='word_1_694' title='bbox 2144 4166 2326 4236; x_wconf 85' lang='grc' dir='ltr'><strong>χῶμαι</strong></span> <span class='ocrx_word' id='word_1_695' title='bbox 2349 4164 2435 4217; x_wconf 75' lang='grc' dir='ltr'><strong>ἀεὶ</strong></span> <span class='ocrx_word' id='word_1_696' title='bbox 2474 4165 2530 4216; x_wconf 77' lang='grc' dir='ltr'>ὲν</span> <span class='ocrx_word' id='word_1_697' title='bbox 2553 4163 2748 4232; x_wconf 78' lang='grc' dir='ltr'><strong>τούτῳ,</strong></span> <span class='ocrx_word' id='word_1_698' title='bbox 2775 4163 2855 4215; x_wconf 81' lang='grc' dir='ltr'><strong>ὅτι</strong></span> <span class='ocrx_word' id='word_1_699' title='bbox 2882 4161 3058 4225; x_wconf 82' lang='grc' dir='ltr'><strong>οὓτως</strong></span> <span class='ocrx_word' id='word_1_700' title='bbox 3096 4162 3373 4215; x_wconf 77' lang='grc' dir='ltr'><strong>διάκεισθε</strong></span> <span class='ocrx_word' id='word_1_701' title='bbox 3401 4162 3536 4230; x_wconf 82' lang='grc' dir='ltr'><strong>ὑμεῖς</strong></span> <span class='ocrx_word' id='word_1_702' title='bbox 3560 4154 3654 4226; x_wconf 58' lang='grc' dir='ltr'>πρὸς</span> 
     </span>
    </p>
   </div>
   <div class='ocr_carea' id='block_1_89' title="bbox 2144 4248 3654 4326">
    <p class='ocr_par' dir='ltr' id='par_1_89' title="bbox 2144 4248 3654 4326">
     <span class='ocr_line' id='line_1_89' title="bbox 2144 4248 3654 4326; baseline -0.005 -19"><span class='ocrx_word' id='word_1_703' title='bbox 2144 4256 2264 4326; x_wconf 73' lang='grc' dir='ltr'><strong>ἐμὲ,</strong></span> <span class='ocrx_word' id='word_1_704' title='bbox 2289 4256 2362 4318; x_wconf 85' lang='grc' dir='ltr'><strong>ὡς</strong></span> <span class='ocrx_word' id='word_1_705' title='bbox 2396 4255 2494 4324; x_wconf 82' lang='grc' dir='ltr'><strong>τὴν</strong></span> <span class='ocrx_word' id='word_1_706' title='bbox 2524 4255 2664 4324; x_wconf 77' lang='grc' dir='ltr'><strong>ἐμὴν</strong></span> <span class='ocrx_word' id='word_1_707' title='bbox 2698 4253 2974 4324; x_wconf 82' lang='grc' dir='ltr'><strong>σωτηρίαν</strong></span> <span class='ocrx_word' id='word_1_708' title='bbox 3001 4256 3092 4307; x_wconf 74' lang='grc' dir='ltr'><strong>καὶ</strong></span> <span class='ocrx_word' id='word_1_709' title='bbox 3143 4254 3479 4326; x_wconf 69' lang='grc' dir='ltr'><strong>παράκλησιν</strong></span> <span class='ocrx_word' id='word_1_710' title='bbox 3506 4248 3654 4318; x_wconf 74' lang='grc' dir='ltr'><strong>ὑμετέ-</strong></span> 
     </span>
    </p>
   </div>
   <div class='ocr_carea' id='block_1_90' title="bbox 2149 4337 3652 4418">
    <p class='ocr_par' dir='ltr' id='par_1_90' title="bbox 2149 4337 3652 4418">
     <span class='ocr_line' id='line_1_90' title="bbox 2149 4337 3652 4418; baseline -0.007 -18"><span class='ocrx_word' id='word_1_711' title='bbox 2149 4365 2247 4418; x_wconf 89' lang='grc' dir='ltr'><strong>ραν</strong></span> <span class='ocrx_word' id='word_1_712' title='bbox 2281 4345 2557 4417; x_wconf 81' lang='grc' dir='ltr'><strong>ἠγεῖσθαι.</strong></span> <span class='ocrx_word' id='word_1_713' title='bbox 2608 4346 2672 4398; x_wconf 77' lang='lat' dir='ltr'><strong>&#39;li</strong></span> <span class='ocrx_word' id='word_1_714' title='bbox 2705 4350 2814 4416; x_wconf 78' lang='grc' dir='ltr'>γὰρ</span> <span class='ocrx_word' id='word_1_715' title='bbox 2846 4345 3115 4414; x_wconf 80' lang='grc' dir='ltr'><strong>καύχησις</strong></span> <span class='ocrx_word' id='word_1_716' title='bbox 3158 4346 3336 4416; x_wconf 71' lang='grc' dir='ltr'>ἡμῶν,</span> <span class='ocrx_word' id='word_1_717' title='bbox 3369 4346 3531 4414; x_wconf 66' lang='grc' dir='ltr'><strong>φησὲν,</strong></span> <span class='ocrx_word' id='word_1_718' title='bbox 3555 4337 3652 4405; x_wconf 74' lang='grc' dir='ltr'><strong>αὐτη</strong></span> 
     </span>
    </p>
   </div>
   <div class='ocr_carea' id='block_1_91' title="bbox 2146 4433 3654 4510">
    <p class='ocr_par' dir='ltr' id='par_1_91' title="bbox 2146 4433 3654 4510">
     <span class='ocr_line' id='line_1_91' title="bbox 2146 4433 3654 4510; baseline -0.007 -17"><span class='ocrx_word' id='word_1_719' title='bbox 2146 4442 2286 4505; x_wconf 79' lang='grc' dir='ltr'><strong>ἐστὶ,</strong></span> <span class='ocrx_word' id='word_1_720' title='bbox 2319 4441 2378 4493; x_wconf 73' lang='grc' dir='ltr'><strong>τὸ</strong></span> <span class='ocrx_word' id='word_1_721' title='bbox 2408 4439 2582 4503; x_wconf 78' lang='grc' dir='ltr'><strong>οὕτως</strong></span> <span class='ocrx_word' id='word_1_722' title='bbox 2606 4439 2914 4494; x_wconf 67' lang='grc' dir='ltr'><strong>διακεῖσ¹¹αι</strong></span> <span class='ocrx_word' id='word_1_723' title='bbox 2945 4441 3088 4510; x_wconf 81' lang='grc' dir='ltr'><strong>ὑμᾶς</strong></span> <span class='ocrx_word' id='word_1_724' title='bbox 3115 4441 3252 4508; x_wconf 70' lang='grc' dir='ltr'>πρὸς</span> <span class='ocrx_word' id='word_1_725' title='bbox 3285 4439 3403 4508; x_wconf 77' lang='grc' dir='ltr'><strong>ἐμὲ,</strong></span> <span class='ocrx_word' id='word_1_726' title='bbox 3427 4439 3506 4489; x_wconf 72' lang='grc' dir='ltr'><strong>καὶ</strong></span> <span class='ocrx_word' id='word_1_727' title='bbox 3529 4433 3654 4489; x_wconf 60' lang='lat' dir='ltr'><strong>cum;</strong></span> 
     </span>
    </p>
   </div>
   <div class='ocr_carea' id='block_1_92' title="bbox 472 4524 2045 4614">
    <p class='ocr_par' dir='ltr' id='par_1_92' title="bbox 472 4533 2040 4604">
     <span class='ocr_line' id='line_1_92' title="bbox 472 4533 2040 4604; baseline 0 -14"><span class='ocrx_word' id='word_1_728' title='bbox 472 4547 578 4592; x_wconf 85' lang='lat' dir='ltr'><strong>est.</strong></span> <span class='ocrx_word' id='word_1_729' title='bbox 614 4533 801 4604; x_wconf 82' lang='lat' dir='ltr'><strong>Neque</strong></span> <span class='ocrx_word' id='word_1_730' title='bbox 832 4535 936 4590; x_wconf 91' lang='lat' dir='ltr'><strong>hoc</strong></span> <span class='ocrx_word' id='word_1_731' title='bbox 967 4549 1110 4589; x_wconf 89' lang='lat' dir='ltr'><strong>nunc</strong></span> <span class='ocrx_word' id='word_1_732' title='bbox 1142 4533 1442 4590; x_wconf 84' lang='lat' dir='ltr'><strong>admonens</strong></span> <span class='ocrx_word' id='word_1_733' title='bbox 1473 4537 1617 4599; x_wconf 81' lang='lat' dir='ltr'><strong>dico,</strong></span> <span class='ocrx_word' id='word_1_734' title='bbox 1654 4553 1850 4590; x_wconf 90' lang='lat' dir='ltr'><strong>verum</strong></span> <span class='ocrx_word' id='word_1_735' title='bbox 1875 4539 2040 4590; x_wconf 85' lang='lat' dir='ltr'><strong>etiam</strong></span> 
     </span>
    </p>
   </div>
   <div class='ocr_carea' id='block_1_93' title="bbox 2150 4524 3655 4614">
    <p class='ocr_par' dir='ltr' id='par_1_93' title="bbox 2150 4524 3655 4604">
     <span class='ocr_line' id='line_1_93' title="bbox 2150 4524 3655 4604; baseline -0.004 -17"><span class='ocrx_word' id='word_1_736' title='bbox 2150 4533 2547 4603; x_wconf 73' lang='grc' dir='ltr'>ὑπολαμϐάνειν</span> <span class='ocrx_word' id='word_1_737' title='bbox 2575 4533 2673 4599; x_wconf 78' lang='grc' dir='ltr'><strong>ἐμὲ</strong></span> <span class='ocrx_word' id='word_1_738' title='bbox 2702 4534 2826 4604; x_wconf 74' lang='grc' dir='ltr'><strong>περὶ</strong></span> <span class='ocrx_word' id='word_1_739' title='bbox 2850 4531 3022 4600; x_wconf 87' lang='grc' dir='ltr'><strong>ὐμῶν.</strong></span> <span class='ocrx_word' id='word_1_740' title='bbox 3058 4531 3154 4595; x_wconf 84' lang='grc' dir='ltr'><strong>Τίς</strong></span> <span class='ocrx_word' id='word_1_741' title='bbox 3191 4549 3251 4584; x_wconf 84' lang='grc' dir='ltr'><strong>σε</strong></span> <span class='ocrx_word' id='word_1_742' title='bbox 3304 4532 3500 4584; x_wconf 74' lang='grc' dir='ltr'><strong>ἔπεισεν</strong></span> <span class='ocrx_word' id='word_1_743' title='bbox 3530 4524 3655 4581; x_wconf 72' lang='grc' dir='ltr'><strong>οὓτως</strong></span> 
     </span>
    </p>
   </div>
   <div class='ocr_carea' id='block_1_94' title="bbox 473 4626 2039 4697">
    <p class='ocr_par' dir='ltr' id='par_1_94' title="bbox 473 4626 2039 4697">
     <span class='ocr_line' id='line_1_94' title="bbox 473 4626 2039 4697; baseline -0.001 -15"><span class='ocrx_word' id='word_1_744' title='bbox 473 4643 692 4697; x_wconf 84' lang='lat' dir='ltr'><strong>setnper</strong></span> <span class='ocrx_word' id='word_1_745' title='bbox 722 4629 776 4680; x_wconf 94' lang='lat' dir='ltr'><strong>in</strong></span> <span class='ocrx_word' id='word_1_746' title='bbox 812 4627 915 4680; x_wconf 91' lang='lat' dir='ltr'><strong>hoc</strong></span> <span class='ocrx_word' id='word_1_747' title='bbox 954 4626 1181 4695; x_wconf 90' lang='lat' dir='ltr'><strong>glorior,</strong></span> <span class='ocrx_word' id='word_1_748' title='bbox 1220 4629 1366 4694; x_wconf 91' lang='lat' dir='ltr'><strong>quod</strong></span> <span class='ocrx_word' id='word_1_749' title='bbox 1412 4628 1484 4678; x_wconf 91' lang='lat' dir='ltr'><strong>ita</strong></span> <span class='ocrx_word' id='word_1_750' title='bbox 1529 4627 1704 4682; x_wconf 79' lang='lat' dir='ltr'><strong>allecti</strong></span> <span class='ocrx_word' id='word_1_751' title='bbox 1751 4629 1876 4683; x_wconf 89' lang='lat' dir='ltr'><strong>sitis</strong></span> <span class='ocrx_word' id='word_1_752' title='bbox 1914 4645 2039 4696; x_wconf 89' lang='lat' dir='ltr'><strong>erga</strong></span> 
     </span>
    </p>
   </div>
   <div class='ocr_carea' id='block_1_95' title="bbox 478 4717 2041 4783">
    <p class='ocr_par' dir='ltr' id='par_1_95' title="bbox 478 4717 2041 4783">
     <span class='ocr_line' id='line_1_95' title="bbox 478 4717 2041 4783; baseline 0.001 -12"><span class='ocrx_word' id='word_1_753' title='bbox 478 4733 584 4783; x_wconf 89' lang='lat' dir='ltr'><strong>me,</strong></span> <span class='ocrx_word' id='word_1_754' title='bbox 613 4726 670 4773; x_wconf 91' lang='lat' dir='ltr'><strong>ut</strong></span> <span class='ocrx_word' id='word_1_755' title='bbox 712 4734 884 4772; x_wconf 90' lang='lat' dir='ltr'><strong>meam</strong></span> <span class='ocrx_word' id='word_1_756' title='bbox 933 4717 1161 4772; x_wconf 85' lang='lat' dir='ltr'><strong>salutem</strong></span> <span class='ocrx_word' id='word_1_757' title='bbox 1217 4733 1280 4772; x_wconf 90' lang='lat' dir='ltr'><strong>ac</strong></span> <span class='ocrx_word' id='word_1_758' title='bbox 1325 4720 1758 4773; x_wconf 87' lang='lat' dir='ltr'><strong>consolationem</strong></span> <span class='ocrx_word' id='word_1_759' title='bbox 1807 4730 2041 4775; x_wconf 83' lang='lat' dir='ltr'><strong>vestram</strong></span> 
     </span>
    </p>
   </div>
   <div class='ocr_carea' id='block_1_96' title="bbox 479 4812 2045 4885">
    <p class='ocr_par' dir='ltr' id='par_1_96' title="bbox 479 4812 2045 4885">
     <span class='ocr_line' id='line_1_96' title="bbox 479 4812 2045 4885; baseline 0.003 -21"><span class='ocrx_word' id='word_1_760' title='bbox 479 4813 719 4868; x_wconf 80' lang='lat' dir='ltr'><strong>duCaIis.</strong></span> <span class='ocrx_word' id='word_1_761' title='bbox 768 4812 900 4868; x_wconf 78' lang='lat' dir='ltr'><strong>Nam</strong></span> <span class='ocrx_word' id='word_1_762' title='bbox 934 4813 1187 4882; x_wconf 86' lang='lat' dir='ltr'><strong>gloriatio</strong></span> <span class='ocrx_word' id='word_1_763' title='bbox 1217 4828 1357 4874; x_wconf 88' lang='lat' dir='ltr'><strong>mea.</strong></span> <span class='ocrx_word' id='word_1_764' title='bbox 1393 4813 1593 4883; x_wconf 81' lang='lat' dir='ltr'><strong>inquit.</strong></span> <span class='ocrx_word' id='word_1_765' title='bbox 1628 4814 1740 4868; x_wconf 69' lang='lat' dir='ltr'><strong>haec</strong></span> <span class='ocrx_word' id='word_1_766' title='bbox 1769 4823 1870 4874; x_wconf 80' lang='lat' dir='ltr'><strong>est.</strong></span> <span class='ocrx_word' id='word_1_767' title='bbox 1901 4814 2045 4885; x_wconf 84' lang='lat' dir='ltr'><strong>quod</strong></span> 
     </span>
    </p>
   </div>
   <div class='ocr_carea' id='block_1_97' title="bbox 473 4906 2050 4976">
    <p class='ocr_par' dir='ltr' id='par_1_97' title="bbox 473 4906 2050 4976">
     <span class='ocr_line' id='line_1_97' title="bbox 473 4906 2050 4976; baseline 0.001 -18"><span class='ocrx_word' id='word_1_768' title='bbox 473 4920 573 4960; x_wconf 82' lang='lat' dir='ltr'><strong>vos</strong></span> <span class='ocrx_word' id='word_1_769' title='bbox 591 4906 664 4959; x_wconf 90' lang='lat' dir='ltr'><strong>ita</strong></span> <span class='ocrx_word' id='word_1_770' title='bbox 684 4906 861 4959; x_wconf 77' lang='lat' dir='ltr'><strong>allecti</strong></span> <span class='ocrx_word' id='word_1_771' title='bbox 887 4906 1010 4962; x_wconf 88' lang='lat' dir='ltr'><strong>sitis</strong></span> <span class='ocrx_word' id='word_1_772' title='bbox 1036 4921 1162 4976; x_wconf 86' lang='lat' dir='ltr'><strong>erga</strong></span> <span class='ocrx_word' id='word_1_773' title='bbox 1189 4921 1298 4969; x_wconf 85' lang='lat' dir='ltr'><strong>me,</strong></span> <span class='ocrx_word' id='word_1_774' title='bbox 1329 4917 1380 4960; x_wconf 91' lang='lat' dir='ltr'><strong>et</strong></span> <span class='ocrx_word' id='word_1_775' title='bbox 1409 4907 1483 4961; x_wconf 87' lang='lat' dir='ltr'><strong>ita</strong></span> <span class='ocrx_word' id='word_1_776' title='bbox 1517 4923 1600 4961; x_wconf 88' lang='lat' dir='ltr'><strong>me</strong></span> <span class='ocrx_word' id='word_1_777' title='bbox 1626 4922 1722 4976; x_wconf 91' lang='lat' dir='ltr'><strong>pro</strong></span> <span class='ocrx_word' id='word_1_778' title='bbox 1761 4907 1912 4960; x_wconf 83' lang='lat' dir='ltr'><strong>vobis</strong></span> <span class='ocrx_word' id='word_1_779' title='bbox 1932 4907 2050 4961; x_wconf 78' lang='lat' dir='ltr'><strong>exi-</strong></span> 
     </span>
    </p>
   </div>
   <div class='ocr_carea' id='block_1_98' title="bbox 476 4997 2045 5068">
    <p class='ocr_par' dir='ltr' id='par_1_98' title="bbox 476 4997 2045 5068">
     <span class='ocr_line' id='line_1_98' title="bbox 476 4997 2045 5068; baseline 0.001 -18"><span class='ocrx_word' id='word_1_780' title='bbox 476 4997 728 5051; x_wconf 86' lang='lat' dir='ltr'><strong>stimetis.</strong></span> <span class='ocrx_word' id='word_1_781' title='bbox 762 4997 1023 5063; x_wconf 89' lang='lat' dir='ltr'><strong>Quisnam</strong></span> <span class='ocrx_word' id='word_1_782' title='bbox 1060 4999 1158 5052; x_wconf 90' lang='lat' dir='ltr'><strong>tibi</strong></span> <span class='ocrx_word' id='word_1_783' title='bbox 1189 5013 1301 5052; x_wconf 84' lang='lat' dir='ltr'><strong>rem</strong></span> <span class='ocrx_word' id='word_1_784' title='bbox 1325 4999 1398 5051; x_wconf 89' lang='lat' dir='ltr'><strong>ita</strong></span> <span class='ocrx_word' id='word_1_785' title='bbox 1425 5014 1486 5053; x_wconf 88' lang='lat' dir='ltr'><strong>se</strong></span> <span class='ocrx_word' id='word_1_786' title='bbox 1515 4999 1715 5052; x_wconf 87' lang='lat' dir='ltr'><strong>habere</strong></span> <span class='ocrx_word' id='word_1_787' title='bbox 1747 5000 2045 5068; x_wconf 82' lang='lat' dir='ltr'><strong>persuasit,</strong></span> 
     </span>
    </p>
   </div>
   <div class='ocr_carea' id='block_1_99' title="bbox 477 5086 2045 5159">
    <p class='ocr_par' dir='ltr' id='par_1_99' title="bbox 477 5086 2045 5159">
     <span class='ocr_line' id='line_1_99' title="bbox 477 5086 2045 5159; baseline 0.001 -19"><span class='ocrx_word' id='word_1_788' title='bbox 477 5097 537 5140; x_wconf 85' lang='lat' dir='ltr'><strong>ut</strong></span> <span class='ocrx_word' id='word_1_789' title='bbox 583 5087 653 5141; x_wconf 85' lang='lat' dir='ltr'><strong>ita</strong></span> <span class='ocrx_word' id='word_1_790' title='bbox 686 5086 1023 5155; x_wconf 84' lang='lat' dir='ltr'><strong>gloriareris,</strong></span> <span class='ocrx_word' id='word_1_791' title='bbox 1064 5102 1098 5142; x_wconf 96' lang='lat' dir='ltr'><strong>o</strong></span> <span class='ocrx_word' id='word_1_792' title='bbox 1144 5088 1345 5142; x_wconf 78' lang='lat' dir='ltr'><strong>Paule?</strong></span> <span class='ocrx_word' id='word_1_793' title='bbox 1387 5088 1805 5152; x_wconf 86' lang='lat' dir='ltr'><strong>Testimonium,</strong></span> <span class='ocrx_word' id='word_1_794' title='bbox 1847 5089 2045 5159; x_wconf 87' lang='lat' dir='ltr'><strong>inquit,</strong></span> 
     </span>
    </p>
   </div>
   <div class='ocr_carea' id='block_1_100' title="bbox 476 5177 2042 5247">
    <p class='ocr_par' dir='ltr' id='par_1_100' title="bbox 476 5177 2042 5247">
     <span class='ocr_line' id='line_1_100' title="bbox 476 5177 2042 5247; baseline 0.002 -18"><span class='ocrx_word' id='word_1_795' title='bbox 476 5177 826 5232; x_wconf 62' lang='lat' dir='ltr'><strong>conscientiae</strong></span> <span class='ocrx_word' id='word_1_796' title='bbox 859 5193 1010 5238; x_wconf 70' lang='lat' dir='ltr'><strong>meae,</strong></span> <span class='ocrx_word' id='word_1_797' title='bbox 1038 5193 1101 5231; x_wconf 73' lang='lat' dir='ltr'><strong>ex</strong></span> <span class='ocrx_word' id='word_1_798' title='bbox 1138 5177 1222 5232; x_wconf 89' lang='lat' dir='ltr'><strong>bis</strong></span> <span class='ocrx_word' id='word_1_799' title='bbox 1251 5194 1371 5246; x_wconf 70' lang='lat' dir='ltr'><strong>quae</strong></span> <span class='ocrx_word' id='word_1_800' title='bbox 1405 5180 1456 5232; x_wconf 92' lang='lat' dir='ltr'><strong>in</strong></span> <span class='ocrx_word' id='word_1_801' title='bbox 1486 5195 1582 5234; x_wconf 89' lang='lat' dir='ltr'><strong>vos</strong></span> <span class='ocrx_word' id='word_1_802' title='bbox 1609 5187 1868 5247; x_wconf 83' lang='lat' dir='ltr'><strong>Operatus</strong></span> <span class='ocrx_word' id='word_1_803' title='bbox 1899 5196 2042 5246; x_wconf 90' lang='lat' dir='ltr'><strong>sum,</strong></span> 
     </span>
    </p>
   </div>
   <div class='ocr_carea' id='block_1_101' title="bbox 479 5267 2042 5337">
    <p class='ocr_par' dir='ltr' id='par_1_101' title="bbox 479 5267 2042 5337">
     <span class='ocr_line' id='line_1_101' title="bbox 479 5267 2042 5337; baseline 0.001 -15"><span class='ocrx_word' id='word_1_804' title='bbox 479 5285 542 5322; x_wconf 79' lang='lat' dir='ltr'><strong>ex</strong></span> <span class='ocrx_word' id='word_1_805' title='bbox 583 5267 841 5323; x_wconf 81' lang='lat' dir='ltr'><strong>maximis</strong></span> <span class='ocrx_word' id='word_1_806' title='bbox 892 5268 1172 5322; x_wconf 76' lang='lat' dir='ltr'><strong>beneﬂciis</strong></span> <span class='ocrx_word' id='word_1_807' title='bbox 1209 5285 1328 5337; x_wconf 71' lang='lat' dir='ltr'><strong>qua:</strong></span> <span class='ocrx_word' id='word_1_808' title='bbox 1366 5271 1480 5324; x_wconf 86' lang='lat' dir='ltr'><strong>scio</strong></span> <span class='ocrx_word' id='word_1_809' title='bbox 1513 5286 1599 5324; x_wconf 86' lang='lat' dir='ltr'><strong>me</strong></span> <span class='ocrx_word' id='word_1_810' title='bbox 1633 5275 1685 5323; x_wconf 91' lang='lat' dir='ltr'><strong>in</strong></span> <span class='ocrx_word' id='word_1_811' title='bbox 1717 5287 1814 5325; x_wconf 89' lang='lat' dir='ltr'><strong>vos</strong></span> <span class='ocrx_word' id='word_1_812' title='bbox 1845 5281 2042 5324; x_wconf 86' lang='lat' dir='ltr'><strong>contu-</strong></span> 
     </span>
    </p>
   </div>
   <div class='ocr_carea' id='block_1_102' title="bbox 483 5356 2041 5430">
    <p class='ocr_par' dir='ltr' id='par_1_102' title="bbox 483 5356 2041 5430">
     <span class='ocr_line' id='line_1_102' title="bbox 483 5356 2041 5430; baseline 0.002 -18"><span class='ocrx_word' id='word_1_813' title='bbox 483 5359 618 5420; x_wconf 83' lang='lat' dir='ltr'><strong>lisse</strong></span> <span class='ocrx_word' id='word_1_814' title='bbox 652 5374 665 5410; x_wconf 90' lang='lat'>:</span> <span class='ocrx_word' id='word_1_815' title='bbox 705 5373 770 5412; x_wconf 77' lang='lat' dir='ltr'><strong>ex</strong></span> <span class='ocrx_word' id='word_1_816' title='bbox 808 5374 872 5411; x_wconf 90' lang='lat' dir='ltr'><strong>eo</strong></span> <span class='ocrx_word' id='word_1_817' title='bbox 907 5356 1051 5426; x_wconf 81' lang='lat' dir='ltr'><strong>quod</strong></span> <span class='ocrx_word' id='word_1_818' title='bbox 1099 5358 1471 5414; x_wconf 87' lang='lat' dir='ltr'><strong>abundantius</strong></span> <span class='ocrx_word' id='word_1_819' title='bbox 1502 5365 1554 5414; x_wconf 91' lang='lat' dir='ltr'><strong>in</strong></span> <span class='ocrx_word' id='word_1_820' title='bbox 1593 5360 1747 5415; x_wconf 85' lang='lat' dir='ltr'><strong>vobis</strong></span> <span class='ocrx_word' id='word_1_821' title='bbox 1783 5376 1946 5430; x_wconf 69' lang='lat' dir='ltr'><strong>qram</strong></span> <span class='ocrx_word' id='word_1_822' title='bbox 1985 5362 2041 5416; x_wconf 93' lang='lat' dir='ltr'><strong>in</strong></span> 
     </span>
    </p>
   </div>
   <div class='ocr_carea' id='block_1_103' title="bbox 477 5451 2047 5523">
    <p class='ocr_par' dir='ltr' id='par_1_103' title="bbox 477 5451 2047 5523">
     <span class='ocr_line' id='line_1_103' title="bbox 477 5451 2047 5523; baseline 0.001 -17"><span class='ocrx_word' id='word_1_823' title='bbox 477 5453 691 5508; x_wconf 72' lang='lat' dir='ltr'><strong>caneris</strong></span> <span class='ocrx_word' id='word_1_824' title='bbox 723 5452 1020 5506; x_wconf 90' lang='lat' dir='ltr'><strong>certamina</strong></span> <span class='ocrx_word' id='word_1_825' title='bbox 1057 5451 1413 5506; x_wconf 89' lang='lat' dir='ltr'><strong>sustinuerim</strong></span> <span class='ocrx_word' id='word_1_826' title='bbox 1447 5466 1459 5501; x_wconf 95' lang='lat'>:</span> <span class='ocrx_word' id='word_1_827' title='bbox 1501 5453 1614 5508; x_wconf 68' lang='lat' dir='ltr'><strong>haec</strong></span> <span class='ocrx_word' id='word_1_828' title='bbox 1650 5454 1780 5506; x_wconf 83' lang='lat' dir='ltr'><strong>mihi</strong></span> <span class='ocrx_word' id='word_1_829' title='bbox 1820 5470 2047 5523; x_wconf 84' lang='lat' dir='ltr'><strong>persua-</strong></span> 
     </span>
    </p>
   </div>
   <div class='ocr_carea' id='block_1_104' title="bbox 479 5543 2048 5614">
    <p class='ocr_par' dir='ltr' id='par_1_104' title="bbox 479 5543 2048 5614">
     <span class='ocr_line' id='line_1_104' title="bbox 479 5543 2048 5614; baseline 0 -14"><span class='ocrx_word' id='word_1_830' title='bbox 479 5547 613 5600; x_wconf 87' lang='lat' dir='ltr'><strong>dent</strong></span> <span class='ocrx_word' id='word_1_831' title='bbox 642 5543 789 5614; x_wconf 87' lang='lat' dir='ltr'><strong>quod</strong></span> <span class='ocrx_word' id='word_1_832' title='bbox 822 5558 916 5598; x_wconf 86' lang='lat' dir='ltr'><strong>vos</strong></span> <span class='ocrx_word' id='word_1_833' title='bbox 948 5557 1166 5614; x_wconf 88' lang='lat' dir='ltr'><strong>quoque</strong></span> <span class='ocrx_word' id='word_1_834' title='bbox 1211 5559 1385 5598; x_wconf 88' lang='lat' dir='ltr'><strong>meam</strong></span> <span class='ocrx_word' id='word_1_835' title='bbox 1425 5545 1652 5598; x_wconf 85' lang='lat' dir='ltr'><strong>salutem</strong></span> <span class='ocrx_word' id='word_1_836' title='bbox 1691 5560 1756 5600; x_wconf 88' lang='lat' dir='ltr'><strong>ac</strong></span> <span class='ocrx_word' id='word_1_837' title='bbox 1793 5548 2048 5600; x_wconf 87' lang='lat' dir='ltr'><strong>consola-</strong></span> 
     </span>
    </p>
   </div>
   <div class='ocr_carea' id='block_1_105' title="bbox 483 5633 2044 5705">
    <p class='ocr_par' dir='ltr' id='par_1_105' title="bbox 483 5633 2044 5705">
     <span class='ocr_line' id='line_1_105' title="bbox 483 5633 2044 5705; baseline 0.003 -18"><span class='ocrx_word' id='word_1_838' title='bbox 483 5635 711 5700; x_wconf 88' lang='lat' dir='ltr'><strong>tionem,</strong></span> <span class='ocrx_word' id='word_1_839' title='bbox 763 5645 998 5690; x_wconf 76' lang='lat' dir='ltr'><strong>vestram</strong></span> <span class='ocrx_word' id='word_1_840' title='bbox 1049 5633 1266 5688; x_wconf 86' lang='lat' dir='ltr'><strong>ducatis</strong></span> <span class='ocrx_word' id='word_1_841' title='bbox 1321 5634 1618 5703; x_wconf 86' lang='lat' dir='ltr'><strong>propriam.</strong></span> <span class='ocrx_word' id='word_1_842' title='bbox 1660 5645 1715 5691; x_wconf 90' lang='lat' dir='ltr'><strong>et</strong></span> <span class='ocrx_word' id='word_1_843' title='bbox 1758 5647 2044 5705; x_wconf 89' lang='lat' dir='ltr'><strong>propterea</strong></span> 
     </span>
    </p>
   </div>
   <div class='ocr_carea' id='block_1_106' title="bbox 480 5721 2044 5791">
    <p class='ocr_par' dir='ltr' id='par_1_106' title="bbox 480 5721 2044 5791">
     <span class='ocr_line' id='line_1_106' title="bbox 480 5721 2044 5791; baseline 0.003 -15"><span class='ocrx_word' id='word_1_844' title='bbox 480 5722 613 5777; x_wconf 88' lang='lat' dir='ltr'><strong>illud</strong></span> <span class='ocrx_word' id='word_1_845' title='bbox 654 5723 815 5778; x_wconf 85' lang='lat' dir='ltr'><strong>etiam</strong></span> <span class='ocrx_word' id='word_1_846' title='bbox 861 5723 1004 5778; x_wconf 91' lang='lat' dir='ltr'><strong>duco</strong></span> <span class='ocrx_word' id='word_1_847' title='bbox 1041 5721 1454 5791; x_wconf 85' lang='lat' dir='ltr'><strong>gloriationem,</strong></span> <span class='ocrx_word' id='word_1_848' title='bbox 1496 5731 1734 5778; x_wconf 74' lang='lat' dir='ltr'><strong>vestrum</strong></span> <span class='ocrx_word' id='word_1_849' title='bbox 1769 5726 1918 5779; x_wconf 90' lang='lat' dir='ltr'><strong>circa</strong></span> <span class='ocrx_word' id='word_1_850' title='bbox 1957 5741 2044 5780; x_wconf 77' lang='lat' dir='ltr'><strong>inc</strong></span> 
     </span>
    </p>
   </div>
   <div class='ocr_carea' id='block_1_107' title="bbox 2145 4616 3652 4695">
    <p class='ocr_par' dir='ltr' id='par_1_107' title="bbox 2145 4616 3652 4695">
     <span class='ocr_line' id='line_1_107' title="bbox 2145 4616 3652 4695; baseline -0.003 -18"><span class='ocrx_word' id='word_1_851' title='bbox 2145 4625 2289 4695; x_wconf 75' lang='grc' dir='ltr'><strong>ἔχειν</strong></span> <span class='ocrx_word' id='word_1_852' title='bbox 2326 4626 2420 4676; x_wconf 78' lang='grc' dir='ltr'><strong>καὶ</strong></span> <span class='ocrx_word' id='word_1_853' title='bbox 2467 4622 2804 4692; x_wconf 79' lang='grc' dir='ltr'><strong>καυχᾶσθαι,</strong></span> <span class='ocrx_word' id='word_1_854' title='bbox 2832 4616 2877 4675; x_wconf 81' lang='grc' dir='ltr'>ὦ</span> <span class='ocrx_word' id='word_1_855' title='bbox 2911 4622 3088 4675; x_wconf 80' lang='grc' dir='ltr'>Παῦλε</span> <span class='ocrx_word' id='word_1_856' title='bbox 3121 4641 3134 4688; x_wconf 91' lang='lat'><strong>;</strong></span> <span class='ocrx_word' id='word_1_857' title='bbox 3175 4623 3250 4675; x_wconf 81' lang='grc' dir='ltr'><strong>Τὸ</strong></span> <span class='ocrx_word' id='word_1_858' title='bbox 3293 4619 3560 4692; x_wconf 83' lang='grc' dir='ltr'><strong>μαρτύριον</strong></span> <span class='ocrx_word' id='word_1_859' title='bbox 3586 4616 3652 4679; x_wconf 73' lang='grc' dir='ltr'><strong>τῆς</strong></span> 
     </span>
    </p>
   </div>
   <div class='ocr_carea' id='block_1_108' title="bbox 2149 4705 3654 4785">
    <p class='ocr_par' dir='ltr' id='par_1_108' title="bbox 2149 4705 3654 4785">
     <span class='ocr_line' id='line_1_108' title="bbox 2149 4705 3654 4785; baseline -0.005 -16"><span class='ocrx_word' id='word_1_860' title='bbox 2149 4713 2506 4784; x_wconf 77' lang='grc' dir='ltr'><strong>συνειδήσεώς</strong></span> <span class='ocrx_word' id='word_1_861' title='bbox 2539 4732 2661 4785; x_wconf 84' lang='grc' dir='ltr'>μου,</span> <span class='ocrx_word' id='word_1_862' title='bbox 2707 4731 2870 4784; x_wconf 84' lang='grc' dir='ltr'><strong>φησιν</strong></span> <span class='ocrx_word' id='word_1_863' title='bbox 2891 4731 2904 4744; x_wconf 82' lang='lat'>&#39;</span> <span class='ocrx_word' id='word_1_864' title='bbox 2936 4714 2998 4780; x_wconf 78' lang='grc' dir='ltr'><strong>ἐξ</strong></span> <span class='ocrx_word' id='word_1_865' title='bbox 3029 4709 3102 4768; x_wconf 79' lang='grc' dir='ltr'><strong>ὧν</strong></span> <span class='ocrx_word' id='word_1_866' title='bbox 3153 4715 3388 4785; x_wconf 76' lang='grc' dir='ltr'>ἔπραξα.</span> <span class='ocrx_word' id='word_1_867' title='bbox 3429 4705 3654 4781; x_wconf 49' lang='lat' dir='ltr'><strong>(mansi;</strong></span> 
     </span>
    </p>
   </div>
   <div class='ocr_carea' id='block_1_109' title="bbox 2149 4790 3652 4878">
    <p class='ocr_par' dir='ltr' id='par_1_109' title="bbox 2149 4790 3652 4878">
     <span class='ocr_line' id='line_1_109' title="bbox 2149 4790 3652 4878; baseline -0.016 -16"><span class='ocrx_word' id='word_1_868' title='bbox 2149 4809 2314 4878; x_wconf 78' lang='grc' dir='ltr'><strong>ὑμᾶς,</strong></span> <span class='ocrx_word' id='word_1_869' title='bbox 2348 4805 2408 4871; x_wconf 79' lang='grc' dir='ltr'><strong>ἐξ</strong></span> <span class='ocrx_word' id='word_1_870' title='bbox 2429 4800 2502 4860; x_wconf 79' lang='grc' dir='ltr'><strong>ὧν</strong></span> <span class='ocrx_word' id='word_1_871' title='bbox 2529 4807 2742 4859; x_wconf 71' lang='grc' dir='ltr'><strong>σύνοιδα</strong></span> <span class='ocrx_word' id='word_1_872' title='bbox 2773 4807 3137 4876; x_wconf 83' lang='grc' dir='ltr'><strong>εὐεργετήσας</strong></span> <span class='ocrx_word' id='word_1_873' title='bbox 3159 4807 3226 4860; x_wconf 72' lang='grc' dir='ltr'><strong>τὰ</strong></span> <span class='ocrx_word' id='word_1_874' title='bbox 3260 4808 3495 4876; x_wconf 61' lang='grc' dir='ltr'><strong>μέγιστα,</strong></span> <span class='ocrx_word' id='word_1_875' title='bbox 3536 4800 3580 4864; x_wconf 62' lang='grc' dir='ltr'>ἐξ</span> <span class='ocrx_word' id='word_1_876' title='bbox 3601 4790 3652 4846; x_wconf 74' lang='grc' dir='ltr'><strong>ὧν</strong></span> 
     </span>
    </p>
   </div>
   <div class='ocr_carea' id='block_1_110' title="bbox 2153 4879 3652 4973">
    <p class='ocr_par' dir='ltr' id='par_1_110' title="bbox 2153 4879 3652 4973">
     <span class='ocr_line' id='line_1_110' title="bbox 2153 4879 3652 4973; baseline -0.005 -21"><span class='ocrx_word' id='word_1_877' title='bbox 2153 4902 2554 4973; x_wconf 80' lang='grc' dir='ltr'><strong>περισσοτέρως</strong></span> <span class='ocrx_word' id='word_1_878' title='bbox 2580 4899 2689 4952; x_wconf 88' lang='grc' dir='ltr'><strong>τῶν</strong></span> <span class='ocrx_word' id='word_1_879' title='bbox 2714 4899 2890 4954; x_wconf 79' lang='grc' dir='ltr'>ἄλλων</span> <span class='ocrx_word' id='word_1_880' title='bbox 2923 4903 2981 4954; x_wconf 84' lang='grc' dir='ltr'><strong>ὲν</strong></span> <span class='ocrx_word' id='word_1_881' title='bbox 3022 4901 3152 4969; x_wconf 80' lang='grc' dir='ltr'><strong>ὑμῖν</strong></span> <span class='ocrx_word' id='word_1_882' title='bbox 3181 4879 3535 4970; x_wconf 58' lang='grc' dir='ltr'><strong>⁴ἰγγωνισᾶμην·</strong></span> <span class='ocrx_word' id='word_1_883' title='bbox 3561 4888 3652 4944; x_wconf 74' lang='grc' dir='ltr'><strong>ταῦ·</strong></span> 
     </span>
    </p>
   </div>
   <div class='ocr_carea' id='block_1_111' title="bbox 2153 4982 3652 5061">
    <p class='ocr_par' dir='ltr' id='par_1_111' title="bbox 2153 4982 3652 5061">
     <span class='ocr_line' id='line_1_111' title="bbox 2153 4982 3652 5061; baseline 0.004 -19"><span class='ocrx_word' id='word_1_884' title='bbox 2153 4991 2222 5045; x_wconf 75' lang='grc' dir='ltr'><strong>τά</strong></span> <span class='ocrx_word' id='word_1_885' title='bbox 2275 5007 2343 5060; x_wconf 81' lang='grc' dir='ltr'><strong>με</strong></span> <span class='ocrx_word' id='word_1_886' title='bbox 2387 4990 2567 5042; x_wconf 82' lang='grc' dir='ltr'><strong>πείθει</strong></span> <span class='ocrx_word' id='word_1_887' title='bbox 2590 4993 2732 5043; x_wconf 83' lang='grc' dir='ltr'>νοεῐν</span> <span class='ocrx_word' id='word_1_888' title='bbox 2766 4991 2894 5061; x_wconf 79' lang='grc' dir='ltr'>περὶ</span> <span class='ocrx_word' id='word_1_889' title='bbox 2949 4991 3139 5061; x_wconf 83' lang='grc' dir='ltr'>ὑμῶν,</span> <span class='ocrx_word' id='word_1_890' title='bbox 3174 4991 3257 5044; x_wconf 82' lang='grc' dir='ltr'><strong>ὃτι</strong></span> <span class='ocrx_word' id='word_1_891' title='bbox 3284 4993 3374 5044; x_wconf 76' lang='grc' dir='ltr'><strong>καὶ</strong></span> <span class='ocrx_word' id='word_1_892' title='bbox 3413 4989 3546 5058; x_wconf 81' lang='grc' dir='ltr'><strong>ὑμεῖς</strong></span> <span class='ocrx_word' id='word_1_893' title='bbox 3582 4982 3652 5047; x_wconf 53' lang='grc' dir='ltr'><strong>τὴν</strong></span> 
     </span>
    </p>
   </div>
   <div class='ocr_carea' id='block_1_112' title="bbox 2154 5070 3653 5153">
    <p class='ocr_par' dir='ltr' id='par_1_112' title="bbox 2154 5070 3653 5153">
     <span class='ocr_line' id='line_1_112' title="bbox 2154 5070 3653 5153; baseline -0.005 -19"><span class='ocrx_word' id='word_1_894' title='bbox 2154 5083 2292 5153; x_wconf 74' lang='grc' dir='ltr'><strong>ἐμὴν</strong></span> <span class='ocrx_word' id='word_1_895' title='bbox 2316 5083 2664 5151; x_wconf 83' lang='grc' dir='ltr'><strong>παράκλησιν</strong></span> <span class='ocrx_word' id='word_1_896' title='bbox 2709 5084 2805 5136; x_wconf 70' lang='grc' dir='ltr'><strong>καὶ</strong></span> <span class='ocrx_word' id='word_1_897' title='bbox 2845 5082 3118 5150; x_wconf 81' lang='grc' dir='ltr'><strong>σωτηρίαν</strong></span> <span class='ocrx_word' id='word_1_898' title='bbox 3155 5081 3291 5135; x_wconf 77' lang='grc' dir='ltr'><strong>ἰδίαν</strong></span> <span class='ocrx_word' id='word_1_899' title='bbox 3333 5079 3545 5148; x_wconf 71' lang='grc' dir='ltr'><strong>ἡγεῖσθε.</strong></span> <span class='ocrx_word' id='word_1_900' title='bbox 3575 5070 3653 5126; x_wconf 69' lang='grc' dir='ltr'><strong>Καὶ</strong></span> 
     </span>
    </p>
   </div>
   <div class='ocr_carea' id='block_1_113' title="bbox 2149 5169 3650 5245">
    <p class='ocr_par' dir='ltr' id='par_1_113' title="bbox 2149 5169 3650 5245">
     <span class='ocr_line' id='line_1_113' title="bbox 2149 5169 3650 5245; baseline -0.01 -13"><span class='ocrx_word' id='word_1_901' title='bbox 2149 5177 2236 5232; x_wconf 71' lang='grc' dir='ltr'><strong>διὰ</strong></span> <span class='ocrx_word' id='word_1_902' title='bbox 2265 5177 2424 5231; x_wconf 85' lang='grc' dir='ltr'><strong>τοῦτο</strong></span> <span class='ocrx_word' id='word_1_903' title='bbox 2451 5176 2608 5244; x_wconf 78' lang='grc' dir='ltr'><strong>κάγὼ</strong></span> <span class='ocrx_word' id='word_1_904' title='bbox 2654 5175 2926 5245; x_wconf 79' lang='grc' dir='ltr'><strong>καύχησιν</strong></span> <span class='ocrx_word' id='word_1_905' title='bbox 2968 5175 3100 5228; x_wconf 80' lang='grc' dir='ltr'><strong>αὐτὸ</strong></span> <span class='ocrx_word' id='word_1_906' title='bbox 3148 5173 3422 5242; x_wconf 74' lang='grc' dir='ltr'><strong>ποιοῦμαι.</strong></span> <span class='ocrx_word' id='word_1_907' title='bbox 3455 5172 3538 5232; x_wconf 81' lang='grc' dir='ltr'><strong>τὴν</strong></span> <span class='ocrx_word' id='word_1_908' title='bbox 3557 5169 3650 5232; x_wconf 81' lang='grc' dir='ltr'><strong>ὐμε·</strong></span> 
     </span>
    </p>
   </div>
   <div class='ocr_carea' id='block_1_114' title="bbox 2146 5253 3651 5338">
    <p class='ocr_par' dir='ltr' id='par_1_114' title="bbox 2146 5253 3651 5338">
     <span class='ocr_line' id='line_1_114' title="bbox 2146 5253 3651 5338; baseline -0.011 -16"><span class='ocrx_word' id='word_1_909' title='bbox 2146 5271 2308 5338; x_wconf 85' lang='grc' dir='ltr'><strong>τέραν</strong></span> <span class='ocrx_word' id='word_1_910' title='bbox 2328 5269 2453 5338; x_wconf 80' lang='grc' dir='ltr'><strong>περί</strong></span> <span class='ocrx_word' id='word_1_911' title='bbox 2483 5268 2580 5337; x_wconf 73' lang='grc' dir='ltr'><strong>ἐμὲ</strong></span> <span class='ocrx_word' id='word_1_912' title='bbox 2600 5266 2834 5337; x_wconf 75' lang='grc' dir='ltr'>στοργήν</span> <span class='ocrx_word' id='word_1_913' title='bbox 2870 5266 3136 5334; x_wconf 79' lang='grc' dir='ltr'>διάπυρον</span> <span class='ocrx_word' id='word_1_914' title='bbox 3159 5266 3446 5333; x_wconf 81' lang='grc' dir='ltr'><strong>ἀγάπησιν.</strong></span> <span class='ocrx_word' id='word_1_915' title='bbox 3467 5262 3545 5314; x_wconf 74' lang='grc' dir='ltr'><strong>Ἐι</strong></span> <span class='ocrx_word' id='word_1_916' title='bbox 3560 5253 3651 5308; x_wconf 66' lang='grc' dir='ltr'><strong>ταῦ·</strong></span> 
     </span>
    </p>
   </div>
   <div class='ocr_carea' id='block_1_115' title="bbox 2147 5342 3651 5430">
    <p class='ocr_par' dir='ltr' id='par_1_115' title="bbox 2147 5342 3651 5430">
     <span class='ocr_line' id='line_1_115' title="bbox 2147 5342 3651 5430; baseline -0.021 -6"><span class='ocrx_word' id='word_1_917' title='bbox 2147 5379 2244 5429; x_wconf 80' lang='grc' dir='ltr'><strong>της</strong></span> <span class='ocrx_word' id='word_1_918' title='bbox 2274 5363 2383 5430; x_wconf 70' lang='grc' dir='ltr'>γὰρ</span> <span class='ocrx_word' id='word_1_919' title='bbox 2409 5361 2652 5414; x_wconf 76' lang='grc' dir='ltr'><strong>τίκτεται</strong></span> <span class='ocrx_word' id='word_1_920' title='bbox 2693 5360 2788 5412; x_wconf 68' lang='grc' dir='ltr'><strong>καὶ</strong></span> <span class='ocrx_word' id='word_1_921' title='bbox 2817 5359 2878 5410; x_wconf 80' lang='grc' dir='ltr'><strong>τὸ</strong></span> <span class='ocrx_word' id='word_1_922' title='bbox 2907 5357 3005 5427; x_wconf 80' lang='grc' dir='ltr'><strong>τὴν</strong></span> <span class='ocrx_word' id='word_1_923' title='bbox 3057 5359 3196 5426; x_wconf 71' lang='grc' dir='ltr'><strong>ἐμὴν</strong></span> <span class='ocrx_word' id='word_1_924' title='bbox 3247 5354 3561 5424; x_wconf 80' lang='grc' dir='ltr'><strong>παράκλησιν</strong></span> <span class='ocrx_word' id='word_1_925' title='bbox 3585 5342 3651 5396; x_wconf 73' lang='grc' dir='ltr'><strong>καὶ</strong></span> 
     </span>
    </p>
   </div>
   <div class='ocr_carea' id='block_1_116' title="bbox 2156 5436 3652 5520">
    <p class='ocr_par' dir='ltr' id='par_1_116' title="bbox 2156 5436 3652 5520">
     <span class='ocr_line' id='line_1_116' title="bbox 2156 5436 3652 5520; baseline -0.011 -16"><span class='ocrx_word' id='word_1_926' title='bbox 2156 5450 2432 5520; x_wconf 77' lang='grc' dir='ltr'><strong>σωτηρίαν</strong></span> <span class='ocrx_word' id='word_1_927' title='bbox 2480 5450 2688 5502; x_wconf 77' lang='grc' dir='ltr'><strong>οἰκείαν</strong></span> <span class='ocrx_word' id='word_1_928' title='bbox 2716 5447 2924 5501; x_wconf 78' lang='grc' dir='ltr'>ἑαυτῶν</span> <span class='ocrx_word' id='word_1_929' title='bbox 2961 5447 3233 5517; x_wconf 74' lang='grc' dir='ltr'><strong>ἡγεῖσθαι.</strong></span> <span class='ocrx_word' id='word_1_930' title='bbox 3271 5447 3331 5498; x_wconf 75' lang='grc'><strong>’11</strong></span> <span class='ocrx_word' id='word_1_931' title='bbox 3363 5445 3462 5512; x_wconf 76' lang='grc' dir='ltr'><strong>γὰρ</strong></span> <span class='ocrx_word' id='word_1_932' title='bbox 3495 5436 3652 5502; x_wconf 77' lang='grc' dir='ltr'><strong>καύχηο</strong></span> 
     </span>
    </p>
   </div>
   <div class='ocr_carea' id='block_1_117' title="bbox 2157 5537 3654 5610">
    <p class='ocr_par' dir='ltr' id='par_1_117' title="bbox 2157 5537 3654 5610">
     <span class='ocr_line' id='line_1_117' title="bbox 2157 5537 3654 5610; baseline -0.005 -16"><span class='ocrx_word' id='word_1_933' title='bbox 2157 5559 2239 5603; x_wconf 86' lang='grc' dir='ltr'><strong>σις</strong></span> <span class='ocrx_word' id='word_1_934' title='bbox 2277 5540 2434 5610; x_wconf 78' lang='grc' dir='ltr'>ἡμῶν</span> <span class='ocrx_word' id='word_1_935' title='bbox 2461 5540 2600 5609; x_wconf 79' lang='grc' dir='ltr'><strong>αὐτη</strong></span> <span class='ocrx_word' id='word_1_936' title='bbox 2641 5541 2776 5601; x_wconf 67' lang='grc' dir='ltr'><strong>ἐστὶ,</strong></span> <span class='ocrx_word' id='word_1_937' title='bbox 2807 5540 2947 5592; x_wconf 81' lang='grc' dir='ltr'><strong>κατὰ</strong></span> <span class='ocrx_word' id='word_1_938' title='bbox 2977 5538 3038 5590; x_wconf 85' lang='grc' dir='ltr'><strong>τὸ</strong></span> <span class='ocrx_word' id='word_1_939' title='bbox 3070 5537 3365 5608; x_wconf 78' lang='grc' dir='ltr'><strong>μαρτύριον</strong></span> <span class='ocrx_word' id='word_1_940' title='bbox 3391 5539 3479 5603; x_wconf 81' lang='grc' dir='ltr'><strong>τῆς</strong></span> <span class='ocrx_word' id='word_1_941' title='bbox 3521 5540 3654 5581; x_wconf 68' lang='grc' dir='ltr'><strong>συνει*</strong></span> 
     </span>
    </p>
   </div>
   <div class='ocr_carea' id='block_1_118' title="bbox 2153 5624 3652 5702">
    <p class='ocr_par' dir='ltr' id='par_1_118' title="bbox 2153 5624 3652 5702">
     <span class='ocr_line' id='line_1_118' title="bbox 2153 5624 3652 5702; baseline -0.002 -16"><span class='ocrx_word' id='word_1_942' title='bbox 2153 5631 2362 5702; x_wconf 84' lang='grc' dir='ltr'><strong>δήσεὼς</strong></span> <span class='ocrx_word' id='word_1_943' title='bbox 2399 5649 2523 5700; x_wconf 88' lang='grc' dir='ltr'>μου.</span> <span class='ocrx_word' id='word_1_944' title='bbox 2556 5633 2686 5685; x_wconf 83' lang='grc' dir='ltr'><strong>Ὅτε</strong></span> <span class='ocrx_word' id='word_1_945' title='bbox 2713 5633 2770 5685; x_wconf 83' lang='grc' dir='ltr'>δὲ</span> <span class='ocrx_word' id='word_1_946' title='bbox 2818 5634 2851 5701; x_wconf 83' lang='grc' dir='ltr'>ὴ</span> <span class='ocrx_word' id='word_1_947' title='bbox 2886 5631 3190 5700; x_wconf 82' lang='grc' dir='ltr'><strong>συνείδησις</strong></span> <span class='ocrx_word' id='word_1_948' title='bbox 3220 5629 3485 5700; x_wconf 80' lang='grc' dir='ltr'><strong>μαρτυρεῖ,</strong></span> <span class='ocrx_word' id='word_1_949' title='bbox 3525 5624 3652 5683; x_wconf 56' lang='grc' dir='ltr'><strong>ἄναγ’·</strong></span> 
     </span>
    </p>
   </div>
   <div class='ocr_carea' id='block_1_119' title="bbox 2153 5723 2707 5795">
    <p class='ocr_par' dir='ltr' id='par_1_119' title="bbox 2153 5723 2707 5795">
     <span class='ocr_line' id='line_1_119' title="bbox 2153 5723 2707 5795; baseline -0.002 -18"><span class='ocrx_word' id='word_1_950' title='bbox 2153 5725 2370 5793; x_wconf 77' lang='grc' dir='ltr'><strong>φίϐολος</strong></span> <span class='ocrx_word' id='word_1_951' title='bbox 2401 5726 2434 5795; x_wconf 81' lang='grc' dir='ltr'>ἡ</span> <span class='ocrx_word' id='word_1_952' title='bbox 2461 5723 2707 5795; x_wconf 76' lang='grc' dir='ltr'><strong>ἀλήθεια.</strong></span> 
     </span>
    </p>
   </div>
   <div class='ocr_carea' id='block_1_120' title="bbox 481 5805 3645 5890">
    <p class='ocr_par' dir='ltr' id='par_1_120' title="bbox 481 5805 3645 5890">
     <span class='ocr_line' id='line_1_120' title="bbox 481 5805 3645 5890; baseline -0.005 -16"><span class='ocrx_word' id='word_1_953' title='bbox 481 5831 722 5874; x_wconf 79' lang='lat' dir='ltr'><strong>amorem</strong></span> <span class='ocrx_word' id='word_1_954' title='bbox 769 5817 1164 5889; x_wconf 80' lang='lat' dir='ltr'><strong>ardentemque</strong></span> <span class='ocrx_word' id='word_1_955' title='bbox 1209 5815 1553 5875; x_wconf 83' lang='lat' dir='ltr'><strong>dilectionem</strong></span> <span class='ocrx_word' id='word_1_956' title='bbox 1587 5834 1600 5872; x_wconf 93' lang='lat'>:</span> <span class='ocrx_word' id='word_1_957' title='bbox 1641 5834 1704 5875; x_wconf 78' lang='lat' dir='ltr'><strong>ex</strong></span> <span class='ocrx_word' id='word_1_958' title='bbox 1754 5818 1855 5874; x_wconf 90' lang='lat' dir='ltr'><strong>hac</strong></span> <span class='ocrx_word' id='word_1_959' title='bbox 1899 5819 2044 5875; x_wconf 89' lang='lat' dir='ltr'><strong>enim</strong></span> <span class='ocrx_word' id='word_1_960' title='bbox 2079 5820 2254 5876; x_wconf 88' lang='lat' dir='ltr'><strong>oritur</strong></span> <span class='ocrx_word' id='word_1_961' title='bbox 2297 5827 2354 5875; x_wconf 90' lang='lat' dir='ltr'><strong>ut</strong></span> <span class='ocrx_word' id='word_1_962' title='bbox 2397 5833 2517 5874; x_wconf 88' lang='lat' dir='ltr'><strong>mea</strong></span> <span class='ocrx_word' id='word_1_963' title='bbox 2559 5832 2775 5890; x_wconf 80' lang='lat' dir='ltr'><strong>quoque</strong></span> <span class='ocrx_word' id='word_1_964' title='bbox 2815 5817 2964 5874; x_wconf 84' lang='lat' dir='ltr'><strong>salus</strong></span> <span class='ocrx_word' id='word_1_965' title='bbox 3003 5831 3067 5872; x_wconf 87' lang='lat' dir='ltr'><strong>ac</strong></span> <span class='ocrx_word' id='word_1_966' title='bbox 3143 5808 3452 5872; x_wconf 79' lang='lat' dir='ltr'><strong>consolatio,</strong></span> <span class='ocrx_word' id='word_1_967' title='bbox 3511 5805 3645 5856; x_wconf 64' lang='lat' dir='ltr'><strong>rem</strong></span> 
     </span>
    </p>
   </div>
  </div>
