3906 6524
459 388 565 453 923

1507 394 1852 454 -ΕΕΕΗΜΕΝ
1861 394 1918 454 Il
1959 392 2252 454 ΤΗΙΟΕἎΕ
2292 395 2636 459 EPISCOPI

3589 409 3686 474 ιιι

459 500 840 572 unusquisque
877 518 1065 559 eorum
1098 519 1218 573 qua:
1258 503 1388 559 fecit
1423 504 1841 560 retributionem
1885 505 2037 558 luve-

2150 497 2211 557 ὒν
2244 504 2352 576 γὰρ
2383 509 2646 579 εὑρήσετε
2677 510 2988 575 πεισθέντες
3005 513 3130 582 ἐμοὶ
3159 516 3254 568 καὶ
3271 515 3351 586 τῷ
3365 516 3692 589 κηρύγματι,

460 594 590 646 uiet.
624 592 698 645 Ex
735 592 818 647 bis
847 594 989 649 enim
1022 610 1144 664 qua:
1176 595 1593 659 nanciscemini,
1634 595 1760 648 dum
1801 595 1932 648 mihi
1969 609 2033 648 ac

462 685 833 755 pradicationi
875 687 1281 758 oblemperatis,
1313 696 1440 740 tunc
1471 686 1710 755 perfecte
1743 700 2037 755 cognosce-

464 779 536 832 tis
571 786 625 831 et
661 793 766 831 non
799 795 862 832 ex
911 789 1087 848 parte,
1119 779 1263 848 quod
1305 779 1561 849 gloriatio
1605 788 1783 832 vestra
1817 779 1987 832 simus
2018 793 2030 828 :

460 875 514 921 ct
539 884 640 937 ego
676 885 807 922 sane
841 878 1074 923 vestram
1121 871 1352 924 salutem
1398 877 1452 922 et
1493 882 1778 922 accessum
1824 867 2028 935 gloria-

463 959 668 1012 tionem
707 958 958 1012 ciliciam.
1001 978 1018 1008 ι
1057 959 1211 1024 Quod
1253 959 1506 1026 gloriatio
1548 965 1726 1011 vestra
1777 957 1969 1011 simus.
2007 975 2025 1009 ι

467 1050 672 1104 Deinde
711 1068 775 1104 uc
809 1053 992 1119 grai-is
1030 1066 1153 1104 esse
1192 1051 1438 1104 videatur
1471 1050 1536 1103 de
1569 1049 1751 1119 seipso
1786 1049 2011 1116 loquens

464 1143 604 1196 bona
637 1159 735 1197 sua
764 1159 927 1212 opera
963 1144 1140 1198 reddit
1168 1144 1501 1198 communia.
1541 1143 1668 1195 Nam
1703 1143 1746 1195 si
1782 1142 1925 1202 talis,
1949 1143 2034 1195 in-

463 1235 601 1303 quit,
629 1234 1038 1290 demonstratus
1071 1235 1224 1290 fuero
1253 1235 1468 1303 qualem
1498 1233 1609 1287 dixi
1669 1252 1688 1284 ι
1737 1233 1788 1287 ἱιι
1812 1233 1899 1286 die
1925 1232 2031 1286 Doo

463 1325 622 1387 mini,
658 1345 674 1376 ι
717 1325 819 1380 hoc
850 1337 955 1388 est,
997 1328 1050 1380 in
1086 1328 1292 1394 judich
1335 1327 1534 1394 (neque
1566 1325 1709 1379 enim
1751 1326 2035 1394 praesentia

463 1415 668 1471 intueri
717 1427 956 1486 oportet,
1001 1434 1194 1488 nempe
1235 1417 1527 1486 opprobria
1575 1427 1629 1470 et
1673 1415 2034 1470 contumelias

466 1523 603 1575 quas
643 1509 898 1563 audimus
943 1525 1042 1564 nos
1085 1510 1366 1578 apostoli);
1401 1510 1445 1563 si
1483 1509 1617 1562 tales
1646 1523 1778 1574 ergo
1807 1508 2035 1561 demon-

466 1599 623 1652 strati
672 1599 954 1664 fuerimus,
999 1619 1015 1651 ι
1053 1601 1309 1669 gloriatio
1351 1609 1529 1655 vestra
1572 1616 1784 1654 sumus.
1826 1618 1844 1651 ι
1888 1598 2036 1664 Quo-

467 1690 666 1744 modo?
692 1691 826 1756 Quia
862 1691 1172 1760 huiusmodi
1207 1693 1440 1745 maxime
1470 1694 1547 1747 usi
1576 1695 1710 1746 estis
1741 1703 2038 1760 praecepto-

469 1781 622 1836 ribus
657 1785 749 1852 qui
787 1784 922 1838 nihil
965 1785 1262 1839 humanum
1299 1785 1624 1839 docuerunt.
1668 1784 1732 1838 Et
1773 1799 1873 1839 nos
1903 1800 2036 1838 sane

2140 597 2260 649 τότε
2293 597 2514 662 τελείως
2562 602 2953 671 ἐπιγνώσεσθε,
2987 607 3082 658 καὶ
3133 608 3232 662 οὐκ
3263 611 3327 662 ἐκ
3369 611 3591 679 μέρους,
3624 618 3695 670 δτι

2144 688 2407 758 καύχημα
2437 692 2592 761 ὑμῶν
2626 696 2811 764 ἐσμεν.
2846 697 2954 750 Καὶ
2980 699 3088 766 ἐγὼ
3116 700 3171 752 δὲ
3207 701 3360 771 ὑμῶν
3404 704 3505 774 τὴν
3540 723 3696 777 σωτη-

2149 779 2271 848 ρίαν
2289 784 2378 833 καὶ
2392 784 2492 852 τὴν
2510 789 2893 855 προσαγωγὴν,
2915 792 3174 860 καύχημα
3201 795 3326 862 ποιή
3338 813 3528 863 σομαι.
3555 817 3573 846 ι
3587 799 3696 853 Ὀτι

2142 871 2406 940 καύχημα
2431 874 2584 942 ὑμῶν
2609 879 2774 947 ἐσμεν
2799 897 2816 930 ι
2869 876 2997 933 Εἶτα
3028 883 3115 935 ἵνα
3169 884 3245 954 μὴ
3280 889 3543 954 φορτικὸς
3576 887 3695 946 εἶναι

2140 961 2266 1032 δόξῃ
2322 968 2450 1035 περὶ
2489 967 2681 1020 ἑαυτοῦ
2732 970 2926 1036 λέγων.
2962 975 3119 1026 κοινὰ
3162 976 3228 1026 τὰ
3255 978 3426 1030 αὐτοῦ
3482 985 3697 1037 ποιεῖται

2143 1051 2565 1122 κατορθώματα,
2628 1059 2676 1109 εί
2726 1060 2834 1130 γὰρ
2876 1062 3136 1124 τοιοῦτος,
3170 1069 3324 1134 φησι,
3377 1069 3576 1139 δειχθῶ
3600 1068 3697 1126 οἷον

2137 1143 2333 1212 εἴρηκα
2371 1163 2390 1195 ι
2438 1148 2495 1198 ὲν
2525 1150 2590 1217 τῇ
2614 1150 2795 1221 ἡμέρᾳ
2835 1152 2928 1205 τοῦ
2961 1156 3186 1226 Κυρίου,
3215 1178 3230 1208 ι
3262 1153 3372 1210 οἷον
3397 1162 3452 1212 ὲν
3502 1165 3564 1230 τῇ
3593 1167 3698 1234 κρίι

2142 1249 2226 1287 σει
2245 1250 2260 1266 ⁸
2287 1237 2427 1303 (οὐδὲ
2462 1237 2570 1308 γὰρ
2593 1240 2675 1292 δεῖ
2702 1243 2770 1294 τὰ
2801 1245 3043 1313 παρόντα
3086 1247 3447 1312 σκοπεῖν,οἷον
3486 1253 3554 1304 τὰ
3574 1255 3696 1307 eosi-

2139 1325 2226 1394 δη,
2269 1327 2364 1390 τὰς
2404 1328 2612 1398 ὕϐρεις,
2666 1332 2734 1395 ἃς
2760 1335 3031 1402 ἀκούομεν
3066 1340 3226 1409 ἡμεῖς
3247 1343 3296 1392 οἱ
3325 1343 3632 1408 ἀπόστολοι)
3659 1348 3698 1399 εί

2141 1417 2373 1471 τοιοῦτοι
2403 1423 2688 1490 τοιγαροῦν
2714 1425 3034 1497 δειχθῶμεν,
3073 1447 3091 1480 ι
3133 1431 3396 1500 καύχημα
3434 1435 3586 1502 ὑμῶν
3625 1437 3701 1488 ὲσο

2146 1527 2263 1579 μεν.
2300 1531 2316 1562 ι
2347 1513 2467 1576 Πῶς
2491 1530 2504 1576 ;
2539 1514 2659 1567 ’Ότι
2687 1518 2942 1570 τοιούτων
2969 1522 3322 1591 ηὐπορὴσατε
3349 1523 3697 1592 διδασκάλων,

2141 1601 2248 1654 τῶν
2278 1603 2428 1656 οὐδὲν
2461 1605 2800 1676 ἀνθρώπινον
2826 1609 3182 1674 διδαξάντων.
3211 1614 3321 1666 Καὶ
3361 1617 3528 1685 ἡμεῖς
3565 1616 3616 1668 δὲ
3650 1620 3699 1670 ὲν

2141 1689 2268 1758 ὑμῖν
2298 1692 2687 1760 καυχησόμεθα
2709 1694 2788 1746 ὅτι
2826 1699 3080 1750 τοιούτων
3111 1700 3511 1770 ηὐπορήσαμεν
3537 1703 3698 1773 μαθη-

2139 1780 2268 1846 τῶν,
2331 1782 2405 1851 μὴ
2447 1783 2912 1858 σαλευομένων,ἢ
2957 1790 3474 1861 σκανδαλιζομένων
3525 1796 3582 1847 ὲν
3633 1797 3698 1865 τῷ

469 1871 526 1924 iu
559 1871 714 1926 vobis
745 1873 1106 1941 gloriabimur
1137 1875 1280 1942 quod
1331 1875 1468 1928 tales
1521 1875 1678 1929 nobis
1707 1876 2036 1944 contigerint

2150 1872 2377 1943 πάσχειν
2397 1875 2585 1938 κακῶς
2611 1877 2736 1940 τοὺς
2767 1878 2946 1932 αὐτῶν
2974 1881 3352 1945 διδασκάλους.

469 1961 746 2030 discipuli,
797 1978 904 2018 non
951 1965 1274 2020 vacillantes
1321 1973 1416 2019 aut
1461 1965 1676 2030 oﬂeusi,
1717 1966 1835 2019 licet
1882 1965 2040 2019 malis

469 2051 812 2107 adicerentur
848 2055 1090 2125 ipsorum
1133 2065 1520 2125 praeceptores.

1085 2166 1312 2222 CAPUT
1354 2166 1419 2220 ll.

471 2277 547 2330 De
596 2278 878 2334 dilectione
919 2297 1075 2347 quam
1120 2298 1245 2344 erqa
1285 2283 1426 2344 ipsos
1473 2282 1698 2336 habebat
1744 2297 1764 2336 :
1807 2291 1855 2335 et
1900 2281 2040 2351 quod

536 2354 822 2416 pepercerit
857 2367 919 2403 ne
965 2368 1050 2404 eos
1092 2351 1453 2414 contristat-et,
1484 2369 1785 2420 quanquam
1825 2369 2042 2406 nia-rore

541 2420 791 2487 alliciens,
836 2421 1122 2473 utilitatem
1155 2421 1371 2488 afferret
1408 2439 1426 2475 :
1468 2422 1624 2474 veluti
1666 2424 1718 2474 in
1754 2439 1812 2475 eo
1847 2423 1936 2490 qui
1977 2423 2038 2476 ob

540 2503 780 2557 stuprum
817 2490 1129 2559 objurgatus
1169 2491 1366 2557 fuerat,
1406 2493 1492 2543 cui
1527 2493 1687 2544 etiam
1724 2493 1965 2561 ignoscit.

541 2599 584 2662 1,
612 2601 798 2654 1517.
842 2600 908 2654 Et
944 2601 1041 2655 hac
1075 2603 1273 2670 ﬁducia
1311 2614 1602 2659 statueram
1647 2605 1715 2658 ad
1755 2623 1840 2659 vos
1873 2605 2041 2659 venire

468 2690 641 2756 prius,
668 2702 723 2743 ut
751 2691 974 2745 alteram
1003 2694 1166 2763 601
1195 2695 1458 2749 haberetis
1488 2698 1740 2766 gratiam,
1766 2707 1814 2749 et
1843 2715 1934 2765 per
1955 2714 2041 2752 vos

473 2782 702 2835 transire
745 2783 798 2836 iu
845 2781 1210 2838 Macedoniam
1250 2803 1268 2839 :
1303 2803 1615 2857 rursumque
1657 2805 1688 2842 α
1732 2788 2042 2843 Macedonia

471 2873 645 2926 renire
686 2874 754 2926 ad
783 2891 901 2939 νοτ,
940 2893 1003 2929 ac
1033 2894 1066 2931 a
1101 2879 1242 2932 vobis
1284 2879 1477 2933 deduci
1521 2881 1576 2933 in
1615 2879 1883 2936 Iudaeam.
1929 2881 2042 2937 Hoc

469 2962 636 3030 igitur
663 2980 778 3017 cum
810 2968 1138 3031 statuissem,
1181 2972 1409 3024 nuncubi
1457 2970 1666 3026 levitate
1712 2989 1840 3027 usus
1885 2978 2042 3030 sum?

471 3061 565 3104 aut
611 3070 734 3105 num
777 3070 838 3107 ea
883 3071 999 3124 qua'
1030 3068 1231 3125 statuo,
1260 3061 1546 3114 secundum
1576 3077 1789 3117 carnem
1821 3067 2043 3120 statuo?

471 3151 528 3194 ut
555 3145 661 3198 siut
694 3146 834 3214 apud
873 3164 951 3202 me
987 3151 1164 3204 Etiam
1198 3151 1400 3219 Etiam,
1439 3165 1486 3208 et
1529 3153 1654 3208 Non
1687 3154 1852 3209 Non?

550 3344 570 3377 ι
607 3324 671 3380 Et
721 3326 822 3382 bac
869 3329 1086 3386 tiducia.
1156 3349 1176 3384 ι
1245 3332 1535 3398 Quanam?
1573 3338 1719 3407 quod
1779 3339 2044 3408 gloriarer

469 3415 526 3469 in
600 3418 802 3484 vobis,
867 3421 1012 3488 quod
1093 3423 1346 3491 gloriatio
1410 3435 1592 3482 vestra
1649 3438 1794 3484 esset
1874 3432 2044 3486 nostri

471 3507 712 3573 dilectio,
763 3512 905 3580 quod
963 3513 1168 3568 nullius
1233 3517 1360 3570 mali
1423 3519 1582 3573 nobis
1647 3522 1850 3576 conscii
1898 3539 2047 3578 csse-

473 3613 620 3652 mus.
679 3629 750 3640 -—
806 3599 887 3656 0b
945 3603 1107 3668 lianc,
1163 3605 1379 3675 inquit,
1427 3609 1723 3674 ﬁduciam,
1775 3613 1844 3667 ob
1909 3613 2049 3670 hanc

472 3704 672 3759 spem,
725 3693 867 3759 quod
942 3711 1059 3750 mea
1127 3697 1382 3767 gloriatio
1443 3702 1608 3756 etiam
1694 3718 1792 3759 vos
1852 3707 2046 3762 essetis

473 3781 744 3847 promissa
781 3783 834 3837 in
882 3784 972 3838 illo
1001 3786 1108 3852 die,
1153 3797 1206 3843 et
1231 3805 1330 3859 ego
1361 3801 1542 3846 vestra
1575 3809 1772 3848 essem.
1810 3795 1963 3860 Quod
1999 3797 2045 3852 si

471 3871 543 3924 ob
575 3871 715 3928 banc
764 3874 1014 3930 ﬁduciam
1047 3887 1348 3935 statueram
1379 3882 1446 3937 ad
1491 3899 1587 3938 vos
1627 3887 1829 3952 venire,
1875 3889 2048 3942 mani-

473 3959 671 4018 festum
703 3973 787 4020 est
823 3968 964 4035 quod
995 3977 1267 4024 maturum
1299 3987 1364 4026 ac
1397 3988 1654 4043 magnum
1697 3987 1816 4031 erat
1857 3980 2046 4034 consi-

475 4053 651 4110 lium:
698 4072 876 4128 neque
923 4060 1065 4115 enim
1118 4061 1415 4118 humanum
1463 4077 1622 4130 erat,
1681 4069 1774 4125 sed
1824 4079 2048 4140 propter

472 4162 761 4202 commune
803 4149 1015 4204 lucrum
1072 4168 1136 4208 ac
1188 4155 1418 4210 salutem
1467 4158 1796 4216 animarum.
1860 4158 2049 4214 Invitis

475 4237 663 4308 itaque
703 4241 929 4296 avulsus
966 4257 1088 4297 sum
1126 4260 1155 4298 a
1187 4247 1458 4302 consilio:
1494 4251 1695 4304 etenim
1735 4251 2045 4319 hujusmodi

474 4329 687 4384 lucrum
715 4345 820 4384 non
852 4331 1234 4402 neglexissent.
1261 4333 1580 4402 [iocantem
1607 4340 1807 4408 posuit,
1836 4340 2046 4398 ﬁrmam

471 4434 537 4474 ac
567 4421 907 4476 verissimam
941 4439 1140 4493 parans
1167 4424 1540 4482 defensionem
1570 4447 1583 4483 :
1627 4431 1763 4486 adeo
1791 4433 1866 4488 illi
1901 4449 2046 4490 cura:

2717 2155 2966 2212 ΚΕΦᾹΛ.
2991 2159 3070 2214 B'.

2143 2267 2280 2345 "api
2307 2267 2546 2345 ἀγάπης
2579 2270 2689 2336 τῆς
2717 2271 2864 2341 πρὸς
2885 2276 3106 2342 αὐτοὺς
3127 2278 3224 2330 καὶ
3257 2279 3507 2345 φειδοῦς
3542 2282 3622 2345 είς
3641 2282 3695 2334 τὸ

2207 2339 2295 2414 {fit
2323 2341 2563 2414 λυπεῖν,
2621 2345 2674 2414 εί
2725 2339 2820 2395 καὶ
2851 2339 3327 2414 ,ιυπῶννώεεῖελὲῆ
3363 2349 3444 2414 ὡς
3470 2339 3566 2402 ἐπὶ
3600 2339 3693 2405 τοῦ

2213 2409 2309 2462 διὰ
2344 2411 2629 2476 πορνείαν
2653 2413 3121 2483 ἐπιτιμηθέντας,
3137 2409 3203 2485 ’ᾧ
3231 2418 3328 2470 καί
3352 2409 3656 2489 σύγχωρεῖ.

2217 2589 2322 2645 Καὶ
2344 2591 2526 2658 ταύτῃ
2559 2590 2631 2659 τῇ
2655 2594 3008 2658 πεποιθήσει
3032 2596 3370 2666 ἐϐουλόμην
3399 2597 3547 2664 πρὸς
3567 2595 3698 2663 ὑμᾶς

2143 2680 2341 2736 ἐλθεῖν
2369 2681 2431 2734 τὸ
2482 2685 2769 2752 πρότερον
2789 2725 2803 2750 ,
2845 2687 2946 2739 ἵνα
2992 2687 3278 2754 δευτέραν
3309 2689 3488 2756 χάριν
3517 2689 3695 2756 ἔχητε,

2144 2773 2240 2824 καὶ
2263 2771 2335 2824 δι’
2369 2770 2532 2840 ὑμῶν
2569 2774 2770 2828 ἐλθεῖν
2801 2777 2890 2839 είς
2916 2778 3316 2843 Μακεδονίαν,
3351 2778 3478 2831 .xai
3534 2778 3698 2830 πάλιν

2143 2863 2260 2918 ἀπὸ
2297 2865 2670 2931 Μακεδονίας
2699 2866 2902 2920 ἐλθεῖν
2916 2867 3066 2936 πρὸς
3094 2867 3270 2937 ὑμᾶς.
3307 2869 3406 2922 καὶ
3431 2870 3535 2936 ὑφ’
3556 2869 3698 2925 ὑμῶν

2143 2957 2599 3025 προπεμφθῆναι
2627 2957 2713 3023 εἰς
2729 2957 2843 3022 τὴν
2877 2958 3175 3012 Ἰουδαίαν
3196 2976 3210 2990 ο
3240 2960 3416 3014 τοῦτο
3447 2956 3694 3024 οὖνβου-

2141 3046 2488 3114 λευόμενος,
2524 3047 2608 3116 μή
2647 3065 2698 3101 τι
2726 3041 2842 3115 ἄρα
2876 3048 2948 3116 τῇ
2971 3049 3227 3118 ἐλαφρίᾳ
3261 3050 3694 3117 ἐχρησάμηνςῆ

2144 3139 2182 3192 ἆ
2203 3139 2577 3205 βουλεύομαι
2629 3141 2779 3194 κατὰ
2851 3142 3049 3207 σάρκα
3080 3141 3461 3208 βουλεύομαι
3493 3158 3512 3204 ;
3542 3143 3634 3195 ἵνα
3665 3137 3698 3211 ᾖ

2145 3232 2279 3299 ,παρ’
2309 3232 2433 3300 ἐμοὶ
2477 3232 2565 3298 τὸ,
2607 3231 2738 3295 Nai,
2781 3233 2904 3296 ναὶ,
2933 3232 3030 3286 καὶ
3060 3232 3148 3296 τὸ,
3179 3233 3282 3295 Οὒ,
3320 3234 3415 3286 οὔ.

2213 3325 2350 3396 Ποία
2381 3324 2552 3396 ταύτῃ
2603 3326 2886 3397 θαῤῥήσει,
2941 3327 3105 3397 mia;
3141 3327 3220 3395 τῷ
3282 3328 3590 3395 καυχᾶσθαι
3628 3329 3698 3396 ἐρ’

2147 3414 2295 3484 ὑμῖν,
2359 3416 2435 3485 τῷ
2482 3417 2740 3487 καύχημα
2773 3417 2926 3486 ὑμῶν
2983 3414 3123 3470 εἶναι
3161 3419 3223 3469 τὸ
3268 3420 3495 3486 ἀγαπᾷν
3553 3419 3696 3486 ὑφ,

2144 3505 2222 3575 τῷ
2253 3507 2419 3576 μηδὲν
2453 3509 2667 3570 ἑαυτοῖς
2725 3509 3020 3561 συνειδέναι
3067 3509 3320 3577 πονηρόν.
3354 3508 3558 3580 [1³912]
3599 3509 3700 3561 Ἐπὶ

2145 3596 2338 3668 ταύτῃ,
2370 3596 2521 3666 φησὶ,
2554 3600 2617 3666 τῇ
2645 3598 2961 3668 προσδοκίᾳ,
2995 3597 3088 3649 ἐπὶ
3131 3596 3305 3670 ταύτῃ
3331 3602 3396 3668 τῇ
3429 3598 3620 3661 ἐλπίδι,
3649 3601 3698 3665 τῇ

2147 3689 2242 3742 καὶ
2274 3689 2416 3758 ὑμᾶς
2437 3689 2566 3757 ὲμδν
2596 3685 2736 3742 εἶναι
2773 3689 3035 3759 καύχημα
3082 3691 3421 3760 ἐγγυωμένη·
3444 3692 3500 3743 ὲν
3543 3689 3700 3758 ἐκείνῃ

2145 3783 2210 3848 τῇ
2243 3781 2445 3850 ἡμέρᾳ,
2483 3780 2577 3832 καὶ
2613 3781 2711 3849 ἐμὲ
2743 3778 2879 3832 εἶναι
2910 3780 3082 3850 ὑμῶν.
3132 3782 3192 3833 Εἰ
3228 3781 3285 3832 δὲ
3315 3783 3410 3832 ἐπὶ
3435 3781 3605 3850 ταύτῃ
3649 3781 3698 3848 τῇ

2148 3869 2470 3940 πεποιθήσει
2509 3870 2684 3922 ἐλθεῖν
2713 3869 3036 3940 ἐδουλόμην,
3089 3870 3248 3938 δῆλον
3274 3872 3358 3923 ὅτι
3385 3872 3594 3940 σφοδρὰ
3628 3870 3698 3922 καὶ

2148 3961 2315 4030 πολλὴ
2337 3956 2402 4031 ἧν
2430 3963 2463 4030 ἡ
2496 3961 2768 4031 βούλησις.
2797 3963 2868 4014 Οὔ
2902 3960 3010 4031 γὰρ
3032 3962 3346 4031 ἀνθρωπίνη
3374 3957 3465 4030 ἦν,
3485 3961 3619 4014 ἀλλα
3635 3959 3696 4012 διὶ

2149 4052 2324 4105 κοινὸν
2377 4051 2588 4123 κέρδος,
2622 4053 2720 4106 καὶ
2765 4052 3042 4123 σωτηρίαν
3098 4053 3360 4122 ψυχικήν.
3392 4052 3557 4105 Ὥστε
3581 4053 3698 4104 ἄκων

2148 4143 2415 4214 ὲνεκόπην
2440 4144 2541 4213 τῆς
2589 4144 2916 4215 βουλήσεως.
2961 4145 3035 4197 Οὐ
3067 4147 3173 4214 γὰρ
3211 4144 3277 4198 ἂν
3309 4144 3456 4196 ἑκὼν
3486 4145 3696 4197 τοιοῦτον

2148 4235 2371 4306 κέρδους
2396 4235 2666 4306 ἠμέλησα.
2691 4235 2861 4288 Τοῦτο
2884 4236 2938 4288 δὲ
2971 4236 3192 4306 βεὸαίαν
3221 4236 3314 4289 καὶ
3351 4236 3700 4306 ἀληθεστάτην

2147 4327 2444 4396 ἀπολογίαν
2461 4326 2882 4391 κατασκευάζων
2904 4327 3148 4381 τέθεικεν
3172 4343 3184 4356 ·
3212 4325 3386 4390 οὕτως
3416 4325 3693 4397 ἐφρόντιζε.

2153 4418 2342 4488 μηδενὶ
2385 4418 2681 4472 σκανδάλου
2725 4419 3025 4488 παρασχεῖν
3058 4417 3350 4486 πρόφασιν.
3383 4433 3403 4466 ι
3444 4417 3563 4469 ἰνα
3599 4416 3695 4467 δευο

468 4517 586 4564 erat
611 4510 741 4564 nulli
780 4511 1020 4580 praebere
1043 4528 1232 4567 ausam
1264 4514 1596 4572 oﬂ‘endiculi.
1656 4539 1674 4570 ι
1714 4518 1782 4575 Ut
1815 4524 2040 4581 alteram

2150 4511 2308 4578 τέραν
2329 4507 2487 4579 χάριν
2521 4509 2700 4578 ἔχητε.
2736 4527 2755 4560 ι
2792 4509 2906 4577 Τήν
2928 4525 2987 4561 τε
3029 4507 3117 4561 διὰ
3149 4507 3249 4576 τῆς
3280 4507 3558 4578 προτέρας
3597 4508 3695 4557 im-

472 4600 746 4656 liaberetis
775 4602 1022 4670 gratiam.
1061 4621 1079 4654 ι
1123 4603 1186 4657 Et
1213 4620 1308 4674 per
1349 4608 1582 4674 priorem
1616 4611 1866 4668 videlicet
1895 4617 2046 4685 epis-

471 4690 635 4744 tolam
671 4698 724 4744 et
754 4707 849 4760 per
880 4707 1052 4745 meam
1101 4695 1466 4761 praesentiam.
1531 4695 1598 4751 Ut
1631 4699 1850 4769 duplam
1889 4701 2046 4758 liabe-

473 4784 604 4836 retis
635 4784 888 4852 gratiam,
918 4799 1112 4853 nempe
1146 4792 1199 4838 et
1238 4786 1588 4856 epistolarmu
1638 4798 1691 4841 et
1724 4792 2042 4858 praesentius.

470 4872 711 4927 Gratiam
743 4883 923 4930 autem
956 4876 1087 4929 dicit
1111 4877 1390 4946 gaudium.
1423 4896 1440 4928 ι
1477 4877 1537 4930 Ει
1565 4893 1658 4946 per
1682 4895 1778 4934 vos
1813 4882 2046 4938 transire

472 4963 526 5016 in
558 4962 946 5020 Macedoniam.
987 4986 1005 5018 ι
1028 4968 1194 5036 Atqui
1230 4970 1282 5022 in
1311 4969 1491 5038 priore
1517 4968 1758 5039 Epistola
1791 4971 2044 5025 dixerat:

479 5071 497 5103 ι
543 5050 764 5108 Veniam
822 5063 1001 5109 autem
1061 5057 1126 5110 ad
1169 5073 1266 5113 vos
1297 5073 1420 5112 cum
1463 5060 1835 5114 Macedoniam
1871 5072 2049 5116 trans-

451 5138 588 5197 ’ἱειο
611 5145 653 5205 ’,
691 5161 709 5195 ι
747 5144 837 5199 hic
887 5153 1068 5200 autem
1113 5147 1232 5202 ait:
1279 5148 1632 5204 Decreveram
1669 5151 1819 5220 prius
1862 5154 2051 5207 venire

473 5234 540 5288 ad
570 5249 686 5288 vos.
718 5231 858 5298 Quid
909 5235 1074 5303 ergo?
1115 5251 1240 5289 num
1293 5237 1396 5292 sibi
1429 5239 1529 5308 ipsi
1577 5240 1888 5294 contrarius
1918 5243 2050 5296 est?

472 5323 726 5390 Minime;
761 5325 856 5379 sed
885 5325 990 5378 hoc
1014 5325 1147 5379 dicit
1178 5344 1192 5381 :
1245 5326 1477 5384 Tantum
1515 5331 1692 5384 abfuit
1728 5341 1784 5384 ut
1827 5334 2048 5401 pigrita-

471 5430 562 5470 rer
607 5417 793 5470 venire
843 5414 908 5470 ad
951 5431 1066 5481 vos,
1122 5427 1177 5470 ut
1219 5427 1480 5486 quantum
1523 5421 1586 5472 ad
1628 5437 1805 5474 meum
1850 5425 2042 5478 attinet

473 5508 739 5575 animum,
771 5507 958 5572 etiam,
1000 5507 1318 5578 priusquam
1365 5509 1734 5567 Macedoniam
1778 5516 2040 5584 viderem,

472 5594 537 5649 ad
570 5612 665 5652 vos
721 5597 906 5652 venire
964 5596 1176 5666 vellem,
1225 5605 1280 5651 at
1323 5614 1428 5653 nou
1473 5615 1857 5660 successerunt
1913 5609 2044 5664 mihi

543 5768 564 5798 ’
595 5775 613 5830 Ι
652 5777 777 5836 Cor.
813 5797 885 5848 ri,
915 5781 970 5837 5.

2154 4601 2366 4670 στολῆς.
2423 4600 2516 4652 καὶ
2549 4599 2636 4652 διὰ
2677 4599 2778 4667 τῆς
2809 4599 2948 4668 ἐμῆς
3002 4596 3327 4666 παρουσίας.
3369 4596 3495 4648 Ἵνα
3531 4593 3691 4658 διπλῆν

2152 4693 2310 4763 χάριν
2339 4691 2519 4760 ἔχητε,
2553 4691 2648 4745 καὶ
2698 4691 2787 4743 διὰ
2831 4691 2937 4742 τῶν
2965 4689 3306 4760 γραμμάτων
3341 4687 3436 4741 καὶ
3490 4686 3575 4738 διὰ
3616 4683 3692 4750 τῆς

2151 4785 2473 4853 παρουσίας.
2499 4783 2674 4853 Χάριν
2695 4781 2883 4850 δὲ,τὴν
2909 4782 3082 4850 χαρὰν
3099 4780 3268 4846 λέγει.
3305 4799 3322 4829 ι
3346 4779 3456 4831 Καὶ
3485 4779 3550 4830 δι’
3570 4773 3691 4842 ὑμῶν

2150 4876 2376 4929 διελθεῖν
2405 4878 2484 4937 είς
2533 4872 2891 4928 Μακεδονίαν.
2933 4891 2951 4924 ι
3010 4872 3119 4925 Καί
3147 4888 3229 4924 τοι
3263 4872 3321 4924 ὲν
3367 4873 3432 4940 τῇ
3485 4866 3687 4936 προτέρᾳ

2152 4968 2367 5038 εἰρήκει
2401 4966 2714 5035 Ἐπιστολῇ,
2739 4984 2756 5016 ι
2793 4963 3114 5032 Ἐλεύσομαι
3147 4965 3204 5016 δὲ
3233 4964 3368 5034 πρὸς
3401 4964 3563 5032 ὑμᾶς,
3589 4960 3687 5012 ὅταν

2150 5059 2487 5114 Μακεδονίαν
2510 5058 2721 5121 διέλθω,
2761 5075 2777 5107 ι
2839 5055 3071 5110 ἐνταῦθα
3100 5056 3154 5108 δέ
3185 5072 3376 5125 φησιν,
3405 5056 3487 5107 ὅτι
3530 5050 3684 5105 Ἡδον-

2150 5150 2323 5220 λὸμην
2365 5149 2628 5218 πρότερον
2662 5146 2836 5199 ἐλθεῖν
2872 5147 3007 5217 πρὸς
3059 5147 3223 5214 ὑμᾶς.
3267 5146 3331 5199 Τί
3378 5145 3473 5199 οὖν
3504 5162 3518 5210 ;
3547 5136 3686 5205 ἑαυτῷ

2151 5239 2516 5306 ἑναντιοῦται;
2550 5239 2640 5308 Μὴ
2667 5239 2896 5306 γένοιτο.
2939 5235 3101 5290 una
3130 5235 3286 5288 τοῦτο
3330 5234 3501 5302 λέγει·
3526 5227 3686 5284 Τοσοῦ-

2151 5351 2262 5397 τον,
2304 5335 2489 5402 φησὶν,
2544 5331 2781 5400 ἀπέσχον
2829 5328 2923 5382 τοῦ
2988 5327 3302 5399 ῥᾳθυμῆσαι
3351 5327 3524 5378 ἐλθεῖν
3576 5319 3685 5390 πρὸς

2148 5427 2313 5497 ὑμᾶς,
2337 5427 2417 5478 ὅτι
2439 5426 2560 5477 ὅσον
2589 5417 2724 5493 ἧκεν
2760 5424 2836 5483 εἰς
2870 5421 2967 5489 τὴν
3005 5420 3143 5488 ἐμὴν
3175 5419 3422 5487 γνώμην,
3457 5416 3545 5468 καὶ
3582 5411 3684 5480 πρὶν

2149 5516 2487 5573 Μακεδονίαν
2516 5514 2630 5577 ῐδω,
2667 5512 2842 5566 ἐλθεῖν
2891 5511 3026 5581 πρὸς
3059 5511 3202 5580 ὑμᾶς
3228 5509 3443 5580 ἤθελον,
3485 5502 3686 5560 ἀλλὀὐκ

2152 5606 2330 5677 ἀπέϐη
2368 5621 2481 5676 μοι,
2519 5604 2673 5674 φησὶ,
2703 5601 2842 5656 κατὰ
2865 5602 3088 5671 γνώμην
3125 5599 3200 5654 τὰ.
3222 5598 3533 5670 πράγματα.
3558 5611 3574 5644 ι
3595 5591 3682 5645 κει
