3906 6544
108 431 231 498 9‘25

1039 425 1424 485 COMMENT.
1468 424 1544 482 IN
1589 423 1826 484 EPIST.
1868 423 1930 482 II
1969 423 2078 482 AD
2111 420 2469 481 CORINTH.

103 542 208 598 ὕφ’
243 538 401 610 ὑμῶν
424 538 847 610 προπεμφθῆναι
879 539 958 600 εἰς
983 534 1082 606 τὴν
1122 535 1403 590 Ἰουδαίαν.
1448 555 1466 588 ι
1517 537 1604 588 Ἐν
1629 537 1693 605 τῇ

1804 534 2055 603 rcsjuxta
2088 535 2442 588 voluntatem.
2484 551 2504 584 ι
2543 531 2609 584 At
2653 546 2683 584 a
2729 527 2882 584 vobis
2919 525 3142 582 deducit
3183 526 3235 579 in
3265 523 3385 578 ιιι-ο

104 634 360 706 προτέρᾳ
377 630 661 700 Ἐπιστολῇ
689 625 861 682 εἶπεν
895 629 1012 683 Ἵνα
1031 629 1186 699 ὑμεῖς
1217 647 1283 698 με
1311 629 1691 700 προπέμψητε,

103 719 171 781 οὗ
210 728 306 779 ἐὰν
331 723 664 795 πορεύωμαι.
688 721 803 775 Νῦν
831 721 886 775 δὲ
916 720 1084 787 λέγει,
1109 719 1213 772 ποῦ
1246 719 1438 790 ἔμελλε
1467 719 1694 788 πορεύε-

105 819 262 882 σθαι,
329 817 410 868 ὅτι
435 817 490 867 ἐν
526 816 590 884 τῇ
627 812 874 883 Ἰουδαίᾳ.
922 813 1030 864 Καὶ
1053 811 1160 882 γὰρ
1189 810 1310 864 τότε
1338 810 1544 880 ἠγνόει,
1590 809 1692 862 πού

103 907 400 962 κελεύεται
431 904 536 958 ὑπὸ
561 903 653 958 τοῦ
695 901 832 956 Πνεύ
842 919 1008 972 ματος
1033 900 1308 966 ἀπελθεῖν,
1337 901 1431 953 νῦν
1454 900 1532 960 δὲ.
1551 901 1692 968 ἠκη-

105 1004 232 1054 κόει
290 999 495 1051 λοιπόν.
535 997 699 1066 Ὁρᾷς
729 995 889 1048 αὐτὸν
924 992 1199 1061 Πνεύματι
1253 989 1528 1060 πανταχοῦ
1561 989 1692 1055 ἀγό-

104 1109 280 1157 μενον
307 1109 325 1158 ;
364 1110 382 1142 ι
416 1088 587 1142 Τοῦτο
607 1087 700 1142 οὖν
745 1085 1152 1157 βουλευόμενος.
1192 1103 1212 1137 ι
1242 1084 1413 1136 Τοῦτο
1443 1077 1536 1136 οὖν
1566 1081 1691 1151 βου-

105 1183 408 1247 λευόμενος
440 1181 501 1232 τὸ
557 1178 732 1232 ἐλθεῖν
766 1174 902 1244 πρὸς
956 1175 1122 1244 ὑμᾶς,
1174 1173 1317 1236 τίνος
1362 1174 1551 1226 ’ἐνεκεν
1592 1173 1692 1224 ούκ

99 1267 312 1342 ἧλθονς
346 1266 492 1339 Ἆρα
520 1267 593 1330 ὡς
618 1267 850 1336 ἐλαφρὸς
881 1267 974 1318 καὶ
1020 1265 1331 1336 εὐρίπιστος
1357 1265 1450 1317 καὶ
1475 1265 1584 1326 τοῖς
1613 1265 1691 1317 ol-

99 1361 283 1425 ἐείοις
320 1358 726 1428 ἐναντιούμενος
757 1357 974 1424 λόγοιςς
1020 1356 1113 1426 Μὴ
1168 1355 1398 1422 γένοιτο.
1438 1353 1598 1406 Ἀλλὰ
1641 1351 1693 1406 τί

100 1454 164 1507 τὸ
202 1454 382 1505 αἴτιον
408 1468 423 1516 ;
474 1453 597 1504 Ὅτι
623 1449 659 1504 ἃ
687 1450 1034 1520 βουλεύομαι.
1071 1449 1254 1518 φησὶν,
1317 1447 1377 1500 ού
1409 1446 1547 1500 κατὰ
1569 1445 1694 1516 σάρ-

101 1563 179 1598 κα
213 1544 565 1614 βουλεύομαι,
600 1543 684 1596 ἴνα
715 1539 904 1617 ᾖπαρ’
936 1542 1061 1611 ἐμοὶ
1077 1542 1136 1594 τὸ
1166 1541 1291 1600 Ναὶ.
1323 1540 1451 1599 Ναὶ,
1490 1539 1583 1592 καὶ
1609 1537 1689 1598 τὸ,

102 1637 207 1698 Οῧ.
236 1639 326 1691 οὗ.
363 1639 542 1707 Ὅπερ
603 1637 762 1699 αὐτὸς
789 1635 1222 1706 ἐρωτηματικῶς
1246 1635 1476 1688 τέθεικε.
1515 1632 1697 1686 Καὶτί

105 1730 396 1797 βούλεται,
457 1730 579 1799 ὅρα.
626 1728 686 1782 '0
719 1727 1004 1798 σαρκικὸς,
1041 1726 1226 1795 φησιν,
1279 1725 1560 1793 ἅνθρωπος
1597 1723 1692 1775 καλ¹

102 1819 256 1872 κατὰ.
291 1820 472 1888 σάρκα
496 1817 909 1888 βουλευόμενος,
937 1809 1048 1869 οἷον
1074 1817 1100 1867 ὁ
1145 1813 1218 1883 μὴ
1263 1812 1528 1880 ἀγόμενος
1556 1808 1691 1880 πρὸς

101 1913 172 1964 τὰ
233 1912 491 1982 reparata.
536 1913 603 1982 τῇ
680 1909 933 1981 ἐνεργείᾳ
986 1907 1080 1961 τοῦ
1121 1904 1459 1974 Πνεύματος.
1503 1900 1692 1970 κύριός
1725 1889 1768 1946 Β

103 2005 262 2056 ἐστιν
299 2004 520 2057 ἀπιέναι
552 2003 684 2056 ὅπου
713 2002 984 2072 βούλεται,
1017 2000 1044 2051 ὁ
1074 1997 1126 2050 δὲ
1153 1999 1215 2049 ἐκ
1243 1995 1336 2049 τοῦ
1377 1992 1692 2062 Πνεύματος

103 2097 410 2166 ἀγόμενος,
440 2094 539 2148 οὐκ
563 2094 676 2164 ἔχει
707 2093 955 2160 ἐξουσίαν
990 2089 1221 2162 βαδίζειν
1250 2089 1382 2140 ὅπου
1403 2085 1564 2138 θέλει.
1599 2085 1690 2134 Δε-

107 2190 294 2261 σπότῃ
323 2188 432 2257 γὰρ
457 2187 819 2239 ὑποτέτακται
844 2179 1294 2254 τῷῐῐαρακλήτῳ,
1317 2175 1412 2230 κοιλ¹
1434 2173 1510 2244 τῷ
1527 2172 1691 2226 αὑτοῦ

105 2281 352 2350 νεύματι
394 2281 564 2332 εἴκειν
596 2276 986 2346 ἀναγκάζεται.
1021 2274 1183 2325 Ὥστε
1219 2270 1278 2323 τὺ
1311 2267 1480 2321 ἐλθεῖν
1499 2266 1596 2335 οὐχ
1619 2264 1695 2328 ὡς

104 2372 435 2443 εύρίπιστος
465 2375 557 2424 καὶ
581 2369 813 2438 ἐλαφρὸς
846 2371 940 2418 καὶ
975 2362 1296 2435 ψευδολόγος
1328 2357 1691 2429 ὑπερεθέμην,

106 2464 252 2517 ἀλλὰ
289 2461 384 2516 τοῦ
413 2461 731 2531 Πνεύματος
755 2453 797 2527 ᾧ
825 2458 1049 2526 ἄγομαι,
1082 2457 1115 2525 ἡ
1141 2454 1308 2521 αἰτία,
1333 2451 1425 2506 τοῦ
1461 2448 1694 2518 ἀλλαχοῦ

105 2556 216 2626 ἧπτε
226 2572 260 2626 ρ
286 2553 586 2624 ἐϐουλόμην
611 2549 1004 2618 ἄξαντος.⁹ὐρα
1029 2545 1086 2598 δὲ
1111 2545 1322 2612 σοφίαν
1347 2544 1480 2612 ὅπερ
1506 2541 1555 2593 oi
1580 2541 1695 2593 δια-

107 2647 406 2708 ϐάλλοντες
423 2645 694 2713 πρόφασιν
710 2641 974 2711 λοιδορίας
993 2637 1294 2700 ἐποιοῦντο,
1313 2635 1372 2688 τὸ
1389 2632 1664 2703 ύποσχόμε
1676 2659 1696 2671 -

105 2756 199 2792 νον
255 2738 333 2808 μὴ
369 2735 561 2798 ἐλθεῖν,
591 2733 748 2787 τοῦτο
771 2732 930 2794 αὐτὸς
961 2730 1232 2800 πρόφασιν
1263 2726 1542 2796 ἐγκωμίου
1576 2741 1698 2776 ποι-

106 2833 282 2897 εῖται,
313 2829 376 2881 τὸ
409 2827 484 2899 μὴ
513 2825 844 2891 ἐξουσιάζειν
896 2821 1124 2884 ἑαυτοῦ,
1172 2819 1287 2874 ἀλλ’
1324 2815 1554 2883 ἄγεσθαι
1592 2815 1698 2868 ὑπὸ

105 2921 203 2977 τοῦ
260 2921 582 2990 Πνεύματος
606 2919 736 2971 ὅπου
763 2915 910 2986 αύτῷ
953 2913 1113 2979 δόξει⁹
1155 2931 1172 2963 ι
1201 2912 1271 2964 Ἢ
1298 2909 1331 2963 ἃ
1373 2907 1698 2978 βουλεύομαι

106 3013 260 3069 κατά
289 3015 468 3084 σάρκα
497 3009 856 3083 βουλεύομαι;
898 3026 919 3060 ι
955 3037 1024 3048 -
1051 3002 1255 3078 [ΦΩΤ.]
1296 2999 1586 3078 Ἀποροῦσί
1619 3016 1698 3050 τι-

108 3125 198 3172 νες
228 3107 515 3174 λέγοντες⁹
553 3103 781 3172 Πότερον
803 3101 838 3156 ἃ
868 3099 1116 3172 βούλεται
1151 3094 1361 3156 Παῦλος
1401 3093 1493 3145 καὶ
1532 3095 1700 3157 ἐπαγ-

1794 628 2035 681 dzeam.)
2090 625 2144 679 In
2193 627 2371 695 priore
2409 624 2648 692 Epistola
2704 622 2963 677 dixerat:
3007 618 3074 676 Ut
3125 632 3221 672 vos
3277 633 3366 670 me

1793 719 2078 772 deducatis
2123 733 2451 786 quocunque
2484 715 2821 785 proﬁciscar.
2866 729 3012 766 nunc
3053 726 3178 764 vero
3227 708 3362 764 dicit

1793 823 1901 878 quo
1934 807 2278 879 profecturus
2303 816 2447 870 erat,
2469 821 2666 875 nem-pe
2690 807 2742 858 in
2778 802 3044 858 Iudaeam.
3078 800 3365 871 Siquidem

1793 909 1925 956 tunc
1957 899 2241 969 ignorabat
2283 915 2392 967 quo
2433 900 2608 966 ipsum
2648 897 2863 964 jubet-et
2916 893 3154 964 Spiritus
3201 889 3368 962 proﬁ-

1794 994 1926 1047 cisci
1979 1009 1993 1044 :
2039 1005 2191 1044 nunc
2254 1001 2431 1044 autem
2481 989 2591 1056 jam
2641 987 2907 1041 audierat.
2961 985 3124 1040 Vides
3179 983 3367 1050 itaque

1794 1085 1974 1154 ipsum
2005 1083 2254 1152 ubiquea
2285 1080 2488 1150 Spiritu
2521 1080 2688 1134 duci?
2715 1097 2738 1130 ο
2777 1078 2890 1133 lloc
2915 1080 3080 1148 igitur
3103 1093 3226 1131 cum
3253 1085 3366 1128 sta-

1798 1175 2042 1228 tuissem.
2091 1190 2110 1222 ι
2146 1172 2283 1226 Cum
2325 1171 2489 1238 igitur
2533 1171 2635 1224 hoc
2662 1169 2998 1233 statuissem,
3053 1181 3245 1234 nempe
3275 1179 3369 1218 ve-

1792 1263 1910 1317 nire
1965 1261 2032 1316 ad
2072 1275 2190 1324 vos,
2249 1275 2412 1329 quam
2471 1257 2542 1313 ob
2594 1272 2709 1311 rem
2782 1272 2890 1310 non
2950 1253 3112 1309 veni?
3163 1253 3245 1306 An
3311 1250 3367 1305 id

1795 1354 1954 1408 omisi
2023 1363 2280 1418 tanquam
2335 1349 2473 1403 levis
2530 1355 2586 1402 et
2649 1345 2942 1410 instabilis,
2995 1343 3198 1411 quique
3239 1355 3366 1406 pro-

1794 1447 1926 1516 priis
1946 1453 2133 1499 contra
2145 1443 2258 1497 rius
2277 1445 2378 1496 sim
2403 1436 2791 1495 sermonibus?
2811 1435 3185 1504 Nequaquam.
3203 1431 3366 1502 602

1793 1540 1934 1607 Quid
1984 1540 2149 1608 igitur
2193 1538 2248 1592 in
2283 1551 2450 1590 causa
2493 1535 2628 1589 fuit?
2677 1532 2817 1599 Quia
2866 1546 2986 1598 quae
3031 1537 3247 1591 statuo,
3283 1531 3370 1581 in-

1793 1633 1932 1702 quit,
1989 1646 2097 1684 non
2169 1628 2471 1684 secundum
2544 1640 2764 1680 carnem
2843 1631 3065 1683 statuo,
3139 1630 3196 1674 ut
3259 1621 3371 1674 sint

1792 1725 1932 1792 apud
1974 1738 2060 1776 me
2103 1722 2276 1774 Etiam
2313 1718 2513 1784 Etiam,
2577 1724 2633 1772 et
2683 1714 2804 1770 Non
2844 1714 2961 1768 Non
3000 1730 3016 1766 :
3057 1712 3199 1782 quod
3255 1711 3376 1778 ipse

1793 1816 2188 1886 interrogative
2240 1814 2446 1884 posuit.
2503 1811 2568 1865 Et
2605 1810 2732 1864 vide
2780 1809 2916 1880 quid
2948 1808 3099 1861 velit.
3155 1805 3371 1863 Carnis.

1797 1913 1991 1980 inquit,
2023 1912 2186 1966 homo
2217 1921 2271 1965 et
2301 1907 2606 1966 secundum
2631 1921 2851 1962 carnem
2883 1911 3153 1966 statuens,
3185 1910 3244 1955 ut
3277 1900 3373 1969 qui

1795 2005 1862 2060 ad
1891 2019 1956 2060 ea
1978 2020 2099 2073 qua
2126 2003 2337 2072 agenda
2355 2012 2485 2058 sunt
2518 2017 2625 2056 non
2657 2001 2881 2056 ducitur
2901 1998 3224 2068 operatione
3249 1993 3377 2062 Spi-

1795 2099 1953 2164 ritus,
2001 2099 2048 2153 is
2086 2099 2170 2153 sui
2215 2098 2472 2154 dominus
2531 2103 2637 2158 est,
2685 2095 2846 2164 eique
2880 2093 3114 2149 liberum
3165 2098 3248 2144 est
3297 2088 3378 2142 ire

1794 2207 1902 2260 quo
1930 2191 2163 2246 voluerit
2191 2209 2204 2244 :
2233 2191 2324 2258 qui
2360 2205 2487 2244 vero
2511 2205 2538 2242 a
2573 2187 2779 2257 Spiritu
2805 2185 3046 2246 ducitur.
3087 2182 3210 2237 huic
3238 2181 3375 2234 libe-

1798 2300 1915 2338 rum
1950 2298 2054 2338 non
2085 2293 2170 2338 est
2197 2285 2276 2338 ire
2305 2298 2414 2352 quo
2444 2281 2573 2336 velit
2608 2299 2622 2336 :
2651 2279 2921 2350 siquidem
2956 2277 3184 2332 Domino
3213 2274 3379 2328 Para-

1799 2377 1942 2430 cleto
1973 2376 2254 2442 subjectus
2276 2382 2382 2436 est.
2419 2374 2649 2442 ejusque
2693 2371 2848 2426 untui
2887 2369 3109 2424 obedire
3141 2366 3376 2436 cogitur.

1798 2467 1984 2536 Itaque
2013 2482 2120 2522 non
2170 2475 2429 2536 tanquam
2482 2464 2778 2528 instabilis,
2825 2461 2959 2516 levis
3002 2467 3098 2513 aut
3147 2457 3379 2512 mendax

1797 2559 1983 2612 venire
2010 2558 2195 2612 diStuli
2225 2575 2241 2612 :
2268 2558 2360 2612 sed
2395 2555 2659 2625 Spiritus,
2690 2571 2719 2608 a
2763 2568 2876 2625 quo
2901 2553 3094 2614 ducor,
3130 2551 3184 2604 in
3213 2561 3380 2602 causa

1801 2651 1921 2714 fuit,
1949 2651 2038 2720 qui
2070 2650 2181 2703 alio
2212 2664 2376 2718 quam
2413 2655 2709 2702 statueram
2739 2659 2825 2700 me
2877 2643 3050 2699 duxit.
3082 2639 3382 2695 Considera

1800 2757 1928 2798 vero
1967 2741 2292 2811 sapientiam
2331 2757 2346 2794 :
2380 2739 2531 2810 quod
2573 2736 3000 2811 calutitnizitores
3035 2745 3256 2786 causam
3303 2726 3384 2778 fa-

1800 2836 2018 2890 ciebant
2045 2833 2293 2896 convitii,
2340 2845 2536 2899 nempe
2567 2828 2710 2898 quod
2744 2802 2865 2880 cuni
2899 2822 3242 2894 promisisset
3276 2833 3382 2872 non

1803 2929 2060 2991 venisset,
2088 2926 2189 2980 hoc
2219 2925 2334 2994 ipse
2355 2921 2706 2978 occasionem
2737 2918 2917 2973 reddit
2947 2912 3183 2969 encomii
3210 2927 3224 2964 :
3255 2917 3384 2979 puta

1803 3019 1946 3090 quod
1970 3018 2053 3074 sui
2079 3015 2249 3085 ipsius
2280 3021 2600 3083 potestatem
2622 3023 2730 3064 non
2753 3007 2970 3068 haheat,
2995 3003 3088 3059 sed
3119 3016 3151 3054 a
3179 2999 3384 3067 Spiritu

1803 3111 2036 3164 ducatur
2072 3120 2401 3180 quocupque
2444 3103 2522 3156 illi
2572 3101 2747 3154 visum
2801 3097 2984 3152 fuerit.
3021 3111 3039 3145 ι
3096 3094 3204 3146 Aut
3252 3103 3381 3142 num

109 3199 375 3268 γέλλεται
404 3214 468 3248 πε
477 3196 532 3267 pl.
548 3193 652 3248 τῶν
678 3195 773 3261 τῆς
789 3194 1020 3253 πίστεως
1034 3188 1337 3257 δογμάτων,
1355 3183 1494 3236 κατὰ
1519 3181 1694 3250 σάρκα

1804 3215 1925 3268 quae
1949 3205 2152 3261 statuo,
2180 3178 2480 3250 secundum
2512 3203 2730 3244 carnem
2762 3183 2980 3241 statuo?
3000 3202 3096 3235 »-
3121 3178 3385 3232 llaesitant

112 3293 375 3365 βούλεται
404 3296 494 3345 καὶ
521 3287 936 3357 ἐπαγγέλλεται,
989 3285 1022 3354 ἢ
1054 3281 1194 3336 κατὰ
1223 3279 1459 3348 πνεῦμα.
1494 3279 1556 3330 Et
1582 3275 1691 3345 γὰρ

1804 3293 2014 3363 quidam
2031 3291 2274 3346 dicentes
2300 3306 2312 3341 :
2339 3287 2530 3341 Utrum
2551 3297 2673 3351 qua:
2694 3278 2882 3335 statuit
2903 3274 3107 3330 Paulus
3127 3281 3220 3326 aut
3251 3283 3385 3338 pro-

110 3387 257 3442 κατᾶ
289 3384 533 3452 πνεῦμα,
589 3383 687 3436 οὐκ
715 3381 866 3433 ἔσται
899 3377 1062 3432 αὐτοῦ
1092 3375 1173 3438 τὸ,
1238 3391 1256 3424 t
1296 3372 1402 3426 Ναὶ
1433 3371 1555 3434 ναὶ,
1597 3367 1693 3421 καὶ

1804 3359 1962 3440 mittit
2011 3383 2078 3438 (le
2110 3381 2231 3436 ﬁdei
2278 3375 2571 3447 dogmatis,
2608 3370 2912 3429 secundum
2945 3381 3165 3424 carnem
3193 3359 3380 3417 statuit

110 3480 192 3545 τὺ,
233 3476 342 3542 Ob,
391 3476 475 3530 οὖ.
519 3495 537 3526 ›
571 3475 634 3527 Εἰ
690 3474 745 3525 δὲ
774 3472 914 3525 κατὰ
965 3470 1166 3539 σάρκα,
1226 3465 1342 3526 πῶς
1393 3463 1534 3525 θεῖα,
1578 3462 1694 3524 πῶς

112 3569 470 3639 πνευματικά
491 3583 507 3630 ;
531 3566 583 3618 τί
608 3562 718 3628 οὖν,
744 3562 904 3631 φασίν
926 3579 939 3624 ;
968 3561 1048 3614 ὅτι
1073 3560 1200 3628 περὶ
1223 3557 1329 3610 τῶν
1344 3555 1442 3624 τῆς
1464 3554 1698 3614 πίστεως

111 3663 432 3730 δογμάτων,
468 3658 590 3712 οὔτε
627 3675 679 3711 τι
713 3653 1104 3723 ἐπαγγέλλεται
1137 3647 1459 3716 αὐτὸς,ούτε
1484 3663 1537 3699 τι
1573 3645 1699 3715 βου-

112 3755 361 3808 λεύεται.
390 3751 712 3806 Δεσποτικαὶ
741 3748 851 3818 γὰρ
877 3748 934 3799 αἱ
987 3743 1334 3813 ἐπαγγελίαι,
1360 3740 1455 3794 καὶ
1485 3741 1580 3808 τῆς
1605 3753 1700 3806 με-

114 3847 296 3914 γάλης
332 3843 530 3914 βουλῆς
555 3843 622 3896 τὰ
653 3838 1015 3911 βουλεύματα.
1052 3832 1250 3904 Κῆρυξ
1275 3833 1332 3886 δὲ
1366 3831 1531 3902 μόνον
1555 3830 1705 3882 ἐστὶν

115 3940 144 3991 6
173 3936 396 3998 Παῦλος
435 3937 532 3987 καὶ
582 3933 857 3994 διάκονος.
888 3929 962 3992 ὠς
1007 3927 1100 3981 καὶ
1143 3924 1304 3987 αὑτός
1347 3939 1502 3992 φησι,
1542 3939 1559 3970 ι
1597 3937 1702 3990 μυ-

1797 3495 1859 3533 ac
1878 3475 2169 3547 promittit,
2187 3488 2258 3527 an
2279 3470 2580 3527 secundum
2601 3462 2894 3535 spiritum?
2921 3476 3044 3516 nam
3105 3456 3150 3513 si
3183 3468 3390 3509 secun-
3451 3507 3454 3509 ,

1800 3576 1928 3629 dum
1953 3572 2231 3642 spiritum,
2251 3583 2356 3621 non
2387 3566 2492 3621 erit
2526 3563 2698 3632 ipsius
2719 3579 2737 3612 ι
2760 3561 2930 3613 Etiam
2954 3556 3151 3618 Etiam,
3185 3558 3240 3605 et
3271 3548 3391 3602 Non

1811 3665 1964 3731 Non;
1999 3684 2016 3716 ι
2041 3664 2086 3718 si
2106 3675 2234 3716 vero
2261 3657 2562 3714 secundum
2581 3667 2824 3716 carnem,
2843 3647 3116 3720 quomodo
3133 3643 3390 3712 spiritua-

1804 3760 1901 3814 l'ia.
1937 3756 2078 3822 Quid
2109 3769 2264 3823 ergo,
2296 3749 2576 3818 inquiunt,
2608 3742 2940 3802 dicendum?
2973 3738 3127 3807 Quod
3160 3737 3226 3792 de
3270 3733 3394 3789 ﬁdei

1812 3850 2083 3921 dogmatis
2098 3862 2276 3915 neque
2291 3841 2718 3913 ipsequidquam
2737 3835 3026 3907 promittit,
3047 3846 3223 3898 neque
3237 3828 3396 3898 quid-

1804 3957 1966 4012 quam
2003 3939 2234 4001 statuit,
2276 3942 2405 3990 sunt
2460 3932 2608 3987 enim
2663 3927 2948 3984 Dominica
2997 3923 3292 3994 promissa,
3341 3934 3395 3980 οι

117 4031 377 4099 atq-piunt
423 4024 680 4098 Χριστοῦ.
716 4042 735 4076 ι
802 4020 1045 4082 Εἰκότως
1075 4013 1166 4071 οὖν
1195 4014 1356 4077 αὐτὸς
1399 4012 1458 4076 ἐξ
1510 4009 1700 4064 ἑαυτοῦ

1804 4009 1988 4098 magni
2038 4027 2186 4081 illius
2235 4021 2448 4080 consilii
2497 4020 2740 4074 decreta.
2789 4014 2978 4069 Pramo
3021 4018 3229 4066 tantum
3308 4014 3395 4061 est

117 4123 253 4193 περὶ
302 4119 512 4173 τούτων
559 4115 680 4171 οὔτε
744 4113 1057 4185 βουλεύεται
1109 4108 1232 4162 οὔτε
1286 4103 1702 4174 ἐπαγγέλλεται.

131 4215 281 4269 Ἀλλ’
321 4214 373 4266 εί
397 4212 523 4281 περὶ
548 4210 656 4263 τῶν
679 4209 774 4277 τῆς
801 4205 1040 4266 πίστεως
1061 4201 1350 4271 δογμάτων
1376 4199 1476 4250 οὐκ
1500 4195 1708 4260 ἔξεστιν
1731 4275 1739 4282 ι

119 4306 302 4377 αὐτῷ,
319 4304 502 4373 φασὶν,
522 4301 644 4356 οὔτε
681 4296 1076 4370 βουλεύσασθαι
1104 4292 1228 4347 οὔτε
1253 4286 1708 4358 ἐπαγγείλασθαι,

120 4397 273 4452 κατά
304 4397 487 4466 σάρκα
542 4393 605 4445 δὲ
631 4391 690 4444 οὐ
720 4390 799 4444 δεῖ
835 4387 994 4441 πάλιν
1021 4385 1181 4440 αὐτὸν
1219 4377 1574 4453 βουλεύεσθαι
1596 4378 1713 4447 (καὶ

1811 4120 2016 4174 Paulus
2047 4132 2112 4172 ac
2148 4116 2426 4177 minister,
2463 4111 2609 4166 sicut
2638 4109 2754 4176 ipse
2786 4107 2902 4171 ait,
2948 4121 2966 4156 t
3002 4100 3392 4176 mysteriorum

1811 4209 2016 4265 Christi
2049 4209 2115 4264 ’°.
2152 4227 2170 4260 ι
2223 4205 2340 4277 Ipse
2388 4204 2571 4272 itaque
2599 4199 2800 4255 merito
2850 4213 2913 4252 ex
2966 4196 3148 4263 seipso
3197 4190 3266 4246 de
3304 4190 3398 4245 his

1812 4304 1978 4358 rebus
1999 4315 2178 4371 neque
2208 4297 2401 4354 statuit
2431 4307 2608 4365 neque
2625 4289 2915 4363 promittit.
2945 4286 3051 4342 Sed
3091 4286 3134 4342 si
3167 4285 3233 4339 de
3269 4281 3391 4337 ﬁdei

1814 4392 2186 4462 dogmatibus,
2215 4388 2494 4457 inquiunt,
2549 4399 2654 4438 non
2704 4381 2831 4436 licet
2886 4378 2989 4447 ipsi
3033 4383 3274 4432 statuere
3299 4381 3396 4428 aut

119 4489 234 4559 γὰρ
266 4487 520 4547 κάκεῖνος
536 4481 917 4552 ἀποπέμπεται
951 4477 1109 4532 τοῦτο
1140 4477 1196 4531 ἐν
1230 4475 1307 4546 τῷ
1335 4474 1535 4541 λέγειν·
1576 4472 1648 4525 Ἢ
1678 4469 1700 4525 δ

1816 4486 2156 4556 promittere,
2207 4479 2509 4538 secundum
2557 4490 2778 4531 carnem
2829 4487 2958 4526 vero
3010 4483 3226 4523 rursum
3281 4480 3396 4520 non

124 4550 460 4649 βουλεύομαι
483 4574 625 4628 κατὰ
643 4550 822 4643 σάρκα
854 4569 1178 4640 βουλεύομαι
1200 4570 1239 4638 ;)
1267 4584 1279 4596 ο
1314 4567 1362 4619 εἰ
1391 4564 1484 4619 οὖν
1517 4563 1575 4616 ἐν
1607 4579 1700 4632 μη-

1818 4550 2033 4648 oportet
2077 4589 2200 4628 eum
2245 4580 2488 4626 statuere
2535 4566 2829 4636 (siquidem
2875 4565 2990 4634 ipse
3037 4573 3254 4632 quoque
3291 4557 3400 4611 hoc

121 4670 376 4741 δετέροις
407 4666 716 4738 βουλεύεται
767 4661 1254 4736 ἢέπαγγέλλεται,
1310 4659 1368 4711 ἐν
1412 4657 1556 4709 τίσιν
1603 4656 1712 4725 ἄρα

121 4764 270 4824 ὅλως
297 4759 607 4832 βουλεύεται
641 4759 674 4830 ἢ
710 4759 805 4820 τὰς
837 4753 1164 4822 ἐπαγγελίας
1188 4750 1473 4822 ποιήσεται
1495 4766 1510 4814 ;
1532 4747 1716 4814 Φαμὲν

123 4851 247 4917 οὖν,
281 4855 364 4906 ὅτι
386 4851 499 4904 ἔστι
529 4851 649 4904 θεῖα
688 4849 783 4904 καὶ
804 4845 1140 4918 ἀνθρώπινα,
1169 4843 1229 4914 ἢ,
1251 4845 1299 4894 εἰ
1327 4840 1526 4911 βούλει,
1551 4855 1716 4891 πνευ-

127 4944 365 5016 ματικὰ,
397 4943 490 4996 καὶ
524 4942 783 5012 σαρκικὰ.
816 4939 923 4993 Καὶ
973 4937 1080 5013 τῶν
1106 4932 1490 5005 πνευματικῶν
1515 4931 1572 4984 δέ
1597 4932 1716 4984 ἐστι

124 5035 370 5106 διαφορὰ.
412 5035 603 5105 πολλή.
652 5031 814 5085 Ἀλλὰ
853 5029 990 5092 τέως
1045 5028 1182 5100 πρὸς
1225 5026 1287 5080 τὸ
1332 5023 1708 5094 προκείμενον.

125 5129 212 5183 Τὰ
268 5128 371 5197 μέν
397 5128 533 5180 είσιν
571 5123 785 5191 ἀρεταὶ,
816 5122 884 5176 τὰ
914 5121 969 5173 δὲ
1000 5119 1162 5181 αὐτὸς
1187 5119 1216 5170 ὁ
1241 5116 1336 5170 τοῦ
1362 5115 1716 5186 κηρύγματος

125 5221 318 5288 λόγος,
351 5218 420 5270 τὰ
447 5216 500 5268 δὲ
523 5215 625 5268 οὐκ
657 5214 818 5276 αὐτὸς
844 5213 941 5282 μὲν
970 5203 1148 5272 οὗτος,
1173 5207 1284 5261 ἀλλ’
1310 5209 1457 5276 ὅμως
1483 5205 1716 5268 ἐκείνοις

127 5307 398 5380 ἁρμόζων
431 5306 481 5360 οἳ
517 5307 611 5360 καὶ
652 5307 744 5359 τὸν
770 5304 862 5358 τοῦ
893 5302 1250 5374 κηρύγματος
1282 5300 1440 5368 λόγον
1490 5297 1716 5367 παρεδέ-

130 5401 320 5466 ξαντο,
348 5400 383 5453 ἃ
414 5400 508 5452 καὶ
530 5397 726 5467 Παύλῳ
753 5397 930 5463 ἔξεστι
967 5397 1060 5450 καὶ
1087 5392 1438 5463 βουλεύεσθαι
1481 5393 1575 5444 καὶ⁵
1596 5391 1710 5444 δια-

128 5490 447 5545 τάττεσθαι.
481 5491 591 5545 Καὶ
619 5489 728 5557 γάρ
758 5505 942 5558 φησιν,
976 5505 994 5538 t
1049 5485 1347 5550 Ἐπιταγὴν
1378 5481 1584 5552 Κυρίου
1615 5481 1715 5533 οὐκ

131 5583 273 5655 Exta,
298 5583 526 5653 γνώμην
568 5581 624 5634 δὲ
657 5581 874 5650 δίδωμι,
927 5578 999 5642 ὡς
1027 5574 1322 5646 ἠλεημένος
1375 5572 1478 5626 ὑπὸ
1509 5572 1714 5643 Κυρίου

131 5673 330 5737 πιστὸς
353 5669 510 5726 εἶναι.
549 5690 570 5726 ι

1819 4667 2020 4736 reiicit,
2055 4665 2184 4719 dum
2213 4664 2289 4716 ait
2320 4679 2334 4716 :
2369 4679 2388 4713 ι
2421 4661 2530 4715 Aut
2566 4673 2694 4712 num
2716 4671 2836 4726 qua:
2853 4663 3056 4717 statuo,
3094 4649 3395 4708 secundum

1817 4772 2039 4813 carnem
2071 4752 2321 4824 statuo?)
2347 4769 2363 4818 ;
2388 4752 2434 4807 si
2465 4765 2595 4818 ergo
2619 4749 2674 4802 in
2700 4745 2911 4802 neutris
2938 4742 3130 4802 statuit
3154 4749 3246 4793 aut
3269 4753 3396 4807 pro-

1822 4850 2008 4914 mittit,
2050 4849 2102 4901 in
2147 4847 2348 4915 quibus
2377 4857 2506 4912 ergo
2535 4841 2763 4895 omnino
2801 4845 3005 4892 statuet
3035 4842 3127 4888 aut
3163 4831 3398 4902 promis-

1821 4944 2003 4999 siones
2034 4938 2229 4993 faciet?
2257 4935 2500 4990 Dicimus
2523 4946 2653 5002 ergo
2680 4927 2824 4998 quod
2847 4935 2974 4981 sunt
2990 4926 3193 4984 divina,
3215 4932 3270 4978 et
3291 4924 3414 4982 bus.

1815 5049 1996 5097 mana.
2027 5039 2124 5085 aut
2144 5029 2190 5084 si
2210 5026 2406 5092 mavis,
2433 5021 2742 5093 spiritualia
2760 5027 2815 5074 et
2831 5015 3072 5072 carnalia
3103 5031 3117 5068 :
3141 5015 3401 5084 spiritua-

1817 5125 1948 5178 lium
1996 5134 2212 5190 quoque
2255 5129 2452 5184 magna
2491 5123 2576 5168 est
2615 5110 2893 5164 varietas:
2948 5104 3046 5161 scd
3075 5103 3292 5158 interim
3335 5101 3400 5154 ad

1817 5212 2180 5284 propositum.
2211 5206 2313 5261 Hic
2376 5204 2596 5275 quidem
2649 5199 3074 5257 considerantur
3145 5195 3401 5253 virtutes,

1814 5306 1885 5360 ibi
1909 5319 2033 5358 vero
2063 5303 2178 5370 ipse
2211 5295 2615 5370 praedicationis
2644 5308 2826 5348 sermo
2864 5309 2880 5346 :
2909 5289 3036 5344 alibi
3064 5299 3243 5340 autem
3291 5297 3400 5336 non

1822 5395 2038 5466 quidem
2066 5393 2208 5447 idem
2230 5393 2365 5462 ipse,
2397 5386 2490 5443 sed
2515 5395 2695 5439 tamen
2717 5391 2988 5453 quatenus
3017 5377 3184 5449 603
3202 5389 3403 5443 oppor-

1829 5495 1958 5538 tuna
1991 5483 2215 5554 adaptat
2264 5481 2332 5535 iis
2370 5478 2464 5548 qui
2498 5473 2906 5545 praedicationis
2935 5481 3243 5524 sermonem
3275 5475 3396 5516 sns~

1826 5585 2106 5646 ceperant,
2135 5574 2188 5626 in
2220 5570 2421 5642 quibus
2448 5567 2620 5622 Paulo
2653 5567 2783 5620 licet
2819 5570 2871 5616 et
2905 5568 3148 5616 statuere
3181 5565 3235 5608 et
3264 5567 3404 5622 pra:-

1827 5668 2030 5734 cipcre.
2062 5665 2303 5728 Etenim,
2341 5680 2361 5713 ί
2402 5659 2767 5727 Praeceptum,
2794 5652 2998 5723 inquit,
3025 5646 3239 5702 Domini
3292 5657 3403 5697 non

134 5769 340 5832 habeo,
379 5770 668 5824 covisilinm
707 5779 886 5824 tamen
933 5768 1021 5833 do,
1075 5775 1337 5836 tanquam
1391 5756 1822 5817 misericordiam
1855 5765 2185 5812 consecutus
2223 5769 2253 5810 a
2297 5750 2549 5814 Domino,
2602 5747 2672 5802 ad
2747 5746 2852 5799 hoc
2927 5751 2987 5796 ut
3059 5751 3240 5794 essem
3330 5739 3398 5787 ti-

134 5859 279 5910 dclis
311 5859 373 5908 “.
418 5878 435 5908 ι

213 5945 259 5978 ’⁸
300 5947 322 6002 ι
368 5945 491 6000 Cor.
520 5961 592 6012 tv,
630 5945 680 6002 l.
795 5946 834 5977 ”
875 5944 1051 6002 lCor.
