3906 6590
506 350 607 418 931

1564 351 1958 413 (ECUMENII
1987 351 2279 415 TRICCE
2305 353 2650 416 EPISCOPI

3621 363 3714 426 932

503 489 604 544 per
637 488 740 529 nos
769 471 859 528 Dei
889 469 1063 542 gloria
1094 476 1378 539 augeatur.
1413 466 1518 521 Aut
1585 469 1680 522 hoc
1714 469 1886 522 modo.
1907 468 2056 535 Quotl

2187 473 2295 524 Ναὶ
2340 476 2457 536 ταῖς
2509 473 2736 534 οἰκείαις
2761 471 2974 525 δίδωσιν
3009 471 3387 542 ἐπαγγελίαις,
3423 474 3489 527 δι’
3519 476 3660 546 ἡμῶν
3681 481 3729 532 ιδ

503 575 635 633 quot
657 565 800 620 enim
835 561 1228 633 promissiones
1280 558 1375 613 Dei
1411 568 1562 624 sunt,
1599 574 1694 628 per
1743 559 1922 628 ipsum
1985 560 2082 614 ha-

503 657 633 713 bent
668 676 686 708 (
725 657 922 721 Etiam,
955 663 1011 711 et
1062 655 1234 708 Amen
1276 668 1373 722 per
1431 667 1553 714 nos,
1600 671 1618 704 ι
1658 666 1722 706 ac
1755 654 1800 707 si
1831 653 2076 706 diceret:

503 751 623 820 Ipse
660 749 878 818 quidem
914 747 1030 801 suis
1079 743 1538 815 promissionibus
1581 745 1672 797 dat
1706 742 1882 796 Etiam
1920 763 1932 796 :
1979 759 2075 812 per

504 856 605 894 nos
629 849 809 894 antem
835 839 935 891 hoc
969 837 1118 902 facit,
1146 847 1203 891 ut
1237 835 1575 906 gloriﬁcetur
1611 837 1774 903 Deus,
1804 835 1945 904 quod
1981 850 2077 904 per

503 929 753 983 homines
776 936 922 981 tanta
953 925 1135 981 faciat.

573 1019 611 1080 Ι,
642 1018 828 1072 21-25.
864 1017 1030 1071 Porro
1079 1017 1168 1088 qui
1200 1015 1482 1084 conﬁrmat
1519 1033 1613 1069 nos
1647 1033 1751 1070 una
1803 1016 2073 1070 nobiscum

501 1107 556 1159 in
589 1105 879 1172 Christum,
914 1119 961 1160 et
989 1109 1078 1177 qui
1111 1109 1261 1160 unxit
1297 1123 1412 1169 nos,
1475 1105 1637 1168 Dens,
1673 1107 1764 1177 qui
1790 1110 1952 1160 etiam
1983 1109 2075 1160 ob-

499 1195 725 1265 signavit
756 1212 871 1260 nos,
923 1197 1168 1266 deditque
1200 1196 1417 1250 arrham
1475 1196 1707 1266 Spiritus
1746 1199 1797 1252 in
1829 1200 2074 1254 cordibus

504 1288 727 1341 nostris.
762 1285 872 1357 Ego
929 1304 1047 1341 vero
1086 1297 1264 1340 testem
1318 1289 1494 1341 invoco
1549 1291 1711 1342 Deum
1746 1292 1800 1343 in
1842 1294 2074 1344 animum

502 1395 696 1444 meam,
723 1379 859 1448 quod
919 1395 1140 1446 parcens
1172 1379 1314 1432 vobis
1350 1379 1583 1432 nondum
1619 1384 1843 1434 renerim
1887 1382 2074 1437 Corin-

500 1471 647 1524 thum
679 1487 696 1524 :
733 1488 835 1523 non
862 1469 998 1539 quod
1023 1471 1360 1524 dominemur
1393 1471 1519 1539 ﬁdei
1545 1482 1753 1539 vestris,
1779 1476 1870 1528 sed
1905 1477 2070 1546 adjuo

501 1572 638 1616 tores
667 1578 850 1615 sumus
882 1562 1065 1631 gaudii
1097 1563 1276 1616 vestri.
1308 1560 1452 1615 Nam
1473 1564 1577 1631 ﬁde
1607 1565 1789 1619 statis.

566 1654 732 1724 606
758 1654 1028 1718 Quoniam
1058 1653 1199 1708 dixit
1229 1669 1244 1708 :
1272 1653 1376 1708 Per
1405 1669 1513 1709 nos
1549 1656 1894 1725 complentur
1944 1672 2070 1727 pro.

502 1747 820 1808 missiones,
866 1746 1260 1815 interpretatur
1313 1745 1468 1811 illud,
1514 1755 1569 1800 et
1619 1745 1695 1800 ait
1733 1764 1745 1800 :
1785 1745 2067 1817 Tanquam

2181 563 2338 616 τοῦτο
2377 567 2537 628 ποιεῖ,
2570 565 2648 627 είς
2674 564 2734 616 τὸ
2766 563 3088 635 δοξασθῆναι
3133 567 3221 620 τὸν
3261 567 3419 632 Θεὸν,
3461 569 3540 621 ὅτι
3563 569 3624 623 δι’
3649 574 3731 626 ἀν-

2183 653 2211 704 θ
2215 654 2417 724 ρώπων
2439 656 2675 708 τοσαῦτα
2712 659 2871 709 ποιεῖ.

2259 1010 2312 1060 '0
2340 1009 2408 1061 δὲ
2430 1008 2689 1074 βεϐαιῶν
2715 1007 2872 1077 ἡμᾶς
2901 1007 3022 1062 σὺν
3049 1009 3191 1078 ἡμῖν
3216 1013 3303 1076 εἷς
3329 1010 3608 1078 Χριστὸν,
3646 1016 3729 1065 καί

2174 1102 2392 1171 χρίσας
2426 1100 2580 1169 ἡμᾶς
2615 1101 2776 1166 Θεὸς,
2812 1103 2845 1154 ὁ
2882 1099 2983 1155 καί
3031 1101 3525 1170 σφραγισάμενος
3569 1103 3732 1171 ἡμᾶς,

2175 1192 2273 1245 καὶ
2303 1191 2447 1258 δοὺς
2490 1193 2595 1245 τὸν
2641 1194 2951 1262 ἀρῤαΰῶνα
2990 1198 3095 1252 τοῦ
3147 1201 3492 1270 Πνεύματος
3520 1201 3588 1253 ἑν
3621 1203 3732 1267 ταῖς

2177 1284 2442 1352 καρδίαις
2470 1284 2656 1352 ἡμῶν.
2707 1286 2855 1355 Ἐγὼ
2887 1288 2954 1341 δὲ
2975 1289 3244 1359 μάρτυρα
3299 1292 3408 1345 τὸν
3441 1293 3590 1345 Θεὸν
3617 1293 3732 1344 ἐπι-

2178 1377 2473 1444 καλοῦμαι
2511 1375 2609 1428 ἐπὶ
2640 1376 2753 1443 τὴν
2803 1377 2957 1448 ἐμὴν
3007 1380 3236 1448 ψυχὴν,
3285 1382 3374 1434 ὅτι
3401 1381 3730 1450 φειδόμενος

2177 1465 2362 1532 ὑμῶν,
2392 1467 2502 1518 οὐκ
2537 1466 2624 1518 ἐτι
2653 1463 2842 1536 ἦλθον
2884 1471 2971 1534 εἰς
3013 1470 3321 1537 Κόρινθον.
3356 1474 3481 1539 Οὐχ
3514 1471 3599 1523 ὅτι
3642 1490 3733 1524 κιν-

2165 1558 2448 1626 ριεύομεν
2514 1557 2680 1626 ὑμῶν
2739 1558 2846 1628 τῆς
2910 1561 3191 1627 πίστεως,
3238 1563 3402 1616 ἀλλὰ
3465 1565 3734 1631 συνερπί

2172 1650 2360 1718 ἐσμεν
2377 1649 2488 1718 τῆς
2516 1649 2701 1718 χαρᾶς
2730 1649 2916 1720 ὑμῶν.
2957 1651 3035 1720 Τῇ
3060 1654 3171 1722 γὰρ
3203 1655 3402 1707 πίστει
3431 1654 3730 1719 ἑστήκατε.

2257 1739 2474 1808 Ἐπειδὴ
2505 1735 2648 1793 εῐπε·
2671 1742 2747 1794 Δι’
2771 1743 2926 1811 ἡμῶν
2955 1743 3286 1814 πληροῦνται
3317 1746 3374 1798 αἱ
3401 1745 3732 1813 ἐπαγγελίαι,

502 1850 597 1906 per
629 1851 728 1889 nos
759 1835 978 1904 quidem
1012 1837 1106 1906 qui
1141 1837 1376 1890 ministri
1411 1852 1623 1899 sumus,
1657 1837 1808 1902 facit,
1847 1839 1960 1907 ipse
1987 1847 2056 1893 ta-

2176 1830 2581 1900 ὲπιδιορθοῢται
2606 1833 2759 1898 αὐτὸ,
2786 1835 2878 1887 καί
2907 1853 3094 1907 φησιν·
3141 1837 3227 1900 Ὡς
3249 1837 3331 1916 ’δι’
3355 1837 3517 1907 ἡμῶν
3539 1838 3635 1907 μὲν
3656 1839 3734 1890 δ’.-

505 1939 634 1980 men
666 1923 850 1987 Pater,
889 1943 906 1977 ι
939 1924 1042 1990 Qui
1098 1926 1387 1980 conﬁrmat
1412 1942 1536 1991 nos,
1579 1945 1599 1979 >
1653 1935 1708 1982 et
1751 1928 1842 1996 qui
1900 1929 2077 1995 dedit,

497 2015 734 2083 complet
765 2031 894 2070 suas
947 2018 1371 2085 promissiones.
1415 2049 1480 2060 --
1523 2019 1681 2084 Quod
1733 2020 1808 2074 ait
1841 2038 1854 2074 :
1893 2037 1911 2071 ι
1965 2020 2070 2086 Qui

495 2105 969 2181 conﬁt-inatnos,
1033 2126 1054 2159 ι
1103 2119 1159 2163 et
1191 2119 1336 2173 σεεμ,
1385 2119 1480 2163 ant
1529 2126 1624 2180 per
1668 2109 1942 2166 defectum
1993 2113 2074 2165 di-

499 2207 647 2252 ctum
681 2209 789 2262 est,
824 2207 883 2252 ut
910 2199 1050 2253 desit
1075 2199 1286 2270 integra
1320 2205 1613 2264 sententia,
1655 2209 1751 2256 aut
1793 2217 1890 2273 per
1912 2201 2068 2258 defe-

494 2299 643 2346 ctum
675 2291 846 2346 solius
869 2291 1131 2346 dictionis
1161 2291 1282 2358 Est,
1314 2303 1441 2360 puta
1470 2310 1485 2346 :
1521 2291 1624 2359 Qui
1655 2293 1941 2347 conﬁrmat
1968 2309 2069 2349 nos

494 2384 712 2454 aliaque
745 2383 896 2449 facit,
947 2382 1096 2438 Deus
1134 2392 1240 2438 est.
1288 2385 1446 2449 Quod
1475 2387 1520 2438 si
1555 2385 1637 2440 sic
1671 2400 1765 2454 per
1794 2384 2064 2440 defectum

497 2473 573 2529 sit
603 2473 887 2537 dictionis,
939 2480 1158 2542 oportet
1206 2472 1618 2528 distinctionem
1655 2489 1858 2543 ponere
1889 2474 1956 2526 ad
1983 2474 2067 2528 di-

493 2565 727 2630 ctiones,
763 2582 781 2616 ι
819 2564 922 2630 Qui
959 2565 1116 2618 unxit
1147 2578 1269 2630 nos,
1313 2583 1330 2614 ι
1365 2574 1421 2616 ut
1451 2572 1856 2634 consequenter
1884 2565 2067 2634 perie-

491 2664 582 2711 cta
610 2655 966 2710 distinctione
996 2655 1364 2726 subiungatur
1398 2653 1565 2720 Deus,
1605 2665 1664 2710 ut
1710 2659 1782 2712 sit
1811 2673 2010 2713 sensus
2046 2677 2060 2714 :

493 2751 638 2805 Deus
670 2757 756 2804 est
788 2750 883 2818 qui
917 2751 1209 2802 conlirmat
1263 2763 1380 2812 nos,
1411 2758 1467 2802 ct
1502 2750 1594 2818 qui
1637 2751 1793 2804 unxit
1839 2766 1965 2814 nos,
2013 2758 2068 2806 et

491 2843 583 2911 qui
621 2841 928 2911 obsignavit
953 2856 1077 2904 nos,
1133 2850 1187 2896 et
1215 2843 1305 2912 qui
1357 2841 1505 2896 dedit
1565 2844 1786 2897 arrham
1827 2844 2066 2915 Spiritus

492 2934 548 2987 in
583 2933 843 2988 cordibus
869 2934 1095 2988 nostris.
1132 2932 1198 2986 Et
1228 2933 1579 2988 manifestum
1607 2945 1689 2989 est
1715 2938 1859 3006 quod
1891 2936 2058 2992 etiam

492 3025 608 3079 haec
643 3027 884 3080 membra
916 3042 1038 3096 quae
1083 3039 1393 3095 sequuntur
1437 3028 1502 3082 ad
1537 3030 1856 3098 dictionem,
1894 3033 2062 3098 Deus,

488 3115 728 3184 perfecta
779 3117 1136 3172 distinctione
1192 3120 1462 3190 legentur.
1520 3120 1576 3175 Si
1608 3137 1740 3176 vero
1771 3139 1869 3192 per
1902 3124 2058 3180 defe-

2172 1939 2278 1973 των
2303 1921 2585 1986 διακόνων,
2612 1926 2758 1977 ποιεῖ
2781 1926 2937 1990 αὐτὸς
2983 1928 3038 1980 δὲ
3071 1929 3101 1981 ὁ
3135 1928 3344 1999 Πατὴρ,
3381 1946 3400 1979 ι
3422 1928 3484 1982 ’0
3517 1929 3734 1998 βεϐαιῶν

2172 2014 2318 2081 ἡμᾶς
2338 2053 2355 2078 ,
2385 2033 2404 2066 ι
2441 2015 2532 2068 καὶ
2559 2017 2588 2068 ὁ
2617 2016 2757 2083 δοὺς,
2791 2018 2985 2088 πληροῖ
3011 2019 3110 2082 τὰς
3142 2019 3279 2082 ιδίας
3307 2019 3653 2089 ὑποσχέσεις.
3673 2050 3734 2060 —-

2174 2103 2373 2176 [cum]
2405 2105 2498 2170 Τὸ,
2533 2125 2551 2160 ι
2588 2110 2615 2161 ὁ
2643 2108 2699 2161 δὲ
2720 2108 2950 2178 βεϐαιῶν
2980 2113 3149 2181 ἡμᾶς,
3185 2129 3204 2164 ι
3233 2111 3329 2165 καὶ
3359 2111 3512 2182 ἑξῆς,
3541 2113 3574 2182 ἢ
3604 2113 3733 2165 κατὰ

2174 2195 2411 2265 ἔλλειψιν
2444 2199 2591 2251 ἐστὶν
2643 2201 2928 2270 εἰρημένον
2963 2203 3085 2256 ὅλου
3129 2203 3414 2266 λείποντος
3462 2203 3652 2275 ῥητοῦ,
3679 2202 3731 2272 ἦ.

2175 2289 2315 2341 κατὰ
2342 2288 2576 2358 ἔλλειψιν
2618 2291 2786 2361 μόνης
2823 2291 3021 2357 λέξεως
3053 2294 3154 2364 τῆς
3204 2293 3321 2359 τοῦ,
3375 2295 3574 2357 ἔστιν,
3604 2289 3727 2355 οἷον,

2187 2379 2246 2432 ὐ
2279 2380 2510 2449 βεϐαιῶν
2543 2384 2737 2452 1595;,-
2762 2384 2856 2437 καὶ
2905 2385 2972 2438 τὰ
3008 2386 3141 2440 ἄλλα
3171 2387 3360 2450 ποιῶν,
3411 2386 3548 2448 Θεὸς
3575 2387 3728 2440 ἔστιν.

2189 2470 2325 2524 Ἀλλ’
2358 2473 2407 2524 εί
2437 2473 2536 2542 μὲν
2561 2475 2680 2527 κατ’
2713 2473 2950 2545 ἔλλειψιν
2979 2475 3196 2541 λέξεως,
3247 2479 3327 2541 είς
3352 2478 3433 2541 τὸ,
3481 2496 3501 2529 ι
3536 2479 3728 2547 Χρξσας

2176 2561 2340 2629 ἡμᾶς,
2381 2581 2401 2613 ι
2461 2563 2772 2628 ὑποστίξειν
2803 2564 2904 2628 δεῖ,
2965 2562 3113 2640 ἵναῇ
3160 2567 3289 2636 ἑξῆς
3331 2570 3476 2621 κατὰ
3530 2568 3727 2620 τελείαν

2175 2653 2408 2725 στιγμὴν
2464 2655 2860 2726 ἐπιφερόμενον
2887 2656 2969 2722 τὸ,
3005 2659 3155 2721 Θεός.
3191 2656 3316 2711 Οἶον
3340 2675 3353 2689 ·
3382 2658 3518 2721 Θεός
3542 2660 3726 2711 iactati

2171 2742 2405 2812 βεϐαιῶν
2428 2748 2595 2817 ἡμᾶς,
2634 2748 2726 2800 καὶ
2755 2750 3136 2819 χρίσαςςὴμᾶς,
3170 2753 3260 2803 καὶ
3294 2751 3726 2820 σφραγισάμενος

2163 2835 2331 2906 ἡμᾶς,
2360 2841 2453 2890 καὶ
2479 2839 2602 2902 δοὺς
2629 2839 2721 2892 τὸν
2750 2840 3047 2910 ἀρραϐῶνα
3075 2841 3170 2894 τοῦ
3191 2841 3511 2912 Πνεῦματος
3543 2843 3601 2893 ὲν
3623 2843 3726 2902 ταῖς

2164 2930 2412 3000 καρδίαις
2439 2932 2616 3000 ἡμῶν.
2656 2931 2764 2984 Καὶ
2786 2932 2944 3000 δῆλον
2967 2933 3048 2986 ὅτι
3077 2933 3171 2986 καὶ
3194 2935 3366 2986 ταῦτα
3393 2933 3462 2986 τὰ
3495 2932 3644 2986 κῶλα
3668 2934 3725 2986 τά

2162 3019 2360 3089 ἐφεξῆς
2388 3021 2504 3087 τοῦ,
2534 3022 2686 3086 Θεὸς,
2725 3024 2867 3076 κατὰ
2896 3024 3108 3079 τελείαν
3145 3026 3350 3094 σιγμὴν
3378 3024 3723 3092 ἀναγνωσθήο

2163 3129 2334 3168 σεται.
2367 3114 2427 3168 Ei
2461 3115 2504 3167 δ’
2539 3115 2614 3179 ὡς
2638 3117 2756 3169 κατ’
2781 3116 3015 3187 ἔλλειψιν
3042 3117 3166 3170 ὅλου
3199 3117 3364 3188 ῥητοῦ
3409 3117 3721 3186 ἐκληφθείη,

485 3217 634 3260 ctum
662 3209 885 3278 integra:
905 3210 1174 3264 orationis
1199 3210 1557 3281 intelligatur,
1585 3221 1640 3267 et
1655 3215 1846 3268 eadem
1879 3217 2054 3286 prima

2164 3205 2255 3256 καὶ
2283 3204 2420 3274 αὐτὴ
2442 3207 2475 3275 ἡ
2502 3207 2692 3277 πρώτη
2733 3208 2978 3278 περίοδος
3014 3209 3118 3267 ἓως
3147 3209 3262 3273 τοῦ,
3281 3209 3434 3272 Θεὸς,
3464 3209 3614 3262 κατὰ
3639 3209 3722 3277 μέ-

485 3300 746 3370 periodus
775 3317 952 3369 usque
980 3302 1048 3357 ad
1080 3303 1399 3367 dictionem,
1435 3303 1600 3370 Deus,
1629 3321 1751 3376 qua
1779 3307 1830 3359 in
1881 3306 2061 3363 medio

2164 3310 2264 3362 σην
2296 3295 2796 3366 ἀναγνωσθήσεται,
2829 3300 2924 3352 καὶ
2951 3299 3012 3352 τὸ
3039 3299 3258 3369 ἐφεξῆς.
3303 3300 3377 3352 Τὸ
3405 3300 3462 3352 δὲ
3497 3301 3718 3353 {1:110:5-

483 3396 729 3463 ponitur,
752 3396 979 3466 legetur,
1003 3407 1057 3451 et
1079 3397 1206 3452 item
1231 3397 1378 3466 quod
1400 3397 1596 3453 ordine
1621 3400 1894 3468 sequitur.
1930 3399 2056 3455 Pro-

2164 3402 2236 3455 τῳ
2265 3386 2497 3455 ἀπορίαν
2533 3387 2666 3454 ἔξει,
2721 3393 3262 3461 προσυπονοουμένου
3303 3392 3400 3446 τοῦ
3456 3393 3720 3456 λεῖπον-ας

487 3492 672 3554 pterea
705 3498 888 3541 autem
929 3489 1035 3542 erit
1066 3487 1380 3550 diﬂicultas,
1432 3488 1563 3558 quia
1607 3490 1654 3542 id
1681 3492 1827 3559 quod
1875 3490 2056 3546 deﬁcit

2164 3477 2238 3539 είς
2260 3476 2494 3541 τελείαν,
2544 3479 2575 3547 ἢ
2605 3479 2680 3543 ὡς
2711 3481 2987 3545 λείποντος
3016 3484 3092 3546 είς
3138 3483 3481 3559 ὑποστιγμὴν
3532 3486 3717 3538 ἀποτε-

489 3577 938 3632 subaudiendum
991 3589 1076 3634 est
1125 3579 1193 3634 ad
1243 3594 1438 3634 sensus
1481 3558 1895 3649 perfectionem,
1963 3590 2056 3637 aut

2164 3565 2430 3638 λευτήσει.
2494 3587 2513 3621 ι
2556 3570 2665 3622 Καὶ
2697 3570 2893 3641 χρίσας
2921 3573 3068 3642 ἡμᾶς
3110 3573 3263 3636 Θεός.
3297 3591 3318 3625 ι
3353 3558 3419 3626 ὀί
3447 3575 3717 3644 χριόμενςι

485 3671 747 3732 tanquam
785 3665 1046 3721 deiiciens
1097 3666 1166 3720 ad
1202 3668 1568 3738 hypostignia,
1602 3669 1656 3724 id
1689 3679 1794 3736 est,
1851 3672 2052 3728 distin-

2164 3658 2214 3709 ὲν
2237 3660 2303 3728 τῇ
2329 3659 2554 3730 παλαιᾷ,
2585 3660 2618 3732 ἢ
2655 3663 2822 3732 ἱερεῖς
2846 3663 2878 3732 ἢ
2900 3663 3174 3733 προφῆται
3199 3664 3230 3735 ἥ
3257 3664 3496 3734 βασιλεῖς
3528 3667 3717 3733 ἐγίνον-

481 3756 720 3808 ctionetn
763 3756 1168 3812 terminabitur.
1227 3777 1246 3811 ι
1301 3759 1406 3824 Qui
1459 3761 1618 3815 unxit
1667 3777 1768 3817 nos
1823 3763 1984 3820 Deus.
2023 3782 2043 3816 ι

2164 3766 2232 3804 το.
2273 3751 2379 3802 Καὶ
2401 3749 2516 3816 νῦν,
2539 3753 2692 3823 φησὶ,
2735 3753 3002 3824 χριόμεθα
3034 3755 3121 3808 ἴνα
3151 3755 3436 3824 γενώμεθα
3490 3757 3716 3826 βασιλεξ

481 3839 586 3906 Qui
623 3843 676 3896 in
706 3846 877 3898 veteri
919 3853 1246 3901 testamento
1279 3850 1650 3919 ungebantur,
1714 3860 1811 3905 aut
1867 3867 2052 3908 sacer-

2164 3841 2278 3908 μὲν,
2332 3843 2700 3914 κατάρχοντες
2733 3846 2840 3900 τῶν
2875 3847 3096 3913 παθῶν,
3133 3848 3298 3918 ἱερεῖς
3324 3848 3404 3911 δὲ,
3436 3849 3506 3901 τὰ
3556 3851 3714 3902 οἰκεῖα

480 3929 639 3987 dotes
675 3945 833 3988 erant
861 3944 954 3988 aut
977 3939 1279 4004 prophetae,
1311 3948 1406 3992 aut
1442 3954 1599 4010 reges
1637 3951 1729 3996 :et
1757 3957 1926 4001 nunc.
1965 3945 2050 3998 in-

479 4021 618 4089 quit,
653 4022 933 4092 ungimur,
972 4033 1032 4078 ut
1059 4040 1213 4094 reges
1239 4029 1461 4096 quidem
1486 4029 1812 4096 eiliciamur,
1844 4033 2050 4102 princi-

480 4118 668 4178 patum
748 4127 915 4181 super
991 4113 1312 4171 aﬂectiones
1365 4118 1674 4186 habentes;
1730 4123 2050 4181 sacerdotes

476 4209 680 4266 autem,
712 4207 934 4272 propria
969 4207 1350 4264 sacriﬁcantes
1395 4224 1650 4279 corpora,
1678 4212 1833 4280 juxta
1861 4214 1997 4269 illud
2026 4235 2042 4268 :

483 4310 503 4343 ι
556 4289 623 4345 Ut
671 4295 978 4351 exhibeatis
1043 4298 1290 4352 membra
1350 4310 1534 4355 vestra
1571 4301 1810 4357 hostiam
1854 4305 2046 4361 viren-

476 4391 586 4438 tem
625 4384 688 4438 ¹⁵.
738 4403 758 4436 ι
795 4384 1087 4456 Propheta:
1113 4405 1267 4457 vero,
1318 4399 1580 4463 tauquam
1631 4411 1826 4464 magna
1865 4399 2043 4453 cdocti

2154 3932 2567 4003 ἱερουργοῦντες
2597 3933 2844 4006 σώματα,
2875 3937 3014 3990 κατὰ
3044 3936 3125 3999 τὸ,
3167 3955 3186 3987 ι
3221 3939 3486 4006 Παραστή
3500 3955 3626 3990 sats
3655 3936 3711 3988 τὶ

2154 4023 2291 4093 μέλη
2318 4024 2468 4092 ὑμῶν
2497 4025 2688 4080 θυσίαν
2718 4027 2917 4092 ζῶσαν*
2939 4047 2960 4079 ι
2998 4027 3274 4097 προφῆται
3308 4027 3385 4094 δὲ,
3419 4028 3484 4080 τά
3515 4029 3710 4096 μεγάλα

2155 4114 2434 4184 μυστήρια
2482 4114 2880 4185 διδασκόμενοι.
2931 4117 3090 4186 Χρίει
3143 4116 3200 4168 δὲ
3235 4118 3330 4170 καὶ
3374 4118 3707 4186 σφραγίζειὸ

2152 4205 2342 4276 Πατὴρ
2387 4206 2473 4260 διὰ
2528 4206 2622 4260 τοῦ
2658 4209 2812 4275 ἁγίου
2862 4209 3194 4278 Πνεύματος.
3235 4208 3424 4262 Ταῦτα
3456 4212 3587 4280 γὰρ,
3617 4229 3706 4280 er,-

2152 4297 2256 4363 oiv,
2285 4301 2318 4368 ἠ
2344 4299 2522 4369 χρίσις
2549 4302 2642 4353 καὶ
2673 4303 2706 4373 ἡ
2740 4303 2996 4371 σφραγὶς,
3048 4302 3308 4374 ἀρραϐών
3339 4305 3460 4356 ἐστι
3493 4304 3587 4357 τοῦ
3611 4305 3705 4357 ﬂa-

2151 4391 2446 4460 ρακλήτου.
2505 4391 2605 4444 Διὰ
2633 4390 2790 4446 τοῦτο
2826 4393 2883 4446 δὲ
2914 4393 3014 4446 οὐκ
3043 4388 3188 4457 εἶπε,
3222 4394 3283 4446 τὸ
3320 4394 3551 4461 Πνεῦμα
3576 4396 3702 4460 δοὺς,

475 4480 754 4550 mysteria.
793 4479 954 4552 Ungit
977 4493 1158 4538 autem
1185 4493 1240 4539 et
1265 4486 1520 4556 obsignat
1547 4487 1710 4543 Pater
1737 4503 1836 4557 per
1866 4489 2040 4558 Spiri-

2164 4481 2284 4545 nr,
2345 4501 2364 4534 ι
2399 4482 2716 4553 Ἀρῤαϐῶνα
2760 4481 2852 4536 τοῦ
2910 4484 3244 4553 Πνεύματος,
3273 4503 3293 4535 ι
3349 4484 3588 4555 βεϐαιῶν
3619 4488 3701 4546 τὰς

474 4581 586 4624 tum
610 4583 860 4628 sanctum
897 4591 1062 4630 :nam
1093 4578 1230 4642 haec,
1263 4579 1462 4648 inquit,
1492 4582 1678 4634 unctio
1709 4591 1763 4634 et
1790 4582 2044 4652 obsigna-

472 4665 552 4718 tio
583 4664 748 4720 arrba
776 4674 861 4722 est
895 4665 1192 4723 Paracleti.
1224 4669 1507 4741 Siquidem
1541 4673 1614 4726 ob
1640 4671 1691 4726 id
1716 4687 1822 4726 non
1859 4673 2036 4727 dixit:

468 4756 574 4823 Qui
611 4756 766 4813 dedit
826 4757 1111 4829 Spiritum,
1169 4761 1290 4826 sed,
1355 4780 1374 4814 ι
1411 4761 1646 4816 Arrham
1715 4762 1976 4832 Spiritus,
2012 4783 2034 4817 ›

469 4850 776 4906 futurorum
810 4867 964 4922 spem
1014 4852 1349 4910 conﬁrmans
1384 4873 1396 4908 :
1427 4856 1626 4910 etenim
1666 4856 1829 4909 arrha
1869 4873 2034 4914 omn.

465 4950 682 5010 pactum
711 4941 999 4997 confirmat
1029 4957 1093 4997 ac
1126 4943 1356 4998 stabilit.
1396 4943 1584 5012 Itaque
1617 4950 1672 4998 et
1702 4959 1848 4998 nunc
1871 4944 2035 4999 arrba

465 5031 707 5102 Spiritus
729 5035 1024 5087 contlrmat
1055 5035 1215 5088 nobis
1250 5033 1435 5089 futura
1469 5034 1634 5099 bona,
1668 5050 1792 5104 quae
1843 5036 2034 5090 oculus

463 5137 574 5177 non
613 5122 747 5176 vidit
779 5131 834 5177 et
867 5126 1018 5180 auris
1061 5141 1170 5180 non
1203 5125 1410 5180 audivit
1447 5125 1511 5177 “.
1555 5144 1573 5176 ι
1624 5126 1693 5179 ΕΙ.
1741 5125 1834 5196 qui
1883 5126 2038 5182 dedit

457 5212 678 5265 arrham
704 5212 965 5281 Spiritus.
1001 5234 1020 5267 ι
1055 5214 1410 5271 Extrinsecus
1439 5217 1876 5272 subaudiendum
1901 5228 1986 5275 est
2012 5237 2028 5274 :

458 5303 555 5373 qui
579 5305 874 5358 conﬁrmat
913 5320 1014 5361 nos
1055 5307 1110 5360 in
1155 5306 1466 5372 Christum,
1498 5311 1588 5376 qui
1623 5308 1780 5363 unxit
1802 5317 1858 5364 et
1884 5311 2030 5366 obsi-

459 5395 671 5462 gnavit,
699 5394 962 5464 deditque
988 5382 1210 5450 arrham
1243 5395 1486 5466 Spiritus
1528 5400 1583 5453 in
1621 5399 1884 5456 cordibus
1929 5416 2028 5458 no-

458 5480 614 5545 stris,
648 5481 786 5552 ipse,
816 5483 1014 5553 inquit,
1047 5492 1134 5538 est
1159 5485 1255 5554 qui
1285 5501 1414 5541 suas
1445 5489 1680 5557 complet
1709 5489 2029 5559 promissio-

455 5586 578 5628 nes.
620 5571 924 5632 Considera
967 5577 1246 5648 quomodo
1291 5578 1744 5638 manifestissime
1775 5591 2021 5639 sanctam

527 5755 572 5790 "
609 5757 768 5841 Rom.
806 5775 905 5828 ιιι,
944 5762 995 5816 i.
1095 5759 1178 5814 ¹⁶Ι
1214 5762 1340 5819 Cor.
1384 5779 1442 5834 tt,
1481 5764 1537 5818 9.

2149 4573 2450 4642 μελλούσας
2487 4574 2728 4638 ἐλπίδας.
2777 4574 2834 4628 '0
2864 4575 2974 4645 γὰρ
2999 4575 3258 4646 ἀρραϐὼν
3285 4576 3500 4646 βεϐαιοῖ
3520 4578 3579 4631 τὸ
3608 4580 3699 4630 πᾶν

2145 4664 2519 4734 συνάλλαγμα.
2578 4665 2883 4735 Τοιγαροῦν
2935 4667 3030 4720 καὶ
3063 4667 3090 4720 ὁ
3151 4665 3245 4718 νῦν
3300 4667 3563 4738 ἀρραϐὼν
3617 4667 3697 4720 τοῦ

2141 4754 2481 4824 Πνεύματος,
2503 4759 2790 4812 πιστοῦται
2817 4760 2952 4829 ἡμῖν
2980 4758 3049 4810 τὰ
3077 4757 3344 4829 μέλλοντα
3376 4758 3414 4812 ἃ
3439 4760 3697 4829 ὀφθαλμὸς

2140 4845 2240 4899 οὐκ
2262 4841 2369 4898 εἶδε
2397 4849 2489 4900 καὶ
2507 4842 2600 4911 οὖς
2621 4848 2721 4900 οὐκ
2740 4849 2961 4919 ἤκουσε.
2993 4867 3011 4900 ι
3042 4849 3150 4902 Καὶ
3161 4848 3286 4913 δοὺς
3301 4849 3395 4903 τὸν
3420 4849 3693 4921 ἀρραϐῶνα

2139 4936 2235 4989 τοῦ
2269 4937 2610 5006 Πνεύματος.
2651 4957 2670 4990 ι
2717 4937 2957 5004 Ἕξωθεν
3017 4943 3514 5006 συνυπακουστὲον,
3546 4946 3574 4995 ὁ
3615 4940 3687 5010 βεο

2142 5027 2310 5081 ϐαιῶν
2337 5029 2482 5098 ἡμᾶς
2505 5033 2586 5090 εἰς
2609 5030 2844 5098 Χριστὸν
2868 5032 2896 5083 ὁ
2925 5030 3118 5100 χρίσας
3149 5031 3245 5086 καὶ
3269 5034 3690 5102 σφραγισάμενος

2141 5118 2235 5170 καὶ
2267 5115 2388 5182 δοὺς
2411 5119 2502 5172 τὸν
2544 5120 2838 5190 ἀρραϐῶνα
2867 5121 2958 5175 τοῦ
2991 5121 3306 5192 Πνεύματος
3333 5126 3392 5177 ἐν
3425 5127 3538 5185 ταῖς
3565 5139 3689 5192 καρ-

2136 5208 2278 5274 δίαις
2305 5210 2483 5280 ἡμῶν,
2512 5211 2672 5274 αὐτός
2703 5212 2852 5264 ἐστιν
2881 5214 2910 5267 ὁ
2964 5213 3208 5284 πληρῶν,
3243 5216 3399 5285 φησὶ,
3433 5217 3526 5278 τὰς
3569 5215 3686 5274 ἰδίας

2137 5302 2475 5373 ὑποσχέσεις.
2527 5304 2667 5373 Ὅρα
2707 5304 2825 5367 πῶς
2869 5307 3222 5376 παρεδήλωσε
3258 5307 3564 5376 σαφέστατα
3600 5304 3684 5371 τὴν

2134 5395 2295 5463 ἁγίαν
2325 5395 2548 5466 Τριάδα·
2585 5396 2642 5449 Ὀ
2661 5396 2890 5468 Πατὴρὸ
2914 5396 3142 5468 βεϐαιῶν
3175 5400 3324 5470 nisi;
3341 5399 3422 5463 εἰς
3447 5395 3680 5470 Χριστὺν.

2132 5486 2228 5539 καὶ
2255 5486 2450 5557 χρίσας
2491 5487 2578 5539 διὰ
2615 5487 2710 5540 τοῦ
2741 5489 2896 5558 ἁγίου
2926 5489 3266 5562 Πνεύματος,
3312 5491 3473 5553 αὐτὸς
3498 5489 3682 5560 πληροῖ

2131 5578 2344 5643 καὶτὰς
2375 5579 2712 5650 ὑποσχέσεις.
2729 5580 2802 5636 Τὸ
2823 5582 2900 5650 δὲ,
2927 5582 3146 5654 πληροῖ,
3173 5583 3282 5638 ἀπὸ
3311 5580 3483 5638 κοινοῦ
3503 5580 3679 5650 Vononi
