3906 6554
233 395 301 458 33
1115 380 1498 446 COMMENT.
1544 379 1623 439 IN
1657 375 1898 436 EPIST.
1929 373 2120 435 II‘AD
2159 372 2521 436 CORINTH.

3325 361 3433 427 93L

191 509 302 564 τῶν
328 502 500 576 τριῶν
533 500 842 574 προσώπων
872 499 966 569 τῆς
1013 500 1140 569 μιᾶς
1182 497 1456 566 θεότητος.
1495 495 1618 547 Ὅτι
1649 508 1768 561 φει-

1893 487 2242 558 lesignaverit
2273 486 2597 541 Trinitatem
2631 501 2644 539 τ
2679 481 2842 538 Pater
2883 480 2976 552 qui
3005 478 3296 536 conﬁrmat
3340 495 3442 534 nos

192 601 416 670 δόμενος
448 593 622 662 ὑμῶν.
660 611 678 644 ι
715 593 860 644 ’Ᾱνω
892 588 1057 642 εἰπὼν
1089 589 1178 640 διὰ
1209 588 1266 639 τὸ
1294 587 1366 655 μὴ
1401 585 1546 654 ἔχειν
1579 582 1775 635 ἐαυτοῦ

194 686 445 752 ἐξουσίαν
479 683 710 753 ἀλλαχοῦ
768 681 1094 742 ἀποσταλεὶς
1144 678 1249 730 ὑπὸ
1295 676 1389 729 τοῦ
1439 674 1774 745 Πνεύματος,

196 779 314 840 πῶς
343 777 438 830 νῦν
462 777 630 844 λέγει,
657 793 676 827 ι
701 774 1019 841 Φειδόμενος
1058 771 1211 840 ὑμῶν
1238 771 1338 822 οὐκ
1365 766 1526 838 ἦλθον
1553 770 1632 830 είς
1667 767 1777 819 Κό-

199 871 419 942 ρινθον;
460 889 478 921 ι
514 871 621 922 Καὶ
655 867 857 936 φαμὲν,
904 866 985 917 ὃτι
1010 866 1096 916 ὅτε
1124 861 1319 932 ἀφείθη
1346 862 1450 914 ὑπὸ
1481 860 1573 912 τοῦ
1606 857 1779 911 Πνεύ-

202 979 373 1032 ματος
403 961 682 1020 ἀπελθεῖν,
736 957 825 1009 δια
849 958 909 1008 τὸ
940 955 1216 1023 φείδεσθαι
1255 954 1356 1006 ούκ
1407 950 1670 1019 ἀπῆλθεν.
1708 950 1778 1000 Ἢ

201 1055 345 1124 μετὰ
375 1054 472 1122 τῆς
523 1049 811 1111 κωλύσεως
833 1048 924 1101 τοῦ
953 1047 1286 1116 ΙΙνεύματος,
1318 1045 1410 1097 καὶ
1437 1043 1595 1095 τοῦτο
1635 1040 1778 1094 ἐκώ-

200 1145 386 1197 λυσεν.
417 1145 487 1196 Ἢ
536 1147 630 1197 καὶ
680 1145 760 1206 εἰς
795 1141 953 1193 τοῦτο
984 1140 1074 1191 ὑπ’
1105 1138 1268 1192 αὑτοῦ
1303 1134 1570 1205 ἐκωλύθη.
1601 1129 1779 1185 Ἦσαν

200 1238 314 1302 γάρ
335 1252 480 1296 τινες
507 1235 926 1304 ἁμαρτήσαντες
966 1230 1058 1282 καὶ
1096 1228 1170 1298 μὴ
1207 1227 1660 1296 μετανοήσαντες,
1685 1224 1778 1277 καὶ

201 1330 498 1397 περιέμενε
537 1327 635 1398 τὴν
661 1326 949 1394 μετάνοιαν
997 1321 1199 1383 αὐτῶν,
1225 1321 1317 1373 καὶ
1342 1320 1430 1372 διὰ
1451 1318 1608 1372 τοῦτο
1633 1315 1776 1379 εἷπε,

211 1438 229 1470 ι
265 1420 602 1489 Φειδόμενος.
638 1438 656 1469 ι
679 1416 1080 1486 Ἐπετέτραπτο
1111 1414 1167 1468 δὲ
1201 1413 1368 1484 αὐτῷ,
1397 1414 1493 1466 κοιλ⁸
1525 1413 1783 1481 τιμωρεῖ-

206 1513 338 1564 σθαι
386 1513 506 1574 τοὺς
555 1509 1138 1582 ἁμαρτάνοντας-Καὶ
1186 1508 1452 1577 μαρτυρεῖ
1489 1504 1783 1574 Ἐλύμαςὸ

209 1603 408 1671 μάγος.
451 1622 468 1653 ι
502 1605 614 1671 Οὐχ
649 1603 729 1654 ὅτι
760 1603 1086 1671 κυριεύομεν
1107 1598 1257 1669 ὑμῶν
1289 1600 1384 1666 τῆς
1406 1598 1656 1659 πίστεως.
1679 1616 1784 1648 r—

203 1692 412 1765 [ΦΩΤ.]
446 1694 759 1757 Τουτέστιν,
791 1693 953 1745 ἕνεκα
985 1693 1085 1761 τῆς
1110 1692 1336 1754 πίστεως
1367 1691 1426 1742 οὐ
1457 1689 1783 1758 κυριεύομεν

202 1784 387 1852 ὑμῶν.
420 1779 566 1850 οἷον,
609 1785 670 1836 ού
698 1784 784 1836 διὰ
834 1783 993 1836 τοῦτο
1023 1781 1266 1850 ἐγένεσθε
1317 1783 1515 1844 πιστοὶ,
1555 1781 1638 1833 ἵνα
1687 1797 1783 1832 κυο

1878 578 1931 630 in
1961 577 2260 638 Christum,
2289 583 2343 628 et
2391 575 2484 644 qui
2513 572 2666 626 unxit
2718 587 2817 641 per
2849 569 3112 639 Spiritum
3165 575 3441 630 sanctum,

1879 669 1994 734 ipse
2033 666 2197 718 etiam
2223 643 2458 734 complet
2486 663 2774 734 promissa.
2811 661 2971 732 607
3016 643 3318 714 Dictionem
3343 672 3443 711 au—

1880 766 1985 810 tem
2017 755 2259 822 complet,
2288 770 2316 807 a
2343 755 2623 808 communi
2659 769 2822 808 sensu
2869 752 3184 816 subuudito,
3218 756 3444 820 propter

1881 862 2040 900 unam
2073 848 2234 900 trium
2267 861 2626 915 personarum
2660 846 3025 899 divinitatem.
3057 861 3075 894 ι
3113 842 3271 909 Quod
3311 856 3444 910 par-

1879 952 2010 992 cens
2047 937 2219 989 vobis.
2253 954 2272 986 ι
2300 935 2435 990 Cum
2473 936 2728 1005 superius
2759 935 2961 989 dixerit
3006 935 3150 1002 quod
3180 948 3292 988 suae
3334 947 3445 986 non

1882 1030 2044 1085 fuerit
2075 1031 2381 1100 potestatis,
2431 1030 2540 1082 alio
2593 1031 2795 1082 missus
2822 1043 2874 1102 ιιι
2906 1026 3136 1098 Spiritu,
3169 1025 3449 1095 qumnodo

1881 1135 2024 1174 nunc
2057 1121 2191 1173 dicit
2225 1137 2238 1172 :
2271 1137 2288 1170 ι
2322 1118 2557 1172 Parcens
2579 1119 2731 1173 vobis
2751 1133 2858 1172 non
2881 1120 3002 1172 veni
3025 1116 3390 1171 Corinthum?
3423 1133 3442 1167 ι

1882 1212 1945 1266 Et
1969 1213 2208 1266 dicimus
2233 1212 2375 1281 quod
2413 1209 2634 1280 quando
2671 1210 2976 1280 permissus
3024 1210 3124 1262 fuit
3175 1223 3204 1261 a
3234 1207 3445 1278 Spiritu

1883 1314 1942 1358 ut
1974 1303 2436 1374 proﬁcisceretur,
2473 1315 2540 1356 eo
2560 1302 2704 1370 quod
2740 1310 2985 1370 parceret
3015 1315 3120 1354 non
3157 1308 3240 1354 est
3266 1298 3448 1368 μεθίε-

1882 1406 2024 1449 ctus.
2050 1397 2156 1448 Aut
2192 1410 2297 1448 una
2335 1409 2458 1447 cum
2493 1393 2732 1462 Spiritus
2777 1392 3146 1460 prohibitione
3195 1394 3358 1445 etiam
3394 1391 3446 1444 id

1884 1486 2283 1557 impedimento
2336 1485 2458 1539 fuit.
2485 1487 2596 1539 Aut
2632 1486 2796 1540 etiam
2829 1485 2882 1538 in
2916 1485 3020 1538 hoc
3054 1485 3122 1538 ab
3155 1484 3272 1552 ipso
3315 1498 3448 1552 pro-

1881 1582 2087 1635 hibitus
2117 1588 2222 1634 est.
2253 1579 2423 1632 Erant
2470 1578 2617 1632 enim
2658 1576 2876 1648 quidam
2936 1576 3028 1646 qui
3080 1583 3450 1644 peccaverant

1883 1688 1984 1726 nec
2018 1672 2386 1739 resipuerant,
2422 1670 2724 1739 horumque
2747 1669 3084 1738 exspectavit
3110 1667 3450 1736 resipiscen-

1886 1764 2036 1825 liam,
2064 1773 2116 1816 et
2151 1773 2436 1832 pmpterea
2472 1763 2631 1826 dixit,
2687 1782 2705 1814 ι
2754 1763 3012 1818 Parcens.
3036 1746 3075 1811 ἰ
3114 1758 3450 1813 Permissum

207 1828 387 1852 -r.....
424 1828 566 1850 ---.,
612 1828 668 1836 η
701 1828 784 1836 --..
845 1828 988 1836 η---
1024 1828 1265 1850 -,---,,,
1324 1828 1515 1844 .-.--,-,

203 1876 468 1946 ριεύησθε
492 1877 584 1928 καὶ
607 1876 921 1947 τιμωρῆσθε
957 1875 1046 1944 ὑφ’
1071 1874 1248 1943 ήμῶν.
1279 1875 1340 1926 Ei
1376 1875 1483 1944 γὰρ
1509 1871 1776 1925 καὶτοῦτο

1893 1865 2064 1909 autem
2087 1857 2136 1908 ei
2165 1855 2338 1910 fuerat
2369 1863 2428 1909 ut
2452 1856 2616 1910 etiam
2666 1855 3052 1923 delinquentes
3080 1853 3318 1921 puniret,
3349 1865 3448 1905 cu-

199 1961 296 2035 ἦν,
318 1967 496 2028 αὐτοὶ,
533 1968 720 2035 φησιν,
742 1969 800 2020 ἐν
817 1970 880 2035 τῇ
902 1965 1081 2018 πίστει
1107 1965 1396 2034 ἑστήκατε,
1421 1965 1510 2016 καὶ
1539 1965 1637 2017 οὐκ
1659 1962 1776 2016 ἔστι

199 2057 369 2125 Χρεία
399 2056 608 2124 φειδοῦς
634 2058 974 2128 ἠτιμωρίας,
1003 2057 1158 2126 χάριν
1192 2058 1286 2125 τῆς
1321 2057 1574 2118 πίστεως.
1609 2055 1778 2108 Τοῦτο

197 2149 262 2202 δὲ
300 2150 469 2216 λέγει,
493 2151 765 2202 ἀντίθεσιν
801 2151 943 2204 λύων
995 2151 1253 2204 δοκοῦσαν
1284 2149 1636 2203 ἀνακύπτειν.
1691 2150 1778 2212 Ὠς

199 2239 322 2308 γὰρ
360 2240 518 2292 ἐνίων
543 2239 924 2309 διαγανακτεῖν
955 2241 1249 2313 μελλόντων
1279 2241 1369 2293 καὶ
1391 2240 1676 2308 λεγόντων,
1709 2240 1776 2292 Τί

197 2329 412 2397 λέγεις,
439 2331 520 2383 ὅτι
555 2333 758 2400 ἐφείσω
793 2334 976 2403 ήμῶνς
1033 2329 1176 2404 'Apa
1203 2333 1310 2404 γὰρ
1342 2334 1426 2386 διὰ
1455 2333 1611 2385 τοῦτο
1656 2335 1779 2387 ἐπι-

204 2421 564 2491 στεύσαμεν,
637 2423 723 2476 ἵνα
777 2425 1062 2494 ἀκούωμεν
1115 2426 1266 2496 παρὰ
1307 2425 1398 2478 σοῦ
1450 2426 1530 2478 ὅτι
1578 2426 1781 2494 ἐφείσω

202 2512 408 2579 ήμῶνς
448 2515 506 2566 Εἰ
536 2516 644 2585 γὰρ
672 2517 746 2586 μὴ
784 2518 1002 2585 ἐφείσω,
1029 2518 1080 2570 τί
1108 2519 1321 2580 πάντως
1343 2533 1358 2584 ;
1383 2518 1647 2582 ἐκόλασας
1679 2518 1778 2584 av;

204 2603 478 2666 Βασάνοις
502 2605 808 2673 ἐξέδωκας;
841 2607 926 2660 ἵνα
951 2606 1043 2660 οὖν
1077 2608 1150 2676 μὴ
1162 2607 1334 2660 ταῦτα
1348 2608 1778 2676 διαλογίσωνται,

204 2697 580 2762 προαπαντῶν
647 2698 831 2766 λέγει’
874 2698 988 2752 Οὐκ
1044 2695 1198 2752 εἷπον
1255 2699 1335 2762 τὸ,
1405 2716 1423 2749 ι
1462 2698 1782 2766 Φειδόμενος

204 2782 396 2852 ὑμῶν,
428 2802 449 2836 ι
494 2785 568 2848 ὡς
599 2785 758 2838 ἕνεκα
789 2785 888 2853 τῆς
923 2787 1156 2850 πίστεως
1199 2787 1378 2839 λαόὼν
1410 2787 1656 2850 ἐξουσίαν
1687 2788 1783 2845 καὶ

205 2874 514 2943 κυριότητα
547 2876 630 2945 ἐφ’
677 2878 818 2945 ὑμᾶς
843 2879 937 2930 καὶ
965 2877 1060 2930 τοῦ
1081 2876 1328 2940 κολάζειν
1361 2880 1452 2930 καὶ
1482 2878 1575 2931 τοῦ
1607 2877 1786 2945 φείδεο

209 2959 366 3025 σθαι,
401 2963 560 3029 ἀλλὰ,
622 2982 641 3015 ι
669 2965 986 3034 Φειδόμενος
1025 2983 1046 3016 r
1093 2962 1270 3028 εἶπον,
1319 2965 1392 3035 μὴ
1421 2965 1590 3018 θέλων
1639 2964 1784 3032 ὑμᾶς

207 3052 547 3124 λυπηθῆναι.
583 3056 644 3108 Εἰ
679 3058 784 3128 γὰρ
813 3053 974 3126 ἦλθον
1006 3055 1117 3122 ἐγὼ
1149 3055 1505 3126 λυπούμενος,
1559 3050 1672 3108 οῖδα
1699 3053 1786 3106 ὅτι

1880 1948 1976 2019 jus
2006 1949 2084 2003 rei
2131 1949 2287 2003 testis
2325 1961 2546 2018 quoque
2597 1955 2682 2000 est
2712 1943 2929 2016 Elymus
2961 1957 3152 2012 magus
3180 1942 3246 1996 ”.
3279 1960 3298 1994 ι
3335 1942 3451 1996 Non

1885 2041 2031 2112 quod
2063 2041 2408 2096 dominemur
2439 2039 2560 2092 ﬁdei
2595 2045 2804 2091 vestrae.
2850 2056 2870 2088 ι
2905 2034 3018 2088 Hoc
3046 2042 3152 2098 est,
3179 2034 3249 2089 ob
3281 2034 3442 2088 ﬁdem

1887 2148 1994 2187 non
2029 2133 2382 2186 dominamur
2420 2131 2575 2184 vobis
2611 2145 2625 2184 :
2663 2128 2778 2182 sive
2823 2141 2930 2180 non
2978 2137 3265 2194 propterea
3318 2126 3447 2180 facti

1885 2225 2021 2280 estis
2051 2224 2257 2287 ﬁdeles,
2295 2232 2350 2275 ut
2377 2219 2788 2289 subjicerernini
2820 2231 2882 2270 ac
2923 2216 3254 2285 puniremini
3285 2231 3313 2270 a
3353 2230 3451 2271 no-

1886 2317 1993 2372 bis.
2025 2315 2160 2370 Nam
2193 2317 2237 2370 si
2267 2317 2432 2369 etiam
2463 2314 2514 2368 id
2549 2313 2764 2377 fuisset,
2799 2310 2924 2379 ipsi,
2966 2309 3162 2378 inquit,
3207 2309 3308 2362 ﬁde
3338 2320 3451 2362 ste-

1887 2410 2078 2474 tistis,,
2109 2424 2208 2463 nec
2233 2423 2372 2477 opus
2395 2415 2478 2462 est
2511 2419 2734 2474 parcere
2760 2410 2853 2456 aut
2887 2402 3081 2470 punire
3105 2415 3272 2454 causa
3302 2398 3455 2453 ﬁdei.

1888 2503 2003 2556 Hoc
2033 2513 2219 2557 autem
2245 2501 2378 2556 dicit
2417 2505 2780 2567 emergentem
2815 2495 3034 2549 solvens
3064 2493 3454 2562 objectionem.

1888 2593 2174 2666 Tanquam
2199 2594 2344 2648 enim
2382 2590 2550 2645 futuri
2582 2595 2768 2644 essent
2802 2587 2896 2657 qui
2944 2586 3361 2655 indignarentur
3388 2597 3452 2635 ac

1892 2684 2185 2738 dicerent:
2221 2681 2359 2747 Quid
2412 2680 2517 2746 ais,
2549 2680 2696 2748 quod
2746 2677 2908 2731 nobis
2961 2673 3319 2746 peperceris?
3373 2671 3455 2725 An

1889 2786 2177 2845 μυρίοι-εει
2209 2772 2544 2830 credidimus
2579 2779 2638 2826 ut
2669 2785 2699 2824 a
2735 2779 2787 2824 te
2823 2767 3140 2823 audirem-us
3170 2765 3316 2836 quod
3360 2779 3456 2834 pe-

1889 2873 2167 2938 percisses
2227 2865 2428 2920 nobis?
2469 2863 2624 2929 Quod
2659 2863 2704 2916 si
2743 2875 2849 2914 non
2908 2859 3268 2931 pepercisscs,
3327 2856 3457 2924 quid

1890 2959 2115 3030 utique?
2137 2973 2204 3012 an
2238 2958 2490 3027 punisses
2512 2970 2610 3009 nos
2628 2954 2654 3007 ‘:‘
2679 2969 2749 3008 an
2781 2951 3067 3022 suppliciis
3091 2947 3414 3003 tradidisses
3436 2945 3462 2997 ?

1860 3051 1967 3106 'Ne
1989 3053 2156 3123 igitur
2193 3051 2306 3104 haec
2335 3051 2598 3118 cogitent,
2631 3043 3016 3117 praeoccurrit,
3050 3040 3239 3096 dicens
3283 3060 3296 3093 :
3337 3036 3454 3091 Non

207 3146 314 3197 καὶ
343 3146 497 3199 αὐτοὶ
525 3146 813 3216 βλέποντές
851 3165 919 3217 με
971 3146 1330 3218 λυπούμενον,
1363 3145 1667 3216 ἐλυπήθητε
1699 3145 1786 3199 ἄν.

1893 3145 2003 3198 dixi
2039 3162 2052 3198 :
2092 3163 2110 3195 ι
2159 3141 2400 3196 Parcens
2433 3139 2614 3205 vobis,
2651 3157 2671 3190 ι
2711 3152 2775 3192 ac
2803 3136 2852 3191 si
2891 3133 3183 3190 occasione
3212 3129 3335 3184 ﬁdei
3362 3144 3458 3199 po-

223 3234 376 3303 Ἐγὼ
395 3237 450 3290 δὲ
469 3237 792 3301 τούναντίον,
817 3241 992 3308 χαρᾶς
1023 3241 1136 3308 είμὶ
1166 3238 1423 3308 συνεργὸς
1449 3238 1601 3306 ὑμῶν
1632 3253 1792 3289 πνευο

213 3329 480 3396 ματικῆς,
515 3329 652 3397 ’ήτις
679 3329 851 3394 ἔσται,
896 3329 962 3383 ἂν
991 3329 1085 3382 τοῦ
1119 3329 1414 3390 λυποῦντος
1446 3346 1512 3398 με
1542 3328 1704 3398 ἔργου
1731 3329 1792 3394 ἐξ

213 3417 376 3486 ὑμῶν
403 3418 676 3489 ἀρθέντος,
703 3419 838 3472 ἐλθω
871 3421 1006 3490 μετὰ
1039 3421 1216 3491 χαρᾶς
1244 3421 1377 3490 πρὸς
1411 3419 1572 3489 ὑμᾶς·
1602 3421 1792 3491 Χαρή’

213 3509 383 3560 σεσθε
434 3509 537 3578 γὰρ
586 3511 678 3564 καὶ
733 3511 889 3580 ὑμεῖς
933 3511 1000 3564 δι’
1053 3512 1153 3580 ἐμὲ
1203 3511 1610 3580 πνευματικῶς.
1657 3507 1790 3568 Εἶτα

213 3597 412 3668 ὥσπερ
433 3599 828 3671 ἐπαποροῦντός
849 3619 1012 3667 τινος,
1031 3603 1094 3655 Τί
1110 3598 1233 3669 οὗν;
1255 3602 1475 3671 φεύγεις
1494 3603 1586 3656 καὶ
1612 3606 1793 3673 μισεῖς

211 3689 281 3742 τδ
303 3691 492 3745 λυπεῖν
518 3693 694 3761 ήμᾶςς
724 3693 885 3747 πάλιν
918 3695 1132 3762 ἐπάγει·
1164 3694 1397 3759 Οιῦκὰεὶ,
1435 3695 1620 3764 φησὶν,
1656 3695 1794 3747 ἀλλὰ

213 3779 532 3833 τούναντίον
559 3782 729 3836 ἐνίοτε
774 3786 869 3836 καὶ
901 3785 1080 3837 διώκω
1114 3784 1208 3838 καὶ
1245 3785 1458 3855 στέργω
1484 3785 1637 3849 αὐτὸ,
1665 3786 1792 3839 ὅταν

214 3870 312 3922 διὰ
359 3870 455 3924 τοῦ
500 3873 747 3927 λυπεῖσαι
797 3875 962 3942 ὑμᾶς,
996 3876 1184 3946 κέρδος
1212 3876 1452 3946 εὑρίσκω
1477 3875 1577 3946 τὴν
1616 3892 1792 3946 σωτηο

222 3963 350 4030 ρίαν
394 3963 564 4032 ὑμῶν.
603 3965 716 4017 Οὐκ
741 3967 828 4019 ἀεὶ
879 3966 936 4019 δὲ
970 3966 1108 4020 θέλω
1141 3966 1426 4020 λυπεῖσθαι
1461 3967 1626 4034 ὑμᾶς,
1659 3966 1797 4020 ἀλλὰ

216 4053 615 4123 διορθωθέντας
643 4057 842 4124 μᾶλλον
881 4060 938 4110 ἐν
980 4060 1123 4128 χαρᾷ
1163 4060 1256 4111 καὶ
1298 4059 1615 4127 ἀγαλλιάσει
1635 4057 1794 4113 εἶναι.

189 4155 200 4166 ·’
227 4163 248 4195 ι
277 4142 443 4196 Ἀλλὰ
485 4149 736 4216 συνεργοί
767 4149 952 4218 ἐσμεν.
993 4168 1014 4201 r
1057 4149 1278 4220 Ἐπειδὴ
1331 4150 1588 4213 ἀπονοίας
1623 4151 1797 4205 ἐδόκει

221 4230 390 4298 εἶναι,
421 4236 482 4288 τὸ
516 4238 724 4304 εἰπεῖν,
766 4259 784 4290 ι
806 4241 1122 4310 Φειδόμενος
1154 4241 1328 4312 ὑμῶν.
1357 4260 1378 4293 ι
1411 4243 1669 4296 Ἐκείνων
1688 4243 1799 4314 γάρ

218 4344 311 4389 τις
337 4328 579 4395 φείδεται
620 4323 695 4384 ὧν
729 4332 842 4402 ἔχει
880 4333 976 4404 τὴν
1001 4332 1270 4398 ἐξουσίαν,
1319 4335 1612 4404 θεραπεύει
1643 4335 1796 4401 αὐτὸ,

221 4422 322 4474 καί
350 4438 536 4492 φησιν,
594 4444 610 4475 ι
643 4426 718 4478 Οὐ
771 4425 860 4478 διὰ
887 4425 949 4478 τὸ
976 4426 1226 4490 ἐξουσίαν
1268 4425 1413 4497 ἔχειν
1437 4431 1534 4495 τῆς
1563 4427 1798 4492 πίστεως

1898 3245 2146 3291 testatem
2181 3248 2245 3288 ac
2296 3231 2600 3286 dominium
2654 3230 2710 3283 in
2761 3243 2860 3283 vos
2911 3226 3242 3294 accepissem
3279 3231 3332 3276 et
3369 3235 3462 3291 pu-

1897 3327 2083 3383 niendi
2110 3334 2163 3380 et
2194 3323 2476 3394 parcendi,
2512 3323 2631 3386 sed,
2665 3340 2684 3373 ι
2722 3320 2984 3384 Parcens,
3027 3335 3046 3369 ι
3078 3315 3210 3380 dixi,
3265 3314 3463 3368 nolens

1897 3435 1994 3476 vos
2021 3417 2361 3472 contristari.
2396 3415 2454 3468 Si
2494 3415 2638 3470 enim
2673 3413 2870 3482 lugens
2903 3410 2970 3463 ad
3011 3422 3110 3463 vos
3157 3409 3459 3465 venissem,

1898 3512 2013 3568 scio
2047 3509 2193 3581 quod
2219 3510 2322 3579 ipsi
2361 3521 2580 3578 quoque
2612 3505 2862 3559 videntes
2890 3516 2976 3557 me
3023 3500 3319 3570 lugentem,
3354 3496 3464 3550 uti-

1899 3619 2005 3675 que
2036 3602 2316 3656 luxissetis
2349 3618 2364 3655 :
2399 3613 2501 3668 ego
2552 3606 2731 3652 autem
2761 3610 2792 3651 e
2815 3595 3033 3650 diverso
3073 3593 3290 3660 adiutor
3337 3607 3460 3645 sum

1900 3697 2204 3766 spiritualis
2239 3691 2424 3764 gaudii
2450 3692 2619 3746 vestri
2656 3689 2800 3760 quod
2832 3689 2960 3752 erit,
2994 3688 3037 3742 si
3070 3701 3264 3756 opere,
3318 3682 3466 3753 quod

1899 3806 1986 3846 tne
2020 3789 2366 3853 constristat,
2396 3785 2616 3840 sublato
2641 3799 2669 3836 a
2702 3782 2879 3846 vobis,
2911 3794 3112 3835 venero
3131 3778 3198 3832 ad
3225 3791 3323 3831 vos
3341 3790 3466 3828 cum

1899 3881 2120 3952 gaudio.
2154 3879 2433 3948 Siquidem
2477 3884 2573 3928 vos
2600 3889 2820 3944 quoque
2852 3887 3066 3926 mecum
3097 3868 3465 3939 spiritualitcr

1902 3972 2231 4042 gaudebitis.
2268 3969 2474 4022 Deinde
2513 3975 2774 4036 tanquam
2803 3964 3168 4019 subdubitans
3192 3958 3465 4030 quispiam

1907 4063 2116 4118 diceret
2147 4077 2161 4115 :
2203 4060 2344 4124 Quid
2385 4057 2557 4128 ergo?
2587 4056 2735 4126 fugis
2756 4069 2819 4108 ac
2842 4052 3136 4108 detestaris
3168 4049 3313 4120 quod
3367 4061 3469 4102 nus

1905 4150 2273 4212 mmreamus?
2301 4163 2521 4203 rursum
2563 4145 2850 4215 subjungit
2883 4162 2897 4196 :
2936 4141 3055 4196 Non
3097 4156 3334 4206 semper,
3365 4138 3460 4194 sed

1905 4242 2191 4313 oppositis,
2227 4239 2425 4309 inquit,
2468 4238 2645 4292 modis
2681 4237 2916 4307 idipsum
2953 4234 3228 4290 interdum
3260 4243 3312 4286 et
3338 4246 3468 4302 pro-

1907 4350 2107 4404 sequor-
2138 4345 2362 4399 etvamo,
2395 4330 2613 4400 quando
2639 4344 2706 4384 ex
2739 4329 2889 4383 luctu
2923 4335 3105 4382 vestro
3135 4324 3346 4378 lucrum
3382 4323 3469 4377 in-

1907 4428 2088 4490 venio,
2141 4440 2334 4495 nempe
2383 4435 2622 4478 vestram
2662 4423 2915 4477 salutem.
2947 4417 3064 4472 Non
3114 4430 3332 4485 semper
3369 4429 3470 4467 au-

225 4513 408 4581 ὑμῶν,
451 4533 468 4566 ι
507 4510 661 4570 εἷπον
684 4517 766 4582 τὸ,
801 4536 820 4569 t
846 4519 1198 4588 Φειδόμενος·
1237 4543 1258 4571 υ
1322 4518 1574 4589 (Γνώμης
1608 4521 1715 4590 γὰρ
1763 4522 1788 4591 ἡ

1904 4525 2010 4572 tem
2046 4533 2142 4571 vos
2175 4514 2494 4570 contristari
2523 4514 2669 4577 volo,
2701 4513 2795 4566 sed
2817 4509 3140 4566 emendatos
3173 4506 3375 4576 petius,
3411 4505 3465 4558 in

224 4604 417 4668 πίστις
472 4608 564 4660 καὶ
592 4610 986 4678 προαιρέσεως,
1037 4611 1129 4662 κα)¹
1155 4610 1330 4673 οὐδεὶς
1379 4610 1677 4678 ἀναγκάζει
1709 4629 1802 4664 πις-

227 4695 456 4748 στεῦσαι
480 4697 570 4748 τὸν
590 4699 849 4770 ἄκονταυ)
878 4699 992 4754 ἀλλ’
1030 4701 1238 4772 ἐπειδὴ,
1289 4703 1444 4771 φησὶ,
1494 4720 1512 4752 ι
1548 4700 1804 4770 Συνεργοί

224 4785 402 4856 ἐσμεν
432 4787 529 4857 τῆς
562 4791 735 4859 χαρᾶς
762 4791 936 4861 ὑμῶν,
972 4809 992 4844 ι
1022 4792 1108 4844 διὰ
1125 4791 1280 4844 τοῦτο
1307 4789 1478 4853 εἷπον,
1519 4792 1806 4861 ιΦειδόμε-

227 4892 321 4938 νος
355 4877 532 4946 ὑμῶν.
573 4899 594 4932 ι
630 4881 694 4933 Τί
726 4881 783 4934 δέ
823 4883 938 4936 ἐστι
969 4882 1148 4948 τοῦτο,
1180 4884 1300 4954 ὅρα.
1338 4883 1799 4955 Εὐφραινόμενος,

229 4969 425 5038 φησὶν,
471 4972 553 5032 είς
587 4972 731 5043 ὑμᾶς
760 4973 890 5041 ἐγὼ,
925 4975 1172 5045 συνεργῶ
1202 4976 1327 5045 ὑμῖν
1350 4957 1430 5037 είς
1451 4975 1513 5028 τὸ
1541 4977 1634 5028 καὶ
1661 4977 1805 5046 ὑμᾶς

230 5059 447 5129 χαίρειν
467 5061 562 5114 ἐπὶ
593 5066 659 5132 τῇ
689 5067 794 5134 ἐμῇ
817 5064 884 5118 δι’
908 5066 1049 5135 ὑμᾶς
1073 5067 1398 5138 εὐφροσύνῃ.
1431 5068 1494 5120 Ei
1522 5066 1616 5120 οὖν
1641 5063 1806 5138 ἦλθον

229 5151 320 5204 διὰ
343 5153 469 5215 τοὺς
506 5154 934 5226 ἁμαρτήσαντας
985 5159 1183 5228 μηκέτι
1219 5159 1317 5228 μὲν
1358 5159 1806 5230 εὐφραινόμενος,

232 5243 544 5309 πενθῶδδὲ,
576 5249 654 5310 εἰς
678 5248 853 5320 λύπην
882 5253 976 5304 καὶ
1005 5250 1148 5320 ὑμᾶς
1197 5251 1440 5305 ἔϐαλλον.
1469 5251 1809 5322 Ἐφεισάμην

230 5332 330 5387 οὖν
356 5335 551 5401 ἐλθεῖν,
581 5338 668 5392 ἵνα
709 5342 783 5409 μὴ
823 5342 1092 5410 πρόφασις
1125 5343 1252 5412 ὑμῖν
1273 5341 1508 5412 ἀθυμίας
1537 5342 1804 5411 γένωμαι.

239 5443 257 5476 ι
298 5426 380 5494 Τῇ
409 5429 518 5498 γὰρ
540 5429 719 5483 πίστει
756 5431 1042 5502 ἑστήκατε.
1084 5453 1102 5486 ι
1133 5435 1312 5488 Είπὼν
1332 5435 1413 5487 ὅτι
1453 5452 1473 5486 t
1507 5438 1573 5505 τῇ
1621 5435 1806 5488 πίστει

233 5517 526 5588 ἑστήκατε,
554 5523 809 5591 ἐμφαίνει
838 5526 921 5578 ὅτι
949 5529 1040 5579 καὶ
1072 5529 1130 5580 ἐν
1173 5528 1356 5590 ἄλλοις
1401 5527 1757 5595 ἐσφάλλοντο,
1779 5527 1810 5580 ὃ
1867 5596 1873 5603 δ

231 5609 332 5662 καὶ
361 5612 645 5683 σαφηνίζει
678 5616 900 5682 κατιὼν,
935 5619 995 5672 ἐν
1012 5617 1088 5688 τῷ
1117 5619 1258 5672 τέλει
1289 5619 1632 5689 Ἐπιστολῆς.

1903 4608 2106 4681 gaudio
2145 4619 2200 4663 et
2233 4608 2573 4661 exultatione
2625 4619 2770 4658 esse.
2817 4620 2836 4652 ι
2885 4600 2990 4656 Sed
3043 4599 3325 4668 adjutores
3374 4611 3471 4650 su-

1905 4718 2046 4756 mus.
2092 4717 2111 4752 »
2159 4698 2430 4765 Quoniam
2459 4695 2786 4764 arrogantia:
2814 4691 3107 4744 videbatur
3155 4701 3278 4741 esse
3323 4685 3471 4755 quod

1903 4795 2119 4849 dixerat
2149 4810 2163 4846 :
2199 4810 2218 4844 α
2245 4788 2489 4844 Pareens
2533 4786 2711 4840 vobis.
2751 4801 2770 4834 ι
2805 4781 2973 4852 ωδ
2998 4780 3114 4834 Illis
3162 4781 3317 4831 enim
3346 4791 3472 4846 par-

1907 4887 1981 4944 cit
2011 4885 2286 4954 quispiam
2319 4894 2485 4948 super
2516 4891 2652 4946 quos
2674 4875 3058 4928 auctoritatem
3090 4870 3284 4933 habet,
3307 4873 3468 4920 curat

1909 4978 2036 5042 hoc,
2069 4985 2126 5030 et
2165 4976 2240 5028 ait
2273 4990 2286 5026 :
2326 4990 2344 5022 ι
2375 4969 2491 5024 Non
2519 4966 2664 5038 quod
2702 4970 3026 5033 potestatem
3056 4961 3286 5014 habeam
3319 4957 3374 5010 in
3399 4956 3464 5010 ﬁ.

1906 5073 2028 5128 dem
2053 5077 2319 5128 vestram,
2359 5081 2377 5116 »
2432 5062 2566 5124 dixi,
2625 5078 2644 5111 ι
2681 5058 2920 5111 Parcens
2966 5056 3164 5120 vobis;
3213 5071 3234 5102 ι
3282 5051 3476 5123 (Fides

1909 5164 2184 5232 siquidem
2227 5155 2427 5210 mentis
2460 5159 2543 5207 est
2581 5164 2644 5204 ac
2683 5146 2968 5203 electionis
3000 5163 3015 5199 :
3054 5160 3159 5200 nec
3202 5143 3477 5211 quispiam

1910 5256 2180 5310 nolentem
2213 5249 2360 5314 cogit
2386 5245 2453 5300 ad
2487 5240 2865 5309 credendum)
2889 5255 2929 5302 ;‘
2958 5237 3055 5292 sed
3083 5238 3209 5306 quia
3247 5251 3266 5284 ι
3308 5233 3472 5301 adju-

1911 5358 2079 5409 tores,
2124 5339 2318 5410 inquit,
2376 5349 2577 5391 sumus
2631 5329 2818 5402 gaudii
2857 5327 3054 5390 vestri,
3107 5343 3127 5376 ι
3184 5331 3475 5392 propterea

1909 5433 2045 5500 disi,
2074 5454 2092 5486 ι
2132 5433 2374 5486 Parcens
2418 5427 2597 5482 vobis.
2638 5443 2656 5475 ν
2699 5421 2764 5476 Et
2808 5419 3184 5476 animadverte
3215 5412 3479 5500 quidnam

1910 5499 2142 5579 bocsit.
2177 5520 2312 5590 Ego,
2353 5515 2552 5586 inquit,
2609 5514 2763 5567 circa
2805 5525 2902 5564 vos
2929 5508 3258 5568 oblectatus,
3289 5503 3342 5554 in
3373 5499 3481 5552 hoc

1912 5615 2069 5671 vobis
2095 5611 2300 5666 auxilio
2345 5623 2492 5672 sum,
2538 5613 2597 5659 ut
2641 5618 2740 5660 vos
2769 5598 3069 5673 gaudeatis
3091 5597 3148 5649 in
3186 5607 3331 5660 mea,
3361 5601 3484 5659 qua:

234 5752 466 5814 propter
497 5759 596 5800 vos
639 5755 746 5812 est,
801 5749 1187 5808 oblectatione.
1221 5748 1280 5807 Si
1311 5764 1444 5822 ergo
1494 5748 1795 5816 venissem,
1840 5755 2068 5822 prOpter
2126 5759 2224 5803 eos
2276 5741 2372 5814 qui
2409 5744 2772 5812 peccaverant
2848 5741 3192 5802 nequaquam
3258 5721 3482 5796 gavisus

354 5856 397 5890 "
429 5859 551 5915 Act.
573 5874 696 5926 ιω,
720 5860 773 5918 8.
