3906 6552
196 399 301 466 937

1109 404 1493 465 COMMENT.
1530 405 1613 464 IN
1648 403 1882 465 EPIST.
1928 405 1984 465 II
2022 406 2120 466 AD
2157 406 2521 467 CORINTH.

3352 412 3461 477 938

203 513 470 587 μεγέστης
492 514 713 584 ἀγάπης
740 486 875 567 ἔστί,
947 532 965 563 ι
1007 513 1416 585 Περισσοτέρως
1441 514 1518 578 είς
1547 514 1711 582 ὑμᾶς.
1754 532 1758 561 l

1882 529 1976 568 vos
2019 514 2275 582 peccetis,
2331 514 2598 569 maxima
2633 512 2895 568 indicium
2944 522 3028 569 est
3073 513 3358 573 eharitatis
3395 536 3460 575 ac

197 607 413 671 Πλεῖον,
446 606 603 676 φησὶ,
656 608 772 662 τῶν,
819 603 1023 658 λοιπῶν
1079 619 1179 673 μου
1214 604 1494 676 μαθητῶν.
1535 605 1640 656 Καὶ
1672 602 1779 673 γὰρ

196 698 384 752 πολλοὶ
408 699 591 752 πιστοὶ
615 692 756 768 ἦσαν
786 698 843 750 ὲν
882 696 1132 767 Κορίνθῳ
1164 698 1258 749 καὶ.
1285 696 1519 766 δόκιμοι.
1560 716 1576 747 ι
1617 695 1779 749 Ἀλλὰ

194 790 304 844 ἀπὸ
342 790 567 861 μέρους,
616 790 709 845 ἵνα
753 788 829 860 μὴ
886 787 1138 859 ἐπιϐαρῶ
1174 787 1384 851 πάντας
1435 788 1600 857 ὑμᾶς.
1648 805 1666 838 ι
1708 816 1778 827 -

193 881 528 954 [ΘΕΟΑΩΡ.]
584 881 785 945 Μεῖζὸν
820 897 872 933 τι
906 880 1081 934 είπεῖν
1125 879 1421 951 ἠϐουλήθη,
1456 880 1551 933 καὶ
1605 880 1775 946 δεῖξαι

190 980 303 1033 πᾶν
330 978 390 1030 τὸ
422 978 582 1048 σῶμα
602 977 701 1047 τῆς
740 975 1068 1045 Ἐκκλησίας
1098 975 1435 1046 κοινωνῆσαν
1451 973 1545 1044 τῆς
1572 973 1772 1043 λύπης,

190 1069 333 1125 ἀλλὰ
368 1072 496 1134 τοὺς
548 1069 742 1133 ἄλλους
774 1070 998 1132 πιστοὺς
1036 1067 1383 1131 καταλιπὼν,
1428 1069 1535 1123 τῶν
1569 1070 1773 1139 Κοριν-

185 1163 322 1215 θίων
351 1162 725 1233 ἐμνημόνευσε
756 1160 934 1230 μόνον.
967 1160 1137 1214 Τοῦτο
1160 1162 1266 1232 γὰρ
1290 1158 1458 1231 δηλοῖ,
1478 1160 1559 1225 τὸ,
1595 1179 1614 1212 ι
1642 1161 1774 1214 ’Δπδ

186 1257 417 1327 μέρους.
443 1275 463 1309 ι
500 1255 628 1318 Καὶ,
677 1274 695 1307 ι
721 1256 840 1309 Ἵνα
875 1254 950 1326 μὴ
984 1254 1255 1325 ἐπιϐαρῶ.
1301 1273 1319 1307 ι
1369 1251 1502 1307 Εἶτα
1535 1254 1633 1325 τὴν
1665 1271 1772 1307 πα-

182 1348 384 1421 τρικὴν
407 1348 795 1421 φιλοστοργίαν
826 1349 1025 1417 γυμνοῖ
1056 1348 1231 1416 λέγων
1254 1362 1268 1376 ⁸
1296 1366 1314 1399 ι
1337 1348 1545 1402 Ἱκανδν
1562 1345 1638 1417 τῷ
1659 1364 1770 1399 τοιο

179 1438 350 1510 ούτῳ,
392 1442 426 1509 ἠ
487 1436 738 1509 ἐπιτιμία
794 1437 956 1507 αὕτη.
999 1455 1018 1489 ι
1082 1435 1343 1490 Βούλεται
1392 1436 1483 1490 διὰ
1541 1434 1767 1498 τούτων,

178 1531 413 1599 ἀγάπην
444 1531 757 1602 κυρωθῆναι
790 1531 871 1593 είς
920 1529 1012 1582 τὸν
1047 1528 1460 1599 πεπορνευκότα
1482 1568 1498 1591 ,
1549 1527 1679 1600 περὶ
1705 1520 1766 1582 οὗ

178 1620 427 1692 ἔγραψεν
458 1623 513 1674 ὲν
551 1625 615 1692 τῇ
652 1619 847 1691 πρώτῃ
908 1619 1217 1691 Ἐπιστολῇ.
1280 1620 1389 1674 Καὶ
1423 1618 1530 1693 γὰρ
1565 1620 1767 1683 πάντες

177 1712 349 1766 αὐτὸν
382 1710 523 1784 ἦσαν
567 1712 1038 1784 ἀποστραφέντες,
1080 1713 1203 1776 ταῖς
1234 1711 1425 1766 τούτου
1458 1710 1763 1768 κελεύσεσι.

1883 604 2215 660 dilectionis.
2249 624 2270 657 ο
2300 606 2684 663 Abundantius
2717 621 2842 677 erga
2872 622 2991 662 vos.
3029 627 3046 660 ι
3082 608 3231 674 I‘Ius,
3254 611 3457 685 inquit,

1883 710 2046 765 quam
2101 712 2228 765 erga
2281 708 2509 753 caeteros
2558 713 2711 754 meos
2753 698 3078 769 discipulos.
3122 701 3259 759 Nam
3303 708 3459 761 multi

1882 784 2169 840 credentes
2192 799 2254 839 ac
2284 786 2498 856 probati
2522 795 2679 841 erant
2701 786 2975 845 Corinthi.
3006 808 3024 843 ι
3054 790 3163 848 Sed
3185 810 3250 850 ex
3278 805 3457 866 parte,

1881 894 1949 933 ne
1996 894 2283 953 aggravem
2329 896 2520 938 omnes
2565 899 2684 938 vos.
2734 902 2752 934 ι
2796 881 2974 952 Maius
3022 886 3226 957 aliquid
3271 890 3458 947 dicere

1880 971 2073 1038 voluit,
2108 980 2161 1027 et
2199 974 2491 1028 ostendere
2527 985 2695 1031 totum
2737 976 3001 1033 Ecclesiae
3053 994 3253 1053 corpus
3289 984 3459 1053 parti-

1878 1078 2008 1134 ceps
2041 1078 2162 1119 esse
2190 1065 2480 1134 mmroris;
2507 1076 2560 1121 at
2589 1068 2805 1125 caeteris
2829 1071 3085 1128 ﬁdelibus
3122 1076 3457 1145 praetermis-

1877 1157 1977 1222 sis,
2017 1157 2195 1212 soium
2243 1157 2492 1213 meminit
2540 1158 2951 1219 Corinthiorum
2992 1184 3005 1220 :
3045 1165 3148 1221 hoc
3194 1167 3339 1222 enim
3383 1169 3459 1222 si-

1876 1247 2117 1318 gnilicat,
2157 1268 2176 1301 ι
2216 1249 2289 1303 Ex
2318 1257 2494 1319 parte,
2536 1270 2554 1303 ι
2589 1260 2663 1319 et,
2705 1272 2724 1306 ι
2760 1254 2838 1310 Ne
2867 1271 3178 1327 aggravem.
3212 1277 3229 1310 ι
3255 1259 3457 1315 Deinde

1872 1340 2137 1395 eximium
2188 1356 2254 1397 ac
2302 1351 2590 1413 paternum
2657 1360 2898 1402 amorem
2952 1349 3157 1421 detegit
3209 1350 3400 1408 dicens
3439 1395 3451 1408 .

1878 1448 1897 1482 ι
1947 1430 2159 1488 SulIicit
2194 1433 2509 1491 istiusmodi
2542 1435 2749 1492 homini
2780 1439 3085 1510 increpatio
3114 1442 3248 1498 haec.
3282 1462 3300 1498 ι
3328 1441 3459 1499 Vult

1868 1539 1970 1595 per
2008 1524 2123 1580 haec
2155 1526 2482 1584 charitatem
2509 1528 2822 1585 confirmari
2857 1547 2984 1603 erga
3011 1548 3135 1588 eum
3170 1536 3263 1606 qui
3300 1552 3456 1595 scor-

1870 1625 2023 1673 tatus
2055 1618 2254 1682 fuerat.
2287 1621 2354 1677 de
2386 1637 2497 1692 quo
2533 1624 2716 1693 priore
2752 1626 2976 1695 scripsit
3005 1627 3255 1698 Epistola
3287 1646 3300 1687 :
3333 1644 3458 1685 om-

1871 1723 1971 1764 nes
2016 1710 2288 1780 siquidem
2316 1727 2381 1768 ει
2409 1712 2574 1783 hujus
2603 1724 2878 1786 praecepto
2905 1716 3123 1772 fuerant
3149 1733 3274 1773 eum
3302 1733 3457 1774 arer-

177 1806 295 1861 Καὶ
347 1806 448 1876 ὅρα
489 1805 540 1859 τί
570 1807 732 1858 ποιεῖ.
791 1805 1098 1868 Κοινωνοὺς
1152 1804 1351 1867 αὐτοὺς
1385 1805 1618 1857 ποιεῖται
1662 1803 1758 1874 τῆς

1872 1803 2002 1858 sati.
2046 1801 2113 1858 Et
2162 1804 2286 1859 vide
2341 1805 2472 1878 quid
2536 1816 2683 1879 agat.
2718 1808 2886 1880 610
2942 1806 3247 1880 Participcs
3291 1811 3457 1866 efﬁcit

173 1894 365 1968 λύπης
384 1939 401 1961 ,
451 1896 527 1961 ὼς
562 1899 714 1970 κοινῇ
762 1896 979 1952 πάντων
1002 1895 1355 1968 λυπηθέντων
1378 1896 1472 1950 ἐπὶ
1504 1895 1585 1967 τῷ
1605 1913 1759 1965 γενο-

178 1992 359 2061 μένῳ,
397 1991 483 2044 ἵνα
513 1992 607 2044 καὶ
663 1990 762 2061 τῆς
794 1988 1079 2061 διδομένης
1111 1986 1439 2058 συγγνώμης
1494 1989 1759 2057 γένωνται

177 2085 471 2148 κοινωνοὶ,
493 2082 586 2136 καί
615 2099 800 2154 φησιν.
833 2081 894 2134 Εἰ
924 2080 981 2135 δέ
1008 2097 1092 2144 τις
1120 2079 1416 2151 λελύπηκε,
1441 2078 1531 2131 τὸν
1550 2095 1757 2146 πεπορ-

177 2178 423 2232 νευκότα
454 2176 647 2246 λέγων,
678 2176 778 2229 ούκ
812 2160 913 2245 ἐμὲ
961 2172 1234 2245 λελύπηκε
1268 2172 1450 2241 μόνον,
1497 2171 1633 2224 ἀλλὰ
1669 2171 1759 2225 και

174 2271 327 2341 ὑμᾶς
363 2272 423 2323 ὲν
455 2270 628 2342 μέρει.
659 2266 832 2322 Τοῦτο
860 2266 968 2338 γὰρ
1003 2267 1084 2331 τὸ,
1126 2284 1146 2318 ‹
1182 2264 1316 2318 Ἀπὸ
1347 2266 1569 2336 μέρους.
1603 2283 1622 2315 ι
1670 2264 1759 2318 Ἑν

178 2365 345 2435 μέρει
374 2362 432 2416 δὲ
458 2357 635 2428 εἷπον,
670 2360 858 2432 φησὶν,
912 2359 998 2413 ἴνα
1035 2357 1109 2431 μὴ
1152 2358 1422 2430 ἐπιϐαρῶ,
1455 2359 1756 2419 τουτέστιν,

174 2452 571 2523 ἐπιπαροξύνω
614 2451 733 2505 κατ’
760 2448 926 2505 αὑτοῦ
976 2450 1186 2511 πάντας
1238 2450 1406 2521 ὑμᾶς.
1463 2449 1535 2503 Ἦ
1585 2447 1759 2513 οὕτως

175 2542 305 2613 μεθ’
336 2543 645 2613 ὑπερϐατοῦ
668 2559 682 2573 ·
716 2540 1005 2612 Λελύπηκε
1038 2541 1181 2613 ὑμᾶς
1209 2542 1265 2593 ὲν
1296 2540 1474 2611 μέρει.
1504 2539 1673 2594 Τοῦτο
1701 2540 1758 2593 δὲ

171 2630 361 2698 εἷπον,
395 2635 487 2690 ἵνα
517 2635 592 2709 μὴ
618 2634 941 2705 έπιόαρήσω
966 2634 1057 2688 τὸν
1104 2633 1539 2704 πεπορνευκότα,
1564 2631 1643 2705 τῷ
1664 2633 1759 2685 λέ-

173 2743 299 2793 γειν
328 2726 581 2780 τοσοῦτον
633 2726 762 2781 λαὸν
792 2725 954 2782 αὑτὸν
976 2726 1363 2797 λελυπηκέναι.
1398 2744 1417 2777 ι
1457 2726 1663 2780 Ἱκανὸν
1684 2724 1759 2797 τῷ

170 2815 410 2885 τοιούτῳ
435 2818 468 2886 ἠ
499 2816 749 2887 ἐπιτιμία
777 2814 936 2888 αὕτη.
975 2835 995 2868 ι
1034 2817 1134 2869 Διὰ
1182 2815 1341 2870 τοῦτο
1368 2816 1430 2870 τὸ
1459 2817 1628 2890 ὄνομα
1658 2819 1759 2871 αύ-

170 2909 273 2963 τοῦ
301 2909 428 2963 οὔτε
460 2910 592 2976 ἄνω,
623 2909 747 2963 οὔτε
799 2903 901 2965 ὧδε
939 2909 1201 2982 τίθησιν,
1227 2910 1393 2966 αὐτοῦ
1421 2912 1755 2982 φειδόμενος,

174 3002 254 3073 μή
285 3018 406 3064 πως
441 3003 505 3073 τῇ
543 3002 811 3073 ὀνομασία
851 3003 1040 3066 αὐτοῦ,
1093 3003 1255 3058 πάλιν
1305 3002 1547 3074 ἀναζέσῃ
1577 3004 1605 3056 ὁ
1635 3002 1756 3055 κατ’

168 3095 343 3148 αὐτοῦ
398 3094 508 3149 τῶν
564 3094 867 3164 Κορινθίων
897 3094 1085 3168 θυμός.
1154 3116 1173 3149 ‹
1206 3097 1305 3161 ’Ὧς
1338 3112 1398 3150 τε
1448 3095 1758 3151 τούναντίον

1872 1895 2021 1966 ipsos
2058 1896 2320 1962 tristitiae,
2356 1909 2616 1971 tanquam
2649 1901 2910 1958 omnibus
2939 1912 3165 1973 prOpter
3208 1903 3261 1959 id
3305 1905 3452 1975 quod

1865 1988 2067 2043 fartum
2120 1988 2300 2045 fuerat
2338 2006 2404 2046 cx
2448 2007 2605 2063 aequo
2656 1993 3032 2062 contristatisf,
3071 2005 3132 2049 ιιι
3160 1995 3329 2051 etiam
3364 2013 3456 2052 ve-

1862 2081 1968 2133 niae
2011 2096 2133 2150 qum
2188 2082 2353 2136 datur
2396 2080 2530 2137 tiant
2578 2099 2799 2155 quoque
2846 2087 3164 2156 participes,
3206 2095 3260 2143 et
3309 2088 3385 2142 ait
3432 2120 3450 2157 ε

1862 2171 2019 2239 Quod
2055 2175 2098 2229 si
2131 2175 2258 2246 quis
2288 2176 2661 2241 contristavlt,
2700 2177 2853 2232 illum
2885 2179 3075 2235 dicens
3100 2180 3191 2250 qui
3230 2190 3443 2236 scorta-

1862 2276 1952 2323 tus
2006 2266 2204 2336 fuerat,
2236 2285 2347 2326 non
2391 2285 2477 2326 me
2518 2271 2867 2327 contristavit
2898 2273 3101 2338 solum,
3133 2273 3230 2330 sed
3263 2284 3315 2333 et
3351 2290 3450 2332 vos

1862 2358 1916 2413 in
1949 2367 2105 2427 parte
2135 2378 2148 2414 :
2175 2376 2298 2414 nam
2326 2359 2429 2417 hoc
2458 2360 2754 2433 signiﬁcat,
2790 2381 2808 2415 ι
2847 2362 2905 2418 1η
2939 2374 3112 2435 parte.
3153 2384 3170 2417 ι
3202 2367 3261 2420 1η
3292 2377 3447 2435 parte

1862 2458 2043 2506 autem
2073 2450 2207 2519 dixi,
2236 2452 2434 2523 inquit,
2466 2468 2535 2509 ne
2565 2469 2875 2526 aggravem,
2907 2457 3010 2515 hoc
3036 2468 3142 2525 est,
3177 2459 3446 2516 adversus

1862 2540 2014 2594 illutn
2066 2542 2393 2599 exacerbem
2436 2559 2627 2600 omnes
2670 2560 2788 2602 vos.
2844 2545 2955 2602 Aut
2991 2548 3095 2605 hoc
3126 2549 3289 2606 modo
3315 2565 3441 2607 cum

1864 2631 2164 2703 hyperbato
2205 2652 2218 2689 :
2256 2632 2623 2692 Contristavit
2666 2651 2858 2694 omnes
2892 2655 2991 2695 vos
3025 2640 3080 2695 in
3111 2650 3296 2711 parte;
3337 2643 3441 2700 hoc

1860 2734 2044 2780 autem
2076 2724 2213 2787 dixi,
2237 2740 2307 2781 ne
2355 2741 2482 2782 eum
2529 2727 2625 2797 qui
2663 2737 2939 2786 srortatus
2967 2730 3146 2788 fuerat
3174 2748 3441 2806 aggrava-

1861 2831 2000 2882 rcm,
2038 2816 2270 2873 dicendo
2305 2817 2484 2889 ipsum
2519 2820 2878 2878 contristasse
2913 2831 3123 2879 tantum
3152 2828 3437 2896 populum.

1866 2924 1885 2957 ι
1940 2901 2150 2960 Suﬂicit
2211 2905 2521 2961 istiusmodi
2590 2906 2796 2964 homini
2863 2910 3169 2983 increpatio
3229 2913 3365 2970 haec.
3413 2934 3431 2964 ι

1859 2996 2156 3067 Propterea
2189 3013 2368 3070 neque
2401 2999 2657 3070 superius
2688 3016 2865 3072 neque
2902 3019 3051 3061 nunc
3091 3021 3291 3062 nomen
3318 3006 3439 3076 ejus

1861 3093 2106 3162 apponit,
2135 3102 2387 3150 metuens
2435 3109 2504 3149 ne
2547 3110 2660 3165 quo
2710 3095 2871 3152 modo
2910 3096 3031 3168 ejus
3075 3100 3440 3171 appellatione

171 3188 388 3259 μᾶλλον
422 3189 565 3258 ὑμᾶς
592 3187 945 3259 χαρίσασθαι.
994 3208 1015 3243 ι
1053 3190 1144 3256 Μὴ
1179 3191 1357 3260 μόνον,
1385 3187 1754 3261 φησὶ,λύσητε

1866 3199 2080 3240 rursum
2129 3183 2509 3242 eﬁ‘ervcsceret
2553 3184 2815 3241 adversus
2861 3201 2984 3245 eum
3026 3188 3436 3246 Corinthiorum

169 3279 277 3352 τὴν
304 3279 644 3351 ἐπιτίμησιν,
678 3280 814 3336 ἀλλὰ
845 3282 936 3334 καὶ
966 3280 1389 3353 παρακαλέσατε
1444 3281 1626 3348 αὐτὸν,
1662 3282 1757 3334 καὶ

170 3372 233 3423 ἐν
268 3374 338 3443 τῇ
371 3373 616 3446 προτέρᾳ
640 3373 793 3444 ἔχετε
833 3372 1002 3438 τάξει.
1054 3372 1327 3429 Ἐναντίον
1373 3374 1480 3445 γὰρ
1510 3375 1543 3447 ἡ
1577 3374 1758 3442 παρά-

169 3464 372 3535 κλησις
403 3467 502 3537 τῆς
537 3468 926 3536 ἐπιτιμήσεως.
961 3466 1105 3537 Ὅρα
1125 3467 1204 3522 δέ.
1245 3466 1366 3521 Ἵνα
1400 3470 1479 3537 μὴ
1500 3467 1699 3538 νομίσῃ
1728 3467 1757 3521 ὁ

168 3554 566 3628 πεπορνευκὼς
586 3558 784 3622 ἱκανῶς
816 3558 1296 3629 μετανενοηκέναι,
1331 3557 1537 3612 καὶτοῦ
1564 3556 1752 3611 λοιποῦ

169 3650 550 3722 ρᾳθυμότερος
579 3651 826 3720 γένηται,
858 3651 1021 3721 φησί’
1062 3669 1082 3703 ‹
1111 3648 1480 3720 Χαρίσασθαι,
1516 3668 1535 3704 ι
1572 3650 1634 3702 Εἰ
1660 3647 1756 3702 καὶ

169 3742 254 3812 μὴ
286 3743 457 3808 ἄξιος,
500 3745 686 3813 φησὶν,
718 3744 836 3796 ἐστὶ
860 3742 1044 3796 λαϐεῖν
1067 3744 1208 3796 κατὰ
1234 3742 1458 3813 ὀφειλὴν
1491 3741 1589 3813 τὴν
1620 3759 1753 3810 συγ-

167 3830 428 3900 γνώμην,
471 3834 547 3904 μή
581 3850 696 3896 πως
739 3834 806 3905 τῇ
849 3830 1216 3903 περισσοτέρᾳ
1256 3830 1402 3903 λύπῃ
1448 3830 1751 3899 καταποθῇ,

170 3916 253 3978 ὡς
290 3925 320 3969 ὁ
348 3922 544 3986 Ἰούδας
577 3923 683 3976 ἀπὸ
711 3923 811 3991 τῆς
839 3924 1081 3993 ἀμέτρου
1111 3922 1312 3991 λύπης.
1342 3940 1361 3973 t
1405 3921 1476 3975 Ἤ
1506 3937 1750 3975 καταπο-

169 4008 244 4078 θῇ
279 4008 385 4062 ὑπὸ
408 4014 498 4065 τοῦ
526 4016 759 4071 Σατανᾶ.
794 4033 813 4066 ι
872 4014 1033 4085 Δηλοῖ
1068 4013 1125 4068 δὲ
1172 4012 1340 4070 αὐτοῦ
1387 4012 1618 4083 ἄφθονον
1648 4011 1747 4082 τὴν

167 4098 378 4169 λύπην.

1862 3277 2100 3334 animus.
2138 3294 2157 3329 ι
2199 3277 2272 3335 Ut
2314 3294 2345 3335 e
2387 3278 2606 3334 diverso
2655 3279 2828 3350 magis
2869 3281 3219 3337 condonetis.
3263 3302 3281 3335 ι
3318 3282 3437 3339 Non

1864 3372 2065 3439 solum,
2101 3371 2299 3441 inquit,
2330 3372 2759 3441 increpationem
2793 3372 3014 3441 solvite,
3042 3390 3232 3431 verum
3267 3378 3433 3431 etiam

1863 3462 2223 3517 consolcmini
2259 3477 2405 3528 eum,
2435 3471 2490 3518 et
2522 3462 2580 3517 in
2625 3463 2796 3534 priori
2837 3465 3032 3522 ordine
3066 3481 3134 3522 ac
3173 3467 3437 3540 dignitate

1865 3554 2144 3609 habetote.
2176 3551 2312 3608 Nam
2339 3555 2590 3624 opposita
2617 3564 2701 3612 est
2726 3557 3033 3615 consolatio
3055 3559 3435 3631 increpationi.

1860 3643 2164 3701 Considera
2201 3657 2353 3706 vero.
2402 3643 2548 3713 quod
2579 3660 2648 3701 ne
2687 3648 3014 3704 existimetis
3054 3650 3147 3720 qui
3184 3659 3434 3722 stuprum

1858 3736 2215 3793 commiserat
2242 3750 2301 3792 se
2333 3734 2665 3793 snﬂicienter
2697 3739 3083 3810 pmnitentiam
3127 3741 3326 3813 egisse,
3370 3758 3435 3798 ac

1860 3829 1932 3883 ita
1981 3828 2240 3899 deinceps
2285 3829 2507 3899 segnior
2551 3829 2727 3909 ﬁeret,
2770 3834 2847 3886 ait
2890 3848 2905 3885 :
2948 3850 2967 3883 ι
3007 3833 3363 3889 Condonetis.
3404 3854 3425 3888 ›

1860 3919 2001 3985 Etsi,
2035 3920 2228 3990 inquit,
2260 3921 2461 3991 dignus
2504 3934 2615 3975 non
2656 3928 2742 3977 est
2771 3922 2863 3991 qui
2900 3930 3161 3991 tanquam
3192 3925 3432 3981 debitam

1861 4011 2098 4081 accipiat
2122 4011 2357 4076 veniam,
2386 4026 2481 4067 vos
2504 4022 2684 4067 tamen
2710 4012 3037 4079 condonate,
3064 4030 3135 4071 ne
3158 4017 3434 4086 quomodo

1860 4102 2029 4158 nimia
2079 4102 2442 4159 absorbeatur
2486 4102 2732 4171 tristitia,
2765 4104 3227 4173 quemadmodum
3257 4106 3431 4166 Judae

167 4197 245 4251 ab
300 4196 596 4254 immodico
644 4214 897 4259 interere.
950 4222 967 4253 ι
1018 4200 1114 4257 Vel
1165 4199 1526 4257 absorbeatur
1565 4213 1595 4252 a
1643 4197 1866 4254 Satana.
1901 4195 2235 4268 iﬁigniﬁcat
2299 4205 2479 4252 autem
2544 4197 2915 4254 abundantem
2979 4198 3124 4255 illius
3185 4201 3431 4261 dolorem

167 4303 240 4342 ac
277 4291 508 4342 luctum.

243 4382 343 4433 Διὸ
372 4378 699 4449 παρακαλῶ
725 4384 917 4452 ὑμᾶς,
959 4384 1223 4455 κυρῶσαι
1270 4386 1359 4450 εὶς
1384 4382 1569 4437 αὐτὸν
1606 4379 1749 4450 ἁγά-

166 4488 319 4542 πην.
363 4476 466 4539 Εἰς
506 4474 678 4528 τοῦτο
707 4476 815 4546 γὰρ
839 4476 1097 4545 ἔγραψα,
1144 4479 1246 4532 ἵνα
1293 4475 1414 4549 γνῶ
1444 4475 1559 4543 τὴν
1587 4473 1747 4528 δοκι-

1930 4375 1993 4445 ll,
2036 4378 2193 4434 8-H.
2245 4378 2579 4450 Quapropter
2623 4382 2835 4438 obsecro
2880 4400 2968 4440 vos
3014 4386 3327 4457 conﬁrmata
3372 4389 3429 4442 in

1856 4472 2011 4527 illum
2049 4471 2384 4527 cltaritatent.
2414 4470 2482 4527 In
2511 4474 2607 4527 Itcc
2639 4477 2775 4529 ettim
2813 4478 3002 4549 scripsi
3027 4489 3083 4533 ut
3115 4496 3427 4551 cognoscam

159 4566 296 4637 μὴν
340 4563 530 4636 ὑμῶν,
566 4567 622 4621 εί
670 4570 754 4635 εις
781 4568 977 4623 πάντα
1021 4570 1281 4639 ὑπήκοοί
1302 4570 1462 4624 ἐστε.
1496 4562 1564 4641 ᾭ
1599 4565 1668 4621 δέ
1695 4585 1749 4621 τι

1866 4566 2220 4621 probationem
2264 4569 2444 4631 vestri,
2483 4586 2552 4622 an
2604 4574 2674 4623 ad
2721 4573 2898 4625 omnia
2946 4574 3241 4630 obedientcs
3286 4574 3421 4629 sitis.

162 4656 502 4728 χαρίζεσθε,
535 4659 633 4713 καὶ
661 4660 792 4729 ἐγώ.
813 4662 922 4716 Καὶ
937 4662 1048 4733 γὰρ
1070 4663 1205 4732 ἐγὼ,
1230 4662 1285 4716 ει
1302 4681 1355 4716 τι
1372 4660 1750 4731 κεχάρισμαι,

163 4747 219 4821 ᾧ
241 4751 620 4822 κεχάρισμαι,
649 4752 725 4807 δι’
747 4752 901 4823 ὑμᾶς
928 4756 999 4808 ἐν
1018 4753 1317 4823 προσώπῳ
1337 4752 1617 4822 Χριστοῦ,
1648 4753 1752 4807 ἵνα

159 4842 252 4912 μὴ
279 4842 823 4914 πλεονεκτηθῶμεν
870 4846 991 4899 ὑπὸ
1046 4845 1154 4901 τοῦ
1209 4844 1467 4903 Σατανᾶ.
1526 4846 1608 4898 Οὐ
1637 4843 1749 4914 γὰρ

163 4935 360 4991 αὐτοῦ
386 4937 655 5007 νοήματα
690 4937 1046 5008 ἀγνοοῦμεν.

241 5114 362 5168 Ούκ
386 5114 466 5168 ἔτι
518 5115 597 5179 ὡς
631 5115 951 5180 διδάσκαλος
982 5116 1216 5178 κελεύει.
1255 5115 1370 5170 ἀλλ’
1399 5116 1478 5180 ὡς
1515 5117 1745 5188 συνήγο-

170 5222 267 5276 ρος
295 5204 557 5269 δικαστὰς
585 5205 912 5275 παρακαλεῖ.
948 5226 966 5257 ι
988 5209 1252 5279 Κυρῶσαι
1280 5209 1361 5272 είς
1391 5208 1555 5262 αὐτὸν
1606 5208 1748 5277 ἁγά-

168 5317 303 5370 πην.
336 5317 356 5351 ι
390 5300 479 5369 Μὴ
511 5301 718 5365 ἁπλῶς,
748 5301 887 5354 ἀλλὰ
915 5302 1148 5370 παγίως.
1197 5302 1478 5373 Μεγίστην
1500 5302 1556 5356 δὲ
1590 5302 1750 5355 τοῦτο

163 5391 415 5445 δείκνυσι
472 5393 775 5465 Κορινθίων
817 5393 1040 5465 ἀρετὴν,
1088 5394 1171 5447 ὅτι
1207 5392 1377 5456 οὕτως
1408 5392 1748 5465 μετεϐλήθηο

168 5496 294 5548 σαν,
319 5480 393 5546 ὦς
417 5500 477 5536 τε
509 5483 594 5553 ἐφ’
622 5478 666 5553 ᾧ
696 5484 963 5554 πρότερον
1006 5483 1345 5555 ἐφυσιοῦντο,
1409 5503 1427 5535 ι
1451 5483 1562 5538 Καὶ
1589 5484 1749 5554 ὑμεῖς

166 5574 303 5644 τδρ*
327 5577 483 5646 φηαὶ,
511 5580 918 5648 πεφυσιωμένοι
948 5577 1095 5644 ἐστὲ,
1131 5595 1151 5629 ι
1200 5576 1295 5630 νῦν
1317 5575 1518 5648 ἔχθραν
1542 5578 1747 5631 ἄσπον-

166 5658 260 5711 δον
294 5659 463 5728 ῐχειν.
497 5680 517 5713 ι
558 5665 673 5717 Ἵνα
698 5664 811 5733 γνῶ
839 5664 937 5736 τὴν
993 5665 1222 5737 δοκιμὴν
1266 5666 1439 5737 ὑμῶν.
1477 5683 1496 5716 ι
1544 5665 1655 5735 Τὴν
1688 5667 1746 5718 ὲν

164 5752 236 5820 τῇ
267 5751 482 5820 ὑπακοῇ
507 5753 770 5825 δηλονότι.
809 5775 825 5807 ι
849 5757 943 5820 Εἲς
966 5756 1122 5810 τοῦτο
1149 5759 1258 5828 γὰρ
1279 5756 1515 5829 εγραψα,
1531 5777 1548 5810 ι
1584 5774 1742 5811 τουτ-

277 5846 323 5877 "
355 5845 379 5900 ι
409 5847 535 5901 Cor.
576 5859 631 5912 ν,
654 5851 711 5907 Ω.

421 5940 691 6001 Parant.
727 5943 843 6002 Gn.
889 5947 1170 6013 CXVIII.

1857 4653 1957 4711 Cui
2004 4671 2121 4710 vero
2166 4656 2479 4712 condonatis
2520 4660 2723 4730 aliquid
2755 4671 2803 4714 et
2846 4677 2940 4730 ego
2983 4664 3242 4718 condono.
3282 4662 3428 4717 Nam

1855 4758 1907 4803 et
1957 4765 2049 4819 ego
2112 4751 2160 4805 si
2212 4750 2339 4819 quid
2378 4752 2692 4815 condonavi,
2722 4754 2809 4805 cui
2853 4754 3169 4817 ccndonavi,
3214 4767 3430 4826 propter

1856 4855 1944 4895 vos
1981 4840 2275 4897 condonavi
2322 4843 2377 4897 in
2416 4858 2638 4911 persona
2680 4841 2901 4911 Christi,
2936 4863 2999 4899 ne
3043 4849 3428 4904 circumrenia-

1856 4948 1974 4986 mur
2005 4949 2037 4987 a
2077 4932 2311 4989 Satana.
2351 4930 2475 4987 Nan
2517 4936 2654 4988 enim
2700 4935 2847 4989 illius
2886 4937 3232 5007 cogitationes
3272 4942 3426 5009 igno-

1852 5038 2034 5079 ramus
2045 5067 2056 5078 .
3430 5094 3437 5103 .

1920 5114 2041 5171 Jam
2086 5130 2194 5171 non
2238 5125 2299 5172 ut
2340 5124 2642 5187 praeceptor
2678 5117 2859 5188 jubet,
2906 5122 3000 5177 sed
3034 5130 3296 5195 tanquam
3332 5142 3426 5198 pa-

1854 5221 2049 5267 tronus
2078 5209 2298 5280 iudices
2347 5211 2695 5282 deprecatur.
2734 5231 2751 5265 ι
2791 5213 3124 5275 Conﬁrmata
3178 5220 3232 5274 in
3276 5220 3425 5276 illum

1853 5284 2199 5357 charitatetn.
2257 5320 2276 5354 ι
2315 5299 2436 5355 Non
2479 5312 2779 5373 utcunque,
2822 5306 2917 5361 sed
2971 5306 3218 5365 ﬁrmiter.
3251 5309 3427 5367 Maxi-

1852 5407 1997 5447 mam
2028 5400 2210 5449 autem
2243 5392 2653 5450 Corinthiorum
2689 5386 2932 5452 ostendit
2969 5400 3249 5463 virtutem,
3278 5405 3423 5473 quod

1850 5482 1986 5539 adeo
2026 5483 2302 5539 immutati
2332 5493 2538 5548 essent,
2566 5492 2626 5538 ut
2652 5485 2719 5541 de
2747 5502 2858 5556 quo
2884 5490 3036 5557 prius
3064 5491 3233 5545 inﬂati
3264 5502 3425 5546 erant

1850 5589 1915 5630 ac
1969 5590 2091 5631 sese
2129 5576 2609 5650 jactabant(nam,
2654 5597 2673 5630 ι
2730 5577 2798 5633 Et
2841 5595 2960 5644 vos,
3007 5581 3203 5650 inquit,
3247 5581 3422 5639 inﬂati

1850 5667 1987 5725 estis
2005 5670 2047 5700 "
2077 5667 2148 5737 ι),
2175 5684 2320 5725 nunc
2340 5670 2998 5725 odiumirrcconciliabile
3031 5682 3422 5740 conceperant.

1857 5780 1875 5814 ι
1923 5761 1993 5818 Ut
2041 5777 2369 5834 cognoscam
2406 5763 2780 5834 probationem
2834 5760 3021 5818 vestri.
3068 5781 3086 5815 ι
3125 5762 3259 5818 Puta
3301 5781 3425 5838 qua

2952 5952 3025 6012 30
