  <div class='ocr_page' id='page_1' title='image "/cluster/home/n/w/nwhite01/storage/ocr_20150623/118/hvd.32044019208149/531.png"; bbox 0 0 3906 6552; ppageno 0'>
   <div class='ocr_carea' id='block_1_1' title="bbox 468 436 579 501">
    <p class='ocr_par' dir='ltr' id='par_1_1' title="bbox 468 436 579 501">
     <span class='ocr_line' id='line_1_1' title="bbox 468 436 579 501; baseline -0.036 0"><span class='ocrx_word' id='word_1_1' title='bbox 468 436 579 501; x_wconf 68' lang='grc'><strong>943</strong></span> 
     </span>
    </p>
   </div>
   <div class='ocr_carea' id='block_1_2' title="bbox 1519 412 2028 498">
    <p class='ocr_par' dir='ltr' id='par_1_2' title="bbox 1519 412 2028 489">
     <span class='ocr_line' id='line_1_2' title="bbox 1519 412 2028 489; baseline -0.002 0"><span class='ocrx_word' id='word_1_2' title='bbox 1519 429 1921 489; x_wconf 81' lang='lat' dir='ltr'><strong>(ECUMENII</strong></span> <span class='ocrx_word' id='word_1_3' title='bbox 1966 412 2028 489; x_wconf 73' lang='grc' dir='ltr'><strong>Τ]</strong></span> 
     </span>
    </p>
   </div>
   <div class='ocr_carea' id='block_1_3' title="bbox 2132 412 3700 498">
    <p class='ocr_par' dir='ltr' id='par_1_3' title="bbox 2132 429 3700 498">
     <span class='ocr_line' id='line_1_3' title="bbox 2132 429 3700 498; baseline 0.004 -10"><span class='ocrx_word' id='word_1_4' title='bbox 2132 429 2263 489; x_wconf 68' lang='grc' dir='ltr'><strong>ἶαίΕ</strong></span> <span class='ocrx_word' id='word_1_5' title='bbox 2308 430 2647 492; x_wconf 73' lang='lat' dir='ltr'><strong>EPISCOPI</strong></span> <span class='ocrx_word' id='word_1_6' title='bbox 3609 432 3700 498; x_wconf 67' lang='lat' dir='ltr'><strong>9H</strong></span> 
     </span>
    </p>
   </div>
   <div class='ocr_carea' id='block_1_4' title="bbox 481 567 2028 645">
    <p class='ocr_par' dir='ltr' id='par_1_4' title="bbox 481 568 2028 641">
     <span class='ocr_line' id='line_1_4' title="bbox 481 568 2028 641; baseline -0.003 -14"><span class='ocrx_word' id='word_1_7' title='bbox 481 595 496 627; x_wconf 91' lang='grc' dir='ltr'><strong>ι</strong></span> <span class='ocrx_word' id='word_1_8' title='bbox 543 576 811 641; x_wconf 82' lang='lat' dir='ltr'><strong>Quoniam</strong></span> <span class='ocrx_word' id='word_1_9' title='bbox 848 572 1051 628; x_wconf 79' lang='lat' dir='ltr'><strong>Christi</strong></span> <span class='ocrx_word' id='word_1_10' title='bbox 1098 572 1238 627; x_wconf 88' lang='lat' dir='ltr'><strong>bona</strong></span> <span class='ocrx_word' id='word_1_11' title='bbox 1272 569 1572 641; x_wconf 73' lang='lat' dir='ltr'><strong>fragrantia</strong></span> <span class='ocrx_word' id='word_1_12' title='bbox 1610 584 1823 625; x_wconf 89' lang='lat' dir='ltr'><strong>sumus.</strong></span> <span class='ocrx_word' id='word_1_13' title='bbox 1873 588 1893 623; x_wconf 78' lang='grc' dir='ltr'><strong>ι</strong></span> <span class='ocrx_word' id='word_1_14' title='bbox 1928 568 2028 624; x_wconf 80' lang='lat' dir='ltr'><strong>Nor</strong></span> 
     </span>
    </p>
   </div>
   <div class='ocr_carea' id='block_1_5' title="bbox 2132 567 3696 645">
    <p class='ocr_par' dir='ltr' id='par_1_5' title="bbox 2149 567 3696 645">
     <span class='ocr_line' id='line_1_5' title="bbox 2149 567 3696 645; baseline 0.001 -21"><span class='ocrx_word' id='word_1_15' title='bbox 2149 567 2259 625; x_wconf 76' lang='grc' dir='ltr'><strong>οἷον</strong></span> <span class='ocrx_word' id='word_1_16' title='bbox 2287 573 2691 644; x_wconf 78' lang='grc' dir='ltr'><strong>ἀναφερομένη.</strong></span> <span class='ocrx_word' id='word_1_17' title='bbox 2718 572 2869 639; x_wconf 84' lang='grc' dir='ltr'><strong>Πῶς;</strong></span> <span class='ocrx_word' id='word_1_18' title='bbox 2901 572 2936 643; x_wconf 73' lang='grc' dir='ltr'><strong>ἦ</strong></span> <span class='ocrx_word' id='word_1_19' title='bbox 2966 572 3193 638; x_wconf 75' lang='grc' dir='ltr'><strong>ἑαυτοὺς</strong></span> <span class='ocrx_word' id='word_1_20' title='bbox 3225 568 3640 645; x_wconf 62' lang='grc' dir='ltr'><strong>ἱερουργοῦντες,</strong></span> <span class='ocrx_word' id='word_1_21' title='bbox 3670 576 3696 644; x_wconf 75' lang='grc' dir='ltr'>ἦ</span> 
     </span>
    </p>
   </div>
   <div class='ocr_carea' id='block_1_6' title="bbox 469 662 2041 743">
    <p class='ocr_par' dir='ltr' id='par_1_6' title="bbox 469 662 2041 743">
     <span class='ocr_line' id='line_1_6' title="bbox 469 662 2041 743; baseline -0.003 -21"><span class='ocrx_word' id='word_1_22' title='bbox 469 669 683 734; x_wconf 90' lang='lat' dir='ltr'><strong>solum,</strong></span> <span class='ocrx_word' id='word_1_23' title='bbox 734 667 946 737; x_wconf 89' lang='lat' dir='ltr'><strong>inquit,</strong></span> <span class='ocrx_word' id='word_1_24' title='bbox 992 666 1188 719; x_wconf 77' lang='lat' dir='ltr'><strong>bonam</strong></span> <span class='ocrx_word' id='word_1_25' title='bbox 1241 663 1596 743; x_wconf 79' lang='lat' dir='ltr'><strong>fragrantiam</strong></span> <span class='ocrx_word' id='word_1_26' title='bbox 1643 662 2041 733; x_wconf 58' lang='lat' dir='ltr'><strong>praedicamus,</strong></span> 
     </span>
    </p>
   </div>
   <div class='ocr_carea' id='block_1_7' title="bbox 467 754 2041 828">
    <p class='ocr_par' dir='ltr' id='par_1_7' title="bbox 467 754 2041 828">
     <span class='ocr_line' id='line_1_7' title="bbox 467 754 2041 828; baseline -0.002 -16"><span class='ocrx_word' id='word_1_27' title='bbox 467 775 654 813; x_wconf 72' lang='lat' dir='ltr'><strong>rerum</strong></span> <span class='ocrx_word' id='word_1_28' title='bbox 686 757 849 813; x_wconf 85' lang='lat' dir='ltr'><strong>etiam</strong></span> <span class='ocrx_word' id='word_1_29' title='bbox 894 772 997 811; x_wconf 85' lang='lat' dir='ltr'><strong>nos</strong></span> <span class='ocrx_word' id='word_1_30' title='bbox 1040 754 1271 828; x_wconf 88' lang='lat' dir='ltr'><strong>apostoli</strong></span> <span class='ocrx_word' id='word_1_31' title='bbox 1308 756 1449 811; x_wconf 85' lang='lat' dir='ltr'><strong>bona</strong></span> <span class='ocrx_word' id='word_1_32' title='bbox 1498 754 1797 826; x_wconf 76' lang='lat' dir='ltr'><strong>fragrantia</strong></span> <span class='ocrx_word' id='word_1_33' title='bbox 1830 771 2041 823; x_wconf 89' lang='lat' dir='ltr'><strong>sumus,</strong></span> 
     </span>
    </p>
   </div>
   <div class='ocr_carea' id='block_1_8' title="bbox 2150 663 3699 736">
    <p class='ocr_par' dir='ltr' id='par_1_8' title="bbox 2150 663 3699 736">
     <span class='ocr_line' id='line_1_8' title="bbox 2150 663 3699 736; baseline -0.001 -18"><span class='ocrx_word' id='word_1_34' title='bbox 2150 664 2260 718; x_wconf 76' lang='grc' dir='ltr'><strong>ἀπὸ</strong></span> <span class='ocrx_word' id='word_1_35' title='bbox 2291 665 2399 719; x_wconf 85' lang='grc' dir='ltr'><strong>τῶν</strong></span> <span class='ocrx_word' id='word_1_36' title='bbox 2417 664 2616 731; x_wconf 71' lang='grc' dir='ltr'><strong>ἔξωθεν</strong></span> <span class='ocrx_word' id='word_1_37' title='bbox 2650 663 2774 718; x_wconf 74' lang='grc' dir='ltr'><strong>καθ’</strong></span> <span class='ocrx_word' id='word_1_38' title='bbox 2803 664 3016 735; x_wconf 82' lang='grc' dir='ltr'><strong>ἡμέραν</strong></span> <span class='ocrx_word' id='word_1_39' title='bbox 3044 664 3505 736; x_wconf 79' lang='grc' dir='ltr'><strong>ἀποθνήσκοντες,</strong></span> <span class='ocrx_word' id='word_1_40' title='bbox 3525 665 3612 721; x_wconf 72' lang='grc' dir='ltr'><strong>καὶ</strong></span> <span class='ocrx_word' id='word_1_41' title='bbox 3634 668 3699 729; x_wconf 77' lang='grc' dir='ltr'><strong>εἰς</strong></span> 
     </span>
    </p>
   </div>
   <div class='ocr_carea' id='block_1_9' title="bbox 2149 755 3695 828">
    <p class='ocr_par' dir='ltr' id='par_1_9' title="bbox 2149 755 3695 828">
     <span class='ocr_line' id='line_1_9' title="bbox 2149 755 3695 828; baseline 0 -19"><span class='ocrx_word' id='word_1_42' title='bbox 2149 757 2317 828; x_wconf 85' lang='grc' dir='ltr'><strong>ίερεῑα</strong></span> <span class='ocrx_word' id='word_1_43' title='bbox 2342 756 2679 827; x_wconf 74' lang='grc' dir='ltr'><strong>λογιζόμενοι</strong></span> <span class='ocrx_word' id='word_1_44' title='bbox 2712 756 2969 827; x_wconf 82' lang='grc' dir='ltr'><strong>Χριστοῦ.</strong></span> <span class='ocrx_word' id='word_1_45' title='bbox 3009 776 3028 809; x_wconf 78' lang='grc' dir='ltr'><strong>ι</strong></span> <span class='ocrx_word' id='word_1_46' title='bbox 3069 757 3156 809; x_wconf 81' lang='grc' dir='ltr'><strong>Ἐν</strong></span> <span class='ocrx_word' id='word_1_47' title='bbox 3172 760 3286 821; x_wconf 84' lang='grc' dir='ltr'><strong>τοίς</strong></span> <span class='ocrx_word' id='word_1_48' title='bbox 3316 755 3656 826; x_wconf 74' lang='grc' dir='ltr'><strong>σωζομένοις.</strong></span> <span class='ocrx_word' id='word_1_49' title='bbox 3679 777 3695 809; x_wconf 73' lang='grc' dir='ltr'><strong>ι</strong></span> 
     </span>
    </p>
   </div>
   <div class='ocr_carea' id='block_1_10' title="bbox 466 846 2028 919">
    <p class='ocr_par' dir='ltr' id='par_1_10' title="bbox 466 846 2028 917">
     <span class='ocr_line' id='line_1_10' title="bbox 466 846 2028 917; baseline 0.001 -17"><span class='ocrx_word' id='word_1_50' title='bbox 466 848 595 917; x_wconf 72' lang='lat' dir='ltr'><strong>quae</strong></span> <span class='ocrx_word' id='word_1_51' title='bbox 620 862 647 900; x_wconf 89' lang='lat' dir='ltr'><strong>a</strong></span> <span class='ocrx_word' id='word_1_52' title='bbox 679 848 906 903; x_wconf 85' lang='lat' dir='ltr'><strong>Christo</strong></span> <span class='ocrx_word' id='word_1_53' title='bbox 947 846 1058 902; x_wconf 88' lang='lat' dir='ltr'><strong>Deo</strong></span> <span class='ocrx_word' id='word_1_54' title='bbox 1090 846 1255 901; x_wconf 82' lang='lat' dir='ltr'><strong>veluti</strong></span> <span class='ocrx_word' id='word_1_55' title='bbox 1300 847 1553 917; x_wconf 81' lang='lat' dir='ltr'><strong>emergit.</strong></span> <span class='ocrx_word' id='word_1_56' title='bbox 1582 846 1911 913; x_wconf 80' lang='lat' dir='ltr'><strong>Quomodo?</strong></span> <span class='ocrx_word' id='word_1_57' title='bbox 1935 848 2028 901; x_wconf 81' lang='lat' dir='ltr'><strong>Aul</strong></span> 
     </span>
    </p>
   </div>
   <div class='ocr_carea' id='block_1_11' title="bbox 2132 846 3697 919">
    <p class='ocr_par' dir='ltr' id='par_1_11' title="bbox 2146 847 3697 919">
     <span class='ocr_line' id='line_1_11' title="bbox 2146 847 3697 919; baseline -0.002 -16"><span class='ocrx_word' id='word_1_58' title='bbox 2146 849 2357 903; x_wconf 78' lang='grc' dir='ltr'><strong>Εύωδία</strong></span> <span class='ocrx_word' id='word_1_59' title='bbox 2377 848 2665 918; x_wconf 76' lang='grc' dir='ltr'><strong>τοιγαροῦν</strong></span> <span class='ocrx_word' id='word_1_60' title='bbox 2696 850 2863 918; x_wconf 78' lang='grc' dir='ltr'><strong>ἐσμεν</strong></span> <span class='ocrx_word' id='word_1_61' title='bbox 2888 889 2903 914; x_wconf 92' lang='grc'><strong>,</strong></span> <span class='ocrx_word' id='word_1_62' title='bbox 2937 849 3031 901; x_wconf 73' lang='grc' dir='ltr'><strong>καὶ</strong></span> <span class='ocrx_word' id='word_1_63' title='bbox 3062 849 3290 903; x_wconf 80' lang='grc' dir='ltr'><strong>εὐωδίαν</strong></span> <span class='ocrx_word' id='word_1_64' title='bbox 3346 847 3697 919; x_wconf 69' lang='grc' dir='ltr'><strong>κηρύσσομεν,</strong></span> 
     </span>
    </p>
   </div>
   <div class='ocr_carea' id='block_1_12' title="bbox 464 931 2038 1007">
    <p class='ocr_par' dir='ltr' id='par_1_12' title="bbox 464 931 2038 1007">
     <span class='ocr_line' id='line_1_12' title="bbox 464 931 2038 1007; baseline -0.002 -16"><span class='ocrx_word' id='word_1_65' title='bbox 464 953 567 993; x_wconf 85' lang='lat' dir='ltr'><strong>nos</strong></span> <span class='ocrx_word' id='word_1_66' title='bbox 611 936 761 1007; x_wconf 90' lang='lat' dir='ltr'><strong>ipsos</strong></span> <span class='ocrx_word' id='word_1_67' title='bbox 807 934 1205 999; x_wconf 88' lang='lat' dir='ltr'><strong>sacriﬁcantes,</strong></span> <span class='ocrx_word' id='word_1_68' title='bbox 1238 941 1336 989; x_wconf 88' lang='lat' dir='ltr'><strong>aut</strong></span> <span class='ocrx_word' id='word_1_69' title='bbox 1368 932 1611 988; x_wconf 78' lang='lat' dir='ltr'><strong>externis</strong></span> <span class='ocrx_word' id='word_1_70' title='bbox 1647 931 2038 989; x_wconf 83' lang='lat' dir='ltr'><strong>afﬂictionibus</strong></span> 
     </span>
    </p>
   </div>
   <div class='ocr_carea' id='block_1_13' title="bbox 464 1023 2040 1098">
    <p class='ocr_par' dir='ltr' id='par_1_13' title="bbox 464 1023 2040 1098">
     <span class='ocr_line' id='line_1_13' title="bbox 464 1023 2040 1098; baseline -0.001 -18"><span class='ocrx_word' id='word_1_71' title='bbox 464 1030 708 1097; x_wconf 76' lang='lat' dir='ltr'><strong>quotidie</strong></span> <span class='ocrx_word' id='word_1_72' title='bbox 757 1028 1080 1094; x_wconf 79' lang='lat' dir='ltr'><strong>morientes,</strong></span> <span class='ocrx_word' id='word_1_73' title='bbox 1124 1025 1292 1098; x_wconf 65' lang='grc'><strong>614</strong></span> <span class='ocrx_word' id='word_1_74' title='bbox 1327 1033 1383 1081; x_wconf 88' lang='lat' dir='ltr'><strong>et</strong></span> <span class='ocrx_word' id='word_1_75' title='bbox 1434 1024 1489 1079; x_wconf 91' lang='lat' dir='ltr'><strong>in</strong></span> <span class='ocrx_word' id='word_1_76' title='bbox 1529 1023 1736 1079; x_wconf 87' lang='lat' dir='ltr'><strong>Christi</strong></span> <span class='ocrx_word' id='word_1_77' title='bbox 1785 1024 2040 1079; x_wconf 83' lang='lat' dir='ltr'><strong>victimas</strong></span> 
     </span>
    </p>
   </div>
   <div class='ocr_carea' id='block_1_14' title="bbox 436 1114 2038 1191">
    <p class='ocr_par' dir='ltr' id='par_1_14' title="bbox 436 1114 2038 1191">
     <span class='ocr_line' id='line_1_14' title="bbox 436 1114 2038 1191; baseline -0.004 -16"><span class='ocrx_word' id='word_1_78' title='bbox 436 1120 801 1191; x_wconf 64' lang='lat' dir='ltr'><strong>&#39;reputali‘.-¢</strong></span> <span class='ocrx_word' id='word_1_79' title='bbox 843 1118 899 1174; x_wconf 92' lang='lat' dir='ltr'><strong>In</strong></span> <span class='ocrx_word' id='word_1_80' title='bbox 944 1118 1041 1174; x_wconf 85' lang='lat' dir='ltr'><strong>his</strong></span> <span class='ocrx_word' id='word_1_81' title='bbox 1084 1118 1177 1189; x_wconf 87' lang='lat' dir='ltr'><strong>qui</strong></span> <span class='ocrx_word' id='word_1_82' title='bbox 1222 1118 1359 1173; x_wconf 80' lang='lat' dir='ltr'><strong>salvi</strong></span> <span class='ocrx_word' id='word_1_83' title='bbox 1407 1117 1564 1171; x_wconf 88' lang='lat' dir='ltr'><strong>ﬁunt.</strong></span> <span class='ocrx_word' id='word_1_84' title='bbox 1600 1130 1619 1167; x_wconf 76' lang='grc' dir='ltr'><strong>ι</strong></span> <span class='ocrx_word' id='word_1_85' title='bbox 1662 1114 1817 1169; x_wconf 71' lang='grc' dir='ltr'><strong>Βοηα</strong></span> <span class='ocrx_word' id='word_1_86' title='bbox 1868 1114 2038 1185; x_wconf 85' lang='lat' dir='ltr'><strong>igitur</strong></span> 
     </span>
    </p>
   </div>
   <div class='ocr_carea' id='block_1_15' title="bbox 460 1204 2037 1283">
    <p class='ocr_par' dir='ltr' id='par_1_15' title="bbox 460 1204 2037 1283">
     <span class='ocr_line' id='line_1_15' title="bbox 460 1204 2037 1283; baseline -0.006 -17"><span class='ocrx_word' id='word_1_87' title='bbox 460 1211 761 1283; x_wconf 64' lang='lat' dir='ltr'><strong>ﬂagrantia</strong></span> <span class='ocrx_word' id='word_1_88' title='bbox 795 1225 1011 1277; x_wconf 87' lang='lat' dir='ltr'><strong>sumus,</strong></span> <span class='ocrx_word' id='word_1_89' title='bbox 1042 1219 1094 1264; x_wconf 90' lang='lat' dir='ltr'><strong>et</strong></span> <span class='ocrx_word' id='word_1_90' title='bbox 1129 1210 1325 1263; x_wconf 84' lang='lat' dir='ltr'><strong>bonam</strong></span> <span class='ocrx_word' id='word_1_91' title='bbox 1372 1205 1728 1276; x_wconf 82' lang='lat' dir='ltr'><strong>fragrantiam</strong></span> <span class='ocrx_word' id='word_1_92' title='bbox 1774 1204 2037 1274; x_wconf 60' lang='lat' dir='ltr'><strong>praedica-</strong></span> 
     </span>
    </p>
   </div>
   <div class='ocr_carea' id='block_1_16' title="bbox 460 1296 2035 1374">
    <p class='ocr_par' dir='ltr' id='par_1_16' title="bbox 460 1296 2035 1374">
     <span class='ocr_line' id='line_1_16' title="bbox 460 1296 2035 1374; baseline -0.004 -15"><span class='ocrx_word' id='word_1_93' title='bbox 460 1323 580 1361; x_wconf 80' lang='lat' dir='ltr'><strong>mus</strong></span> <span class='ocrx_word' id='word_1_94' title='bbox 615 1324 627 1359; x_wconf 93' lang='lat'><strong>:</strong></span> <span class='ocrx_word' id='word_1_95' title='bbox 661 1306 778 1360; x_wconf 63' lang='lat' dir='ltr'><strong>sire</strong></span> <span class='ocrx_word' id='word_1_96' title='bbox 813 1304 937 1374; x_wconf 84' lang='lat' dir='ltr'><strong>quis</strong></span> <span class='ocrx_word' id='word_1_97' title='bbox 982 1319 1045 1357; x_wconf 82' lang='lat' dir='ltr'><strong>ex</strong></span> <span class='ocrx_word' id='word_1_98' title='bbox 1095 1302 1200 1356; x_wconf 91' lang='lat' dir='ltr'><strong>hoc</strong></span> <span class='ocrx_word' id='word_1_99' title='bbox 1231 1300 1416 1355; x_wconf 88' lang='lat' dir='ltr'><strong>salvus</strong></span> <span class='ocrx_word' id='word_1_100' title='bbox 1450 1298 1544 1352; x_wconf 88' lang='lat' dir='ltr'><strong>ﬁat</strong></span> <span class='ocrx_word' id='word_1_101' title='bbox 1577 1312 1674 1367; x_wconf 87' lang='lat' dir='ltr'><strong>per</strong></span> <span class='ocrx_word' id='word_1_102' title='bbox 1708 1296 1887 1364; x_wconf 89' lang='lat' dir='ltr'><strong>ﬁdem,</strong></span> <span class='ocrx_word' id='word_1_103' title='bbox 1919 1297 2035 1352; x_wconf 83' lang='lat' dir='ltr'><strong>sive</strong></span> 
     </span>
    </p>
   </div>
   <div class='ocr_carea' id='block_1_17' title="bbox 459 1389 2032 1469">
    <p class='ocr_par' dir='ltr' id='par_1_17' title="bbox 459 1389 2032 1469">
     <span class='ocr_line' id='line_1_17' title="bbox 459 1389 2032 1469; baseline -0.006 -16"><span class='ocrx_word' id='word_1_104' title='bbox 459 1406 645 1469; x_wconf 84' lang='lat' dir='ltr'><strong>pereat</strong></span> <span class='ocrx_word' id='word_1_105' title='bbox 700 1410 797 1468; x_wconf 88' lang='lat' dir='ltr'><strong>per</strong></span> <span class='ocrx_word' id='word_1_106' title='bbox 850 1394 1314 1450; x_wconf 70' lang='lat' dir='ltr'><strong>incredulitatem.</strong></span> <span class='ocrx_word' id='word_1_107' title='bbox 1364 1389 1834 1457; x_wconf 79' lang='lat' dir='ltr'><strong>Quemadmodum</strong></span> <span class='ocrx_word' id='word_1_108' title='bbox 1886 1389 2032 1445; x_wconf 87' lang='lat' dir='ltr'><strong>enim</strong></span> 
     </span>
    </p>
   </div>
   <div class='ocr_carea' id='block_1_18' title="bbox 458 1479 2033 1554">
    <p class='ocr_par' dir='ltr' id='par_1_18' title="bbox 458 1479 2033 1554">
     <span class='ocr_line' id='line_1_18' title="bbox 458 1479 2033 1554; baseline -0.006 -11"><span class='ocrx_word' id='word_1_109' title='bbox 458 1491 537 1543; x_wconf 76' lang='grc' dir='ltr'><strong>ευι</strong></span> <span class='ocrx_word' id='word_1_110' title='bbox 583 1496 636 1542; x_wconf 87' lang='lat' dir='ltr'><strong>et</strong></span> <span class='ocrx_word' id='word_1_111' title='bbox 686 1488 790 1541; x_wconf 87' lang='lat' dir='ltr'><strong>mel</strong></span> <span class='ocrx_word' id='word_1_112' title='bbox 832 1486 902 1540; x_wconf 86' lang='lat' dir='ltr'><strong>ab</strong></span> <span class='ocrx_word' id='word_1_113' title='bbox 946 1484 1033 1540; x_wconf 86' lang='lat' dir='ltr'><strong>his</strong></span> <span class='ocrx_word' id='word_1_114' title='bbox 1077 1484 1169 1554; x_wconf 89' lang='lat' dir='ltr'><strong>qui</strong></span> <span class='ocrx_word' id='word_1_115' title='bbox 1222 1484 1518 1549; x_wconf 76' lang='lat' dir='ltr'><strong>caecutiunt</strong></span> <span class='ocrx_word' id='word_1_116' title='bbox 1550 1488 1645 1534; x_wconf 91' lang='lat' dir='ltr'><strong>aut</strong></span> <span class='ocrx_word' id='word_1_117' title='bbox 1678 1480 1811 1535; x_wconf 78' lang='lat' dir='ltr'><strong>vitio</strong></span> <span class='ocrx_word' id='word_1_118' title='bbox 1854 1479 2033 1536; x_wconf 65' lang='grc' dir='ltr'><strong>οπεοιὶ</strong></span> 
     </span>
    </p>
   </div>
   <div class='ocr_carea' id='block_1_19' title="bbox 458 1574 2031 1649">
    <p class='ocr_par' dir='ltr' id='par_1_19' title="bbox 458 1574 2031 1649">
     <span class='ocr_line' id='line_1_19' title="bbox 458 1574 2031 1649; baseline -0.005 -12"><span class='ocrx_word' id='word_1_119' title='bbox 458 1590 605 1647; x_wconf 85' lang='lat' dir='ltr'><strong>sunt,</strong></span> <span class='ocrx_word' id='word_1_120' title='bbox 639 1595 746 1634; x_wconf 92' lang='lat' dir='ltr'><strong>non</strong></span> <span class='ocrx_word' id='word_1_121' title='bbox 783 1579 938 1649; x_wconf 83' lang='lat' dir='ltr'><strong>juxta</strong></span> <span class='ocrx_word' id='word_1_122' title='bbox 967 1593 1124 1633; x_wconf 91' lang='lat' dir='ltr'><strong>suam</strong></span> <span class='ocrx_word' id='word_1_123' title='bbox 1161 1574 1570 1647; x_wconf 84' lang='lat' dir='ltr'><strong>perspiciuntur</strong></span> <span class='ocrx_word' id='word_1_124' title='bbox 1600 1582 1850 1627; x_wconf 88' lang='lat' dir='ltr'><strong>naturam</strong></span> <span class='ocrx_word' id='word_1_125' title='bbox 1885 1588 1900 1627; x_wconf 87' lang='lat'>:</span> <span class='ocrx_word' id='word_1_126' title='bbox 1937 1574 2031 1629; x_wconf 91' lang='lat' dir='ltr'><strong>sed</strong></span> 
     </span>
    </p>
   </div>
   <div class='ocr_carea' id='block_1_20' title="bbox 457 1665 2029 1742">
    <p class='ocr_par' dir='ltr' id='par_1_20' title="bbox 457 1665 2029 1742">
     <span class='ocr_line' id='line_1_20' title="bbox 457 1665 2029 1742; baseline -0.005 -15"><span class='ocrx_word' id='word_1_127' title='bbox 457 1690 567 1727; x_wconf 86' lang='lat' dir='ltr'><strong>non</strong></span> <span class='ocrx_word' id='word_1_128' title='bbox 608 1672 679 1727; x_wconf 76' lang='lat' dir='ltr'><strong>ob</strong></span> <span class='ocrx_word' id='word_1_129' title='bbox 723 1671 775 1726; x_wconf 77' lang='lat' dir='ltr'><strong>itl</strong></span> <span class='ocrx_word' id='word_1_130' title='bbox 826 1671 916 1727; x_wconf 74' lang='lat' dir='ltr'><strong>ille</strong></span> <span class='ocrx_word' id='word_1_131' title='bbox 959 1669 1179 1742; x_wconf 85' lang='lat' dir='ltr'><strong>quidem</strong></span> <span class='ocrx_word' id='word_1_132' title='bbox 1210 1666 1538 1723; x_wconf 87' lang='lat' dir='ltr'><strong>tenebrosus</strong></span> <span class='ocrx_word' id='word_1_133' title='bbox 1573 1673 1679 1732; x_wconf 86' lang='lat' dir='ltr'><strong>est,</strong></span> <span class='ocrx_word' id='word_1_134' title='bbox 1713 1665 1815 1720; x_wconf 88' lang='lat' dir='ltr'><strong>hoc</strong></span> <span class='ocrx_word' id='word_1_135' title='bbox 1846 1674 2029 1720; x_wconf 90' lang='lat' dir='ltr'><strong>autem</strong></span> 
     </span>
    </p>
   </div>
   <div class='ocr_carea' id='block_1_21' title="bbox 454 1757 2032 1831">
    <p class='ocr_par' dir='ltr' id='par_1_21' title="bbox 454 1757 2032 1831">
     <span class='ocr_line' id='line_1_21' title="bbox 454 1757 2032 1831; baseline -0.005 -13"><span class='ocrx_word' id='word_1_136' title='bbox 454 1779 722 1830; x_wconf 85' lang='lat' dir='ltr'><strong>amarum,</strong></span> <span class='ocrx_word' id='word_1_137' title='bbox 751 1765 822 1818; x_wconf 90' lang='lat' dir='ltr'><strong>ita</strong></span> <span class='ocrx_word' id='word_1_138' title='bbox 857 1770 915 1817; x_wconf 88' lang='lat' dir='ltr'><strong>et</strong></span> <span class='ocrx_word' id='word_1_139' title='bbox 944 1775 1045 1816; x_wconf 89' lang='lat' dir='ltr'><strong>nos</strong></span> <span class='ocrx_word' id='word_1_140' title='bbox 1071 1768 1127 1817; x_wconf 89' lang='lat' dir='ltr'><strong>et</strong></span> <span class='ocrx_word' id='word_1_141' title='bbox 1160 1757 1503 1831; x_wconf 67' lang='lat' dir='ltr'><strong>praedicatio,</strong></span> <span class='ocrx_word' id='word_1_142' title='bbox 1546 1772 1860 1828; x_wconf 85' lang='lat' dir='ltr'><strong>quanquam</strong></span> <span class='ocrx_word' id='word_1_143' title='bbox 1892 1771 2032 1811; x_wconf 91' lang='lat' dir='ltr'><strong>non-</strong></span> 
     </span>
    </p>
   </div>
   <div class='ocr_carea' id='block_1_22' title="bbox 2143 940 3700 1012">
    <p class='ocr_par' dir='ltr' id='par_1_22' title="bbox 2143 940 3700 1012">
     <span class='ocr_line' id='line_1_22' title="bbox 2143 940 3700 1012; baseline -0.001 -17"><span class='ocrx_word' id='word_1_144' title='bbox 2143 940 2247 995; x_wconf 81' lang='grc' dir='ltr'><strong>κάν</strong></span> <span class='ocrx_word' id='word_1_145' title='bbox 2277 956 2363 1003; x_wconf 86' lang='grc' dir='ltr'><strong>τις</strong></span> <span class='ocrx_word' id='word_1_146' title='bbox 2392 941 2456 993; x_wconf 76' lang='grc' dir='ltr'><strong>ἐκ</strong></span> <span class='ocrx_word' id='word_1_147' title='bbox 2489 940 2679 993; x_wconf 85' lang='grc' dir='ltr'><strong>τούτου</strong></span> <span class='ocrx_word' id='word_1_148' title='bbox 2708 941 2949 1012; x_wconf 79' lang='grc' dir='ltr'><strong>σώζηται</strong></span> <span class='ocrx_word' id='word_1_149' title='bbox 2975 941 3065 996; x_wconf 76' lang='grc' dir='ltr'><strong>διὰ</strong></span> <span class='ocrx_word' id='word_1_150' title='bbox 3100 940 3200 1010; x_wconf 71' lang='grc' dir='ltr'><strong>τὴν</strong></span> <span class='ocrx_word' id='word_1_151' title='bbox 3232 941 3435 1004; x_wconf 86' lang='grc' dir='ltr'><strong>πίστιν,</strong></span> <span class='ocrx_word' id='word_1_152' title='bbox 3482 940 3584 994; x_wconf 79' lang='grc' dir='ltr'><strong>κᾶν</strong></span> <span class='ocrx_word' id='word_1_153' title='bbox 3630 958 3700 1001; x_wconf 82' lang='grc' dir='ltr'><strong>τι;</strong></span> 
     </span>
    </p>
   </div>
   <div class='ocr_carea' id='block_1_23' title="bbox 2141 1031 3701 1104">
    <p class='ocr_par' dir='ltr' id='par_1_23' title="bbox 2141 1031 3701 1104">
     <span class='ocr_line' id='line_1_23' title="bbox 2141 1031 3701 1104; baseline -0.001 -18"><span class='ocrx_word' id='word_1_154' title='bbox 2141 1032 2437 1086; x_wconf 83' lang='grc' dir='ltr'><strong>ἀπόλλυται</strong></span> <span class='ocrx_word' id='word_1_155' title='bbox 2467 1031 2536 1085; x_wconf 85' lang='grc' dir='ltr'><strong>δι’</strong></span> <span class='ocrx_word' id='word_1_156' title='bbox 2566 1032 2847 1086; x_wconf 78' lang='grc' dir='ltr'><strong>ἀπιστίαν.</strong></span> <span class='ocrx_word' id='word_1_157' title='bbox 2888 1033 3101 1104; x_wconf 70' lang='grc' dir='ltr'><strong>’Ὥσπερ</strong></span> <span class='ocrx_word' id='word_1_158' title='bbox 3130 1033 3239 1103; x_wconf 75' lang='grc' dir='ltr'><strong>γάρ</strong></span> <span class='ocrx_word' id='word_1_159' title='bbox 3280 1034 3310 1086; x_wconf 86' lang='grc' dir='ltr'><strong>ό</strong></span> <span class='ocrx_word' id='word_1_160' title='bbox 3333 1034 3490 1104; x_wconf 69' lang='grc' dir='ltr'><strong>ἥλιος</strong></span> <span class='ocrx_word' id='word_1_161' title='bbox 3530 1033 3617 1085; x_wconf 71' lang='grc' dir='ltr'><strong>καὶ</strong></span> <span class='ocrx_word' id='word_1_162' title='bbox 3650 1033 3701 1085; x_wconf 75' lang='grc' dir='ltr'><strong>τὸ</strong></span> 
     </span>
    </p>
   </div>
   <div class='ocr_carea' id='block_1_24' title="bbox 2140 1110 3700 1195">
    <p class='ocr_par' dir='ltr' id='par_1_24' title="bbox 2140 1110 3700 1195">
     <span class='ocr_line' id='line_1_24' title="bbox 2140 1110 3700 1195; baseline -0.002 -19"><span class='ocrx_word' id='word_1_163' title='bbox 2140 1123 2288 1195; x_wconf 82' lang='grc' dir='ltr'><strong>μέλι,</strong></span> <span class='ocrx_word' id='word_1_164' title='bbox 2332 1110 2449 1187; x_wconf 75' lang='grc' dir='ltr'><strong>τοῖς</strong></span> <span class='ocrx_word' id='word_1_165' title='bbox 2486 1122 2903 1193; x_wconf 73' lang='grc' dir='ltr'><strong>ἀμὸλυώττουσι</strong></span> <span class='ocrx_word' id='word_1_166' title='bbox 2942 1124 3038 1177; x_wconf 71' lang='grc' dir='ltr'><strong>καὶ</strong></span> <span class='ocrx_word' id='word_1_167' title='bbox 3084 1126 3195 1187; x_wconf 77' lang='grc' dir='ltr'><strong>τοῖς</strong></span> <span class='ocrx_word' id='word_1_168' title='bbox 3231 1123 3621 1193; x_wconf 79' lang='grc' dir='ltr'><strong>κακουμένοις,</strong></span> <span class='ocrx_word' id='word_1_169' title='bbox 3647 1124 3700 1174; x_wconf 65' lang='grc' dir='ltr'><strong>οὐ</strong></span> 
     </span>
    </p>
   </div>
   <div class='ocr_carea' id='block_1_25' title="bbox 2137 1211 3700 1284">
    <p class='ocr_par' dir='ltr' id='par_1_25' title="bbox 2137 1211 3700 1284">
     <span class='ocr_line' id='line_1_25' title="bbox 2137 1211 3700 1284; baseline 0 -19"><span class='ocrx_word' id='word_1_170' title='bbox 2137 1213 2279 1266; x_wconf 74' lang='grc' dir='ltr'><strong>κατὰ</strong></span> <span class='ocrx_word' id='word_1_171' title='bbox 2305 1211 2405 1284; x_wconf 78' lang='grc' dir='ltr'><strong>τὴν</strong></span> <span class='ocrx_word' id='word_1_172' title='bbox 2426 1211 2635 1266; x_wconf 75' lang='grc' dir='ltr'><strong>οἰκείαν</strong></span> <span class='ocrx_word' id='word_1_173' title='bbox 2658 1212 2853 1284; x_wconf 75' lang='grc' dir='ltr'><strong>ὁρᾶται</strong></span> <span class='ocrx_word' id='word_1_174' title='bbox 2877 1212 3063 1280; x_wconf 85' lang='grc' dir='ltr'><strong>φύσιν,</strong></span> <span class='ocrx_word' id='word_1_175' title='bbox 3096 1212 3212 1266; x_wconf 82' lang='grc' dir='ltr'><strong>ἀλλ’</strong></span> <span class='ocrx_word' id='word_1_176' title='bbox 3236 1213 3301 1266; x_wconf 79' lang='grc' dir='ltr'><strong>οὗ</strong></span> <span class='ocrx_word' id='word_1_177' title='bbox 3322 1213 3477 1284; x_wconf 75' lang='grc' dir='ltr'><strong>παρά</strong></span> <span class='ocrx_word' id='word_1_178' title='bbox 3504 1212 3700 1281; x_wconf 82' lang='grc' dir='ltr'><strong>τοῦτοῆ</strong></span> 
     </span>
    </p>
   </div>
   <div class='ocr_carea' id='block_1_26' title="bbox 2138 1302 3703 1374">
    <p class='ocr_par' dir='ltr' id='par_1_26' title="bbox 2138 1302 3703 1374">
     <span class='ocr_line' id='line_1_26' title="bbox 2138 1302 3703 1374; baseline -0.001 -18"><span class='ocrx_word' id='word_1_179' title='bbox 2138 1304 2411 1367; x_wconf 81' lang='grc' dir='ltr'><strong>σκοτεινὸς</strong></span> <span class='ocrx_word' id='word_1_180' title='bbox 2458 1304 2663 1368; x_wconf 64' lang='grc' dir='ltr'><strong>ἐκεῖνος</strong></span> <span class='ocrx_word' id='word_1_181' title='bbox 2697 1305 2729 1374; x_wconf 82' lang='grc' dir='ltr'>ἦ</span> <span class='ocrx_word' id='word_1_182' title='bbox 2766 1304 2828 1358; x_wconf 81' lang='grc' dir='ltr'><strong>τὸ</strong></span> <span class='ocrx_word' id='word_1_183' title='bbox 2852 1304 2976 1374; x_wconf 82' lang='grc' dir='ltr'><strong>μέλι</strong></span> <span class='ocrx_word' id='word_1_184' title='bbox 3007 1302 3228 1373; x_wconf 81' lang='grc' dir='ltr'><strong>πικρὸν,</strong></span> <span class='ocrx_word' id='word_1_185' title='bbox 3284 1302 3463 1365; x_wconf 74' lang='grc' dir='ltr'><strong>οὕτως</strong></span> <span class='ocrx_word' id='word_1_186' title='bbox 3517 1303 3611 1356; x_wconf 79' lang='grc' dir='ltr'><strong>καὶ</strong></span> <span class='ocrx_word' id='word_1_187' title='bbox 3653 1305 3703 1355; x_wconf 70' lang='grc' dir='ltr'><strong>τὸ</strong></span> 
     </span>
    </p>
   </div>
   <div class='ocr_carea' id='block_1_27' title="bbox 2137 1394 3702 1467">
    <p class='ocr_par' dir='ltr' id='par_1_27' title="bbox 2137 1394 3702 1467">
     <span class='ocr_line' id='line_1_27' title="bbox 2137 1394 3702 1467; baseline -0.001 -20"><span class='ocrx_word' id='word_1_188' title='bbox 2137 1399 2401 1465; x_wconf 76' lang='grc' dir='ltr'><strong>κήρυγμα</strong></span> <span class='ocrx_word' id='word_1_189' title='bbox 2454 1396 2549 1450; x_wconf 75' lang='grc' dir='ltr'><strong>καὶ</strong></span> <span class='ocrx_word' id='word_1_190' title='bbox 2577 1398 2761 1467; x_wconf 74' lang='grc' dir='ltr'><strong>ἡμεῖς,</strong></span> <span class='ocrx_word' id='word_1_191' title='bbox 2813 1396 2917 1448; x_wconf 66' lang='grc' dir='ltr'><strong>κᾶν</strong></span> <span class='ocrx_word' id='word_1_192' title='bbox 2949 1394 3282 1449; x_wconf 81' lang='grc' dir='ltr'><strong>ἀπόλλυνται</strong></span> <span class='ocrx_word' id='word_1_193' title='bbox 3314 1410 3462 1451; x_wconf 81' lang='grc' dir='ltr'><strong>τινες</strong></span> <span class='ocrx_word' id='word_1_194' title='bbox 3492 1396 3556 1463; x_wconf 71' lang='grc' dir='ltr'><strong>τῇ</strong></span> <span class='ocrx_word' id='word_1_195' title='bbox 3585 1394 3702 1447; x_wconf 74' lang='grc' dir='ltr'><strong>ἀπι-</strong></span> 
     </span>
    </p>
   </div>
   <div class='ocr_carea' id='block_1_28' title="bbox 2136 1486 3705 1559">
    <p class='ocr_par' dir='ltr' id='par_1_28' title="bbox 2136 1486 3705 1559">
     <span class='ocr_line' id='line_1_28' title="bbox 2136 1486 3705 1559; baseline -0.002 -19"><span class='ocrx_word' id='word_1_196' title='bbox 2136 1488 2278 1558; x_wconf 82' lang='grc' dir='ltr'><strong>στίᾳ,</strong></span> <span class='ocrx_word' id='word_1_197' title='bbox 2306 1489 2368 1541; x_wconf 82' lang='grc' dir='ltr'><strong>ού</strong></span> <span class='ocrx_word' id='word_1_198' title='bbox 2406 1487 2558 1559; x_wconf 76' lang='grc' dir='ltr'><strong>παρὰ</strong></span> <span class='ocrx_word' id='word_1_199' title='bbox 2603 1487 2764 1542; x_wconf 84' lang='grc' dir='ltr'><strong>τοῦτο</strong></span> <span class='ocrx_word' id='word_1_200' title='bbox 2807 1488 2909 1541; x_wconf 82' lang='grc' dir='ltr'><strong>οῦκ</strong></span> <span class='ocrx_word' id='word_1_201' title='bbox 2956 1487 3072 1540; x_wconf 77' lang='grc' dir='ltr'><strong>ἔστι</strong></span> <span class='ocrx_word' id='word_1_202' title='bbox 3116 1486 3493 1556; x_wconf 67' lang='grc' dir='ltr'><strong>πνευματικὸν</strong></span> <span class='ocrx_word' id='word_1_203' title='bbox 3528 1486 3705 1555; x_wconf 67' lang='grc' dir='ltr'><strong>μύρον,</strong></span> 
     </span>
    </p>
   </div>
   <div class='ocr_carea' id='block_1_29' title="bbox 2133 1576 3708 1649">
    <p class='ocr_par' dir='ltr' id='par_1_29' title="bbox 2133 1576 3708 1649">
     <span class='ocr_line' id='line_1_29' title="bbox 2133 1576 3708 1649; baseline -0.003 -17"><span class='ocrx_word' id='word_1_204' title='bbox 2133 1578 2269 1632; x_wconf 85' lang='grc' dir='ltr'><strong>ἀλλά</strong></span> <span class='ocrx_word' id='word_1_205' title='bbox 2291 1580 2385 1632; x_wconf 69' lang='grc' dir='ltr'><strong>καὶ</strong></span> <span class='ocrx_word' id='word_1_206' title='bbox 2419 1578 2560 1633; x_wconf 85' lang='grc' dir='ltr'><strong>κατὰ</strong></span> <span class='ocrx_word' id='word_1_207' title='bbox 2591 1578 2750 1632; x_wconf 84' lang='grc' dir='ltr'><strong>τοῦτό</strong></span> <span class='ocrx_word' id='word_1_208' title='bbox 2775 1580 2889 1632; x_wconf 81' lang='grc' dir='ltr'><strong>ἐστι</strong></span> <span class='ocrx_word' id='word_1_209' title='bbox 2930 1578 3232 1649; x_wconf 83' lang='grc' dir='ltr'><strong>θαυμάσαι,</strong></span> <span class='ocrx_word' id='word_1_210' title='bbox 3258 1577 3339 1630; x_wconf 81' lang='grc' dir='ltr'><strong>ὅτι</strong></span> <span class='ocrx_word' id='word_1_211' title='bbox 3369 1576 3500 1639; x_wconf 78' lang='grc' dir='ltr'><strong>τοὺς</strong></span> <span class='ocrx_word' id='word_1_212' title='bbox 3523 1577 3708 1638; x_wconf 67' lang='grc' dir='ltr'><strong>κακοὺς</strong></span> 
     </span>
    </p>
   </div>
   <div class='ocr_carea' id='block_1_30' title="bbox 2133 1670 3709 1748">
    <p class='ocr_par' dir='ltr' id='par_1_30' title="bbox 2133 1670 3709 1748">
     <span class='ocr_line' id='line_1_30' title="bbox 2133 1670 3709 1748; baseline -0.006 -17"><span class='ocrx_word' id='word_1_213' title='bbox 2133 1678 2366 1748; x_wconf 71' lang='grc' dir='ltr'><strong>ἐλέγχει.</strong></span> <span class='ocrx_word' id='word_1_214' title='bbox 2412 1678 2566 1731; x_wconf 74' lang='grc' dir='ltr'><strong>Ἐπεὶ</strong></span> <span class='ocrx_word' id='word_1_215' title='bbox 2616 1677 2714 1731; x_wconf 68' lang='grc' dir='ltr'><strong>καὶ</strong></span> <span class='ocrx_word' id='word_1_216' title='bbox 2749 1677 2810 1730; x_wconf 79' lang='grc' dir='ltr'><strong>τὸ</strong></span> <span class='ocrx_word' id='word_1_217' title='bbox 2861 1677 3033 1748; x_wconf 82' lang='grc' dir='ltr'><strong>μύρον</strong></span> <span class='ocrx_word' id='word_1_218' title='bbox 3065 1677 3192 1740; x_wconf 69' lang='grc' dir='ltr'><strong>τοὺς</strong></span> <span class='ocrx_word' id='word_1_219' title='bbox 3243 1675 3469 1746; x_wconf 76' lang='grc' dir='ltr'><strong>χοίρους</strong></span> <span class='ocrx_word' id='word_1_220' title='bbox 3511 1670 3709 1738; x_wconf 79' lang='grc' dir='ltr'><strong>πνίγειν</strong></span> 
     </span>
    </p>
   </div>
   <div class='ocr_carea' id='block_1_31' title="bbox 2130 1761 3711 1839">
    <p class='ocr_par' dir='ltr' id='par_1_31' title="bbox 2130 1761 3711 1839">
     <span class='ocr_line' id='line_1_31' title="bbox 2130 1761 3711 1839; baseline -0.005 -17"><span class='ocrx_word' id='word_1_221' title='bbox 2130 1768 2311 1837; x_wconf 81' lang='grc' dir='ltr'><strong>λόγος,</strong></span> <span class='ocrx_word' id='word_1_222' title='bbox 2367 1769 2462 1822; x_wconf 73' lang='grc' dir='ltr'><strong>καὶ</strong></span> <span class='ocrx_word' id='word_1_223' title='bbox 2521 1761 2588 1822; x_wconf 62' lang='grc' dir='ltr'><strong>τό</strong></span> <span class='ocrx_word' id='word_1_224' title='bbox 2644 1768 2757 1839; x_wconf 81' lang='grc' dir='ltr'><strong>πῦρ</strong></span> <span class='ocrx_word' id='word_1_225' title='bbox 2810 1768 2912 1833; x_wconf 82' lang='grc' dir='ltr'><strong>τὰς</strong></span> <span class='ocrx_word' id='word_1_226' title='bbox 2968 1768 3213 1832; x_wconf 81' lang='grc' dir='ltr'><strong>ἀκάνθας</strong></span> <span class='ocrx_word' id='word_1_227' title='bbox 3276 1766 3620 1820; x_wconf 69' lang='grc' dir='ltr'><strong>ἀιαλίσκειν.</strong></span> <span class='ocrx_word' id='word_1_228' title='bbox 3650 1792 3711 1805; x_wconf 89' lang='grc'><strong><em>-</em></strong></span> 
     </span>
    </p>
   </div>
   <div class='ocr_carea' id='block_1_32' title="bbox 452 1850 2028 1934">
    <p class='ocr_par' dir='ltr' id='par_1_32' title="bbox 452 1850 2028 1925">
     <span class='ocr_line' id='line_1_32' title="bbox 452 1850 2028 1925; baseline -0.004 -13"><span class='ocrx_word' id='word_1_229' title='bbox 452 1857 588 1912; x_wconf 82' lang='lat' dir='ltr'><strong>nulli</strong></span> <span class='ocrx_word' id='word_1_230' title='bbox 619 1860 689 1911; x_wconf 86' lang='lat' dir='ltr'><strong>ob</strong></span> <span class='ocrx_word' id='word_1_231' title='bbox 723 1855 1165 1911; x_wconf 81' lang='lat' dir='ltr'><strong>incredulitatem</strong></span> <span class='ocrx_word' id='word_1_232' title='bbox 1196 1859 1443 1925; x_wconf 81' lang='lat' dir='ltr'><strong>pereant,</strong></span> <span class='ocrx_word' id='word_1_233' title='bbox 1477 1867 1587 1906; x_wconf 89' lang='lat' dir='ltr'><strong>non</strong></span> <span class='ocrx_word' id='word_1_234' title='bbox 1618 1850 1690 1906; x_wconf 85' lang='lat' dir='ltr'><strong>ob</strong></span> <span class='ocrx_word' id='word_1_235' title='bbox 1721 1850 1773 1905; x_wconf 90' lang='lat' dir='ltr'><strong>id</strong></span> <span class='ocrx_word' id='word_1_236' title='bbox 1801 1866 1910 1905; x_wconf 88' lang='lat' dir='ltr'><strong>non</strong></span> <span class='ocrx_word' id='word_1_237' title='bbox 1946 1859 2028 1905; x_wconf 83' lang='lat' dir='ltr'><strong>est</strong></span> 
     </span>
    </p>
   </div>
   <div class='ocr_carea' id='block_1_33' title="bbox 2132 1850 3715 1934">
    <p class='ocr_par' dir='ltr' id='par_1_33' title="bbox 2135 1856 3715 1934">
     <span class='ocr_line' id='line_1_33' title="bbox 2135 1856 3715 1934; baseline -0.003 -21"><span class='ocrx_word' id='word_1_238' title='bbox 2135 1858 2391 1934; x_wconf 77' lang='grc' dir='ltr'><strong>[ιιῙΩΑΝ.]</strong></span> <span class='ocrx_word' id='word_1_239' title='bbox 2416 1863 2518 1915; x_wconf 78' lang='grc' dir='ltr'><strong>Ἀν</strong></span> <span class='ocrx_word' id='word_1_240' title='bbox 2543 1879 2601 1915; x_wconf 88' lang='grc' dir='ltr'><strong>τε</strong></span> <span class='ocrx_word' id='word_1_241' title='bbox 2636 1860 2745 1933; x_wconf 84' lang='grc' dir='ltr'><strong>γάρ</strong></span> <span class='ocrx_word' id='word_1_242' title='bbox 2775 1861 3018 1931; x_wconf 77' lang='grc' dir='ltr'><strong>σώζηται</strong></span> <span class='ocrx_word' id='word_1_243' title='bbox 3036 1877 3141 1925; x_wconf 88' lang='grc' dir='ltr'><strong>τις,</strong></span> <span class='ocrx_word' id='word_1_244' title='bbox 3169 1860 3354 1931; x_wconf 76' lang='grc' dir='ltr'><strong>φησὶν,</strong></span> <span class='ocrx_word' id='word_1_245' title='bbox 3383 1859 3453 1914; x_wconf 81' lang='grc' dir='ltr'><strong>ἄν</strong></span> <span class='ocrx_word' id='word_1_246' title='bbox 3468 1874 3530 1910; x_wconf 89' lang='grc' dir='ltr'><strong>τε</strong></span> <span class='ocrx_word' id='word_1_247' title='bbox 3556 1856 3715 1909; x_wconf 68' lang='grc' dir='ltr'><strong>ἀπόλ-</strong></span> 
     </span>
    </p>
   </div>
   <div class='ocr_carea' id='block_1_34' title="bbox 455 1932 2028 2025">
    <p class='ocr_par' dir='ltr' id='par_1_34' title="bbox 455 1943 2028 2021">
     <span class='ocr_line' id='line_1_34' title="bbox 455 1943 2028 2021; baseline -0.005 -16"><span class='ocrx_word' id='word_1_248' title='bbox 455 1949 743 2021; x_wconf 78' lang='lat' dir='ltr'><strong>spii-ituale</strong></span> <span class='ocrx_word' id='word_1_249' title='bbox 775 1954 1114 2020; x_wconf 86' lang='lat' dir='ltr'><strong>unguentum</strong></span> <span class='ocrx_word' id='word_1_250' title='bbox 1150 1963 1165 2001; x_wconf 89' lang='lat'><strong>:</strong></span> <span class='ocrx_word' id='word_1_251' title='bbox 1207 1945 1341 2016; x_wconf 88' lang='lat' dir='ltr'><strong>quin</strong></span> <span class='ocrx_word' id='word_1_252' title='bbox 1384 1944 1565 2015; x_wconf 87' lang='lat' dir='ltr'><strong>potius</strong></span> <span class='ocrx_word' id='word_1_253' title='bbox 1605 1959 1672 1999; x_wconf 91' lang='lat' dir='ltr'><strong>ex</strong></span> <span class='ocrx_word' id='word_1_254' title='bbox 1715 1944 1821 1999; x_wconf 89' lang='lat' dir='ltr'><strong>hoc</strong></span> <span class='ocrx_word' id='word_1_255' title='bbox 1864 1943 2028 1997; x_wconf 86' lang='lat' dir='ltr'><strong>admi-</strong></span> 
     </span>
    </p>
   </div>
   <div class='ocr_carea' id='block_1_35' title="bbox 2132 1932 3711 2025">
    <p class='ocr_par' dir='ltr' id='par_1_35' title="bbox 2136 1932 3711 2025">
     <span class='ocr_line' id='line_1_35' title="bbox 2136 1932 3711 2025; baseline -0.004 -20"><span class='ocrx_word' id='word_1_256' title='bbox 2136 1952 2315 2018; x_wconf 90' lang='grc' dir='ltr'><strong>λυται,</strong></span> <span class='ocrx_word' id='word_1_257' title='bbox 2342 1932 2403 2006; x_wconf 60' lang='grc' dir='ltr'><strong>τῦ</strong></span> <span class='ocrx_word' id='word_1_258' title='bbox 2432 1932 2765 2022; x_wconf 83' lang='grc' dir='ltr'><strong>Εὐαγγέλιον</strong></span> <span class='ocrx_word' id='word_1_259' title='bbox 2788 1954 2889 2025; x_wconf 74' lang='grc' dir='ltr'><strong>τὴν</strong></span> <span class='ocrx_word' id='word_1_260' title='bbox 2920 1952 3131 2007; x_wconf 73' lang='grc' dir='ltr'><strong>οἰκείαν</strong></span> <span class='ocrx_word' id='word_1_261' title='bbox 3161 1952 3368 2023; x_wconf 81' lang='grc' dir='ltr'><strong>ἀρετὴν</strong></span> <span class='ocrx_word' id='word_1_262' title='bbox 3391 1951 3522 2020; x_wconf 80' lang='grc' dir='ltr'><strong>ἔχον</strong></span> <span class='ocrx_word' id='word_1_263' title='bbox 3551 1949 3711 2017; x_wconf 81' lang='grc' dir='ltr'><strong>μένει.</strong></span> 
     </span>
    </p>
   </div>
   <div class='ocr_carea' id='block_1_36' title="bbox 428 2028 2033 2112">
    <p class='ocr_par' dir='ltr' id='par_1_36' title="bbox 428 2028 2033 2112">
     <span class='ocr_line' id='line_1_36' title="bbox 428 2028 2033 2112; baseline -0.004 -13"><span class='ocrx_word' id='word_1_264' title='bbox 428 2028 684 2099; x_wconf 71' lang='grc' dir='ltr'><strong>⁴ιἐιιιᾶιιιιι</strong></span> <span class='ocrx_word' id='word_1_265' title='bbox 732 2049 836 2106; x_wconf 88' lang='lat' dir='ltr'><strong>est,</strong></span> <span class='ocrx_word' id='word_1_266' title='bbox 881 2039 1031 2112; x_wconf 90' lang='lat' dir='ltr'><strong>quod</strong></span> <span class='ocrx_word' id='word_1_267' title='bbox 1079 2054 1280 2111; x_wconf 89' lang='lat' dir='ltr'><strong>pravos</strong></span> <span class='ocrx_word' id='word_1_268' title='bbox 1329 2045 1525 2107; x_wconf 82' lang='lat' dir='ltr'><strong>arguat</strong></span> <span class='ocrx_word' id='word_1_269' title='bbox 1572 2052 1636 2091; x_wconf 90' lang='lat' dir='ltr'><strong>ac</strong></span> <span class='ocrx_word' id='word_1_270' title='bbox 1691 2037 2033 2092; x_wconf 87' lang='lat' dir='ltr'><strong>convincat:</strong></span> 
     </span>
    </p>
   </div>
   <div class='ocr_carea' id='block_1_37' title="bbox 454 2127 2036 2206">
    <p class='ocr_par' dir='ltr' id='par_1_37' title="bbox 454 2127 2036 2206">
     <span class='ocr_line' id='line_1_37' title="bbox 454 2127 2036 2206; baseline -0.003 -17"><span class='ocrx_word' id='word_1_271' title='bbox 454 2138 583 2206; x_wconf 88' lang='lat' dir='ltr'><strong>quia</strong></span> <span class='ocrx_word' id='word_1_272' title='bbox 612 2144 664 2189; x_wconf 86' lang='lat' dir='ltr'><strong>et</strong></span> <span class='ocrx_word' id='word_1_273' title='bbox 685 2141 1024 2204; x_wconf 87' lang='lat' dir='ltr'><strong>unguentum</strong></span> <span class='ocrx_word' id='word_1_274' title='bbox 1052 2145 1251 2202; x_wconf 87' lang='lat' dir='ltr'><strong>porcos</strong></span> <span class='ocrx_word' id='word_1_275' title='bbox 1279 2127 1549 2186; x_wconf 73' lang='lat' dir='ltr'><strong>suﬁ&#39;ocare</strong></span> <span class='ocrx_word' id='word_1_276' title='bbox 1574 2127 1796 2195; x_wconf 88' lang='lat' dir='ltr'><strong>dicitur,</strong></span> <span class='ocrx_word' id='word_1_277' title='bbox 1818 2138 1871 2184; x_wconf 89' lang='lat' dir='ltr'><strong>et</strong></span> <span class='ocrx_word' id='word_1_278' title='bbox 1895 2128 2036 2199; x_wconf 88' lang='lat' dir='ltr'><strong>ignis</strong></span> 
     </span>
    </p>
   </div>
   <div class='ocr_carea' id='block_1_38' title="bbox 451 2219 2035 2299">
    <p class='ocr_par' dir='ltr' id='par_1_38' title="bbox 451 2219 2035 2299">
     <span class='ocr_line' id='line_1_38' title="bbox 451 2219 2035 2299; baseline -0.006 -16"><span class='ocrx_word' id='word_1_279' title='bbox 451 2228 642 2299; x_wconf 88' lang='lat' dir='ltr'><strong>spinas</strong></span> <span class='ocrx_word' id='word_1_280' title='bbox 673 2238 1091 2282; x_wconf 83' lang='lat' dir='ltr'><strong>consumere.-—</strong></span> <span class='ocrx_word' id='word_1_281' title='bbox 1111 2219 1245 2276; x_wconf 79' lang='lat' dir='ltr'><strong>Nam</strong></span> <span class='ocrx_word' id='word_1_282' title='bbox 1277 2223 1394 2277; x_wconf 86' lang='lat' dir='ltr'><strong>sive</strong></span> <span class='ocrx_word' id='word_1_283' title='bbox 1421 2221 1692 2292; x_wconf 86' lang='lat' dir='ltr'><strong>quispiam</strong></span> <span class='ocrx_word' id='word_1_284' title='bbox 1724 2220 1910 2277; x_wconf 89' lang='lat' dir='ltr'><strong>salvus</strong></span> <span class='ocrx_word' id='word_1_285' title='bbox 1942 2221 2035 2275; x_wconf 87' lang='lat' dir='ltr'><strong>ﬁat</strong></span> 
     </span>
    </p>
   </div>
   <div class='ocr_carea' id='block_1_39' title="bbox 454 2311 2034 2388">
    <p class='ocr_par' dir='ltr' id='par_1_39' title="bbox 454 2311 2034 2388">
     <span class='ocr_line' id='line_1_39' title="bbox 454 2311 2034 2388; baseline -0.003 -16"><span class='ocrx_word' id='word_1_286' title='bbox 454 2325 568 2372; x_wconf 76' lang='lat' dir='ltr'><strong>sive</strong></span> <span class='ocrx_word' id='word_1_287' title='bbox 584 2326 791 2388; x_wconf 84' lang='lat' dir='ltr'><strong>pereat,</strong></span> <span class='ocrx_word' id='word_1_288' title='bbox 807 2314 1160 2384; x_wconf 83' lang='lat' dir='ltr'><strong>Evangelium</strong></span> <span class='ocrx_word' id='word_1_289' title='bbox 1180 2314 1234 2368; x_wconf 91' lang='lat' dir='ltr'><strong>in</strong></span> <span class='ocrx_word' id='word_1_290' title='bbox 1252 2329 1351 2369; x_wconf 90' lang='lat' dir='ltr'><strong>sua</strong></span> <span class='ocrx_word' id='word_1_291' title='bbox 1377 2322 1658 2382; x_wconf 84' lang='lat' dir='ltr'><strong>permanet</strong></span> <span class='ocrx_word' id='word_1_292' title='bbox 1682 2312 1897 2367; x_wconf 69' lang='lat' dir='ltr'><strong>virtute.</strong></span> <span class='ocrx_word' id='word_1_293' title='bbox 1914 2311 2034 2367; x_wconf 80' lang='lat' dir='ltr'><strong>Non</strong></span> 
     </span>
    </p>
   </div>
   <div class='ocr_carea' id='block_1_40' title="bbox 453 2404 2033 2479">
    <p class='ocr_par' dir='ltr' id='par_1_40' title="bbox 453 2404 2033 2479">
     <span class='ocr_line' id='line_1_40' title="bbox 453 2404 2033 2479; baseline -0.004 -14"><span class='ocrx_word' id='word_1_294' title='bbox 453 2409 604 2465; x_wconf 89' lang='lat' dir='ltr'><strong>enim</strong></span> <span class='ocrx_word' id='word_1_295' title='bbox 634 2407 807 2479; x_wconf 86' lang='lat' dir='ltr'><strong>ipsius</strong></span> <span class='ocrx_word' id='word_1_296' title='bbox 831 2421 969 2477; x_wconf 84' lang='lat' dir='ltr'><strong>opus</strong></span> <span class='ocrx_word' id='word_1_297' title='bbox 999 2413 1086 2461; x_wconf 91' lang='lat' dir='ltr'><strong>est</strong></span> <span class='ocrx_word' id='word_1_298' title='bbox 1122 2405 1379 2475; x_wconf 87' lang='lat' dir='ltr'><strong>perditio,</strong></span> <span class='ocrx_word' id='word_1_299' title='bbox 1405 2405 1498 2459; x_wconf 89' lang='lat' dir='ltr'><strong>sed</strong></span> <span class='ocrx_word' id='word_1_300' title='bbox 1533 2404 1943 2474; x_wconf 84' lang='lat' dir='ltr'><strong>ingratitudinis</strong></span> <span class='ocrx_word' id='word_1_301' title='bbox 1968 2404 2033 2459; x_wconf 87' lang='lat' dir='ltr'><strong>il-</strong></span> 
     </span>
    </p>
   </div>
   <div class='ocr_carea' id='block_1_41' title="bbox 453 2496 2033 2569">
    <p class='ocr_par' dir='ltr' id='par_1_41' title="bbox 453 2496 2033 2569">
     <span class='ocr_line' id='line_1_41' title="bbox 453 2496 2033 2569; baseline -0.001 -14"><span class='ocrx_word' id='word_1_302' title='bbox 453 2508 652 2558; x_wconf 89' lang='lat' dir='ltr'><strong>lorum.</strong></span> <span class='ocrx_word' id='word_1_303' title='bbox 680 2519 699 2551; x_wconf 85' lang='grc' dir='ltr'><strong>ι</strong></span> <span class='ocrx_word' id='word_1_304' title='bbox 734 2500 832 2555; x_wconf 85' lang='lat' dir='ltr'><strong>His</strong></span> <span class='ocrx_word' id='word_1_305' title='bbox 852 2499 1071 2569; x_wconf 85' lang='lat' dir='ltr'><strong>quidem</strong></span> <span class='ocrx_word' id='word_1_306' title='bbox 1101 2499 1236 2553; x_wconf 85' lang='lat' dir='ltr'><strong>odor</strong></span> <span class='ocrx_word' id='word_1_307' title='bbox 1271 2497 1464 2552; x_wconf 90' lang='lat' dir='ltr'><strong>mortis</strong></span> <span class='ocrx_word' id='word_1_308' title='bbox 1492 2496 1562 2551; x_wconf 87' lang='lat' dir='ltr'><strong>ad</strong></span> <span class='ocrx_word' id='word_1_309' title='bbox 1586 2505 1835 2552; x_wconf 86' lang='lat' dir='ltr'><strong>mortem.</strong></span> <span class='ocrx_word' id='word_1_310' title='bbox 1861 2515 1880 2549; x_wconf 76' lang='grc' dir='ltr'><strong>ι</strong></span> <span class='ocrx_word' id='word_1_311' title='bbox 1911 2496 2033 2569; x_wconf 80' lang='lat' dir='ltr'><strong>Non</strong></span> 
     </span>
    </p>
   </div>
   <div class='ocr_carea' id='block_1_42' title="bbox 447 2568 2029 2662">
    <p class='ocr_par' dir='ltr' id='par_1_42' title="bbox 447 2568 2029 2662">
     <span class='ocr_line' id='line_1_42' title="bbox 447 2568 2029 2662; baseline -0.001 -15"><span class='ocrx_word' id='word_1_312' title='bbox 447 2608 512 2647; x_wconf 81' lang='lat' dir='ltr'><strong>ex</strong></span> <span class='ocrx_word' id='word_1_313' title='bbox 542 2590 762 2662; x_wconf 86' lang='lat' dir='ltr'><strong>propria</strong></span> <span class='ocrx_word' id='word_1_314' title='bbox 795 2568 1013 2655; x_wconf 81' lang='lat' dir='ltr'><strong>natura,</strong></span> <span class='ocrx_word' id='word_1_315' title='bbox 1046 2590 1143 2643; x_wconf 86' lang='lat' dir='ltr'><strong>sed</strong></span> <span class='ocrx_word' id='word_1_316' title='bbox 1172 2603 1239 2643; x_wconf 82' lang='lat' dir='ltr'><strong>ex</strong></span> <span class='ocrx_word' id='word_1_317' title='bbox 1264 2587 1508 2658; x_wconf 87' lang='lat' dir='ltr'><strong>ipsorum</strong></span> <span class='ocrx_word' id='word_1_318' title='bbox 1535 2587 1765 2646; x_wconf 86' lang='lat' dir='ltr'><strong>malitia.</strong></span> <span class='ocrx_word' id='word_1_319' title='bbox 1798 2568 2029 2655; x_wconf 77' lang='lat' dir='ltr'><strong>Quando</strong></span> 
     </span>
    </p>
   </div>
   <div class='ocr_carea' id='block_1_43' title="bbox 447 2677 2032 2752">
    <p class='ocr_par' dir='ltr' id='par_1_43' title="bbox 447 2677 2032 2752">
     <span class='ocr_line' id='line_1_43' title="bbox 447 2677 2032 2752; baseline -0.003 -13"><span class='ocrx_word' id='word_1_320' title='bbox 447 2682 814 2739; x_wconf 83' lang='lat' dir='ltr'><strong>viviﬁcativus</strong></span> <span class='ocrx_word' id='word_1_321' title='bbox 833 2689 920 2739; x_wconf 89' lang='lat' dir='ltr'><strong>est</strong></span> <span class='ocrx_word' id='word_1_322' title='bbox 939 2690 1030 2736; x_wconf 87' lang='lat' dir='ltr'><strong>aut</strong></span> <span class='ocrx_word' id='word_1_323' title='bbox 1049 2681 1267 2752; x_wconf 88' lang='lat' dir='ltr'><strong>quidem</strong></span> <span class='ocrx_word' id='word_1_324' title='bbox 1294 2688 1348 2735; x_wconf 91' lang='lat' dir='ltr'><strong>et</strong></span> <span class='ocrx_word' id='word_1_325' title='bbox 1368 2677 1623 2735; x_wconf 89' lang='lat' dir='ltr'><strong>Christus</strong></span> <span class='ocrx_word' id='word_1_326' title='bbox 1646 2680 1784 2751; x_wconf 85' lang='lat' dir='ltr'><strong>lapis</strong></span> <span class='ocrx_word' id='word_1_327' title='bbox 1804 2689 1922 2736; x_wconf 88' lang='lat' dir='ltr'><strong>erat</strong></span> <span class='ocrx_word' id='word_1_328' title='bbox 1949 2682 2032 2736; x_wconf 81' lang='lat' dir='ltr'><strong>of-</strong></span> 
     </span>
    </p>
   </div>
   <div class='ocr_carea' id='block_1_44' title="bbox 454 2773 2028 2848">
    <p class='ocr_par' dir='ltr' id='par_1_44' title="bbox 454 2773 2028 2848">
     <span class='ocr_line' id='line_1_44' title="bbox 454 2773 2028 2848; baseline -0.001 -16"><span class='ocrx_word' id='word_1_329' title='bbox 454 2775 725 2833; x_wconf 82' lang='lat' dir='ltr'><strong>fensionis</strong></span> <span class='ocrx_word' id='word_1_330' title='bbox 753 2785 806 2831; x_wconf 90' lang='lat' dir='ltr'><strong>et</strong></span> <span class='ocrx_word' id='word_1_331' title='bbox 831 2783 985 2848; x_wconf 87' lang='lat' dir='ltr'><strong>petra</strong></span> <span class='ocrx_word' id='word_1_332' title='bbox 1016 2773 1261 2831; x_wconf 88' lang='lat' dir='ltr'><strong>seandali</strong></span> <span class='ocrx_word' id='word_1_333' title='bbox 1293 2773 1377 2829; x_wconf 89' lang='lat' dir='ltr'><strong>his</strong></span> <span class='ocrx_word' id='word_1_334' title='bbox 1403 2773 1496 2845; x_wconf 90' lang='lat' dir='ltr'><strong>qui</strong></span> <span class='ocrx_word' id='word_1_335' title='bbox 1519 2774 2028 2843; x_wconf 74' lang='lat' dir='ltr'><strong>pereunt.—-Aliud.</strong></span> 
     </span>
    </p>
   </div>
   <div class='ocr_carea' id='block_1_45' title="bbox 444 2865 2031 2937">
    <p class='ocr_par' dir='ltr' id='par_1_45' title="bbox 444 2865 2031 2937">
     <span class='ocr_line' id='line_1_45' title="bbox 444 2865 2031 2937; baseline -0.002 -13"><span class='ocrx_word' id='word_1_336' title='bbox 444 2871 611 2925; x_wconf 74' lang='lat' dir='ltr'><strong>Juxta</strong></span> <span class='ocrx_word' id='word_1_337' title='bbox 662 2867 895 2924; x_wconf 87' lang='lat' dir='ltr'><strong>inditum</strong></span> <span class='ocrx_word' id='word_1_338' title='bbox 944 2868 1147 2937; x_wconf 86' lang='lat' dir='ltr'><strong>cuique</strong></span> <span class='ocrx_word' id='word_1_339' title='bbox 1191 2865 1476 2930; x_wconf 77' lang='lat' dir='ltr'><strong>aﬁ&#39;ectum,</strong></span> <span class='ocrx_word' id='word_1_340' title='bbox 1521 2867 1709 2921; x_wconf 82' lang='lat' dir='ltr'><strong>suavis</strong></span> <span class='ocrx_word' id='word_1_341' title='bbox 1755 2866 1893 2921; x_wconf 90' lang='lat' dir='ltr'><strong>odor</strong></span> <span class='ocrx_word' id='word_1_342' title='bbox 1936 2877 2031 2922; x_wconf 80' lang='lat' dir='ltr'><strong>aut</strong></span> 
     </span>
    </p>
   </div>
   <div class='ocr_carea' id='block_1_46' title="bbox 432 2950 2031 3029">
    <p class='ocr_par' dir='ltr' id='par_1_46' title="bbox 432 2950 2031 3029">
     <span class='ocr_line' id='line_1_46' title="bbox 432 2950 2031 3029; baseline -0.001 -15"><span class='ocrx_word' id='word_1_343' title='bbox 432 2950 700 3017; x_wconf 81' lang='lat' dir='ltr'><strong>mortifer</strong></span> <span class='ocrx_word' id='word_1_344' title='bbox 730 2977 745 3014; x_wconf 90' lang='lat'>:</span> <span class='ocrx_word' id='word_1_345' title='bbox 777 2956 1237 3029; x_wconf 88' lang='lat' dir='ltr'><strong>quemadmodum</strong></span> <span class='ocrx_word' id='word_1_346' title='bbox 1288 2958 1337 3013; x_wconf 90' lang='lat' dir='ltr'><strong>si</strong></span> <span class='ocrx_word' id='word_1_347' title='bbox 1370 2958 1512 3013; x_wconf 84' lang='lat' dir='ltr'><strong>idem</strong></span> <span class='ocrx_word' id='word_1_348' title='bbox 1545 2967 1881 3029; x_wconf 87' lang='lat' dir='ltr'><strong>unguentum</strong></span> <span class='ocrx_word' id='word_1_349' title='bbox 1908 2973 2031 3014; x_wconf 88' lang='lat' dir='ltr'><strong>sca-</strong></span> 
     </span>
    </p>
   </div>
   <div class='ocr_carea' id='block_1_47' title="bbox 446 3050 2032 3122">
    <p class='ocr_par' dir='ltr' id='par_1_47' title="bbox 446 3050 2032 3122">
     <span class='ocr_line' id='line_1_47' title="bbox 446 3050 2032 3122; baseline -0.002 -14"><span class='ocrx_word' id='word_1_350' title='bbox 446 3056 614 3109; x_wconf 88' lang='lat' dir='ltr'><strong>rabeo</strong></span> <span class='ocrx_word' id='word_1_351' title='bbox 660 3061 715 3109; x_wconf 89' lang='lat' dir='ltr'><strong>et</strong></span> <span class='ocrx_word' id='word_1_352' title='bbox 758 3051 1030 3107; x_wconf 67' lang='lat' dir='ltr'><strong>columbae</strong></span> <span class='ocrx_word' id='word_1_353' title='bbox 1080 3058 1444 3122; x_wconf 86' lang='lat' dir='ltr'><strong>proponatur,</strong></span> <span class='ocrx_word' id='word_1_354' title='bbox 1476 3065 1582 3105; x_wconf 91' lang='lat' dir='ltr'><strong>non</strong></span> <span class='ocrx_word' id='word_1_355' title='bbox 1619 3050 1762 3104; x_wconf 86' lang='lat' dir='ltr'><strong>idem</strong></span> <span class='ocrx_word' id='word_1_356' title='bbox 1792 3050 1846 3104; x_wconf 90' lang='lat' dir='ltr'><strong>in</strong></span> <span class='ocrx_word' id='word_1_357' title='bbox 1875 3059 2032 3105; x_wconf 85' lang='lat' dir='ltr'><strong>utro-</strong></span> 
     </span>
    </p>
   </div>
   <div class='ocr_carea' id='block_1_48' title="bbox 448 3139 2030 3212">
    <p class='ocr_par' dir='ltr' id='par_1_48' title="bbox 448 3139 2030 3212">
     <span class='ocr_line' id='line_1_48' title="bbox 448 3139 2030 3212; baseline 0.002 -19"><span class='ocrx_word' id='word_1_358' title='bbox 448 3158 554 3211; x_wconf 85' lang='lat' dir='ltr'><strong>que</strong></span> <span class='ocrx_word' id='word_1_359' title='bbox 595 3142 791 3198; x_wconf 81' lang='lat' dir='ltr'><strong>efﬁciet</strong></span> <span class='ocrx_word' id='word_1_360' title='bbox 836 3157 852 3197; x_wconf 90' lang='lat'><strong>:</strong></span> <span class='ocrx_word' id='word_1_361' title='bbox 895 3141 993 3196; x_wconf 89' lang='lat' dir='ltr'><strong>sed</strong></span> <span class='ocrx_word' id='word_1_362' title='bbox 1033 3142 1286 3196; x_wconf 88' lang='lat' dir='ltr'><strong>columba</strong></span> <span class='ocrx_word' id='word_1_363' title='bbox 1337 3139 1556 3211; x_wconf 86' lang='lat' dir='ltr'><strong>quidem</strong></span> <span class='ocrx_word' id='word_1_364' title='bbox 1604 3141 1886 3197; x_wconf 86' lang='lat' dir='ltr'><strong>robustior</strong></span> <span class='ocrx_word' id='word_1_365' title='bbox 1933 3157 2030 3212; x_wconf 89' lang='lat' dir='ltr'><strong>per</strong></span> 
     </span>
    </p>
   </div>
   <div class='ocr_carea' id='block_1_49' title="bbox 451 3233 2029 3307">
    <p class='ocr_par' dir='ltr' id='par_1_49' title="bbox 451 3233 2029 3307">
     <span class='ocr_line' id='line_1_49' title="bbox 451 3233 2029 3307; baseline -0.003 -15"><span class='ocrx_word' id='word_1_366' title='bbox 451 3249 674 3292; x_wconf 83' lang='lat' dir='ltr'><strong>suavem</strong></span> <span class='ocrx_word' id='word_1_367' title='bbox 705 3234 971 3307; x_wconf 85' lang='lat' dir='ltr'><strong>unguenti</strong></span> <span class='ocrx_word' id='word_1_368' title='bbox 1004 3233 1231 3289; x_wconf 88' lang='lat' dir='ltr'><strong>odorem</strong></span> <span class='ocrx_word' id='word_1_369' title='bbox 1265 3233 1535 3300; x_wconf 90' lang='lat' dir='ltr'><strong>redditur,</strong></span> <span class='ocrx_word' id='word_1_370' title='bbox 1568 3233 1867 3289; x_wconf 83' lang='lat' dir='ltr'><strong>scarabeus</strong></span> <span class='ocrx_word' id='word_1_371' title='bbox 1896 3248 2029 3289; x_wconf 76' lang='lat' dir='ltr'><strong>vero</strong></span> 
     </span>
    </p>
   </div>
   <div class='ocr_carea' id='block_1_50' title="bbox 2138 2043 3711 2116">
    <p class='ocr_par' dir='ltr' id='par_1_50' title="bbox 2138 2043 3711 2116">
     <span class='ocr_line' id='line_1_50' title="bbox 2138 2043 3711 2116; baseline -0.004 -17"><span class='ocrx_word' id='word_1_372' title='bbox 2138 2046 2214 2099; x_wconf 82' lang='grc' dir='ltr'><strong>Οὐ</strong></span> <span class='ocrx_word' id='word_1_373' title='bbox 2243 2044 2353 2116; x_wconf 81' lang='grc' dir='ltr'><strong>γάρ</strong></span> <span class='ocrx_word' id='word_1_374' title='bbox 2380 2043 2549 2097; x_wconf 87' lang='grc' dir='ltr'><strong>αὐτοῦ</strong></span> <span class='ocrx_word' id='word_1_375' title='bbox 2584 2044 2749 2116; x_wconf 73' lang='grc' dir='ltr'><strong>ἔργον</strong></span> <span class='ocrx_word' id='word_1_376' title='bbox 2791 2045 2825 2115; x_wconf 79' lang='grc' dir='ltr'><strong>ἡ</strong></span> <span class='ocrx_word' id='word_1_377' title='bbox 2867 2044 3139 2109; x_wconf 78' lang='grc' dir='ltr'><strong>ἀπώλεια,</strong></span> <span class='ocrx_word' id='word_1_378' title='bbox 3171 2044 3309 2097; x_wconf 80' lang='grc' dir='ltr'><strong>ἀλλὰ</strong></span> <span class='ocrx_word' id='word_1_379' title='bbox 3336 2044 3442 2113; x_wconf 78' lang='grc' dir='ltr'><strong>τῆς</strong></span> <span class='ocrx_word' id='word_1_380' title='bbox 3496 2043 3711 2097; x_wconf 75' lang='grc' dir='ltr'><strong>ἐκείνων</strong></span> 
     </span>
    </p>
   </div>
   <div class='ocr_carea' id='block_1_51' title="bbox 2136 2131 3702 2211">
    <p class='ocr_par' dir='ltr' id='par_1_51' title="bbox 2136 2131 3702 2211">
     <span class='ocr_line' id='line_1_51' title="bbox 2136 2131 3702 2211; baseline -0.005 -19"><span class='ocrx_word' id='word_1_381' title='bbox 2136 2134 2551 2208; x_wconf 79' lang='grc' dir='ltr'><strong>ἀγνωμοσύνης.</strong></span> <span class='ocrx_word' id='word_1_382' title='bbox 2599 2156 2621 2188; x_wconf 76' lang='grc' dir='ltr'><strong>ι</strong></span> <span class='ocrx_word' id='word_1_383' title='bbox 2647 2131 2741 2201; x_wconf 78' lang='grc' dir='ltr'><strong>Οἷς</strong></span> <span class='ocrx_word' id='word_1_384' title='bbox 2775 2137 2876 2207; x_wconf 72' lang='grc' dir='ltr'><strong>μὲν</strong></span> <span class='ocrx_word' id='word_1_385' title='bbox 2896 2137 3040 2211; x_wconf 79' lang='grc' dir='ltr'><strong>ὀσμὴ</strong></span> <span class='ocrx_word' id='word_1_386' title='bbox 3058 2135 3289 2192; x_wconf 76' lang='grc' dir='ltr'><strong>Θανάτου</strong></span> <span class='ocrx_word' id='word_1_387' title='bbox 3316 2138 3397 2200; x_wconf 79' lang='grc' dir='ltr'><strong>εἰς</strong></span> <span class='ocrx_word' id='word_1_388' title='bbox 3425 2136 3668 2190; x_wconf 77' lang='grc' dir='ltr'><strong>θάνατον.</strong></span> <span class='ocrx_word' id='word_1_389' title='bbox 3686 2154 3702 2184; x_wconf 77' lang='grc' dir='ltr'><strong>ι</strong></span> 
     </span>
    </p>
   </div>
   <div class='ocr_carea' id='block_1_52' title="bbox 2136 2226 3707 2301">
    <p class='ocr_par' dir='ltr' id='par_1_52' title="bbox 2136 2226 3707 2301">
     <span class='ocr_line' id='line_1_52' title="bbox 2136 2226 3707 2301; baseline -0.003 -18"><span class='ocrx_word' id='word_1_390' title='bbox 2136 2230 2209 2283; x_wconf 79' lang='grc' dir='ltr'><strong>Οὐ</strong></span> <span class='ocrx_word' id='word_1_391' title='bbox 2242 2229 2394 2301; x_wconf 83' lang='grc' dir='ltr'><strong>παρά</strong></span> <span class='ocrx_word' id='word_1_392' title='bbox 2422 2227 2521 2300; x_wconf 80' lang='grc' dir='ltr'><strong>τὴν</strong></span> <span class='ocrx_word' id='word_1_393' title='bbox 2544 2226 2754 2282; x_wconf 77' lang='grc' dir='ltr'><strong>οἰκείαν</strong></span> <span class='ocrx_word' id='word_1_394' title='bbox 2802 2228 2987 2299; x_wconf 82' lang='grc' dir='ltr'><strong>φύσιν,</strong></span> <span class='ocrx_word' id='word_1_395' title='bbox 3039 2228 3178 2283; x_wconf 86' lang='grc' dir='ltr'><strong>ἀλλά</strong></span> <span class='ocrx_word' id='word_1_396' title='bbox 3225 2229 3383 2299; x_wconf 86' lang='grc' dir='ltr'><strong>παρά</strong></span> <span class='ocrx_word' id='word_1_397' title='bbox 3406 2228 3513 2299; x_wconf 81' lang='grc' dir='ltr'><strong>τὴν</strong></span> <span class='ocrx_word' id='word_1_398' title='bbox 3546 2226 3707 2280; x_wconf 76' lang='grc' dir='ltr'><strong>αὐτῶν</strong></span> 
     </span>
    </p>
   </div>
   <div class='ocr_carea' id='block_1_53' title="bbox 2136 2315 3707 2392">
    <p class='ocr_par' dir='ltr' id='par_1_53' title="bbox 2136 2315 3707 2392">
     <span class='ocr_line' id='line_1_53' title="bbox 2136 2315 3707 2392; baseline -0.002 -17"><span class='ocrx_word' id='word_1_399' title='bbox 2136 2320 2357 2376; x_wconf 77' lang='grc' dir='ltr'><strong>κακίαν.</strong></span> <span class='ocrx_word' id='word_1_400' title='bbox 2389 2320 2546 2375; x_wconf 79' lang='grc' dir='ltr'><strong>Ἐπεὶ</strong></span> <span class='ocrx_word' id='word_1_401' title='bbox 2567 2322 2662 2373; x_wconf 77' lang='grc' dir='ltr'><strong>καὶ</strong></span> <span class='ocrx_word' id='word_1_402' title='bbox 2689 2320 2717 2372; x_wconf 83' lang='grc' dir='ltr'>ὁ</span> <span class='ocrx_word' id='word_1_403' title='bbox 2738 2320 2997 2392; x_wconf 81' lang='grc' dir='ltr'><strong>Χριστὸς,</strong></span> <span class='ocrx_word' id='word_1_404' title='bbox 3028 2319 3177 2383; x_wconf 83' lang='grc' dir='ltr'><strong>λίθος</strong></span> <span class='ocrx_word' id='word_1_405' title='bbox 3192 2315 3260 2392; x_wconf 78' lang='grc' dir='ltr'><strong>ἦν</strong></span> <span class='ocrx_word' id='word_1_406' title='bbox 3290 2319 3707 2391; x_wconf 79' lang='grc' dir='ltr'><strong>προσκόμματος</strong></span> 
     </span>
    </p>
   </div>
   <div class='ocr_carea' id='block_1_54' title="bbox 2133 2411 3702 2483">
    <p class='ocr_par' dir='ltr' id='par_1_54' title="bbox 2133 2411 3702 2483">
     <span class='ocr_line' id='line_1_54' title="bbox 2133 2411 3702 2483; baseline -0.003 -17"><span class='ocrx_word' id='word_1_407' title='bbox 2133 2414 2230 2467; x_wconf 77' lang='grc' dir='ltr'><strong>καὶ</strong></span> <span class='ocrx_word' id='word_1_408' title='bbox 2263 2412 2437 2483; x_wconf 77' lang='grc' dir='ltr'><strong>πέτρα</strong></span> <span class='ocrx_word' id='word_1_409' title='bbox 2461 2411 2760 2466; x_wconf 78' lang='grc' dir='ltr'><strong>σκανδάλου</strong></span> <span class='ocrx_word' id='word_1_410' title='bbox 2788 2414 2899 2474; x_wconf 82' lang='grc' dir='ltr'><strong>τοῖς</strong></span> <span class='ocrx_word' id='word_1_411' title='bbox 2928 2411 3340 2482; x_wconf 67' lang='grc' dir='ltr'><strong>ἀπολλυμένοις.</strong></span> <span class='ocrx_word' id='word_1_412' title='bbox 3365 2441 3438 2451; x_wconf 90' lang='grc'><strong><em>-</em></strong></span> <span class='ocrx_word' id='word_1_413' title='bbox 3458 2412 3702 2475; x_wconf 68' lang='grc' dir='ltr'><strong>Ἄλλως.</strong></span> 
     </span>
    </p>
   </div>
   <div class='ocr_carea' id='block_1_55' title="bbox 2136 2503 3707 2579">
    <p class='ocr_par' dir='ltr' id='par_1_55' title="bbox 2136 2503 3707 2579">
     <span class='ocr_line' id='line_1_55' title="bbox 2136 2503 3707 2579; baseline -0.004 -20"><span class='ocrx_word' id='word_1_414' title='bbox 2136 2505 2548 2579; x_wconf 79' lang='grc' dir='ltr'><strong>[ΓΡΗΓΟΡΙΟΥ</strong></span> <span class='ocrx_word' id='word_1_415' title='bbox 2575 2504 2899 2577; x_wconf 75' lang='grc' dir='ltr'><strong>ΝΥΣΣΗΣ.]</strong></span> <span class='ocrx_word' id='word_1_416' title='bbox 2933 2506 3086 2558; x_wconf 80' lang='grc' dir='ltr'><strong>Κατὰ</strong></span> <span class='ocrx_word' id='word_1_417' title='bbox 3115 2504 3216 2577; x_wconf 80' lang='grc' dir='ltr'><strong>τὴν</strong></span> <span class='ocrx_word' id='word_1_418' title='bbox 3248 2503 3569 2575; x_wconf 80' lang='grc' dir='ltr'><strong>προσοῦσαν</strong></span> <span class='ocrx_word' id='word_1_419' title='bbox 3596 2503 3707 2554; x_wconf 78' lang='grc' dir='ltr'><strong>ἑκάο</strong></span> 
     </span>
    </p>
   </div>
   <div class='ocr_carea' id='block_1_56' title="bbox 2136 2593 3701 2669">
    <p class='ocr_par' dir='ltr' id='par_1_56' title="bbox 2136 2593 3701 2669">
     <span class='ocr_line' id='line_1_56' title="bbox 2136 2593 3701 2669; baseline -0.001 -18"><span class='ocrx_word' id='word_1_420' title='bbox 2136 2614 2246 2669; x_wconf 86' lang='grc' dir='ltr'><strong>στῳ</strong></span> <span class='ocrx_word' id='word_1_421' title='bbox 2261 2596 2525 2664; x_wconf 85' lang='grc' dir='ltr'><strong>διάθεσιν,</strong></span> <span class='ocrx_word' id='word_1_422' title='bbox 2564 2597 2599 2668; x_wconf 72' lang='grc' dir='ltr'>ἢ</span> <span class='ocrx_word' id='word_1_423' title='bbox 2635 2597 2898 2662; x_wconf 76' lang='grc' dir='ltr'><strong>ζωοποιὸς</strong></span> <span class='ocrx_word' id='word_1_424' title='bbox 2922 2596 3154 2664; x_wconf 72' lang='grc' dir='ltr'><strong>ἐγίνετο,</strong></span> <span class='ocrx_word' id='word_1_425' title='bbox 3187 2595 3222 2667; x_wconf 77' lang='grc' dir='ltr'><strong>ἢ</strong></span> <span class='ocrx_word' id='word_1_426' title='bbox 3257 2593 3635 2665; x_wconf 60' lang='grc' dir='ltr'><strong>θανατηφόρους</strong></span> <span class='ocrx_word' id='word_1_427' title='bbox 3674 2593 3701 2662; x_wconf 69' lang='grc' dir='ltr'>ἡ</span> 
     </span>
    </p>
   </div>
   <div class='ocr_carea' id='block_1_57' title="bbox 2132 2683 3703 2761">
    <p class='ocr_par' dir='ltr' id='par_1_57' title="bbox 2132 2683 3703 2761">
     <span class='ocr_line' id='line_1_57' title="bbox 2132 2683 3703 2761; baseline -0.007 -17"><span class='ocrx_word' id='word_1_428' title='bbox 2132 2690 2384 2749; x_wconf 69' lang='lat' dir='ltr'><strong>climata.</strong></span> <span class='ocrx_word' id='word_1_429' title='bbox 2427 2691 2638 2761; x_wconf 84' lang='grc' dir='ltr'><strong>Ὥσπερ</strong></span> <span class='ocrx_word' id='word_1_430' title='bbox 2663 2687 2726 2743; x_wconf 77' lang='grc' dir='ltr'><strong>τὸ</strong></span> <span class='ocrx_word' id='word_1_431' title='bbox 2747 2688 2878 2742; x_wconf 81' lang='grc' dir='ltr'><strong>αὐτὸ</strong></span> <span class='ocrx_word' id='word_1_432' title='bbox 2919 2687 3092 2759; x_wconf 88' lang='grc' dir='ltr'><strong>μύρον</strong></span> <span class='ocrx_word' id='word_1_433' title='bbox 3117 2687 3167 2740; x_wconf 86' lang='grc' dir='ltr'><strong>εί</strong></span> <span class='ocrx_word' id='word_1_434' title='bbox 3189 2685 3467 2758; x_wconf 69' lang='grc' dir='ltr'><strong>Κανθάρῳ</strong></span> <span class='ocrx_word' id='word_1_435' title='bbox 3507 2686 3599 2736; x_wconf 71' lang='grc' dir='ltr'><strong>καὶ</strong></span> <span class='ocrx_word' id='word_1_436' title='bbox 3615 2683 3703 2735; x_wconf 84' lang='grc' dir='ltr'><strong>Πε-</strong></span> 
     </span>
    </p>
   </div>
   <div class='ocr_carea' id='block_1_58' title="bbox 2137 2776 3701 2857">
    <p class='ocr_par' dir='ltr' id='par_1_58' title="bbox 2137 2776 3701 2857">
     <span class='ocr_line' id='line_1_58' title="bbox 2137 2776 3701 2857; baseline -0.007 -19"><span class='ocrx_word' id='word_1_437' title='bbox 2137 2786 2363 2857; x_wconf 79' lang='grc' dir='ltr'><strong>ριστερᾷ</strong></span> <span class='ocrx_word' id='word_1_438' title='bbox 2397 2783 2710 2857; x_wconf 78' lang='grc' dir='ltr'><strong>προτεθείη,</strong></span> <span class='ocrx_word' id='word_1_439' title='bbox 2737 2782 2800 2835; x_wconf 84' lang='grc' dir='ltr'><strong>οῦ</strong></span> <span class='ocrx_word' id='word_1_440' title='bbox 2828 2780 3029 2835; x_wconf 82' lang='grc' dir='ltr'><strong>ταύτὸν</strong></span> <span class='ocrx_word' id='word_1_441' title='bbox 3056 2781 3142 2850; x_wconf 77' lang='grc' dir='ltr'><strong>ἐφ’</strong></span> <span class='ocrx_word' id='word_1_442' title='bbox 3173 2781 3455 2849; x_wconf 75' lang='grc' dir='ltr'><strong>ἑκατέρων</strong></span> <span class='ocrx_word' id='word_1_443' title='bbox 3486 2776 3701 2848; x_wconf 75' lang='grc' dir='ltr'><strong>ἐργάζε-</strong></span> 
     </span>
    </p>
   </div>
   <div class='ocr_carea' id='block_1_59' title="bbox 2132 2868 3701 2947">
    <p class='ocr_par' dir='ltr' id='par_1_59' title="bbox 2132 2868 3701 2947">
     <span class='ocr_line' id='line_1_59' title="bbox 2132 2868 3701 2947; baseline -0.008 -16"><span class='ocrx_word' id='word_1_444' title='bbox 2132 2893 2243 2943; x_wconf 88' lang='grc' dir='ltr'><strong>ται,</strong></span> <span class='ocrx_word' id='word_1_445' title='bbox 2276 2875 2389 2929; x_wconf 79' lang='grc' dir='ltr'><strong>ἀλλ’</strong></span> <span class='ocrx_word' id='word_1_446' title='bbox 2418 2878 2453 2947; x_wconf 73' lang='grc' dir='ltr'><strong>ἡ</strong></span> <span class='ocrx_word' id='word_1_447' title='bbox 2488 2874 2587 2946; x_wconf 83' lang='grc' dir='ltr'><strong>μὲν</strong></span> <span class='ocrx_word' id='word_1_448' title='bbox 2635 2874 2934 2946; x_wconf 77' lang='grc' dir='ltr'><strong>περιστερά</strong></span> <span class='ocrx_word' id='word_1_449' title='bbox 2958 2912 2974 2939; x_wconf 91' lang='grc'><strong>,</strong></span> <span class='ocrx_word' id='word_1_450' title='bbox 3036 2873 3446 2944; x_wconf 78' lang='grc' dir='ltr'><strong>ρωμαλεωτέρα</strong></span> <span class='ocrx_word' id='word_1_451' title='bbox 3497 2870 3587 2923; x_wconf 80' lang='grc' dir='ltr'><strong>διά</strong></span> <span class='ocrx_word' id='word_1_452' title='bbox 3618 2868 3701 2936; x_wconf 63' lang='lat' dir='ltr'><strong>eis;</strong></span> 
     </span>
    </p>
   </div>
   <div class='ocr_carea' id='block_1_60' title="bbox 2132 2962 3702 3040">
    <p class='ocr_par' dir='ltr' id='par_1_60' title="bbox 2132 2962 3702 3040">
     <span class='ocr_line' id='line_1_60' title="bbox 2132 2962 3702 3040; baseline -0.006 -18"><span class='ocrx_word' id='word_1_453' title='bbox 2132 2969 2388 3032; x_wconf 80' lang='grc' dir='ltr'><strong>εὐπνοίας</strong></span> <span class='ocrx_word' id='word_1_454' title='bbox 2423 2968 2517 3021; x_wconf 86' lang='grc' dir='ltr'><strong>τοῦ</strong></span> <span class='ocrx_word' id='word_1_455' title='bbox 2545 2968 2717 3040; x_wconf 81' lang='grc' dir='ltr'><strong>μύρου</strong></span> <span class='ocrx_word' id='word_1_456' title='bbox 2753 2968 2985 3036; x_wconf 83' lang='grc' dir='ltr'><strong>γίνεται,</strong></span> <span class='ocrx_word' id='word_1_457' title='bbox 3043 2970 3072 3019; x_wconf 82' lang='grc' dir='ltr'><strong>ὁ</strong></span> <span class='ocrx_word' id='word_1_458' title='bbox 3105 2965 3161 3019; x_wconf 77' lang='grc' dir='ltr'><strong>δὲ</strong></span> <span class='ocrx_word' id='word_1_459' title='bbox 3193 2964 3472 3034; x_wconf 86' lang='grc' dir='ltr'><strong>κάνθαρος</strong></span> <span class='ocrx_word' id='word_1_460' title='bbox 3506 2962 3702 3031; x_wconf 79' lang='grc' dir='ltr'><strong>φθείρε-</strong></span> 
     </span>
    </p>
   </div>
   <div class='ocr_carea' id='block_1_61' title="bbox 2132 3054 3699 3124">
    <p class='ocr_par' dir='ltr' id='par_1_61' title="bbox 2132 3054 3699 3124">
     <span class='ocr_line' id='line_1_61' title="bbox 2132 3054 3699 3124; baseline -0.006 -10"><span class='ocrx_word' id='word_1_461' title='bbox 2132 3079 2245 3114; x_wconf 88' lang='grc' dir='ltr'><strong>ται.</strong></span> <span class='ocrx_word' id='word_1_462' title='bbox 2279 3059 2464 3123; x_wconf 85' lang='grc' dir='ltr'><strong>Οῦτως</strong></span> <span class='ocrx_word' id='word_1_463' title='bbox 2503 3061 2597 3113; x_wconf 77' lang='grc' dir='ltr'><strong>καὶ</strong></span> <span class='ocrx_word' id='word_1_464' title='bbox 2627 3061 2654 3113; x_wconf 84' lang='grc' dir='ltr'>ὁ</span> <span class='ocrx_word' id='word_1_465' title='bbox 2695 3058 2928 3124; x_wconf 85' lang='grc' dir='ltr'><strong>Παῦλος,</strong></span> <span class='ocrx_word' id='word_1_466' title='bbox 2959 3058 3019 3111; x_wconf 80' lang='grc' dir='ltr'><strong>τὸ</strong></span> <span class='ocrx_word' id='word_1_467' title='bbox 3052 3057 3195 3111; x_wconf 81' lang='grc' dir='ltr'><strong>Θεῖον</strong></span> <span class='ocrx_word' id='word_1_468' title='bbox 3224 3059 3403 3109; x_wconf 77' lang='grc' dir='ltr'><strong>ἐκεῖνο</strong></span> <span class='ocrx_word' id='word_1_469' title='bbox 3444 3054 3699 3122; x_wconf 80' lang='grc' dir='ltr'><strong>θυμίαμα.</strong></span> 
     </span>
    </p>
   </div>
   <div class='ocr_carea' id='block_1_62' title="bbox 2131 3144 3697 3225">
    <p class='ocr_par' dir='ltr' id='par_1_62' title="bbox 2131 3144 3697 3225">
     <span class='ocr_line' id='line_1_62' title="bbox 2131 3144 3697 3225; baseline -0.006 -18"><span class='ocrx_word' id='word_1_470' title='bbox 2131 3154 2181 3206; x_wconf 87' lang='grc' dir='ltr'><strong>εί</strong></span> <span class='ocrx_word' id='word_1_471' title='bbox 2216 3156 2316 3225; x_wconf 84' lang='grc' dir='ltr'><strong>μέν</strong></span> <span class='ocrx_word' id='word_1_472' title='bbox 2344 3170 2428 3216; x_wconf 90' lang='grc' dir='ltr'><strong>τις</strong></span> <span class='ocrx_word' id='word_1_473' title='bbox 2460 3148 2530 3224; x_wconf 81' lang='grc' dir='ltr'><strong>ἦν</strong></span> <span class='ocrx_word' id='word_1_474' title='bbox 2563 3150 2885 3223; x_wconf 84' lang='grc' dir='ltr'><strong>περιστερὰ,</strong></span> <span class='ocrx_word' id='word_1_475' title='bbox 2916 3150 3056 3203; x_wconf 87' lang='grc' dir='ltr'><strong>κατά</strong></span> <span class='ocrx_word' id='word_1_476' title='bbox 3086 3148 3246 3202; x_wconf 85' lang='grc' dir='ltr'><strong>Τίτον</strong></span> <span class='ocrx_word' id='word_1_477' title='bbox 3289 3148 3323 3217; x_wconf 77' lang='grc' dir='ltr'>ἢ</span> <span class='ocrx_word' id='word_1_478' title='bbox 3353 3146 3638 3200; x_wconf 75' lang='grc' dir='ltr'><strong>Σιλουανὺν</strong></span> <span class='ocrx_word' id='word_1_479' title='bbox 3669 3144 3697 3213; x_wconf 75' lang='grc' dir='ltr'>ἦ</span> 
     </span>
    </p>
   </div>
   <div class='ocr_carea' id='block_1_63' title="bbox 2132 3234 3699 3314">
    <p class='ocr_par' dir='ltr' id='par_1_63' title="bbox 2132 3234 3699 3314">
     <span class='ocr_line' id='line_1_63' title="bbox 2132 3234 3699 3314; baseline -0.007 -17"><span class='ocrx_word' id='word_1_480' title='bbox 2132 3244 2419 3314; x_wconf 82' lang='grc' dir='ltr'><strong>Τιμόθεον,</strong></span> <span class='ocrx_word' id='word_1_481' title='bbox 2449 3244 2819 3312; x_wconf 82' lang='grc' dir='ltr'><strong>συμμετεῖχεν</strong></span> <span class='ocrx_word' id='word_1_482' title='bbox 2849 3239 3000 3309; x_wconf 78' lang='grc' dir='ltr'><strong>αὐτῴ</strong></span> <span class='ocrx_word' id='word_1_483' title='bbox 3028 3238 3130 3308; x_wconf 78' lang='grc' dir='ltr'><strong>τῆς</strong></span> <span class='ocrx_word' id='word_1_484' title='bbox 3158 3236 3391 3300; x_wconf 74' lang='grc' dir='ltr'><strong>εὐωδίας</strong></span> <span class='ocrx_word' id='word_1_485' title='bbox 3433 3236 3533 3289; x_wconf 84' lang='grc' dir='ltr'><strong>τοῦ</strong></span> <span class='ocrx_word' id='word_1_486' title='bbox 3576 3234 3699 3304; x_wconf 73' lang='grc' dir='ltr'><strong>βίον,</strong></span> 
     </span>
    </p>
   </div>
   <div class='ocr_carea' id='block_1_64' title="bbox 455 3325 2028 3409">
    <p class='ocr_par' dir='ltr' id='par_1_64' title="bbox 455 3325 2023 3393">
     <span class='ocr_line' id='line_1_64' title="bbox 455 3325 2023 3393; baseline -0.001 -12"><span class='ocrx_word' id='word_1_487' title='bbox 455 3327 811 3383; x_wconf 86' lang='lat' dir='ltr'><strong>interimitur.</strong></span> <span class='ocrx_word' id='word_1_488' title='bbox 841 3325 921 3382; x_wconf 86' lang='lat' dir='ltr'><strong>Ita</strong></span> <span class='ocrx_word' id='word_1_489' title='bbox 965 3334 1019 3382; x_wconf 88' lang='lat' dir='ltr'><strong>et</strong></span> <span class='ocrx_word' id='word_1_490' title='bbox 1051 3325 1251 3381; x_wconf 83' lang='lat' dir='ltr'><strong>Paulus</strong></span> <span class='ocrx_word' id='word_1_491' title='bbox 1282 3327 1524 3383; x_wconf 88' lang='lat' dir='ltr'><strong>divinum</strong></span> <span class='ocrx_word' id='word_1_492' title='bbox 1555 3326 1691 3381; x_wconf 88' lang='lat' dir='ltr'><strong>illud</strong></span> <span class='ocrx_word' id='word_1_493' title='bbox 1716 3326 2023 3393; x_wconf 88' lang='lat' dir='ltr'><strong>incensum,</strong></span> 
     </span>
    </p>
   </div>
   <div class='ocr_carea' id='block_1_65' title="bbox 2132 3325 3699 3409">
    <p class='ocr_par' dir='ltr' id='par_1_65' title="bbox 2132 3328 3699 3409">
     <span class='ocr_line' id='line_1_65' title="bbox 2132 3328 3699 3409; baseline -0.008 -19"><span class='ocrx_word' id='word_1_494' title='bbox 2132 3335 2460 3409; x_wconf 80' lang='grc' dir='ltr'><strong>προκόπτων</strong></span> <span class='ocrx_word' id='word_1_495' title='bbox 2517 3336 2575 3387; x_wconf 83' lang='grc' dir='ltr'><strong>ὲν</strong></span> <span class='ocrx_word' id='word_1_496' title='bbox 2610 3333 2772 3387; x_wconf 77' lang='grc' dir='ltr'><strong>παντὶ</strong></span> <span class='ocrx_word' id='word_1_497' title='bbox 2802 3333 2951 3402; x_wconf 88' lang='grc' dir='ltr'><strong>καλῷ</strong></span> <span class='ocrx_word' id='word_1_498' title='bbox 2987 3333 3104 3395; x_wconf 84' lang='grc' dir='ltr'><strong>τοῖς</strong></span> <span class='ocrx_word' id='word_1_499' title='bbox 3151 3329 3271 3384; x_wconf 82' lang='grc' dir='ltr'><strong>κατ’</strong></span> <span class='ocrx_word' id='word_1_500' title='bbox 3295 3330 3463 3383; x_wconf 79' lang='grc' dir='ltr'><strong>αὐτὸν</strong></span> <span class='ocrx_word' id='word_1_501' title='bbox 3497 3328 3699 3381; x_wconf 76' lang='grc' dir='ltr'><strong>ὑποδεί-</strong></span> 
     </span>
    </p>
   </div>
   <div class='ocr_carea' id='block_1_66' title="bbox 450 3416 2032 3491">
    <p class='ocr_par' dir='ltr' id='par_1_66' title="bbox 450 3416 2032 3491">
     <span class='ocr_line' id='line_1_66' title="bbox 450 3416 2032 3491; baseline -0.003 -14"><span class='ocrx_word' id='word_1_502' title='bbox 450 3423 494 3477; x_wconf 89' lang='lat' dir='ltr'><strong>si</strong></span> <span class='ocrx_word' id='word_1_503' title='bbox 521 3422 645 3491; x_wconf 84' lang='lat' dir='ltr'><strong>quis</strong></span> <span class='ocrx_word' id='word_1_504' title='bbox 664 3418 917 3475; x_wconf 86' lang='lat' dir='ltr'><strong>columba</strong></span> <span class='ocrx_word' id='word_1_505' title='bbox 942 3425 1111 3483; x_wconf 88' lang='lat' dir='ltr'><strong>esset,</strong></span> <span class='ocrx_word' id='word_1_506' title='bbox 1131 3420 1276 3475; x_wconf 88' lang='lat' dir='ltr'><strong>sicut</strong></span> <span class='ocrx_word' id='word_1_507' title='bbox 1296 3416 1474 3483; x_wconf 85' lang='lat' dir='ltr'><strong>Titus,</strong></span> <span class='ocrx_word' id='word_1_508' title='bbox 1490 3417 1747 3474; x_wconf 85' lang='lat' dir='ltr'><strong>Silvanus</strong></span> <span class='ocrx_word' id='word_1_509' title='bbox 1769 3428 1823 3473; x_wconf 91' lang='lat' dir='ltr'><strong>et</strong></span> <span class='ocrx_word' id='word_1_510' title='bbox 1844 3417 2032 3473; x_wconf 87' lang='lat' dir='ltr'><strong>Timo-</strong></span> 
     </span>
    </p>
   </div>
   <div class='ocr_carea' id='block_1_67' title="bbox 443 3509 2027 3581">
    <p class='ocr_par' dir='ltr' id='par_1_67' title="bbox 443 3509 2027 3581">
     <span class='ocr_line' id='line_1_67' title="bbox 443 3509 2027 3581; baseline -0.002 -13"><span class='ocrx_word' id='word_1_511' title='bbox 443 3515 630 3579; x_wconf 86' lang='lat' dir='ltr'><strong>theus,</strong></span> <span class='ocrx_word' id='word_1_512' title='bbox 661 3527 771 3567; x_wconf 89' lang='lat' dir='ltr'><strong>una</strong></span> <span class='ocrx_word' id='word_1_513' title='bbox 801 3526 924 3566; x_wconf 86' lang='lat' dir='ltr'><strong>cum</strong></span> <span class='ocrx_word' id='word_1_514' title='bbox 953 3525 1018 3567; x_wconf 91' lang='lat' dir='ltr'><strong>eo</strong></span> <span class='ocrx_word' id='word_1_515' title='bbox 1040 3510 1408 3581; x_wconf 84' lang='lat' dir='ltr'><strong>participabat</strong></span> <span class='ocrx_word' id='word_1_516' title='bbox 1438 3509 1493 3564; x_wconf 93' lang='lat' dir='ltr'><strong>in</strong></span> <span class='ocrx_word' id='word_1_517' title='bbox 1518 3511 1664 3565; x_wconf 92' lang='lat' dir='ltr'><strong>bono</strong></span> <span class='ocrx_word' id='word_1_518' title='bbox 1692 3511 1812 3565; x_wconf 71' lang='lat' dir='ltr'><strong>vitae</strong></span> <span class='ocrx_word' id='word_1_519' title='bbox 1837 3509 2027 3575; x_wconf 90' lang='lat' dir='ltr'><strong>odore,</strong></span> 
     </span>
    </p>
   </div>
   <div class='ocr_carea' id='block_1_68' title="bbox 447 3597 2030 3672">
    <p class='ocr_par' dir='ltr' id='par_1_68' title="bbox 447 3597 2030 3672">
     <span class='ocr_line' id='line_1_68' title="bbox 447 3597 2030 3672; baseline -0.003 -18"><span class='ocrx_word' id='word_1_520' title='bbox 447 3601 743 3672; x_wconf 76' lang='lat' dir='ltr'><strong>proﬁciens</strong></span> <span class='ocrx_word' id='word_1_521' title='bbox 775 3599 840 3654; x_wconf 89' lang='lat' dir='ltr'><strong>ad</strong></span> <span class='ocrx_word' id='word_1_522' title='bbox 884 3612 1048 3654; x_wconf 88' lang='lat' dir='ltr'><strong>omne</strong></span> <span class='ocrx_word' id='word_1_523' title='bbox 1083 3597 1135 3653; x_wconf 88' lang='lat' dir='ltr'><strong>id</strong></span> <span class='ocrx_word' id='word_1_524' title='bbox 1171 3597 1319 3668; x_wconf 87' lang='lat' dir='ltr'><strong>quod</strong></span> <span class='ocrx_word' id='word_1_525' title='bbox 1368 3598 1659 3653; x_wconf 91' lang='lat' dir='ltr'><strong>honestum</strong></span> <span class='ocrx_word' id='word_1_526' title='bbox 1700 3608 1836 3664; x_wconf 88' lang='lat' dir='ltr'><strong>erat,</strong></span> <span class='ocrx_word' id='word_1_527' title='bbox 1877 3611 2030 3652; x_wconf 88' lang='lat' dir='ltr'><strong>sum-</strong></span> 
     </span>
    </p>
   </div>
   <div class='ocr_carea' id='block_1_69' title="bbox 444 3685 2032 3761">
    <p class='ocr_par' dir='ltr' id='par_1_69' title="bbox 444 3685 2032 3761">
     <span class='ocr_line' id='line_1_69' title="bbox 444 3685 2032 3761; baseline 0.001 -18"><span class='ocrx_word' id='word_1_528' title='bbox 444 3691 558 3761; x_wconf 84' lang='lat' dir='ltr'><strong>ptis</strong></span> <span class='ocrx_word' id='word_1_529' title='bbox 586 3689 654 3745; x_wconf 89' lang='lat' dir='ltr'><strong>ab</strong></span> <span class='ocrx_word' id='word_1_530' title='bbox 687 3690 809 3759; x_wconf 91' lang='lat' dir='ltr'><strong>ipso</strong></span> <span class='ocrx_word' id='word_1_531' title='bbox 843 3687 1110 3758; x_wconf 86' lang='lat' dir='ltr'><strong>exemplis</strong></span> <span class='ocrx_word' id='word_1_532' title='bbox 1136 3705 1152 3755; x_wconf 88' lang='lat'><strong>;</strong></span> <span class='ocrx_word' id='word_1_533' title='bbox 1187 3686 1233 3743; x_wconf 88' lang='lat' dir='ltr'><strong>si</strong></span> <span class='ocrx_word' id='word_1_534' title='bbox 1264 3702 1394 3743; x_wconf 88' lang='lat' dir='ltr'><strong>vero</strong></span> <span class='ocrx_word' id='word_1_535' title='bbox 1422 3685 1617 3743; x_wconf 91' lang='lat' dir='ltr'><strong>Demas</strong></span> <span class='ocrx_word' id='word_1_536' title='bbox 1647 3688 1917 3758; x_wconf 87' lang='lat' dir='ltr'><strong>quispiam</strong></span> <span class='ocrx_word' id='word_1_537' title='bbox 1951 3703 2032 3744; x_wconf 87' lang='lat' dir='ltr'><strong>es-</strong></span> 
     </span>
    </p>
   </div>
   <div class='ocr_carea' id='block_1_70' title="bbox 444 3778 2029 3851">
    <p class='ocr_par' dir='ltr' id='par_1_70' title="bbox 444 3778 2029 3851">
     <span class='ocr_line' id='line_1_70' title="bbox 444 3778 2029 3851; baseline -0.002 -12"><span class='ocrx_word' id='word_1_538' title='bbox 444 3791 531 3839; x_wconf 84' lang='lat' dir='ltr'><strong>set</strong></span> <span class='ocrx_word' id='word_1_539' title='bbox 587 3787 682 3836; x_wconf 88' lang='lat' dir='ltr'><strong>aut</strong></span> <span class='ocrx_word' id='word_1_540' title='bbox 722 3778 1030 3835; x_wconf 78' lang='lat' dir='ltr'><strong>Alexander</strong></span> <span class='ocrx_word' id='word_1_541' title='bbox 1079 3790 1173 3834; x_wconf 86' lang='lat' dir='ltr'><strong>aut</strong></span> <span class='ocrx_word' id='word_1_542' title='bbox 1231 3781 1641 3851; x_wconf 79' lang='lat' dir='ltr'><strong>Hermogenes,</strong></span> <span class='ocrx_word' id='word_1_543' title='bbox 1685 3794 1795 3834; x_wconf 88' lang='lat' dir='ltr'><strong>non</strong></span> <span class='ocrx_word' id='word_1_544' title='bbox 1846 3778 2029 3836; x_wconf 83' lang='lat' dir='ltr'><strong>ferens</strong></span> 
     </span>
    </p>
   </div>
   <div class='ocr_carea' id='block_1_71' title="bbox 444 3866 2028 3945">
    <p class='ocr_par' dir='ltr' id='par_1_71' title="bbox 444 3866 2028 3945">
     <span class='ocr_line' id='line_1_71' title="bbox 444 3866 2028 3945; baseline -0.002 -15"><span class='ocrx_word' id='word_1_545' title='bbox 444 3871 827 3945; x_wconf 59' lang='lat' dir='ltr'><strong>temperantia</strong></span> <span class='ocrx_word' id='word_1_546' title='bbox 882 3866 1291 3938; x_wconf 80' lang='lat' dir='ltr'><strong>sufﬁmentum,</strong></span> <span class='ocrx_word' id='word_1_547' title='bbox 1348 3873 1737 3928; x_wconf 89' lang='lat' dir='ltr'><strong>scarabeorum</strong></span> <span class='ocrx_word' id='word_1_548' title='bbox 1790 3886 1943 3928; x_wconf 91' lang='lat' dir='ltr'><strong>more</strong></span> <span class='ocrx_word' id='word_1_549' title='bbox 1995 3888 2028 3927; x_wconf 88' lang='lat' dir='ltr'><strong>a</strong></span> 
     </span>
    </p>
   </div>
   <div class='ocr_carea' id='block_1_72' title="bbox 444 3963 2023 4038">
    <p class='ocr_par' dir='ltr' id='par_1_72' title="bbox 444 3963 2023 4038">
     <span class='ocr_line' id='line_1_72' title="bbox 444 3963 2023 4038; baseline -0.004 -13"><span class='ocrx_word' id='word_1_550' title='bbox 444 3968 606 4025; x_wconf 84' lang='lat' dir='ltr'><strong>suavi</strong></span> <span class='ocrx_word' id='word_1_551' title='bbox 637 3967 807 4023; x_wconf 85' lang='lat' dir='ltr'><strong>odore</strong></span> <span class='ocrx_word' id='word_1_552' title='bbox 838 3965 1153 4038; x_wconf 85' lang='lat' dir='ltr'><strong>fugabatur.</strong></span> <span class='ocrx_word' id='word_1_553' title='bbox 1186 3983 1205 4017; x_wconf 88' lang='grc' dir='ltr'><strong>ι</strong></span> <span class='ocrx_word' id='word_1_554' title='bbox 1236 3964 1300 4019; x_wconf 86' lang='grc' dir='ltr'><strong>Ει</strong></span> <span class='ocrx_word' id='word_1_555' title='bbox 1329 3965 1397 4020; x_wconf 91' lang='lat' dir='ltr'><strong>ad</strong></span> <span class='ocrx_word' id='word_1_556' title='bbox 1425 3963 1541 4019; x_wconf 79' lang='lat' dir='ltr'><strong>hzec</strong></span> <span class='ocrx_word' id='word_1_557' title='bbox 1565 3965 1687 4035; x_wconf 88' lang='lat' dir='ltr'><strong>quis</strong></span> <span class='ocrx_word' id='word_1_558' title='bbox 1714 3964 1977 4020; x_wconf 79' lang='lat' dir='ltr'><strong>idoneus?</strong></span> <span class='ocrx_word' id='word_1_559' title='bbox 2002 3983 2023 4018; x_wconf 76' lang='grc' dir='ltr'><strong>ι</strong></span> 
     </span>
    </p>
   </div>
   <div class='ocr_carea' id='block_1_73' title="bbox 446 4058 2029 4131">
    <p class='ocr_par' dir='ltr' id='par_1_73' title="bbox 446 4058 2029 4131">
     <span class='ocr_line' id='line_1_73' title="bbox 446 4058 2029 4131; baseline -0.003 -16"><span class='ocrx_word' id='word_1_560' title='bbox 446 4063 533 4117; x_wconf 78' lang='lat' dir='ltr'><strong>An</strong></span> <span class='ocrx_word' id='word_1_561' title='bbox 560 4061 626 4117; x_wconf 87' lang='lat' dir='ltr'><strong>ad</strong></span> <span class='ocrx_word' id='word_1_562' title='bbox 667 4068 872 4115; x_wconf 85' lang='lat' dir='ltr'><strong>tantam</strong></span> <span class='ocrx_word' id='word_1_563' title='bbox 911 4058 1140 4131; x_wconf 85' lang='lat' dir='ltr'><strong>gratiam</strong></span> <span class='ocrx_word' id='word_1_564' title='bbox 1170 4058 1400 4113; x_wconf 87' lang='lat' dir='ltr'><strong>idoneos</strong></span> <span class='ocrx_word' id='word_1_565' title='bbox 1425 4072 1523 4113; x_wconf 84' lang='lat' dir='ltr'><strong>vos</strong></span> <span class='ocrx_word' id='word_1_566' title='bbox 1553 4072 1680 4113; x_wconf 89' lang='lat' dir='ltr'><strong>esse</strong></span> <span class='ocrx_word' id='word_1_567' title='bbox 1709 4059 1934 4128; x_wconf 89' lang='lat' dir='ltr'><strong>putatis,</strong></span> <span class='ocrx_word' id='word_1_568' title='bbox 1967 4062 2029 4111; x_wconf 84' lang='lat' dir='ltr'><strong>ut</strong></span> 
     </span>
    </p>
   </div>
   <div class='ocr_carea' id='block_1_74' title="bbox 441 4149 2028 4222">
    <p class='ocr_par' dir='ltr' id='par_1_74' title="bbox 441 4149 2028 4222">
     <span class='ocr_line' id='line_1_74' title="bbox 441 4149 2028 4222; baseline -0.003 -13"><span class='ocrx_word' id='word_1_569' title='bbox 441 4153 657 4209; x_wconf 65' lang='lat' dir='ltr'><strong>Christi</strong></span> <span class='ocrx_word' id='word_1_570' title='bbox 703 4154 845 4210; x_wconf 82' lang='lat' dir='ltr'><strong>bona</strong></span> <span class='ocrx_word' id='word_1_571' title='bbox 890 4151 1188 4222; x_wconf 82' lang='lat' dir='ltr'><strong>fragrantia</strong></span> <span class='ocrx_word' id='word_1_572' title='bbox 1218 4149 1376 4206; x_wconf 73' lang='lat' dir='ltr'><strong>sitis!</strong></span> <span class='ocrx_word' id='word_1_573' title='bbox 1410 4164 1777 4220; x_wconf 85' lang='lat' dir='ltr'><strong>nequaquam,</strong></span> <span class='ocrx_word' id='word_1_574' title='bbox 1810 4151 1906 4206; x_wconf 90' lang='lat' dir='ltr'><strong>sed</strong></span> <span class='ocrx_word' id='word_1_575' title='bbox 1939 4155 2028 4204; x_wconf 86' lang='lat' dir='ltr'><strong>to-</strong></span> 
     </span>
    </p>
   </div>
   <div class='ocr_carea' id='block_1_75' title="bbox 448 4238 2021 4315">
    <p class='ocr_par' dir='ltr' id='par_1_75' title="bbox 448 4238 2021 4315">
     <span class='ocr_line' id='line_1_75' title="bbox 448 4238 2021 4315; baseline -0.003 -18"><span class='ocrx_word' id='word_1_576' title='bbox 448 4259 565 4299; x_wconf 74' lang='lat' dir='ltr'><strong>tum</strong></span> <span class='ocrx_word' id='word_1_577' title='bbox 613 4244 803 4315; x_wconf 60' lang='lat' dir='ltr'><strong>gratiae</strong></span> <span class='ocrx_word' id='word_1_578' title='bbox 835 4253 941 4297; x_wconf 90' lang='lat' dir='ltr'><strong>est.</strong></span> <span class='ocrx_word' id='word_1_579' title='bbox 979 4259 997 4293; x_wconf 86' lang='grc' dir='ltr'><strong>ι</strong></span> <span class='ocrx_word' id='word_1_580' title='bbox 1041 4238 1161 4294; x_wconf 86' lang='lat' dir='ltr'><strong>Non</strong></span> <span class='ocrx_word' id='word_1_581' title='bbox 1199 4242 1344 4295; x_wconf 88' lang='lat' dir='ltr'><strong>enim</strong></span> <span class='ocrx_word' id='word_1_582' title='bbox 1385 4252 1575 4295; x_wconf 87' lang='lat' dir='ltr'><strong>sumus</strong></span> <span class='ocrx_word' id='word_1_583' title='bbox 1611 4248 1669 4295; x_wconf 87' lang='lat' dir='ltr'><strong>ut</strong></span> <span class='ocrx_word' id='word_1_584' title='bbox 1699 4240 1965 4311; x_wconf 88' lang='lat' dir='ltr'><strong>plerique.</strong></span> <span class='ocrx_word' id='word_1_585' title='bbox 2001 4258 2021 4293; x_wconf 76' lang='grc' dir='ltr'><strong>ι</strong></span> 
     </span>
    </p>
   </div>
   <div class='ocr_carea' id='block_1_76' title="bbox 443 4330 2027 4406">
    <p class='ocr_par' dir='ltr' id='par_1_76' title="bbox 443 4330 2027 4406">
     <span class='ocr_line' id='line_1_76' title="bbox 443 4330 2027 4406; baseline -0.001 -17"><span class='ocrx_word' id='word_1_586' title='bbox 443 4333 911 4406; x_wconf 81' lang='lat' dir='ltr'><strong>Pseudapostolos</strong></span> <span class='ocrx_word' id='word_1_587' title='bbox 951 4332 1039 4388; x_wconf 89' lang='lat' dir='ltr'><strong>hic</strong></span> <span class='ocrx_word' id='word_1_588' title='bbox 1072 4332 1342 4399; x_wconf 86' lang='lat' dir='ltr'><strong>insinuat,</strong></span> <span class='ocrx_word' id='word_1_589' title='bbox 1372 4333 1465 4402; x_wconf 89' lang='lat' dir='ltr'><strong>qui</strong></span> <span class='ocrx_word' id='word_1_590' title='bbox 1503 4330 1597 4386; x_wconf 89' lang='lat' dir='ltr'><strong>Dei</strong></span> <span class='ocrx_word' id='word_1_591' title='bbox 1628 4331 1858 4402; x_wconf 86' lang='lat' dir='ltr'><strong>gratiam</strong></span> <span class='ocrx_word' id='word_1_592' title='bbox 1898 4347 2027 4403; x_wconf 87' lang='lat' dir='ltr'><strong>pro-</strong></span> 
     </span>
    </p>
   </div>
   <div class='ocr_carea' id='block_1_77' title="bbox 443 4423 2025 4499">
    <p class='ocr_par' dir='ltr' id='par_1_77' title="bbox 443 4423 2025 4499">
     <span class='ocr_line' id='line_1_77' title="bbox 443 4423 2025 4499; baseline -0.003 -17"><span class='ocrx_word' id='word_1_593' title='bbox 443 4429 628 4499; x_wconf 88' lang='lat' dir='ltr'><strong>prium</strong></span> <span class='ocrx_word' id='word_1_594' title='bbox 664 4441 803 4496; x_wconf 91' lang='lat' dir='ltr'><strong>opus</strong></span> <span class='ocrx_word' id='word_1_595' title='bbox 832 4440 956 4481; x_wconf 89' lang='lat' dir='ltr'><strong>esse</strong></span> <span class='ocrx_word' id='word_1_596' title='bbox 990 4423 1266 4490; x_wconf 87' lang='lat' dir='ltr'><strong>dicebant,</strong></span> <span class='ocrx_word' id='word_1_597' title='bbox 1298 4430 1354 4478; x_wconf 90' lang='lat' dir='ltr'><strong>et</strong></span> <span class='ocrx_word' id='word_1_598' title='bbox 1388 4424 1463 4478; x_wconf 86' lang='lat' dir='ltr'><strong>ait</strong></span> <span class='ocrx_word' id='word_1_599' title='bbox 1503 4440 1518 4479; x_wconf 89' lang='lat'><strong>:</strong></span> <span class='ocrx_word' id='word_1_600' title='bbox 1556 4423 1853 4495; x_wconf 87' lang='lat' dir='ltr'><strong>Propterea</strong></span> <span class='ocrx_word' id='word_1_601' title='bbox 1886 4423 2025 4493; x_wconf 86' lang='lat' dir='ltr'><strong>dixi,</strong></span> 
     </span>
    </p>
   </div>
   <div class='ocr_carea' id='block_1_78' title="bbox 454 4515 2026 4588">
    <p class='ocr_par' dir='ltr' id='par_1_78' title="bbox 454 4515 2026 4588">
     <span class='ocr_line' id='line_1_78' title="bbox 454 4515 2026 4588; baseline 0 -16"><span class='ocrx_word' id='word_1_602' title='bbox 454 4538 474 4572; x_wconf 83' lang='grc' dir='ltr'><strong>ι</strong></span> <span class='ocrx_word' id='word_1_603' title='bbox 511 4518 648 4586; x_wconf 85' lang='lat' dir='ltr'><strong>Quis</strong></span> <span class='ocrx_word' id='word_1_604' title='bbox 683 4517 935 4583; x_wconf 89' lang='lat' dir='ltr'><strong>idoneus,</strong></span> <span class='ocrx_word' id='word_1_605' title='bbox 972 4535 991 4568; x_wconf 69' lang='grc' dir='ltr'><strong>ι</strong></span> <span class='ocrx_word' id='word_1_606' title='bbox 1019 4525 1074 4571; x_wconf 90' lang='lat' dir='ltr'><strong>et</strong></span> <span class='ocrx_word' id='word_1_607' title='bbox 1099 4516 1211 4572; x_wconf 92' lang='lat' dir='ltr'><strong>Deo</strong></span> <span class='ocrx_word' id='word_1_608' title='bbox 1236 4528 1353 4572; x_wconf 90' lang='lat' dir='ltr'><strong>rem</strong></span> <span class='ocrx_word' id='word_1_609' title='bbox 1380 4529 1597 4572; x_wconf 89' lang='lat' dir='ltr'><strong>omnem</strong></span> <span class='ocrx_word' id='word_1_610' title='bbox 1626 4515 1876 4585; x_wconf 87' lang='lat' dir='ltr'><strong>attribui,</strong></span> <span class='ocrx_word' id='word_1_611' title='bbox 1897 4516 2026 4588; x_wconf 91' lang='lat' dir='ltr'><strong>quia</strong></span> 
     </span>
    </p>
   </div>
   <div class='ocr_carea' id='block_1_79' title="bbox 440 4605 2025 4678">
    <p class='ocr_par' dir='ltr' id='par_1_79' title="bbox 440 4605 2025 4678">
     <span class='ocr_line' id='line_1_79' title="bbox 440 4605 2025 4678; baseline 0.003 -20"><span class='ocrx_word' id='word_1_612' title='bbox 440 4622 562 4662; x_wconf 82' lang='lat' dir='ltr'><strong>non</strong></span> <span class='ocrx_word' id='word_1_613' title='bbox 599 4618 719 4665; x_wconf 89' lang='lat' dir='ltr'><strong>sum</strong></span> <span class='ocrx_word' id='word_1_614' title='bbox 753 4608 899 4661; x_wconf 90' lang='lat' dir='ltr'><strong>sicut</strong></span> <span class='ocrx_word' id='word_1_615' title='bbox 930 4606 1133 4673; x_wconf 59' lang='lat' dir='ltr'><strong>caeteri,</strong></span> <span class='ocrx_word' id='word_1_616' title='bbox 1164 4620 1361 4676; x_wconf 91' lang='lat' dir='ltr'><strong>nempe</strong></span> <span class='ocrx_word' id='word_1_617' title='bbox 1391 4605 1800 4677; x_wconf 84' lang='lat' dir='ltr'><strong>pseudapostoli</strong></span> <span class='ocrx_word' id='word_1_618' title='bbox 1822 4620 2025 4678; x_wconf 86' lang='lat' dir='ltr'><strong>caupo-</strong></span> 
     </span>
    </p>
   </div>
   <div class='ocr_carea' id='block_1_80' title="bbox 2132 3419 3698 3499">
    <p class='ocr_par' dir='ltr' id='par_1_80' title="bbox 2132 3419 3698 3499">
     <span class='ocr_line' id='line_1_80' title="bbox 2132 3419 3698 3499; baseline -0.007 -19"><span class='ocrx_word' id='word_1_619' title='bbox 2132 3443 2338 3499; x_wconf 83' lang='grc' dir='ltr'><strong>γμασιν</strong></span> <span class='ocrx_word' id='word_1_620' title='bbox 2363 3444 2378 3459; x_wconf 78' lang='grc' dir='ltr'><strong>ο</strong></span> <span class='ocrx_word' id='word_1_621' title='bbox 2404 3428 2453 3479; x_wconf 89' lang='grc' dir='ltr'><strong>εἰ</strong></span> <span class='ocrx_word' id='word_1_622' title='bbox 2472 3425 2530 3480; x_wconf 71' lang='grc' dir='ltr'><strong>δὲ</strong></span> <span class='ocrx_word' id='word_1_623' title='bbox 2550 3425 2740 3495; x_wconf 79' lang='grc' dir='ltr'><strong>Δημᾶς</strong></span> <span class='ocrx_word' id='word_1_624' title='bbox 2763 3441 2846 3487; x_wconf 89' lang='grc' dir='ltr'><strong>τις</strong></span> <span class='ocrx_word' id='word_1_625' title='bbox 2873 3419 2942 3495; x_wconf 83' lang='grc' dir='ltr'><strong>ἦν</strong></span> <span class='ocrx_word' id='word_1_626' title='bbox 2959 3424 3005 3494; x_wconf 62' lang='lat' dir='ltr'><strong>ﬁt</strong></span> <span class='ocrx_word' id='word_1_627' title='bbox 3031 3421 3409 3491; x_wconf 75' lang='grc' dir='ltr'><strong>Ἀλέξανδρος,</strong></span> <span class='ocrx_word' id='word_1_628' title='bbox 3439 3420 3473 3492; x_wconf 83' lang='grc' dir='ltr'>ἢ</span> <span class='ocrx_word' id='word_1_629' title='bbox 3511 3421 3698 3489; x_wconf 80' lang='grc' dir='ltr'><strong>Ἕρμο-</strong></span> 
     </span>
    </p>
   </div>
   <div class='ocr_carea' id='block_1_81' title="bbox 2131 3512 3694 3590">
    <p class='ocr_par' dir='ltr' id='par_1_81' title="bbox 2131 3512 3694 3590">
     <span class='ocr_line' id='line_1_81' title="bbox 2131 3512 3694 3590; baseline -0.006 -18"><span class='ocrx_word' id='word_1_630' title='bbox 2131 3519 2317 3590; x_wconf 83' lang='grc' dir='ltr'><strong>γένης,</strong></span> <span class='ocrx_word' id='word_1_631' title='bbox 2379 3517 2439 3572; x_wconf 76' lang='grc' dir='ltr'><strong>οὐ</strong></span> <span class='ocrx_word' id='word_1_632' title='bbox 2502 3516 2761 3589; x_wconf 75' lang='grc' dir='ltr'><strong>φέροντες</strong></span> <span class='ocrx_word' id='word_1_633' title='bbox 2805 3515 2868 3569; x_wconf 75' lang='grc' dir='ltr'><strong>τὸ</strong></span> <span class='ocrx_word' id='word_1_634' title='bbox 2919 3515 3017 3585; x_wconf 85' lang='grc' dir='ltr'><strong>τῆς</strong></span> <span class='ocrx_word' id='word_1_635' title='bbox 3069 3513 3401 3584; x_wconf 75' lang='grc' dir='ltr'><strong>ἐγκρατείας</strong></span> <span class='ocrx_word' id='word_1_636' title='bbox 3435 3512 3694 3581; x_wconf 77' lang='grc' dir='ltr'><strong>θυμίαμα,</strong></span> 
     </span>
    </p>
   </div>
   <div class='ocr_carea' id='block_1_82' title="bbox 2130 3603 3698 3681">
    <p class='ocr_par' dir='ltr' id='par_1_82' title="bbox 2130 3603 3698 3681">
     <span class='ocr_line' id='line_1_82' title="bbox 2130 3603 3698 3681; baseline -0.008 -18"><span class='ocrx_word' id='word_1_637' title='bbox 2130 3609 2418 3681; x_wconf 79' lang='grc' dir='ltr'><strong>κανθάρων</strong></span> <span class='ocrx_word' id='word_1_638' title='bbox 2446 3608 2603 3679; x_wconf 86' lang='grc' dir='ltr'><strong>δίκην</strong></span> <span class='ocrx_word' id='word_1_639' title='bbox 2629 3608 2732 3661; x_wconf 80' lang='grc' dir='ltr'><strong>ὑπὸ</strong></span> <span class='ocrx_word' id='word_1_640' title='bbox 2754 3607 2854 3676; x_wconf 80' lang='grc' dir='ltr'><strong>τῆς</strong></span> <span class='ocrx_word' id='word_1_641' title='bbox 2877 3605 3100 3668; x_wconf 76' lang='grc' dir='ltr'><strong>εὐωδίας</strong></span> <span class='ocrx_word' id='word_1_642' title='bbox 3125 3604 3545 3674; x_wconf 74' lang='grc' dir='ltr'><strong>ἑφυγαδεύοντο.</strong></span> <span class='ocrx_word' id='word_1_643' title='bbox 3575 3603 3698 3655; x_wconf 65' lang='lat' dir='ltr'><strong>«list</strong></span> 
     </span>
    </p>
   </div>
   <div class='ocr_carea' id='block_1_83' title="bbox 2130 3693 3695 3772">
    <p class='ocr_par' dir='ltr' id='par_1_83' title="bbox 2130 3693 3695 3772">
     <span class='ocr_line' id='line_1_83' title="bbox 2130 3693 3695 3772; baseline -0.006 -18"><span class='ocrx_word' id='word_1_644' title='bbox 2130 3700 2267 3772; x_wconf 79' lang='grc' dir='ltr'><strong>πρὸς</strong></span> <span class='ocrx_word' id='word_1_645' title='bbox 2293 3698 2463 3753; x_wconf 77' lang='grc' dir='ltr'><strong>ταῦτα</strong></span> <span class='ocrx_word' id='word_1_646' title='bbox 2496 3698 2576 3762; x_wconf 84' lang='grc' dir='ltr'><strong>τίς</strong></span> <span class='ocrx_word' id='word_1_647' title='bbox 2625 3699 2813 3761; x_wconf 75' lang='grc' dir='ltr'><strong>ἱκανός</strong></span> <span class='ocrx_word' id='word_1_648' title='bbox 2842 3715 2857 3764; x_wconf 91' lang='grc'><strong>;</strong></span> <span class='ocrx_word' id='word_1_649' title='bbox 2888 3717 2906 3748; x_wconf 72' lang='grc' dir='ltr'><strong>ι</strong></span> <span class='ocrx_word' id='word_1_650' title='bbox 2951 3693 3098 3768; x_wconf 66' lang='grc' dir='ltr'><strong>*Αρα</strong></span> <span class='ocrx_word' id='word_1_651' title='bbox 3124 3698 3261 3766; x_wconf 67' lang='grc' dir='ltr'><strong>πρὶς</strong></span> <span class='ocrx_word' id='word_1_652' title='bbox 3310 3695 3413 3766; x_wconf 73' lang='grc' dir='ltr'><strong>τὴν</strong></span> <span class='ocrx_word' id='word_1_653' title='bbox 3445 3695 3695 3764; x_wconf 70' lang='grc' dir='ltr'><strong>τοσαύτην</strong></span> 
     </span>
    </p>
   </div>
   <div class='ocr_carea' id='block_1_84' title="bbox 2128 3784 3695 3865">
    <p class='ocr_par' dir='ltr' id='par_1_84' title="bbox 2128 3784 3695 3865">
     <span class='ocr_line' id='line_1_84' title="bbox 2128 3784 3695 3865; baseline -0.006 -18"><span class='ocrx_word' id='word_1_654' title='bbox 2128 3793 2290 3865; x_wconf 82' lang='grc' dir='ltr'><strong>χάριν</strong></span> <span class='ocrx_word' id='word_1_655' title='bbox 2317 3792 2527 3845; x_wconf 82' lang='grc' dir='ltr'><strong>δοκεῖτε</strong></span> <span class='ocrx_word' id='word_1_656' title='bbox 2573 3792 2722 3861; x_wconf 80' lang='grc' dir='ltr'><strong>ἡμᾶς</strong></span> <span class='ocrx_word' id='word_1_657' title='bbox 2751 3790 2969 3852; x_wconf 77' lang='grc' dir='ltr'><strong>ἱκανοὺς</strong></span> <span class='ocrx_word' id='word_1_658' title='bbox 3015 3785 3154 3841; x_wconf 74' lang='grc' dir='ltr'><strong>εῖναι</strong></span> <span class='ocrx_word' id='word_1_659' title='bbox 3190 3787 3263 3850; x_wconf 81' lang='grc' dir='ltr'><strong>ὡς</strong></span> <span class='ocrx_word' id='word_1_660' title='bbox 3308 3784 3453 3839; x_wconf 76' lang='grc' dir='ltr'><strong>εἶναι</strong></span> <span class='ocrx_word' id='word_1_661' title='bbox 3485 3788 3695 3839; x_wconf 55' lang='lat' dir='ltr'><strong>same-Ias</strong></span> 
     </span>
    </p>
   </div>
   <div class='ocr_carea' id='block_1_85' title="bbox 2128 3880 3686 3955">
    <p class='ocr_par' dir='ltr' id='par_1_85' title="bbox 2128 3880 3686 3955">
     <span class='ocr_line' id='line_1_85' title="bbox 2128 3880 3686 3955; baseline -0.005 -17"><span class='ocrx_word' id='word_1_662' title='bbox 2128 3883 2401 3955; x_wconf 85' lang='grc' dir='ltr'><strong>Χριστοῦ;</strong></span> <span class='ocrx_word' id='word_1_663' title='bbox 2452 3902 2471 3935; x_wconf 90' lang='grc' dir='ltr'><strong>ι</strong></span> <span class='ocrx_word' id='word_1_664' title='bbox 2500 3880 2799 3953; x_wconf 79' lang='grc' dir='ltr'><strong>Οὖμενοῦν,</strong></span> <span class='ocrx_word' id='word_1_665' title='bbox 2839 3881 2975 3936; x_wconf 76' lang='grc' dir='ltr'><strong>ἀλλὰ</strong></span> <span class='ocrx_word' id='word_1_666' title='bbox 3003 3880 3063 3934; x_wconf 84' lang='grc' dir='ltr'><strong>τδ</strong></span> <span class='ocrx_word' id='word_1_667' title='bbox 3121 3880 3240 3934; x_wconf 84' lang='grc' dir='ltr'><strong>ὅλον</strong></span> <span class='ocrx_word' id='word_1_668' title='bbox 3273 3880 3373 3950; x_wconf 81' lang='grc' dir='ltr'><strong>τῆς</strong></span> <span class='ocrx_word' id='word_1_669' title='bbox 3405 3881 3642 3950; x_wconf 54' lang='grc' dir='ltr'><strong>χάριτκ.</strong></span> <span class='ocrx_word' id='word_1_670' title='bbox 3670 3895 3686 3923; x_wconf 78' lang='grc' dir='ltr'><strong><em>ο</em></strong></span> 
     </span>
    </p>
   </div>
   <div class='ocr_carea' id='block_1_86' title="bbox 2129 3962 3689 4046">
    <p class='ocr_par' dir='ltr' id='par_1_86' title="bbox 2129 3962 3689 4046">
     <span class='ocr_line' id='line_1_86' title="bbox 2129 3962 3689 4046; baseline -0.004 -18"><span class='ocrx_word' id='word_1_671' title='bbox 2129 3976 2268 4038; x_wconf 81' lang='grc' dir='ltr'><strong>Τοὺς</strong></span> <span class='ocrx_word' id='word_1_672' title='bbox 2291 3973 2756 4046; x_wconf 77' lang='grc' dir='ltr'><strong>ψευδαποστόλους</strong></span> <span class='ocrx_word' id='word_1_673' title='bbox 2784 3970 3019 4026; x_wconf 76' lang='grc' dir='ltr'><strong>ἐνταῦθα</strong></span> <span class='ocrx_word' id='word_1_674' title='bbox 3055 3971 3372 4035; x_wconf 83' lang='grc' dir='ltr'><strong>αίνίττεται,</strong></span> <span class='ocrx_word' id='word_1_675' title='bbox 3411 3972 3458 4022; x_wconf 87' lang='grc' dir='ltr'><strong>οί</strong></span> <span class='ocrx_word' id='word_1_676' title='bbox 3492 3969 3586 4036; x_wconf 66' lang='grc' dir='ltr'><strong>τὴν</strong></span> <span class='ocrx_word' id='word_1_677' title='bbox 3608 3962 3689 4015; x_wconf 69' lang='lat'><strong>1.5</strong></span> 
     </span>
    </p>
   </div>
   <div class='ocr_carea' id='block_1_87' title="bbox 2133 4058 3686 4138">
    <p class='ocr_par' dir='ltr' id='par_1_87' title="bbox 2133 4058 3686 4138">
     <span class='ocr_line' id='line_1_87' title="bbox 2133 4058 3686 4138; baseline -0.009 -18"><span class='ocrx_word' id='word_1_678' title='bbox 2133 4066 2268 4120; x_wconf 88' lang='grc' dir='ltr'><strong>Θεοῦ</strong></span> <span class='ocrx_word' id='word_1_679' title='bbox 2319 4067 2481 4138; x_wconf 80' lang='grc' dir='ltr'><strong>χάριν</strong></span> <span class='ocrx_word' id='word_1_680' title='bbox 2518 4066 2716 4119; x_wconf 76' lang='grc' dir='ltr'><strong>οἰκεῖον</strong></span> <span class='ocrx_word' id='word_1_681' title='bbox 2750 4064 2987 4134; x_wconf 79' lang='grc' dir='ltr'><strong>ἔφασκον</strong></span> <span class='ocrx_word' id='word_1_682' title='bbox 3018 4062 3376 4133; x_wconf 87' lang='grc' dir='ltr'><strong>κατόρθωμα,</strong></span> <span class='ocrx_word' id='word_1_683' title='bbox 3405 4058 3499 4112; x_wconf 81' lang='grc' dir='ltr'><strong>καί</strong></span> <span class='ocrx_word' id='word_1_684' title='bbox 3552 4072 3686 4125; x_wconf 53' lang='lat' dir='ltr'><strong>mar</strong></span> 
     </span>
    </p>
   </div>
   <div class='ocr_carea' id='block_1_88' title="bbox 2126 4144 3688 4226">
    <p class='ocr_par' dir='ltr' id='par_1_88' title="bbox 2126 4144 3688 4226">
     <span class='ocr_line' id='line_1_88' title="bbox 2126 4144 3688 4226; baseline -0.008 -13"><span class='ocrx_word' id='word_1_685' title='bbox 2126 4158 2227 4213; x_wconf 82' lang='grc' dir='ltr'><strong>Διὰ</strong></span> <span class='ocrx_word' id='word_1_686' title='bbox 2250 4159 2408 4213; x_wconf 90' lang='grc' dir='ltr'><strong>τοῦτο</strong></span> <span class='ocrx_word' id='word_1_687' title='bbox 2436 4154 2609 4223; x_wconf 77' lang='grc' dir='ltr'><strong>εἶπον,</strong></span> <span class='ocrx_word' id='word_1_688' title='bbox 2639 4175 2659 4210; x_wconf 79' lang='grc' dir='ltr'><strong>ι</strong></span> <span class='ocrx_word' id='word_1_689' title='bbox 2694 4144 2790 4220; x_wconf 87' lang='grc' dir='ltr'><strong>Τίς</strong></span> <span class='ocrx_word' id='word_1_690' title='bbox 2816 4156 3031 4221; x_wconf 85' lang='grc' dir='ltr'><strong>ἱκανός;</strong></span> <span class='ocrx_word' id='word_1_691' title='bbox 3066 4174 3085 4207; x_wconf 76' lang='grc' dir='ltr'><strong>ι</strong></span> <span class='ocrx_word' id='word_1_692' title='bbox 3114 4156 3206 4208; x_wconf 80' lang='grc' dir='ltr'><strong>καὶ</strong></span> <span class='ocrx_word' id='word_1_693' title='bbox 3237 4153 3316 4226; x_wconf 78' lang='grc' dir='ltr'><strong>τῷ</strong></span> <span class='ocrx_word' id='word_1_694' title='bbox 3353 4150 3479 4221; x_wconf 83' lang='grc' dir='ltr'><strong>Θεῷ</strong></span> <span class='ocrx_word' id='word_1_695' title='bbox 3514 4152 3575 4204; x_wconf 73' lang='grc' dir='ltr'><strong>τὸ</strong></span> <span class='ocrx_word' id='word_1_696' title='bbox 3596 4149 3688 4201; x_wconf 75' lang='grc' dir='ltr'><strong>πᾶν</strong></span> 
     </span>
    </p>
   </div>
   <div class='ocr_carea' id='block_1_89' title="bbox 2128 4242 3685 4320">
    <p class='ocr_par' dir='ltr' id='par_1_89' title="bbox 2128 4242 3685 4320">
     <span class='ocr_line' id='line_1_89' title="bbox 2128 4242 3685 4320; baseline -0.008 -14"><span class='ocrx_word' id='word_1_697' title='bbox 2128 4251 2450 4307; x_wconf 78' lang='grc' dir='ltr'><strong>ἀνατέθεικα</strong></span> <span class='ocrx_word' id='word_1_698' title='bbox 2468 4291 2484 4317; x_wconf 89' lang='grc'><strong>,</strong></span> <span class='ocrx_word' id='word_1_699' title='bbox 2511 4250 2594 4303; x_wconf 82' lang='grc' dir='ltr'><strong>ὅτι</strong></span> <span class='ocrx_word' id='word_1_700' title='bbox 2616 4249 2718 4303; x_wconf 81' lang='grc' dir='ltr'><strong>οὐκ</strong></span> <span class='ocrx_word' id='word_1_701' title='bbox 2737 4250 2849 4320; x_wconf 73' lang='grc' dir='ltr'><strong>είμὶ</strong></span> <span class='ocrx_word' id='word_1_702' title='bbox 2869 4247 2945 4313; x_wconf 87' lang='grc' dir='ltr'><strong>ὡς</strong></span> <span class='ocrx_word' id='word_1_703' title='bbox 2972 4250 3020 4302; x_wconf 76' lang='lat' dir='ltr'><strong>oi</strong></span> <span class='ocrx_word' id='word_1_704' title='bbox 3062 4247 3259 4311; x_wconf 75' lang='grc' dir='ltr'><strong>λοιποὶ,</strong></span> <span class='ocrx_word' id='word_1_705' title='bbox 3296 4246 3605 4306; x_wconf 74' lang='grc' dir='ltr'><strong>τουτέστιν,</strong></span> <span class='ocrx_word' id='word_1_706' title='bbox 3643 4242 3685 4293; x_wconf 74' lang='lat' dir='ltr'><strong>0i</strong></span> 
     </span>
    </p>
   </div>
   <div class='ocr_carea' id='block_1_90' title="bbox 2125 4332 3688 4411">
    <p class='ocr_par' dir='ltr' id='par_1_90' title="bbox 2125 4332 3688 4411">
     <span class='ocr_line' id='line_1_90' title="bbox 2125 4332 3688 4411; baseline -0.008 -15"><span class='ocrx_word' id='word_1_707' title='bbox 2125 4339 2572 4411; x_wconf 74' lang='grc' dir='ltr'><strong>ψευδαπόστολοι,</strong></span> <span class='ocrx_word' id='word_1_708' title='bbox 2611 4337 2941 4409; x_wconf 86' lang='grc' dir='ltr'><strong>καπηλεύων</strong></span> <span class='ocrx_word' id='word_1_709' title='bbox 2978 4337 3072 4392; x_wconf 72' lang='grc' dir='ltr'><strong>καὶ</strong></span> <span class='ocrx_word' id='word_1_710' title='bbox 3109 4334 3346 4391; x_wconf 86' lang='grc' dir='ltr'><strong>νοθεὺων</strong></span> <span class='ocrx_word' id='word_1_711' title='bbox 3372 4335 3475 4403; x_wconf 72' lang='grc' dir='ltr'><strong>τὴν</strong></span> <span class='ocrx_word' id='word_1_712' title='bbox 3496 4332 3688 4403; x_wconf 75' lang='grc' dir='ltr'><strong>δωρεὰν</strong></span> 
     </span>
    </p>
   </div>
   <div class='ocr_carea' id='block_1_91' title="bbox 2127 4426 3686 4503">
    <p class='ocr_par' dir='ltr' id='par_1_91' title="bbox 2127 4426 3686 4503">
     <span class='ocr_line' id='line_1_91' title="bbox 2127 4426 3686 4503; baseline -0.008 -15"><span class='ocrx_word' id='word_1_713' title='bbox 2127 4431 2221 4488; x_wconf 86' lang='grc' dir='ltr'><strong>τοῦ</strong></span> <span class='ocrx_word' id='word_1_714' title='bbox 2263 4430 2422 4486; x_wconf 82' lang='grc' dir='ltr'><strong>Θεοῦ.</strong></span> <span class='ocrx_word' id='word_1_715' title='bbox 2447 4431 2616 4487; x_wconf 87' lang='grc' dir='ltr'><strong>Ὅταν</strong></span> <span class='ocrx_word' id='word_1_716' title='bbox 2651 4434 2761 4503; x_wconf 80' lang='grc' dir='ltr'><strong>γὰρ</strong></span> <span class='ocrx_word' id='word_1_717' title='bbox 2783 4431 2811 4482; x_wconf 80' lang='grc' dir='ltr'><strong><em>ὸ</em></strong></span> <span class='ocrx_word' id='word_1_718' title='bbox 2832 4429 2963 4495; x_wconf 75' lang='grc' dir='ltr'><strong>Θεὸς</strong></span> <span class='ocrx_word' id='word_1_719' title='bbox 2986 4429 3064 4483; x_wconf 83' lang='grc' dir='ltr'><strong>δῶ</strong></span> <span class='ocrx_word' id='word_1_720' title='bbox 3094 4429 3331 4497; x_wconf 79' lang='grc' dir='ltr'><strong>δωρεάν,</strong></span> <span class='ocrx_word' id='word_1_721' title='bbox 3363 4426 3518 4495; x_wconf 81' lang='grc' dir='ltr'><strong>λέγει</strong></span> <span class='ocrx_word' id='word_1_722' title='bbox 3544 4426 3597 4477; x_wconf 78' lang='grc' dir='ltr'><strong>δέ</strong></span> <span class='ocrx_word' id='word_1_723' title='bbox 3617 4440 3686 4485; x_wconf 83' lang='grc' dir='ltr'><strong>τις</strong></span> 
     </span>
    </p>
   </div>
   <div class='ocr_carea' id='block_1_92' title="bbox 2128 4515 3683 4593">
    <p class='ocr_par' dir='ltr' id='par_1_92' title="bbox 2128 4515 3683 4593">
     <span class='ocr_line' id='line_1_92' title="bbox 2128 4515 3683 4593; baseline -0.006 -15"><span class='ocrx_word' id='word_1_724' title='bbox 2128 4524 2238 4579; x_wconf 80' lang='grc' dir='ltr'><strong>ἀπὸ</strong></span> <span class='ocrx_word' id='word_1_725' title='bbox 2294 4523 2515 4577; x_wconf 76' lang='grc' dir='ltr'><strong>οἰκείων</strong></span> <span class='ocrx_word' id='word_1_726' title='bbox 2549 4522 2728 4577; x_wconf 91' lang='grc' dir='ltr'><strong>πόνων</strong></span> <span class='ocrx_word' id='word_1_727' title='bbox 2767 4520 2937 4593; x_wconf 82' lang='grc' dir='ltr'><strong>αὐτὴν</strong></span> <span class='ocrx_word' id='word_1_728' title='bbox 2991 4518 3315 4591; x_wconf 79' lang='grc' dir='ltr'><strong>κεκτῆσθαι,</strong></span> <span class='ocrx_word' id='word_1_729' title='bbox 3364 4515 3683 4583; x_wconf 75' lang='grc' dir='ltr'><strong>νοθεύειτὴν</strong></span> 
     </span>
    </p>
   </div>
   <div class='ocr_carea' id='block_1_93' title="bbox 2127 4606 3684 4685">
    <p class='ocr_par' dir='ltr' id='par_1_93' title="bbox 2127 4606 3684 4685">
     <span class='ocr_line' id='line_1_93' title="bbox 2127 4606 3684 4685; baseline -0.006 -16"><span class='ocrx_word' id='word_1_730' title='bbox 2127 4614 2290 4685; x_wconf 82' lang='grc' dir='ltr'><strong>χάριν</strong></span> <span class='ocrx_word' id='word_1_731' title='bbox 2319 4613 2411 4668; x_wconf 89' lang='grc' dir='ltr'><strong>τοῦ</strong></span> <span class='ocrx_word' id='word_1_732' title='bbox 2451 4613 2611 4669; x_wconf 87' lang='grc' dir='ltr'><strong>Θεοῦ.</strong></span> <span class='ocrx_word' id='word_1_733' title='bbox 2668 4613 2741 4667; x_wconf 86' lang='grc' dir='ltr'><strong><em>Ἦ</em></strong></span> <span class='ocrx_word' id='word_1_734' title='bbox 2768 4612 2927 4667; x_wconf 86' lang='grc' dir='ltr'><strong>τοῦτό</strong></span> <span class='ocrx_word' id='word_1_735' title='bbox 2959 4625 3123 4683; x_wconf 77' lang='grc' dir='ltr'><strong>φησιο</strong></span> <span class='ocrx_word' id='word_1_736' title='bbox 3150 4608 3252 4663; x_wconf 80' lang='grc' dir='ltr'><strong>Διά</strong></span> <span class='ocrx_word' id='word_1_737' title='bbox 3274 4607 3435 4662; x_wconf 90' lang='grc' dir='ltr'><strong>τοῦτο</strong></span> <span class='ocrx_word' id='word_1_738' title='bbox 3462 4610 3572 4670; x_wconf 75' lang='grc' dir='ltr'><strong>τοῖς</strong></span> <span class='ocrx_word' id='word_1_739' title='bbox 3600 4606 3684 4675; x_wconf 75' lang='grc' dir='ltr'><strong>μὲν</strong></span> 
     </span>
    </p>
   </div>
   <div class='ocr_carea' id='block_1_94' title="bbox 440 4677 2028 4774">
    <p class='ocr_par' dir='ltr' id='par_1_94' title="bbox 440 4677 2023 4755">
     <span class='ocr_line' id='line_1_94' title="bbox 440 4677 2023 4755; baseline 0.001 -2"><span class='ocrx_word' id='word_1_740' title='bbox 440 4712 588 4755; x_wconf 77' lang='lat' dir='ltr'><strong>uane</strong></span> <span class='ocrx_word' id='word_1_741' title='bbox 610 4706 664 4754; x_wconf 92' lang='lat' dir='ltr'><strong>et</strong></span> <span class='ocrx_word' id='word_1_742' title='bbox 686 4698 925 4753; x_wconf 88' lang='lat' dir='ltr'><strong>alienum</strong></span> <span class='ocrx_word' id='word_1_743' title='bbox 952 4694 1160 4753; x_wconf 87' lang='lat' dir='ltr'><strong>faciens</strong></span> <span class='ocrx_word' id='word_1_744' title='bbox 1186 4694 1388 4751; x_wconf 90' lang='lat' dir='ltr'><strong>donum</strong></span> <span class='ocrx_word' id='word_1_745' title='bbox 1418 4698 1533 4753; x_wconf 90' lang='lat' dir='ltr'><strong>Dei.</strong></span> <span class='ocrx_word' id='word_1_746' title='bbox 1557 4697 1694 4753; x_wconf 87' lang='lat' dir='ltr'><strong>Cum</strong></span> <span class='ocrx_word' id='word_1_747' title='bbox 1715 4694 1860 4754; x_wconf 85' lang='lat' dir='ltr'><strong>enim</strong></span> <span class='ocrx_word' id='word_1_748' title='bbox 1881 4677 2023 4754; x_wconf 85' lang='lat' dir='ltr'><strong>Deus</strong></span> 
     </span>
    </p>
   </div>
   <div class='ocr_carea' id='block_1_95' title="bbox 2132 4677 3685 4774">
    <p class='ocr_par' dir='ltr' id='par_1_95' title="bbox 2132 4677 3685 4774">
     <span class='ocr_line' id='line_1_95' title="bbox 2132 4677 3685 4774; baseline -0.008 -15"><span class='ocrx_word' id='word_1_749' title='bbox 2132 4677 2520 4774; x_wconf 70' lang='grc' dir='ltr'><strong>ἀπολλυμένοις</strong></span> <span class='ocrx_word' id='word_1_750' title='bbox 2545 4701 2690 4773; x_wconf 79' lang='grc' dir='ltr'><strong>ὀσμή</strong></span> <span class='ocrx_word' id='word_1_751' title='bbox 2710 4703 2831 4755; x_wconf 70' lang='grc' dir='ltr'><strong>ἐστι</strong></span> <span class='ocrx_word' id='word_1_752' title='bbox 2871 4677 3126 4767; x_wconf 77' lang='grc' dir='ltr'><strong>θανάτου,</strong></span> <span class='ocrx_word' id='word_1_753' title='bbox 3151 4698 3265 4762; x_wconf 79' lang='grc' dir='ltr'><strong>τοῖς</strong></span> <span class='ocrx_word' id='word_1_754' title='bbox 3295 4697 3352 4751; x_wconf 82' lang='grc' dir='ltr'><strong>δὲ</strong></span> <span class='ocrx_word' id='word_1_755' title='bbox 3374 4695 3685 4766; x_wconf 75' lang='grc' dir='ltr'><strong>σωζομένοις</strong></span> 
     </span>
    </p>
   </div>
   <div class='ocr_carea' id='block_1_96' title="bbox 420 4786 2024 4858">
    <p class='ocr_par' dir='ltr' id='par_1_96' title="bbox 420 4786 2024 4858">
     <span class='ocr_line' id='line_1_96' title="bbox 420 4786 2024 4858; baseline -0.001 -14"><span class='ocrx_word' id='word_1_756' title='bbox 420 4791 650 4844; x_wconf 77' lang='grc' dir='ltr'><strong>ἰΙ-οοιιῐη</strong></span> <span class='ocrx_word' id='word_1_757' title='bbox 680 4786 918 4854; x_wconf 83' lang='lat' dir='ltr'><strong>dederit,</strong></span> <span class='ocrx_word' id='word_1_758' title='bbox 955 4787 1087 4842; x_wconf 89' lang='lat' dir='ltr'><strong>dicit</strong></span> <span class='ocrx_word' id='word_1_759' title='bbox 1112 4794 1303 4842; x_wconf 85' lang='lat' dir='ltr'><strong>autem</strong></span> <span class='ocrx_word' id='word_1_760' title='bbox 1335 4786 1609 4857; x_wconf 87' lang='lat' dir='ltr'><strong>quispiam</strong></span> <span class='ocrx_word' id='word_1_761' title='bbox 1641 4787 1786 4858; x_wconf 84' lang='lat' dir='ltr'><strong>quod</strong></span> <span class='ocrx_word' id='word_1_762' title='bbox 1819 4788 1937 4844; x_wconf 86' lang='lat' dir='ltr'><strong>suis</strong></span> <span class='ocrx_word' id='word_1_763' title='bbox 1968 4788 2024 4843; x_wconf 87' lang='lat' dir='ltr'><strong>id</strong></span> 
     </span>
    </p>
   </div>
   <div class='ocr_carea' id='block_1_97' title="bbox 445 4878 2022 4951">
    <p class='ocr_par' dir='ltr' id='par_1_97' title="bbox 445 4878 2022 4951">
     <span class='ocr_line' id='line_1_97' title="bbox 445 4878 2022 4951; baseline 0.001 -16"><span class='ocrx_word' id='word_1_764' title='bbox 445 4881 727 4938; x_wconf 79' lang='lat' dir='ltr'><strong>laboribus</strong></span> <span class='ocrx_word' id='word_1_765' title='bbox 771 4889 969 4937; x_wconf 85' lang='lat' dir='ltr'><strong>nactus</strong></span> <span class='ocrx_word' id='word_1_766' title='bbox 1012 4881 1104 4948; x_wconf 89' lang='lat' dir='ltr'><strong>sit,</strong></span> <span class='ocrx_word' id='word_1_767' title='bbox 1161 4878 1394 4951; x_wconf 88' lang='lat' dir='ltr'><strong>gratiam</strong></span> <span class='ocrx_word' id='word_1_768' title='bbox 1438 4878 1532 4935; x_wconf 90' lang='lat' dir='ltr'><strong>Dei</strong></span> <span class='ocrx_word' id='word_1_769' title='bbox 1579 4879 1712 4936; x_wconf 86' lang='lat' dir='ltr'><strong>facit</strong></span> <span class='ocrx_word' id='word_1_770' title='bbox 1761 4880 2022 4937; x_wconf 87' lang='lat' dir='ltr'><strong>alienam.</strong></span> 
     </span>
    </p>
   </div>
   <div class='ocr_carea' id='block_1_98' title="bbox 432 4971 2027 5046">
    <p class='ocr_par' dir='ltr' id='par_1_98' title="bbox 432 4971 2027 5046">
     <span class='ocr_line' id='line_1_98' title="bbox 432 4971 2027 5046; baseline 0.001 -18"><span class='ocrx_word' id='word_1_771' title='bbox 432 4976 555 5028; x_wconf 66' lang='lat' dir='ltr'><strong>‘Aut</strong></span> <span class='ocrx_word' id='word_1_772' title='bbox 581 4972 686 5029; x_wconf 86' lang='lat' dir='ltr'><strong>hoc</strong></span> <span class='ocrx_word' id='word_1_773' title='bbox 706 4973 840 5029; x_wconf 86' lang='lat' dir='ltr'><strong>dicit</strong></span> <span class='ocrx_word' id='word_1_774' title='bbox 866 4990 881 5028; x_wconf 91' lang='lat'><strong>:</strong></span> <span class='ocrx_word' id='word_1_775' title='bbox 904 4971 1204 5044; x_wconf 79' lang='lat' dir='ltr'><strong>Pr0pterea</strong></span> <span class='ocrx_word' id='word_1_776' title='bbox 1228 4974 1314 5029; x_wconf 90' lang='lat' dir='ltr'><strong>his</strong></span> <span class='ocrx_word' id='word_1_777' title='bbox 1341 4973 1434 5044; x_wconf 88' lang='lat' dir='ltr'><strong>qui</strong></span> <span class='ocrx_word' id='word_1_778' title='bbox 1456 4981 1689 5046; x_wconf 86' lang='lat' dir='ltr'><strong>pereunt</strong></span> <span class='ocrx_word' id='word_1_779' title='bbox 1712 4973 1851 5029; x_wconf 86' lang='lat' dir='ltr'><strong>odor</strong></span> <span class='ocrx_word' id='word_1_780' title='bbox 1877 4987 2027 5029; x_wconf 79' lang='lat' dir='ltr'><strong>mor-</strong></span> 
     </span>
    </p>
   </div>
   <div class='ocr_carea' id='block_1_99' title="bbox 423 5060 2018 5137">
    <p class='ocr_par' dir='ltr' id='par_1_99' title="bbox 423 5060 2018 5137">
     <span class='ocr_line' id='line_1_99' title="bbox 423 5060 2018 5137; baseline 0.001 -19"><span class='ocrx_word' id='word_1_781' title='bbox 423 5061 518 5119; x_wconf 44' lang='lat' dir='ltr'><strong>‘tis</strong></span> <span class='ocrx_word' id='word_1_782' title='bbox 551 5074 655 5129; x_wconf 89' lang='lat' dir='ltr'><strong>est,</strong></span> <span class='ocrx_word' id='word_1_783' title='bbox 692 5060 856 5137; x_wconf 70' lang='lat'><strong>615</strong></span> <span class='ocrx_word' id='word_1_784' title='bbox 896 5064 982 5120; x_wconf 86' lang='lat' dir='ltr'><strong>his</strong></span> <span class='ocrx_word' id='word_1_785' title='bbox 1024 5073 1207 5120; x_wconf 86' lang='lat' dir='ltr'><strong>autem</strong></span> <span class='ocrx_word' id='word_1_786' title='bbox 1239 5066 1334 5136; x_wconf 88' lang='lat' dir='ltr'><strong>qui</strong></span> <span class='ocrx_word' id='word_1_787' title='bbox 1365 5065 1503 5121; x_wconf 78' lang='lat' dir='ltr'><strong>salvi</strong></span> <span class='ocrx_word' id='word_1_788' title='bbox 1544 5063 1678 5120; x_wconf 85' lang='lat' dir='ltr'><strong>ﬁunt</strong></span> <span class='ocrx_word' id='word_1_789' title='bbox 1706 5065 1845 5121; x_wconf 82' lang='lat' dir='ltr'><strong>odor</strong></span> <span class='ocrx_word' id='word_1_790' title='bbox 1872 5065 2018 5131; x_wconf 77' lang='lat' dir='ltr'><strong>vitae,</strong></span> 
     </span>
    </p>
   </div>
   <div class='ocr_carea' id='block_1_100' title="bbox 444 5156 2017 5229">
    <p class='ocr_par' dir='ltr' id='par_1_100' title="bbox 444 5156 2017 5229">
     <span class='ocr_line' id='line_1_100' title="bbox 444 5156 2017 5229; baseline 0 -17"><span class='ocrx_word' id='word_1_791' title='bbox 444 5160 709 5229; x_wconf 87' lang='lat' dir='ltr'><strong>quoniam</strong></span> <span class='ocrx_word' id='word_1_792' title='bbox 756 5171 867 5211; x_wconf 89' lang='lat' dir='ltr'><strong>non</strong></span> <span class='ocrx_word' id='word_1_793' title='bbox 903 5172 1278 5229; x_wconf 86' lang='lat' dir='ltr'><strong>cauponamur</strong></span> <span class='ocrx_word' id='word_1_794' title='bbox 1315 5160 1564 5229; x_wconf 85' lang='lat' dir='ltr'><strong>verbum,</strong></span> <span class='ocrx_word' id='word_1_795' title='bbox 1588 5158 1754 5214; x_wconf 89' lang='lat' dir='ltr'><strong>veluti</strong></span> <span class='ocrx_word' id='word_1_796' title='bbox 1795 5156 2017 5228; x_wconf 89' lang='lat' dir='ltr'><strong>quidam</strong></span> 
     </span>
    </p>
   </div>
   <div class='ocr_carea' id='block_1_101' title="bbox 442 5243 2019 5321">
    <p class='ocr_par' dir='ltr' id='par_1_101' title="bbox 442 5243 2019 5321">
     <span class='ocr_line' id='line_1_101' title="bbox 442 5243 2019 5321; baseline 0.001 -16"><span class='ocrx_word' id='word_1_797' title='bbox 442 5251 541 5321; x_wconf 89' lang='lat' dir='ltr'><strong>qui</strong></span> <span class='ocrx_word' id='word_1_798' title='bbox 616 5243 749 5305; x_wconf 87' lang='lat' dir='ltr'><strong>illud</strong></span> <span class='ocrx_word' id='word_1_799' title='bbox 796 5257 1138 5304; x_wconf 88' lang='lat' dir='ltr'><strong>commutant</strong></span> <span class='ocrx_word' id='word_1_800' title='bbox 1196 5250 1497 5306; x_wconf 80' lang='lat' dir='ltr'><strong>secundum</strong></span> <span class='ocrx_word' id='word_1_801' title='bbox 1568 5251 1893 5308; x_wconf 88' lang='lat' dir='ltr'><strong>occasiones</strong></span> <span class='ocrx_word' id='word_1_802' title='bbox 1963 5259 2019 5307; x_wconf 88' lang='lat' dir='ltr'><strong>et</strong></span> 
     </span>
    </p>
   </div>
   <div class='ocr_carea' id='block_1_102' title="bbox 448 5339 2019 5415">
    <p class='ocr_par' dir='ltr' id='par_1_102' title="bbox 448 5339 2019 5415">
     <span class='ocr_line' id='line_1_102' title="bbox 448 5339 2019 5415; baseline -0.001 -15"><span class='ocrx_word' id='word_1_803' title='bbox 448 5357 712 5415; x_wconf 85' lang='lat' dir='ltr'><strong>personas</strong></span> <span class='ocrx_word' id='word_1_804' title='bbox 762 5341 939 5412; x_wconf 87' lang='lat' dir='ltr'><strong>turpis</strong></span> <span class='ocrx_word' id='word_1_805' title='bbox 981 5339 1119 5396; x_wconf 90' lang='lat' dir='ltr'><strong>lucri</strong></span> <span class='ocrx_word' id='word_1_806' title='bbox 1161 5341 1380 5412; x_wconf 89' lang='lat' dir='ltr'><strong>gratia:</strong></span> <span class='ocrx_word' id='word_1_807' title='bbox 1413 5341 1507 5399; x_wconf 88' lang='lat' dir='ltr'><strong>sed</strong></span> <span class='ocrx_word' id='word_1_808' title='bbox 1555 5342 1845 5399; x_wconf 85' lang='lat' dir='ltr'><strong>veritatem</strong></span> <span class='ocrx_word' id='word_1_809' title='bbox 1881 5358 2019 5414; x_wconf 73' lang='lat' dir='ltr'><strong>pra:-</strong></span> 
     </span>
    </p>
   </div>
   <div class='ocr_carea' id='block_1_103' title="bbox 445 5435 2019 5513">
    <p class='ocr_par' dir='ltr' id='par_1_103' title="bbox 445 5435 2019 5513">
     <span class='ocr_line' id='line_1_103' title="bbox 445 5435 2019 5513; baseline -0.003 -15"><span class='ocrx_word' id='word_1_810' title='bbox 445 5440 719 5502; x_wconf 86' lang='lat' dir='ltr'><strong>dicamus,</strong></span> <span class='ocrx_word' id='word_1_811' title='bbox 758 5444 817 5513; x_wconf 85' lang='lat' dir='ltr'><strong>ut</strong></span> <span class='ocrx_word' id='word_1_812' title='bbox 842 5442 901 5491; x_wconf 89' lang='lat' dir='ltr'><strong>et</strong></span> <span class='ocrx_word' id='word_1_813' title='bbox 929 5435 1022 5508; x_wconf 85' lang='lat' dir='ltr'><strong>qui</strong></span> <span class='ocrx_word' id='word_1_814' title='bbox 1054 5435 1202 5507; x_wconf 86' lang='lat' dir='ltr'><strong>digni</strong></span> <span class='ocrx_word' id='word_1_815' title='bbox 1234 5442 1365 5491; x_wconf 91' lang='lat' dir='ltr'><strong>sunt</strong></span> <span class='ocrx_word' id='word_1_816' title='bbox 1387 5436 1522 5493; x_wconf 81' lang='lat' dir='ltr'><strong>salvi</strong></span> <span class='ocrx_word' id='word_1_817' title='bbox 1558 5437 1708 5505; x_wconf 87' lang='lat' dir='ltr'><strong>ﬁant,</strong></span> <span class='ocrx_word' id='word_1_818' title='bbox 1731 5444 1784 5493; x_wconf 89' lang='lat' dir='ltr'><strong>et</strong></span> <span class='ocrx_word' id='word_1_819' title='bbox 1808 5437 2019 5511; x_wconf 88' lang='lat' dir='ltr'><strong>indigni</strong></span> 
     </span>
    </p>
   </div>
   <div class='ocr_carea' id='block_1_104' title="bbox 418 5520 2018 5596">
    <p class='ocr_par' dir='ltr' id='par_1_104' title="bbox 418 5520 2018 5596">
     <span class='ocr_line' id='line_1_104' title="bbox 418 5520 2018 5596; baseline 0.002 -11"><span class='ocrx_word' id='word_1_820' title='bbox 418 5520 516 5586; x_wconf 29' lang='lat' dir='ltr'><strong>‘ob</strong></span> <span class='ocrx_word' id='word_1_821' title='bbox 541 5545 696 5587; x_wconf 86' lang='lat' dir='ltr'><strong>suam</strong></span> <span class='ocrx_word' id='word_1_822' title='bbox 723 5522 1161 5585; x_wconf 80' lang='lat' dir='ltr'><strong>incredulitatem</strong></span> <span class='ocrx_word' id='word_1_823' title='bbox 1189 5536 1438 5596; x_wconf 85' lang='lat' dir='ltr'><strong>pereant.</strong></span> <span class='ocrx_word' id='word_1_824' title='bbox 1462 5526 1677 5584; x_wconf 86' lang='lat' dir='ltr'><strong>Etenim</strong></span> <span class='ocrx_word' id='word_1_825' title='bbox 1698 5546 1763 5585; x_wconf 89' lang='lat' dir='ltr'><strong>ex</strong></span> <span class='ocrx_word' id='word_1_826' title='bbox 1790 5522 2018 5589; x_wconf 83' lang='lat' dir='ltr'><strong>sinceri-</strong></span> 
     </span>
    </p>
   </div>
   <div class='ocr_carea' id='block_1_105' title="bbox 428 5608 2019 5694">
    <p class='ocr_par' dir='ltr' id='par_1_105' title="bbox 428 5608 2019 5694">
     <span class='ocr_line' id='line_1_105' title="bbox 428 5608 2019 5694; baseline 0.004 -17"><span class='ocrx_word' id='word_1_827' title='bbox 428 5608 557 5678; x_wconf 25' lang='lat' dir='ltr'><strong>Vtate</strong></span> <span class='ocrx_word' id='word_1_828' title='bbox 609 5622 888 5694; x_wconf 84' lang='lat' dir='ltr'><strong>loquimur</strong></span> <span class='ocrx_word' id='word_1_829' title='bbox 922 5634 1045 5692; x_wconf 69' lang='lat' dir='ltr'><strong>qum</strong></span> <span class='ocrx_word' id='word_1_830' title='bbox 1093 5619 1333 5675; x_wconf 85' lang='lat' dir='ltr'><strong>vidimus</strong></span> <span class='ocrx_word' id='word_1_831' title='bbox 1374 5626 1428 5675; x_wconf 84' lang='lat' dir='ltr'><strong>et</strong></span> <span class='ocrx_word' id='word_1_832' title='bbox 1478 5636 1600 5692; x_wconf 71' lang='lat' dir='ltr'><strong>qua:</strong></span> <span class='ocrx_word' id='word_1_833' title='bbox 1631 5623 1950 5682; x_wconf 83' lang='lat' dir='ltr'><strong>audivimus</strong></span> <span class='ocrx_word' id='word_1_834' title='bbox 1987 5642 2019 5683; x_wconf 76' lang='grc' dir='ltr'><strong>α</strong></span> 
     </span>
    </p>
   </div>
   <div class='ocr_carea' id='block_1_106' title="bbox 438 5708 2019 5786">
    <p class='ocr_par' dir='ltr' id='par_1_106' title="bbox 438 5708 2019 5786">
     <span class='ocr_line' id='line_1_106' title="bbox 438 5708 2019 5786; baseline 0.003 -17"><span class='ocrx_word' id='word_1_835' title='bbox 438 5716 685 5770; x_wconf 75' lang='lat' dir='ltr'><strong>Christo.</strong></span> <span class='ocrx_word' id='word_1_836' title='bbox 719 5733 739 5768; x_wconf 87' lang='grc' dir='ltr'><strong>ι</strong></span> <span class='ocrx_word' id='word_1_837' title='bbox 782 5711 889 5770; x_wconf 88' lang='lat' dir='ltr'><strong>Sed</strong></span> <span class='ocrx_word' id='word_1_838' title='bbox 932 5714 1080 5768; x_wconf 84' lang='lat' dir='ltr'><strong>velut</strong></span> <span class='ocrx_word' id='word_1_839' title='bbox 1117 5726 1183 5768; x_wconf 87' lang='lat' dir='ltr'><strong>ex</strong></span> <span class='ocrx_word' id='word_1_840' title='bbox 1210 5708 1346 5767; x_wconf 82' lang='lat' dir='ltr'><strong>Deo.</strong></span> <span class='ocrx_word' id='word_1_841' title='bbox 1385 5730 1405 5765; x_wconf 69' lang='grc' dir='ltr'><strong>ο</strong></span> <span class='ocrx_word' id='word_1_842' title='bbox 1451 5712 1561 5769; x_wconf 89' lang='lat' dir='ltr'><strong>Sed</strong></span> <span class='ocrx_word' id='word_1_843' title='bbox 1592 5714 1739 5769; x_wconf 87' lang='lat' dir='ltr'><strong>velut</strong></span> <span class='ocrx_word' id='word_1_844' title='bbox 1778 5715 1832 5769; x_wconf 90' lang='lat' dir='ltr'><strong>hl</strong></span> <span class='ocrx_word' id='word_1_845' title='bbox 1860 5718 1953 5786; x_wconf 88' lang='lat' dir='ltr'><strong>qui</strong></span> <span class='ocrx_word' id='word_1_846' title='bbox 1989 5734 2019 5773; x_wconf 89' lang='lat' dir='ltr'><strong>a</strong></span> 
     </span>
    </p>
   </div>
   <div class='ocr_carea' id='block_1_107' title="bbox 2126 4784 3682 4867">
    <p class='ocr_par' dir='ltr' id='par_1_107' title="bbox 2126 4784 3682 4867">
     <span class='ocr_line' id='line_1_107' title="bbox 2126 4784 3682 4867; baseline -0.008 -16"><span class='ocrx_word' id='word_1_847' title='bbox 2126 4794 2272 4867; x_wconf 79' lang='grc' dir='ltr'><strong>ὀσμὴ</strong></span> <span class='ocrx_word' id='word_1_848' title='bbox 2301 4792 2468 4866; x_wconf 72' lang='grc' dir='ltr'><strong>ζωῆς,</strong></span> <span class='ocrx_word' id='word_1_849' title='bbox 2516 4796 2703 4862; x_wconf 69' lang='grc' dir='ltr'><strong>ἐπειδὴ</strong></span> <span class='ocrx_word' id='word_1_850' title='bbox 2729 4794 2790 4847; x_wconf 85' lang='grc' dir='ltr'><strong>ού</strong></span> <span class='ocrx_word' id='word_1_851' title='bbox 2823 4792 3216 4862; x_wconf 72' lang='grc' dir='ltr'><strong>καπηλεύομεν</strong></span> <span class='ocrx_word' id='word_1_852' title='bbox 3259 4790 3355 4843; x_wconf 79' lang='grc' dir='ltr'><strong>τὸν</strong></span> <span class='ocrx_word' id='word_1_853' title='bbox 3408 4789 3595 4857; x_wconf 85' lang='grc' dir='ltr'><strong>λόγον,</strong></span> <span class='ocrx_word' id='word_1_854' title='bbox 3616 4784 3682 4845; x_wconf 79' lang='grc' dir='ltr'><strong>ὡς</strong></span> 
     </span>
    </p>
   </div>
   <div class='ocr_carea' id='block_1_108' title="bbox 2127 4875 3680 4957">
    <p class='ocr_par' dir='ltr' id='par_1_108' title="bbox 2127 4875 3680 4957">
     <span class='ocr_line' id='line_1_108' title="bbox 2127 4875 3680 4957; baseline -0.008 -15"><span class='ocrx_word' id='word_1_855' title='bbox 2127 4888 2386 4950; x_wconf 85' lang='grc' dir='ltr'><strong>καίτινες</strong></span> <span class='ocrx_word' id='word_1_856' title='bbox 2414 4886 2965 4957; x_wconf 80' lang='grc' dir='ltr'><strong>συμμεταϐάλλοντες</strong></span> <span class='ocrx_word' id='word_1_857' title='bbox 2997 4885 3160 4940; x_wconf 81' lang='grc' dir='ltr'><strong>αὐτὸν</strong></span> <span class='ocrx_word' id='word_1_858' title='bbox 3209 4885 3323 4945; x_wconf 84' lang='grc' dir='ltr'><strong>τοῖς</strong></span> <span class='ocrx_word' id='word_1_859' title='bbox 3360 4883 3577 4952; x_wconf 80' lang='grc' dir='ltr'><strong>καιροῖς</strong></span> <span class='ocrx_word' id='word_1_860' title='bbox 3600 4875 3680 4929; x_wconf 64' lang='grc' dir='ltr'><strong>καὶ</strong></span> 
     </span>
    </p>
   </div>
   <div class='ocr_carea' id='block_1_109' title="bbox 2125 4970 3680 5051">
    <p class='ocr_par' dir='ltr' id='par_1_109' title="bbox 2125 4970 3680 5051">
     <span class='ocr_line' id='line_1_109' title="bbox 2125 4970 3680 5051; baseline -0.006 -17"><span class='ocrx_word' id='word_1_861' title='bbox 2125 4984 2238 5044; x_wconf 84' lang='grc' dir='ltr'><strong>τοῖς</strong></span> <span class='ocrx_word' id='word_1_862' title='bbox 2274 4980 2606 5051; x_wconf 84' lang='grc' dir='ltr'><strong>προσώποις,</strong></span> <span class='ocrx_word' id='word_1_863' title='bbox 2639 4978 2867 5050; x_wconf 82' lang='grc' dir='ltr'><strong>αίσχροῦ</strong></span> <span class='ocrx_word' id='word_1_864' title='bbox 2921 4979 3147 5050; x_wconf 80' lang='grc' dir='ltr'><strong>κέρδους</strong></span> <span class='ocrx_word' id='word_1_865' title='bbox 3180 4976 3365 5047; x_wconf 81' lang='grc' dir='ltr'><strong>χάριν,</strong></span> <span class='ocrx_word' id='word_1_866' title='bbox 3424 4973 3558 5028; x_wconf 76' lang='grc' dir='ltr'><strong>ἀλλά</strong></span> <span class='ocrx_word' id='word_1_867' title='bbox 3597 4970 3680 5040; x_wconf 75' lang='grc' dir='ltr'><strong>τὴν</strong></span> 
     </span>
    </p>
   </div>
   <div class='ocr_carea' id='block_1_110' title="bbox 2126 5062 3679 5143">
    <p class='ocr_par' dir='ltr' id='par_1_110' title="bbox 2126 5062 3679 5143">
     <span class='ocr_line' id='line_1_110' title="bbox 2126 5062 3679 5143; baseline -0.011 -15"><span class='ocrx_word' id='word_1_868' title='bbox 2126 5072 2387 5143; x_wconf 81' lang='grc' dir='ltr'><strong>ἀλήθειαν</strong></span> <span class='ocrx_word' id='word_1_869' title='bbox 2418 5069 2786 5142; x_wconf 82' lang='grc' dir='ltr'><strong>κηρύσσομεν,</strong></span> <span class='ocrx_word' id='word_1_870' title='bbox 2819 5072 2905 5124; x_wconf 83' lang='grc' dir='ltr'><strong>ἵνα</strong></span> <span class='ocrx_word' id='word_1_871' title='bbox 2935 5072 3028 5124; x_wconf 70' lang='grc' dir='ltr'><strong>καὶ</strong></span> <span class='ocrx_word' id='word_1_872' title='bbox 3058 5073 3107 5123; x_wconf 88' lang='grc' dir='ltr'><strong>οἱ</strong></span> <span class='ocrx_word' id='word_1_873' title='bbox 3136 5071 3278 5135; x_wconf 77' lang='grc' dir='ltr'><strong>ἄξιοι</strong></span> <span class='ocrx_word' id='word_1_874' title='bbox 3323 5067 3558 5129; x_wconf 74' lang='grc' dir='ltr'><strong>σωθῶσι,</strong></span> <span class='ocrx_word' id='word_1_875' title='bbox 3603 5062 3679 5114; x_wconf 78' lang='grc' dir='ltr'><strong>καὶ</strong></span> 
     </span>
    </p>
   </div>
   <div class='ocr_carea' id='block_1_111' title="bbox 2126 5152 3680 5234">
    <p class='ocr_par' dir='ltr' id='par_1_111' title="bbox 2126 5152 3680 5234">
     <span class='ocr_line' id='line_1_111' title="bbox 2126 5152 3680 5234; baseline -0.001 -17"><span class='ocrx_word' id='word_1_876' title='bbox 2126 5162 2177 5217; x_wconf 89' lang='grc' dir='ltr'><strong>οί</strong></span> <span class='ocrx_word' id='word_1_877' title='bbox 2207 5163 2417 5229; x_wconf 83' lang='grc' dir='ltr'><strong>ἀνάξιοι</strong></span> <span class='ocrx_word' id='word_1_878' title='bbox 2442 5166 2507 5233; x_wconf 77' lang='grc' dir='ltr'><strong>τῇ</strong></span> <span class='ocrx_word' id='word_1_879' title='bbox 2541 5162 2718 5234; x_wconf 70' lang='grc' dir='ltr'><strong>οίκείᾳ</strong></span> <span class='ocrx_word' id='word_1_880' title='bbox 2753 5162 2981 5233; x_wconf 81' lang='grc' dir='ltr'><strong>ἀπιστίᾳ</strong></span> <span class='ocrx_word' id='word_1_881' title='bbox 3013 5159 3358 5214; x_wconf 85' lang='grc' dir='ltr'><strong>ἀπὼλωνται,</strong></span> <span class='ocrx_word' id='word_1_882' title='bbox 3378 5161 3485 5211; x_wconf 77' lang='grc' dir='ltr'><strong>Καὶ</strong></span> <span class='ocrx_word' id='word_1_883' title='bbox 3515 5158 3613 5225; x_wconf 81' lang='grc' dir='ltr'><strong>γὰρ</strong></span> <span class='ocrx_word' id='word_1_884' title='bbox 3632 5152 3680 5215; x_wconf 74' lang='grc' dir='ltr'><strong>ἐξ</strong></span> 
     </span>
    </p>
   </div>
   <div class='ocr_carea' id='block_1_112' title="bbox 2127 5247 3680 5326">
    <p class='ocr_par' dir='ltr' id='par_1_112' title="bbox 2127 5247 3680 5326">
     <span class='ocr_line' id='line_1_112' title="bbox 2127 5247 3680 5326; baseline -0.008 -17"><span class='ocrx_word' id='word_1_885' title='bbox 2127 5254 2475 5326; x_wconf 75' lang='grc' dir='ltr'><strong>εἱλικρινείας</strong></span> <span class='ocrx_word' id='word_1_886' title='bbox 2492 5253 2759 5324; x_wconf 80' lang='grc' dir='ltr'><strong>λαλοῦμεν</strong></span> <span class='ocrx_word' id='word_1_887' title='bbox 2775 5254 2811 5309; x_wconf 83' lang='grc' dir='ltr'><strong>ἀ</strong></span> <span class='ocrx_word' id='word_1_888' title='bbox 2838 5252 3019 5325; x_wconf 82' lang='grc' dir='ltr'><strong>ίδομεν</strong></span> <span class='ocrx_word' id='word_1_889' title='bbox 3041 5255 3134 5307; x_wconf 65' lang='grc' dir='ltr'><strong>καὶ</strong></span> <span class='ocrx_word' id='word_1_890' title='bbox 3158 5254 3193 5307; x_wconf 76' lang='grc' dir='ltr'>ἂ</span> <span class='ocrx_word' id='word_1_891' title='bbox 3211 5252 3525 5323; x_wconf 71' lang='grc' dir='ltr'><strong>ἠκούσαμεν</strong></span> <span class='ocrx_word' id='word_1_892' title='bbox 3550 5247 3680 5312; x_wconf 64' lang='grc' dir='ltr'><strong>παρὰ</strong></span> 
     </span>
    </p>
   </div>
   <div class='ocr_carea' id='block_1_113' title="bbox 2123 5336 3678 5419">
    <p class='ocr_par' dir='ltr' id='par_1_113' title="bbox 2123 5336 3678 5419">
     <span class='ocr_line' id='line_1_113' title="bbox 2123 5336 3678 5419; baseline -0.008 -18"><span class='ocrx_word' id='word_1_893' title='bbox 2123 5349 2219 5401; x_wconf 87' lang='grc' dir='ltr'><strong>τοῦ</strong></span> <span class='ocrx_word' id='word_1_894' title='bbox 2242 5347 2500 5419; x_wconf 80' lang='grc' dir='ltr'><strong>Χριστοῦ.</strong></span> <span class='ocrx_word' id='word_1_895' title='bbox 2542 5365 2563 5401; x_wconf 80' lang='grc' dir='ltr'><strong>ι</strong></span> <span class='ocrx_word' id='word_1_896' title='bbox 2609 5347 2748 5401; x_wconf 84' lang='grc' dir='ltr'><strong>Ἀλλ’</strong></span> <span class='ocrx_word' id='word_1_897' title='bbox 2769 5347 2845 5411; x_wconf 88' lang='grc' dir='ltr'><strong>ὡς</strong></span> <span class='ocrx_word' id='word_1_898' title='bbox 2874 5349 2939 5402; x_wconf 71' lang='grc' dir='ltr'><strong>ὲκ</strong></span> <span class='ocrx_word' id='word_1_899' title='bbox 2961 5346 3115 5401; x_wconf 87' lang='grc' dir='ltr'><strong>Θεοῦ.</strong></span> <span class='ocrx_word' id='word_1_900' title='bbox 3139 5365 3157 5398; x_wconf 76' lang='grc' dir='ltr'><strong>ι</strong></span> <span class='ocrx_word' id='word_1_901' title='bbox 3208 5345 3351 5399; x_wconf 79' lang='grc' dir='ltr'><strong>Ἀλλ’</strong></span> <span class='ocrx_word' id='word_1_902' title='bbox 3378 5346 3453 5407; x_wconf 85' lang='grc' dir='ltr'><strong>ὡς</strong></span> <span class='ocrx_word' id='word_1_903' title='bbox 3483 5345 3547 5395; x_wconf 80' lang='grc' dir='ltr'><strong>ὲκ</strong></span> <span class='ocrx_word' id='word_1_904' title='bbox 3560 5336 3678 5393; x_wconf 82' lang='grc' dir='ltr'><strong>Θεοῦ</strong></span> 
     </span>
    </p>
   </div>
   <div class='ocr_carea' id='block_1_114' title="bbox 2124 5432 3681 5511">
    <p class='ocr_par' dir='ltr' id='par_1_114' title="bbox 2124 5432 3681 5511">
     <span class='ocr_line' id='line_1_114' title="bbox 2124 5432 3681 5511; baseline -0.006 -19"><span class='ocrx_word' id='word_1_905' title='bbox 2124 5438 2380 5503; x_wconf 73' lang='grc' dir='ltr'><strong>λαϐόντες</strong></span> <span class='ocrx_word' id='word_1_906' title='bbox 2409 5440 2503 5494; x_wconf 76' lang='grc' dir='ltr'><strong>καὶ</strong></span> <span class='ocrx_word' id='word_1_907' title='bbox 2535 5438 2823 5511; x_wconf 82' lang='grc' dir='ltr'><strong>μαθόντες,</strong></span> <span class='ocrx_word' id='word_1_908' title='bbox 2853 5441 2949 5494; x_wconf 79' lang='grc' dir='ltr'><strong>καὶ</strong></span> <span class='ocrx_word' id='word_1_909' title='bbox 2967 5438 3043 5503; x_wconf 84' lang='grc' dir='ltr'><strong>ὡς</strong></span> <span class='ocrx_word' id='word_1_910' title='bbox 3065 5439 3298 5492; x_wconf 80' lang='grc' dir='ltr'><strong>ἐνώπιον</strong></span> <span class='ocrx_word' id='word_1_911' title='bbox 3328 5437 3424 5489; x_wconf 88' lang='grc' dir='ltr'><strong>τοῦ</strong></span> <span class='ocrx_word' id='word_1_912' title='bbox 3443 5433 3573 5488; x_wconf 87' lang='grc' dir='ltr'><strong>Θεοῦ</strong></span> <span class='ocrx_word' id='word_1_913' title='bbox 3598 5432 3681 5482; x_wconf 76' lang='grc' dir='ltr'><strong>λαο</strong></span> 
     </span>
    </p>
   </div>
   <div class='ocr_carea' id='block_1_115' title="bbox 2125 5519 3677 5604">
    <p class='ocr_par' dir='ltr' id='par_1_115' title="bbox 2125 5519 3677 5604">
     <span class='ocr_line' id='line_1_115' title="bbox 2125 5519 3677 5604; baseline -0.008 -19"><span class='ocrx_word' id='word_1_914' title='bbox 2125 5530 2364 5598; x_wconf 86' lang='grc' dir='ltr'><strong>λοῦντες,</strong></span> <span class='ocrx_word' id='word_1_915' title='bbox 2394 5532 2489 5586; x_wconf 79' lang='grc' dir='ltr'><strong>καὶ</strong></span> <span class='ocrx_word' id='word_1_916' title='bbox 2509 5532 2586 5595; x_wconf 82' lang='grc' dir='ltr'><strong>ὥς</strong></span> <span class='ocrx_word' id='word_1_917' title='bbox 2640 5533 2700 5586; x_wconf 75' lang='grc' dir='ltr'><strong>ἐν</strong></span> <span class='ocrx_word' id='word_1_918' title='bbox 2749 5532 2989 5604; x_wconf 79' lang='grc' dir='ltr'><strong>Χριστῷ,</strong></span> <span class='ocrx_word' id='word_1_919' title='bbox 3022 5532 3291 5595; x_wconf 84' lang='grc' dir='ltr'><strong>τουτέστι,</strong></span> <span class='ocrx_word' id='word_1_920' title='bbox 3344 5530 3431 5584; x_wconf 78' lang='grc' dir='ltr'><strong>διὰ</strong></span> <span class='ocrx_word' id='word_1_921' title='bbox 3460 5519 3677 5597; x_wconf 78' lang='grc' dir='ltr'><strong>Χριστοῦ</strong></span> 
     </span>
    </p>
   </div>
   <div class='ocr_carea' id='block_1_116' title="bbox 2126 5615 3673 5695">
    <p class='ocr_par' dir='ltr' id='par_1_116' title="bbox 2126 5615 3673 5695">
     <span class='ocr_line' id='line_1_116' title="bbox 2126 5615 3673 5695; baseline -0.001 -17"><span class='ocrx_word' id='word_1_922' title='bbox 2126 5624 2525 5695; x_wconf 86' lang='grc' dir='ltr'><strong>κατηχούμενοι</strong></span> <span class='ocrx_word' id='word_1_923' title='bbox 2583 5625 2677 5679; x_wconf 77' lang='grc' dir='ltr'><strong>καὶ</strong></span> <span class='ocrx_word' id='word_1_924' title='bbox 2728 5625 3126 5695; x_wconf 83' lang='grc' dir='ltr'><strong>διδασκόμενοι,</strong></span> <span class='ocrx_word' id='word_1_925' title='bbox 3174 5621 3462 5693; x_wconf 86' lang='grc' dir='ltr'><strong>λαλοῦμεν.</strong></span> <span class='ocrx_word' id='word_1_926' title='bbox 3492 5615 3673 5676; x_wconf 62' lang='grc' dir='ltr'><strong>Βαεαξν</strong></span> 
     </span>
    </p>
   </div>
   <div class='ocr_carea' id='block_1_117' title="bbox 2129 5712 3480 5791">
    <p class='ocr_par' dir='ltr' id='par_1_117' title="bbox 2129 5712 3480 5791">
     <span class='ocr_line' id='line_1_117' title="bbox 2129 5712 3480 5791; baseline -0.003 -20"><span class='ocrx_word' id='word_1_927' title='bbox 2129 5718 2301 5791; x_wconf 76' lang='grc' dir='ltr'><strong>πόσην</strong></span> <span class='ocrx_word' id='word_1_928' title='bbox 2331 5715 2588 5787; x_wconf 74' lang='grc' dir='ltr'><strong>ἀλήθειαν</strong></span> <span class='ocrx_word' id='word_1_929' title='bbox 2611 5715 2688 5788; x_wconf 77' lang='grc' dir='ltr'><strong>τῷ</strong></span> <span class='ocrx_word' id='word_1_930' title='bbox 2715 5716 3032 5790; x_wconf 76' lang='grc' dir='ltr'><strong>κηρύγματι</strong></span> <span class='ocrx_word' id='word_1_931' title='bbox 3061 5715 3441 5788; x_wconf 76' lang='grc' dir='ltr'><strong>ἐμαρτύρησεν</strong></span> <span class='ocrx_word' id='word_1_932' title='bbox 3466 5712 3480 5760; x_wconf 76' lang='lat' dir='ltr'><strong>l</strong></span> 
     </span>
    </p>
   </div>
   <div class='ocr_carea' id='block_1_118' title="bbox 443 5794 3677 5885">
    <p class='ocr_par' dir='ltr' id='par_1_118' title="bbox 443 5794 3677 5885">
     <span class='ocr_line' id='line_1_118' title="bbox 443 5794 3677 5885; baseline -0.001 -23"><span class='ocrx_word' id='word_1_933' title='bbox 443 5808 556 5865; x_wconf 90' lang='lat' dir='ltr'><strong>Deo</strong></span> <span class='ocrx_word' id='word_1_934' title='bbox 590 5794 920 5880; x_wconf 65' lang='lat' dir='ltr'><strong>acceperunt</strong></span> <span class='ocrx_word' id='word_1_935' title='bbox 954 5816 1008 5863; x_wconf 93' lang='lat' dir='ltr'><strong>et</strong></span> <span class='ocrx_word' id='word_1_936' title='bbox 1048 5806 1380 5875; x_wconf 86' lang='lat' dir='ltr'><strong>didicerunt,</strong></span> <span class='ocrx_word' id='word_1_937' title='bbox 1429 5818 1483 5866; x_wconf 90' lang='lat' dir='ltr'><strong>et</strong></span> <span class='ocrx_word' id='word_1_938' title='bbox 1520 5811 1613 5881; x_wconf 89' lang='lat' dir='ltr'><strong>qui</strong></span> <span class='ocrx_word' id='word_1_939' title='bbox 1654 5810 1710 5865; x_wconf 90' lang='lat' dir='ltr'><strong>in</strong></span> <span class='ocrx_word' id='word_1_940' title='bbox 1743 5824 2042 5882; x_wconf 83' lang='lat' dir='ltr'><strong>conspectu</strong></span> <span class='ocrx_word' id='word_1_941' title='bbox 2092 5816 2185 5871; x_wconf 87' lang='lat' dir='ltr'><strong>Dei</strong></span> <span class='ocrx_word' id='word_1_942' title='bbox 2217 5814 2633 5885; x_wconf 77' lang='lat' dir='ltr'><strong>loquunturzet</strong></span> <span class='ocrx_word' id='word_1_943' title='bbox 2676 5822 2935 5885; x_wconf 88' lang='lat' dir='ltr'><strong>tanquam</strong></span> <span class='ocrx_word' id='word_1_944' title='bbox 2968 5828 3065 5883; x_wconf 90' lang='lat' dir='ltr'><strong>per</strong></span> <span class='ocrx_word' id='word_1_945' title='bbox 3084 5813 3385 5880; x_wconf 84' lang='lat' dir='ltr'><strong>Christum,</strong></span> <span class='ocrx_word' id='word_1_946' title='bbox 3415 5808 3465 5865; x_wconf 86' lang='lat' dir='ltr'><strong>id</strong></span> <span class='ocrx_word' id='word_1_947' title='bbox 3493 5814 3597 5872; x_wconf 87' lang='lat' dir='ltr'><strong>est,</strong></span> <span class='ocrx_word' id='word_1_948' title='bbox 3649 5817 3677 5857; x_wconf 72' lang='grc' dir='ltr'><strong>ε</strong></span> 
     </span>
    </p>
   </div>
   <div class='ocr_carea' id='block_1_119' title="bbox 433 5901 3155 5977">
    <p class='ocr_par' dir='ltr' id='par_1_119' title="bbox 433 5901 3155 5977">
     <span class='ocr_line' id='line_1_119' title="bbox 433 5901 3155 5977; baseline -0.001 -17"><span class='ocrx_word' id='word_1_949' title='bbox 433 5901 663 5960; x_wconf 70' lang='lat' dir='ltr'><strong>Christo</strong></span> <span class='ocrx_word' id='word_1_950' title='bbox 695 5901 953 5957; x_wconf 85' lang='lat' dir='ltr'><strong>instructi</strong></span> <span class='ocrx_word' id='word_1_951' title='bbox 992 5909 1047 5957; x_wconf 84' lang='lat' dir='ltr'><strong>et</strong></span> <span class='ocrx_word' id='word_1_952' title='bbox 1094 5901 1276 5962; x_wconf 69' lang='lat' dir='ltr'><strong>edoni</strong></span> <span class='ocrx_word' id='word_1_953' title='bbox 1308 5901 1606 5973; x_wconf 86' lang='lat' dir='ltr'><strong>loquimur.</strong></span> <span class='ocrx_word' id='word_1_954' title='bbox 1634 5903 1814 5973; x_wconf 70' lang='lat' dir='ltr'><strong>Papae,</strong></span> <span class='ocrx_word' id='word_1_955' title='bbox 1854 5917 2114 5975; x_wconf 84' lang='lat' dir='ltr'><strong>quantam</strong></span> <span class='ocrx_word' id='word_1_956' title='bbox 2150 5908 2439 5964; x_wconf 69' lang='lat' dir='ltr'><strong>veritatem</strong></span> <span class='ocrx_word' id='word_1_957' title='bbox 2470 5906 2854 5977; x_wconf 68' lang='lat' dir='ltr'><strong>praedicationi</strong></span> <span class='ocrx_word' id='word_1_958' title='bbox 2888 5905 3155 5964; x_wconf 82' lang='lat' dir='ltr'><strong>asseruit!</strong></span> 
     </span>
    </p>
   </div>
  </div>
