3906 6554
135 398 266 465 949

1106 417 1494 483 COMMENT.
1538 420 1624 484 IN
1650 424 1894 488 EPIST.
1930 428 1992 489 ΙΙ
2035 431 2139 493 ΑΙ)
2164 432 2524 499 CORINTH.

3332 450 3439 517 950

136 521 400 578 θανάτου
426 527 889 601 προσηγόρευσεν,
921 531 1110 608 ἐπειδὴ
1132 538 1261 601 τοὺς
1311 539 1742 611 παραϐαίνοντας

1849 561 1990 617 gnos
2021 547 2109 604 lex
2143 550 2514 611 interimebat.
2551 584 2623 595 —
2646 553 2807 628 Legis
2856 555 3223 616 ministerium
3252 569 3441 634 appel-

136 616 171 668 ὁ
210 616 389 687 νόμος
414 619 693 686 ἐκόλαζεν.
722 625 785 678 Ei
836 626 1039 695 τοίνυν,
1094 631 1283 701 φησὶν,
1334 632 1463 689 ἔνθα
1507 635 1752 706 τιμωρία

137 707 256 760 καὶ
296 710 532 777 θάνατος
565 716 659 768 καὶ
706 717 1009 789 γράμματα
1045 721 1214 787 λίθοις
1276 725 1750 799 ἐγκεκολαμμένα,

136 800 438 874 τοσαύτην
467 808 495 859 ό
517 807 691 862 ταῦτα
720 811 961 879 κομίζων
997 814 1056 869 ἐν
1113 814 1192 887 τῷ
1260 819 1539 891 προσώπῳ
1593 821 1753 887 δόξαν

137 890 407 962 ἐδέξατο,
453 896 637 969 πολλῷ
696 902 899 971 μᾶλλον
961 907 1010 959 oi
1051 906 1130 977 τῷ
1195 908 1328 981 θείῳ
1375 890 1753 978 διακονοῦντες

136 982 470 1054 Πνεύματι,
502 988 751 1055 πλείονος
801 988 1136 1052 ἀπολαύουσί
1186 999 1365 1071 δόξης.
1403 1020 1422 1054 ι
1461 1002 1625 1057 Ὥστε
1674 1004 1750 1075 μὴ

134 1073 428 1133 δύνασθαι
486 1081 814 1140 ἰνατενίσαι.
852 1107 872 1140 ι
955 1089 1201 1163 Ἐπαίρει
1259 1094 1361 1164 τὴν
1444 1093 1540 1148 τοῦ
1585 1095 1749 1167 νόμου

136 1167 344 1235 δόξαν,
401 1172 490 1226 ίνα
544 1174 706 1230 πλέον
753 1179 968 1254 αὐξήσῃ
1014 1184 1116 1255 τὴν
1177 1185 1277 1255 τῆς
1342 1187 1490 1249 νέας.
1531 1189 1603 1242 Ἦ
1669 1190 1751 1243 ὅτι

131 1260 315 1313 τοῦτ’)
426 1267 731 1337 κατηγορία
816 1271 966 1326 ἐστὶν
1059 1274 1351 1341 Ἰουδαίων,
1431 1277 1513 1331 ὅτι
1552 1277 1747 1343 οὕτως,

138 1351 355 1420 φησιν,
412 1348 554 1425 ἦσαν
602 1361 807 1429 ταχεῖς,
838 1360 914 1424 ὡς
945 1363 1080 1433 μηδὲ
1118 1365 1218 1436 τὴν
1271 1367 1537 1439 αἰσθητὴν
1590 1369 1749 1435 δόξαν

141 1439 395 1507 ἱκανοὺς
423 1442 564 1498 εἶναι
592 1447 747 1519 ὀρᾷν.
791 1468 810 1501 ι
849 1450 950 1506 Διὰ
998 1451 1097 1518 τὴν
1124 1452 1282 1520 δόξαν
1331 1455 1428 1510 τοῦ
1456 1457 1750 1529 προσώπου

137 1532 356 1588 αὐτοῦ.
411 1552 429 1587 ι
465 1537 613 1592 Ἀνω
665 1540 880 1621 ἐπάρας
936 1543 1039 1615 τὴν
1075 1545 1171 1600 τοῦ
1212 1546 1379 1619 νόμου
1430 1548 1611 1618 δόξαν,
1652 1547 1749 1605 νῦν

136 1623 345 1693 ἠρέμα
376 1626 632 1697 καθαιρεῖ
674 1630 872 1704 αὐτήν.
910 1634 987 1688 ού
1016 1635 1125 1707 γὰρ
1170 1637 1200 1690 δ
1265 1639 1429 1710 νόμος
1481 1636 1597 1711 εἶχε
1648 1641 1747 1712 τὴν

135 1712 346 1805 δόξαν.
386 1717 546 1773 ἀλλ⁹ὁ
570 1722 796 1793 Μωσῆς.
849 1726 959 1779 Καὶ
981 1729 1010 1782 ό
1037 1729 1239 1801 Μωσῆς
1260 1731 1339 1798 δὲ,
1385 1733 1445 1788 οὐ
1481 1734 1747 1805 μένουσαν

138 1797 276 1873 εἶχε
307 1805 490 1874 δόξαν,
523 1809 660 1865 ἀλλὰ
693 1817 1169 1888 καταργουμένην,
1196 1797 1456 1877 ⁷τουτέστι
1481 1797 1747 1896 ’παυομέ-

1862 636 1996 692 lavit
2028 642 2224 697 mortis
2254 643 2645 712 ministerium,
2699 648 2959 717 quoniam
3000 659 3439 723 transgressores

1862 729 1949 786 lex
1984 733 2267 801 puniebat.
2320 734 2378 791 Si
2434 737 2605 807 igitur
2655 739 2747 796 ubi
2791 744 3122 814 supplicium
3181 760 3246 799 ac
3290 761 3437 803 mors

1861 827 2001 887 erat,
2034 822 2339 896 litteraeque
2366 827 2643 897 lapidibus
2691 831 2999 904 insculpta,
3029 836 3123 906 qui
3151 836 3268 895 haec
3290 835 3433 892 lere-

1859 909 1954 966 bat
1988 921 2192 987 tantam
2214 916 2271 972 in
2302 917 2444 974 facie
2472 921 2708 991 gloriam
2742 926 2974 995 accepit,
3003 927 3177 985 multo
3197 930 3436 999 amplius

1859 1002 1951 1071 qui
1982 1003 2170 1061 divino
2199 1006 2519 1065 ministrant
2538 1010 2793 1082 Spiritui,
2822 1016 3018 1085 majori
3042 1015 3302 1074 fruuntur
3323 1018 3438 1089 glo-

1859 1091 1963 1152 ria.
2012 1112 2031 1146 ι
2061 1093 2212 1150 Adeo
2247 1105 2306 1151 ut
2337 1112 2446 1167 non
2482 1106 2907 1170 possentoculis
2942 1108 3250 1166 intendere.
3273 1130 3293 1162 ι
3328 1108 3436 1165 Ex-

1859 1184 1997 1239 tollit
2031 1184 2164 1257 legis
2196 1189 2427 1259 gloriam
2462 1202 2521 1247 ut
2549 1194 2721 1264 magis
2776 1209 2972 1269 augeat
3018 1202 3249 1270 gloriam
3302 1201 3438 1260 Novi

1860 1271 2219 1331 Testanienti.
2259 1278 2350 1333 Vel
2380 1281 2526 1350 quod
2555 1283 2661 1339 hoc
2690 1286 2865 1357 magis
2889 1292 3177 1347 accusatio
3213 1294 3289 1350 sit
3335 1291 3437 1349 Ju-

1857 1360 2098 1417 daeorum
2140 1380 2305 1419 :nam
2346 1367 2505 1436 adeo,
2543 1369 2744 1440 inquit,
2808 1377 2981 1433 crassi
3035 1388 3211 1445 erant,
3258 1368 3325 1437 ut
3368 1399 3439 1440 ne

1856 1455 2181 1519 sensibilem
2208 1457 2429 1529 quidem
2487 1462 2720 1533 gloriam
2765 1465 2955 1526 videre
3004 1480 3192 1530 essent
3232 1473 3435 1530 idonei.

1861 1562 1881 1598 ι
1917 1544 2149 1616 Propter
2180 1549 2411 1618 gloriam
2446 1551 2625 1611 vultus
2654 1554 2800 1627 ejus.
2834 1577 2855 1610 ι
2887 1558 3020 1616 Cum
3072 1564 3328 1632 superius
3361 1564 3439 1620 le-

1854 1637 1940 1708 gis
1992 1640 2222 1710 gloriam
2257 1644 2567 1711 extulisset,
2622 1663 2773 1705 nunc
2821 1665 2943 1706 eam
2987 1654 3249 1724 paulatim
3287 1666 3439 1713 exte-

1852 1738 1990 1783 nuat
2033 1745 2099 1786 ac
2124 1732 2285 1789 tollit.
2322 1733 2444 1790 Non
2471 1736 2619 1792 enim
2654 1737 2738 1795 lex
2762 1739 2992 1809 gloriam
3034 1742 3291 1810 habebat,
3342 1744 3435 1800 sed

1853 1819 2034 1878 Moses
2066 1832 2165 1881 :et
2213 1825 2302 1883 hie
2359 1829 2581 1899 quidem
2635 1846 2746 1888 non
2794 1846 3203 1904 permanentem
3246 1837 3439 1894 habuit

134 1913 276 1967 νην.
336 1899 559 1973 Ἐπειδὴ
590 1903 700 1974 γὰρ
727 1904 838 1959 ἄνω
859 1908 1030 1980 ἐπῆρε
1063 1912 1130 1966 τὰ
1153 1914 1295 1968 κατὰ
1324 1915 1415 1968 τὸν
1449 1915 1633 1987 νόμον,
1655 1917 1742 1972 νῦν

1852 1914 2084 1985 gloriam
2126 1918 2219 1973 sed
2252 1935 2376 1988 qua:
2397 1922 2651 1983 aboletur
2676 1939 2739 1978 ac
2768 1899 2969 1982 cessat.
3012 1925 3154 1985 Nam
3188 1927 3315 1998 quia
3340 1944 3437 1985 su-
3496 1922 3505 1925 ⁴

137 1988 298 2043 αὐτὰ
325 1990 584 2065 καθαιρεῖ
600 1995 685 2050 ἵνα
705 1999 1012 2074 συγκαθέλῃ
1034 2004 1101 2059 τὰ
1117 2005 1400 2067 Ἰουδαϊκὰ.
1432 2026 1450 2060 ι
1483 2008 1602 2073 Πῶς
1630 2011 1753 2079 οὐχὶ

140 2080 370 2150 μᾶλλον
387 2086 421 2154 ἡ
433 2086 679 2144 διακονία
697 2089 792 2144 τού
806 2092 946 2147 Πνεύ
954 2112 1121 2165 ματος
1143 2115 1157 2164 ;
1185 2117 1203 2149 ι
1243 2100 1455 2171 Ὠσπερ
1478 2101 1752 2159 διακονίαν

1856 2007 2042 2075 perins
2070 2011 2343 2069 extulerat
2369 2028 2430 2071 ea
2452 2031 2577 2084 quae
2604 2017 2740 2088 legis
2761 2027 2939 2086 erant,
2958 2021 3101 2079 tollit
3131 2038 3277 2083 nunc
3292 2023 3434 2094 ipsa,

1857 2101 2045 2157 ntuna
2084 2098 2301 2157 auferat
2331 2111 2386 2158 et
2413 2101 2664 2165 Judaica.
2703 2127 2722 2160 ι
2754 2108 2867 2167 Cur
2895 2126 3005 2169 non
3038 2113 3222 2185 potius
3270 2114 3431 2169 mini-

138 2171 397 2227 Θανάτου
428 2176 520 2230 τὸν
548 2177 711 2250 νόμον
735 2181 1019 2250 ἐκάλεσεν,
1045 2185 1219 2250 οὕτως
1260 2188 1404 2247 κατὰ
1441 2190 1503 2244 τὸ
1528 2192 1742 2248 ἀκόλου-

1854 2187 2086 2241 sterium
2125 2188 2385 2261 Spiritus.
2421 2211 2441 2245 ι
2465 2193 2621 2251 Sicut
2651 2196 3019 2261 ministerium
3038 2171 3236 2260 inortis
3261 2203 3434 2275 legent

140 2264 249 2320 θον
287 2265 492 2337 ὤφειλε
522 2269 623 2341 τὴν
647 2272 776 2328 νέαν
810 2275 1037 2333 καλέσαι
1062 2279 1337 2335 διακονίαν
1367 2281 1539 2354 ζωῆς.
1588 2285 1750 2347 ’Δλλά

135 2355 320 2411 τοῦτο
355 2358 456 2428 μὲν
481 2364 683 2434 σιωπᾷ,
707 2365 770 2418 τὸ
800 2365 987 2437 μεῖζον
1016 2369 1073 2423 δὲ
1099 2369 1271 2440 λέγει.
1301 2373 1587 2430 Διακονίαν
1640 2376 1750 2447 γὰρ

137 2449 332 2520 αὐτὴν
373 2452 693 2525 Πνεύματος
717 2459 896 2527 καλεῖ,
932 2463 1028 2515 τοῦ
1057 2463 1153 2519 καὶ
1176 2464 1275 2536 τὴν
1305 2463 1452 2538 ζωὴν
1499 2466 1749 2533 ἐξουσίαν

145 2540 385 2610 ἔχοντος
400 2546 687 2617 παρέχειν.
709 2550 997 2606 Διακονίαν
1020 2554 1076 2609 δὲ
1108 2555 1423 2626 Πνεύματος
1441 2559 1613 2631 αὐτὴν
1646 2578 1747 2615 και-

136 2633 254 2699 λεί,
286 2635 381 2689 διὰ
395 2637 493 2708 τὴν
508 2639 854 2713 ὲπιφοίτησιν
881 2644 976 2698 τοῦ
1006 2646 1164 2715 ἁγίου
1212 2647 1547 2721 Πνεύματος,
1579 2652 1748 2707 οἱονεὶ

138 2724 254 2795 τὴν
327 2733 848 2807 παρασκευαστικὴν
907 2737 1007 2805 τῆς
1048 2739 1173 2795 τοῦ
1236 2744 1394 2812 ἁγίου
1487 2746 1743 2817 Πνεύμα-

137 2837 242 2883 τος
288 2822 717 2896 ἐπιφοιτήσεως.
751 2846 770 2880 ι
794 2829 853 2883 Ei
877 2831 1033 2903 γὰρὴ
1060 2833 1308 2891 διακονία
1336 2840 1434 2906 τῆς
1464 2839 1744 2911 κατακρί-

140 2926 313 2975 σεως.
372 2930 395 2967 ι
474 2914 607 2970 Ἀπὸ
676 2919 1037 2993 συλλογισμοῦ
1128 2928 1190 2980 τὸ
1251 2927 1474 2998 εὔλογον
1528 2931 1744 3003 Ξχοντος

135 3001 250 3071 τὴν
279 3001 571 3077 σύγκρισιν
600 3014 854 3068 ποιεῖται..
903 3016 966 3070 Εἰ
1015 3018 1125 3088 γὰρ
1171 3020 1320 3090 δόξα,
1373 3001 1743 3095 φησὶνξὲστὶν

139 3096 203 3145 ὲν
230 3094 317 3164 τῷ
344 3097 514 3169 νόμῳ,
552 3102 646 3156 καί
669 3121 750 3157 τοι
786 3104 900 3161 ὄντι
925 3108 1159 3181 διακόνῳ
1180 3113 1409 3169 θανάτου
1438 3094 1535 3173 καὶ
1568 3137 1742 3174 κατα-

142 3186 416 3257 κρίσεως,
453 3193 632 3264 πολλῷ
660 3197 862 3267 μᾶλλον
887 3201 1030 3255 κατὰ
1059 3204 1118 3257 τὸ
1151 3205 1462 3276 ἀκόλουθον,
1482 3213 1543 3267 οὐ
1574 3213 1735 3283 μόνον

142 3277 304 3333 ἔστιν
330 3283 391 3336 ὲν
419 3286 486 3355 τῇ
516 3286 613 3357 νέᾳ
643 3288 941 3357 δόξα,ἁλλὰ
974 3294 1064 3355 καὶ
1097 3298 1430 3368 περισσεύει.
1460 3277 1733 3377 Καὶ-γὰρ,

150 3392 171 3424 ι
217 3375 573 3443 Περισσεύει.
619 3400 637 3433 ι
683 3383 789 3438 Τοῦ
840 3387 939 3457 μὲν
1004 3389 1115 3459 γὰρ
1166 3391 1335 3463 νόμου
1384 3375 1747 3468 ἁμαρτωλοὺς

142 3467 530 3536 λαμϐάνοντος
563 3475 655 3528 καὶ
684 3481 1120 3551 τιμωρουμένου,
1148 3485 1209 3537 τὸ
1259 3487 1521 3559 κήρυγμα
1572 3492 1747 3564 ἁμαρ⁸

143 3559 367 3625 τιυὶοὺς
398 3561 677 3631 λαμϐάνον
707 3569 767 3622 ὲν
795 3570 874 3641 τῷ
906 3571 1267 3646 βαπτίσματι,
1314 3578 1376 3632 ού
1426 3580 1587 3650 μόνον
1614 3559 1624 3564 ⁷
1652 3559 1746 3639 ἁν-

145 3655 422 3721 ευθύνους
445 3660 663 3731 ἀφίησι,
696 3664 812 3734 (καί
841 3684 924 3721 τοι
950 3670 1112 3740 ἤρκει
1136 3672 1231 3726 καὶ
1260 3673 1464 3747 τοῦτα)
1491 3677 1625 3733 ἀλλὰ
1648 3680 1743 3734 καὶ

141 3748 376 3815 δικαιοῖ,
410 3754 503 3806 καὶ
525 3755 761 3824 ἁγιάζει,
791 3760 886 3812 καὶ
916 3762 996 3824 είς
1023 3763 1293 3819 υίοθεσίαν
1307 3769 1399 3822 καὶ
1411 3772 1478 3835 εἰ,
1522 3774 1616 3826 καὶ
1643 3774 1743 3839 τὰς

148 3838 464 3908 μελλούσας
489 3845 710 3912 ἐλπίδας
760 3851 1181 3920 ἐπαγγέλλεται.
1213 3857 1376 3912 Ὅθεν
1422 3862 1515 3914 καὶ
1562 3838 1743 3919 διακοέ

146 3932 278 3986 νξαν
302 3934 657 4010 δικαιοσύνης
700 3942 875 4016 αὐτὴν
898 3945 1074 4015 καλεῖ,
1118 3948 1195 4012 ὡς
1239 3952 1553 4011 δικαιοῦσαν
1615 3960 1741 4024 τοὺς

145 4023 401 4087 ἀσεϐεῖς.

229 4221 251 4253 ε
284 4204 397 4259 Καὶ
417 4206 527 4280 γὰρ
556 4209 618 4264 ού
651 4212 986 4278 δεδόξασται.
1023 4236 1041 4270 ι
1073 4219 1182 4273 Καὶ
1222 4222 1295 4288 τί,
1363 4226 1547 4295 φησὶν,
1595 4227 1741 4282 ἀντι-

147 4297 466 4368 παράθεσιν
506 4303 642 4363 ποιῶ
664 4307 763 4377 τῆς
781 4308 909 4373 νέας
963 4310 1063 4364 xa‘t
1085 4310 1180 4366 τοῦ
1228 4314 1434 4384 νόμου;
1489 4318 1735 4392 Τοσαύτη

1852 2278 2165 2347 appellavit,
2199 2280 2275 2337 ita
2309 2299 2457 2340 nunc
2484 2301 2551 2341 ex
2590 2291 2948 2360 consequenti
2996 2291 3277 2350 debuisset
3323 2296 3434 2353 Νο-

1848 2384 1978 2429 vum
2027 2368 2438 2433 Testamentum
2475 2395 2672 2437 vocare
2697 2383 3069 2442 ministerium
3123 2388 3247 2443 vita:
3280 2407 3294 2443 :
3336 2391 3432 2446 sed

1852 2460 1962 2525 hoc
1982 2463 2207 2533 quidem
2272 2477 2435 2536 tacet,
2466 2487 2655 2530 verum
2677 2473 2823 2544 quod
2885 2477 3066 2547 majus
3115 2489 3201 2534 est
3243 2479 3379 2535 dicit
3414 2498 3429 2535 :

1848 2553 2030 2624 ipsum
2050 2558 2201 2621 enim
2227 2569 2387 2616 vocat
2418 2560 2666 2633 Spiritus
2700 2567 3091 2636 ministerium,
3125 2585 3248 2626 cum
3266 2573 3431 2628 etiam

1848 2644 2049 2703 habeat
2069 2658 2400 2719 potestatem
2433 2654 2599 2713 dandi
2636 2660 2829 2717 vitam.
2860 2659 3034 2720 Vocat
3059 2672 3240 2720 autem
3267 2666 3431 2721 mini-

1847 2740 2077 2796 sterium
2105 2741 2369 2814 Spiritus,
2403 2759 2627 2823 propter
2660 2752 2895 2823 Spiritus
2921 2757 3098 2813 sancti
3125 2773 3430 2828 superven-

1831 2829 2078 2900 tionem,
2168 2841 2431 2908 tanquam
2490 2846 2909 2912 preparativnm
2988 2852 3431 2919 superventionis

1847 2919 2089 2993 Spiritus
2117 2928 2312 2983 sancti.
2347 2948 2363 2983 ι
2400 2930 2539 2988 Nam
2572 2933 2620 2988 si
2671 2936 3039 2993 ministerium
3089 2940 3427 2997 condemna-

1844 3010 2034 3069 tionis.
2075 3033 2095 3073 ι
2148 3016 2228 3071 Ex
2295 3021 2722 3084 ratiocinatione
2754 3030 3227 3099 comparationem
3288 3031 3421 3089 facit

1844 3104 2047 3160 rationi
2075 3122 2401 3171 consonam.
2444 3112 2503 3171 Si
2538 3116 2731 3185 gloria,
2784 3120 2986 3190 inquit,
3046 3130 3132 3179 est
3184 3123 3239 3178 in
3289 3123 3424 3194 lege,

1844 3212 1966 3266 qua:
1990 3206 2170 3257 tamen
2186 3205 2384 3263 mortis
2404 3221 2468 3263 ac
2500 3208 2985 3270 condemnationis
3010 3213 3262 3271 ministra
3286 3226 3428 3287 erat,

1840 3289 2017 3346 multo
2047 3294 2223 3363 magis
2258 3300 2616 3369 consequitur
2646 3312 2704 3356 ut
2759 3303 2814 3359 in
2861 3303 3014 3362 Novo
3075 3306 3428 3364 Testamento

1850 3392 1959 3435 non
1984 3381 2160 3441 solum
2175 3384 2349 3455 gloria
2375 3389 2468 3455 sit,
2497 3391 2593 3449 sed
2613 3392 2780 3448 etiam
2798 3395 3050 3452 excellat.
3079 3396 3237 3461 Nam,
3272 3416 3292 3452 ι
3322 3400 3426 3454 Ex-

1846 3469 2017 3536 cellit,
2048 3491 2067 3527 ι
2121 3474 2491 3549 ἱηᾳυίι.ιευω
2515 3483 2663 3537 enim
2692 3485 2777 3540 lex
2833 3486 3249 3557 deprehtmdcns
3300 3505 3427 3561 pec-

1845 3569 2085 3633 catores,
2152 3571 2397 3637 puniret,
2429 3572 2747 3644 prmdicatio
2777 3586 3094 3645 peccatores
3119 3577 3426 3650 deprehen-

1847 3650 1984 3709 dens
2019 3655 2076 3712 in
2099 3655 2450 3730 baptismate,
2482 3678 2591 3719 non
2633 3666 2796 3723 modo
2827 3666 2948 3724 sine
2987 3668 3424 3739 pmnndimittit,

1847 3756 1973 3805 cum
2002 3754 2182 3805 tamen
2217 3749 2322 3809 hoc
2353 3754 2492 3815 satis
2526 3764 2711 3812 esset:
2752 3772 2942 3812 verum
2974 3760 3139 3817 etiam
3157 3760 3426 3829 justiﬁcat

1847 3844 1903 3893 et
1931 3841 2265 3910 sanctiﬁcat,
2318 3861 2382 3902 ac
2406 3847 2461 3902 in
2487 3848 2835 3919 ad0ptionem
2873 3860 3053 3919 vocat,
3087 3853 3425 3911 futurorum-

1842 3942 1953 3997 que
1984 3930 2430 4006 bonorum'Spem
2464 3939 2757 4007 promittit.
2815 3939 2967 3999 Unde
3001 3944 3167 3998 etiam
3199 3943 3416 4001 Novum

1844 4017 2254 4081 Testamentum
2285 4029 2826 4085 voeatministeriuin
2851 4031 3273 4104 justitia,619
3298 4043 3422 4092 tan-

1842 4126 2007 4182 quam
2039 4114 2236 4185 impios
2261 4117 2596 4188 jnstilicans.

1919 4221 1939 4257 ι
1978 4206 2430 4279 Quandoquidem
2463 4228 2531 4268 ne
2549 4212 2913 4281 glorillcatum
2967 4217 3185 4286 quidem
3236 4220 3356 4275 fuit.
3396 4240 3414 4271 ι

1846 4296 1909 4350 Et
1931 4298 2060 4367 quid
2083 4300 2452 4368 collationem,
2487 4304 2686 4375 inquit,
2719 4308 2860 4364 facio
2887 4307 3021 4365 Novi
3080 4308 3417 4368 Testamenti

147 4391 288 4460 γὰρ,
317 4394 746 4465 φησὶ,τῆςνέας
793 4401 828 4470 ἡ
880 4401 1113 4474 διαφορὰ
1171 4380 1358 4478 καὶνή
1415 4409 1563 4476 δόξα,
1630 4380 1735 4480 ὅτι,

1847 4388 1910 4442 ad
1951 4390 2359 4459 legem?Tanta
2417 4402 2503 4451 est
2526 4395 2659 4452 Novi
2720 4396 3052 4456 Testamenti
3094 4403 3416 4458 excellentia

147 4481 348 4550 φησιν,
376 4484 435 4537 ὲν
457 4489 799 4558 συγκρίσεως
836 4491 1011 4563 μέρει,
1059 4494 1237 4566 (τοῦτο
1292 4498 1399 4568 γάρ
1422 4502 1568 4555 ἐστιν
1592 4501 1620 4556 ὃ
1648 4503 1735 4560 λέ-

148 4591 245 4641 γει
274 4576 336 4628 ἐν
373 4578 553 4650 τούτῳ
587 4582 667 4653 τῷ
704 4584 884 4654 μέρει,
914 4588 1162 4642 τουτέστι
1223 4593 1322 4661 τῆς
1350 4593 1735 4667 συγκρίσεως),

149 4665 278 4720 οὐδὲ
295 4664 454 4732 δόξαν
475 4668 782 4741 ἔχεινδόξει
818 4677 849 4744 ἡ
877 4677 1106 4746 παλαιὰ,
1136 4679 1230 4733 καί
1257 4698 1338 4735 τοι
1368 4664 1733 4758 δεδοξασμένη

150 4751 315 4825 οὖσα,
347 4760 424 4824 ὡς
444 4762 581 4833 πρὸς
610 4764 1039 4839 ἀντιπαράθεσιν
1065 4772 1166 4842 τῆς
1189 4772 1336 4838 νέας.
1375 4794 1396 4829 ι
1453 4777 1543 4832 Ἐν
1557 4751 1732 4852 eodem

150 4849 234 4918 τῷ
253 4851 433 4921 μέρει.
475 4872 495 4906 ι
529 4852 857 4933 [ΘΕΟΔΩΡ.]
883 4891 954 4903 -—
976 4864 1224 4938 Τοσαύτη
1243 4867 1354 4940 γάρ
1385 4870 1526 4933 ἐστι,
1544 4849 1732 4944 φησὶν,

151 4946 184 5010 ἡ
229 4946 345 5007 τοῖς
373 4945 641 5013 διακόνοις
668 4950 768 5021 τῆς
791 4952 1015 5025 χάριτος
1042 4960 1421 5030 προσεσομένη
1471 4961 1620 5031 δόξα,
1652 4966 1735 5020 ὅτι

149 5035 276 5088 οὐδὲ
315 5036 476 5104 δόξαν
533 5042 675 5097 είς-’.οι
701 5061 782 5107 τις
812 5045 878 5100 ἂν
899 5048 1123 5113 εἰκότως
1148 5051 1246 5124 τὴν
1277 5055 1469 5111 Μωσεῖ
1503 5073 1736 5129 προσγε-

159 5124 414 5198 δομένην,
453 5131 778 5188 ἀποϐλέπων
808 5138 888 5200 είς
921 5138 1169 5205 τούτους.
1212 5144 1303 5197 Ἐν
1327 5146 1481 5201 νυκτὶ
1511 5124 1608 5218 μὲν
1626 5124 1733 5222 γὰρ

150 5219 218 5273 τὸ
244 5218 518 5291 λυχνιστον
552 5224 692 5293 φῶς,
723 5230 1022 5294 φανότατον
1037 5228 1176 5287 εἶναι
1196 5235 1362 5303 δοκεῖ,
1408 5239 1465 5292 ὲν
1517 5218 1730 5313 μεσημξ

152 5311 288 5383 ϐρίᾳ
319 5311 376 5369 δὲ
416 5314 558 5388 μέσῃ
584 5317 907 5387 κρύπτεται,
948 5328 1041 5376 καὶ
1072 5324 1191 5379 οὐδὲ
1237 5327 1350 5396 φῶς
1379 5323 1519 5383 εἶναι
1574 5311 1727 5403 νομί-

150 5405 331 5468 ζεται.
369 5406 473 5461 Τὸν
535 5410 594 5463 δὲ
640 5410 806 5482 νόμον
851 5415 1077 5470 ἐκάλεσε
1130 5421 1596 5491 καταργούμενον,
1651 5423 1728 5489 ὡς

151 5496 513 5568 παυσάμενον
535 5502 599 5570 τῇ
631 5502 866 5572 Χριστοῦ
898 5508 1195 5579 παρουσίᾳ,
1229 5510 1387 5579 μένον
1434 5510 1490 5564 δὲ
1528 5514 1590 5566 τὺ
1627 5514 1726 5584 τῆς

152 5584 379 5654 χάριτος
414 5586 605 5657 δῶρον,
631 5589 707 5654 ὡς
748 5591 808 5645 οὐ
839 5592 1141 5665 ληψόμενον
1207 5596 1378 5660 τέλος.
1435 5599 1495 5651 Εί
1556 5599 1734 5655 τοίνυν

152 5678 394 5743 ἐκεῖνον,
424 5680 580 5750 φησὶ,
610 5679 878 5754 τετύχηκε
902 5684 1083 5755 δόξης,
1126 5686 1368 5756 δηλονότι
1420 5688 1516 5743 καὶ
1580 5688 1735 5743 τοῦτο

149 5770 574 5836 πολλαπλασίως
619 5774 889 5841 τεύξεται.
928 5796 947 5828 ι
990 5777 1066 5832 Τὸ
1111 5778 1514 5850 δεδοξασμένον.
1557 5798 1577 5832 ι
1610 5774 1736 5835 Οίον

149 5866 179 5916 ὁ
213 5863 383 5932 νόμος
415 5864 442 5915 ὁ
468 5863 622 5930 δόξαν
652 5866 788 5938 ἔχων
835 5870 920 5926 διὰ
984 5870 1076 5925 τοῦ
1126 5871 1421 5941 προσώπου
1469 5872 1730 5938 Μωσέως.

1839 4494 1903 4535 ac
1935 4481 2125 4552 gloria,
2147 4492 2205 4537 ut
2234 4486 2286 4540 in
2307 4485 2409 4541 hac
2427 4498 2581 4557 parte
2603 4490 3132 4558 c0nl‘erendu,Vetus
3146 4509 3212 4549 ne
3249 4496 3413 4551 ullam

1838 4573 2057 4642 quidem
2096 4577 2347 4634 videatur
2397 4579 2600 4636 habere
2617 4582 2868 4652 gloriam.
2905 4584 3029 4641 licet
3051 4586 3411 4657 gloriﬁcatum

1838 4663 1930 4728 sit,
1968 4664 2015 4720 si
2054 4666 2118 4720 ad
2165 4665 2375 4741 Novum
2419 4670 2693 4729 conferas.
2730 4671 2797 4729 Et
2836 4673 2938 4729 hoc
2960 4682 3066 4740 est,
3100 4678 3245 4746 quod
3297 4679 3411 4736 ait:

1843 4775 1863 4810 ι
1910 4757 1968 4813 ln
2009 4758 2110 4814 hac
2141 4769 2315 4831 parte,
2361 4781 2381 4815 ι
2417 4778 2612 4834 nempe
2675 4767 3126 4836 comparationis.
3156 4799 3229 4811 —
3272 4769 3410 4827 Nam

1839 4857 1991 4906 tanta
2026 4859 2132 4921 est,
2170 4855 2369 4927 inquit,
2399 4856 2467 4911 ad
2495 4858 2784 4918 ministros
2814 4864 3002 4932 gratiae
3031 4862 3273 4919 reditura
3293 4866 3411 4935 glo-

1836 4943 1939 5011 ria,
1987 4952 2047 4999 ut
2094 4948 2292 5005 merito
2323 4964 2498 5019 neque
2549 4953 2777 5021 gloriam
2801 4969 2923 5011 esse
2952 4956 3096 5011 dicat
3112 4956 3410 5028 quispiam,

1838 5048 1957 5088 eam
1994 5051 2113 5104 quae
2154 5036 2341 5094 Mosen
2404 5050 2595 5097 secuta
2645 5053 2748 5107 est,
2794 5048 2838 5099 si
2872 5045 2940 5100 ad
2976 5046 3076 5103 hos
3134 5049 3408 5120 respiciat.

1837 5122 2122 5195 Siquidem
2155 5128 2394 5185 lucernae
2430 5130 2522 5186 lux
2557 5132 2614 5186 in
2640 5140 2800 5189 nocte
2822 5137 3037 5191 videtur
3066 5152 3189 5195 esse
3223 5142 3410 5211 splen-

1836 5217 2119 5276 didissima
2148 5231 2201 5277 at
2221 5222 2275 5277 in
2294 5224 2518 5279 meridie
2537 5225 2867 5293 occultatur,
2890 5235 2945 5281 et
2972 5243 3040 5285 ne
3069 5228 3159 5285 lux
3191 5232 3409 5301 quidem

1835 5325 1959 5368 esse
2004 5313 2376 5371 existimatur.
2402 5315 2601 5388 Legem
2644 5327 2826 5374 autem
2871 5320 3011 5376 dixit
3049 5323 3255 5378 aboleri
3292 5341 3308 5380 :
3354 5336 3411 5379 ut

1835 5417 1958 5471 qua:
1982 5403 2047 5458 ad
2078 5404 2279 5462 Christi
2303 5406 2655 5477 praesentiam
2675 5415 3017 5468 cessaverit:
3047 5413 3237 5483 gratiae
3279 5428 3408 5467 vero

1836 5496 2040 5553 donum
2073 5512 2317 5564 manere,
2345 5509 2404 5556 ut
2423 5501 2568 5571 quod
2603 5502 2762 5558 linem
2791 5521 2902 5561 non
2937 5505 3157 5560 habeat.
3188 5501 3244 5559 Si
3274 5520 3409 5575 ergo

1834 5588 1992 5655 illud,
2025 5590 2223 5658 inquit,
2266 5592 2523 5648 sortitum
2549 5604 2633 5650 est
2666 5596 2919 5667 gloriam,
2946 5595 3297 5650 manifestum
3323 5605 3408 5651 est

1834 5683 1980 5754 quod
2010 5683 2155 5740 istud
2181 5685 2352 5741 multo
2367 5685 2632 5758 majorem
2662 5690 2941 5743 sortietur.
2990 5703 3007 5737 ι
3043 5684 3196 5751 Quod
3237 5686 3406 5757 glori.

1834 5780 2056 5835 licatum
2087 5789 2193 5837 est.
2225 5800 2245 5833 ι
2286 5778 2426 5837 Puta
2486 5781 2572 5838 lex
2615 5794 2736 5849 qua:
2790 5777 3021 5852 gloriam
3072 5775 3262 5831 habuit
3312 5793 3406 5847 per

1834 5872 2027 5929 faciem
2058 5871 2215 5930 Mosi.
2252 5893 2268 5925 ι
2306 5873 2361 5928 In
2391 5874 2494 5930 hac
2535 5881 2708 5936 parte.
2752 5891 2768 5925 ι
2825 5872 2880 5926 In
2939 5874 3091 5933 parte
3115 5882 3406 5939 compara.
