3906 6588
514 372 620 437 959

1570 379 1970 441 (ECUMENII
2009 380 2304 442 TRICCAE
2333 379 2676 441 EPISCOPI

3626 382 3703 447 ιιι

513 486 783 543 Christum
814 488 990 542 Iesum
1032 488 1338 557 Dominum,
1370 505 1463 543 nos
1514 490 1656 561 ipsos
1696 505 1871 550 autem
1918 513 2092 551 servos

2202 496 2308 549 τοῦ
2360 493 2643 563 Χριστοῦ,
2666 490 2735 558 ὅς
2770 491 2946 544 ἐστιν
2979 489 3157 543 εἰκὼν
3201 490 3309 545 τοῦ
3346 490 3507 544 Θεοῦ.
3534 493 3603 545 Οὐ
3624 497 3703 562 γὰρ

414 578 418 585 ’
515 591 714 636 vestros
741 592 955 651 propter
982 580 1186 639 Iesum.

586 845 860 910 Quoniam
904 850 1118 908 dixerat
1171 859 1316 926 quod
1372 861 1513 931 apud
1551 876 1768 917 omnem
1814 860 2095 914 hominum

517 933 912 991 conscientiam
931 955 990 994 se
1017 946 1346 1002 ostendisset
1372 965 1467 1017 per
1499 965 1679 1004 veram
1708 950 2099 1003 manilestatio-

518 1040 664 1087 nem,
700 1026 803 1083 hoc
828 1041 913 1084 est
939 1070 952 1095 ,
985 1034 1451 1104 pra-dicationem,
1492 1040 1888 1096 adversabatur
1914 1049 2096 1095 autem

516 1113 622 1180 ipsi
652 1119 798 1185 quod
831 1135 939 1174 non
971 1125 1227 1181 omnibus
1262 1137 1407 1183 esset
1445 1130 1735 1185 manifesta
1761 1130 2094 1198 praedicatio,

515 1207 659 1273 quod
694 1209 914 1278 planum
955 1224 1038 1270 est
1086 1232 1149 1271 ex
1189 1218 1275 1273 his
1317 1223 1409 1291 qui
1441 1237 1546 1276 non
1574 1223 1944 1289 crediderunt,
1982 1224 2093 1279 ait:

513 1300 676 1369 625
708 1300 826 1359 Non
858 1304 993 1362 illud
1017 1323 1118 1364 nos
1148 1322 1373 1367 accusat
1410 1320 1505 1368 aut
1544 1314 1819 1385 Evangelii
1846 1316 2099 1372 obscuri-

517 1401 704 1458 tatem,
736 1396 833 1451 sed
871 1398 1087 1457 illorum
1136 1400 1495 1472 perditionem
1518 1422 1584 1461 ac
1623 1408 1945 1463 caecitatem.
1977 1426 1996 1459 ι
2038 1408 2095 1463 ln

515 1485 718 1550 quibus
750 1488 895 1546 Deus
922 1491 1088 1561 hujus
1115 1497 1324 1552 saeculi.
1363 1516 1383 1549 ι
1427 1497 1627 1555 Eorum
1657 1502 1749 1571 qui
1781 1509 1937 1559 extra
1976 1519 2097 1575 ενοι

515 1589 633 1642 gem
687 1588 819 1633 sunt
867 1580 1092 1650 Christi,
1127 1586 1218 1641 alii
1262 1588 1333 1642 ab
1381 1589 1540 1644 initio
1581 1590 1840 1647 increduli
1875 1593 2100 1649 fuerunt

516 1670 760 1723 sermoni
789 1672 1210 1741 praedicationis,
1242 1678 1332 1732 alii
1362 1680 1713 1736 crediderunt
1739 1684 1981 1753 quidem,
2000 1686 2096 1742 sed

517 1760 643 1829 quia
685 1776 795 1816 non
827 1763 1100 1820 habebant
1136 1776 1293 1823 terrae
1308 1770 1675 1839 altitudinem,
1696 1790 1913 1829 rursum
1938 1791 1967 1830 a
1993 1777 2094 1832 ﬁde

517 1852 852 1922 r.-silierunt,
899 1872 1039 1926 quos
1088 1876 1279 1918 omnes
1334 1862 1534 1921 Paulus
1589 1867 1722 1921 dicit
1769 1881 2088 1939 pereuntes;

515 1959 664 1998 nunc
697 1952 875 2001 tamen
907 1947 1010 2019 ipsi
1047 1965 1229 2007 sermo
1257 1961 1341 2009 est
1372 1955 1439 2011 de
1469 1956 1559 2013 his
1586 1958 1682 2029 qui
1710 1960 1780 2015 ab
1802 1960 1957 2017 initio
1989 1962 2094 2033 ipsi

515 2052 625 2092 non
661 2039 1030 2097 crediderunt.

587 2130 683 2186 llis
706 2134 849 2187 enim
912 2135 1136 2192 omnino
1185 2139 1426 2194 velatum
1479 2150 1565 2196 est
1594 2142 1971 2214 Evangelium,
2032 2155 2090 2201 ct

516 2223 592 2277 ait
623 2242 636 2278 :
684 2225 739 2279 lu
766 2226 1080 2283 hominibus
1109 2230 1201 2299 qui
1240 2241 1472 2301 pereunt
1499 2249 1602 2289 nec
1636 2237 1863 2291 omnino
1912 2240 2095 2293 credi-

516 2319 744 2382 derunt,
769 2322 1029 2375 cxcmcati
1061 2334 1194 2377 sunt
1216 2337 1436 2389 sensus,
1473 2340 1539 2380 ne
1580 2326 1708 2382 ﬁdei
1740 2329 2093 2398 splendorem

517 2427 545 2466 s
570 2412 880 2479 :scipercut.
948 2412 1115 2469 Deum
1151 2422 1332 2470 autem
1368 2416 1534 2486 hujus
1589 2420 1776 2474 saeculi
1808 2420 2092 2477 Manichmi

516 2503 737 2571 quidem
802 2513 854 2559 et
889 2505 1193 2563 Marciones
1251 2509 1403 2562 aiunt
1436 2510 1639 2564 malum
1706 2511 1813 2567 dici
1881 2513 2091 2570 deum:

518 2593 789 2662 s‘quidem
820 2596 931 2650 duo
985 2598 1283 2668 suntapud
1334 2600 1458 2658 illos
1482 2601 1593 2667 dii;
1633 2618 1736 2659 nos
1786 2620 1918 2660 vero
1968 2622 2094 2661 eum

518 2686 753 2741 dicimus
784 2688 876 2755 qui
899 2688 1154 2757 omnibus
1185 2690 1440 2759 prscsidet
1463 2710 1478 2746 :
1498 2695 1596 2748 sed
1627 2698 2092 2764 quemadmodum

520 2774 664 2828 l‘eus
709 2775 833 2829 cadi
873 2784 927 2830 et
981 2786 1142 2832 terra:
1199 2778 1382 2836 dictus
1447 2792 1532 2838 est
1564 2783 1631 2848 ",
1694 2794 1747 2839 et
1781 2785 1924 2842 Deus
1957 2803 2097 2856 prae-

519 2866 693 2921 sentis
715 2867 847 2932 diei,
875 2877 928 2922 ct
958 2867 1102 2924 Deus
1137 2870 1410 2927 Abraham
1439 2882 1493 2929 et
1539 2874 1693 2931 Isaac
1739 2885 1794 2933 et
1825 2876 1995 2934 Iacob
2025 2881 2093 2945 ",

522 2978 621 3017 nec
653 2963 723 3019 ob
750 2966 803 3019 id
829 2974 1151 3021 cacterorum
1180 2966 1323 3022 Deus
1346 2982 1457 3022 non
1484 2975 1570 3023 est
1596 2983 1611 3022 :
1638 2968 1708 3022 ita
1740 2968 1846 3024 hoc
1872 2986 2097 3042 quoque

520 3054 787 3125 iutellige,
817 3055 960 3112 Deus
995 3058 1162 3127 hujus
1225 3059 1436 3115 saeculi.
1457 3058 1567 3113 Aut
1615 3074 1743 3114 cum
1795 3061 2097 3132 hyperbato

2198 585 2455 651 ἑαυτοὺς
2506 584 2920 652 κηρύσσομεν,
2973 580 3135 635 ἀλλὰ
3178 580 3434 649 Χριστόν
3508 579 3702 646 Ἰησοῦν

2198 678 2417 745 Κύριον
2442 693 2456 708 ·
2526 673 2795 741 ’ἑαυτοὺς
2839 674 2907 727 δὲ
2968 673 3229 737 δούλους
3291 670 3456 741 ὑμῶν
3497 672 3583 726 διὰ
3621 676 3702 742 'Iq-

2198 769 2374 823 σοῦν.
3174 823 3178 827 .

2285 857 2503 929 Ἐπειδὴ
2536 852 2678 923 εἷπε,
2740 857 3095 927 πρὸςστᾶσαν
3124 854 3428 923 συνείδησιν
3460 853 3704 925 ἀνθρώπων

2201 947 2553 1000 συνίστασθαι
2583 945 2674 1000 διά
2705 947 2803 1018 τῆς
2848 943 3078 1017 ἀληθοῦς
3110 941 3488 1013 φανερώσεως,
3514 945 3702 999 τουτέστι

2198 1038 2269 1092 τὰ
2294 1038 2392 1092 τοῦ
2425 1037 2803 1109 κηρύγματος,
2846 1036 3127 1091 ἀντέκειτο
3142 1035 3204 1090 δὲ
3242 1034 3392 1105 αὐτῷ
3419 1034 3480 1089 τὸ
3501 1035 3568 1105 μὴ
3582 1039 3704 1090 πᾶσιν

2199 1126 2339 1183 εἶναι
2397 1129 2633 1201 φανερὸν
2656 1128 2718 1182 τδ
2746 1128 3031 1199 κήρυγμα,
3093 1127 3214 1196 (καὶ
3252 1125 3414 1196 δῆλον
3443 1126 3499 1194 ἐξ
3540 1119 3604 1181 ὧν
3633 1130 3704 1183 οὐκ

2200 1221 2572 1291 ἐπίστευσαν)
2616 1220 2781 1290 φησίν
2811 1238 2830 1252 ο
2860 1221 2973 1289 Οὐχ
3018 1218 3176 1289 ἡμῶν
3203 1218 3267 1272 τδ
3302 1217 3561 1288 ἔγκλημα,
3581 1220 3611 1290 ἦ
3632 1220 3704 1288 τῆς

2198 1315 2467 1383 ἀσαφείας
2494 1313 2588 1368 τοῦ
2598 1314 2942 1382 εὐαγγελίου,
2962 1311 3100 1366 ἀλλὰ
3123 1312 3225 1380 τῆς
3246 1310 3466 1366 ἐκείνων
3490 1312 3703 1375 ἀπωλείας

2200 1409 2296 1461 καὶ
2327 1407 2674 1477 τυφλώσεως.
2716 1426 2735 1459 ι
2758 1408 2851 1461 Ἑν
2864 1400 2947 1470 οἷς
2973 1409 3002 1459 ὁ
3022 1405 3156 1469 Θεδς
3183 1403 3280 1458 τοῦ
3304 1404 3493 1467 αξῶνος
3511 1403 3701 1459 τούτου.»

2198 1498 2322 1552 Τῶν
2344 1497 2450 1564 ἔξω
2485 1499 2586 1567 τῆς
2623 1499 2826 1569 ἀγέλης
2845 1498 2940 1551 τοῦ
2962 1495 3225 1568 Χριστοῦ,
3255 1496 3308 1548 οί
3344 1495 3441 1565 μὲν
3467 1494 3556 1565 τὴν
3576 1495 3704 1567 ἀρχὴν

2198 1594 2507 1663 ἠπίστησαν
2543 1590 2619 1663 τῷ
2674 1591 2817 1660 λόγῳ
2870 1590 2967 1643 τοῦ
3024 1588 3403 1659 κηρύγματος,
3456 1588 3500 1640 οί
3531 1586 3581 1640 δὲ
3617 1589 3705 1640 txi-

2199 1700 2430 1737 στευσαν
2488 1684 2609 1753 μὲν,
2645 1683 2733 1736 διά
2757 1683 2816 1735 δὲ
2857 1682 2919 1735 τδ
2962 1681 3037 1752 μὴ
3065 1680 3208 1750 ἔχειν
3261 1679 3425 1749 βάθος
3448 1678 3559 1748 γῆς,
3586 1679 3706 1735 πάλιν

2198 1776 2572 1846 ἀπεφοίτησαν
2639 1775 2740 1844 τῆς
2797 1776 3036 1837 πίστεως
3067 1814 3082 1839 ,
3141 1773 3243 1837 οὒς
3300 1773 3534 1834 ἅπαντας
3580 1773 3705 1826 dmi-

2195 1868 2462 1939 λυμένυυς
2521 1870 2550 1921 ὁ
2610 1868 2820 1931 Παῦλος
2879 1867 3055 1921 καλεῖ.
3111 1866 3227 1919 Νῦν
3285 1863 3343 1917 δὲ
3379 1863 3554 1927 τέωςὸ
3592 1864 3705 1933 λόγος

2197 1958 2346 2030 αὐτῷ
2378 1959 2505 2031 περὶ
2533 1958 2642 2012 τῶν
2684 1956 2780 2027 τὴν
2815 1955 2989 2027 ἀρχὴν
3020 1954 3171 2025 αὐτῷ
3230 1952 3631 2022 ἀπιστησάντων.

2276 2139 2492 2202 Τούτοις
2519 2138 2627 2209 γὰρ
2654 2136 2935 2198 παντελῶς
2963 2134 3311 2189 κεκάλυπται
3336 2132 3397 2184 τὸ
3424 2131 3703 2199 Εὐαγγέλιον,

2197 2235 2288 2289 καί
2314 2249 2502 2304 φησιν,
2540 2233 2599 2285 ὲν
2630 2224 2712 2292 οἷς
2740 2226 3133 2296 ἀπολλυμένοις
3158 2221 3470 2294 ἀνθρώποις
3495 2221 3587 2274 τῶν
3609 2238 3704 2273 παν-

2195 2327 2364 2386 τελῶς
2407 2321 2827 2393 ἀπιστησάντων
2863 2317 3147 2389 ἐτυφλώθη
3187 2317 3263 2371 τὰ
3294 2319 3545 2388 νοήματα,
3573 2316 3632 2376 είς
3661 2313 3704 2367 τὸ

2200 2418 2337 2490 μηδὲ
2364 2419 2460 2486 τὴν
2489 2415 2661 2486 αὐγὴν
2690 2413 2949 2480 δέξασθαι-
2974 2411 3076 2482 τῆς
3112 2410 3371 2473 πίστεως.
3400 2407 3520 2461 Θεὸν
3543 2407 3589 2459 δὲ
3608 2405 3702 2459 altil-

2196 2526 2285 2572 νος
2312 2508 2528 2568 τούτου,
2569 2507 2864 2574 Βιανιχαῖοι
2902 2504 3019 2573 μὲιρ
3035 2503 3128 2556 καὶ
3163 2501 3485 2571 Μαρκίωνες
3517 2496 3699 2566 φασὶτδν

2197 2600 2431 2670 πονηρὸν
2485 2599 2666 2666 λέγειν
2725 2598 2870 2651 θεόν.
2922 2595 3027 2648 Δύο
3081 2597 3191 2665 γὰρ
3251 2593 3384 2665 παρ’
3416 2593 3574 2654 αὐτοῖς
3607 2590 3697 2642 θεοῐ.

2209 2690 2401 2754 Ἡμεῖς
2440 2688 2497 2742 δὲ
2527 2688 2619 2741 τὸν
2652 2688 2742 2740 ἐπὶ
2770 2686 2988 2739 πάντων
3018 2685 3223 2755 φαμέν.
3260 2682 3403 2735 Ἀλλ’
3432 2681 3591 2752 ὥσπερ
3608 2680 3696 2743 ea;

2198 2783 2415 2852 εἴρηται
2453 2779 2685 2852 οὐρανοῦ
2734 2778 2826 2832 καὶ
2867 2778 2992 2847 γῆς,
3037 2778 3132 2830 καὶ
3166 2775 3308 2839 Θεὸς
3352 2775 3448 2845 τῆς
3487 2771 3698 2844 παρούσης

2198 2874 2431 2945 ἡμέρας,
2459 2873 2553 2926 καὶ
2577 2871 2712 2934 Θεὸς
2749 2870 3021 2940 Ἀϐραὰμ,
3053 2869 3147 2923 καὶ
3189 2867 3399 2928 Ἰσαὰκ,
3427 2866 3510 2920 καὶ
3543 2863 3695 2925 Ἰακὼϐ,

2199 2967 2293 3016 καὶ
2324 2964 2383 3016 οὐ
2415 2962 2566 3031 παρά
2593 2961 2754 3014 τοῦτο
2782 2960 2890 3014 τῶν
2915 2958 3118 3013 λοιπῶν
3139 2958 3246 3012 οὐκ
3273 2957 3392 3011 ἔστι
3418 2955 3551 3019 Θεὸς,
3574 2952 3695 3013 οὕτως

2205 3073 2296 3127 μοι
2327 3055 2438 3109 νόει
2466 3055 2563 3108 καὶ
2594 3052 2676 3115 τὸ,
2717 3052 2850 3114 Θεὸς
2880 3052 2974 3104 τοῦ
3006 3051 3202 3114 αἰῶνος
3239 3049 3449 3102 τούτου.
3480 3047 3539 3100 Ἦ
3559 3045 3694 3107 οὕτως,

522 3147 627 3201 hoc
651 3148 815 3203 modo
837 3167 853 3204 :
875 3149 1285 3206 incredulorum
1310 3150 1476 3220 hujus
1506 3151 1861 3207 saeculi.Nam
1884 3153 1974 3207 hic
2010 3154 2093 3209 in-

2203 3148 2343 3217 μετά
2387 3144 2695 3215 ὑπερϐατοῦ
2721 3159 2734 3174 ο
2763 3143 2870 3196 τῶν
2905 3142 3153 3196 ἀπίστων
3183 3140 3282 3194 τοῦ
3332 3139 3512 3201 αἰῶνος
3546 3136 3694 3191 τούτω.

521 3240 729 3294 creduli
762 3247 912 3309 sunt,
956 3248 1086 3297 tunc
1114 3249 1295 3298 autem
1323 3258 1487 3298 omne
1518 3258 1658 3313 genu
1691 3259 1753 3299 se
1790 3244 2006 3310 ﬁectet,
2044 3254 2097 3301 et

520 3330 703 3384 oumis
765 3331 950 3401 lingua
1002 3332 1353 3389 conﬁtebitur
1411 3332 1656 3399 Christo,
1716 3349 1844 3392 cum
1883 3336 2098 3391 venerit

527 3422 583 3476 in
621 3421 854 3479 Paterna
886 3424 1078 3494 gloria.
1110 3424 1350 3496 Cyrillus
1384 3440 1515 3482 vero
1550 3427 1713 3497 hujus
1743 3428 1933 3484 δεουιὶ
1960 3428 2097 3485 dicit

520 3516 679 3568 drum
739 3530 871 3571 eum
922 3516 1018 3585 qui
1071 3516 1374 3573 incredulis
1435 3517 1785 3575 existimatus
1832 3526 1920 3575 est
1971 3534 2097 3576 esse

520 3608 679 3672 deus,
713 3622 907 3675 nempe
941 3607 1201 3661 Satanam
1237 3608 1406 3679 (hunc
1422 3610 1568 3666 enim
1586 3609 1888 3679 colebant),
1919 3610 2096 3680 primo

522 3699 538 3751 l
566 3700 665 3752 bro
721 3699 987 3756 adversus
1015 3698 1320 3755 lulianum.
1353 3729 1423 3743 -—
1445 3701 1570 3756 Alio
1605 3702 1783 3758 modo.
1819 3701 1936 3758 Hoc
1967 3710 2091 3759 est:

521 3788 934 3844 lncrcdulorum
958 3791 1122 3861 hujus
1143 3791 1329 3848 saeculi
1352 3796 1665 3852 excacavit.
1705 3794 1850 3853 Deus
1873 3812 2093 3865 sensus,

526 3898 654 3937 nam
684 3880 931 3939 futurum
987 3887 1247 3941 sa‘culum
1290 3887 1728 3945 incredulitatem
1766 3904 1875 3945 non
1907 3889 2092 3947 habet.

527 3995 547 4027 ι
592 3976 900 4031 Excaecavit
959 3993 1159 4035 sensus
1214 3978 1646 4035 incredulorum.
1686 4000 1709 4034 ι
1771 3979 1887 4035 Νοιι
1941 3981 2092 4053 quod

522 4068 640 4136 ipse
671 4068 863 4125 fecerit
898 4088 913 4126 :
967 4070 1154 4127 absit!
1190 4072 1286 4129 sed
1309 4072 1455 4143 quod
1487 4073 1605 4129 ﬁeri
1629 4073 1942 4144 permiserit
1965 4089 2096 4145 pro-

522 4169 643 4226 pler
710 4150 953 4216 liberum
1021 4162 1350 4229 arbitrium;
1420 4172 1479 4218 ut
1530 4165 1698 4221 etiam
1768 4164 1897 4221 alibi
1962 4167 2092 4221 ait:

527 4269 545 4301 ι
577 4248 825 4307 Tradidit
866 4253 989 4310 illos
1028 4253 1172 4311 Deus
1220 4254 1275 4309 in
1322 4254 1555 4311 affectus
1618 4256 1935 4326 ignominia:
1966 4259 2033 4322 ³⁸,
2068 4276 2089 4310 ι

521 4357 585 4397 ac
631 4345 677 4398 si
713 4344 973 4401 diceret:
1010 4344 1174 4402 Tradi
1216 4347 1487 4416 permisit.
1545 4347 1819 4415 Quoniam
1862 4351 2007 4405 enim
2061 4366 2093 4406 a

519 4432 742 4489 Christo
776 4443 1147 4499 recesserunt,
1188 4437 1411 4507 reliquit
1440 4453 1542 4494 eos
1571 4458 1587 4495 :
1625 4455 1751 4494 nam
1791 4441 2091 4497 volentium

2200 3233 2327 3310 ᾯδε
2366 3241 2478 3309 γὰρ
2515 3236 2828 3301 ἀπιποῦσι,
2869 3235 2994 3288 τότε
3037 3234 3094 3287 δὲ
3128 3234 3239 3287 πᾶν
3288 3232 3414 3303 γόνυ
3442 3231 3601 3295 κλινεῑ,
3634 3228 3696 3282 καὶ

2200 3331 2352 3384 πᾶσα
2378 3328 2595 3397 γλῶσσα
2628 3326 3086 3397 ἐξομολογήσεται
3128 3323 3379 3395 Χριστῷ.
3409 3324 3523 3377 ὅταν
3546 3319 3695 3392 ἐλθῃέν

2197 3427 2264 3495 τῇ
2305 3420 2542 3494 Πατρῴῦ
2570 3419 2718 3491 δάξιι-
2754 3419 3021 3489 Κύριλλος
3068 3418 3122 3473 δὲ
3161 3418 3316 3486 λέγει
3349 3416 3471 3469 Θεὸν
3501 3414 3577 3467 τοῦ
3604 3411 3693 3466 αἰῶ-

2206 3533 2297 3578 νος
2348 3514 2540 3568 τούτου
2609 3512 2701 3564 τὸν
2760 3510 3089 3582 νομισθέντα
3142 3512 3259 3573 τοῖς
3314 3508 3539 3569 ἀπίστοις
3596 3505 3693 3565 θεὸν,

2198 3606 2366 3678 ἤγουν
2397 3604 2489 3658 τὸν
2538 3604 2780 3657 Σατανᾶν
2833 3600 3030 3671 (τούτῳ
3054 3600 3165 3671 γὰρ
3209 3597 3534 3668 ὲλᾶτρευον),
3571 3598 3615 3649 ἐν
3639 3590 3693 3661 τῷ

2199 3698 2342 3753 κατά
2386 3696 2673 3752 Ἰουλιανοῦ
2718 3693 2920 3765 πρώτῳ
2954 3680 3692 3763 βιϐλίῳ.-“Αλ.ιως.[1ΩΔΝ.]

2198 3795 2456 3849 Τουτέστι
2488 3792 2603 3846 τῶν
2643 3791 2890 3846 ἀπίστων
2927 3789 3025 3843 τοῦ
3058 3789 3261 3852 αἰῶνος
3290 3788 3492 3853 τούτου,
3520 3780 3694 3852 €76st-

2200 3904 2291 3941 σεν
2316 3886 2499 3950 ὁΘεδς
2539 3884 2608 3940 τά
2655 3884 2926 3955 νοήματα.
2975 3882 3035 3933 '0
3077 3880 3185 3950 γὰρ
3230 3878 3441 3950 μέλλων
3477 3875 3584 3930 αἰὼν
3607 3874 3687 3926 esu

2201 3980 2357 4033 στίαν
2389 3980 2492 4032 οὐκ
2521 3978 2656 4048 ἔχει.
2699 3994 2718 4029 ι
2777 3974 3084 4043 Ἐτύφλωσε
3132 3974 3199 4027 τά
3232 3974 3473 4042 νοήματα
3496 3968 3584 4022 τῶν
3606 3961 3693 4019 ἀπί-

2200 4088 2365 4127 στων.
2403 4089 2423 4123 ι
2474 4070 2550 4123 Οὐ
2603 4066 2762 4123 τοῦτο
2791 4066 2958 4130 αὐτὸς
2996 4063 3188 4129 ποιῶν,
3240 4060 3478 4130 ’Δπαγει
3508 4055 3614 4113 ἀλλὰ
3632 4070 3692 4122 γε·

2198 4165 2385 4219 νέσθαι
2447 4162 2832 4232 συγχωρήσας,
2888 4158 2979 4213 διὰ
3032 4158 3096 4211 τὸ
3148 4156 3503 4224 αὐτεξούσιον,
3541 4151 3599 4214 ὡς
3628 4146 3690 4201 καὶ

2197 4254 2432 4326 ἀλλαχοῦ
2474 4270 2636 4325 φησι,
2686 4269 2705 4303 ι
2756 4249 3082 4321 Παρέδωκεν
3116 4248 3319 4311 αὐτοὺς
3364 4248 3439 4310 είς
3467 4244 3589 4310 πάθη
3609 4240 3689 4292 άτι-

2203 4348 2353 4419 μίας,
2393 4366 2413 4398 ι
2444 4346 2526 4410 τὸ,
2571 4340 2682 4398 οἷον
2726 4341 3111 4413 Συνεχὼρησε,
3159 4341 3360 4410 λέγων.
3418 4335 3597 4405 Ἐπειδὴ
3617 4331 3690 4400 γὰρ

2199 4441 2574 4507 ἀπεφοίτησαν
2598 4434 2692 4488 τοῦ
2730 4432 2992 4504 Χριστοῦ,
3032 4434 3215 4486 εἴασεν
3259 4432 3465 4494 αὐτούς.
3498 4422 3689 4492 Βουλομέ-

521 4534 607 4579 est
639 4526 811 4594 salus,
853 4542 961 4581 non
993 4536 1309 4583 coactorum
1339 4548 1354 4583 :
1379 4545 1487 4585 non
1516 4532 1662 4599 quod
1714 4532 1876 4586 etiam
1927 4548 2093 4588 nocu-

2198 4546 2309 4584 νων
2337 4527 2449 4598 γὰρ
2492 4527 2594 4579 οὐκ
2625 4525 3084 4594 ἀναγκαζομένων
3114 4526 3147 4595 ἠ
3173 4524 3430 4594 σωτηρία,
3465 4519 3529 4591 μὴ
3552 4513 3688 4572 amat

523 4622 768 4668 mentum
794 4614 1110 4684 acceperint
1143 4617 1235 4685 qui
1264 4616 1558 4673 inﬁdeliter
1594 4617 1780 4673 allecti
1817 4631 1978 4676 erant
2030 4632 2086 4677 et

523 4705 781 4760 illustrati
810 4714 938 4761 sunt
983 4707 1103 4762 luce
1132 4706 1357 4775 Christi,
1394 4710 1562 4765 veluti
1605 4711 1804 4765 debilis
1837 4724 2093 4785 aspectus

524 4799 677 4853 radio
738 4797 929 4852 solari.
961 4817 981 4851 ι
1018 4796 1095 4853 Ne
1145 4799 1501 4856 illucesceret
1549 4800 1679 4857 illis.
1722 4820 1740 4852 ι
1780 4800 1913 4858 Vide
1945 4805 2089 4873 quod

523 4906 630 4943 non
680 4891 926 4946 dixerit:
977 4890 1283 4950 Excmcavit
1332 4909 1431 4950 eos
1495 4909 1563 4949 ne
1618 4895 1928 4958 crederent,
1968 4895 2088 4961 sed,

531 5001 550 5032 ι
595 4978 671 5036 Ne
703 4982 1050 5039 illucesceret
1104 4985 1236 5050 illis,
1272 5003 1291 5038 ι
1328 4986 1627 5041 ostendens
1657 4986 1809 5057 ipsos
1859 4987 2092 5056 primum

522 5089 631 5129 nou
679 5074 978 5131 credidisse
1001 5083 1056 5130 et
1113 5078 1188 5131 ita
1218 5086 1411 5147 postea
1455 5079 1712 5149 indignos
1746 5078 1978 5135 cllectos
2016 5082 2095 5135 lu«

526 5167 690 5219 utine.
727 5165 865 5220 Nam
900 5172 954 5220 et
982 5168 1099 5235 ipse
1126 5184 1346 5239 quoque
1375 5170 1637 5226 Dominus
1664 5174 1739 5225 ait
1772 5190 1792 5222 ι
1842 5188 1947 5227 non
1973 5187 2095 5228 esse

524 5258 887 5327 projicieudas
910 5262 1236 5328 margaritas
1266 5270 1393 5317 ante
1433 5277 1631 5332 porcos
1662 5265 1730 5319 ³⁸.
1772 5281 1791 5316 ι
1834 5264 1900 5318 Ει
1957 5264 2095 5319 bene

526 5346 770 5414 ponitur,
820 5345 1165 5405 lllucescere.
1195 5350 1363 5421 626
1406 5350 1566 5408 Nunc
1609 5355 1754 5411 enim
1795 5355 2091 5410 obscurum

522 5440 790 5496 habemus
812 5455 956 5495 vera:
986 5441 1322 5510 cognitionis
1356 5441 1654 5509 deﬁuxum,
1689 5453 1742 5500 et
1775 5455 2028 5516 tauquam
2062 5461 2090 5498 a

523 5532 638 5589 Sole
664 5532 1005 5589 lucidissima
1025 5543 1241 5587 tenuem
1269 5534 1638 5602 splendorem.
1668 5536 1778 5591 lloc
1802 5538 2092 5608 aliliitquo-

523 5640 628 5696 quo
656 5624 924 5697 signiﬁcat
953 5625 1175 5682 dicens:
1203 5643 1221 5678 ι
1258 5625 1509 5684 Videmus
1523 5643 1667 5682 nunc
1688 5643 1785 5699 per
1806 5631 2087 5699 speculum

598 5799 870 5857 uhludith.
898 5819 949 5870 ν,
980 5803 1013 5859 9
1036 5845 1049 5869 ,
1087 5803 1257 5861 Exod.
1298 5820 1380 5874 ιιι,
1410 5804 1502 5860 ‘26.
1579 5807 1622 5839 ”
1651 5804 1883 5877 Philipp.
1915 5823 1972 5874 ιι,
2004 5809 2084 5864 lO.

2196 4618 2673 4690 προσεὸλάπτοντο
2709 4617 2954 4679 ἀπίστως
2985 4614 3319 4685 διακείμενοι
3363 4615 3450 4669 xal.
3482 4622 3684 4673 xeram-

2194 4711 2413 4781 ζόμενοι
2461 4709 2539 4779 τῷ
2580 4710 2721 4779 φωτὶ
2754 4709 3019 4778 Χριστοῦ,
3058 4706 3250 4779 ὥσπερ
3296 4707 3389 4761 καὶ
3427 4705 3532 4775 ﬁda;
3566 4695 3685 4766 σαθρᾶ

2193 4804 2251 4870 ἑξ
2280 4804 2509 4874 ἡλιακῆς
2550 4805 2784 4864 ἀκτῖνος.
2824 4821 2840 4851 ι
2878 4802 2968 4863 Εἰς
2999 4800 3062 4853 τὸ
3104 4800 3182 4871 μὴ
3232 4800 3463 4870 αὐγάσαι
3490 4794 3680 4854 αὐτοῖς.»

2194 4895 2360 4965 Ὅρα,
2403 4895 2504 4948 οὐκ
2548 4889 2721 4954 εἶπεν,
2767 4891 3085 4959 ἐτύφλωσεν
3131 4893 3212 4954 είς
3253 4890 3315 4945 τὸ
3349 4890 3418 4961 μὴ
3453 4883 3679 4942 πιστεῦσαι.

2192 4986 2413 5049 ἁλλέίς
2462 4984 2543 5051 τὸ,
2615 5002 2632 5035 ι
2686 4984 2779 5055 Μὴ
2837 4985 3209 5051 καταυγάσαι,
3248 5003 3267 5036 ι
3318 4980 3513 5042 δεικνὺς
3546 4971 3680 5032 αὖτοὺς

2193 5078 2410 5148 πρῶτον
2433 5077 2873 5147 ἀπιστήσαντας,
2895 5071 3017 5128 εἶτα
3043 5076 3298 5142 ἀναξίους
3326 5072 3602 5143 γενομένους
3620 5060 3678 5116 τοῦ

2192 5165 2497 5239 φωτισμοῦ.
2552 5165 2663 5219 Καὶ
2709 5166 2815 5237 γὰρ
2844 5167 2934 5219 καὶ
2954 5167 3114 5229 oti-:0;
3151 5167 3181 5219 ὁ
3217 5164 3408 5237 Κύριός
3434 5178 3562 5234 φησι,
3591 5152 3677 5223 ⁸μῆ

2194 5260 2407 5332 ῥίπτειν
2458 5258 2764 5329 ἔμπροσθεν
2784 5259 2893 5310 τῶν
2917 5258 3112 5330 χοίρων
3155 5258 3277 5321 τοὺς
3329 5251 3631 5327 μαργαρίτας.
3659 5259 3672 5291 ’

2198 5353 2397 5415 Καλῶς
2422 5352 2481 5405 δὲ
2509 5352 2589 5417 τὸ,
2618 5352 2890 5421 Αὖγάσαι,
2924 5354 3126 5405 κεῖται.
3164 5351 3427 5421 Ἀμυδράν
3450 5346 3540 5416 γὰρ
3561 5337 3677 5407 ἁπόῤ·

2201 5447 2353 5515 ροιαν
2380 5445 2480 5515 τῆς
2510 5444 2771 5515 ἀληθινῆς
2797 5442 3052 5511 γνώσεως
3080 5442 3273 5514 ἔχομεν
3304 5441 3413 5506 νῦν,
3438 5437 3520 5492 καὶ
3547 5433 3677 5496 ὥσπερ

2199 5535 2307 5588 ἀπὸ
2355 5535 2510 5606 ἡλίου
2552 5532 2874 5606 παμφαοῦς,
2922 5532 3097 5605 αὐγὴν
3144 5532 3401 5605 ἀμυδρὰν.
3446 5525 3583 5582 Τοῦτο
3614 5515 3677 5571 καὶ

2198 5631 2432 5701 ἀλλαχοῦ
2470 5630 2641 5701 δηλοῖ,
2699 5648 2717 5682 ι
2775 5628 3055 5700 Βλέπομεν
3095 5629 3202 5697 γὰρ
3258 5627 3407 5698 ἄρτι,
3438 5620 3596 5690 λέγων,
3629 5608 3675 5661 δι’

2162 5810 2204 5840 ³ο
2224 5808 2381 5863 tlont.
2411 5824 2449 5874 ι,
2478 5806 2567 5861 24.
2644 5806 2685 5839 ³⁸
2715 5806 2914 5862 Matth.
2941 5782 3040 5874 tm,
3062 5806 3116 5867 6.
