3906 6552
197 439 303 505 961

1091 442 1476 506 COMMENT.
1519 445 1598 504 ΙΝ
1641 442 1878 503 EPIST.
1925 443 1985 502 Il
2020 446 2117 503 AD
2151 441 2511 504 CORINTH.

3322 444 3432 504 962

191 554 463 622 ἐσόπτρου
484 551 853 622 ἐναίνίγματι·
883 569 902 604 ι
927 553 1072 618 καὶ,ι
1107 555 1424 626 ’Δρραϐὦνα
1454 555 1766 624 Πνεύματος

1875 552 1928 606 in
1959 554 2244 622 mnigmate
2271 555 2333 618 ³²,
2375 572 2392 605 ›
2421 561 2495 616 el,
2538 570 2556 604 ι
2585 552 2813 608 Arrham
2837 551 3098 608 habemus
3129 551 3364 622 Spiritus
3397 556 3442 584 ⁸³

191 646 287 699 καὶ
312 645 489 714 ὀσμὴν
511 643 782 711 γνώσεως.
823 663 946 694 ι-ι
974 647 1079 697 Τοῦ
1119 646 1453 714 Εὑαγγελίου
1492 646 1589 716 τῆς
1611 647 1767 716 δόξης

189 737 286 791 τοῦ
325 735 587 806 Χριστοῦ.
631 754 649 787 ι
691 736 829 800 Δόξα
866 737 975 806 γὰρ
1023 738 1258 807 Χριστοῦ
1312 737 1373 789 τὸ
1427 738 1763 805 εὐαγγέλιον.

190 831 458 896 Δοξαστὸς
500 829 600 900 μὲν
631 828 738 897 γὰρ
775 830 804 881 6
837 831 1071 899 Χριστὸς
1097 830 1182 883 διὰ
1218 831 1406 901 μυρία,
1443 831 1502 896 ἐξ
1531 825 1606 884 ὧν
1642 830 1768 899 ἐδη-

192 919 551 991 μιούργησεν,
601 921 659 984 ἐξ
703 913 777 973 ὧν
808 921 1021 988 συνέχει
1068 916 1136 972 τὰ
1175 919 1674 991 δημιουργηθέντα,
1709 919 1770 985 ἐξ

192 1005 270 1062 ὧν
305 1010 374 1064 τὰ
411 1011 588 1064 πάντα
630 1010 908 1077 ζωογονεῖ,
941 1008 1175 1078 μάλιστα
1197 1010 1253 1062 δὲ
1283 1011 1348 1063 ἐκ
1379 1009 1472 1062 τοῦ
1503 1011 1761 1078 σταυροῦ,

187 1096 250 1156 οῦ
277 1100 458 1171 κῆρυξ
476 1099 538 1154 τὸ
559 1100 896 1169 εὐαγγέλιον.
932 1118 951 1151 ι
987 1101 1083 1163 ’ος
1102 1101 1251 1153 ἐστιν
1276 1100 1438 1154 εἰκὼν
1458 1100 1552 1153 τοῦ
1568 1100 1724 1154 Θεοῦ.
1739 1119 1758 1152 ι

200 1194 295 1256 Ὠς
328 1195 387 1245 ἐν
423 1191 742 1262 παραδρομῇ
775 1191 942 1258 λέγει,
974 1191 1026 1244 τί
1049 1191 1163 1244 ἐστι
1195 1190 1256 1243 τὸ
1293 1191 1610 1260 εὐαγγελίου
1643 1208 1766 1244 συν-

187 1286 552 1354 εσκιασμένον
579 1287 691 1347 τοῖς
717 1284 963 1345 ἀπίστοις
982 1300 996 1315 ·
1064 1284 1206 1346 Ὅτι,
1271 1286 1429 1353 φησὶ,
1462 1284 1594 1347 Θεός
1618 1287 1765 1337 ἐστιν

185 1385 214 1432 ὁ
249 1377 606 1448 σταυρωθεὶς.
656 1375 833 1429 Είκὼν
885 1376 994 1445 γάρ
1019 1377 1134 1428 ἐστι
1156 1374 1250 1428 τοῦ
1278 1375 1490 1443 Πατρδς
1518 1376 1767 1446 ἀπαράλ-

188 1470 412 1533 λακτος.
451 1472 574 1522 Ὅτι
604 1469 712 1540 γὰρ
735 1469 918 1522 εἰκόνα
943 1464 1084 1522 οἶδεν
1117 1471 1144 1521 ὁ
1187 1468 1505 1532 ’Δπόστολος
1542 1469 1603 1521 τὸ
1626 1469 1768 1520 κατὰ

187 1564 301 1616 πᾶν
325 1564 440 1615 ῐσον
468 1563 561 1614 καὶ
589 1564 793 1630 ὅμοιον,
834 1561 936 1631 δρα
974 1560 1028 1614 τί
1064 1577 1226 1628 φησιν
1265 1559 1516 1629 ἀλλαχοῦ·
1546 1577 1564 1611 ι
1603 1561 1768 1612 Σκιὰν

187 1661 302 1727 γὰρ
329 1657 470 1726 ἔκων
508 1657 536 1706 ό
567 1654 731 1722 νόμος
782 1653 888 1705 τῶν
927 1652 1230 1722 μελλόντων
1264 1651 1503 1719 ἀγαθῶν,
1532 1651 1632 1703 ούκ
1669 1650 1768 1702 06--

185 1749 290 1818 τὴν
339 1749 438 1816 τὴν
478 1746 662 1799 εἰκόνα
697 1745 805 1798 τῶν
851 1744 1210 1814 πραγμάτων.
1237 1763 1256 1794 ι
1283 1743 1477 1795 Εἰκόνα
1509 1741 1642 1794 Θεοῦ
1677 1741 1767 1794 τὸν

185 1838 453 1909 Χριστὸν,
479 1837 553 1900 ὡς
585 1835 718 1888 Θεὸν
748 1836 813 1886 ἐκ
841 1833 976 1887 Θεοῦ
1008 1833 1468 1904 προσηγόρευσεν.
1506 1833 1592 1884 Ἐν
1616 1829 1766 1901 αῦτῷ

1873 1835 2166 1908 Imaginem
2230 1837 2322 1892 Dei
2381 1837 2700 1907 appellando
2781 1837 3084 1901 Christum,

1863 660 1926 698 ac
1945 645 2164 698 odorem
2184 645 2536 715 cognitionis.
2582 665 2598 696 ι
2623 677 2690 688 -
2713 665 2730 696 ι
2763 644 3038 715 Evangelii
3065 646 3251 715 gloriae
3285 648 3442 699 Chri-

1867 735 1956 788 sti.
1997 752 2015 784 )
2053 732 2241 788 Gloria
2280 736 2423 788 enim
2447 735 2652 789 Christi
2678 744 2761 790 est
2785 734 3157 805 Evangelium.
3188 736 3441 792 Christus

1865 822 2131 891 siquidem
2185 824 2576 893 gloriﬁcaudus
2617 835 2698 880 est
2763 825 2832 878 ob
2889 825 3224 880 innumera:
3293 830 3436 896 quod

1866 915 2160 978 creaverit,
2186 915 2329 983 quod
2380 924 2560 970 creata
2616 925 2926 979 conservet,
2961 917 3106 986 quod
3135 919 3316 972 omnia
3353 922 3437 989 gi.

1873 1016 2002 1079 gnat
2027 1024 2090 1064 ac
2119 1010 2382 1077 viviﬁcet,
2414 1012 2649 1065 maxime
2691 1023 2872 1067 autem
2916 1022 3142 1082 promer
3193 1029 3438 1069 CTUtL‘lllo

1871 1101 2030 1169 cujus
2062 1116 2223 1168 preco
2239 1109 2323 1156 est
2357 1101 2729 1172 Evangelium.
2764 1121 2783 1153 ι
2822 1103 2923 1169 Qui
2948 1114 3028 1157 est
3063 1105 3243 1173 imago
3270 1103 3386 1158 Dei.
3413 1123 3433 1154 ι

1873 1192 2154 1264 Tanquam
2185 1193 2239 1248 in
2269 1203 2595 1248 transcursu
2635 1194 2792 1258 dicit,
2821 1195 2957 1264 quid
2986 1196 3058 1249 sit
3085 1195 3230 1266 quod
3257 1195 3442 1249 Evan-

1873 1283 2072 1354 gelium
2103 1293 2356 1354 contegat
2381 1284 2680 1340 incredulis
2708 1300 2724 1336 :
2755 1284 2909 1350 Quod
2937 1287 3074 1341 Deus
3097 1288 3191 1352 sit,
3237 1288 3436 1356 inquit,

1872 1376 1966 1445 qui
1988 1375 2281 1431 cruciﬁxus
2332 1385 2435 1430 est.
2465 1373 2599 1429 Nam
2645 1377 2822 1446 imago
2843 1376 3023 1432 Patris
3041 1388 3228 1448 cstper
3256 1379 3438 1432 ouuiia

1868 1470 1915 1522 ei
1951 1469 2171 1524 similis.
2202 1469 2342 1534 Quia
2385 1468 2530 1524 enim
2568 1469 2720 1523 norit
2773 1471 3072 1540 Apostolus
3107 1473 3213 1526 dici
3248 1473 3440 1540 imagi-

1869 1577 1994 1614 nem
2047 1562 2194 1630 quod
2250 1577 2346 1630 per
2381 1561 2563 1616 omnia
2614 1563 2824 1631 acquole
2867 1572 2953 1617 est
2992 1577 3055 1616 ac
3086 1562 3285 1626 simile,
3315 1565 3438 1616 vidc

1867 1652 2013 1721 quod
2041 1652 2168 1706 alibi
2197 1652 2341 1707 dicat
2377 1671 2390 1707 :
2423 1670 2442 1703 ι
2485 1652 2745 1708 Umbram
2787 1654 2934 1708 enim
2966 1653 3176 1707 habens
3212 1653 3295 1708 lex
3343 1654 3442 1706 fu-

1865 1755 2111 1800 turorum
2131 1746 2418 1812 bonorum,
2439 1761 2546 1800 non
2567 1747 2736 1816 ipsam
2761 1761 2944 1802 rerum
2974 1746 3264 1816 imaginem
3299 1747 3363 1800 ³⁸.
3420 1765 3437 1797 ι

3179 1845 3383 1906 tanqua
3410 1855 3440 1888 ιι

183 1895 302 2002 γαρ
331 1895 573 1984 δείπνυσι
609 1928 701 1981 τὸν
735 1927 977 1998 Πατέρα.
1007 1895 1098 1979 Διό
1127 1895 1312 1996 φησιν,
1347 1943 1367 1977 ι
1422 1925 1479 1978 '0
1505 1895 1766 1995 ἑωρακὼς

1872 1895 2040 1981 Deum
2067 1927 2134 1982 de
2159 1925 2292 1994 Deo,
2324 1895 2596 1996 siquidem
2627 1928 2682 1982 in
2711 1943 2771 1982 se
2793 1927 2915 1996 ipso
2939 1895 3180 1982 ostendit
3205 1895 3440 1990 Patrem,

186 2025 315 2094 ἐμὲ,
369 2024 584 2095 ἑώρακε
612 2023 703 2076 τὸν
737 2023 977 2092 Πατέρα.
1022 2039 1042 2072 ι
1095 2050 1165 2062 --
1209 2039 1228 2072 ι
1270 2021 1345 2073 Οὐ
1387 2019 1495 2089 γὰρ
1539 2019 1769 2082 ἑαυτοὺς

185 2115 568 2188 κηρύσσομεν.
610 2133 630 2167 ι
677 2115 824 2167 Ἀνω
862 2111 1025 2178 εἷπε,ς
1059 2130 1078 2164 ι
1111 2112 1203 2183 Μὴ
1248 2111 1673 2184 περιπατοῦντες
1711 2111 1770 2163 έν

187 2206 529 2278 πανουργία,
587 2205 722 2276 μηδὲ
762 2202 1046 2268 δολοῦντες
1091 2204 1182 2257 τὸν
1220 2204 1378 2272 λόγον
1415 2202 1510 2256 τοῦ
1548 2204 1706 2257 Θεοῦ.
1743 2221 1762 2254 ι

184 2303 318 2365 Πῶς
344 2321 360 2368 ;
404 2320 422 2353 ι
463 2301 614 2354 Ἐπεὶ
654 2299 728 2370 μὴ
757 2299 984 2362 ἑαυτοὺς
1010 2298 1385 2371 κηρύσσομεν,
1415 2299 1603 2368 φησὶν,
1634 2299 1770 2352 ἀλλὰ

183 2395 429 2464 Χριστὸν
461 2393 666 2464 Κύριον
698 2409 713 2426 ο
770 2391 998 2453 ἑαυτοὺς
1034 2391 1090 2445 δὲ
1125 2391 1344 2456 δούλους
1383 2391 1536 2461 ὑμῶν
1565 2391 1635 2443 δι’
1667 2391 1765 2444 αύο

180 2480 302 2533 τόν.
346 2498 364 2530 ι
403 2479 574 2534 Τοῦτο
597 2479 652 2532 δὲ
682 2478 876 2547 λέγων,
911 2480 1037 2542 τοὺς
1077 2479 1426 2542 διδασκάλους
1467 2480 1645 2534 αὐτῶν
1677 2481 1764 2532 al—

181 2572 450 2634 νίττεται,
480 2574 607 2644 περὶ
631 2565 707 2625 ὧν
725 2571 930 2642 ἔγραφε
960 2571 1139 2640 λέγειν
1175 2571 1394 2636 αὐτοὺς,
1435 2590 1454 2624 ι
1501 2570 1641 2640 Ἐγὼ
1664 2572 1766 2641 μέν

180 2663 306 2730 είμι
336 2661 574 2726 Παύλου,
597 2661 708 2730 ἐγὼ
726 2661 786 2714 δὲ
819 2659 1082 2730 Ἀπολλὼ,
1113 2660 1225 2730 ἐγὼ
1245 2662 1301 2716 δὲ
1323 2663 1510 2733 Κηφᾶ,
1545 2681 1564 2713 ι
1594 2662 1645 2714 οἳ
1673 2663 1767 2716 καὶ

181 2751 585 2825 κατεκυρίευον
615 2753 819 2808 αὐτῶν.

261 2979 395 3030 ’Ότι
427 2981 460 3031 ό
493 2978 635 3044 Θεὸς
668 2981 700 3032 ό
727 2979 910 3033 εἰπὼν
953 2979 1023 3034 ἐκ
1053 2981 1314 3046 σκότους
1352 2979 1476 3049 φῶς
1507 2980 1761 3050 λάμψαι,
1824 3032 1835 3046 κ

181 3073 258 3137 ὃς
284 3071 560 3139 ἔλαμψεν
589 3071 658 3122 ἐν
700 3071 827 3136 ταῖς
866 3069 1134 3138 καρδίαις
1182 3069 1368 3138 ἡμῶν,
1397 3070 1546 3137 πρὸς
1594 3088 1766 3138 φωτι-

178 3163 349 3231 σμὸν
378 3160 486 3230 τῆς
515 3160 787 3230 γνώσεως
812 3159 921 3230 τῆς
946 3160 1130 3230 δόξης
1156 3161 1262 3215 τοῦ
1288 3161 1455 3217 Θεοῦ.
1479 3161 1549 3214 ἐν
1577 3176 1762 3230 προσ-

177 3252 329 3318 ώπῳ
361 3251 552 3319 Ἰησοῦ
581 3251 860 3320 Χριστοῦ.

260 3388 363 3441 Διὰ
397 3386 658 3454 τίλέγεις
693 3386 888 3439 σαυτὸν
917 3385 1104 3440 δοῦλον
1136 3387 1326 3456 ἡμῶνς
1373 3387 1526 3456 φησί.
1575 3387 1762 3450 Arari;

184 3483 318 3536 Ὅτι
348 3479 647 3550 πφίλησθε
681 3479 836 3550 παρὰ
877 3477 967 3532 τοῦ
998 3479 1134 3532 Θεοῦ
1165 3497 1288 3549 μου.
1317 3479 1485 3542 Αὐτὸς
1505 3479 1613 3548 γὰρ
1647 3479 1674 3530 6
1706 3479 1763 3530 ἐν
1809 3533 1812 3536 _

180 3577 334 3645 ἀρχῇ
373 3573 472 3643 τῆς
504 3571 736 3635 κτίσεως
765 3570 955 3636 εἰπὼν,
985 3570 1094 3625 ἀπὸ
1123 3573 1348 3634 σκότους
1379 3570 1590 3640 λάμψαι
1627 3570 1763 3638 φῶς,

179 3668 247 3729 ὃς
275 3663 508 3735 ἔλαμψε,
551 3664 849 3728 τουτέστιν,
894 3657 1048 3726 οὗτος
1093 3663 1334 3733 ἔλαμψεν
1367 3665 1424 3715 ἐν
1461 3665 1579 3724 ταῖς
1627 3678 1766 3730 κορ-

180 3759 336 3819 δξαις
366 3755 544 3826 ἡμῶν.
580 3755 828 3824 Ἐλαμψε
884 3754 962 3820 δὲ,
1010 3755 1165 3823 φησὶ,
1217 3754 1466 3822 φωτίζων
1512 3756 1642 3823 ἡμῖν
1675 3753 1769 3805 καὶ

183 3847 594 3904 ἀποκαλύπτων
654 3846 753 3916 τὴν
816 3845 954 3899 ἰδίαν
1007 3845 1208 3913 γνῶσιν
1258 3847 1350 3898 καὶ
1393 3845 1570 3910 δόξαν.
1610 3847 1628 3895 ι
1681 3846 1769 3897 Ἑν

181 3937 471 4010 προσώπῳ
503 3937 678 4008 Ἰησοῦ
711 3936 970 4008 Χριστοῦ.
1004 3954 1023 3988 ›
1049 3937 1329 3996 Τουτέστι,
1359 3935 1448 3988 διὰ
1476 3935 1568 3987 τοῦ
1601 3952 1770 4004 προσ-

178 4031 344 4084 ώπου
380 4029 473 4082 τοῦ
528 4028 786 4099 Χριστοῦ.
827 4027 927 4081 Διὰ
957 4027 1066 4098 γὰρ
1109 4025 1203 4079 τοῦ
1235 4025 1362 4079 Υἱοῦ
1397 4027 1525 4095 ἡμῖν
1560 4028 1590 4094 ἡ
1633 4025 1766 4095 ἀλη-

183 4120 291 4193 θὴς
331 4119 530 4189 γνῶσις
551 4119 642 4173 τοῦ
671 4119 900 4190 Πατρός,
933 4119 1114 4182 καθὼς
1143 4117 1304 4180 αὐτὸς
1327 4117 1470 4184 λέγει
1505 4118 1561 4168 ὲν
1589 4117 1766 4184 Εὐαγ-

183 4213 396 4280 γελίοις
434 4212 569 4282 πρὸς
621 4211 713 4264 τὸν
774 4211 1036 4280 Πατέρα,
1081 4230 1099 4262 ι
1155 4209 1508 4279 Ἐφανέρωσά
1552 4226 1643 4262 σου
1706 4207 1767 4260 τὸ

180 4307 364 4375 ὄνομα
392 4307 503 4367 τοῖς
535 4303 865 4374 ἀνθρώποις,
893 4304 990 4357 καὶ
1016 4301 1238 4368 ὲδόξασά
1269 4319 1327 4354 σε
1350 4303 1442 4355 ἐπὶ
1471 4303 1568 4367 τῆς
1589 4303 1712 4371 γῆς.
1741 4321 1758 4354 ι

183 4398 304 4451 Καὶ
334 4395 652 4466 ἐφανερώθη
705 4397 838 4466 ἡμῖν
877 4394 967 4449 διὰ
1020 4393 1212 4464 Ἰησοῦ.
1256 4395 1375 4448 ’Ὁτι
1407 4393 1521 4446 ἔστι
1554 4394 1764 4464 Πατὴρ,

184 4490 288 4543 καὶ
327 4489 410 4562 δτι
438 4489 498 4542 ού
532 4487 619 4541 διὰ
661 4485 888 4556 κνίσσης
928 4485 1025 4540 καὶ
1067 4486 1315 4554 αἱμάτων
1346 4485 1767 4555 προσκυνεῖσθαι

187 4580 464 4652 βούλεται,
501 4581 594 4633 καὶ
613 4581 696 4633 ὅτι
733 4580 790 4631 ὲν
821 4578 1011 4644 Τριὰδι
1037 4577 1306 4647 όμοουσίῳ
1333 4577 1429 4630 καὶ
1462 4577 1765 4647 ίσοδυνάμῳ

1868 2018 1992 2074 ideo
2045 2019 2120 2074 ait
2157 2037 2170 2073 :
2213 2036 2233 2071 ‹
2290 2019 2395 2085 Qui
2419 2019 2555 2073 vidit
2616 2034 2724 2083 me,
2773 2020 2910 2074 vidit
2951 2019 3168 2075 Patrem
3203 2021 3270 2073 ³⁵.
3322 2038 3340 2070 ι
3376 2050 3445 2059 ——-

1877 2129 1896 2162 ι
1933 2108 2051 2163 Non
2082 2111 2227 2164 enim
2262 2111 2522 2180 nosipsos
2568 2110 2951 2180 praedicamus.
2993 2129 3011 2162 ι
3041 2110 3307 2180 Superius
3355 2111 3440 2162 di-

1871 2202 1998 2256 xit:
2042 2220 2059 2252 ι
2113 2200 2232 2257 Non
2283 2210 2567 2258 versantes
2620 2217 2715 2272 per
2771 2201 3050 2264 astutiam,
3087 2218 3265 2270 neque
3317 2205 3443 2256 dolo

1872 2299 2176 2348 tractantes
2223 2294 2449 2348 verbum
2503 2292 2622 2348 Dei.
2675 2313 2693 2346 ι
2730 2291 3056 2360 Quomodo?
3098 2311 3116 2343 ι
3161 2293 3300 2355 Quia
3341 2309 3444 2347 nos

1863 2383 2014 2454 ipsos
2071 2399 2178 2437 non
2223 2385 2605 2454 praedicamus,
2664 2385 2760 2439 sed
2795 2383 3073 2440 Christum
3127 2383 3441 2446 Dominum,

1867 2491 1970 2532 nos
2037 2477 2185 2545 ipsos
2233 2485 2410 2531 autem
2458 2491 2647 2532 servos
2673 2487 2884 2532 vestros
2925 2485 3145 2547 propter
3167 2476 3374 2532 Jesuui.
3421 2497 3435 2526 ι

1881 2566 1996 2622 Hoc
2021 2583 2148 2622 vero
2177 2569 2393 2632 dicens,
2445 2567 2691 2636 ipsorum
2744 2569 2993 2638 designat
3050 2579 3439 2639 prmceptores.
3543 2591 3553 2602 -

1869 2659 1938 2713 de
1975 2659 2178 2727 quibus
2212 2658 2433 2727 scripsit
2473 2659 2790 2714 Corinthios
2815 2659 2998 2712 dicere
3035 2673 3046 2706 :
3098 2677 3115 2709 ι
3156 2658 3264 2728 Ego
3314 2662 3440 2727 qui-

1871 2749 1995 2803 dem
2028 2765 2150 2803 sum
2182 2748 2362 2812 Pauli,
2392 2764 2492 2819 ego
2548 2759 2728 2803 autem
2768 2748 2985 2818 Apollo,
3033 2765 3132 2818 ego
3174 2765 3300 2804 vero
3345 2751 3446 2803 Cr-

1874 2842 1992 2910 plue
2015 2841 2084 2905 ³⁷,
2134 2859 2150 2889 ι
2187 2841 2278 2909 qui
2304 2841 2468 2896 etiam
2502 2840 2926 2894 dominabantur
2950 2842 3048 2894 eis.

1943 2974 2033 3037 iV,
2063 2975 2113 3028 ϐ.
2153 2975 2186 3028 5
2217 2974 2484 3040 Quoniam
2538 2975 2678 3028 Deus
2710 2974 2982 3044 qttijnssit
3019 2991 3045 3027 ε
3096 2977 3320 3028 tenebris
3365 2977 3444 3028 lu-

1872 3083 1982 3120 cem
2035 3066 2360 3129 illucescere,
2400 3077 2477 3119 est
2531 3067 2597 3130 is,
2631 3066 2721 3135 qui
2750 3066 2929 3118 illuxit
2979 3066 3030 3117 in
3067 3065 3312 3118 cordibus
3345 3084 3443 3118 no-

1869 3160 1994 3214 stris
2026 3161 2096 3211 ad
2129 3159 2570 3213 illuminationent
2623 3159 2940 3229 cognitionis
2997 3159 3180 3226 βίοι-ια’
3241 3157 3337 3212 Dei
3390 3161 3444 3212 in

1783 3265 1824 3323 ς
1857 3253 1998 3326 {acie
2031 3249 2160 3304 Jesu
2189 3249 2408 3304 Christi.

1943 3410 2126 3477 Quare
2153 3410 2388 3481 teipsum
2421 3411 2558 3466 dicis
2598 3427 2815 3467 servum
2869 3413 3162 3466 nostrum?
3222 3412 3446 3480 Quare?

1865 3503 2002 3570 Quia
2021 3506 2183 3557 amati
2202 3505 2359 3566 estis,
2382 3505 2578 3573 inquit,
2602 3521 2631 3558 a
2662 3505 2770 3558 Deo
2793 3521 2936 3558 meo.
2967 3506 3085 3576 Ipse
3103 3509 3249 3560 enim
3266 3509 3444 3577 quiiab

1868 3595 2273 3664 initiojuSsitut
2293 3609 2321 3646 ιι
2350 3595 2591 3650 tenebris
2629 3597 2719 3649 lux
2781 3597 3143 3662 illucesceret,
3169 3609 3251 3652 est
3278 3600 3322 3651 is
3349 3600 3442 3666 qui

1881 3687 2082 3749 illuxit.
2113 3687 2216 3742 hoe
2241 3697 2344 3751 est,
2369 3687 2459 3742 hic
2499 3688 2676 3744 illuxit
2704 3691 2756 3744 in
2784 3691 3043 3745 cordibus
3080 3693 3297 3745 nostris.
3325 3692 3448 3745 ιιιιι.

1874 3777 1956 3830 xit
1989 3782 2172 3829 autem
2201 3777 2524 3832 illuminans
2554 3794 2675 3844 nos,
2708 3793 2771 3832 ac
2805 3780 3055 3835 revolans
3085 3782 3166 3835 sui
3192 3783 3442 3836 notitiam

1872 3879 1926 3922 et
1957 3869 2207 3936 gloriam.
2251 3887 2271 3920 ο
2311 3870 2367 3922 In
2403 3869 2543 3925 faeie
2585 3871 2714 3926 Jesu
2747 3872 2978 3927 Christi.
3020 3872 3180 3927 )Hoc
3209 3884 3313 3939 est,
3350 3891 3446 3945 per

1872 3958 2066 4012 faciem
2129 3959 2357 4011 Christi.
2401 3957 2535 4012 Nam
2563 3975 2656 4029 per
2688 3960 2883 4014 Filium
2911 3965 3221 4031 accepimus
3260 3983 3443 4022 veram

1869 4048 2048 4104 Patris
2104 4050 2498 4119 cognitionem,
2559 4052 3019 4119 quemadmodum
3051 4056 3170 4124 ipse
3203 4058 3334 4112 dicit
3388 4059 3443 4112 in

1869 4143 2179 4212 Evangeliis
2227 4146 2456 4214 loquens
2501 4146 2566 4199 ad
2596 4145 2812 4202 Patrem
2849 4167 2862 4203 :
2907 4161 2931 4201 ς
2966 4149 3306 4207 Manifestavi
3346 4169 3446 4207 no-

1870 4251 1992 4290 men
2056 4244 2207 4290 tuum
2243 4237 2576 4304 hominibus,
2615 4247 2668 4293 et
2711 4239 3014 4310 gloriﬁcavi
3049 4251 3100 4296 te
3129 4259 3296 4314 super
3331 4255 3444 4301 ter-

1868 4340 1984 4380 ram
2005 4327 2069 4381 ³⁷.
2108 4346 2124 4377 ι
2153 4329 2315 4398 627
2350 4329 2414 4383 Et
2437 4329 2845 4386 manifestatum
2871 4341 2954 4388 est
2976 4333 3132 4389 nobis
3150 4335 3441 4404 perJesum

1867 4418 2013 4488 quod
2057 4420 2129 4472 sit
2184 4419 2362 4485 Pater,
2424 4423 2646 4502 cloquod
2679 4438 2785 4477 non
2812 4425 2939 4480 velit
2993 4427 3187 4482 nidore
3223 4444 3285 4482 ac
3311 4408 3438 4485 san-

1867 4510 2031 4580 guine
2059 4509 2278 4564 adorari
2334 4521 2429 4566 aut
2471 4515 2702 4582 placari,
2761 4516 3021 4586 quodque
3069 4518 3126 4572 in
3173 4518 3443 4577 Trinitatc

1871 4601 2118 4668 ejusdem
2185 4606 2444 4658 essentia:
2497 4605 2859 4677 ejusdemque
2917 4609 3170 4678 potentia:
3244 4612 3441 4667 colitur

186 4671 558 4743 θρησκεύεται
586 4670 740 4731 Θεός.
773 4669 935 4724 Ὅθεν
965 4671 1058 4724 καὶ
1107 4669 1347 4740 μεγάλης
1387 4669 1604 4740 εἴρηται
1635 4668 1761 4739 βου-

1873 4689 2214 4746 Deus.Uude
2246 4694 2412 4748 etiam
2446 4668 2629 4752 dictus
2667 4668 2972 4770 est-magni
3005 4701 3221 4756 consilii
3257 4705 3437 4774 Auge-

183 4765 288 4834 λῆς
313 4764 599 4832 ⁸’Δγγελος.
628 4783 646 4816 ι
672 4763 814 4835 Πρὸς
839 4761 1118 4832 φωτισμὸν
1137 4761 1237 4831 τῆς
1255 4757 1532 4828 γνώσεως.
1572 4779 1590 4813 ι
1621 4760 1762 4832 Ὅρα

188 4859 287 4927 τῆς
304 4855 466 4926 ἁγίας
489 4856 717 4927 Τριάδος
739 4855 800 4908 τὸ
814 4853 1233 4922 ἀπαράλλακτον
1255 4853 1348 4906 καὶ
1363 4852 1625 4922 ὁμότιμον
1650 4851 1766 4915 πῶς

181 4951 214 5002 6
240 4949 452 5012 Παῦλος
475 4947 648 5018 δηλοῖ,
671 4947 792 5009 Φῶς
818 4947 913 5000 καὶ
934 4945 1055 5008 Φῶς
1094 4949 1186 4998 καὶ
1233 4946 1353 5008 Φῶς
1397 4945 1632 5008 καλέσας
1666 4943 1764 5016 τὴν

185 5041 363 5110 ἁγίαν
409 5039 636 5111 Τριάδα.
685 5041 832 5092 Ἀνω
876 5039 1005 5108 περὶ
1053 5037 1366 5108 Πνεύματος
1401 5037 1576 5105 λέγων
1607 5040 1761 5107 φησι,

194 5152 213 5184 ι
251 5133 365 5203 Τὴν
396 5130 572 5198 δόξαν,
607 5125 718 5184 οἷον
761 5131 821 5184 τὸ
848 5131 963 5200 φῶς
1002 5131 1206 5201 Κυρίου
1254 5131 1760 5202 κατοπτριζόμενοι,

183 5224 288 5294 τὴν
340 5223 512 5292 αὐτὴν
545 5223 731 5277 σίκόνα
784 5222 1304 5294 μεταμορφούμεθα.
1359 5241 1380 5275 ι
1415 5223 1584 5277 Πάλιν
1636 5225 1764 5295 περὶ

186 5315 281 5368 τοῦ
313 5313 471 5380 Υἱοῦ,
510 5333 528 5365 ι
561 5315 655 5376 Et;
675 5314 738 5368 τὸ
785 5315 861 5385 μὴ
885 5314 1122 5383 αὐγάσαι
1151 5315 1334 5378 αὐτοῖς
1359 5315 1450 5368 τὸν
1484 5317 1762 5386 φωτισμὸν

184 5405 642 5479 τοῦ--Εύαγγελίου
679 5409 776 5476 τῆς
801 5405 958 5475 δόξης
987 5405 1082 5458 τοῦ
1116 5405 1376 5475 Χριστοῦ.
1425 5427 1445 5458 ι
1482 5408 1596 5462 Νῦν
1635 5409 1764 5480 περὶ

182 5499 282 5552 τοῦ
341 5499 553 5570 Πατρός
601 5516 755 5570 φησι,
797 5519 815 5553 ι
868 5499 1012 5570 Πρδς
1063 5501 1343 5571 φωτισμὸν
1378 5501 1478 5571 τῆς
1509 5501 1764 5570 γνώσεως

183 5593 286 5662 τῆς
307 5589 472 5662 δόξης
503 5589 596 5644 τοῦ
617 5591 772 5648 Θεοῦ.
811 5612 829 5644 ι

1861 4781 1942 4837 Ius
1982 4781 2048 4836 ⁸⁸.
2103 4801 2124 4835 ι
2177 4784 2259 4839 Ad
2309 4787 2762 4844 illuminationem
2817 4793 3167 4861 cognitionis.
3223 4814 3242 4848 ι
3306 4795 3442 4853 Vide

1863 4871 2137 4942 quomodo
2173 4872 2374 4930 Paulus
2403 4885 2607 4932 sancta:
2641 4877 2930 4935 Trinitatis
2963 4883 3332 4938 omnimodam
3370 4886 3440 4941 sio

1865 4965 2229 5021 militudinem
2268 4968 2633 5038 eumdemquc
2673 4970 2934 5026 honorem
2979 4975 3313 5039 manifestet,
3347 4994 3442 5032 voc

1863 5070 1996 5112 cans
2038 5065 2282 5111 sanctam
2322 5057 2648 5114 Trinitatem
2695 5059 2919 5125 Lucem,
2954 5061 3177 5126 Lucem.
3215 5064 3438 5123 Lucum.

1873 5150 2137 5220 Superius
2183 5151 2250 5206 dc
2298 5152 2502 5220 Spiritu
2553 5153 2783 5222 loquens
2831 5173 2844 5208 :
2897 5173 2914 5208 ι
2953 5156 3215 5224 Gloriam,
3267 5159 3442 5230 inquit

1871 5241 1996 5311 (hoc
2043 5251 2148 5304 est,
2197 5243 2374 5298 lucem
2426 5243 2686 5316 Domini).
2743 5248 2797 5302 iu
2825 5251 3048 5318 speculo
3081 5251 3328 5309 videntes
3372 5256 3439 5309 ad

1868 5333 2114 5388 eamdem
2145 5335 2432 5405 imaginem
2465 5339 2926 5395 transformamur
2947 5341 3014 5398 ".
3053 5363 3070 5394 ι
3109 5343 3440 5400 Rursnmde

1872 5419 2010 5474 Filio
2039 5439 2052 5474 :
2085 5441 2102 5473 ι
2129 5421 2206 5477 Ne
2229 5423 2571 5480 illucesceret
2603 5427 2710 5482 illis
2737 5428 2921 5484 lumen
2955 5427 3228 5500 Evangelii
3256 5431 3440 5499 gloria:

1869 5510 2095 5568 Christi.
2139 5531 2158 5566 ι
2201 5514 2354 5570 Nunc
2393 5515 2460 5571 de
2479 5517 2638 5574 Patre
2673 5520 2785 5576 ait:
2813 5539 2832 5572 ι
2873 5521 2950 5576 Ad
2987 5521 3438 5576 illuminationem

1869 5603 2198 5675 cognitionis
2235 5607 2419 5678 gloria:
2447 5608 2560 5665 Dei.
2595 5629 2613 5661 ι

256 5798 300 5881 ξ’
334 5797 351 5849 1
379 5798 798 5881 (Σειτᾏιιιιλιβᾷ
845 5799 890 5832 ³³
923 5797 963 5852 li
993 5799 1195 5881 (Σοιςλι,
1229 5799 1322 5859 22.
1404 5803 1450 5836 ³⁸
1486 5800 1652 5859 Hebr.
1681 5819 1736 5872 Χ,

1897 5809 1942 5841 ³⁸
1965 5808 2125 5867 Joan.
2163 5829 2274 5881 τιν,
2317 5815 2367 5870 9.
2451 5815 2531 5868 ³⁸1
2557 5814 2685 5869 Cor.
2725 5830 2765 5880 ι,
2793 5814 2882 5867 42.
2959 5814 3000 5844 ³⁷
3027 5811 3186 5868 Joau.
3215 5810 3344 5880 xvii,
3382 5817 3436 5871 5.

182 5871 227 5902 ³⁸
256 5871 364 5922 lsa.
396 5883 470 5933 ix,
501 5869 554 5923 6.
630 5867 674 5901 ³³
707 5867 725 5920 l
760 5870 888 5925 Cor.
923 5886 1044 5936 xm,
1080 5871 1166 5926 12.
