3906 6554
223 447 336 510 985

218 564 289 615 Ἦ
323 555 526 625 οὕτως·
559 561 654 615 Διά
683 560 839 613 τοῦτο
878 560 1106 624 ἑαυτοὺς
1136 562 1216 624 εἰς
1245 561 1472 613 θάνατον
1503 557 1791 629 παραδίδο-
1823 566 1868 621 Α
1900 563 2062 617 modo
2108 581 2120 616 :

221 669 345 721 μεν,
384 651 472 704 ἵνα
501 653 533 722 ἡ
568 652 680 720 ζωὴ
725 649 818 704 τοῦ
855 650 1054 721 Κυρίου
1080 651 1367 722 φανερωθῇ
1401 649 1492 703 καὶ
1523 649 1796 719 ὲνεργήσῃ

216 745 274 794 ὲν
310 743 464 810 ἡμῖν.
521 743 689 806 Iura;
751 742 994 810 δηλονότι
1043 743 1100 795 ὲν
1143 741 1221 811 τῷ
1277 740 1524 805 μέλλοντι
1581 739 1792 806 κόσμῳ.

228 831 376 889 Ὦτεὶ
401 834 610 902 ἔλεγενο
652 834 842 902 Ἡμεῖς
865 834 1044 886 τοίνυν
1065 833 1152 885 διὰ
1180 833 1271 886 τὸν
1300 833 1531 902 Χριστὸν
1558 829 1792 897 παραδί-

214 927 384 996 δομεν
425 925 648 988 ἑαυτοὺς
680 926 757 988 είς
805 922 1053 988 θάνατον,
1083 924 1224 976 ῖνα·’ὁ
1255 922 1490 994 Χριστὸς
1529 922 1648 973 τότε
1686 920 1796 972 ἀπὸ

216 1018 311 1071 τοῦ
339 1016 533 1086 νοητοῦ
581 1016 812 1069 θανάτου
847 1015 940 1069 τοῦ
987 1016 1085 1085 τῆς
1126 1014 1523 1084 κατακρίσεως,
1561 1012 1793 1082 ρύσήται

213 1109 366 1179 ἡμᾶς
400 1109 495 1160 καὶ
529 1107 606 1168 τίς
635 1105 782 1177 ζωὴν
817 1107 1000 1178 ἀγάγῃ
1022 1106 1120 1175 τὴν
1143 1106 1392 1175 νοητήν.ι
1430 1104 1593 1156 Ὥστε
1626 1105 1653 1154 ό
1696 1101 1794 1170 μὲν

211 1200 470 1262 θάνατος.
511 1198 640 1261 »Ὡς
677 1199 742 1251 ὲκ
777 1198 871 1250 τοῦ
895 1197 1210 1261 ἀκολούθου,
1243 1198 1397 1268 φησὶ,
1448 1195 1607 1248 τοῦτο
1645 1194 1791 1260 γίνε-

212 1291 363 1358 σθαι,
400 1297 490 1344 τὸν
542 1292 640 1362 μὲν
675 1290 902 1343 θάνατον
941 1289 997 1340 ὲν
1028 1290 1163 1358 ἡμῖν
1213 1289 1456 1357 ἐνεργεῖν
1495 1286 1590 1340 καὶ
1635 1286 1790 1356 ἐνερ-

207 1385 308 1451 γὸν
341 1386 628 1455 ὑπάρχειν,
660 1384 758 1453 τήν
788 1382 844 1435 δὲ
872 1380 1016 1452 ζωὴν
1057 1382 1116 1434 ἐν
1159 1381 1307 1451 ὑμῖν.
1356 1381 1445 1442 Ὠς
1488 1380 1536 1431 εἰ
1570 1378 1786 1446 ἐλεγεν’

221 1477 421 1547 Ἡμεῖς
465 1477 884 1546 ἀποθνήσκομεν
929 1473 1016 1528 διά
1055 1473 1117 1526 τὸ
1170 1477 1456 1544 κήρυγμα,
1507 1473 1593 1525 ἵνα
1628 1472 1790 1541 ὑμεῖς

215 1571 419 1640 ζήσητε
474 1567 540 1621 δι’
573 1567 739 1621 αὑτοῦ
791 1567 889 1636 τὴν
935 1567 1129 1638 ἀγήρω
1173 1565 1389 1636 ἐκείνην
1433 1566 1525 1617 καὶ
1573 1562 1792 1616 αἰώνιον

207 1661 383 1731 ζωὴν,
421 1662 768 1723 πιστεύοντες
805 1663 885 1723 εἰς
911 1659 1164 1730 Χριστόν.
1207 1655 1496 1731 -ίΦΩΤ.]
1523 1656 1604 1709 Ta
1641 1655 1789 1726 πάθη

206 1755 304 1804 καὶ
333 1753 389 1805 αἱ
425 1753 655 1822 θλίψεις,
683 1751 779 1804 καὶ
809 1754 864 1804 αἱ
896 1750 1256 1822 θανατηφόροι
1292 1750 1586 1820 συμφοραὶ,
1616 1749 1790 1802 ταῦτα

207 1846 304 1898 νῦν
337 1847 637 1914 ἐνεργεῖται
685 1845 740 1897 ὲν
794 1846 945 1914 ἡμῖν,
988 1845 1172 1914 φησιν,
1217 1844 1250 1912 ἡ
1298 1843 1354 1895 δὲ
1399 1843 1583 1905 πίστις
1627 1841 1786 1911 καὶὴ

1153 446 1538 511 COMMENT.
1587 447 1662 508 IN
1709 445 1944 511 EPIST.
1987 450 2046 510 II
2090 455 2188 512 AD
2221 453 2586 515 CilRINTI-I.

3370 459 3473 518 956

2168 562 2455 633 Propterea
2507 578 2607 616 nos
2654 559 2801 632 ipsos
2839 562 2892 616 in
2929 570 3160 616 mortem
3213 565 3480 620 tradimus

1902 665 1958 707 ut
2014 655 2119 707 vita
2181 653 2394 709 Domini
2454 651 2836 708 manifestetur
2883 660 2937 704 et
2995 659 3121 722 agat
3177 652 3231 706 in
3292 654 3471 709 nobis.

1899 742 2174 808 Quando?
2217 757 2408 812 nempe
2440 742 2493 794 in
2527 741 2713 795 futuro
2749 743 2951 796 sarculo
2985 758 2998 794 :
3051 757 3113 794 ac
3144 742 3187 795 si
3223 741 3470 796 dieerct:

1900 835 2052 889 Nunc
2101 843 2323 904 propter
2368 835 2644 887 Christum
2701 835 3068 902 nosmetipsos
3128 833 3183 886 in
3242 843 3476 887 mortem

1897 927 2186 993 tradimus,
2236 934 2294 979 ut
2332 926 2584 979 Christus
2626 932 2756 978 tunc
2796 927 2864 977 ab
2902 923 3258 978 intellectuali
3297 931 3474 977 morte

1897 1018 2373 1076 condemnationis
2414 1035 2514 1073 nos
2548 1019 2764 1081 liberet,
2799 1025 2851 1071 ct
2889 1018 2953 1071 ad
2986 1017 3150 1071 vitam
3193 1017 3358 1072 ducat
3397 1017 3476 1070 in-

1901 1113 2288 1167 tellectualem.
2329 1128 2348 1160 ι
2370 1111 2558 1178 Itaque
2577 1125 2724 1164 mors
2740 1110 2982 1178 quidem.
3010 1127 3028 1160 ι
3050 1109 3121 1164 Ut
3155 1109 3258 1163 hoc
3277 1119 3475 1164 conse-

1897 1221 2072 1275 quens
2117 1204 2210 1270 sit,
2252 1202 2419 1274 629
2454 1202 2652 1271 inquit,
2686 1210 2914 1255 mortem
2945 1202 3163 1271 quidem
3204 1216 3366 1271 agere
3408 1216 3473 1254 ac

1896 1295 2004 1350 vim
2039 1296 2242 1350 habere
2269 1305 2321 1349 et
2353 1296 2726 1366 operationem
2760 1297 2814 1350 in
2848 1296 3029 1360 nobis,
3059 1295 3224 1348 vitam
3255 1309 3386 1347 vero
3419 1294 3470 1346 in

1898 1387 2070 1441 vobis.
2102 1387 2179 1441 Ac
2220 1386 2266 1441 si
2293 1387 2495 1441 diceret
2532 1403 2545 1438 :
2585 1386 2696 1442 Nos
2731 1386 2994 1441 morimur
3025 1394 3246 1455 propter
3276 1383 3474 1453 praedi-

1897 1481 2190 1544 cationem,
2224 1487 2281 1532 ut
2312 1496 2409 1534 vos
2441 1481 2639 1534 vivatis
2680 1495 2772 1548 per
2805 1480 2978 1548 ipsam
3012 1479 3121 1531 vita
3163 1478 3253 1531 illa
3289 1478 3475 1531 incor-

1895 1572 2135 1642 ruptibili
2166 1588 2230 1624 ae
2260 1586 2484 1631 aeterna.
2516 1569 2804 1625 credentes
2853 1571 2906 1623 in
2949 1569 3256 1623 Christum.
3283 1599 3351 1609 -—-
3375 1569 3474 1621 Af-

1894 1663 2166 1719 ﬂictiones
2205 1675 2256 1718 et
2291 1665 2621 1727 anxietates,
2667 1661 3071 1730 mortiferaeque
3107 1661 3470 1722 calamitates,

1896 1754 2093 1822 inquit,
2135 1754 2248 1809 haec
2296 1770 2440 1808 nunc
2486 1761 2784 1822 operantur
2827 1752 2880 1805 in
2925 1752 3084 1805 nobis
3121 1768 3134 1805 :
3181 1749 3314 1803 ﬁdes
3349 1763 3476 1801 vero

1897 1861 1960 1899 ac
1990 1847 2166 1917 pietas
2199 1850 2341 1916 (qurc
2373 1861 2501 1900 vere
2532 1845 2638 1898 vita
2672 1848 2776 1912 est)
2812 1844 2866 1897 in
2901 1844 3077 1898 vobis.
3112 1843 3288 1896 Pietas
3324 1840 3469 1894 enim

207 1940 468 1993 εὐσέϐεια
511 1939 652 2009 (ἥτις
707 1939 855 1991 ἐστὶν
904 1938 937 2006 ἡ
984 1935 1210 2006 ἀληθινὴ
1261 1932 1396 2004 ζωὴ)
1432 1974 1446 2000 ,
1500 1934 1557 1986 ὲν
1643 1933 1790 1999 ὑμῖν.

1900 1941 2010 1994 sive
2039 1939 2220 1994 cultus
2261 1939 2354 1993 Dei
2394 1939 2501 1991 vita
2551 1947 2656 2002 est,
2698 1953 2820 1991 cum
2869 1935 3360 2004 incorruptibilem,
3392 1933 3475 1986 in-

205 2032 334 2104 Ζωὴ
365 2033 421 2086 δέ
463 2035 607 2085 ἐστιν
638 2033 670 2102 ή
702 2029 973 2095 εὐσέϐεια,
1004 2029 1086 2082 ὅτι
1114 2028 1209 2100 τὴν
1243 2028 1434 2098 ἀγήρω
1465 2028 1558 2080 καὶ
1587 2026 1789 2082 ἄλυπον

206 2129 306 2181 καὶ¹
355 2129 527 2181 ἀΐδιον
572 2129 628 2179 ὲν
671 2126 920 2196 οὐρανοῖς
949 2124 1221 2194 προξενεῖ.
1269 2141 1287 2174 ι
1330 2121 1584 2193 Ἔχοντες
1627 2119 1683 2172 δὲ
1729 2119 1789 2171 τὸ

205 2223 345 2278 αὐτὸ
385 2220 601 2289 πνεῦμα
646 2219 745 2288 τῆς
793 2217 1050 2280 πίστεως.
1083 2235 1102 2267 ι
1151 2215 1224 2269 Τὸ
1272 2215 1402 2268 αὐτὸ
1450 2211 1668 2282 πνεῦμα
1715 2211 1790 2283 τῷ

203 2315 395 2378 Δαυὶδ,
428 2311 613 2383 φησιν,
659 2310 891 2380 ἔχοντες,
937 2307 1008 2361 τὰ
1049 2308 1190 2362 αύτά
1232 2307 1382 2376 αύτῷ
1421 2306 1514 2360 καὶ
1558 2306 1793 2376 φθεγγό-

209 2408 380 2476 ⁸ιεθοι,
427 2403 511 2465 τὸ,
569 2422 587 2455 ι
631 2403 983 2463 Ἐπίστευσα,
1009 2398 1090 2452 διὸ
1139 2398 1399 2468 ἐλάλησα.
1436 2417 1454 2449 ι
1505 2399 1654 2451 Ἀνω
1682 2399 1790 2467 γὰρ

203 2499 321 2554 ἀπὸ
369 2496 644 2567 λογισμῶν
675 2495 1035 2566 παραστήσας
1086 2491 1186 2564 τήν
1227 2493 1547 2559 ἀνάστασιν,
1585 2491 1678 2545 νῦν
1725 2493 1791 2546 ὲκ

208 2593 451 2654 πίστεως
484 2589 654 2657 αὐτὴν
691 2587 955 2658 εἰσφέρει.

277 2679 521 2742 suam
549 2677 637 2730 ὅτι
677 2679 709 2730 ὀ
739 2677 971 2746 ἐγείρας
1000 2675 1106 2728 τὸν·
1134 2676 1356 2742 Κύριοι·
1399 2673 1656 2741 Ἰησοῦν,
1689 2673 1787 2726 καὶ

203 2770 371 2840 ἡμᾶς
414 2771 512 2824 διὰ
581 2769 785 2837 Ἰησοῦ
835 2767 1042 2838 ἐγερεῖ,
1087 2768 1183 2822 καί
1241 2766 1620 2835 παραστήσει
1669 2765 1792 2820 σὺν

205 2862 375 2932 ὑμῖν.
417 2861 491 2915 Τὰ
527 2861 636 2931 γὰρ
664 2859 860 2913 πάντα
898 2859 972 2914 δι’
1002 2857 1179 2929 ὑμᾶς,
1209 2860 1308 2912 ἵνα
1340 2861 1378 2928 ἠ
1410 2859 1581 2928 χάρις
1608 2862 1791 2912 πλεο-

207 2953 480 3018 νάσασα,
515 2953 611 3007 διὰ
643 2951 762 3007 τῶν
799 2953 1098 3006 πλειόνων
1121 2951 1238 3020 τὴν
1270 2951 1662 3021 εὐχαριστίαν
1690 2965 1792 3004 πε-

197 3047 514 3115 ρισσεύσῃ
545 3047 632 3111 εἰς
658 3044 772 3111 τὴν
800 3042 988 3108 δόξαν
1019 3044 1125 3098 τοῦ
1147 3045 1316 3099 Θεοῦ.
1344 3042 1441 3097 Διὸ
1473 3046 1582 3096 οὐκ
1610 3044 1792 3096 ἐκκα-

208 3134 461 3204 κοῦμεν,
495 3133 632 3188 ἀλλ’
653 3134 704 3187 εὶ
739 3133 838 3187 καὶ
887 3135 920 3186 ό
953 3133 1070 3198 ἔξω
1108 3133 1278 3204 ἡμῶν
1325 3133 1634 3201 ἅνθρωπος
1672 3133 1793 3186 δια-

209 3226 536 3294 φθείρεται,
558 3223 696 3278 ἀλλ’
720 3226 752 3278 d
775 3225 1003 3278 ἔσωθεν
1023 3223 1456 3280 ἀνακαινοῦται
1485 3223 1674 3294 ἡμέρᾳ
1692 3223 1793 3277 καὶ

210 3312 430 3382 ἡμέρᾳ.

285 3401 568 3472 Ᾱαλοῦμεν
594 3401 650 3454 δὲ
677 3401 853 3467 τοῦτο,
885 3402 1085 3467 εἰδότες
1111 3405 1192 3458 ὅτι
1218 3405 1246 3457 ὁ
1286 3405 1378 3459 τδν
1411 3405 1618 3476 Κύριον
1649 3406 1794 3475 ἐγεί-

141 3509 186 3526 ε
212 3511 318 3566 ρας
350 3509 370 3527 ο
396 3494 606 3564 Πατὴρ,
657 3495 754 3547 καὶ
801 3495 948 3565 ἡμᾶς
981 3497 1182 3565 ἐγερεῖ.
1232 3495 1406 3550 Πόθεν
1453 3497 1691 3565 είδότες;
1726 3503 1793 3554 ἐκ

207 3587 314 3656 τῆς
348 3587 581 3649 πίστεως
606 3585 871 3656 δηλονότι.
897 3604 914 3636 ι
939 3587 1209 3659 Καὶήμᾶς
1227 3587 1314 3642 διὰ
1349 3587 1522 3658 Ἰησοῦ
1555 3591 1787 3661 ἐγερεῖ.»

207 3679 387 3743 Αὐτὸς
411 3680 518 3750 γὰρ
540 3680 659 3748 ἣξει
689 3681 746 3732 ἐν
769 3679 1126 3751 κελεύσματι,
1163 3684 1219 3735 ὲν
1244 3685 1396 3755 φωνῇ
1427 3685 1790 3754 ἀρχαγγέλου,

209 3777 274 3828 ὲν
309 3773 595 3840 σάλπιγγι,
624 3772 718 3824 καὶ
750 3773 934 3845 ἐγερεῖ
962 3773 1084 3836 τοὺς
1111 3775 1355 3845 νεκροὺς,
1395 3775 1486 3828 καὶ
1511 3777 1794 3848 nepotari]-

212 3883 297 3918 σει
346 3865 421 3935 τῷ
449 3864 630 3934 οἰκείῳ
673 3859 901 3935 βήματι.
943 3882 962 3916 ι
997 3864 1079 3918 Τά
1110 3867 1218 3937 γὰρ
1253 3867 1430 3920 πάντα
1465 3867 1531 3919 δι’
1563 3868 1726 3937 ὑμᾶς.
1769 3887 1788 3920 ι

220 3955 490 4010 Ἐνταῦθα
523 3957 863 4022 παιδαγωγεῖ
889 3953 1106 4018 αὐτοὺς,
1143 3956 1282 4026 ὑπὲρ
1313 3957 1413 4025 τῆς
1443 3957 1792 4020 ἀναστάσεως

207 4051 308 4100 καὶ
355 4047 461 4100 τῶν
494 4045 701 4099 λοιπῶν
750 4047 990 4114 ἀγαθῶν,
1044 4047 1203 4117 χάριν
1251 4047 1451 4100 εἰδέναι
1488 4047 1792 4119 ἀνθρώπων

212 4143 317 4208 μὲν
365 4139 572 4210 μηδενὶ,
605 4137 722 4207 Θεῷ
764 4139 819 4190 δὲ
868 4137 1032 4208 μόνῳ.
1083 4141 1144 4192 Oi
1193 4137 1301 4209 γὰρ
1345 4138 1789 4208 ψευδαπόστολοι,

209 4233 427 4291 ἑαυτοῖς
471 4229 569 4300 τήν
617 4229 775 4299 χάριν
824 4228 1167 4293 ἀνετίθεσαν,
1198 4230 1272 4292 ὡς
1303 4231 1391 4284 διὰ
1435 4231 1541 4283 τῶν
1574 4231 1792 4284 οἰκείων

208 4321 354 4389 πρὸς
395 4317 526 4371 Θεὸν
581 4317 1014 4387 παρακλήσεων,
1065 4317 1410 4385 δωρουμένου
1464 4316 1637 4370 ταῦτα
1695 4316 1789 4368 τοῦ

207 4409 372 4464 Θεοῦ.
400 4427 418 4461 ι
447 4409 527 4464 Τὰ
554 4409 664 4478 γὰρ
703 4409 902 4471 πάντα,
943 4408 1222 4461 τουτέστιν
1250 4409 1456 4476 ἀγαθὰ,
1489 4409 1557 4462 δι’
1589 4409 1784 4477 apag,»

209 4503 273 4554 οὐ
309 4501 398 4554 διὰ
429 4499 600 4562 τόνδε,
650 4499 744 4551 καὶ
775 4498 948 4562 τόνδε,
1002 4497 1138 4550 ἀλλά
1176 4498 1264 4550 διὰ
1299 4495 1359 4552 τὸ
1393 4499 1546 4568 κοινῇ
1581 4497 1792 4567 συμφέ-

215 4611 332 4666 ρον.
363 4592 533 4646 Τοῦτο
561 4591 638 4657 δὲ,
682 4591 838 4662 φησὶ,
877 4591 1122 4659 γέγονεν,
1160 4590 1246 4642 ἵνα
1278 4589 1312 4659 ἠ
1344 4590 1503 4660 χάρις
1529 4588 1622 4643 τοῦ
1653 4587 1787 4643 Θεοῦ
1813 4593 1868 4654 D

208 4683 508 4754 πλεονάσῃ,
545 4679 760 4744 πολλοῖς
793 4679 1164 4750 παρεχομένη.
1198 4678 1416 4750 Ταύτης
1457 4680 1513 4733 δὲ
1557 4680 1787 4733 πλεονα-

211 4777 437 4844 ζούσης,
469 4773 566 4826 καὶ
591 4774 624 4840 ἡ
658 4772 739 4835 είς
781 4771 944 4825 αὑτὸν
987 4769 1313 4841 εὐχαριστία
1344 4770 1786 4842 συμπλεονασθή-

214 4885 390 4922 σεται.
427 4885 446 4920 ι
501 4867 592 4918 Διὸ
642 4865 742 4917 οὐκ
795 4863 1159 4933 ὲκκακοῦμεν.
1203 4883 1222 4917 ι
1273 4865 1428 4918 Ἐπεὶ
1483 4864 1576 4918 οὖν
1627 4866 1788 4936 ῐσμεν

213 4959 392 5013 πάντα
425 4958 494 5011 τά
522 4958 602 5020 εἰς
634 4956 782 5026 ἡμᾶς
823 4956 1104 5025 γινόμενα,
1139 4959 1219 5020 εἰς
1263 4957 1614 5028 εὐχαριστίαν
1651 4957 1786 5010 Θεοῦ

211 5049 496 5120 τελευτᾷν,
524 5048 626 5101 οὐκ
661 5045 1006 5118 ἐκκακοῦμεν
1034 5047 1157 5100 οὐδὲ
1197 5047 1616 5118 ἀπαγορεύομεν
1652 5047 1789 5119 πρὸς

212 5142 339 5205 τοὺς
369 5139 732 5210 πειρασμούς.
765 5137 914 5205 Ἐξω
955 5140 1010 5192 δὲ
1049 5138 1356 5210 ἄνθρωπον,
1391 5138 1452 5191 τὺ
1488 5138 1645 5209 σῶμα
1683 5155 1786 5190 καφ

208 5236 312 5298 λεῖ,
348 5235 489 5305 ὅπερ
517 5233 822 5304 φθείρεται,
853 5231 1270 5302 μαστιζόμενον,
1301 5230 1652 5300 διωκόμενον,
1691 5229 1790 5283 καὶ

205 5328 603 5397 δεσμούμενον.
645 5325 795 5378 Ἐσω
835 5323 893 5377 δὲ
933 5323 1224 5391 ἄνθρωπον
1259 5321 1359 5392 τὴν
1387 5321 1590 5392 ψυχὴν,
1622 5322 1657 5392 ἦ
1705 5337 1789 5386 τις

209 5421 525 5489 ἀναθάλλει,
556 5421 714 5492 φησὶ,
746 5420 868 5473 καθ’
901 5419 1140 5489 ἑκάστην
1167 5418 1382 5488 ἡμέραν
1404 5420 1471 5488 τῇ
1498 5415 1671 5469 ἐλπίδι
1695 5417 1789 5468 καὶ

208 5518 274 5587 τῇ
307 5516 475 5585 χαρᾷ,
511 5514 606 5568 καὶ
634 5513 717 5584 τῷ
741 5513 938 5567 ειδέναι
967 5512 1048 5566 ὅτι
1076 5511 1216 5584 ὑπὲρ
1247 5509 1382 5564 Θεοῦ
1419 5511 1641 5580 πάσχει.

285 5796 355 5848 Τὸ
389 5794 498 5864 γὰρ
521 5796 860 5864 παραυτίκα
881 5797 1149 5868 ἐλαφρὸν
1177 5801 1286 5869 τῆς
1310 5802 1572 5870 θλίψεως
1594 5802 1784 5873 ἡμῶν,

206 5887 342 5942 καθ’
383 5887 731 5958 ὑπερϐολὴν
781 5890 868 5955 εις
913 5892 1256 5960 ὑπερϐολὴν
1309 5895 1547 5948 αἰώνιον
1590 5893 1785 5964 ,Βάρος

1893 2032 2237 2086 deiicientem
2271 2047 2333 2086 ac
2366 2034 2754 2102 sempiternam
2798 2031 2961 2082 vitam
3003 2029 3056 2082 in
3094 2027 3249 2082 coelis
3290 2024 3476 2080 conci-

1895 2122 2006 2176 liet.
2055 2141 2072 2172 ι
2106 2121 2375 2176 Caeterum
2410 2136 2533 2174 cum
2577 2119 2881 2173 habeamus
2924 2116 3175 2170 eumdem
3221 2115 3471 2183 spiritum

1894 2214 2039 2270 lidci.
2084 2233 2101 2265 ›
2137 2214 2272 2267 Cum
2310 2214 2558 2266 eumdem
2601 2211 2852 2282 spiritum
2899 2217 3022 2260 cum
3069 2205 3236 2260 David
3271 2205 3471 2258 habea-

1891 2323 2032 2369 mus,
2061 2308 2250 2361 eadem
2285 2307 2448 2361 etiam
2484 2320 2604 2358 cum
2643 2305 2761 2374 ipso
2799 2305 3094 2373 loquimur,
3122 2310 3250 2371 puta
3289 2320 3306 2352 ι
3337 2300 3469 2352 Cre-

1893 2402 2026 2463 didi,
2060 2399 2267 2454 idcirco
2294 2400 2512 2455 locutus
2539 2414 2683 2453 sum.
2716 2418 2734 2450 ι
2766 2395 2900 2451 Nam
2933 2411 3057 2449 cum
3093 2397 3144 2450 in
3177 2391 3473 2462 superiori-

1892 2493 1995 2548 bus
2016 2492 2498 2554 resurrectionem,
2521 2490 3057 2546 considerationibus
3080 2503 3141 2541 ac
3166 2485 3471 2541 rationibus

1889 2586 2212 2648 astrinxerit,
2238 2585 2484 2640 eamdem
2516 2598 2661 2638 nunc
2690 2598 2758 2637 ex
2791 2582 2895 2636 tide
2928 2581 3160 2636 inducit.

1961 2679 2051 2742 IV,
2085 2677 2268 2732 Ili-16.
2320 2675 2560 2732 Scientes
2599 2675 2738 2745 quod
2770 2677 2815 2727 is
2854 2674 2943 2744 qui
2982 2672 3256 2726 suscitavit
3291 2669 3475 2723 Domi-

1892 2785 2016 2822 num
2047 2765 2258 2830 Jesum,
2294 2783 2386 2818 nos
2412 2781 2613 2834 quoque
2639 2781 2731 2832 per
2754 2761 2939 2818 Iesum
2968 2761 3242 2816 suscitabit
3272 2773 3318 2813 et
3346 2777 3474 2813 con—

1893 2859 2073 2913 stituet
2128 2858 2415 2910 vobiscum.
2459 2852 2599 2907 Nam
2633 2856 2810 2907 omnia
2849 2863 3060 2922 propter
3088 2869 3199 2913 ros,
3251 2861 3305 2903 ut
3351 2867 3476 2920 gra-

1893 2953 1968 3004 tia
2003 2965 2118 3020 qua:
2143 2945 2451 3008 exundavit,
2488 2945 2728 3014 pluribus
2756 2946 2960 3015 gratias
2989 2943 3288 3012 agentibus,
3329 2957 3463 2993 exu-

1894 3044 2031 3096 beret
2063 3043 2115 3096 in
2148 3041 2375 3111 gloriam
2434 3038 2552 3092 Dei.
2601 3037 2888 3107 Propterea
2927 3053 3028 3088 non
3091 3033 3470 3102 defatigamur,

1894 3135 1982 3188 sed
2005 3133 2243 3203 quamvis
2277 3143 2524 3184 externus
2562 3131 2715 3182 homo
2743 3137 2923 3182 uoster
2951 3134 3348 3192 corrumpatur,
3380 3124 3464 3174 iu-

1897 3235 2075 3280 ternus
2110 3234 2282 3278 tamen
2303 3231 2586 3275 renovatur
2623 3221 2676 3273 in
2707 3220 2819 3273 dies
2850 3216 3110 3288 singulos.

1968 3435 2084 3491 Hoc
2113 3443 2296 3491 autem
2337 3433 2618 3503 loquimur
2665 3430 2908 3488 scientes
2957 3427 3106 3499 quod
3155 3425 3319 3480 Pater
3381 3423 3475 3495 qui

1896 3529 2188 3584 Dominum
2223 3525 2532 3590 suscitavit,
2567 3537 2668 3579 nos
2699 3536 2918 3592 quoque
2960 3517 3271 3574 suscitabit.
3324 3514 3479 3571 Unde

1895 3622 2001 3676 hoc
2031 3618 2307 3675 scientes?
2345 3633 2414 3672 ex
2451 3616 2558 3671 ﬁde
2598 3615 2874 3669 videlicet.
2910 3632 2928 3664 ι
2966 3611 3078 3666 Nos
3100 3623 3322 3680 quoque
3379 3622 3478 3677 per

1895 3712 2084 3768 Iesum
2139 3709 2456 3765 suscitabit.
2496 3727 2516 3759 ι
2560 3706 2676 3775 Ipse
2715 3706 2860 3760 enim
2913 3704 3096 3758 veniet
3125 3716 3221 3772 per
3273 3714 3478 3768 prazce-

1896 3814 2072 3872 ptum,
2105 3816 2201 3872 per
2227 3815 2416 3855 vocem
2446 3798 2787 3868 archangeli,
2822 3812 2915 3864 per
2947 3796 3130 3849 tubam
3163 3807 3182 3857 ;
3214 3801 3269 3846 et
3298 3791 3478 3847 susei-

1896 3894 2034 3951 tabit
2061 3900 2332 3956 mortuos,
2367 3904 2581 3958 suoque
2608 3890 2769 3944 sistet
2800 3887 3086 3942 tribunali.
3122 3904 3141 3936 ι
3180 3882 3318 3938 Nam
3349 3899 3471 3938 om-

1898 3985 1986 4040 nia
2017 3991 2244 4054 propter
2302 3995 2420 4034 vos.
2454 3998 2473 4032 ι
2524 3977 2638 4032 IIoc
2681 3979 2800 4032 loco
2855 3978 3005 4047 ipsos
3058 3975 3282 4029 instruit
3328 3972 3474 4042 quod

1895 4077 1976 4131 de»
2003 4076 2406 4129 resurrectione
2446 4071 2775 4138 ueterisque
2837 4066 3146 4128 beneﬁciis,
3186 4065 3323 4118 nulli
3377 4065 3476 4118 ho—

1896 4169 2134 4233 minuat,
2195 4165 2290 4220 sed
2319 4164 2422 4218 soli
2465 4163 2572 4216 lico
2606 4160 2829 4230 agenda:
2879 4160 2989 4215 sint
3015 4158 3223 4228 gratiae.
3269 4155 3476 4211 Pseud-

1899 4259 2136 4330 apostoli
2164 4257 2310 4312 enim
2341 4257 2445 4310 sibi
2479 4255 2614 4325 ipsis
2654 4253 2884 4324 gratiam
2914 4251 3283 4305 attribuebant
3315 4250 3471 4318 quasi

1897 4352 2162 4408 Deusiila
2221 4349 2532 4412 tribuisset,
2577 4343 3056 4400 exhortationibus
3110 4343 3352 4412 ipsorum
3405 4339 3472 4392 ad

1897 4443 2066 4496 Deum
2127 4439 2480 4494 ducentibus.
2521 4453 2539 4488 ι
2569 4434 2704 4490 Nam
2763 4435 2948 4488 munia
3007 4439 3233 4502 propter
3285 4444 3405 4484 vos.
3446 4445 3465 4478 ι

1894 4533 2040 4589 Bona
2073 4533 2334 4587 videlicet
2355 4545 2452 4587 seu
2485 4527 2775 4592 beneﬁcia,
2806 4541 2916 4581 non
2951 4532 3171 4595 propter
3200 4523 3345 4576 hunc
3375 4528 3472 4574 aut

1894 4625 2078 4689 illum,
2110 4623 2210 4678 sed
2247 4629 2472 4692 propter
2507 4633 2853 4674 communem
2891 4617 3204 4670 utilitatem.
3238 4610 3354 4666 Hoc
3382 4625 3476 4666 au-

1899 4724 2009 4770 tem
2044 4714 2248 4770 factum
2275 4721 2382 4776 cst,
2412 4711 2612 4779 inquit,
2645 4719 2707 4765 ut
2761 4711 2939 4780 gratia
3000 4707 3096 4762 Dei
3144 4705 3471 4767 exundaret,

1898 4805 2025 4860 dum
2056 4805 2246 4859 multis
2281 4804 2565 4868 tribuitur,
2596 4801 2699 4857 hac
2729 4815 2858 4856 vero
2907 4798 3243 4860 exundante,
3303 4798 3470 4852 etiam

1897 4897 2197 4968 gratiarum
2235 4897 2382 4950 actio
2412 4896 2481 4948 ad
2536 4908 2660 4948 eum
2693 4891 2860 4946 simul
2919 4890 3243 4946 exundaret.
3279 4906 3298 4938 ι
3338 4885 3474 4942 Pro-

1896 4996 2086 5059 pterea
2121 5002 2229 5042 non
2272 4986 2658 5056 dcfatigamur.
2703 5002 2722 5036 ι
2753 4983 3025 5050 Quoniam
3055 4996 3186 5052 ergo
3218 4981 3474 5037 novimus

1897 5078 2081 5134 omnia
2111 5092 2233 5148 qua:
2265 5078 2319 5130 in
2357 5091 2460 5132 nos
2499 5075 2644 5128 facta
2673 5084 2802 5130 sunt
2828 5073 2897 5128 ad
2932 5073 3137 5143 gratias
3171 5073 3278 5127 Deo
3307 5086 3474 5141 agen-

1897 5172 1997 5226 das
2037 5168 2350 5233 terminari,
2380 5184 2490 5222 non
2528 5165 2891 5237 defatigamur
2941 5179 3116 5235 neque
3158 5162 3474 5228 succumbi-

1897 5276 2021 5316 mus
2056 5259 2124 5314 ad
2150 5257 2494 5315 aﬂlictiones.
2532 5259 2834 5314 Externum
2869 5267 3050 5313 autem
3083 5257 3358 5312 hominem
3381 5269 3475 5308 vo-

1899 5361 1988 5407 cat
2014 5366 2237 5421 corpus,
2256 5352 2420 5424 630
2436 5351 2582 5421 quod
2598 5352 2974 5422 corrumpitur
2990 5351 3121 5404 dum
3149 5347 3474 5420 ﬂagellatur,

1897 5445 2096 5515 ligatur
2126 5459 2189 5500 ac
2219 5446 2652 5514 persecutionem
2683 5445 2944 5510 sustinet,
2985 5442 3298 5497 interiorem
3340 5451 3476 5492 vero

1897 5535 2200 5598 hominem,
2252 5535 2493 5590 animam
2543 5551 2664 5606 quae
2702 5551 2946 5600 rursum,
3005 5531 3201 5601 inquit,
3245 5525 3474 5582 virescit

1902 5627 2143 5698 singulis
2181 5627 2374 5684 diebus
2408 5645 2504 5699 spe
2537 5642 2589 5685 et
2619 5629 2841 5702 gaudio,
2881 5635 2936 5684 et
2967 5625 3093 5696 quia
3139 5621 3291 5676 novit
3322 5621 3474 5690 quod

1899 5715 1951 5770 id
1988 5731 2088 5786 pro
2130 5715 2239 5771 Deo
2271 5719 2534 5788 patiatur.

1970 5805 2063 5871 IV,
2104 5807 2192 5874 Π,
2227 5809 2314 5864 18.
2351 5807 2494 5862 Ναηι
2548 5818 2908 5864 momentama
2950 5805 3137 5860 levitas
3172 5803 3474 5874 aﬂiictiouis

1894 5909 2110 5967 nostra,
2149 5902 2298 5967 mire,
2327 5919 2488 5970 supra
2518 5902 2729 5956 modum
2759 5911 3011 5956 a'tcrnum
3047 5898 3236 5970 gloria?
3260 5895 3468 5967 pondus
