3906 6572
211 388 326 450 £69
1151 378 1532 440 COMMENT.
1579 378 1657 437 IN
1692 375 1928 435 EPiST.
1963 375 2019 433 ll
2063 373 2163 433 AD
2200 372 2557 432 CORlNTiI.
3332 365 3441 428 970

191 505 308 560 ἀπὸ
339 504 451 557 τῶν
496 499 698 574 χειρῶν
743 498 858 568 ἔχει
894 497 993 570 τὴν
1031 495 1313 560 σύστασιν,
1356 500 1547 566 αρτου,
1582 491 1770 557 ποτοῦ,

1909 492 2106 556 ionem,
2139 488 2285 545 Bene
2310 498 2505 543 autem
2540 485 2608 541 ad
2659 484 2946 555 praesentis
2983 483 3105 539 vita:
3154 496 3447 565 compara~

195 601 295 652 καὶ
334 573 651 665 ἐνδύματος.
680 594 864 656 Οὓτως
885 592 914 645 ό
948 593 1101 659 ἅγιος
1130 589 1411 651 Μεθόδιος,
1452 589 1509 639 ἐν
1533 585 1609 655 τῷ
1638 586 1777 653 Περὶ

1909 584 2084 638 ionem
2121 580 2261 635 dixit
2302 582 2544 634 futuram
2591 592 2699 632 non
2739 590 2863 632 esse
2900 573 3153 630 manibus
3206 574 3437 631 laetam:

198 688 596 752 ἀναστάσεως
632 686 795 755 λόγῳ.
824 712 894 722 -
918 684 1128 737 Ἀλλο.
1175 680 1447 748 Ἐπζγειον
1477 676 1655 731 οἰκίαν
1683 678 1780 745 τὴν

1909 690 2005 730 iam
2044 688 2289 744 praesens
2314 673 2568 728 manibus
2599 670 2764 726 habet
2798 668 3084 735 constitui,
3120 682 3317 738 nempe
3344 679 3443 738 per

195 782 346 836 κατὰ
376 780 469 832 τὸν
514 777 757 846 παρόντα
791 775 904 844 βίον
951 773 1098 841 λέγει
1141 771 1440 839 διαγωγὴν,
1488 769 1686 838 σκῆνος
1723 766 1780 820 δὲ

1909 764 2092 827 :ihum,
2126 772 2336 834 potum,
2387 761 2789 816 indumentum.
2841 759 2916 814 Ita
2954 758 3115 813 divus
3143 756 3309 813 habet
3339 756 3448 813 Me-

194 875 262 928 τὺ
287 873 471 942 σῶμα.
517 871 640 923 Ἐὰν
683 868 864 921 τοίνυν
923 865 1063 936 λάϐῃ
1089 863 1242 926 τέλος
1266 862 1335 915 τὰ
1387 861 1653 931 παρόντα,
1683 857 1782 930 τὴν

197 964 621 1036 ἀχειροποίητον
664 960 861 1030 ἔχομεν
907 956 1106 1020 οἰκίαν,
1166 954 1259 1025 τὴν
1305 950 1522 1007 αίώνιον
1566 952 1659 1005 καὶ
1693 950 1786 1003 οὺ-

201 1058 410 1128 ρὰνιον.
429 1086 498 1097 --
518 1057 723 1108 Ἄλλο.
764 1050 1036 1119 Ἐπίγειον
1061 1047 1239 1101 οἰκίαν
1265 1046 1519 1115 σκήνους,
1537 1044 1597 1096 τδ
1624 1042 1784 1112 σῶμα

196 1151 382 1202 καλεῖ.
425 1167 444 1198 ι
468 1144 770 1214 οἰκοδομὴν
797 1146 863 1197 ἐκ
891 1141 1027 1195 Θεοῦ
1063 1140 1282 1211 ἔχομεν.
1317 1157 1335 1191 ι
1366 1135 1490 1191 Οἷον
1521 1136 1621 1204 τὴν
1652 1134 1783 1188 ἀνα·

197 1243 424 1302 νέωσιν,
469 1240 567 1308 τὴν
598 1238 843 1306 ἔγερσιν.
881 1253 899 1285 ι
939 1235 1028 1287 Ἐν
1062 1237 1172 1295 τοῖς
1207 1233 1478 1303 οὐρανοῖς.
1519 1248 1538 1281 ›
1573 1225 1697 1281 Οἷον
1729 1226 1787 1279 ἐν

196 1336 315 1393 τοῖς
341 1334 594 1403 οὐρανοῖς
633 1325 1174 1383 κατασκευασθεῖσαν
1206 1324 1502 1394 ἄφθαρτον,
1537 1319 1786 1374 τουτέστι

196 1427 290 1479 διὰ
331 1426 557 1495 χάριτος
580 1419 854 1491 οὐρανίου.
886 1418 994 1471 Καὶ
1021 1418 1151 1486 γὰρ,
1177 1416 1247 1470 ἐν·
1267 1414 1475 1480 τούτῳ,
1508 1412 1627 1465 ἀντὶ
1659 1408 1780 1471 τοῦ,

198 1516 299 1569 διὰ
322 1516 519 1568 τοῦτο.
553 1532 570 1563 ι
601 1510 956 1578 Στενάξομεν.
987 1528 1004 1559 ι
1040 1508 1248 1576 Ὑμεῖς,
1283 1505 1438 1575 φησὶ,
1472 1501 1781 1566 στενάζετε,

198 1603 295 1668 ὡς’
334 1608 502 1669 είκῖς,
532 1602 890 1673 φθειρομένου
919 1599 1013 1653 τοῦ
1065 1598 1318 1669 σώματος
1361 1596 1514 1667 ὑμῶν
1563 1597 1622 1647 ἐν
1660 1597 1780 1653 ταῖς

199 1697 475 1766 θλίψεσιν.
514 1694 703 1763 Ἡμεῖς
732 1693 810 1754 δὲ,
845 1685 924 1755 οἷς
954 1688 1192 1758 ἐναργὴς
1225 1690 1259 1758 ἡ
1299 1686 1480 1748 πίστις
1517 1685 1618 1752 τῆς
1649 1684 1788 1737 ἁνα-

201 1789 474 1848 στὰσεως.
520 1784 850 1852 στενάζομεν
903 1782 987 1835 ὃτι
1034 1781 1109 1851 μὴ
1145 1777 1429 1840 παντελῶς
1474 1776 1783 1847 φθείρεται.

202 1878 364 1931 Διατί
398 1891 414 1941 ;
446 1875 565 1927 Ὀτι
607 1870 977 1941 ἐπιποθοῦμεν
1010 1870 1070 1922 τδ
1102 1868 1383 1938 ἄφθαρτον
1431 1862 1593 1935 ἡμῶν
1631 1861 1789 1933 σῶμα

206 1966 635 2023 ἐπενδύσασθαι.
676 1965 873 2026 Καλῶς
903 1962 961 2016 δὲ
991 1962 1075 2028 τὸ,
1108 1981 1127 2012 ι
1172 1958 1627 2014 Ἐπενδύσασθαι.
1667 1974 1686 2008 ι
1719 1955 1793 2009 Τὸ

210 2061 324 2130 γὰρ
351 2058 548 2128 θνητὸν
575 2058 732 2110 τοῦτο
774 2054 931 2125 σῶμα
990 2052 1308 2107 ἐπενδύεται
1335 2050 1435 2121 τὴν
1464 2047 1792 2118 ἀφθαρσίαν.

211 2177 232 2209 ε
267 2157 344 2209 Τὸ
370 2154 683 2224 οἰκητήριον
714 2152 894 2222 ἡμῶν,
915 2170 933 2201 ι
957 2147 1069 2202 Οὐκ
1092 2143 1482 2214 εἶπε,Σκῆνος,
1501 2143 1670 2208 eam
1699 2143 1796 2198 Oi-

207 2247 502 2318 κητήριον,
533 2262 551 2296 ι
587 2243 686 2313 τὴν
716 2244 794 2305 είς
839 2240 970 2295 αὐτὸ
999 2237 1216 2308 ἀσφαλῆ
1253 2236 1423 2308 μονὴν
1459 2238 1555 2290 καὶ
1583 2236 1798 2306 οἴκησιν

206 2336 702 2408 «iuxtim—"Alio.
724 2329 1075 2406 [GEOAQILN
1092 2331 1298 2399 Οἱκητή
1309 2344 1422 2398 ριον
1449 2326 1682 2380 ἐνταῦθα
1697 2327 1798 2394 τὴν

207 2428 528 2498 ἀφθαρσίαν
559 2424 966 2480 ἐκάλεσεν.()ὑκ
1012 2419 1130 2476 εἷπε
1158 2421 1235 2484 δὲ,
1263 2418 1639 2481 Ἐνδύσασθαι,
1658 2417 1797 2482 ἀλλ’,

214 2539 239 2575 ε
260 2518 715 2575 Ἐπενδύσασθαι.
747 2536 763 2568 ι
786 2517 939 2570 Ἐπεὶ
970 2516 1070 2586 οὐχ
1084 2515 1267 2586 ἕτερον
1296 2510 1593 2583 ἐνδυόμεθα
1618 2513 1797 2580 σῶμα,

211 2614 359 2668 ἀλλὰ
386 2614 447 2666 τὸ
483 2612 725 2683 φθαρτὸν
749 2610 930 2672 τοῦτο,
970 2610 1068 2677 τὴν
1110 2606 1421 2677 ἀφθαρσίαν
1459 2604 1795 2659 ἐπενδύεται.

220 2726 241 2758 ι
269 2706 345 2758 Τὸ
372 2705 434 2770 ἐξ
468 2703 722 2773 οὐρανοῦ.
760 2721 779 2755 ι
811 2702 926 2755 Οὐκ
960 2700 1148 2770 ἐπειδὴ
1174 2699 1232 2763 ἐξ
1259 2697 1490 2772 οὐρανοῦ
1530 2697 1797 2762 κάτεισιν,

213 2798 336 2853 ἀλλ’
381 2796 572 2866 ἐπειδὴ
626 2798 689 2850 ἐκ
745 2795 880 2849 Θεοῦ
941 2793 1044 2864 τὴν
1092 2791 1401 2863 ἀφθαρσίαν
1456 2790 1746 2862 λαμϐάνει.
1780 2807 1799 2840 ι

217 2889 354 2957 Εἵγε
381 2888 479 2943 καὶ
511 2887 860 2957 ἐνδυσάμενοι
890 2886 950 2938 οὐ
981 2884 1181 2954 γυμνοὶ
1212 2882 1645 2954 εὑρεθησόμεθα.
1683 2900 1703 2934 ι
1735 2910 1804 2924 -σ-

215 2980 456 3054 [ΙΩΔΝ.]
485 2981 741 3034 Τουτόστι
802 2979 907 3033 κᾶν
980 2972 1315 3045 ἀποθώμεθα
1376 2974 1438 3029 τὸ
1501 2973 1694 3043 σῶμα,
1742 2970 1803 3025 οὐ

221 3076 394 3144 χωρὶς
418 3073 671 3141 σώματος
690 3072 806 3124 ἐκεῖ
828 3065 1313 3138 παραστησόμεθα,
1338 3064 1475 3119 ἀλλὰ
1500 3064 1618 3136 μετ’
1638 3061 1804 3119 αὐτοῦ

1887 855 2114 914 thodius
2144 856 2241 910 lib.
2271 854 2350 909 De
2380 854 2787 909 resurrectione.
2814 882 2885 893 —
2904 851 3107 907 'Aliud.
3144 850 3447 907 Terrenum

1885 937 2224 1002 dumicili‘um
2274 943 2413 998 dicit
2453 944 2740 1013 pmsentis
2781 943 2906 997 vitae
2954 941 3449 1007 conservationem,

1888 1035 2306 1093 tabernaculum
2321 1049 2452 1090 vero
2480 1050 2700 1104 corpus.
2728 1035 2786 1091 Si
2812 1049 2959 1090 nunc
2984 1035 3145 1089 linem
3169 1034 3456 1105 accipiunt

1888 1129 2205 1201 praesentia,
2252 1128 2592 1183 domicilium
2622 1128 2889 1184 habemus
2936 1143 3044 1182 non
3079 1127 3454 1182 manulactum

1887 1232 2152 1278 aeternum
2179 1236 2244 1277 ac
2271 1221 2517 1276 caeleste.
2546 1251 2617 1261 -—
2645 1220 2826 1275 Aliud.
2861 1219 3167 1275 Terrenum
3198 1221 3456 1275 taberna-

1889 1313 1997 1367 culi
2033 1312 2367 1369 domicilium
2398 1319 2556 1367 vocat
2591 1327 2814 1383 corpus.
2842 1330 2861 1363 ι
2904 1310 3347 1367 Αιὶιίίίίωιὶοιιεω
3389 1326 3456 1366 ex

1890 1403 2001 1460 Deo
2032 1404 2319 1471 habemus,
2358 1423 2376 1455 ι
2417 1404 2519 1459 hoc
2573 1412 2677 1470 est,
2721 1404 3153 1470 renmationem,
3206 1420 3461 1461 resurre-

1891 1496 2151 1551 ctionem.
2191 1517 2209 1549 ι
2249 1494 2307 1551 In
2333 1497 2508 1560 oculis,
2545 1515 2564 1548 ι
2599 1497 2650 1551 id
2682 1505 2765 1552 est
2793 1506 3155 1567 praeparatam
3180 1499 3233 1552 in
3276 1498 3454 1561 caelis,

1894 1588 2392 1659 incorruptibilem,
2463 1604 2660 1659 nempe
2716 1605 2813 1659 per
2859 1591 3090 1660 gratiam
3155 1590 3458 1647 caelestem.

1891 1681 2028 1736 Nam
2060 1684 2119 1736 ἐν
2146 1682 2341 1752 τούτῳ,
2376 1683 2427 1737 id
2467 1692 2569 1746 est,
2598 1683 2651 1737 in
2690 1683 2817 1748 hoc,
2850 1683 3070 1753 capitur
3100 1699 3198 1754 pro
3225 1684 3312 1737 διὰ
3341 1685 3464 1738 τοὺ-

1891 1791 2005 1840 του,
2042 1775 2093 1828 id
2127 1782 2230 1839 est,
2283 1788 2378 1845 per
2430 1775 2552 1830 huc.
2609 1792 2627 1826 ι
2680 1774 2986 1833 Gemimus.
3024 1795 3043 1828 ι
3081 1775 3211 1840 Vos.
3263 1778 3461 1849 inquit.

1893 1868 2114 1938 gemitis
2145 1876 2201 1923 ut
2240 1868 2541 1924 verisimile
2576 1877 2660 1925 est
2693 1870 2836 1940 quod
2870 1885 3071 1940 corpus
3104 1884 3347 1928 vestrum
3381 1871 3465 1927 al-

1894 1963 2230 2020 ﬂictionihus
2263 1972 2690 2035 corrumpatur:
2725 1982 2827 2023 nos
2862 1976 3046 2022 autem
3080 1969 3282 2039 quibus
3311 1980 3461 2025 certa

1894 2063 1980 2111 cst
2007 2071 2134 2127 spes
2169 2056 2621 2124 resurrectionis,
2654 2058 2924 2126 gemimus
2944 2060 3090 2129 quad
3116 2074 3220 2116 non
3252 2063 3467 2130 penitus

1897 2158 2303 2219 corrumpatur.
2335 2147 2738 2215 Quamobrem?
2763 2149 2899 2218 Quia
2943 2154 3193 2222 cupimus
3217 2165 3466 2210 nostrum

1898 2252 2099 2309 corpus
2146 2241 2469 2311 superindui
2513 2242 3055 2313 incorruptibilitate.
3108 2243 3250 2301 Bene
3281 2253 3467 2301 autem

1905 2348 1923 2384 ι
1964 2331 2331 2403 Superindui;
2365 2353 2383 2386 ι
2432 2348 2554 2388 nam
2583 2334 2816 2387 mortale
2841 2334 2945 2389 hoc
2976 2350 3181 2405 corpus
3211 2337 3470 2407 superin-

1899 2425 2021 2479 duit
2052 2425 2647 2508 incorruptibilitatep.
2683 2445 2699 2478 ι
2735 2426 3018 2483 Domicilio
3043 2436 3253 2483 nostro.
3296 2449 3314 2482 ι
3348 2426 3468 2486 Non

1900 2517 2073 2571 dixit:
2106 2514 2511 2583 'l'abernaculo,
2545 2516 2661 2583 scd,
2702 2536 2720 2570 ι
2749 2517 3062 2587 Domicilio,
3104 2539 3123 2573 ι
3153 2520 3473 2591 signiﬁcans

1903 2609 2114 2664 lit-mam
2171 2609 2520 2664 mansionem
2578 2625 2642 2664 ac
2706 2610 3126 2667 habitationem.
3170 2642 3240 2654 —
3287 2614 3470 2670 Aliud.

1902 2701 2261 2755 Domicilium
2292 2703 2392 2755 hoc
2432 2700 2555 2755 loco
2580 2699 2741 2771 632
2781 2703 2992 2756 vocavit
3037 2702 3474 2774 incorruptibili-

1906 2802 2092 2848 tatem.
2125 2790 2245 2847 Non
2276 2794 2414 2847 dixit
2437 2803 2639 2858 autem,
2669 2792 2849 2859 indui,
2882 2794 2976 2849 sed
3005 2810 3025 2846 ι
3063 2792 3421 2865 Superindui;
3449 2813 3470 2848 ι

1904 2887 2350 2959 quandoquidem
2408 2903 2515 2941 non
2566 2887 2715 2942 aliud
2772 2889 3050 2944 induimus
3102 2903 3326 2959 corpus,
3378 2888 3474 2945 sed

1909 2981 2271 3051 corruptibile
2325 2979 2432 3036 hoc
2481 2979 2827 3050 superinduit
2874 2982 3472 3051 incorruptibilitatem.

1913 3089 1930 3123 ι
1973 3071 2129 3138 Quod
2162 3087 2192 3126 e
2224 3072 2364 3127 coelo
2392 3079 2498 3127 est.
2540 3091 2557 3124 ι
2590 3071 2707 3126 Non
2741 3073 2884 3142 quod
2914 3088 2944 3129 e
2976 3074 3116 3129 cmlo
3152 3072 3469 3143 descendat,

223 3165 509 3233 ἀφθάρτου
566 3160 886 3231 γενομένου.
939 3160 1095 3223 Τινὲς
1134 3159 1191 3211 δέ
1238 3160 1437 3226 φασιν,
1486 3157 1659 3229 Εἴπερ
1707 3156 1800 3211 καὶ

1909 3164 2004 3219 sed
2034 3162 2232 3235 quoda
2281 3163 2392 3219 Deo
2429 3164 3006 3235 incorruptibilitatem
3051 3162 3308 3236 accipiat.
3355 3184 3376 3221 ι
3415 3165 3475 3223 Si

223 3256 679 3324 ὲπενδυσάμενοι,
714 3253 775 3306 οὐ
811 3251 1009 3321 γυμνοὶ
1055 3249 1486 3321 εὑρεθησόμεθα.
1519 3249 1642 3303 Ἵνα
1691 3247 1803 3318 γὰρ

227 3349 307 3418 μὴ
346 3347 457 3400 ἀπὸ
506 3346 619 3415 τῆς
654 3345 1009 3411 ἀναστάσεως
1048 3342 1252 3406 πάντες
1301 3341 1574 3414 θαρῤὧσι,
1615 3342 1801 3409 φησὶν,

230 3458 254 3493 ι
285 3440 416 3506 Εῐγε
447 3439 540 3491 καὶ
567 3437 946 3507 ἐνδυσάμενοι,
980 3454 1000 3488 ι
1041 3433 1344 3496 τουτέστιν,
1369 3432 1681 3504 ἀφθαρσίαν
1708 3432 1804 3486 καὶ

226 3532 393 3603 σῶμα
410 3531 682 3604 ἄφθαρτον
709 3530 986 3595 λαδόντες,
1008 3547 1028 3582 ι
1049 3529 1111 3582 οὐ
1129 3527 1326 3599 γυμνοὶ
1344 3526 1751 3599 εὑρεθησόμεθα
1778 3546 1801 3580 ι

225 3625 407 3695 δόξης.
463 3626 525 3680 'h
557 3625 654 3695 μέν
693 3624 802 3694 γὰρ
858 3622 1152 3685 ἀνάστασις
1199 3621 1352 3692 κοινὴ
1390 3620 1630 3685 πάντων,
1670 3621 1704 3690 ἡ
1747 3619 1808 3674 δέ

228 3717 363 3783 δόξα
384 3718 485 3772 οὐκ
516 3718 597 3771 ἔτι
628 3718 743 3784 ἴση,
796 3714 911 3770 ἀλλ’
942 3716 995 3768 οἱ
1029 3714 1127 3784 μὲν
1150 3714 1207 3767 ἐν
1237 3715 1394 3783 τιμῇ,
1426 3712 1478 3766 οἱ
1506 3711 1565 3765 δὲ
1592 3713 1650 3765 ἐν
1688 3711 1809 3766 ἅτι-

232 3810 357 3881 μίᾳ.
409 3827 429 3861 ι
459 3810 534 3862 Οὐ
560 3809 759 3878 γυμνοὶ
809 3804 1244 3877 εὑρεθησόμεθα.
1277 3823 1298 3858 ι
1352 3803 1468 3858 Ἰνα
1500 3804 1576 3876 μὴ
1608 3805 1675 3858 ὲκ
1709 3807 1809 3874 τῆς

237 3899 599 3963 ἀναστάσεως
627 3899 798 3970 μόνης
827 3897 923 3951 καὶ
946 3898 1012 3950 ὲκ
1047 3896 1148 3966 τῆς
1184 3895 1280 3950 τοῦ
1309 3894 1559 3966 σώματος
1586 3894 1811 3949 ἐναλλα-

231 3991 343 4061 γῆς
377 3990 640 4060 νομίσωσι
688 3989 754 4042 τὸ
783 3991 893 4043 πᾶν
934 3987 1359 4057 κατορθοῦσθαι,
1410 3986 1608 4055 ἐπάγει
1641 4004 1657 4018 ·
1680 3987 1811 4055 Ely:

236 4082 341 4139 καὶ
394 4082 673 4154 ἄφθαρτον
721 4081 854 4135 αὐτὸ
900 4081 1281 4150 ἐνδυσάμενοι,
1312 4080 1373 4133 οὐ
1413 4078 1612 4150 γυμνοὶ
1651 4077 1811 4150 δόξης

235 4177 335 4230 καὶ
365 4177 533 4246 τιμῆς
570 4174 904 4245 εὑρεθῶμεν.
948 4173 1013 4228 Ἦ
1054 4176 1164 4245 γὰρ
1212 4173 1514 4245 ἀφθαρσία,
1555 4172 1670 4234 τοῖς
1711 4171 1811 4240 μὲν

234 4268 317 4329 εἰς
366 4265 595 4333 ἀγαθὸν,
625 4267 736 4329 τοις
789 4264 848 4321 δὲ
904 4263 986 4327 εις
1034 4262 1208 4317 κακὸν
1256 4262 1448 4327 ἔσται,
1485 4261 1811 4323 διαιωνίζειν

239 4356 497 4421 ποιοῦσα,
527 4356 624 4410 καὶ
648 4355 749 4418 τὰς
775 4355 965 4426 τιμὰς,
1003 4356 1099 4409 καὶ
1133 4354 1233 4417 τὰς
1260 4352 1533 4424 τιμωρίας
1558 4350 1814 4416 στενάζο-

241 4465 369 4521 μεν.
422 4467 442 4499 ι
493 4449 782 4516 Στένομεν,
816 4466 833 4498 ι
887 4432 1088 4517 φησὶν,
1138 4447 1241 4501 οὐκ
1291 4445 1675 4515 ἀπαλλαγῆναι
1715 4445 1813 4499 τοῦ

1910 3268 2057 3313 certe
2119 3256 2296 3311 induti
2352 3271 2461 3310 non
2522 3257 2660 3311 nudi
2719 3258 3071 3327 reperiemur.
3106 3276 3126 3310 ›
3193 3257 3307 3313 Hoc
3374 3268 3479 3323 est,

1911 3364 2224 3420 quanquam
2256 3363 2286 3403 a
2316 3347 2478 3406 nobis
2508 3362 2711 3417 corpus
2746 3348 3049 3415 auferatur,
3084 3366 3192 3405 non
3222 3352 3341 3407 sine
3357 3368 3481 3408 cor-

1912 3454 2043 3512 pore
2069 3441 2140 3495 ibi
2178 3441 2463 3501 sistemur,
2495 3439 2589 3495 sed
2623 3456 2750 3495 cum
2791 3441 2985 3496 eodem
3018 3441 3164 3499 facto
3230 3444 3485 3501 incorru-

1919 3531 2121 3602 ptibili.
2146 3528 2378 3597 Quidam
2408 3540 2589 3586 tamen
2621 3531 2811 3587 dicunt
2836 3549 2851 3586 :
2879 3530 2935 3586 Si
2964 3544 3111 3589 certe
3139 3534 3483 3606 superinduti

1916 3639 2025 3679 non
2059 3624 2187 3678 nudi
2218 3625 2577 3694 reperiemur.
2615 3618 2898 3697 Siquidem
2937 3641 3002 3681 ne
3024 3642 3216 3682 omnes
3243 3642 3273 3681 a
3298 3642 3487 3683 resur-

1915 3714 2163 3769 rectione
2197 3715 2453 3770 liduciam
2488 3725 2731 3781 sumant,
2760 3717 2869 3772 ait:
2906 3734 2923 3769 ι
2958 3715 3015 3772 Si
3046 3728 3196 3774 certe
3221 3718 3420 3784 induti,
3458 3737 3483 3783 ε

1916 3806 2020 3862 hoc
2049 3814 2154 3871 est,
2190 3816 2417 3877 accepta
2461 3807 2981 3878 incorruptibilitate
3008 3823 3069 3865 et
3116 3824 3349 3879 corpore
3401 3809 3488 3866 in-

1916 3896 2289 3966 corruptibili,
2319 3912 2427 3952 non
2457 3898 2629 3966 gloria
2665 3900 2852 3954 nudati
2888 3901 3249 3970 reperiemur.
3279 3898 3489 3957 Resur-

1916 3984 2091 4041 rectio
2138 3999 2373 4055 namque
2423 3987 2734 4042 communis
2780 3989 2883 4042 erit
2916 3988 3183 4051 omnium.
3228 3997 3286 4043 at
3316 3989 3488 4058 gloria

1917 4092 2028 4133 non
2060 4077 2186 4130 item
2210 4076 2470 4146 aqualis:
2502 4080 2597 4131 sed
2629 4077 2725 4131 alii
2753 4076 2973 4148 quidem
2992 4086 3153 4133 erunt
3177 4078 3232 4132 in
3258 4079 3487 4146 honore,
3600 4118 3615 4125 ι

1863 4223 1866 4226 .
1919 4169 2011 4225 alii
2041 4183 2171 4224 vero
2202 4172 2256 4223 in
2296 4167 2650 4223 contumelia.
2696 4187 2715 4220 ι
2760 4167 2880 4225 Non
2922 4168 3053 4225 nudi
3078 4171 3474 4239 reperiemur.»

1918 4260 1998 4318 Ne
2022 4277 2087 4317 ex
2103 4257 2647 4317 sola‘resurrectione
2669 4276 3075 4334 corporumque
3105 4261 3490 4318 immutatione

1920 4351 2241 4408 existiment
2269 4367 2384 4406 rem
2412 4365 2633 4406 onmem
2675 4362 2951 4421 peractam
2974 4369 3122 4422 esse,
3164 4352 3487 4429 subiungit:

1920 4441 1977 4498 Si
2013 4451 2166 4499 certe
2204 4442 2731 4514 ineorruptibilllate
2764 4443 2879 4515 ipsa
2913 4443 3112 4507 induti.
3140 4459 3248 4499 non
3300 4444 3490 4499 nudati

242 4540 497 4610 σώματος
529 4540 829 4608 ἐφιέμενοι,
849 4538 985 4592 ἀλλὰ
1006 4537 1115 4592 τῶν
1142 4537 1329 4593 παθῶν
1351 4537 1517 4591 αὑτοῦ
1538 4537 1803 4610 ἐλεύθερα

1924 4537 2263 4608 reperiamur
2301 4535 2470 4608 gloria
2500 4528 2554 4592 et
2576 4535 2807 4593 honore.
2847 4535 3127 4608 Siquidem
3152 4536 3493 4606 incorruptio

245 4630 503 4698 γενέσθαι
540 4630 853 4692 ποθοῦντες.
887 4630 964 4685 οὐ
994 4629 1100 4700 γὰρ
1131 4630 1503 4687 ἀποδύσασθαι
1531 4630 1597 4685 τὸ
1626 4630 1812 4701 σῶμα,

250 4720 368 4774 ἀλλ’
398 4718 795 4774 ἐπενδύσασθαι
833 4720 934 4787 τὴν
964 4719 1273 4790 ἀφθαρσίαν
1304 4718 1632 4791 ὀρεγόμεθα,
1668 4740 1688 4775 ι
1713 4722 1819 4777 Βα-

250 4812 531 4882 ρούμενοι.
573 4830 593 4864 ›
633 4810 856 4881 Ἐπειδὴ
906 4812 1187 4866 ἁντέιιειτο
1242 4811 1391 4882 αὐτῷ
1432 4814 1465 4883 ἠ
1500 4815 1653 4884 κοινῆ
1709 4813 1819 4866 τῶν

241 4901 547 4972 ἀνθρώπων
577 4899 725 4967 δόξα,
781 4899 869 4966 Τί,
896 4901 1050 4970 φησὶ,
1102 4900 1398 4966 στενάζεις,
1425 4901 1514 4958 ἵνα
1545 4901 1723 4973 ἁποθῇ
1760 4901 1826 4956 τδ

248 4993 324 5048 σιῖ.
332 5011 409 5063 μα
426 5009 453 5058 ζ
489 4993 683 5047 Καίτοι
707 4994 909 5056 πάντες
937 4993 1217 5063 ἄνθρωποι
1248 4991 1596 5059 στενάζουσιν
1624 4995 1714 5049 ἵνα
1742 4995 1825 5064 μὴ

251 5085 593 5150 ἀποθάνωσι,
626 5086 811 5154 φησίν.
847 5086 980 5139 Οὐδὲ
1002 5087 1161 5157 ἡμεῖς
1192 5086 1541 5154 στενάζομεν,
1573 5087 1661 5142 ἵνα
1688 5091 1824 5142 ἀποο

250 5176 480 5245 θώμεθα
510 5178 572 5229 τὸ
608 5177 773 5247 σῶμα
797 5178 894 5230 καὶ
931 5174 1308 5246 ἐκδυσὼμεθα,
1332 5176 1449 5230 ἀλλ’
1488 5177 1575 5231 ἵνα
1600 5179 1824 5233 ἐπενδυ-

249 5267 477 5338 σὼμεθα
505 5269 606 5339 τὴν
632 5268 965 5338 ἀφθαρσίαν.
995 5268 1068 5322 οὐ
1097 5270 1208 5338 γὰρ
1231 5268 1442 5339 ἐπειδὴ,
1472 5267 1629 5339 φησι,
1663 5269 1825 5338 σῶμα

251 5360 397 5425 ιστι,
438 5358 775 5429 βαρούμεθα,
812 5360 935 5413 ἀλλ’
959 5360 1143 5430 ἐπειδὴ
1179 5359 1370 5431 θνητὸν
1404 5361 1500 5416 καὶ
1528 5359 1828 5431 ἄφθαρτον.

254 5467 275 5502 ι
316 5451 434 5521 Ἐφ’
458 5436 588 5518 ᾧού
633 5450 860 5521 θέλομεν
898 5450 1243 5505 ἐκδύσασθαι.
1280 5470 1299 5503 υ
1336 5452 1430 5515 τι,
1454 5452 1546 5520 ἐφ’
1577 5445 1647 5519 ᾧ,
1688 5451 1814 5506 ἀντι

249 5538 345 5593 τοῦ
404 5538 636 5609 ἐπειδή.
684 5558 703 5592 ι
741 5541 859 5595 Ἵνα
902 5540 1187 5611 καταποθῇ
1246 5540 1306 5593 τὸ
1351 5541 1544 5610 θνητὸν
1583 5542 1689 5596 ὑπὸ
1733 5545 1831 5614 τῆς

250 5628 422 5699 ζωῆς.
455 5648 477 5683 ι
515 5620 967 5696 Ἐπενδύσασθαι,
1004 5630 1161 5703 φησι,
1189 5633 1511 5704 σπεύδομεν,
1543 5634 1632 5687 ῑνα
1659 5650 1830 5690 κατα-

249 5720 396 5791 ποθῇ
449 5719 515 5773 τὸ
559 5719 656 5774 νῦν
695 5720 888 5792 θνητὸν
937 5723 1031 5775 καὶ
1076 5721 1315 5793 φθαρτὸν
1377 5723 1538 5794 σῶμα
1585 5722 1692 5776 ὑπὸ
1730 5723 1831 5793 τῆς

245 5810 564 5881 ἀφθαρσίας
593 5812 691 5865 καὶ
720 5800 1042 5876 ἀθανασίας.

1928 4629 2014 4684 his
2043 4627 2261 4698 quidem
2294 4629 2347 4682 in
2386 4629 2611 4695 malum,
2653 4629 2763 4684 illis
2805 4644 2936 4686 vero
2987 4630 3038 4685 in
3092 4629 3295 4685 bonum
3353 4628 3491 4683 erit:

1926 4733 2194 4792 perpetuo
2224 4723 2427 4777 durare
2475 4720 2686 4778 faciens
2734 4732 2788 4778 et
2819 4723 3058 4779 honores
3104 4732 3159 4778 et
3197 4722 3490 4795 supplicia.

1932 4829 1951 4862 ι
1989 4809 2297 4867 Geminius.
2340 4830 2359 4866 ι
2398 4810 2703 4876 Gemirnus,
2734 4811 2932 4882 inquit,
2991 4828 3099 4866 non
3136 4813 3423 4883 cupientes
3462 4827 3492 4866 a

1927 4917 2160 4975 corpore
2188 4902 2432 4969 liberari,
2463 4902 2560 4958 sed
2584 4904 2654 4957 ab
2681 4902 2800 4969 eius
2827 4900 3212 4959 afﬂictionibus
3264 4915 3319 4959 et
3362 4903 3492 4960 alic-

1930 4992 2212 5048 ctionibus
2249 4992 2471 5048 liberari
2532 4991 2834 5064 cupientes.
2884 4987 3007 5049 Non
3071 4993 3216 5048 enim
3289 5008 3493 5066 corpus

1930 5096 2155 5147 exuere,
2193 5081 2290 5137 sed
2337 5083 2732 5152 superi‘nduere
2776 5082 3247 5157 incorruptionem
3285 5100 3496 5141 concu-

1931 5173 2221 5246 piscimus.
2267 5190 2286 5224 ι
2319 5168 2565 5228 Onerati.
2604 5193 2622 5225 ι
2670 5170 2939 5244 Quoniam
2977 5160 3361 5249 apponebatirr
3393 5177 3498 5249 ipsi

1931 5266 2240 5322 Communis
2272 5265 2551 5321 hominum
2585 5269 2779 5336 gloria.
2800 5269 2964 5337 Quid,
2994 5270 3190 5343 inquit,
3221 5271 3417 5344 gemis,
3445 5283 3504 5323 ut

1932 5352 2219 5410 auferatur
2244 5366 2446 5426 cerpns
2468 5359 2494 5409 τ
2524 5357 2593 5412 At
2625 5370 2821 5416 eomes
2862 5361 3110 5418 homines
3155 5369 3381 5432 gemunt
3434 5375 3504 5416 ne

1935 5448 2265 5502 moriantur.
2288 5447 2479 5517 Neque
2512 5459 2618 5505 nos
2642 5450 2911 5521 gemimus
2944 5461 3003 5509 ut
3042 5451 3255 5506 auferat
3279 5466 3311 5505 a
3344 5450 3503 5515 nobis

1938 5554 2144 5610 corpus
2189 5548 2244 5596 et
2275 5555 2564 5607 exuamur,
2592 5543 2685 5598 sed
2722 5550 2780 5598 ut
2828 5530 3290 5616 superinduamus
3321 5543 3506 5601 incor~

1938 5634 2275 5703 ruptionem.
2310 5631 2428 5690 Non
2456 5635 2601 5691 enim
2644 5636 2787 5702 ideo,
2823 5637 3020 5707 inquit,
3042 5650 3334 5706 gravamur
3356 5635 3505 5707 quod

1939 5725 2083 5781 adsit
2113 5740 2340 5796 corpus,
2369 5727 2463 5783 sed
2490 5726 2636 5799 quod
2675 5728 2907 5787 mortale
2934 5736 2988 5783 et
3017 5727 3381 5795 corruptibile
3410 5727 3504 5789 sit.

1942 5837 1961 5867 ι
2002 5815 2299 5885 PrOpterea
2341 5819 2484 5889 quod
2517 5819 2758 5874 nolimus
2782 5818 2930 5874 exui.
2980 5838 2999 5870 ›
3045 5816 3179 5873 Nam
3212 5818 3297 5887 ἐφ’
3322 5808 3369 5888 ᾧ
3414 5833 3511 5873 ca-

243 5904 399 5975 pitur
423 5916 524 5973 pro
567 5902 782 5973 ἐπειδὴ,
820 5904 872 5958 id
919 5914 1024 5971 cst,
1063 5907 1486 5975 quandoquidem
1533 5916 1626 5962 aut
1659 5908 1803 5977 quia.

1922 5908 1993 5965 Ut
2020 5908 2384 5968 absorbeatur
2404 5940 2430 5985 -δ
2448 5910 2754 5965 mortalitas
2793 5924 2823 5965 a
2874 5910 3007 5964 vita.
3047 5929 3065 5960 ι
3148 5909 3507 5980 δυροιίηᾶιιίι

608 5999 879 6062 ΡΑτιιοι.
914 6002 1027 6061 Gn.
1071 6002 1349 6065 CXVIII.

3113 6004 3182 6069 31
