3906 6552
443 345 547 411 971

1585 346 1845 409 CUMEN
1854 347 1911 408 ΙΙ
1943 346 2235 408 TBICC/E
2272 346 2612 407 EPISCOPI

3588 353 3685 417 972

448 459 651 532 inquit,
686 458 997 523 studemus,
1031 466 1092 513 ut
1140 458 1286 531 quod
1338 474 1488 515 nunc
1532 461 1762 517 mortale
1835 467 1889 513 ιι
1934 458 2300 531 corruptibile
2363 474 2566 531 corpus
2623 468 2730 527 est,
2764 460 3127 518 absorbeatur
3181 462 3252 518 ab
3292 461 3693 521 immortalitate

444 560 499 610 et
526 551 1066 622 incorruptibilitate.

511 643 581 711 Υ,
613 644 733 700 5-9.
754 612 940 697 Ῥυτιο
972 644 1063 712 qui
1086 644 1336 715 formavit
1364 662 1457 699 nos
1489 645 1541 699 in
1560 644 1657 699 hoc
1683 646 1854 716 ipsum
1881 612 2019 701 Dens
2046 645 2098 707 Α

441 751 559 796 est:
593 738 684 810 qui
720 737 881 791 etiam
903 735 1045 789 dedit
1091 737 1240 793 nobis
1292 737 1508 791 arrltam
1548 739 1788 809 spiritus.
1827 737 2020 807 Itaque

2206 643 2270 698 '0
2308 643 2377 697 δὲ
2428 642 2953 712 κατεργασάμενος
3000 639 3156 712 ἡμᾶς
3203 644 3291 709 εις
3349 644 3498 698 αὐτὸ
3537 646 3702 702 τοῦτο

2126 736 2293 802 Θεὸς,
2325 738 2357 790 ὁ
2385 736 2483 790 καὶ
2517 734 2664 801 δοὺς
2693 734 2841 805 ἡμῖν
2877 737 2986 790 τὸν
3030 734 3348 803 ἀρραὄῶνα
3382 736 3489 790 τοῦ
3529 742 3704 793 atreu-

443 833 812 919 Iirmixsemper
846 845 909 882 ac
938 830 1159 883 scientes
1189 828 1329 900 quod
1362 845 1482 884 eum
1513 839 1805 898 prrcsentes
1833 846 2018 884 sumus

2134 846 2336 897 tlatt(.
2370 828 2743 898 Θαρροῦντες
2771 824 2886 883 οὖν
2916 828 3174 883 πάντοτε
3218 827 3317 883 καὶ
3343 830 3587 895 εἰδότες,
3619 832 3705 885 ὅτι

438 928 493 977 in
534 938 750 990 corpore
774 923 1181 992 peregrinantur
1218 937 1251 973 a
1280 919 1507 973 Domino
1541 929 1654 989 (per
1695 919 1851 987 ﬁdem
1881 919 2022 973 enim

439 1014 602 1087 633
645 1015 982 1067 ambulamus
1022 1022 1070 1067 et
1106 1028 1207 1065 non
1259 1028 1350 1081 per
1396 1011 1663 1080 speciem).
1692 1007 2024 1074 Conﬁdimus

443 1118 620 1162 autem
651 1115 701 1159 et
740 1110 981 1175 cupimus
1013 1105 1179 1173 "togis
1198 1104 1335 1173 [oris
1370 1120 1523 1174 agere
1550 1112 1703 1157 extra
1738 1118 1953 1170 corpus,
1978 1112 2025 1154 et

438 1213 723 1271 pra'sentes
750 1214 864 1253 esse
892 1197 1033 1266 apud
1079 1197 1266 1252 Deum.
1321 1194 1384 1249 Et
1423 1196 1623 1250 idcirco
1661 1195 2025 1250 contendimus

438 1294 545 1347 sive
575 1292 719 1347 domi
769 1300 1075 1360 pressantes,
1114 1294 1222 1344 sive
1256 1290 1392 1359 [uris
1452 1304 1662 1359 peregre
1712 1296 1922 1358 agentes
1970 1296 2025 1339 ut

439 1383 522 1438 illi
557 1384 886 1454 placeamus.

509 1564 667 1632 Quis,
727 1563 928 1634 inquit,
985 1561 1125 1617 hanc
1169 1560 1332 1617 faciet
1378 1561 1629 1631 corporis
1685 1560 2025 1614 immutatio-

440 1658 604 1714 nem?
632 1655 804 1723 Quis?
835 1654 1001 1720 Deus,
1021 1652 1113 1725 qui
1134 1653 1188 1707 in
1215 1652 1318 1706 hoc
1346 1651 1524 1722 ipsum
1558 1665 1658 1705 nos
1689 1649 1941 1704 formavit
1969 1657 2027 1704 ut

438 1750 616 1805 simus
667 1746 972 1816 incorrupti
1030 1754 1085 1800 ει
1133 1743 1492 1799 immortales.
1545 1738 1797 1798 Ostendit
1844 1750 2025 1795 autem

438 1844 545 1897 hoc
588 1838 752 1896 modo
804 1854 912 1894 non
959 1843 1231 1893 recentem
1271 1851 1394 1891 esse
1435 1834 1502 1889 de
1547 1833 1650 1888 hoc
1688 1832 2026 1902 Opinionem,

440 1932 537 1989 sed
586 1946 688 1987 nos
729 1932 795 1984 ad
828 1927 1298 1984 immortalitatem
1342 1925 1563 1997 quidem
1607 1932 1824 1980 creatos
1858 1938 2025 1979 esse:

439 2039 606 2096 porro
634 2020 892 2092 quoniam
930 2017 1131 2073 diaboli
1179 2016 1379 2073 invidia
1429 2031 1578 2071 mors
1626 2015 1681 2069 in
1721 2015 1906 2069 orbem
1940 2014 2024 2068 in-
2059 1993 2102 2051 Β

438 2129 627 2186 gressa
676 2122 762 2168 est
785 2111 848 2177 δ’,
896 2125 1113 2166 rursum
1166 2108 1390 2164 alteram
1465 2107 1623 2162 nobis
1679 2106 1819 2160 viam
1882 2104 2027 2160 Deus

438 2203 645 2259 invenit
678 2203 743 2256 ad
779 2199 1277 2256 immortalitatem.
1313 2218 1331 2251 ι
1373 2196 1473 2264 Qui
1501 2199 1664 2252 etiam
1691 2196 1838 2252 dedit
1868 2198 2028 2253 nobis

441 2297 685 2351 arrbam.
738 2313 756 2346 ι
798 2292 861 2348 Et
891 2292 1037 2363 quod
1080 2292 1148 2346 ad
1185 2291 1288 2347 hoc
1320 2300 1377 2346 ιιι
1422 2291 1758 2346 immortales
1785 2290 2026 2346 edicere-

440 2407 561 2446 ιιιιιι·
611 2387 929 2443 formaverit
970 2401 1096 2449 nos,
1125 2400 1189 2440 ex
1242 2398 1307 2440 eo
1333 2384 1686 2439 manifestum
1731 2393 1835 2448 est,
1880 2384 2026 2454 quod

442 2482 710 2553 Spiritum
744 2479 977 2542 dederit,
1013 2491 1359 2547 nequaquam
1386 2477 1495 2532 illis
1515 2477 1742 2531 daturus
1767 2476 1859 2546 qui
1892 2477 2027 2532 tales

442 2576 612 2630 futuri
627 2589 735 2629 non
751 2569 1178 2640 cssent.Ubique
1192 2577 1369 2624 autem
1383 2573 1602 2624 arrham
1619 2568 1858 2639 Spiritus
1870 2569 2024 2634 dicit,

441 2669 746 2723 debitorem
779 2665 956 2735 ipsum
984 2663 1221 2719 reddens
1258 2670 1318 2717 ut
1345 2662 1509 2717 etiam
1543 2662 1635 2717 dct
1666 2663 1810 2732 quod
1844 2662 2025 2733 perfe-

442 2767 590 2812 ctum
625 2767 726 2812 est.
765 2773 782 2806 ι
826 2754 1089 2826 Spiritus.
1116 2772 1135 2805 ι
1166 2754 1307 2825 Ipse,
1349 2754 1548 2825 inquit,
1589 2755 2024 2809 immutationem

441 2852 607 2908 faciet
665 2849 731 2904 ad
785 2847 1270 2903 immortalitatem.
1324 2845 1461 2902 Nam
1526 2848 1629 2902 hoc
1676 2846 2025 2904 extrinsecus

441 2937 877 2996 subaudiendum
912 2947 1015 2993 est.
1072 2955 1089 2988 ι
1126 2935 1281 3004 Quod
1337 2952 1460 2992 cum
1504 2947 1798 3007 praesentes
1831 2955 2025 2995 sumus

442 3031 499 3084 in
550 3043 801 3098 corpore.
838 3042 865 3079 ι·
913 3024 1105 3092 liectc,
1162 3044 1181 3078 ι
1235 3042 1358 3082 eum
1405 3038 1702 3097 praesentes
1743 3044 1958 3092 sumus,
1999 3046 2018 3079 ι

441 3132 704 3194 tanquam
748 3120 802 3174 in
839 3118 1015 3173 aliena
1047 3118 1224 3190 patria
1267 3128 1569 3175 versantes.
1606 3119 1844 3176 Advenaa
1873 3122 2023 3176 enim

441 3227 635 3270 sumus
673 3220 726 3267 et
756 3211 1053 3283 peregrini.
1077 3209 1193 3266 Iloc
1215 3219 1397 3265 autem
1429 3211 1542 3265 vult
1573 3210 1758 3266 dicere
1786 3230 1799 3267 :
1830 3210 2025 3266 Firmi-

2125 922 2534 991 ἐνδημοῦντες
2568 923 2640 976 ἐν
2668 921 2749 987 τῷ
2773 920 3000 991 σώματι
3038 921 3422 992 ἐκδημοῦμεν
3462 924 3577 977 ἀπὸ
3603 924 3703 977 τοῦ

2127 1016 2371 1082 Κυρίου.
2406 1015 2528 1085 (Διὰ
2573 1014 2835 1081 πίστεως
2866 1014 2977 1084 γὰρ
2998 1014 3461 1083 περιπατοῦμεν,
3508 1018 3581 1069 οὐ
3611 1016 3707 1070 διὰ

2126 1110 2375 1179 εἴδους.)
2420 1110 2767 1181 Θαρῤοῦμεν
2810 1110 2877 1163 δὲ
2920 1111 3018 1165 καὶ
3066 1109 3441 1179 εὐδοκοῦμεν
3474 1110 3707 1179 μᾶλλον

2128 1203 2468 1273 ἐκδημῆσαι
2498 1204 2567 1256 ἐκ
2604 1203 2711 1257 τοῦ
2753 1203 3030 1272 σώματος
3058 1202 3157 1256 καὶ
3189 1201 3532 1272 ἐνδημῆσαι
3563 1203 3707 1271 πρὸς

2128 1298 2236 1351 τὸν
2274 1297 2510 1363 Κύριον.
2559 1295 2655 1348 Διὸ
2712 1294 2809 1348 καὶ
2846 1294 3333 1363 φιλοτιμούμεθα,
3376 1294 3499 1346 ειτε
3541 1292 3709 1358 even.

2125 1389 2387 1461 μοῦντες
2415 1431 2429 1454 ,
2490 1387 2614 1441 ειτε
2678 1386 3128 1457 ἐκδημοῦντες,
3181 1383 3497 1454 εὐάρεστοι
3555 1384 3710 1451 αὐτῷ

2128 1480 2304 1537 εἶναι.

2198 1572 2297 1635 Τις
2341 1570 2547 1639 ταύτην
2595 1569 2697 1639 τὴν
2746 1566 3077 1638 ἐναλλαγὴν,
3124 1567 3278 1639 φησὶ,
3318 1566 3416 1621 τοῦ
3462 1564 3708 1636 σώματος

2130 1665 2387 1734 ποιήσεις
2425 1660 2561 1725 Τίς;
2623 1659 2681 1713 ὐ
2720 1659 2800 1723 εἰς
2838 1658 3000 1711 τοῦτο
3039 1658 3172 1711 αὐτὸ
3228 1658 3710 1727 κατεργασάμενος

2129 1757 2277 1827 ἡμᾶς
2314 1752 2468 1819 Θεὸς,
2495 1753 2584 1807 ἵνα
2622 1745 2775 1821 ὦμεν
2815 1750 3085 1820 ἄφθαρτοι
3111 1748 3207 1802 καὶ
3259 1747 3543 1803 ἀθάνατοι.
3595 1748 3709 1799 Aci-

2129 1865 2287 1904 κνυσι
2309 1847 2367 1900 δὲ
2408 1844 2583 1908 οὓτως
2607 1844 2667 1897 οὐ
2701 1844 2975 1914 νεωτέραν
3000 1843 3101 1913 τὴν
3130 1842 3224 1895 ἐπὶ
3253 1840 3429 1911 τούτῳ
3468 1840 3710 1909 δόκησιν,

2129 1940 2246 1995 ἀλλ’
2271 1940 2364 1993 ἐπὶ
2388 1935 2659 2008 ἀθανασίᾳ
2701 1934 2801 2005 μὲν
2829 1936 2976 2006 ἡμᾶς
3002 1933 3427 1988 διαπεπλάσθαι.
3473 1932 3631 1987 Ἐπεὶ
3657 1933 3711 1985 ἃ

2132 2032 2315 2103 φθόνῳ
2364 2028 2614 2083 διαϐόλου
2660 2026 2890 2089 Θάνατος
2936 2027 3018 2091 εἰς
3052 2027 3144 2081 τὸν
3184 2027 3389 2097 κόσμον
3440 2025 3710 2095 εἰσῆλθεν,

2130 2123 2297 2193 ἄλλην
2351 2122 2514 2176 πάλιν
2564 2118 2786 2192 ἐξεῦρεν
2826 2119 2944 2173 ὁδὸν
2980 2121 3117 2191 ἡμῖν
3166 2119 3471 2182 ἀθανασίας
3505 2120 3535 2172 ὀ
3559 2118 3709 2182 Osric.

2135 2235 2154 2268 ι
2186 2217 2293 2268 Καὶ
2319 2214 2445 2277 δοὺς
2472 2215 2607 2283 ἡμῖν
2652 2212 2746 2265 τὶν
2778 2210 3096 2283 ἀρραϐῶνα.
3136 2230 3155 2265 ι
3210 2211 3319 2265 Καὶ
3370 2211 3475 2275 ὅτι,
3523 2212 3711 2279 φησὶν,

2131 2309 2222 2361 ἐπὶ
2260 2306 2340 2377 τῷ
2364 2305 2617 2374 γενέσθαι
2646 2303 2950 2367 ἀθανάτους
2975 2304 3397 2375 κατειργάσατο,
3444 2302 3610 2373 δῆλον
3655 2304 3712 2367 ἐξ

2129 2393 2205 2454 ὧν
2249 2397 2420 2452 ἔδωκε
2455 2396 2517 2449 τὸ
2566 2394 2812 2466 Πνεῦμα,
2858 2396 2960 2448 οὐκ
3006 2394 3073 2449 ἂν
3134 2395 3260 2459 δοὺς
3301 2398 3416 2458 τοῖς
3448 2396 3529 2465 μὴ
3554 2395 3713 2447 τοῦτο

2133 2491 2390 2563 μέλλουσι
2424 2488 2693 2558 γίνεσθαι.
2768 2487 3053 2558 Πανταχοῦ
3089 2487 3144 2541 δὲ
3195 2487 3498 2560 ἀρραϐῶνα
3538 2487 3710 2541 Πνεύο

2133 2601 2301 2656 ματος
2336 2583 2506 2651 λέγει,
2540 2580 2825 2650 ὀξειλέτην
2858 2580 3026 2634 αὐτὸν
3062 2580 3236 2635 ποιῶν
3271 2580 3369 2635 τοῦ
3403 2580 3593 2634 δοῦναι
3625 2582 3710 2633 κει

2127 2676 2189 2731 τδ
2214 2676 2440 2730 τέλειον.
2480 2691 2499 2723 ι
2536 2672 2644 2726 Τοῦ
2681 2672 3027 2743 Πνεῦματος.
3066 2691 3085 2725 ι
3124 2673 3271 2738 Ἐξω
3300 2672 3465 2736 αὐτὸς
3489 2672 3594 2742 τὴν
3624 2674 3709 2725 ἐπὶ

2076 2820 2079 2823 λ
2128 2768 2411 2840 ἀφθαρσίᾳ
2473 2765 2796 2837 ἐναλλαγὴν,
2844 2765 3004 2837 φησὶ,
3053 2766 3296 2835 ποιήσει.
3363 2765 3541 2819 Τοῦτο
3610 2764 3710 2833 γὰρ

2129 2863 2669 2935 προσυπακουστέον.
2728 2878 2747 2911 ι
2778 2859 2904 2913 Ὅτι
2933 2859 3295 2931 ἐνδημοῦντες
3328 2860 3388 2912 ὲν
3424 2858 3508 2929 τῷ
3536 2857 3710 2925 σῶμα.

2127 2971 2200 3007 τι.
2237 2971 2255 3005 ι
2317 2952 2515 3015 Καλῶς
2542 2951 2624 3015 τὺ,
2687 2968 2706 3002 ι
2756 2949 3171 3021 Ἑνδημοῦντες,
3207 2969 3227 3003 ι
3280 2950 3358 3013 ὡς
3417 2948 3511 3003 ἐπ’
3563 2948 3709 3003 ἁλλο-

2127 3045 2309 3116 τρίας.
2342 3043 2605 3115 Πάροικοι
2637 3042 2746 3113 γάρ
2777 3043 2948 3112 ἐσμεν
2984 3043 3079 3096 καὶ
3110 3042 3508 3112 παρεπίδημοι.
3549 3039 3710 3093 Τοῦτο

2126 3140 2182 3194 δὲ
2207 3139 2351 3194 θέλει
2376 3140 2582 3192 εἰπεῖν’
2602 3136 2960 3211 Θαρρούντως
2990 3136 3209 3203 εἰδότες,
3239 3136 3321 3190 ὅτι
3354 3136 3417 3189 τὸ
3432 3138 3502 3206 τῇ
3536 3152 3710 3203 σωμα-

2126 3239 2253 3305 τικῇ
2311 3231 2644 3302 προσμένειν
2693 3228 2830 3301 ζωῇ,
2885 3227 3199 3299 διατειχίζει
3243 3229 3395 3298 ἡμᾶς
3437 3230 3543 3297 τῆς
3581 3226 3710 3296 μετὰ

440 3314 526 3359 ιει·
591 3302 829 3358 scientes
876 3299 1022 3373 quod
1080 3301 1134 3356 in
1194 3302 1465 3372 corporali
1519 3302 1627 3356 vita
1679 3317 2022 3373 permanere,

2134 3299 2372 3394 Χριστοῦ
2434 3299 2740 3389 διαγωγῆς,
2784 3299 3097 3390 βουλόμεθα
3152 3317 3354 3388 μᾶλλον
3407 3318 3709 3386 ἐκδημῆσαι

445 3404 599 3451 arcet
629 3409 729 3449 nos
780 3409 808 3447 a
845 3393 1266 3448 conversatione
1310 3407 1434 3447 emn
1466 3392 1729 3460 Christo;
1770 3395 2026 3464 cupimus

2134 3392 2233 3487 μὲν
2257 3413 2352 3469 τοῦ
2382 3412 2658 3484 σώματος,
2685 3413 2783 3465 σὺν
2815 3409 3039 3485 Χριστῷ
3096 3410 3154 3463 δὲ
3197 3406 3360 3464 εἶναι.
3414 3428 3433 3461 ι
3471 3410 3576 3461 Διά
3628 3407 3710 3459 ui-

440 3482 615 3552 magis
663 3480 797 3535 foris
841 3479 1060 3551 quidem
1100 3495 1262 3549 agere
1310 3490 1465 3535 extra
1512 3496 1731 3551 corpus,
1762 3484 1858 3538 sed
1904 3499 2028 3541 esse

439 3589 567 3628 cum
612 3570 856 3627 Christo.
900 3589 918 3622 ι
948 3570 1053 3625 Per
1097 3571 1255 3626 iidem
1309 3570 1454 3626 enim
1497 3572 1862 3628 ambulamus.
1904 3572 2029 3629 sNe

441 3664 568 3734 quis
598 3662 746 3716 dicat
791 3678 805 3715 :
853 3661 993 3728 Quid
1027 3661 1200 3732 ergo?
1240 3654 1403 3717 Cum'
1430 3678 1623 3719 sumus
1669 3663 1725 3718 in
1774 3680 2025 3736 corpore,

441 3751 610 3808 alieni
638 3767 830 3807 sumus
852 3766 882 3805 a
910 3750 1133 3808 Christo
1153 3751 1177 3805 ?
1196 3751 1480 3824 subjungit
1508 3770 1521 3808 :
1549 3753 1656 3810 Per
1691 3754 1849 3810 fidem
1875 3758 2025 3814 enim

442 3843 791 3903 ambulamus
822 3855 873 3899 et
927 3859 1034 3899 non
1077 3862 1172 3915 per
1216 3847 1475 3916 speciem.
1515 3866 1534 3900 ι
1572 3851 1649 3903 Ac
1697 3850 1741 3906 si
1773 3851 2022 3907 diceret:

442 3940 736 4009 PrOpterea
791 3938 928 4006 dixi,
976 3957 994 3991 ι
1037 3939 1454 4011 Peregrinamur
1505 3954 1535 3994 a
1567 3942 2027 4011 Domiuopnam

441 4035 620 4102 ipsum
658 4047 805 4087 nunc
856 4049 952 4104 per
996 4031 1154 4089 fidem
1202 4032 1476 4092 videmus.
1517 4034 1620 4090 Per
1657 4034 1828 4107 ipsam
1878 4038 2023 4093 enim

441 4124 788 4181 ambulamus
832 4136 885 4180 et
922 4126 1089 4181 veluti
1139 4124 1468 4181 deducimur
1494 4127 1559 4182 ad
1592 4127 1711 4195 ejus
1757 4130 2028 4200 cognitio-

443 4233 594 4283 nem,
640 4228 771 4272 tunc
830 4225 1012 4271 autem
1066 4232 1162 4287 per
1204 4216 1465 4287 speciem,
1508 4218 1615 4274 hoc
1653 4229 1759 4287 est,
1803 4222 2026 4292 proprio

444 4308 668 4364 intuitu.
715 4306 870 4374 Quod
913 4307 1077 4362 etiam
1124 4307 1251 4362 alibi
1290 4308 1471 4363 dixit:
1506 4326 1525 4361 ι
1560 4309 1852 4366 Cernimus
1876 4327 2025 4367 nunc

441 4414 541 4469 per
588 4398 871 4469 speculum
926 4399 979 4452 in
1026 4399 1315 4470 anigmate
1346 4416 1361 4454 :
1395 4408 1527 4454 tunc
1557 4409 1742 4456 autem
1782 4400 1920 4457 facie
1956 4402 2025 4459 ad

442 4491 638 4547 faciem
657 4489 724 4545 ".
763 4509 782 4541 ι
825 4488 1171 4545 Conﬁdimus
1205 4498 1408 4546 autem.
1437 4508 1457 4545 ι
1488 4491 1566 4558 δὲ,
1596 4490 1651 4546 id
1682 4503 1786 4558 εει,
1818 4503 2024 4558 autem,

444 4585 699 4651 parelcon
742 4589 827 4637 est
862 4590 916 4637 et
942 4581 1204 4638 abundat.
1238 4600 1258 4634 ι
1292 4582 1360 4640 Ει
1406 4583 1659 4654 cupimus
1692 4584 1867 4655 magis
1894 4583 2026 4640 foris

444 4691 609 4746 agere
649 4684 807 4729 extra
860 4689 1085 4745 corpus.
1140 4693 1161 4726 ι
1223 4674 1364 4740 Quia
1421 4674 1586 4745 igitur
1632 4676 1837 4732 scimus
1894 4670 2107 4749 quidD

2132 3524 2302 3570 στεως
2318 3506 2426 3577 γὰρ
2462 3503 2903 3575 περιπατοῦμεν.
2943 3522 2963 3554 ι
3003 3504 3121 3556 Ἵνα
3179 3502 3255 3573 μή
3304 3518 3392 3564 τις
3437 3503 3574 3573 εἴπῃ
3604 3519 3618 3532 ο
3647 3498 3707 3550 Ti

2129 3598 2251 3664 06v;
2290 3598 2443 3660 ὄντες
2489 3596 2549 3652 ὲν
2594 3594 2848 3667 σώματι,
2892 3594 3163 3665 ἀλλότριοι
3210 3594 3378 3665 ἐσμεν
3433 3593 3531 3647 τοῦ
3576 3594 3708 3662 Χρι-

2132 3689 2296 3756 στοῦ;
2340 3689 2537 3757 ἐπάγει
2568 3702 2582 3717 ·
2617 3706 2637 3740 ι
2676 3689 2777 3743 Διὰ
2838 3687 3074 3751 πίστεως
3118 3687 3229 3757 γὰρ
3277 3684 3705 3755 περιπατοῦμεν,

2129 3782 2224 3837 καὶ
2260 3782 2322 3834 οὐ
2353 3780 2444 3835 διὰ
2476 3780 2673 3843 εἴδους,
2722 3798 2743 3831 ι
2778 3778 2854 3843 ὡς
2880 3780 2930 3832 ei
2974 3773 3164 3832 εἶπεν·
3201 3778 3300 3831 Διὶ
3337 3777 3501 3829 τοῦτο
3537 3773 3706 3837 εἷπον,

2135 3894 2156 3928 ι
2205 3871 2584 3945 Ἐκδημοῦμεν
2616 3872 2723 3925 ἀπὸ
2768 3871 2863 3925 τοῦ
2897 3871 3127 3937 Κυρίου,
3156 3891 3176 3925 ι
3227 3871 3417 3940 ἐπειδὴ
3476 3869 3574 3922 διὰ
3626 3868 3708 3919 πε-

2131 3982 2301 4030 στεως
2332 3967 2494 4018 αὐτὸν
2528 3964 2626 4017 νῦν
2659 3962 2898 4035 ὁρῶμεν.
2924 3965 3002 4017 Δι’
3024 3965 3194 4034 αὐτῆς
3225 3963 3335 4031 γὰρ
3372 3959 3706 4030 περιπατοῦ-

2132 4072 2253 4126 μεν,
2285 4057 2381 4108 καὶ
2411 4054 2574 4108 οἱονεὶ
2606 4053 2954 4126 ὁδηγούμεθα
2982 4053 3065 4116 εἰς
3100 4053 3199 4122 τὴν
3254 4049 3421 4105 αὐτοῦ
3481 4049 3705 4118 γνῶσιν.

2129 4146 2264 4201 Τότε
2292 4146 2351 4200 δὲ
2380 4146 2471 4200 διὰ
2503 4145 2699 4210 εἴδους,
2729 4145 3014 4199 τουτέστιν
3043 4141 3295 4213 αὐτοψεὶ,
3335 4142 3364 4195 ὃ
3414 4143 3514 4195 καὶ
3549 4140 3707 4193 ἀλλα-

2127 4236 2226 4309 χοῦ
2255 4254 2409 4308 φησι.
2448 4256 2467 4289 ι
2490 4236 2770 4307 Βλέπομεν
2796 4234 2908 4305 γὰρ
2934 4235 3061 4306 ἄρτι.
3086 4233 3155 4288 δι’
3179 4232 3447 4304 ἐσόπτρου
3479 4234 3545 4284 ὲν
3570 4229 3707 4284 civi-

2127 4345 2330 4401 γματι,
2402 4329 2524 4384 τότε
2599 4328 2659 4382 δὲ
2731 4330 3026 4398 πρόσωπον
3113 4326 3251 4398 πρὸς
3323 4325 3644 4396 πρόσωπον.
3681 4340 3700 4373 ι

2127 4441 2245 4475 -ι
2303 4419 2626 4494 Θαρῤοῦμεν
2682 4421 2759 4475 δέ.
2795 4440 2815 4474 ι
2867 4420 2961 4483 Τὸ,
3014 4419 3105 4486 δὲ,
3156 4418 3510 4487 παρέλκεται.
3559 4416 3706 4469 «Kal

2130 4514 2462 4584 εὐδοκοῦμεν
2498 4513 2699 4585 μᾶλλον
2748 4513 3065 4583 ἐκδημῆσαι
3106 4515 3170 4566 ἐκ
3218 4511 3315 4565 τοῦ
3364 4510 3644 4579 σώματος.
3682 4525 3701 4558 ι

2142 4609 2296 4662 Ἐπεὶ
2322 4606 2420 4662 οὖν
2456 4607 2614 4677 ἴσμεν
2650 4606 2707 4658 τί
2737 4607 2884 4658 ποιεῖ
2913 4607 3014 4676 τὴν
3049 4604 3187 4675 πρὸς
3223 4603 3317 4655 τὸν
3383 4602 3593 4673 Κύριον
3624 4603 3704 4653 ὲν-

2131 4701 2352 4773 δημίαν,
2396 4699 2742 4771 θαρρούντως
2793 4697 3126 4768 εὐδοκοῦμεν
3197 4695 3557 4765 ἀποδημῆσαι
3616 4691 3703 4746 τοῦ

445 4764 611 4820 faciat
667 4775 968 4836 praesentes
1010 4780 1133 4821 esse
1190 4764 1258 4821 ad
1329 4763 1647 4832 Dominum,
1695 4766 2026 4823 conﬁdenter

2134 4763 2522 4861 σιξίματοςααί
2547 4788 2727 4851 τοῦτο,
2762 4791 2947 4859 φησιν,
2985 4763 3394 4856 ἐπιποθοῦμενί
3497 4784 3592 4836 Διὶ
3619 4779 3705 4834 καὶ

445 4857 698 4929 cupimus
733 4856 869 4913 foris
898 4871 1063 4927 agere
1103 4864 1260 4913 extra
1302 4870 1502 4926 corpus
1533 4872 1546 4910 :
1585 4865 1641 4912 ct
1673 4856 1798 4922 hoc,
1832 4857 2032 4928 inquit,

446 4944 852 4999 desideramus.
893 4963 911 4996 ι
945 4942 1012 4999 Ει
1043 4943 1248 5000 idcirco
1278 4943 1686 4999 contendimus.
1716 4964 1735 4995 ι
1767 4943 1924 5011 Quod
1951 4947 2029 5000 ait

447 5034 884 5106 φιλοτιμούμεθα
910 5045 1007 5091 aut
1035 5034 1178 5092 idern
1217 5022 1657 5108 significat-quod
1702 5037 2026 5103 aunitimur,

447 5136 544 5184 aut
576 5127 738 5182 etiam
770 5128 1089 5199 gloriamur.
1119 5145 1138 5180 ι
1173 5126 1242 5185 Ut
1264 5127 1341 5182 illi
1368 5128 1734 5198 placeamus.»
1760 5126 1925 5202 635
1949 5127 2028 5184 Ne

446 5220 592 5276 enim
651 5222 963 5279 existiment
1022 5222 1127 5280 sibi
1187 5219 1437 5278 suﬂicere
1497 5219 1633 5277 foris
1683 5236 1844 5292 agere
1899 5237 2028 5293 erga

445 5309 748 5378 Christum,
777 5312 1078 5385 subjungit,
1106 5311 1298 5368 «Utilli
1319 5314 1685 5383 placeamus.»
1715 5310 1771 5366 ld
1790 5327 2025 5383 namque

446 5413 541 5459 aut
581 5403 793 5459 beatam
845 5405 1009 5461 edicit
1056 5404 1199 5474 apud
1239 5402 1420 5473 ipsum
1474 5403 1821 5474 praesentiam
1866 5421 1881 5458 :
1930 5414 2022 5460 aut

447 5494 837 5563 miserrimam,
865 5502 910 5554 si
936 5498 989 5554 ei
1019 5513 1130 5552 non
1161 5496 1492 5565 placeamus.

516 5586 583 5657 γ,
621 5587 707 5655 ιο,
747 5589 833 5645 ll.
872 5590 1065 5647 Omnes
1111 5589 1253 5643 enim
1303 5603 1397 5641 nos
1434 5588 1771 5656 manifestart'
1822 5602 2024 5658 oportet

514 5766 561 5803 "
598 5767 726 5842 Sep.
762 5786 822 5836 ιι,
849 5769 936 5828 94.
1016 5770 1061 5803 ⁸³
1104 5767 1268 5827 lCor.
1306 5733 1542 5836 “H.120.

2132 4879 2587 4953 φιλοτιμούμεθα.
2623 4900 2644 4932 ι
2681 4881 2755 4933 Τὸ
2799 4882 3291 4949 φιλοτιμούμεθα,
3327 4878 3360 4949 ἢ
3410 4876 3697 4937 σπουδάζοο

2132 4992 2232 5049 μεν
2260 4976 2294 5046 ἢ
2329 4973 2663 5049 καυχώμεθα
2694 4973 2826 5039 νόει,
2861 4973 2942 5035 εἰς
3004 4972 3101 5035 τὸ,
3167 4987 3187 5022 ι
3224 4967 3378 5023 Εἶναι
3417 4966 3568 5038 αὐτῷ
3621 4966 3701 5017 εὐο

2130 5068 2372 5137 ἀρεστοι,
2406 5085 2424 5118 ι
2459 5063 2648 5135 φησίν.
2688 5062 2806 5116 Ἰνα
2850 5062 2961 5133 γὰρ
3003 5063 3078 5133 μὴ
3123 5061 3424 5131 νομίσωσιν
3464 5058 3700 5127 ἀποχρῆν

2128 5158 2313 5219 αὐτοῖς
2340 5155 2439 5227 τὴν
2460 5156 2597 5225 πρὸς
2622 5153 2858 5225 Χριστὸν
2885 5152 3173 5225 ἐκδημίαν,
3207 5151 3268 5205 τὸ
3295 5152 3583 5222 εὐάρεστοι
3609 5146 3699 5200 αὐ·

2130 5249 2210 5321 τῷ
2235 5244 2375 5303 εἶναι
2396 5248 2616 5317 ἐπάγει.
2664 5245 2837 5300 Τοῦτο
2865 5246 2974 5318 γὰρ
3021 5245 3055 5316 ἢ
3096 5243 3379 5315 μακαρίαν
3419 5241 3517 5310 τὴν
3575 5236 3702 5307 πρὸς

2132 5340 2297 5394 αὐτὸν
2333 5338 2596 5409 ὲνδημῐαν
2622 5339 2787 5403 ποιεῖ,
2820 5336 2853 5407 ἢ
2882 5334 3227 5406 τρισαθλίαν,
3274 5333 3373 5386 ἐὰν
3425 5331 3498 5402 μὴ
3560 5322 3702 5396 ὦμεν

2129 5435 2436 5506 εὐάρεστοι.

2208 5596 2355 5661 Τοὺς
2398 5591 2773 5667 γὰρπάντας
2823 5589 2981 5661 ἡμᾶς
3029 5584 3444 5660 φανερωθῆναι
3484 5578 3584 5636 δεῖ
3605 5578 3704 5649 εμ-
