3906 6550
210 344 328 409 9ῗ3

1146 337 1533 400 COMMENT.
1568 337 1646 397 ΙΝ
1667 336 1903 399 ΕΡΓΞΤ.
1928 337 1985 396 lI
2020 337 2119 397 AD
2153 336 2512 399 CORINTH.

3362 343 3470 407 974

205 464 489 529 προσθεν
518 458 625 514 τοῦ
658 458 932 529 βήματος
960 455 1066 511 τοῦ
1092 455 1379 525 Χριστοῦ,
1408 455 1510 509 ira
1539 454 1788 523 κομίση-

1897 466 2077 506 coram
2120 453 2374 507 tribunali
2402 451 2618 517 Christi,
2660 460 2716 506 ut
2765 453 2963 523 referat
3005 458 3360 529 unusquisque
3409 478 3473 518 ea

210 570 313 607 ται
344 553 603 617 ἕκαστος
628 551 702 605 τὰ
727 550 827 604 διὰ
852 549 960 604 τοῦ
987 548 1260 618 σώματος
1288 551 1437 616 πρὸς
1469 546 1501 601 ὂ
1530 545 1792 614 ἔπραξεν

205 644 335 698 εἴτε
374 643 621 714 ἀγαθὼ,
648 642 770 696 εἴτε
809 642 1019 695 κακόν.
1057 639 1296 704 Είδότες
1319 634 1434 693 οὖν
1458 638 1566 692 τὸν
1605 638 1792 707 φόϐον

208 734 323 790 τοῦ
360 737 604 803 Κυρίου,
657 733 1010 802 ἀνθρώπους
1044 732 1347 800 πείθομεν,
1399 727 1522 795 Θεῷ
1575 729 1644 782 δὲ
1689 744 1792 782 πε-

208 825 623 896 φανερώμεθα.
687 823 929 884 Ἐλπίζω
966 824 1034 877 δὲ
1070 823 1165 877 καί
1221 823 1292 876 ἐν
1336 822 1467 888 ταῖς
1514 820 1790 887 συνειδή-

210 935 401 973 σεσιν
423 917 591 988 ὑμῶν
613 915 1085 987 πεφανερῶσθαι.
1624 938 1629 945 ·

287 1011 495 1065 Λοιπὸν
533 1010 626 1063 καὶ
660 1009 771 1063 ἀπὸ
799 1006 907 1061 τῶν
940 1006 1413 1077 σκυθρωποτέρων
1444 1005 1616 1058 πτοεῖ.
1647 1004 1793 1074 Πλὴν

210 1104 297 1156 ὅτι
329 1103 650 1173 ἀναμνήσας
683 1100 777 1155 τοῦ
826 1099 1059 1170 φοϐεροῦ
1098 1099 1361 1170 βήματος,
1409 1099 1471 1151 οὑ
1521 1097 1679 1167 μόνον
1723 1095 1793 1148 τὰ

214 1197 543 1268 σκυθρωπὰ,
579 1196 715 1250 ἀλλὰ
762 1196 858 1249 καὶ
886 1197 956 1248 τὰ
975 1194 1316 1265 χρηστότερα
1343 1192 1452 1245 τῶν
1478 1192 1593 1244 ἐκεῖ
1619 1189 1789 1258 λέγει.

217 1311 237 1344 ι
277 1294 359 1347 Τὰ
391 1293 479 1347 διὰ
501 1293 595 1345 τοῦ
618 1291 891 1362 σώματος.
927 1309 946 1341 ι
983 1321 1052 1332 --
1081 1286 1412 1362 [ΘΕΟΔΩΡ.]
1457 1287 1537 1341 Τὰ
1579 1285 1668 1340 διὰ
1696 1285 1791 1339 τοῦ

214 1386 474 1454 σώματος
500 1382 648 1453 αὑτῷ
676 1381 1112 1451 πεπολιτευμένα
1145 1381 1242 1434 καὶ
1289 1379 1658 1449 πεπραγμένα
1685 1395 1791 1446 φη-

214 1478 294 1530 σί.
321 1476 627 1545 Κομίσεται
653 1475 712 1529 δὲ
742 1477 876 1545 πρὸς
897 1472 932 1528 ἃ
955 1472 1215 1544 ἔπραξεν,
1250 1473 1361 1524 εἴτε
1419 1470 1622 1540 ἀγαθὰ,
1681 1470 1792 1523 εἴτε

210 1569 385 1624 κακά.
423 1567 641 1640 Ἐπειδὴ
669 1568 773 1638 γὰρ
808 1566 946 1637 πρός
972 1583 1030 1619 τε
1052 1566 1119 1618 τὰ
1148 1565 1290 1618 καλᾶ
1316 1565 1410 1618 καὶ
1442 1566 1516 1636 μὴ
1543 1562 1789 1625 τοιαῦτα,

207 1659 276 1712 τὸ
313 1658 475 1729 σῶμα
498 1658 810 1729 ὑπηρέτησε
842 1660 910 1727 τῇ
934 1654 1105 1727 ψυχῇ,
1134 1655 1348 1717 καὶτὰς
1373 1653 1609 1725 ἀμοιϐὰς
1676 1652 1793 1724 μετ’

210 1748 389 1817 αὐτῆς
409 1747 808 1817 ἀπολαμϐάνει.
842 1745 1015 1799 Τοῦτο
1043 1745 1151 1799 τῶν
1177 1744 1445 1813 λεγόντων
1466 1743 1595 1797 ἄλλο
1633 1741 1791 1812 σῶμα

208 1840 334 1894 τότε
357 1840 665 1911 ἐγείρεσθαι
694 1838 1000 1909 ἐμφράττει
1023 1836 1092 1891 τὰ
1122 1836 1391 1906 στόματα.
1446 1834 1520 1889 Οὑ
1583 1834 1693 1906 γὰρ
1723 1834 1790 1888 ἂν

206 1930 377 1984 ἄλλου
409 1928 659 1999 σώματος
690 1928 1137 2000 ἁμαρτήσαντος,
1169 1926 1300 1981 ἄλλο
1323 1927 1666 1998 ἐτιμωρεῖτο,
1695 1926 1790 1979 οὑ·-

206 2022 269 2075 δὲ
299 2021 462 2074 ἄλλου
498 2018 967 2091 κατορθώσαντος,
995 2017 1122 2073 ἄλλο
1145 2014 1529 2085 ἐστεφανοῦτο.
1574 2033 1592 2065 ι
1634 2015 1789 2082 Πρὸς

207 2115 243 2169 ὃ
284 2113 569 2182 ἔπραξεν.
614 2132 631 2165 ι
663 2111 797 2165 Οὐδὲ
838 2112 949 2183 γὰρ
995 2109 1177 2180 γυμνὴ
1235 2110 1268 2179 ἡ
1323 2108 1491 2178 ψυχὴ,
1516 2107 1653 2160 ἀλλὰ
1702 2106 1790 2161 διὰ

205 2205 306 2259 τοῦ
367 2204 617 2276 σώματος
671 2204 959 2275 κομίζεται
999 2201 1198 2268 ταῦτα,
1249 2201 1539 2265 τουτέστι,
1583 2198 1717 2267 πρὸς
1753 2197 1789 2252 ἃ

207 2296 440 2367 ἔπραξε,
471 2297 871 2366 συμπάσχουσα
901 2295 997 2350 καὶ
1021 2287 1451 2364 συνδοξαζομένη
1470 2292 1550 2363 τῷ
1572 2289 1790 2359 συζύγῳ

208 2389 452 2458 σώματι.
484 2386 671 2451 Οὑτως
719 2387 747 2440 ὁ
782 2387 841 2440 ὲν
890 2386 1067 2453 ἁγίοις
1115 2383 1377 2447 Μεθόδιος
1425 2383 1484 2436 ὲν
1528 2382 1604 2451 τῷ
1650 2381 1788 2448 Περὶ

205 2477 603 2544 ἀναστάσεως
658 2477 820 2549 λόγῳ.
879 2496 898 2530 ι
931 2476 1147 2541 Εἰδότες
1200 2470 1292 2530 οὖν
1347 2474 1442 2528 τὸν
1494 2473 1659 2543 φόϐον
1695 2473 1789 2525 τοῦ

206 2572 446 2642 Κυρίου.
483 2590 502 2623 ι
555 2570 626 2624 Τὸ
654 2569 1029 2640 δικαστήριον,
1063 2568 1250 2639 φησὶν,
1315 2568 1515 2628 ἐκεῖνο,
1542 2566 1636 2619 καὶ
1691 2565 1791 2634 τὴν

206 2668 337 2721 κατ’
366 2665 524 2730 ἀξίαν
554 2663 827 2718 ἀπόδοσιν.
862 2681 881 2713 ι
927 2660 1274 2733 Ἀνθρώπους
1305 2658 1584 2727 πείθομεν.
1610 2676 1630 2710 ι
1665 2658 1793 2712 Πεί-

209 2758 379 2829 θομεν
408 2756 499 2811 διὰ
518 2755 694 2821 τοῦτο,
731 2756 816 2809 ἵνα
852 2755 925 2826 μή
959 2770 1080 2807 τινα
1119 2752 1274 2822 ὑμῶν
1315 2750 1786 2820 σκανδαλίσωμεν.

207 2853 288 2907 Οὑ
335 2850 445 2922 γὰρ
495 2848 703 2921 πρᾶξαί
735 2865 791 2901 τι
820 2848 927 2900 τῶν
956 2845 1174 2916 φαύλων
1222 2845 1384 2915 μόνον
1441 2843 1787 2921 κατακρίνει,

208 2942 353 2997 ἀλλὰ
384 2939 566 2995 καὶτὸ
585 2938 899 3009 νομίζεσθαι
935 2939 1194 3007 πράττειν
1225 2935 1465 3002 κολάζει,
1498 2934 1592 2988 ἐὰν
1627 2934 1789 2988 δυνά-

213 3051 368 3104 μενοι
403 3033 502 3104 τὴν
554 3032 812 3101 τοιαύτην
843 3030 1082 3100 ὑποψίαν
1137 3029 1317 3091 λῦσαι,
1363 3028 1785 3098 καταφρονήσω·

1892 560 2009 613 qua:
2045 544 2194 614 facta
2236 553 2358 599 sunt
2398 562 2490 615 per
2515 561 2702 615 corpus
2738 546 2900 616 juxta
2934 546 2988 601 id
3030 548 3170 618 quod
3196 550 3320 620 fecit
3367 556 3474 612 sive

1897 634 2091 690 bonum
2128 637 2236 691 sive
2279 639 2504 693 malum.
2547 637 2779 695 Scientes
2811 640 2978 712 igitur
3026 651 3275 698 terrorem
3318 646 3474 704 illum

1894 723 2130 792 Domini,
2177 728 2463 792 suademus
2505 730 2827 795 hominibus,
2873 731 2981 787 Deo
3033 749 3152 789 vero
3198 738 3478 808 manifesti

1894 833 2096 873 sumus.
2148 817 2312 889 Spero
2342 831 2520 875 autem
2573 839 2665 877 nos
2698 835 2747 878 et
2799 825 2855 878 in
2907 825 3242 883 conscientiis
3285 833 3475 887 vestris

1894 908 2205 977 manifestos
2242 926 2377 966 esse.

1971 999 2238 1071 Deinceps
2294 1001 2458 1057 etiam
2501 1018 2532 1057 a
2587 1003 2926 1062 tristioribus
2983 1016 3172 1067 terret.
3222 1013 3477 1073 Attamen

1894 1093 2038 1148 facta
2111 1095 2389 1149 mentione
2446 1096 2711 1151 tremendi
2760 1100 3051 1158 tribunalis
3108 1119 3216 1161 non
3295 1109 3473 1166 solum

1902 1185 2100 1247 tristia.
2136 1185 2233 1243 scd
2277 1194 2332 1242 et
2373 1189 2743 1244 commodiora
2792 1191 2982 1257 refert,
3021 1210 3086 1251 ex
3127 1196 3212 1254 his
3248 1214 3370 1269 qua)
3402 1203 3478 1257 ibi

1893 1277 2165 1333 accident.
2207 1296 2227 1330 ι
2259 1279 2390 1345 Quae
2425 1296 2520 1351 per
2551 1297 2771 1352 corpus.
2809 1303 2828 1336 ι
2864 1317 2934 1328 -
2964 1287 3036 1341 Ea
3063 1304 3186 1359 qua:
3222 1307 3318 1362 per
3341 1308 3471 1350 coro

1878 1376 1999 1438 ‘pus
2044 1370 2113 1426 ab
2161 1369 2279 1439 ipso
2308 1371 2689 1428 administrata
2721 1389 2815 1430 seu
2845 1387 3061 1447 peracta
3101 1394 3246 1449 sum,
3278 1386 3476 1457 inquit.

1897 1460 2121 1517 lteferet
2166 1471 2346 1518 autem
2391 1464 2547 1535 justa
2579 1481 2643 1521 ea
2690 1482 2814 1536 quae
2849 1468 2975 1526 fecit
3028 1472 3144 1529 sive
3174 1475 3317 1532 bona
3362 1480 3479 1534 sive

1896 1552 2064 1606 mala.
2115 1553 2385 1619 Quoniam
2425 1556 2573 1610 enim
2616 1557 2682 1611 ad
2737 1557 2967 1616 honesta
3016 1573 3072 1619 et
3101 1566 3266 1621 etiam
3306 1571 3372 1626 ad
3412 1585 3478 1626 ea

1895 1659 2021 1737 qua:
2068 1661 2178 1701 non
2227 1655 2357 1703 sunt
2406 1649 2743 1737 huiusmodi,
2791 1656 3112 1713 obsecutum
3156 1671 3240 1717 est
3282 1679 3482 1735 corpus

1895 1736 2112 1801 animae,
2147 1753 2254 1792 una
2283 1739 2445 1793 etiam
2472 1736 2597 1796 cum
2645 1742 2762 1813 ipsa
2798 1747 3215 1806 retributionem
3259 1757 3480 1825 accipit.

1898 1826 1962 1881 Et
2007 1829 2108 1884 hoc
2162 1844 2257 1884 ora
2299 1831 2538 1886 obstruit
2567 1831 2867 1913 dicentium
2927 1827 3075 1895 aliud
3120 1851 3253 1898 tunc
3300 1846 3479 1900 susci-

1894 1920 1996 1975 tari
2042 1935 2263 1992 corpus.
2299 1920 2486 1994 Neque
2515 1925 2659 1980 enim
2718 1943 2842 1982 curn
2890 1930 3036 1985 aliud
3089 1948 3290 2004 corpus
3352 1952 3479 2006 pec-

1892 2012 2120 2079 caverit,
2195 2015 2341 2070 aliud
2407 2017 2678 2088 suppllcio
2757 2018 2895 2074 allici
2971 2022 3133 2078 debet
3212 2043 3226 2080 :
3305 2043 3480 2098 neque

1894 2120 2019 2159 cum
2058 2106 2207 2161 aliud
2257 2110 2474 2180 egregia
2527 2111 2865 2180 praestiterit,
2900 2114 3047 2169 aliud
3090 2121 3338 2173 coronari
3384 2132 3481 2176 aut

1893 2196 2170 2264 prmmiari
2218 2207 2455 2267 oportet.
2500 2217 2520 2251 ι
2555 2198 2713 2255 Juxta
2741 2202 2797 2257 id
2826 2203 2972 2274 quod
3019 2204 3146 2262 fecit
3177 2225 3192 2263 :
3234 2227 3251 2260 ι
3283 2210 3423 2280 πρὸς
3449 2210 3479 2264 ὃ

1891 2284 2153 2357 ἔπραξεν.
2188 2287 2305 2353 Vel,
2343 2290 2423 2345 Ad
2456 2291 2532 2357 id,
2572 2291 2691 2347 sive
2726 2308 2850 2348 cum
2882 2310 2968 2360 eo,
3003 2298 3148 2366 quod
3190 2312 3474 2369 operatum

1892 2388 1998 2433 est.
2054 2377 2337 2449 Siquidem
2387 2395 2494 2437 non
2542 2383 2727 2438 anima
2778 2387 2923 2441 nuda
2999 2388 3111 2443 haec
3157 2392 3345 2458 refert,
3381 2394 3477 2449 sed

1892 2485 2135 2542 corpus;
2188 2471 2292 2527 hoc
2324 2481 2428 2540 est,
2468 2474 2625 2543 juxta
2674 2492 2736 2532 ca
2789 2493 2910 2548 qua:
2952 2488 3172 2550 operata
3214 2492 3317 2546 est,
3370 2500 3478 2539 una

1893 2564 2108 2634 patiens
2162 2579 2382 2635 unaque
2443 2565 2672 2635 gloriam
2737 2569 3048 2640 suscipiens
3093 2587 3218 2627 cum
3270 2575 3475 2648 collega

1893 2670 2142 2726 corpore.
2176 2659 2254 2711 lta
2282 2656 2448 2713 habet
2477 2658 2638 2713 divus
2658 2658 2971 2719 Methodius
3000 2664 3141 2721 libro
3190 2665 3269 2721 De
3298 2683 3477 2723 resur-

1893 2747 2143 2802 rectione.
2180 2766 2199 2800 ι
2238 2747 2489 2803 Scientes
2521 2750 2976 2819 igiturterrorem
2998 2754 3153 2810 illum
3189 2756 3423 2815 Domini.
3452 2779 3469 2811 ι

1892 2837 2027 2894 illud
2058 2842 2154 2903 ait,
2183 2840 2419 2895 tribunal
2447 2851 2501 2895 et
2532 2843 2749 2912 dignam
2772 2846 3177 2915 repensionem.
3214 2867 3233 2900 ι
3268 2848 3476 2906 Suade-

1892 2946 2015 2987 mus
2072 2926 2419 2988 hominibus.
2456 2952 2476 2986 ›
2513 2934 2807 3004 Propterea
2854 2937 3150 2994 suademus
3193 2955 3259 2995 ue
3306 2957 3472 3012 quem

1891 3029 2134 3075 vestrum
2184 3020 2554 3078 olfendamus.
2623 3022 2811 3096 Neque
2874 3027 3020 3081 etiim
3075 3028 3252 3083 solum
3317 3031 3474 3086 aﬂert

214 3142 397 3197 μεν.-
439 3127 694 3191 Ἄλλως.
719 3123 1034 3193 Συμὸουλῆς
1052 3126 1144 3175 καὶ
1165 3120 1540 3189 παραινέσεως
1566 3118 1647 3185 τὸ,
1666 3118 1788 3171 πεί-

1896 3112 2317 3180 damnationem,
2336 3115 2539 3184 aliquid
2565 3128 2905 3187 perpetrasse
2933 3133 3123 3175 eorum
3157 3137 3280 3192 quae
3308 3138 3473 3194 prava

206 3224 429 3289 θωμεν,
452 3219 535 3272 διὸ
555 3219 648 3273 καὶ
674 3218 765 3272 διὰ
801 3215 1014 3288 μακροῦ
1049 3214 1145 3269 τοῦ
1178 3232 1221 3267 ω
1275 3213 1567 3283 γραπτέον,
1625 3231 1644 3264 ι
1673 3210 1794 3281 Θεῷ

1895 3211 2044 3272 sunt,
2090 3220 2279 3261 verum
2338 3207 2505 3263 etiam
2539 3209 2841 3264 existimari
2890 3209 3090 3277 facere,
3141 3216 3473 3286 supplicium

207 3312 269 3366 δὲ
298 3309 758 3382 πεφανερώμεθα.
796 3328 816 3359 ι
870 3307 975 3363 Τὸν
1004 3307 1113 3379 γὰρ
1144 3307 1322 3360 εἰδότα
1376 3306 1528 3372 Θεὸν,
1586 3304 1788 3358 πείθειν

1896 3297 2137 3364 adducit,
2176 3298 2222 3354 si
2249 3312 2375 3352 cum
2409 3312 2701 3369 possemus
2734 3301 3047 3372 huiusmodi
3076 3305 3265 3362 tollere
3292 3310 3477 3380 suspi-

204 3403 272 3457 οὑ
313 3403 416 3457 δεῖ.
471 3422 490 3454 ι
546 3402 784 3465 Ἐλπίζω
845 3401 944 3465 δὲ,
1006 3401 1100 3454 καὶ
1146 3399 1204 3452 ἐν
1242 3402 1366 3462 ταῖς
1417 3397 1788 3467 συνειδήσεσιν

1896 3390 2107 3446 cionem
2134 3430 2149 3457 ,
2202 3393 2629 3449 contemnimus.
2661 3425 2733 3437 —-
2758 3394 2880 3451 Atio
2932 3398 3108 3453 modo.
3147 3399 3377 3457 Consilii
3418 3414 3474 3457 et

207 3494 369 3564 ὑμῶν
389 3493 831 3564 πεφανερῶσθαι.
863 3510 884 3544 ι
946 3490 1184 3555 Ἐλπίζω
1203 3489 1281 3555 δὲ,
1330 3489 1518 3559 φησιν,
1569 3488 1651 3542 ὅτι
1701 3487 1788 3542 καὶ

1896 3483 2543 3554 exhortationisestquod
2559 3485 2655 3553 ait,
2688 3487 2981 3559 πείθωμεν,
3017 3490 3073 3545 id
3102 3501 3206 3560 est,
3241 3495 3475 3550 suadea-

203 3588 359 3657 ὑμᾶς
384 3587 445 3640 οὑ
481 3586 931 3656 σκανδαλίσομεν,
974 3583 1089 3641 ἀλλ’
1143 3577 1248 3636 οἷοί
1314 3583 1502 3651 ἐσμεν,
1557 3578 1788 3634 τοιοῦτοί

1897 3591 2045 3642 mus,
2086 3577 2210 3632 ideo
2260 3578 2423 3632 etiam
2473 3591 2569 3648 per
2604 3595 2650 3632 ω
2690 3580 2910 3651 longum
2964 3583 3318 3641 scribendum
3366 3595 3472 3643 est.

209 3681 384 3750 ἐσμεν
410 3681 467 3733 ἐν
492 3682 558 3751 τῇ
590 3678 791 3747 γνώσει
819 3677 995 3749 ὑμῶν.
1026 3675 1200 3730 Τοῦτο
1217 3676 1326 3747 γὰρ
1358 3674 1439 3742 τὸ,
1478 3691 1498 3724 ι
1551 3671 1640 3728 Ἐν
1662 3672 1787 3734 ταῖς

1902 3690 1921 3724 ι
1961 3670 2070 3727 Deo
2123 3684 2254 3727 vero
2315 3670 2595 3727 manifesti
2646 3687 2859 3730 sumus.
2928 3695 2948 3728 ι
3013 3676 3122 3733 Deo
3180 3680 3324 3735 enim
3378 3682 3474 3753 qui

211 3771 610 3842 συνειδήσεσιν.
649 3790 669 3824 ι
1568 3784 1572 3788 ’

1896 3771 2092 3821 cuncta
2124 3762 2274 3818 novit
2301 3762 2536 3820 suadere
2576 3778 2683 3820 non
2731 3774 2970 3837 oportet.
3011 3787 3030 3821 ι
3066 3769 3240 3841 Spero
3290 3780 3471 3828 autem

209 3877 386 3925 noset
406 3870 458 3925 in
476 3870 826 3926 conscientiis
844 3867 1045 3925 vestris
1068 3864 1385 3922 manifesms
1398 3879 1541 3921 esse.
1563 3883 1583 3917 ι
1622 3861 1794 3936 Spero
1815 3872 1997 3920 autem
2016 3860 2165 3933 quod
2195 3874 2372 3930 neque
2400 3876 2497 3917 vos
2530 3860 2891 3929 oft‘cndemus,
2917 3865 3012 3922 sed
3037 3868 3228 3936 quales
3255 3883 3470 3935 sumus,

212 3966 354 4022 tales
377 3977 430 4022 et
460 3966 512 4020 in
535 3966 845 4038 cognitione
866 3972 1045 4021 vestra
1066 3978 1278 4020 sumus.
1308 3961 1441 4017 Nam
1469 3962 1572 4017 hoc
1604 3975 1711 4028 est,
1749 3960 1893 4032 quod
1923 3961 1999 4015 ait
2028 3976 2042 4013 :
2073 3976 2092 4011 ι
2120 3956 2179 4012 In
2217 3957 2574 4013 conscientiis
2610 3959 2830 4016 vestris.
2869 3979 2890 4013 ι

808 4077 1057 4131 ΚΕΦΑΛ.
1106 4073 1181 4130 Z'.

207 4171 348 4240 Περὶ
399 4170 510 4241 τῆς
546 4170 1199 4241 αὐτοῦ-φιλοθεότητος
1232 4165 1351 4241 ,καί
1386 4164 1788 4236 φιλαδελφίας

695 4236 807 4308 τῆς
839 4241 992 4292 κατὰ
1024 4236 1301 4307 Χριστόν.

2394 4068 2557 4139 e35
2593 4068 2824 4127 CAPUT
2866 4071 2983 4127 vu.

1894 4163 1975 4218 De
2006 4161 2170 4218 Pauli
2199 4176 2324 4232 erga
2366 4149 2533 4235 Deum
2566 4179 2746 4235 antore
2781 4181 2843 4219 ac
2885 4164 3126 4235 fraterna
3180 4167 3470 4225 secundum

2421 4231 2588 4285 Deum
2644 4234 2699 4287 di
2707 4231 2948 4290 lectione.

285 4336 371 4389 Οῠ
425 4333 535 4403 γὰρ
590 4332 778 4386 πάλιν
824 4329 1079 4396 ἑαυτοὺς
1121 4327 1574 4398 συνιστάνομεν
1607 4327 1786 4398 ὑμῖν,

1965 4323 2034 4392 ν,
2098 4323 2286 4379 12-15.
2350 4321 2473 4378 Non
2527 4326 2666 4379 enim
2730 4345 2942 4383 rursum
2994 4346 3090 4385 nos
3145 4333 3287 4401 ipsos
3332 4350 3472 4390 com-

208 4427 377 4484 ἀλλὰ
409 4425 691 4495 ἀφορμὴν
726 4420 996 4487 διδόντες
1024 4419 1166 4491 ὑμῖν
1212 4419 1600 4489 καυχήματος
1638 4419 1790 4487 ὑπὲρ

210 4520 407 4590 ἡμῶν,
432 4519 475 4572 Ζ)
494 4535 533 4571 α
565 4518 743 4588 ἔχητε
773 4514 924 4583 πρὸς
953 4513 1095 4580 τοὺς
1130 4514 1200 4567 ἐν
1222 4512 1521 4582 προσώπῳ
1556 4503 1789 4581 καυχω-

202 4614 452 4684 μένους,
490 4609 588 4664 καὶ
614 4610 687 4663 οὐ
711 4606 944 4675 καρδίᾳ.
967 4605 1100 4659 Εἴτε
1124 4606 1231 4676 γὰρ
1258 4603 1608 4674 ἐξέστημεν,
1632 4603 1754 4671 Θεῷ
1769 4620 1783 4635 ⁶

209 4703 333 4757 εἴτε
366 4699 818 4770 σωφρονοῦμεν,
848 4695 1012 4767 ὑμῖν.

284 4878 535 4951 Συνεχῶς
586 4875 944 4947 ἀποτρίϐεται
989 4874 1088 4946 τὴν
1119 4873 1214 4928 τοῦ
1257 4873 1332 4946 μὴ
1376 4874 1553 4929 δοκεῖν
1581 4878 1788 4947 καυχᾶ-

214 4973 341 5029 σθαι
372 4972 651 5035 ὑπόνοιαν,
684 4968 777 5024 καί
829 4984 996 5039 φησιν
1015 4984 1029 4999 ο
1061 4968 1155 5031 Είς
1189 4966 1412 5031 τούτους
1442 4967 1569 5031 τοὺς
1596 4967 1787 5037 λόγους

212 5066 474 5138 ἡλθομεν,
501 5064 601 5135 οὑχ
632 5062 858 5123 ἑαυτοὺς
898 5058 1280 5123 συνιστῶντες,
1302 5059 1601 5123 τουτέστιν,
1633 5058 1789 5113 ἐπαί-

215 5176 401 5231 ροντες
456 5158 490 5229 ἢ
537 5151 1017 5227 ἐγκωμιάζοντες,
1083 5151 1198 5205 ἀλλ’
1252 5150 1383 5220 ὑμῖν
1430 5144 1785 5221 παρέχοντες,

209 5251 402 5322 ςησὶν,
452 5248 729 5320 ἀφορμὴν,
780 5245 921 5317 ὑπὲρ
949 5243 1106 5316 ἡμῶν
1138 5241 1448 5313 καυχᾶσθαι
1492 5243 1629 5314 προς
1661 5244 1789 5308 τοὺς

204 5337 702 5410 ψευδαποστόλους.
753 5332 975 5402 Ἐπειδὴ
1025 5332 1131 5403 γὰρ
1198 5333 1395 5385 ἐκεῖνοι
1439 5331 1787 5401 διασύρουσιν

203 5433 360 5503 ἡμᾶς
398 5429 523 5493 ,ἵνα
582 5428 737 5499 ὑμεῖς
784 5425 945 5498 εχητε
992 5423 1133 5495 ὑπὲρ
1170 5423 1328 5495 ἡμῶν
1359 5423 1687 5494 καυχᾶσθαι,
1707 5427 1788 5490 είς

203 5521 434 5584 τούτους
463 5517 647 5590 ἦλθον,
703 5517 862 5588 φησι,
890 5517 1018 5580 τοὺς
1045 5515 1259 5583 λόγους.
1323 5533 1343 5567 ι
1379 5515 1496 5569 Ἵνα
1536 5514 1720 5586 ἔχητε.
1760 5533 1780 5568 ι

209 5613 366 5679 Ἐξω
413 5627 465 5664 τι
521 5607 930 5677 ἁπδλογεῖσθαι,
991 5607 1046 5659 τὶ
1097 5604 1300 5674 λέγειν,
1356 5605 1410 5658 τὶ
1453 5605 1783 5676 καυχᾶσθαι.

210 5722 232 5755 ι
271 5701 422 5771 Πρὸς
444 5700 569 5762 τοὺς
591 5701 649 5752 ὲν
682 5697 959 5768 προσώπῳ
996 5694 1410 5766 καυχωμένους.
1451 5712 1471 5747 ι
1505 5695 1641 5765 Περὶ
1673 5695 1783 5750 τῶν

199 5791 661 5847 ύευδαποστόλων
711 5790 899 5861 φησιν,
947 5787 1144 5851 οἵτινες
1199 5786 1376 5843 πάντα
1411 5786 1546 5858 πρὸς
1573 5785 1784 5859 ἀνθρω-

1896 4415 2209 4472 mandamus
2243 4414 2386 4468 vobis
2410 4429 2430 4468 :
2468 4416 2558 4470 sed
2592 4420 2922 4473 occasionem
2954 4419 3145 4476 damus
3174 4424 3316 4479 vobis
3349 4426 3467 4495 glo-

1894 4507 2075 4564 riandi
2108 4505 2174 4561 de
2226 4504 2399 4571 nobis,
2432 4516 2491 4561 ut
2537 4508 2743 4580 aliquid
2782 4512 3028 4567 habeatis
3079 4502 3332 4570 adversus
3379 4534 3467 4572 eos

1891 4601 1984 4665 qui
2008 4604 2064 4654 in
2090 4597 2229 4668 facie
2259 4596 2582 4665 gloriantur,
2620 4609 2670 4654 et
2720 4618 2825 4657 non
2855 4606 2909 4657 in
2939 4604 3115 4659 corde.
3170 4603 3315 4659 Nam
3360 4610 3467 4662 sire

1891 4691 2212 4757 insanimus,
2249 4688 2355 4744 Deo
2396 4690 2733 4748 insanimus:
2784 4696 2890 4750 sive
2919 4696 3042 4751 sani
3069 4713 3274 4766 sumus,
3315 4699 3465 4756 vobis

1892 4784 2012 4839 sani
2040 4799 2245 4839 sumus.

1961 4877 2238 4933 Continue
2278 4877 2650 4948 suspicionem
2696 4887 2893 4950 purgat
2930 4895 3036 4951 qua
3067 4881 3240 4938 videri
3276 4893 3467 4955 posset

1891 4965 2139 5039 gloriari,
2170 4978 2224 5022 et
2263 4968 2382 5020 ait:
2438 4966 2520 5021 Ad
2562 4966 2663 5022 hos
2698 4982 2981 5026 sermones
3027 4971 3299 5040 venimus,
3354 4990 3463 5030 non

1892 5072 1994 5114 nos
2019 5058 2167 5128 ipsos
2201 5057 2678 5122 commendantes,
2735 5061 2840 5114 hoc
2870 5069 2976 5127 est,
3012 5063 3341 5119 extollentes
3369 5075 3465 5120 aut

1840 5190 1844 5192 ~
1891 5151 2291 5228 collaudantes,
2320 5149 2415 5205 sed
2441 5148 2597 5206 vobis
2627 5151 2977 5208 occasionem
3019 5156 3325 5222 pra-bentes
3347 5159 3465 5228 glo—

1888 5221 2071 5301 riandi
2088 5242 2157 5299 de
2177 5242 2334 5299 nobis
2356 5242 2618 5298 adversus
2642 5245 3154 5317 pseudoapostolos.
3174 5248 3310 5304 Nam
3335 5221 3463 5319 quia

1891 5337 1971 5393 illi
2002 5335 2302 5390 detrahunt
2329 5333 2514 5398 nobis,
2559 5345 2618 5390 ut
2661 5351 2758 5392 vos
2818 5339 3047 5408 possitis
3072 5340 3139 5395 de
3168 5342 3327 5396 nobis
3349 5342 3464 5411 glo-
3502 5404 3509 5415 ,

1890 5426 2047 5489 riari,
2074 5424 2157 5480 Ad
2191 5426 2313 5489 hos,
2349 5425 2550 5496 inquit,
2586 5428 2708 5482 veni
2739 5443 3058 5485 sermones:
3096 5449 3115 5482 ι
3154 5431 3225 5485 Ut
3254 5430 3458 5498 aliquid

1890 5515 2161 5572 habeatis.
2186 5502 2217 5567 ἰ
2256 5513 2652 5574 Exstrinsecus
2707 5520 3150 5576 subaudiendum
3201 5527 3304 5574 est.
3341 5500 3492 5575 Διί-⁴

1890 5603 2022 5674 quid
2075 5602 2224 5674 quod
2265 5602 2323 5658 in
2386 5606 2566 5661 nostri
2615 5606 2993 5663 defensionem
3053 5607 3454 5676 respondeatis,

1890 5695 2098 5766 aliquid
2160 5695 2310 5767 quod
2368 5695 2592 5765 dicatis,
2648 5698 2860 5769 aliquid
2910 5698 3058 5769 quod
3125 5698 3458 5769 gloriemini.

1896 5788 2209 5846 «Adversus
2231 5802 2329 5845 eos
2358 5788 2454 5860 qui
2483 5789 2539 5846 in
2566 5788 2708 5847 facie
2731 5792 3089 5861 gloriantur.»
3127 5790 3201 5847 De
3221 5790 3458 5863 pseudo-
