3906 6548
419 513 529 578 973

1489 514 1893 576 (ECUMENII
1933 514 2228 576 TRICC/E
2266 514 2613 576 EPISCOPI

3577 507 3701 573 9.70

413 644 513 699 pro
548 624 730 684 Veteri
768 643 783 692 ;
828 641 925 697 pro
953 633 1191 693 terrena,
1226 626 1532 685 Jerusalem
1589 630 1832 686 ccelestis
1865 646 2003 698 :pro

2128 630 2235 684 ναοῦ
2260 629 2543 699 αἰσθητοῦ,
2582 631 2706 694 ναὸς
2755 630 3148 703 πνευματικός.
3189 627 3339 684 ἠντὶ
3370 627 3608 683 πλακῶν
3631 626 3722 679 λι-

422 719 630 791 templo
664 719 934 784 sensibili,
971 720 1234 789 templum
1290 722 1574 792 spirituale
1605 740 1620 785 ;
1651 738 1753 795 pro
1815 724 2019 779 tabulis

414 812 668 885 lapideis,
698 825 914 867 carnem
960 812 1208 880 tabulae;
1264 829 1362 885 pro
1418 816 1861 883 circumcisione,
1922 816 2021 871 ba-

413 904 682 977 ptismus;
715 918 814 974 pro
836 918 1052 969 manna,
1075 920 1273 975 corpus
1305 907 1646 963 Dominicum
1677 924 1692 973 ;
1750 924 1849 979 pro
1875 923 2017 978 aqua

414 995 545 1049 data
576 1010 644 1050 ex
680 1005 856 1065 petra,
883 995 1109 1065 sanguis
1144 994 1463 1052 Dominieus
1491 1013 1506 1061 ;
1534 1013 1632 1067 pro
1677 998 1826 1068 virga
1855 998 2014 1064 Mosi,

414 1104 602 1154 crux;
652 1103 752 1159 pro
808 1098 952 1144 terra
1010 1088 1419 1159 promissionis,
1481 1105 1706 1160 regnum
1751 1089 2015 1156 cmleste;

411 1195 519 1253 pro
558 1181 868 1237 innumeris
918 1179 1224 1238 sacerdotis
1278 1180 1433 1250 juxta
1496 1182 1671 1252 legem
1723 1180 2013 1248 institutis,

416 1265 566 1328 unus
603 1271 849 1341 pontifex
886 1272 1147 1329 Christus
1175 1291 1189 1340 ;
1214 1288 1317 1344 pro
1369 1272 1717 1328 immaculata
1746 1289 1848 1330 ove
1900 1274 2017 1329 sive

415 1382 579 1437 agno,
602 1365 775 1423 Filius
803 1365 896 1422 Dei
926 1384 940 1431 ;
972 1381 1071 1437 pro
1095 1366 1244 1423 nudo
1270 1367 1491 1423 nomine
1525 1366 1858 1438 adoptionis,
1888 1383 2015 1423 vera

415 1458 660 1528 adoptio.
692 1455 841 1513 Nova
876 1456 1152 1528 siquidem
1183 1465 1435 1513 creatura
1474 1457 1618 1512 dicta
1653 1467 1761 1522 est,
1792 1464 1848 1514 et
1882 1472 2017 1513 con-

416 1550 648 1607 ferendo
677 1551 743 1606 ad
776 1551 944 1606 vitam
974 1565 1097 1620 qua:
1130 1551 1185 1605 in
1246 1549 1486 1621 peccatis
1546 1550 1826 1621 agebatur,
1858 1559 1913 1606 et
1944 1551 2011 1606 ad

417 1656 605 1700 mores
634 1656 699 1698 ac
727 1632 996 1714 praecepta
1044 1641 1344 1698 secundum
1370 1642 1538 1713 legem
1571 1642 1716 1696 data.
1755 1661 1774 1695 ι
1815 1640 2013 1699 Omnia

424 1742 610 1791 autent
645 1748 713 1790 ex
749 1734 879 1791 Deo.
925 1753 943 1785 ι
982 1735 1107 1790 llatc
1134 1743 1317 1790 autem
1341 1734 1547 1799 omnia,
1580 1734 1779 1805 inquit,
1809 1750 1873 1790 ex
1902 1735 2014 1791 Deo

420 1828 550 1883 data
581 1837 735 1895 sunt,
761 1828 855 1899 qui
889 1843 991 1885 nos
1013 1829 1120 1885 sibi
1146 1828 1250 1899 ipsi
1282 1829 1659 1884 reconciliavit
1689 1845 1784 1899 per
1814 1829 2010 1885 Filium

422 1936 586 1977 suum
616 1921 997 1977 mediatorem.
1031 1919 1218 1991 Neque
1242 1921 1389 1977 enim
1415 1935 1515 1976 nos
1546 1922 1615 1975 ad
1651 1937 1776 1977 eum
1821 1937 2013 1977 accur-

418 2012 616 2075 rimus.
647 2012 742 2067 sed
773 2011 892 2082 ipse
923 2026 1024 2066 nos
1054 2011 1270 2066 vocavit
1304 2025 1401 2082 per
1425 2012 1628 2067 caedem
1654 2026 1719 2066 ac
1755 2010 2011 2066 immola-

316 2108 319 2111 ’
420 2104 626 2159 tionem
675 2103 799 2157 Filii
864 2104 972 2159 sui.
1037 2120 1059 2155 ι
1095 2102 1361 2173 Deditque
1420 2103 1580 2159 nobis
1638 2101 2010 2158 ministerium

418 2196 914 2253 reconciliationis.
953 2214 972 2249 ο
1009 2196 1056 2251 0
1078 2195 1403 2267 profundam
1442 2196 1879 2267 immensamque
1912 2195 2008 2252 he-

420 2290 743 2361 nignitatem
782 2306 848 2346 ac
898 2290 1336 2347 humanitatem!
1374 2288 1492 2345 Non
1544 2290 1688 2344 enim
1721 2298 2013 2361 postquam

420 2380 620 2438 Filium
650 2399 810 2439 suum
851 2384 1088 2455 legatum
1129 2382 1198 2438 ad
1230 2381 1730 2439 reconciliationem
1764 2380 2010 2447 miserat,

420 2482 480 2530 et
507 2474 598 2529 ille
636 2475 997 2545 interemptus
1028 2475 1229 2542 fuerat,
1286 2474 1551 2545 deinceps
1602 2490 1705 2531 nos
1751 2474 2012 2545 neglexit,

423 2566 522 2623 sed
551 2564 693 2621 Filio
728 2581 947 2637 quoque
989 2575 1208 2622 mortuo
1267 2566 1428 2622 nobis
1473 2566 1737 2637 apostolis
1793 2580 2013 2622 rursum

424 2657 665 2714 credidit
689 2659 1063 2715 ministerium
1091 2658 1574 2716 reconciliationis.
1604 2680 1623 2712 ι
1654 2658 2015 2730 Quandoqui-

423 2749 546 2803 dem
574 2747 720 2812 Deus
748 2763 845 2819 per
864 2748 1170 2804 Christum.
1218 2769 1237 2802 ι
1260 2748 1475 2805 Etenim
1508 2749 1769 2820 primum,
1802 2748 2008 2818 inquit,

2123 720 2306 785 θίνων,
2345 724 2589 793 σάρκινοι
2617 722 2858 789 πλάκεςο
2901 723 3025 778 ἀντὶ
3051 720 3379 794 περιτομῆς,
3400 720 3721 790 βάπτισμα.

2137 811 2279 866 ’Λντὶ
2320 813 2516 882 μάννα,
2556 812 2715 883 σῶμα
2731 812 3062 866 Δεσποτικὸν
3086 829 3099 843 ·
3136 811 3259 865 ἀντὶ
3279 811 3394 878 τοῦ,
3417 812 3484 863 ὲκ
3504 809 3726 879 πέτρας

2123 903 2339 969 ὓδατος,
2368 902 2507 975 αἷμα
2532 906 2861 960 Δεσποτικὸν
2881 920 2895 936 ο
2929 905 3053 959 ἀντὶ
3080 906 3179 976 τῆς
3207 903 3403 975 ῥάϐδου
3437 902 3724 964 Μωσέως,

2120 1000 2148 1051 6
2185 998 2419 1069 σταυρός
2438 1015 2452 1029 ·
2491 997 2612 1051 ἀντὶ
2639 998 2743 1068 γῆς
2778 996 3136 1067 ἐπαγγελίας,
3167 995 3412 1065 βασιλεία
3432 993 3720 1064 οὐρανῶν.

2135 1091 2279 1143 ’Av‘r‘t
2309 1091 2520 1161 μυρίων
2539 1091 2649 1146 τῶν
2681 1092 2821 1146 κατὰ
2846 1092 2938 1145 τὸν
2958 1090 3126 1162 νόμον
3165 1090 3378 1162 ἱερέων,
3403 1084 3486 1150 εἷς
3524 1087 3727 1157 ἀρχιε-

2124 1183 2255 1255 ρεὺς
2283 1185 2313 1239 6
2333 1185 2569 1257 Χριστός
2590 1202 2604 1216 ο
2639 1184 2763 1239 ἀντὶ
2793 1184 3028 1257 ἀμώμου
3061 1184 3363 1256 προϐάτου,
3397 1183 3425 1234 6
3447 1180 3587 1243 Υἱὸς
3628 1178 3723 1232 τοῦ

2119 1276 2253 1331 Θεοῦ
2276 1293 2290 1309 ·
2325 1279 2447 1333 ἀντὶ
2472 1277 2631 1348 ψιλοῦ
2659 1277 2922 1349 ὀνόματος
2975 1276 3269 1340 υἱοθεσίας,
3299 1275 3512 1345 ἀληθὴς
3537 1272 3725 1327 υἱοθε-

2122 1368 2233 1423 σία.
2267 1369 2332 1423 Ἦ
2365 1370 2476 1439 γὰρ
2507 1369 2672 1439 καινὴ
2693 1369 2892 1435 κτίσις,
2925 1369 3021 1423 καὶ
3057 1369 3135 1433 ὡς
3159 1368 3293 1439 πρὸς
3316 1366 3413 1437 τὴν
3441 1370 3510 1421 ἐν
3542 1368 3728 1435 ἁμαρ-

2117 1460 2265 1524 τίαις
2297 1461 2443 1531 ζωὴν
2464 1462 2703 1533 εἴρηται,
2737 1462 2834 1515 καὶ
2871 1460 2948 1524 ὡς
2986 1460 3126 1533 πρὸς
3147 1460 3216 1513 τὰ
3243 1460 3383 1513 κατὰ
3413 1459 3597 1525 νόμον
3617 1456 3727 1528 ἤθη

2118 1548 2212 1602 καὶ
2263 1550 2640 1622 ἐπιτάγματα.
2703 1569 2723 1604 ι
2773 1550 2855 1605 Τὰ
2904 1550 2961 1604 δὲ
2992 1550 3171 1605 πάντα
3213 1552 3278 1603 ὲκ
3341 1549 3433 1602 τοῦ
3486 1548 3661 1602 Θεοῦ.
3702 1566 3722 1599 ο

2118 1641 2305 1696 Ταῦτα
2352 1642 2410 1697 δὲ
2468 1644 2670 1708 πάντα,
2714 1644 2903 1714 φησὶν,
2931 1645 2995 1698 ὲκ
3040 1642 3177 1696 Θεοῦ
3220 1643 3351 1712 ἡμῖν
3382 1638 3727 1709 δεδώρηται,

2115 1738 2210 1793 τοῦ
2241 1740 2328 1793 διὰ
2364 1739 2586 1810 μεσίτου
2625 1738 2720 1793 τοῦ
2753 1739 2883 1793 Υἱοῦ
2926 1737 3116 1803 αὑτοῦ,
3166 1736 3728 1800 ἀποκαταλλάξαντος

2116 1832 2265 1902 ἡμᾶς
2316 1832 2520 1903 ἑαυτῷ.
2571 1832 2647 1887 Οὐ
2680 1831 2790 1901 γάρ
2852 1832 3017 1903 ἡμεῖς
3051 1828 3202 1899 αὒτῷ
3225 1828 3728 1900 προσεδράμομεν,

2116 1929 2230 1985 ἀλλ’
2262 1925 2590 1994 αὐτδςὴμᾶς
2615 1923 2864 1988 ἐκάλεσε,
2896 1922 2986 1977 διὰ
3024 1924 3124 1993 τῆς
3185 1922 3400 1992 σφαγῆς
3436 1918 3539 1972 τοῦ
3578 1916 3729 1972 Fiet?

2116 2018 2306 2074 αὑτοῦ.
2337 2036 2355 2070 ι
2398 2015 2507 2070 Καὶ
2548 2015 2731 2080 δόντος
2754 2017 2888 2085 ἡμῖν
2939 2012 3036 2085 τὴν
3064 2013 3341 2066 διακονίαν
3372 2011 3475 2081 τῆς
3505 2011 3731 2064 καταλ-

2112 2110 2310 2180 λαγῆς.
2352 2129 2371 2161 ι
2418 2110 2485 2162 Ὢ
2509 2108 2711 2179 βάθους
2751 2105 3190 2176 φιλανθρωπίαςι
3253 2105 3327 2157 Οὐ
3369 2105 3479 2174 γὰρ
3521 2102 3725 2171 ἐπειδὴ

2131 2201 2377 2273 πρέσϐυν
2405 2201 2500 2252 ἐπὶ
2548 2197 2895 2267 καταλλαγὴν
2927 2196 3142 2267 έπεμψε
3175 2197 3264 2250 τὸν
3282 2196 3432 2259 Υἱδν,
3462 2195 3640 2256 αὐτὸς
3673 2195 3729 2247 δὲ

2118 2294 2359 2363 ἐσφάγη,
2396 2291 2585 2347 λοιπον
2633 2291 2910 2361 ἠμέλησεν
2946 2290 3128 2361 ἡμῶν,
3172 2288 3309 2342 ἀλλὰ
3338 2289 3433 2342 καὶ
3464 2288 3564 2340 τοῦ
3591 2285 3727 2340 Υἱοῦ

2116 2384 2521 2449 ἀποθανόντος,
2579 2385 2711 2455 ἡμῖν
2762 2382 2861 2454 τὴν
2913 2380 3192 2436 διακονίαν
3224 2381 3321 2449 τῆς
3359 2379 3726 2447 καταλλαγῆς

2116 2479 2282 2533 πάλιν
2311 2479 2603 2531 ἐπίστευσε
2630 2478 2744 2540 τοῖς
2790 2474 3135 2538 ἀποστόλοις.
3178 2491 3197 2525 ι
3250 2473 3339 2537 Ὠς
3371 2472 3453 2526 ὅτι
3486 2470 3630 2534 Θεδς
3654 2466 3725 2539 ἦν

2114 2573 2173 2625 ἐν
2196 2567 2437 2641 Χριστῷ.
2471 2588 2488 2620 t
2521 2567 2631 2621 Kal.
2672 2567 2804 2638 γάρ,
2845 2567 3000 2637 φησὶ,
3065 2565 3127 2619 τὸ
3166 2563 3406 2634 πρῶτον,
3451 2557 3573 2616 οἷον
3616 2559 3725 2631 πρὸ

2116 2663 2210 2719 τοῦ
2249 2661 2507 2735 σταυροῦ,
2526 2662 2658 2725 Θεὸς
2682 2657 3090 2733 ἦν,τουτέστιν,
3120 2660 3151 2711 6
3180 2657 3392 2727 Πατὴρ,
3420 2656 3518 2709 διὰ
3545 2657 3719 2725 μέσον

2118 2754 2356 2825 Χριστοῦ
2378 2755 2451 2818 ὡς
2471 2753 2715 2825 μεσίτου,
2742 2750 3145 2806 καταλλάσσων
3177 2748 3353 2818 ἑαυτῷ
3370 2749 3465 2800 τὸν
3488 2750 3720 2816 κόσμον.

424 2839 614 2909 idest,
651 2850 781 2899 ante
818 2842 1157 2913 passionem,
1216 2842 1379 2909 Deus,
1440 2857 1634 2913 nempe
1684 2842 1864 2909 Pater,
1922 2856 2018 2913 per

2128 2869 2145 2903 ι
2182 2849 2275 2921 Μὴ
2297 2849 2648 2920 λογιζόμενος
2669 2848 2878 2910 αὐτοῖς.
2914 2866 2933 2899 t
2971 2845 3129 2900 Οὕτω
3151 2845 3261 2916 γὰρ
3284 2845 3379 2897 καὶ
3413 2842 3520 2897 οὐκ
3542 2840 3723 2905 άλλως

424 2930 705 2991 Christum
738 2934 978 2989 medium
1006 2933 1121 2989 sive
1157 2933 1536 2997 mediatorem,
1586 2930 1850 2986 mundum
1912 2932 2017 2987 sibi

2128 2940 2252 3012 ὲνῆν
2273 2942 2372 3012 τὴν
2404 2940 2753 3011 καταλλαγὴν
2809 2938 3086 3009 γενέσθαι,
3120 2936 3198 3007 τῷ
3232 2936 3449 3006 πρῶτον
3501 2935 3722 3001 ἀφεῖναι

423 3027 843 3084 reconciliahat.
873 3045 893 3080 ι
927 3026 1047 3083 Non
1109 3036 1371 3099 reputans
1423 3028 1505 3083 eis
1569 3033 1790 3097 peccata
1838 3039 1957 3080 sua.
1991 3044 2011 3078 ι

2128 3032 2189 3086 τά
2246 3032 2719 3104 πλημμελήματα,
2783 3030 2860 3094 ὡς
2913 3029 3031 3099 εῐγε
3086 3029 3244 3098 δίκην
3303 3026 3559 3098 ἁπῄτησε
3608 3024 3721 3077 τῶν

423 3117 505 3172 Ita
533 3119 678 3174 enim
706 3127 762 3175 et
788 3134 896 3174 non
915 3120 1022 3175 alio
1048 3119 1213 3176 modo
1235 3128 1450 3190 poterat
1478 3120 1595 3176 fieri
1621 3117 2017 3183 reconciliatio,

2128 3124 2435 3196 ἁμαρτιῶν,
2468 3124 2569 3178 οὐκ
2592 3124 2657 3179 ἄν
2690 3140 2795 3187 τις,
2842 3122 3001 3191 φησι,
3035 3119 3393 3192 περιελείφθη
3427 3119 3486 3181 ὃς
3516 3117 3723 3170 καταλ-

425 3220 488 3267 ut
516 3212 754 3284 primum
785 3214 1198 3271 remitterentur
1245 3223 1492 3288 peccata,
1529 3230 1593 3272 ac
1623 3217 1667 3271 si
1692 3217 1767 3271 ita
1798 3228 2017 3285 pinnam

2128 3216 2335 3288 λαγείη.
2380 3236 2397 3268 ι
2432 3217 2542 3271 Καὶ
2564 3215 2790 3287 θέμενος
2816 3217 2872 3269 ιν
2909 3217 3040 3287 ἡμῖν
3061 3214 3151 3268 τὸν
3176 3212 3355 3280 λόγον.
3389 3229 3408 3262 ι
3445 3211 3507 3263 '0
3526 3209 3719 3278 Πατὴρ

425 3304 745 3375 expetiisset
770 3316 1146 3375 peccatorum,
1195 3315 1249 3363 et
1282 3306 1367 3364 sic
1406 3306 1595 3363 nullus
1651 3307 1881 3362 relictus
1934 3312 2018 3361 est

2128 3309 2216 3363 οῦν
2241 3305 2329 3377 ἦν,
2392 3309 2487 3363 καὶ
2547 3310 2652 3380 προ
2694 3308 2791 3362 τοῦ
2824 3306 3083 3377 σταυροῦ,
3125 3305 3283 3376 φησὶ.
3314 3303 3405 3357 διὰ
3447 3301 3548 3355 τοῦ
3569 3300 3717 3408 ιΥἰοῦ

425 3394 522 3465 qui
549 3394 663 3466 jam
696 3398 1105 3454 reconcilietur.
1147 3417 1167 3451 ι
1208 3398 1273 3454 Et
1311 3397 1495 3469 posuit
1531 3398 1586 3452 in
1618 3397 1778 3453 nobis
1808 3410 2018 3452 sermo-

2128 3399 2290 3454 αὖτοῦ
2352 3399 2744 3470 καταλλάσσων
2789 3397 2973 3469 ἑαυτῷ
3026 3397 3120 3450 τὸν
3169 3395 3399 3465 κόσμον,
3435 3394 3463 3445 6
3496 3389 3595 3444 καὶ
3621 3388 3717 3442 νῦν

426 3503 611 3545 ηοω.»
640 3490 803 3545 Pater
836 3491 1024 3559 itaque
1060 3492 1226 3547 etiam
1263 3501 1392 3547 ante
1445 3490 1759 3562 passionem
1813 3506 1907 3561 per
1934 3488 2015 3544 Fi-

424 3579 561 3637 lium
592 3582 989 3639 reconciliabat
1019 3584 1123 3640 sibi
1155 3583 1443 3648 tuundum,
1483 3583 1580 3653 qui
1605 3597 1751 3638 nunc
1805 3597 2024 3653 quoque

424 3674 615 3745 posuit
651 3674 706 3729 in
735 3674 895 3731 nobis
935 3690 1246 3733 sermonem
1308 3690 1373 3731 ac
1432 3675 1799 3731 ministerium
1828 3690 2025 3731 recon-

425 3765 701 3822 liationis.
731 3766 901 3839 639
929 3767 1065 3823 Nam
1097 3766 1359 3839 quoniam
1393 3766 1569 3824 Filius
1622 3783 1758 3823 suus
1804 3765 2024 3821 crucifi-

425 3874 534 3916 xus
567 3867 674 3924 est,
704 3875 806 3916 nos
833 3860 1053 3932 reliquit
1075 3861 1168 3931 qui
1202 3859 1625 3917 exhortaremur
1655 3859 1723 3916 ad
1761 3857 2015 3916 reconci-

427 3949 713 4009 liationem
783 3969 879 4011 eos
933 3955 1029 4025 qui
1089 3965 1219 4010 sunt
1282 3970 1444 4026 super
1513 3961 1741 4009 terram.
1816 3950 2016 4007 Vidisti

2120 3492 2349 3563 Θέμενος
2402 3495 2458 3546 ὲν
2516 3495 2649 3563 ἡμῖν
2691 3492 2783 3545 τὸν
2816 3490 2974 3561 λόγον
3021 3489 3116 3544 καὶ
3149 3488 3247 3559 τὴν
3290 3483 3577 3540 διακονίαν
3615 3484 3715 3551 τῆς

2121 3584 2494 3655 καταλλαγῆς.
2567 3582 2786 3653 Ἐπειδὴ
2834 3583 2983 3650 γὰρ,
3041 3580 3247 3651 φησὶν,
3295 3579 3324 3631 6
3379 3574 3509 3638 Υίδς
3552 3569 3716 3626 αὑτοῦ

2128 3675 2475 3749 ἐσταυρώθη,
2510 3677 2658 3747 ἡμᾶς
2684 3677 2833 3731 εῐασε
2852 3672 3308 3747 παρακαλοῦντας
3337 3667 3476 3739 πρὸς
3512 3663 3717 3719 καταλ-

2121 3769 2293 3841 λαγὴν
2311 3770 2439 3834 τοὺς
2470 3769 2565 3823 ἐπὶ
2594 3770 2719 3840 γῆς.
2745 3764 2899 3833 Εἶδες
2925 3764 3162 3837 μέγεθος
3189 3764 3401 3831 ἁφάτου
3445 3758 3719 3827 άγαθὸτη-

2122 3876 2247 3927 τος;
2279 3859 2449 3914 Οὐδὲν
2490 3858 2784 3933 τοιγαροῦν
2824 3856 3085 3927 φορτικὸν
3128 3856 3259 3925 ὑμῖν
3283 3850 3528 3924 ἧλθομεν
3559 3848 3716 3918 ποιῆ-

2129 3969 2240 4017 σαι,
2270 3951 2405 4007 ἀλλὰ
2435 3951 2625 4022 φίλους
2653 3952 2879 4024 ποιῆσαι
2919 3950 3065 4022 ὑμᾶς
3089 3948 3226 4019 πρὸς
3250 3947 3347 3999 τὸν
3375 3943 3536 3997 Θεόν.

426 4047 857 4117 magnitudinem
912 4048 1202 4105 ineiiabilis
1273 4049 1590 4106 bonitatis?
1633 4045 1781 4103 Nihil
1841 4048 2012 4120 igitur
2047 4061 2211 4117 grave
2240 4047 2495 4107 venimus
2522 4048 2591 4104 ad
2653 4043 3045 4119 imponendum
3099 4041 3281 4109 vobis,
3337 4040 3434 4097 sed
3514 4046 3575 4091 ut
3624 4047 3716 4089 vos

428 4156 558 4211 erga
581 4139 752 4197 Deum
782 4144 992 4198 amicos
1021 4143 1380 4199 etiiceremus.

505 4229 571 4293 V,
605 4232 695 4297 20,
731 4231 822 4286 2|.
860 4231 967 4286 Pro
996 4231 1212 4287 Christo
1250 4233 1428 4302 itaque
1456 4232 1718 4303 legatione
1745 4230 2020 4301 fungimur

433 4332 691 4393 tanquam
746 4323 857 4379 Deo
915 4338 1007 4393 per
1069 4340 1166 4378 nos
1228 4323 1566 4392 exhortante,
1625 4338 1875 4394 rogamus
1925 4337 2021 4390 pro

434 4415 668 4480 Christo,
707 4416 1121 4471 reconciliemini
1148 4416 1277 4471 Deo.
1297 4415 1432 4470 Eum
1458 4431 1682 4484 namque
1710 4416 1802 4486 qui
1830 4430 2024 4485 pecca-

434 4519 550 4564 tum
610 4525 715 4563 non
748 4516 986 4573 nouerat,
1017 4525 1112 4573 pro
1148 4507 1302 4562 nobis
1333 4517 1609 4577 peccatum
1638 4506 1788 4577 fecit,
1822 4514 1881 4560 ut
1925 4521 2021 4560 nos

431 4604 756 4674 e/ﬁceremur
784 4601 1007 4669 justitia
1036 4599 1130 4655 Dei
1159 4617 1253 4671 per
1279 4601 1457 4655 illum.

511 4694 699 4750 Deum
733 4692 1104 4749 immortalem
1166 4708 1279 4761 quo
1348 4707 1465 4747 rem
1533 4692 1712 4762 ipsam
1779 4691 2017 4745 extulit!

436 4790 666 4853 Christi,
730 4787 931 4859 inquit,
963 4787 1187 4843 nomine
1234 4786 1508 4857 legatione
1556 4783 1871 4855 fungimur;
1920 4797 2025 4837 nos

437 4882 589 4937 enim
636 4880 761 4951 ejus
797 4894 939 4950 opus
983 4878 1036 4933 In
1088 4891 1193 4933 nos
1249 4875 1587 4947 recepimus.
1634 4873 1783 4930 Loco
1856 4874 2023 4945 igitur

437 4971 644 5029 Citriin
673 4971 946 5043 legatione
984 4968 1286 5040 fungimur,
1306 4973 1569 5037 tanquam
1596 4966 1761 5022 Patre
1790 4979 1887 5035 per
1918 4978 2023 5020 nos

440 5065 793 5122 exhortante.
832 5063 891 5118 Si
922 5063 1144 5134 quidem
1190 5062 1282 5118 ille
1318 5076 1429 5116 non
1461 5068 1677 5114 tantum
1706 5074 1806 5130 per
1854 5058 2020 5114 Chri-

441 5165 587 5212 stum
618 5154 965 5215 exhortatur,
999 5154 1091 5208 sed
1115 5152 1211 5207 illo
1244 5152 1410 5207 etiam
1439 5149 1705 5206 crucifixo
1739 5163 1886 5203 nunc
1928 5163 2025 5218 per

441 5262 545 5303 nos
572 5245 917 5301 exhortatur.
954 5263 972 5295 ι
999 5242 1277 5313 Rogamus
1304 5257 1403 5314 pro
1429 5241 1654 5297 Christo
1693 5238 2022 5295 reconcilie-

443 5338 579 5395 mini
607 5335 743 5392 Deo.
784 5354 803 5387 ι
836 5334 945 5389 Pro
981 5335 1204 5390 Christo
1238 5335 1423 5403 itaque
1445 5333 1716 5404 legatione
1735 5331 2027 5403 fungentes

441 5429 605 5487 etiam
636 5439 735 5499 pro
755 5426 978 5481 Christo
1023 5423 1382 5478 exhortamur
1413 5432 1467 5479 et
1505 5439 1784 5494 rogamus,
1831 5437 2027 5478 recon-

446 5521 715 5577 eiliemini
756 5518 888 5574 Deo.
931 5517 1041 5573 Vos
1068 5517 1213 5570 enim
1246 5516 1437 5571 hostes
1471 5516 1626 5581 estis,
1660 5523 1715 5568 et
1769 5515 1860 5586 qui
1902 5514 2030 5570 odio

449 5614 688 5679 habetis,
732 5628 830 5668 vos
862 5611 1051 5680 itaque
1090 5607 1552 5672 reconciliemini,
1607 5607 1674 5661 ad
1726 5607 2029 5661 amicitiam

448 5704 831 5762 revertamini.
876 5722 895 5756 ι
938 5703 1075 5758 Eum
1130 5714 1366 5770 namque
1419 5700 1511 5770 qui
1571 5706 1858 5770 peccatum
1920 5714 2029 5753 non

448 5806 701 5854 noverat.
733 5816 753 5848 ι
785 5795 1172 5849 Animadverte
1205 5791 1358 5847 Pauli
1382 5791 1672 5847 artificium
1709 5807 1772 5846 ac
1810 5790 2030 5860 sapien-

450 5894 606 5949 tiam.
660 5890 929 5958 Deinceps
968 5897 1231 5958 tanquam
1264 5886 1474 5955 legatus
1523 5900 1750 5941 causam
1810 5897 2030 5955 quoque

453 5985 611 6055 ponit
641 5997 748 6055 qua
784 5978 1102 6053 persuaderi
1121 5978 1355 6053 possint.
1382 5978 1627 6046 Utnihil,
1655 5976 1855 6050 inquit,
1879 5974 2029 6047 prio-

2201 4224 2384 4294 ’Υπὲρ
2405 4222 2667 4293 Χριστοῦ
2691 4218 2805 4278 οὖν
2840 4220 3283 4290 πρεσϐεύομεν,
3311 4217 3393 4286 ὡς
3428 4218 3538 4273 τοῦ
3566 4215 3710 4273 Θεοῦ

2119 4315 2622 4385 παρακαλοῦντος
2650 4314 2727 4367 δι’
2758 4310 2949 4383 ἡμῶν.
2973 4310 3233 4380 Δεόμεθα
3254 4307 3409 4377 ὑπὲρ
3440 4310 3715 4384 Χριστοῦ,

2125 4405 2551 4475 καταλλάγητε
2585 4402 2666 4470 τῷ
2696 4401 2837 4468 Θεῷ.
2885 4401 2999 4455 Τὸν
3036 4398 3147 4472 γὰρ
3169 4399 3256 4469 μὴ
3277 4399 3502 4468 γνόντα
3532 4399 3712 4467 ἁμαρ-

2124 4499 2280 4563 τίαν,
2319 4497 2474 4565 ὑπὲρ
2518 4493 2688 4564 ἡμῶν
2725 4492 3024 4564 ἁμαρτίαν
3066 4491 3386 4559 ἐποίησεν,
3416 4489 3521 4543 ἵνα
3552 4487 3711 4559 ἡμεῖς

2129 4588 2429 4660 γενώμεθα
2464 4586 2820 4652 δικαιοσύνη
2854 4583 3002 4639 Θεοῦ
3042 4583 3113 4636 ἐν
3137 4580 3319 4646 αὐτῷ.

2204 4681 2271 4734 '0
2305 4680 2408 4734 ποῦ
2442 4680 2606 4751 ἐξῆρε
2638 4678 2699 4731 τὸ
2729 4678 2999 4749 πρᾶγμαί
3043 4674 3220 4747 ’Υπὲρ
3247 4672 3517 4737 Χριστοῦ,
3561 4671 3707 4741 φησὶ,

2133 4771 2537 4844 πρεσϐεύομεν.
2572 4771 2614 4822 Τ
2619 4772 2647 4823 ὸ
2678 4770 2786 4842 γὰρ
2838 4768 3004 4823 αὐτοῦ
3035 4767 3197 4840 ἔργον
3248 4768 3414 4837 ἡμεῖς
3468 4763 3708 4827 ἀνεδεξά-

2138 4864 2301 4935 μεθα.
2331 4863 2482 4917 Ἀντὶ
2508 4861 2749 4934 Χριστοῦ
2773 4857 2867 4916 οὖν
2895 4863 3059 4931 ἡμεῖς
3092 4858 3498 4929 πρεσϐεύομεν,
3528 4858 3602 4919 ὡς
3622 4854 3705 4909 τοῦ

2134 4953 2348 5025 Πατρός
2384 4950 2831 5025 παρακαλοῦντος
2858 4950 2926 5005 δι’
2956 4950 3137 5021 ἡμῶν.
3181 4946 3323 5002 Οὔτε
3369 4949 3480 5018 γὰρ
3508 4947 3595 4999 διὰ
3624 4942 3706 4997 τοῦ

2132 5045 2375 5119 Χριστοῦ
2404 5046 2564 5117 μόνον
2582 5063 2653 5097 πα
2665 5044 2910 5113 ρσκαλεῖ,
2928 5042 3065 5096 ἀλλὰ
3082 5041 3274 5096 τούτου
3316 5037 3708 5107 σταυρωθέντος

2131 5140 2201 5193 δι’
2226 5139 2385 5209 ἡμῶν
2443 5137 2539 5191 νῦν
2593 5135 2923 5207 παρακαλεῖ.
2961 5152 2982 5186 ι
3011 5133 3258 5204 Δεόμεθα
3281 5131 3427 5203 ὑπὲρ
3459 5124 3702 5199 Χριστοῦ,

2134 5230 2509 5298 καταλλάγητε
2528 5227 2603 5296 τῷ
2630 5226 2767 5297 Θεῷ.
2783 5246 2801 5279 ι
2821 5225 2994 5298 ’Υπὲρ
3010 5220 3252 5296 Χριστοῦ
3272 5217 3367 5275 οὖν
3386 5217 3705 5292 πρεσϐεύον-

2133 5338 2245 5384 τες,
2272 5320 2369 5374 καὶ
2402 5319 2540 5388 ὑπὲρ
2562 5316 2800 5389 Χριστοῦ
2831 5319 2993 5388 ἡμεῖς
3029 5311 3489 5385 παρακαλοῦμεν,
3521 5307 3707 5363 καταλ-

2133 5414 2336 5483 λάγητε
2369 5413 2445 5483 τῷ
2474 5410 2613 5481 Θεῷ.
2657 5410 2848 5481 Ὑμεῖς
2894 5410 3005 5480 γάρ
3041 5407 3165 5460 ἔστε
3218 5406 3267 5459 oi
3312 5403 3501 5475 ἐχθροὶ
3547 5400 3636 5454 καὶ
3662 5395 3709 5449 oi

2139 5506 2447 5579 μισοῦντες.
2520 5504 2715 5574 Ὑμεῖς
2774 5498 2869 5557 οῦν
2916 5499 3298 5568 καταλλάγητε
3325 5538 3340 5562 ,
3401 5494 3705 5566 φιλιὼθητε.

2139 5619 2158 5654 ι
2197 5599 2302 5653 Τὸν
2333 5598 2442 5668 γὰρ
2477 5595 2552 5668 μὴ
2583 5594 2781 5664 γνόντα
2808 5591 3105 5665 ἁμαρτίαν.
3136 5611 3154 5643 ι
3201 5592 3345 5659 ὐρα
3385 5588 3446 5641 τὸ
3473 5586 3707 5655 ἔντεχνον

2138 5692 2233 5747 καὶ
2261 5689 2423 5758 σοφὸν
2450 5686 2638 5742 αὑτοῦ.
2686 5685 2891 5741 Λοιπὸν
2921 5685 2998 5749 ὡς
3038 5679 3386 5754 πρεσϐευτὴς
3414 5680 3508 5731 καὶ
3540 5674 3707 5730 αἰτίαν

2138 5784 2207 5838 δι’
2244 5778 2313 5856 ἧς
2367 5780 2433 5835 ἂν
2458 5779 2729 5833 πεισθεῖεν
2790 5778 2961 5846 λέγει.
3014 5775 3132 5828 Ἵνα
3156 5773 3287 5843 γὰρ,
3338 5772 3495 5843 φησὶ,
3555 5765 3705 5838 μηδὲν

2138 5879 2279 5931 εἴπω
2311 5876 2422 5930 τῶν
2455 5874 2709 5947 πρώτων,
2745 5874 2829 5927 ὅτι
2862 5871 3140 5946 ὑϐρίσατε,
3175 5870 3258 5922 ὅτι
3285 5865 3595 5938 εὐεργέτην,
3626 5861 3700 5912 ὅτι

2138 5973 2296 6046 δίκην
2349 5971 2450 6027 οὐκ
2492 5968 2795 6041 ἀπῄτησεν,
2832 5968 2912 6022 ὅτι
2943 5964 3159 6037 πρῶτος
3191 5958 3596 6047 καταλλαγῆναι
3621 5951 3693 6008 εἴ-
