3906 6548
463 445 570 507 987

1531 442 1933 508 (ECUMENII
1971 440 2266 504 TRICCE
2305 438 2649 501 EPISCOPI

3594 437 3692 499 {‘83

456 573 629 626 usque
662 556 729 612 ad
765 568 994 614 mortem
1024 558 1428 629 derelinquens.
1469 578 1486 612 ι
1515 559 1683 628 Quasi
1711 561 1981 616 dolentes.
2013 578 2029 610 i

2143 572 2235 626 χον
2267 554 2376 625 γὰρ
2409 555 2504 618 τὰς
2538 553 2794 608 ἁπάντων
2825 552 3175 624 ἀνεῳγμένας
3223 551 3423 613 οἰκίας,
3466 551 3701 612 ποιούσας

454 650 614 717 Apud
654 660 948 706 extraneos
990 652 1211 721 quidem
1248 663 1472 723 propter
1511 653 1601 707 illa
1639 668 1759 723 quae
1797 653 2038 722 patimur

454 739 641 797 dole're
666 745 1047 798 existimamur
1080 764 1094 801 :
1139 761 1354 816 semper
1385 753 1568 800 tamen
1598 755 1652 800 et
1682 746 1736 800 in
1779 743 2037 800 omnibus

455 834 714 888 continue
757 836 1082 904 gaudemus.
1125 836 1257 891 Vide
1283 846 1528 891 sanctam
1574 836 1727 890 Pauli
1767 835 2030 890 animam.

451 923 568 977 Non
590 926 768 979 solum
803 929 1133 983 tentationes
1159 927 1389 982 viriliter
1417 929 1646 991 ferebat,
1672 941 1860 982 verum
1878 925 2041 980 etiam

452 1020 509 1072 in
545 1017 680 1086 ipsis
709 1019 1003 1088 gaudebat,
1040 1020 1223 1075 sciens
1245 1020 1390 1090 quod
1415 1027 1634 1090 propter
1649 1018 1929 1074 Christum
1955 1016 2044 1070 illa

453 1116 754 1175 pateretur.
793 1129 812 1161 ‹
849 1109 1014 1175 Quasi
1041 1127 1330 1181 pauperes.
1364 1130 1382 1164 ι
1433 1109 1860 1166 Perduravimus
1887 1107 2045 1177 quasi

453 1201 683 1254 mendici
725 1221 740 1256 :

2143 648 2179 702 ὃ.
2205 647 2506 718 βούλονται.
2543 667 2560 699 ι
2608 647 2696 712 Ὠς
2729 647 2894 718 μηδὲν
2916 647 3149 716 ἔχοντες.
3187 665 3204 696 ι
3241 644 3408 697 Οὐδὲν
3451 645 3556 712 γὰρ
3583 644 3702 712 ἔχων

2143 743 2213 795 τὰ
2248 742 2467 796 πάντων
2512 737 2648 812 εἶχε.
2701 743 2780 812 Τῇ
2811 741 2918 812 γὰρ
2949 741 3253 810 οὐκουμένῃ
3302 739 3611 790 ἐπέταττεν.
3653 738 3703 788 ΕΞ

2145 833 2371 887 δυνατὸν
2401 832 2532 902 γὰρ,
2561 832 2717 901 φησὶ,
2758 833 2885 894 τοὺς
2913 830 3232 900 ὀφθαλμοὺς
3270 826 3623 896 ἐξορύξαντες
3652 825 3705 876 ἂν

2147 923 2385 978 ἐδώκατὲ
2441 941 2554 992 μοι.
2591 923 2712 977 Ἐνι
2740 923 2797 977 δὲ
2830 923 2923 976 καὶ
2963 922 3092 992 περὶ
3120 917 3511 990 πνευματικῶν
3552 915 3706 970 ταῦτα

2152 1015 2362 1085 νοῆσαι.
2410 1015 2468 1069 Ὁ
2506 1016 2615 1084 γὰρ
2659 1011 3238 1087 ἀπορῤήτωνάκούων
3289 1012 3575 1083 ῥημάτων,
3605 1009 3706 1071 πῶς

2153 1107 2275 1179 οὐχὶ
2301 1109 2520 1163 πάντων
2552 1108 2958 1180 πλουσιώτερος
2983 1105 3050 1179 ἦν
3077 1126 3092 1175 ;

788 1203 883 1257 sed
949 1204 1149 1257 multos
1190 1205 1508 1270 ditavimus,
1553 1211 1647 1258 aut
1725 1201 2108 1272 spiritualibus
2145 1200 2373 1266 divitiis,
2412 1210 2506 1256 ant
2535 1204 2698 1257 etiam
2741 1203 2999 1257 terrenis.
3039 1201 3320 1268 Siquidem
3348 1198 3591 1252 omnium
3631 1197 3709 1248 ha-

449 1291 652 1347 bebant
709 1303 924 1364 apertas
957 1295 1150 1351 domos
1184 1295 1301 1352 sive
1337 1295 1594 1360 familias,
1646 1286 1768 1366 qua:
1813 1293 2086 1349 faciebant
2118 1293 2385 1365 quidquid
2409 1295 2662 1365 juberent
2692 1296 2946 1366 apostoli.
2978 1315 2996 1348 ι
3026 1294 3194 1360 Quasi
3231 1293 3367 1348 nihil
3394 1291 3704 1344 habentem

447 1388 583 1442 Nam
615 1388 751 1442 nihil
814 1389 1046 1444 habebat
1077 1408 1089 1443 :
1125 1400 1391 1462 praecepta
1423 1391 1569 1447 enim
1619 1390 1736 1446 orbi
1768 1388 1952 1444 dabat.
1987 1388 2202 1444 Etenim
2230 1389 2276 1443 si
2305 1387 2445 1453 ﬁeri,
2478 1389 2674 1459 inquit,
2710 1390 3000 1460 potuisset,
3021 1389 3214 1444 oculos
3249 1398 3464 1440 vestros
3497 1381 3703 1438 (3305505

448 1481 744 1535 dedissetis
777 1481 929 1535 mihi.
961 1480 1109 1536 Licet
1134 1491 1317 1537 autem
1349 1491 1402 1538 et
1434 1482 1546 1537 haec
1573 1481 1641 1537 de
1693 1478 2078 1550 spiritualibus
2103 1478 2372 1549 accipere.
2403 1478 2508 1545 Qui
2540 1480 2686 1534 enim
2722 1495 2929 1536 arcana
2957 1479 3124 1536 verba
3147 1477 3399 1534 audierat
3432 1476 3482 1507 "
3505 1515 3520 1542 ,
3547 1490 3708 1531 annon

447 1573 696 1627 Omnium
725 1573 1030 1629 ditissimus
1061 1584 1176 1629 erat
1203 1577 1228 1629 ’ί

523 1663 613 1728 Vl,
664 1664 854 1719 M-lti.
897 1665 968 1720 0s
1009 1677 1247 1721 nostrum
1296 1678 1532 1736 apertum
1565 1675 1642 1722 est
1690 1684 1814 1738 erga
1855 1683 1966 1728 vos,
2004 1681 2034 1719 ο

450 1754 734 1819 Corinthii,
766 1772 857 1808 cor
900 1766 1136 1810 nostrum
1162 1759 1446 1813 dilatatam
1477 1769 1555 1813 est
1579 1775 1598 1813 :
1647 1776 1748 1813 non
1782 1762 1907 1814 estis
1939 1774 2036 1811 an-

2222 1662 2291 1719 Τὸ
2322 1667 2516 1735 στόμα
2545 1664 2714 1734 ήμῶν
2741 1664 2964 1736 ἀνέῳγε
2997 1665 3145 1734 πρὸς
3177 1663 3355 1734 ὑμᾶς,
3407 1664 3710 1730 Κορίνθια.

2143 1757 2182 1825 ἡ
2217 1757 2427 1826 καρδία
2450 1756 2620 1826 ἡμῶν
2654 1756 3090 1811 πεπλάτυνται.
3136 1759 3218 1810 Οὐ
3257 1758 3714 1824 στενοχωρεῖσθε

450 1849 593 1917 gusti
621 1849 673 1900 in
711 1848 881 1915 nobis,
916 1849 1006 1902 sed
1033 1852 1246 1920 angusti
1273 1851 1400 1905 estis
1436 1851 1487 1904 in
1523 1850 1802 1904 visceribus
1827 1850 2029 1904 vestris.

2141 1848 2214 1901 ἐν
2245 1849 2408 1918 ἡμῖν,
2449 1849 2921 1918 στενοχωρεῖσθε
2953 1849 3021 1902 δὲ
3065 1849 3134 1901 ἐν
3188 1847 3313 1913 τοῖς
3352 1848 3714 1916 σπλάγχνοις

449 1939 702 1993 Eamdem
731 1950 906 1995 autem
935 1945 1428 2008 remunerationem,
1454 1953 1510 1997 ut
1541 1943 1672 2012 ﬁliis
1701 1943 1818 1996 dico
1845 1959 1862 1996 :
1888 1942 2040 1996 Dila-

449 2033 630 2084 temim’
661 2042 709 2084 et
740 2050 848 2096 vos,
871 2050 932 2087 ne
961 2035 1232 2089 declinetis
1262 2036 1330 2089 ad
1370 2035 1690 2089 incredulos.
1721 2033 1874 2101 Quod
1901 2034 2038 2087 enim

446 2125 767 2176 consortium
789 2125 1020 2192 justitia:
1051 2143 1171 2180 cum
1203 2129 1520 2198 iniquitate?
1540 2137 1632 2181 aut
1659 2143 1776 2198 qua:
1805 2143 2040 2180 commu-

448 2215 535 2267 nio
569 2215 673 2268 luci
705 2216 774 2267 ad
805 2219 1048 2271 tenebras
1086 2221 1111 2272 Ρ
1151 2234 1241 2272 aut
1271 2237 1388 2288 qua:
1421 2219 1707 2274 concordia
1735 2219 1944 2274 Christo
1969 2217 2038 2270 ad

448 2306 622 2359 Belial
652 2308 676 2360 ?
725 2319 818 2361 aut
850 2326 964 2377 (μιαν
993 2328 1114 2378 pars
1154 2312 1300 2380 ﬁdeli
1344 2329 1462 2366 cum
1497 2311 1703 2380 infideli
1733 2313 1756 2365 ?
1795 2321 1885 2364 aut
1910 2311 2037 2382 quid

447 2401 682 2453 convenit
717 2403 907 2467 templo
944 2400 1038 2456 Dei
1066 2419 1184 2456 cum
1225 2405 1380 2459 idolis
1414 2409 1440 2462 7

514 2576 680 2648 644
717 2576 817 2632 Ubi
857 2580 1073 2647 propria
1104 2583 1376 2650 percurrit
1419 2589 1742 2656 certamina,
1785 2593 1931 2648 venit
1967 2595 2036 2650 ad

449 2684 757 2722 sermonem
789 2669 857 2722 de
895 2673 1330 2736 conversatione,
1379 2677 1612 2748 vittaque
1652 2684 1880 2738 ratione.
1915 2684 2036 2740 Pri-

449 2773 596 2811 mum
642 2766 822 2813 autem
857 2762 1053 2815 nititur
1092 2767 1422 2832 persuadere
1454 2771 1600 2840 quod
1641 2776 1878 2844 amplius
1914 2779 2036 2834 illos

445 2851 704 2918 diligens,
753 2853 938 2909 minus
995 2855 1276 2924 diligatur,
1321 2867 1375 2913 et
1423 2861 1538 2916 ait:
1607 2863 1728 2920 «Os
1783 2878 2033 2923 nostrum

445 2958 696 3011 apertum
736 2955 838 3000 est.
882 2967 899 2998 ι
940 2947 1051 3003 Hoc
1088 2963 1191 3012 est.
1240 2969 1348 3007 non
1381 2971 1672 3023 possumus
1709 2960 1871 3015 silere
1906 2979 2030 3033 erga

447 3046 567 3096 vos,
593 3043 811 3104 Semper
837 3037 989 3094 vobis
1023 3040 1165 3110 loqui
1198 3045 1449 3113 cupimus
1484 3065 1497 3101 :
1549 3050 1694 3118 quod
1730 3055 2032 3111 amantium

449 3127 732 3192 proprium
773 3137 876 3194 est,
919 3140 973 3184 et
1025 3133 1256 3202 ingenua
1292 3137 1539 3195 libertate
1575 3142 1936 3212 loquentium.
1961 3177 2034 3187 —-

2141 1940 2327 2010 ὑμῶν.
2362 1940 2480 2010 Τὴν
2507 1941 2575 1995 δὲ
2599 1945 2796 2009 αὐτὴν
2824 1941 3215 2010 ἀντιμισθίαν
3241 1940 3324 2006 ὡς
3355 1940 3590 2004 τέιινοις
3626 1941 3713 1991 .λέ-

2141 2052 2239 2104 τω,
2289 2035 2672 2102 πλατύνθητε
2702 2034 2798 2087 καί
2831 2032 3019 2102 ὑμεῖς,
3046 2031 3133 2102 μὴ
3170 2035 3417 2102 γίνεσθε
3468 2031 3714 2098 ἑτεροζυ-

2142 2125 2393 2194 γοῦντες
2421 2125 2724 2192 ἀπίστοις.
2762 2125 2824 2178 Τί
2853 2125 2962 2194 γὰρ
2977 2125 3206 2193 μετοχὴ
3238 2124 3602 2191 δικαιοσύνῃ
3628 2127 3710 2177 καί

2139 2217 2356 2286 ἀνομίᾳ
2385 2233 2403 2280 ;
2437 2219 2532 2284 Τίς
2567 2217 2634 2270 δὲ
2663 2218 2943 2272 κοινωνία
2972 2217 3117 2286 φωτί
3152 2217 3302 2284 πρὸς
3340 2219 3562 2282 σκότος
3586 2235 3604 2281 ;
3627 2216 3713 2282 Τίς

2139 2309 2208 2363 δὲ
2235 2308 2634 2378 συμφώνησις
2658 2309 2890 2378 Χριστῷ
2913 2311 3063 2378 πρὸς
3107 2310 3365 2376 Βε.1ίιιρ;
3388 2312 3466 2364 Ἦ
3495 2312 3584 2374 τίς
3625 2327 3711 2378 με·

2133 2402 2234 2471 ρίς
2265 2400 2459 2466 πιστῷ
2505 2401 2656 2472 μετὰ
2693 2404 3000 2467 ἀπίστου;
3033 2403 3124 2469 τίς
3152 2401 3222 2456 δὲ
3275 2402 3708 2472 συγκατάθεσις

2139 2493 2262 2559 ναῷ
2291 2494 2439 2547 Θεοῦ
2474 2495 2624 2563 μετὰ
2654 2494 2957 2560 είδὼλων;

2211 2586 2293 2639 Τά
2325 2586 2435 2640 τῶν
2461 2587 2606 2640 ἰδίων
2635 2585 2865 2656 ἀγώνων
2897 2585 3140 2651 διελθὼν,
3173 2588 3252 2651 είς
3302 2588 3397 2641 τὸν
3422 2590 3550 2656 περὶ
3579 2589 3707 2641 πολι-

2140 2675 2288 2742 τείας
2313 2677 2534 2749 ἔρχεται
2579 2678 2759 2745 λόγον.
2793 2679 3062 2750 Πρότερον
3107 2679 3163 2732 δὲ
3209 2681 3398 2732 πεῖσαι
3434 2679 3581 2732 Θέλει
3637 2681 3705 2733 ὅτι

2139 2769 2370 2838 ἀγαπῶν
2409 2772 2627 2834 αὐτοὺς,
2665 2770 2884 2824 ἔλαττον
2911 2773 3214 2835 ἀγαπᾶται,
3246 2772 3342 2826 καί
3377 2790 3512 2842 φησι
3545 2789 3558 2802 ·
3602 2790 3621 2822 ‹
3645 2773 3706 2823 Τδ

2140 2862 2312 2931 στόμα
2351 2863 2510 2932 ἡμῶν
2575 2855 2833 2932 ἀνέῳγεν,
2863 2881 2881 2915 ι
2931 2857 3063 2928 οἷον,
3109 2865 3184 2917 Οὐ
3238 2864 3525 2932 δυνάμεθα
3562 2866 3704 2934 σιγᾷν

2139 2953 2274 3024 πρὸς
2307 2953 2473 3023 ὑμᾶς,
2501 2953 2587 3006 ἀεὶ
2617 2953 2746 3022 ὑμῖν
2768 2953 3113 3020 διαλέγεσθαι
3141 2953 3392 3023 θέλομεν,
3415 2955 3553 3024 ὅπερ
3581 2955 3703 3020 ἀγα-

2144 3044 2371 3098 πώντων
2403 3045 2530 3098 ἴδιον
2564 3045 2657 3097 καὶ
2686 3045 2815 3098 ἄνευ
2846 3045 3146 3116 ὑποστολῆς
3173 3044 3482 3098 λαλούντων
3508 3047 3705 3100 -—'A.l-

2135 3139 2258 3200 .Iwc
2289 3134 2488 3206 [ΦΩΤ.]
2514 3135 2661 3187 ’Λντὶ
2679 3134 2794 3200 τοῦ,
2834 3135 3108 3206 Εὑπορίαν
3136 3137 3266 3206 ἡμῖν
3307 3138 3703 3206 παρεσχήκατε,

446 3213 568 3266 Alio
597 3219 774 3271 modo.
814 3217 928 3273 llnc
962 3230 1065 3287 est,
1116 3225 1428 3283 facultatem
1469 3240 1522 3285 et
1551 3235 1837 3290 audaciam
1873 3239 2029 3294 nobis

2139 3227 2233 3280 τοῦ
2281 3228 2522 3295 ἀνοίγειν
2556 3229 2693 3298 πρὸς
2733 3230 2879 3298 ὑμᾶς
2910 3228 2970 3282 τὸ
3001 3229 3195 3299 στδμα.
3233 3229 3408 3282 Ὅταν
3437 3228 3546 3299 γὰρ
3573 3230 3704 3300 ὁμέν

444 3305 736 3373 tribuistis,
793 3323 851 3365 ut
897 3330 959 3370 os
1004 3319 1144 3387 apud
1196 3335 1291 3376 vus
1334 3325 1698 3392 aperirenius.
1756 3328 2036 3400 Siquidem

444 3399 668 3464 quando
697 3403 968 3473 quispiam
1001 3406 1274 3465 ferventer
1305 3425 1472 3479 amat,
1500 3418 1589 3470 alii
1623 3435 1752 3474 vero
1781 3439 1887 3476 non
1918 3426 2038 3494 pari

445 3489 609 3544 modo
650 3495 954 3559 redamant,
990 3502 1337 3556 occasionem
1371 3521 1434 3559 ac
1473 3507 1787 3566 facultatem
1828 3489 2036 3568 amanti

445 3581 712 3647 prwbent,
744 3594 802 3639 ut
829 3589 1080 3655 pluribus
1103 3608 1256 3647 suam
1291 3611 1512 3652 causam
1537 3617 1662 3672 erga
1694 3605 1843 3672 ipsos
1869 3608 2038 3672 justi«

442 3668 565 3723 ﬁcet
592 3686 654 3725 ac
681 3676 876 3741 probet
908 3697 919 3730 :
953 3693 1201 3748 apertum
1233 3696 1338 3749 est,
1364 3687 1564 3758 inquit,
1596 3668 1946 3752 multitudine
1968 3715 2032 3754 ac

444 3761 493 3813 vi
508 3761 987 3828 justiﬁcationum.
1007 3771 1286 3845 Nobisque
1304 3787 1485 3836 tacere
1509 3785 1835 3853 videntibus,
1855 3793 2030 3860 ipsum

442 3857 648 3915 tamen,
679 3853 788 3909 illis
825 3857 974 3914 intus
1017 3862 1555 3926 subscaturientibus
1587 3888 1651 3929 ac
1691 3853 1906 3932 sursum
1944 3896 2033 3935 sa-

440 3941 718 4039 lientibus,
765 3961 1017 4018 apertum
1081 3965 1164 4011 est
1213 3977 1226 4012 :
1285 3971 1336 4015 et
1377 3962 1517 4018 labia
1573 3966 1641 4020 ad
1698 3968 2027 4039 loquendum

436 4035 616 4132 aperit
637 4050 702 4091 ac
737 4039 1022 4106 distendit,
1043 4048 1478 4118 etjustiﬁcantes
1509 4058 1748 4114 rationes
1769 4035 2030 4132 aggredi-

439 4134 549 4181 tur.
590 4125 937 4205 Deatnamus,
986 4139 1186 4210 inquit,
1223 4153 1276 4199 et
1309 4148 1493 4204 cordis
1531 4152 1769 4220 patimur
1813 4155 2028 4209 inﬂam-

435 4219 705 4317 mationes
741 4241 755 4278 :
786 4225 1080 4286 dilatamur
1111 4235 1277 4291 corde
1297 4249 1350 4292 et
1383 4219 1708 4309 gaudemus,
1745 4247 2026 4317 amorique

433 4310 750 4368 subdimur.
786 4317 894 4374 Vos
917 4332 1097 4377 autem
1126 4327 1273 4381 velut
1302 4335 1515 4401 angusti
1552 4336 1707 4392 estis.
1746 4337 1800 4391 Si
1829 4310 2024 4395 nos-in

433 4403 738 4464 visceribus
766 4415 960 4469 vestris
985 4423 1362 4489 susceperitis,
1396 4439 1502 4480 non
1538 4430 1888 4486 eontinebitis
1921 4448 2022 4489 nos

431 4493 486 4548 in
521 4499 652 4566 ipsis
685 4519 700 4567 ;
750 4505 846 4558 sed
878 4522 1056 4577 neque
1093 4525 1186 4566 vos
1225 4514 1495 4572 exhibetis
1531 4526 1791 4591 tanquam
1833 4539 2020 4578 remu-

430 4593 770 4648 nerationem
797 4597 1076 4666 explentes
1109 4617 1231 4657 cum
1273 4605 1355 4660 his
1392 4609 1485 4676 qui
1511 4625 1768 4680 tnagnnm
1807 4616 2015 4670 amoris

427 4679 679 4738 allectum
719 4702 848 4757 erga
881 4705 978 4744 vos
1001 4694 1267 4762 auspicati
1297 4708 1446 4764 sunt,
1485 4702 1579 4755 sed
1608 4679 1751 4770 quod
1793 4706 2014 4773 gravius

425 4781 530 4834 est,
565 4776 974 4835 incredulorum
1007 4799 1248 4840 amorem
1274 4792 1591 4859 praeponitis
1620 4794 1792 4846 amori
1825 4804 2016 4852 nostro

390 4863 397 4869 ’
427 4866 518 4932 qui
539 4883 633 4921 vos
655 4872 888 4940 amplius
916 4874 1353 4949 diligimus.Ego
1381 4886 1733 4939 autemvobis
1752 4895 2011 4956 tanquam

431 4956 550 5012 ﬁliis
578 4959 720 5026 dico,
752 4964 942 5020 saltem
976 4970 1123 5023 velut
1156 4973 1654 5030 remunerationem
1683 4992 1748 5030 ae
1783 4979 2018 5033 retribu-

428 5049 628 5104 tionem
669 5055 1016 5120 exhibentes,
1049 5059 1354 5119 dilatemini
1395 5076 1447 5122 et
1495 5083 1590 5122 vos
1640 5083 1705 5122 ac
1755 5071 2017 5138 suscipite

425 5156 548 5204 nos,
573 5144 714 5198 sicut
753 5154 808 5200 et
841 5162 943 5202 nos
974 5155 1322 5222 suscepimus
1351 5173 1447 5212 vos
1475 5159 1529 5212 in
1571 5159 1877 5217 visceribus
1912 5179 2017 5218 no-

426 5231 596 5284 stris:
630 5246 692 5286 ac
718 5234 924 5304 diligite
946 5239 1252 5297 eximentes
1284 5259 1381 5300 vos
1409 5248 1558 5316 ipsos
1589 5257 1644 5304 et
1677 5260 1928 5307 arcentes
1951 5255 2019 5309 ab

426 5333 616 5376 amore
641 5323 962 5392 inﬁdelium,
987 5334 1445 5396 quemadmodum
1467 5343 1788 5398 naturaliter
1811 5344 2020 5398 direm-

431 5418 519 5476 pta
550 5426 614 5466 ac
649 5426 900 5483 separata
935 5429 1061 5474 sunt
1091 5437 1120 5475 a
1154 5440 1214 5479 se
1250 5427 1482 5484 invicem
1520 5432 1656 5488 ﬁdes
1688 5436 1756 5490 ab
1787 5435 2017 5492 inﬁdeli-

431 5511 564 5568 tate,
592 5503 808 5572 justitia
838 5510 905 5563 ab
938 5511 1228 5582 injustitia,
1265 5519 1354 5572 lux
1396 5535 1426 5574 a
1464 5526 1727 5590 tenebris,
1762 5528 2014 5585 Christus

429 5593 498 5647 ab
527 5595 881 5689 Antichristo,
915 5603 1032 5674 ipse
1059 5604 1234 5664 ﬁdelis
1271 5611 1339 5666 ab
1373 5613 1597 5680 inﬁdeli,
1628 5620 1887 5689 templum
1914 5619 2010 5677 Dei

429 5695 458 5729 a
514 5686 716 5753 templo
767 5687 1058 5748 idolorum.
1117 5695 1174 5752 Si
1221 5701 1358 5758 estis
1403 5719 1535 5776 ergo
1562 5686 1814 5776 justiti—te,
1846 5711 2012 5781 lucis,

503 5863 548 5891 '“'
581 5862 619 5916 ll
655 5867 780 5924 Cur.
813 5887 906 5934 xtl,
941 5874 993 5926 ιι.

2143 3335 2226 3382 τις
2256 3320 2443 3391 ἀγαπᾷ
2463 3319 2766 3389 διαπύρως,
2790 3320 2839 3373 οί
2869 3319 2924 3373 δὲ
2942 3321 3041 3372 οὐκ
3069 3320 3466 3388 ἀνταγαπῶτιν
3497 3321 3702 3392 ὁμοίως,

2146 3409 2357 3462 πολλῶν
2384 3412 2772 3481 δικαιωμάτων
2805 3413 3066 3484 εὐπορίαν
3102 3413 3410 3484 παρέχουσι
3459 3414 3597 3483 πρὶς
3622 3413 3705 3466 αὖ·

2140 3504 2269 3567 τοὺς
2291 3503 2368 3575 τῷ
2399 3504 2703 3573 ἀγαπῶντι.
2739 3524 2756 3555 ι
2780 3506 3037 3575 Ἀνέῳγε,
3063 3507 3244 3576 ιφησί.
3271 3506 3362 3576 Τῷ
3396 3506 3507 3575 γὰρ
3535 3506 3704 3575 πλήθει

2139 3597 2230 3648 καὶ
2254 3599 2319 3666 τῇ
2355 3597 2500 3666 ίσχὺἳ
2525 3596 2634 3650 τῶν
2655 3598 3067 3668 δικαιωμάτων,
3100 3599 3195 3651 καὶ
3223 3598 3384 3669 ἡμῶν
3420 3601 3581 3670 σιγᾷν
3604 3599 3706 3651 s65-

2137 3687 2358 3754 λόντων,
2395 3689 2524 3741 αὐτὸ
2555 3689 2702 3758 ὅμως
2739 3689 2831 3742 ὑπ’
2855 3690 3035 3744 αὐτῶν
3060 3690 3270 3744 ἔνδοθεν
3305 3691 3704 3755 ἀναδλυζόντων

2137 3780 2230 3832 καὶ
2244 3780 2682 3852 ὑπερπηδώντων
2696 3782 2924 3853 ἀνέῳγε,
2943 3784 3036 3836 καλ⁵
3055 3785 3460 3838 ἀναπετάννυσι
3483 3785 3550 3836 τά
3570 3785 3702 3853 χείλη

2135 3873 2272 3942 πρὸς
2305 3872 2366 3925 τὸ
2412 3873 2610 3942 λέγειν.
2649 3874 2754 3927 Καὶ
2775 3873 2962 3927 λοιπὸν
2997 3875 3224 3944 ἄρχεται
3265 3877 3377 3928 τῶν
3416 3875 3704 3944 δικαιωμά-

2132 3975 2258 4011 των.
2297 3958 2800 4029 ’Υπεραγαπῶμεν,
2825 3961 3010 4028 φησὶν,
3041 3961 3134 4012 καὶ
3155 3961 3481 4030 ὲγκαρδίους
3501 3963 3703 4030 ἔχομεν,

2131 4049 2226 4100 καὶ
2264 4049 2668 4120 πλατυνόμεθα,
2701 4053 2797 4104 καὶ⁸
2835 4051 3096 4122 χαίρομεν
3143 4051 3382 4121 ἔχοντες,
3444 4054 3540 4106 καὶ
3569 4053 3703 4105 αὐτοὶ

2134 4139 2235 4208 τῆς
2259 4141 2480 4209 ἀγάπης
2503 4141 2806 4212 ἠρξάμεθα.
2839 4143 3032 4209 Ὑμεῖς
3063 4142 3120 4195 δὲ
3143 4141 3218 4202 ὡς
3266 4142 3700 4213 στενοχωρούμε-

2127 4247 2228 4282 νοι.
2261 4230 2384 4283 Ἐὶιν
2405 4231 2626 4301 δέξησθε
2657 4234 2802 4303 ἡμᾶς
2829 4233 2885 4284 ὲν
2912 4234 3026 4296 τοῖς
3049 4233 3382 4303 σπλάγχνοις
3408 4235 3586 4304 ὑμῶν,
3614 4233 3701 4285 οὐκ

2129 4320 2280 4391 ἔχετε
2307 4322 2455 4392 ἡμᾶς
2489 4325 2547 4376 ὲν
2581 4323 2782 4386 αὐτοῖς,
2809 4322 2922 4376 ἀλλ’
2947 4324 3054 4376 οὐδ’
3095 4325 3171 4387 ὼς
3208 4326 3559 4393 ἀντιμισθίαν
3582 4325 3700 4394 πλη-

2130 4409 2345 4480 ροῦντες
2374 4412 2509 4477 πρὶς
2557 4413 2686 4473 τοὺς
2724 4411 3112 4481 κατάρξαντος
3159 4414 3307 4481 ἡμᾶς
3346 4414 3448 4480 τῆς
3497 4414 3701 4481 ἀγάπης

2127 4503 2364 4573 στοργὴν
2394 4503 2794 4563 ἐπιδείκνυσθε.
2838 4503 2974 4556 ἀλλὰ
2996 4504 3173 4557 καὶτὸ
3214 4504 3544 4574 βαρύτερον,
3580 4507 3700 4575 μᾶλ-

2050 4581 2096 4637 D
2120 4590 2209 4644 λον
2228 4591 2335 4644 τῶν
2359 4592 2606 4645 ἀπίστων
2631 4591 2662 4661 ἢ
2695 4592 2792 4662 τὴν
2814 4593 2971 4661 ἡμῶν
3001 4593 3225 4662 ἀγάπην
3281 4594 3392 4646 τῶν
3433 4596 3698 4665 ὑπεραγα-

2124 4685 2354 4738 πώντων
2394 4685 2540 4753 ὑμᾶς
2594 4686 2947 4755 προκρίνετε.
2999 4685 3142 4754 Ἐγὼ
3178 4687 3233 4740 δὲ
3269 4688 3418 4756 λέγω
3459 4691 3588 4759 ὑμῖν
3630 4689 3696 4751 ὡς

2120 4777 2358 4840 τέκνοις,
2377 4777 2482 4828 κᾶν
2505 4765 2580 4840 ὥς
2601 4777 2951 4847 ἀντιμισθίαν
2977 4780 3073 4832 καὶ
3095 4780 3432 4850 ἀντάμειψιν
3454 4782 3698 4851 πληροῦν-

2119 4885 2235 4930 τες,
2265 4867 2642 4938 πλαντύνθητε
2692 4869 2788 4922 καὶ
2837 4871 3010 4935 αὐτοὶ,
3040 4872 3132 4925 καὶ
3183 4872 3412 4937 δέξασθε
3453 4877 3599 4944 ἡμᾶς
3631 4874 3695 4936 ὡς

2123 4961 2284 5030 ἡμεῖς
2305 4959 2448 5030 ὑμᾶς
2483 4962 2540 5012 ἐν
2572 4963 2685 5024 τοῖς
2730 4960 3062 5032 σπλάγχνοις
3099 4963 3257 5033 ἡμῶν
3284 5005 3298 5028 ,
3349 4967 3446 5017 καὶ
3496 4967 3696 5033 ἀγαπῆ-

2125 5069 2250 5105 σατε
2281 5055 2382 5120 τῆς
2410 5053 2519 5106 τῶν
2546 5053 2791 5108 ἀπίστων
2823 5056 3063 5126 στοργῆς
3106 5057 3336 5121 ἑαυτοὺς
3363 5059 3693 5128 ἐξαιροῦντες

2123 5146 2219 5199 καὶ
2247 5144 2686 5216 διατειχίζοντες,
2747 5145 2928 5208 καθὼς
2961 5147 3104 5200 κατά
3142 5147 3303 5216 φύσιν
3325 5148 3578 5220 διέστηκε
3610 5147 3690 5200 καὶ

2115 5237 2536 5306 διατετείχισται
2579 5237 2824 5307 ἀλλήλων
2868 5237 2902 5307 ἡ
2931 5239 3112 5299 πίστις
3145 5240 3237 5291 καὶ
3267 5239 3523 5295 ἀπιστία.
3563 5241 3592 5308 ἡ
3621 5238 3692 5290 δε-

2115 5328 2378 5392 καιοσύνη
2431 5328 2526 5380 καὶ
2578 5328 2786 5390 ἀδικία,
2818 5329 2876 5381 τὸ
2918 5327 3034 5396 φῶς
3089 5328 3316 5381 ἀπὸτοῦ
3381 5331 3622 5391 σκότους,
3664 5329 3688 5378 ὁ

2113 5419 2347 5490 Χριστὸς
2369 5419 2477 5472 ἀπὸ
2522 5419 2618 5472 τοῦ
2667 5420 3057 5489 ’Δντιχρίστου,
3092 5419 3256 5482 αὐτὸς
3285 5421 3313 5473 δ
3358 5421 3550 5482 mare;
3590 5419 3688 5472 ἀπὸ

2113 5512 2208 5564 τοῦ
2235 5512 2488 5576 ἀπίστου,
2529 5511 2557 5564 ὸ
2587 5511 2712 5574 ναὸς
2737 5511 2832 5564 τοῦ
2857 5511 2994 5564 Θεοῦ
3035 5512 3131 5564 καὶ
3180 5515 3208 5564 ὁ
3233 5513 3362 5576 ναὸς
3399 5514 3510 5567 τῶν
3548 5510 3689 5565 εἱδῶν

2117 5599 2246 5653 λων.
2280 5601 2343 5654 Εἰ
2373 5597 2466 5654 οὖν
2512 5601 2612 5670 τῆς
2650 5599 2999 5670 δικαιοσύνης
3025 5601 3170 5666 ἐστὲ,
3204 5601 3298 5655 τοῦ
3331 5604 3532 5672 φωτὸς,
3593 5600 3681 5654 τοῦ

2119 5694 2380 5766 Χριστοῦ,
2414 5695 2617 5762 πιστοὶ,
2655 5695 2780 5760 ναὸς
2829 5694 2989 5762 Θεοῦ,
3017 5695 3273 5768 διάστητε
3304 5698 3401 5751 καὶ
3429 5697 3687 5769 χωρίσθη·
