3906 6596
521 354 641 418 995

1572 340 1976 406 (ECUMENII
2007 341 2299 403 TRICCrE
2339 340 2687 403 EPISCOPI
3632 356 3711 422 99,-,

522 464 717 520 bemus
770 477 889 530 vos,
955 469 1065 518 etc.
1107 460 1261 519 Unde
1321 468 1504 516 autem
1557 458 1662 513 hoc
1702 455 1881 528 patet?
1908 454 1979 509 Ex
2017 455 2111 512 hoc

2224 454 2322 508 Ἐκ
2343 453 2439 508 τοῦ
2465 452 2960 526 θαρῤετνῦμτν,καὶ
2983 453 3583 530 παρῤησιάζεσθαιπρδς
3602 465 3722 537 ὖμις,

526 557 672 628 quod
715 555 871 611 vobis
914 554 1249 611 confidimus
1288 561 1342 609 et
1384 553 1554 607 libere
1592 552 1803 623 agimus
1836 564 1964 619 erga
1995 563 2113 603 vos.

525 648 632 705 Sed
669 658 724 703 et
767 648 874 704 hoc
906 648 1049 703 unde
1096 646 1453 702 manifestum
1500 646 1624 701 est?
1669 642 1835 715 649
1872 641 2114 706 Glorior,

526 740 728 811 inquit,
754 739 808 792 in
840 738 1015 795 vobis.
1035 735 1169 791 Nam
1204 737 1308 791 hoe
1338 733 1561 791 aliunde
1589 749 1698 789 non
1723 734 1983 804 gignitur,
2009 730 2115 787 nisi

526 845 594 886 ex
622 829 930 883 vehementi
987 827 1321 883 confidentia
1342 836 1397 882 et
1453 826 1770 882 securitate.
1808 823 1932 879 Ideo
1979 838 2118 894 quo-

527 935 634 989 que
667 920 743 971 ait
788 936 802 972 :
835 937 854 970 s
894 915 1157 987 lmplctus
1187 934 1308 973 sum
1341 916 1744 982 consolatione,
1774 933 1793 967 ι
1819 923 1872 971 et
1894 923 2112 971 caetera.

531 1028 549 1061 ι
585 1010 750 1064 Multa
774 1009 907 1064 mihi
930 1009 1192 1080 gloriatio
1213 1009 1280 1066 de
1302 1009 1479 1065 vobis.
1518 1029 1539 1063 ι
1567 1008 1691 1064 llaec
1718 1007 1937 1077 quidem
1970 1006 2116 1078 prio-

523 1101 680 1156 ribus
695 1116 820 1158 esse
841 1102 1093 1157 videntur
1110 1117 1233 1158 esse
1253 1101 1555 1163 contraria,
1583 1101 1677 1155 ubi
1708 1100 1830 1155 illos
1857 1098 2118 1154 condem-

523 1198 680 1249 navit
708 1202 971 1265 tanquam
1004 1194 1247 1265 indignis
1272 1193 1618 1249 adhaarentes
1649 1212 1662 1247 :
1718 1192 1812 1248 sed
1854 1191 1985 1245 nihil
2033 1200 2118 1247 est

522 1287 920 1357 repugnantia.
982 1286 1114 1342 Nam
1166 1288 1254 1342 bis
1302 1287 1487 1343 verbis
1534 1284 1724 1340 laudat
1773 1299 1895 1348 eos,
1968 1283 2112 1337 viam

522 1386 863 1447 praestruens
884 1393 995 1447 quo
1017 1377 1226 1433 utilitas
1253 1377 1743 1448 reprehensionqu
1764 1375 1923 1431 facile
1939 1376 2117 1431 susci-

521 1470 728 1541 piatur,
761 1484 885 1523 cum
919 1469 1024 1523 illa:
1061 1468 1131 1523 ab
1172 1477 1391 1523 amante
1420 1467 1742 1538 procedant.
1782 1469 1860 1522 Ac
1889 1467 1935 1522 si
1966 1465 2118 1523 dice-

528 1574 610 1615 ret
644 1559 803 1615 :Non
849 1561 997 1616 enim
1051 1560 1194 1631 quod
1227 1577 1324 1616 vos
1346 1559 1831 1616 condemnaverim
1894 1559 1988 1614 illa
2029 1560 2117 1614 di-

540 1651 591 1705 xi
626 1692 640 1717 ,
677 1652 838 1705 Absit
868 1653 882 1705 ι
918 1651 1014 1706 sed
1045 1659 1106 1705 ut
1157 1653 1441 1716 crcscatis,
1501 1652 1783 1721 magisque
1841 1651 2115 1721 proveha-

537 1742 668 1794 mini
702 1742 769 1796 ad
799 1744 1076 1796 virtutem.
1105 1771 1177 1782 ——
1209 1740 1332 1796 Alio
1351 1738 1525 1796 modo.
1565 1738 1903 1811 Objurgabat
1951 1743 2111 1811 prius

530 1847 626 1887 eos
677 1834 821 1903 quod
868 1833 937 1888 ad
969 1831 1284 1888 incredulos
1338 1849 1434 1904 per
1494 1832 1837 1888 dilectionem
1869 1834 2117 1888 declina-

529 1931 652 1977 rent
683 1942 698 1992 ;
732 1941 878 1980 nunc
909 1940 1038 1980 vero
1073 1925 1281 1992 laudat,
1313 1924 1460 1996 quod
1492 1940 1557 1980 ea
1591 1925 1659 1980 de
1685 1925 1887 1996 quibus
1931 1926 2115 1996 priore

526 2017 759 2085 epistola
798 2017 1209 2072 accusabantur
1243 2017 1497 2072 studiose
1545 2017 1944 2074 correxissent.
2000 2019 2117 2074 Hoc

528 2120 709 2160 autem
736 2106 930 2162 arbitri
957 2115 1041 2161 est
1089 2108 1411 2162 muneribus
1440 2122 1551 2162 non
1572 2109 1839 2178 corrupti,
1865 2117 1919 2163 et
1932 2116 2115 2163 errata

523 2198 954 2268 reprehendere,
981 2207 1036 2251 et
1082 2198 1302 2268 egregia
1343 2213 1512 2268 Opera
1550 2199 1886 2254 collaudare.
1950 2217 1970 2251 ι
2005 2199 2116 2253 lm-

526 2292 704 2361 pletus
730 2306 852 2346 sum
883 2292 1293 2347 consolatione.
1334 2310 1353 2343 ι
1391 2289 1641 2357 Quanam
1667 2292 1690 2346 ἳ
1736 2290 1875 2358 Quia
1897 2292 2026 2347 dum
2050 2307 2115 2347 ea

524 2385 592 2437 de
614 2381 819 2451 quibus
870 2397 968 2436 vos
1024 2381 1206 2451 ptiorc
1236 2383 1466 2452 epistola
1531 2398 1819 2453 argueram
1873 2386 2118 2440 correxi-

524 2472 648 2536 stis,
676 2470 812 2539 ipsis
832 2470 1094 2539 operibus
1129 2487 1214 2526 me
1250 2471 1610 2537 eonsolastis,
1649 2482 1708 2527 ut
1734 2473 1849 2543 jam
1883 2490 1991 2530 non
2013 2475 2116 2530 do-

523 2556 705 2624 leam;
743 2571 847 2611 nec
886 2557 941 2611 id
971 2557 1173 2623 solum,
1202 2559 1405 2629 inquit,
1436 2559 1534 2614 sed
1565 2568 1620 2615 et
1647 2562 1847 2631 gaudio
1889 2578 1976 2618 me
2014 2565 2115 2618 iui-

525 2648 737 2720 ptestis.
772 2647 921 2702 Adeo
958 2648 1113 2704 velox
1150 2659 1204 2703 et
1233 2649 1426 2704 efﬁcax
1482 2651 1627 2707 facta
1680 2660 1767 2707 est
1821 2657 2112 2709 correttio.

529 2743 601 2797 Et
644 2742 749 2799 hoc
786 2751 890 2807 est,
918 2742 1061 2812 quod
1088 2743 1165 2798 ait
1199 2759 1215 2802 ;
1266 2763 1285 2795 s
1321 2742 1684 2802 Vehementer
1735 2748 1953 2805 exundo
1984 2765 2118 2820 gau-

530 2835 649 2890 dio.
711 2852 730 2887 ι
796 2833 1030 2889 Tantum
1098 2843 1183 2891 est
1235 2837 1537 2905 gaudium,
1586 2839 1784 2910 inquit,
1848 2852 1909 2896 ut
1957 2845 2116 2901 nobis

526 2924 665 2980 satis
696 2923 866 2979 fuerit
918 2925 984 2978 ad
1018 2924 1298 2981 ferendam
1330 2942 1549 2984 omnem
1598 2929 1972 2987 amictiouem.

504 3020 517 3031 ‘
597 3014 707 3080 ιιι,
734 3016 851 3071 5-8.
878 3014 1089 3072 Etenim
1120 3033 1240 3072 cum
1269 3020 1589 3076 venissemus
1624 3021 1682 3075 in
1712 3021 2107 3090 Macedoniam,

2232 545 2390 600 Ἀλλᾶ
2416 546 2510 600 καὶ
2541 544 2702 599 τοῦτο
2723 543 2890 599 πόθεν
2917 544 3110 617 δῆλον;
3143 547 3463 620 Καυχῶμαι,
3489 556 3643 625 φησὶν,
3684 564 3721 615 ἐν

2218 640 2370 709 ὑμῖν.
2401 639 2574 693 Τοῦτο
2592 638 2702 710 γὰρ
2726 639 2951 693 ἄλλοθεν
2985 639 3046 692 οὐ
3099 639 3330 708 γίνεται,
3374 643 3407 716 ἢ
3447 646 3507 697 ἐκ
3535 649 3616 701 τοῦ
3638 651 3722 707 λίαν

2217 731 2536 786 πεποιθέναι
2568 732 2662 785 καὶ
2681 729 2925 803 θαρρεῖν.
2952 730 3046 783 Διὸ
3071 730 3164 785 καί
3189 750 3343 803 φησι,
3369 752 3388 785 ι
3417 736 3721 815 Πεπλήρωμαι

2216 825 2283 896 τῇ
2317 823 2689 895 παρακλήσει,
2738 841 2759 874 ι
2809 822 2906 876 καὶ
2952 822 3101 893 ἐξῆς.
3144 845 3161 876 ι
3195 825 3371 897 Πολλή
3428 845 3510 899 μοι
3567 834 3723 907 καύχη.

2220 934 2305 981 σις
2360 916 2499 985 ὑπὲρ
2565 917 2740 986 ὑμῶν.
2779 934 2798 968 ι
2858 915 3046 970 Ταῦτα
3096 917 3243 971 δοκεί
3309 919 3406 988 μὲν
3466 921 3562 975 τῶν
3614 928 3723 996 πρώ.

2217 1024 2325 1062 των
2347 1006 2569 1063 ἐναντία
2593 1007 2884 1078 ὑπάρχειν,
2922 1006 3053 1060 ἔνθα
3090 1008 3269 1061 αὐτῶν
3307 1011 3722 1083 κατεγίνωσκενὼς

2217 1100 2440 1164 ἀτόποις
2482 1100 2865 1170 κολλωμένων.
2935 1098 3075 1152 ’Δλλ’
3109 1100 3261 1153 οὐδὲν
3296 1102 3541 1157 ἐναντίον.
3583 1103 3630 1158 Ὀ
3648 1109 3721 1178 γὰρ

2217 1191 2306 1245 διὰ
2336 1191 2544 1246 τούτων
2566 1191 2812 1255 ἔπαινος,
2833 1192 2936 1262 τὴν
2964 1192 3072 1245 ἀπὸ
3109 1192 3216 1245 τῶν
3264 1191 3492 1264 ἐλέγχων
3519 1195 3720 1262 ὠφέλειαν

2219 1283 2623 1355 εὐπαράδεκτον
2664 1285 2830 1346 ποιεῖ,
2854 1283 2931 1347 ὼς
2959 1283 3068 1336 ἀπὸ
3123 1282 3405 1351 φιλοῦντος
3464 1283 3719 1355 λεγομένων,

2217 1374 2351 1428 ὡσεὶ
2385 1375 2538 1444 ἔλεγε
2566 1391 2581 1406 ·
2608 1375 2703 1445 Μὴ
2725 1375 2836 1445 γὰρ
2858 1374 2934 1439 ὡς
2969 1375 3334 1444 κατεγνωκὼς
3388 1375 3545 1445 ὑμῶν,
3588 1379 3719 1433 ἐκεῖνα

2217 1466 2445 1537 ἑλεγον;
2483 1467 2783 1538 Οὺμενοῦν.
2836 1467 2977 1521 Ἀλλ’
3018 1467 3104 1520 ἵνα
3132 1466 3364 1520 ὲπιδῶτε
3409 1469 3531 1537 πρὸς
3554 1472 3715 1543 ἀρετήν.

2220 1562 2559 1627 -Ἀλλωςκ
2578 1562 2846 1632 Ἐπετίμα
2869 1562 3161 1633 πρότερον,
3181 1563 3239 1614 ἐν
3263 1554 3344 1624 οἷς
3368 1562 3494 1632 πρὶς
3511 1564 3613 1624 τοὺς
3627 1566 3716 1618 ani-

2219 1670 2376 1718 στους
2405 1653 2497 1707 διὰ
2527 1653 2629 1725 τῆς
2658 1655 2880 1725 ἀγάπης
2908 1654 3220 1707 ἀπέκλινον.
3252 1654 3486 1706 Ἐπαινεί
3510 1654 3659 1721 δένιῖμι,
3680 1660 3717 1711 ἐν

2217 1744 2299 1810 οἷς
2328 1745 2398 1800 τὰ
2436 1746 2495 1800 ἐν
2519 1750 2586 1817 τῇ
2614 1747 2858 1817 προτέρα
2915 1749 3173 1816 ἐπιστολῇ
3212 1745 3551 1816 ἐπικληθέντα
3568 1749 3715 1812 αὐτοῖς,

2217 1839 2310 1893 διὰ
2361 1841 2601 1909 σπουδῆς
2645 1838 3048 1906 διωρθώσαντο.
3114 1840 3291 1894 Τοῦτο
3345 1841 3447 1909 γὰρ
3497 1841 3716 1894 suum

2216 1931 2516 2002 διαιτητοῦ,
2540 1932 2601 1985 τὸ
2616 1933 2712 1985 καὶ
2734 1930 2805 1985 τὰ
2828 1931 3201 2004 ἡμαρτημένα
3212 1931 3422 2002 ψέγειν,
3439 1932 3521 1986 καί
3546 1934 3602 1986 τὰ
3623 1952 3715 1988 κατ-

2215 2024 2520 2096 ωρθωμένα
2574 2027 2632 2078 ἐν
2676 2025 2884 2093 ἐπαίνῳ
2934 2024 3228 2078 ποιεῖσθαι.
3272 2043 3291 2075 ι
3326 2025 3714 2096 Πεπλήρωμιιτῇ

2217 2119 2593 2191 παρακλήσει.
2627 2137 2645 2172 ι
2690 2118 2867 2189 Ποίας
2912 2117 3036 2170 ’Ότι
3074 2117 3161 2186 ἐφ’
3193 2111 3278 2181 οἷς
3296 2116 3365 2170 τὰ
3392 2119 3444 2171 ἐν
3485 2119 3541 2187 τῇ
3578 2116 3714 2188 πρώτῃ

2217 2210 2499 2279 κατέγνων
2521 2209 2676 2281 ὑμῶν
2702 2209 2985 2280 ἐπιστολῇ,
3041 2208 3443 2279 διορθωθέντες,
3492 2208 3548 2261 δι’
3587 2208 3713 2260 αὐτῶν

2214 2305 2325 2358 τῶν
2350 2304 2530 2376 ἔργων
2557 2302 2974 2373 παρεκαλέσατέ
3005 2319 3073 2371 με
3103 2301 3165 2355 τὸ
3194 2300 3274 2373 μὴ
3328 2300 3601 2354 λυπεῖσθαι.
3638 2301 3710 2353 Καὶ

2216 2396 2278 2449 οὐ
2318 2396 2480 2467 μόνον
2509 2394 2690 2457 τοῦτο,
2740 2395 2927 2463 φησὶν,
2968 2392 3105 2447 ἀλλὰ
3130 2394 3228 2447 καὶ
3258 2393 3426 2463 χαρᾶς
3459 2409 3516 2462 με
3550 2390 3710 2458 ἐνετιλή-

2218 2505 2372 2553 σατε,
2395 2485 2567 2550 οὕτως
2589 2487 2622 2557 ἡ
2644 2486 2928 2557 διόρθωσις
2958 2485 3227 2557 σύντομος
3251 2485 3459 2554 ἐγένετο
3485 2483 3561 2537 καὶ
3588 2484 3706 2551 ἐναρ-

2216 2580 2339 2652 γής.
2376 2577 2548 2633 Τοῦτό
2568 2581 2738 2644 ἐστιν,
2767 2597 2786 2631 ι
2826 2578 3405 2650 ’Υπερπερισσεύομαι
3447 2579 3505 2648 τῇ
3544 2575 3701 2646 lapis

2217 2671 2330 2724 Καὶ
2363 2670 2597 2741 τοσαύτη
2625 2669 2763 2734 ἐστὶ,
2790 2669 2980 2739 φησὶν,
3003 2670 3037 2739 ἠ
3096 2670 3268 2740 χαρὰ,
3309 2669 3389 2721 ὅτι
3440 2666 3544 2720 ἀντὶ
3582 2665 3703 2734 nam;

2216 2761 2454 2830 ἡρκεσεν
2484 2762 2617 2831 ἡμῖν
2639 2760 2740 2830 τῆς
2777 2759 3029 2829 θλίψεως.

2287 3024 2398 3080 Καὶ
2426 3024 2535 3095 γὰρ
2575 3024 2878 3077 ἐλθόντων
2909 3020 3079 3092 ἡμῶν
3132 3023 3227 3087 εἷς
3262 3020 3610 3081 Μακεδονίαν,
3641 3021 3702 3072 οὐ·

524 3110 729 3163 nullam
752 3108 942 3163 [tabuit
976 3108 1354 3165 relaaatt'onem
1377 3128 1501 3166 caro
1524 3120 1728 3180 nostra,
1759 3112 1849 3168 sed
1896 3115 1953 3169 in
2001 3132 2111 3170 οιιι⁴

2219 3116 2433 3187 δεμὶαν
2460 3117 2732 3186 ἔσχηκεν
2786 3116 3001 3169 ἄνεσιν
3028 3116 3066 3185 ἡ
3095 3114 3258 3183 σὰρξ
3300 3111 3476 3182 ἡμῶν,
3508 3112 3616 3165 ἀλλ’
3659 3110 3702 3162 ἐν

524 3204 677 3259 nibus
734 3204 1121 3275 aﬂligebamur.
1194 3204 1352 3261 Foris
1414 3222 1625 3278 pugnas,
1689 3209 1836 3264 intus
1876 3211 2107 3266 timores.

539 3294 725 3350 Verum
754 3298 844 3367 qui
877 3298 1189 3352 consolatur
1236 3299 1487 3364 humiles,
1527 3302 1832 3356 consolatus
1870 3314 1948 3357 est
2014 3320 2111 3360 nos

528 3390 671 3445 Deus
701 3407 795 3465 per
846 3392 1127 3447 adventum
1164 3393 1272 3448 Titi
1302 3412 1322 3448 :
1353 3413 1455 3450 non
1487 3397 1663 3451 solum
1690 3410 1865 3454 autem
1902 3414 1993 3468 per
2011 3403 2104 3453 ad-

523 3492 731 3538 veutum
749 3484 934 3550 ipsius,
964 3500 1146 3539 verum
1170 3489 1336 3541 etiam
1362 3504 1455 3557 per
1498 3491 1911 3545 consolationem
1950 3508 2108 3563 quant

522 3580 613 3633 ille
638 3581 834 3647 arrepit
868 3580 931 3632 de
961 3579 1102 3633 vobis
1131 3595 1150 3642 ;
1182 3596 1305 3634 cum
1337 3586 1681 3637 annuntiaret
1706 3583 1857 3637 nobis
1880 3597 2109 3641 vestrum

524 3669 867 3732 desiderium,
889 3678 1119 3724 vestrum
1138 3671 1360 3736 luctum,
1391 3682 1624 3727 vestrum
1654 3689 1751 3743 pro
1784 3691 1866 3730 me
1894 3679 2065 3731 selum
2091 3694 2110 3735 :

529 3756 661 3811 adeo
687 3767 744 3810 ut
776 3757 945 3826 magis
967 3759 1183 3828 gavisus
1208 3761 1428 3829 fuerim.
1461 3760 1609 3817 Nam
1662 3765 1783 3819 licet
1832 3770 2109 3823 contrista-

525 3851 683 3905 verim
713 3867 797 3905 ros
828 3866 919 3919 per
945 3850 1242 3921 epistolam,
1280 3870 1385 3909 non
1411 3871 1493 3910 me
1551 3857 1787 3925 panitet,
1838 3859 2001 3914 etiam
2060 3864 2107 3916 si

526 3945 851 4014 paenituerit.

596 4036 799 4095 Deinde
859 4050 1050 4098 narrat
1109 4041 1480 4109 amictionem,
1524 4050 1578 4099 et
1630 4058 1885 4104 sermone
1930 4048 2107 4118 ipsam

524 4127 759 4192 extollit,
806 4145 919 4197 quo
974 4131 1156 4202 majus
1186 4132 1444 4187 ostendat
1485 4134 1747 4205 gaudium
1772 4145 1996 4208 propter
2025 4139 2109 4209 ip-

525 4234 617 4274 sos
653 4230 958 4292 acceptum,
988 4223 1134 4293 quod
1168 4233 1376 4280 tantam
1434 4227 1675 4296 potuerit
1706 4229 2007 4286 obscurare
2029 4230 2110 4285 af-

524 4308 824 4366 ﬂictioncm
857 4330 1018 4378 ;nam
1039 4318 1513 4386 perseveravimus
1539 4320 1737 4391 inquit.
1776 4339 1798 4374 s
1829 4322 1989 4378 Foris
2006 4338 2109 4393 pu-

527 4417 666 4472 gum.
710 4423 729 4456 s
759 4406 843 4460 Ab
870 4408 1190 4474 incredulis,
1227 4425 1370 4480 quos
1398 4410 1541 4466 solet
1575 4428 1774 4470 vocare
1824 4423 2105 4474 externos.

2219 3211 2397 3265 παντὶ
2430 3211 2790 3279 θλιϐόμενοι.
2812 3206 3075 3273 Ἕξωθεγ
3098 3207 3315 3277 μάχαι,
3339 3207 3538 3260 ἔσωθεν
3570 3202 3700 3271 φόϐοι.

2231 3301 2386 3356 Ἀλλ’
2418 3305 2450 3356 ὁ
2484 3299 2852 3369 παρακαλῶν
2872 3297 3017 3364 τοὺς
3038 3297 3364 3364 ταπεινοὺς
3385 3294 3701 3364 παρεκάλεσεν

2217 3394 2377 3464 ἡμᾶς
2406 3397 2439 3448 ό
2469 3394 2613 3460 Θεὸς
2648 3395 2719 3447 ἐν
2743 3392 2817 3460 τῇ
2854 3391 3161 3460 παρουσίᾳ
3193 3391 3469 3455 Τίτου,οὑ
3489 3388 3634 3457 μόνον·
3658 3384 3700 3435 δὲ

2217 3487 2289 3540 ἐν
2317 3485 2390 3554 τῇ
2423 3484 2725 3553 παροι·σίςι
2762 3483 3146 3546 abroad.in
3169 3483 3356 3538 καὶέν
3381 3481 3448 3549 τῇ
3476 3476 3698 3547 adpositi.

2217 3594 2313 3633 σει
2342 3572 2381 3649 ᾗ
2404 3576 2752 3645 παρεκλήθη
2789 3576 2882 3644 ἐφ’
2904 3574 3066 3644 ὑμῖν,
3095 3573 3477 3644 ἀναγγέλλων
3498 3568 3606 3639 ἡμῖν
3626 3566 3699 3632 τὴν

2215 3670 2384 3740 ὑμῶν
2409 3670 2792 3737 ἐπιπόθησιν,
2817 3667 2926 3721 τὸν
2972 3664 3138 3737 ὐμῶν
3163 3665 3440 3735 ὀδυίμὸν,
3469 3665 3553 3716 τὸν
3588 3656 3697 3727 ὑμῶν

2216 3761 2399 3832 ζῆλον
2428 3762 2579 3832 ὑπὲρ
2615 3762 2783 3835 ἐμοῦ.
2814 3762 3006 3816 Ὥστε-ι
3022 3758 3268 3830 μᾶλλον
3292 3756 3540 3828 χαρῆναι,
3568 3753 3631 3806 ὅτι
3664 3750 3697 3802 ιι

2215 3854 2314 3910 καί
2341 3854 2628 3923 ἐλύπησα
2659 3852 2816 3923 ὑμᾶς
2843 3852 2914 3906 ἐν
2948 3852 3022 3922 τῇ
3043 3851 3365 3920 ἐπιστολῇ,
3416 3852 3481 3904 οὐ
3515 3845 3695 3918 ιιεταμέν

2213 3950 2393 4015 λομαι
2422 3948 2475 4000 sl
2496 3946 2594 3998 καὶ
2616 3946 3049 4016 μετεμελόμην.
3092 3996 3104 4006 ,

2285 4033 2424 4092 Εἶτα
2448 4037 2721 4107 διηγεῖται
2749 4036 2849 4107 τὴν
2875 4035 3074 4105 θλίψιν,
3123 4037 3221 4089 καὶ
3248 4035 3449 4106 ἐπαίρει
3486 4031 3616 4100 αὐτὴν
3644 4027 3691 4095 τῷ

2213 4130 2379 4201 λόγῳ,
2407 4130 2497 4184 ἵνα
2526 4130 2627 4200 τὴν
2670 4129 2738 4183 δι’
2763 4129 2959 4192 αὐτοὺς
3012 4127 3188 4200 χαρὰν
3246 4126 3458 4198 μείζονα
3497 4121 3609 4192 δείξῃ
3643 4120 3692 4180 ὡς

2217 4217 2514 4289 ἱσχύσασαν
2550 4216 2820 4289 τοσαύτην
2870 4216 3050 4286 θλίψιν
3100 4215 3445 4287 ἀμαυρῶσαι,
3474 4213 3521 4277 ἐξ
3554 4207 3609 4264 ὧν
3641 4206 3691 4259 δι-

2216 4310 2569 4382 ετελέσαμεν.
2602 4327 2622 4360 ι
2656 4309 2894 4376 Ἔξωοεν
2930 4309 3122 4379 μάχαι.
3155 4327 3174 4360 ι
3198 4307 3359 4378 Παρὰ
3380 4306 3477 4360 τῶν
3504 4303 3689 4362 ἀπίστων,

2213 4402 2306 4466 οὓς
2338 4402 2538 4468 ἔξωθεν
2560 4400 2750 4455 καλεῖν
2800 4400 3014 4455 εἴωθεν.
3044 4418 3063 4451 ι
3102 4400 3350 4455 Ἔσωθεν
3400 4398 3588 4470 φόϐοι.»
3627 4392 3689 4445 Διὶ

524 4495 691 4568 650
726 4517 745 4550 ι
783 4496 936 4554 Intus
968 4501 1219 4570 timores,
1260 4521 1280 4554 ›
1318 4512 1538 4575 propter
1574 4505 1863 4563 credentes
1906 4524 1976 4566 ne
2001 4522 2109 4576 quo

2216 4495 2340 4558 τοὺς
2367 4494 2615 4556 πιστοὺς,
2652 4493 2725 4563 μή
2764 4508 2881 4556 πως
2907 4492 3022 4555 τοῖς
3069 4494 3390 4563 πειρασμοῖς
3435 4482 3690 4561 μαλακισθῶ-

526 4590 688 4644 modo
758 4592 1160 4649 tentationibus
1230 4573 1612 4652 enrollescant.
1682 4616 1702 4650 s
1757 4598 1955 4655 Verum
2011 4573 2106 4672 qui

2216 4604 2318 4642 σιν.
2348 4604 2366 4637 ι
2420 4585 2560 4640 Ἀλλ’
2584 4587 2614 4639 δ
2640 4584 2980 4656 παρακαλῶν
3009 4584 3141 4649 τοὺς
3183 4583 3475 4646 ταπεινούς.
3501 4601 3517 4633 ι
3544 4580 3615 4640 Τίς
3648 4573 3685 4627 δὲ

526 4682 852 4737 consolatur
884 4683 1139 4740 humiles.
1177 4704 1196 4739 ι
1232 4685 1370 4752 Quis
1399 4697 1485 4742 est
1516 4698 1699 4743 autem
1736 4690 1827 4759 qui
1868 4668 2107 4750 humiles

2216 4680 2237 4732 δ
2266 4677 2602 4750 παρακαλῶν
2622 4679 2750 4741 τοὺς
2778 4678 3072 4742 ταπεινοὺς
3090 4678 3189 4731 καὶ
3208 4680 3265 4731 ἐν
3285 4676 3559 4749 ἀνθρώποις
3574 4668 3687 4737 i601;-

524 4774 869 4836 consolatur,
911 4780 966 4827 et
993 4788 1089 4830 eos
1124 4774 1218 4843 qui
1267 4777 1412 4829 inter
1451 4776 1706 4833 homines
1764 4780 1970 4834 nullum
2008 4786 2105 4836 ba-

525 4859 655 4915 bent
682 4863 955 4916 auxilium
982 4864 1009 4917 .9
1042 4882 1061 4914 ι
1094 4862 1236 4920 Deus
1264 4865 1518 4921 videlicet
1553 4883 1568 4921 :
1603 4866 1694 4923 hic
1728 4884 1828 4925 nos
1850 4872 2106 4927 consola«

526 4960 619 5007 tus
667 4965 770 5018 eat,
800 4955 998 5024 inquit,
1032 4970 1127 5025 per
1158 4955 1454 5011 adventum
1482 4954 1613 5013 Titi.
1657 4977 1678 5011 ι
1715 4957 1969 5031 Magnum
2005 4963 2108 5018 ali-

530 5040 662 5107 quid
692 5057 817 5098 esse
868 5045 1014 5098 ducit
1053 5046 1200 5100 illius
1263 5045 1581 5102 adventum.
1641 5046 1767 5104 Vult
1820 5054 1961 5106 enim
2004 5054 2108 5111 [ide

530 5131 755 5201 dignum
801 5134 944 5203 apud
973 5134 1095 5191 illos
1120 5146 1175 5191 et
1218 5137 1457 5194 amicum
1486 5139 1569 5195 eis
1615 5141 1845 5198 reddere
1906 5144 2106 5203 virum.

536 5242 554 5278 s
587 5223 705 5280 Non
736 5226 916 5280 solum
961 5237 1145 5282 autem
1195 5244 1292 5298 per
1338 5230 1631 5287 adventum
1692 5234 1887 5304 ipsius.
1927 5254 1947 5289 ι
1984 5234 2107 5293 Non

526 5317 729 5382 solum,
754 5316 953 5386 inquit,
978 5318 1126 5374 illius
1159 5321 1434 5377 adventus
1469 5322 1572 5379 fuit
1598 5325 1732 5380 mihi
1765 5342 1940 5383 causa
1967 5329 2108 5385 lasti-

527 5408 653 5475 tiae;
688 5422 876 5461 verum
905 5408 1073 5464 etiam
1107 5411 1256 5481 quod
1299 5412 1420 5483 ipse
1473 5414 1912 5472 consolationem
1950 5433 2110 5477 acce-

524 5499 671 5570 perit
701 5509 756 5555 ct
785 5500 1132 5559 exhilaratus
1158 5503 1324 5561 fuerit
1371 5520 1401 5560 a
1436 5507 1617 5562 vobis.
1653 5507 1927 5573 Quoniam
1962 5512 2108 5567 enim

526 5592 807 5651 emendati
842 5593 1098 5663 fueratis,
1125 5603 1180 5651 et
1233 5597 1355 5667 ipse
1405 5613 1504 5668 per
1551 5600 1723 5655 vestri
1776 5602 2113 5660 immutatio-

527 5699 653 5742 nem
687 5687 1125 5744 consolationem
1152 5690 1388 5759 accepit,
1420 5699 1479 5745 et
1510 5705 1610 5748 nos
1640 5706 1750 5748 una
1774 5697 2111 5752 consolatio-

528 5789 653 5833 nem
683 5779 1018 5850 acccpimus.
1049 5778 1215 5837 Vides
1244 5795 1409 5851 quam
1436 5779 1762 5841 familiarem
1797 5795 1850 5843 et
1871 5787 2108 5844 amicum

2211 4771 2438 4841 θήτουςς
2482 4791 2500 4822 ι
2531 4771 2592 4823 ’0
2640 4768 2794 4834 Θεὸς,
2838 4789 2860 4822 s
2890 4769 3092 4840 δηλαδή
3130 4785 3143 4799 ’
3182 4764 3337 4834 οὗτος
3383 4768 3529 4839 ἡμᾶς,
3573 4762 3683 4832 φησὶ,

2211 4862 2554 4934 παρεκάλεσε
2604 4860 2690 4914 διὰ
2763 4861 2866 4931 τῆς
2923 4861 3223 4931 παφυσὶας
3279 4861 3447 4913 Τίτου.
3499 4852 3617 4920 Μέγα
3654 4864 3685 4899 τι

2212 4957 2447 5008 ποιεῖται
2473 4959 2570 5024 τὴν
2603 4952 2909 5020 παρουσίαν
2940 4952 3126 5006 αὐτοῦ.
3176 4953 3421 5005 Βούλεται
3468 4951 3554 5016 γὰρ
3585 4938 3682 5005 diti-

2216 5061 2409 5099 πιστον
2473 5045 2658 5108 αὐτοῖς
2699 5043 2797 5099 καὶ
2852 5043 3005 5113 φίλον
3064 5047 3394 5115 καταστῆσαι
3438 5043 3513 5095 τὸν
3553 5036 3679 5102 ἄνδρα»

2217 5156 2236 5190 ι
2264 5137 2340 5190 Οὐ
2378 5136 2539 5206 μόνον
2576 5136 2633 5190 δὲ
2665 5138 2722 5189 ὲν
2769 5138 2836 5206 τῇ
2875 5137 3147 5208 παρουσίᾳ
3175 5135 3357 5191 αὐτοῦ.
3397 5133 3505 5187 »υῦ
3543 5128 3676 5198 μάντιν.

2213 5230 2421 5300 φησὶν,
2514 5232 2546 5302 ἡ
2631 5229 2910 5302 παρουσία
2977 5229 3144 5283 αὑτοῦ
3223 5228 3433 5298 ἐποίησέ
3492 5239 3562 5295 μοι
3618 5217 3680 5283 ii.‘

2213 5320 2572 5393 εὐφροσύνην,
2628 5323 2767 5375 ἀλλὰ
2825 5324 2919 5377 καὶ
2966 5321 3407 5394 παρακεκλῆσθαι
3459 5314 3585 5370 αὐτὸν
3622 5307 3682 5361 κει

2211 5414 2523 5487 ηὐφράνθαι
2558 5416 2692 5485 παρ’
2742 5415 2919 5487 ὑμῶν.
2976 5414 3196 5488 Ἐπειδὴ
3259 5415 3361 5485 γὰρ
3408 5403 3680 5478 διωρθῶθτ.τεν

2210 5515 2375 5579 αὐτός
2425 5533 2486 5570 τε
2516 5516 2609 5569 ἐπὶ
2650 5518 2717 5588 τῇ
2773 5516 2928 5589 ὑμῶν
2970 5518 3240 5590 μεταϐολῇ
3297 5510 3587 5587 παρεκλήθη,
3621 5499 3683 5554 καὶ

2211 5607 2375 5677 ἡμεῖς
2403 5608 2965 5681 συμπαρεκλήθημεν.
3006 5610 3170 5684 Ὁρᾷς
3200 5612 3314 5673 πῶς
3348 5607 3509 5666 αὐτοῖς
3549 5593 3681 5652 οἰκειοί

2213 5697 2306 5753 τὸν
2330 5699 2490 5755 Τῖτον
2518 5719 2533 5767 ὅ
2569 5697 2736 5767 Οὗτος
2759 5698 2828 5774 ἦν
2852 5704 2880 5756 ὁ
2911 5702 3182 5776 πεμφθεὶς
3224 5704 3353 5775 πρὸς
3377 5696 3557 5757 αὐτοὺς,
3589 5685 3680 5761 μετὲ

2215 5790 2314 5861 τῆς
2354 5790 2578 5863 πρώτης
2600 5794 2912 5865 ἐπιστολῆς,
2952 5813 2970 5846 ι
3012 5789 3089 5866 τῌ
3120 5791 3420 5867 παρεκλήθη
3446 5788 3515 5857 ἐφ’
3537 5783 3677 5853 ὑμῖν.)
