3906 6548
162 342 276 406 937

1077 296 1460 398 cos-mam.
1489 337 1569 397 [Ν
1609 333 1846 396 EPIST.
1882 337 1939 396 II
1981 337 2084 396 AD
2121 335 2480 398 CORINTH.

3333 332 3437 399 998

161 457 244 509 Οὐ
265 454 442 522 λέγει,
468 449 604 520 Παρ“
639 448 812 520 ὑμῶν,
844 447 986 514 ἀλλ’,
1021 465 1038 499 ι
1087 449 1202 517 Ἐφ’
1246 448 1397 518 ὑμῖν.
1431 467 1450 500 ι
1511 447 1633 501 Ἐπὶ
1690 449 1747 518 τῇ

1865 446 2052 502 reddat
2086 446 2194 501 illis
2221 445 2449 501 Titum?
2499 443 2601 500 llic
2641 443 2710 500 ad
2737 457 2832 500 cos
2866 443 3069 501 missus
3101 443 3281 502 fuerat
3307 463 3433 505 cum

162 546 325 618 ὑμῶν
376 544 506 614 γὰρ,
543 543 697 612 φησὶ,
735 541 1003 613 μεταϐολῇ
1037 541 1134 613 τὴν
1164 541 1512 610 παράκλησιν
1572 540 1748 612 ἔσχεν.

167 657 189 688 ι
237 634 616 704 Ἀναγγέλλων
649 635 784 702 ἡμῖν
817 633 916 704 τὴν
939 631 1093 703 ὑμῶν
1125 633 1473 702 ἐπιπόθησιν.
1499 629 1630 685 Εἶτα
1660 633 1754 685 καὶ

159 725 333 796 αὐτὴν
381 724 472 795 τὴν
497 722 845 792 παράκλησιν
875 721 1044 789 λέγει.
1082 719 1368 792 ιΕύφρανε
1405 718 1537 790 γὰρ,
1565 718 1751 788 φησὶν,

160 819 341 888 ἡμᾶς,
372 815 732 883 ἀναγγέλλων
761 816 896 884 ἡμῖν
945 812 1043 883 τὴν
1085 812 1238 883 ὑμῶν
1270 811 1617 880 ἐπιπόθησιν,
1647 813 1749 873 ὅτι,

159 912 358 981 φησιν,
392 906 639 961 ἐποθεῖτέ
668 925 736 976 με
763 908 912 959 ἰδεῖν.
950 921 969 956 ι
1003 905 1106 958 Τὸν
1140 905 1294 975 ὑμῶν
1320 904 1577 975 ὀδυρμόν.
1605 923 1621 955 ι
1641 901 1754 957 Οὐκ

159 1000 490 1072 ἐδακρύετε,
525 999 712 1067 φησιν.
748 996 1152 1066 ἁλλ’ὠδύρεσθε
1178 995 1272 1048 ἐπὶ
1327 998 1394 1066 τῇ
1440 995 1753 1065 ἐπιτιμήσει

162 1112 271 1163 μου
305 1096 370 1163 τῇ
398 1095 455 1144 ἐν
481 1095 545 1160 τῇ
583 1089 772 1161 πρώτῃ
801 1089 1086 1159 ἐπιστολῇ.
1122 1108 1140 1141 ι
1179 1089 1283 1143 Τὸν
1324 1087 1481 1158 ὑμῶν
1508 1088 1672 1157 ζῆλον
1727 1107 1746 1140 ι

158 1186 278 1238 Οὐκ
321 1179 475 1236 εἶπεν
493 1180 686 1251 ὀργὴν,
723 1180 838 1234 ἀλλ’
867 1180 892 1234 3
924 1179 1086 1233 πλέον
1114 1174 1204 1250 ἦν,
1241 1178 1422 1248 ζῆλον,
1475 1177 1660 1247 φησιν,
1693 1176 1752 1230 ὃν

155 1274 477 1344 ὠργίσθητε
497 1271 574 1342 τῷ
623 1270 1050 1342 πεπορνευκότι,
1101 1271 1196 1323 καὶ
1238 1271 1352 1332 τοῖς
1402 1269 1752 1340 διασύρουσιν

155 1368 313 1437 ἡμᾶς
338 1364 818 1435 ψευδαποστόλοις.
854 1380 872 1413 ι
905 1363 1073 1416 Ὥστε
1109 1378 1176 1432 με
1201 1359 1404 1431 μᾶλλον
1425 1359 1684 1432 χαρῆναι.
1725 1377 1744 1411 ι

155 1461 276 1511 Οὐκ
300 1457 638 1527 ἐλυπούμην,
676 1456 864 1525 φησὶν,
895 1456 984 1508 διὰ
1010 1455 1110 1519 τὰς
1134 1455 1439 1527 εἰρημένας
1487 1471 1591 1524 μου
1641 1452 1752 1505 θλί-

151 1552 306 1622 ψεις.
341 1581 408 1592 -
434 1553 691 1615 Ἄλλως.
720 1547 919 1621 [ΦΩΤ.]
946 1548 1103 1610 Τίνος
1137 1548 1337 1618 μᾶλλον
1370 1545 1604 1618 χαρῆναι
1637 1562 1653 1612 ;
1680 1547 1749 1598 Ἣ

152 1647 260 1716 τῆς
291 1645 472 1714 λύπης
493 1645 692 1714 μᾶλλον
724 1645 981 1712 χαρῆναι,
1005 1643 1070 1712 ἣν
1103 1642 1345 1712 ὑπέστην
1379 1642 1437 1694 ἐν
1458 1642 1569 1703 τοῖς
1601 1639 1750 1710 είρηο

159 1741 350 1812 μένοις
372 1740 702 1810 πειρασμοῖς
734 1737 827 1790 καὶ
869 1735 1278 1806 στενοχωρίαις.
1321 1734 1393 1787 Ἦ
1429 1735 1528 1804 τῆς
1572 1731 1748 1801 λύπης

1856 538 2038 608 priore
2087 537 2346 608 epistola.
2389 555 2408 589 ι
2453 534 2904 592 Consolationem
2953 549 3118 604 quam
3151 536 3242 592 ille
3275 553 3436 594 acce-

1857 632 1936 701 pit
1986 630 2054 686 de
2084 631 2261 686 vobis.
2302 648 2319 682 ι
2358 629 2478 686 Non
2510 628 2664 694 dicit,
2715 626 2948 692 avobis,
2981 629 3078 685 sed
3112 645 3126 683 :
3171 647 3190 683 ι
3236 628 3314 685 De
3340 646 3437 685 vo-

1854 723 1981 790 bis;
2032 741 2052 775 ›
2087 722 2154 778 de
2178 731 2384 788 vestra,
2415 723 2615 793 inquit,
2665 724 3050 778 immutatione
3097 724 3434 778 consolatio-

1855 828 1978 868 nem
2035 813 2247 868 habuit.
2304 813 2489 870 (Cum
2555 815 2908 870 annuntiaret
2975 815 3137 871 nobis
3189 826 3433 871 vestrum

1855 905 2216 963 desiderium.
2238 937 2310 948 ——
2339 925 2358 958 ι
2397 905 2607 964 Deinde
2663 908 2840 979 ipsam
2883 923 3105 980 quoque
3134 910 3268 965 dicit
3296 924 3432 964 con-

1856 999 2208 1054 solationem.
2249 1016 2270 1050 ›
2332 999 2630 1057 oblectavit
2669 1016 2792 1068 nos,
2852 1002 3052 1072 inquit,
3095 1003 3434 1056 annuntians

1856 1091 2016 1146 nobis
2050 1099 2291 1146 vestrum
2317 1090 2674 1159 desiderium,
2703 1093 2847 1164 quod
2885 1109 2970 1149 me
2991 1094 3178 1150 videre
3211 1093 3424 1150 deside:

1854 1183 2071 1237 raretis.
2100 1199 2118 1234 ι
2151 1180 2402 1237 Vestrum
2425 1183 2659 1238 luctum.
2694 1203 2712 1236 ι
2746 1183 2862 1239 Νοη
2885 1185 3204 1254 plorabatis,
3225 1187 3430 1256 inquit,

1855 1273 1951 1329 sed
1979 1288 2164 1328 amare
2198 1273 2471 1344 lugebatis
2504 1274 2574 1329 ob
2617 1290 2794 1330 meam
2829 1275 3267 1348 objurgationem
3300 1292 3433 1346 qua:

1853 1365 2001 1420 facta
2055 1373 2138 1422 εει
2183 1381 2280 1438 per
2330 1366 2570 1437 priorem
2627 1367 2932 1436 epistolam.
2976 1388 2994 1421 ι
3027 1367 3284 1425 Vestrum
3331 1385 3430 1441 pro

1855 1471 1942 1511 me
1980 1456 2208 1512 zelum.»
2247 1455 2366 1512 Non
2401 1456 2561 1524 dixit,
2596 1455 2760 1526 Iram,
2788 1459 2881 1512 scd
2913 1459 3060 1528 quod
3121 1461 3244 1530 plus
3291 1472 3428 1527 erat,

1855 1547 2043 1604 Zelum
2105 1549 2305 1619 inquit,
2357 1564 2465 1619 quo
2521 1550 2601 1603 ira
2659 1551 2876 1606 accensi
2921 1550 3112 1607 fuistis
3170 1553 3433 1608 adversus

1853 1650 2213 1698 scortatoretn
2235 1651 2295 1709 et
2327 1641 2817 1714 pseudoapostolos
2842 1644 2932 1713 qui
2965 1645 3126 1701 nobis
3170 1646 3434 1701 detrahe-

1853 1734 2006 1789 bant.
2046 1753 2065 1786 ι
2102 1734 2251 1789 Adeo
2311 1745 2369 1790 ut
2411 1735 2586 1804 magis
2640 1737 2863 1805 gavisus
2908 1736 3128 1792 fuerim.
3170 1757 3188 1789 ι
3219 1736 3290 1792 Ut
3319 1753 3430 1792 non

153 1799 226 1898 ἦν
254 1799 522 1898 ὑπέστην,
551 1799 692 1879 διότι
719 1826 966 1895 ἐλύπησα
1023 1799 1168 1894 ῦμϐις
1227 1825 1285 1877 ἐν
1343 1825 1410 1894 τῇ
1468 1799 1747 1892 ἐπιστολῇ.

1854 1826 2117 1897 lugerem,
2151 1828 2355 1898 inquit,
2406 1829 2477 1885 ob
2531 1829 2710 1885 dictas
2748 1845 2901 1887 meas
2964 1830 3309 1888 atllictioncs.
3361 1862 3434 1872 -

155 1918 508 1987 Οξκειότερον
531 1918 586 1971 δὲ
615 1917 678 1970 τὸ
707 1916 981 1986 δεύτερον.
1019 1916 1162 1985 Πρὸς
1178 1915 1338 1970 τοῦτο
1380 1915 1491 1986 γὰρ
1547 1913 1750 1985 μᾶλλον

158 2011 258 2063 καὶ
282 2011 336 2063 οἱ
358 2011 487 2080 ἑξῆς
506 2009 842 2080 ἀρμόζουσιν
867 2009 1038 2077 λόγοι.
1065 2008 1301 2062 Δυνατὸν
1329 2007 1387 2060 δέ
1406 2008 1500 2060 καὶ
1527 2024 1749 2078 παναμ-

1847 1918 1968 1973 Alio
1995 1921 2168 1974 modo.
2201 1919 2372 1990 Cujus
2396 1921 2804 1991 comparatione
2834 1922 2966 1976 dicit
2993 1937 3054 1977 se
3079 1923 3252 1992 magis
3282 1923 3433 1994 gat-i-

1848 2026 1972 2066 sum
2007 2011 2224 2066 fuisse?
2251 2012 2359 2066 Aut
2387 2013 2560 2082 magis
2596 2014 2824 2084 gavisus
2852 2029 2998 2076 sum,
3029 2014 3232 2080 inquit,
3265 2029 3430 2084 quam

156 2106 394 2174 φότερα.
420 2102 588 2172 Φησὶν
617 2096 729 2164 οὖν,
767 2101 850 2155 ὃτι
886 2099 1094 2172 ἡχαρὰ
1153 2100 1314 2153 πλέον
1375 2097 1673 2170 ηὕφρανεν,
1711 2099 1744 2169 ἢ

1854 2103 2012 2158 fuerit
2034 2103 2266 2159 tristitia
2301 2119 2465 2173 quam
2496 2106 2734 2161 sustinui
2777 2106 2834 2160 in
2873 2106 3010 2160 meis
3037 2105 3430 2161 afﬂictionibus

155 2199 191 2268 ἡ
209 2197 362 2268 λύπη
386 2197 631 2267 ἠνίασεν.
651 2190 807 2261 Εἶτα,
830 2195 912 2247 ὅτι
941 2196 1003 2248 Et
1033 2194 1127 2248 καὶ
1157 2191 1404 2261 ἐλύπησα
1431 2193 1575 2262 ὑμᾶς
1601 2193 1658 2245 ἐν
1678 2195 1743 2262 τῇ

157 2291 452 2361 ἐπιστολῇ,
485 2289 672 2360 φησιν,
703 2288 818 2342 ἀλλ’
848 2286 939 2341 οῦν
969 2290 1047 2350 είς
1075 2287 1363 2358 μετάνοιαν
1415 2285 1745 2356 ἐλυπήθητε,

155 2385 301 2454 ὅπερ
329 2383 445 2436 ἐστὶ
477 2381 618 2435 κατὰ
639 2381 771 2435 Θεὸν
822 2379 1159 2451 λυπηθῆναι.
1223 2377 1336 2432 Καὶ
1379 2381 1411 2450 ἡ
1465 2378 1561 2450 μὲν
1625 2377 1748 2432 καθ’

154 2475 355 2546 εἱρμὸν
385 2473 593 2527 διάνοια
633 2471 893 2544 urbm/1'6
939 2471 997 2525 δέ
1046 2470 1273 2543 μεταξὺ,
1318 2470 1606 2542 περιϐολαὶ
1652 2470 1748 2523 καὶ

155 2566 514 2635 αἰτιολογίαι,
544 2566 640 2620 καὶ
671 2565 1064 2636 ἐπαναλήψεις.
1097 2564 1267 2618 Είωθε
1290 2565 1400 2634 γὰρ
1435 2566 1463 2618 6
1491 2563 1631 2627 θεῖος
1653 2555 1745 2617 οῦ-

153 2675 252 2722 τος
275 2658 418 2728 ἀνὴρ
452 2658 770 2729 περιϐολαῖς
804 2657 1098 2730 περιϐολὰς
1124 2656 1411 2729 συνείρειν,
1431 2657 1524 2709 καὶ
1557 2671 1749 2727 μεστο-

156 2751 340 2802 ποιεῖν
367 2749 458 2802 τὸν
493 2748 647 2818 λόγον
667 2789 682 2814 ,
710 2749 790 2802 διδ
816 2749 910 2802 καλ⁸
939 2747 1334 2818 ἐπαναλήψεως
1361 2745 1587 2800 δεῖσθαι.
1623 2741 1746 2798 Οἶον

159 2841 375 2912 μεταξὺ
424 2841 876 2913 παρεμϐεϐληται
936 2842 1036 2910 τῆς
1085 2840 1383 2911 εἰρημένης
1433 2837 1529 2891 τοῦ
1578 2836 1746 2909 ῥητοῦ

159 2935 485 3004 συναφείας,
515 2934 597 2996 τὸ,
631 2953 648 2986 ι
690 2935 769 2987 Ού
800 2933 1194 3005 μεταμέλομαι.
1239 2950 1257 2983 ›

1851 2203 1906 2252 et
1946 2195 2217 2265 angustiis
2250 2216 2263 2251 :
2298 2205 2392 2252 aut
2417 2211 2580 2267 quam
2635 2198 2801 2254 fuerit
2830 2199 2986 2253 dolor
3017 2214 3176 2268 quem
3231 2213 3430 2268 passus

1855 2304 1977 2345 sum
2008 2303 2074 2344 eo
2096 2287 2241 2359 quod
2267 2304 2364 2344 vos
2393 2303 2627 2346 mcerore
2656 2290 2959 2346 aﬂecissem
2980 2306 3076 2361 per
3093 2291 3384 2361 epistolam
3411 2310 3428 2349 :

1855 2389 1911 2436 et
1937 2379 2026 2435 hic
2055 2380 2334 2436 secundus
2362 2396 2560 2437 sensus
2608 2391 2691 2437 est
2745 2382 2921 2451 magis
2967 2384 3223 2453 proprius
3258 2401 3270 2436 :
3305 2398 3427 2436 nam

1856 2470 1925 2526 ad
1981 2471 2086 2526 hoc
2144 2480 2440 2542 sequentes
2489 2473 2663 2544 magis
2724 2474 3053 2544 adaptantur
3123 2490 3426 2530 sermones.

1858 2562 2162 2632 Utrumque
2199 2572 2382 2618 tamen
2413 2564 2664 2634 adaptari
2695 2572 2897 2634 potest.
2954 2567 3046 2620 Ait
3102 2583 3232 2638 ergo
3284 2568 3428 2636 quod

1858 2653 2124 2726 gaudium
2177 2655 2353 2725 magis
2412 2655 2589 2725 ipsum
2648 2655 3010 2711 obieetavcrit
3053 2672 3216 2727 quam
3276 2657 3432 2712 dolor

1856 2746 2294 2802 contristaverit.
2365 2745 2577 2802 Deinde
2625 2749 2754 2818 quia
2807 2748 2935 2803 licet
2991 2749 3430 2805 contristaverim

1857 2853 1956 2892 vos
1995 2836 2049 2891 in
2094 2837 2350 2907 epistola,
2390 2837 2592 2904 inquit,
2647 2846 2888 2893 attamen
2944 2839 3011 2892 ad
3055 2842 3428 2901 pmuitentiam

1857 2929 2171 2985 contristati
2210 2930 2390 2984 estis:
2428 2929 2572 2999 quod
2613 2937 2697 2985 est
2726 2931 3028 2987 secundum
3074 2931 3240 2986 Deum
3299 2947 3432 2986 con-

159 3015 397 3083 tristari.
431 3026 615 3098 Itaque
639 3027 794 3098 juxta
829 3027 1026 3083 littera:
1064 3027 1264 3082 seriem
1307 3025 1398 3080 hic
1436 3030 1519 3080 est
1561 3021 1871 3078 intellectus
1914 3039 1929 3076 :
1971 3021 2104 3087 Quae
2146 3029 2328 3076 autem
2373 3020 2429 3076 in
2471 3020 2651 3076 medio
2695 3029 2977 3093 ponuntur
3019 3023 3430 3078 circumitiones

159 3128 299 3175 sunt
327 3130 382 3176 et
431 3136 720 3178 causarum
785 3119 1119 3176 redditiones
1185 3134 1250 3176 ac
1322 3117 1702 3190 repetitiones.
1780 3115 1934 3170 Solet
1961 3115 2105 3169 enim
2137 3115 2357 3170 divinus
2383 3114 2474 3169 hic
2505 3113 2588 3168 vir
2624 3114 2982 3171 circuitiones
3005 3117 3431 3172 circuitionibus

158 3223 518 3281 connectere,
545 3226 597 3270 et
629 3215 703 3269 ita
734 3230 1041 3271 sermonem
1075 3213 1325 3284 implere.
1389 3212 1517 3268 Ideo
1578 3226 1799 3282 quoque
1836 3207 2162 3278 repetitione
2192 3223 2332 3278 Opus
2365 3217 2470 3271 est,
2515 3208 2675 3280 651
2709 3216 2969 3280 tanquam
3001 3211 3066 3266 ad
3111 3213 3427 3281 praedictam

158 3309 442 3365 sermonis
501 3310 894 3366 connexionem
954 3308 1302 3378 interiectum
1347 3307 1418 3362 sit
1453 3305 1602 3377 quod
1660 3306 1715 3360 in
1747 3304 1928 3360 medio
1957 3310 2061 3368 est,
2101 3320 2120 3354 ι
2156 3299 2276 3355 Non
2307 3316 2395 3358 me
2434 3302 2687 3373 poenitet.
2721 3321 2742 3354 ι

229 3403 373 3460 Εἶτα
397 3423 411 3436 ·
451 3425 470 3457 ι
493 3407 555 3459 Et
592 3405 684 3458 καὶ
715 3390 1114 3476 μετεμελόμην.
1167 3423 1185 3457 ι
1228 3405 1395 3459 Πάλιν
1431 3402 1622 3456 τούτου
1652 3402 1734 3455 ai-

1911 3398 2116 3453 Deindc
2145 3397 2296 3453 addit
2337 3415 2349 3451 :
2385 3417 2404 3449 ι
2445 3397 2625 3452 Etiam
2653 3397 2698 3451 si
2741 3397 3078 3468 paenituerit.
3123 3418 3140 3449 ι
3174 3399 3414 3453 Rursum

158 3499 275 3553 τία.
313 3517 331 3551 ι
376 3499 570 3552 Βλέπω
593 3499 702 3569 γὰρ
727 3500 811 3552 ὅτι
849 3500 882 3568 ἠ
917 3498 1177 3568 ἐπιστολὴ
1203 3497 1411 3566 ἐκείνη.
1448 3514 1466 3548 ι
1500 3493 1748 3549 Καὶοὺδέ

159 3589 365 3662 αύτὴή
393 3591 642 3659 περίοδος
669 3591 838 3660 ἁπλῆ,
897 3589 1034 3645 ἀλλὰ
1097 3588 1564 3662 περιϐεϐλημένη.
1610 3587 1748 3656 Φησὶ

160 3684 276 3754 γάρ
309 3700 324 3714 ·
374 3701 393 3733 ι
426 3685 490 3737 Et
533 3685 629 3738 καὶ
667 3684 805 3755 πρὸς
851 3683 1003 3753 ὥραν
1059 3683 1335 3753 ἐλύπησεν
1365 3681 1530 3750 ὑμᾶς.
1569 3699 1586 3732 ι
1639 3681 1748 3734 Καὶ

158 3778 266 3830 οὐκ
301 3770 455 3828 εἶπεν
486 3792 501 3807 ο
530 3776 595 3830 Εἰ
619 3776 714 3829 καὶ
753 3776 1026 3845 ἐλύπησεν
1058 3775 1225 3845 ὑμᾶς,
1259 3773 1373 3828 ἀλλ’
1408 3814 1421 3839 ,
1463 3793 1480 3824 ι
1523 3773 1583 3826 Εἰ
1611 3771 1747 3841 πρὸς

158 3866 342 3939 ὤραν.
373 3886 392 3918 ι
439 3867 511 3919 Τὸ
534 3867 610 3932 δὲ,
645 3887 664 3918 ι
700 3867 815 3919 Νῦν
845 3866 1044 3937 χαίρω,
1073 3885 1090 3919 ι
1123 3865 1465 3935 ἐπανάληψίς
1487 3865 1606 3917 ἐστι
1628 3862 1745 3928 τοῦ,

167 3978 186 4012 ι
256 3959 428 4011 Ὥστε
483 3976 550 4026 με
605 3959 804 4029 μᾶλλον
861 3959 1117 4028 χαρῆναι.
1149 3976 1169 4010 ι
1240 3956 1460 4026 Ἐπειδὴ
1515 3955 1624 4025 γὰρ
1679 3955 1746 4024 τῇ

160 4049 475 4120 πυκνότητι
506 4049 613 4102 τῶν
649 4047 958 4119 περιϐολῶν
982 4047 1267 4116 ἐμέστωσε
1298 4045 1390 4098 τὸν
1420 4044 1600 4110 λόγον,
1655 4042 1748 4096 καὶ

162 4143 245 4198 είς
305 4141 576 4210 ἀσάφειαν
629 4140 1048 4209 συγκλειόμενον
1112 4136 1301 4209 ἐώρα,
1350 4136 1623 4208 ἐχρήσατο
1679 4137 1745 4205 τῇ

163 4233 534 4304 ἐπαναλήψει.
588 4229 702 4286 Εἶθ’
738 4231 914 4295 οὕτως
956 4231 1208 4287 ἀπέδωκε
1261 4230 1342 4295 τὸ,
1407 4247 1425 4281 ι
1476 4227 1618 4281 Ἀλλ’
1661 4228 1743 4281 ὃτι

169 4326 494 4398 ἐλυπήθητε
519 4328 598 4388 εἰς
629 4325 936 4396 μετάνοιαν,
979 4342 998 4376 ι
1031 4325 1192 4393 ὅπερ,
1241 4322 1316 4385 ὡς
1355 4321 1450 4374 καὶ
1484 4320 1746 4390 προείρη-

161 4436 280 4481 ται,
314 4419 624 4489 συνείρεται
645 4419 758 4479 τοῖς
781 4415 990 4479 ἐπάνω,
1020 4409 1131 4466 οἷον
1156 4429 1170 4444 ο
1211 4432 1229 4465 ι
1270 4411 1431 4464 Ὥστε
1457 4427 1524 4481 με
1549 4409 1750 4479 μᾶλλον

161 4511 426 4583 χαρῆναι,
455 4511 535 4563 ὃτι
563 4510 611 4562 εί
636 4511 728 4563 καὶ
759 4507 1006 4578 ἐλύπησα
1037 4507 1182 4576 ὑμᾶς
1219 4505 1277 4557 ἐν
1302 4505 1370 4574 τῇ
1408 4501 1666 4571 ἐπιστολῇ
1689 4520 1740 4566 ,ι

163 4604 305 4659 ἀλλὰ
334 4599 430 4656 οὖν
467 4604 550 4655 ὅτι
585 4604 667 4664 είς
698 4602 990 4672 μετάνοιαν
1037 4596 1373 4667 ἐλυπήθητε.
1433 4593 1544 4650 Καὶ
1590 4593 1748 4647 τοῦτο

162 4697 219 4748 δὲ
285 4696 436 4766 ὅμως
470 4694 888 4765 περιϐέϐληται.
930 4691 1003 4743 T6
1052 4690 1109 4742 δέ
1168 4687 1538 4755 ἁπλούστερόν
1578 4687 1744 4745 ἐστιν.

169 4808 187 4840 ι
221 4789 390 4841 Ὥστε
419 4805 485 4856 με
526 4788 782 4857 χαρῆναι,
820 4785 902 4838 ὅτι
926 4785 1004 4846 είς
1045 4783 1335 4853 μετάνοιαν
1378 4778 1741 4849 ἐλυπήθητε.»

165 4881 360 4934 Ταῦτα
395 4880 451 4932 δέ
503 4897 595 4950 μοι
623 4877 1196 4946 διαλελεπτολόγηται,
1244 4874 1343 4943 οὐχ
1399 4872 1480 4924 ὅτι
1535 4869 1744 4933 Παῦλος

164 4973 386 5035 τούτοις
415 4971 868 5042 ἐσεμνολόγηται,
895 4969 1003 5022 οὐδ’
1039 4968 1122 5022 ὅτι
1163 4968 1323 5038 ἡμεῖς
1355 4964 1515 5020 αὑτὸν
1553 4979 1748 5031 σεμνο-

164 5065 352 5131 λογείν
378 5065 588 5125 τούτοις
613 5064 881 5131 ἔγνωμεν,
912 5059 1028 5114 ἀλλ’
1062 5058 1413 5128 αἰσχύνοντες
1450 5057 1581 5118 τοὺς
1617 5053 1741 5120 ἐξω,

168 5157 486 5224 ίόιωτισμδν
543 5158 610 5225 τῇ
671 5154 973 5223 Ἐκκλησία
1033 5151 1412 5215 ὀνειδίζοντας,
1456 5148 1742 5200 Δείκνυται

166 5249 280 5316 γὰρ
310 5247 400 5299 διὰ
437 5245 666 5308 τούτων,
692 5244 775 5312 ἐφ’
806 5237 851 5311 ᾧ
878 5242 1102 5312 μονονοὺ
1123 5239 1420 5311 τεθηπότες
1443 5237 1534 5292 τὸν
1569 5237 1746 5289 Παια-

167 5339 292 5392 νιέα
319 5338 414 5390 καὶ
443 5337 534 5390 τὸν
571 5337 666 5390 τοῦ
715 5335 936 5406 Ὀλόρου
958 5333 1344 5405 προσκυνοῦσι,
1379 5332 1499 5392 ταῖς
1523 5327 1748 5398 περιϐο-

166 5429 292 5492 λαῖς
345 5429 511 5496 λέγω,
553 5427 750 5498 μακρῷ
808 5426 1030 5490 τούτους
1071 5425 1104 5497 ἢ
1151 5426 1351 5477 ἐκεῖνοι
1381 5422 1508 5483 τοὺς
1556 5419 1750 5481 ἄλλους

169 5519 683 5590 ἀποκρυπτόμενος.
718 5519 912 5572 Καίτοι
969 5517 1078 5570 τῶν
1118 5515 1217 5586 μὲν
1246 5516 1274 5568 6
1306 5514 1418 5585 βίος
1461 5513 1518 5565 ἐν
1572 5510 1749 5580 τούτῳ

169 5615 253 5685 τῷ
281 5614 434 5684 πόνῳ
477 5612 796 5684 κατετρίϐη,
827 5615 855 5666 6
877 5611 936 5666 δὲ
964 5611 1072 5664 οὐδ’
1124 5606 1396 5679 ἐμϐλέψαι
1421 5603 1632 5667 τούτοις
1663 5603 1747 5656 ὅτι

177 5704 255 5776 μὴ
308 5703 450 5757 κατὰ
506 5704 784 5775 πάρεργον
829 5703 1025 5773 χρῆσιν
1076 5700 1298 5769 ἠξίωσε.
1348 5696 1458 5749 Καὶ
1488 5693 1750 5766 μυριάκις

175 5796 327 5851 ἐστιν
349 5795 515 5850 αὑτοῦ
555 5799 612 5852 ἐν
648 5799 762 5860 τοῖς
808 5795 988 5871 λόγοις
1033 5792 1095 5847 τὸ
1145 5789 1388 5845 τοιοῦτον
1429 5785 1748 5853 θεάσασθαι,

1777 4745 1824 4798 Ῑ)

1848 3490 2013 3561 hujus
2035 3505 2204 3546 causa
2236 3491 2522 3559 sequitur:
2563 3508 2581 3540 ι
2617 3489 2792 3544 \‘ideo
2829 3490 2975 3544 enim
3012 3490 3158 3561 quod
3185 3492 3427 3562 epistola

1851 3581 1964 3636 illa.
2003 3599 2022 3633 ι
2059 3579 2126 3634 Et
2154 3595 2222 3634 ne
2242 3579 2358 3634 haec
2392 3579 2612 3650 quidem
2641 3580 2900 3648 periodus
2927 3583 3161 3652 simplex
3188 3589 3296 3647 est,
3328 3584 3426 3638 sed

1849 3673 1956 3727 alia
2005 3686 2226 3743 quoque
2267 3673 2616 3728 assumitur:
2671 3687 2795 3726 nam
2828 3672 2904 3727 ait
2944 3691 2956 3727 :
3004 3691 3024 3724 ι
3064 3672 3304 3730 Tametsi
3361 3677 3428 3730 ad

1851 3765 2041 3819 horam
2077 3763 2490 3818 contristaverit
2518 3779 2637 3819 vos.
2674 3782 2691 3815 ι
2727 3763 2838 3818 Nec
2879 3764 3206 3834 simpliciter
3247 3767 3424 3832 dixit;

1851 3855 2094 3912 Tametsi
2169 3854 2585 3910 contristaverit
2655 3871 2774 3919 vos,
2833 3855 2926 3909 sed
2985 3855 3218 3920 addidit,
3280 3875 3299 3907 ι
3346 3859 3425 3912 Ad

1853 3948 2065 4000 horam.
2097 3963 2116 3996 ι
2161 3943 2320 4009 Quod
2355 3953 2537 3998 autem
2579 3943 2698 3997 ait:
2754 3961 2772 3994 ι
2812 3941 2970 3999 Νιιιιε
3003 3944 3234 4014 gaudeo,
3271 3964 3289 3996 ι
3344 3961 3432 4000 rc-

1849 4038 2042 4108 petitio
2083 4045 2168 4092 est
2209 4035 2330 4105 eius
2379 4035 2523 4106 quod
2555 4035 2792 4100 dixerat,
2853 4052 2872 4084 ι
2919 4033 3070 4089 Adeo
3127 4045 3186 4089 ut
3252 4037 3428 4106 magis

1851 4132 2072 4202 gavisus
2108 4128 2329 4184 fuerim.
2371 4149 2390 4180 ι
2433 4127 2737 4197 Postquam
2771 4128 2917 4181 enim
2952 4125 3260 4196 frequentia
3308 4129 3421 4182 cir-

1851 4221 2156 4277 cuitionum
2180 4219 2484 4274 orationem
2532 4217 2874 4286 impleverat,
2897 4226 2950 4272 et
2978 4217 3194 4272 videbat
3239 4219 3293 4271 in
3326 4219 3428 4272 οῦν

1850 4313 2085 4369 curitate
2105 4311 2278 4382 ipsam
2293 4308 2573 4374 concludi,
2597 4309 2922 4378 repetitione
2945 4321 3080 4363 usus
3101 4317 3204 4365 est.
3227 4309 3430 4364 Deinde

1851 4405 1925 4459 ita
1968 4403 2207 4459 reddidit
2227 4402 2436 4456 dictum
2486 4399 2642 4454 illud.
2705 4419 2722 4452 ι
2773 4397 2880 4455 Sed
2916 4400 3061 4469 quod
3109 4401 3424 4456 contristati

1852 4497 1974 4554 sitis
2024 4496 2092 4550 ad
2125 4493 2530 4566 paenitentiam,
2597 4509 2616 4543 ›
2647 4490 2794 4562 quod
2855 4501 2913 4546 ut
2971 4490 3289 4562 praedictum
3342 4501 3428 4546 est

1851 4589 2199 4645 connectitur
2250 4585 2662 4657 superioribus,
2708 4592 2860 4654 puta,
2908 4602 2927 4634 ι
2966 4583 3117 4638 Adeo
3163 4591 3220 4637 ut
3252 4584 3428 4654 magis

1851 4683 2074 4754 gavisus
2128 4680 2347 4748 fuerim,
2391 4679 2519 4750 quia
2556 4681 2684 4733 licet
2733 4677 3174 4732 contristavcrim
3233 4693 3328 4731 vos
3369 4678 3424 4732 in

1853 4773 2083 4844 epistola
2106 4789 2122 4840 ;
2149 4795 2170 4832 ι
2205 4780 2446 4828 attamen
2464 4771 2593 4841 quia
2611 4770 2677 4825 ad
2697 4770 3070 4838 paenitentiam
3115 4769 3427 4825 contristati

1855 4865 2016 4921 estis.
2044 4861 2246 4920 Verum
2279 4864 2383 4918 hoc
2415 4877 2634 4932 quoque
2665 4870 3011 4931 assumptum
3046 4868 3129 4915 est
3163 4867 3218 4914 ct
3252 4861 3425 4916 inter-

1849 4956 2078 5027 jectum.
2118 4955 2435 5024 Simplicius
2475 4963 2560 5008 est
2601 4962 2804 5019 autem,
2844 4971 2862 5004 ι
2900 4951 3054 5007 Adeo
3096 4963 3154 5007 ut
3203 4954 3429 5023 gavisus

1855 5047 2053 5104 fuerim
2110 5048 2254 5117 quod
2297 5047 2363 5101 ad
2419 5046 2798 5116 paenitentiam
2847 5045 3160 5101 contristati
3225 5046 3368 5101 sitis.
3401 5066 3420 5098 ι

1854 5140 1983 5195 Hac
2009 5140 2076 5195 de
2098 5141 2262 5195 rebus
2288 5139 2572 5194 minutulis
2607 5138 2866 5194 subtilius
2903 5137 3287 5201 disseruimus,
3317 5155 3426 5194 non

1855 5232 1999 5300 quod
2027 5231 2232 5286 Paulus
2257 5230 2345 5286 his
2376 5231 2644 5301 gloriatus
2673 5230 2765 5296 sit,
2797 5242 2891 5286 aut
2927 5229 3073 5300 quod
3110 5245 3212 5285 nos
3243 5230 3422 5299 ipsum

1858 5331 2080 5394 propter
2131 5323 2245 5377 haec
2295 5331 2644 5378 ostentemus
2683 5336 2748 5377 ac
2797 5322 3161 5388 celebremus,
3225 5320 3319 5377 sed
3371 5329 3429 5374 ut

1858 5423 2118 5469 externos
2176 5423 2231 5469 et
2268 5430 2298 5469 a
2333 5414 2541 5470 nostris
2588 5413 2799 5468 alienos
2835 5412 3268 5475 confundamus,
3332 5410 3427 5478 qui

1857 5506 2140 5561 inscitiam
2177 5506 2434 5562 Ecclesia:
2465 5506 2755 5576 objiciunt.
2795 5505 2896 5560 Per
2919 5506 3033 5560 haec
3063 5505 3204 5558 enim
3243 5511 3431 5556 osten-

1857 5597 2008 5654 ditur
2032 5599 2179 5669 quod
2220 5599 2274 5654 in
2313 5599 2442 5667 hoc,
2475 5616 2538 5655 ex
2571 5613 2682 5670 quo
2712 5599 2790 5653 illi
2814 5597 3120 5654 Pcauicum
3175 5609 3239 5647 ac
3276 5591 3426 5647 Olori

1861 5695 2034 5751 filium
2065 5700 2349 5763 stupentes
2382 5692 2778 5763 propemodum
2827 5688 3083 5753 adorant,
3117 5687 3171 5740 in
3222 5685 3428 5739 circui-

1871 5785 2134 5852 tionibus,
2161 5784 2408 5856 inquam,
2430 5793 2482 5839 et
2509 5782 2740 5853 longiori
2775 5794 2992 5851 quoque
3017 5778 3116 5835 hos
3138 5777 3429 5836 intervallo
