3906 6550
210 440 219 447 ·
262 406 398 470 ιοοι

1183 408 1565 469 COMMENT.
1606 405 1687 465 IN
1719 404 1957 465 EPIST.
1999 404 2060 464 II
2100 407 2200 467 AD
2237 406 2597 469 CORINTH.

3367 401 3507 465 1002

257 527 483 588 peccata
530 526 900 576 assumeretur
938 516 1197 573 tristitia:
1228 518 1284 572 in
1328 515 1432 571 bac
1464 528 1688 585 quoque
1718 511 1835 568 sola
1882 525 1942 565 re
1979 513 2135 567 utilis
2166 521 2253 570 est
2292 533 2304 567 :
2340 513 2395 567 in
2427 513 2653 582 reliquis
2704 527 2834 567 vero
2913 513 3075 568 etiam
3147 521 3308 568 nocet
3354 515 3519 585 653

258 627 389 667 nam
415 620 615 683 pmter
644 621 893 666 naturam
926 626 990 665 ea
1032 610 1256 666 utimur.

339 704 587 767 Ἄλλως.
608 698 810 773 [ΦΩΤ.]
841 699 1146 754 Μετάνοιαν
1168 698 1605 769 ἀμεταμέλητον.
1650 692 1837 763 φησιν,

2016 688 2135 744 Alio
2164 687 2341 743 modo.
2412 683 2821 752 I’mnitentiam,
2867 690 3067 761 inquit,
3102 706 3209 745 non
3242 699 3520 761 pmntteno

256 792 405 846 ὥστε
469 793 518 844 εἰ
549 791 691 845 κατὰ
717 790 852 842 θεὸν
898 789 1233 860 ἐλυπήθητε,
1264 787 1492 852 δείξοιτε
1522 786 1585 839 ἂν
1613 785 1701 836 διὰ
1748 780 1841 833 τοῦ

261 884 539 954 μηδέποτε
566 883 710 952 ὑμᾶς
752 881 860 934 ἀπὸ
911 882 1011 951 τῆς
1061 881 1234 948 καλῆς
1284 879 1499 947 ἐκείνης
1552 874 1843 947 μετανοξας

258 976 590 1044 ἀποστῆναι,
626 975 719 1028 καὶ
765 978 844 1037 εἰς
898 973 961 1026 τὸ
997 972 1240 1027 ἐναντιον
1291 969 1696 1042 περιτραπῆναι
1748 966 1844 1017 καὶ

262 1065 747 1135 μεταμεληθῆναι,
810 1065 945 1134 ὅπερ
1001 1065 1120 1116 ἐστὶ
1179 1060 1658 1133 προτρεπομένου,
1711 1056 1844 1125 μηδὲ

259 1174 397 1210 ποτε
425 1157 523 1227 τῆς
552 1156 720 1226 ὀρθῆς
755 1154 1070 1221 ἐξίστασθαι
1127 1154 1381 1224 κρίσεως.
1409 1172 1426 1204 ι
1471 1148 1846 1221 Ἀμεταμέλη-

258 1267 358 1303 τον
415 1247 896 1317 κατεργάζεται.»
956 1245 1094 1301 Οὔτε
1156 1246 1265 1318 γὰρ
1312 1248 1341 1299 ὁ
1383 1242 1649 1312 λυπηθεὶς
1706 1239 1846 1293 κατὰ

256 1342 402 1394 Θεὸν
431 1338 835 1411 μεταμεληθείη
869 1338 1080 1408 ποτὲ,ῆ
1114 1337 1375 1408 καταγνῷ
1414 1334 1611 1389 ἑαυτοῦ
1636 1374 1649 1398 ,
1696 1334 1747 1386 τί
1779 1334 1842 1403 δή

262 1451 402 1487 ποτε
455 1432 792 1503 λελύπηταις
828 1432 965 1501 ὅπερ
1022 1430 1118 1483 ἐπὶ
1148 1431 1245 1501 τῆς
1269 1429 1361 1483 τοῦ
1406 1429 1609 1498 κόσμου
1673 1426 1848 1495 λύπης

262 1524 591 1595 συμϐαίνειν
615 1522 806 1576 εἴωθεν
833 1564 846 1588 ,
881 1541 900 1573 ι
941 1523 1072 1575 Ἰδοὺ
1112 1522 1219 1592 γὰρ
1284 1521 1415 1575 αὐτὸ
1462 1520 1642 1582 τοῦτο,
1682 1538 1702 1572 s
1755 1520 1848 1572 καὶ

260 1617 458 1669 λοιπὸν
492 1618 558 1669 ὲκ
618 1616 727 1669 τῶν
791 1613 1220 1684 ἀποϐεϐηκότων
1272 1612 1369 1675 τὰς
1411 1612 1714 1677 ἀποδείξεις
1772 1606 1848 1663 ὦν

263 1708 463 1777 εἷρηκε
508 1705 762 1775 παρέχει.
821 1703 953 1758 Ἰδοὺ
1018 1704 1147 1774 γὰρ,
1211 1703 1367 1771 φησὶ,
1407 1702 1466 1755 τὸ
1516 1703 1656 1756 κατὰ
1716 1701 1847 1753 Θεὸν

264 1797 578 1866 λυπηθῆναι
628 1797 794 1866 ὑμᾶς,
828 1795 1003 1865 πόσην
1054 1793 1457 1865 κατειργάσατο
1486 1793 1738 1863 σπουδήν.
1771 1791 1847 1845 Οὐ

269 1891 437 1959 μόνον
459 1889 570 1959 γὰρ
604 1888 685 1951 εἰς
722 1886 1088 1958 μεταμέλειαν
1116 1885 1209 1938 τοῦ
1236 1885 1372 1949 ὅλως
1402 1883 1713 1955 λυπηθῆναι
1749 1882 1848 1935 οὐκ

264 1979 492 2049 ἤλθετε,
536 1977 674 2031 ἀλλὰ
708 1975 1161 2048 σπουδαιοτέρους
1217 1975 1466 2043 εποίησε.
1532 1974 1645 2027 Καὶ
1699 1973 1847 2041 λέγει

263 2071 373 2140 τῆς
418 2069 656 2141 σπουδῆς
703 2068 773 2122 τὰ
824 2068 1125 2138 τεκμήρια.
1184 2083 1204 2117 s
1263 2065 1425 2119 Ἀλλὰ
1468 2065 1785 2133 ἀπολογίαν.
1828 2083 1846 2114 s

266 2162 367 2228 Τὸ,
421 2162 602 2225 ἀλλὰ,
668 2161 726 2215 ἐν
777 2160 921 2223 ὅλοις
954 2157 1163 2222 τούτοις
1218 2161 1331 2221 τοῖς
1356 2156 1691 2225 κεφαλαίοις,
1732 2155 1853 2209 ἀντὶ

265 2253 390 2317 τοῦ,
428 2251 549 2315 καὶ,
586 2253 787 2305 κεῖται.
814 2252 926 2304 Καὶ
955 2248 1250 2318 ἀπολογίαν
1274 2250 1569 2320 εἰργάσατο
1594 2246 1731 2318 πρός
1761 2263 1850 2315 με,

283 2340 734 2413 ’Δπελογήσασθε
761 2341 955 2412 γὰρτῇ
985 2339 1270 2412 μετανοίᾳ,
1326 2338 1421 2392 καὶ
1453 2337 1530 2408 τῷ
1578 2336 1854 2402 ἀποκόψαι

268 2435 430 2506 ὑμῶν
466 2434 558 2489 τὸν
596 2433 1030 2503 πεπορνευκότα.
1104 2449 1125 2483 ι
1186 2430 1347 2484 ’Λλλὰ
1398 2428 1789 2498 ἀγανάκτησιν.
1830 2446 1849 2479 s

268 2527 385 2582 Καὶ
442 2526 833 2595 ἀγανάκτησιν,
888 2522 1062 2594 φησὶ,
1119 2522 1257 2593 πρὸς
1303 2520 1395 2574 τὸν
1454 2518 1852 2590 πορνεύσαντα,

273 2636 297 2669 s
337 2616 446 2669 Kal.
463 2614 628 2685 φόϐον
657 2612 797 2685 πρός
825 2630 918 2685 με.
961 2631 981 2665 s
1007 2610 1364 2681 Φοϐουμένων
1393 2609 1521 2680 γὰρ,
1555 2611 1589 2680 ή
1619 2608 1854 2678 τοσαύτη

264 2708 582 2779 διόρθωσις,
618 2725 638 2759 ι
672 2708 783 2759 Καὶ
822 2702 1170 2774 ὲπιπόθησις.
1220 2720 1240 2754 ι
1285 2701 1505 2772 Ἐπειδὴ
1531 2703 1640 2773 γὰρ
1664 2702 1725 2755 τὸ
1759 2700 1855 2754 τοῦ

268 2800 445 2869 φόϐου
494 2798 733 2869 ἐπαχθὲς
787 2792 879 2869 ἦν,
941 2795 1139 2862 ἐπάγει
1192 2794 1308 2860 καὶ,
1373 2812 1392 2845 s
1455 2792 1797 2861 ἐπιπόθησιν.
1831 2809 1849 2841 s

281 2890 634 2958 ’Δγαπῶντες
680 2887 791 2959 γάρ
845 2902 934 2957 με,
992 2885 1149 2956 φησὶ,
1190 2884 1285 2938 καὶ
1335 2882 1638 2945 δεδοικότες
1676 2882 1751 2951 μή
1786 2898 1855 2952 με

269 2980 578 3051 λυπήσητε,
645 2976 1052 3049 διωρθώσασθε.
1086 2995 1105 3027 s
1154 2976 1263 3029 Kal
1308 2972 1492 3044 ζῆλον,
1536 2991 1556 3025 s
1600 2975 1785 3044 φησὶν,
1818 2973 1853 3042 ἢ

271 3074 419 3143 ὑπὲρ
460 3071 621 3141 Θεοῦ,
670 3071 703 3143 ἢ
750 3072 894 3141 ὑπὲρ
936 3068 1073 3141 ἐμοῦ
1123 3068 1261 3139 πρὸς
1314 3068 1441 3131 τοὺς
1485 3067 1854 3138 λοιδοροῦντας

267 3164 765 3232 ψευδαποστόλους.
792 3180 812 3214 ι
843 3163 955 3215 Καὶ
988 3160 1289 3232 ἐκδίκησιν.
1324 3177 1344 3211 s
1393 3158 1502 3212 Kal
1536 3158 1646 3228 γὰρ
1689 3157 1856 3221 ἐξεδι-

271 3251 485 3320 κήσατε
511 3251 639 3315 τοὺς
663 3248 757 3305 τοῦ
795 3248 932 3304 Θεοῦ
963 3249 1185 3319 νόμους,
1222 3247 1327 3301 ὑπὸ
1349 3247 1445 3301 τοῦ
1485 3247 1855 3318 πεπορνευκό-

1946 786 2095 835 dam.
2144 780 2335 851 Itaque
2399 788 2581 835 utrum
2648 780 2949 838 secundum
2991 781 3158 837 Deum
3206 785 3519 840 contristati

1947 871 2090 935 sitis,
2113 886 2175 924 ex
2203 871 2307 926 hoc
2336 871 2626 927 ostendere
2646 872 2917 941 poteritis,
2949 875 2992 928 si
3014 890 3291 945 nttnqtmm
3323 891 3419 931 vos
3451 879 3519 931 ab

1912 1012 1919 1015 .
1949 964 2175 1019 honesta
2197 962 2284 1017 illa
2307 964 2529 1019 tristitia
2552 966 2816 1034 separetis
2837 979 2929 1020 aut
2955 967 3007 1020 in
3029 970 3367 1023 comrarium
3395 985 3522 1039 per-

1946 1056 2244 1122 cellantini,
2280 1071 2485 1127 vosque
2509 1057 2813 1127 paeniteat:
2857 1059 3000 1128 quod
3040 1068 3126 1115 est
3173 1062 3519 1117 exltortatttis

1949 1157 2009 1203 ut
2033 1164 2313 1219 nunquam
2372 1164 2402 1202 a
2443 1159 2595 1204 recto
2629 1148 2839 1219 judicio
2894 1151 3301 1208 ditnoveantur.
3337 1174 3357 1206 s
3398 1153 3519 1210 Non

1948 1240 2314 1311 pmnitendam
2342 1242 2505 1311 parit.
2545 1260 2563 1294 ι
2620 1241 2807 1313 Neque
2832 1244 2977 1299 enim
3027 1262 3149 1301 eum
3182 1248 3276 1317 qui
3322 1263 3521 1304 secun-

1949 1333 2076 1387 dum
2111 1331 2281 1388 Deum
2306 1334 2672 1391 contristatus
2687 1344 2772 1390 est
2806 1337 3094 1406 paenitebit
3130 1354 3392 1408 unquam,
3429 1349 3521 1396 aut

1950 1423 2338 1480 condemnabit
2358 1427 2599 1496 seipsutn
2626 1427 2770 1496 quod
2792 1437 3011 1497 pmpter
3032 1430 3272 1499 idluerit
3290 1433 3526 1487 contris-

1952 1527 2135 1584 tatus;
2165 1518 2266 1574 boc
2289 1531 2467 1575 autem
2497 1522 2551 1575 in
2577 1522 2762 1577 mundi
2790 1523 3009 1577 tristitia
3031 1524 3169 1579 solet
3184 1528 3525 1598 contingere.

1957 1629 1976 1661 ι
2024 1608 2164 1666 Ecce
2190 1611 2334 1665 enim
2360 1612 2541 1667 istltuc
2570 1612 2806 1684 ipsum.»
2842 1614 3111 1686 Deinceps
3142 1617 3309 1671 etiam
3337 1634 3400 1672 ex
3438 1619 3526 1673 his

1951 1716 2071 1770 quae
2100 1702 2469 1771 contigerunt,
2502 1718 2832 1776 eorumque
2853 1706 2992 1761 dixit
3020 1707 3527 1763 demonstrationes

1950 1793 2194 1848 exhibet.
2234 1793 2374 1848 Ecce
2403 1794 2574 1858 enim,
2625 1795 2825 1866 inquit,
2870 1796 3018 1868 quod
3067 1814 3161 1854 vos
3222 1799 3526 1855 secundum

1952 1884 2117 1940 Deum
2151 1887 2460 1962 contristati
2497 1887 2715 1943 fueritis
2738 1900 3001 1960 quantam
3041 1892 3231 1962 genuit
3255 1892 3528 1948 sollicitu-

1954 1960 2318 2033 dinemINon
2359 1977 2540 2033 solum
2566 1980 2710 2034 enim
2745 1971 2812 2033 ad
2846 1982 2898 2035 id
2936 1960 3303 2039 non—venistis
3334 1998 3394 2038 ut
3429 1998 3529 2037 vos

1955 2068 2179 2120 omnino
2219 2067 2510 2137 pmniteret
2554 2069 2725 2124 fuisse
2762 2071 3145 2137 contristatos,
3201 2072 3294 2128 sed
3347 2074 3529 2142 magis

1956 2158 2226 2213 sollicitos
2256 2158 2517 2215 reddidit.
2538 2159 2603 2211 Et
2625 2161 3015 2217 sollicitudinis
3034 2162 3233 2217 indicia
3260 2173 3527 2219 recenset.

1964 2266 1982 2297 ι
2024 2246 2088 2301 Ει
2118 2247 2517 2305 defensionem.
2576 2268 2595 2301 ι
2623 2248 2757 2304 Nam
2782 2252 2954 2307 dictio
2969 2252 3129 2319 ἀλλὰ,
3167 2253 3220 2306 id
3256 2261 3364 2315 est.
3410 2258 3525 2319 sed,

1960 2337 2012 2390 in
2045 2337 2301 2393 omnibus
2326 2340 2444 2395 istis
2470 2342 2758 2411 particulis
2788 2358 2907 2413 pro,
2930 2352 3001 2408 et,
3041 2345 3284 2414 ponitur.
3332 2344 3399 2399 Et
3434 2346 3529 2401 de-

1959 2426 2257 2483 Iensioncm
2302 2444 2431 2499 erga
2486 2446 2570 2484 me
2604 2442 2892 2501 operatum
2934 2443 3037 2488 est.
3071 2432 3400 2490 Delendistis
3430 2450 3529 2491 vos

1957 2533 2022 2574 ac
2064 2520 2430 2590 respondistis
2468 2536 2564 2591 per
2589 2524 2994 2593 pmnitentiam,
3026 2534 3080 2580 et
3106 2525 3442 2595 amputando
3497 2543 3530 2581 a

1958 2611 2113 2666 vobis
2144 2619 2529 2669 scortatorem.
2560 2634 2578 2665 ι
2617 2614 2681 2668 Et
2709 2616 3170 2687 indignationem.
3206 2637 3225 2670 s
3274 2617 3338 2673 Et
3385 2619 3531 2675 indi-

1957 2705 2298 2774 gnationem,
2361 2706 2560 2775 inquit,
2626 2709 2893 2764 adversus
2950 2724 3075 2765 cum
3105 2712 3198 2780 qui
3252 2718 3531 2767 scortatus

1959 2786 2160 2845 fuerat.
2206 2811 2223 2843 ι
2256 2794 2322 2848 Et
2349 2796 2624 2862 timorem,
2652 2815 2670 2847 ι
2728 2814 2856 2869 erga
2886 2815 2990 2855 nte.
3030 2800 3166 2855 Nam
3218 2804 3526 2859 timentium

1958 2889 2078 2935 erat
2108 2890 2260 2936 tanta
2308 2885 2601 2939 correctio.
2642 2905 2661 2937 ι
2700 2885 2766 2940 Et
2798 2887 3160 2944 desiderium.
3200 2908 3218 2942 ι
3253 2891 3528 2957 Quoniam

1956 2973 2101 3028 enim
2133 2974 2468 3031 invidiosum
2504 2984 2625 3032 erat
2681 2980 2828 3048 quod
2859 2980 3093 3047 dixerat,
3118 3001 3140 3035 ‹
3172 2982 3469 3050 Timorem,
3501 3004 3519 3035 ι

1956 3063 2263 3133 subjunsit,
2301 3084 2319 3117 ι
2349 3068 2416 3122 Et
2435 3067 2797 3125 desiderium.
2829 3090 2849 3124 s
2882 3070 2966 3126 Me
2996 3072 3272 3143 siquidem
3303 3075 3530 3146 diligen-

1960 3165 2064 3222 tes,
2092 3166 2146 3211 et
2169 3157 2327 3213 veriti
2360 3173 2429 3215 ne
2458 3160 2868 3218 contristaretis
2900 3179 3006 3229 me,
3054 3168 3326 3221 emendati
3368 3170 3527 3225 estis.

1967 3265 1985 3299 ι
2015 3246 2084 3302 Ει
2127 3248 2326 3303 zelum.
2354 3268 2372 3301 ι
2407 3250 2516 3305 Aut
2551 3266 2652 3321 pro
2681 3251 2817 3320 Deo,
2860 3262 2954 3309 aut
2994 3271 3092 3325 pro
3126 3272 3211 3311 me
3263 3260 3528 3314 adversus

270 3357 369 3403 τος
415 3341 793 3412 ὑϐρισθέντας.
837 3360 857 3393 ι
913 3342 1000 3394 Ἐν
1073 3344 1239 3395 παντὶ
1286 3342 1673 3411 συνεστήσατε.
1725 3358 1745 3392 s
1776 3340 1851 3393 Οὐ

1959 3337 2417 3409 pseudapostolos
2446 3343 2539 3413 qui
2589 3343 2646 3397 in
2698 3358 2785 3400 me
2816 3348 3201 3403 contumeliosi
3224 3358 3377 3404 sunt.
3406 3368 3425 3402 ι
3460 3351 3529 3405 Ει

274 3432 463 3501 μόνον,
497 3435 683 3504 φησὶν,
712 3433 865 3488 οὐδὲν
894 3433 1226 3503 τοτόλμηται
1255 3432 1384 3502 ὑμῖν
1443 3429 1708 3493 τοιοῦτον,
1739 3427 1849 3483 οἷον

266 3524 357 3596 τῷ
377 3528 792 3596 πεπορνευκότι,
816 3525 1069 3580 amotas
1100 3525 1399 3595 συνήσθητε
1428 3522 1598 3593 αὐτῷ.
1635 3520 1853 3589 Ἐπειδὴ

270 3619 389 3689 γὰρ
417 3620 474 3670 ὲν
533 3621 600 3689 τῇ
651 3616 847 3690 πρώτῃ
885 3616 1177 3689 Ἐπιστολῇ
1210 3618 1446 3688 εἰρήκει,
1481 3638 1499 3668 ι
1550 3616 1659 3667 Kal.
1697 3614 1853 3682 ὑμεῖς

272 3712 687 3781 πεφυσιωμένοι
748 3712 897 3780 ἐστὲ,
946 3712 1132 3783 »ὅπερ
1189 3712 1384 3775 αὐτοὺς
1426 3710 1717 3771 κοινωνοὺς
1760 3706 1854 3760 τοῦ

274 3800 751 3872 πλημμελήματκ
780 3804 975 3869 istoin,
1012 3802 1108 3858 νῦν
1156 3818 1289 3871 φησι
1316 3817 1331 3832 ⁸
1363 3802 1474 3856 Καὶ
1507 3799 1708 3870 ταύτην
1754 3799 1858 3852 ἁπ-

275 3893 579 3965 ετριψασθε
600 3894 700 3965 τὴν
726 3896 982 3950 ὑπόνοιαν

352 4164 505 4232 Ἀρα
540 4166 595 4218 ει
619 4166 716 4220 καὶ
746 4166 981 4235 ἔγραψα
1011 4163 1155 4235 ὑμῖν
1184 4166 1298 4233 οὐχ
1322 4164 1554 4218 εἵνεκεν
1592 4162 1697 4216 τοῦ
1734 4162 1859 4216 ἀδι-

275 4255 608 4322 κήσαντος.
652 4257 795 4311 οὐδὲ
846 4259 1080 4312 εἵνεκεν
1113 4254 1221 4311 τοῦ
1269 4255 1680 4323 ἀδικηθέντος,
1719 4256 1859 4308 ἀλλ’

273 4349 521 4402 εἵνεκεν
579 4347 686 4401 τοῦ
740 4347 1158 4417 φανερωθῆναι
1192 4348 1308 4415 τὴν
1361 4344 1645 4412 σπουδὴν
1694 4342 1861 4413 ὑμῶν

275 4441 396 4508 τὴν
432 4443 586 4508 ὑπὲρ
626 4439 796 4509 ἡμῶν
836 4440 985 4508 πρὸς
1033 4438 1209 4509 ὑμᾶς.
1243 4439 1498 4493 ἐνώπιον
1549 4437 1657 4491 τοῦ
1683 4438 1857 4490 Θεοῦ.

276 4535 387 4587 Διὰ
434 4533 611 4587 τοῦτο
661 4532 1161 4600 παρακεκλήμεθα
1211 4531 1307 4584 ἐπὶ
1356 4530 1428 4597 τῇ
1484 4528 1867 4595 παρακλήσει

277 4624 471 4693 ὑμῶν.
510 4625 958 4694 Περισσοτέρως
988 4625 1055 4678 δὲ
1072 4622 1316 4693 μᾶλλον
1346 4621 1647 4691 ἐ),άρημεν
1661 4621 1758 4673 ἐπὶ
1784 4618 1860 4688 τῇ

1958 3429 2277 3486 vindictam.
2316 3449 2336 3484 s
2364 3431 2474 3488 Ulti
2507 3435 2652 3489 enim
2676 3435 2814 3491 estis
2848 3436 2994 3507 leges
3024 3437 3116 3492 Dei
3148 3455 3271 3509 qua
3314 3455 3345 3494 a
3369 3456 3529 3497 scor-

1956 3528 2133 3576 tatore
2158 3520 2359 3591 injuria
2376 3523 2584 3580 adcolae
2598 3535 2777 3581 erant.
2796 3526 2840 3583 U
2852 3528 3014 3598 biqtte
3030 3529 3474 3590 demonstrastis.
3504 3556 3522 3587 s

1954 3609 2072 3666 Non
2107 3612 2310 3680 solum,
2353 3614 2556 3686 inquit,
2609 3616 2744 3671 nihil
2782 3617 3102 3688 ltujusmodi
3162 3636 3194 3677 a
3236 3624 3394 3681 vobis
3445 3635 3531 3680 at-

1958 3711 2226 3760 tentatum
2277 3715 2360 3763 est
2420 3709 2634 3779 qualea
2697 3722 3009 3769 scortatore
3046 3715 3163 3781 illo,
3213 3718 3311 3773 sed
3347 3734 3528 3791 neque

1953 3801 2319 3856 consensistis
2341 3802 2467 3871 ipsi.
2499 3803 2781 3873 Siquidem
2799 3806 2929 3875 quia
2971 3806 3025 3860 in
3066 3809 3250 3876 priore
3283 3811 3529 3881 Epistola

1954 3891 2167 3945 dixerat
2212 3906 2227 3944 :
2258 3910 2276 3943 ι
2313 3892 2379 3946 Ει
2405 3907 2502 3947 vos
2534 3893 2701 3948 inﬂati
2726 3898 2879 3950 estis.
2922 3916 2941 3948 ι
2982 3895 3142 3962 Quod
3180 3900 3328 3970 ipsos
3344 3902 3529 3957 delicti

1958 3983 2254 4052 participes
2287 3982 2575 4049 eliiciebat,
2618 4000 2763 4040 nunc
2791 3987 2901 4041 ait;
2937 3986 3113 4043 Etiam
3144 3990 3285 4045 banc
3318 3992 3532 4048 abster-

1958 4072 2114 4126 sistis
2145 4071 2542 4140 suspicionem.

2032 4160 2142 4224 VII,
2178 4160 2366 4216 12-16.
2395 4162 2647 4227 Proinde,
2674 4168 2889 4220 tametsi
2919 4168 3107 4235 scripsi
3140 4169 3307 4236 vobis,
3341 4189 3445 4227 non
3474 4174 3529 4226 id

1960 4251 2060 4319 feci
2099 4252 2212 4320 ejus
2237 4269 2401 4306 causa
2434 4254 2524 4323 qui
2553 4254 2791 4322 lteserat,
2828 4273 2920 4310 nec
2960 4258 3075 4327 ejus
3111 4276 3280 4316 causa
3307 4263 3400 4333 qui
3427 4262 3525 4316 la:-

1961 4360 2053 4399 sus
2084 4344 2281 4413 fuerat,
2312 4346 2404 4399 sed
2431 4347 2495 4400 ob
2521 4347 2575 4400 id
2610 4356 2669 4400 ut
2707 4349 2946 4403 studium
2986 4361 3229 4407 nostrum
3255 4355 3395 4423 quod
3430 4370 3528 4424 pro

1961 4440 2102 4492 vobis
2128 4448 2205 4492 est
2237 4440 2674 4509 manifestaretur
2689 4443 2830 4511 apud
2854 4459 2941 4498 eos
2967 4459 3147 4498 coram
3172 4446 3297 4500 Deo.
3323 4447 3529 4502 Idcirco

1960 4533 2377 4585 consolationem
2441 4534 2737 4601 accepimus
2792 4551 2856 4589 ea:
2914 4537 3277 4592 consolatione
3328 4543 3530 4598 vestri:

1929 4648 1935 4654 η
1961 4624 2086 4690 quin
2110 4624 2323 4676 uberius
2353 4624 2565 4693 insuper
2580 4628 2751 4696 gavisi
2776 4627 2973 4698 fuimus
2996 4632 3059 4683 ob
3087 4630 3254 4703 655
3276 4633 3531 4701 gaudium

280 4718 441 4789 χαρᾷ
484 4717 679 4782 Τίτου,
726 4719 816 4772 ὅτι
859 4717 1273 4774 ἀναπέπαυται
1297 4716 1362 4768 τὸ
1393 4714 1629 4782 πνεῦμα
1666 4711 1852 4765 αὐτοῦ

1964 4712 2090 4776 Titi,
2126 4714 2266 4784 quod
2320 4694 2649 4785 refocillatus
2676 4719 2745 4770 sit
2776 4694 3012 4787 spiritus
3047 4694 3320 4787 ipiius—db
3352 4723 3530 4776 omni-

278 4810 405 4864 dm)
436 4809 682 4863 πάντων
723 4808 910 4878 ὑμῶν.
956 4809 1085 4861 Ὀτι
1121 4807 1178 4860 ει
1203 4823 1257 4858 τι
1296 4802 1457 4870 αὐτῷ
1501 4803 1653 4871 ὑπὲρ
1689 4801 1855 4872 ὑμῶν

280 4901 657 4969 κεκαύχημαι
687 4902 763 4955 ού
790 4898 1245 4967 κατῃσχύνθην,
1276 4897 1416 4950 ἀλλ’
1451 4896 1532 4963 ὡς
1559 4893 1757 4949 πάντα
1786 4893 1856 4947 ἐν

278 4990 535 5056 ἀληθείᾳ
550 4988 938 5057 ἐλαλήσαμεν
975 4988 1136 5057 ὑμῖν,
1169 4986 1323 5041 οὕτω
1361 4984 1458 5040 καὶ
1490 4985 1529 5053 ἠ
1557 4985 1857 5053 καύχησις

282 5082 458 5151 ἡμῶν
505 5081 545 5146 ἠ
600 5080 700 5135 ἐπὶ
745 5083 912 5136 Τίτου
945 5120 961 5144 ,
999 5079 1248 5145 ἀλήθεια
1303 5079 1577 5149 ἐγενήθη.
1623 5076 1732 5132 Kal
1785 5074 1858 5129 τὰ

281 5170 614 5240 σπλάγχνα
642 5170 831 5226 αὑτοῦ
870 5169 1311 5239 περισσοτέρως
1361 5171 1449 5234 εις
1480 5167 1638 5237 ὑμᾶς
1688 5167 1860 5221 ἐστιν

281 5261 897 5332 ἀναμιμνησκομένου
925 5261 1037 5329 τὴν
1060 5260 1305 5315 πάντων
1344 5256 1517 5327 ὑμῶν
1553 5256 1858 5324 ὑπακοὴν,

282 5353 368 5418 ὡς
410 5353 561 5422 μετά
618 5354 810 5422 φόϐου
867 5352 967 5406 και
1019 5353 1239 5420 τρόμου
1306 5349 1598 5425 ἐδέξασθε
1651 5349 1857 5403 αὐτόν.

280 5444 476 5513 Χαίρω
496 5445 585 5500 ὅτι
620 5445 691 5499 ἐν
716 5445 895 5500 παντὶ
922 5442 1117 5514 saepe»
1145 5444 1215 5496 ἐν
1236 5442 1399 5513 ὑμῖν.

358 5630 458 5694 Τις
508 5631 538 5683 ὁ
586 5629 852 5700 ἀδικήσας
877 5647 894 5696 ;
948 5628 1045 5683 stati.
1068 5628 1200 5692 τιςό
1226 5627 1537 5699 ἀδικηθείςς
1570 5628 1620 5681 οἱ
1647 5643 1854 5698 itemp-

283 5724 561 5806 νευξιότες.
607 5720 901 5792 ’Βδικησαν
952 5721 1062 5793 γὰρ
1091 5722 1340 5786 ἑαυτοὺς,
1376 5720 1471 5774 καὶ
1517 5719 1858 5790 ἠδικήθησαν

285 5810 383 5883 ὑφ’
406 5812 642 5882 ἑαυτῶν.
675 5810 843 5880 Λέγει
875 5810 931 5865 δὲ
966 5810 1144 5867 τοῦτο.
1178 5811 1292 5873 Τὰς
1333 5808 1627 5877 τοσαύτας,
1669 5810 1856 5879 φησιν,

605 5909 881 5971 Ριιτιιοι..
918 5908 1037 5971 Gn.
1079 5909 1333 5973 CXVIII

1961 4803 2058 4857 bus
2091 4805 2253 4860 vobis.
2288 4805 2441 4873 Quod
2464 4808 2512 4861 si
2535 4808 2663 4877 quid
2692 4808 2832 4874 apud
2863 4810 3014 4862 illum
3046 4811 3125 4877 [ui
3152 4812 3416 4881 gloriatus
3466 4814 3531 4868 de

1962 4896 2130 4957 vobis,
2186 4912 2292 4951 non
2339 4913 2457 4951 sum
2494 4897 2810 4966 pudefactus
2869 4911 2888 4948 :
2938 4898 3030 4953 sed
3074 4901 3214 4954 sicut
3265 4903 3445 4959 omnia
3473 4905 3530 4958 in

1961 4989 2185 5042 veritate
2242 4987 2402 5041 locuti
2431 5004 2616 5043 sumus
2648 4988 2811 5053 vobis,
2845 4990 2921 5042 ita
2971 4998 3021 5043 et
3068 4991 3319 5062 gloriatio
3345 5004 3532 5049 nostra

1961 5093 2065 5147 qua
2101 5093 2229 5131 usus
2249 5092 2395 5132 erant
2436 5078 2576 5148 apud
2630 5076 2828 5145 Titum,
2865 5081 3065 5135 veritas
3126 5082 3272 5152 facta
3325 5094 3402 5139 est
3434 5098 3454 5138 :
3478 5095 3532 5139 et

1964 5170 2164 5223 riseera
2205 5169 2370 5237 ipsius
2416 5168 2779 5225 abundantius
2813 5188 2942 5242 erga
2986 5190 3082 5228 nos
3138 5176 3331 5244 affecta
3382 5186 3529 5238 sunt,

1959 5261 2089 5315 dum
2119 5261 2304 5316 recolit
2334 5265 2567 5316 omnium
2598 5273 2828 5318 vestrum
2856 5265 3233 5332 obedientiam,
3273 5268 3527 5337 quemad-

1964 5352 2176 5407 modum
2216 5367 2336 5405 cssm
2390 5354 2579 5407 timore
2626 5371 2692 5407 ac
2749 5364 2976 5411 tremore
2998 5360 3303 5427 exceperitis
3336 5360 3528 5425 ipsum.

1962 5444 2229 5501 Caudium
2260 5443 2399 5513 quod
2426 5446 2479 5499 iu
2513 5446 2757 5501 omnibus
2792 5446 3048 5517 ﬁduciam
3086 5451 3312 5504 habeam
3349 5450 3401 5500 in
3443 5465 3532 5502 vo-

1963 5536 2063 5590 bis.

2036 5626 2302 5692 Quisnam
2335 5636 2421 5682 est
2454 5628 2547 5697 qui
2584 5628 2787 5699 injuria
2819 5630 3037 5684 aﬂ'ccit?
3068 5639 3121 5684 et
3172 5629 3295 5697 quis
3326 5626 3529 5697 injuria

1966 5718 2197 5774 allectus
2230 5719 2754 5776 est?Scortatores.
2790 5721 2896 5790 Ipsi
2934 5734 3172 5789 namque
3198 5718 3413 5787 seipsns
3447 5720 3531 5775 in-

1962 5808 2110 5882 juria
2160 5806 2485 5876 affecerunt,
2524 5816 2579 5868 et
2605 5823 2636 5864 a
2672 5810 2868 5880 seipsis
2921 5808 3125 5877 injuria
3175 5806 3352 5865 euecti
3376 5818 3528 5867 sunt.

3015 5901 3089 5965 32
