3906 6546
144 534 544 605 κερδαίνοντες,

144 630 416 700 δεόμενοι.
454 626 711 696 Δεόμενοι
741 624 870 694 γὰρ,
902 625 1090 695 φησιν,
1122 623 1298 695 ἡμῶν.
1320 624 1599 694 Πέμπτον,
1634 624 1717 675 ὅτι

148 720 244 771 καὶ
301 717 432 786 παρ’
488 715 709 778 ἐλπίδας
762 712 1000 767 Παύλου.
1066 713 1208 784 Ὅρα
1258 713 1359 766 ποῦ
1428 710 1718 765 ἀνεϐίϐασε

148 806 209 858 τὸ
234 807 487 875 πρᾶγμα·
511 803 623 856 Καὶ
647 801 782 871 ἐμοῦ
803 801 992 865 αὐτοῦ,
1030 804 1182 872 φησι,
1212 802 1721 873 μεγαλοψυχότερον

148 895 486 962 διετέθησαν.
544 893 618 945 Οὐ
641 893 751 963 γάρ
798 890 909 960 ἐγὼ
973 892 1158 956 αὐτὸς,
1225 894 1412 961 φησιν,
1463 891 1719 962 ἤλπιζον,

149 988 405 1039 τοσοῦτον
460 986 658 1048 αὐτοὺς
723 984 1091 1055 ἐλεημοσύνην
1135 984 1632 1055 δαψιλεύσασθαι,ὀ
1666 984 1722 1038 δὲ

150 1075 272 1128 οὐδὲ
328 1074 537 1137 τούτοις
583 1074 854 1146 ἠρκέσθη,
904 1075 1018 1128 ἀλλ’
1082 1077 1174 1128 ἐπὶ
1219 1078 1285 1146 τῇ
1332 1076 1725 1147 συμπληρώσει

152 1167 252 1235 τῆς
311 1168 582 1236 περιόδου,
609 1166 668 1220 τὸ
701 1167 886 1236 μεῖζον
959 1169 1177 1221 πάντων
1208 1168 1443 1223 τέθεικε.
1492 1170 1556 1219 Τί
1594 1168 1723 1236 γὰρ,

152 1258 343 1327 φησὶν,
373 1253 463 1329 ἦν,
489 1257 518 1309 ὃ
547 1258 688 1311 κατά
731 1258 985 1328 δύναμιν,
1030 1260 1125 1313 καὶ
1186 1260 1328 1331 ὑπὲρ
1374 1259 1609 1329 δύναμιν
1635 1261 1727 1313 καὶ

152 1348 489 1419 αὐθαίρετοι,
541 1350 640 1404 καὶ
677 1350 1144 1420 παρακαλοῦντες,
1197 1352 1293 1405 καὶ
1320 1352 1594 1421 δεόμενοι,
1634 1352 1730 1405 καὶ

155 1441 288 1508 παρ’
351 1439 576 1503 ἐλπίδας
651 1441 900 1507 ἐποίουνς
964 1444 1029 1497 Ὦ
1093 1443 1321 1512 μέγεθος
1375 1443 1580 1513 ἀρετῆς
1632 1446 1729 1496 καὶ

155 1530 534 1601 ἐλεημοσύνης
580 1530 740 1598 ἀξίας
789 1533 898 1587 τῶν
956 1534 1052 1587 τοῦ
1116 1534 1330 1589 Παύλου
1384 1536 1723 1606 ἐγκωμίωνι

156 1621 219 1674 Τί
248 1618 317 1691 ἦν
337 1623 366 1674 ὃ
400 1624 651 1688 ἐποίουνς
709 1643 728 1676 ι
756 1626 1005 1679 Ἐδωκαν
1038 1628 1285 1693 ἑαυτοὺς,
1324 1629 1479 1698 φησι,
1511 1629 1729 1699 πρῶτον

154 1716 229 1785 τῷ
259 1716 456 1786 Κυρίῳ
512 1717 604 1770 καὶ
651 1720 804 1787 ἡμῖν,
857 1719 945 1772 διὰ
1011 1720 1317 1791 θελήματος
1366 1720 1523 1777 Θεοῦ.
1555 1741 1572 1772 ι
1617 1723 1731 1775 Οὐκ

155 1792 363 1858 ἔδωκαν
408 1806 572 1876 μέρος
607 1823 685 1870 τι,
721 1807 815 1860 καὶ
851 1808 1013 1879 μέρος
1035 1812 1169 1880 παρ’
1201 1811 1411 1873 ἑαυτοῖς
1442 1811 1729 1881 κατέσχον,

1098 417 1479 482 COMMENT.
1538 417 1621 479 1N
1650 368 1980 478 EPISTaII
2019 415 2119 476 AD
2158 414 2515 478 CORINTH.

3270 410 3406 475 1010

585 529 949 601 παρεκάλουν,
985 530 1215 596 ἐδέοντο,
1241 532 1333 584 καὶ
1361 530 1461 582 οὐκ
1497 530 1721 582 ἀνίεσαν

1841 542 1975 581 num
2010 526 2226 582 lucrum
2264 527 2549 591 facientes,
2586 522 3007 581 obtestabantur
3055 530 3109 579 et
3152 523 3410 580 obsecra-

1823 619 1952 671 bant
1984 631 2120 672 :nec
2148 618 2473 686 quieverunt
2496 632 2525 670 a
2556 616 2835 687 precibus.
2868 614 3165 685 Rogantes.
3199 615 3405 686 inquit.

1822 724 1945 764 nos.
1972 707 2235 775 Quintqu
2268 709 2414 781 quod
2447 710 2609 765 etiam
2643 725 2809 780 supra
2843 724 2907 765 ea
2940 724 3061 779 quae
3094 713 3411 779 speraverat

1823 802 2048 857 Paulus.
2091 801 2228 858 Vide
2270 818 2378 873 quo
2417 818 2531 859 rem
2584 804 2906 875 produxerit
2946 822 2959 858 :
3007 804 3071 859 Et
3119 803 3409 873 meipsum,

1823 895 2023 968 inquit,
2079 896 2255 964 magis
2297 896 2705 966 magnanimum
2767 894 3121 951 reddiderunt
3168 913 3183 961 ;
3237 910 3413 964 neque

1824 986 1968 1041 enim
2007 1000 2108 1055 ego
2158 986 2275 1050 ipse
2324 986 2614 1055 sperabam
2667 986 2815 1055 quod
2871 995 2979 1039 tam
3041 985 3412 1041 abundantem

1826 1076 2229 1149 eleemosynam
2267 1084 2529 1145 praestare
2564 1088 2806 1147 possent.
2840 1077 2908 1131 At
2939 1093 3007 1131 ne
3039 1076 3155 1132 haec
3196 1076 3413 1147 quidem

1826 1167 1904 1222 illi
1951 1167 2084 1221 satis
2137 1167 2379 1232 luerunt,
2438 1168 2533 1222 sed
2586 1168 2654 1222 ad
2698 1168 3158 1239 complementum
3204 1166 3419 1239 periodi

1826 1256 1971 1327 quod
1999 1257 2255 1313 omnibus
2283 1258 2459 1327 majus
2490 1265 2575 1313 est
2599 1261 2800 1328 posuit.
2834 1259 2973 1325 Quid
3002 1260 3147 1314 enim
3179 1258 3302 1319 fuit.
3328 1258 3417 1313 in-

1829 1348 1970 1415 quit,
2001 1349 2146 1417 quod
2167 1348 2323 1418 juxta
2349 1350 2517 1411 vires,
2536 1357 2590 1403 et
2619 1365 2788 1420 supra
2820 1350 3057 1416 vires,et
3087 1350 3343 1416 ultronei,
3363 1358 3418 1404 et

1828 1437 2166 1494 obtestantes
2214 1455 2277 1494 ac
2320 1448 2563 1502 orantes,
2597 1448 2649 1493 et
2696 1439 2822 1507 plus
2860 1455 3024 1508 quam
3067 1455 3419 1509 spcraremus

1830 1532 2126 1588 fecerunt?
2157 1531 2202 1588 Ο
2232 1532 2663 1604 magnitudinem
2690 1530 2909 1585 virtutis
2934 1546 2998 1585 ac
3024 1529 3413 1603 eleemosyna',

1829 1626 2006 1697 dignae
2039 1642 2170 1682 sane
2213 1625 2367 1681 Pauli
2412 1626 2679 1682 encomiis
2717 1626 2731 1679 ι
2763 1623 2909 1691 Quid
2951 1632 3037 1679 est
3086 1623 3219 1678 illud
3271 1624 3418 1693 quod

1833 1716 2080 1773 fecerunt
2111 1719 2134 1773 ’ἒ
2170 1737 2187 1770 ι
2221 1718 2469 1789 Scipsos,
2500 1717 2696 1789 inquit,
2731 1717 3021 1778 dederunt,
3052 1716 3286 1785 primum
3312 1713 3420 1769 Do-

1833 1809 2000 1875 mino,
2042 1807 2238 1865 deinde
2281 1818 2335 1864 et
2380 1810 2538 1866 nobis
2575 1825 2674 1880 per
2708 1809 3041 1865 voluntatem
3082 1807 3201 1863 Dei.
3238 1826 3255 1859 ι
3298 1805 3418 1861 Non

155 1887 267 1947 ἀλλ’
302 1897 536 1959 ἑαυτοὺς
587 1897 740 1961 ὅλους
778 1899 857 1968 τῷ
894 1901 1109 1970 Κυρίῳ,
1172 1902 1397 1967 ὡσανεὶ,
1464 1903 1584 1955 οὐδὲ
1629 1902 1727 1966 τὰς

1841 1910 2040 1971 partem
2088 1902 2326 1973 aliquam
2378 1903 2649 1958 dederunt
2690 1911 2744 1959 et
2794 1909 3005 1973 partem
3048 1902 3149 1958 sibi
3183 1900 3423 1955 retinue-

155 1984 247 2037 τοῦ
306 1986 412 2058 ζῇν
454 1989 709 2058 ἀφορμὰς
751 1991 966 2053 ἑαυτοῖς
1026 1991 1339 2056 κατέλιπον,
1396 1993 1531 2046 ἀλλά
1553 1994 1731 2047 πάντα

155 2076 359 2144 δόντες,
418 2080 517 2152 τὴν
568 2081 776 2134 ἑαυτῶν
832 2082 1090 2154 πρόνοιαν
1134 2086 1313 2137 πᾶσαν
1340 2085 1435 2137 καὶ
1476 2085 1734 2155 φροντίδα

163 2170 423 2225 ἀνέθεντο
454 2173 531 2243 τῷ
564 2175 774 2245 Κυρίῳ.
835 2176 926 2229 Διὸ
994 2177 1172 2230 καὶτὸ
1204 2177 1435 2248 μέγεθος
1479 2179 1673 2232 ἐννοῶν
1705 2180 1735 2229 ὁ

159 2261 372 2323 Παῦλος
396 2262 489 2316 τοῦ
518 2264 964 2335 κατορθώματος,
997 2268 1213 2336 ἐπάγει,
1252 2287 1270 2320 ι
1296 2270 1391 2323 Διά
1431 2270 1761 2342 θελήματος.

158 2349 311 2404 Θεοῦ.
344 2371 364 2403 ι
426 2354 573 2406 ’Δντι
626 2355 742 2419 τοῦ,
794 2357 887 2427 Μὴ
944 2358 1254 2432 θαυμάσῃς,
1291 2362 1733 2434 ἀνθρωπεοθεὸν

158 2438 300 2510 εἶχον
331 2447 619 2515 συνεργὸν,
673 2448 861 2502 τοῦτον
893 2450 984 2504 διά
1017 2453 1118 2520 τῆς
1170 2454 1551 2525 προαιρέσεως
1576 2456 1734 2525 ἐφελ-

161 2535 480 2604 κυσάμενοι.
529 2537 697 2592 Ἔνθα
716 2538 772 2592 δὲ
798 2541 929 2603 Θεὸς
959 2547 1212 2614 συνεργεῖ
1262 2545 1415 2599 οὐδὲν
1448 2547 1731 2604 ἀδύνατον.

161 2624 299 2695 Ὅρα
328 2627 391 2680 δὲ
422 2628 539 2693 πῶς
596 2631 756 2701 χάριν
794 2634 927 2686 αὐτὸ
962 2638 1056 2688 καὶ
1098 2638 1387 2692 κοινωνίαν
1437 2641 1620 2694 καλῶν
1643 2643 1736 2696 ἐπὶ

160 2715 300 2770 τέλει
347 2720 595 2788 ἀνεῖπεν,
655 2724 737 2777 ὅτι
765 2725 900 2789 ὅλως
931 2728 1156 2791 ἑαυτοὺς
1186 2730 1414 2787 ἔδωκαν.
1449 2750 1466 2782 ι
1495 2732 1605 2786 Καὶ
1636 2734 1735 2805 τὴν

162 2810 454 2864 κοινωνίαν
517 2813 619 2884 τῆς
670 2815 1009 2880 διακονίας.»
1080 2821 1235 2874 Ἐπεὶ
1293 2822 1535 2895 ζηλωταὶ
1595 2822 1736 2897 ἦσαν

162 2900 488 2968 ἀνθρώπων,
520 2904 684 2975 χάριν
705 2911 800 2962 και
824 2911 1072 2984 χάρισμα
1096 2914 1154 2966 τὸ
1179 2916 1417 2986 πρᾶγμα
1441 2918 1619 2981 καλεῖ,
1648 2920 1736 2973 ἵνα

163 2992 529 3063 ἐπιδράμωσι.
560 2999 859 3053 Κοινωνίαν
881 3003 937 3055 δὲ
987 3004 1144 3057 καλεῖ
1188 3008 1287 3076 τὴν
1342 3008 1733 3080 ἐλεημοσύνην,

132 3082 379 3146 ,δεικνὺς
405 3086 485 3140 ὃτι
503 3089 553 3141 οί
580 3090 678 3159 μὲν
707 3092 968 3162 χρήματα
989 3094 1245 3155 διδόασιν.
1277 3100 1330 3151 οῖ
1351 3099 1408 3153 δὲ
1428 3100 1733 3170 λαμϐάνον-

164 3190 269 3238 τες,
296 3178 405 3247 τὴν
434 3182 587 3252 παρὰ
623 3182 756 3236 Θεοῦ
783 3184 1037 3255 βοήθειαν
1053 3189 1239 3253 αὐτοῖς
1264 3193 1734 3265 συνεισφέρουσιν.

236 3285 257 3317 ι
298 3244 416 3321 κει
447 3244 719 3337 οῦκαθὼς
747 3244 1075 3348 ἠλπίσαμεν.
1107 3299 1124 3332 ι
1154 3244 1325 3336 Τοῦτο
1357 3244 1615 3355 καὶιπρδς
1763 3244 1806 3305 C

166 3357 373 3429 θλίψεις
415 3362 509 3415 καὶ
541 3362 638 3434 τὴν
672 3367 947 3438 ποσότητα
978 3371 1216 3439 νοητέον.
1260 3374 1335 3426 Οὐ
1369 3377 1479 3445 γάρ
1508 3376 1741 3447 ἠλπίσαο

170 3465 285 3517 μεν,
314 3454 508 3520 φησὶν,
547 3454 629 3509 ὃτι
659 3457 716 3511 ὲν
750 3458 927 3530 θλίψει
957 3462 1109 3526 ὄντες
1142 3466 1399 3539 τοσαύτῃ.
1438 3468 1470 3541 ἢ
1505 3467 1736 3534 ἔδωκαν,

167 3541 473 3609 ῆτοσαῦτα
513 3546 741 3604 ἔδωκαν.
778 3570 799 3604 ι
844 3554 985 3607 Ἀλλ’
1031 3556 1254 3621 ἑαυτοὺς
1293 3559 1527 3614 ἔδωκαν.
1570 3581 1587 3614 ι
1626 3564 1742 3617 Οὐκ

167 3634 222 3686 ἐν
253 3636 418 3704 μέρει
458 3639 574 3707 μὲν,
619 3643 772 3712 φησι,
796 3644 875 3715 τῷ
902 3647 1114 3718 Κυρίῳ.
1157 3651 1214 3704 ὲν
1247 3653 1402 3720 μέρει
1434 3654 1492 3706 δὲ
1515 3657 1627 3718 τοῖς
1651 3672 1743 3708 κο-

171 3730 390 3793 σμικοῖς
419 3731 759 3800 πράγμασιν,
794 3734 911 3788 ἀλλ’
948 3737 1059 3790 ὅλοι
1088 3738 1158 3792 δι’
1190 3740 1325 3794 ὅλων
1361 3743 1568 3797 ἔδωκαν
1609 3747 1739 3800 ἐαυ-

167 3821 287 3883 τοὺς
317 3820 405 3890 τῷ
431 3823 642 3894 Κυρὶῳ.
677 3826 787 3879 Καὶ
816 3828 951 3897 ἡμῖν
974 3829 1029 3882 δὲ
1052 3831 1154 3885 οὐκ
1182 3832 1326 3904 είκῆ,
1362 3835 1498 3888 ἀλλά
1530 3836 1619 3890 διὰ
1650 3838 1742 3891 θε-

168 3911 414 3984 λήματος
444 3916 601 3982 Θεοῦ,
635 3920 902 3985 τουτέστι,
930 3923 1017 3977 διά
1060 3925 1121 3977 τὸ
1151 3926 1359 3997 θέλημα
1387 3930 1481 3982 καὶ
1522 3929 1581 3983 τὸ
1616 3932 1744 4001 ἀρε-

170 4004 290 4058 στὸν
320 4006 469 4075 Θεῷ,
500 4009 657 4062 τοῦτο
705 4012 1004 4078 ποιοῦντες.
1047 4035 1065 4067 ι
1121 4017 1215 4081 Είς
1253 4019 1313 4072 τὸ
1365 4020 1743 4089 παρακαλέσαι

167 4096 311 4165 ἡμᾶς
345 4097 528 4155 Τίτον.
563 4119 581 4151 ι
621 4101 729 4155 Καὶ
759 4103 1031 4171 τοσοῦτον,
1064 4109 1250 4176 φησὶν,
1281 4107 1488 4163 ἔδωκαν
1519 4110 1744 4174 ἑαυτοὺς

168 4186 303 4256 πρὸς
353 4187 535 4253 τοῦτο,
582 4188 721 4244 ὥστε
762 4192 935 4247 ἐλθεῖν
992 4213 1060 4265 με
1109 4199 1186 4259 εἰς
1233 4199 1295 4251 τὸ
1332 4200 1547 4269 πέμψαι
1585 4202 1745 4256 Τίτον

169 4276 295 4347 περ)⁵
352 4276 545 4330 τούτου
586 4280 721 4348 πρὸς
770 4282 936 4353 ὑμᾶς,
991 4286 1076 4339 ῐνα
1139 4287 1214 4357 μὴ
1260 4288 1481 4345 ἔλαττον
1532 4293 1744 4362 σχοίητε

167 4362 523 4420 Μακεδόνων.
582 4387 603 4420 ι
648 4369 767 4423 Ἵνα
806 4370 989 4435 καθὼς
1042 4374 1432 4445 προενήρξατο.
1483 4394 1502 4428 ι
1541 4377 1748 4431 Οίκειοῖ

170 4454 357 4517 αὐτοῖς
398 4455 491 4508 τὸν
540 4457 718 4512 Τίτον.
763 4460 1015 4514 Δείκνυσι
1045 4462 1154 4533 γὰρ
1192 4464 1376 4529 αὑτὸν,
1411 4465 1746 4535 προθέμενον

1833 2002 1979 2059 runt,
2009 2008 2074 2048 ac
2105 1995 2150 2049 si
2175 1994 2418 2050 diceret:
2446 1994 2526 2049 Ne
2552 1996 2772 2050 vivendi
2802 1995 3021 2065 quidem
3055 1991 3300 2049 subsidia
3319 1991 3423 2047 sibi

1830 2085 2197 2148 retinuerunt,
2229 2085 2322 2140 sed
2352 2085 2496 2140 datis
2522 2085 2802 2149 omnibus,
2821 2099 2976 2138 suam
3009 2084 3253 2154 ipsorum
3292 2097 3422 2149 pro-

1831 2175 2128 2231 videntiam
2163 2191 2381 2231 onmem
2414 2184 2469 2231 et
2513 2191 2701 2230 curam
2734 2175 2787 2229 ia
2820 2175 3110 2229 Dominum
3151 2187 3420 2242 reposue-

1833 2274 1982 2322 runt.
2024 2267 2153 2322 Ideo
2182 2282 2405 2337 quoque
2434 2266 2649 2334 Paulus
2693 2266 3125 2337 magnitudinem
3173 2264 3422 2335 praeclari

1832 2356 2096 2413 facinoris
2138 2358 2465 2429 intelligens,
2507 2357 2813 2428 subjungit.
2859 2375 2879 2409 ι
2927 2355 3030 2410 Per
3084 2354 3421 2410 voluntatem

1835 2449 1948 2512 Dei,
1993 2467 2012 2501 ι
2063 2460 2320 2519 tanquam
2362 2449 2590 2504 dixisset
2632 2469 2646 2503 :
2689 2447 2769 2503 Ne
2811 2446 3121 2509 admireris,
3157 2460 3190 2499 ο
3238 2446 3421 2499 homo.

1836 2538 2005 2593 Deum
2044 2537 2320 2593 habebant
2341 2539 2746 2603 auxiliatorem,
2775 2554 2937 2608 quem
2964 2538 3212 2593 ultronea
3240 2548 3425 2604 prom-

1835 2637 2034 2700 ptaque
2067 2629 2344 2685 voluntate
2368 2638 2725 2685 attraxerant.
2747 2628 2849 2685 Ubi
2871 2644 3002 2684 vero
3023 2627 3165 2683 Deus
3195 2626 3430 2681 auxilia~

1836 2729 1945 2785 tor,
1981 2721 2111 2777 nihil
2136 2722 2474 2791 impossibile
2503 2732 2605 2777 est.
2624 2721 2927 2776 Considera
2952 2728 3133 2774 autem
3152 2718 3426 2788 quomodo

1837 2829 1957 2868 cum
1981 2813 2133 2882 prius
2163 2813 2295 2867 illud
2325 2822 2574 2869 vocasset
2597 2813 2827 2881 gratiam
2848 2825 2911 2865 ac
2931 2810 3431 2881 participationem,

1840 2903 1892 2958 in
1933 2903 2038 2958 ﬁne
2084 2903 2358 2958 addiderit
2403 2902 2550 2972 quod
2601 2902 2827 2957 omnino
2879 2900 3094 2970 scipsos
3134 2900 3421 2955 dederunt.

1844 3013 1863 3047 ι
1906 2994 1970 3047 Et
1995 2993 2467 3064 participationem
2501 2991 2812 3046 ministerii.
2852 3009 2871 3043 ι
2906 2990 3172 3056 Quoniam
3202 2988 3426 3042 annula-

1839 3092 1988 3138 tores
2025 3094 2180 3140 erant
2219 3085 2523 3149 hominum,
2556 3098 2665 3138 rem
2705 3083 2880 3152 ipsam
2927 3080 3069 3136 dicit
3098 3080 3327 3152 gratiam
3361 3094 3426 3132 ac

1842 3178 2045 3232 donum
2090 3186 2149 3230 ut
2192 3186 2506 3231 occurrant.
2561 3175 2975 3246 Eleemosynam
3028 3181 3211 3230 autem
3270 3181 3427 3227 vocat

1843 3270 2314 3340 participationem
2340 3308 2355 3333 ,
2396 3268 2696 3324 ostendens
2724 3267 2867 3337 quod
2896 3266 2972 3321 illi
3003 3266 3223 3336 quidem
3262 3280 3428 3335 pecu-

1842 3362 1962 3415 nias
1994 3362 2244 3415 tribuunt
2278 3378 2292 3427 ;
2331 3361 2424 3431 qui
2464 3376 2593 3415 vero
2618 3360 2921 3430 accipiunt,
2958 3359 3126 3430 659
3156 3358 3424 3413 auxilium

1842 3467 1872 3506 a
1902 3453 2007 3507 Deo
2039 3452 2170 3523 ipsis
2198 3452 2503 3507 conferunt.
2538 3471 2557 3504 ι
2600 3452 2663 3506 Et
2706 3468 2814 3506 non
2853 3459 3124 3523 quatenus
3169 3450 3428 3521 speraba-

1844 3559 1986 3598 mus.
2032 3561 2049 3594 ι
2091 3544 2207 3597 Hoc
2242 3552 2296 3598 et
2324 3542 2391 3596 ad
2426 3542 2750 3598 aﬂlictiones
2783 3551 2836 3597 et
2864 3543 2932 3597 ad
2958 3542 3316 3611 quantitatem
3344 3541 3430 3594 in.

1845 3636 2191 3706 telligendum
2222 3644 2326 3690 est.
2354 3634 2476 3689 Non
2501 3636 2645 3689 enim
2675 3636 3055 3705 sperabamus,
3090 3649 3212 3689 cum
3242 3643 3431 3689 essent

1844 3728 1897 3780 in
1950 3726 2255 3791 aﬂlictione,
2306 3726 2452 3794 quod
2502 3734 2597 3780 aut
2640 3724 2836 3780 darent
2884 3734 2977 3779 aut
3008 3733 3161 3781 tanta
3209 3726 3424 3779 darent.

1850 3838 1867 3870 ι
1907 3818 2011 3872 Sed
2043 3819 2255 3888 scipsos
2284 3818 2574 3874 dederunt.
2623 3839 2640 3871 ι
2682 3819 2800 3875 Νοη
2831 3821 3055 3890 partim,
3086 3819 3288 3886 inquit.
3327 3818 3430 3871 Do-

1847 3908 2015 3967 mino,
2062 3907 2258 3975 partim
2299 3922 2430 3962 vero
2470 3909 2763 3965 mundanis
2813 3909 3002 3975 rebus,
3052 3910 3148 3965 sed
3200 3907 3301 3964 toti
3335 3923 3431 3978 per

1844 4000 2026 4051 omnia
2054 3998 2323 4053 dederunt
2351 4000 2563 4069 scipsos
2594 4000 2850 4067 Domino,
2895 4002 3057 4056 nobis
3098 4010 3278 4055 autem
3319 4014 3428 4054 non

1844 4096 2072 4154 temere,
2106 4090 2201 4146 sed
2237 4107 2333 4162 per
2362 4093 2698 4147 voluntatem
2734 4092 2828 4147 Dei
2854 4111 2867 4147 :
2895 4095 3000 4149 hoc
3032 4102 3139 4158 est,
3168 4091 3432 4147 facientes

1848 4179 1967 4236 ideo
1997 4180 2141 4250 quod
2173 4182 2577 4251 beneplacitum
2613 4198 2676 4237 ac
2706 4172 2961 4240 voluntas
2986 4184 3078 4239 Dei
3107 4191 3275 4238 esset.
3306 4200 3326 4234 ε
3354 4181 3433 4237 Ita

1847 4279 1906 4326 ut
1929 4272 2342 4327 adltortareinur
2370 4271 2576 4329 Titum.
2618 4291 2638 4326 ι
2692 4272 2759 4327 Ει
2792 4274 2947 4339 adeo,
2989 4274 3186 4345 inquit,
3219 4274 3435 4343 scipsos

1847 4364 1911 4414 ad
1949 4364 2049 4417 hoc
2082 4363 2450 4428 tradiderunt,
2477 4372 2538 4418 ut
2568 4365 2624 4418 in
2650 4364 2755 4418 hoc
2792 4366 3033 4419 venirem
3058 4403 3072 4428 ,
3111 4379 3220 4435 quo
3249 4362 3431 4435 Titum

1848 4454 1917 4509 de
1965 4455 2063 4508 hac
2101 4470 2161 4510 re
2208 4454 2275 4509 ad
2313 4471 2409 4511 vos
2444 4456 2742 4521 mitterem,
2791 4470 2861 4510 ne
2907 4434 3200 4512 inferiores
3237 4434 3435 4511 essetis

172 4544 265 4596 καὶ
312 4545 414 4613 ἀφ’
448 4546 642 4600 ἑαυτοῦ
691 4550 945 4603 ἀπελθεῖν
981 4552 1114 4619 πρὸς
1162 4554 1498 4623 Κορινθίους,
1534 4556 1619 4609 ἵνα
1670 4555 1738 4627 μὴ

1851 4545 2257 4601 Macedonibus.
2294 4564 2313 4598 ι
2343 4547 2415 4602 Ut
2450 4547 2594 4602 sicut
2628 4555 2787 4603 antea
2815 4553 3077 4618 cceperat.
3112 4566 3134 4599 ι
3166 4544 3437 4601 Conciliat

174 4635 524 4691 ἐλαπωθῶσι
554 4641 880 4697 Μακεδόνων
908 4659 924 4676 θ
950 4644 1107 4697 τοῦτο
1130 4645 1187 4698 δὲ
1218 4648 1435 4717 ἀγάπης
1464 4644 1531 4719 ἦν
1559 4650 1742 4702 Τίτου.

176 4725 314 4792 Ἱνα,
360 4730 515 4796 φησι,
551 4728 734 4793 καθὼς
774 4732 1146 4803 προενήρξατο
1178 4736 1442 4801 τουτέστι,
1487 4738 1747 4808 προέθετο

172 4815 232 4869 τὸ
253 4817 371 4870 δεῖν
403 4818 577 4872 ἐλθεῖν
626 4821 763 4891 πρὸς
796 4823 962 4891 ὑμᾶς,
1007 4842 1026 4876 ι
1065 4826 1173 4879 Καὶ
1201 4827 1505 4900 ἐπιτελέσῃ,
1535 4848 1553 4880 ι
1594 4847 1747 4883 τουτ-

176 4909 293 4962 έστι
325 4910 595 4983 πληρώσῃ
630 4914 691 4965 τὸ
739 4916 1067 4987 ἐγχείρημα.
1108 4918 1276 4971 Τοῦτο
1315 4920 1369 4972 δέ
1408 4924 1522 4975 ἐστι
1556 4923 1617 4975 τὸ
1647 4940 1749 4976 πα-

179 5005 516 5067 ρασκευάσαι
554 5003 715 5057 αὑτὸν
754 5007 832 5068 είς
860 5005 1024 5075 ἔργον
1062 5008 1207 5078 ὑμᾶς
1237 5010 1464 5076 ἀγαγεῖν
1500 5010 1560 5063 τὸ
1606 5014 1746 5066 κατά

175 5090 270 5163 τὴν
321 5093 714 5165 ἐλεημοσύνην.
765 5117 784 5149 ‹
818 5097 1004 5162 υῦτως
1051 5101 1336 5171 ἐπιτελέσῃ
1390 5104 1470 5165 είς
1519 5103 1683 5172 ὑμᾶς.
1723 5124 1742 5157 ι

188 5179 277 5244 Ὠς
310 5184 408 5235 καὶ
456 5185 525 5236 τὰ
570 5187 733 5239 λοιπά
787 5189 934 5257 ὑμῖν,
970 5191 1124 5259 φησὶ,
1149 5190 1450 5261 διήνυσται,
1495 5195 1640 5266 ἆπερ
1668 5197 1748 5249 ’ἐν

172 5274 281 5335 τοῖς
313 5275 427 5327 ἄνω
462 5282 751 5346 μαρτυρεῖ.
781 5279 922 5350 Ὅρα
958 5280 1016 5333 δὲ
1049 5281 1165 5343 πῶς
1188 5284 1462 5355 πανταχοῦ
1499 5285 1747 5356 χάρισμα

174 5359 330 5414 καλεῖ
362 5362 460 5433 τὴν
512 5364 900 5438 ἐλεημοσύνην.
956 5371 1063 5423 Καὶ
1096 5371 1195 5442 τὴν
1225 5373 1383 5444 χάριν
1427 5374 1554 5443 γὰρ,
1590 5377 1742 5447 φησι,

175 5452 402 5524 τιύτην.

262 5720 419 5777 Ἀλλ’
452 5722 657 5792 ὥσπερ
683 5726 753 5779 ἐν
785 5728 963 5783 παντί
1003 5733 1392 5798 περισσεύετε
1426 5734 1624 5790 πίστει
1655 5736 1751 5788 καὶ

177 5812 342 5879 λογῳ
372 5813 470 5868 καί
507 5814 721 5885 γνώσει
770 5818 867 5872 καί
912 5818 1080 5890 πάσῃ
1123 5822 1386 5891 σπουδῇ,
1438 5826 1536 5879 καί
1582 5824 1654 5894 τῇ
1684 5826 1754 5890 ἐξ

1854 4637 1988 4707 ipsis
2016 4636 2223 4692 Titum.
2250 4637 2503 4693 Ostendit
2542 4640 2687 4693 enim
2718 4639 2864 4707 quod
2895 4639 3243 4710 proposuerit
3268 4636 3436 4694 etiam

1849 4743 1878 4780 a
1909 4729 2091 4797 scipso
2127 4728 2396 4798 proﬁcisci
2429 4729 2496 4785 ad
2534 4730 2872 4797 Corinthios,
2931 4745 2999 4785 ne
3038 4729 3325 4784 inferiores
3347 4743 3438 4784 es-
3534 4740 3540 4745 '

1852 4828 1976 4873 sent
2008 4818 2395 4875 Macedonibus
2426 4834 2442 4873 :
2482 4820 2584 4876 hoc
2613 4829 2734 4875 erat
2772 4821 2979 4875 amoris
3010 4819 3141 4875 Titi.
3184 4818 3257 4875 Ut
3293 4818 3437 4874 sicut

1852 4919 2009 4962 antea
2037 4918 2302 4979 coeperat,
2335 4912 2513 4981 inquit
2539 4930 2552 4965 :
2574 4912 2677 4967 hoc
2705 4919 2812 4977 est,
2842 4920 3201 4982 proposuerat
3223 4921 3277 4969 et
3299 4926 3435 4967 con-

1853 5013 2071 5070 ceperat
2094 5004 2240 5073 quod
2272 5013 2549 5072 oporteret
2576 5006 2762 5061 venire
2803 5005 2871 5059 ad
2901 5019 2999 5058 vos
3024 5022 3040 5066 ;
3067 5023 3087 5056 ι
3116 5004 3196 5059 ita
3220 5014 3278 5059 et
3298 5019 3437 5059 con-

1852 5100 2203 5143 summaret.»
2251 5091 2363 5145 lloc
2396 5099 2503 5156 est,
2543 5108 2656 5147 rem
2677 5101 2937 5149 tentatam
2959 5095 3256 5165 compleret
3285 5113 3299 5149 :
3332 5095 3451 5152 boc,

1850 5193 2029 5235 autem
2061 5189 2145 5234 est
2178 5182 2353 5250 ipsum
2394 5183 2499 5236 lioc
2528 5180 2741 5238 edicere
2773 5192 2830 5238 ut
2859 5198 2953 5240 vos
3002 5185 3070 5241 ad
3104 5200 3251 5254 Opus
3269 5185 3440 5241 dedoq-

1850 5284 1937 5330 cat
1967 5274 2108 5342 quod
2136 5272 2202 5325 ad
2235 5273 2636 5344 elccmosynam
2671 5276 2925 5345 pertinet.
2964 5254 3085 5331 iha
3105 5286 3158 5332 et
3180 5292 3439 5333 eonsum~

1853 5372 2025 5420 maret
2056 5380 2182 5433 erga
2215 5379 2332 5420 vos.
2379 5383 2397 5416 ι
2441 5363 2599 5420 Sicut
2636 5374 2855 5433 caetera,
2900 5368 3102 5437 inquit,
3129 5367 3447 5427 'vobiscumt

1863 5467 2204 5530 transegerat
2260 5474 2380 5528 qua>
2438 5460 2492 5514 in
2558 5463 2935 5531 superioribus
2993 5470 3246 5517 testatur.
3302 5461 3439 5518 Vide

1856 5561 2035 5605 autem
2059 5551 2332 5620 quomodo
2368 5553 2767 5623 eleemosynam
2795 5555 3000 5626 ubique
3032 5552 3234 5608 donum
3257 5563 3436 5610 vocet.

1855 5641 2029 5694 Etiam
2060 5640 2221 5704 lianc,
2254 5640 2450 5708 inquit,
2477 5646 2731 5711 gratiam.

1928 5726 2062 5795 \‘lll,
2089 5730 2142 5792 7,
2177 5729 2228 5785 8.
2267 5726 2386 5784 Imo
2431 5733 2867 5801 quemadmodum
2916 5732 3101 5801 ubique
3150 5727 3440 5791 abundatia

1857 5822 1960 5898 ﬁde
1989 5834 2035 5878 et
2079 5838 2318 5878 sermone
2361 5832 2417 5877 et.
2453 5824 2672 5880 scientia
2713 5834 2760 5876 ct
2785 5824 2927 5881 omni
2960 5823 3256 5895 diligentia,
3293 5838 3342 5884 et
3379 5845 3446 5886 ea
