3906 6546
160 379 302 448 10ίῖ

1107 379 1491 442 COMMENT.
1528 380 1609 441 1N
1648 378 1886 441 E’PIST.
1927 385 1987 443 ΙΙ
2021 386 2507 451 AD‘CORINTH.

3285 387 3425 463 1014

160 499 311 567 ἥπερ
340 494 447 555 τοῖς
508 490 849 563 λαμϐάνουσι
893 491 1059 560 λέγω.
1108 508 1125 543 ι
1163 491 1375 559 Οἴτινςς
1404 492 1466 547 οὐ
1499 492 1659 563 μόνον
1680 493 1742 545 τὸ
1769 539 1774 551 ι

1881 495 2252 568 isuscipiatis.
2287 500 2448 573 661
2496 518 2515 553 ι
2545 499 2649 568 Qui
2671 499 2890 573 quidem
2921 516 3032 557 non
3067 502 3243 558 solum
3281 500 3426 557 face-

163 591 408 657 ποιῆσαι.
442 603 463 639 s
501 585 614 639 Καὶ
658 584 845 639 λοιπὸν
887 583 1035 653 λέγει
1075 584 1175 655 τὴν
1233 585 1479 657 γνώμην.
1511 585 1740 650 Οῖτινες,

165 680 355 748 φησὶν,
382 676 443 730 οὗ
478 678 639 745 μόνον
670 675 846 747 ἀρχὴν
866 676 1016 746 ἔχετε
1040 678 1177 748 πρὸς
1201 678 1261 732 τὸ
1279 680 1470 741 ποιεῖν,
1493 678 1628 733 ἀλλὰ
1650 678 1745 731 καὶ

168 770 309 841 πρὸς
328 770 387 824 τὸ
406 768 601 834 θέλειν,
622 769 955 833 τοντέστι,τὸ
975 770 1238 832 ἑκουσίως
1257 772 1451 833 ποιεῖν,
1469 770 1566 823 καὶ
1585 771 1748 840 μηδε-

167 862 259 926 νὸς
293 861 768 931 προτρεψαμένου,
799 878 817 913 ι
850 861 962 917 Νῦν
982 863 1078 914 καὶ
1106 863 1165 915 τὸ
1184 863 1408 931 ποιῆσαι
1431 862 1749 915 ἐπιτελέσα-

167 972 248 1017 τε,
278 973 300 1006 ι
340 954 605 1019 τουτέστι,
638 954 961 1024 πληρώσατε
994 954 1146 1016 αὐτὸ,
1168 953 1510 1023 δὲνήρξασθε
1542 955 1744 1009 θέλειν.

171 1047 434 1102 Βούλεται
471 1046 527 1098 δὲ
543 1046 604 1098 τὸ
633 1046 956 1115 αὐθαίρετον
989 1047 1083 1099 καὶ
1110 1046 1342 1110 τούτοις,
1376 1046 1451 1108 ὡς
1471 1046 1749 1100 Μακεδόσι

173 1139 458 1208 πριάψαι.
487 1156 507 1190 ι
544 1138 732 1200 Ὀπως
771 1137 1022 1207 καθάπερ
1047 1139 1079 1209 ἡ
1105 1137 1406 1210 προθυμία.
1442 1156 1463 1191 ι
1507 1138 1623 1192 Ἵνα
1649 1137 1745 1207 μὴ.

174 1231 363 1300 φησὶν,
381 1229 509 1301 ἄχρι
525 1228 838 1299 προθυμίας
865 1232 962 1300 στῇ
986 1231 1045 1282 τὸ
1069 1229 1235 1283 καλὸν
1255 1229 1416 1300 ἔργον
1439 1228 1618 1292 τοῦτο,
1637 1227 1749 1281 ἀλλ’

174 1321 368 1393 ὥσπερ
405 1324 441 1392 ἡ
480 1321 779 1393 προθυμία,
835 1324 900 1377 ἐκ
934 1321 1163 1393 γνώμης
1218 1322 1309 1375 καὶ
1353 1325 1415 1375 ὲκ
1449 1320 1753 1390 θελήματος

178 1414 428 1467 ἑκουσίου
456 1413 702 1482 γέγονεν,
733 1413 877 1473 οὕτω
921 1414 1014 1468 καὶ
1045 1413 1105 1467 τὸ
1133 1413 1232 1483 τὴν
1267 1411 1577 1483 προθυμίαν
1610 1410 1752 1482 πλη-

177 1505 425 1577 ρωθῆναι
469 1504 698 1575 γένηται
735 1508 810 1573 ,ἐκ
840 1505 935 1559 τοῦ
982 1504 1147 1574 ἔχειν,
1190 1504 1489 1569 τουτέστιν,
1544 1506 1611 1556 ὲκ
1658 1503 1751 1555 τοῦ

180 1597 405 1669 ἔχοντας
441 1599 792 1665 εἰσενεγκεῖν.
846 1596 933 1660 Ὠς
979 1599 1032 1652 εί
1072 1614 1136 1667 γε
1163 1596 1264 1653 οὐκ
1294 1595 1407 1668 ἔχει
1432 1611 1535 1660 τις,
1558 1594 1620 1647 τὸ
1646 1594 1755 1647 ἀπὸ

181 1691 279 1761 τῆς
312 1690 625 1763 προθυμίας
659 1691 998 1764 ἐπλήρωσεν.

255 1940 321 1991 Et
351 1936 460 2006 γὰρ
510 1938 549 2005 ἡ
601 1939 897 2007 προθυμία
932 1937 1254 2004 πρόκειται,
1305 1938 1452 1991 καθὸ
1490 1937 1599 1991 ἐὰν
1644 1936 1758 2006 ἔχῃ

184 2047 273 2095 τίς
304 2028 771 2096 εὐπρόσδεκτος,
806 2032 876 2085 οὐ
911 2032 1056 2085 καθὸ
1087 2032 1198 2084 οὐκ
1231 2029 1376 2098 ἔχει.
1410 2031 1493 2085 Οὐ
1524 2028 1633 2098 γὰρ
1660 2031 1761 2083 ἵνα

184 2120 400 2186 ἄλλοις
429 2122 655 2187 ἄνεσις,
695 2121 837 2189 ὑμῖν
865 2121 931 2175 δὲ
962 2122 1189 2190 θλίψις,
1222 2121 1359 2174 ἀλλ’
1385 2119 1452 2183 ἐξ
1485 2120 1763 2186 ἰσότητος

185 2214 255 2264 ἐν
299 2209 381 2277 τῷ
442 2211 558 2266 νῦν
590 2208 770 2279 καιρῷ
809 2211 876 2264 τὸ
922 2210 1091 2280 ὑμῶν
1132 2212 1508 2279 περίσσευμα
1559 2212 1647 2276 εις
1698 2211 1764 2265 τὸ

184 2303 435 2355 ἐκείνων
459 2302 787 2370 ὑστέρημα.
820 2304 951 2358 Ἵνα
973 2303 1070 2356 καί
1096 2304 1161 2355 τὸ
1184 2303 1431 2356 ἐκείνων
1445 2303 1765 2371 περίσσευ-

167 2410 266 2461 λμα
297 2392 560 2461 γένηται,
590 2396 675 2460 εις
704 2393 770 2446 τὸ
800 2393 966 2462 ὑμῶν
985 2394 1312 2465 ὑστέρημα,
1347 2395 1505 2459 ὅπως
1529 2395 1769 2464 γένηται

193 2485 426 2551 ἰσότης,
457 2483 651 2548 καθὼς
680 2486 1019 2554 γέγραπται.
1058 2487 1120 2541 '0
1149 2487 1212 2540 τὸ
1237 2487 1393 2541 πολὺ
1422 2488 1533 2541 οὐκ
1557 2486 1769 2540 ἐπλεό-

190 2588 365 2637 νασε,
403 2575 501 2627 καί
535 2577 570 2630 ό
604 2574 669 2629 τὸ
703 2575 912 2644 ὀλίγον
944 2577 1055 2631 οὐκ
1092 2577 1533 2646 ἠλαττόνησεν.

266 2864 646 2934 Προκειμὲνης
701 2865 828 2933 γὰρ,
853 2865 1005 2935 φησὶ,
1060 2866 1390 2937 προθυμίας,
1428 2867 1562 2921 καθὸ
1609 2870 1774 2939 μέρος

200 2957 331 3025 ἔχει,
386 2956 786 3025 εὐπροσδεκτός
832 2958 950 3010 ἐστι
990 2957 1140 3027 παρὰ
1184 2957 1322 3028 Θεῷ,
1361 2960 1464 3012 κᾶν
1497 2960 1690 3029 μικρὸν
1717 2955 1772 3032 ᾖ,

201 3049 301 3102 κᾶν
340 3047 508 3116 μηδὲν
644 3048 940 3111 παντελῶς.
996 3048 1147 3102 Καθὸ
1173 3050 1280 3120 γὰρ
1322 3048 1456 3118 ἔχει,
1488 3050 1675 3120 φησὶν,
1712 3052 1775 3103 οὑ

1847 602 1927 643 re.
1965 606 1984 640 ι
2037 589 2446 661 Consequenter
2491 591 2656 647 etiam
2709 591 2844 648 dicit
2888 592 3068 664 ipsum
3115 594 3426 649 consilium.

1846 678 1949 746 Qui
1983 681 2202 751 quidem
2243 699 2350 738 non
2380 683 2575 747 solum,
2606 684 2804 755 inquit,
2839 685 3166 754 principium
3213 684 3428 740 habetis

1848 772 1916 827 ad
1949 774 2257 829 iaciendum
2284 816 2299 841 ,
2329 792 2514 831 verum
2542 778 2706 832 etiam
2737 779 2804 834 ad
2837 780 3148 844 volendum,
3185 778 3287 832 hoc
3323 787 3428 842 est,

1849 875 1909 922 ut
1940 869 2243 922 voluntarie
2271 878 2325 921 et
2354 870 2505 925 nullo
2533 870 2859 926 adhortante
2892 871 3167 926 faceretis.
3215 889 3234 923 ι
3273 864 3432 924 Nune

1850 966 2030 1013 autem
2061 968 2114 1013 et
2142 959 2274 1014 illud
2304 962 2447 1030 quod
2481 960 2662 1017 facere
2689 963 2939 1031 empistis
2967 964 3231 1032 perﬁcite.
3257 981 3277 1015 ι
3318 962 3432 1019 Hoc

1851 1057 1955 1111 est,
1991 1050 2259 1118 complete
2303 1051 2438 1105 illud
2479 1052 2623 1121 quod
2647 1052 2759 1121 jam
2794 1055 2929 1109 velle
2972 1055 3234 1124 cmpistis.
3268 1052 3433 1123 Cupit

1852 1148 2034 1194 autem
2064 1140 2297 1203 eﬂicere,
2331 1149 2392 1197 ut
2422 1142 2473 1198 hi
2508 1158 2722 1213 quoque
2752 1145 2863 1197 sint
2895 1146 3128 1198 ultronei
3169 1144 3432 1214 quemad-

1854 1232 2071 1286 modum
2101 1231 2446 1299 Macedones,
2479 1252 2497 1286 ι
2528 1233 2597 1290 Ut
2626 1238 3081 1305 quemadmodum
3104 1238 3432 1307 promptitu-

1854 1322 1944 1379 do.
1983 1341 2002 1375 ι
2042 1323 2119 1378 Ne
2154 1325 2208 1377 in
2240 1325 2355 1379 sola
2389 1325 2554 1381 animi
2594 1328 3041 1397 promptitudine,
3082 1329 3301 1398 inquit,
3338 1328 3436 1381 bo-

1857 1430 1983 1469 num
2016 1415 2118 1469 hoc
2150 1430 2290 1485 opus
2322 1417 2484 1472 sistat
2518 1436 2530 1473 :
2565 1418 2659 1473 sed
2681 1420 3138 1489 quemadmodum
3171 1420 3435 1489 prompti-

1856 1504 1988 1560 tudo
2021 1522 2085 1560 ex
2121 1515 2303 1562 mente
2329 1515 2383 1561 et
2426 1508 2672 1565 ultronea
2705 1511 2991 1565 voluntate
3029 1510 3319 1581 processit,
3361 1511 3437 1565 ita

1854 1612 2070 1667 quoque
2104 1599 2392 1667 impleatur
2431 1601 2600 1656 animi
2638 1602 3031 1673 promptitudo.
3083 1599 3160 1656 Ex
3193 1616 3259 1656 eo
3291 1601 3437 1672 quod

1857 1690 2102 1760 possidet
2139 1709 2151 1743 :
2203 1691 2307 1746 hoe
2339 1701 2445 1757 est,
2473 1708 2539 1748 eo
2562 1693 2706 1763 quod
2754 1694 3096 1763 possidentes
3128 1694 3437 1759 conferant,

1860 1789 1920 1835 ut
1968 1782 2012 1836 si
2058 1783 2182 1852 quis
2223 1798 2330 1839 non
2380 1784 2597 1849 haheat,
2637 1785 2749 1855 jam
2780 1800 2849 1842 ex
2887 1785 2981 1840 illo
3019 1785 3164 1855 quod
3204 1783 3440 1855 prompti

1862 1872 2026 1926 animi
2050 1885 2167 1927 erat
2199 1890 2310 1928 rem
2334 1876 2645 1945 complevit.

1935 1960 2065 2026 VIII,
2103 1964 2289 2020 1245.
2318 1968 2529 2020 Etenim
2559 1968 2605 2019 si
2649 1968 2796 2033 prius
2836 1966 2978 2020 adsit
3037 1968 3203 2020 animi
3254 1982 3436 2033 prom-

1861 2054 2107 2121 ptitudo,
2162 2056 2316 2122 iuxta
2349 2056 2692 2126 quodcunque
2721 2056 2854 2109 illud
2905 2070 2981 2110 est
3023 2056 3163 2127 quod
3209 2056 3441 2124 possidet

1864 2139 2055 2212 aliquis
2080 2156 2323 2213 acceptus
2353 2156 2453 2209 est,
2476 2163 2576 2199 non
2619 2146 2783 2214 juxta
2812 2146 2867 2200 id
2895 2145 3154 2214 quodnon
3182 2146 3438 2212 possidet.

1868 2229 1990 2285 Non
2012 2231 2150 2284 enim
2184 2239 2237 2282 ut
2278 2229 2398 2282 aliis
2456 2229 2720 2284 reiaxatio
2754 2228 2846 2289 sit,
2890 2227 3034 2282 vobis
3075 2238 3249 2283 autem
3275 2244 3445 2298 angu-

1868 2325 1970 2378 stia
2001 2323 2126 2380 :sed
2146 2333 2201 2376 ut
2228 2339 2293 2377 ea:
2318 2322 2595 2391 parilitate
2616 2361 2630 2385 ,
2674 2321 2726 2376 in
2757 2324 3004 2390 prwsemi
3030 2333 3255 2389 tempore
3272 2332 3445 2378 vestra

1871 2417 2022 2485 copia
2064 2414 2279 2468 illorum
2339 2423 2617 2468 succurrat
2650 2415 2860 2483 inopiae,
2909 2423 2967 2469 ut
3020 2415 3180 2468 etiam
3225 2413 3445 2468 illorum

1877 2510 2031 2576 copia
2081 2516 2265 2562 uestra:
2312 2516 2609 2562 succurrat-
2651 2507 2862 2576 iiiopiw,
2923 2517 2976 2560 ut
3036 2508 3134 2576 ﬁat
3170 2507 3444 2575 parilitas,

1871 2598 2307 2669 quemadmodum
2361 2600 2611 2667 scriptum
2645 2607 2743 2652 est.
2778 2597 2883 2664 Qui
2936 2597 3159 2655 multum
3202 2596 3446 2664 habebat,

1874 2690 1993 2743 huic
2019 2689 2151 2742 nihil
2189 2690 2451 2758 superfuit
2482 2707 2501 2745 :
2523 2698 2571 2744 et
2602 2692 2690 2760 qui
2728 2690 2947 2761 paulum
2992 2690 3243 2755 habebat.
3288 2692 3333 2748 is
3364 2693 3448 2748 tti-

1875 2776 2160 2832 Itt'lomiuus
2194 2778 2401 2833 habuit.

1942 2868 2235 2923 Praemissa
2305 2868 2449 2923 enim
2510 2870 2677 2924 animi
2747 2871 3198 2941 promptitudine,
3253 2872 3446 2940 inquit,

1876 2971 2133 3030 acceptus
2159 2969 2244 3017 est
2279 2960 2554 3030 quispiam
2586 2976 2616 3014 a
2646 2961 2756 3017 Deo
2802 2962 2962 3032 juxta
3015 2972 3223 3032 partem
3283 2977 3449 3034 quam

1876 3053 2147 3123 possidet,
2199 3053 2315 3108 sive
2383 3068 2550 3123 parva
2574 3055 2668 3119 sit,
2720 3054 2832 3111 sive
2888 3054 3022 3109 nihil
3077 3054 3303 3109 omnino
3352 3056 3446 3108 sit.

200 3139 333 3192 καθὸ
358 3138 461 3191 οὐκ
491 3139 624 3207 ἔχει,
652 3139 984 3193 ἀπαιτεῖται.
1016 3158 1035 3193 ι
1089 3139 1164 3192 Οὐ
1192 3140 1299 3210 γὰρ
1340 3141 1427 3193 ἵνα
1462 3140 1640 3204 ἄλλοις
1677 3140 1774 3195 ἇν-

1881 3142 2037 3199 Juxta
2070 3145 2123 3199 id
2151 3184 2166 3211 ,
2188 3144 2286 3209 ait,
2317 3145 2461 3214 quod
2489 3145 2748 3215 possidet,
2776 3159 2885 3200 non
2913 3144 3068 3212 juxta
3098 3143 3149 3199 id
3174 3144 3318 3213 quod
3342 3160 3452 3200 non

201 3249 334 3293 £3t;.
385 3250 403 3282 ι
438 3231 512 3284 Οὐ
559 3230 667 3302 γὰρ
702 3230 790 3282 ἵνα
835 3229 987 3285 ἄλλοι
1048 3231 1185 3300 μετὰ
1223 3231 1461 3295 ἀνέσεως
1500 3232 1773 3302 τραφῶσι,

202 3325 303 3393 χρὴ
339 3324 485 3391 ὑμᾶς
517 3322 656 3392 ὑπὲρ
677 3321 904 3389 δύναμιν
931 3322 1134 3386 δοῦναι,
1162 3323 1302 3378 ὥστε
1333 3326 1424 3378 καὶ
1456 3324 1659 3379 ἔνδειαν
1682 3326 1776 3379 καὶ

206 3412 387 3480 θλίψιν
419 3413 709 3479 ὑπομεῖναι
743 3413 805 3465 ὲκ
839 3413 1046 3467 τούτου.
1067 3413 1238 3468 Τοῦτο
1267 3416 1346 3485 δὲ,
1387 3416 1472 3471 διὰ
1505 3415 1566 3468 τὸ
1597 3417 1777 3470 αὐτῶν

202 3503 396 3567 ἀτελές
461 3521 645 3573 φησιν,
683 3504 740 3557 ’0
774 3504 878 3575 γὰρ
910 3505 1226 3567 Μακεδόνας
1262 3506 1498 3560 ἐπαινῶν
1526 3509 1607 3562 ὅτι
1639 3507 1778 3579 ὑπὲρ

203 3596 435 3665 δᾶναμιν
465 3595 691 3660 ἔδωκαν,
718 3597 874 3665 δῆλός
899 3599 1016 3651 ὲστι
1044 3598 1137 3650 καὶ
1169 3597 1392 3662 τούτους
1422 3599 1581 3653 τοῦτο
1608 3602 1779 3654 ποιεῖν

205 3689 431 3742 ἐθέλων.
478 3690 695 3757 ’Δμέλει
744 3688 1115 3759 παρακατιὼν,
1150 3691 1559 3760 αἰνιγματωδῶς
1606 3709 1779 3746 κατα·

208 3781 468 3844 σκευάζει
512 3781 574 3834 τὸ
603 3782 716 3835 δεῖν
758 3781 904 3850 ὑπὲρ
953 3781 1180 3848 δύναμιν
1219 3781 1436 3837 διδόναι.
1476 3800 1494 3834 ι
1552 3783 1690 3837 Ἀλλ’
1721 3784 1780 3851 ἐξ

210 3871 481 3942 ἰσότητος.
517 3891 538 3925 ι
582 3874 830 3942 Κομᾶτε,
866 3872 1022 3942 φησὶ,
1063 3873 1339 3943 χρήμασιν
1374 3875 1552 3942 ὑμεῖς,
1585 3876 1783 3931 ἐκεῖνοι

209 3963 263 4016 δὲ
292 3966 364 4030 τῇ
409 3965 489 4027 είς
528 3963 664 4016 Θεὸν
716 3964 1020 4038 παρρησία,
1060 3960 1140 4026 οἷς
1168 3963 1236 4016 τὰ
1272 3964 1369 4032 τῆς
1410 3964 1781 4035 ὲλεημοσύνης

213 4053 401 4123 μέλλει
430 4053 687 4106 δίδοσθαι.
714 4054 841 4105 Δότε
872 4052 1050 4105 τοίνυν
1080 4053 1261 4115 αὐτοῖς
1293 4053 1359 4105 τὰ
1394 4055 1637 4124 περισσὰ
1670 4056 1782 4107 τῶν

210 4146 537 4220 χρημάτων,
580 4147 673 4198 καὶ
721 4143 915 4199 λάϐετε
959 4143 1018 4197 τὸ
1055 4142 1314 4211 περισσὸν
1367 4145 1465 4214 τῆς
1512 4146 1592 4209 είς
1652 4146 1784 4200 Θεὸν

212 4239 551 4311 παρρησίας.
580 4238 763 4291 Εἰπὼν
784 4237 859 4300 δὲ,
895 4237 952 4300 ἐξ
988 4237 1250 4305 ἰσότητος,
1277 4236 1456 4306 ἡρέμα
1479 4240 1785 4311 προτρέπε-

149 4336 160 4346 ’
212 4349 302 4385 ται
334 4332 535 4394 αὐτοὺς
566 4331 638 4401 μὴ
673 4330 733 4382 τὸ
772 4328 1114 4399 περίσσευμα
1138 4327 1340 4393 δοῦναι,
1372 4329 1506 4384 ἀλλὰ
1534 4331 1627 4384 καὶ¹
1656 4331 1788 4385 αὐτὸ

212 4423 274 4477 τὸ
301 4425 613 4494 ὑστέρημα.
645 4423 815 4476 Τοῦτο
842 4422 972 4496 γὰρ,
1000 4424 1186 4493 φησὶν,
1208 4425 1256 4476 εί
1286 4424 1628 4494 περίσσευμα
1657 4422 1784 4492 δῷς,

1885 3237 2150 3306 possidet,
2192 3237 2449 3306 exigitur.
2490 3255 2509 3290 ι
2551 3235 2667 3289 Non
2691 3238 2836 3293 enim
2895 3248 2954 3291 ut
3018 3237 3140 3293 aliis
3186 3238 3452 3293 relaxatio

1885 3328 1973 3383 sit.
2016 3346 2035 3380 ι
2067 3326 2254 3396 Neque
2285 3330 2429 3385 enim
2460 3336 2519 3383 ut
2553 3328 2644 3382 alii
2685 3345 2805 3383 cum
2832 3330 3156 3385 remissione
3185 3344 3248 3382 ac
3268 3329 3454 3383 disso-

1886 3420 2097 3475 lutione
2124 3422 2362 3485 alantur,
2405 3435 2504 3476 vos
2564 3429 2777 3489 Oportet
2822 3436 2986 3491 supra
3022 3419 3455 3499 possibilitatem

1886 3511 2039 3577 dare,
2075 3519 2134 3567 ut
2169 3512 2337 3567 etiam
2371 3513 2726 3583 indigentiam
2750 3523 2803 3567 et
2830 3512 3180 3570 afﬂictioncm
3232 3528 3299 3567 ex
3351 3511 3458 3568 hoc

1887 3603 2225 3659 sustinentis.
2249 3600 2307 3657 Id
2341 3611 2520 3657 autem
2553 3612 2778 3672 propter
2822 3604 3040 3659 illorum
3082 3601 3217 3658 dicit
3250 3602 3457 3673 imper-

1889 3692 2206 3750 fectionetn.
2235 3694 2515 3765 Siquidem
2539 3710 2663 3749 cum
2706 3694 3033 3751 Macedones
3077 3711 3143 3750 ex
3177 3696 3279 3750 hoc
3341 3694 3461 3750 lau-

1889 3785 2100 3841 daverit
2133 3786 2278 3856 quod
2305 3803 2468 3856 supra
2506 3787 2649 3841 vires
2680 3785 2982 3853 dedissent,
3010 3787 3357 3843 manifestum
3375 3796 3461 3843 est

1890 3878 2033 3947 quod
2063 3878 2163 3933 hos
2187 3892 2407 3945 quoque
2463 3876 2515 3931 id
2551 3876 2729 3932 fatere
2754 3879 2939 3933 vellet.
2991 3875 3153 3933 Certe
3216 3878 3270 3932 in
3333 3888 3461 3949 pro-

1890 3985 2082 4037 gressu
2116 3970 2356 4023 obscure
2390 3970 2586 4023 astruit
2613 3979 2869 4037 oportere
2934 3982 3098 4037 supra
3165 3968 3309 4022 vires
3362 3967 3462 4021 tri-

1893 4060 2079 4114 Luere.
2123 4076 2141 4110 ι
2177 4058 2283 4114 Sed
2302 4074 2367 4113 cx
2401 4059 2694 4127 parilitate.
2731 4078 2751 4111 ι
2777 4057 2910 4126 Vos,
2954 4058 3150 4131 inquit,
3170 4056 3461 4116 eﬂ‘erimini

1892 4149 2115 4212 divitiis,
2148 4150 2223 4202 illi
2255 4164 2386 4202 vrro
2444 4150 2644 4217 quibus
2674 4148 2865 4205 danda:
2915 4159 3044 4205 sunt
3077 4149 3458 4221 eleemosynae,

1895 4244 2145 4298 libertate
2172 4258 2298 4313 erga
2332 4242 2500 4298 Deum
2533 4259 2548 4296 :
2579 4258 2676 4298 vos
2695 4244 2858 4313 igitur
2884 4242 3012 4298 date
3033 4241 3147 4299 illis
3184 4241 3463 4312 superﬂua

1894 4351 2014 4405 qua
2042 4335 2404 4405 possidetisin
2456 4334 2682 4398 divitiis,
2736 4342 2791 4389 et
2845 4336 3077 4404 accipite
3126 4334 3462 4405 superﬂuum

1895 4426 2043 4495 quod
2082 4426 2149 4481 de
2178 4425 2431 4480 libertate
2461 4440 2590 4495 erga
2616 4424 2782 4480 Deum
2808 4426 3106 4496 possident.
3149 4425 3344 4479 Dicens
3367 4439 3465 4480 au-

219 4514 570 4584 περίσσευμα
625 4513 941 4582 λαμϐάνεις.
998 4516 1058 4567 Ei
1115 4514 1331 4582 δαψιλὲς
1381 4513 1506 4583 δῷς,
1571 4515 1774 4585 δαψιλὲς

1897 4529 2025 4572 tem.
2089 4537 2108 4571 ι
2147 4517 2225 4572 Ex
2265 4518 2562 4588 parilitate,
2596 4519 2800 4573 sensim
2854 4518 3179 4572 adhortatur
3209 4533 3304 4573 eos
3353 4532 3462 4573 non

217 4604 388 4674 λήψῃ.
443 4605 506 4657 Εί
547 4604 604 4657 δὲ
650 4604 942 4674 ὁλόκληρον
968 4604 1147 4675 βούλει
1179 4606 1278 4672 τὴν
1313 4606 1448 4675 πρὸς
1478 4605 1609 4659 Θεὸν
1654 4608 1791 4679 παῤ-

221 4698 425 4767 ρησίαν
457 4697 884 4762 ἐπισπάσασθαι,
919 4699 1014 4750 ὅλα
1049 4698 1286 4751 κένωσον
1324 4700 1417 4751 καὶ
1448 4698 1534 4762 σὺ,
1569 4698 1656 4761 δὸς
1699 4701 1793 4753 καὶ

220 4790 283 4843 ὲκ
316 4790 417 4841 τοῦ
445 4790 842 4861 ὑστερήματος.
879 4788 969 4855 Ἐξ
1004 4792 1249 4860 ἰσότητος
1270 4791 1378 4859 γάρ
1405 4791 1602 4859 ἐστινὴ
1634 4790 1794 4861 λῆψις

222 4884 320 4953 τῆς
381 4883 601 4945 δόσεως.
645 4902 663 4936 ι
714 4885 803 4936 Ἐν
849 4885 926 4954 τῷ
961 4883 1054 4937 νῦν
1114 4884 1309 4954 καιρῷ.
1366 4904 1385 4937 ι
1433 4886 1520 4938 Ἐν
1573 4884 1652 4955 τῷ
1701 4885 1795 4938 νῦν

222 4974 429 5044 καιρῷ,
461 4973 647 5043 φησίν.
694 4976 783 5028 Ἐν
815 4976 922 5046 γὰρ
971 4975 1048 5045 τῷ
1091 4975 1357 5045 μέλλοντι,
1396 4976 1548 5028 οὐδὲν
1594 4974 1796 5028 τούτων

225 5066 643 5119 ἐπιδείκνυσθαι
675 5064 922 5119 δύναται.
970 5095 1042 5107 -
1086 5066 1196 5120 Καὶ
1236 5064 1439 5131 ἄλλως
1474 5065 1561 5122 δέ.
1596 5063 1795 5138 [ΦΩΤ.]

238 5157 328 5209 Ἐν
358 5156 434 5223 τῷ
459 5155 553 5210 νῦν
582 5157 758 5226 καιρῷ
802 5156 1113 5211 ὲπιτέλεσον
1142 5158 1242 5228 τὴν
1287 5159 1528 5228 ἰσότητα.
1574 5159 1662 5211 Ἐν
1690 5157 1797 5229 γὰρ

226 5245 306 5316 τῷ
340 5247 583 5317 μέλλοντι
617 5247 1054 5301 πολλαπλασίονα
1082 5249 1357 5320 ἀπολήψῃ.
1391 5250 1498 5303 Καὶ
1531 5250 1797 5320 πρόσκαιυ

233 5355 325 5409 ρος
375 5340 476 5410 μὲν
514 5342 546 5409 ἡ
596 5340 828 5395 δοκοῦσα
865 5341 1039 5411 ζημία
1089 5343 1168 5409 (ὲν
1213 5342 1288 5412 τῷ
1326 5341 1422 5395 νῦν
1459 5341 1566 5411 γὰρ
1599 5341 1797 5411 καιρῷ,

230 5428 412 5501 φησι),
451 5431 774 5496 διαιωνίζων
829 5432 887 5485 δὲ
928 5435 955 5485 ὀ
999 5431 1208 5501 ἄφατος
1255 5430 1502 5494 πλοῦτος.
1542 5450 1560 5483 ι
1603 5431 1801 5496 Καθὼς

231 5520 562 5589 γέγραπται.
602 5540 620 5572 ι
656 5520 845 5586 Δείξας
867 5522 1031 5576 ὅτιού
1063 5521 1222 5591 μόνον
1259 5520 1514 5586 διδοῦσιν,
1546 5521 1679 5574 ἀλλὰ
1708 5522 1803 5574 καὶ

234 5613 713 5681 ἀντιλαμδάνουσι,
762 5614 855 5668 καὶ
899 5613 1123 5684 μείζονα
1165 5613 1624 5683 ἀντιλαμὸἁνουσι
1678 5612 1804 5684 (κᾶν

237 5700 347 5770 γὰρ
378 5697 550 5767 εἶπεν,
581 5703 798 5767 «Ὅπως
824 5704 1047 5773 γένηται
1083 5704 1280 5772 ἰσότης,
1312 5722 1330 5754 ι
1363 5704 1495 5774 πρὸς
1526 5702 1805 5773 δαψίλειαν

240 5793 436 5855 αὖτοὺς
475 5795 797 5866 προτρέπων
838 5795 1009 5849 εἶπεν.
1047 5797 1159 5849 Οὔκ
1191 5796 1301 5848 ἔστι
1346 5797 1451 5866 γὰρ
1481 5798 1594 5850 ἴσον
1624 5795 1804 5852 δοῦναι

1897 4617 1955 4664 ut
2010 4608 2140 4664 dent
2170 4610 2317 4680 quod
2360 4609 2695 4676 superﬂuum
2747 4618 2851 4671 est.
2890 4610 3055 4682 662
3088 4626 3273 4663 verum
3297 4612 3463 4665 etiam

1894 4697 2041 4767 quod
2067 4699 2435 4752 necessarium
2466 4706 2552 4753 est
2584 4698 2698 4752 sive
2728 4698 2902 4766 ipsam
2955 4697 3262 4766 penuriam.
3325 4694 3462 4750 Nam

1894 4791 1942 4845 si
1969 4788 2114 4855 quod
2141 4787 2474 4858 supetﬂuum
2492 4796 2600 4855 est,
2634 4788 2834 4857 inquit,
2860 4788 3095 4852 dederis,
3122 4789 3286 4840 etiam
3315 4784 3461 4853 quod

1896 4879 2231 4949 superﬂuum
2268 4879 2610 4948 estaccipies
2645 4894 2657 4930 :
2686 4880 2729 4933 si
2762 4880 2977 4934 aliunde
2997 4876 3467 4938 dederis.abundc

1897 4974 2149 5042 recipies.
2185 4972 2240 5025 Si
2277 4987 2403 5025 vero
2437 4970 2730 5039 perfectam
2771 4985 2897 5037 erga
2943 4967 3110 5024 Deum
3158 4969 3463 5023 libertatem

1898 5064 2196 5118 conciliare
2227 5065 2406 5131 cupis,
2434 5072 2489 5114 tu
2521 5060 2740 5130 quoque
2769 5059 3002 5129 teipsum
3043 5046 3272 5120 evacua,
3306 5069 3359 5113 et
3399 5074 3467 5114 ex

1899 5173 1964 5213 eo
1995 5158 2158 5213 etiam
2183 5157 2326 5227 quod
2348 5156 2717 5212 necessarium
2763 5159 2845 5209 est
2897 5153 3140 5208 tribuite.
3187 5150 3466 5222 Siquidem

1899 5267 1967 5308 ex
1995 5250 2270 5320 parilitate
2304 5259 2387 5305 est
2408 5248 2538 5305 doni
2574 5250 2849 5319 acceptio.
2890 5266 2909 5301 ι
2949 5247 3005 5302 lu
3041 5247 3294 5317 prmsettti
3329 5255 3469 5299 tem-

1902 5358 2054 5411 pore.
2102 5362 2122 5394 ι
2162 5342 2220 5398 In
2255 5342 2383 5407 hoc,
2418 5342 2615 5411 inquit,
2683 5350 2945 5411 tempore.
3008 5339 3222 5394 Namin
3280 5335 3468 5391 futuro

1904 5434 2038 5490 nihil
2096 5434 2404 5505 hujnsmodi
2457 5441 2633 5504 potest
2664 5433 2930 5490 exhiberi.
2978 5461 3049 5474 -—
3093 5431 3212 5485 Alio
3271 5440 3473 5497 quoque

1907 5522 2083 5574 modo.
2120 5520 2174 5576 lu
2204 5523 2455 5590 praesenti
2496 5532 2740 5590 tempore
2800 5520 2996 5591 perfice
3032 5517 3379 5587 parilitatem,
3416 5512 3480 5568 itt

1910 5613 2094 5667 futuro
2122 5613 2266 5667 enim
2299 5613 2655 5683 multiplicata
2680 5612 2936 5682 accipies.
2965 5608 3032 5664 Et
3080 5605 3472 5675 temporarium

1908 5703 2125 5773 quidem
2159 5709 2242 5758 est
2270 5704 2416 5773 quod
2447 5703 2664 5759 videtur
2682 5702 2940 5757 damnum
2976 5718 2989 5754 :
3022 5713 3148 5754 nam
3193 5714 3212 5747 ι
3251 5696 3307 5750 In
3334 5708 3475 5768 prae-

1911 5797 2073 5863 senti,
2104 5797 2300 5868 inquit,
2327 5804 2590 5866 tempore,
2626 5812 2646 5846 ι
2697 5808 2857 5864 porro
2884 5792 2936 5848 in
2987 5798 3309 5862 perpetuum
3337 5784 3481 5859 parit
