3906 6548
477 369 615 435 1015
1559 368 1959 433 ἝΟΗΜΕΝΙΙ
1990 373 2034 431 Τ

2148 370 2279 429 ΖΟᾹΞ
2317 371 2664 433 EPISCOPI
3584 376 3703 445 [016

467 484 773 542 ineffabiles
799 484 1037 541 divitias.
1066 503 1085 537 ι
1115 483 1584 552 Quemadmodum
1602 485 1867 554 scriptum
1898 492 2032 539 est.»

2148 484 2428 553 χρήματα,
2466 481 2562 535 καὶ
2596 482 2697 553 τὴν
2724 483 2859 554 πρὸς
2875 483 3008 539 Θεδν
3026 485 3342 557 παρρησίαν
3371 486 3703 563 ἀντιλαϐεῖν),

470 578 772 646 Postquam
807 575 1052 631 ostendit
1073 574 1220 646 quod
1254 591 1365 630 non
1423 575 1599 631 solum
1646 576 1797 641 dent,
1854 590 2037 631 verum

2154 572 2249 626 νῦν
2274 575 2337 626 ὲκ
2362 574 2457 641 τῆς
2487 575 2792 645 μαρτυρίας
2825 574 2927 645 τῆς
2946 576 3183 640 παλαιᾶς
3198 577 3345 632 θέλει
3365 579 3521 633 τοῦτο
3552 599 3707 636 κατα-

467 669 632 722 ctiam
669 666 956 737 recipiant,
991 666 1099 721 imo
1132 667 1338 736 majora
1404 667 1668 738 recipiant
1710 668 2037 738 (quanquam

2157 665 2442 730 σκευάσαι,
2457 666 2654 719 ὅτικῶ
2675 667 2748 738 μὴ
2771 668 3068 738 μεταδῶτε,
3086 668 3239 723 οὐδὲν
3252 673 3382 741 ὑμῖν
3399 671 3549 727 ἔσται
3564 675 3709 728 πλέον
3794 726 3799 729 ,

483 759 629 814 enim
661 758 846 813 dixit:
885 775 905 808 ι
970 758 1039 814 Ut
1090 758 1183 812 liat
1232 756 1507 828 parilitas,
1556 777 1573 811 ι
1622 759 1686 812 ad
1741 760 2037 814 libertatem

2160 756 2470 824 συνάγουσι.
2503 756 2620 812 Κᾶν
2650 758 2759 829 γὰρ
2792 760 2866 829 μὴ
2888 759 3126 815 λάϐωσιν
3155 764 3354 815 ἐκεῖνοι
3390 764 3521 833 παρ’
3548 765 3709 834 ἡμῶν,

467 850 592 908 illos
652 849 992 906 exhortando
1046 848 1206 915 dixit,
1238 850 1508 920 siquidem
1559 851 1771 919 aequale
1819 866 1925 904 non
1965 860 2051 905 est

465 939 597 996 dare
638 940 902 1011 pecunias
924 949 979 997 et
1009 941 1261 1011 recipere
1307 941 1617 995 libertatem
1645 956 1770 1010 erga
1798 940 2045 1005 Deumizs

468 1047 620 1087 nunc
674 1031 728 1087 id
751 1048 817 1087 ex
879 1031 1061 1089 Veteri
1103 1030 1457 1087 Testamento
1500 1032 1614 1086 vult
1680 1032 2045 1097 conﬁrmare;

463 1124 590 1194 quia
623 1123 751 1179 licet
799 1139 908 1180 non
964 1123 1321 1189 tradideritis,
1376 1122 1577 1194 inquit,
1631 1123 1767 1177 nihil
1814 1123 2048 1192 amplius

463 1218 570 1270 erit
599 1215 753 1272 vobis
782 1216 875 1287 qui
918 1217 1304 1272 accumulatis.
1341 1214 1665 1284 Quanquam
1697 1214 1842 1269 enim
1905 1215 1980 1269 illi
2015 1232 2044 1269 a

462 1302 622 1359 vobis
657 1318 767 1358 non
795 1303 1220 1374 accipiant,'non
1236 1310 1522 1373 propterea
1543 1299 2036 1356 inl’erioreserunt:

463 1392 612 1449 Deus
644 1408 880 1463 namque
911 1394 1060 1464 ipsos
1111 1408 1221 1447 non
1280 1392 1565 1463 despiciet,
1610 1398 1834 1463 propter
1876 1407 2038 1460 quem
2078 1456 2095 1473 χ

463 1499 735 1556 pauperes
764 1493 913 1541 sunt.
950 1484 1228 1555 Siquidem
1257 1483 1505 1540 scribens
1537 1484 1604 1539 ad
1637 1484 1761 1538 illos
1797 1501 1810 1536 :
1849 1484 2038 1554 Direp-

463 1576 688 1641 tionem,
720 1577 918 1648 inquit,
941 1576 1263 1651 facultatum
1290 1584 1594 1633 vestrarum
1655 1592 1780 1632 cum
1838 1576 2038 1647 gaudio

2159 848 2219 899 οὐ
2244 849 2393 919 παρὰ
2423 849 2579 903 τοῦτο
2593 850 3080 922 ὲλαττωθήσονται.
3097 854 3170 907 Οὑ
3194 853 3305 924 γὰρ
3319 854 3386 907 ἂν
3414 855 3612 919 αὑτοὺς
3626 873 3710 909 περ

2156 937 2311 1007 ριίδοι
2345 938 2374 989 ὁ
2407 938 2558 1005 Θεὸς,
2594 939 2664 993 δι’
2693 941 2753 995 ὃν
2782 944 2888 996 είσι
2916 942 3167 1013 πένητες.
3208 962 3229 995 ι
3271 944 3384 999 Καὶ
3419 946 3521 1016 τὴν
3547 947 3709 1016 ἁρπα-

2152 1028 2254 1099 γὴν
2284 1030 2393 1099 γὰρ
2426 1028 2537 1083 τῶν
2575 1030 2930 1103 ὑπαρχόντων
2962 1034 3117 1101 ὑμῶν
3162 1037 3299 1106 μετὰ
3339 1040 3517 1107 χαρᾶς
3559 1054 3709 1108 προσ.

2151 1121 2425 1188 εδέξασθε,
2469 1141 2489 1176 s
2541 1123 2726 1188 αὑτοῖς
2771 1126 3004 1197 γράφων
3045 1128 3216 1196 λέγει.
3263 1129 3580 1182 Ἐπαινετὸν
3624 1130 3708 1199 μὲν

2153 1216 2260 1283 γὰρ
2304 1214 2365 1266 τὸ
2399 1214 2455 1281 ἐξ
2493 1215 2702 1270 ἑαυτῶν
2738 1217 3007 1289 ἄρξασθαι
3062 1221 3259 1283 ποιεῖν,
3301 1220 3709 1289 πυθετηθέντας

2153 1302 2313 1371 μόνον
2346 1303 2480 1374 πρὸς
2511 1305 2574 1358 τὸ
2622 1305 2868 1375 θελῆσαι.
2913 1308 3116 1373 Μεῖζον
3160 1309 3240 1373 δὲ,
3287 1308 3348 1362 τὸ
3386 1308 3485 1362 καὶ
3514 1309 3709 1363 αὑτὸτὸ

2149 1393 2375 1463 θελῆσαι
2401 1396 2459 1461 ἐξ
2490 1397 2699 1460 οἰκείας
2729 1397 3033 1468 βλαστῆσαι
3058 1399 3305 1470 γνώμης,
3340 1402 3439 1453 καὶ
3471 1399 3708 1470 αὐθαίρε-

2146 1503 2237 1538 τον
2257 1486 2647 1554 ἐπιδείξασθαι.
2671 1490 2733 1542 Εί
2757 1488 2849 1543 οὖν
2868 1490 2929 1544 τδ
2955 1491 3163 1560 μεῖζον,
3185 1492 3371 1562 φησὶν,
3389 1490 3708 1557 ἐπεδείξατε,

2147 1578 2241 1632 καὶ
2268 1578 2328 1631 τὸ
2368 1578 2588 1634 ἔλαττον
2616 1582 2989 1638 ἐπιτελέσατε.

464 1668 758 1739 accepistis
786 1670 852 1723 ⁸³.
886 1688 904 1718 ι
939 1668 1152 1726 Etenim
1215 1668 1491 1724 laudabile
1534 1668 1755 1739 quidem
1804 1677 1926 1725 erat
1967 1683 2033 1724 es
2074 1670 2275 1742 seipsis
2303 1672 2542 1743 cmpisse
2558 1671 2800 1746 facere,”
2823 1690 2946 1730 cum
2980 1677 3157 1733 solum
3210 1676 3479 1733 admoniti
3530 1675 3710 1731 fuerint

476 1764 543 1817 ad
607 1764 900 1821 volendnm
934 1784 945 1817 :
982 1764 1159 1832 majus
1209 1772 1387 1818 autem
1441 1763 1615 1834 ipsam
1701 1779 1922 1834 quoque
1978 1763 2315 1821 voluntatem
2365 1781 2431 1822 ex
2523 1769 2751 1840 prOprio
2821 1768 3008 1823 animo
3069 1779 3255 1824 natam
3295 1784 3465 1832 esse,
3533 1778 3587 1824 et
3638 1770 3711 1822 ul-

464 1867 712 1913 troneam
754 1857 1084 1912 voluntatem
1136 1857 1563 1912 demonstrasse.
1600 1855 1657 1911 Si
1693 1871 1825 1929 ergo
1882 1856 2028 1927 quod
2071 1858 2249 1927 majus
2314 1867 2422 1925 cst,
2450 1860 2650 1932 inquit,
2702 1860 3055 1926 eahibuistis,
3091 1861 3258 1917 etiam
3325 1860 3479 1931 quod
3550 1861 3711 1917 minus

463 1959 548 2006 est
580 1950 841 2020 perlicitc.

534 2044 667 2109 VIII,
702 2042 891 2099 16-18.
919 2042 1135 2097 Gratias
1169 2053 1344 2098 autem
1373 2044 1478 2099 Deo
1499 2047 1589 2116 qui
1624 2046 1766 2099 dedit
1789 2046 2031 2115 eamdem

2205 2048 2385 2116 Χάρις
2411 2048 2479 2102 δὲ
2513 2048 2591 2114 τῷ
2618 2049 2763 2115 Θεῷ,
2800 2050 2879 2117 τῷ
2915 2050 3139 2104 διδόντι
3162 2050 3277 2119 τὴν
3301 2050 3505 2116 αὐτὴν
3536 2067 3711 2103 στου-

463 2137 870 2193 sollicitudinem
894 2154 988 2207 pro
1012 2136 1154 2191 vobis
1209 2139 1263 2191 in
1293 2137 1447 2191 corde
1486 2138 1614 2201 Titi,
1648 2140 1736 2209 qui
1780 2140 2035 2193 exhorta-

463 2229 653 2281 tionem
683 2227 977 2292 acceperit;
1006 2227 1131 2295 quin
1161 2229 1359 2295 potius,
1396 2244 1515 2281 cum
1544 2237 1680 2281 esset
1711 2228 2037 2299 diligentior,

460 2328 643 2395 suapte
678 2328 862 2388 sponte
892 2318 961 2370 ad
989 2334 1080 2371 vos
1120 2318 1383 2386 profectus
1438 2320 1527 2375 sit.
1588 2318 1830 2374 Misimus
1868 2330 2043 2376 autem

2148 2137 2268 2206 δὴν
2290 2141 2443 2209 ὑπὲρ
2474 2140 2641 2210 ὑμῶν
2674 2141 2746 2195 ἐν
2786 2141 2862 2209 τῇ
2895 2141 3107 2209 καρδίᾳ
3145 2143 3332 2208 Τίτου,
3360 2141 3452 2195 ὅτι
3487 2142 3599 2207 τὴν
3613 2143 3715 2209 μὲν

2146 2231 2535 2299 παράκλησιν
2578 2230 2846 2296 ἐδέξατο.
2900 2231 3373 2299 Σπουδαιότερος
3422 2230 3495 2283 δὲ
3544 2232 3710 2299 dscip-

2145 2338 2269 2389 χων
2294 2321 2643 2390 αὐθαίρετος
2669 2321 2891 2389 ἐξῆλθε
2930 2322 3084 2390 πρὸς
3118 2320 3296 2392 ὑμᾶς.
3329 2320 3709 2390 Συνεπέμψα-

460 2425 569 2464 una
596 2427 715 2464 cunt
766 2412 879 2475 ipso
934 2410 1157 2477 fratrem
1209 2410 1361 2479 cujus
1416 2411 1535 2463 laus
1570 2413 1725 2464 estin
1758 2410 2037 2484 Erangelio

2148 2430 2255 2482 μεν
2291 2411 2361 2465 δὲ
2384 2413 2513 2481 μετ’
2548 2413 2735 2467 αὐτοῦ
2775 2414 2881 2468 τὸν
2909 2412 3198 2483 ἀδελφὸν,
3227 2408 3300 2469 οὗ
3326 2416 3360 2468 ό
3386 2414 3634 2479 ἔπαινος
3653 2414 3710 2465 ἐν

458 2519 553 2572 per
579 2518 755 2556 omnes
785 2500 1071 2557 Ecclesias.

535 2593 639 2649 Ubi
665 2593 734 2648 de
756 2593 1105 2663 eleemosyna
1131 2593 1396 2649 disseruit
1450 2602 1715 2663 quantum
1778 2593 2040 2663 oportuit,

380 2684 401 2711 '
461 2691 867 2756 consequenter
898 2684 1086 2737 laudat
1133 2698 1229 2740 eos
1279 2684 1373 2754 qui
1430 2684 1633 2739 adhoc
1680 2683 1834 2738 missi
1891 2690 2036 2749 sunt,

462 2785 524 2831 ut
566 2777 697 2832 dum
728 2776 876 2830 onrni
910 2782 1161 2831 carerent
1202 2774 1532 2844 suspicione,
1591 2776 1761 2845 magis
1794 2775 2039 2844 ipsosin-

461 2870 728 2925 ducerent
764 2878 820 2921 ut
846 2876 1103 2943 prompto
1138 2866 1322 2922 animo
1359 2867 1694 2922 conferrent.
1726 2865 1818 2921 Dei
1854 2874 2037 2921 autem

460 2977 599 3033 opus
623 2961 779 3026 dicit,
814 2961 957 3031 quod
978 2958 1158 3015 Titum
1188 2960 1254 3015 ad
1283 2960 1386 3016 hoc
1416 2958 1737 3015 excitaverit
1761 2972 1856 3012 :eo
1875 2958 2039 3014 modo

461 3054 846 3109 auctoritatem
891 3062 946 3107 et
974 3052 1293 3122 gravitatem
1355 3052 1562 3108 addens
1593 3051 1987 3107 contributioui
2020 3069 2034 3105 :

463 3144 573 3200 nisi
603 3143 748 3199 enim
801 3157 1057 3211 maguum
1082 3140 1287 3214 aliquid
1319 3152 1488 3205 esset.
1556 3158 1899 3213 nequaquam
1969 3142 2035 3197 ad

462 3232 515 3287 id
550 3233 823 3288 excitatus
847 3248 876 3286 a
932 3232 1041 3288 Deo
1072 3242 1239 3289 esset.
1281 3252 1299 3285 ι
1333 3232 1439 3299 Qui
1480 3234 1921 3290 exhortationem
1946 3248 2038 3287 ac-

461 3324 685 3393 ceperit.
722 3343 740 3376 ι
799 3321 967 3396 663
1013 3323 1078 3377 Et
1118 3323 1282 3390 unde,
1332 3322 1531 3394 inquit,
1567 3323 1921 3379 manifestum
1951 3330 2037 3379 cst

461 3392 606 3484 quod
626 3414 771 3471 Deus
792 3392 973 3469 Titum
1040 3392 1420 3470 admonuerit?
1453 3412 1641 3469 Unde?
1669 3414 1807 3481 Quia
1830 3414 2034 3471 exbor-
2064 3392 2107 3451 ε

465 3505 731 3563 tationem
785 3507 1004 3576 quidem
1042 3507 1305 3576 suscepit,
1338 3506 1441 3560 hoc
1474 3514 1583 3570 est,
1612 3521 1643 3560 a
1672 3521 1756 3559 me
1813 3504 2035 3574 quidem

465 3597 782 3653 admonitus
832 3606 937 3659 est,
967 3612 1154 3653 verum
1188 3597 1321 3653 illud
1357 3612 1573 3667 quoque
1622 3597 1770 3653 intus
1801 3600 1867 3652 ad
1935 3598 2039 3653 hoc

464 3686 804 3754 impellebat.
848 3686 970 3742 Ideo
1021 3689 1185 3743 etiam
1219 3687 1399 3743 factus
1420 3688 1734 3759 diligentior
1773 3702 1938 3759 quam
1969 3702 2037 3742 ex

467 3792 588 3834 mea
622 3778 787 3832 unius
826 3777 1211 3835 adhortatione
1239 3778 1431 3835 luisset
1456 3818 1472 3843 ,
1528 3794 1626 3833 sua
1675 3788 1871 3849 sponte
1913 3794 2041 3850 pro-

465 3874 641 3928 tectus
674 3881 780 3936 est,
841 3873 944 3927 hoc
996 3881 1101 3937 est,
1162 3874 1305 3928 ultro
1352 3884 1405 3929 et
1433 3888 1531 3929 sua
1587 3873 2033 3945 promptitudine.

462 3965 764 4021 Considera
794 3976 975 4020 autem
995 3965 1321 4036 sapientiam
1358 3984 1373 4025 ;
1403 3977 1455 4022 et
1475 3965 1568 4022 Dei
1589 3981 1727 4037 opus
1756 3981 1879 4023 esse
1906 3967 2038 4029 dicit

463 4057 756 4112 adventura
776 4057 904 4124 Titi,
927 4058 1233 4129 ctseipsum
1257 4058 1607 4115 exhortatum
1630 4059 1819 4124 fuisse,
1839 4067 1894 4114 et
1911 4057 2036 4113 Tito

460 4163 532 4205 ne
557 4165 697 4221 opus
726 4150 946 4220 quidem
983 4150 1154 4207 fuisse
1176 4152 1573 4207 exhortatione.

540 4260 558 4292 ο
597 4242 843 4298 Misimus
868 4252 1050 4297 autem
1077 4258 1185 4297 una
1219 4258 1343 4299 cum
1367 4245 1460 4300 illo
1514 4246 1756 4299 fratrem.
1799 4265 1816 4297 ι
1882 4245 2033 4301 Multi

463 4337 610 4390 hunc
637 4334 842 4390 Lucam
878 4334 1050 4391 luisse
1081 4336 1277 4391 dicunt
1303 4345 1524 4407 propter
1574 4341 1949 4407 conscriptum
1965 4338 2035 4393 ab

460 4430 583 4498 ipso
617 4426 973 4497 Evangelium
1018 4444 1034 4479 :
1067 4428 1222 4482 multi
1240 4444 1368 4484 vero
1388 4428 1715 4484 Barnabam.
1752 4430 2031 4501 Siquidem

461 4517 901 4585 praedicationem
961 4533 1070 4571 non
1122 4518 1382 4587 scriptam
1434 4522 1586 4574 aiunt
1653 4522 1856 4575 dictam
1911 4536 2035 4577 esse

458 4609 815 4681 Evangelium
884 4608 1100 4679 :idque
1159 4610 1233 4663 sit
1291 4613 1680 4668 verosimilius.
1727 4613 1862 4667 Nam
1913 4629 2035 4683 qua:

2145 2503 2224 2570 τῷ
2258 2506 2602 2575 Εὐαγτελίῳ
2630 2506 2728 2561 διὰ
2761 2505 2977 2560 πασῶν
2999 2506 3117 2559 τῶν
3152 2505 3559 2575 Ἐκκλησιῶν.

2215 2596 2530 2669 Διαλεχθεὶς
2580 2599 2708 2670 περὶ.
2748 2598 3119 2670 ἐλεημοσύνης
3169 2598 3269 2651 ὅσα
3308 2600 3505 2670 ἐχρῆν,
3546 2599 3702 2652 lautis

2143 2691 2356 2743 ἐπαινεὶ
2387 2689 2515 2753 τοὺς
2538 2690 2630 2742 ἐπὶ
2654 2688 2829 2760 τούτῳ
2857 2690 3283 2753 ἀποσταλέντας,
3313 2690 3402 2742 ἶνα
3421 2689 3701 2742 ἀνύποπτοι

2143 2782 2449 2852 γενόμενοι,
2480 2781 2681 2852 μᾶλλον
2711 2784 2790 2845 είς
2821 2779 3129 2852 προθυμίαν
3150 2781 3350 2843 αὑτοὺς
3381 2796 3699 2845 συνεισενετο

2143 2876 2259 2927 κεῖν
2315 2873 2574 2940 ὲνάγωσι.
2623 2873 2759 2927 Θεοῦ
2805 2872 2860 2925 δὲ
2885 2872 3034 2942 λέγει
3069 2872 3253 2944 ἔργον,
3281 2872 3343 2925 τὸ
3375 2871 3700 2943 διεγερθῆναι

2142 2967 2300 3019 Τίτον
2334 2966 2414 3030 είς
2441 2964 2619 3032 τοῦτο,
2653 2965 2828 3037 τούτῳ
2857 2966 2936 3036 τῷ
2976 2966 3166 3038 τρόπῳ
3204 2963 3525 3030 ἀξιόπιστον
3556 2963 3699 3017 ποιῶν

2140 3057 2240 3126 τὴν
2287 3055 2457 3111 δόσιν.
2515 3053 2581 3108 El
2615 3055 2723 3126 γὰρ
2754 3056 2830 3125 μὴ
2875 3057 3020 3125 μέγα
3064 3051 3152 3127 ἦν,
3184 3056 3286 3109 οὑκ
3316 3055 3386 3109 ἂν
3433 3055 3547 3108 ἀπὸ
3586 3052 3699 3108 Θεοῦ

2143 3145 2276 3215 πρὸς
2304 3144 2464 3198 τοῦτο
2512 3145 2796 3217 διηγέρθη.
2858 3165 2875 3197 ι
2932 3146 3053 3199 Ὅτι
3102 3145 3204 3218 τὴν
3242 3146 3343 3216 μὲν
3376 3144 3698 3215 παράκλησιν

2139 3237 2375 3305 ἐδέξατο.
2414 3258 2432 3291 ι
2469 3239 2578 3291 Καὶ
2609 3237 2773 3291 πόθεν
2811 3237 2992 3307 δῆλον,
3026 3240 3212 3308 φησὶν,
3243 3239 3326 3291 ὃτι
3355 3238 3384 3289 ὀ
3418 3236 3551 3299 Θεὸς
3582 3249 3696 3306 προσ

2140 3331 2333 3404 ἔτρεψε
2364 3332 2456 3387 τὸν
2485 3332 2678 3398 Τίτον;
2721 3331 2920 3397 Πόθενς
2956 3330 3081 3384 Ὅτι
3112 3330 3209 3401 τὴν
3245 3330 3345 3399 μὲν
3374 3328 3697 3399 παράιὶησιν

2139 3423 2378 3491 ἐδέξατο,
2435 3423 2684 3477 τουτέστι
2736 3423 3054 3494 παρεκλήθη
3090 3422 3190 3492 μὲν
3237 3422 3371 3492 παρ’
3400 3420 3558 3490 ἐμοῦ,
3583 3418 3695 3487 πλὴν

2140 3515 2236 3569 καὶ
2269 3514 2399 3567 αὑτὸ
2425 3512 2637 3567 οἴκοθεν
2668 3512 2894 3585 ὥρμητο
2922 3514 3003 3575 είς
3045 3512 3222 3565 τοῦτο.
3276 3509 3371 3564 Διὸ
3413 3511 3511 3563 καὶ
3552 3526 3695 3564 στου·

2140 3606 2417 3678 δαιότερος
2468 3606 2733 3676 ὑπάρχων
2790 3606 2888 3675 τῆς
2937 3604 3069 3675 παρ’
3113 3603 3247 3673 ἐμοῦ
3298 3603 3691 3672 παρακλήσεως,

2142 3698 2463 3771 αὐθαίρετος
2504 3697 2717 3769 ἐξῆλθε,
2752 3698 3030 3752 τουτέστιν
3081 3696 3245 3759 ἑκὼν,
3295 3697 3392 3749 καὶ
3424 3696 3487 3759 ἐξ
3516 3694 3695 3753 οἰκείας

2143 3789 2471 3861 προθυμίας.
2507 3790 2650 3861 Ὅρα
2676 3789 2734 3847 δὲ
2766 3790 2977 3858 σοφίαν⁹
3013 3788 3126 3842 Καὶ
3158 3787 3255 3842 τοῦ
3281 3787 3419 3841 Θεοῦ
3451 3787 3596 3855 λέγει
3621 3785 3694 3854 ξρ-

2143 3901 2240 3956 γον
2261 3879 2399 3938 εἶναι
2433 3884 2533 3953 τὴν
2562 3884 2774 3938 ἐλευσιν
2803 3882 2986 3950 Τίτου,
3018 3882 3113 3935 καὶ
3147 3882 3343 3935 tau-cev
3372 3877 3692 3951 παρακεκληυ

2143 3976 2319 4040 κέναι,
2351 3974 2445 4028 καὶ
2474 3975 2631 4028 Τίτον
2663 3974 2797 4044 μηδέ
2821 3971 3100 4044 δεδεῆσθαι
3128 3970 3550 4043 παρακλήσεως.

2219 4243 2689 4315 «Συνεπέμψαμεν
2744 4242 2801 4295 δὲ
2854 4242 2968 4312 μετ’
3039 4240 3204 4295 αὑτοῦ
3259 4240 3352 4293 τὸν
3410 4241 3688 4309 ἀδελφόν.»

2142 4338 2337 4392 Πολλοί
2404 4351 2537 4404 φασι
2594 4335 2684 4387 τὸν
2734 4334 2971 4394 Λουκᾶν,
3031 4331 3119 4384 διὰ
3151 4331 3214 4384 τὸ
3268 4332 3556 4400 σύνταγμα
3607 4327 3685 4382 τοῦ

2143 4428 2500 4498 Εὑαγγελίου,
2549 4425 2734 4479 πολλοὶ
2762 4424 2853 4477 τὸν
2913 4422 3227 4493 Βαρνάϐαν.
3251 4422 3365 4474 Καὶ
3402 4422 3511 4494 γὰρ
3539 4420 3625 4473 καὶ
3645 4418 3693 4470 τὸ

2144 4520 2391 4591 ἄγραφον
2438 4521 2723 4591 κήρυγμα,
2757 4515 3091 4585 Εὑαγγέλιόν
3131 4532 3264 4581 φασι
3295 4514 3606 4584 κεκλῆσθαι.
3640 4512 3693 4563 'D

2148 4614 2240 4666 καὶ
2275 4611 2497 4683 μᾶλλον·
2540 4611 2609 4664 τὰ
2639 4609 2749 4681 γὰρ
2775 4610 2913 4680 μετὰ
2939 4608 3131 4673 ταῦτα,
3165 4608 3242 4676 τῷ
3266 4606 3522 4678 Βαρνάϐᾳ⁵
3548 4607 3693 4675 ἁρμο-

456 4708 583 4770 post
611 4700 727 4755 haec
741 4708 1049 4770 sequuntur
1070 4699 1339 4755 Barnabw
1364 4703 1536 4772 magis
1563 4710 1838 4773 aptantur.
1875 4723 1893 4755 ι
1920 4702 2033 4759 Cu-

2148 4704 2399 4774 διώτερα.
2435 4724 2452 4756 ι
2477 4696 2553 4757 Ob
2580 4704 2608 4757 ὁ
2639 4702 2860 4766 ἔπαινος
2894 4703 2952 4755 ὲν
2983 4698 3061 4771 τῷ
3092 4700 3430 4770 Εὑαγγελίῳ.
3451 4718 3469 4750 ι
3496 4698 3566 4752 Οὐ
3602 4696 3691 4787 γὰρ

454 4793 548 4863 jus
579 4792 700 4847 laus
716 4801 802 4847 est
827 4792 880 4846 in
914 4791 1233 4862 Evangelio.
1279 4812 1298 4846 ι
1328 4791 1443 4849 Non
1481 4794 1626 4849 enim
1680 4794 1856 4850 solum
1898 4811 2038 4866 prae-

456 4883 629 4945 dicat,
666 4883 867 4953 inquit,
912 4883 1007 4937 sed
1040 4898 1163 4937 cum
1193 4880 1358 4938 laude
1385 4883 1489 4939 hoc
1549 4885 1697 4941 lacit.
1760 4884 1853 4939 Illa
1906 4901 2036 4941 vero

457 4974 579 5028 laus
608 4988 717 5028 non
778 4972 848 5028 ad
878 4989 1047 5029 unum
1097 4975 1193 5030 sed
1232 4974 1300 5030 ad
1329 4991 1524 5032 omnes
1572 4980 1820 5049 pervenit
1846 4978 2034 5035 Eccle-

458 5065 594 5119 sias.
625 5092 698 5103 —
722 5063 906 5129 Quare
941 5073 1123 5120 autem
1160 5063 1267 5122 Titi
1293 5068 1512 5138 quidem
1577 5085 1775 5126 nomen
1846 5072 2033 5142 expri-

459 5154 592 5217 mit,
620 5153 814 5208 horum
850 5162 1034 5209 autem
1059 5170 1169 5210 non
1202 5158 1324 5212 ita?
1364 5158 1501 5226 Quia
1533 5158 1717 5214 Titum
1749 5171 2033 5227 noverant,

2141 4795 2407 4867 κηρύσσει
2442 4795 2626 4867 μόνον,
2658 4794 2846 4865 φησὶν,
2885 4792 3025 4847 ἀλλὰ
3056 4793 3153 4846 καὶ
3177 4791 3600 4861 ὲπαινουμένως.
3640 4785 3687 4837 ’0

2140 4889 2197 4942 δὲ
2224 4889 2465 4950 ἔπαινος.
2528 4886 2589 4939 οὑ
2646 4888 2777 4957 παρ’
2822 4883 2961 4951 ἑνὸς,
3012 4884 3151 4939 ἀλλὰ
3203 4884 3294 4937 διὰ
3357 4882 3543 4936 πασῶν
3601 4878 3689 4931 τῶν

2140 4980 2447 5051 ἐκκλησιῶν
2497 4974 2653 5050 ἦλθε,
2705 4976 3185 5050 φησί.-[ΦΩΤ.]
3236 4975 3479 5039 Τίνοςδὲ
3529 4972 3691 5025 ἕνεκεν

2139 5073 2202 5127 τὸ
2239 5072 2339 5142 μὲν
2377 5070 2551 5141 ὑνομα
2587 5071 2749 5124 Τίτου
2774 5069 2947 5139 λέγει,
2979 5068 3186 5124 τούτων
3212 5068 3271 5122 δὲ
3300 5069 3404 5121 οὑκ
3434 5067 3549 5131 Est;
3586 5063 3689 5114 ὀτι

2143 5164 2234 5216 τὸν
2286 5162 2385 5233 μὲν
2424 5162 2585 5215 Τίτον
2629 5162 2850 5233 ᾔδεσαν,
2885 5159 3109 5225 τούτους
3134 5161 3192 5215 δὲ
3221 5162 3476 5230 ἠγνόουν.
3501 5156 3605 5211 Καὶ
3620 5154 3687 5206 ὅτι

455 5246 561 5300 hos
594 5254 773 5299 autem
832 5260 943 5301 non
967 5256 1279 5315 noverant;
1329 5258 1407 5305 et'
1452 5254 1582 5321 quia
1641 5252 1710 5306 de
1754 5253 1841 5306 his
1898 5261 2037 5306 tanta

2148 5251 2383 5307 τοσαῦτα
2415 5252 2564 5321 λέγει
2596 5254 2726 5323 περὶ
2748 5252 2948 5321 αὑτῶν,
2972 5253 3076 5307 ὅσα
3108 5252 3246 5323 πρὸς
3275 5251 3528 5305 σύστασιν
3551 5248 3690 5316 ἢρκει

457 5338 615 5402 dicit,
644 5347 853 5408 quanta
916 5340 986 5394 ad
1049 5342 1584 5398 commendationem
1622 5351 1835 5399 tantum
1889 5342 2035 5400 sudi-

455 5427 608 5481 ciant
635 5445 650 5487 :
680 5428 844 5498 idque
886 5426 1019 5484 facit
1039 5429 1230 5484 volens
1275 5430 1441 5485 etiam
1469 5434 1841 5502 suspicionem
1893 5432 2031 5489 εσυ-

457 5533 606 5588 gere,
638 5519 789 5592 quod
818 5522 921 5577 sibi
989 5521 1150 5577 vellet
1178 5535 1459 5577 assumere
1482 5523 1764 5592 pecunias.
1793 5543 1812 5577 ι
1861 5526 2034 5596 Cujus

458 5611 580 5668 haus
602 5622 686 5669 est
714 5615 767 5669 in
793 5613 1113 5689 Evangelia.
1153 5634 1172 5668 ι
1204 5612 1339 5670 Nam
1358 5613 1508 5670 deest
1522 5615 1746 5670 verbum
1765 5617 1903 5684 ἐστι,
1926 5629 2030 5685 est,

541 5790 591 5825 ⁸³
624 5790 787 5847 ιιειιτ.
838 5810 890 5859 a,
922 5794 1016 5849 54.

2151 5345 2336 5414 μόνον,
2366 5345 2461 5397 καὶ
2509 5345 2569 5397 τὸ
2599 5344 2794 5413 φυγεῖν
2816 5342 2915 5413 τὴν
2938 5343 3196 5397 ὑπόνοιαν
3227 5341 3324 5396 τοῦ
3358 5333 3688 5410 σφετερισμοῦ

2145 5432 2255 5487 τῶν
2281 5435 2605 5506 χρημάτων.
2649 5453 2669 5488 t
2689 5428 2766 5489 υἷι
2789 5436 2819 5488 ὀ
2844 5434 3065 5499 επαινος
3113 5437 3171 5489 ιν
3202 5434 3282 5504 τῷ
3330 5430 3648 5501 Εὑαγγελίῳ.
3667 5445 3683 5475 ι

2147 5529 2440 5595 Λεὶπειτὸ,
2472 5528 2664 5594 ἔστιν,
2700 5528 2729 5581 ὃ
2760 5529 2843 5582 δεῖ
2886 5530 3304 5598 ιπινοήσαντας,
3351 5526 3486 5580 κατὰ
3529 5516 3687 5574 κοινοῦ

2151 5620 2432 5688 ἐξακούειν
2483 5623 2573 5676 καὶ
2636 5622 2726 5674 ἐπὶ
2790 5621 2888 5692 τῆς
2940 5619 3086 5689 ἑξῆς.
3118 5614 3264 5683 Οῗον,
3302 5638 3321 5671 s
3354 5613 3689 5672 Οὒὸἔτταινοὶ
