3906 6552
188 408 324 476 1011

1090 407 1476 471 COMMENT.
1508 410 1591 472 IN
1618 409 1859 471 EPIST.
1901 410 1961 470 ΙΙ
2004 412 2103 471 AD
2126 410 2489 473 CORINTH.

3303 410 3441 477 1018

185 526 243 573 tv
270 518 349 588 τῷ
398 514 714 586 Εὑαγγελίῳ
765 514 935 571 ἐστίν.
962 533 981 567 ι
1008 514 1085 571 Οὑ
1141 517 1301 587 μόνον
1331 518 1389 572 δὲ
1435 517 1758 589 θαυμασίως

1871 518 2005 588 quod
2038 520 2376 574 intellectum
2412 528 2630 586 Oportet
2659 526 2713 573 ct
2746 520 2834 574 bic
2877 530 2930 575 ct
2984 520 3039 574 in
3075 524 3443 591 sequentibus

186 614 281 666 καὶ
333 609 552 664 ἐπαίνου
610 608 778 676 ἀξίως
850 610 1269 678 εὐαγγελίζεται
1340 611 1433 665 καὶ
1470 611 1760 683 κηρύσσει,

193 724 210 756 ι
245 703 407 757 Ἀλλὰ
454 702 552 755 καὶ
587 701 989 773 χειροτονηθείς
1043 704 1217 767 ἐστιν,
1244 721 1263 755 ι
1316 703 1441 757 ἀντὶ
1474 702 1593 767 τοῦ,
1624 704 1765 757 ἀλλὰ

189 794 283 849 καὶ
317 795 834 864 κεχειροτονημένος
896 792 1064 846 ἐστίν.
1113 792 1251 846 Ὑπὸ
1281 793 1483 859 tivum;
1520 793 1627 847 ὑπὸ
1654 793 1765 847 τῶν

200 887 560 958 ⁹ιιὲκκλησιῶν.
594 888 688 947 Εἰς
732 887 819 951 si;
847 889 928 951 είς
964 886 1025 940 τὸ
1048 883 1186 941 εἶναι
1221 887 1559 958 συνέκδημος
1607 887 1765 959 ἡμῶν

191 982 248 1034 ἰν
275 980 354 1049 τῷ
398 979 737 1051 κηρύγματι.
795 975 925 1032 Εἶτα
946 980 1009 1032 οὑ
1040 980 1202 1049 μόνον
1238 981 1296 1031 ὲν
1321 978 1399 1050 τῷ
1444 968 1766 1050 κηρύγματι

189 1072 705 1143 κεχειροτονημένος
761 1072 880 1124 ἐστὶ
956 1073 1059 1140 (δεῖ
1114 1071 1225 1142 γὰρ
1282 1072 1390 1124 ἀπὸ
1430 1070 1612 1125 κοινοῦ
1672 1069 1766 1123 καὶ

187 1165 265 1227 τὸ,
295 1185 313 1217 ι
344 1165 420 1219 Οὐ
482 1167 661 1234 μόνον,
690 1183 708 1215 ι
741 1164 1041 1235 ἐκλαϐεῖν).
1104 1167 1239 1219 ἀλλὰ
1271 1167 1363 1219 καὶ
1394 1168 1451 1218 ὲν
1473 1167 1539 1234 τῇ
1578 1164 1765 1235 χάριτι

187 1257 377 1327 ταύτῃ,
443 1258 536 1310 καὶ
566 1257 716 1326 ἑξῆς.
766 1257 1068 1320 τουτέστιν,
1112 1258 1194 1310 ὅτι
1248 1255 1765 1327 κεχειροτονημένος

186 1352 330 1402 ἐστὶν
375 1347 567 1417 ὥσπερ
614 1348 693 1408 είς
746 1346 806 1399 τὸ
850 1347 1188 1416 συνέκδημος
1252 1346 1408 1416 ἡμῶν
1470 1341 1610 1396 εῖναι
1668 1345 1764 1397 καὶ

186 1438 483 1506 κηρύσσειν
527 1435 586 1487 τὸ
638 1435 994 1502 Εὑαγγέλιον,
1041 1434 1183 1487 οὕτω
1244 1436 1339 1487 καὶ
1384 1434 1444 1486 τὸ
1499 1435 1765 1486 διακονεῖν

189 1532 252 1600 τῇ
275 1528 642 1599 ἐλεημοσύνη.
703 1527 802 1581 Διά
856 1527 1016 1580 τοῦτο
1049 1528 1155 1597 ἄρα
1183 1527 1278 1580 καὶ
1300 1528 1637 1579 ἀπέσταλται
1669 1525 1766 1578 νῦν

188 1622 278 1673 ἐπὶ
306 1623 372 1691 τῇ
398 1619 625 1692 τοιαύτῃ
676 1618 952 1672 ὑποθέσει.
1001 1613 1128 1672 Οἵον
1173 1617 1403 1682 ἄνωθεν,
1452 1620 1643 1687 φησὶν,
1680 1617 1760 1679 εἰς

187 1709 340 1765 τοῦτο
401 1709 841 1780 κεχειροτόνηται
897 1708 1000 1760 ὑπὸ
1050 1707 1158 1761 τῶν
1216 1707 1545 1777 ἐκκλησιῶν,
1583 1706 1675 1759 καὶ
1703 1705 1763 1759 οὐ

188 1799 278 1857 νῦν
308 1800 401 1868 ὑφ’
430 1799 589 1870 ἡμῶν
615 1798 1117 1868 αὑτοσχεδιάζεται.
1158 1799 1296 1852 ἀλλὰ
1336 1796 1762 1869 χειροτονηθεὶς,

189 1868 525 1959 συνέκδημος
588 1887 749 1959 ἡμῶν
806 1888 1290 1958 συνεχειροτονήθη
1337 1868 1436 1941 καὶ
1487 1888 1544 1939 ἐν
1591 1885 1763 1955 ταύτῃ
1798 1868 1839 1922 Β

186 1983 246 2050 τῇ
305 1980 702 2052 διακονουμένῃ
764 1979 955 2051 ’χάριτι
1005 1979 1342 2051 λειτουργεῖν
1404 1980 1500 2032 καὶ
1554 1978 1766 2048 ὑπηρε-

184 2073 313 2127 τείν.

252 2345 337 2398 οὐ
371 2347 562 2413 μόνον
585 2343 674 2410 δὲ,
700 2343 863 2399 ἀλλὰ
893 2344 991 2398 καὶ
1026 2343 1465 2415 χειροτονηθεὶς
1498 2344 1616 2397 ὑπὸ
1646 2343 1768 2397 τῶν

196 2435 575 2504 Ἕκκλησιῶν
637 2436 1025 2505 συνέκδημος
1073 2434 1266 2505 ἡμῶν,
1300 2435 1421 2490 σὺν
1449 2434 1525 2504 τῇ
1573 2434 1765 2503 χάριτι

186 2530 373 2596 ταύτῃ
420 2527 494 2595 τῇ
542 2526 983 2597 διακονουμένῃ
1048 2528 1149 2597 ὑφ’
1204 2529 1392 2596 ἡμῶν,
1448 2527 1601 2596 πρὸς
1649 2527 1766 2596 τὴν

186 2619 372 2673 αὑτοῦ
411 2618 517 2673 τοῦ
565 2618 783 2687 Κυρίου
817 2618 1008 2682 δόξαν
1053 2618 1154 2673 καὶ
1206 2620 1543 2687 προθυμίαν
1571 2617 1763 2688 ήμῶν,

186 2704 824 2779 στελλόμενοίτοῦτο,
860 2708 945 2778 μή
980 2728 1071 2776 τις
1107 2709 1257 2779 ἡμᾶς
1280 2709 1636 2779 μωμήσηται
1695 2710 1767 2763 ἐν

186 2801 254 2871 τῇ
277 2800 563 2869 ἁδρότητι
618 2801 802 2869 ταύτῃ
836 2800 910 2870 τῇ
944 2800 1391 2871 διακονουμένῃ
1439 2802 1541 2870 ὑφ’
1571 2801 1761 2870 ήμῶν,

186 2891 618 2960 προνοούμενοι
665 2890 847 2955 καλὰ,
876 2893 948 2945 οὑ
966 2892 1162 2960 μόνον
1202 2891 1464 2950 ἐνώπιον
1514 2894 1761 2961 Κυρίου,

184 2981 342 3038 ἀλλὰ
367 2981 467 3036 και
504 2980 764 3036 ἐνώπιον
795 2982 1143 3051 ἀνθρώπων.

250 3078 327 3131 Οὑ
368 3075 529 3146 μόνον
559 3075 638 3141 δὲ,
680 3077 865 3147 φησὶν,
920 3077 1415 3149 εὐαγγελιζόμενος
1462 3078 1761 3147 εὐδοκιμεῖ,

184 3165 313 3224 ἀλλὰ
366 3166 462 3221 καὶ
517 3166 599 3220 διὸ
652 3167 1032 3240 ἐχειροτονήθη
1080 3169 1186 3222 ὑπὸ
1230 3169 1342 3223 τῶν
1402 3169 1757 3238 Ἐκκλησιῶν.

193 3279 210 3311 ι
237 3260 582 3330 Συνέκδημος
608 3259 788 3332 ἡμῶν.
830 3280 848 3313 ι
887 3256 1020 3314 Εἶτα
1049 3263 1143 3315 καὶ
1173 3263 1238 3315 ἐκ
1264 3262 1361 3331 τῆς
1385 3263 1492 3315 τῶν
1535 3262 1764 3332 Ἐκκλη-

187 3352 309 3406 σιιῖιν
329 3352 665 3422 χειροτονίας
684 3353 777 3406 καὶ
795 3352 1029 3425 κρίσεως
1054 3355 1315 3425 σεμνύνει
1338 3354 1428 3406 τὸν
1453 3353 1762 3424 Βαρνάϐαν.

185 3444 254 3498 Οὐ
288 3446 404 3514 γὰρ
463 3446 623 3514 μόνον
668 3444 1158 3515 εὐαγγελιζόμενος
1214 3428 1513 3513 εὐδοκιμεῖ,
1575 3442 1762 3511 φησὶν,

184 3538 315 3591 ἀλλὰ
354 3538 449 3591 καὶ
486 3538 931 3608 κεχειροτόνηται
965 3538 1069 3590 ὑπὸ
1089 3536 1198 3589 τῶν
1240 3536 1601 3605 Ἐκκλησιῶν,
1625 3531 1766 3588 εἷναι

185 3624 342 3700 ἡμῶν
373 3629 710 3700 συνέκδημος
733 3630 792 3683 ιν
817 3628 896 3699 τῷ
923 3628 1262 3698 κηρύγματι.
1312 3626 1373 3679 'U
1411 3626 1469 3679 δὲ
1496 3629 1552 3678 ὲν
1583 3625 1761 3696 τούτῳ

186 3722 462 3785 κοινωνὸς,
514 3723 762 3775 κοινωνεῖ
810 3720 1053 3790 δηλονότι
1120 3720 1213 3773 καὶ
1271 3718 1385 3772 τῶν
1430 3717 1763 3789 πειρασμῶν

185 3814 276 3868 καὶ
337 3813 446 3868 τῶν
488 3812 751 3867 κινδύνων
772 3812 849 3882 τῷ
880 3811 1099 3882 Παύλῳ.
1133 3812 1244 3865 Καὶ
1270 3811 1332 3863 οὑ
1364 3811 1546 3880 μόνον,
1605 3810 1761 3880 φησὶ,

187 3907 521 3978 συνέκδημος
582 3904 740 3977 ήμῶν
785 3905 1253 3975 κεχειροτόνηται,
1311 3902 1452 3955 ἀλλὰ
1491 3902 1669 3954 καὶέν
1696 3902 1762 3971 τῇ

184 4002 373 4073 χάριτι
423 3998 594 4071 ταύτῃ
656 3998 1125 4069 κεχειροτόνηται,
1153 3998 1220 4065 τῇ
1251 3994 1644 4064 διακονουμένη
1671 3994 1766 4062 ὑφ’

183 4092 372 4165 ἡμῶν,
431 4091 736 4155 τουτέστιν,
763 4090 858 4144 ἐπὶ
883 4090 960 4159 τῷ
988 4087 1350 4153 ὑποδέξασθαι
1383 4087 1453 4139 τὰ
1476 4090 1575 4156 τῆς
1608 4087 1765 4154 ἐλεη-

186 4183 431 4255 μοσύνης
484 4186 768 4254 χρήματα.
814 4180 1050 4235 Δύναται
1084 4181 1143 4234 δὲ
1202 4179 1377 4233 ταῦτα
1431 4177 1526 4231 καὶ
1559 4179 1638 4240 εἰς
1675 4176 1768 4230 τὸν

182 4277 405 4329 Λουκᾶν
437 4274 720 4345 νοηθῆναι.
761 4292 780 4325 ι
812 4273 954 4343 Πρὸς
991 4273 1092 4344 τὴν
1118 4270 1211 4325 τοῦ
1262 4269 1470 4341 Κυρίου
1525 4269 1707 4334 δόξαν.
1739 4287 1758 4321 ι

182 4368 439 4431 Τοιοῦτος
463 4368 521 4421 δέ
553 4369 689 4433 ἔστι,
750 4368 935 4437 φησὶν,
964 4365 993 4418 ό
1028 4366 1123 4419 καὶ⁸
1164 4364 1257 4417 ἐπὶ
1282 4363 1359 4432 τῷ
1402 4363 1472 4415 τὰ
1501 4364 1763 4433 χρήματα

183 4459 552 4525 ὑποδέξασθαι
582 4459 713 4529 παρ’
738 4458 897 4528 ἡμῶν
927 4457 1032 4510 ὑπὸ
1056 4457 1165 4509 τῶν
1224 4454 1566 4525 Ἐκκλησιῶν
1589 4470 1768 4524 χειρο-

1867 626 1897 665 a
1927 614 2200 666 connnuui
2238 628 2402 667 sensu
2441 611 2756 668 subaudire.
2789 611 2859 667 Ut
2901 614 2973 669 sit
3008 629 3240 669 sensus:
3279 634 3297 666 ι
3334 617 3469 670 Ωιι-λ

1864 703 1957 774 jns
1990 705 2113 760 laus
2141 712 2226 760 est
2256 705 2309 759 in
2332 704 2662 775 Evangelio:
2699 725 2719 758 ι
2765 704 2881 762 Νοη
2910 707 3089 763 solum
3122 706 3449 763 admirando

1866 794 2030 850 modo
2057 802 2112 849 et
2152 796 2311 849 laude
2343 795 2510 866 digno
2538 798 2833 852 annuntiat
2870 813 2934 852 ac
2976 798 3236 868 praedicat
3267 799 3473 852 Evan-‘

1866 888 2066 957 gelium
2095 904 2109 940 :
2156 906 2173 938 ι
2210 885 2410 942 Verum
2434 889 2599 942 etiam
2633 888 2952 960 designatus
2981 899 3082 947 est.
3126 910 3145 942 ι
3177 889 3219 944 A
3246 890 3449 960 quibus

1868 986 2050 1033 autem
2078 979 2179 1032 l'nit
2200 980 2562 1051 designatus?
2592 983 2660 1037 ab
2691 984 2973 1046 Ecclesiis,
2996 984 3192 1053 inquit,
3212 981 3451 1051 atquid?

1870 1068 1941 1125 Ut
1979 1079 2129 1125 esset
2161 1087 2348 1127 comes
2385 1074 2843 1144 peregrinatiOnis
2867 1086 3069 1128 nostra:
3094 1077 3147 1128 in
3183 1075 3451 1143 praedica-

1869 1164 2040 1217 tione.
2081 1162 2289 1217 Deinde
2314 1179 2425 1217 non
2458 1166 2634 1219 solum
2669 1168 2724 1218 in
2777 1167 3162 1235 pnedicatioue
3195 1166 3451 1229 ili-signa-

1868 1262 1957 1309 lus
2009 1254 2107 1308 fuit
2143 1258 2159 1323 (
2194 1271 2318 1309 nam
2342 1266 2555 1325 oportet
2582 1273 2802 1326 quoque
2840 1275 2867 1310 a
2904 1261 3185 1312 communi
3219 1265 3448 1312 senten-

1868 1348 1942 1399 tia
2003 1348 2328 1417 intelligere,
2373 1368 2392 1399 ι
2433 1349 2549 1402 Non
2613 1350 2814 1412 solum,
2856 1369 2874 1401 ι
2936 1366 3123 1404 verum
3175 1350 3338 1403 etiam
3395 1349 3449 1401 in

1868 1439 2041 1508 gratia
2076 1440 2202 1505 hac,
2227 1450 2281 1493 et
2308 1448 2528 1495 czetera.
2570 1440 2684 1494 Hoc
2714 1450 2817 1503 est,
2850 1442 2992 1507 quod
3019 1442 3162 1496 sicut
3200 1442 3453 1510 designa-

1869 1537 1956 1582 tus
1991 1540 2073 1583 est
2102 1531 2167 1583 ad
2211 1531 2338 1595 hoc,
2372 1541 2431 1585 ut
2470 1547 2657 1584 comes
2681 1538 2830 1584 esset
2856 1532 3316 1596 peregl’inutiouis
3348 1547 3452 1583 no-

1870 1630 2002 1674 stra:
2023 1629 2077 1674 et
2118 1624 2441 1691 praedicaret
2471 1622 2846 1690 Evangelinm,
2920 1621 2991 1673 ita
3035 1636 3252 1690 quoque
3306 1618 3456 1673 utad

1868 1713 2272 1785 clcemosyuam
2328 1715 2582 1770 minister
2628 1725 2798 1769 esset.
2861 1712 3092 1782 Propter
3144 1715 3247 1766 hoc
3322 1727 3459 1768 sane

1870 1822 2019 1860 nunc
2058 1807 2222 1860 etiam
2275 1806 2477 1862 missus
2500 1815 2584 1860 est
2643 1807 2734 1859 tali
2788 1805 3092 1875 proposito.
3130 1804 3325 1867 Antea,
3376 1805 3461 1859 in-

1868 1897 2093 1967 quit,ad
2143 1897 2245 1950 hoc
2299 1897 2619 1968 designatus
2682 1906 2765 1954 est
2808 1899 2877 1950 ab
2910 1897 3196 1961 Ecelcsiis,
3250 1905 3304 1951 et
3348 1912 3459 1951 non

1867 2006 2016 2045 nunc
2050 2007 2078 2043 a
2108 1993 2266 2046 nobis
2287 2007 2354 2046 ex
2401 2003 2649 2061 tempore
2677 1992 2985 2047 assumitur
3020 2008 3033 2044 :
3071 1992 3166 2046 sed
3193 1992 3455 2061 designa~

1868 2089 1957 2134 tus
1983 2095 2169 2134 comes
2198 2090 2397 2135 nostra:
2439 2081 2921 2151 peregrinationis,
2966 2082 3128 2135 simul
3160 2082 3324 2135 etiam
3362 2081 3461 2135 de-

1867 2173 2117 2241 signatus
2137 2181 2241 2237 est,
2267 2181 2325 2225 ut
2345 2173 2746 2242 obsequeretur
2769 2188 2833 2227 ac
2859 2172 3199 2228 subserviret
3216 2171 3285 2226 ad
3316 2171 3462 2226 hanc

1866 2266 2093 2335 gratiam
2135 2281 2254 2331 quae
2284 2264 2725 2320 administratur.

1933 2356 2100 2430 664
2136 2356 2270 2423 Vill,
2294 2358 2483 2413 i9-Sl.
2508 2357 2620 2412 Nec
2649 2357 2706 2412 id
2729 2358 2924 2420 solum,
2942 2374 3117 2412 verum
3139 2357 3299 2410 etiam
3322 2355 3469 2413 desi-

1864 2458 2055 2518 gnatus
2079 2458 2154 2502 est
2188 2452 2252 2502 ab
2283 2449 2535 2505 Ecclesiis
2560 2467 2731 2505 comes
2766 2450 3206 2521 peregrinationis
3242 2460 3459 2506 nostris.

1864 2556 2120 2594 nuarum
2159 2540 2258 2594 hac
2303 2543 2482 2611 gratia
2540 2559 2657 2611 quis
2691 2543 3123 2606 {administratur
3150 2560 3184 2597 ο
3224 2541 3373 2596 nobis
3391 2541 3463 2595 ad

1863 2632 2097 2700 ejusdem
2120 2633 2338 2688 Domini
2357 2634 2607 2702 gloriam,
2626 2643 2673 2689 et
2700 2636 2867 2688 animi
2886 2637 3043 2690 vestri
3082 2634 3461 2705 promptitudi-

1865 2739 1981 2778 nem
2016 2741 2034 2779 :
2076 2725 2447 2780 contrahentes
2499 2727 2596 2780 hoc
2635 2744 2697 2781 ne
2732 2728 2854 2797 quis
2886 2743 2979 2780 nos
3042 2738 3230 2796 carpat
3278 2728 3329 2780 in
3360 2727 3459 2780 huc

1862 2816 2212 2868 exuberantia
2234 2832 2354 2885 qua:
2401 2817 2816 2871 administratur
2857 2836 2888 2871 a
2922 2819 3093 2881 nobis,
3117 2827 3465 2884 procurantes

1862 2907 2080 2962 honesta
2107 2925 2211 2962 non
2243 2919 2454 2963 tantum
2480 2926 2664 2963 coram
2690 2910 2950 2977 Domino,
2985 2909 3077 2962 sed
3106 2910 3269 2963 etiam
3286 2924 3464 2963 coram

1862 3000 2182 3054 hominibus.

1932 3089 2050 3145 Non
2073 3092 2274 3155 solum,
2308 3090 2509 3161 inquit,
2534 3091 2883 3160 praedicando
2949 3090 3302 3162 Evangelium
3343 3093 3467 3147 lau-

1862 3181 1984 3236 dem
2004 3196 2363 3251 promeretur,
2384 3199 2569 3237 verum
2591 3185 2758 3239 etiam
2778 3185 2908 3254 quia
2928 3184 3252 3252 designatus
3274 3196 3358 3240 est
3394 3184 3465 3239 ab

1869 3271 2154 3327 Ecclesiis.
2189 3291 2206 3324 ι
2232 3273 2432 3327 Comes
2458 3275 2915 3345 peregrinationis
2944 3285 3168 3332 nostrae.
3201 3295 3220 3327 ι
3265 3275 3467 3331 ῡιιὶιιόθ

1866 3380 1931 3419 ex
1987 3365 2348 3419 ecclesiarum
2399 3380 2622 3435 quoque
2698 3365 3082 3435 designatione
3141 3375 3195 3420 et
3239 3367 3466 3436 judicio

1864 3454 2172 3510 Barnabam
2206 3457 2577 3511 venerandum
2630 3459 2780 3512 iacit.
2818 3456 2937 3512 Non
2998 3458 3149 3512 enim
3205 3474 3271 3513 ex
3324 3460 3466 3524 sola,

1867 3548 2070 3612 inquit,
2101 3547 2384 3619 Evangelii
2421 3548 3045 3619 prazdicationelaudcm
3079 3560 3461 3620 promeretur,

1871 3640 1967 3695 sed
2000 3640 2168 3694 etiam
2196 3639 2518 3710 designatus
2552 3648 2636 3696 est
2674 3642 2744 3696 ab
2767 3642 3033 3697 Ecclesiis
3065 3652 3123 3696 ut
3154 3651 3301 3697 esset
3356 3658 3462 3697 no-

1869 3734 1955 3788 bis
1990 3749 2176 3789 comes
2206 3734 2668 3805 peregrinationis
2698 3736 2753 3789 in
2786 3720 3158 3805 praedicando.
3210 3735 3315 3802 Qui
3365 3750 3468 3790 au-

1870 3830 1980 3879 tem
2020 3825 2074 3878 in
2114 3827 2220 3879 hoc
2254 3828 2525 3896 particeps
2563 3834 2672 3890 est,
2727 3842 2862 3882 sane
2916 3827 3084 3880 etiam
3146 3830 3333 3882 socius
3404 3842 3469 3883 ac

1871 3919 2147 3988 particeps
2167 3927 2253 3972 est
2311 3916 2485 3973 Paulo
2516 3919 2570 3972 in
2604 3918 2997 3975 afﬂictionibus
3043 3935 3110 3975 ac
3172 3921 3465 3990 periculis-

1868 4006 1978 4062 Nec
2028 4007 2235 4070 solum,
2268 4007 2464 4076 inquit,
2517 4022 2700 4063 comes
2748 4020 2953 4063 nostrae
3003 4010 3467 4079 peregrinationis

1870 4097 2193 4167 designatus
2221 4107 2326 4163 est,
2358 4098 2452 4155 sed
2482 4099 2535 4153 in
2569 4100 2671 4153 hac
2693 4115 2913 4170 quoque
2931 4101 3105 4170 gratia
3138 4101 3468 4170 designatus

1868 4200 1953 4244 est
1993 4206 2114 4260 qua:
2144 4192 2565 4246 administratur
2616 4207 2646 4246 a
2672 4193 2852 4261 nobis,
2881 4194 2984 4247 hoc
3017 4201 3128 4258 est,
3156 4194 3226 4249 ad
3281 4194 3467 4249 susri-

1869 4282 2125 4352 piendum
2148 4283 2514 4356 cleemosyna:
2548 4285 2827 4354 pecunias.
2860 4285 3102 4341 Possunt
3137 4289 3305 4341 etiam
3336 4288 3454 4342 haec

1868 4376 1937 4429 de
1973 4375 2120 4429 Luca
2157 4376 2407 4448 intelligi.
2457 4395 2476 4429 ι
2509 4377 2590 4430 Ad
2623 4377 2835 4431 Domini
2868 4378 3125 4446 gloriam.
3148 4399 3167 4429 ι
3209 4377 3359 4435 Talis
3382 4386 3468 4435 est

1870 4475 2054 4521 autem
2100 4467 2146 4522 is
2180 4469 2277 4537 qui
2311 4470 2379 4523 ab
2413 4469 2669 4524 ecclesiis
2687 4468 3010 4539 designatus
3052 4477 3138 4525 est
3172 4469 3239 4523 ad
3284 4471 3468 4524 susci-

181 4550 462 4624 τονηθεὶς,
520 4550 606 4604 ἵνα
632 4550 692 4617 ἐξ
725 4541 802 4603 ὧν
823 4549 1073 4619 πράττει,
1108 4548 1204 4601 καὶ
1227 4549 1254 4599 ὁ
1276 4546 1511 4617 Χριστὸς
1536 4544 1764 4615 δοξάζη-

1879 4560 2116 4629 piendas
2150 4561 2367 4617 avobis
2395 4562 2676 4629 pecunias,
2711 4571 2770 4616 ut
2819 4578 2884 4618 es
2932 4563 3016 4617 bis
3071 4578 3193 4632 quae
3254 4565 3366 4633 agit
3414 4570 3469 4618 et

182 4662 295 4713 ται,
359 4646 455 4698 καὶ
492 4645 653 4713 ὑμεῖς
682 4645 1076 4716 προθυμότεροι
1111 4643 1312 4713 μᾶλλον
1343 4644 1423 4706 εἰς
1446 4642 1545 4713 τὴν
1584 4644 1773 4709 εἰσφο-

188 4740 290 4808 ρὰν
324 4738 579 4809 γένησθε.
606 4738 986 4807 ιΣτελλόμενοι
1003 4736 1221 4791 τοῦτο.)
1246 4734 1575 4807 Περιστελλό
1587 4750 1765 4804 μενοι,

186 4829 618 4899 ἁσφαλιζόμενοι
650 4830 730 4891 εἰς
756 4827 932 4892 τοῦτο,
951 4828 1072 4898 ιΜή
1099 4844 1183 4891 τις
1208 4827 1358 4898 ἡμᾶς
1381 4830 1766 4897 μωμήσηται.»

184 4924 285 4976 Διὶι
317 4921 476 4975 τοῦτο
504 4922 582 4984 δὲ,
616 4922 771 4991 φησὶ,
809 4918 1083 4981 τοιούτους
1137 4918 1488 4990 ἐπέμψαμεν,
1514 4918 1773 4972 εὐλαϐού-

187 5032 346 5085 μενοι
408 5015 504 5067 καὶ
570 5012 970 5083 φυλαττόμενοι
1010 5012 1085 5084 μή
1136 5029 1220 5075 τις
1259 5013 1505 5084 πονηρὰν
1534 5010 1773 5081 ὑποψίαν

187 5106 349 5178 σχοίη
409 5105 530 5159 καθ’
587 5106 764 5177 ἡμῶν,
795 5105 871 5169 ὡς
944 5104 1350 5175 νοσφιζομένων
1375 5106 1443 5159 τὰ
1491 5106 1769 5176 χρήματα.

191 5217 210 5250 ι
241 5198 334 5251 Ἔν
363 5199 431 5269 τῇ
478 5198 753 5269 ἁδρότητι,
814 5200 971 5267 φησι,
1022 5197 1202 5271 ταύτῃ
1258 5199 1326 5269 τῇ
1373 5196 1770 5268 διακονουμένῃ

186 5288 278 5357 ὑφ’
304 5288 480 5360 ἡμῶν.
510 5306 528 5341 ι
585 5288 846 5342 Τουτέστι
875 5288 962 5341 διὰ
989 5289 1049 5342 τὸ
1076 5284 1218 5343 εἶναι
1269 5288 1438 5361 ἁδρὰν
1461 5290 1556 5342 καὶ
1605 5289 1771 5342 πλου-

188 5380 310 5433 σίαν
333 5380 433 5450 τὴν
459 5380 719 5450 εἰσφορὰν
747 5380 847 5450 τὴν
880 5380 1181 5451 μέλλουσαν
1204 5380 1451 5450 γίνεσθαι
1482 5381 1571 5451 ὑφ’
1591 5378 1766 5451 ὑμῶν.

186 5469 303 5523 Καὶ
359 5469 469 5540 γὰρ
503 5469 564 5523 τὸ
617 5469 727 5523 τῶν
791 5470 1096 5542 χρημάτων
1158 5469 1364 5538 πλῆθος
1411 5471 1601 5524 ἱκανὸν
1655 5472 1771 5533 τοῖς

186 5564 444 5632 πονηροῖς
494 5561 671 5632 κακὴν
725 5562 981 5616 ὑπόνοιαν
1034 5561 1295 5633 ἐμϐαλεῖν
1326 5562 1453 5632 περὶ
1490 5561 1668 5631 ἡμῶν,
1706 5562 1769 5627 ξεί

187 5654 267 5725 μὴ
286 5653 460 5720 οὑτως
480 5655 801 5720 ἐπιλέκτους
833 5656 967 5727 πρὸς
996 5655 1098 5725 τὴν
1123 5653 1392 5724 ὑποδοχὴν
1422 5653 1601 5707 αὑτῶν
1622 5649 1767 5725 ἦμεν

183 5746 558 5816 πεπομφότες.
608 5748 721 5801 Οὑκ
747 5745 867 5801 εἷπε
906 5747 986 5815 δὲ,
1017 5748 1108 5819 Μὴ
1138 5746 1297 5817 ὑμεῖς
1329 5743 1761 5813 σκανδιλισθῆτε

184 5836 320 5909 περὶ
345 5839 523 5910 ἡμῶν,
571 5841 657 5895 ἵνα
691 5840 764 5913 μὴ
788 5841 964 5914 πλήξῃ
1002 5841 1218 5907 αὐτοὺς,
1242 5840 1397 5910 ἀλλὰ,
1433 5860 1449 5891 ι
1478 5841 1565 5913 Μή
1595 5857 1697 5905 τις.
1737 5859 1755 5892 ι

1875 4650 2125 4706 Christus
2160 4652 2518 4722 gloriﬁcetur,
2547 4662 2604 4708 et
2632 4669 2729 4709 vos
2760 4654 3129 4724 promptiores
3178 4656 3362 4724 potius
3392 4654 3462 4709 ad

1877 4741 2226 4796 collationem
2280 4743 2618 4797 elliciamini.
2670 4761 2689 4795 ι
2762 4744 3168 4799 Contrabentes
3241 4744 3367 4800 boc.
3439 4764 3459 4797 ι

1877 4829 2227 4895 Coartantes,
2262 4842 2317 4888 et
2363 4833 2416 4886 in
2480 4832 2585 4888 hoc
2620 4834 2951 4888 munientes.
3004 4852 3022 4885 ι
3060 4831 3139 4888 Ne
3180 4836 3303 4904 quis
3367 4850 3470 4892 nos

1877 4927 2085 4988 carpat.
2125 4935 2144 4969 ι
2183 4917 2504 4989 Propterea,
2545 4919 2744 4988 inquit,
2796 4921 2938 4975 tales
2978 4921 3249 4986 misimus,
3297 4922 3460 4977 veriti

1874 5017 1929 5064 ct
1972 5012 2330 5066 observantes
2369 5028 2437 5067 ne
2466 5012 2591 5082 quis
2623 5026 2846 5081 pravam
2897 5013 3190 5069 adversum
3232 5028 3334 5071 nos
3368 5015 3467 5071 ba-

1877 5101 2003 5156 beat
2028 5104 2428 5173 suspicionem,
2492 5114 2750 5174 tanquam
2802 5105 3094 5173 pecuniam
3153 5105 3313 5163 nobis
3365 5123 3462 5163 su-

1877 5209 2027 5249 mere
2055 5195 2307 5249 velimus.
2351 5213 2369 5246 ι
2440 5194 2497 5249 In
2548 5195 2653 5251 hac
2711 5197 3069 5252 exuberantia
3118 5214 3240 5269 qua:
3290 5198 3467 5253 admi-

1878 5288 2155 5341 nistratur
2190 5302 2216 5341 ιι
2259 5287 2441 5343 nobis.
2474 5306 2490 5339 ι
2526 5285 2643 5343 Hoc
2689 5297 2793 5353 est,
2815 5304 2882 5344 eo
2910 5289 3057 5360 quod
3082 5291 3393 5346 exuberans
3412 5299 3467 5343 et

1875 5378 2165 5433 abundans
2219 5377 2401 5432 futura
2450 5379 2523 5433 sit
2591 5380 2928 5437 contributio
2991 5391 3196 5436 vestra.
3248 5379 3463 5435 Etenim

1876 5470 2164 5525 abundans
2191 5471 2549 5540 pecuniarum
2584 5473 2877 5529 multitudo
2906 5482 3095 5544 posset
3126 5472 3310 5543 pravis
3364 5487 3460 5527 ve-

1875 5562 2163 5618 risimilem
2193 5561 2421 5632 injicere
2451 5562 2827 5639 suspicionem
2884 5565 2943 5619 ie
2974 5563 3155 5629 nobis,
3188 5560 3295 5616 nisi
3323 5561 3462 5616 adeo

1874 5654 2083 5710 electos
2115 5653 2182 5708 ad
2227 5654 2445 5709 illarum
2505 5655 2913 5725 susceptionem
2952 5651 3319 5707 misissemus.
3344 5650 3462 5708 Non

1873 5745 2011 5799 dixit
2070 5753 2304 5800 autem:
2363 5745 2441 5801 Ne
2481 5763 2578 5802 vos
2629 5744 3020 5801 oﬂ'endiculum
3064 5742 3345 5814 patiamini
3394 5746 3463 5802 de

1875 5837 2051 5907 nobis,
2085 5853 2148 5895 nc
2185 5839 2333 5910 ipsos
2378 5838 2672 5901 morderet,
2699 5835 2815 5903 scd,
2848 5834 2953 5889 «Nc
2976 5834 3118 5906 quis.
3160 5851 3282 5887 ι-ι
3325 5834 3462 5891 Pro-
