3906 6588
458 357 577 422 995

1508 344 1913 409 CECUMENII
1943 344 2236 406 TRlCC/E
2275 342 2623 405 EPISCOPI

3604 352 3707 416 996

458 467 653 527 bemus
707 480 824 533 vos,
891 471 1001 522 etc.
1043 463 1198 522 Unde
1257 471 1440 519 autem
1493 461 1599 517 hoc
1639 458 1818 531 patet?
1844 457 1916 512 Ex
1953 457 2048 514 hoc

2161 456 2258 511 Ἐκ
2280 455 2376 511 τοῦ
2402 454 2626 529 θαρρεῖν
2639 454 2896 526 animum.
2919 455 3548 529 παρῤησιάζεσθαιπρδς
3569 461 3723 532 sua;

462 560 609 631 quod
651 558 808 614 vobis
851 557 1186 614 confidimus
1224 565 1278 612 et
1320 556 1490 611 libere
1528 555 1739 626 agimus
1772 567 1901 622 erga
1931 565 2049 606 vos.

461 651 569 708 Sed
605 661 660 707 et
703 652 811 707 hoc
841 651 985 706 unde
1032 650 1390 705 manifestum
1436 648 1561 704 est?
1605 644 1772 718 649
1808 644 2050 708 Glorior,

462 743 664 814 inquit,
690 743 744 795 in
777 741 952 797 vobis.
970 738 1105 794 Nam
1141 740 1245 795 hoc
1274 738 1497 795 aliunde
1526 752 1634 792 non
1659 737 1919 808 gignitur,
1946 733 2052 789 nisi

463 849 531 890 ex
559 833 867 887 vehementi
924 830 1257 886 confidentia
1279 839 1333 885 et
1389 829 1706 885 securitate.
1745 826 1869 882 Ideo
1915 840 2054 897 quo-

463 939 570 993 que
603 923 679 975 ait
724 939 738 975 :
771 941 790 973 ‹
831 918 1093 991 lmpletus
1124 937 1245 976 sum
1277 919 1681 985 consolatione,
1710 937 1729 970 ι
1755 926 1810 974 et
1831 925 2049 974 caetera.

467 1031 487 1064 ι
522 1013 686 1067 Multa
710 1012 842 1067 mihi
867 1013 1128 1083 gloriatio
1149 1013 1217 1069 de
1239 1012 1415 1068 vobis.
1454 1032 1475 1067 ι
1503 1011 1627 1067 llaec
1654 1010 1874 1081 quidem
1906 1010 2053 1080 prio.

459 1105 617 1159 ribus
631 1120 756 1161 esse
778 1105 1030 1160 videntur
1047 1120 1170 1161 esse
1190 1104 1492 1166 contraria,
1520 1104 1613 1159 ubi
1644 1104 1766 1158 illos
1794 1102 2055 1156 condem—

460 1202 616 1252 navit
646 1206 907 1269 tanquam
941 1198 1183 1269 indignis
1209 1196 1555 1253 adhaerentes
1586 1215 1598 1250 :
1654 1196 1749 1251 sed
1791 1194 1922 1248 nihil
1970 1204 2055 1250 est

460 1291 858 1360 repugnantia.
919 1289 1051 1345 Nam
1103 1291 1191 1345 his
1240 1290 1424 1346 verbis
1470 1288 1661 1343 laudat
1710 1302 1831 1352 eos,
1903 1286 2048 1340 viam

459 1390 800 1451 praestruens
821 1396 931 1450 quo
954 1381 1163 1435 utilitas
1191 1380 1679 1451 reprehensionum
1700 1378 1860 1434 facile
1875 1379 2054 1434 susci-

458 1473 665 1544 piatur,
698 1487 822 1526 cum
857 1472 961 1526 illa:
998 1470 1069 1526 ab
1110 1480 1329 1526 amante
1356 1471 1679 1541 procedant.
1719 1472 1797 1524 Ac
1826 1470 1871 1525 si
1902 1469 2055 1526 dice-

466 1577 547 1619 ret
581 1563 740 1619 :Non
787 1565 935 1619 enim
988 1564 1132 1634 quod
1163 1580 1262 1620 vos
1283 1563 1768 1620 condemnaverim
1830 1562 1925 1617 illa
1966 1563 2053 1618 di-

477 1655 529 1709 si
563 1696 577 1721 ε
614 1655 776 1709 Absit
806 1656 820 1709 ι
855 1655 953 1709 sed
983 1662 1043 1709 ut
1094 1656 1378 1720 crescetis,
1437 1655 1721 1725 magisque
1778 1654 2051 1724 proveha-

475 1746 607 1798 mini
639 1745 706 1800 ad
737 1748 1013 1800 virtutem.
1043 1774 1114 1785 —-
1147 1743 1269 1799 Alio
1288 1742 1463 1799 modo.
1501 1741 1840 1814 Objurgabat
1887 1746 2048 1814 prius

469 1851 564 1890 eos
615 1837 759 1906 quod
806 1836 875 1892 ad
907 1835 1222 1891 incredulos
1274 1853 1371 1907 per
1430 1836 1774 1891 dilectionem
1806 1837 2053 1891 declina-

467 1936 590 1981 rent
620 1945 636 1996 ;
670 1944 816 1984 nunc
847 1944 976 1984 vero
1010 1928 1218 1995 laudat,
1250 1928 1398 1999 quod
1429 1943 1494 1983 ea
1528 1928 1597 1983 de
1622 1929 1824 1999 quibus
1868 1930 2052 2000 priore

464 2021 697 2089 epistola
735 2021 1146 2075 accusabantur
1181 2020 1434 2076 studiose
1482 2022 1881 2077 correxissent.
1936 2022 2054 2077 Hoc

466 2123 647 2164 autem
674 2110 869 2166 arbitri
894 2118 978 2165 est
1026 2111 1349 2165 muneribus
1377 2126 1488 2166 non
1510 2112 1776 2181 corrupti,
1802 2119 2052 2167 eterrata

461 2202 893 2272 reprehendere,
918 2211 973 2255 et
1019 2201 1240 2271 egregia
1280 2216 1449 2272 Opera
1486 2202 1823 2258 collaudare.
1886 2220 1907 2254 ι
1942 2202 2053 2257 lm-

463 2296 641 2365 pletus
667 2310 789 2349 sum
821 2296 1230 2351 consolatione.
1271 2313 1290 2346 ι
1328 2293 1627 2361 Quanam?
1672 2294 1812 2362 Quia
1834 2296 1963 2350 dum
1986 2310 2051 2351 ea

462 2388 530 2440 dc
553 2384 756 2455 quibus
807 2400 906 2439 vos
962 2384 1144 2454 priore
1174 2386 1403 2455 epistola
1468 2401 1756 2456 argueram
1809 2389 2055 2444 correxi-

462 2476 586 2540 stis,
614 2474 749 2543 ipsis
769 2474 1032 2543 operibus
1065 2490 1151 2529 me
1187 2476 1547 2541 consolastis,
1586 2485 1645 2530 ut
1671 2477 1786 2546 jam
1821 2493 1928 2533 non
1951 2478 2053 2533 do-

460 2560 643 2627 leam;
681 2575 784 2614 nec
823 2560 879 2614 id
909 2561 1111 2627 solum,
1140 2563 1342 2633 inquit,
1373 2563 1470 2618 sed
1502 2571 1558 2619 et
1584 2566 1785 2635 gaudio
1825 2581 1913 2621 me
1951 2568 2052 2621 im-

462 2651 675 2724 plestis.
710 2651 859 2706 Adeo
896 2652 1051 2708 velox
1088 2662 1141 2707 et
1170 2652 1363 2707 elﬁcax
1418 2654 1562 2710 facta
1617 2664 1705 2710 est
1758 2659 2049 2712 correttio.

467 2746 539 2801 Et
582 2746 686 2802 hoc
724 2755 828 2811 est,
856 2747 999 2816 quod
1026 2746 1102 2801 ait
1137 2763 1153 2806 ;
1203 2766 1223 2799 ί
1258 2745 1621 2806 Vehementer
1672 2751 1890 2808 exundo
1922 2768 2055 2823 gau-

467 2838 587 2894 dio.
648 2856 668 2891 ι
734 2836 968 2893 Tantum
1035 2847 1120 2894 est
1173 2840 1473 2909 gaudium,
1524 2843 1721 2913 inquit,
1785 2856 1846 2899 ut
1894 2848 2054 2904 nobis

463 2927 603 2984 satis
633 2926 804 2983 fuerit
856 2929 923 2981 ad
956 2928 1237 2984 ferendam
1267 2946 1486 2987 omnem
1535 2932 1909 2990 amictionem.

442 3023 455 3035 ’
536 3018 646 3083 VII,
671 3020 789 3075 5.8.
815 3019 1026 3075 Etenim
1057 3037 1178 3076 cum
1206 3023 1526 3079 venissemus
1562 3024 1620 3078 in
1650 3024 2044 3093 Macedoniam,

462 3112 667 3167 nullam
690 3110 879 3166 habuit
914 3112 1291 3168 relaxationem
1315 3131 1439 3169 caro
1462 3124 1666 3184 nostra,
1696 3116 1786 3171 sed
1834 3118 1890 3172 in
1939 3136 2055 3173 om-
2081 3149 2123 3206 ϐ

462 3206 615 3262 uibus
672 3207 1059 3279 a/ﬂigebamur.
1132 3208 1290 3264 Foris
1352 3225 1562 3281 pugnw,
1626 3212 1774 3267 intus
1812 3214 2045 3270 timores.

477 3298 664 3354 Verum
692 3301 782 3370 qui
815 3301 1127 3356 consolatur
1173 3302 1425 3367 humiles,
1465 3305 1771 3359 consolatus
1807 3317 1886 3361 est
1951 3323 2049 3363 nos

466 3394 609 3449 Deus
640 3410 733 3471 per
784 3395 1065 3451 adventum
1102 3396 1211 3452 Titi
1240 3415 1260 3452 :
1290 3416 1393 3453 non
1425 3400 1601 3455 solum
1627 3413 1803 3457 autem
1840 3417 1931 3471 per
1948 3405 2042 3457 ad-

461 3496 669 3542 ventum
687 3487 872 3553 ipsius,
901 3504 1084 3542 verum
1108 3492 1274 3545 etiam
1299 3507 1392 3560 per
1436 3494 1849 3548 consolationem
1888 3511 2046 3566 quam

459 3583 550 3637 ille
576 3584 773 3651 accepit
806 3584 870 3635 de
899 3583 1041 3636 vobis
1068 3598 1088 3646 ;
1120 3599 1243 3637 eum
1274 3589 1619 3640 annuntiaret
1644 3586 1795 3641 nobis
1818 3600 2047 3644 vestrum

462 3673 805 3737 desiderium,
827 3682 1057 3727 uestrum
1076 3674 1298 3740 luctum,
1329 3685 1562 3731 vestrum
1592 3693 1689 3747 pro
1722 3694 1803 3733 me
1832 3682 2003 3734 selum
2028 3697 2048 3739 :

467 3760 599 3815 adeo
625 3770 682 3814 ut
715 3760 884 3829 magis
906 3763 1121 3831 gavisus
1146 3764 1366 3832 fuerim.
1399 3764 1548 3821 Nam
1600 3768 1721 3822 licet
1770 3773 2047 3826 contrista-

463 3855 622 3908 verint
651 3870 736 3909 ros
767 3870 858 3923 per
883 3854 1180 3925 epistolam,
1218 3874 1323 3912 non
1349 3874 1430 3913 me
1489 3860 1725 3928 paenitet,
1776 3862 1938 3917 etiam
1998 3867 2045 3919 si

463 3949 789 4017 paenituerit.

535 4040 738 4099 Deinde
798 4054 989 4102 narrat
1047 4045 1417 4113 aﬂlictionem,
1462 4054 1516 4103 et
1567 4062 1822 4108 sermone
1868 4052 2045 4122 ipsam

461 4131 698 4196 extollit,
745 4149 857 4201 quo
913 4135 1095 4206 majus
1125 4135 1382 4191 ostendat
1422 4138 1686 4208 gaudium
1710 4148 1934 4212 propter
1962 4143 2047 4212 ip-

463 4238 555 4278 sos
591 4234 898 4296 acceptum,
926 4226 1072 4298 quod
1105 4237 1315 4284 tantam
1373 4231 1613 4301 potuerit
1645 4233 1945 4289 obscurare
1967 4233 2048 4288 af-

462 4312 763 4370 flictioncm
795 4334 957 4382 ;nam
977 4321 1451 4390 perseveravimus
1477 4323 1675 4393 inquit.
1715 4342 1736 4377 ι
1768 4325 1927 4381 Foris
1944 4341 2048 4396 pu-

465 4421 604 4477 gnae.
647 4428 667 4461 ι
697 4410 781 4464 Ab
808 4411 1128 4478 incredulis,
1166 4428 1308 4484 quos
1336 4414 1480 4469 solet
1513 4430 1712 4473 vocare
1762 4426 2043 4477 externos.

2168 548 2327 602 Ἀλλά
2352 549 2447 602 καὶ
2478 547 2638 601 τοῦτο
2659 546 2825 601 πόθεν
2853 547 3046 619 δῆλον;
3079 549 3411 620 Καυχῶμαι,
3441 553 3620 623 φησὶν,
3673 558 3723 608 ἐν

2155 642 2307 712 ὑμῖν.
2338 640 2511 695 Τοῦτο
2528 641 2639 713 γὰρ
2662 641 2887 696 ἄλλοθεν
2921 642 2982 695 οὐ
3035 642 3268 710 γίνεται,
3315 643 3349 717 ἢ
3394 646 3461 697 ἐκ
3493 644 3587 699 τοῦ
3614 647 3724 701 λίαν

2154 733 2472 788 πεποιθέναι
2505 734 2599 787 καὶ
2617 732 2861 805 θαρρεῖν.
2889 732 2982 786 Διὸ
3006 733 3101 788 καί
3127 752 3280 805 φησι,
3308 753 3327 787 ι
3360 736 3725 811 Πεπλήρωμσι

2154 828 2220 898 τῇ
2253 826 2625 898 παρακλήσει,
2674 843 2695 877 ι
2745 825 2842 879 καὶ
2888 825 3037 896 ἑξῆς.
3080 847 3097 879 ι
3134 828 3309 899 Πολλή
3370 846 3463 899 μοι
3530 831 3727 902 καύχη-

2157 936 2241 983 σις
2297 919 2436 988 ὑπὲρ
2501 920 2676 989 ὑμῶν.
2714 937 2734 971 ι
2794 918 2982 973 Ταῦτα
3032 919 3178 973 δοκεί
3244 921 3347 990 μὲν
3412 920 3523 974 τῶν
3586 924 3728 993 πρὼο

2153 1027 2262 1065 των
2284 1010 2505 1065 ἐναντία
2530 1010 2821 1080 ὑπάρχειν,
2859 1009 2989 1063 ἔνθα
3026 1010 3204 1063 αὐτῶν
3243 1012 3727 1079 κατεγίνωσκε-δὼς

2153 1103 2377 1167 ἀτόποις
2419 1102 2801 1173 κολλωμένων.
2871 1101 3011 1154 Ἀλλ’
3044 1102 3196 1155 οὐδὲν
3230 1104 3497 1157 ἐναντίον,
3548 1102 3607 1155 Ὀ
3630 1104 3727 1174 γὰρ

2154 1194 2242 1249 διὰ
2272 1194 2480 1248 τούτων
2502 1194 2750 1258 ἔπαινος,
2770 1194 2872 1264 τὴν
2900 1195 3008 1247 ἀπὸ
3045 1195 3153 1247 τῶν
3199 1193 3441 1265 ἐλέγχων
3472 1194 3726 1262 ὠφέλειαν

2155 1286 2559 1358 εὐπαράδεκτον
2601 1288 2766 1349 ποιεῖ,
2791 1286 2867 1349 ὼς
2895 1286 3004 1339 ἀπὸ
3059 1285 3342 1354 φιλοῦντος
3408 1284 3726 1354 λεγομένων,

2153 1376 2288 1431 ὡσεὶ
2321 1378 2475 1447 ἔλεγε
2503 1393 2518 1409 ·
2544 1378 2640 1448 Μὴ
2662 1378 2733 1446 γὰ
2744 1394 2773 1447 ρ
2796 1376 2871 1441 ὡς
2906 1377 3268 1445 κατεγνωκὼς
3325 1376 3502 1447 ὑμῶν,
3556 1378 3727 1431 ἐκεῖνα

2153 1469 2382 1539 ἐλεγον;
2420 1470 2720 1541 Οὐμενοῦν.
2774 1470 2913 1523 Ἀλλ’
2955 1470 3040 1522 ἵνα
3069 1469 3298 1522 ἐπιδῶτε
3347 1471 3485 1539 πρὸς
3513 1471 3723 1541 ἀρετήν.

2157 1565 2497 1631 -Ἂλλως,
2515 1565 2783 1634 Ἐπετίμα
2807 1565 3097 1636 πρότερον,
3117 1565 3174 1616 ἐν
3197 1556 3277 1627 οἷς
3303 1563 3443 1635 πρὶς
3462 1564 3589 1622 τοὺς
3609 1564 3725 1617 dxi-

2155 1673 2314 1720 στους
2342 1656 2434 1710 διὰ
2464 1655 2566 1727 τῆς
2596 1657 2817 1728 ἀγάπης
2845 1657 3155 1710 ἀπέκλινον.
3186 1657 3433 1708 Ἐπαινεί
3460 1655 3517 1708 δὲ
3540 1655 3651 1722 νῦν,
3678 1659 3727 1710 ἐν

2154 1747 2236 1813 οἷς
2265 1748 2335 1803 τὰ
2373 1750 2431 1803 ἐν
2457 1752 2523 1820 τῇ
2551 1749 2794 1820 προτέρᾳ
2853 1751 3109 1819 ἐπιστολῇ
3148 1748 3725 1817 ἐπικληθένταάὺτοῖς,

2153 1842 2246 1897 διὰ
2298 1844 2539 1913 σπουδῆς
2582 1840 2984 1909 διωρθώσαντο.
3050 1843 3224 1896 Τοῦτο
3279 1844 3387 1913 γὰρ
3445 1842 3727 1895 ἁδικάσῑον

2152 1935 2454 2005 διαιτητοῦ,
2477 1935 2538 1988 τὸ
2554 1935 2649 1988 καὶ
2672 1933 2741 1987 τὰ
2764 1934 3136 2006 ἡμαρτημένα
3147 1934 3359 2005 ψέγειν,
3379 1934 3474 1987 καὶ
3503 1935 3580 1987 τὰ
3608 1951 3727 1988 κατ-

2151 2027 2457 2100 ωρθωμένα
2512 2029 2569 2081 ἐν
2613 2027 2821 2096 ἐπαίνῳ
2870 2027 3161 2081 ποιεῖσθαι.
3204 2046 3223 2078 ι
3257 2027 3639 2098 Πεπλήρωμαι
3670 2029 3727 2096 τῇ

2154 2122 2531 2194 παρακλήσει.
2564 2140 2583 2174 ι
2626 2121 2804 2191 Ποίας
2849 2120 2972 2173 Ὅτι
3010 2120 3097 2189 ἐφ’
3129 2114 3210 2183 οἷς
3228 2120 3298 2173 τὰ
3327 2122 3384 2173 ἐν
3432 2122 3499 2189 τῇ
3548 2117 3727 2189 πρώτῃ

2154 2214 2436 2282 κατέγνων
2459 2213 2614 2284 ὑμῶν
2640 2212 2923 2283 ἐπιστολῇ,
2977 2211 3382 2281 διορθωθέντες,
3439 2210 3508 2263 δι’
3561 2210 3727 2262 αὐτῶν

2151 2308 2262 2361 τῶν
2286 2307 2467 2379 ἔργων
2494 2306 2910 2376 παρεκαλέσατέ
2941 2322 3009 2374 με
3040 2304 3101 2358 τὸ
3130 2304 3205 2376 μὴ
3259 2303 3581 2357 λυπεῖσθαι.
3630 2303 3726 2355 Καὶ

2153 2399 2215 2453 οὺ
2255 2399 2417 2470 μόνον
2446 2397 2627 2460 τοῦτο,
2677 2397 2864 2467 φησὶν,
2905 2395 3042 2450 ἀλλὰ
3066 2397 3160 2450 καὶ
3189 2396 3364 2466 χαρᾶς
3400 2412 3471 2465 με
3511 2393 3725 2462 ἐνεπλή-

2155 2508 2309 2556 σατε,
2333 2488 2504 2553 οὕτως
2527 2490 2559 2560 ἡ
2582 2488 2866 2560 διόρθωσις
2896 2488 3159 2559 σύντομος
3182 2487 3402 2556 ἐγένετο
3433 2486 3528 2540 καὶ
3566 2487 3722 2555 ἐναρ-

2152 2583 2276 2655 γής.
2313 2581 2485 2636 Τοῦτό
2506 2584 2675 2646 ἐστιν,
2705 2600 2723 2634 ι
2763 2581 3341 2653 ’Υπερπερισσεύομαι
3386 2582 3458 2651 τῇ
3507 2579 3664 2649 χαρᾷ.
3696 2595 3714 2628 t

2154 2673 2267 2727 Kal.
2300 2673 2534 2744 τοσαύτη
2562 2672 2701 2737 ἐστὶ,
2728 2672 2916 2742 φησὶν,
2940 2673 2975 2742 ἡ
3033 2672 3198 2742 χαρὰ,
3240 2671 3323 2724 ὅτι
3381 2671 3508 2723 ἀντὶ
3558 2669 3718 2739 πάσης

2154 2764 2391 2833 ἡρκεσεν
2421 2765 2554 2834 ημῖν
2576 2763 2677 2833 τῆς
2715 2762 2967 2831 θλίψεως.

2224 3027 2336 3083 Kal
2364 3027 2472 3098 γὰρ
2513 3026 2815 3081 ἐλθόντων
2846 3023 3016 3095 ’ἡμῶν
3070 3026 3158 3089 είς
3192 3023 3597 3087 Μακεδονίαν,
3638 3026 3717 3077 οὐ·

2156 3120 2370 3190 δεμίαν
2397 3120 2669 3189 ἔσχηκεν
2723 3119 2939 3172 ἄνεσιν
2966 3119 3003 3188 ἡ
3032 3116 3189 3186 σὰρξ
3230 3114 3425 3185 ἡμῶν,
3466 3116 3606 3170 ἀλλ’
3662 3116 3719 3168 ἐν

2156 3215 2335 3268 παντί
2367 3214 2727 3282 θλιϐόμενοι.
2749 3209 3013 3276 Ἔξωθεν
3036 3210 3246 3279 μάχαι,
3270 3210 3505 3263 ἔσωθεν
3547 3209 3717 3277 εείόοι.

2168 3304 2324 3359 Ἀλλ’
2355 3308 2387 3359 ό
2421 3301 2789 3372 παρακαλῶν
2810 3300 2955 3368 τοὺς
2976 3299 3297 3367 ταπεινοὺς
3321 3299 3718 3368 παρεκάλεσεν

2155 3397 2315 3467 ἡμᾶς
2344 3400 2376 3451 ό
2406 3397 2550 3463 Θεὸς
2586 3397 2657 3450 ἐν
2680 3394 2755 3464 τῇ
2792 3394 3098 3462 παρουσίᾳ
3131 3394 3323 3459 Τίτου,
3343 3395 3417 3448 οὐ
3442 3395 3631 3462 μόνον
3662 3391 3718 3443 δὲ

2155 3490 2226 3543 ἐν
2255 3488 2327 3557 τῇ
2360 3487 2663 3556 παρουσίᾳ
2698 3486 3084 3549 αὺτοῦ,ἀλλὰ
3106 3486 3290 3541 καὶέν
3317 3485 3393 3553 τῇ
3427 3484 3716 3552 παρακλή-

2154 3597 2251 3636 σει
2279 3575 2319 3653 ῇ
2342 3579 2690 3649 παρεκλήθη
2726 3579 2820 3647 ἐφ’
2842 3577 3004 3648 ὑμῖν,
3032 3576 3429 3646 ἀναγγέλλων
3455 3575 3595 3645 ἡμῖν·
3620 3575 3716 3639 τὴν

2153 3674 2322 3743 ὑμῶν
2346 3672 2730 3740 ἐπιπόθησιν,
2755 3671 2864 3724 τὸν
2910 3668 3075 3740 ὑμῶν
3099 3667 3384 3738 ὀδυρμόν,
3418 3670 3525 3721 τὸν
3570 3664 3716 3735 ὑμῶν

2153 3765 2337 3836 ζῆλον
2366 3765 2517 3835 ὑπὲρ
2553 3764 2720 3838 ἐμοῦ.
2752 3764 2943 3819 Ὥστεσ
2961 3761 3199 3833 μᾶλλον
3224 3759 3507 3830 χαρῆναι,
3543 3760 3630 3813 ὅτι
3672 3759 3716 3811 ιι

2153 3858 2252 3913 καί
2279 3858 2565 3926 ἐλύπησα
2596 3856 2753 3926 ὑμᾶς
2781 3855 2852 3909 ἐν
2886 3855 2960 3925 τῇ
2981 3854 3301 3922 ἐπιστολῇ,
3360 3856 3434 3908 οὺ
3478 3854 3713 3924 μεταμέ-

2151 3953 2330 4018 λομαι
2360 3952 2413 4003 εὶ
2433 3949 2532 4002 καὶ
2554 3949 2987 4019 μετεμελόμην.
3029 3998 3041 4009 ,

2224 4037 2362 4096 Εἶτα
2386 4041 2658 4109 διηγεῖται
2686 4039 2786 4111 τὴν
2813 4037 3011 4108 θλίψιν,
3061 4040 3155 4092 καὶ
3181 4038 3397 4110 ἐπαίρει
3442 4038 3611 4109 αὐτὴν
3648 4036 3709 4108 τῷ

2151 4134 2317 4205 λόγῳ,
2345 4134 2435 4187 ἴνα
2464 4134 2565 4204 τὴν
2607 4132 2676 4187 δι’
2701 4132 2897 4194 αὐτοὺς
2950 4131 3125 4203 χαρὰν
3179 4129 3407 4200 μείζονα
3455 4130 3602 4202 δείξῃ
3648 4130 3709 4192 ὡς

2155 4221 2453 4294 ίσχύσασαν
2488 4219 2758 4291 τοσαύτην
2808 4218 2988 4289 θλίψιν
3038 4217 3394 4289 ἀμαυρῶσαι,
3427 4219 3487 4283 ἐξ
3527 4215 3603 4272 ὧν
3645 4217 3711 4271 διο

2154 4314 2507 4385 ετελέσαμεν.
2540 4330 2560 4363 ι
2594 4313 2833 4380 Ἐξωοεν
2867 4312 3060 4382 μάχαι.
3093 4330 3111 4363 ι
3135 4310 3296 4380 Παρὰ
3320 4311 3432 4364 τῶν
3466 4312 3707 4375 ἀπίστων,

2152 4405 2244 4470 οὒς
2276 4406 2477 4471 ἔξωθεν
2499 4403 2688 4459 καλεῖν
2738 4403 2951 4458 εἴωθεν,
2982 4421 3002 4454 ο
3040 4402 3287 4457 Ἐσωθεν
3342 4404 3523 4475 φόϐοι.
3558 4425 3577 4457 ι
3627 4405 3708 4457 Διά

462 4500 630 4572 650
664 4522 683 4555 t
720 4500 875 4558 Intus
907 4505 1157 4573 timores,
1199 4524 1218 4558 ι
1255 4515 1476 4578 propter
1513 4507 1801 4566 credentes
1844 4528 1913 4569 ne
1939 4526 2047 4579 quo

2155 4498 2278 4561 τοὺς
2305 4497 2554 4560 πιστοὺς,
2590 4496 2663 4566 μή
2702 4511 2819 4558 πως
2846 4495 2960 4557 τοῖς
3007 4497 3333 4565 πειρασμοῖς
3384 4495 3710 4566 μαλακισθῶ-

464 4594 626 4649 modo
696 4596 1100 4652 tentationibus
1168 4598 1550 4654 emollescant.
1620 4619 1640 4653 ι
1695 4601 1893 4658 Verum
1950 4608 2044 4675 qui

464 4687 788 4741 consolatur
821 4688 1079 4743 humiles.
1115 4708 1135 4742 ι
1171 4689 1309 4755 Quis
1337 4700 1424 4746 est
1454 4702 1637 4746 autem
1674 4694 1764 4763 qui
1805 4694 2045 4753 humiles

462 4778 806 4839 consolatur,
848 4784 904 4831 et
931 4791 1028 4834 eos
1062 4777 1157 4847 qui
1206 4780 1350 4833 inter
1388 4779 1644 4838 homines
1701 4784 1908 4838 nullum
1946 4788 2044 4839 ha-

462 4864 593 4920 bent
620 4867 893 4921 ausilium
920 4868 946 4921 ?
980 4886 1000 4919 ι
1032 4867 1174 4924 Deus
1202 4869 1456 4925 videlicet
1491 4887 1506 4925 :
1541 4870 1631 4927 hic
1665 4888 1765 4929 nos
1788 4875 2044 4930 consola-

464 4964 555 5011 tus
605 4969 708 5022 est,
738 4959 936 5028 inquit,
971 4974 1065 5029 per
1096 4959 1392 5016 adventum
1419 4958 1550 5017 Titi.
1594 4981 1615 5015 ι
1652 4962 1907 5036 Magnum
1943 4967 2046 5022 ali-

469 5044 599 5112 quid
631 5062 755 5102 esse
806 5050 953 5102 ducit
991 5051 1138 5104 illius
1201 5050 1517 5107 adventum.
1579 5051 1705 5109 Vult
1757 5057 1899 5110 enim
1942 5057 2047 5115 fide

469 5136 693 5205 dignum
739 5138 882 5206 apud
912 5139 1034 5194 illos
1058 5150 1112 5196 et
1156 5141 1395 5199 amicum
1424 5144 1507 5200 eis
1552 5146 1783 5202 reddere
1843 5148 2043 5206 virum.

475 5247 493 5282 t
524 5227 643 5283 Non
674 5229 855 5283 solum
900 5239 1084 5286 autem
1134 5247 1231 5301 per
1276 5235 1569 5290 adventum
1629 5238 1825 5308 ipsius.
1866 5257 1885 5292 ι
1922 5238 2044 5296 Νοη

465 5320 668 5386 solum,
692 5319 893 5403 inquit,
918 5320 1066 5377 illius
1099 5323 1373 5380 adventus
1408 5325 1511 5381 fuit
1537 5329 1670 5383 mihi
1703 5345 1878 5387 causa
1904 5333 2047 5388 laeti-

465 5412 592 5479 tiae;
627 5425 815 5465 verum
844 5411 1013 5467 etiam
1046 5412 1196 5483 quod
1239 5414 1359 5483 ipse
1412 5418 1851 5477 consolationem
1888 5436 2047 5481 acce-

463 5503 610 5574 perit
641 5512 696 5559 et
725 5504 1072 5560 exhilaratus
1097 5504 1264 5561 fuerit
1310 5521 1341 5561 a
1376 5510 1556 5566 vobis.
1591 5510 1865 5577 Quoniam
1900 5516 2045 5571 enim

465 5595 746 5655 emendati
782 5596 1038 5666 fueratis,
1064 5603 1121 5653 et
1173 5598 1294 5668 ipse
1345 5615 1444 5670 per
1491 5605 1662 5658 vestri
1713 5607 2050 5664 immutatio-

466 5704 592 5745 nem
625 5690 1065 5747 consolationem
1092 5692 1327 5762 accepit,
1362 5701 1418 5748 et
1449 5707 1550 5750 nos
1579 5710 1689 5751 una
1712 5701 2049 5756 consolatio-

468 5793 593 5838 nem
622 5782 957 5853 acccpimus.
988 5781 1153 5840 Vides
1182 5799 1346 5855 quam
1375 5783 1701 5846 familiarem
1736 5799 1788 5847 et
1809 5792 2047 5848 amicum

2147 4607 2257 4646 σιν.
2286 4607 2304 4641 ι
2358 4588 2498 4642 Ἀλλ’
2522 4590 2552 4642 ὁ
2578 4586 2918 4658 παρακαλῶν
2947 4586 3078 4651 τοὺς
3119 4588 3432 4652 ταπεινούς.
3466 4608 3485 4641 ι
3520 4591 3612 4653 Τίς
3657 4587 3704 4641 δὲ

2146 4683 2175 4735 ὁ
2204 4679 2540 4753 παρακαλῶν
2561 4683 2688 4744 τοὺς
2717 4680 3010 4744 ταπεινοὺς
3029 4680 3125 4733 καὶ
3144 4681 3202 4733 ἐν
3223 4681 3541 4753 ἀνθρώποις
3560 4681 3706 4752 Met;-

2149 4774 2376 4844 θήτους;
2420 4794 2438 4825 ι
2470 4773 2531 4826 ’0
2579 4771 2733 4837 Θεὸς,
2775 4792 2799 4824 ι
2828 4771 3030 4843 δηλαδή
3068 4787 3082 4801 ⁸
3120 4765 3278 4837 οὗτος
3328 4775 3503 4844 ἡμᾶς,
3560 4774 3704 4845 φησὶ,

2149 4865 2492 4936 παρεκάλεσε
2542 4863 2629 4917 διὰ
2702 4864 2804 4935 τῆς
2861 4863 3161 4933 παρουσὶας
3216 4864 3401 4917 Τίτου.
3466 4863 3617 4933 Μέγα
3665 4880 3705 4915 τι

2150 4960 2385 5011 ποιεῖται
2411 4963 2508 5027 τὴν
2542 4955 2848 5024 παρουσίαν
2879 4954 3065 5010 αὐτοῦ.
3115 4955 3373 5009 Βούλεται
3426 4960 3537 5026 γὰρ
3575 4954 3704 5019 ἀξιό-

2153 5064 2348 5102 πιστον
2412 5048 2597 5112 αὐτοῖς
2638 5047 2736 5102 καὶ
2791 5047 2944 5117 φίλον
3002 5048 3342 5118 καταστῆσαι
3394 5050 3485 5103 τὸν
3536 5049 3699 5118 ἄνδρα.

2155 5160 2174 5194 t
2202 5140 2278 5194 Οὐ
2317 5139 2478 5210 μόνον
2515 5140 2573 5193 δέ
2604 5142 2661 5192 ἐν
2707 5142 2775 5210 τῇ
2812 5139 3085 5211 impendia
3114 5139 3302 5193 αὐτοῦ.
3346 5160 3365 5192 t
3398 5141 3476 5195 Οὔ
3524 5143 3696 5211 μόνον,

2150 5234 2359 5304 φησὶν,
2453 5235 2484 5305 ἡ
2571 5233 2847 5304 παρουσία
2914 5232 3082 5287 αὑτοῦ
3164 5234 3389 5303 ἐποίησέ
3461 5252 3548 5305 μοι
3620 5234 3701 5299 τὴν

2150 5323 2511 5396 εὐφροσύνην,
2568 5325 2706 5379 ἀλλὰ
2763 5327 2858 5379 καὶ
2904 5325 3360 5397 παρακεκλῆσθαι
3422 5328 3578 5379 αὐτὸν
3627 5325 3705 5377 καὶ

2149 5418 2461 5491 ηὑφράνθαι
2498 5420 2631 5489 παρ’
2681 5418 2858 5491 ὑμῶν.
2915 5418 3135 5492 Ἐπειδὴ
3201 5419 3307 5491 γὰρ
3361 5418 3704 5489 διωρθὼθςτε,

2149 5519 2314 5584 αὑτός
2363 5537 2425 5574 τε
2455 5520 2548 5573 ἐπὶ
2589 5522 2656 5593 τῇ
2713 5519 2867 5593 ὑμῶν
2909 5521 3181 5594 μεταϐολῇ
3241 5521 3581 5594 παρεκλήθη,
3624 5518 3708 5572 καὶ

2149 5611 2313 5682 ἡμεῖς
2341 5612 2904 5685 συμπαρεκλήθημεν.
2944 5614 3107 5686 Ὁρᾷς
3139 5616 3258 5679 πῶς
3296 5615 3483 5678 αὐτοῖς
3532 5613 3705 5667 civici

2151 5701 2244 5757 τὸν
2269 5704 2429 5759 Τῖτον
2456 5723 2472 5771 ;
2507 5701 2676 5770 Οὗτος
2698 5702 2767 5778 ἧν
2791 5708 2819 5759 6
2850 5702 3121 5779 πεμφθεὶς
3164 5709 3302 5779 πρὸς
3328 5710 3543 5773 αὐτοὺς,
3584 5706 3705 5778 pati

2153 5793 2253 5865 τῆς
2293 5794 2517 5868 πρώτης
2539 5798 2797 5869 ἐπιστολῇ
2812 5818 2851 5861 .r.
2891 5817 2909 5850 ι
2950 5792 3027 5869 ᾟ
3058 5799 3379 5872 παρεκλήθη
3410 5800 3492 5870 ἐφ’
3518 5800 3653 5870 ὑμῖν.
3683 5811 3702 5844 ι
