3906 6552
167 344 275 408 937

1069 297 1453 398 coalitam.
1482 337 1562 397 ιχ
1602 333 1839 396 EPIST.
1875 337 1932 396 II
1974 337 2077 396 AD
2115 335 2472 398 CORINTH.

3326 333 3430 399 998

166 458 242 510 Ού
263 455 434 522 λέγει,
459 449 596 520 Παρ’
631 448 805 520 ὑμῶν,
837 447 978 515 ἀλλ’,
1013 466 1032 500 t
1081 449 1194 517 Ἐφ’
1239 449 1389 518 ὑμῖν.
1424 466 1443 500 ι
1504 447 1626 501 Ἐπὶ
1682 449 1740 518 τῇ

1858 446 2044 502 reddat
2079 447 2187 501 illis
2214 446 2442 501 Titum?
2491 443 2593 500 llic
2634 443 2703 500 ad
2729 457 2826 500 eos
2859 444 3062 502 missus
3094 443 3274 502 fuerat
3301 465 3426 505 cum

166 547 319 619 ὑμῶν
367 544 498 615 γὰρ,
535 544 689 613 φησὶ,
726 541 996 613 μεταϐολῇ
1029 541 1128 612 τὴν
1157 541 1504 610 παράκλησιν
1565 541 1740 611 ἔσχεν.

170 659 188 690 ι
233 635 608 704 ’Δναγγὲλλων
641 635 776 702 ἡμῖν
809 633 908 704 τὴν
933 631 1086 702 ὑμῶν
1119 633 1466 702 ἐπιπόθησιν.
1492 629 1622 685 Εἶτα
1652 633 1747 684 καὶ

163 726 326 797 αὐτὴν
373 724 464 796 τὴν
489 723 837 792 παράκλησιν
867 721 1036 790 λέγει.
1075 719 1361 792 ιΕΰφρανε
1398 718 1529 790 γὰρ,
1557 718 1744 788 φησὶν,

163 820 333 890 ἡμᾶς,
364 815 723 883 ἀναγγέλλων
753 816 888 884 ἡμῖν
938 812 1036 883 τὴν
1077 813 1231 883 ὑμῶν
1262 811 1610 880 ἐπιπόθησιν,
1640 813 1742 873 ὅτι,

163 912 350 982 φησὶν,
384 906 631 962 ἐποθεῖτέ
660 925 727 977 με
755 908 904 959 ἰδεῖν.
942 921 961 956 ι
996 905 1100 958 Τὸν
1133 904 1286 975 ὑμῶν
1313 903 1570 975 ὀδυρμόν.
1597 923 1614 956 ι
1634 901 1747 958 Οὐκ

161 1000 482 1072 ἐδακρύετε,
517 999 704 1068 φησιν,
740 995 1145 1067 ἀλλ’ὠδύρεσθε
1171 995 1265 1048 ἐπὶ
1321 997 1387 1066 τῇ
1433 995 1746 1065 ἐπιτιμήσει

165 1113 265 1164 μου
298 1097 363 1163 τῇ
391 1095 448 1145 ἐν
473 1095 538 1161 τῇ
575 1089 764 1161 πρώτῃ
793 1089 1079 1160 ἐπιστολῇ.
1115 1108 1132 1141 ι
1171 1089 1276 1142 Τὸν
1317 1087 1474 1158 ὑμῶν
1501 1088 1665 1157 ζῆλον
1720 1107 1739 1140 ι

160 1187 271 1238 Οὐκ
313 1180 467 1236 εἶπεν
485 1181 678 1252 ὀργὴν,
715 1181 830 1234 ἀλλ’
859 1180 885 1234 ὅ
917 1180 1078 1233 πλέον
1107 1174 1196 1250 ἦν,
1233 1179 1416 1248 ζῆλον,
1469 1177 1652 1248 φησὶν,
1686 1177 1745 1230 ὃν

157 1275 470 1345 ὠργίσθητε
490 1272 567 1342 τῷ
615 1270 1043 1342 πεπορνευκότι,
1093 1271 1189 1323 καὶ
1231 1271 1344 1332 τοῖς
1395 1269 1744 1339 διασύρουσιν

156 1369 305 1438 ἡμᾶς
331 1364 810 1436 ψευδαποστόλοις.
846 1381 864 1414 ι
897 1363 1066 1416 Ὠστε
1102 1378 1168 1432 με
1194 1359 1397 1431 μᾶλλον
1419 1359 1676 1432 χαρῆναι.
1718 1377 1736 1411 ι

157 1461 269 1512 Οὐκ
293 1457 631 1527 ἐλυπούμην,
669 1456 857 1525 φησὶν,
888 1456 976 1508 διὰ
1003 1455 1103 1518 τὰς
1126 1455 1431 1526 εἰρημένας
1480 1471 1584 1524 μου
1634 1452 1744 1505 θλί-

153 1553 299 1623 ψεις.
333 1581 402 1593 -
427 1553 683 1615 Ἄλλως.
712 1547 912 1621 [ΦΩΤ.]
938 1548 1096 1611 Τίνος
1130 1547 1330 1618 μᾶλλον
1362 1545 1596 1619 χαρῆναι
1630 1563 1646 1612 ;
1673 1547 1742 1598 Ἦ

153 1648 252 1716 τῆς
284 1645 465 1714 λύπης
486 1645 684 1714 μᾶλλον
716 1645 974 1713 χαρῆναι,
998 1642 1063 1713 ἣν
1096 1641 1338 1712 ὑπέστην
1371 1642 1430 1694 ἐν
1451 1642 1562 1703 τοῖς
1593 1639 1742 1710 εῑρη-

157 1741 344 1812 μένοις
366 1741 694 1810 πειρασμοῖς
726 1737 820 1790 καὶ
861 1735 1270 1806 στενοχωρίαις.
1313 1735 1386 1787 Ἦ
1422 1734 1520 1804 τῆς
1564 1731 1740 1801 λύπης

153 1799 218 1900 ἦν
246 1799 515 1898 ὑπέστην,
543 1799 686 1880 διότι
711 1826 960 1895 ἐλύπησα
1015 1799 1160 1895 apta;
1219 1825 1278 1877 ἐν
1336 1825 1403 1894 τῇ
1460 1799 1740 1893 ἐπιστολῇ.
1774 1799 1817 1858 Β

154 1919 500 1988 Οξκειότερον
523 1918 579 1972 δὲ
608 1917 670 1970 τὸ
699 1917 974 1986 δεύτερον.
1011 1915 1154 1985 Πρὸς
1170 1914 1330 1970 τοῦτο
1372 1914 1483 1986 γὰρ
1539 1913 1743 1985 μᾶλλον

155 2011 250 2064 καὶ
275 2011 330 2063 οἱ
353 2011 479 2080 ἑξῆς
499 2009 834 2080 ἁρμόξουσιν
860 2009 1032 2077 λόγοι.
1058 2008 1293 2062 Δυνατὸν
1322 2007 1492 2061 δὲκαὶ
1519 2023 1742 2078 παναμ-

153 2107 389 2174 φότερα.
414 2102 582 2172 Φησὶν
610 2097 722 2164 οὖν,
759 2102 842 2155 ὅτι
879 2099 1086 2172 ἡχαρὰ
1145 2100 1306 2152 πλέον
1368 2097 1666 2170 ηὔφρανεν,
1703 2099 1736 2169 ἢ

151 2199 185 2268 ὴ
202 2197 355 2268 λύπη
380 2197 624 2267 ἠνίασεν.
645 2190 800 2261 Εἶτα,
823 2195 905 2248 ὅτι
934 2196 995 2247 Εἰ
1025 2195 1120 2248 καὶ
1149 2191 1396 2261 ἐλύπησα
1424 2193 1567 2262 ὑμᾶς
1594 2193 1650 2245 ἐν
1670 2195 1736 2262 τῇ

154 2291 445 2362 ἐπιστολῇ,
479 2289 664 2360 φησὶν,
695 2288 810 2342 ἀλλ’
841 2287 932 2341 οῦν
962 2290 1040 2350 είς
1067 2287 1356 2358 μετάνοιαν
1407 2285 1738 2356 ἐλυπήθητε,

151 2385 294 2454 ὅπερ
323 2383 438 2436 ἐστὶ
470 2381 611 2435 κατὰ
632 2381 763 2435 Θεὸν
815 2379 1152 2451 λυπηθῆναι.
1215 2378 1328 2433 Καὶ
1371 2381 1403 2450 ἡ
1457 2379 1553 2450 μέν
1617 2377 1741 2432 καθ’

150 2475 349 2546 εἱρμὸν
379 2473 586 2527 διάνοια
627 2471 886 2543 «amre
932 2471 990 2525 δὲ
1038 2470 1265 2543 μεταξὺ,
1311 2470 1598 2542 περιϐολαὶ
1645 2471 1740 2524 καὶ

150 2566 508 2635 αἰτιολογίαι,
537 2566 633 2620 καὶ
664 2565 1056 2636 ἐπαναλήψεις.
1090 2564 1260 2618 Εῑωθε
1283 2565 1392 2635 γὰρ
1427 2567 1455 2618 ὁ
1483 2563 1624 2627 θεῖος
1645 2555 1737 2617 οῦ-

148 2675 242 2722 τος
267 2658 411 2728 ἀνὴρ
446 2658 763 2729 περιϐολαῖς
797 2657 1090 2729 περιϐολὰς
1117 2656 1403 2729 συνείρειν,
1424 2657 1516 2709 καὶ
1549 2671 1742 2727 μεστο-

150 2751 333 2803 ποιεῖν
360 2749 451 2802 τὸν
485 2748 641 2818 λόγον
660 2789 676 2814 ,
703 2749 783 2802 διδ
809 2749 903 2801 xal.
932 2747 1326 2818 ἐπαναλήψεως
1353 2746 1580 2800 δεῖσθαι.
1615 2741 1739 2798 Οἷον

153 2841 368 2912 μεταξὺ
416 2841 870 2913 παρεμϐἑϐληται
929 2841 1029 2910 τῆς
1078 2841 1376 2911 εἰρημένης
1425 2837 1521 2891 τοῦ
1570 2836 1738 2910 ῥητοῦ

152 2935 478 3004 συναφείας,
508 2934 590 2999 τὸ,
624 2953 642 2986 ι
683 2935 757 2987 Ού
793 2933 1186 3004 μεταμέλομαι.
1231 2950 1250 2984 ι

1848 539 2032 608 priore
2079 537 2338 608 epistola.
2382 555 2400 589 ι
2445 534 2896 592 Consolationem
2946 550 3112 604 quam
3145 537 3234 592 ille
3267 553 3429 594 acce-

1850 632 1929 701 pit
1979 630 2047 686 de
2076 631 2254 685 vobis.
2295 649 2312 682 ι
2351 629 2470 686 Non
2503 629 2657 695 dicit,
2707 627 2942 692 avobis,
2974 630 3070 685 sed
3105 646 3118 683 :
3164 647 3183 683 ι
3229 629 3306 685 De
3333 646 3430 685 vo-

1847 722 1974 790 bis;
2025 741 2045 775 ι
2079 722 2147 778 de
2171 732 2376 788 vestra,
2408 723 2608 793 inquit,
2657 724 3043 778 immutatione
3090 724 3428 779 consolatio-

1848 828 1971 868 nem
2028 813 2239 868 habuit.
2297 814 2482 870 tCum
2548 816 2900 870 annuntiarct
2967 815 3129 871 nobis
3182 826 3426 871 vestrum

1847 905 2208 962 desiderium.
2231 937 2303 948 —
2332 925 2351 958 ‹
2390 906 2600 964 Deinde
2657 909 2833 980 ipsam
2875 924 3097 980 quoque
3127 910 3261 966 dicit
3289 925 3426 964 con-

1849 999 2200 1054 solationem.
2242 1016 2262 1050 )
2325 999 2623 1056 oblectavit
2663 1017 2784 1068 nos,
2845 1002 3045 1072 inquit,
3088 1004 3426 1057 annuntians

1849 1091 2008 1146 nobis
2043 1099 2284 1145 vestrum
2310 1090 2666 1159 desiderium,
2695 1093 2840 1164 quod
2878 1109 2963 1150 me
2984 1095 3171 1150 videre
3205 1094 3394 1150 deside
3421 1126 3425 1129 -

1847 1183 2064 1237 raretis.
2092 1200 2111 1234 ι
2143 1180 2394 1238 VeStrum
2418 1183 2652 1238 luctum.
2687 1203 2705 1236 ι
2739 1183 2855 1240 Νοη
2878 1185 3197 1254 plorabatis,
3217 1187 3424 1257 inquit,

1847 1273 1943 1328 sed
1971 1288 2157 1328 amare
2191 1273 2464 1344 lugebatis
2497 1274 2566 1329 ob
2610 1291 2786 1330 meam
2822 1276 3260 1348 objurgationem
3293 1293 3426 1346 quae

1846 1365 1994 1420 facta
2047 1374 2130 1422 est
2177 1381 2273 1437 per
2322 1366 2562 1436 priorem
2619 1367 2925 1436 epistolam.
2969 1389 2987 1421 ι
3020 1368 3278 1425 Vestrum
3325 1385 3423 1441 pro

1848 1471 1934 1510 me
1973 1457 2201 1512 zelum.»
2239 1455 2358 1511 Non
2394 1456 2554 1523 dixit,
2589 1455 2753 1525 Iram,
2781 1458 2875 1513 sed
2905 1459 3053 1528 quod
3115 1462 3236 1531 plus
3284 1473 3421 1527 erat,

1847 1547 2036 1604 Zelum
2099 1549 2298 1618 inquit,
2349 1564 2458 1619 quo
2514 1550 2594 1603 ira
2652 1551 2869 1606 accensi
2915 1550 3105 1607 fuistis
3163 1554 3426 1609 adversus

1846 1650 2205 1699 scortatoretn
2229 1651 2288 1709 et
2320 1641 2810 1714 pseudoapostolos
2835 1644 2925 1713 qui
2958 1645 3119 1700 nobis
3163 1647 3427 1701 detrahe-

1846 1734 1999 1788 bant.
2039 1752 2058 1786 ι
2095 1733 2244 1789 Adeo
2303 1744 2362 1790 ut
2404 1735 2578 1804 magis
2633 1737 2856 1805 gavisus
2901 1736 3120 1792 fuerim.
3163 1756 3181 1789 ι
3211 1736 3283 1792 Ut
3313 1754 3423 1793 non

1846 1826 2110 1896 lugerem,
2145 1828 2348 1897 inquit,
2399 1829 2470 1885 ob
2523 1829 2702 1885 dictas
2741 1845 2894 1886 meas
2956 1830 3302 1888 afIlictioncs.
3355 1861 3426 1872 --

1841 1918 1961 1974 Alio
1988 1921 2161 1974 modo.
2194 1919 2365 1990 Cujus
2389 1921 2797 1991 comparatione
2827 1922 2958 1976 dicit
2987 1937 3046 1977 se
3072 1923 3245 1992 magis
3275 1923 3425 1994 gavi-

1841 2026 1965 2066 sum
1999 2011 2217 2066 fuisse?
2245 2012 2352 2066 Aut
2380 2013 2553 2082 magis
2589 2014 2818 2084 gavisus
2845 2029 2991 2076 sum,
3022 2014 3225 2081 inquit,
3258 2030 3422 2084 quam

1836 2103 2004 2159 fuerit
2027 2103 2259 2160 tristitia
2293 2119 2458 2174 quam
2489 2106 2726 2161 sustinui
2771 2107 2828 2160 in
2866 2106 3003 2161 meis
3031 2105 3423 2162 afﬂictionibus

1845 2203 1898 2252 el
1939 2195 2210 2266 angustiis
2243 2217 2256 2251 :
2291 2205 2385 2252 aut
2410 2212 2573 2267 quam
2629 2198 2794 2254 fuerit
2823 2199 2979 2253 dolor
3009 2214 3170 2268 quem
3224 2213 3424 2268 passus

1848 2304 1970 2345 sum
2001 2303 2066 2344 eo
2089 2287 2234 2358 quod
2261 2304 2357 2345 vos
2385 2303 2620 2346 maerore
2649 2290 2952 2346 aﬂecisscm
2973 2307 3070 2362 per
3087 2291 3377 2361 epistolam
3404 2310 3422 2349 :

1847 2389 1904 2436 et
1930 2380 2019 2435 bic
2049 2380 2326 2436 secundus
2355 2396 2554 2436 sensus
2601 2391 2684 2437 est
2738 2383 2914 2452 magis
2962 2384 3216 2453 proprius
3251 2402 3262 2437 :
3297 2398 3420 2437 nam

1849 2470 1918 2526 ad
1973 2471 2079 2526 hoc
2136 2481 2432 2542 sequentes
2481 2474 2656 2544 magis
2717 2474 3046 2544 adaptantur
3116 2491 3419 2531 sermones.

1851 2562 2154 2632 Utrumque
2191 2573 2374 2618 tamen
2405 2564 2657 2634 adaptari
2688 2573 2889 2635 potest.
2947 2567 3038 2620 Ait
3095 2583 3226 2638 ergo
3277 2569 3421 2637 quod

1851 2653 2117 2726 gaudium
2169 2655 2346 2725 magis
2405 2655 2582 2726 ipsum
2641 2655 3002 2711 oblectaverit
3046 2673 3208 2726 quam
3269 2657 3424 2713 dolor

1849 2746 2287 2802 contristaverit.
2359 2745 2569 2803 Deinde
2618 2749 2746 2818 quia
2800 2749 2928 2803 licet
2983 2750 3422 2805 contristaverim

1849 2853 1948 2892 vos
1988 2836 2042 2891 in
2087 2837 2343 2907 epistola,
2383 2837 2586 2904 inquit,
2640 2847 2881 2893 attamen
2937 2839 3005 2893 ad
3048 2842 3421 2901 poenitentiam

1850 2929 2164 2986 contristati
2203 2931 2382 2984 estis:
2421 2930 2566 3000 quod
2606 2938 2690 2986 est
2719 2931 3021 2988 secundum
3067 2931 3233 2986 Deum
3291 2947 3425 2986 con-

151 3015 390 3083 tristari.
423 3027 608 3098 Itaque
633 3027 786 3098 juxta
823 3027 1018 3082 littera:
1057 3027 1256 3082 seriem
1299 3025 1390 3080 hic
1429 3031 1512 3080 est
1553 3021 1864 3078 intellectus
1907 3039 1922 3076 :
1965 3021 2097 3088 Qua:
2139 3030 2321 3076 autem
2366 3021 2422 3076 in
2463 3021 2645 3077 medio
2688 3030 2970 3094 ponuntur
3012 3023 3424 3079 circumitiones

151 3128 292 3175 sunt
318 3130 374 3176 et
423 3137 714 3178 causarum
777 3119 1112 3176 redditiones
1177 3134 1242 3176 ac
1315 3117 1694 3189 repetitiones.
1773 3115 1927 3172 Solet
1953 3115 2098 3169 enim
2129 3115 2350 3170 divinus
2377 3114 2467 3170 hic
2497 3114 2581 3169 vir
2617 3115 2974 3172 circuitiones
2999 3117 3423 3173 circuitionibus

150 3223 510 3281 connectere,
538 3226 590 3270 et
623 3215 696 3269 ita
727 3230 1034 3271 sermonem
1068 3214 1318 3284 implere.
1383 3213 1510 3268 Ideo
1571 3226 1791 3282 quoque
1829 3208 2154 3279 repetitione
2185 3224 2325 3279 opus
2358 3217 2462 3272 est,
2508 3208 2668 3280 651
2702 3217 2962 3281 tanquam
2994 3211 3060 3266 ad
3104 3213 3419 3282 praedictam

150 3309 435 3366 sermonis
494 3311 886 3366 eonnexionem
947 3308 1294 3378 interiectum
1339 3308 1410 3362 sit
1447 3306 1594 3378 quod
1652 3307 1707 3360 in
1739 3304 1920 3361 medio
1950 3310 2054 3369 est,
2094 3321 2113 3354 ι
2150 3299 2268 3356 Non
2300 3317 2387 3358 me
2427 3303 2680 3374 poenitet.
2715 3321 2735 3356 ι

222 3403 366 3461 Εἶτα
391 3423 404 3436 ·
445 3425 463 3458 ι
487 3407 548 3460 Et
585 3406 676 3459 καὶ
707 3405 1107 3476 μετεμελόμην.
1160 3423 1178 3457 ι
1221 3405 1388 3459 Πάλιν
1424 3403 1614 3456 τούτου
1645 3403 1726 3456 αἱ.

1904 3398 2110 3454 Deinde
2137 3398 2289 3454 addit
2329 3415 2342 3450 :
2379 3417 2396 3450 ι
2439 3398 2618 3452 Etiam
2646 3398 2690 3452 si
2735 3398 3071 3468 paenituerit.
3115 3419 3134 3449 ι
3167 3399 3406 3453 Rursum

148 3500 266 3554 τία.
303 3517 322 3552 ι
369 3499 563 3552 Βλέπω
586 3499 696 3568 γὰρ
719 3500 804 3552 ὅτι
841 3501 875 3568 ἡ
910 3499 1170 3568 ἐπιστολὴ
1197 3497 1404 3566 ἐκείνη.
1441 3515 1458 3548 ι
1493 3497 1602 3550 Καὶ
1619 3494 1741 3548 οὐδέ

149 3590 301 3662 αὐτὴ
324 3593 359 3662 ή
387 3591 636 3659 περίοδος
663 3591 832 3660 ἁπλῆ,
889 3589 1026 3645 ἀλλὰ
1090 3588 1556 3662 περιϐεϐλημένη.
1603 3588 1741 3657 Φησὶ

151 3685 268 3754 γάρ
299 3700 314 3715 ο
367 3701 386 3734 ι
420 3685 483 3737 El
527 3685 622 3738 καὶ
660 3685 798 3755 πρὸς
843 3683 996 3754 ὤραν
1052 3683 1328 3753 ἐλύπησεν
1358 3681 1522 3750 ὑμᾶς.
1561 3699 1579 3732 ›
1631 3682 1741 3734 Καὶ

149 3778 258 3831 οὐκ
292 3771 448 3828 εἶπεν
479 3793 494 3806 θ
524 3775 588 3830 Εἰ
613 3777 707 3829 καὶ
745 3776 1019 3845 ἐλύπησεν
1051 3775 1218 3845 ὑμᾶς,
1252 3773 1366 3828 ἀλλ’
1401 3814 1414 3839 ,
1455 3793 1472 3824 ι
1516 3773 1575 3827 Ei
1604 3772 1740 3842 πρὸς

147 3867 334 3939 ὤραν.
367 3886 384 3918 ι
433 3867 504 3919 Τὸ
527 3867 603 3932 δέ,
639 3887 657 3918 σ
693 3867 808 3919 Νῦν
839 3866 1037 3937 χαίρω,
1065 3885 1083 3919 ι
1115 3864 1458 3935 ἐπανάληψίς
1480 3865 1598 3917 ἐστι
1621 3862 1738 3928 τοῦ,

156 3979 177 4012 a
249 3960 421 4012 "om
476 3976 543 4026 με
597 3959 798 4029 μᾶλλον
855 3959 1110 4028 χαρῆναι.
1142 3976 1162 4010 ι
1233 3955 1453 4026 Ἐπειδὴ
1508 3956 1617 4026 γὰρ
1672 3956 1738 4024 τῇ

148 4049 467 4120 πυκνότητι
499 4049 606 4101 τῶν
642 4047 951 4119 περιϐολῶν
975 4047 1260 4116 ἐμέστωσε
1291 4045 1383 4098 τὸν
1413 4045 1592 4110 λόγον,
1647 4043 1742 4097 καὶ

149 4143 237 4198 εἰς
297 4141 570 4210 ἀσάφειαν
621 4140 1041 4209 συγκλειόμενον
1105 4137 1294 4210 ἐώρα,
1343 4136 1616 4208 ἐχρήσατο
1673 4137 1738 4205 τῇ

150 4233 528 4305 ἐπαναλήψει.
581 4229 696 4286 Εἶθ’
731 4232 907 4296 οὕτως
949 4231 1201 4287 ἀπέδωκε
1253 4230 1335 4295 τὸ,
1400 4247 1418 4281 t
1469 4227 1612 4281 Ἀλλ’
1655 4229 1736 4282 ὅτι

156 4325 487 4398 ἐλυπήθητε
513 4328 591 4388 εἰς
621 4325 930 4396 μετάνοιαν,
972 4342 991 4376 ι
1024 4324 1184 4393 ὅπερ,
1233 4323 1309 4386 ὡς
1348 4321 1443 4374 καὶ
1478 4321 1739 4391 προείρηο

146 4437 273 4481 ται,
307 4419 616 4489 συνείρεται
638 4419 750 4480 τοῖς
774 4415 982 4479 ἐπάνω,
1013 4409 1124 4466 οἷον
1149 4429 1163 4444 ο
1205 4431 1222 4465 ι
1263 4412 1424 4464 Ὥστε
1451 4428 1516 4482 με
1543 4409 1742 4480 μᾶλλον

145 4511 420 4583 χαρῆναι,
448 4511 528 4564 ὅτι
555 4511 604 4562 εί
629 4511 722 4563 καὶ
752 4507 998 4579 ἐλύπησα
1031 4507 1175 4576 ὑμᾶς
1213 4505 1270 4557 ἐν
1295 4506 1363 4574 τῇ
1402 4502 1659 4572 ἐπιστολῇ
1683 4520 1733 4566 ,ι

146 4605 298 4660 ἀλλὰ
329 4599 424 4656 οὖν
461 4603 544 4656 ὅτι
579 4604 660 4664 είς
691 4601 984 4671 μετάνοιαν
1031 4595 1366 4667 ἐλυπήθητε.
1427 4594 1538 4650 Καὶ
1583 4593 1742 4647 τοῦτο

144 4697 209 4749 δὲ
279 4696 429 4766 ὅμως
463 4694 882 4765 περιϐέϐληται.
923 4692 996 4743 To
1045 4690 1102 4742 δέ
1161 4687 1531 4756 ἁπλούστερόν
1571 4688 1737 4744 ἐστιν.

1841 3491 2006 3562 hujus
2028 3505 2196 3546 causa
2229 3491 2514 3560 sequitur:
2556 3509 2574 3541 ι
2610 3490 2784 3545 Video
2821 3491 2968 3545 enim
3005 3490 3151 3561 quod
3177 3493 3420 3562 epistola

1843 3582 1956 3637 illa.
1997 3600 2015 3634 ι
2051 3580 2119 3635 Ει
2147 3595 2214 3636 ne
2235 3579 2351 3636 haec
2385 3580 2606 3650 quidem
2634 3581 2893 3649 periodus
2919 3583 3154 3652 simplex
3181 3590 3288 3648 est,
3321 3584 3419 3638 sed

1841 3673 1948 3727 alia
1998 3687 2220 3743 quoque
2260 3674 2608 3728 assumitur:
2663 3688 2788 3726 nam
2820 3673 2896 3728 ait
2936 3692 2949 3728 :
2997 3692 3017 3725 ι
3057 3673 3297 3730 Tametsi
3354 3677 3420 3730 ad

1843 3764 2034 3820 horam
2069 3764 2483 3820 contristaverit
2511 3779 2630 3820 vos.
2667 3783 2684 3815 ι
2720 3763 2831 3819 Nec
2871 3765 3199 3835 simpliciter
3239 3768 3417 3832 dixit;

1844 3856 2086 3912 Tametsi
2161 3855 2577 3910 contristaverit
2648 3871 2766 3920 vos,
2825 3856 2918 3910 scd
2978 3857 3210 3921 addidit,
3273 3876 3292 3908 ι
3339 3860 3418 3913 Ad

1845 3948 2058 4001 horam.
2091 3963 2109 3996 ι
2155 3943 2312 4009 Quod
2348 3954 2530 3998 autem
2571 3944 2690 3998 ait:
2746 3962 2764 3994 ι
2805 3942 2962 4000 Nunc
2995 3945 3228 4014 gaudeo,
3264 3965 3282 3997 ι
3337 3962 3425 4001 re-

1843 4039 2035 4109 petitio
2076 4045 2162 4092 est
2202 4035 2322 4105 eius
2371 4035 2516 4105 quod
2547 4035 2785 4099 dixerat,
2845 4053 2864 4085 ι
2912 4034 3062 4090 Adeo
3119 4046 3179 4089 ut
3244 4037 3421 4106 magis

1844 4133 2065 4203 gavisus
2101 4129 2322 4184 fuerim.
2363 4149 2382 4180 ι
2425 4126 2730 4197 Postquam
2763 4128 2910 4180 enim
2945 4125 3253 4196 frequentia
3301 4129 3414 4183 cir-

1843 4222 2150 4278 cuitionum
2173 4219 2477 4275 orationem
2525 4217 2867 4286 impleverat,
2889 4226 2942 4272 et
2970 4217 3186 4272 videbat
3232 4220 3286 4271 in
3319 4219 3422 4272 obr

1843 4313 2078 4370 curitate
2099 4313 2271 4382 ipsam
2286 4308 2566 4375 concludi,
2589 4309 2914 4378 repetitione
2937 4321 3072 4363 usus
3093 4317 3197 4365 est.
3219 4308 3422 4364 Deinde

1844 4406 1918 4460 ita
1961 4404 2200 4460 reddidit
2220 4403 2428 4457 dictum
2478 4400 2634 4456 illud.
2697 4419 2714 4452 t
2765 4397 2872 4455 Sed
2908 4400 3053 4470 quod
3102 4401 3417 4456 contristati

1845 4497 1968 4554 sitis
2017 4497 2084 4551 ad
2119 4494 2522 4566 paenitentiam,
2590 4511 2609 4544 ι
2640 4490 2786 4563 quod
2847 4501 2906 4546 ut
2964 4490 3282 4562 praedictum
3335 4501 3420 4547 est

1844 4590 2192 4644 connectitur
2243 4586 2654 4658 superioribus,
2701 4592 2853 4654 puta,
2901 4601 2920 4634 ι
2958 4583 3110 4638 Adeo
3155 4592 3214 4637 ut
3245 4585 3421 4655 magis

1845 4683 2067 4754 gavisus
2121 4681 2340 4748 fuerim,
2384 4679 2512 4750 quia
2549 4681 2676 4733 licet
2725 4678 3168 4733 contristavcrim
3226 4693 3321 4732 vos
3361 4678 3417 4732 in

153 4809 173 4841 ι
212 4789 382 4840 Ὥστε
412 4805 478 4856 με
519 4788 776 4857 χαρῆναι,
813 4785 997 4846 ὃτιείς
1038 4783 1329 4853 μετάνοιαν
1371 4778 1734 4849 ἐλυπήθητε.»

1846 4773 2076 4844 epistola
2099 4789 2115 4839 ;
2142 4795 2163 4832 ι
2199 4779 2439 4827 attamen
2457 4771 2585 4842 quia
2604 4769 2670 4825 ad
2690 4771 3063 4838 paenitentiam
3109 4770 3420 4825 contristati

145 4881 353 4934 Ταῦτα
388 4880 444 4932 δέ
496 4897 588 4950 μοι
616 4877 1190 4946 διαλελεπτολόγηται,
1237 4875 1336 4944 οὐχ
1391 4872 1473 4926 ὅτι
1529 4869 1738 4933 Παῦλος

145 4973 379 5035 τούτοις
409 4972 862 5042 ἐσεμνολόγηται,
889 4969 996 5022 οὐδ’
1032 4969 1115 5022 ὅτι
1156 4969 1316 5038 ἡμεῖς
1348 4965 1508 5020 αὑτὸν
1546 4980 1741 5031 σεμνοο

144 5066 345 5131 λογείν
371 5065 582 5125 τούτοις
607 5064 875 5131 ἔγνωμεν,
905 5060 1022 5114 ἀλλ’
1055 5059 1406 5128 αἰσχύνοντες
1443 5058 1573 5119 τοὺς
1611 5054 1734 5122 ἔξω,

148 5157 480 5224 ἰδιωτισμὸν
536 5158 604 5225 τῇ
665 5154 966 5223 Ἐκκλησία
1027 5152 1405 5215 ὀνειδίζοντας.
1449 5148 1735 5200 Δείκνυται

145 5249 271 5316 γὰρ
302 5247 393 5299 διὰ
430 5245 660 5308 τούτων,
685 5244 768 5312 ἐφ’
799 5237 844 5311 ᾧ
871 5243 1095 5312 μονονοὺ
1116 5239 1413 5311 τεθηπότες
1437 5237 1528 5292 τὸν
1563 5238 1739 5290 Παια-

148 5339 282 5392 νιέα
312 5338 407 5390 καὶ
436 5337 527 5390 τὸν
565 5336 660 5390 τοῦ
709 5335 929 5406 Ὀλόρου
951 5333 1338 5405 προσκυνοῦσι,
1373 5332 1492 5393 ταῖς
1517 5327 1741 5398 περιϐο-

146 5431 284 5492 λαῖς
338 5429 504 5496 λέγω,
546 5426 744 5498 μακρῷ
801 5426 1024 5489 τούτους
1065 5425 1098 5497 η
1145 5426 1344 5477 ἐκεῖνοι
1375 5422 1501 5484 τοὺς
1549 5420 1743 5482 ἄλλους

148 5519 676 5590 ἀποκρυπτόμενος.
711 5519 906 5572 Καίτοι
963 5517 1073 5571 τῶν
1112 5515 1210 5586 μὲν
1239 5517 1268 5569 ὁ
1299 5515 1410 5586 βίος
1455 5513 1512 5566 ἐν
1566 5511 1742 5580 τούτῳ

148 5616 247 5686 τῷ
275 5614 427 5685 πόνῳ
469 5612 789 5684 κατετρίϐη,
820 5615 848 5666 ό
871 5611 930 5666 δέ
957 5611 1065 5665 οὐδ’
1118 5607 1389 5680 ἐμϐλέψαι
1414 5603 1625 5668 τούτοις
1657 5603 1740 5657 ὅτι

157 5704 249 5776 μὴ
301 5704 443 5758 κατὰ
499 5705 778 5775 πάρεργον
823 5703 1018 5773 χρῆσιν
1069 5701 1292 5769 ἠξίωσε.
1342 5697 1452 5750 Καὶ
1481 5694 1743 5766 μυριάκις

153 5797 321 5852 εστιν
341 5795 508 5850 αὑτοῦ
548 5799 605 5852 ἐν
641 5799 755 5860 τοῖς
801 5795 981 5871 λόγοις
1027 5793 1088 5848 τὸ
1139 5789 1382 5846 τοιοῦτον
1423 5786 1742 5854 θεάσασθαι,

1848 4865 2010 4921 estis.
2037 4861 2239 4920 Verum
2272 4863 2376 4918 Itoc
2409 4877 2627 4932 quoque
2658 4871 3005 4932 assumptum
3039 4869 3122 4916 est
3157 4868 3210 4914 et
3246 4862 3419 4916 inter-

1842 4957 2071 5027 jectum.
2110 4955 2428 5025 Simplicius
2468 4963 2553 5010 est
2595 4964 2798 5021 autem,
2837 4973 2856 5005 ι
2894 4953 3048 5008 Adeo
3090 4963 3148 5008 ut
3197 4955 3422 5024 gavisus

1849 5047 2046 5104 fuerim
2103 5049 2248 5118 quod
2291 5048 2356 5102 ad
2413 5048 2792 5118 pmnilenliam
2841 5047 3154 5102 contristati
3219 5047 3362 5102 sitis.
3395 5066 3414 5098 ι

1847 5141 1976 5196 Hac
2003 5141 2069 5196 de
2091 5141 2255 5196 rebus
2281 5140 2565 5196 minutulis
2601 5140 2860 5195 subtilius
2895 5139 3281 5201 disseruimus,
3312 5155 3419 5194 non

1847 5233 1992 5301 quod
2021 5231 2225 5287 Paulus
2251 5231 2338 5288 liis
2369 5233 2638 5302 gloriatus
2667 5231 2759 5298 sit,
2791 5243 2885 5286 aut
2921 5229 3067 5300 quod
3105 5245 3206 5286 nos
3237 5231 3416 5299 ipsum

1851 5333 2074 5394 propter
2124 5323 2238 5378 ltazc
2289 5332 2637 5379 ostentemus
2677 5337 2742 5378 ac
2790 5323 3155 5388 celebremus,
3219 5321 3313 5378 sed
3365 5330 3423 5375 ut

1851 5425 2112 5470 externos
2169 5423 2224 5470 ct
2262 5431 2292 5470 a
2327 5415 2534 5470 nostris
2582 5415 2792 5470 alienos
2829 5413 3262 5476 confundamus,
3327 5411 3422 5479 qui

1851 5507 2134 5562 inscitiam
2170 5506 2427 5563 Ecclesia:
2458 5507 2749 5578 objiciunt.
2789 5506 2890 5560 Per
2914 5506 3026 5560 haec
3057 5505 3198 5559 enim
3237 5512 3426 5556 osten-

1851 5598 2002 5655 ditur
2026 5600 2172 5670 quod
2215 5600 2268 5655 in
2306 5600 2436 5668 hoc,
2469 5616 2532 5656 ex
2565 5614 2676 5672 quo
2706 5599 2783 5654 illi
2808 5597 3115 5654 Pcanicum
3169 5609 3234 5648 ac
3271 5592 3422 5648 Olori

1855 5696 2027 5752 filium
2059 5701 2342 5763 stupentes
2376 5693 2771 5764 propemodum
2821 5689 3077 5755 adorant,
3111 5688 3166 5742 in
3217 5687 3424 5741 circui-

1863 5785 2127 5852 tionibus,
2155 5785 2401 5856 inquam,
2424 5795 2474 5840 et
2503 5783 2734 5855 longiori
2769 5796 2986 5854 quoque
3011 5780 3110 5838 ltos
3133 5778 3425 5838 intervallo
