3906 6574
197 460 204 467 -
236 422 355 487 1601

1136 420 1518 481 COMMENT.
1558 416 1640 477 IN
1672 415 1910 476 EPIST.
1952 415 2012 474 II
2053 417 2152 476 AD
2190 416 2549 479 CORINTH.

3320 411 3461 475 1002

232 541 436 605 peccata
482 539 853 589 assumeretur
891 528 1150 586 tristitia:
1181 529 1237 584 in
1280 527 1385 583 hac
1416 539 1640 596 quoque
1671 522 1788 579 sola
1836 536 1894 576 re
1932 524 2087 578 utilis
2119 531 2206 581 est
2245 543 2257 577 :
2293 523 2348 577 in
2380 523 2606 592 reliquis
2660 537 2787 578 vero
2867 523 3028 578 etiam
3100 531 3261 578 nocet
3308 525 3472 595 653

232 643 347 684 nam
370 635 568 697 ιιι-αξιοι·
597 635 847 679 naturam
880 639 942 677 ea
986 622 1209 677 utimur.

300 693 541 781 "Adhuc.
560 712 764 786 [M11]
794 711 1099 766 Μετάνοιαν
1121 708 1557 781 ἀμεταμέλητον,
1603 703 1791 774 φησιν,

1970 698 2088 753 Alio
2117 698 2293 754 modo.
2365 693 2775 762 Pmnitentiam,
2821 699 3020 771 inquit,
3055 716 3162 754 non
3195 709 3473 771 poeniten-

230 809 361 862 ὥστε
422 806 471 858 εί
503 804 644 858 κατὰ
670 803 807 855 Θεὸν
851 801 1186 871 ἐλυπήθητε,
1218 798 1446 863 δείξοιτε
1476 796 1538 849 ἂν
1566 795 1654 847 διὰ
1700 791 1793 844 τοῦ

233 898 493 969 μηδέποτε
520 897 663 965 ὑμᾶς
704 893 814 947 ἀπὸ
864 893 964 962 τῆς
1014 893 1187 960 καλῆς
1237 890 1451 958 ἐκείνης
1506 884 1796 957 μετανοίας

231 990 543 1058 ἀποστῆναι,
580 988 673 1041 καὶ
717 990 797 1049 εἱς
851 985 914 1038 τὺ
951 984 1193 1039 ἐναντίον
1244 980 1650 1053 περιτραπῆναι
1702 976 1797 1028 καὶ

234 1078 699 1151 μεταμεληθῆναι,
763 1078 899 1147 ὅπερ
954 1076 1073 1128 ἐστὶ
1133 1071 1611 1145 προτρεπομένου,
1664 1067 1797 1137 μηδὲ

232 1188 352 1225 ποτε
379 1171 477 1240 τῆς
506 1169 673 1238 ὀρθῆς
708 1167 1023 1234 ἐξίστασθαι
1081 1166 1334 1237 κρίσεως,
1362 1184 1379 1216 ι
1424 1159 1801 1233 Ἀμεταμέλη-

229 1282 313 1317 ⁶τον
370 1260 850 1330 κατεργάζεται.»
910 1258 1047 1313 Οὔτε
1110 1258 1219 1329 γὰρ
1266 1259 1295 1310 ὁ
1337 1254 1603 1324 λυπηθεὶς
1660 1250 1800 1305 κατὰ

227 1356 357 1408 θεὸν
387 1351 789 1425 μεταμεληθείη
823 1350 1033 1419 michi}
1068 1349 1328 1419 καταγνῷ
1368 1346 1565 1401 ἑαυτοῦ
1590 1386 1603 1409 ,
1649 1345 1701 1397 τί
1733 1345 1796 1414 δή

232 1464 357 1501 ποτε
411 1445 746 1516 λελύπηται;
782 1444 918 1512 ὅπερ
976 1442 1072 1495 ἐπὶ
1103 1442 1199 1513 τῆς
1223 1441 1315 1495 τοῦ
1360 1441 1563 1509 κόσμου
1627 1437 1802 1506 λύπης

232 1538 545 1608 συμϐαίνειν
568 1535 760 1588 εἴωθεν
787 1576 800 1601 ,
835 1553 853 1585 ι
896 1535 1027 1588 Ἰδοὺ
1067 1534 1174 1604 γὰρ
1239 1532 1368 1586 αὐτὸ
1416 1531 1596 1593 τοῦτο,
1637 1549 1656 1583 ι
1709 1532 1802 1582 καὶ

229 1630 413 1683 λοιπὸν
448 1631 512 1682 ἐκ
572 1628 681 1681 τῶν
746 1625 1174 1696 ἀποϐεϐηκότων
1226 1624 1323 1687 τὰς
1366 1622 1669 1688 ἀποδείξεις
1726 1617 1802 1674 ὧν

231 1721 418 1790 εἴρηκε
464 1717 716 1787 παρέχει.
775 1715 908 1769 Ἰδοὺ
973 1716 1102 1786 γὰρ,
1166 1715 1322 1783 φησὶ,
1362 1714 1421 1767 τὸ
1470 1714 1610 1767 κατὰ
1670 1712 1802 1764 Θεὸν

230 1810 533 1880 λυπηθῆναι
582 1809 748 1879 ὑμᾶς,
782 1807 957 1877 πόσην
1008 1805 1412 1877 κατειργάσατο
1441 1804 1693 1874 σπουδήν.
1726 1802 1802 1856 Οὐ

234 1904 392 1973 μόνον
414 1902 525 1972 γὰρ
558 1901 640 1963 είς
677 1899 1043 1970 μεταμέλειαν
1071 1897 1164 1950 τοῦ
1190 1896 1326 1960 ὅλως
1357 1894 1667 1966 λυπηθῆναι
1704 1893 1803 1946 οὐκ

228 1992 447 2063 ἤλθετε,
491 1989 629 2044 ἀλλὰ
663 1987 1116 2060 σπουδαιοτέρους
1172 1986 1420 2055 ἐποίησε.
1487 1985 1599 2038 Kal
1654 1984 1801 2053 λέγει

228 2085 324 2154 τῆς
372 2082 611 2153 σπουδῆς
658 2081 728 2135 τὰ
779 2080 1080 2150 τεκμήρια.
1139 2095 1159 2129 ι
1218 2077 1380 2130 Ἀλλὰ
1423 2076 1741 2144 ἀπολογίαν.
1783 2093 1801 2125 ι

229 2176 317 2242 Τὸ,
375 2175 557 2238 ἀλλὰ,
623 2174 681 2228 ἐν
731 2173 876 2235 ὅλοις
909 2169 1119 2234 τούτοις
1172 2172 1286 2232 τοῖς
1311 2167 1646 2237 κεφαλαίοις,
1688 2166 1809 2220 ἀντὶ

229 2267 341 2332 τοῦ,
382 2264 504 2328 καὶ,
541 2266 742 2318 κεῖται.
768 2264 881 2316 Kal
910 2260 1206 2330 ἀπολογίαν
1230 2261 1524 2331 εἰργάσατο
1550 2258 1686 2329 πρός
1717 2274 1806 2327 με.

243 2353 689 2427 ’Δπελογήσασθε
716 2354 825 2425 γὰρ
844 2356 910 2425 τῇ
940 2351 1225 2425 μετανοίᾳ,
1281 2350 1376 2404 καὶ
1408 2348 1486 2420 τῷ
1533 2348 1808 2413 ἀποκόψαι

230 2449 385 2519 ὑμῶν
421 2448 513 2502 τὸν
550 2445 985 2516 πεπορνευκότα.
1060 2462 1080 2495 ι
1141 2442 1302 2496 Ἀλλά
1354 2440 1745 2510 ἀγανάκτησιν.
1785 2458 1804 2491 ι

228 2541 337 2596 Kal
398 2539 788 2609 ἀγανάκτησιν,
844 2535 1017 2607 φησι,
1075 2535 1213 2605 πρὸς
1259 2533 1351 2587 τὸν
1410 2530 1807 2602 πορνεύσαντα,

232 2650 253 2683 ι
286 2630 401 2683 Kal
418 2627 583 2699 φόϐον
612 2626 752 2699 πρός
781 2643 874 2698 με.
916 2644 936 2678 s
962 2623 1320 2693 Φοδουμὲνων
1348 2621 1477 2692 γὰρ,
1511 2623 1545 2692 ή
1575 2619 1810 2689 τοσαύτη

225 2722 537 2793 διόρθωσις,
574 2739 593 2772 ι
627 2721 738 2772 Kal
777 2715 1126 2787 ἑπιπόθησις.
1177 2733 1196 2766 s
1241 2713 1460 2784 Ἐπειδὴ
1487 2714 1596 2785 γὰρ
1620 2713 1681 2766 τὸ
1715 2712 1811 2765 τοῦ

227 2814 400 2883 φόϐου
451 2811 688 2881 ἐπαχθὲς
742 2805 835 2882 ἦν,
897 2808 1094 2875 ὲπὰγει
1149 2806 1264 2872 καὶ,
1330 2825 1348 2858 ι
1412 2803 1753 2873 ἐπιπόθησιν.
1786 2821 1805 2852 ι

239 2904 590 2972 Ἀγαπῶντες
636 2900 747 2972 γάρ
801 2915 891 2970 με,
949 2898 1105 2969 φησὶ,
1146 2897 1242 2950 καὶ
1291 2894 1595 2957 δεδοικότες
1632 2894 1707 2963 μή
1742 2909 1810 2963 με

228 2994 534 3065 λυπήσητε,
602 2989 1009 3062 διωρθώσασθε.
1043 3007 1061 3040 ι
1111 2988 1220 3042 Kal
1264 2985 1448 3056 ζῆλον,
1492 3003 1512 3037 s
1557 2987 1740 3055 φησιν,
1775 2984 1808 3054 ἢ

230 3088 375 3157 ὑπὲρ
417 3085 577 3153 Θεοῦ,
626 3084 659 3156 ἢ
707 3085 851 3154 ὑπὲρ
893 3081 1030 3153 ἐμοῦ
1080 3080 1217 3152 πρὸς
1270 3080 1397 3143 τοὺς
1442 3079 1811 3150 λοιδοροῦντας

226 3177 721 3246 ψευδαποστόλους.
749 3193 769 3228 ι
800 3175 911 3228 Kal
946 3172 1246 3245 ἐκδίκησιν.
1280 3189 1302 3222 ι
1350 3170 1459 3224 Kal
1493 3169 1603 3239 γὰρ
1645 3168 1812 3232 ἐξεδι-

1899 797 2049 845 dam.
2098 791 2288 860 Itaque
2352 798 2535 845 utrum
2601 790 2903 848 secundum
2944 791 3112 847 Deum
3160 795 3471 849 contristati

1901 881 2043 944 sitis,
2066 896 2129 933 ex
2156 881 2260 935 hoc
2290 880 2579 937 ostendere
2598 882 2871 951 poteritis,
2903 885 2946 938 si
2968 900 3245 954 nunquam
3277 901 3373 941 vos
3405 888 3473 940 ab

1902 974 2128 1029 honesta
2150 973 2237 1027 illa
2261 974 2483 1029 tristitia
2506 976 2770 1044 separetis
2791 989 2883 1030 aut
2910 976 2961 1029 in
2982 979 3319 1032 contrarium
3348 994 3475 1048 per-

1900 1067 2197 1132 cellamini,
2234 1081 2440 1137 vosque
2463 1068 2767 1137 pmniteat:
2811 1069 2954 1138 quod
2994 1078 3080 1123 est
3127 1072 3473 1126 exltortantis

1903 1168 1963 1213 ut
1987 1174 2266 1230 nunquam
2326 1174 2356 1213 a
2397 1170 2549 1215 recto
2583 1158 2793 1229 judicio
2848 1160 3255 1218 dimoveantur.
3291 1183 3310 1215 ι
3351 1162 3473 1219 Non

1902 1251 2268 1322 pmnitendam
2297 1251 2459 1322 parit.
2500 1271 2517 1304 ι
2573 1251 2762 1323 Neque
2787 1254 2931 1308 enim
2981 1271 3103 1310 eum
3136 1257 3230 1326 qui
3277 1272 3475 1314 secun-

1903 1344 2030 1397 dum
2066 1341 2235 1399 Deum
2261 1344 2626 1400 contristatus
2642 1353 2727 1400 est
2761 1346 3048 1415 ptenitebit
3083 1363 3346 1417 unquam,
3383 1358 3476 1404 aut

1904 1434 2292 1490 condemnabit
2313 1436 2553 1505 seipsum
2580 1436 2724 1505 quod
2746 1447 2965 1506 pmpter
2988 1439 3226 1508 idJuerit
3245 1442 3480 1495 contris-

1907 1537 2089 1594 tatus;
2120 1528 2220 1584 hoc
2243 1540 2421 1585 autem
2452 1531 2505 1584 in
2532 1532 2718 1586 mundi
2745 1532 2963 1586 tristitia
2985 1533 3123 1588 solet
3138 1537 3479 1606 contingere.

1911 1638 1930 1671 ι
1979 1618 2120 1676 Ecce
2145 1621 2288 1676 enim
2315 1621 2496 1676 isthuc
2525 1621 2760 1694 ipsum.»
2798 1622 3066 1695 Deinceps
3097 1626 3264 1680 etiam
3292 1642 3355 1681 es
3392 1628 3480 1682 his

1906 1725 2025 1781 quae
2055 1712 2424 1781 contigerunt,
2457 1728 2646 1768 eorum
2665 1730 2787 1786 quae
2808 1716 2947 1770 dixit
2976 1715 3481 1772 demonstrationes

1905 1803 2149 1858 exhibet.
2189 1803 2329 1858 Ecce
2359 1804 2529 1868 enim,
2581 1805 2780 1876 inquit,
2826 1806 2973 1878 quod
3022 1823 3116 1862 vos
3178 1807 3481 1863 secundum

1906 1894 2072 1951 Deum
2106 1897 2415 1951 contristati
2452 1897 2671 1954 fueritis
2694 1909 2955 1969 quantam
2997 1900 3186 1971 genuit
3210 1900 3484 1956 sollicitu-

1909 1970 2273 2042 dinem?Non
2315 1987 2495 2043 solum
2521 1989 2665 2043 enim
2701 1980 2768 2043 aii
2801 1991 2854 2045 id
2892 1970 3258 2048 nonivenistis
3289 2007 3349 2047 ιιι
3385 2006 3485 2045 vos

1910 2077 2134 2131 omnino
2175 2077 2465 2148 paeniteret
2509 2078 2682 2133 fuisse
2720 2081 3101 2147 contristatae,
3157 2081 3250 2137 sed
3304 2083 3485 2151 magis

1911 2168 2182 2223 sollicitos
2212 2168 2473 2225 reddidit.
2495 2169 2560 2222 Et
2582 2171 2970 2226 sollicitudinis
2990 2172 3189 2227 indicia
3217 2182 3484 2228 recenset.

1919 2277 1937 2308 ι
1979 2256 2044 2312 Ει
2074 2258 2475 2315 defensionem.
2533 2279 2551 2311 ι
2580 2258 2713 2314 Nam
2738 2261 2910 2317 dictio
2925 2261 3085 2329 ἀλλὰ,
3123 2262 3175 2316 id
3213 2270 3320 2325 est.
3367 2267 3482 2327 sed,

1915 2348 1967 2401 in
2001 2347 2257 2405 omnibus
2283 2350 2401 2405 istis
2426 2351 2714 2421 particulis
2745 2367 2863 2422 pro,
2886 2362 2958 2417 et,
2997 2354 3241 2423 ponitur.
3289 2353 3356 2408 Et
3391 2354 3485 2410 de-

1914 2437 2213 2494 fensionem
2258 2455 2387 2510 erga
2442 2456 2527 2494 me
2561 2451 2847 2513 cperatum
2889 2453 2992 2497 est.
3028 2442 3357 2499 Defendistis
3387 2459 3485 2499 vos

1913 2545 1978 2585 ac
2020 2531 2386 2600 respondistis
2424 2546 2520 2600 per
2546 2533 2950 2602 paenitentiam,
2983 2543 3036 2589 et
3062 2534 3399 2604 amputanda
3453 2551 3487 2589 a

1913 2622 2068 2677 vobis
2100 2630 2486 2679 scortatorem.
2517 2643 2534 2674 ι
2574 2624 2637 2677 Et
2666 2625 3127 2696 indignationem.
3164 2646 3181 2679 ι
3230 2626 3295 2682 Ει
3342 2628 3487 2683 indi-

1913 2716 2254 2785 gnationem,
2316 2716 2516 2786 inquit,
2582 2718 2850 2773 adversus
2907 2733 3032 2774 eum
3062 2721 3155 2788 qui
3210 2728 3487 2776 scortatus

1915 2797 2116 2855 fuerat.
2161 2821 2180 2853 ι
2212 2804 2278 2859 Et
2305 2806 2581 2871 timorem,
2609 2824 2627 2857 ι
2685 2823 2814 2877 erga
2843 2824 2948 2863 me.
2987 2808 3123 2864 Nam
3176 2813 3484 2867 timentium

1914 2900 2034 2946 erat
2064 2900 2216 2947 tanta
2265 2895 2557 2949 correctio.
2599 2914 2617 2947 ι
2657 2895 2723 2950 Ει
2755 2897 3118 2953 desiderium.
3158 2918 3175 2952 ι
3211 2900 3485 2966 Quoniam

1912 2985 2057 3039 enim
2090 2985 2424 3041 invidiosum
2461 2995 2581 3042 erat
2638 2990 2785 3058 quod
2816 2989 3051 3056 dixerat,
3076 3011 3098 3043 ι
3131 2991 3427 3059 Timorem,
3459 3013 3477 3044 ι

1912 3075 2219 3144 subjunxit,
2258 3095 2276 3128 ι
2306 3079 2373 3132 Et
2392 3078 2755 3135 desiderium.
2786 3100 2806 3134 ι
2838 3079 2922 3136 Me
2954 3081 3229 3152 siquidem
3261 3083 3488 3154 diligen-

1916 3176 2021 3233 tes,
2049 3177 2103 3222 et
2127 3168 2284 3223 veriti
2317 3184 2386 3225 ne
2414 3171 2824 3228 contristaretis
2858 3188 2963 3238 me,
3012 3176 3284 3230 emendati
3326 3177 3485 3233 estis.

229 3265 441 3334 κήσατε
468 3265 596 3328 τοὺς
619 3262 714 3317 τοῦ
751 3261 889 3317 Θεοῦ
920 3261 1141 3331 νόμους,
1179 3259 1284 3313 ὑπὸ
1306 3258 1402 3312 τοῦ
1442 3259 1809 3330 πεπορνευκό-

1924 3277 1941 3311 ι
1972 3258 2041 3313 Ει
2084 3259 2283 3314 zelum.
2312 3278 2330 3311 ι
2365 3262 2473 3315 Διιι
2508 3276 2609 3331 pro
2637 3261 2774 3330 Deo,
2817 3272 2911 3318 aut
2950 3279 3051 3335 pro
3084 3281 3170 3320 me
3221 3269 3486 3322 adversus

227 3371 319 3418 τος
371 3355 750 3425 ὑϐρισθέντας.
795 3372 814 3406 ι
870 3354 958 3407 Ἐν
1030 3355 1195 3407 παντὶ
1243 3353 1630 3422 συνεστήσατε.
1682 3370 1702 3403 ι
1734 3352 1808 3404 Οὐ

1916 3348 2374 3420 pseudapostolos
2404 3354 2496 3422 qui
2546 3353 2603 3406 in
2655 3368 2742 3410 me
2773 3358 3159 3412 contumeliosi
3183 3366 3335 3413 sunt.
3364 3377 3383 3410 ι
3418 3359 3487 3414 Ει

231 3447 420 3515 μόνον,
454 3449 640 3518 φησὶν,
669 3446 822 3500 οὐδὲν
851 3445 1183 3515 τοτόλμηται
1212 3444 1341 3513 ὑμῖν
1401 3441 1665 3504 τοιοῦτον,
1697 3438 1806 3494 οἷον

1915 3440 2235 3496 vindictam.
2274 3460 2293 3495 ι
2321 3441 2431 3498 Ulti
2464 3444 2608 3499 enim
2634 3444 2771 3501 estis
2806 3446 2952 3517 leges
2982 3446 3074 3502 Dei
3107 3464 3229 3519 qua:
3273 3464 3303 3503 a
3327 3464 3487 3506 scor-

223 3539 305 3611 τῷ
328 3541 749 3609 πεπορνευκότι,
773 3538 888 3592 ἀλλ’
903 3537 1027 3591 οὐδὲ
1057 3536 1356 3606 συνήσθητε
1386 3533 1555 3604 αὐτῷ.
1592 3531 1810 3600 Ἐπειδὴ

227 3633 342 3704 γὰρ
373 3633 432 3684 ὲν
490 3635 557 3702 τῇ
608 3628 805 3702 πρώτῃ
843 3628 1134 3700 Ἐπιστολῇ
1168 3630 1403 3699 εἰρήκει,
1439 3649 1457 3679 ι
1506 3627 1616 3679 Kal
1654 3625 1810 3694 Caper;

228 3725 644 3794 πεφυσιωμένοι
705 3725 854 3792 ἐστὶ,
904 3724 1090 3794 »ὅπερ
1147 3723 1342 3786 αὐτοὺς
1384 3722 1674 3783 κοινωνοὺς
1717 3718 1811 3771 τοῦ

229 3813 708 3886 πλημμελήματος
737 3815 933 3882 ὶποίει,
970 3813 1065 3869 νῦν
1114 3804 1247 3883 φησι
1274 3828 1289 3843 ο
1321 3813 1433 3867 Kal
1466 3811 1665 3881 ταύτην
1711 3810 1816 3863 ἀπ-

229 3906 537 3979 ετρίψασθε
557 3907 657 3978 τὴν
684 3908 940 3963 ὑπόνοιαν

303 4178 463 4245 Ἀρα
498 4179 553 4231 ει
576 4179 674 4234 καί
705 4179 939 4248 ἔγραψα
968 4176 1114 4248 ὑμῖν
1143 4179 1257 4245 οὐχ
1281 4177 1513 4231 εἵνεκεν
1551 4174 1656 4228 τοῦ
1693 4173 1818 4228 ἁδι-

228 4270 565 4337 κήσαντος,
610 4270 754 4324 οὐδὲ
804 4271 1038 4324 εἵνεκεν
1072 4267 1180 4323 τοῦ
1228 4267 1639 4335 ἀδικηθέντος,
1678 4267 1818 4319 ἀλλ’

226 4364 479 4417 εἵνεκεν
537 4361 644 4415 τοῦ
698 4360 1117 4431 φανερωθῆναι
1150 4360 1267 4427 τὴν
1320 4356 1604 4424 σπουδὴν
1653 4353 1819 4424 ὑμῶν

229 4456 356 4523 τὴν
390 4457 543 4522 ὑπὲρ
584 4453 754 4524 ἡμῶν
794 4453 944 4521 πρὸς
993 4451 1169 4522 ὑμᾶς.
1202 4451 1458 4505 ἐνώπιον
1508 4448 1616 4503 τοῦ
1643 4448 1816 4501 Θεοῦ.

229 4550 346 4602 Διά
394 4548 569 4602 τοῦτο
618 4545 1120 4614 παρακεκλήμεθα
1170 4543 1266 4596 ἐπὶ
1316 4541 1387 4609 τῇ
1443 4538 1826 4606 παρακλήσει

230 4639 431 4709 ὑμῶν.
470 4638 917 4709 Περισσοτέρως
948 4635 1275 4706 δὲμᾶλλον
1305 4633 1606 4703 ἐχάρημεν
1621 4632 1717 4684 ἐπὶ
1744 4629 1820 4699 τῇ

1914 3539 2090 3587 tatore
2115 3531 2317 3601 injuria
2333 3533 2540 3590 allectat
2556 3545 2734 3591 erant.
2754 3537 2972 3609 Ubique
2989 3538 3432 3599 demonstrastis.
3462 3565 3479 3596 ι

1912 3620 2031 3677 Non
2064 3623 2267 3691 solum,
2311 3625 2513 3696 inquit,
2567 3626 2701 3681 nihil
2739 3627 3059 3698 huiusmodi
3120 3646 3152 3686 a
3194 3633 3353 3690 vobis
3403 3644 3489 3689 at-

1916 3723 2183 3771 tentatum
2234 3725 2318 3773 est
2377 3719 2592 3790 qualea
2655 3733 2967 3779 scortatore
3004 3725 3121 3792 illo,
3173 3728 3269 3783 sed
3305 3744 3486 3800 neque

1912 3812 2276 3866 consensistis
2298 3812 2424 3882 ipsi.
2457 3813 2739 3884 Siquidem
2757 3816 2886 3885 quia
2928 3816 2982 3870 in
3024 3819 3209 3887 priore
3241 3821 3487 3891 Epistola

1912 3903 2125 3957 dixerat
2169 3916 2185 3956 :
2215 3920 2234 3954 ι
2271 3903 2336 3956 Et
2362 3918 2460 3958 vos
2492 3903 2660 3958 inﬂati
2684 3908 2837 3960 estis.
2880 3926 2898 3958 ι
2940 3906 3100 3972 Quod
3138 3911 3287 3980 ipsos
3303 3912 3487 3966 delicti

1916 3994 2212 4063 participes
2245 3992 2533 4059 elliciebat,
2576 4010 2721 4049 nunc
2750 3997 2859 4050 ait:
2896 3995 3071 4052 Etiam
3102 4000 3244 4055 hanc
3277 4002 3491 4057 abster—

1916 4083 2072 4137 sistis
2103 4082 2500 4150 suspicionem.

1990 4170 2100 4235 VII,
2136 4171 2324 4226 12-16.
2354 4172 2605 4238 Proinde,
2633 4176 2848 4229 tametsi
2878 4177 3066 4243 scripsi
3099 4177 3266 4244 vobis,
3301 4196 3404 4235 non
3433 4181 3489 4234 id

1919 4261 2018 4329 feci
2058 4263 2170 4331 rjus
2195 4280 2359 4316 causa
2392 4264 2483 4332 qui
2511 4263 2749 4331 (reserat,
2787 4283 2879 4319 nec
2919 4267 3034 4336 ejus
3070 4285 3239 4324 causa
3267 4272 3359 4341 qui
3387 4270 3485 4324 lte-

1919 4370 2011 4409 sus
2042 4355 2239 4424 fuerat,
2270 4355 2363 4409 sed
2389 4358 2453 4409 ob
2480 4356 2534 4409 id
2569 4365 2628 4410 ut
2665 4358 2905 4412 studium
2946 4370 3189 4415 nostrum
3215 4362 3354 4432 quod
3390 4378 3488 4432 pro

1920 4451 2061 4503 vobis
2087 4459 2164 4503 est
2196 4450 2633 4519 ntanifestaretur
2648 4452 2789 4520 apud
2813 4469 2900 4507 vos
2927 4469 3106 4508 coram
3130 4455 3257 4509 Deo.
3283 4455 3488 4511 Idcirco

1920 4544 2335 4595 consolationem
2399 4544 2696 4610 accepimus
2751 4560 2815 4599 ea:
2874 4547 3237 4601 consolatione
3288 4551 3489 4607 vestri:

1888 4659 1894 4665 -
1921 4635 2045 4701 quin
2069 4635 2281 4687 uberius
2311 4635 2523 4703 insuper
2538 4637 2710 4706 gavisi
2735 4636 2933 4708 fuimus
2956 4642 3019 4693 ob
3047 4639 3213 4712 654
3235 4642 3491 4711 gaudium

233 4705 401 4803 χαρᾷ
444 4705 637 4795 Τίτου,
684 4733 775 4786 ὅτι
799 4705 1233 4787 ἡάναπέπαυται
1256 4728 1322 4781 τὸ
1353 4727 1589 4795 πνεῦμα
1626 4723 1809 4777 αὑτοῦ

1924 4724 2049 4788 Titi,
2085 4725 2224 4795 quod
2279 4705 2607 4795 refocillatus
2635 4729 2704 4781 sit
2736 4705 2971 4797 spiritus
3007 4705 3280 4797 ipsius-tib
3312 4734 3491 4786 omni-

231 4824 365 4879 ἀπὸ
396 4823 641 4876 πάντων
681 4821 868 4892 ὑμῶν.
915 4822 1045 4874 Ὀτι
1081 4820 1138 4873 ει
1163 4836 1217 4871 τι
1256 4815 1417 4882 αὐτῷ
1460 4815 1613 4883 ὑπὲρ
1648 4813 1815 4883 ὑμῶν

232 4914 616 4983 κεκαύχημαι
646 4915 721 4968 οὺ
750 4912 1205 4981 κατῃσχύνθην,
1236 4910 1376 4963 ἀλλ’
1411 4909 1491 4975 ὼς
1519 4905 1716 4961 πάντα
1745 4905 1816 4959 ἐν

230 5004 494 5070 ἀληθείᾳ
509 5002 898 5070 ἐλαλήσαμεν
934 5002 1097 5070 ὑμῖν,
1129 4999 1283 5053 οὕτω
1321 4996 1419 5052 καὶ
1450 4997 1489 5065 ή
1517 4997 1817 5065 καύχησις

234 5096 418 5165 ήμῶν
465 5094 505 5160 ὴ
559 5095 660 5149 ἐπὶ
704 5097 872 5150 Τίτου
905 5133 921 5158 ,
960 5092 1208 5158 ἀλήθεια
1263 5091 1538 5161 ἐγενήθη.
1583 5088 1694 5144 Kal
1744 5085 1819 5140 τὰ

233 5184 574 5255 σπλάγχνα
601 5184 791 5239 αὐτοῦ
830 5181 1271 5252 περισσοτέρως
1322 5183 1409 5247 εις
1440 5179 1598 5249 ὑμᾶς
1648 5178 1820 5232 ἐστιν

233 5275 857 5347 ἀναμιμνησκομένου
884 5274 996 5343 τὴν
1020 5273 1266 5327 πάντων
1304 5269 1477 5339 ὑμῶν
1514 5267 1818 5337 ὑπακοὴν,

234 5369 329 5433 ὡς
370 5368 522 5437 μετὰ
579 5369 770 5437 φόϐου
827 5366 926 5420 καὶ
980 5366 1201 5433 τρόμου
1268 5362 1558 5441 ἐδέξασθε
1612 5361 1817 5416 αὐτόν.

233 5460 437 5529 Χαίρω
457 5460 546 5514 ὅτι
580 5460 652 5514 ἐν
676 5459 855 5514 παντὶ
882 5456 1077 5528 θαῤῥῶ
1106 5457 1176 5510 ἐν
1197 5455 1360 5527 ὑμῖν.

320 5645 419 5708 Τίς
469 5646 499 5699 ό
547 5644 812 5715 ἀδικήσας
838 5662 854 5711 ;
909 5643 1005 5697 ual
1029 5642 1161 5706 τίςὸ
1187 5640 1498 5712 ἀδικηθείςς
1531 5641 1581 5693 oi
1608 5656 1815 5711 πεπορο

237 5738 522 5820 νιυιιότες.
568 5735 862 5807 Ἥδίκησαν
913 5735 1022 5807 γὰρ
1052 5735 1300 5799 ἑαυτοὺς,
1338 5733 1432 5786 ual
1479 5732 1819 5803 ἠδικήθησαν

240 5824 347 5896 ὑφ’
370 5827 603 5897 ἑαυτῶν.
635 5825 805 5894 Λέγει
835 5825 892 5879 δὲ
926 5824 1105 5880 τοῦτο.
1139 5824 1253 5886 Τὰς
1295 5821 1589 5889 τοσαύτας,
1631 5823 1818 5892 φησιν,

567 5924 842 5985 Pauor“
879 5923 998 5986 Gn.
1041 5922 1294 5986 CXVIII

1920 4815 2017 4869 bus
2050 4816 2213 4871 vobis.
2248 4816 2400 4883 Quod
2423 4818 2471 4871 si
2495 4819 2622 4887 quid
2652 4819 2792 4885 apud
2823 4820 2974 4873 illum
3006 4822 3086 4887 [ui
3113 4822 3376 4891 gloriatus
3426 4824 3492 4879 de

1922 4907 2090 4969 vobis.
2145 4923 2251 4962 non
2298 4924 2417 4962 sum
2454 4909 2770 4976 pudefactus
2830 4923 2848 4959 :
2899 4908 2990 4963 sed
3034 4911 3174 4964 sicut
3225 4913 3406 4969 omnia
3435 4915 3491 4968 in

1921 5000 2144 5054 veritate
2202 4999 2362 5052 locuti
2390 5014 2576 5053 sumus
2608 4999 2772 5063 vobis,
2805 5001 2881 5052 ita
2931 5009 2982 5054 et
3029 5002 3279 5072 gloriatio
3305 5013 3494 5059 nostra

1921 5105 2025 5158 qua
2061 5105 2189 5143 usus
2209 5104 2355 5144 eram
2396 5089 2535 5159 apud
2590 5087 2789 5155 Titum,
2827 5092 3025 5145 veritas
3086 5092 3233 5163 facta
3285 5105 3363 5150 est
3396 5105 3494 5149 :et

1925 5182 2124 5234 msera
2164 5181 2329 5249 ipsius
2377 5179 2739 5235 abundantius
2774 5198 2903 5252 erga
2947 5200 3043 5238 nos
3099 5186 3292 5254 affecta
3343 5196 3490 5249 sunt.

1919 5273 2049 5327 dum
2080 5273 2265 5328 recolit
2294 5276 2527 5327 omnium
2559 5283 2789 5329 uestrum
2817 5275 3193 5341 obedientiam,
3234 5278 3489 5347 quemad-

1924 5364 2136 5419 modum
2177 5379 2297 5417 cum
2350 5366 2539 5419 timore
2586 5382 2652 5418 ac
2710 5375 2936 5421 tremore
2959 5369 3264 5437 exceperitis
3297 5370 3490 5435 ipsum.

1923 5456 2191 5513 Caudium
2221 5456 2359 5526 quod
2387 5458 2439 5510 in
2473 5458 2717 5513 omnibus
2752 5458 3009 5528 ﬁduciam
3045 5461 3273 5514 ‘habeam
3310 5460 3362 5511 in
3404 5474 3495 5513 vo-

1924 5548 2024 5602 bis.

1997 5639 2263 5705 Quisnam
2297 5648 2383 5695 est
2416 5640 2508 5709 qui
2545 5641 2747 5711 injuria
2780 5641 2998 5696 aﬂ‘ccit?
3029 5650 3082 5695 et
3134 5640 3256 5708 quis
3288 5638 3491 5708 injuria

1928 5731 2159 5787 affectus
2191 5731 2715 5789 est?.Scortatores.
2750 5732 2858 5802 Ipsi
2894 5746 3134 5801 namque
3159 5730 3374 5799 seipSos
3408 5731 3493 5786 in-

1925 5821 2072 5895 juria
2121 5820 2446 5890 all‘ecerunt,
2486 5829 2598 5881 eta
2633 5822 2830 5892 seipsis
2883 5820 3087 5890 injuria
3136 5819 3314 5878 allecti
3338 5829 3490 5879 sunt.

2976 5914 3050 5978 32
