3906 6550
446 397 585 463 ιςθό

1532 379 1934 444 (ECUMENII
1963 375 2255 438 ΤΒΙΕΩΛΞ
2288 373 2630 435 EPISCOPI

3567 366 3690 439 toni

450 510 547 567 Est
567 516 747 563 autem
769 503 1104 560 tantumdem
1131 496 1255 570 ac§si
1272 496 1478 551 diceret
1504 507 1519 546 :
1550 489 1683 545 Tam
1709 502 1906 561 graves
1932 487 2032 541 ob-

2144 484 2451 555 ὲγκλὴσεις,
2501 482 2602 552 οὐχ
2656 479 2843 533 ινεκιν
2894 477 3002 531 τῶν
3073 478 3523 548 πεπορνευκότων
3575 479 3690 548 ὑμῖν

452 601 798 674 jurgatlones
856 612 964 677 no):
991 607 1159 649 causa
1191 596 1555 645 seorlatorum
1576 582 1832 653 primitus
1888 580 2031 634 scri-

449 698 536 768 psi
574 696 751 755 vobis,
780 690 872 745 sed
906 675 1070 743 vestri
1103 697 1290 747 causa,
1315 689 1375 735 ut
1400 693 1498 732 vos
1528 675 2033 737 confirmarem..ne

449 787 724 860 quomodo
754 798 979 852 serpens
1003 779 1167 834 etiam
1199 776 1404 831 malum
1440 768 1506 827 ad
1552 785 1647 824 vos
1675 768 2028 838 pertingeret.

449 859 677 936 [lanium
706 878 853 931 enim
897 872 1150 928 fermenti
1185 880 1356 924 totam
1421 863 1873 935 conspct'sionem
1920 859 2030 914 fer-

446 981 675 1028 mental.
704 969 809 1023 Sed
843 977 976 1021 tunc
1012 964 1235 1035 quidem
1262 962 1372 1023 ita;
1424 971 1575 1012 nunc
1618 969 1747 1009 vero
1783 952 1855 1006 ob
1881 966 2027 1017 eam,

447 1065 649 1135 inquit,
683 1076 907 1117 causam
943 1070 1002 1111 ut
1032 1053 1381 1109 ostenderem
1415 1050 1572 1105 vobis
1597 1056 1866 1118 quantum
1913 1052 2030 1099 stu-

447 1160 603 1211 dium
640 1165 695 1211 et
727 1168 917 1209 curam
954 1150 1119 1204 vestri
1150 1148 1379 1202 habeam
1419 1163 1431 1198 :
1470 1142 1619 1213 quod
1652 1142 1828 1211 ipsum
1887 1137 2026 1191 idem

447 1250 666 1321 quidem
702 1256 786 1303 est
815 1260 939 1299 cum
973 1243 1182 1314 priore,
1211 1237 1305 1295 sed
1344 1236 1624 1291 amantius
1669 1233 1773 1285 hoc.
1813 1231 2022 1284 dictutn

445 1353 550 1398 est.
580 1361 598 1393 ι
648 1339 755 1394 Nec
788 1336 909 1406 ejus
948 1348 1115 1389 causa
1143 1332 1236 1401 qui
1275 1329 1445 1384 laasus
1482 1326 1681 1381 fuerat.
1716 1341 1734 1375 ι
1771 1322 1888 1375 Non
1938 1322 2025 1374 di-

447 1437 551 1498 xit.
607 1433 783 1489 Causa
821 1432 1038 1485 illorum
1066 1441 1172 1480 non
1221 1422 1443 1492 scripsi,
1492 1419 1611 1482 sed,
1671 1417 1791 1471 Non
1826 1417 2026 1484 prima-

444 1532 529 1582 ria
562 1540 727 1581 causa
782 1522 885 1577 fuit
916 1527 1143 1592 propter
1178 1517 1324 1580 illos,
1350 1514 1458 1568 imo
1491 1522 1546 1567 et
1570 1519 1795 1581 pmpter
1830 1522 1927 1561 vos
1974 1514 2026 1559 et

449 1630 675 1689 propter
703 1616 848 1670 illos.
892 1631 910 1664 ι
965 1611 1035 1668 Ut
1063 1608 1309 1667 studium
1339 1614 1587 1660 nostrum
1616 1600 1763 1672 quod
1795 1614 1893 1670 pro
1931 1614 2026 1650 vo-

450 1711 535 1767 bis
593 1717 678 1765 est
728 1702 1180 1763 manifestarctur
1214 1698 1356 1769 apud
1403 1711 1504 1752 vos
1563 1708 1749 1751 coram
1827 1692 1957 1746 Deo.
1998 1709 2015 1743 ι

2134 576 2349 647 ἔγραψα
2407 577 2818 645 πρωτοτύπως,
2876 570 2993 625 ἀλλ’
3056 568 3248 622 ἕνεκεν
3313 568 3467 639 ὑμῶν
3528 570 3691 623 αὐτῶν

2145 667 2576 738 ἀσφαλιζόμενος
2608 666 2774 735 ὑμᾶς,
2796 665 2870 735 μή
2901 681 3016 728 πως
3056 665 3161 731 ὀδῷ
3212 664 3449 736 βαδίζον,
3483 665 3573 717 καὶ
3623 668 3692 728 είς

2135 761 2277 830 ὑμᾶς
2301 758 2432 831 ἔλθῃ
2456 759 2519 813 τὸ
2543 758 2732 812 κακόν.
2770 758 2960 828 Μικρὰ
3019 757 3128 827 γὰρ
3153 756 3301 828 ζύμη
3350 757 3470 810 ὅλον
3496 756 3555 810 se
3598 757 3692 826 φύ-

2136 869 2285 923 ραμα
2308 850 2488 921 ζυμοῖ.
2543 847 2705 902 Ἀλλὰ
2739 849 2864 901 τότε
2903 847 3008 918 μὲν
3035 846 3230 910 οὕτως.
3273 846 3388 899 Νῦν
3418 846 3496 909 δὲ,
3522 848 3692 917 φησιν,

2136 945 2324 998 ἕνεκεν
2352 942 2447 999 τοῦ
2480 943 2650 1009 δεῖξαι
2683 942 2811 1011 ὑμῖν
2831 939 2953 1004 πῶς
2991 940 3050 994 ὲν
3091 940 3297 1009 σπουδῇ
3335 941 3431 993 καὶ
3462 942 3519 992 ἐν
3544 957 3694 1009 φρον-

2130 1037 2236 1092 τίδι
2261 1038 2403 1107 ὑμᾶς
2432 1037 2562 1106 ἔχω,
2595 1037 2734 1104 ὅπερ
2760 1033 2819 1086 τὸ
2855 1034 2985 1087 αὐτὸ
3029 1033 3128 1103 μὲν
3192 1034 3311 1086 ἐστι
3358 1032 3435 1102 τῷ
3490 1033 3694 1104 πρώτῳ,

2132 1124 2620 1196 ἀγαπητικώτερον
2640 1122 2697 1175 δὲ
2727 1122 2968 1192 εἰρηται.
3006 1138 3025 1171 ι
3071 1119 3208 1171 Οὐδὲ
3231 1118 3443 1171 εἵνεκεν
3470 1117 3561 1170 τοῦ
3589 1116 3693 1171 est.

2132 1216 2413 1287 κηθέντος.
2443 1232 2463 1265 r
2500 1214 2576 1268 Οὐ
2605 1211 2765 1266 τοῦτο
2792 1212 2962 1279 λέγει,
2992 1211 3078 1277 τδ,
3115 1211 3344 1263 Ἕνεκεν
3370 1210 3588 1262 ἐκείνων
3608 1211 3697 1263 οὐκ

2131 1306 2366 1377 ιγραψα,
2391 1306 2527 1359 ἀλλὰ
2554 1303 2637 1371 τὸ,
2670 1306 2747 1358 Ού
2779 1303 3148 1374 πρωτοτύπως
3181 1302 3250 1355 δι’
3279 1300 3537 1365 ἐκείνους,
3574 1300 3695 1354 ἀλλά

2127 1400 2217 1455 διά
2245 1418 2301 1452 τε
2331 1400 2476 1468 ὑμᾶς
2498 1401 2590 1452 καὶ
2620 1396 2689 1450 δι’
2718 1397 2976 1460 ἐκείνους.
3024 1414 3043 1447 ι
3080 1395 3192 1468 Τὴν
3221 1395 3363 1464 ὑπὲρ
3386 1396 3543 1466 ἡμῶν
3573 1395 3693 1466 πρὶς

2129 1493 2274 1562 ὑμᾶς
2312 1487 2547 1543 ἐνώπιον
2598 1486 2695 1540 τοῦ
2731 1486 2887 1541 Θεοῦ.
2927 1505 2947 1539 ι
2998 1481 3107 1538 Ἶιν
3139 1487 3259 1555 μὲν,
3303 1486 3489 1555 φησὶν,
3521 1487 3695 1553 ἀγάπη

2129 1584 2263 1657 παρ’
2316 1585 2461 1655 ἐμοὶ,
2520 1583 2657 1637 ἀλλὰ
2704 1584 2798 1635 καὶ
2831 1582 3212 1651 φανερωθῆναι
3258 1581 3430 1650 αὐτὴν
3464 1580 3693 1650 ἐζήτουν,

2131 1679 2332 1733 ὡσανεὶ
2364 1677 2689 1747 ἐφορῶντος,
2742 1676 2893 1744 φησι,
2943 1673 3081 1727 Θεοῦ
3122 1674 3206 1726 ὅτι
3244 1671 3513 1743 ἀληθεύω.
3552 1689 3573 1722 ι
3612 1673 3697 1724 Διά

452 1764 582 1856 wErat
636 1798 861 1871 quidem
894 1797 1036 1865 apud
1069 1808 1155 1848 me
1210 1764 1455 1856 dilectio,
1483 1788 1577 1843 sed
1619 1786 1928 1857 quaerebam
1967 1790 2025 1836 nt

2144 1769 2302 1824 τοῦτο.
2330 1787 2348 1820 ι
2400 1767 2619 1838 Ἐπειδὴ
2672 1769 2762 1820 καὶ
2817 1765 2916 1836 τὴν
2972 1764 3206 1834 σπουδὴν
3235 1764 3334 1834 τὴν
3394 1764 3520 1833 περὶ
3567 1764 3697 1832 ὑμᾶς

452 1843 582 1856 -..η
679 1843 861 1854 ....--...
895 1843 1036 1865 ,νη
1069 1843 1151 1848 --.-
1443 1843 1455 1856 ,
1637 1843 1651 1857 ,

450 1894 542 1948 illa
575 1843 1064 1946 mtinil'estareturz
1094 1895 1357 1956 tanquam
1392 1883 1760 1951 inspectante,
1818 1875 2019 1945 inquit,

2144 1861 2410 1927 ἐπέδειξα,
2442 1859 2625 1914 καὶτὸ
2651 1860 2758 1912 πᾶν
2805 1860 2937 1928 ἡμῖν
2974 1855 3353 1926 κατώρθωται.
3391 1874 3410 1907 ι
3467 1856 3586 1908 Ἐπὶ
3639 1859 3696 1923 τῇ

450 1983 563 2038 Deo
610 1981 759 2050 quod
787 1994 916 2034 vera
965 1977 1168 2038 dicam,
1282 1946 1515 2027 Idcirco.
1572 1986 1591 2022 ι
1644 1966 1918 2033 Quoniam
1968 1973 2021 2018 et

2144 1953 2482 2025 παρακλήσει
2510 1949 2682 2021 ὑμῶν.
2717 1968 2736 2000 ι
2787 1948 2892 2001 Δύο
2925 1948 3072 2014 λέγει
3105 1946 3525 2017 παρακληθῆναι
3576 1947 3697 2015 παρ’

450 2036 695 2130 studium
736 2068 885 2142 quod
928 2070 1075 2124 circa
1101 2080 1199 2122 vos
1230 2064 1501 2119 habebam
1534 2055 1936 2116 demonstravi,
1970 2061 2024 2109 et

2144 2042 2309 2096 ιύτῶν
2358 2039 2760 2110 παρακλήσεις,
2796 2038 2928 2105 μίαν
2957 2037 3079 2107 μὲν,
3098 2036 3237 2089 διότι
3261 2036 3422 2099 αὐτὸς
3449 2036 3509 2088 οὐ
3536 2036 3699 2105 μάτην

448 2181 617 2221 omne
645 2165 923 2235 negotium
957 2160 1118 2216 nobis
1146 2168 1430 2229 peractum
1463 2163 1569 2208 est.
1610 2170 1628 2203 ι
1662 2149 1741 2205 Ex
1767 2148 2026 2203 consola-

2144 2132 2462 2204 ἐπετίμησεν
2482 2131 2747 2209 αὐτοῖςέν
2774 2133 2839 2201 τῇ
2886 2130 3201 2199 Ἐπιστολῇ,
3262 2129 3359 2182 καὶ
3409 2129 3604 2181 ἑκεῑνοι
3645 2129 3699 2181 τὸ

450 2259 606 2312 tione
630 2255 817 2312 vestri.
858 2273 878 2307 ι
916 2251 1062 2308 Duas
1086 2252 1439 2318 ait,sumptas
1467 2259 1591 2300 esse
1623 2244 1692 2297 ab
1727 2242 1862 2311 ipsis
1887 2255 2026 2296 con-

2144 2224 2455 2296 ὲπιτιμηθὲν
2485 2223 2887 2294 διωρθώσαντο,
2918 2221 3181 2292 δευτέραν
3225 2220 3304 2284 δι,
3328 2222 3414 2274 ὅτι
3435 2219 3528 2273 τὸν
3551 2218 3697 2272 Τίτον

453 2347 754 2404 solationes
784 2359 799 2397 :
834 2343 1061 2397 alteram
1098 2309 1498 2409 quidem'quod
1526 2335 1645 2405 ipse
1667 2309 1778 2386 non
1818 2330 2024 2387 frustra

2144 2316 2461 2371 hvémuoav.
2498 2314 2667 2377 Αὐτὸς
2697 2314 2753 2368 δέ
2787 2330 2949 2383 φησιν
2970 2328 2985 2345 ο
3026 2332 3044 2365 ι
3068 2312 3193 2365 Ἐπὶ
3219 2314 3284 2381 τῇ
3318 2312 3468 2381 χαρᾷ
3496 2309 3690 2373 Titan,»

456 2436 806 2507 objurgasset
838 2447 933 2486 eos
966 2445 1064 2499 per
1109 2426 1422 2499 epistolam,
1460 2422 1557 2479 sed
1608 2423 1713 2493 ipsi
1748 2423 1892 2491 quod
1938 2436 2026 2476 re-

428 2529 790 2600 prehensum
852 2529 971 2579 erat
999 2526 1394 2583 correxeraut;
1446 2516 1672 2571 alteram
1716 2528 1842 2569 vero
1883 2512 2031 2584 quod

455 2619 641 2674 Titum
674 2615 1135 2672 refocillaverant.
1169 2612 1288 2682 Ipse
1318 2624 1448 2664 vero
1479 2609 1578 2673 ait,
1617 2625 1634 2659 ι
1660 2605 1744 2663 Ob
1772 2607 2027 2675 gaudium

456 2711 590 2778 Titi,
628 2729 648 2762 ι
683 2707 983 2764 ostendens
1015 2705 1158 2775 quod
1185 2702 1345 2757 Titus
1366 2714 1617 2771 magnam
1647 2699 1872 2753 haberet
1899 2697 2030 2766 ipsis

458 2804 718 2875 gratiam.
750 2800 826 2854 Ex
857 2813 924 2854 eo
948 2797 1093 2852 enim
1128 2794 1272 2865 quod
1322 2794 1415 2847 ille
1438 2791 1723 2863 gauderet,
1759 2789 2030 2859 signilicat

456 2903 514 2949 rt
539 2892 924 2950 excellentiam
954 2884 1371 2942 refocillationis
1403 2893 1457 2937 et
1488 2881 1868 2936 excellentiam
1903 2893 2030 2950 gra-

458 2988 661 3042 tiarum
689 2981 925 3040 actionis
955 2981 1077 3049 ejus
1107 2992 1236 3047 erga
1289 2974 1411 3030 illos
1463 2972 1592 3029 Ideo
1618 2986 1838 3042 quoque
1889 2971 2034 3026 hanc

457 3078 893 3136 consolationem
952 3071 1222 3144 praeponit
1273 3068 1447 3139 priori
1510 3065 1878 3122 consolationi
1933 3073 2034 3120 :et

462 3176 576 3228 haec
624 3172 762 3227 dicit
797 3182 972 3238 magis
1012 3180 1109 3221 eos
1152 3165 1439 3217 attrahens
1470 3160 1538 3215 ad
1598 3174 1839 3215 amorem
1903 3172 2032 3228 erga
2064 3186 2107 3246 α

461 3262 667 3319 Titum.
704 3262 943 3317 ltursum
974 3259 1121 3313 enim
1157 3270 1285 3311 cum
1323 3255 1604 3309 missurus
1631 3261 1752 3305 erat
1789 3252 1854 3304 ad
1888 3251 2039 3319 ipsos

460 3369 585 3411 eum
612 3354 871 3423 epistola.
898 3350 1033 3417 Quae
1071 3358 1190 3403 erat
1241 3354 1424 3400 amem
1453 3342 1562 3398 Titi
1599 3341 1932 3395 retocillatio
1969 3341 2038 3394 de

460 3457 568 3514 qua
596 3444 762 3496 etiam
792 3435 1106 3510 gaudebat?
1139 3443 1232 3487 aut
1264 3432 1383 3502 ipsa
1412 3446 1601 3485 eorum
1650 3429 1931 3484 correctio
1970 3425 2039 3482 de

460 3513 569 3602 dua
596 3531 758 3584 etiam
802 3526 1007 3581 Paulus
1033 3522 1469 3578 consolationem
1504 3523 1813 3586 acceperat,
1873 3513 2038 3585 655

414 3646 421 3653 ·
460 3623 552 3678 vel
580 3620 898 3675 obcdientia
927 3629 1123 3670 eorum
1154 3612 1220 3667 ad
1271 3612 1453 3664 omnia
1485 3625 1500 3665 :
1546 3616 1639 3661 aut
1692 3608 2039 3676 hospitalitas

464 3726 571 3781 qua
603 3724 730 3763 cum
765 3706 1072 3762 reverentia
1124 3716 1188 3757 ac
1220 3702 1328 3756 ﬁde
1365 3715 1489 3754 eum
1531 3707 1910 3766 susceperant.
1949 3695 2038 3749 Si-

462 3818 634 3874 gnum
665 3812 905 3868 namque
948 3794 1167 3866 pietatis
1206 3807 1271 3847 ac
1306 3790 1587 3861 religionis
1618 3796 1723 3853 est,
1756 3786 1934 3839 honor
1983 3794 2039 3841 et

466 3885 773 3943 reverentia
800 3899 932 3954 erga
960 3883 1425 3938 concionatorem.
1449 3876 1642 3946 Magis,
1673 3875 1874 3946 inquit,
1904 3889 2038 3929 con-

2132 2408 2345 2471 δεικνὺς
2375 2408 2457 2462 ὅτι
2481 2406 2863 2478 πολλὴνιχάριν
2926 2405 3110 2468 αὺτοῖς
3148 2405 3178 2456 ό
3216 2404 3381 2466 Τίτος
3423 2401 3695 2472 ὡμολόγει.

2147 2501 2244 2556 Ἐκ
2266 2500 2376 2569 γὰρ
2401 2497 2497 2552 τοῦ
2531 2499 2746 2569 χαίρειν
2774 2499 3009 2560 ἐκεῖνον,
3041 2498 3143 2566 τήν
3170 2512 3230 2548 τε
3279 2493 3587 2564 ὑπερϐολὴν
3610 2492 3693 2560 τῆς

2136 2591 2496 2654 ἀναπαύσεως
2526 2590 2622 2644 καὶ
2649 2590 2747 2660 τὴν
2767 2589 3076 2661 ὑπερὸολὴν
3103 2588 3202 2656 τῆς
3238 2586 3593 2657 εὐχαριστίας
3608 2584 3693 2636 αὐ-

2135 2682 2230 2736 τοῦ
2258 2682 2357 2755 τὴν
2386 2685 2464 2748 είς
2485 2683 2653 2753 αὐτὴν
2671 2681 2842 2752 δηλοῖ.
2875 2681 2967 2734 Διὸ
3018 2682 3114 2735 καὶ
3147 2678 3435 2750 προκρίνει
3473 2677 3573 2747 τὴν
3611 2693 3694 2728 τε·

2142 2772 2403 2843 ράκλησιν
2432 2773 2658 2841 ταύτην,
2708 2774 2808 2840 τῆς
2842 2769 3119 2842 προτέρας
3156 2767 3594 2838 παρακλήσεωςο
3619 2765 3696 2817 καὶ

2138 2864 2310 2918 ταῦτα
2358 2863 2529 2930 λέγει,
2576 2862 2775 2932 μᾶλλον
2805 2862 3004 2923 αὐτοὺς
3035 2861 3116 2924 είς
3162 2859 3265 2929 τὴν
3290 2858 3522 2926 ἀγάπην
3560 2855 3693 2909 Τίτου

2139 2953 2513 3023 ἐφελκόμενος
2546 2969 2563 2985 ·
2590 2952 2785 3021 ἔμελλε
2837 2950 2947 3020 γὰρ
2984 2949 3147 3005 πάλιν
3190 2950 3292 3002 σὺν
3341 2951 3411 3018 τῇ
3465 2946 3697 3016 επιστολῇ

2144 3047 2384 3115 πέμπειν
2415 3047 2578 3099 αὐτὸν
2613 3044 2750 3114 πρὸς
2780 3044 3002 3107 αὐτούς.
3055 3042 3121 3095 Τί
3152 3041 3211 3095 δὲ
3237 3037 3307 3112 ἦν
3338 3042 3374 3110 ἡ
3407 3041 3696 3098 ἀνάπαυσις

2142 3136 2301 3189 Τίτου
2340 3137 2426 3205 ἐφ’
2452 3129 2497 3204 ᾧ
2526 3137 2621 3189 καὶ
2651 3136 2913 3207 ἔχαιρενς
2944 3135 2977 3205 ἢ
3018 3134 3157 3204 αὑτὴ
3200 3134 3233 3205 ἡ
3287 3133 3583 3203 διόρθωσις
3618 3131 3699 3185 αὒ-

2138 3228 2270 3290 τῶν,
2296 3227 2383 3296 ἐφ’
2467 3229 2562 3281 καὶ
2586 3227 2799 3290 Παῦλος
2822 3226 3242 3296 παρακέκλητο,
3276 3226 3314 3296 ἢ
3366 3228 3401 3297 ὴ
3433 3228 3518 3288 εις
3547 3225 3696 3277 πάντα

2140 3320 2354 3391 ὑπακοὴ
2396 3320 2599 3387 αὐτῶν,
2653 3321 2748 3372 καὶ
2804 3321 2837 3389 ἠ
2874 3320 2992 3389 μετ’
3030 3318 3319 3380 εὐλαϐείας
3359 3318 3458 3371 καὶ
3490 3317 3695 3375 πίστεως

2141 3412 2287 3477 ξενία
2316 3412 2412 3466 καὶ
2443 3410 2681 3483 ὑποδοχὴ
2711 3411 2908 3465 αὐτῶν.
2940 3411 3051 3465 Καὶ
3078 3411 3187 3480 γὰρ
3217 3410 3526 3479 τεκμήριον
3566 3406 3693 3458 εὗσε-

2141 3504 2314 3570 6είας,
2342 3508 2372 3575 η
2397 3507 2476 3566 είς
2508 3505 2601 3558 τὸν
2627 3505 2844 3574 κήρυκα
2888 3502 3060 3570 αὐτῆς
3109 3499 3245 3569 τιμὴ
3290 3500 3388 3551 καὶ
3440 3495 3690 3551 εὐλάϐεια.

2140 3598 2359 3653 Μᾶλλον
2402 3597 2870 3667 παρεκλήθημεν,
2932 3594 3137 3664 φησὶν,
3188 3593 3286 3644 ἐπὶ
3328 3594 3401 3663 τῇ
3437 3587 3693 3658 διορθώσει

2145 3689 2319 3759 ὑμῶν,
2358 3688 2557 3758 μᾶλλον
2578 3688 2634 3741 δὲ
2674 3687 2957 3758 ἐχάρημεν
2991 3685 3087 3739 επὶ
3112 3687 3177 3753 τῇ
3206 3683 3351 3751 χαρᾷ
3408 3681 3587 3740 Τίτου,
3626 3679 3693 3729 ὅτι

2143 3782 2231 3833 διὰ
2282 3782 2379 3849 τῆς
2438 3779 2776 3849 διορθώσεως
2823 3777 3000 3847 ὑμῶν,
3064 3777 3451 3829 ἀναπέπαυται
3491 3774 3523 3840 ἡ
3572 3768 3691 3839 ψυχὴ

2144 3873 2310 3927 αὐτοῦ

464 3980 789 4036 solutionem
821 3976 1136 4047 accepimus
1164 3984 1386 4045 propter
1412 3971 1580 4026 vestri
1607 3970 2033 4033 correctionem,
2076 3966 2253 4037 magis
2322 3973 2503 4019 autem
2552 3964 2723 4035 gavisi
2766 3977 2959 4019 sumus
3001 3967 3224 4031 propter
3256 3957 3517 4029 gaudium
3582 3953 3689 4012 Titi,

465 4075 592 4145 quia
629 4079 852 4143 propter
908 4069 1081 4127 vestri
1126 4067 1528 4124 correctionem
1567 4063 1916 4122 refocillatus
1947 4074 2032 4120 est
2070 4063 2248 4135 ipsius
2273 4062 2510 4118 animus.

458 4177 469 4186 '
543 4187 564 4222 ι
598 4168 655 4224 Si
690 4168 821 4239 quid
863 4166 1004 4237 apud
1055 4166 1207 4220 illum
1252 4163 1321 4219 de
1371 4162 1549 4217 vobis.
1590 4179 1610 4214 ι
1643 4160 2039 4231 Argumentum

464 4262 690 4323 virtutis
716 4262 1114 4330 discipulorum
1144 4265 1250 4322 est,
1284 4254 1428 4324 quod
1468 4265 1769 4322 prmeeptor
1806 4253 1873 4307 de
1906 4251 2043 4321 ipsis

466 4354 754 4423 glorietur,
781 4359 837 4405 et
875 4347 1215 4403 ostensivum
1252 4355 1337 4398 est
1383 4343 1587 4395 amoris
1631 4341 2041 4410 magistrorum.

2226 4178 2245 4211 ι
2277 4157 2341 4211 Εἰ
2363 4175 2415 4211 τι
2455 4154 2605 4226 αὐτῷ
2658 4154 2796 4225 ὑπὲρ
2839 4152 3044 4224 ὑμῶν.»
3087 4151 3198 4205 Καὶ
3220 4148 3430 4219 ἀρετῆς
3466 4145 3692 4217 μαθητῶν

2150 4251 2388 4320 ἐλεγχος,
2428 4250 2482 4302 τί
2502 4250 2594 4301 τὸν
2625 4247 2942 4302 διδάσκαλον
3003 4245 3144 4315 ὑπὲρ
3181 4242 3363 4296 αὐτῶν
3395 4236 3690 4309 καυχᾶσθαι.

2149 4345 2245 4397 καὶ
2271 4342 2492 4412 ἀγάπης
2540 4338 2877 4393 διδασκάλων
2897 4336 3190 4390 δεικτικόν.
3242 4353 3260 4384 ι
3287 4334 3364 4387 ού
3412 4329 3692 4402 κατῃσχύν-

471 4464 489 4495 ι
522 4442 643 4497 Non
687 4457 808 4497 sum
835 4438 1183 4508 pudefactus.
1217 4454 1236 4488 ι
1268 4433 1387 4488 Non
1430 4432 1575 4487 enim
1608 4433 1837 4486 mendax
1877 4430 2035 4485 fuisse

2153 4436 2273 4505 θην.
2290 4452 2310 4489 ι
2330 4435 2406 4489 Οὐ
2433 4434 2544 4503 γὰρ
2569 4433 2776 4502 ἐφάνην
2789 4429 3142 4500 ψευδόμενος.
3180 4447 3198 4478 ι
3224 4428 3342 4481 Είτι
3366 4424 3690 4496 κεκαύχημαι

465 4531 716 4604 apparui.
756 4547 775 4582 ι
813 4527 871 4583 Si
904 4527 1037 4597 quid
1086 4524 1349 4595 gloriatus
1377 4521 1477 4588 fni,
1514 4535 1621 4576 non
1653 4535 1773 4575 sum
1819 4519 2035 4589 pudefa-

2154 4527 2214 4579 οὐ
2237 4524 2637 4595 κατῃσχύνθην.
2668 4520 2975 4595 ι-[ΦΩἸη
3011 4521 3085 4575 Ἣ
3107 4520 3245 4586 πρὸς
3269 4518 3330 4571 ἓν
3345 4519 3537 4587 κόμμα
3558 4516 3689 4583 λόγου

465 4635 609 4682 ctus.
636 4623 782 4676 iAut
809 4620 931 4676 dua:
957 4618 1230 4673 dictiones
1258 4614 1327 4669 ad
1360 4629 1527 4668 unum
1560 4611 1845 4667 sententia:
1865 4626 2040 4665 mem—

464 4715 627 4773 brum
667 4711 1000 4783 accipienda:
1037 4716 1183 4773 sunt,
1215 4716 1268 4761 et
1297 4705 1569 4760 reddenda
1610 4714 1695 4760 est
1731 4704 2043 4774 subjunctio

468 4809 670 4879 prioris
727 4805 795 4861 ad
838 4818 1059 4859 causam
1088 4842 1105 4869 ,
1153 4798 1646 4868 subdistinguendo
1699 4797 1766 4850 ad
1817 4797 2040 4848 verbum

472 4919 495 4949 ο
529 4898 808 4954 Gloriatus
836 4895 940 4951 fui.
979 4913 999 4947 ι
1030 4896 1138 4947 Aut
1183 4890 1330 4963 quod
1368 4890 1501 4945 mihi
1548 4904 1681 4943 sane
1729 4888 1959 4949 videtur,
1986 4894 2044 4938 ut

467 4990 753 5061 legendum
787 4988 862 5043 sit
892 4984 1284 5057 distinguendo
1312 4982 1554 5054 perfecta
1588 4980 1961 5042 distinctione,
1990 4986 2045 5032 et

466 5092 702 5150 utraque
731 5078 899 5133 dictio
938 5094 1100 5132 suum
1134 5077 1418 5149 proprium
1442 5072 1764 5129 constituat
1826 5071 2043 5124 intelle-

464 5183 616 5230 ctum
640 5187 657 5226 :
685 5169 992 5242 poteritque
1021 5170 1313 5237 utriusque
1341 5165 1601 5220 dictionis
1619 5162 1891 5232 perfectus
1921 5174 2046 5215 esse

464 5260 785 5334 huiusmodi
838 5273 1057 5314 sensus.
1097 5277 1117 5309 ι
1156 5257 1435 5313 Gloriatus
1485 5255 1584 5321 lui,
1624 5273 1642 5305 ι
1691 5254 1892 5323 inquit,
1943 5252 2045 5306 hoc

372 5398 379 5403 .
463 5365 570 5420 est,
610 5361 762 5409 recte
788 5359 843 5406 et
892 5348 1284 5405 convenienter
1312 5348 1576 5418 gloriatus
1600 5345 1832 5400 fueram.
1865 5364 1883 5396 ι
1916 5343 2045 5398 Glo-

464 5451 642 5506 riatus
673 5445 790 5512 fui;
838 5463 858 5497 ›
903 5441 1206 5513 perfectam
1243 5449 1444 5495 nactus
1478 5455 1598 5494 sum
1640 5439 2040 5509 gloriatiouem.

466 5541 691 5605 Deinde,
745 5556 765 5590 ι
811 5535 930 5591 Non
997 5548 1118 5590 sum
1168 5532 1510 5602 pudefactus,
1546 5512 1568 5581 ι’
1626 5546 1734 5583 non
1785 5546 1905 5586 sum
1949 5545 2045 5599 spe

465 5634 782 5694 frustratus,
816 5645 924 5685 non
955 5626 1148 5683 erubui
1183 5624 1328 5695 quod
1362 5625 1492 5677 talia
1532 5625 1884 5692 speraverim.
1922 5623 2044 5678 Haec

462 5733 643 5781 autem
687 5725 899 5789 dicens,
950 5729 1003 5776 et
1047 5734 1146 5792 per
1201 5718 1426 5789 ﬁguram
1472 5715 1782 5771 dictionum
1843 5725 1899 5770 et
1947 5731 2045 5786 per

433 5830 649 5872 ~earnm
697 5815 1053 5886 prolationem
1100 5810 1360 5883 gaudium
1403 5809 1809 5877 manifestabat,
1838 5817 1891 5864 et
1918 5822 2047 5863 con-

2150 4618 2248 4682 τὰς
2279 4617 2374 4670 δύο
2406 4616 2582 4681 λέξεις
2627 4615 2946 4686 ὲκληπτέον,
2999 4616 3094 4668 καὶ
3117 4612 3219 4682 τὴν
3257 4612 3595 4680 ἐπαγομένην
3609 4608 3689 4674 τῆς

2151 4712 2426 4782 προτέρας
2486 4711 2619 4783 πρὸς
2660 4708 2841 4762 αἰτίαν
2893 4706 3211 4769 ἀποδοτέον,
3243 4702 3619 4767 ὑποστίζοντας
3644 4698 3689 4749 ἑν

2149 4803 2248 4871 τῷ,
2287 4800 2689 4872 «Κεκαύχημαι
2712 4816 2727 4830 ’
2780 4818 2800 4851 ι
2843 4800 2899 4868 ἧ,
2931 4799 3069 4868 ὅπερ
3104 4798 3300 4865 ἔμοιγε
3327 4795 3495 4859 δοκεῖ,
3524 4789 3690 4862 μᾶλλον

2152 4890 2420 4960 ἑκατέραν
2458 4891 2603 4954 λέξιν
2638 4889 2713 4950 ὡς
2743 4890 2873 4942 ῐδιον
2930 4889 3110 4957 νόημα
3164 4883 3541 4956 παριστῶσαν,
3574 4878 3690 4934 κατά

2150 4981 2364 5035 τελείαν
2388 4981 2622 5049 στιγμὴν
2656 4976 2935 5043 στίξοντας
2997 4977 3400 5052 ἀναγνωστέον.
3483 4973 3582 5029 Καὶ
3616 4970 3687 5037 εἴη

2154 5072 2221 5125 ἂν
2245 5072 2512 5140 ἑκατέρας
2569 5069 2767 5134 λέξεως
2805 5072 2834 5123 ό
2857 5068 2983 5133 νοῦς
3019 5070 3431 5138 ἀπηρτημένος
3462 5063 3686 5123 τοιοῦτος’

2161 5181 2181 5215 ι
2210 5163 2603 5233 Κεκαύχημαι,
2633 5181 2650 5213 ι
2697 5161 2885 5232 φησιν,
2919 5156 3031 5215 οἷον
3068 5158 3252 5221 καλῶς
3281 5159 3379 5212 καὶ
3408 5156 3690 5227 πρεπόντως

2155 5254 2574 5325 ἑκαυχησᾴμην.
2632 5273 2651 5304 ι
2676 5253 3074 5321 Κεκαύχημαι.
3100 5268 3119 5301 ι
3175 5242 3349 5316 Εὗρον
3376 5244 3479 5313 τὴν
3512 5240 3687 5309 καύχη-

2154 5361 2239 5398 σιν
2257 5345 2670 5416 τετελεσμένην.
2725 5340 2880 5410 Εἶτα,
2944 5364 2960 5393 ι
2987 5344 3060 5395 Οὐ
3097 5338 3485 5409 κατῃσχύνθην
3505 5351 3519 5364 ·
3551 5353 3568 5386 ι
3596 5333 3691 5383 0.}:

2154 5436 2425 5508 ἐψεύσθην
2462 5438 2559 5507 τῆς
2616 5436 2852 5496 ἐλπίδος,
2878 5434 2979 5486 οὐκ
3010 5431 3290 5503 ᾐσχύνθην
3317 5427 3403 5496 ἐφ’
3435 5421 3513 5488 οἷς
3547 5436 3689 5490 προε-

2154 5529 2389 5598 εδόκησα
2446 5528 2690 5581 τοιαῦτα.
2742 5525 2928 5578 Ταῦτα
2968 5524 3023 5576 δὲ
3083 5521 3276 5583 εἰπὼν,
3335 5523 3430 5572 καὶ
3476 5517 3557 5570 διὲι
3607 5507 3689 5563 τοῦ

2152 5619 2325 5673 τύπου
2365 5619 2475 5672 τῶν
2530 5618 2728 5681 λέξεων
2766 5618 2860 5669 καὶ
2900 5615 2998 5684 τῆς
3050 5613 3333 5683 προξρορᾶς
3386 5607 3574 5666 αὐτῶν,
3609 5601 3691 5668 τὴν

2152 5711 2331 5782 χαρὰν
2358 5711 2567 5781 ἐδήλου,
2609 5711 2702 5762 καὶ
2720 5711 2819 5777 τὴν
2848 5706 3192 5777 παράκλησιν
3231 5703 3298 5773 ἢν
3335 5696 3499 5771 εἶχεν.
3532 5694 3690 5783 ρῦιως

2154 5802 2222 5879 ἧν
2258 5803 2482 5867 δυνατὸς
2504 5802 2733 5877 δναργὲς
2782 5801 2871 5855 διὰ
2910 5800 3016 5853 τῶν
3062 5799 3235 5868 λόγων
3274 5792 3609 5866 παραιτήσαι
3640 5784 3690 5834 τὸ
