3906 6556
159 441 299 505 Ῑθθθ

1107 431 1489 496 COMMENT.
1548 431 1630 493 ΙΝ
1660 432 1896 493 EPIST.
1927 431 1990 491 II
2029 429 2129 492 AD
2168 429 2525 492 CORINTH.

3279 425 3416 490 1010

152 547 554 618 κερδαίνοντες,
595 543 959 615 παρεκάλουν,
995 544 1224 609 ἐδέοντο,
1250 546 1341 598 καὶ
1371 545 1470 596 οῦκ
1507 544 1730 597 ἀνίεσαν

1850 557 1985 596 num
2021 541 2235 597 lucrum
2273 542 2559 606 facientes,
2596 537 3016 596 obtestabantur
3065 545 3118 594 et
3162 538 3419 595 obsecra-

152 643 426 712 δεόμενοι.
464 639 721 710 Δεόμενοι
750 638 879 708 γάρ,
911 640 1099 709 φησὶν,
1131 638 1307 709 ἡμῶν.
1330 638 1608 708 Πέμπτον,
1644 638 1727 690 ὄτι

156 733 252 784 καὶ
307 730 441 800 παρ’
497 729 718 791 ἐλπίδας
772 726 1010 781 Παύλου.
1075 727 1217 798 Ὅρα
1268 727 1368 781 ποῦ
1437 725 1728 780 ἀνεϐίϐασε

155 819 218 871 τὸ
243 820 497 888 πρᾶγμα·
521 817 633 870 Kal.
657 815 791 885 ἐμοῦ
812 815 1001 880 αὐτοῦ,
1039 819 1191 887 φησὶ,
1221 816 1731 887 μεγαλοψυχότερον

156 908 496 976 διετέθησαν.
554 906 629 959 Ού
651 907 760 977 γάρ
807 904 919 974 ἐγὼ
982 907 1168 970 αὐτὸς,
1235 908 1421 975 φησὶν,
1472 906 1729 977 ἤλπιζον,

155 1001 415 1052 τοσοῦτον
470 1000 669 1061 αὐτοὺς
733 998 1101 1069 ἐλεημοσύνην
1144 999 1641 1069 δαψιλεύσασθαι,ὁ
1675 999 1732 1052 δέ

156 1089 281 1142 οὐδὲ
337 1088 547 1151 τούτοις
593 1088 863 1160 ἠρκέσθη,
914 1089 1028 1142 ἀλλ’
1092 1091 1183 1142 ἐπὶ
1229 1092 1295 1160 τῇ
1342 1091 1734 1161 συμπληρώσει

157 1180 262 1249 τῆς
322 1182 592 1250 περιόδου,
619 1180 678 1234 τὸ
711 1182 896 1250 μεῖζον
968 1184 1186 1236 πάντων
1218 1183 1453 1237 τέθεικε.
1501 1184 1565 1235 Τί
1604 1182 1732 1251 γάρ,

157 1272 353 1340 φησὶν,
384 1267 472 1343 ἦν,
498 1272 528 1323 ὃ
557 1271 697 1325 κατὰ
741 1273 994 1342 δύναμιν,
1039 1274 1135 1327 καὶ
1196 1275 1337 1345 ὑπὲρ
1384 1274 1617 1344 δύναμιν
1644 1276 1736 1327 καὶ

158 1362 498 1434 αὐθαίρετοι,
550 1364 649 1418 καὶ
687 1364 1154 1435 παρακαλοῦντες,
1207 1366 1302 1419 καὶ
1329 1366 1603 1435 δεόμενοι,
1644 1367 1739 1419 καὶ

160 1455 300 1522 παρ’
362 1453 585 1516 ἐλπίδας
661 1455 909 1521 ἐποίουν;
974 1458 1038 1512 Ὤ
1102 1456 1331 1526 μέγεθος
1385 1457 1590 1527 ἀρετῆς
1641 1460 1738 1511 καὶ

160 1544 544 1615 ἐλεημοσύνης
590 1544 749 1613 ἀξίας
798 1547 908 1601 τῶν
966 1548 1062 1601 τοῦ
1125 1549 1340 1603 Παύλου
1394 1550 1733 1620 ἐγκωμίωνι

161 1635 229 1687 Τί
259 1632 377 1705 ἧνδ
410 1638 661 1703 ἐποίουν;
719 1657 738 1691 ι
766 1640 1015 1693 Ἔδωκαν
1047 1642 1293 1706 ἑαυτοὺς,
1334 1643 1488 1712 φησὶ,
1521 1642 1738 1713 πρῶτον

158 1730 240 1799 τῷ
271 1730 466 1800 Κυρίῳ
522 1732 614 1784 καὶ
661 1734 813 1802 ἡμῖν,
866 1733 954 1787 διὰ
1021 1734 1326 1805 θελήματος
1376 1735 1532 1791 Θεοῦ.
1564 1755 1581 1786 ι
1626 1737 1740 1789 Ούκ

161 1806 375 1872 ἔδωκαν
418 1820 582 1891 μέρος
617 1838 695 1884 τι,
731 1822 825 1874 καὶ
860 1822 1022 1893 μέρος
1044 1826 1178 1895 παρ’
1210 1825 1421 1887 ἑαυτοῖς
1451 1825 1738 1895 κατέσχον,

1832 633 1961 686 bant
1994 646 2129 686 :nec
2158 632 2483 701 quieverunt
2506 646 2535 685 a
2566 631 2843 702 precibus.
2876 629 3175 700 Rogantes,
3209 631 3415 701 inquit,

1833 739 1954 779 nos.
1982 722 2245 789 Quintum
2277 723 2423 795 quod
2456 725 2618 779 etiam
2652 740 2818 795 supra
2852 739 2915 780 ea
2949 738 3071 794 quae
3104 729 3421 794 speraverat

1833 816 2057 872 Paulus.
2101 816 2237 873 Vide
2280 833 2387 888 quo
2426 834 2540 873 rem
2595 818 2915 889 produxerit
2955 836 2968 873 :
3017 820 3080 873 Et
3129 818 3418 889 meipsum,

1833 910 2033 983 inquit,
2089 910 2264 979 magis
2306 910 2715 980 magnanimum
2777 909 3130 966 reddiderunt
3177 928 3193 975 ;
3246 924 3422 979 neque

1833 1001 1977 1055 enim
2017 1014 2117 1069 ego
2168 1001 2285 1064 ipse
2333 1000 2623 1070 sperabam
2677 1001 2824 1070 quod
2880 1010 2988 1054 tam
3050 1000 3421 1055 abundantem

1836 1090 2237 1163 eleemosynam
2276 1098 2538 1159 praestare
2573 1103 2815 1162 possent.
2849 1092 2917 1145 At
2948 1107 3015 1146 ne
3048 1091 3165 1147 haec
3206 1092 3423 1162 quidem

1835 1181 1914 1237 illi
1960 1182 2093 1235 satis
2146 1181 2389 1246 fuerunt,
2448 1182 2543 1236 sed
2596 1183 2663 1238 ad
2707 1183 3167 1254 complementum
3214 1181 3427 1254 periodi

1835 1270 1980 1341 quod
2009 1272 2263 1328 omnibus
2293 1272 2468 1342 majus
2500 1280 2584 1328 est
2608 1276 2809 1344 posuit.
2843 1274 2982 1339 Quid
3011 1274 3156 1329 enim
3188 1272 3311 1335 fuit.
3338 1274 3426 1328 in-

1838 1363 1979 1429 quit,
2010 1363 2155 1431 quod
2176 1362 2332 1433 juxta
2357 1364 2526 1426 vires,
2545 1371 2598 1418 et
2628 1379 2797 1435 supra
2829 1365 3066 1430 vires,et
3097 1365 3427 1432 ultronei,et

1836 1451 2175 1508 obtestantes
2223 1468 2287 1508 ac
2330 1462 2573 1517 orantes,
2606 1463 2658 1508 et
2705 1453 2831 1522 plus
2869 1470 3033 1522 quam
3076 1470 3428 1524 speraremus

1839 1547 2135 1602 fecerunt?
2166 1546 2211 1603 Ο
2241 1547 2672 1618 magnitudinem
2699 1546 2919 1600 virtutis
2943 1561 3007 1600 ac
3033 1544 3422 1617 eleemosyna’,

1838 1641 2015 1711 digna:
2049 1656 2179 1697 sane
2222 1639 2376 1696 Pauli
2421 1640 2687 1697 encomiis
2726 1638 2917 1705 lQuid
2960 1647 3045 1693 est
3095 1638 3228 1693 illud
3279 1640 3427 1707 quod

1841 1730 2089 1787 fecerunt
2120 1733 2143 1788 ’ἒ
2179 1752 2196 1785 ι
2229 1732 2478 1803 Seipsos,
2510 1732 2705 1804 inquit,
2740 1732 3030 1793 dederunt,
3062 1731 3295 1800 primum
3321 1727 3429 1784 Do-

1842 1823 2009 1889 mino,
2051 1821 2247 1879 deinde
2290 1832 2345 1878 et
2389 1824 2547 1880 nobis
2585 1839 2684 1894 per
2718 1824 3050 1879 voluntatem
3091 1822 3210 1877 Dei.
3247 1841 3264 1873 ι
3308 1819 3426 1876 Non

162 1901 281 1961 ἀλλ’
317 1911 545 1973 ἑαυτοὺς
596 1912 749 1975 ὅλους
788 1913 866 1981 τῷ
903 1916 1118 1984 Κυρίῳ,
1181 1916 1406 1981 ὡσανεὶ,
1472 1917 1593 1969 οὐδὲ
1638 1917 1737 1981 τὰς

1850 1924 2049 1985 partem
2098 1917 2335 1987 aliquam
2388 1918 2658 1973 dederunt
2699 1925 2753 1973 et
2803 1924 3013 1987 partem
3056 1916 3158 1973 sibi
3193 1914 3431 1970 retinue-

161 1998 260 2051 τοῦ
321 2000 422 2072 ζῇν
464 2003 719 2073 ἀφορμὰς
761 2006 975 2068 ἑαυτοῖς
1035 2006 1348 2070 κατέλιπον,
1405 2008 1540 2061 ἀλλὰ
1562 2009 1741 2062 πάντα
1798 2016 1801 2019 λ

162 2090 372 2158 δόντες,
428 2094 526 2166 τὴν
577 2096 785 2148 ἑαυτῶν
841 2096 1099 2168 πρόνοιαν
1142 2101 1322 2152 πᾶσαν
1349 2100 1444 2152 καὶ
1484 2100 1744 2170 φροντίδα

170 2184 432 2239 ἀνέθεντο
463 2186 541 2256 τῷ
573 2189 783 2259 Κυρίῳ.
844 2190 935 2242 Διὸ
1003 2191 1181 2245 καὶτὸ
1214 2192 1444 2262 μέγεθος
1489 2193 1682 2247 ἐννοῶν
1715 2195 1744 2243 ὁ

167 2275 384 2337 Παῦλος
406 2276 498 2329 τοῦ
527 2278 973 2349 κατορθώματος,
1006 2283 1222 2351 ἐπάγει,
1261 2302 1278 2335 ι
1304 2284 1400 2337 Διὰ
1441 2284 1770 2357 θελήματος.

164 2363 377 2418 Θεοῦ.»
436 2367 582 2420 Ἀντί
636 2369 751 2433 τοῦ,
804 2371 896 2441 Μὴ
954 2372 1262 2445 θαυμάσῃς,
1300 2376 1582 2448 άνθρωπευ
1608 2378 1742 2433 Θεὸν

166 2452 318 2525 εἶχον
347 2460 629 2529 συνεργὸν,
682 2462 870 2515 τοῦτον
903 2464 993 2518 διὰ
1025 2467 1127 2534 τῆς
1180 2468 1560 2539 προαιρέσεως
1586 2470 1743 2539 ἐφελο

168 2549 489 2618 κυσάμενοι.
537 2551 706 2606 Ἔνθα
726 2552 781 2606 δὲ
808 2554 939 2617 Θεὸς
968 2561 1221 2628 συνεργεῖ
1271 2559 1424 2613 οὐδὲν
1457 2561 1740 2619 ἀδύνατον.

169 2639 317 2709 Ὅρα
344 2641 400 2694 δὲ
430 2642 547 2707 πῶς
605 2645 766 2715 χάριν
803 2648 937 2701 αὐτὸ
972 2652 1065 2702 καὶ
1107 2652 1397 2705 κοινωνίαν
1446 2655 1629 2707 καλῶν
1652 2658 1745 2710 ἐπὶ

168 2730 318 2784 τέλει
362 2734 604 2802 ἀνεῖπεν,
663 2738 746 2791 ὅτι
774 2739 910 2804 ὅλως
940 2742 1165 2805 ἑαυτοὺς
1194 2744 1423 2801 ἔδωκαν.
1458 2765 1475 2797 ι
1504 2747 1613 2801 Kal
1645 2748 1744 2819 τὴν

170 2824 462 2878 κοινωνίαν
525 2828 627 2898 τῆς
680 2829 1018 2894 διακονίας.»
1089 2836 1244 2889 Ἐπεὶ
1302 2836 1544 2909 ζηλωταὶ
1604 2836 1745 2911 ἦσαν

171 2914 497 2982 ἀνθρώπων,
528 2918 693 2989 χάριν
715 2926 808 2976 καὶ
833 2925 1081 2997 χάρισμα
1105 2928 1163 2981 τὸ
1188 2931 1426 3001 πρᾶγμα
1449 2932 1628 2995 καλεῖ,
1657 2934 1745 2987 ῖνα

172 3006 538 3076 ἐπιδράμωσι.
569 3013 868 3067 Κοινωνίαν
890 3017 946 3070 δὲ
996 3019 1152 3072 καλεῖ
1197 3023 1296 3090 τὴν
1351 3022 1742 3094 ἐλεημοσύνην,

136 3144 149 3151 ,
171 3096 388 3160 δεικνὺς
414 3100 494 3153 ὅτι
512 3103 561 3154 oi
589 3104 687 3173 μὲν
716 3106 977 3177 χρήματα
998 3108 1254 3169 διδόασιν.
1286 3114 1338 3165 οἱ
1359 3114 1416 3167 δὲ
1436 3114 1742 3184 λαμϐάνον-

172 3204 285 3252 τες,
312 3192 415 3261 τὴν
443 3196 597 3266 παρὰ
632 3197 765 3250 Θεοῦ
792 3198 1046 3269 βοήθειαν
1062 3203 1247 3267 αὐτοῖς
1272 3208 1743 3279 συνεισφέρουσιν.

252 3299 272 3331 ι
314 3258 425 3335 Kal
456 3258 728 3351 οιῖίκαθὼς
756 3258 1084 3362 ἠλπίσαμεν.
1116 3313 1133 3346 ›
1163 3258 1333 3350 Τοῦτο
1365 3258 1623 3369 καίτξξᾷιξ
1771 3258 1815 3320 C

175 3371 382 3443 θλίψεις
424 3376 518 3429 καὶ
550 3376 647 3448 τὴν
681 3381 956 3452 ποσότητα
988 3386 1225 3454 νοητέον.
1269 3388 1344 3441 Οὐ
1378 3391 1487 3460 γὰρ
1517 3390 1750 3460 ἠλπίσαο

178 3479 300 3531 μεν,
331 3469 517 3534 φησὶν,
556 3468 638 3523 ὄτι
669 3471 725 3525 ἐν
759 3472 936 3544 θλίψει
966 3476 1118 3540 ὄντες
1151 3481 1408 3553 τοσαύτῃ.
1446 3483 1478 3554 ἢ
1513 3482 1744 3549 ἔδωκαν,

174 3554 208 3623 ἢ
238 3557 482 3611 τοσαῦτα
522 3560 749 3618 ἔδωκαν.
788 3584 808 3617 ι
853 3568 994 3620 Ἀλλ’
1040 3570 1262 3635 ἑαυτοὺς
1302 3573 1535 3628 ἔδωκαν.
1578 3596 1596 3628 t
1634 3578 1750 3631 Οὐκ

174 3648 233 3700 ἐν
267 3649 426 3717 μέρει
466 3653 583 3721 μὲν,
627 3657 781 3726 φησὶ,
805 3657 883 3728 τῷ
910 3660 1123 3731 Κυρίῳ,
1166 3665 1223 3717 ὲν
1255 3668 1410 3734 μέρει
1442 3668 1501 3720 δὲ
1523 3671 1636 3732 τοῖς
1660 3687 1751 3722 κο⁹

177 3743 398 3807 σμικοίς
428 3744 767 3813 πράγμασιν,
803 3748 919 3801 ἀλλ’
958 3751 1068 3804 ὅλοι
1098 3752 1167 3806 δι’
1199 3754 1334 3807 ὅλων
1369 3757 1575 3811 ἔδωκαν
1617 3762 1747 3814 ἐαυο

171 3834 303 3895 τοὺς
334 3832 414 3903 τῷ
439 3836 650 3907 Κυρίῳ.
687 3839 796 3892 Kal.
826 3841 960 3911 ἡμῖν
983 3842 1038 3895 δὲ
1062 3844 1163 3898 οὐκ
1191 3846 1334 3917 είκῆ,
1370 3849 1506 3902 ἀλλὰ
1538 3850 1628 3904 διὰ
1658 3852 1750 3905 θε-

171 3925 423 3997 λήματος
453 3929 609 3995 Θεοῦ,
644 3934 911 3998 τουτέστι,
939 3936 1026 3991 διὰ
1069 3939 1129 3991 τὸ
1160 3940 1368 4011 θέλημα
1395 3944 1490 3995 καὶ
1530 3943 1589 3996 τὸ
1625 3946 1752 4015 ἀρε-

174 4018 306 4071 στὸν
337 4019 477 4088 Θεῷ,
508 4023 666 4075 τοῦτο
714 4026 1013 4091 ποιοῦντες.
1056 4049 1074 4081 ι
1129 4030 1223 4094 Et;
1262 4032 1322 4085 τὸ
1374 4034 1751 4103 παρακαλέσαι

171 4110 328 4179 ἡμᾶς
357 4110 537 4168 Τίτον.
572 4132 591 4164 ι
629 4115 738 4168 Καὶ
768 4117 1040 4185 τοσοῦτον,
1073 4122 1259 4190 φησὶν,
1290 4121 1497 4176 ἔδωκαν
1528 4124 1752 4188 ἑαυτοὺς

172 4199 320 4270 πρὸς
364 4200 543 4267 τοῦτο,
591 4202 731 4258 ὥστε
770 4205 944 4261 ἐλθεῖν
1001 4226 1068 4278 με
1117 4213 1194 4273 εἰς
1242 4211 1303 4265 τὺ
1341 4214 1556 4283 πέμψαι
1593 4216 1753 4270 Τίτον

173 4288 311 4359 περὶ
363 4289 554 4344 τούτου
595 4294 729 4362 πρὸς
779 4295 944 4366 ὑμᾶς,
999 4300 1085 4353 ῖνα
1147 4300 1223 4371 μὴ
1269 4301 1489 4359 ἔλαττον
1540 4307 1755 4375 σχοίητει

171 4376 532 4434 Μακεδόνων.
592 4400 611 4433 ι
657 4382 776 4436 Ἰνα
814 4384 997 4448 καθὼς
1050 4387 1441 4458 προενήρξατο.
1491 4407 1511 4441 ι
1550 4391 1756 4444 Οίκειοῖ

176 4467 367 4529 αὐτοῖς
407 4468 499 4521 τὸν
549 4470 727 4526 Τίτον.
772 4474 1024 4527 Δείκνυσι
1054 4476 1163 4547 γάρ
1201 4477 1385 4543 αὑτὸν,
1420 4478 1754 4549 προθέμενον

1842 2017 1988 2074 runt,
2018 2023 2083 2063 ac
2115 2010 2159 2064 si
2184 2008 2427 2065 diceret:
2455 2008 2535 2064 Ne
2562 2010 2781 2065 vivendi
2812 2009 3030 2079 quidem
3064 2006 3309 2063 subsidia
3328 2006 3431 2061 sibi

1840 2100 2205 2163 retinuerunt,
2238 2100 2331 2155 sed
2361 2099 2506 2155 datis
2531 2100 2810 2163 omnibus,
2830 2113 2985 2152 suam
3018 2098 3261 2169 ipsorum
3301 2112 3430 2164 pro-

1840 2190 2137 2246 videntiam
2172 2206 2391 2245 omnem
2423 2199 2478 2245 et
2522 2205 2710 2245 curam
2741 2191 2796 2244 in
2830 2190 3119 2244 Dominum
3160 2201 3429 2257 reposue-

1842 2289 1991 2337 runt.
2034 2282 2162 2336 Ideo
2191 2297 2414 2352 quoque
2444 2281 2657 2350 Paulus
2702 2280 3133 2352 magnitudinem
3182 2278 3431 2350 praeclari

1842 2371 2105 2427 facinoris
2147 2373 2474 2444 intelligens,
2516 2372 2821 2443 subjungit.
2868 2390 2888 2424 ι
2935 2370 3039 2425 Per
3093 2369 3429 2425 voluntatem

1843 2463 1957 2527 Dei,
2002 2482 2021 2516 ι
2072 2475 2329 2534 tanquam
2371 2464 2598 2519 dixisset
2642 2484 2654 2518 :
2697 2462 2777 2517 Ne
2820 2461 3129 2523 admireris,
3166 2474 3199 2514 o
3247 2461 3431 2514 homo.

1844 2553 2015 2607 Deum
2052 2552 2328 2608 habebant
2350 2554 2755 2618 auxiliatorem,
2783 2569 2946 2623 quem
2973 2552 3221 2607 ultronea
3248 2564 3433 2619 prom-

1844 2652 2043 2714 ptaque
2076 2644 2353 2699 voluntate
2376 2652 2733 2699 attraxerant.
2756 2642 2857 2699 Ubi
2880 2659 3011 2699 vero
3032 2641 3173 2698 Deus
3204 2642 3406 2696 auxilia
3422 2666 3438 2681 ο

1847 2744 1953 2800 tur,
1989 2736 2121 2791 nihil
2145 2736 2482 2805 impossibile
2511 2735 2935 2791 est.Considera
2961 2743 3141 2789 autem
3161 2732 3435 2803 quomodo

1847 2843 1967 2881 cum
1991 2827 2142 2896 prius
2172 2827 2304 2881 illud
2333 2837 2583 2884 vocasset
2606 2828 2835 2897 gratiam
2856 2840 2919 2880 ac
2940 2825 3441 2896 participationem,

1848 2917 1901 2971 in
1942 2917 2048 2971 ﬁne
2093 2917 2367 2972 addiderit
2411 2916 2560 2987 quod
2610 2917 2836 2972 omnino
2888 2916 3103 2985 seipsos
3143 2914 3429 2970 dederunt.

1854 3026 1872 3060 ι
1915 3007 1979 3060 Et
2005 3007 2475 3078 participationem
2509 3006 2821 3061 ministerii.
2860 3024 2880 3057 ι
2914 3004 3180 3071 Quoniam
3211 3003 3435 3057 annula—

1849 3106 1997 3152 tores
2034 3107 2190 3153 erant
2228 3099 2532 3164 hominum,
2564 3113 2674 3153 rem
2714 3098 2888 3166 ipsam
2936 3095 3078 3151 dicit
3107 3095 3335 3166 gratiam
3370 3109 3434 3146 ac

1851 3192 2054 3246 donum
2101 3200 2158 3244 ut
2202 3200 2514 3246 aceurrant.
2570 3189 2983 3261 Eleemosynam
3036 3196 3219 3244 autem
3278 3196 3435 3242 vocat

1851 3284 2323 3355 patticipationem
2349 3322 2364 3347 ,
2405 3282 2704 3338 ostendens
2732 3281 2875 3351 quod
2905 3281 2980 3335 illi
3012 3281 3231 3350 quidem
3271 3295 3437 3350 pecu-

1851 3377 1971 3430 nias
2003 3376 2253 3429 lribuunt
2286 3392 2301 3440 ;
2340 3375 2433 3445 qui
2472 3390 2602 3429 vero
2627 3374 2930 3444 accipiunt,
2967 3373 3134 3444 659
3165 3372 3432 3428 auxilium

1851 3482 1880 3520 a
1910 3468 2016 3521 Deo
2048 3466 2179 3537 ipsis
2207 3466 2512 3522 conferunt.
2547 3485 2566 3519 ι
2609 3466 2671 3519 Et
2715 3482 2823 3521 non
2862 3474 3133 3537 quatenus
3178 3464 3436 3536 sperabao

1852 3573 1995 3613 mus.
2041 3576 2059 3608 ι
2101 3558 2216 3611 Hoc
2251 3565 2305 3611 et
2333 3556 2400 3610 ad
2434 3555 2758 3613 amictiones
2792 3565 2845 3611 et
2873 3557 2941 3612 ad
2967 3557 3325 3626 quantitatem
3352 3556 3438 3608 in-

1852 3650 2199 3720 telligendnm
2231 3658 2335 3704 est.
2363 3649 2485 3703 Non
2510 3650 2654 3703 enim
2684 3650 3063 3719 sperabamus,
3098 3664 3221 3704 cum
3251 3657 3438 3703 essent

1853 3742 1905 3794 in
1958 3740 2263 3805 alilictione,
2315 3740 2460 3809 quod
2511 3748 2605 3795 aut
2648 3739 2844 3795 darent
2893 3749 2986 3794 aut
3016 3747 3170 3795 tanta
3217 3740 3432 3794 darent.

1858 3852 1875 3884 ι
1916 3832 2020 3887 Sed
2052 3833 2264 3902 seipsos
2293 3832 2582 3889 dederunt.
2632 3854 2649 3885 ι
2692 3834 2808 3889 Νοη
2840 3835 3064 3904 partim,
3095 3834 3295 3901 inquit,
3335 3833 3437 3885 Do-

1854 3923 2023 3982 mino,
2070 3922 2267 3990 partim
2308 3936 2439 3975 vero
2479 3923 2772 3979 mundanis
2822 3924 3010 3988 rebus,
3060 3924 3156 3979 scd
3208 3921 3308 3977 toti
3342 3936 3439 3992 per

1852 4014 2035 4066 omnia
2063 4013 2331 4067 dederunt
2360 4013 2572 4083 seipsos
2604 4013 2859 4079 Domino,
2904 4016 3066 4069 nobis
3107 4024 3286 4068 autem
3326 4027 3436 4068 non

1853 4111 2080 4168 temere,
2115 4104 2210 4160 sed
2246 4121 2342 4176 per
2370 4107 2707 4161 voluntatem
2743 4105 2876 4161 Dei:
2904 4107 3008 4162 hoc
3040 4116 3147 4171 est,
3176 4104 3439 4160 iacientes

1856 4194 1976 4250 ideo
2006 4194 2149 4264 quod
2182 4196 2586 4265 beneplacitum
2622 4212 2684 4251 ac
2714 4185 2969 4253 voluntas
2995 4197 3087 4253 Dei
3115 4204 3282 4251 esset.
3314 4214 3334 4248 ‹
3362 4194 3440 4251 lta

1855 4293 1914 4339 ut
1937 4286 2350 4341 adhortaremur
2379 4284 2585 4343 Titum.
2626 4305 2647 4340 ι
2701 4286 2767 4341 Et
2801 4289 2955 4353 adeo,
2997 4287 3194 4359 inquit,
3227 4288 3442 4357 seipsos

1856 4378 1919 4427 ad
1957 4378 2058 4431 hoc
2090 4377 2458 4442 tradiderunt,
2486 4386 2546 4432 ut
2577 4379 2633 4433 in
2659 4378 2763 4433 hoc
2800 4380 3042 4433 venirem
3066 4418 3081 4442 ,
3119 4393 3228 4449 quo
3257 4376 3439 4449 Titum

1857 4468 1925 4521 de
1974 4469 2072 4521 hac
2110 4484 2169 4524 re
2216 4468 2284 4522 ad
2322 4485 2418 4524 vos
2454 4470 2750 4534 mitterem,
2799 4484 2868 4524 ne
2916 4448 3208 4526 inferiores
3245 4448 3443 4524 essetis

178 4557 280 4611 καὶ
328 4558 423 4626 ἀφ’
457 4560 651 4613 ἑαυτοῦ
700 4563 953 4617 ἀπελθεῖν
989 4566 1123 4633 πρὸς
1170 4568 1506 4637 Κορινθίους,
1542 4569 1628 4622 ῖνα
1679 4568 1747 4640 μὴ

1860 4559 2266 4615 Macedonibus.
2304 4577 2322 4611 ι
2353 4560 2425 4616 Ut
2459 4561 2603 4616 sicut
2637 4569 2794 4616 antea
2822 4568 3086 4632 cazperat.
3120 4579 3142 4613 ι
3174 4558 3444 4615 Conciliat

180 4650 532 4705 ἐλαπωθῶσι
563 4654 889 4710 Μακεδόνων
916 4673 932 4690 ο
958 4659 1116 4711 τοῦτο
1138 4659 1196 4712 δὲ
1226 4661 1444 4731 ἀγάπης
1473 4657 1540 4732 ἦν
1567 4663 1750 4716 Τίτου.

181 4739 329 4804 Ἵνα,
368 4744 524 4809 φησὶ,
561 4742 742 4807 καθὼς
782 4746 1154 4817 προενήρξατο
1186 4749 1450 4816 τουτέστι,
1495 4751 1756 4822 προέθετο

177 4829 243 4883 τὸ
266 4830 379 4883 δεῖν
411 4832 586 4885 ἐλθεῖν
635 4835 771 4905 πρὸς
805 4836 971 4905 ὑμᾶς,
1016 4857 1034 4890 ι
1073 4839 1181 4893 Kal.
1210 4841 1513 4914 ἐπιτελέσῃ,
1543 4862 1561 4894 ο
1601 4861 1755 4897 τουτ-

181 4923 305 4975 έστι
339 4924 604 4997 πληρώσῃ
639 4928 700 4979 τὸ
748 4929 1075 5000 ἐγχείρημα.
1116 4932 1285 4985 Τοῦτο
1323 4934 1378 4986 δέ
1417 4938 1530 4988 ἐστι
1564 4936 1625 4989 τὸ
1655 4954 1757 4990 πα-

183 5018 525 5083 ρασκευάσαι
563 5017 724 5071 αὐτὸν
763 5020 840 5082 είς
869 5018 1032 5088 ἔργον
1070 5021 1215 5091 ὑμᾶς
1246 5023 1472 5090 ἀγαγεῖν
1508 5024 1569 5078 τὸ
1614 5028 1754 5080 κατὰ

177 5105 281 5176 τὴν
333 5107 723 5179 ἐλεημοσύνην.
773 5130 793 5164 ι
827 5111 1012 5176 Οὕτως
1059 5115 1344 5186 ἐπιτελέσῃ
1398 5119 1478 5179 είς
1527 5118 1690 5187 ὑμᾶς.
1731 5138 1750 5172 ι

192 5194 286 5258 Ὠς
320 5198 417 5249 καὶ
463 5198 533 5250 τὰ
579 5200 741 5253 λοιπὰ
796 5202 943 5271 ὑμῖν,
979 5205 1133 5272 φησὶ,
1158 5205 1458 5276 διήνυσται,
1503 5210 1648 5280 ἅπερ
1676 5212 1755 5264 ’ἐν

174 5288 290 5349 τοῖς
322 5288 436 5340 ἄνω
470 5295 759 5360 μαρτυρεῖ.
790 5293 931 5362 Ὅρα
967 5294 1024 5347 δὲ
1056 5295 1173 5357 πῶς
1196 5298 1471 5369 πανταχοῦ
1507 5300 1755 5370 χάρισμα

177 5373 339 5427 καλεῖ
370 5376 468 5446 τὴν
520 5377 909 5451 ἐλεημοσύνην.
965 5384 1072 5436 Καὶ
1105 5384 1204 5455 τὴν
1234 5386 1391 5459 χάριν
1435 5388 1563 5457 γὰρ,
1598 5391 1750 5461 φησὶ,

176 5483 410 5537 ταυτην.

268 5735 427 5789 Ἀλλ’
460 5735 665 5806 ὥσπερ
692 5738 762 5792 ἐν
794 5740 971 5795 παντί
1012 5745 1400 5811 περισσεύετε
1434 5747 1633 5802 πίστει
1663 5748 1759 5800 καί

178 5827 347 5894 λόγῳ
378 5827 478 5881 καί
515 5827 730 5898 γνώσει
778 5830 876 5884 καί
921 5831 1088 5902 πάσῃ
1132 5835 1394 5905 σπουδῇ,
1446 5838 1544 5892 καί
1590 5836 1662 5907 τῇ
1693 5838 1762 5901 ἐξ

1862 4651 1997 4721 ipsis
2024 4650 2232 4705 Titum.
2260 4651 2512 4707 Ostendit
2551 4654 2695 4707 enim
2726 4652 2872 4721 quod
2903 4652 3251 4723 preposuerit
3277 4649 3444 4707 etiam

1858 4757 1886 4794 a
1918 4743 2100 4810 seipse
2136 4742 2405 4811 proﬁcisci
2438 4742 2505 4798 ad
2543 4743 2880 4810 Corinthios,
2939 4759 3007 4798 ne
3045 4742 3333 4798 inferiores
3355 4756 3446 4797 es-
3542 4752 3548 4757 '

1861 4840 1984 4886 sent
2017 4830 2404 4887 Macedonibus
2436 4847 2451 4886 :
2491 4834 2594 4889 hoc
2622 4842 2742 4888 erat
2780 4834 2987 4889 amoris
3018 4832 3149 4888 Titi.
3192 4831 3265 4889 Ut
3301 4832 3445 4887 sicut

1861 4933 2018 4975 antea
2045 4930 2310 4991 (mperat,
2344 4924 2522 4994 inquit
2549 4925 2685 4979 :hoc
2713 4932 2820 4990 est,
2850 4933 3209 4996 proposuerat
3230 4934 3285 4981 et
3307 4939 3443 4980 con-

1861 5026 2079 5085 ceperat
2103 5017 2249 5087 quod
2281 5025 2558 5085 oporteret
2586 5019 2770 5073 venire
2811 5018 2880 5071 ad
2909 5033 3008 5072 vos
3032 5035 3048 5080 ;
3075 5037 3095 5070 ι
3124 5018 3204 5074 ita
3228 5028 3286 5074 et
3306 5032 3445 5073 con-

1860 5114 2212 5158 summaret.»
2260 5104 2371 5159 lloe
2405 5112 2512 5169 est,
2552 5120 2665 5160 rem
2686 5114 2945 5162 tentatam
2968 5109 3264 5179 compleret
3293 5127 3306 5163 :
3340 5109 3444 5164 hoc

1859 5207 2038 5249 autem
2070 5203 2154 5248 est
2187 5196 2361 5264 ipsum
2403 5197 2507 5249 hoc
2537 5194 2749 5251 elﬁcere
2781 5204 2839 5250 ut
2867 5211 2961 5253 vos
3010 5198 3078 5254 ad
3112 5213 3259 5267 Opus
3276 5197 3445 5253 dedo-.-

1858 5298 1945 5344 cat
1975 5287 2116 5356 quod
2145 5286 2211 5338 ad
2244 5286 2645 5357 elecmosynam
2680 5288 2933 5357 pertinet.
2972 5267 3093 5344 illa
3113 5298 3166 5344 et
3188 5304 3445 5344 consum-

1861 5385 2034 5433 maret
2064 5393 2190 5445 erga
2224 5391 2341 5432 vos.
2387 5396 2406 5428 ι
2449 5375 2608 5432 Sicut
2644 5386 2863 5444 caetera,
2908 5380 3110 5449 inquit,
3138 5379 3447 5435 'vobiscum

1871 5480 2213 5541 transegerat
2268 5485 2388 5539 quat
2446 5472 2501 5525 in
2567 5475 2943 5542 superioribus
3001 5482 3253 5527 testatur.
3308 5469 3444 5525 Vide

1864 5572 2042 5616 autem
2067 5563 2340 5632 quomodo
2376 5563 2775 5633 eleemosynam
2803 5566 3008 5635 ubique
3039 5562 3240 5616 donum
3264 5569 3440 5615 vocet.

1863 5652 2037 5706 Etiam
2069 5653 2229 5717 hanc,
2262 5653 2457 5722 inquit,
2485 5657 2740 5724 gratiam.

1936 5738 2070 5807 \‘lll,
2097 5742 2150 5805 7,
2184 5742 2236 5798 8.
2274 5740 2393 5798 Ima
2438 5742 2877 5814 quemadmodum
2924 5739 3107 5806 ubique
3156 5731 3443 5793 abundatia

1866 5834 1969 5909 [ide
1998 5846 2043 5889 et
2087 5850 2326 5889 sermone
2369 5845 2425 5888 et
2460 5834 2680 5889 scientia
2721 5842 2768 5884 et
2793 5830 2934 5886 omni
2966 5828 3261 5896 diligentia,
3297 5838 3346 5883 et
3383 5845 3449 5886 ea
