3906 6556
195 411 335 480 1011

1107 412 1493 477 COMMENT.
1525 415 1607 477 IN
1635 414 1876 476 EPIST.
1918 416 1979 475 II
2021 416 2120 476 AD
2144 415 2506 478 CORINTH.

3320 414 3458 482 1018

192 529 255 576 εν
282 522 361 592 τῷ
414 520 731 592 Εύαγγελίῳ
782 520 952 577 ἐστίν.
980 538 998 572 ι
1026 519 1102 576 Οὐ
1158 522 1318 592 μόνον
1348 523 1406 577 δὲ
1452 522 1773 594 θαυμασίως

1890 523 2022 593 ιιιοά
2055 525 2393 579 intellectum
2430 532 2647 591 0p0l‘lel
2677 531 2730 578 et
2764 525 2852 578 hic
2895 535 2948 579 et
3001 525 3056 578 in
3092 529 3460 595 sequentibus

194 617 294 670 καὶ
346 615 569 669 ἐπαίνου
627 614 794 681 ἀξίως
867 614 1287 683 εὐαγγελίζεται
1356 616 1451 670 καὶ
1487 616 1776 687 κηρύσσει,

202 728 220 760 ι
258 707 423 762 Ἀλλὰ
472 707 569 761 καὶ
605 706 1007 778 χειροτονηθείς
1060 709 1234 773 ἐστιν,
1262 726 1280 760 ι
1333 708 1459 762 ἀντὶ
1491 707 1610 771 τοῦ,
1642 708 1782 762 ἀλλὰ

197 799 297 854 καὶ
331 800 850 869 κεχειροτονημένος
913 797 1081 851 ἐστιν.
1131 798 1269 851 Ὑπὸ
1299 798 1500 864 τινωνς
1538 798 1644 852 ὑπὸ
1671 798 1781 852 τῶν

210 892 577 963 Ἐκκλησιῶν.
612 894 705 952 Εἰς
750 892 836 956 si;
864 894 946 956 εἰς
982 892 1042 945 τδ
1065 888 1204 946 εἶναι
1239 892 1576 963 συνέκδημος
1624 893 1782 964 ἡμῶν

200 987 261 1039 ἰν
289 985 370 1055 τῷ
415 984 754 1057 κηρύγματι.
812 980 942 1038 Εἶτα
964 985 1026 1037 ού
1058 985 1219 1054 μόνον
1256 986 1314 1037 ὲν
1338 984 1416 1055 τῷ
1462 974 1782 1055 κηρύγματι

198 1077 722 1149 κεχειροτονημένος
778 1076 898 1129 ἐστὶ
974 1078 1077 1145 (δεῖ
1132 1076 1242 1146 γὰρ
1299 1076 1407 1129 ἀπὸ
1447 1075 1629 1129 κοινοῦ
1689 1074 1783 1128 καὶ

195 1170 280 1233 τὸ,
312 1190 331 1222 ι
362 1171 438 1224 Οὐ
498 1172 679 1239 μόνον,
708 1188 726 1221 ι
758 1169 1059 1240 ἐκλαϐεῖν),
1121 1171 1257 1225 ἀλλὰ
1288 1172 1381 1224 καὶ⁵
1411 1173 1468 1222 ὲν
1490 1172 1557 1239 τῇ
1596 1168 1782 1239 χάριτι

196 1263 395 1332 ταύτῃ,
461 1263 554 1315 καὶ
584 1262 733 1331 ἑξῆς.
783 1262 1085 1325 τουτέστιν,
1130 1263 1212 1315 ὅτι
1266 1259 1783 1331 κεχειροτονημένος

197 1356 349 1406 ἐστὶν
394 1352 585 1422 ὥσπερ
632 1352 710 1413 εἰς
763 1351 823 1404 τδ
867 1352 1205 1421 συνέκδημος
1270 1350 1426 1421 ἡμῶν
1488 1346 1629 1401 εἶναι
1687 1349 1782 1401 καὶ

196 1443 501 1511 κηρύσσειν
545 1440 604 1491 τὸ
656 1440 1011 1507 Εύαγγέλιον,
1058 1440 1201 1493 οὕτω
1262 1441 1357 1492 καὶ
1401 1439 1462 1491 τὸ
1516 1439 1783 1491 διακονεῖν

200 1537 268 1605 τῇ
294 1532 660 1604 ἐλεημοσύνη.
721 1532 819 1585 Διά
874 1532 1033 1585 τοῦτο
1066 1533 1172 1602 ἄρα
1200 1532 1295 1585 καὶ
1318 1532 1654 1584 ἀπέσταλται
1687 1529 1784 1583 νῦν

198 1627 299 1679 ἐπὶ
327 1628 392 1696 τῇ
417 1624 644 1697 τοιαύτῃ
694 1623 970 1677 ὑποθέσει.
1019 1618 1146 1677 Οἷον
1190 1623 1421 1687 ἄνωθεν,
1470 1625 1661 1693 φησιν,
1698 1622 1778 1683 είς

196 1714 362 1770 τοῦτο
419 1714 859 1784 κεχειροτόνηται
915 1713 1019 1766 ὑπὸ
1068 1713 1176 1766 τῶν
1234 1712 1564 1782 ἐκκλησιῶν,
1600 1712 1693 1764 καὶ
1721 1710 1782 1764 ού

197 1805 298 1863 νῦν
329 1806 420 1874 ὑφ’
448 1805 608 1876 ἡμῶν
634 1803 1135 1874 αύτοσχεδιάζεται,
1177 1804 1313 1857 ἀλλὰ
1354 1802 1779 1874 χειροτονηθεὶς,

199 1873 544 1964 συνέκδημος
606 1893 767 1964 ἡμῶν
824 1873 1309 1964 συνεχειροτονήθη
1357 1873 1453 1945 καὶ
1505 1893 1562 1944 ὲν
1609 1890 1781 1959 ταύτῃ
1816 1873 1857 1926 Β

197 1990 263 2056 τῇ
328 1986 721 2057 διακονουμένῃ
782 1984 973 2056 ’χάριτι
1022 1985 1360 2056 λειτουργεῖν
1422 1985 1518 2036 καὶ
1572 1984 1783 2052 ὑπηρε-

195 2079 336 2133 τεῖν.

271 2351 359 2404 οὐ
390 2352 579 2418 μόνον
603 2348 692 2416 δὲ,
719 2348 881 2404 ἀλλὰ
912 2349 1010 2403 καὶ
1045 2348 1484 2420 χειροτονηθεὶς
1516 2349 1634 2403 ὑπὸ
1664 2348 1787 2403 τῶν

209 2440 593 2509 Ἕκκλησιῶν
655 2441 1044 2510 συνέκδημος
1092 2439 1284 2510 ἡμῶν,
1318 2440 1440 2495 σὺν
1469 2438 1544 2509 τῇ
1592 2439 1784 2508 χάριτι

197 2536 391 2603 ταύτῃ
437 2533 511 2602 τῇ
560 2533 1002 2603 διακονουμένῃ
1067 2533 1168 2602 ὑφ’
1223 2533 1411 2602 ἡμῶν,
1468 2532 1620 2601 πρὸς
1668 2533 1785 2601 τὴν

198 2625 390 2680 αὑτοῦ
429 2625 535 2680 τοῦ
583 2625 802 2693 Κυρίου
836 2624 1027 2688 δόξαν
1071 2624 1171 2678 καὶ
1225 2625 1563 2693 προθυμίαν
1590 2623 1782 2693 ἡμῶν,

198 2711 842 2785 στελλόμενοίτοῦτο,
879 2714 964 2784 μή
998 2734 1089 2782 τις
1125 2714 1275 2785 ἡμᾶς
1298 2715 1655 2785 μωμήσηται
1714 2715 1786 2768 ἐν

200 2808 275 2877 τῇ
299 2808 580 2876 ἁδρότητι
635 2808 820 2875 ταύτῃ
855 2805 928 2876 τῇ
962 2806 1410 2877 διακονουμένῃ
1458 2808 1560 2876 ὑφ’
1590 2807 1780 2875 ἡμῶν,

200 2898 635 2966 προνοούμενοι
684 2897 865 2961 καλὰ,
894 2899 967 2951 οὐ
985 2898 1180 2966 μόνον
1221 2897 1483 2957 ἐνώπιον
1532 2898 1780 2966 Κυρίου,

199 2988 363 3045 «tua
385 2988 484 3042 atat
522 2987 782 3043 ἐνώπιον
813 2988 1162 3057 ἀνθρώπων.

271 3084 349 3137 Οὐ
386 3082 548 3152 μόνον
576 3082 655 3148 δὲ,
697 3084 884 3155 φησὶν,
938 3083 1433 3155 εὐαγγελιζόμενος
1480 3083 1781 3153 εὐδοκιμεῖ,

200 3171 336 3231 ἀλλὰ
384 3172 480 3227 καὶ
536 3173 617 3227 διὸ
671 3174 1051 3247 ἐχειροτονήθη
1099 3175 1204 3229 ὑπὸ
1249 3175 1360 3229 τῶν
1419 3174 1776 3244 Ἑκκλησιῶν.

210 3286 229 3318 ι
257 3266 601 3337 Συνέκδημος
627 3266 806 3338 ἡμῶν.
848 3287 866 3320 ›
906 3262 1038 3321 Εἶτα
1067 3269 1162 3321 καὶ
1192 3269 1256 3321 ὲκ
1283 3268 1379 3337 τῆς
1403 3269 1511 3321 τῶν
1554 3268 1785 3337 Ἐκκλη-

203 3358 334 3412 σιῶν
351 3359 683 3429 χειροτονίας
703 3360 796 3412 καὶ
814 3359 1047 3431 κρίσεως
1073 3360 1334 3430 σεμνύνει
1357 3360 1446 3412 τὸν
1472 3359 1782 3429 Βαρνάϐαν.

202 3452 274 3505 ού
311 3452 423 3521 γὰρ
482 3452 641 3520 μόνον
686 3450 1177 3521 εὐαγγελιζόμενος
1233 3434 1532 3519 εὐδοκιμεῖ,
1595 3448 1783 3516 φησὶν,

201 3545 338 3598 ἀλλὰ
374 3544 468 3597 καὶ
505 3544 949 3614 κεχειροτόνηται
983 3544 1088 3596 ὑπὸ
1107 3542 1217 3596 τῶν
1259 3541 1620 3611 Ἐκκλησιῶν,
1644 3536 1785 3594 εἶναι

202 3630 363 3707 ἡμῶν
392 3635 728 3706 συνέκδημος
752 3636 810 3688 ιν
835 3634 914 3704 τῷ
941 3634 1281 3704 κηρύγματι.
1331 3632 1391 3685 'U
1429 3632 1487 3685 δὲ
1515 3634 1572 3683 ὲν
1602 3630 1780 3702 τούτῳ

203 3728 482 3791 κοινωνὸς,
533 3728 780 3781 κοινωνεῖ
828 3726 1071 3797 δηλονότι
1138 3726 1232 3779 καὶ
1290 3724 1403 3778 τῶν
1447 3722 1783 3795 πειρασμῶν

200 3821 299 3875 καὶ
357 3820 466 3873 τῶν
507 3818 770 3872 κινδύνων
790 3817 868 3887 τῷ
898 3817 1118 3888 Παύλῳ.
1151 3818 1262 3871 Καὶ
1289 3817 1351 3869 οὐ
1382 3817 1565 3886 μόνον,
1624 3815 1780 3886 φησὶ,

203 3913 540 3983 συνέκδημος
601 3910 759 3982 ἡμῶν
804 3911 1272 3980 κεχειροτόνηται,
1330 3908 1470 3961 ἀλλὰ
1510 3907 1688 3960 καὶέν
1716 3907 1781 3975 τῇ

200 4008 391 4079 χάριτι
442 4004 614 4076 ταύτῃ
676 4004 1144 4075 κεχειροτόνηται.
1172 4004 1239 4071 τῇ
1270 3999 1662 4070 διακονουμένῃ
1690 3999 1785 4067 ὑφ’

200 4097 391 4171 ἡμῶν,
450 4096 755 4161 τουτέστιν,
782 4095 877 4149 ἐπὶ
903 4095 980 4165 τῷ
1007 4093 1368 4159 ὑποδέξασθαι
1402 4092 1471 4145 τὰ
1494 4096 1593 4161 τῆς
1626 4093 1783 4160 ἐλεη-

204 4189 448 4262 μοσύνης
504 4192 787 4259 χρήματα.
833 4186 1069 4240 Δύναται
1104 4187 1163 4240 δὲ
1221 4184 1395 4238 ταῦτα
1449 4184 1544 4237 καὶ
1577 4185 1657 4246 εἰς
1694 4181 1787 4236 τὸν

199 4284 423 4337 Λουκᾶν
455 4281 739 4351 νοηθῆναι.
780 4297 799 4332 ι
831 4279 973 4349 Πρὸς
1011 4278 1111 4350 τὴν
1137 4276 1230 4330 τοῦ
1281 4275 1488 4347 Κυρίου
1543 4274 1726 4340 δόξαν.
1759 4292 1778 4327 ι

199 4375 457 4438 Τοιοῦτος
482 4374 539 4428 δέ
571 4376 708 4440 ἐστι,
768 4374 954 4443 φησιν,
983 4371 1013 4425 ὁ
1047 4371 1143 4425 καὶ
1184 4370 1277 4423 ἐπὶ
1302 4368 1378 4437 τῷ
1420 4369 1490 4421 τὰ
1519 4370 1783 4438 χρήματα

201 4465 571 4532 ὐποδέξασθαι
602 4465 732 4536 παρ’
758 4464 916 4534 ἡμῶν
946 4464 1052 4516 ὑπὸ
1075 4462 1185 4515 τῶν
1243 4460 1584 4531 Ἐκκλησιῶν
1608 4475 1787 4529 χειρο-

1885 632 1914 670 a
1944 619 2218 671 communi
2256 632 2419 672 sensu
2458 616 2775 673 subaudire.
2806 616 2877 672 Ut
2918 618 2991 673 sit
3025 633 3258 674 sensus:
3296 638 3314 670 ι
3351 621 3463 674 Ctt-

1881 708 1974 778 jns
2008 710 2130 765 laus
2158 717 2244 765 est
2274 710 2327 764 in
2351 708 2680 780 Evangelio:
2716 730 2736 762 ι
2782 709 2898 766 Non
2928 711 3107 767 solum
3140 710 3466 767 admirando

1883 799 2047 855 modo
2075 807 2129 854 et
2169 800 2328 854 laude
2361 800 2527 870 digno
2556 802 2851 856 annuntiat
2887 817 2951 856 ac
2994 803 3253 871 praedicat
3285 803 3489 857 Evan-‘

1883 893 2084 961 gelium
2113 908 2126 945 :
2173 910 2191 942 ι
2228 890 2429 946 Verum
2451 894 2617 947 etiam
2649 892 2970 964 designatus
2998 903 3099 950 est.
3144 913 3163 946 ι
3194 893 3236 948 A
3263 894 3467 964 quibus

1885 992 2067 1038 autem
2096 984 2196 1037 fuit
2217 985 2579 1055 designatus?
2609 987 2678 1041 ab
2708 988 2991 1050 Ecclesiis,
3014 987 3209 1057 inquit,
3230 986 3468 1055 atquin?

1886 1073 1958 1130 Ut
1996 1083 2147 1130 esset
2179 1091 2366 1131 comes
2403 1078 2862 1148 peregrinationis
2885 1090 3087 1132 nostra:
3111 1081 3165 1131 in
3201 1079 3467 1147 praedica-

1885 1168 2058 1222 tione.
2098 1166 2307 1222 Deinde
2333 1184 2443 1222 non
2476 1170 2652 1223 solum
2687 1172 2741 1222 in
2793 1171 3179 1239 prtedicatione
3212 1170 3469 1233 ili-signa-

1886 1266 1974 1314 lus
2027 1259 2125 1313 fuit
2160 1263 2177 1328 (
2212 1275 2336 1315 nam
2360 1271 2572 1330 oportet
2600 1277 2820 1330 quoque
2858 1278 2886 1313 a
2922 1265 3204 1316 communi
3237 1269 3465 1315 senti-n-

1886 1352 1959 1404 tia
2020 1353 2346 1422 intelligere,
2391 1372 2409 1404 ι
2451 1354 2567 1407 Non
2630 1355 2832 1415 solum,
2874 1372 2893 1404 ›
2954 1369 3141 1407 verum
3194 1354 3357 1406 etiam
3413 1353 3467 1405 in

1885 1444 2059 1512 gratia
2095 1445 2220 1509 hac,
2245 1454 2299 1497 et
2326 1453 2546 1499 caatera.
2588 1445 2701 1498 Hoc
2731 1454 2835 1505 est,
2868 1446 3010 1510 quod
3037 1446 3181 1499 sicut
3219 1446 3472 1513 designa-

1887 1541 1974 1587 tus
2009 1545 2091 1588 est
2120 1536 2185 1587 ad
2230 1536 2355 1600 hoc,
2390 1546 2449 1589 ut
2488 1551 2674 1589 conms
2699 1543 2848 1589 esset
2874 1536 3334 1600 peregrinatioiiis
3367 1551 3470 1587 no-

1889 1634 2020 1679 stra:
2041 1634 2095 1678 et
2137 1628 2458 1695 praedicaret
2489 1626 2864 1694 Evangelium,
2939 1625 3009 1678 ita
3053 1640 3270 1695 quoque
3325 1622 3473 1678 utad

1885 1718 2290 1789 eleemosynam
2346 1719 2600 1774 minister
2645 1730 2816 1774 esset.
2879 1716 3111 1787 Propter
3164 1719 3267 1770 hoc
3341 1732 3477 1771 sane

1888 1826 2037 1865 nunc
2076 1812 2239 1865 etiam
2293 1810 2496 1866 missus
2518 1819 2602 1864 est
2661 1811 2751 1863 tali
2806 1810 3110 1880 proposito.
3148 1809 3344 1870 Antea,
3394 1808 3479 1863 in-

1886 1902 2023 1972 quit,
2045 1901 2112 1955 ad
2160 1901 2263 1955 hoc
2317 1902 2638 1973 designatus
2700 1911 2783 1957 est
2826 1904 2895 1955 ab
2928 1902 3214 1965 Ecclesiis,
3269 1910 3322 1955 et
3367 1916 3476 1954 non

1885 2011 2033 2049 nunc
2068 2012 2096 2048 a
2127 1998 2284 2051 nobis
2306 2012 2372 2051 ex
2418 2008 2667 2066 tempore
2695 1997 3004 2052 assumitur
3038 2013 3052 2048 :
3091 1996 3184 2051 sed
3211 1996 3473 2065 designa-

1886 2094 1976 2139 tus
2001 2100 2187 2140 comes
2216 2096 2415 2140 nostrae
2457 2086 2939 2157 peregrinationis,
2985 2086 3147 2139 simul
3179 2086 3342 2140 etiam
3380 2085 3479 2139 de-

1886 2178 2135 2246 signatus
2156 2186 2259 2242 est,
2286 2186 2344 2231 ut
2364 2179 2764 2247 obsequeretur
2787 2193 2851 2233 ac
2877 2177 3218 2233 subserviret
3234 2176 3302 2231 ad
3334 2176 3480 2230 hanc

1884 2271 2112 2340 gratiam
2154 2286 2273 2336 quae
2302 2270 2743 2325 administratur.

1952 2362 2119 2435 664
2155 2362 2288 2428 Vill,
2313 2363 2502 2418 19-21.
2527 2362 2638 2417 Nec
2668 2362 2724 2416 id
2747 2364 2942 2425 solum.
2961 2378 3135 2417 verum
3157 2362 3318 2414 etiam
3341 2359 3487 2417 desi-

1883 2464 2074 2523 gnatus
2098 2464 2173 2507 est
2207 2456 2270 2507 ab
2301 2454 2553 2509 Ecclesiis
2578 2471 2749 2510 comes
2785 2454 3224 2525 peregrinationis
3260 2464 3477 2511 nostrae.

1883 2562 1989 2597 una
2021 2562 2139 2599 cum
2178 2545 2276 2599 hac
2321 2548 2500 2615 gratia
2558 2563 2675 2616 qua:
2708 2547 3141 2610 {administratur
3170 2564 3202 2602 α
3242 2546 3391 2600 nobis
3410 2545 3481 2599 ad

1882 2637 2116 2705 ejusdem
2139 2638 2356 2692 Domini
2375 2639 2626 2707 gloriam,
2644 2648 2691 2693 et
2718 2641 2885 2693 animi
2904 2641 3062 2694 vestri
3101 2638 3478 2709 promptitudi-

1884 2744 2001 2783 nem
2035 2746 2053 2783 :
2095 2729 2465 2784 contrahentes
2517 2731 2614 2784 hoc
2654 2748 2716 2785 ne
2750 2732 2873 2801 quis
2904 2747 2997 2785 nos
3061 2742 3248 2800 carpat
3296 2733 3347 2784 in
3378 2732 3477 2784 huc

1882 2820 2231 2873 exuberantia
2253 2836 2372 2889 quae
2419 2821 2835 2876 administratur
2875 2840 2907 2875 (ι
2941 2823 3112 2884 nobis,
3135 2832 3483 2889 procurantes

1881 2912 2099 2967 honesta
2126 2930 2229 2967 non
2262 2924 2472 2968 tantum
2499 2931 2681 2967 coram
2708 2914 2968 2981 Domino,
3004 2913 3095 2966 sed
3125 2914 3482 2967 etiamcoram

1881 3005 2200 3059 hominibus.

1951 3094 2069 3151 Non
2092 3098 2293 3159 solum,
2327 3096 2528 3166 inquit,
2553 3096 2901 3165 prmdicando
2968 3094 3321 3166 Evangelium
3361 3097 3486 3151 lau-

1882 3186 2003 3242 dem
2023 3201 2382 3256 promeretur,
2404 3204 2588 3242 verum
2609 3190 2776 3243 etiam
2798 3189 2927 3259 quia
2947 3188 3271 3256 designatus
3292 3200 3376 3244 est
3412 3188 3483 3243 ab

1889 3277 2173 3332 Ecclesiis.
2207 3297 2225 3329 ι
2251 3278 2451 3333 Comes
2477 3280 2934 3350 peregrinationis
2964 3289 3187 3336 nostrae.
3221 3299 3239 3331 ι
3284 3279 3485 3335 Deinde

1886 3386 1951 3423 ex
2006 3370 2367 3424 ecclesiarum
2418 3386 2641 3440 quoque
2716 3371 3101 3440 designatione
3161 3379 3215 3424 et
3258 3371 3484 3441 judicio

1884 3459 2191 3514 Barnabam
2225 3462 2596 3516 venerandum
2648 3463 2799 3516 laeit.
2837 3462 2956 3517 Non
3017 3463 3169 3517 enim
3225 3478 3291 3517 ex
3344 3464 3484 3528 sola,

1887 3553 2089 3617 inquit,
2120 3552 2402 3624 Evangelii
2440 3554 2830 3624 praedicatione
2850 3554 3064 3610 laudem
3097 3564 3479 3624 promeretur,

1890 3645 1986 3699 sed
2019 3644 2187 3699 etiam
2215 3644 2536 3715 designatus
2571 3653 2654 3701 est
2692 3646 2762 3700 ab
2786 3646 3051 3702 Ecclesiis
3083 3656 3142 3700 ut
3173 3655 3320 3702 esset
3375 3662 3480 3701 no-

1888 3739 1976 3793 bis
2010 3753 2195 3793 comes
2225 3739 2687 3809 peregrinationis
2717 3740 2772 3794 in
2804 3739 3177 3810 praedicando.
3229 3739 3334 3807 Qui
3383 3754 3486 3794 au-

1890 3834 1999 3883 tem
2039 3829 2093 3882 in
2133 3832 2239 3883 hoc
2272 3832 2544 3900 particeps
2582 3838 2691 3895 est,
2746 3846 2881 3887 sane
2935 3832 3102 3885 etiam
3165 3834 3351 3887 socius
3423 3847 3487 3888 ac

1890 3923 2166 3992 particeps
2187 3932 2272 3977 est
2330 3920 2505 3977 Paulo
2536 3924 2590 3977 in
2624 3922 3016 3980 afﬂictionibus
3062 3940 3129 3980 ac
3191 3926 3484 3995 periculis.

1887 4011 1998 4067 Nec
2048 4012 2255 4075 solum,
2288 4012 2483 4081 inquit,
2536 4027 2720 4067 comes
2767 4024 2973 4067 nostra;
3023 4015 3486 4083 peregrinationis

1890 4102 2213 4172 designatus
2241 4111 2346 4168 est,
2377 4102 2471 4159 sed
2502 4103 2555 4158 in
2588 4104 2691 4159 hac
2712 4120 2933 4175 quoque
2950 4106 3124 4175 gratia
3157 4105 3486 4175 designatus

1887 4205 1972 4250 est
2013 4211 2134 4265 qua:
2164 4196 2584 4251 administratur
2636 4212 2665 4251 a
2691 4198 2871 4266 nobis,
2901 4199 3004 4253 hoc
3036 4206 3147 4263 est,
3176 4198 3245 4253 ad
3300 4198 3485 4253 snsvi-

1888 4288 2145 4357 piendum
2167 4288 2533 4361 eleemosynae
2567 4290 2847 4360 pecunias.
2880 4290 3120 4346 Possunt
3156 4294 3323 4346 etiam
3355 4292 3472 4346 haec

1888 4382 1956 4435 de
1994 4380 2139 4435 Luca
2176 4381 2427 4453 intelligi.
2477 4400 2496 4434 ε
2529 4382 2609 4435 Ad
2643 4382 2855 4436 Domini
2887 4383 3143 4451 gloriam.
3166 4403 3185 4434 ι
3227 4382 3377 4439 Talis
3401 4390 3487 4439 est

1890 4480 2073 4526 autem
2119 4473 2166 4528 is
2200 4474 2297 4541 qui
2331 4474 2399 4527 ab
2434 4474 2689 4528 ecclesiis
2706 4472 3029 4544 designatus
3071 4482 3156 4529 est
3191 4474 3257 4527 ad
3301 4476 3486 4529 susci-

199 4557 480 4630 τονηθελς,
538 4557 625 4610 ἵνα
652 4556 712 4623 ἐξ
745 4547 821 4609 ὧν
842 4555 1092 4625 πράττει,
1128 4553 1223 4606 καὶ
1245 4554 1272 4605 ὁ
1295 4551 1529 4623 Χριστὸς
1554 4550 1783 4620 δοξάζη-

1900 4565 2135 4634 piendas
2169 4582 2198 4619 a
2226 4566 2386 4622 vobis
2415 4567 2696 4633 pecunias,
2730 4576 2790 4621 ut
2838 4583 2904 4622 es
2951 4568 3035 4622 liis
3090 4582 3212 4636 qua
3272 4569 3384 4637 agit
3432 4575 3487 4623 et

201 4669 319 4719 ται,
379 4653 474 4705 καὶ⁵
511 4652 672 4719 ὑμεῖς
702 4650 1095 4722 προθυμότεροι
1130 4649 1331 4719 μᾶλλον
1363 4650 1442 4711 εἰς
1466 4648 1564 4719 τὴν
1602 4649 1792 4715 εἰσφο-

207 4747 315 4815 ραν
344 4744 597 4815 γένησθε.
624 4744 1006 4812 «Στελλόμενοι
1023 4741 1240 4797 τοῦτο.)
1265 4740 1594 4813 Περιστελλό
1606 4756 1785 4810 μενοι,

205 4835 636 4905 ἀσφαλιζόμενοι
668 4837 748 4897 εἰς
775 4833 952 4897 τοῦτο,
970 4834 1092 4903 «Μή
1119 4850 1202 4897 τις
1227 4834 1377 4904 ἡμᾶς
1399 4837 1785 4902 μωμήσηται.»

202 4929 308 4982 Διὰ
338 4926 494 4981 τοῦτο
522 4928 600 4991 δὲ,
635 4928 790 4997 φησὶ,
828 4923 1103 4986 τοιούτους
1156 4924 1508 4995 ἐπέμψαμεν,
1533 4923 1791 4978 εὐλαόού·

208 5037 366 5091 μενοι
428 5020 523 5072 καὶ
589 5017 989 5088 φυλαττόμενοι
1030 5017 1105 5089 μή
1156 5034 1241 5080 τις
1279 5019 1525 5089 πονηρὰν
1554 5015 1792 5085 ὑποψίαν

208 5110 369 5184 σχοίη
428 5110 550 5165 καθ’
606 5111 783 5182 ἡμῶν,
814 5110 889 5174 ὡς
963 5108 1370 5179 νοσφιζομένων
1395 5111 1463 5163 τὰ
1512 5111 1788 5181 χρήματα.

210 5224 231 5256 ι
262 5203 354 5256 Ἐν
384 5204 451 5273 τῇ
498 5203 771 5273 ἁδρότητι,
832 5204 991 5272 φησὶ,
1042 5201 1222 5275 ταύτῃ
1278 5203 1346 5273 τῇ
1392 5201 1789 5273 διακονουμένῃ

205 5293 299 5363 ὑφ’
325 5293 500 5365 ἡμῶν.
529 5312 547 5346 ι
604 5294 865 5347 Τουτέστι
894 5293 981 5347 διὰ
1008 5294 1069 5347 τὸ
1096 5289 1238 5347 εἶναι
1288 5293 1459 5365 ἁδρὰν
1482 5294 1576 5347 καὶ
1626 5294 1791 5347 πλου-

206 5386 331 5438 σίαν
353 5384 453 5455 τὴν
480 5385 738 5455 εἰσφορὰν
766 5386 866 5455 τὴν
899 5386 1201 5456 μέλλουσαν
1224 5384 1471 5454 γίνεσθαι
1503 5384 1592 5455 ὑφ’
1612 5383 1786 5455 ὑμῶν.

205 5474 322 5530 Καὶ
379 5474 488 5545 γὰρ
523 5474 583 5528 τὸ
636 5474 745 5528 τῶν
810 5475 1116 5547 χρημάτων
1177 5474 1383 5543 πλῆθος
1431 5475 1622 5528 ἱκανὸν
1676 5477 1791 5537 τοῖς

204 5568 464 5638 πονηροῖς
514 5566 690 5638 κακὴν
744 5567 1001 5621 ὑπόνοιαν
1053 5566 1314 5638 ἐμϐαλεῖν
1345 5567 1473 5637 περὶ
1511 5565 1689 5636 ἡμῶν,
1728 5566 1790 5631 Tel

206 5660 285 5731 μὴ
304 5658 479 5726 οὕτως
500 5660 821 5725 ἐπιλέκτους
853 5661 985 5733 πρὸς
1016 5660 1118 5731 τὴν
1142 5659 1412 5731 ὑποδοχὴν
1442 5658 1622 5714 αὐτῶν
1643 5654 1788 5731 ἦμεν

201 5751 578 5821 πεπομφότες.
628 5753 741 5807 Ούκ
766 5750 886 5805 εἷπε
925 5751 1005 5820 δὲ,
1037 5753 1128 5824 Μὴ
1158 5751 1318 5822 ὑμεῖς
1350 5749 1783 5818 σκανδιλισθῆτε

202 5843 337 5915 περὶ
363 5844 544 5916 ἡμῶν,
591 5846 677 5900 ἵνα
711 5845 785 5918 μὴ
809 5846 983 5919 πλήξῃ
1022 5846 1237 5914 αὐτοὺς,
1263 5847 1417 5914 ἀλλὰ,
1453 5866 1469 5897 ι
1498 5847 1585 5919 Μή
1615 5862 1717 5911 τις.
1757 5864 1776 5897 ι

1895 4655 2145 4711 Christus
2180 4657 2538 4727 gloriﬁcatur,
2568 4666 2623 4713 et
2652 4673 2748 4713 vos
2780 4659 3148 4728 promptiores
3198 4659 3380 4728 potius
3411 4659 3481 4714 ad

1897 4746 2246 4801 collationem
2300 4747 2638 4802 eﬂiciamini.
2690 4765 2709 4799 ι
2782 4748 3187 4803 Contrabentes
3260 4748 3386 4804 hoc.
3458 4768 3478 4802 ι

1896 4835 2247 4900 Coartantcs,
2281 4847 2337 4892 et
2382 4838 2435 4890 in
2501 4836 2605 4892 boc
2640 4839 2970 4892 munientes.
3023 4856 3041 4889 ι
3078 4835 3158 4892 Ne
3200 4840 3323 4908 quis
3385 4854 3489 4896 nos

1896 4932 2105 4993 carpat.
2144 4941 2163 4974 ι
2202 4922 2524 4993 Propterea,
2565 4923 2764 4992 inquit,
2816 4925 2956 4980 tales
2997 4925 3268 4991 misimus,
3316 4926 3479 4981 veriti

1894 5022 1948 5069 et
1992 5017 2349 5070 observantes
2389 5032 2457 5071 ne
2485 5016 2612 5085 quis
2643 5030 2865 5085 pravam
2916 5016 3210 5073 adversum
3251 5033 3354 5075 nos
3388 5019 3487 5075 ba-

1896 5106 2023 5161 beat
2047 5108 2447 5177 suspicionem,
2512 5118 2770 5177 tanquam
2821 5109 3114 5178 pecuniam
3172 5110 3333 5167 nobis
3385 5127 3482 5167 su-

1896 5214 2046 5254 mere
2075 5199 2326 5254 velimus.
2371 5217 2389 5250 ι
2460 5198 2517 5253 In
2568 5199 2673 5254 hac
2731 5201 3089 5257 exuberantia
3138 5218 3260 5273 qua:
3310 5202 3487 5258 admi-

1897 5292 2175 5345 nistratur
2210 5307 2236 5345 a
2278 5292 2460 5348 nobis.
2494 5311 2510 5343 ι
2547 5290 2664 5347 Ηοε
2710 5302 2814 5358 est,
2835 5309 2902 5349 eo
2930 5294 3077 5365 quod
3102 5296 3412 5351 exuberans
3432 5303 3487 5348 et

1895 5382 2185 5438 abundans
2238 5382 2421 5438 futura
2470 5384 2543 5438 sit
2611 5385 2948 5442 contributio
3011 5396 3216 5442 vestra.
3269 5385 3483 5439 Etenim

1896 5475 2184 5531 abundans
2211 5476 2569 5545 pecuniarum
2604 5478 2897 5535 multitudo
2927 5487 3115 5550 posset
3146 5477 3330 5548 pravis
3384 5491 3480 5531 ve-

1896 5567 2183 5623 risimilem
2213 5566 2442 5637 injicere
2471 5567 2847 5644 suspicionem
2905 5570 2963 5624 ie
2994 5568 3175 5635 nobis,
3208 5566 3313 5620 nisi
3342 5565 3482 5621 adeo

1895 5659 2104 5715 electos
2135 5658 2202 5714 ad
2247 5660 2465 5714 illarum
2525 5660 2933 5730 susceptionem
2972 5657 3338 5713 misissemus.
3363 5654 3481 5712 Non

1895 5749 2032 5804 dixit
2090 5758 2324 5806 autem:
2382 5750 2461 5807 Ne
2500 5767 2599 5807 vos
2650 5748 3040 5805 olfendiculnm
3084 5747 3363 5819 patiamini
3414 5750 3482 5806 de

1896 5842 2072 5912 nobis,
2106 5859 2169 5899 ne
2205 5844 2353 5914 ipsos
2398 5842 2693 5907 morderet,
2720 5840 2835 5909 sed,
2868 5839 2974 5893 ιΝο
2996 5839 3138 5911 quis.
3180 5856 3301 5891 i—i
3344 5838 3481 5894 Pro-
