3906 6604
223 426 359 495 1021

1114 431 1499 494 ΟΟΜΜΕΝΤ.
1532 433 1616 494 IN
1650 434 1894 497 EPIST.
1935 436 1998 495 II
2032 439 2133 498 AD
2161 441 2522 503 CORINTII.

3338 432 3477 499 1022

284 564 304 598 ι
340 545 479 617 Περὶ
501 545 601 616 μὲν
625 546 736 619 γὰρ
762 549 859 618 τῆς
882 547 1210 612 διακονίας.»
1232 549 1541 615 Διακονίας,
1563 549 1797 621 ἐλεημο-

1979 571 1997 601 ι
2036 552 2109 607 De
2131 554 2665 623 subministratione,
2698 578 2715 611 ι
2777 563 2901 624 puta
2926 553 3306 620 eleemosynte.
3337 549 3477 603 Cum

222 635 413 707 σύνης.
451 639 588 711 Περὶ
636 639 843 711 ταύτης
916 642 1208 710 τοιγαροῦν
1246 643 1346 712 τῆς
1402 642 1796 714 ἐλεημοσύνης,

221 728 399 783 πολλά
426 747 484 783 τε
515 730 707 796 εἰπὼν,
736 733 833 785 καὶ
861 733 1031 787 πολλὰ
1057 733 1235 802 λέγειν
1267 734 1460 800 θέλων,
1505 735 1601 789 νῦν
1636 752 1794 806 φησιο

227 837 247 870 ι
286 819 548 890 Περιττόν
577 821 670 891 μοί
697 824 814 876 ἐστι
852 823 913 875 τὸ
940 824 1177 895 γράφειν
1227 828 1379 895 ὑμῖν,
1431 845 1449 879 ι
1501 827 1664 881 τοῦτο
1710 827 1800 880 λέ-

218 925 358 978 γων,
395 908 536 964 ὥστε
575 911 776 982 μᾶλλον
813 914 1014 980 αὐτοὺς
1047 917 1475 972 ἐπισπάσασθαι.
1534 917 1799 988 Αίσχύνε-

217 1019 312 1056 ται
337 1003 446 1076 γὰρ
492 1003 778 1077 ἄνθρωπος
817 1007 1073 1081 τοιαύτην
1105 1010 1263 1076 δόξαν
1317 1010 1456 1082 ἔχων
1523 1011 1599 1072 ὡς
1661 990 1799 1083 μήτε

218 1094 434 1149 δεῖσθαι
466 1098 800 1169 συμϐουλῆς,
831 1098 1069 1154 ἐλάττων
1096 1101 1330 1170 φανῆναι
1370 1102 1469 1172 τῆς
1503 1102 1642 1167 ιδίας
1669 1104 1801 1155 ὐπο-

217 1185 461 1258 λήψεως.
496 1186 626 1242 Οἶδα
651 1189 760 1262 γὰρ
783 1190 883 1262 τὴν
911 1192 1220 1263 προθυμίαν
1249 1192 1424 1262 ὑμῶν.
1459 1194 1801 1265 Θαρῤοῦντος

221 1279 325 1351 μὲν
346 1280 407 1334 τὸ
431 1281 722 1336 πεπεῖσθαι
751 1296 766 1312 ⁶
799 1282 861 1337 τὸ
882 1283 938 1336 δὲ
972 1285 1063 1337 καὶ
1102 1286 1183 1349 είς
1214 1285 1434 1357 ἑτέρους
1468 1285 1798 1357 καυχᾶσθαι,

218 1372 360 1426 πολὺ
387 1372 569 1428 πλέον.
613 1393 631 1427 ι
686 1374 809 1429 Ὅτι
845 1377 1057 1447 Ἀχαΐα.
1102 1396 1121 1429 ι
1172 1378 1365 1445 Τοῦτο,
1417 1380 1604 1451 φησιν,
1641 1381 1805 1432 ἐκαυ-

217 1465 419 1538 χὼμην
445 1467 584 1540 πρὸς
617 1468 948 1534 Μακεδόνας,
982 1472 1065 1525 ὅτι
1117 1471 1176 1525 οὗ
1218 1472 1379 1543 μόνον
1429 1474 1461 1543 ἡ
1517 1473 1799 1544 Κόρινθος,

217 1557 362 1613 ἀλλὰ
413 1560 507 1613 καὶ
540 1561 690 1614 πᾶσα
721 1564 754 1631 ἡ
797 1562 1014 1633 Ἀχαΐα,
1079 1564 1213 1635 πρὸς
1270 1564 1369 1635 τὴν
1429 1564 1803 1635 ἐλεημοσύνην

217 1649 691 1721 παρεσκεύασται.
730 1653 1001 1724 Ἐπαρλία
1031 1653 1085 1706 δέ
1108 1654 1195 1718 τίς
1226 1653 1379 1707 ὲστιν
1404 1655 1437 1724 ἡ
1477 1654 1689 1724 ’Δχαῖα,
1712 1652 1804 1722 ὑφ’

219 1743 290 1812 ἢν
319 1743 354 1814 ἡ
382 1742 669 1814 Κόρινθος.
702 1744 817 1797 οὐκ
850 1741 971 1798 εἷπε
994 1745 1070 1809 δὲ,
1098 1746 1181 1799 ὅτι
1212 1745 1496 1816 Είσφέρει,
1522 1744 1576 1815 ἢ,
1604 1744 1803 1798 Συλλέ-

219 1850 335 1943 γειἶ
366 1834 581 1943 (max
618 1836 1097 1907 Παρεσκεύασται,
1156 1857 1175 1891 ι
1242 1839 1544 1905 τουτέστιν,
1605 1836 1797 1908 ἑτοίμη
1832 1888 1874 1943 Β

218 1927 363 1992 ἐστὶ,
388 1926 717 1997 πεπλήρωκε
746 1929 805 1982 τὸ
840 1931 968 1989 πᾶν,
990 1929 1177 1982 λοιπον
1224 1930 1351 1992 τοὺς
1401 1930 1797 1999 διακονησομέο

219 2035 351 2080 νους
381 2019 686 2089 περιμένει.
732 2039 750 2071 ι
785 2022 895 2074 Καὶ
924 2023 951 2075 ὁ
976 2022 1031 2087 ἐξ
1058 2021 1210 2091 ὑμῶν
1245 2021 1428 2090 ζῆλος.
1465 2040 1485 2072 ι
1528 2019 1647 2073 Ἔνι
1691 2022 1801 2090 γὰρ

221 2109 319 2161 καὶ
351 2109 442 2162 ἐπὶ
465 2110 684 2180 Χριστῷ
709 2111 890 2182 ζῆλος.
922 2114 984 2166 Εἰ
1046 2114 1140 2166 οὖν
1182 2114 1340 2185 ὑμεῖς
1389 2113 1649 2183 γεγόνατε
1706 2116 1801 2170 καὶ

214 2203 339 2263 τοῖς
365 2201 548 2266 ἄλλοις
571 2203 818 2272 πρόξενοι
855 2207 1235 2277 συνεισρορᾶς,
1282 2206 1398 2270 πῶς
1449 2207 1549 2260 οὐκ
1600 2207 1802 2262 ἄτοπον

220 2292 373 2361 ὑμᾶς
405 2295 709 2363 στερῆσαις
748 2313 767 2346 ι
817 2296 1069 2366 Ἦρέθισε
1119 2299 1247 2360 τοὺς
1288 2298 1564 2362 πλείονας.
1606 2317 1624 2350 ι
1662 2299 1801 2353 Καί-

219 2400 308 2437 τοι
348 2384 478 2456 περὶ
524 2387 850 2441 Μακεδόνων
899 2388 1145 2460 εἴρηκεν,
1211 2391 1294 2444 ὅτι
1335 2391 1652 2462 αὐθαίρετοι
1707 2393 1803 2445 καὶ

222 2476 368 2546 μετὰ
391 2474 803 2548 σπουδῆςῆλοον
833 2481 912 2543 εἰς
950 2480 1129 2535 τοῦτο.
1167 2481 1292 2547 Πῶς
1341 2478 1436 2537 οὖν
1482 2483 1576 2538 νῦν
1636 2500 1802 2553 φησιν

220 2567 331 2630 ὅτι,
359 2586 379 2618 ι
426 2568 485 2620 '0
507 2569 566 2633 ἐξ
595 2569 748 2639 ὑμῶν
780 2570 940 2641 ζῆλος
991 2571 1246 2642 ἠρέθισεν
1302 2574 1500 2637 αὐτούς
1531 2592 1547 2640 ;
1581 2592 1598 2624 ι
1643 2573 1803 2644 Ἡρέ-

223 2655 344 2710 θισε
370 2658 498 2721 τοὺς
524 2659 771 2722 πλείονας
794 2662 855 2715 οὐ
884 2662 1116 2728 πάντας.
1152 2664 1382 2720 Ἔπειτα
1429 2665 1491 2718 τὸ
1545 2665 1804 2736 αὐθαίρε-

223 2765 341 2814 τον,
370 2749 542 2815 οὕτως
571 2751 701 2818 νόει,
741 2753 823 2807 ὄτι
859 2755 934 2806 Οὐ
965 2755 1486 2825 συνεϐουλεύσαμεν,
1513 2755 1636 2810 οὔτε
1669 2774 1803 2827 προ-

224 2842 576 2911 ετρεψάμεθα
604 2844 821 2908 αὐτοὺς,
842 2845 957 2899 ἀλλ’
990 2847 1133 2917 ὑμᾶς
1150 2848 1498 2919 ἐπῃνέσαμεν
1549 2847 1626 2912 ὡς
1659 2865 1804 2918 παρο

228 2933 675 3005 σσκευασμένους
698 2936 808 2991 ἀπὸ
839 2939 1057 3008 πέρυσι,
1098 2939 1368 2994 καὶτοῦτο
1384 2940 1620 3013 ῆρκεσεν
1642 2942 1720 3004 εἰς
1744 2938 1803 2993 τὸ

224 3023 487 3096 διεγεῖραι
527 3028 743 3094 αὐτούς.

301 3301 588 3370 Ἔπεμψα
617 3302 688 3357 δὲ
711 3304 856 3370 τοὺς
878 3304 1205 3374 ἀδελφοὺς,
1260 3308 1361 3360 ἵνα
1406 3307 1493 3376 μὴ
1534 3308 1600 3360 τὸ
1656 3309 1801 3363 καύ-

224 3406 390 3459 κημα
415 3390 586 3460 ἡμῶν
610 3391 676 3446 τὸ
708 3392 862 3462 ὑπὲρ
899 3392 1069 3464 ὑμῶν
1106 3395 1334 3465 κενωθῇ
1362 3444 1369 3454 ,
1394 3399 1464 3451 ἐν
1527 3396 1607 3464 τῷ
1636 3397 1802 3468 μέρει

223 3479 437 3544 τούτῳ,
472 3480 574 3534 ἵνα
597 3482 791 3548 καθὼς
813 3483 1032 3554 ἔλεγον
1060 3489 1622 3557 παρεσκευασμένοι
1672 3483 1798 3558 ἦτε,

218 3569 306 3639 μή
332 3585 460 3637 πως
477 3570 586 3625 ἐὰν
617 3572 838 3629 ἔλθωσι
870 3576 993 3629 σὺν
1024 3575 1154 3646 ἐμοί
1181 3577 1549 3646 Μακεδόνες,
1582 3578 1799 3633 καὶεῦ-

216 3677 413 3730 ρωσιν
434 3664 598 3733 ὑμᾶς
629 3666 1236 3736 ἀπαρασκευάστους,
1267 3672 1804 3743 καταισχυνθῶμεν

222 3752 420 3820 ἡμεῖς,
454 3753 556 3807 ἵνα
572 3754 660 3825 μὴ
694 3756 983 3827 λέγωμεν,
1024 3758 1219 3828 ὑμεῖς,
1242 3759 1314 3812 ἐν
1346 3758 1421 3828 τῇ
1460 3761 1801 3814 ὑποστάσει

219 3843 448 3910 ταύτης
474 3842 581 3912 τῆς
601 3847 973 3915 καυχήσεως.
1022 3848 1365 3919 Ἀναγκαῖον
1411 3844 1525 3905 οὖν
1571 3849 1803 3919 ἡγησά-

213 3952 349 4004 μην
377 3938 789 4006 παρακαλέσαι
825 3939 966 4006 τοὺς
995 3940 1319 4010 ἀδελφοὺς,
1361 3941 1462 3996 ἵνα
1506 3942 1802 4010 προέλθω-

222 4042 332 4080 σιν
344 4031 434 4093 είς
456 4028 630 4099 ὑμᾶς,
658 4030 754 4085 καί
782 4034 1300 4100 προκαταρτίσωσι
1336 4036 1451 4101 τὴν
1469 4050 1803 4103 προκατηγ-

222 4121 531 4190 τελμένην
550 4124 835 4193 εὐλογίαν
856 4125 1022 4194 ὑμῶν
1045 4126 1294 4193 ταύτην,
1334 4126 1581 4194 ἑτοίμην
1623 4125 1800 4193 εἶναι,

221 4212 438 4278 οὕτως,
465 4215 546 4281 ὡς
572 4217 859 4284 εὐλογίαν
880 4216 1079 4287 καὶμὴ
1107 4218 1188 4284 ὡς
1204 4217 1586 4283 πλεονεξίαν.

300 4307 447 4377 Ὅρα
477 4305 576 4379 τὴν
599 4308 924 4379 κηδεμονίαν
955 4310 1048 4364 τοῦ
1080 4300 1319 4365 Παύλου·
1355 4310 1640 4382 Ἔπεμψα,
1695 4330 1804 4384 φη-

226 4394 334 4459 σὶν,
362 4394 580 4461 αὐτοὺς,
618 4395 706 4450 ἵνα
734 4396 809 4467 μὴ
836 4397 1120 4469 ματαιωθῇ
1176 4398 1240 4452 τὸ
1294 4396 1558 4469 καύχημα
1623 4400 1802 4470 ἡμῶν,

225 4483 325 4536 καὶ
348 4482 578 4546 ψεῦσται
606 4484 942 4557 εὑρεθῶμεν,
976 4487 1224 4552 εἰπόντες
1250 4490 1331 4543 ὅτι
1356 4490 1806 4562 παρεσκευασμέ-

1907 641 2073 712 igitur
2098 646 2264 698 multa
2296 646 2365 701 de
2396 648 2498 701 hac
2527 649 2876 716 eleeutosyna
2927 641 3148 705 dixerit,
3201 654 3265 694 ac
3307 639 3476 693 multa

1904 745 2166 802 praetcrea
2234 739 2418 794 dicere
2449 740 2601 805 velit,
2628 755 2773 793 nunc
2814 739 2888 791 ait
2924 730 2951 797 ς’
2984 756 3001 788 ι
3060 733 3476 803 Supervacuum

1903 832 1988 877 est
2025 826 2157 880 mihi
2191 830 2434 884 scribere
2465 831 2622 885 vobis
2655 848 2700 896 ;t
2743 830 2846 884 hoc
2866 827 3057 882 dicens
3094 832 3153 879 ut
3189 825 3340 894 ipsos
3365 836 3480 875 ma°

1903 918 1985 989 gis
2004 921 2289 987 attrahat;
2351 923 2516 992 pudet
2549 921 2695 975 enim
2726 921 3006 977 hominem
3037 917 3104 972 de
3141 932 3249 987 quo
3282 913 3476 980 hujus-

1905 1014 2048 1069 modi
2077 1015 2309 1070 habetur
2339 1018 2527 1087 opinio
2553 1019 2694 1088 quod
2728 1032 2795 1072 ne
2824 1014 3056 1070 consilio
3090 1011 3305 1081 quidem
3339 1019 3478 1075 opus

1906 1106 2124 1170 habeat,
2155 1109 2200 1162 si
2234 1108 2464 1163 inferior
2517 1117 2777 1178 appareat
2845 1107 2933 1161 sui
2996 1103 3270 1172 Opinione.
3339 1094 3477 1151 Novi

1903 1198 2046 1251 enim
2098 1201 2587 1269 proutptitudinem
2651 1201 2823 1254 animi
2868 1199 3060 1253 vestri.
3137 1188 3478 1248 Conlidcntis

1905 1291 2122 1361 quidem
2150 1301 2232 1347 est
2259 1306 2580 1363 persuasum
2611 1303 2772 1348 esse:
2804 1307 2967 1360 porro
2986 1288 3150 1342 etiam
3178 1298 3306 1351 erga
3339 1280 3476 1334 alius

1904 1383 2130 1454 gloriari
2176 1385 2344 1440 multo
2377 1386 2634 1453 amplius.
2671 1403 2689 1435 ι
2728 1382 2884 1450 Quod
2942 1380 3169 1436 Achaia.
3211 1396 3230 1427 ι
3299 1373 3427 1427 Haec
3458 1410 3475 1432 ,

1904 1476 2102 1546 inquit,
2155 1478 2411 1545 gloriatio
2451 1492 2570 1532 mea
2617 1484 2701 1531 est
2740 1475 2881 1544 apud
2925 1471 3272 1532 Macedones.
3332 1460 3478 1531 quod

1906 1586 2015 1626 non
2083 1571 2198 1626 sola
2243 1570 2568 1635 Corinthus,
2624 1584 2815 1624 verum
2872 1566 3036 1620 etiam
3090 1569 3203 1616 tota
3273 1555 3475 1611 Achaia

1907 1661 1973 1713 ad
2004 1661 2404 1731 eleemosynam
2447 1668 2636 1730 parata
2661 1660 2751 1713 sit.
2785 1658 2881 1712 Est
2913 1665 3091 1709 autem
3130 1650 3332 1705 Achaia
3353 1661 3478 1715 pro-

1908 1751 2087 1806 vincia
2121 1751 2374 1821 qnaadam
2444 1752 2499 1805 in
2530 1766 2637 1820 qua
2698 1750 2802 1804 sita
2851 1756 2934 1803 est
2987 1743 3306 1800 Corinthus.
3358 1736 3478 1792 Non

1906 1843 2045 1896 dixit
2066 1853 2246 1897 autem
2282 1840 2527 1905 Confert,
2553 1851 2646 1895 aut
2687 1840 2909 1911 Colligit
2938 1838 3033 1893 sed
3071 1855 3088 1886 ι
3112 1833 3309 1887 Parata
3336 1838 3475 1893 est,»

1903 1938 2006 1992 hoc
2043 1949 2149 2001 est,
2184 1944 2434 2008 prompta
2466 1946 2572 2000 est,
2607 1945 2663 1991 et
2683 1936 2796 2006 jam
2850 1948 3013 1987 omne
3069 1931 3349 1999 negotium
3384 1940 3480 1979 ex-

1901 2031 2090 2102 plevit,
2156 2044 2220 2084 ac
2250 2030 2428 2085 solum
2467 2043 2560 2083 eos
2625 2034 2914 2095 exspectat
2977 2023 3068 2092 qui
3119 2015 3480 2074 Ininistraturi

1901 2128 2049 2178 sunt.
2088 2140 2107 2172 ι
2141 2120 2201 2172 Et
2252 2119 2416 2173 vestri
2474 2117 2772 2172 annulatio.
2811 2134 2829 2166 ι
2886 2111 3164 2181 Contingit
3240 2108 3384 2162 enim
3427 2113 3483 2160 et

1902 2220 2125 2282 propter
2151 2211 2427 2266 Christum
2461 2209 2601 2265 sumi
2628 2207 3054 2263 aemulationem.
3100 2201 3156 2255 Si
3187 2202 3345 2269 igitur
3382 2212 3480 2251 vos

1902 2306 2025 2360 aliis
2054 2319 2271 2374 quoque
2298 2303 2606 2356 oblationes
2633 2298 2997 2358 conciliaStis,
3054 2308 3235 2347 annon
3289 2290 3482 2343 absur-

1902 2397 2032 2451 dum
2090 2398 2229 2451 foret
2286 2398 2333 2451 si
2381 2410 2477 2449 vos
2529 2392 2632 2464 ipsi
2687 2391 2957 2447 deessetis
3014 2393 3199 2441 vestro
3261 2381 3482 2436 ollicio?

1911 2508 1929 2540 ι
1964 2488 2289 2544 Provocavit
2345 2487 2628 2558 plurimos.
2672 2503 2691 2536 ι
2753 2482 2913 2550 Atqui
2965 2480 3033 2535 de
3091 2475 3481 2533 Macedonibus

1904 2581 2043 2636 dixit
2071 2581 2214 2650 quod
2256 2579 2488 2635 ultronei
2517 2588 2572 2634 et
2604 2594 2704 2632 suo
2727 2576 2908 2631 studio
2937 2573 3003 2628 ad
3027 2573 3131 2627 hoc
3172 2576 3433 2625 venerant
3463 2584 3478 2622 :

1902 2669 2176 2739 quomodo
2204 2682 2335 2738 ergo
2363 2684 2509 2722 nunc
2535 2667 2611 2720 ait
2644 2683 2659 2720 :
2695 2685 2714 2717 ι
2752 2663 2947 2720 Vestra
2980 2660 3255 2717 aemulatio
3284 2671 3483 2727 provo-
3566 2718 3577 2725 ,

1903 2762 2047 2816 cavit
2075 2760 2260 2831 ipsos?
2294 2779 2313 2812 ι
2350 2758 2675 2814 Provocavit
2728 2772 2862 2811 sane
2893 2755 3227 2823 complures,
3258 2760 3312 2803 at
3369 2764 3479 2804 non

1902 2869 2115 2909 omnes.
2146 2851 2414 2905 Praeterea
2446 2857 2806 2919 spontaneum
2825 2845 3064 2900 studium
3101 2844 3173 2895 ita
3209 2837 3476 2907 intelligo,

1903 2944 2062 3017 quasi
2095 2944 2242 2998 dicat
2274 2958 2289 2995 ι
2317 2940 2433 2994 Non
2466 2939 2741 2993 suasimus
2769 2949 2943 3005 neque
2983 2930 3258 2985 adhortati
3284 2941 3478 2982 sumus

1904 3041 2071 3111 ipsos,
2103 3034 2197 3091 sed
2241 3049 2340 3089 vos
2369 3029 2803 3088 collaudavimus
2838 3024 2983 3095 quod
3007 3023 3075 3077 ab
3121 3036 3266 3075 anno
3317 3033 3480 3087 snpe-

1904 3110 2051 3186 riore
2080 3128 2254 3199 parati
2276 3125 2422 3189 sitis,
2453 3124 2616 3192 idque
2678 3119 2815 3175 satis
2863 3117 2965 3170 iuit
3007 3115 3071 3170 ad
3127 3110 3479 3168 excitandum

1821 3236 1869 3294 ο
1900 3222 2074 3291 ipsos.

1977 3302 2065 3370 IX,
2090 3301 2209 3357 3-5.
2259 3296 2388 3353 Misi
2411 3309 2586 3352 tamen
2617 3295 2711 3348 Itos
2750 3294 2968 3363 fratres,
3000 3306 3061 3344 ne
3100 3287 3271 3360 gloria
3296 3294 3481 3340 nostra

1904 3415 2010 3470 qua
2032 3395 2231 3467 glorior
2262 3393 2325 3445 de
2365 3389 2544 3450 vobis,
2594 3386 2774 3440 inanis
2830 3385 2927 3454 [iat
2990 3383 3043 3435 in
3101 3381 3200 3432 hac
3248 3389 3395 3444 parte
3425 3384 3482 3430 ut

1903 3469 2345 3561 quemadmodum
2380 3480 2495 3534 dixi
2519 3478 2694 3546 parati
2721 3476 2838 3530 sitis
2876 3490 2894 3529 :
2927 3490 2988 3526 ne
3030 3489 3131 3542 quo
3155 3481 3309 3540 pacto
3358 3469 3479 3537 ﬁat.

1904 3583 2021 3634 utsi
2047 3577 2282 3633 venerint
2326 3589 2524 3626 mecum
2571 3567 2884 3625 Macedones
2926 3573 2976 3618 et
3032 3562 3346 3632 offenderint
3391 3575 3479 3614 vos

1903 3675 2219 3742 imparatos,
2264 3666 2427 3739 667
2468 3682 2560 3719 nos
2612 3664 2814 3733 pu.’ore
2862 3656 3259 3727 stt/fundantur.
3313 3664 3371 3708 ιιι
3421 3669 3484 3707 ne

1904 3765 2144 3819 dicamus
2176 3762 2356 3824 ιιοε,ίη
2383 3760 2479 3812 hoc
2504 3765 2814 3828 argumento
2848 3749 3209 3820 gloriationis.
3258 3745 3482 3801 Proinde

1906 3854 2259 3910 necessarium
2294 3849 2589 3903 arbitratus
2645 3862 2762 3900 sum
2818 3841 3096 3898 adhortari
3150 3840 3364 3907 fratres,
3425 3842 3484 3887 ιιι

1902 3949 2051 4015 prius
2085 3944 2391 3999 accederent
2419 3941 2488 3993 ad
2518 3955 2629 4002 ros,
2684 3946 2732 3992 et
2789 3941 3156 4007 pra'pararent
3202 3931 3319 4001 jam
3362 3937 3484 3979 ante

1905 4040 2220 4110 promissam
2249 4034 2655 4088 benedictionem
2674 4039 2922 4091 vestram,
2952 4037 3007 4080 ut
3039 4043 3102 4078 ea
3124 4025 3189 4077 sit
3225 4025 3276 4074 in
3298 4035 3481 4089 prom-

1904 4142 2019 4203 ptu,
2066 4131 2144 4185 sic
2175 4140 2429 4197 tanquam
2477 4123 2764 4180 benedictio
2797 4130 2845 4175 et
2887 4135 2990 4173 non
3052 4128 3300 4187 tanquam
3361 4126 3485 4165 ava-

1906 4210 2053 4275 ritia.

1976 4302 2279 4366 Considera
2314 4307 2466 4362 Pauli
2505 4302 2925 4376 providentiam.
2982 4297 3125 4360 Misi,
3183 4293 3382 4364 inquit,
3413 4292 3483 4345 il-

1908 4404 2010 4469 los,
2042 4416 2111 4456 ne
2134 4410 2273 4455 vana
2306 4401 2398 4453 liat
2431 4397 2689 4469 gloriatio
2723 4404 2935 4459 nostra,
2968 4401 3021 4447 et
3068 4389 3357 4443 mendaces
3399 4385 3484 4437 in-

1908 4496 2198 4550 veniamur
2232 4491 2328 4562 qui
2350 4506 2447 4546 vos
2488 4498 2826 4561 praeparatos
2851 4500 2974 4542 esse
3019 4482 3342 4538 dixerimus.
3371 4496 3388 4528 ι
3418 4478 3484 4532 In

226 4592 312 4629 νοι
342 4577 489 4642 ἐστὲ,
523 4596 543 4629 ι
601 4578 689 4631 Ἐν
748 4579 827 4651 τῷ
873 4581 1030 4651 μέρει
1077 4582 1275 4652 τούτῳ,
1315 4600 1335 4634 ι
1395 4582 1663 4648 τουτέστι,
1706 4583 1801 4654 τῆς

1910 4588 2013 4643 hac
2050 4595 2224 4657 parte.
2267 4604 2286 4637 ι
2320 4583 2524 4653 Nempe
2590 4582 2965 4650 eleemosynaa.
3026 4574 3294 4643 Quoniam
3334 4570 3481 4624 enim

224 4667 619 4738 ἐλεημοσύνης.
659 4668 875 4741 Ἐπειδὴ
898 4670 1005 4742 γὰρ
1030 4664 1207 4734 εἶπεν,
1242 4671 1391 4723 «Ἵνα
1415 4670 1490 4742 μὴ
1511 4671 1721 4741 κενωθῇ
1742 4673 1805 4726 τὸ

226 4757 492 4830 καύχημα
526 4759 703 4831 ἡμῶν,
752 4779 772 4811 ι
803 4760 932 4831 ἄχρι
952 4761 1053 4831 τῆς
1079 4761 1448 4832 ὲλεημοσύνης
1483 4761 1613 4815 αὐτὸ
1644 4779 1802 4833 1:29:-

225 4852 499 4907 ἔκλεισεν.
536 4872 554 4904 ι
588 4854 706 4908 Ἴνα
731 4852 911 4918 καθὼς
939 4855 1176 4922 ἔλεγον.»
1206 4853 1479 4907 Μακεδόσι
1508 4852 1619 4923 γὰρ
1648 4854 1804 4907 τοῦτο

222 4945 439 5014 ἔλεγεν,
469 4946 554 5000 ὅτι
588 4946 781 5017 Ἀχαΐα
810 4947 1390 5019 παρεσκεύασταιίάπδ
1420 4947 1634 5018 πέρυσι.
1666 4965 1683 4997 ι
1710 4947 1801 5017 Μή

224 5053 349 5100 πως
413 5037 513 5090 ἐὰν
574 5037 768 5093 ἔλθωσι
827 5041 922 5094 σὺν
972 5039 1109 5110 ἐμοί.
1152 5058 1173 5092 ι
1256 5038 1389 5094 Ἀπὸ
1447 5038 1804 5110 ἀνθρωπίνων

224 5127 507 5197 λογισμῶν
536 5130 630 5183 καὶ
663 5129 836 5198 λόγων
869 5130 1065 5194 αὐτοὺς
1128 5130 1450 5202 προτρέπει,
1484 5128 1805 5184 ἀσθενέστε-

229 5236 322 5290 ρον
358 5219 757 5291 διακειμένους.
816 5241 834 5274 ι
891 5222 982 5292 Μή
1023 5236 1161 5286 πως,
1218 5222 1403 5293 φησιν,
1457 5221 1601 5283 εἰκός
1655 5222 1803 5273 ἐστιν

225 5311 428 5375 αὐτοὺς
455 5314 571 5383 μετ’
599 5313 732 5384 ἐμοῦ
755 5313 949 5367 ἐλθεῖν.
985 5332 1004 5366 ι
1032 5331 1128 5365 -ι
1160 5314 1272 5368 Καὶ
1300 5313 1534 5385 εὖρωσιν
1566 5313 1729 5383 ὑμᾶς.
1776 5330 1795 5363 ι

228 5402 468 5466 Κολάζει
511 5402 602 5457 τὸν
656 5404 835 5473 λόγον.
900 5403 1089 5475 Ἡμεῖς
1156 5402 1666 5475 καταισχυνθῶμεν,
1725 5403 1801 5465 ὼς

225 5493 355 5565 εἰκῆ
376 5495 743 5568 καυχώμενοι.
768 5499 905 5563 Ἵνα,
930 5500 1114 5567 φησιν,
1136 5496 1510 5567 εὐφημότερον
1529 5494 1797 5564 λέγοντες,

227 5585 307 5653 μὴ
339 5584 583 5654 εἴπωμεν
612 5586 758 5655 ὑμᾶς
796 5585 1274 5657 καταισχύνεσθαι.
1304 5585 1366 5637 El
1431 5583 1507 5655 μὴ
1562 5584 1644 5638 ὅτι
1691 5583 1799 5636 τῶν

225 5672 322 5728 δύο
350 5670 421 5746 ἦν
446 5677 701 5750 αἰσχύνη,
733 5677 842 5733 τῶν
871 5680 969 5748 μὲν
995 5678 1070 5742 ὡς
1094 5678 1490 5748 ὑστερούντων,
1517 5674 1611 5728 τοῦ
1643 5674 1699 5727 δὲ
1723 5674 1798 5737 ὡς

224 5767 424 5838 ψεῦδος
452 5770 834 5843 καυχωμένου.
872 5771 961 5825 Ἐν
989 5773 1056 5842 τῇ
1088 5770 1409 5831 ὑποστάσει,
1448 5769 1605 5836 φησὶ,
1663 5766 1795 5819 ταύ-

226 5874 329 5930 της
356 5858 457 5931 τῆς
481 5860 825 5933 καυχήσεως,
854 5860 930 5927 ὡς
955 5862 1006 5916 εί
1038 5857 1190 5916 εἶπεν
1222 5877 1235 5893 ·
1261 5860 1372 5916 οὐκ
1398 5856 1631 5930 ἀλλαχοῦ
1664 5874 1797 5913 καις⁴

1906 4680 2121 4734 dixerat
2147 4689 2163 4731 :
2188 4676 2459 4732 Neinanis
2489 4675 2579 4728 liat
2601 4672 2856 4743 gloriatio
2883 4678 3066 4723 nostra
3100 4666 3225 4728 hoc,
3250 4665 3303 4717 in
3335 4662 3485 4716 elee‘

1906 4785 2136 4840 mosyna
2204 4767 2473 4822 duntaxat
2526 4764 2816 4821 conclusit.
2861 4782 2878 4813 ι
2922 4759 2990 4815 Ut
3021 4754 3481 4829 quemadmodum

1906 4864 2041 4919 diti.
2081 4880 2101 4915 ι
2137 4860 2272 4916 Nam
2305 4861 2411 4916 hoc
2441 4857 2831 4915 Macedonihus
2881 4854 3115 4909 dixerat.
3148 4848 3349 4904 Achaia
3384 4861 3479 4915 pa-

1908 4965 2023 5010 rata
2058 4963 2142 5011 est
2174 4955 2242 5008 ab
2264 4969 2410 5008 anno
2437 4949 2726 5023 superiori.
2769 4967 2787 4999 ι
2812 4944 2889 5000 Ne
2918 4959 3026 5013 quo
3089 4950 3247 5013 pacto
3301 4940 3392 4991 hat
3422 4942 3481 4990 ut

1905 5049 1953 5104 si
1979 5047 2229 5103 venerint
2255 5060 2489 5101 mecum.
2528 5063 2546 5094 ι
2574 5043 2657 5096 Ab
2686 5039 2939 5094 humanis
2960 5033 3385 5107 cogitationibus
3418 5044 3482 5084 ac

1907 5137 2389 5207 rationibusipsos
2415 5134 2754 5194 exhortatur,
2782 5128 2925 5201 quod
2958 5122 3484 5182 inllrmioresadltuc

1904 5232 2034 5287 sint.
2062 5247 2081 5280 ι
2110 5226 2188 5283 Ne
2219 5244 2351 5299 quo,
2387 5225 2581 5295 inquit,
2615 5230 2775 5295 pacto
2803 5221 2916 5275 ﬁat.
2964 5238 2984 5271 ι
3033 5217 3132 5274 Est
3162 5218 3306 5272 enim
3343 5213 3486 5268 veri-

1903 5323 2082 5380 simile
2133 5322 2284 5393 ipsos
2329 5333 2542 5373 mecum
2590 5325 2870 5371 venturos.
2907 5312 3060 5369 tNos
3117 5313 3323 5383 pudore
3363 5307 3482 5363 suf-

1904 5410 2218 5467 fundamur.
2259 5429 2278 5463 ι
2312 5408 2415 5477 Qui
2448 5418 2648 5464 temere
2697 5405 2919 5476 gloriati
2973 5404 3169 5461 simus.
3228 5420 3246 5453 ι
3292 5399 3359 5453 Ut
3411 5413 3481 5453 ne

1903 5500 2153 5555 dicamus
2182 5512 2300 5554 vos.
2328 5516 2348 5550 ι
2378 5494 2819 5565 Deindecorrigit
2841 5505 3169 5553 sermonem,
3186 5496 3242 5542 ut
3260 5486 3477 5548 melius,

1904 5591 2103 5662 inquit,
2136 5589 2449 5645 ominantes
2472 5602 2579 5642 non
2616 5586 2866 5641 dicamus
2897 5597 3000 5638 vos
3049 5576 3333 5651 pudcﬂeri.
3358 5574 3473 5631 Nisi

1903 5679 2192 5733 amborum
2252 5676 2434 5747 potius
2456 5684 2603 5730 esset
2628 5674 2838 5744 pudor:
2879 5672 3073 5727 horum
3123 5663 3367 5737 quidem,
3418 5670 3477 5717 ut

1901 5769 1993 5839 qui
2032 5783 2133 5824 suo
2173 5765 2663 5830 deessentollicio;
2700 5763 2873 5834 ipsius
2905 5775 3058 5823 vero,
3118 5765 3175 5810 ut
3210 5753 3303 5826 qui
3336 5753 3475 5808 falso

1901 5861 2165 5935 gloriatus
2190 5866 2357 5918 esset.
2395 5860 2456 5915 ln
2481 5857 2930 5927 hoc-argumento
2956 5853 3071 5910 sive
3091 5848 3316 5908 materia
3351 5847 3474 5913 hac,
