3956 6554
506 441 646 506 1023

1587 435 1982 498 (ECUMENII
2019 437 2311 498 TRICC/E
2353 436 2701 499 EPISCOPI

3616 433 3737 501 ιοιι

506 556 700 624 inquit,
729 550 1090 624 gloriationis.
1126 551 1203 604 Ac
1249 549 1294 605 si
1329 549 1531 603 diceret
1574 561 1586 602 :
1619 548 1755 603 Aliis
1807 547 1860 602 in
1905 549 2064 602 rebus

2176 546 2579 616 αισχυνθῶμεν,
2638 542 2755 599 ἀλλ’
2799 542 2858 595 ὲν
2883 542 3019 613 μόνη
3047 543 3112 612 τῇ
3147 541 3278 612 περὶ
3329 542 3430 609 τῆς
3458 541 3737 613 ἐλεημοσύ-

504 649 710 716 pudore
741 658 1083 714 nequaquam
1106 641 1569 705 sull‘underemur,
1599 640 1693 694 sed
1731 640 1785 693 in
1824 640 1938 694 sola
1966 638 2070 693 bac

501 737 824 806 gloriatione
839 736 904 790 de
927 736 1291 804 eleemosyna.
1327 750 1345 783 ι
1366 730 1601 786 Proinde
1633 731 2060 786 necessarium.»

502 829 713 881 Etenim
734 842 861 881 vere
890 823 1264 879 necessarium
1294 831 1434 887 erat,
1462 830 1516 874 et
1546 822 1697 891 ipsos
1748 822 1958 891 pudore
1998 822 2066 875 li-

497 919 709 982 berare,
743 925 797 972 et
852 918 1091 986 seipsum
1141 930 1208 968 ne
1248 914 1512 967 mentitus
1562 912 1732 967 fuisse
1768 911 2060 966 videretur.

503 1025 522 1059 ι
560 1006 628 1061 Ut
656 1010 808 1076 prius
837 1005 1162 1060 accederent
1201 1003 1266 1057 ad
1289 1019 1403 1057 vos.
1446 1023 1463 1053 ι
1500 1003 1772 1069 Quoniam
1814 1003 1867 1055 in
1898 1019 2062 1071 supe-

2180 655 2277 707 νης
2312 638 2601 708 καυχήσει.
2634 654 2657 690 ι
2684 635 2794 691 Καὶ
2827 633 2935 705 γὰρ
2962 628 3032 706 ἧν
3054 632 3221 697 ὅντως
3248 633 3569 701 ἀναγκαῖον,
3606 654 3626 687 ι
3657 640 3736 691 καὶ

2178 729 2376 793 αὐτοὺς
2435 727 2718 799 αἰσχύνης,
2790 726 2883 781 καὶ
2926 725 3123 780 ἑαυτὸν
3184 724 3280 778 τοῦ
3310 724 3492 777 δοκεῖν
3556 726 3734 794 44:66:—

2178 821 2303 876 σθαι
2362 820 2689 888 ἀπαλλάξαι.
2753 839 2773 872 ι
2824 820 2943 874 Ἵνα
2992 816 3333 888 προέλθωσιν
3396 820 3476 879 είς
3526 819 3683 887 ὑμᾶς.
3717 838 3732 868 ι

2188 912 2402 983 Ἐπειδὴ
2433 911 2546 966 ἄνω
2575 913 2814 983 εἰρήκει,
2902 929 2921 963 ι
2950 910 3214 979 Περιττόν
3254 910 3345 979 μοί
3375 909 3491 961 ἐστι
3512 909 3575 961 τὸ
3617 912 3736 978 γρά-

2165 1023 2286 1073 φειν
2315 1009 2444 1075 περὶ
2477 1005 2692 1066 τούτου,
2729 1024 2747 1057 ι
2781 1005 2856 1067 ὡς
2905 1005 3087 1062 αὐτῶν
3118 1003 3321 1074 δηλαδὴ
3379 1000 3617 1071 ἑτοίμων
3658 1003 3737 1055 δν-

495 1098 733 1152 rioribus
770 1096 984 1151 dixerat
1021 1100 1035 1149 ι
1071 1115 1087 1147 ι
1116 1092 1522 1165 Supervacuum
1561 1094 1691 1146 mihi
1733 1103 1818 1148 est
1853 1094 1920 1147 de
1959 1094 2063 1147 hoc

2174 1097 2295 1159 τῶν,
2326 1096 2414 1150 ἴνα
2449 1097 2523 1169 μὴ
2546 1095 2671 1168 δόξῃ
2695 1095 2911 1149 ἐναντία
2950 1097 3153 1165 λέγειν,
3189 1095 3286 1149 νῦν
3334 1095 3435 1147 οὐκ
3499 1093 3580 1146 ἔτι
3628 1095 3737 1165 περὶ

495 1188 759 1249 scribere,
793 1204 811 1237 ι
853 1196 1039 1256 utpote
1082 1186 1349 1256 ipsisjam
1398 1185 1602 1253 paratis
1637 1200 1654 1239 :
1689 1201 1755 1239 ne
1786 1186 2061 1239 contraria

2174 1187 2255 1241 τοῦ
2311 1188 2741 1257 συνεισενέγκαι,
2794 1186 2930 1241 ἀλλὰ
2967 1188 3096 1255 περὶ
3153 1185 3248 1238 τοῦ
3272 1185 3487 1255 ταχέως
3538 1185 3628 1236 καὶ
3656 1184 3735 1235 δα-

493 1276 675 1331 dicerc
706 1278 971 1340 videatur,
1030 1294 1137 1331 non
1196 1276 1433 1347 amplius
1482 1278 1705 1331 disserit
1771 1293 1918 1331 nunc
1994 1278 2061 1332 de

492 1368 845 1430 oonfercndo,
884 1369 977 1424 scd
1007 1369 1072 1423 de
1099 1370 1359 1423 velociter
1387 1377 1441 1422 et
1471 1368 1687 1423 abunde
1733 1384 1796 1423 ac
1812 1379 2066 1438 prompto

494 1456 674 1508 animo
706 1456 1087 1510 conferendo:
1135 1472 1230 1525 per
1262 1457 1375 1511 lucc
1436 1456 1564 1509 illud
1609 1472 1826 1525 quoque
1867 1457 2071 1511 confir-

493 1560 674 1599 mans.
735 1566 753 1597 ι
792 1545 861 1600 Ut
897 1562 958 1601 ea
1006 1548 1147 1601 sitin
1196 1555 1473 1617 promptu.
1530 1549 1627 1611 Ea,
1674 1564 1868 1618 nempe
1925 1549 2066 1603 elec-

495 1652 745 1706 nrosyna,
796 1653 919 1690 cum
951 1638 1306 1692 abundantia.
1339 1658 1357 1689 ‹
1398 1637 1487 1692 Sic
1529 1647 1786 1706 t:tnquam
1844 1640 2067 1694 benedi-

494 1727 622 1779 ctio.
662 1746 679 1777 ι
717 1725 827 1784 Sic.
863 1729 962 1780 boc
993 1736 1096 1793 est,
1124 1744 1244 1782 cum
1271 1728 1468 1798 gaudio
1490 1736 1543 1781 ct
1563 1739 1812 1798 promptu
1857 1730 2061 1782 animo.

494 1814 690 1871 Nullus
728 1819 874 1871 enim
923 1820 1353 1875 benedictionem
1409 1823 1568 1886 dans,
1623 1834 1717 1876 ant
1768 1822 1934 1887 dolet,
1969 1830 2065 1875 aut

492 1922 557 1961 ex
583 1910 905 1963 necessitate
931 1911 1042 1966 dat.
1074 1912 1164 1966 Ille
1190 1915 1335 1966 enim
1402 1929 1597 1979 nempe
1629 1928 1851 1977 avarus,
1918 1914 2068 1969 dolet

2170 1277 2339 1349 ψιλῶς
2427 1278 2523 1332 καὶ
2581 1276 2881 1348 προθύμως
2946 1276 3279 1344 διαλέγεται,
3372 1272 3464 1326 διὰ
3531 1271 3733 1335 τούτων,

2174 1372 2393 1425 κάκεῖνο
2450 1371 2935 1435 κατασκευάζων.ι
2973 1370 3192 1440 Ταύτην
3257 1369 3489 1436 ἑτοίμην
3539 1360 3729 1419 εἶναί.»

2173 1462 2284 1532 Τὴν
2317 1462 2455 1532 μετὰ
2492 1461 2771 1530 δαψιλείας
2796 1460 3188 1531 ἐλεημοσύνην,
3223 1479 3242 1511 ι
3273 1458 3464 1520 Οὕτως
3515 1458 3589 1519 ὡς
3606 1458 3735 1509 εύλο-

2169 1555 2313 1625 γίαν.
2338 1574 2354 1606 ι
2378 1554 2586 1619 Οὕτως,
2601 1554 2875 1608 τουτέστιν
2894 1552 3033 1623 μετὰ
3052 1554 3225 1624 χαρᾶς
3245 1553 3339 1604 καὶ
3375 1549 3630 1618 σπουδῆς.
3646 1548 3737 1603 Οὐ-

2171 1642 2281 1704 δεὶς
2333 1642 2441 1712 γὰρ
2475 1642 2726 1708 εὐλογίαν
2765 1641 2937 1703 διδοὺς
2970 1641 3244 1703 λυπεῖται,
3309 1639 3342 1708 ἢ
3399 1637 3460 1702 ἐξ
3516 1638 3737 1704 ἀνάγκης

2170 1733 2408 1787 δίδωσιν.
2459 1734 2694 1797 Ἐκεῖνος
2742 1733 2850 1805 γὰρ
2883 1734 3043 1804 ἀρκεῖ
3083 1730 3440 1784 καταϐάλλων
3483 1729 3512 1781 ὁ
3569 1728 3735 1781 πλεον-

2172 1824 2521 1894 εκτούμενος,
2567 1826 2661 1880 καὶ
2713 1825 2884 1888 διδοὺς
2944 1825 3002 1891 ἐξ
3058 1825 3303 1892 ἀνάγκης
3353 1822 3504 1890 ἅπερ
3542 1822 3737 1873 ἐπλεον-

2175 1918 2395 1989 έκτησε.
2424 1920 2537 1974 Νῦν
2560 1921 2614 1974 δὲ
2647 1921 2898 1991 ἀφορμὴν
2932 1919 3063 1990 ύμῖν
3116 1918 3389 1987 σωτηρίας
3416 1920 3451 1986 ἡ
3475 1916 3637 1977 δόσις.

492 1999 756 2067 abjicieus
825 2013 877 2055 ct
945 2018 1009 2057 ex
1070 2006 1397 2059 necessitate
1452 2005 1591 2060 dans
1664 2022 1725 2060 ea
1794 2002 1915 2075 qua
1981 2021 2147 2062 avaro
2199 2012 2384 2068 animo
2452 2014 2906 2084 possidebatzat
2978 2026 3125 2065 nunc
3198 2010 3351 2064 vobis
3407 2006 3626 2062 occasio
3666 2015 3736 2060 εει

492 2087 685 2142 salutis
717 2090 830 2159 ipsa
856 2094 1225 2148 munilicentia
1252 2109 1303 2148 et
1325 2097 1574 2153 donatio.

559 2180 727 2251 668
756 2181 847 2239 ΙΧ.
883 2183 998 2237 6-9.
1056 2185 1169 2240 Hoc
1208 2201 1384 2242 autem
1412 2204 1430 2243 :
1462 2190 1567 2256 Qui
1590 2206 1746 2258 parce
1777 2204 2057 2249 sementem

490 2270 641 2341 facit,
670 2276 713 2324 is
750 2291 906 2343 parce
930 2294 1197 2333 mcssurus
1227 2290 1327 2333 est.
1358 2282 1423 2334 Et
1452 2283 1543 2349 qui
1602 2296 1881 2339 sementem
1934 2287 2063 2356 facit

493 2366 546 2417 in
579 2367 994 2434 magniﬁcentia,
1032 2372 1241 2438 capiose
1280 2389 1549 2427 mcssurus
1582 2385 1677 2437 est,
1708 2379 2064 2447 unusquisque

492 2455 645 2511 iuxta
676 2460 997 2525 propositum
1030 2462 1228 2524 cordis,
1274 2480 1375 2515 nou
1405 2480 1468 2516 ex
1499 2482 1719 2520 mwrore
1747 2479 1837 2520 aut
1864 2486 1929 2522 ca:
1973 2486 2063 2524 ne-

498 2547 779 2600 cessitate:
809 2565 931 2601 nam
958 2551 1178 2604 hilarem
1208 2553 1448 2608 datorem
1481 2556 1650 2625 diligit
1681 2558 1838 2614 Deus.
1873 2560 2063 2617 Potens

492 2649 567 2691 est
610 2652 782 2694 autem
811 2642 945 2697 Deus
975 2646 1190 2713 eﬂicere,
1217 2650 1455 2702 utomm‘s
1485 2652 1659 2719 gratia
1682 2653 1734 2704 in
1762 2670 1850 2707 vas
1872 2657 2064 2711 exube-

493 2740 592 2789 ret,
626 2732 1013 2790 utiuomuibus
1063 2754 1266 2805 semper
1312 2758 1515 2795 omnem
1567 2738 1932 2813 suﬁicieutiam
1966 2749 2066 2800 lm-

490 2821 665 2875 bentcs
706 2826 993 2897 exuberetis
1026 2829 1079 2879 iu
1121 2845 1271 2883 omne
1301 2847 1428 2898 opus
1476 2833 1687 2898 bonum,
1728 2840 2068 2906 quemadmo-

490 2911 617 2967 dum
652 2916 906 2981 scriplum
944 2930 1066 2974 est:
1098 2920 1372 2991 Dispersit,
1418 2925 1558 2978 dedit
1615 2929 1950 2996 pauperibus,
1972 2933 2066 3001 ju-

490 3005 638 3057 stitia
668 3006 783 3073 ejus
817 3017 994 3061 "cauet
1029 3011 1083 3062 in
1109 3013 1384 3066 sa’culum.
1430 3032 1449 3063 ι

559 3107 751 3177 Parce,
786 3111 983 3182 inquit,
1013 3122 1068 3168 et
1110 3120 1366 3173 tenuiter.
1401 3137 1418 3170 ι
1456 3120 1567 3175 Hoc
1604 3130 1806 3177 autem.
1836 3143 1853 3175 ι
1895 3123 2065 3194 Opus.

491 3202 693 3271 inquit,
736 3205 1098 3277 eleemosynm
1132 3208 1184 3262 in
1216 3211 1362 3265 hunc
1422 3214 1640 3266 modum
1674 3228 1734 3268 se
1783 3214 1966 3271 habet.
2005 3216 2068 3272 Et

491 3293 751 3364 deinceps
787 3312 974 3351 semen
1012 3299 1147 3356 illud
1190 3303 1449 3372 appellat,
1487 3315 1541 3358 ut
1575 3305 1639 3358 ad
1701 3322 1936 3361 messem
1981 3321 2068 3363 re-

494 3388 800 3456 spicientes
835 3398 887 3444 ct
918 3398 1062 3461 quod
1101 3393 1147 3448 is
1185 3395 1279 3463 qui
1316 3396 1491 3450 multa
1521 3407 1614 3451 aut
1639 3413 1809 3466 pauca
1841 3402 2069 3455 semina-

2247 2196 2429 2250 Τοῦτο
2447 2193 2515 2247 δέ
2540 2210 2554 2224 ’
2602 2193 2665 2247 Ὀ
2688 2193 2952 2261 σπειρων
2977 2190 3361 2261 φειδομένως,
3392 2189 3735 2258 φειδομένως

2166 2286 2265 2339 καὶ
2310 2284 2553 2351 asp/cret.
2596 2281 2702 2335 Καὶ
2743 2283 2776 2334 ό
2830 2280 3092 2349 σπείρων
3155 2278 3246 2331 ἐπ’
3272 2278 3605 2346 εὐλογίαις,
3648 2275 3731 2330 ἐπ’

2166 2377 2475 2442 εὐλογίαις
2504 2373 2601 2428 καὶ
2628 2374 2871 2439 θερίσει.
2893 2373 3154 2436 ἕκαστος
3166 2368 3360 2435 καθὼς
3390 2367 3730 2435 προαιρεῖται

2165 2467 2242 2538 τῇ
2275 2466 2510 2535 καρδίᾳ.
2557 2464 2641 2535 μὴ
2671 2466 2739 2518 ἐκ
2758 2466 2960 2531 λύπης
3001 2463 3038 2532 ἤ
3076 2463 3145 2527 ἐξ
3176 2460 3472 2529 ἀνάγκης.
3518 2459 3731 2526 ’λιαρὸν

2166 2560 2277 2628 γὰρ
2303 2559 2490 2625 δότην
2522 2556 2723 2626 ἀγαπᾷ
2752 2559 2785 2610 ὁ
2816 2557 2980 2620 Θεός.
3005 2554 3270 2618 Δυνατός
3298 2552 3367 2605 δὲ
3389 2555 3422 2606 ό
3458 2552 3604 2617 Θεὸς
3645 2549 3729 2604 πᾶα

2167 2666 2289 2703 σαν
2320 2647 2496 2717 χάριν
2516 2646 2917 2716 περισσεῦσαι
2945 2646 3032 2711 εις
3064 2643 3239 2713 ὑμᾶς,
3290 2645 3393 2698 ἵνα
3447 2644 3525 2696 ἐν
3577 2642 3726 2695 1m!

2167 2742 2425 2796 ,πάντοτε
2503 2739 2713 2797 πᾶσαν
2775 2739 3134 2807 αὐτάρκειαν
3220 2737 3493 2806 ἔχοντες,
3552 2748 3726 2801 upw-

2167 2833 2386 2892 σεύητε
2408 2833 2496 2895 εις
2528 2830 2653 2885 πᾶν
2666 2830 2844 2898 ἔργον
2872 2827 3118 2898 ἀγαθὸν,
3172 2827 3363 2890 καθὼς
3410 2825 3723 2894 τέτραπται.

2178 2923 2593 2989 Ἐσκόρπισεν,
2618 2920 2800 2973 ἔδωκε
2832 2920 2953 2986 τοῖς
2981 2919 3267 2986 πένησιν.
3311 2917 3349 2983 ὴ
3389 2916 3720 2979 δικαιοσύνη

2166 3013 2355 3068 αὑτοῦ
2385 3014 2552 3082 μένει
2574 3015 2660 3078 εἰς
2679 3011 2787 3065 τὸν
2806 3010 3014 3065 αΙῶνα.

2236 3119 2539 3184 Φειδωλῶς,
2567 3120 2723 3191 φησι,
2752 3119 2846 3172 καὶ
2874 3119 3101 3181 κνιπῶς.
3128 3136 3146 3170 ι
3185 3115 3360 3171 Τοῦτο
3389 3117 3475 3181 δὲ,
3524 3136 3542 3168 ι
3579 3116 3724 3183 τὸτῆς

2170 3210 2771 3282 ἐλεημοσύνης,φησὶν,
2801 3209 2976 3273 οὕτως
3023 3209 3136 3279 εχει
3184 3210 3413 3279 τρόπου.
3485 3211 3593 3263 Καὶ
3634 3209 3722 3259 λοι-

2169 3304 2269 3356 πὸν
2304 3303 2503 3373 σπόρον
2536 3303 2665 3357 αὐτὸ
2695 3303 2854 3355 καλεῖ
2879 3302 2968 3355 ἵνα
2986 3302 3125 3372 πρὸς
3143 3302 3231 3355 τὸν
3264 3300 3480 3371 ἀμητόν
3536 3300 3723 3355 ἀπιδόν-

2169 3414 2280 3460 τες,
2311 3397 2403 3452 καὶ
2429 3397 2561 3450 δτιὸ
2593 3396 2826 3467 σπείρας
2872 3395 3042 3449 πολλὰ
3101 3395 3195 3448 καὶ
3236 3393 3418 3461 ὀλίγα,
3475 3393 3723 3460 ἀναλόγως

493 3487 660 3549 verit,
687 3487 841 3554 juxta
871 3489 1277 3553 proportionem
1312 3504 1598 3543 messurus
1633 3493 1724 3551 sit.
1761 3495 2063 3560 promptio-

2174 3487 2396 3557 θερίζει,
2430 3486 2831 3557 προθυμότεροι
2860 3486 2993 3555 πρὸς
3018 3485 3117 3556 τὴν
3153 3486 3421 3554 εἰσφορὰν
3465 3485 3719 3551 γένωνται.

491 3592 582 3631 res
634 3577 767 3631 ﬁant
797 3576 863 3629 ad
897 3577 1267 3632 collationem.
1307 3599 1325 3628 σ
1366 3579 1429 3633 Et
1464 3583 1557 3649 qui
1598 3593 1901 3638 sementem
1935 3584 2065 3642 facit

492 3668 545 3720 in
596 3666 1021 3735 magniﬁcentia.
1094 3684 1113 3717 ›
1145 3667 1374 3721 Abunde
1410 3710 1425 3733 ,
1483 3670 1681 3740 inquit,
1726 3680 1780 3725 et
1821 3674 2060 3743 largiter.

497 3772 516 3804 ι
584 3753 978 3826 Unusquisque
1032 3756 1190 3827 juxta
1242 3760 1578 3828 propositum
1654 3763 1857 3820 cordis.
1903 3784 1923 3816 ι
1982 3766 2063 3820 Ad

496 3846 679 3908 priora
716 3847 874 3911 redit,
901 3848 1094 3902 dicens
1123 3852 1549 3919 propemodum.
1583 3851 1656 3906 Ea
1692 3854 1910 3923 quidem
1943 3871 2064 3925 quae

492 3939 560 3992 de
597 3941 942 4012 eleemosyua
1009 3941 1118 3995 dici
1155 3951 1373 4012 Oportet
1425 3943 1538 3998 haec
1573 3954 1700 3999 sunt
1748 3964 1762 4001 ι
1805 3957 2061 4004 cazternm

493 4034 871 4101 unusquisque
925 4033 996 4087 ita
1046 4034 1252 4089 tribuat
1303 4035 1464 4090 sicuti
1524 4040 1828 4106 proposuit.
1880 4058 1898 4091 ι
1946 4040 2061 4094 Non

490 4140 552 4175 ex
593 4139 843 4179 nimi-ore.
882 4145 901 4178 ι
938 4126 1053 4181 Non
1088 4128 1233 4181 enim
1268 4128 1497 4183 avaritia
1544 4138 1639 4183 aut
1673 4130 1883 4185 lucrum
1917 4149 2065 4201 qure-

490 4212 742 4266 rendum.
791 4230 810 4263 ι
862 4215 1061 4269 Autex
1122 4216 1463 4272 necessitate.
1505 4235 1523 4269 ι
1589 4216 1865 4273 Neminem
1918 4220 2063 4274 enim

491 4304 763 4371 cogimus,
830 4307 1029 4374 inquit.
1073 4308 1132 4362 In
1184 4310 1562 4374 superioribus
1615 4326 1849 4380 namque
1890 4312 2063 4366 dixit:

496 4413 513 4444 ι
554 4394 671 4448 Non
726 4395 1045 4465 imperando
1071 4396 1270 4466 loquor
1300 4400 1345 4430 "
1380 4416 1395 4464 ;
1429 4418 1447 4449 ι
1477 4407 1533 4454 et
1576 4414 1789 4453 rursum
1817 4416 1831 4454 :
1874 4418 1891 4451 ι
1920 4399 2065 4453 Con-

491 4484 671 4538 silium
751 4498 930 4540 autem
1007 4487 1077 4540 dn
1118 4488 1187 4544 ”.
1233 4506 1358 4541 t—t
1419 4488 1553 4543 Nam
1610 4491 1836 4547 hilarem
1907 4491 2065 4545 dato-

2176 3598 2195 3632 t
2226 3580 2332 3633 Καὶ
2371 3580 2399 3632 ὁ
2451 3578 2689 3649 σπείρων
2714 3580 2797 3630 ἐπ’
2826 3577 3118 3645 εὐλογίαις.
3162 3597 3180 3630 ι
3249 3579 3413 3631 Μετὰ
3448 3577 3720 3647 δαψιλείας,

2169 3672 2322 3740 φησὶ,
2364 3671 2457 3723 καὶ
2489 3671 2801 3741 ἁδρότητος.
2857 3690 2875 3722 ι
2918 3669 3191 3731 Ἕκαστος
3241 3669 3427 3731 καθὼς
3467 3669 3719 3741 προαιρεῖ·

2166 3776 2256 3813 ται
2280 3764 2345 3833 τῇ
2379 3760 2597 3832 καρδίᾳ.
2633 3781 2651 3814 ι
2710 3761 2838 3813 Ἐπὶ
2868 3761 2928 3813 τὸ
2959 3762 3229 3831 πρότερον
3275 3761 3441 3814 πάλιν
3464 3756 3611 3831 ἦλθε,
3640 3776 3719 3828 μο-

2169 3852 2320 3905 νονοὺ
2348 3852 2506 3906 τοῦτο
2531 3854 2732 3921 λέγων’
2756 3854 2837 3908 Τὰ
2873 3853 2972 3924 μὲν
3016 3853 3337 3923 λαληθῆναι,
3405 3854 3560 3922 φησὶ,
3618 3851 3721 3921 περὶ

2167 3943 2534 4014 ὲλεημοσύνης
2567 3945 2878 4014 ὀφείλοντα,
2914 3944 3109 4009 ταῦτα,
3141 3945 3280 4015 πλὴν
3308 3943 3492 4005 καθὼς
3520 3945 3720 4004 ἕκαστος

2169 4040 2533 4109 προαιρεῖται,
2568 4037 2739 4101 οὕτως
2776 4036 2985 4092 διδότω.
3048 4056 3065 4088 ι
3110 4036 3203 4107 Μὴ
3264 4038 3327 4089 ἐκ
3377 4036 3575 4106 λύπης.
3612 4055 3628 4087 ι
3660 4033 3718 4087 (hi

2168 4128 2275 4199 γάρ
2295 4131 2409 4183 ἐστι
2436 4129 2743 4193 πλεονεξία.
2778 4147 2796 4181 ι
2850 4128 3002 4198 Μηδὲ
3058 4128 3120 4193 ἐξ
3187 4129 3456 4201 ἀνάγκης.
3492 4148 3509 4180 ι
3539 4128 3607 4181 03
3634 4126 3716 4192 γὰρ

2169 4221 2489 4293 βιαζόμεθα,
2535 4222 2692 4293 φησὶ,
2748 4222 2888 4276 τινά.
2952 4217 3086 4274 Eius
3136 4220 3244 4287 γὰρ
3276 4221 3410 4282 ἄνω,
3456 4238 3475 4270 ι
3517 4220 3589 4272 Ού
3616 4217 3714 4268 κατ’

2167 4313 2432 4385 ἐπιταγὴν
2469 4312 2635 4382 λέγω.
2663 4331 2682 4365 ι
2711 4312 2822 4366 Καὶ
2859 4312 3039 4373 πάλιν,
3078 4331 3096 4363 ι
3130 4310 3358 4381 Γνώμην
3385 4309 3442 4362 δὲ
3474 4308 3668 4377 δίδωμι.
3697 4324 3712 4355 ο

2165 4434 2236 4447 -—
2271 4424 2288 4456 ι
2337 4403 2544 4474 ἰλαρδν
2576 4405 2685 4474 γὰρ
2702 4403 2863 4473 δότην
2899 4402 3088 4472 ἀγαπᾷ
3111 4404 3138 4455 ὁ
3163 4401 3320 4463 Θεὸς.
3358 4420 3379 4454 ι
3439 4399 3547 4453 Καὶ
3597 4414 3715 4467 μαρ·

2165 4494 2327 4568 τυρία
2361 4495 2588 4567 βεϐαιοῖ,
2613 4495 2673 4548 τὸ
2694 4495 2769 4566 μὴ
2806 4494 2917 4548 δεῖν
2945 4494 3007 4546 ὲκ
3045 4493 3222 4562 λύπης
3253 4492 3486 4546 διδόναι.
3527 4510 3546 4542 ι
3576 4491 3716 4542 Πνευο

490 4592 603 4629 rem
636 4577 812 4644 diligit
840 4577 1003 4633 Deus.
1043 4598 1062 4630 ι
1094 4576 1435 4635 Testimonio
1489 4596 1715 4652 quoqueI
1773 4583 2064 4639 conﬁrmat

2174 4590 2417 4660 ματικῶν
2470 4606 2548 4652 τε,
2620 4589 2775 4658 φησὶ,
2827 4587 2920 4642 καὶ
2978 4586 3253 4659 σαρκικῶν
3320 4587 3711 4658 πραγμάτων,›

490 4669 632 4738 quod
657 4687 718 4723 cx
763 4686 997 4726 mmrore
1025 4671 1158 4726 dare
1208 4688 1315 4727 non
1381 4683 1651 4744 npurleat,
1686 4694 1704 4727 ι
1785 4674 1853 4731 Ut
1881 4679 2062 4732 omnis

2174 4680 2308 4736 ὥστε
2325 4681 2585 4735 δύνασθαι
2624 4682 2770 4748 ὑμᾶς
2801 4680 3041 4751 δαψιλῶς
3075 4679 3438 4748 μεταδιδόναι,
3487 4679 3519 4748 ἦ
3547 4679 3620 4730 ὅτι
3643 4674 3716 4727 δύο

492 4761 665 4826 pratia
703 4760 756 4813 in
792 4763 1195 4817 vosexuberet.
1231 4782 1250 4814 ι
1283 4763 1492 4828 Omnis,
1520 4764 1719 4834 inquit,
1752 4767 1925 4831 gratia
1948 4774 2058 4821 tam

2174 4790 2325 4828 ναται
2355 4773 2382 4825 ό
2421 4770 2574 4834 Θεὸς,
2608 4770 2764 4842 ὑμῶν
2810 4769 3051 4840 σαρκικὰ
3109 4770 3203 4823 καὶ
3255 4768 3430 4839 μικρὰ
3477 4767 3714 4823 διδόντων.

491 4852 857 4920 spiritualium
890 4870 1052 4921 quam
1110 4856 1412 4910 carnalium
1465 4872 1674 4919 rerum,
1741 4864 1799 4910 ut
1849 4857 2062 4913 abunde

2174 4830 2662 4933 πνευματικὰ-’καί
2739 4830 2951 4932 μεγάλα
3007 4830 3495 4921 ἀντιδοῦναι,’καὶ
3547 4871 3715 4926 περισ-

491 4944 714 5011 possitis
748 4945 1003 5001 tribuere‘.
1032 4946 1138 5001 Ant
1163 4947 1308 5017 quod
1334 4957 1513 5016 potest
1543 4946 1688 5001 Dens
1710 4988 1725 5014 ,
1759 4948 1914 5001 vobis
1943 4963 2063 5002 car-

2174 4955 2383 5009 σεῦσαι.
2427 4954 2503 5007 Οὐ
2540 4954 2719 5023 μόνον,
2756 4954 2910 5022 φησὶ,
2947 4953 3254 5020 πληρῶσαι,
3285 4950 3422 5005 ἀλλὰ
3459 4951 3548 5005 καὶ
3600 4946 3709 5015 ὑπὲρ

489 5034 636 5086 nalia
679 5048 739 5088 ac
759 5050 923 5104 parva
952 5039 1342 5106 tribuentibus,
1398 5039 1701 5109 spiritualia
1761 5053 2064 5108 magnaque

2174 5044 2267 5115 τὴν
2296 5045 2485 5115 χρείαν
2518 5043 2721 5097 δοῦναι.
2759 5063 2777 5095 ι
2809 5046 2993 5097 Πᾶσαν
3028 5044 3379 5113 αὐτάρκειαν.
3422 5061 3442 5094 ι
3487 5042 3617 5109 Ὅρα
3641 5051 3713 5089 σο·

489 5126 810 5194 rcpendere,
835 5135 890 5180 et
924 5127 1103 5183 facere
1131 5139 1188 5186 ut
1221 5134 1536 5187 exuberent.
1568 5133 1687 5187 Non
1740 5131 1941 5197 solum,
1979 5131 2061 5185 in-

491 5218 647 5289 quit,
709 5217 957 5288 implere,
1026 5238 1213 5276 verum
1262 5225 1426 5278 etiam
1485 5225 1626 5277 ultra
1676 5223 2059 5278 necessitatem

489 5317 645 5373 dare.
682 5333 710 5365 α
738 5310 965 5368 Omnem
1018 5316 1416 5371 sullicicntiam.
1459 5337 1477 5369 ι
1515 5315 1818 5372 Considera
1852 5316 2067 5383 sapien-

493 5413 649 5468 tiam.
680 5412 740 5468 ln
782 5408 1097 5464 carnalibus
1128 5409 1509 5464 suliicieutiam
1561 5409 1696 5472 ipsis
1766 5417 2063 5479 precatur:

491 5509 549 5553 at
606 5499 657 5552 in
692 5497 1068 5568 spiritualibus
1111 5496 1521 5552 exuberantiam
1581 5510 1634 5551 et
1712 5498 2069 5567 opulentiam.

490 5586 784 5656 Dispersil,
813 5589 960 5644 dedit
983 5589 1335 5660 pauperibus.
1378 5587 1752 5657 iil‘ruphetam
1780 5591 1862 5644 eis
1900 5591 2065 5645 addu-

496 5682 571 5734 cit
599 5682 1071 5737 adlibcialitatem
1113 5680 1518 5736 adhortantem.
1561 5682 1699 5735 Nam
1756 5683 2072 5753 dispergere

602 5860 648 5892 ⁸⁸
682 5861 725 5915 ll
759 5863 886 5920 Cor.
915 5879 1033 5930 vm,
1068 5863 1121 5918 8.
1224 5861 1269 5896 "
1302 5861 1441 5918 Ibid.
1482 5861 1564 5917 10.

2172 5135 2322 5203 φίαν·
2374 5135 2463 5188 Ἐν
2521 5136 2634 5197 τοῖς
2664 5136 2946 5205 σαρκικοῖς
2971 5134 3305 5202 αὐτάρκειαν
3347 5133 3529 5195 αύτοῖς
3578 5131 3713 5180 ἑπευ-

2171 5228 2422 5299 χόμενος,
2457 5228 2513 5278 ὲν
2541 5229 2653 5289 τοῖς
2712 5230 3107 5294 πνευματικοῖς
3146 5225 3464 5294 περισσείαν
3510 5222 3595 5275 καὶ
3636 5234 3714 5271 πε-

2175 5318 2417 5389 ριουσίαν
2433 5314 2676 5387 εὔχεται.
2701 5335 2720 5367 ι
2764 5317 3141 5386 Ἐσκόρπισεν,
3158 5315 3327 5369 ἔδωκε
3342 5319 3455 5377 τοῖς
3478 5314 3667 5381 πένησι.
3692 5326 3707 5357 ι

2173 5410 2277 5464 Τὸν
2300 5412 2585 5480 προφήτην
2650 5409 2836 5471 αὐτοῖς
2892 5409 3165 5479 ἐφίστησι,
3220 5407 3500 5477 δαψίλειαν
3539 5417 3710 5472 mpm.

2177 5501 2390 5557 νοῦντα.
2464 5501 2537 5553 Τὸ
2583 5503 2710 5572 γὰρ,
2785 5502 3103 5569 σκορπίσαι,
3145 5500 3431 5569 δαψίλειας
3492 5507 3715 5565 σημαντι-

2181 5594 2296 5647 κόν.
2371 5610 2389 5643 ι
2432 5591 2496 5645 Ἡ
2548 5592 2862 5662 δικαιοσύνη
2937 5590 3123 5646 αύτοῦ.
3166 5610 3184 5643 ι
3251 5589 3493 5650 Δικαίους
3544 5585 3641 5654 γὲρ
3684 5582 3711 5647 ἡ

2185 5684 2516 5756 ἒλεημοσύνη
2594 5687 2756 5749 ποιεῖ,
2798 5683 2988 5754 ὥσπερ
3073 5681 3183 5754 πῦρ
3264 5680 3588 5752 καθαίρουσα
3660 5672 3714 5724 τὶ
