3956 6552
207 364 350 427 1025

1123 364 1508 425 COMMEN'I‘.
1554 364 1629 422 1N
1658 363 1894 423 El‘lS'l‘.
1942 366 2000 423 Il
2043 367 2141 425 AD
2181 365 2542 425 CORiNTII.

3330 364 3467 430 1026

204 471 675 543 πλημμελήματα.
708 490 725 525 ι
764 471 932 526 Μένει
981 472 1058 536 εἰς
1085 471 1175 526 τὸν
1204 474 1396 529 αῑῶνα.
1440 494 1459 526 ι
1498 473 1634 528 Οὐδὲ
1654 489 1783 526 ποτε

1905 474 2313 544 iigttiﬁeativum
2346 484 2432 529 cs'.
2483 472 2876 529 exuberantize.
2917 491 2938 526 ι
2985 472 3209 529 Iustitia
3261 476 3401 545 ejus.
3440 496 3460 528 ι

203 562 316 631 γάρ
346 561 654 616 σϐέννυται.

293 877 348 930 '0
371 876 442 931 δὲ
490 878 867 946 ἐπιχορηγῶν
922 878 1161 947 σπέρμα
1205 876 1285 943 τῷ
1326 879 1633 947 σπείροντι
1686 879 1783 933 καὶ

205 968 397 1029 ἄρτον
438 971 520 1030 si;
582 967 843 1035 βρῶσιν,
900 968 1235 1037 χορηγῆσαι
1293 970 1391 1024 καὶ
1465 971 1772 1037 πληθύναι

206 1061 316 1112 τὸν
365 1060 598 1128 σπόρον
633 1058 819 1130 ὑμῶν,
851 1061 948 1115 καὶ
1010 1060 1275 1127 αὑξήσαι
1327 1062 1398 1116 τὰ
1447 1062 1789 1132 γεννήματα

210 1148 318 1215 τῆς
356 1150 750 1219 δικαιοσύνης
778 1151 964 1222 ὑμῶν,
995 1151 1066 1206 ἐν
1102 1154 1281 1207 παντὶ
1308 1152 1786 1223 πλουτιζόμενοι,

206 1246 294 1306 εἰς
374 1241 579 1297 πᾶσαν
628 1245 941 1310 ἁπλότητα
975 1285 989 1308 ,
1062 1244 1195 1310 ἥτις
1246 1245 1654 1314 κατεργάζεται
1710 1246 1787 1299 δι’

210 1331 380 1400 ἡμῶν
409 1334 801 1400 εὐχαριστίαν
829 1330 907 1396 τῷ
939 1332 1079 1398 Θεῷ.
1104 1335 1229 1387 ὐτι
1272 1335 1309 1401 ἡ
1358 1334 1632 1388 διακονία
1685 1335 1793 1402 τῆς

206 1425 832 1493 λειτουργίαςταύτης,
850 1426 922 1479 οὐ
944 1428 1139 1492 μόνον
1165 1426 1297 1479 ἐστὶ
1357 1433 1793 1495 προσαναπλη-

206 1515 402 1580 ροῦσα
466 1517 539 1569 τὰ
618 1516 1008 1586 ὑστερήματα
1041 1518 1185 1570 ’τῶν
1231 1518 1433 1588 ἁγίων.
1498 1519 1657 1572 ἀλλὰ
1696 1520 1793 1572 καὶ

209 1610 663 1676 περισσεύουσα
692 1608 789 1663 διὰ
826 1608 1076 1663 πολλῶν
1091 1611 1488 1680 εὐχαριστιῶν
1533 1611 1613 1675 τῷ
1650 1611 1792 1677 Θεῷ,

208 1699 307 1751 διὰ
339 1698 451 1764 τῆς
497 1698 751 1768 δοκιμῆς
811 1700 920 1767 τῆς
979 1700 1289 1759 διακονίας
1344 1704 1565 1779 ταύτης
1618 1702 1795 1765 δοξά-

208 1790 412 1855 ζοντες
441 1791 546 1843 τὸν
601 1791 771 1854 Θεὸν,
797 1791 893 1843 ἐπὶ
918 1789 991 1859 τῇ
1016 1791 1297 1861 ὑποταγῇ
1333 1792 1446 1859 τῆς
1471 1796 1798 1863 ὁμολογίας

212 1879 379 1949 ὑμῶν
407 1883 495 1947 εις
527 1881 594 1934 τὸ
625 1882 989 1951 Εὐαγγέλιον
1006 1882 1109 1936 τοῦ
1136 1884 1411 1952 Χριστοῦ,

301 1995 391 2047 Ἐν
421 1994 587 2064 εἱχῆς
625 1994 1087 2059 τάξειαίνίττεται
1125 1998 1186 2050 τὸ
1215 1997 1288 2069 μὴ
1322 1999 1429 2051 δεῖν
1461 1998 1683 2071 δειλιᾷν,
1720 2001 1792 2070 μή

210 2100 331 2146 πως
375 2082 498 2145 δούς
521 2100 603 2146 τις
632 2084 823 2149 πολλὰ,
853 2085 1016 2149 αὐτὸς
1058 2085 1241 2156 ἐνδεὴς
1279 2087 1499 2158 εὑρεθῇ.
1561 2088 1620 2140 '0
1680 2087 1791 2158 γὰρ

211 2177 435 2245 σπέρμα
490 2180 746 2246 χορηγῶν
811 2176 944 2241 Θεὸς
994 2177 1072 2245 τῷ
1123 2179 1215 2231 τὸν
1270 2180 1526 2247 αἰσθητὸν
1582 2180 1785 2251 σπόρον

214 2268 513 2336 σπείροντι,
549 2269 643 2320 καὶ
675 2267 734 2319 τὸ
756 2266 918 2337 σῶμα
946 2269 1163 2339 τρέφων
1194 2270 1363 2340 ἄρτῳ,
1404 2271 1517 2333 πῶς
1546 2271 1611 2325 ἂν
1645 2274 1787 2342 άμε-

210 2356 399 2428 λήσειε
451 2356 546 2409 τοῦ
607 2357 703 2411 τὸν
752 2359 1120 2429 πνευματικὸν
1173 2361 1493 2431 σπείροντος
1544 2364 1787 2434 σπόρον;

218 2471 238 2503 ι
269 2453 591 2524 Χορηγήσαι
636 2457 729 2507 καὶ
760 2454 1057 2525 πληθύναι.
1099 2475 1118 2508 ›
1152 2457 1523 2529 Χορηγήσειεν
1545 2460 1671 2529 ὐμῖν
1727 2460 1796 2513 τά

222 2544 466 2615 σαρκικὰ
503 2544 760 2614 δαψιλῶς,
788 2544 876 2598 ἵνα
906 2547 1185 2619 πληθυνθῇ
1228 2550 1322 2603 καὶ
1374 2552 1407 2621 ή
1456 2550 1791 2622 ἐλεημοσύνη

215 2637 392 2704 ὐμῶν.
426 2636 639 2707 Ταύτην
663 2639 772 2708 γάρ
802 2639 897 2692 νῦν
976 2642 1177 2709 σπόρον
1213 2641 1365 2711 φησί.
1425 2660 1443 2693 ι
1486 2642 1596 2694 Καὶ
1626 2643 1794 2714 αὐξή-

217 2730 398 2782 σαιτά
427 2731 766 2799 γεννήματα.
817 2750 836 2784 ι
884 2733 978 2784 Ἐκ
1012 2734 1120 2804 γὰρ
1149 2733 1243 2786 τοῦ
1298 2732 1396 2804 τῆς
1425 2727 1795 2804 ἑλεημοσύνης

218 2821 445 2893 σπόρου,
471 2824 622 2889 αὔξει
647 2826 997 2898 δικαιοσύνης
1031 2830 1366 2896 γεννήματα.
1411 2827 1698 2900 Τροπικῶς
1737 2831 1794 2884 δὲ

216 2912 315 2965 ὅλα
341 2908 517 2969 εἶπεν.
560 2934 579 2967 ι
616 2916 777 2979 Ἤτις
837 2918 1240 2987 κατεργάζεται
1291 2917 1362 2970 δι’
1413 2918 1589 2987 ἡμῶν.
1630 2936 1649 2969 ι
1699 2918 1795 2981 Εἰς

218 3000 442 3071 ταύτην,
474 3004 632 3073 φησὶ,
660 3005 761 3076 τὴν
794 3005 1072 3075 ἁπλότητα
1114 3006 1208 3058 καὶ
1244 3006 1527 3075 δαψίλειαν
1580 3007 1796 3059 πλουτι-

219 3088 456 3160 σϐείητε,
527 3093 653 3160 ἥτις
694 3092 1096 3165 κατεργάζεται
1134 3095 1203 3148 δι’
1263 3095 1420 3165 ήμῶν
1448 3095 1796 3165 εὐχαριστίαν

1824 1855 1873 1914 Β

1891 566 2025 620 Nam
2064 567 2247 635 justus
2273 568 2618 637 elceunisyua
2649 568 2783 621 facit
2818 568 2885 632 ⁸⁷,
2924 566 3123 630 delicta
3156 568 3208 620 in
3245 569 3465 621 modum

1888 658 2031 727 ignis
2058 660 2380 728 puriticans.
2416 677 2433 709 ι
2478 659 2734 713 Manetin
2770 661 3056 714 saeculum.
3103 678 3122 712 ι
3174 659 3464 728 Nunquam

1889 748 2034 802 enim
2067 751 2458 818 exstinguitur.

1962 875 2054 941 IX,
2084 878 2272 933 10-15.
2318 878 2487 934 Porro
2522 881 2612 950 qui
2643 882 2945 951 suppeditat
2970 899 3141 937 semen
3185 884 3468 937 seminanti

1882 974 1941 1021 'et
1977 983 2165 1035 panem
2200 973 2253 1023 in
2270 972 2463 1031 cibum.
2499 976 2543 1026 is
2571 974 2861 1043 suppeditet
2892 992 2953 1027 ac
2977 974 3471 1045 multiplicet669

1893 1067 2174 1110 sementem
2214 1070 2465 1121 vestram.
2521 1072 2569 1115 et
2599 1072 2788 1130 augeat
2809 1062 3042 1130 fructum
3094 1062 3329 1129 justitiw
3383 1078 3469 1115 ve-

1892 1160 2039 1212 strtr,
2074 1161 2126 1201 ut
2162 1150 2215 1203 in
2252 1152 2491 1204 omnibus
2518 1151 2905 1219 locupletemini
2937 1155 2990 1206 in
3018 1170 3223 1207 omnem
3249 1154 3471 1207 sinceri-

1899 1250 2057 1293 latent
2085 1258 2202 1308 qua
2225 1258 2318 1310 per
2347 1258 2441 1294 nos
2466 1244 2641 1309 eﬂecit
2695 1254 2751 1295 ut
2802 1246 2994 1314 gratia
3054 1257 3283 1313 agantur
3340 1244 3466 1300 Deo.

1900 1331 2040 1384 Nam
2079 1334 2281 1399 functio
2315 1334 2428 1401 ejus
2460 1336 2740 1388 ministerii
2792 1352 2893 1388 non
2928 1337 3097 1388 solum
3154 1336 3354 1404 supplet
3406 1353 3470 1389 ea

1897 1442 2013 1496 qua:
2059 1425 2244 1478 desunt
2275 1428 2496 1488 sanctis,
2561 1442 2736 1479 rerum
2778 1428 2936 1479 etiam
2989 1430 3237 1479 exuberat
3281 1428 3335 1479 in
3374 1427 3471 1480 hoc

1898 1518 2039 1588 quod
2062 1534 2152 1586 per
2181 1518 2375 1571 multos
2406 1520 2596 1589 gratia:
2636 1529 2869 1588 agantur
2914 1518 3042 1580 Deo,
3075 1521 3165 1588 qui
3208 1535 3301 1588 per
3347 1536 3473 1587 pro-

1902 1610 2083 1663 batum
2112 1610 2207 1664 hoc
2231 1612 2583 1665 ministerium
2612 1610 2920 1681 gloriﬁcant
2954 1611 3137 1676 Deum,
3165 1628 3320 1680 super
3351 1612 3472 1665 obe-

1904 1701 2106 1756 dientia
2138 1702 2479 1772 confessionis
2511 1712 2694 1757 vestra:
2721 1704 2775 1755 in
2797 1701 3140 1772 Evangetium
3170 1703 3393 1757 Christi.

1970 1997 2025 2051 In
2074 1998 2337 2054 orationis
2388 2000 2581 2054 ordine
2629 1999 2837 2054 indicat
2889 2015 2996 2053 non
3047 2008 3304 2069 oportere
3356 2016 3471 2055 me.-

1897 2095 2070 2152 tuet‘e,
2120 2103 2185 2142 ne
2236 2089 2508 2156 quomodo
2545 2089 2591 2143 is
2622 2089 2713 2158 qui
2751 2089 2921 2142 multa
2972 2090 3179 2152 tribuit,
3224 2092 3472 2162 indigere

1896 2179 2224 2234 inveniatur.
2260 2179 2393 2234 Nam
2434 2182 2526 2250 qui
2574 2198 2780 2246 semen,
2812 2183 2862 2235 iul
2892 2192 2995 2246 est,
3029 2184 3341 2238 sensibilem
3384 2200 3470 2238 sc-

1896 2281 2132 2324 mentem
2188 2271 2498 2340 suppeditat
2529 2270 2879 2336 ‘seminauti,
2932 2286 3123 2341 nempe
3184 2271 3326 2326 Deus
3374 2273 3467 2341 qui

1894 2360 2059 2413 etiam
2111 2374 2311 2429 corpus
2366 2376 2502 2429 pane
2553 2361 2748 2425 nutrit,
2790 2361 3063 2430 quomodo
3111 2377 3234 2415 cum
3287 2373 3473 2430 posset

1894 2452 2167 2523 negligere
2197 2453 2289 2519 qui
2326 2452 2658 2521 spiritualem
2691 2452 2822 2506 facit
2851 2462 3173 2508 sementem.
3214 2472 3231 2504 ι
3264 2451 3313 2507 Is
3341 2468 3471 2522 sup-

1896 2542 2101 2612 peditet
2138 2556 2202 2597 ac
2242 2543 2584 2610 multiplicet.
2629 2561 2647 2594 ι
2688 2544 2897 2599 Poterit
2927 2553 2980 2597 et
3011 2544 3251 2597 carnalia
3288 2554 3470 2598 vestra

1896 2632 2111 2687 abunde
2161 2634 2536 2702 suppeditare,
2584 2636 2724 2690 adeo
2765 2643 2824 2689 ut
2868 2636 3032 2690 etiam
3082 2637 3474 2704 multiplicetur

1895 2725 2239 2796 eleemosyna
2272 2736 2474 2790 vestra,
2524 2729 2664 2782 lianc
2710 2729 2856 2782 enim
2896 2728 3030 2782 dicit
3071 2743 3217 2781 nunc
3256 2743 3470 2782 seuien-

1897 2824 2005 2868 tem
2040 2834 2055 2871 :
2093 2836 2112 2869 ι
2152 2815 2218 2870 Ει
2249 2828 2444 2888 augeat
2480 2818 2743 2873 fructum.
2774 2838 2793 2871 ι
2830 2818 2963 2873 Nam
3006 2835 3070 2873 es
3112 2821 3471 2888 eleemosynae

1899 2917 2144 2962 semente
2174 2912 2396 2978 augebit
2426 2922 2479 2964 et
2509 2925 2758 2965 crescere
2790 2909 2953 2965 faciet
2984 2910 3192 2964 fructus
3219 2910 3469 2977 justitize.

1898 2995 2095 3054 Omnia
2136 3010 2317 3054 autem
2356 3002 2639 3070 ligmative
2669 3002 2826 3056 dixit.
2874 3018 2894 3052 ι
2934 3001 3065 3067 Qua
3103 3017 3197 3070 per
3227 3016 3324 3054 nos
3355 3001 3498 3055 etii--

1897 3091 1991 3144 cit.
2025 3108 2045 3141 ι
2090 3090 2147 3145 In
2190 3092 2349 3156 lianc,
2396 3092 2595 3162 inquit,
2642 3093 3016 3147 sinceritatem
3053 3104 3104 3147 et
3136 3094 3469 3163 opulentiam

218 3179 297 3249 τῷ
322 3182 467 3254 Θεῷ.
506 3181 572 3234 Τί
595 3182 653 3236 δὲ
679 3182 742 3235 τὸ
763 3182 859 3236 καὶ
881 3184 1008 3246 τούς
1025 3182 1216 3247 ἄλλους
1248 3182 1662 3253 παρασκευάζον
1707 3183 1793 3235 εὐ-

1905 3182 2210 3246 ditescatis.
2261 3201 2381 3255 qua:
2425 3200 2523 3254 per
2565 3199 2667 3240 nos
2709 3185 2871 3239 eﬂicit
2920 3194 2980 3238 ut
3012 3185 3199 3254 gratia:
3243 3193 3474 3263 agantur

221 3276 499 3342 χαριστεῖν
521 3274 599 3343 τῷ
630 3272 769 3344 Θεῷ,
801 3274 941 3343 ὑπὲρ
970 3266 1043 3325 ὧν
1078 3273 1168 3326 καὶ
1205 3274 1361 3343 ὑμεῖς
1396 3274 1731 3341 κεκτήμεθα;
1759 3276 1791 3343 ἡ

1905 3275 2032 3330 Deo.
2076 3275 2215 3342 Quid
2264 3286 2349 3331 cst
2397 3277 2763 3351 autemquod
2809 3278 2970 3332 etllcit
3016 3289 3074 3332 ut
3117 3279 3208 3332 alii
3255 3293 3474 3347 quoque

220 3364 438 3418 absentia
464 3366 726 3437 δηλονότι.
782 3365 1148 3419 Πλουτίσασθε
1213 3363 1307 3420 οὖν
1384 3367 1463 3429 είς
1528 3366 1791 3419 εὐποιίαν.

218 3456 391 3510 Τοῦτο
417 3457 525 3528 γάρ
557 3459 650 3511 καὶ
685 3459 814 3521 τούς
845 3459 1220 3529 λαμϐάνοντας
1267 3460 1414 3528 ἡμᾶς
1455 3458 1796 3528 εὐχαριστεῖν

219 3549 595 3620 ποιήσειΘεῷ.
609 3550 763 3603 (Ὅτι
783 3551 815 3619 ἡ
834 3549 1097 3603 διακονία.
1116 3550 1492 3619 »Τουτέστινζή
1520 3548 1797 3619 φιλοτιμία

219 3638 315 3689 καὶ
346 3639 381 3706 ἡ
405 3638 633 3708 εἰσφορά
658 3637 766 3690 τῶν
797 3654 899 3709 χρη
910 3638 1093 3707 μάτων
1117 3636 1345 3697 τούτων,
1378 3636 1472 3688 καὶ
1497 3637 1530 3706 ὴ
1557 3636 1797 3704 λειτουρ-

219 3731 313 3796 γία
329 3734 363 3801 ὴ
381 3732 729 3803 πνευματικὴ
753 3735 785 3803 ἡ
806 3732 1194 3801 διακονουμένη
1225 3732 1315 3799 ὐφ’
1338 3731 1515 3800 ἡμῶν.
1555 3732 1659 3784 ιΟὐ
1700 3730 1798 3799 μό-

220 3841 312 3877 νον
330 3824 449 3878 ὲστὶ
486 3822 1035 3896 προσαναπληροῦσα.
1071 3842 1089 3874 ι
1119 3822 1193 3876 Οὐ
1244 3822 1423 3892 μόνον,
1456 3821 1610 3891 φησὶ,
1642 3820 1798 3873 τοῦτο

218 3916 503 3985 κατορθοῖ,
532 3916 594 3969 τὸ
644 3914 993 3985 ἀναπληροῦν
1044 3916 1111 3968 τά
1171 3916 1522 3985 ὑστερήματα
1577 3916 1668 3968 ml.
1697 3915 1796 3985 τὴν

218 4002 430 4055 ἔνδειαν
454 4003 562 4056 τῶν
593 4003 784 4070 ἁγίων,
812 4002 948 4056 ἀλλά
980 4002 1075 4055 καὶ
1103 4001 1454 4073 περισσεύειν
1507 4004 1652 4054 ποιεῖ
1698 4001 1798 4074 τὴν

219 4095 302 4157 εἰς
331 4093 468 4146 Θεὸν
500 4093 873 4163 εὐχαριστίαν,
904 4092 966 4145 τὸ
998 4092 1087 4146 διὰ
1119 4091 1329 4144 πολλῶν
1365 4090 1793 4162 προσφέρεσθαι.

223 4179 355 4237 Οἶον
395 4184 451 4238 δέ
485 4186 599 4238 ἐστι
624 4186 716 4238 καὶ
756 4186 975 4254 τρέφειν
1021 4182 1370 4252 πενομένους,
1423 4182 1517 4235 καὶ⁹
1583 4182 1798 4253 εὐχαρι-

225 4272 479 4327 στεῖσθαι
525 4275 968 4345 παρασκευάζειν
1021 4272 1173 4327 Θεόν.
1228 4273 1308 4326 Τὰ
1335 4273 1464 4343 Γγὰρ
1512 4272 1627 4337 δύο,
1690 4272 1799 4325 τῶν

224 4366 372 4430 ἄγαν
401 4366 829 4434 ἐπαινουμένων.
865 4363 1183 4436 Περισσεύει
1242 4363 1319 4428 δὲ,
1370 4365 1522 4433 φησι,
1574 4364 1660 4417 διά
1704 4364 1801 4434 τῆς

222 4454 459 4524 δοκιμῆς
475 4457 571 4524 τῆς
598 4455 873 4517 διακονίας
903 4453 1128 4523 ταύτης,
1160 4454 1406 4506 τουτέστι
1439 4454 1534 4524 τῆς
1551 4453 1797 4521 δοκίμου,

1899 3365 2101 3433 gratias
2133 3374 2296 3435 agant
2327 3366 2433 3419 Deo
2462 3380 2558 3433 pro
2593 3366 2676 3419 bis
2706 3380 2826 3434 quae
2854 3374 2907 3420 et
2940 3381 3040 3420 nos
3074 3365 3216 3419 nacti
3252 3366 3477 3419 Sumus?

1902 3453 2259 3509 beneﬁcentia
2306 3454 2560 3508 videlicet
2607 3454 2919 3537 :‘ditescite
2958 3456 3122 3525 igitur
3160 3453 3476 3508 beneﬁcen-

1901 3545 1995 3599 tia.
2028 3545 2085 3600 ιιι
2120 3561 2356 3615 namque
2380 3546 2545 3599 etiam
2582 3562 2681 3600 nos
2713 3548 2803 3616 qui
2837 3547 3139 3615 accipimus
3169 3546 3333 3600 faciet
3369 3544 3476 3600 Deo

1898 3638 2102 3704 gratias
2134 3652 2313 3705 agere.
2352 3655 2369 3687 ι
2403 3634 2537 3689 Nam
2567 3635 2772 3690 {tinctio
2799 3637 2963 3705 hujus
2993 3636 3333 3691 ministerii.»
3365 3634 3478 3689 lloc

1899 3739 2005 3790 est,
2043 3728 2342 3784 liberalitas
2388 3736 2441 3783 et
2480 3729 2700 3784 collatio
2746 3730 2941 3783 harum
2990 3730 3369 3797 pecuniarum,
3412 3742 3478 3781 ac

1900 3820 2188 3889 spirituale
2234 3821 2599 3875 ministerium
2637 3823 2781 3891 quod
2820 3840 2848 3873 a
2892 3822 3049 3875 nobis
3095 3820 3479 3875 subministra-

1902 3921 2013 3965 tur.
2045 3930 2062 3963 ι
2093 3910 2210 3965 Non
2242 3912 2418 3966 solum
2448 3912 2681 3981 supplet.
2717 3930 2736 3963 ι
2768 3912 2884 3965 Νοιι
2918 3913 3095 3967 solum
3129 3912 3252 3975 huc,
3277 3911 3476 3980 inquit,

1901 4004 2212 4073 assequitur
2246 4012 2303 4056 ut
2330 4003 2546 4072 expleat
2572 4017 2634 4056 ea
2662 4017 2785 4070 quae
2814 4002 3035 4064 desunt,
3078 4004 3194 4057 sive
3232 4003 3477 4071 indigen-

1902 4095 2034 4147 tiam
2073 4104 2412 4155 sanctorum,
2448 4108 2633 4147 verum
2668 4093 2828 4147 etiam
2859 4094 3162 4147 exuberare
3193 4092 3321 4146 facit
3351 4106 3477 4161 gra-

1902 4188 2103 4241 tiarum
2135 4186 2405 4239 actionem
2436 4200 2563 4253 erga
2595 4182 2790 4248 Deum,
2817 4184 2960 4253 quod
2996 4184 3312 4252 permultos
3340 4183 3480 4237 olfe-

1902 4287 2076 4332 ratur.
2116 4277 2229 4332 Hoc
2260 4286 2444 4331 autem
2482 4284 2565 4330 est
2594 4275 2738 4345 quod
2770 4284 2824 4330 et
2862 4289 3128 4345 pauperes
3159 4275 3394 4335 alantur,
3426 4283 3479 4328 et

1903 4371 2115 4425 eﬂiccre
2150 4380 2210 4424 ut
2238 4368 2423 4439 gratia:
2459 4377 2696 4438 agantur
2724 4368 2855 4421 Deo.
2887 4366 3021 4427 Nam
3058 4366 3171 4420 haec
3200 4366 3307 4418 duo
3335 4366 3479 4418 inter

1903 4478 1965 4518 ea
2001 4470 2127 4517 sunt
2158 4476 2278 4532 qua:
2310 4460 2600 4513 admodum
2635 4459 3035 4513 collaudantur.
3074 4455 3349 4509 Exuberat
3381 4472 3482 4509 au-

226 4549 328 4599 κα¹ι
368 4545 536 4618 πείρᾳ
582 4547 681 4615 τὴν
724 4546 1068 4618 χρηστότητα
1124 4545 1375 4616 δειξάσης
1412 4545 1795 4616 ὲλεημοσύνης,

1906 4564 2036 4616 tem.
2078 4554 2232 4616 dicit,
2259 4568 2355 4623 per
2378 4552 2668 4623 probatum
2711 4551 2815 4605 hoc
2865 4549 3251 4612 ministerium,
3285 4547 3336 4599 id
3372 4554 3478 4610 est,

224 4642 297 4711 ἢν
332 4642 495 4711 ἡμεῖς
523 4641 881 4710 διακονοῦμεν
915 4639 1063 4710 ὑμῖν,
1095 4639 1278 4709 φησιν.
1307 4658 1324 4691 ι
1383 4639 1543 4693 ’Δλλὰ
1576 4642 1667 4693 καὶ
1706 4657 1804 4693 πε-

231 4730 585 4800 ρισσεύουσα.
620 4749 638 4782 ι
677 4729 800 4792 Πῶς
832 4731 888 4785 δὲ
922 4729 1234 4800 περισσεύει
1269 4731 1301 4800 ἡ
1370 4729 1687 4800 εὐχαριστία
1725 4729 1803 4802 τῷ

224 4818 387 4886 Θεῷ;
434 4819 589 4888 Πῶς
614 4821 697 4874 ὅτι
739 4819 1053 4885 δοξάζοντές
1078 4821 1214 4873 εἰσιν
1244 4821 1291 4873 οἱ
1327 4819 1471 4889 ἆγιοι
1523 4821 1612 4873 τὸν
1644 4820 1800 4874 Θεόν.

228 4914 308 4967 Οὐ
361 4913 522 4979 μόνον
564 4913 645 4966 ὅτι
686 4912 847 4981 ἐλύθη
902 4913 1082 4975 αὐτοῖς
1108 4911 1195 4966 διὰ
1226 4912 1325 4981 τῆς
1354 4912 1721 4983 ἐλεημοσύνης
1766 4916 1799 4982 ἡ

228 5004 587 5067 ἔνδεια,ἀλλὰ
617 5005 712 5057 καὶ
738 5005 820 5057 ὅτι
861 5002 1294 5071 ὑποτεταγμένοι
1336 5003 1481 5068 sm,
1537 5005 1692 5074 φησι,
1742 5008 1807 5076 τῇ

226 5097 494 5168 ὁμολογίᾳ
518 5095 613 5149 τοῦ
652 5093 1010 5163 Εὐαγγελίου.
1044 5095 1253 5162 Δεῖγμα
1310 5094 1421 5162 γὰρ
1469 5092 1563 5147 τοῦ
1623 5095 1811 5147 ὑποτε-

224 5186 429 5258 τάχθαι
458 5188 569 5248 τοῖς
585 5185 961 5254 εὐαγγελικοῖς
995 5183 1401 5255 προστάγμασι,
1434 5184 1491 5238 τὸ
1531 5182 1591 5238 εὐ
1614 5189 1808 5240 ποιεῖν.

228 5278 469 5332 Πλεῖστα
516 5278 624 5348 γὰρ
661 5280 789 5347 περὶ
824 5276 1195 5345 ὲλεημοσύνης
1250 5277 1278 5328 ὁ
1318 5275 1519 5345 Κύριος
1543 5275 1809 5347 διελέχθη.

1910 4661 2009 4716 per
2054 4645 2463 4714 comprobatam
2519 4646 2950 4715 eleemosynam,
2996 4650 3049 4694 et
3097 4654 3219 4708 qua:
3267 4638 3485 4706 experi-

1912 4742 2097 4790 mento
2136 4735 2422 4790 utilitatem
2466 4733 2794 4798 ostenderit,
2841 4746 3003 4803 quam
3048 4745 3145 4785 nos
3190 4729 3343 4783 vobis
3385 4730 3486 4782 mi-

1912 4828 2235 4890 nistramus,
2269 4827 2466 4896 inquit.
2512 4826 2743 4879 «Verum
2782 4827 2946 4880 etiam
2979 4822 3264 4877 exuberat.
3298 4840 3316 4873 ι
3365 4819 3487 4888 Quo

1914 4929 2094 4973 autem
2131 4928 2289 4989 pacto
2320 4917 2582 4972 exuberat
2615 4915 2913 4985 gratiarum
2950 4912 3092 4968 actio
3120 4926 3248 4983 erga
3279 4910 3489 4966 Deum?

1914 5007 2034 5075 Quo
2056 5009 2251 5078 pacto?
2268 5006 2407 5073 Quia
2435 5010 2607 5060 sancti
2633 5004 2800 5059 Deum
2825 5004 3154 5074 gloritlcant,
3174 5018 3282 5057 non
3306 5003 3484 5058 solum

1915 5098 2059 5169 quod
2104 5114 2201 5169 per
2229 5098 2628 5167 elccmosynam
2662 5095 2839 5148 ablata
2871 5094 2944 5148 sit
2973 5092 3041 5147 ab
3071 5092 3208 5162 ipsis
3238 5093 3487 5172 indigen-

1918 5189 2011 5253 tia,
2040 5188 2206 5258 670
2234 5201 2417 5240 verum
2447 5186 2613 5240 etiam
2649 5182 2795 5253 quod
2833 5182 3116 5250 Evangelii
3152 5182 3486 5236 confessioni

1920 5280 2154 5346 subjecti
2208 5279 2350 5332 sitis.
2404 5278 2800 5342 Argumentum
2852 5276 2997 5329 enim
3057 5274 3201 5344 quod
3254 5273 3489 5341 subjecti

227 5367 356 5423 sitis
393 5368 736 5438 jussionibus
770 5366 1101 5435 evangelicis
1138 5373 1221 5420 est
1259 5367 1374 5435 ipsa
1413 5367 1793 5421 beneficentia.
1834 5368 1969 5423 Nam
2001 5369 2149 5424 circa
2206 5370 2610 5438 elcemosynam
2637 5366 2900 5423 Dominus
2938 5369 3169 5438 plurima
3205 5366 3487 5420 disseruit.

301 5477 412 5531 Καὶ
434 5476 724 5542 ἁπλότητι
753 5473 863 5543 τῆς
888 5474 1203 5540 κοινωνίας
1230 5476 1316 5540 είς
1341 5475 1563 5540 αὐτοὺς
1589 5477 1684 5529 καὶ
1723 5479 1809 5543 εις

229 5564 487 5633 πάντας,
533 5565 859 5620 καίαὺτῶν
911 5563 1116 5630 δεήσει
1153 5564 1305 5634 ὑπὲρ
1353 5564 1541 5634 ὑμῶν,
1601 5568 1807 5622 ἐπιπο-

226 5658 502 5715 θούντων
527 5656 683 5726 ὑμᾶς
711 5657 808 5712 διὰ
838 5657 952 5728 τὴν
976 5656 1481 5725 ὑπερϐάλλουσαν
1515 5656 1689 5727 χάριν
1707 5660 1811 5713 τοῦ

304 5751 350 5787 ⁸⁷
389 5750 561 5807 Eccli.
589 5765 671 5817 ιιι,
706 5750 788 5821 55,

1989 5478 2078 5545 IX,
2112 5478 2293 5534 13-15.
2339 5478 2410 5533 Et
2449 5480 2805 5534 sinceritatem
2845 5476 3337 5532 communicationis
3367 5491 3490 5544 erga

1920 5572 2060 5639 ipsos
2099 5580 2148 5624 ct
2186 5587 2313 5641 erga
2359 5588 2557 5637 omnes,
2592 5572 2755 5626 etiam
2791 5570 3091 5636 precatione
3134 5565 3352 5619 illorum
3394 5578 3492 5628 pro

1920 5662 2062 5716 vobis
2084 5663 2207 5731 :qui
2234 5662 2534 5717 desiderant
2566 5678 2654 5716 eos
2678 5669 2891 5730 propter
2913 5658 3221 5713 eminentem
3246 5652 3340 5707 Dei
3364 5669 3490 5725 gra-
