3956 6556
500 396 635 459 1027

1570 388 1960 454 (ΕΕΗΜΕΧΙΙ
1994 389 2286 452 ΤΒΙΟΟᾸΞ
2315 388 2659 449 EPISCOPI

3588 384 3741 448 10:3

495 513 624 562 tiam
655 508 709 560 in
743 505 902 560 vobis.
933 503 1118 560 Gratia
1160 514 1332 557 autem
1374 502 1482 559 Deo
1525 519 1678 573 super
1717 504 2061 559 inenarrabili

2185 500 2318 555 θεοῦ
2344 499 2437 570 ἐφ’
2463 499 2627 568 ὑμῖν.
2658 497 2838 567 Χάρις
2866 498 2935 552 δὲ
2961 496 3039 564 τῷ
3064 495 3187 569 Θεῷ
3220 495 3319 551 ἐπὶ
3388 494 3465 566 τῇ
3502 495 3754 550 ἀνεκδι-

494 616 591 655 δυο
633 615 861 653 munere.

566 687 632 741 Et
662 689 786 753 quia
821 703 914 757 per
944 687 1339 755 subjectiunem
1381 702 1443 741 ac
1483 686 1845 741 obedientiam
1880 683 2058 738 Evan-

497 782 620 853 gelii
662 780 728 832 ad
779 780 882 832 hoc
924 779 1089 833 etiam
1136 779 1365 847 subjecti
1404 778 1536 832 estis
1582 777 1647 831 ad
1689 777 2059 829 sinceritatem

496 886 620 937 erﬁa
666 872 836 938 ipsos,
882 871 985 924 hoc
1020 879 1124 931 est,
1170 868 1561 924 abundantiam
1601 869 1960 937 eleemosyute
2000 880 2062 920 ac

495 958 1033 1015 communicationis.
1090 957 1202 1013 Nec
1248 959 1424 1013 solum
1472 972 1600 1027 erga
1654 957 1824 1025 ipsos,
1874 969 2062 1009 verum

494 1048 658 1102 etiam
700 1062 827 1116 erga
873 1063 1087 1102 omnes.
1137 1047 1271 1101 Nam
1319 1048 1395 1109 hi,
1442 1046 1639 1116 inquit,
1684 1046 1858 1101 sancti
1901 1046 1972 1100 ob
2011 1044 2065 1100 id

494 1152 712 1209 quoque
774 1140 881 1193 Deo
937 1140 1142 1208 gratias
1194 1148 1362 1208 agunt
1415 1139 1561 1209 quod
1618 1140 1742 1192 aliis
1797 1138 2063 1193 tribuitis.

504 1247 521 1278 ι
556 1228 729 1282 Etiam
767 1231 1079 1296 precatione
1112 1229 1326 1280 illorum
1364 1243 1459 1295 pro
1489 1227 1665 1281 vobis.
1698 1244 1716 1276 ι
1752 1225 1807 1279 ltt
1838 1225 1959 1287 hoc,
1988 1224 2064 1278 in-

498 1323 640 1389 quit,
680 1320 786 1374 Deo
820 1321 1021 1389 gratias
1047 1328 1239 1387 agunt,
1264 1318 1413 1387 quod
1445 1316 1718 1385 Evangelii
1748 1315 2059 1370 obedientia

498 1427 564 1466 ac
613 1413 883 1477 subiectio
930 1411 1064 1465 adeo
1117 1411 1374 1480 probatos
1415 1424 1514 1464 vos
1562 1407 1881 1469 reddiderit,
1930 1405 2067 1460 adeo

501 1501 766 1554 amabiles
803 1515 817 1552 ι
851 1509 909 1554 ut
941 1500 1201 1552 continue
1237 1507 1526 1567 precentur
1562 1513 1670 1566 quo
1704 1497 1920 1551 videant
1950 1509 2065 1549 vos.

498 1593 591 1650 Ait
623 1594 767 1646 enim
796 1611 810 1647 :
846 1612 865 1644 ι
897 1594 997 1659 Qui
1029 1591 1343 1647 desiderant
1369 1606 1463 1646 vos
1494 1599 1713 1661 propter
1740 1591 2069 1645 eminentem

502 1683 594 1737 Dei
633 1684 885 1752 gratiam.
924 1700 942 1734 ι
987 1680 1114 1745 Vos,
1164 1682 1261 1744 ait,
1308 1682 1644 1747 desiderant,
1695 1696 1803 1736 non
1851 1687 2071 1750 propter

501 1774 740 1833 divitias,
778 1773 870 1825 sed
916 1781 975 1826 ttt
1016 1781 1351 1841 Spectatores
1382 1774 1493 1827 sint
1522 1774 1662 1826 data:
1693 1772 1848 1827 vobis
1886 1787 1915 1823 a
1961 1772 2071 1824 Deo

2168 591 2284 662 ηγή
2294 608 2368 656 τῳ
2389 589 2576 644 αὐτοῦ
2604 589 2815 658 δωρεᾷ.

2240 683 2351 736 Καὶ
2388 683 2470 734 ὅτι
2495 681 2583 735 διὰ
2605 680 2702 751 τὴν
2730 679 3006 751 ὑποταγὴν
3030 680 3124 733 καὶ
3154 678 3330 732 πειθὼ
3348 677 3444 732 τοῦ
3491 677 3759 745 E6377:-

2167 774 2304 838 λίου,
2333 776 2428 827 καὶ
2462 776 2541 837 εἰς
2563 772 2720 826 τοῦτο
2766 770 3195 840 ὑποτεταγμένοι
3216 770 3360 833 ἐστὶ,
3390 770 3472 831 εἰς
3505 770 3607 837 τὴν
3671 768 3757 830 εἰς

2166 868 2367 929 αὐτοὺς
2395 865 2698 935 ἁπλότητα,
2751 860 2863 918 οἷον
2900 862 3191 933 δαψίλειαν
3239 863 3337 931 τῆς
3369 859 3759 930 ὲλεημοσύνης

2167 960 2262 1013 καὶ
2284 958 2597 1020 κοινωνίαν,
2621 957 2715 1010 καὶ
2745 956 2806 1010 οὺ
2835 956 2996 1024 μόνον
3014 955 3091 1017 εἰς
3117 954 3334 1017 αὐτοὺς,
3367 951 3510 1006 ἀλλὰ
3540 952 3640 1003 καὶ
3670 951 3759 1011 εἰς

2167 1048 2400 1110 πάντας.
2427 1047 2493 1100 0i
2513 1046 2620 1116 γὰρ
2649 1046 2796 1114 ἅγιοι
2825 1039 2989 1108 οὗτοι,
3020 1043 3173 1114 φησὶ,
3204 1043 3296 1096 καὶ
3348 1040 3494 1111 ὑπὲρ
3520 1034 3596 1094 ὧν
3628 1038 3760 1092 ἑτέο

2171 1155 2284 1209 ροις
2314 1136 2607 1206 παρέχετε,
2639 1133 3023 1205 εὐχαριστοῦσι
3061 1134 3140 1202 τῷ
3162 1131 3305 1203 Θεῷ.
3341 1150 3362 1183 ε
3418 1131 3531 1185 Καὶ
3556 1128 3754 1182 αὐτῶν

2168 1229 2349 1299 δεήσει
2381 1228 2525 1297 ὑπὲρ
2562 1228 2738 1297 ὑμῶν.
2773 1246 2793 1280 ι
2829 1227 3032 1288 Καὶεὶς
3061 1226 3241 1289 τοῦτο,
3273 1224 3458 1291 φησὶν,
3522 1222 3759 1290 εὐχαριο

2171 1321 2358 1375 στοῦσι
2391 1320 2469 1389 τῷ
2494 1319 2635 1388 Θεῷ,
2659 1319 2741 1371 ὅτι
2776 1317 2949 1379 οὕτως
2984 1317 3128 1386 ὑμᾶς
3169 1316 3428 1383 δοκίμους
3467 1312 3759 1380 instarei-

2170 1430 2302 1465 σατο
2329 1412 2361 1479 ἡ
2384 1410 2634 1480 ὑποταγὴ
2655 1409 2747 1464 τοῦ
2773 1408 3131 1475 Εὑαγγελίου,
3154 1407 3297 1460 οὓτω
3346 1403 3655 1462 ποθεινοὺς.
3676 1401 3758 1463 ὡς

2170 1500 2380 1554 δεῖσθαι
2448 1500 2648 1562 αὐτοὺς
2721 1498 2957 1567 συνεχῶς
3006 1496 3148 1566 ὑπὲρ
3204 1495 3299 1548 τοῦ
3380 1494 3505 1547 ἰδεῖν
3573 1493 3754 1558 ὑμᾶς.

2178 1609 2198 1643 ι
2242 1589 2686 1644 Ἐπιποθούντων
2706 1589 2816 1658 γὰρ
2845 1589 3014 1658 ὑμᾶς,
3040 1587 3196 1655 φησὶ,
3221 1586 3308 1639 διὰ
3329 1584 3428 1654 τὴν
3465 1582 3758 1653 ὑπερὸἁλ-

2171 1683 2373 1736 λοῦσαν
2409 1681 2571 1751 χάριν
2600 1679 2693 1732 τοῦ
2719 1678 2877 1733 Θεοῦ.
2925 1696 2945 1729 ι
3026 1675 3376 1730 Ἐπιποθοῦσι
3425 1674 3507 1736 δὲ,
3558 1673 3757 1743 φησὶν,

2174 1774 2338 1843 ὑμᾶς.
2370 1773 2432 1826 οὐ
2462 1772 2551 1825 διὰ
2587 1771 2655 1823 τὰ
2679 1771 2959 1840 χρήματα,
2984 1767 3099 1821 ἀλλ’
3157 1767 3298 1820 ὥστε
3345 1767 3537 1820 θεαταὶ
3589 1765 3761 1832 γενέ-

500 1864 709 1932 gratiae.
749 1861 978 1931 Propter
1013 1862 1340 1916 eminentem
1371 1864 1540 1925 enim,
1589 1862 1787 1931 inquit,
1820 1861 1915 1914 Dei
1948 1875 2073 1928 gra-

2185 1864 2301 1917 σθαι
2334 1863 2435 1931 τῆς
2462 1861 2710 1931 δοθείσης
2737 1862 2867 1930 ὑμῖν
2899 1860 3008 1913 ἀπὸ
3048 1858 3185 1913 Θεοῦ
3231 1860 3471 1928 χάριτος.
3502 1857 3605 1910 Διὰ
3639 1858 3760 1925 γὰρ

503 1952 630 2006 tiam
659 1952 711 2005 in
749 1954 904 2007 vobis
944 1955 1125 2007 videre
1158 1968 1256 2007 vos
1282 1952 1532 2021 cupiunt.
1568 1950 1700 2006 Vide
1732 1959 1910 2004 autem
1944 1964 2071 2019 pru-

500 2042 764 2095 dentiam.
793 2042 1111 2096 Extollenda
1143 2043 1288 2103 illos,
1325 2051 1497 2096 totum
1530 2040 1641 2094 Deo
1665 2036 1929 2102 attribuit,
1957 2050 2072 2091 rem

501 2132 671 2203 ipsam
704 2147 902 2187 vocans
949 2133 1042 2185 Dei
1093 2132 1341 2202 gratiam.
1382 2149 1400 2183 t
1434 2131 1622 2186 Gratia
1663 2140 1842 2185 autem
1879 2127 2009 2182 Deo.
2045 2144 2065 2180 ι

504 2221 711 2277 Deinde
758 2223 974 2294 cognita
1021 2223 1111 2277 Dei
1161 2223 1357 2294 gratia,
1408 2213 1525 2292 ipse
1564 2221 1733 2275 Deum
1783 2219 2073 2291 gloriﬁcat.

512 2333 530 2365 ι
579 2314 765 2369 Gratia
816 2323 995 2370 autem
1060 2313 1190 2379 Deo,
1246 2315 1445 2383 inquit,
1503 2328 1666 2385 super
1720 2310 2076 2367 inenarrabili

502 2405 678 2473 ipsius
712 2403 879 2457 dono.
908 2422 926 2455 ι
973 2402 1183 2457 Donum
1233 2412 1411 2458 autem
1461 2404 1576 2458 sive
1614 2418 1810 2456 munus
1845 2402 2079 2472 appellat

506 2496 593 2548 hic
621 2495 765 2563 quod
805 2495 1103 2566 Evangelio
1135 2496 1365 2565 subjecti
1402 2496 1527 2550 facti
1562 2495 1673 2551 sint
1704 2494 1992 2559 Corinthii,
2024 2498 2079 2547 et

504 2585 649 2653 quod
696 2601 791 2653 per
838 2586 1241 2657 eleemosynam
1273 2596 1423 2641 tanta
1464 2587 1606 2641 bona
1635 2587 1793 2642 nobis
1830 2584 2081 2641 tribuerit

505 2683 709 2743 quanta
744 2677 1101 2741 enumeravit,
1138 2678 1392 2749 quodque
1438 2691 1539 2748 pro
1585 2678 1677 2731 illa
1719 2677 1872 2732 dabit
1904 2676 1959 2731 in
1990 2675 2081 2731 fu-

506 2774 632 2819 turo
667 2767 903 2833 majora.

1026 2968 1188 3039 671
1234 2966 1463 3022 CAPUT
1504 2969 1571 3021 x.

509 3077 855 3148 I’rapriorum
894 3080 1137 3135 narratio
1175 3080 1417 3133 laborum
1446 3089 1495 3132 et
1520 3080 1775 3149 propositi
1804 3095 1867 3133 ac
1892 3081 2082 3149 gratia:

582 3168 697 3222 qua?
726 3152 778 3203 in
815 3150 928 3219 ipso
959 3158 1133 3214 erant,
1165 3165 1229 3203 ne
1270 3151 1617 3204 assentimur
1660 3150 1854 3215 fucatis
1894 3150 2083 3205 Carin-

583 3222 727 3273 tltiis.

581 3314 647 3376 Χ,
684 3312 801 3366 l-5.
842 3311 1104 3366 Ca'terum
1138 3312 1246 3381 ipse
1286 3310 1490 3365 Paulus
1521 3316 1733 3367 obsecro
1768 3329 1855 3367 vos
1893 3329 1983 3381 rer
2019 3312 2085 3366 le-

510 3407 727 3461 nitatem
769 3413 816 3456 et
853 3400 1307 3456 mansuetudinem
1349 3400 1572 3469 Christi,
1600 3404 1691 3470 qui
1723 3404 1777 3456 in
1808 3413 2084 3470 conspectu

510 3496 727 3549 humilis
765 3495 974 3565 quidem
1004 3510 1122 3547 sum
1156 3494 1292 3548 inter
1321 3511 1429 3560 vos,
1464 3496 1652 3548 absens
1691 3504 1867 3549 tamen
1905 3497 2085 3549 audax

512 3602 629 3639 sum
661 3602 785 3654 erga
808 3601 915 3637 ros.
951 3583 1092 3653 Rogo
1122 3592 1294 3637 autem
1333 3600 1394 3638 ne
1430 3600 1661 3654 pra'sens
1692 3585 1915 3637 audeam
1948 3586 2087 3655 ﬁdu-

512 3676 596 3728 cia
628 3691 731 3743 qua
770 3675 1045 3728 existimor
1085 3673 1279 3728 audere
1315 3691 1439 3744 erga
1468 3675 1746 3744 quosdam,
1777 3678 1865 3746 qui
1895 3687 2085 3745 putant

514 3780 609 3816 νέοι
668 3764 951 3817 secundum
1011 3781 1225 3818 carnem
1283 3765 1575 3819 ambulare.
1636 3765 1780 3819 Nam
1825 3768 1880 3819 in
1928 3784 2085 3824 carne

513 3854 866 3917 ambulantes,
909 3873 1010 3909 non
1056 3856 1340 3911 secundum
1378 3873 1587 3910 carnem
1631 3859 1943 3912 militamus.

583 4036 773 4107 Magna
826 4037 1085 4107 dignitas.
1136 4035 1248 4106 Ego
1298 4036 1521 4105 Paulus,
1575 4039 1776 4110 inquit,
1831 4041 1933 4095 hoc
1978 4049 2085 4108 est,

515 4132 794 4200 apostolus
820 4169 834 4193 ,
865 4128 1018 4184 orbis
1054 4130 1315 4198 magister
1347 4147 1361 4186 :
1404 4131 1547 4184 sicut
1577 4131 1741 4185 etiam
1773 4132 1880 4186 alio
1914 4132 2034 4186 loco
2063 4146 2080 4185 :

524 4240 544 4272 ε
588 4221 728 4275 Ecce
773 4237 872 4291 ego
922 4220 1120 4274 Paulus
1155 4221 1279 4276 dico
1318 4222 1474 4276 vobis
1504 4222 1571 4275 ⁸⁸.
1610 4241 1628 4273 ι
1675 4222 1901 4292 Expleto
1940 4224 2084 4277 enim

522 4330 778 4369 sermone
806 4317 873 4367 de
903 4314 1269 4385 eleemosyna,
1306 4315 1623 4381 auspicatur
1651 4330 1932 4370 sermones
1967 4330 2086 4369 ma-

517 4408 602 4476 gis
643 4406 1039 4475 increpatorios
1092 4408 1354 4460 adversus
1397 4405 1846 4476 pseudapostolos
1882 4422 2086 4476 eosque

2176 1954 2272 2025 τὴν
2305 1952 2775 2024 ὑπερϐάλλουσαν,
2800 1951 2957 2022 φησὶ,
2983 1952 3144 2021 χάριν
3170 1949 3264 2004 τοῦ
3293 1949 3428 2004 Θεοῦ
3477 1951 3567 2019 ἐφ’
3591 1949 3758 2017 ὑμῖν.

2174 2044 2263 2098 διὰ
2306 2043 2463 2096 τοῦτο
2524 2044 2669 2113 ὑμᾶς
2730 2042 2862 2096 ἰδεῖν
2909 2041 3185 2094 ποθοῦσιν.
3238 2039 3458 2110 ὀραδέ
3505 2040 3755 2090 σύνεισι-ι⁸

2187 2136 2432 2206 Ἐπάρας
2457 2133 2678 2200 αὐτοὺς,
2708 2133 2769 2187 τὸ
2800 2135 2907 2188 πᾶν
2933 2132 3165 2202 ἀνέθηκε
3214 2132 3291 2201 τῷ
3317 2132 3457 2200 Θεῷ.
3483 2133 3654 2201 χάριν
3699 2132 3761 2183 τὸ

2176 2227 2411 2296 πρᾶγμα
2434 2225 2668 2289 καλέσας
2689 2224 2845 2278 Θεοῦ.
2889 2243 2908 2276 ι
2951 2223 3127 2295 Χάρις
3147 2223 3204 2276 δὲ
3242 2222 3320 2292 τῷ
3343 2222 3482 2291 Θεῷ.
3533 2240 3553 2274 s
3614 2218 3759 2275 Εἶτα

2175 2316 2273 2387 τὴν
2298 2316 2387 2370 τοῦ
2409 2315 2543 2371 Θεοῦ
2571 2317 2730 2386 χάριν
2762 2316 3041 2385 ἐννοήσας,
3092 2315 3186 2368 καὶ
3213 2314 3376 2377 αὐτὸς
3409 2312 3624 2377 δοξάζει
3661 2312 3757 2366 τὸν

2178 2410 2333 2463 Θεόν.
2372 2427 2390 2460 ι
2422 2407 2594 2476 Χάρις
2627 2406 2683 2460 δὲ
2716 2405 2792 2478 τῷ
2818 2405 2967 2475 Θεῷ,
3002 2404 3188 2475 φησὶν,
3259 2404 3355 2457 ἐπὶ
3403 2406 3471 2473 τῇ
3540 2404 3757 2457 ἀνεκδιο

2178 2501 2371 2571 ηγήτῳ
2396 2498 2560 2553 αὐτοῦ
2582 2497 2780 2569 δωρεᾷ.
2803 2515 2822 2548 ι
2852 2495 3069 2567 Δωρεὰν
3096 2495 3154 2548 δὲ
3181 2492 3417 2547 ἐνταῦθα
3458 2494 3635 2556 καλεῖ,
3661 2493 3756 2546 καὶ

2179 2591 2239 2645 τὸ
2270 2589 2627 2660 γεγεννῆσθαι
2657 2588 2973 2659 Κορινθίους
2997 2587 3471 2656 ὑποτεταγμένους
3515 2585 3598 2654 τῷ
3645 2586 3751 2638 Et}-

2180 2682 2441 2751 αγγελίῳ,
2468 2681 2560 2734 καὶ
2594 2680 2676 2733 ὅτι
2700 2680 3014 2749 ὶδωρήσατο
3047 2679 3178 2747 ἡμῖν
3204 2677 3291 2730 διὰ
3312 2676 3416 2747 τῆς
3450 2676 3750 2747 aequom;-

2180 2790 2278 2842 νης
2305 2772 2374 2824 τὰ
2407 2770 2644 2824 τοσαῦτα
2676 2771 2876 2838 ἀγαθὰ,
2907 2771 3005 2823 ὅσα
3034 2767 3319 2833 κατέλεξε,
3376 2769 3474 2821 καὶ
3502 2769 3588 2821 ὅτι
3632 2766 3750 2838 [ssi-

2183 2859 2312 2926 ζονα
2342 2860 2502 2914 δώσει
2528 2860 2669 2932 ὑπὲρ
2695 2860 2867 2930 αὐτῆς
2900 2863 2956 2913 ὲν
2990 2859 3067 2930 τῷ
3101 2858 3364 2930 μέλλοντι.

2795 2971 3045 3025 ΚΕΦΑΑ.
3082 2970 3138 3025 1⁷.

2187 3087 2475 3151 Animam
2499 3083 2617 3138 τῶν
2653 3083 2820 3137 totum
2854 3084 3059 3136 πόνων
3100 3082 3199 3136 καὶ
3244 3080 3607 3149 προθέσεως,
3657 3080 3748 3134 καὶ

2260 3150 2371 3222 τῆς
2415 3154 2508 3209 ἐπ’
2568 3151 2729 3217 αὐτῷ
2791 3153 3031 3221 χάριτος
3068 3153 3218 3219 πρὸς
3244 3221 3247 3222 ν
3271 3152 3339 3205 τὸ
3360 3153 3449 3221 μὴ
3478 3150 3605 3216 τοῖς
3629 3151 3748 3204 £14-

2256 3221 2552 3288 πλάστοις
2574 3225 2994 3290 προστίθεσθαι
3014 3221 3363 3289 Κορινθίοις.

2258 3317 2458 3382 Αὐτὸς
2484 3315 2549 3368 δὲ
2580 3315 2695 3383 ἐγὼ
2724 3311 2964 3381 Παῦλος
2992 3312 3320 3381 παρακαλῶ
3349 3312 3508 3383 ὑμᾶς
3526 3312 3625 3367 διὰ
3646 3310 3743 3380 τῆς

2187 3409 2521 3477 πραότητος
2550 3405 2647 3461 καὶ
2676 3404 2994 3471 ἐπιεικείας
3022 3404 3130 3458 τοῦ
3180 3404 3465 3472 Χριστοῦ,
3503 3404 3573 3470 ὃς
3604 3406 3747 3457 κατὰ

2187 3502 2514 3567 πρόσωπον
2541 3497 2655 3570 μὲν
2678 3496 2957 3564 ταπεινὸς
2980 3497 3049 3550 ἐν
3081 3495 3242 3566 ὑμῖν,
3264 3496 3441 3551 ἀπὼν
3459 3496 3528 3549 δὲ
3562 3494 3744 3566 θαρῤὦ

2187 3594 2275 3657 είς
2322 3590 2496 3661 ὑμᾶς.
2547 3589 2757 3659 Δέομαι
2786 3588 2854 3642 δὲ
2902 3588 2971 3642 τὸ
3010 3576 3096 3658 μὴ
3136 3587 3341 3657 παρὼν
3361 3585 3649 3657 θαρρῆσαι
3675 3585 3742 3653 τῇ

2194 3680 2545 3746 πεποιθήσει
2572 3676 2612 3753 ᾖ
2643 3679 2946 3749 λογίζομαι
2970 3677 3269 3750 τολμῆσαι
3299 3678 3401 3731 ἐπί
3422 3696 3580 3745 τινας
3611 3677 3742 3743 τοὺς

2186 3771 2603 3842 λογιζομένους
2637 3770 2794 3840 ἡμᾶς
2818 3771 2898 3837 ὡς
2940 3772 3090 3825 κατὰ
3136 3769 3335 3838 σάρκα
3358 3770 3739 3840 περιπατοῦν-

2186 3881 2314 3930 τας.
2391 3865 2493 3918 Ἐν
2534 3864 2713 3931 σαρκί
2764 3862 2873 3933 γὰρ
2933 3863 3402 3932 περιπατοῦντες
3432 3902 3449 3927 ,
3486 3863 3560 3917 οὐ
3601 3861 3739 3917 κατὰ

2185 3955 2384 4024 σάρκα
2416 3957 2874 4024 στρατευόμεθα.

2255 4050 2414 4117 Μέγα
2446 4047 2506 4100 τὸ
2534 4048 2771 4118 ἀξίωμα.
2818 4045 2959 4115 Ἐγὼ
3000 4044 3232 4112 Παῦλος,
3259 4046 3416 4116 φησὶ,
3454 4046 3733 4099 τουτέστιν.

2186 4143 2215 4196 ὁ
2255 4142 2597 4207 Ἀπόστο).ος,
2631 4145 2659 4196 ὁ
2691 4142 3006 4205 διδάσκαλος
3035 4142 3132 4212 τῆς
3156 4141 3509 4212 οἰκουμένης.
3556 4141 3627 4204 ὡς
3651 4137 3732 4192 iul

2186 4234 2443 4306 ἀλλαχοῦ.
2480 4254 2500 4288 ι
2523 4234 2655 4288 Ἰδοὺ
2681 4234 2792 4303 ἐγὼ
2819 4233 3031 4298 Παῦλος
3058 4234 3202 4303 λέγω
3228 4233 3378 4304 ὑμῖν.
3430 4250 3452 4286 ι
3499 4229 3735 4303 ’Δπαρτὶ-

2190 4342 2288 4389 ca;
2317 4329 2409 4380 τὸν
2431 4327 2559 4398 περὶ
2580 4326 2945 4399 ἐλεημοσύνης
2973 4325 3150 4396 λόγον,
3171 4328 3482 4396 ἀπάρχεται
3507 4325 3613 4378 τῶν
3630 4326 3731 4376 ἔτι·

2186 4418 2637 4490 τιμητικωτέρων
2666 4420 2859 4488 λόγων,
2886 4418 3026 4474 κατά
3055 4436 3112 4471 τε
3148 4418 3257 4471 τῶν
3280 4416 3727 4487 ψευδαποστόλων.

516 4500 609 4568 qui
640 4499 815 4567 ipsum
841 4496 1339 4552 calumniabantur.
1364 4496 1429 4550 Et
1455 4498 1694 4567 seipsutn
1716 4497 2076 4562 commendat,

2190 4512 2283 4566 καὶ
2314 4511 2422 4565 τῶν
2459 4511 2843 4584 λοιδορούντων
2869 4512 3055 4566 αὐτόν.
3098 4510 3207 4564 Καὶ
3266 4509 3461 4564 ἑαυτὸν
3506 4507 3729 4571 συνίστη·

516 4605 641 4643 cum
691 4591 746 4642 in
790 4590 1168 4643 necessitatem
1223 4589 1325 4643 hoc
1375 4587 1607 4644 faciendi
1656 4590 1958 4654 incidisset,
2013 4605 2081 4646 ne

514 4683 681 4735 ctiam
738 4681 1053 4751 praedicatio
1084 4681 1389 4746 vilesceret,
1441 4682 1486 4736 si
1532 4682 1646 4752 ipse
1691 4681 1763 4738 ob
1804 4682 2081 4738 silentium

518 4774 641 4827 vilis
688 4788 752 4827 ac
796 4772 1045 4841 abjectus
1089 4779 1438 4842 reptttaretur
1479 4790 1493 4826 :
1534 4781 1589 4826 et
1638 4771 1776 4825 data:
1812 4772 1917 4827 sibi
1956 4788 2080 4828 cum

517 4865 868 4919 exuberantia
902 4866 1090 4935 gratiae
1120 4864 1379 4935 praeclara
1416 4866 1567 4934 ponit
1599 4863 1861 4929 facinora,
1898 4881 2087 4920 snam-

520 4973 625 5027 que
654 4957 994 5013 tolerantiam
1026 4972 1091 5011 ac
1120 4973 1376 5028 perpessa
1408 4972 1503 5027 pro
1528 4956 1741 5012 Christo
1763 4960 2079 5014 certamina.

527 5068 545 5099 ι
576 5047 813 5102 Obsecro
844 5064 960 5104 vos.
1000 5068 1017 5098 ι
1055 5048 1167 5105 Hoc
1204 5048 1317 5103 vult
1358 5052 1539 5103 dicere
1570 5065 1585 5102 :
1624 5048 1729 5103 Vos
1766 5064 1864 5103 oro
1897 5065 1966 5105 ne
1999 5065 2086 5105 me

521 5149 717 5208 cogant
753 5139 1167 5196 calumniatores
1210 5143 1286 5193 uti
1336 5155 1454 5194 mea
1491 5140 1755 5194 adversus
1796 5140 1948 5208 ipsos
1989 5155 2087 5207 po-

523 5237 738 5291 testate,
771 5243 869 5282 vos
901 5244 1115 5297 precor.
1148 5229 1297 5283 Sicut
1327 5230 1509 5283 dicere
1538 5230 1776 5284 solemus
1805 5245 1819 5281 :
1851 5228 2086 5283 Suadete

523 5323 660 5393 ipsis
702 5336 770 5376 ne
822 5321 888 5374 ad
933 5322 1036 5375 hoc
1084 5337 1169 5376 me
1215 5323 1417 5376 ducant
1458 5339 1471 5374 :
1520 5343 1537 5373 ι
1584 5322 1685 5376 Per
1725 5323 1997 5375 lenitatem
2032 5330 2087 5374 et

524 5413 996 5469 mansuetudinem
1030 5412 1256 5467 Christi.
1298 5433 1317 5465 ι
1366 5415 1555 5485 Magna
1603 5412 1821 5483 quidem
1870 5429 1956 5467 res
2002 5422 2085 5468 est

521 5508 667 5579 quod
703 5505 906 5563 Paulus
945 5507 1197 5561 obsecret
1228 5522 1242 5557 ε
1274 5522 1397 5561 cum
1441 5518 1619 5562 autem
1658 5515 1711 5561 et
1751 5522 1845 5575 per
1881 5506 2086 5561 Christi

521 5598 997 5651 mansuetudinem
1046 5595 1213 5650 faciat
1255 5596 1735 5667 supplicationem,
1767 5596 1939 5667 magis
1972 5607 2084 5652 tre-

597 5778 641 5809 "
666 5774 842 5832 Galat.
881 5793 935 5845 ν,
967 5779 1003 5833 2

2188 4618 2294 4665 σιν,
2326 4603 2406 4666 εἰς
2433 4604 2680 4673 ἀνάγκην
2709 4602 2881 4657 ὲλθὼν
2905 4602 2997 4656 τοῦ
3026 4602 3101 4672 μὴ
3139 4601 3231 4654 καὶ
3255 4600 3317 4653 τὸ
3341 4599 3603 4668 κήρυγμα
3622 4612 3727 4648 συν·

2188 4694 2586 4764 ευτελισθῆναι,
2638 4694 2687 4746 ει
2716 4694 2878 4757 αὐτὸς
2905 4692 3109 4761 φαῦλος
3156 4693 3223 4763 τῇ
3261 4692 3443 4762 σιωπῇ
3499 4687 3722 4759 νομισθῇ.

2189 4786 2299 4840 Καὶ
2319 4786 2387 4840 τὰ
2416 4786 2513 4855 τῆς
2540 4784 2787 4855 δοθείσης
2830 4782 2977 4855 αὐτῷ
3030 4784 3251 4854 χάριτος
3288 4781 3431 4852 μετὰ
3476 4778 3725 4848 δαψιλείας

2188 4876 2369 4945 τίθησι
2393 4874 2813 4947 κατορθώματα,
2843 4876 2937 4928 καὶ
2970 4874 3066 4945 τὴν
3102 4872 3267 4927 αὐτοῦ
3300 4872 3597 4939 ὑπομονὴν,
3642 4866 3723 4919 καὶ

2189 4968 2316 5030 τοὺς
2356 4966 2498 5036 ὑπὲρ
2544 4964 2782 5036 Χριστοῦ
2838 4966 3078 5033 ἀγῶνας.
3118 4983 3137 5015 ι
3180 4962 3493 5032 Παρακαλῶ
3525 4959 3665 5029 ὑμᾶς.
3696 4974 3715 5005 ι

2188 5058 2359 5112 Τοῦτο
2382 5057 2523 5110 θέλει
2548 5059 2743 5120 εἰπεῖν,
2772 5057 2973 5126 Δέομαι
2991 5046 3143 5124 ὑμῶν
3174 5054 3247 5124 μή
3277 5070 3345 5123 με
3374 5052 3720 5118 ἀναγκάσωσιν

2186 5152 2235 5202 ol
2261 5148 2625 5219 λοιδοροῦντες
2658 5165 2748 5217 με,
2770 5146 3076 5221 χρήσασθαί
3138 5162 3239 5215 μου
3269 5146 3336 5214 τῇ
3363 5143 3581 5211 δυνάμει
3619 5137 3719 5190 κατ’

2188 5238 2389 5291 αὐτῶν.
2427 5256 2445 5288 ι
2467 5238 2650 5307 ’Υμῶν
2684 5238 2930 5308 δέομαι.»
2975 5237 3061 5301 Ὦς
3081 5237 3258 5303 λέγειν
3284 5233 3569 5302 εἰώθαμεν·
3596 5230 3718 5296 Συμ-

2190 5327 2514 5380 ϐουλεῦσατε
2537 5328 2738 5391 αὐτοῖς,
2783 5328 2858 5398 μὴ
2888 5328 2969 5390 εἰς
3008 5327 3168 5383 τοῦτό
3203 5342 3270 5395 με
3290 5326 3531 5392 ἀγαγεῖν.
3567 5339 3583 5370 ι
3631 5320 3719 5369 Δια

2190 5418 2289 5487 τῆς
2315 5417 2620 5487 πραότητος
2648 5418 2742 5471 καὶ
2769 5418 3070 5480 ἐπιεικείας
3100 5416 3192 5470 τοῦ
3238 5412 3495 5487 Χριστοῦ.
3531 5430 3548 5462 ι
3580 5409 3718 5472 Μέγα

2196 5508 2293 5579 μὲν
2321 5508 2415 5561 καὶ
2442 5509 2503 5560 τὸ
2531 5507 2739 5561 Παῦλον
2777 5508 3131 5579 παρακαλεῖν,
3163 5508 3292 5561 ὅταν
3340 5505 3397 5558 δὲ
3428 5503 3515 5556 καὶ
3531 5500 3608 5553 διὰ
3629 5496 3719 5565 τῆς

2189 5596 2491 5659 ἐπιεικείας
2529 5596 2766 5667 Χριστοῦ
2816 5597 2913 5669 τὴν
2960 5597 3163 5652 ἱκεσίαν
3211 5596 3451 5666 ποιῆται,
3483 5584 3711 5660 φρικωὸἐ·
