3956 6544
196 366 337 432 1029
1119 356 1505 421 COMMENT.
1545 360 1624 418 ΙΝ
1665 358 1901 416 EPIST.
1949 359 2005 416 ll
2049 361 2148 420 AD
2186 359 2550 420 CORINTH.
3327 356 3465 425 1030

194 491 445 547 στερον.‹
468 473 564 536 ὀς
598 470 738 526 κατά
769 468 1061 541 πρόσωπον
1099 470 1197 540 μὲν
1221 468 1477 532 ταπεινὸς
1507 469 1564 520 ὲν
1589 469 1769 538 ὑμῖν.»

1887 475 2134 522 mendum
2164 479 2267 524 est.
2291 469 2393 536 Qui
2430 471 2482 523 in
2511 477 2807 540 conspectu
2841 469 3064 526 humilis
3090 470 3310 540 quidem
3339 487 3462 528 sum

197 571 270 622 Ἦ
302 566 448 620 κατά
477 563 762 634 εἰρωνείαν
814 562 949 632 φησὶ
1005 565 1182 626 τοῦτο,
1241 564 1354 625 τοῖς
1383 560 1492 614 τῶν
1552 557 1772 612 διαϐαλ-

1887 563 2024 616 inter
2062 578 2181 617 vos.
2234 565 2344 616 Aut
2385 563 2684 617 secundum
2724 562 2952 616 ironiam
2995 565 3097 618 hoc
3140 564 3297 627 dicit,
3331 580 3465 619 usus

191 659 397 711 λόντων
453 654 799 728 χρησάμενος
853 653 1052 720 λόγοις.
1123 653 1350 720 Ἔλεγον
1396 651 1505 720 γὰρ
1539 690 1553 714 ,
1622 650 1770 719 ὁτιή

1887 655 2344 711 calumniatorum
2395 657 2762 710 sermonibus.
2812 657 3078 709 Dicebant
3119 657 3268 711 enim
3316 658 3468 726 quod

193 748 478 822 παρουσία
508 745 763 813 ἀσθενὴς,
798 746 852 798 al
880 745 934 797 δὲ
985 743 1264 798 ἐπιστολαὶ
1315 743 1552 814 βαρεῖαι.
1610 742 1775 809 Λέγει

1887 750 2175 817 praesentia
2229 748 2514 801 imbecillis
2566 758 2734 810 esset,
2788 747 3034 816 epistola:
3075 763 3206 802 vero
3252 763 3468 820 grates.

193 841 311 895 οὖν’
353 840 556 907 Δέομαι
588 838 740 906 ὑμῶν
767 838 795 888 ὁ
822 835 1011 904 παρὼν
1055 837 1151 906 μὲν
1192 835 1465 898 ταπεινὸς,
1503 834 1578 896 ὡς
1629 833 1779 886 αὐτοί

1887 840 1974 892 Ait
1997 854 2129 908 ergo
2157 857 2171 894 :
2197 839 2438 893 Obsecro
2467 855 2558 891 vos
2592 839 2684 906 qui
2725 854 2966 907 praesens
2997 840 3215 908 quidem
3256 840 3474 896 humilis

195 953 388 1001 φασιν,
437 923 590 986 ἀπὼν
630 931 685 983 δὲ
711 930 932 1001 θαρρῶν
957 931 1026 983 τὰ
1073 930 1243 998 μείζω
1271 947 1372 999 μου
1399 929 1656 999 γράφειν.
1709 928 1778 982 "Il

1887 946 2028 992 sum,
2052 940 2115 984 ut
2148 931 2246 998 ipsi
2273 929 2482 994 dicunt,
2506 929 2670 1000 672
2702 931 2902 985 absens
2930 947 3060 987 vero
3093 932 3301 1002 majora
3334 932 3481 987 scri-

193 1027 356 1080 τοῦτό
409 1042 541 1093 φησι
579 1039 592 1053 ’
635 1023 678 1076 Τ
683 1022 903 1085 απεινδς
959 1023 1058 1091 μέν
1090 1023 1226 1091 εἰμι,
1261 1020 1399 1088 πλὴν
1461 1021 1676 1091 θαρρῶν
1713 1022 1779 1090 τῇ

1887 1023 2013 1078 bere
2053 1023 2236 1077 audeo
2267 1038 2430 1091 quam
2471 1037 2591 1090 quae
2623 1024 2690 1077 ad
2733 1038 2819 1076 me
2857 1024 3187 1091 pertineant.
3227 1025 3336 1078 Aut
3371 1025 3476 1078 hoc

192 1116 388 1185 ἀγάπῃ
420 1115 595 1184 ὑμῶν,
625 1113 807 1182 τολμῶ
839 1113 1065 1166 τοιαῦτα
1089 1114 1338 1184 γράφειν.
1369 1112 1434 1165 Τί
1458 1111 1513 1164 δὲ
1542 1113 1671 1183 δέῃς
1709 1112 1779 1164 Τὸ

1887 1115 2018 1167 dicit
2058 1128 2074 1167 :
2117 1113 2352 1166 Humilis
2401 1114 2622 1179 quidem
2687 1128 2834 1177 sum,
2885 1125 3124 1168 attamen
3170 1113 3240 1169 de
3284 1122 3471 1169 vestra

201 1207 279 1275 μὴ
330 1206 629 1275 Θαρρἧσαι,
679 1201 837 1272 φησι,
891 1202 1140 1256 τουτέστι
1193 1202 1254 1255 τὸ
1301 1201 1375 1270 μὴ
1430 1201 1782 1271 Θαρῤούντως

195 1294 511 1364 χρήσασθαι
544 1295 839 1364 ἐρχόμενος
862 1295 1000 1364 πρὸς
1035 1295 1182 1362 ὑμᾶς
1212 1292 1307 1346 καὶ
1347 1291 1560 1363 παρὼν,
1593 1295 1658 1362 τῇ
1694 1293 1784 1344 δυ·

198 1387 366 1453 νάμει
428 1403 549 1455 μου.
574 1387 908 1453 Πεποίθησιν
936 1387 1044 1454 γὰρ
1071 1386 1168 1454 τὴν
1215 1385 1593 1456 πνευματικὴν
1616 1383 1782 1437 αὑτοῦ

196 1476 428 1544 δύναμιν
451 1477 622 1535 καλεῖ,
649 1477 734 1530 διὰ
753 1478 812 1529 τὸ
840 1477 1038 1546 ῥαδίως
1064 1475 1324 1530 δύνασθαι
1351 1478 1479 1540 τοὺς
1510 1477 1783 1540 ἐναντίους

196 1567 544 1638 ἀμύνασθαι.
582 1569 716 1637 Ποίᾳ
766 1567 1034 1635 omnium;
1074 1584 1092 1614 ι
1155 1559 1360 1636 ᾞτινι,
1387 1567 1542 1634 φησι,
1571 1563 1783 1633 λογίζο-

201 1679 300 1726 μαι
332 1662 622 1728 τολμῆσαι,
660 1678 678 1709 ι
723 1659 798 1722 ὡς
831 1662 881 1712 εί
911 1659 1125 1727 ἔλεγενο
1181 1659 1346 1710 Οῡπω
1383 1659 1618 1729 κέκρικα
1651 1659 1787 1728 χρή·

198 1752 398 1805 σασθαι
444 1753 604 1820 αὐτῇ,
655 1751 772 1804 ἀλλ’
824 1750 904 1804 ἔτι
933 1750 1227 1818 λογίζομαι
1261 1750 1534 1820 τολμῆσαι
1573 1752 1780 1820 χρήσαιο

1885 1204 2131 1258 conﬁsus
2194 1205 2464 1258 cltaritate
2521 1204 2695 1259 audeo
2760 1207 3140 1275 hujuscemodi
3200 1207 3468 1261 scribere.

1888 1295 2028 1359 Quid
2060 1305 2240 1348 autem
2277 1294 2556 1363 precaris?
2588 1292 2665 1346 Ne
2705 1296 2956 1362 audeam,
2990 1296 3189 1364 inquit,
3228 1297 3334 1350 hoc
3364 1308 3470 1362 est,

1888 1401 1957 1440 ne
1989 1385 2182 1440 vivens
2221 1385 2482 1438 audacter
2526 1385 2689 1437 etiam
2737 1398 2977 1453 praesens
3017 1394 3140 1439 utar
3177 1386 3472 1439 adversum

1887 1491 1986 1530 vos
2025 1491 2144 1530 mea
2187 1482 2473 1543 potestate.
2509 1473 2868 1542 Spiritualem
2905 1474 3050 1528 enim
3082 1475 3472 1528 confidentiam

1890 1574 2050 1620 vocat
2102 1579 2256 1620 suam
2310 1572 2655 1634 potestatem,
2708 1564 2856 1632 quod
2904 1563 3063 1616 facile
3106 1565 3253 1632 quod
3301 1566 3475 1634 possit

1893 1657 2082 1712 ulcisci
2141 1656 2506 1711 adversarius.
2571 1655 2819 1721 Quanam
2883 1656 3204 1726 potestate?
3260 1675 3279 1708 ι
3333 1656 3473 1722 Quia

1891 1750 2197 1812 existimor,
2229 1749 2426 1816 inquit,
2455 1749 2674 1803 audere.
2711 1768 2730 1800 ι
2764 1750 2842 1802 Ac
2873 1750 2920 1803 si
2945 1750 3152 1803 diceret
3180 1768 3192 1801 :
3221 1748 3474 1804 Nondum

199 1841 328 1893 σθαί
367 1859 468 1910 μου
489 1811 835 1910 τῇηδυνάμει.
863 1842 959 1907 Τὸ,
993 1811 1022 1892 ι⁷
1177 1811 1374 1910 παρὼν
1413 1811 1710 1911 (inﬁgunt.
1757 1860 1776 1892 ι

1889 1843 2108 1898 decrevi
2141 1857 2205 1896 ea
2245 1843 2348 1904 uti.
2397 1841 2493 1896 sed
2532 1843 2643 1909 jam
2686 1842 2975 1896 existimor
3005 1842 3210 1897 audere
3247 1843 3324 1895 uti
3360 1857 3478 1896 mea

211 1932 430 2002 Ἐπειδὴ
485 1933 592 2005 γὰρ
659 1933 865 2000 ἔλεγον,
907 1933 992 1986 ὅτι
1021 1931 1212 2002 παρὼν
1264 1931 1488 2000 εὐτελής
1515 1934 1654 1992 ἐστι,
1690 1932 1784 1984 καί

196 2039 356 2089 φησι,
403 2024 497 2092 Μὴ
517 2021 707 2090 παρὼν
733 2023 1132 2092 τιμωρήσωμαι
1158 2022 1375 2084 αὐτούς.
1412 2041 1429 2072 t
1460 2015 1534 2092 τῌ
1570 2022 1781 2090 λογίζου

199 2130 320 2181 μαι.
352 2131 370 2161 ι
417 2113 578 2182 Ὁρᾷς
607 2112 724 2175 πῶς
755 2117 873 2165 ἐστι
907 2113 1162 2176 ταπεινός
1192 2131 1206 2178 ;
1253 2114 1526 2182 Ἀνάγκης
1553 2114 1661 2186 γὰρ
1691 2113 1784 2166 οῦ-

199 2219 300 2272 σης
327 2204 645 2272 χρήσασθαι
674 2207 740 2274 τῇ
763 2204 1016 2272 δυνάμει,
1049 2205 1200 2256 ὀκνεῖ
1225 2205 1318 2257 καὶ
1348 2203 1660 2270 ἀναδύεται,
1685 2205 1782 2258 καὶ

197 2295 404 2364 τόλμαν
439 2295 500 2348 τὸ
536 2298 768 2366 πρᾶγμα
803 2297 976 2350 καλεῖ.
1015 2295 1186 2349 Τοῦτο
1231 2297 1339 2367 γὰρ
1373 2297 1599 2366 ἀρίστου
1632 2298 1782 2351 διδαο

198 2387 422 2448 σκάλου,
455 2390 520 2457 τῇ
549 2388 784 2458 ἀναϐολῇ
821 2387 1005 2459 χώραν
1053 2388 1313 2458 παρέχειν
1369 2393 1435 2458 τῇ
1492 2389 1780 2461 μετανοίᾳ.

147 2494 154 2502 ε
204 2497 220 2527 ι
264 2477 402 2542 Τοὺς
435 2480 816 2548 λογιζομένους
843 2481 988 2549 ἡμᾶς
1012 2479 1088 2542 ὡς
1116 2481 1258 2532 κατὰ
1311 2480 1491 2550 σάρκα
1527 2497 1777 2551 περιπα-

197 2572 442 2635 τοῦντας.
477 2591 496 2622 ι
556 2573 711 2625 Κατά
774 2572 958 2633 τίνων,
1021 2575 1206 2641 φησὶν,
1261 2573 1407 2640 ἔχεις
1463 2574 1777 2644 χρήσασθαι

202 2663 395 2732 παρὼν
421 2667 485 2733 τῇ
520 2664 746 2732 δυνάμει
779 2667 845 2733 τῇ
863 2666 1210 2733 πνευματικῇ
1241 2681 1253 2727 ;
1295 2663 1778 2734 Ἐπίτινας,φησὶ,

199 2756 328 2819 τοὺς
351 2755 732 2825 λογιζομένους
754 2757 901 2824 ἡμᾶς
932 2755 1008 2818 ὡς
1033 2756 1172 2808 κατὰ
1197 2756 1377 2824 σάρκα
1413 2772 1479 2807 πε
1491 2756 1782 2826 ριπατοῦν-

201 2862 322 2908 τας.
365 2847 430 2899 Οἱ
489 2848 595 2916 γὰρ
644 2846 1070 2915 ψευδαπόστολοι
1125 2845 1408 2898 διέϐαλλον
1457 2847 1640 2907 αὑτὸν,
1706 2847 1780 2910 ὡς

203 2939 504 3008 ὑποκριτὴν
529 2939 622 2990 καί⁵
651 2939 965 2998 ἀπατεῶνα,
990 2939 1082 2990 καὶ
1115 2938 1294 2990 πάντα
1347 2939 1481 3008 πρὸς
1520 2938 1782 3003 ἐπίδειξιν

205 3030 488 3089 ποιοῦντα,
515 3030 608 3082 καί
639 3045 826 3098 φησιν·
855 3049 871 3080 ι
920 3030 1008 3080 Ἐν
1064 3031 1227 3098 σαρκὶ
1259 3031 1368 3098 γὰρ
1408 3031 1780 3100 περιπατοῦν-

1888 1941 2179 2004 potestate.
2217 1952 2235 1985 ι
2263 1933 2341 1988 Ne
2374 1948 2616 2003 praesens
2645 1933 2897 1987 audeam.
2935 1952 2953 1984 ι
2984 1933 3124 1998 Quia
3155 1935 3298 1988 enim
3329 1935 3478 1988 dice-

1888 2026 2020 2080 bant
2050 2026 2195 2094 quod
2237 2041 2480 2095 praesens
2518 2025 2766 2093 abiectus
2805 2035 2974 2086 esset,
3013 2027 3202 2092 etiam,
3236 2027 3313 2078 ait
3348 2043 3360 2078 :
3396 2025 3474 2079 Ne

1887 2133 2130 2186 praesens
2182 2117 2402 2186 puniam
2459 2116 2628 2184 ipsos.
2679 2133 2697 2165 ι
2732 2113 2849 2179 Qua
2895 2115 3204 2169 existimor.
3248 2134 3267 2164 ι
3307 2113 3475 2168 Vides

1887 2205 2163 2274 quomodo
2209 2205 2282 2258 sit
2323 2204 2583 2256 humilis?
2622 2202 2756 2256 Cum
2804 2204 2952 2256 enim
3004 2218 3228 2256 necesse
3276 2205 3348 2257 sit
3395 2204 3476 2257 uti

1886 2303 2177 2366 potestate,
2217 2301 2512 2348 cunctatur
2555 2304 2608 2347 et
2660 2293 2953 2356 detrectat,
3006 2306 3070 2345 ac
3117 2308 3230 2346 rem
3279 2295 3457 2362 ipsam

1885 2398 2046 2442 vocat
2090 2384 2398 2440 audaciam.
2445 2383 2580 2437 Nam
2629 2384 2683 2438 id
2732 2383 2921 2452 Optimi
2970 2385 3324 2452 praeceptoris
3364 2393 3477 2448 est,

1884 2494 1983 2550 per
2015 2493 2224 2533 moram
2257 2477 2438 2531 locum
2467 2475 2600 2530 dare
2631 2475 3037 2544 resipiscentite.
3073 2493 3093 2524 ι
3133 2474 3237 2540 Qui
3275 2484 3472 2544 putant

1884 2587 1985 2628 nos
2016 2574 2321 2628 secundum
2359 2586 2582 2626 carnem
2630 2571 2933 2625 ambulare.
2968 2587 2988 2621 ι
3023 2570 3303 2625 Adversus
3334 2585 3475 2640 quos

1885 2681 2126 2736 praesens
2171 2664 2250 2718 uti
2300 2673 2455 2734 potes
2501 2671 2774 2732 potestate
2823 2661 3143 2731 spirituali?
3188 2664 3475 2716 Adversus

1887 2759 2176 2828 quosdam,
2226 2754 2573 2825 inquit,'qui
2628 2753 2954 2807 existimant
3011 2767 3114 2807 nos
3167 2752 3470 2806 secundum

1883 2864 2108 2904 carnem
2138 2849 2443 2902 ambulare.
2472 2845 2886 2914 Pseudapustoli
2915 2859 3154 2912 namque
3178 2845 3473 2896 caltnnnia-

1882 2939 2086 2994 bantur
2119 2940 2296 3008 ipsum
2329 2947 2586 3008 tanquam
2620 2937 2960 3006 hypocritam
2993 2951 3058 2989 ac
3093 2939 3470 3004 impostorem,

1883 3031 2090 3098 quique
2143 3031 2326 3082 omnia
2373 3027 2442 3080 ad
2489 3028 2910 3082 ostentationem
2961 3024 3185 3087 faceret,
3237 3033 3293 3080 et
3335 3026 3411 3077 ait
3453 3041 3467 3076 :

202 3136 312 3182 τες,
345 3119 408 3172 ού
445 3119 584 3171 κατὰ
609 3119 784 3188 σάρκα
815 3120 1246 3188 στρατευόμεῦα,
1304 3139 1321 3170 ι
1362 3121 1661 3183 τουτέστιν,
1701 3124 1775 3174 Ού

1890 3139 1907 3173 ι
1941 3119 2075 3174 Nam
2107 3120 2160 3173 in
2189 3134 2356 3174 carne
2381 3121 2744 3187 ambulantes,
2773 3136 2880 3175 non
2915 3121 3212 3174 secundum
3245 3135 3470 3174 carnem

205 3211 485 3281 σαρκικῶς
515 3210 720 3281 ζῶμεν.
756 3211 827 3262 Ἤ
863 3213 990 3280 περὶ
1013 3209 1105 3262 τοῦ
1143 3211 1498 3278 κηρύγματος
1529 3212 1777 3279 λέγειτδ,

211 3322 230 3354 ο
260 3303 693 3373 Στρατευόμεθα.
717 3321 735 3353 ι
758 3303 998 3372 Πόλεμον
1016 3303 1124 3372 γὰρ
1144 3304 1278 3372 πρὸς
1304 3304 1425 3366 τοὺς
1451 3307 1672 3374 νοητοὺς
1689 3307 1782 3358 καὶ

207 3394 500 3464 αίσθητοὺς
569 3395 796 3464 ἐχθροὺς
869 3394 1298 3463 ἀναδεξάμενοι,
1377 3396 1436 3447 οὐ
1497 3401 1781 3467 σαρκικοῖς

206 3486 390 3548 ὅπλοις
407 3485 741 3556 κεχρήμεθα,
772 3484 928 3539 τοῦτό
965 3487 1133 3550 ἐστιν,
1153 3486 1226 3538 Οὐ
1257 3487 1394 3540 κατά
1421 3489 1600 3554 σάρκα
1616 3506 1783 3558 στρα-

205 3578 491 3647 τευόμεθα.

278 3673 356 3724 Τὰ
380 3671 491 3740 γὰρ
531 3673 689 3725 ὅπλα
714 3671 824 3739 τῆς
840 3670 1156 3738 στρατείας
1197 3671 1368 3738 ἡμῶν
1395 3674 1467 3726 οὺ
1498 3676 1778 3741 σαρκικὰ,

205 3765 364 3818 ἀλλὰ
390 3765 616 3818 δυνατὰ
644 3763 722 3830 τῷ
747 3763 867 3828 Θεῷ
894 3765 1046 3832 πρὸς
1075 3765 1426 3831 καθαίρεσιν
1474 3766 1780 3836 ὀχυρωμά-

203 3873 343 3921 των,
380 3856 710 3925 λογισμοὺς
747 3856 1198 3923 καθαιροῦντες,
1239 3857 1338 3910 καὶ
1396 3855 1521 3911 πᾶν
1565 3860 1782 3926 ὕψωμα

202 3945 599 4014 ἐπαιρόμενον
629 3949 779 4000 κατὰ
812 3945 920 4013 τῆς
961 3945 1240 4014 γνώσεως
1294 3946 1400 4000 τοῦ
1455 3948 1622 4011 Θεοῦ,
1680 3949 1780 4002 καὶ

204 4036 755 4105 αἰχμαλωτίζοντες
783 4034 906 4092 πᾶν
947 4036 1143 4104 νόημα
1187 4037 1272 4100 είς
1331 4034 1448 4104 τὴν
1499 4036 1781 4103 ὑπακοὴν

200 4128 310 4182 τοῦ
327 4129 607 4197 Χριστοῦ.

273 4221 386 4272 Καὶ
408 4219 581 4284 οὕτως
614 4221 674 4274 οὐ
705 4221 847 4275 κατά
885 4221 1064 4291 σάρκα
1127 4221 1557 4292 στρατευόμεθα,
1587 4221 1670 4274 ὅτι
1711 4221 1779 4276 τὰ

201 4312 347 4366 ὅπλα
383 4307 466 4376 οἷς
519 4307 781 4382 χρώμεθα
839 4313 982 4366 κατὰ
1040 4311 1152 4364 τῶν
1207 4312 1643 4382 ἀνθισταμένων,
1679 4312 1780 4365 οὐκ

201 4402 323 4454 ἔστι
384 4403 644 4472 σαρκικά.
715 4401 963 4472 Σαρκικά
1004 4401 1061 4454 δὲ
1093 4401 1232 4454 ὅπλα
1261 4401 1368 4471 εἴη
1401 4402 1488 4468 ἂν,
1527 4401 1774 4468 πλοῦτος,

1887 3214 2207 3268 militamus.
2248 3230 2268 3264 ι
2315 3211 2428 3266 Ηοο
2461 3223 2566 3277 est,
2607 3229 2719 3266 non
2753 3212 3050 3267 carnaliter
3082 3213 3340 3278 vivimus,
3374 3223 3470 3266 aut

1885 3306 1952 3360 de
1991 3306 2385 3374 praedicatione
2435 3304 2589 3366 dicit,
2643 3325 2662 3356 ι
2705 3305 3021 3359 Militamus.
3072 3323 3091 3355 ι
3143 3305 3280 3359 Cum
3323 3307 3472 3359 enim

1884 3398 2085 3453 bellum
2119 3398 2388 3454 adversus
2416 3399 2785 3469 intelligibiles
2816 3415 2880 3450 ac
2906 3397 3256 3452 insensibiles
3288 3398 3475 3452 hostes

1885 3495 2316 3561 susceperimus.
2345 3489 2652 3546 non’armis
2678 3489 2994 3544 carnalibus
3023 3490 3252 3552 utimur,
3283 3497 3338 3542 et
3370 3488 3474 3543 hoc

1883 3593 1988 3649 est,
2023 3584 2141 3638 Non
2175 3583 2478 3640 secundum
2512 3598 2733 3637 carnem
2774 3583 3102 3636 militamus.

1956 3675 2024 3738 Χ,
2059 3678 2114 3740 4,
2146 3677 2201 3731 5.
2244 3675 2511 3746 Siquidem
2555 3691 2708 3728 arma
2747 3675 2956 3728 militia:
2996 3681 3196 3726 nostra:
3225 3688 3328 3725 non
3356 3687 3476 3726 car-

1885 3768 2036 3822 nalio
2065 3777 2210 3830 sunt,
2245 3769 2336 3821 sed
2371 3769 2607 3834 potentia
2653 3767 2807 3838 Deo,_
2825 3766 2894 3818 ad
2928 3765 3324 3818 demolitionem
3357 3782 3474 3818 mu—

1883 3861 2146 3913 nitionum
2205 3860 2393 3928 quibus
2451 3860 2674 3912 consilia
2736 3857 3077 3919 demolimur,
3151 3867 3200 3909 et
3267 3873 3472 3910 omnem

1883 3951 2246 4004 celsitudinem
2299 3967 2416 4019 quae
2467 3949 2748 4004 extollitur
2805 3950 3058 4002 adversus
3123 3949 3476 4018 cognitionem

1881 4042 2014 4105 Dei,
2053 4053 2102 4096 et
2149 4043 2409 4106 captivam
2454 4041 2699 4094 ducimus
2741 4056 2946 4094 omnem
2986 4040 3358 4110 cogitationem
3405 4039 3475 4092 ad

1883 4131 2228 4187 obedientium
2265 4131 2496 4187 Christo.

1955 4221 2023 4276 Et
2061 4223 2197 4276 adeo
2234 4237 2346 4276 non
2385 4221 2689 4276 secundum
2728 4236 2951 4276 carnem
3001 4221 3365 4284 ambulamus,
3409 4231 3473 4275 ut

1880 4326 2034 4366 arma
2067 4313 2272 4382 quibus
2319 4312 2526 4365 utimur
2567 4319 2759 4365 contra
2807 4310 3157 4365 adversarios
3205 4327 3314 4364 nun
3362 4311 3474 4365 sint

1882 4405 2148 4460 carnalia.
2209 4406 2374 4459 Arma
2425 4419 2560 4459 vero
2595 4404 2838 4458 carnalia
2889 4403 2998 4458 dici
3055 4413 3289 4473 possunt
3329 4403 3473 4456 divi-

204 4493 382 4563 ἰσχὺς,
409 4493 718 4560 δυναστεία,
742 4493 892 4560 δόξα,
942 4494 1266 4560 εὐγλωττία.
1329 4492 1519 4562 Ἦμεῐς
1553 4509 1778 4563 τοιγαρ-

1887 4497 1998 4565 tiae,
2030 4497 2314 4562 fortitudo,
2351 4498 2718 4568 principatus,
2756 4497 2952 4566 gloria,
2995 4497 3330 4566 eloquentia.
3361 4494 3475 4550 Nos

199 4585 321 4648 οὖν,
345 4586 404 4637 οὐ
435 4585 644 4648 τούτοις
697 4585 961 4654 νικῶμεν,
991 4583 1128 4636 ἀλλὰ
1169 4587 1284 4647 τοῖς
1335 4583 1620 4646 ἐναντίοις.
1677 4585 1779 4637 Πε-

198 4678 316 4749 νίᾳ,
358 4676 562 4747 ἀδοξίᾳ,
588 4674 865 4747 ἀσθενείᾳ,
904 4675 1162 4747 ἰδιωτείᾳ.
1188 4675 1278 4727 Διὸ
1308 4677 1402 4728 καὶ
1454 4675 1654 4728 δυνατά
1700 4675 1778 4744 τῷ

199 4765 325 4836 Θεῷ
351 4768 488 4820 αύτά
513 4766 688 4820 καλεῖ.
715 4767 823 4820 Καὶ
849 4768 959 4837 γὰρ
1015 4769 1074 4820 εν
1124 4765 1303 4836 τούτῳ
1354 4765 1417 4820 τὸ
1463 4766 1778 4837 θαυμαστὸν

200 4860 300 4913 καὶ
355 4859 418 4911 τὸ
478 4858 704 4912 δυνατὸν
755 4859 908 4928 παρὰ
953 4858 1090 4913 Θεοῦ
1127 4858 1382 4929 ἔχουσιν,
1436 4861 1516 4914 ὅτι
1553 4858 1776 4914 τοιαῦτα

195 4951 356 5011 ὅντα,
388 4950 708 5019 περιγέγονε
737 4950 836 5019 τῆς
879 4950 1226 5019 οἰκουμένης.
1290 4951 1493 5004 Σκόπει
1525 4951 1583 5004 δὲ
1613 4951 1778 5004 αὐτοῦ

198 5042 264 5096 τδ
289 5044 513 5108 ἄτυφον·
535 5043 648 5094 Οὐκ
663 5037 1045 5109 είπεν,Ἦμείς
1071 5045 1236 5111 ἐσμεν
1263 5043 1313 5094 οί
1342 5043 1579 5108 δυνατοὶ,
1611 5042 1773 5108 ἀλλὰ,

204 5134 288 5186 Τὰ
309 5135 452 5186 ὅπλα
476 5133 636 5203 ἡμῶν
661 5133 748 5186 διὰ
780 5131 874 5184 τοῦ
904 5133 1061 5185 Θεοῦ.
1095 5133 1204 5185 Καὶ
1236 5133 1344 5202 γὰρ
1374 5133 1649 5196 κάκείνοις
1683 5137 1780 5204 τὴν

198 5226 432 5294 δύναμιν
468 5227 567 5293 οὐχ
611 5226 794 5294 ἡμεῖς,
827 5225 939 5276 ἀλλ’
963 5225 992 5275 ὁ
1034 5224 1163 5285 Θεὸς
1199 5224 1388 5286 ἔδωκε,
1426 5224 1609 5292 φησί.ο
1636 5224 1780 5294 Πρὸς

201 5317 524 5384 καθαίρεσιν
546 5315 938 5385 ὀχυρωμάτων.
971 5333 990 5365 ι
1061 5314 1215 5365 Ἐστι
1259 5313 1316 5365 δὲ
1371 5313 1570 5365 δυνατά
1619 5315 1777 5384 ἡμῶν

199 5403 271 5455 τά
306 5403 466 5466 ὅπλα,
505 5403 644 5471 πρὸς
685 5401 1006 5469 καθαίρεσιν
1037 5403 1430 5471 ὀχυρωμάτων.
1483 5403 1674 5464 Καλῶς
1723 5403 1780 5455 δὲ

197 5497 285 5557 τὸ,
331 5512 350 5544 t
389 5495 748 5563 Καθαίρεσιν,
789 5513 809 5546 ι
849 5494 1062 5556 δεικνὺς
1107 5496 1192 5545 ὅτι
1246 5495 1307 5546 οὐ
1363 5495 1780 5563 προσϐάλλομεν

203 5587 476 5656 μηχανὰς,
515 5586 630 5638 ἀλλ’
661 5587 822 5648 εὐθὺς
877 5587 1249 5654 καθαιροῦμεν
1305 5587 1451 5639 ἆπαν
1512 5589 1776 5641 ἐναντίον.

214 5677 620 5747 Ὀχυρωμάτων
649 5677 704 5729 δέ
747 5695 929 5746 φησιν,
958 5673 1069 5729 οἷον
1102 5680 1227 5740 τοὺς
1272 5678 1622 5748 Ἑλληνικοὺς
1653 5681 1780 5733 συλ-

200 5767 519 5836 λογισμοὺς,
553 5767 649 5837 τὴν
679 5766 888 5837 πλάνην
918 5767 1115 5831 αὐτῶν,
1153 5769 1242 5820 τὸν
1276 5768 1466 5837 τῦφον.
1524 5767 1655 5825 Εἶτα
1693 5773 1775 5825 ἵνα

1880 4589 2065 4659 itaque
2093 4604 2200 4642 non
2225 4589 2309 4644 his
2337 4589 2608 4644 vincimus
2631 4589 2754 4646 sed.
2781 4588 3096 4652 contrariis,
3126 4598 3468 4659 paupertate,

1880 4678 2277 4744 imbecillitate,
2311 4676 2630 4749 ignominia,
2669 4678 2911 4732 inscitia.
2944 4679 3073 4732 Ideo
3117 4691 3335 4749 quoque
3375 4693 3473 4744 po-

1881 4772 2050 4826 tentia
2088 4770 2198 4825 Dco
2233 4771 2338 4824 ista
2369 4770 2522 4826 dicit.
2567 4771 2733 4840 673
2774 4771 2987 4824 Etenim
3025 4785 3122 4840 per
3157 4770 3260 4824 hoc
3294 4770 3472 4824 admi-

1880 4863 2149 4918 rationem
2197 4877 2263 4916 ac
2309 4863 2610 4932 potentiam
2655 4877 2686 4915 a
2731 4862 2843 4915 Deo
2889 4863 3128 4928 habent;
3177 4878 3303 4916 nam
3341 4865 3470 4918 talia

1881 4971 2007 5010 cum
2067 4958 2199 5020 sint,
2260 4955 2446 5008 orbem
2507 4953 2851 5008 devicerunt.
2922 4954 3221 5008 Considera
3282 4968 3468 5009 autem

1879 5054 2146 5114 quantum
2193 5044 2338 5098 fastu
2381 5054 2583 5099 careat.
2626 5043 2742 5098 Non
2777 5045 2913 5098 dixit
2948 5063 2961 5097 :
2993 5045 3104 5102 Nos
3141 5062 3332 5100 sumus
3368 5061 3470 5116 po-

1886 5147 2084 5200 tentes,
2131 5139 2224 5192 sed
2267 5153 2420 5190 arma
2465 5147 2650 5191 nostra
2703 5153 2798 5207 per
2846 5139 3052 5204 llcum;
3101 5156 3227 5192 nam
3265 5149 3314 5193 et
3361 5141 3468 5192 illis

1882 5245 1989 5280 non
2019 5243 2121 5281 nos
2157 5228 2458 5296 potentiam
2485 5229 2760 5295 dedimus,
2793 5231 2886 5284 sed
2921 5231 3080 5286 Deus.
3115 5249 3134 5282 ι
3169 5231 3249 5284 Ad
3285 5236 3468 5284 nemo-

1882 5319 2126 5372 litionem
2175 5321 2563 5373 munitionum.
2599 5339 2618 5372 ι
2675 5322 2817 5375 Sunt
2858 5332 3039 5377 autem
3079 5339 3229 5376 arma
3281 5333 3469 5377 nostra

1881 5410 2124 5479 potentia
2172 5409 2237 5463 ad
2283 5412 2697 5467 demolitionem
2748 5415 3139 5469 munitionum.
3193 5415 3259 5468 Et
3307 5416 3466 5477 bene,

1889 5521 1906 5553 ι
1943 5501 2357 5557 Demolitioncm
2394 5524 2412 5556 ι
2456 5507 2619 5570 dicit,
2661 5508 2957 5561 ostendens
2995 5508 3140 5575 quod
3191 5521 3300 5559 non
3347 5521 3470 5557 ma—

1885 5593 2227 5650 chinatioacs
2281 5612 2668 5666 opponan'ius,
2728 5600 2821 5653 sed
2886 5599 3136 5668 protinus
3195 5597 3465 5665 quidquid

1887 5686 2224 5739 contrarium
2258 5695 2341 5742 est
2375 5688 2719 5743 demolimur.
2758 5689 3111 5742 Mnnitionem
3148 5701 3274 5740 vero
3307 5687 3462 5751 dicit,

1885 5775 1936 5829 id
1963 5785 2068 5841 est,
2090 5776 2401 5833 Graecorum
2436 5780 2782 5850 syllogismos
2813 5787 2864 5834 et
2895 5793 3134 5834 errorem
3166 5791 3229 5834 ac
3259 5776 3466 5834 fastum
