3956 6568
608 368 739 434 1031

1698 375 2102 436 (ECUMENII
2140 375 2429 436 TRICC/E
2466 377 2587 437 EPI
2597 379 2807 441 SCOPI
3613 395 3703 462 1022

603 480 871 547 ipsorum.
912 474 1114 531 Deinde
1156 493 1225 532 ne
1268 477 1597 534 munitiones
1638 481 1946 547 audientes,
1974 497 2165 553 corpo-

2138 509 2165 523 ι-
2194 485 2241 543 Α
2274 482 2348 553 μὴ
2372 485 2702 550 ἀκούσαντες
2735 488 3085 561 ὀχυρώματα.
3128 493 3411 559 σωματικόν
3438 511 3481 548 τι
3523 502 3700 571 νοήσωσι,

489 626 495 632 ,
600 570 716 623 rale
759 568 961 637 aliquid
989 569 1313 638 intelligant,
1346 570 1422 623 ait
1461 586 1474 621 :
1520 588 1537 620 ι
1580 570 1789 636 Quibus
1820 572 2046 627 consilia
2076 572 2168 626 de-

601 657 875 722 molimur,
909 676 927 707 ι
980 656 1030 709 id
1074 666 1178 719 est,
1229 657 1470 713 rationes
1516 668 1569 713 et
1614 658 1927 715 Graecorum
1975 662 2165 731 sophi-

601 759 795 803 smata.
816 747 907 802 Vel
938 747 1081 815 quod
1114 752 1261 818 ipsas
1281 766 1471 803 eorum
1497 752 1852 821 cogitationes
1877 764 1932 807 et
1959 755 2168 809 animas

590 837 922 904 .dejiciamus
957 841 1025 891 ab
1051 855 1116 892 eo
1145 855 1254 909 quo
1290 840 1615 896 obsidentur
1643 857 1855 907 errore,
1892 851 1947 897 et
1979 844 2044 897 ad
2076 861 2168 900 ve-

596 931 810 982 ritatem
855 931 1138 983 ducamus.
1194 949 1212 982 ι
1264 931 1329 985 Et
1367 948 1582 986 onmem
1625 935 2000 988 celsitudinem
2048 950 2167 1004 quae

597 1021 894 1077 extollitur.
922 1040 937 1070 ι
967 1020 1275 1076 Permansit
1308 1023 1362 1076 in
1388 1033 1546 1092 tropo
1578 1034 1636 1079 ut
1665 1025 1923 1093 majorem
1960 1025 2165 1079 faceret

595 1113 916 1178 emphasim.
947 1110 1134 1175 Arma,
1171 1114 1371 1182 inquit,
1405 1124 1587 1168 nostra
1621 1132 1634 1170 :
1670 1116 1784 1169 sive.
1811 1117 2164 1172 munitioiiem

596 1204 816 1269 dixerit,
856 1206 970 1260 sive
993 1206 1397 1269 celsitudinem,
1440 1208 1541 1261 hoc
1566 1217 1669 1269 est,
1696 1217 1875 1265 turres
1898 1212 2163 1280 quasdam

595 1307 660 1346 ac
686 1296 1108 1361 propugnacula,
1131 1300 1188 1347 et
1210 1294 1471 1361 quidquid
1504 1295 1634 1348 illud
1663 1304 1747 1349 est
1773 1296 1916 1364 quod
1946 1298 2164 1351 extolli~

594 1390 685 1435 tur
713 1391 808 1437 aut
839 1393 1101 1452 repugnat
1140 1386 1437 1455 cognitioni
1488 1386 1577 1439 Dei
1615 1402 1734 1455 qua:
1774 1403 1870 1456 per
1909 1389 2165 1457 prtedica-

595 1474 798 1526 tionem
837 1475 1164 1542 acquiritur.
1217 1477 1330 1528 haac
1374 1488 1560 1529 nosxra
1607 1492 1754 1531 arma
1799 1478 2168 1535 demoliuntur

596 1567 799 1618 omnia.
837 1566 1187 1634 Etcaptiratn
1212 1568 1464 1621 ducimus
1499 1583 1715 1622 onmem
1752 1571 2161 1635 c0gitationem.

595 1654 745 1708 Etita
767 1670 980 1710 omnem
1009 1656 1376 1727 csgitationem
1401 1664 1456 1711 et
1475 1672 1636 1711 omne
1661 1661 1945 1713 consilium
1975 1661 2167 1714 huma-

2270 576 2403 644 φησί
2439 588 2454 605 ⁶
2502 594 2522 629 ι
2566 577 2879 647 Λογισμοὺς
2912 580 3306 649 καθαιροῦντες,
3346 602 3363 636 ι
3403 580 3496 639 οἷον
3538 593 3703 663 eumn.

2270 667 2457 735 σμοὺς,
2491 668 2675 721 καὶτὰ
2704 669 2812 723 τῶν
2853 670 3113 740 Ἑλλήνων
3143 673 3442 742 σοφίσματα.
3478 680 3532 731 Ἢ
3555 681 3616 733 ὅτι
3640 686 3699 738 αὖ·

2266 758 2391 820 τοὺς
2407 761 2531 820 τοὺς
2556 759 2853 828 λογισμοὺς
2885 761 3082 822 αὐτῶν.
3144 763 3234 816 καὶ
3287 764 3376 828 τὰς
3407 765 3554 837 ψυχὰς
3591 790 3704 828 κατα-

2266 846 2536 917 ϐάλλομεν
2582 849 2643 913 ἐξ
2695 844 2763 920 ἦς
2796 851 3158 921 κεκράτηνται
3206 852 3414 925 πλάνης,
3462 860 3537 910 καὶ
3565 862 3704 934 sicsi?

2266 937 2522 1007 ἀλήθειαν
2561 940 2784 1009 ἄγομεν.
2812 960 2830 992 ι
2882 943 2992 997 Καὶ
3026 945 3131 996 πᾶν
3158 943 3346 1015 ὕψωμα
3373 949 3700 1019 ὲπαιρόμενον.υ

2280 1028 2568 1099 Ἐπέμεινε
2598 1033 2663 1102 τῇ
2695 1035 2893 1103 τροπῇ,
2920 1033 3007 1086 ἵνα
3064 1033 3277 1087 πλείονα
3330 1039 3503 1109 ποιήσῃ
3545 1041 3618 1110 τὴν
3642 1044 3705 1113 ip.

2268 1136 2451 1186 φασιν.
2487 1120 2567 1173 Τὰ
2595 1122 2755 1187 ὅπλα,
2816 1123 2970 1192 φησι,
3010 1121 3082 1177 τὰ
3110 1124 3364 1197 ἡμέτερα.
3407 1127 3493 1180 κᾶν
3523 1128 3705 1202 ὀχύρωμα

2268 1209 2449 1280 εἴπῃς,
2491 1211 2594 1264 κᾶν
2631 1211 2851 1281 ὕψωμα,
2890 1215 3131 1267 τουτέστι
3167 1215 3481 1285 πυργώματά
3525 1236 3617 1272 τινα
3645 1225 3705 1273 καὶ

2273 1302 2532 1372 φρούρια,
2569 1303 2673 1357 κᾶν
2699 1302 2878 1357 ὁτιοῦν
2907 1306 3266 1377 ἐπαιρόμενον
3299 1309 3386 1360 καὶ
3418 1308 3702 1378 ἀνθιστάμενον

2268 1395 2335 1462 τῇ
2367 1392 2568 1460 γνώσει
2598 1391 2691 1445 τοῦ
2721 1392 2854 1446 Θεοῦ
2887 1398 2952 1465 τῇ
2975 1394 3061 1449 διὰ
3099 1395 3192 1447 τοῦ
3240 1395 3563 1465 κηρύγματος,
3590 1399 3704 1452 πάντα

2268 1482 2541 1552 καθαιρεῖ.
2578 1501 2598 1534 ι
2645 1483 2754 1535 Καὶ
2777 1485 3269 1554 αἰχμαλωτίζοντες
3291 1487 3389 1538 πᾶν
3414 1488 3573 1556 νόημα.
3602 1490 3702 1542 iliai

2268 1572 2441 1636 οὕτως
2478 1573 2623 1626 ἅπαν
2658 1575 2836 1644 νόημα
2862 1575 2956 1628 καὶ
3008 1576 3192 1628 πᾶσαν
3222 1576 3440 1629 διάνοιαν
3458 1578 3702 1648 ἀνθρωπίνην

2268 1662 2646 1734 ὕποτάσσομεν
2674 1665 2751 1733 τῷ
2786 1664 2995 1735 βασιλεῖ
3021 1664 3114 1718 καὶ
3140 1665 3520 1735 ἀρχιστρατήγῳ
3540 1667 3702 1737 Χριστῷ,

598 1763 733 1800 nnm
769 1747 1091 1817 subjicimus
1120 1748 1232 1818 regi
1262 1763 1583 1819 summoque
1607 1751 1730 1805 duci
1757 1751 1994 1817 Christo,
2021 1763 2079 1807 ut
2098 1769 2160 1809 ne

2142 1770 2167 1809 ε
2192 1813 2237 1829 ﬁ
2270 1754 2344 1816 ὡς
2367 1755 2498 1825 μηδὲ
2526 1755 2901 1808 ἁναπαλαϊσαι
2933 1755 3025 1808 τοῦ
3061 1755 3270 1817 λοιποῦ,
3296 1757 3416 1826 μηδὲ
3457 1758 3704 1829 ἅναμαχήσιι·

594 1840 909 1893 rereluctari
942 1840 1163 1910 quidem
1215 1851 1307 1895 aut
1337 1857 1639 1911 repugnare
1667 1844 1921 1915 deinceps
1955 1856 2156 1914 possint

2146 1856 2164 1899 t
2192 1813 2239 1873 Β
2273 1813 2395 1900 σθαι
2426 1813 2639 1916 ίσχῦσαί
2699 1864 2820 1900 τινα
2870 1848 2978 1899 τῶν
3014 1813 3367 1918 ἡττηθέντωνί
3398 1813 3704 1922 Τοῦτοιγὰιριδη-

593 1929 772 1997 aliqua
788 1929 999 1983 illorum
1020 1945 1139 1999 qua:
1154 1930 1535 1995 devincuntur,
1559 1934 1660 1988 hoc
1676 1942 1854 1987 autem
1871 1935 2158 2004 signiﬁcat,

601 2019 909 2087 (Captivam
936 2021 1240 2083 ducimus,»
1268 2023 1370 2077 hoc
1410 2035 1515 2087 est,
1541 2028 1790 2094 captivos
1810 2042 1871 2080 ex
1898 2043 2062 2097 prava
2082 2039 2164 2100 ly-

591 2110 819 2164 rannide
849 2113 1171 2181 accipimus,
1203 2128 1232 2166 a
1264 2114 1522 2169 servitute
1570 2116 1622 2169 in
1662 2117 1962 2173 libertatem
1998 2120 2160 2175 redu-

591 2213 798 2254 centes.

662 2286 731 2352 Χ,
768 2287 887 2342 ϐσ8.
926 2287 996 2341 Et
1043 2299 1286 2357 promptu
1317 2290 1567 2346 habemus
1595 2295 1877 2349 uindictam
1913 2301 2160 2355 adrersus

591 2395 797 2433 omnem
862 2380 1291 2445 inobedientiam,
1348 2400 1465 2438 cum
1512 2388 1727 2455 impleta
1778 2392 1938 2460 fuerit
1994 2404 2163 2449 vestra

593 2471 909 2526 obedientia.
945 2473 1076 2537 Quae
1099 2478 1386 2529 secundum
1413 2478 1607 2543 faciem
1658 2492 1779 2534 sunt
1834 2483 2019 2538 videtis
2049 2489 2073 2541 2
2103 2484 2161 2540 Si

590 2564 708 2632 quis
743 2564 807 2615 de
834 2565 1003 2633 seipso
1034 2567 1251 2634 conﬁdit
1277 2570 1416 2636 quod
1438 2568 1636 2624 Christi
1664 2578 1755 2637 sit,
1786 2575 1919 2629 illud
1950 2593 2161 2632 rursum

591 2653 878 2723 perpendat
906 2671 970 2709 ea:
987 2659 1177 2723 seipso,
1207 2660 1345 2729 quod
1367 2663 1503 2714 sicut
1529 2665 1637 2731 ipse
1663 2664 1863 2720 Christi
1879 2672 2073 2730 est,'ita
2110 2683 2160 2725 et

592 2761 687 2799 nos
721 2745 920 2800 Christi
950 2763 1151 2802 sumus.
1183 2748 1328 2804 Nam
1358 2754 1406 2805 si
1432 2754 1593 2808 etiam
1614 2756 1845 2825 amplius
1872 2760 2079 2827 glorier
2097 2763 2164 2817 de

589 2847 846 2903 potestate
860 2850 1039 2893 nostra
1051 2858 1208 2913 quam
1231 2843 1372 2897 dedit
1395 2846 1542 2899 nobis
1564 2846 1818 2904 Dominus
1836 2852 1904 2903 ad
1922 2854 2164 2923 mdiﬁra-

591 2928 783 2982 tionem
803 2940 852 2984 et
876 2947 981 2985 non
1008 2933 1076 2986 ad
1102 2933 1509 3013 destructionem
1529 2942 1718 3005 vestri,
1748 2958 1853 2996 non
1874 2944 2161 3013 unde/inm.

662 3017 763 3074 Hic
786 3036 1004 3091 qu0que
1034 3024 1158 3079 illos
1200 3030 1417 3082 terruit.
1454 3030 1541 3082 Ait
1568 3031 1714 3084 enim
1762 3049 1776 3085 :
1822 3032 1931 3089 Vos
1963 3050 2163 3104 exspe-

590 3121 832 3173 cuimus,
870 3121 929 3165 ut
976 3114 1104 3168 dum
1143 3129 1237 3170 vos
1290 3133 1385 3188 per
1418 3120 1854 3177 exhortationem
1907 3124 2072 3197 674,
2108 3134 2161 3180 et

589 3199 897 3256 doctrinam
937 3207 1338 3263 correxerimus
1371 3217 1424 3263 et
1455 3209 1526 3263 ab
1572 3211 1680 3266 illis
1707 3214 2160 3283 abstraxerimus,

591 3302 706 3347 tum
737 3294 843 3348 illis
874 3297 1009 3351 solis
1054 3297 1351 3355 incredulis
1386 3314 1604 3370 penam
1651 3304 1978 3361 inferamus.
2021 3306 2159 3363 Cum

590 3384 760 3455 igitur
793 3385 849 3441 in
886 3387 988 3442 hoc
1020 3392 1195 3458 parati
1257 3393 1452 3461 simus,
1485 3411 1515 3449 a
1551 3396 1703 3452 vobis
1753 3398 1848 3468 qui
1914 3400 2163 3468 permisti

591 3478 725 3531 esus
775 3480 1131 3547 prohibemur
1211 3482 1492 3541 Timemus
1522 3489 1668 3543 enim
1700 3504 1769 3543 ne
1799 3505 1899 3546 vos
1932 3495 2163 3563 attingat

591 3565 872 3622 cruciatus
902 3583 967 3622 eo
997 3569 1141 3638 quod
1166 3574 1412 3640 permisti
1439 3575 1582 3630 sitis.
1613 3575 1741 3631 Haec
1764 3588 1944 3634 autem
1971 3580 2161 3639 dicens

591 3657 1047 3726 pseudapostolos
1102 3660 1354 3732 designat
1401 3674 1461 3719 ut
1509 3670 1880 3739 corrigantur.
1954 3690 1973 3723 ι
2022 3670 2159 3726 Cum

592 3744 815 3813 impleta
855 3746 1022 3803 fuerit
1055 3759 1237 3825 vestra
1304 3755 1636 3811 obcdientia.
1680 3777 1699 3809 ι
1740 3758 1897 3815 Nunc
1937 3762 2159 3832 quidem

591 3834 852 3903 obeditis,
890 3838 1095 3910 inquit,
1134 3852 1189 3896 at
1217 3859 1326 3898 non
1358 3847 1622 3914 perfecte,
1655 3849 1778 3905 ideo
1802 3851 1880 3904 ait
1915 3870 1928 3907 :
1970 3872 1989 3905 ι
2025 3855 2161 3908 Cum

594 3926 816 3995 impleta
842 3929 1008 3984 fuerit
1040 3943 1219 3988 vestra
1247 3937 1577 3995 obedientia.
1602 3970 1674 3981 ——
1700 3942 1832 4007 Quae
1860 3945 2160 4000 secundum

592 4017 789 4074 faciem
843 4032 972 4077 sunt
996 4024 1216 4081 videtis.
1254 4048 1271 4079 ι
1312 4028 1417 4084 Ubi
1455 4032 1912 4104 pseudapostolos
1946 4040 2159 4105 terruit,

593 4108 741 4176 ipsos
767 4110 929 4165 etiam
959 4113 1217 4185 deinceps
1272 4118 1552 4190 obiurgat,
1605 4126 1856 4194 asperius
1906 4142 2033 4181 cum
2079 4129 2161 4183 eis

592 4198 897 4258 disserens.
934 4221 953 4254 ι
990 4204 1122 4271 Qua
1166 4212 1470 4266 secundum
1512 4212 1709 4270 faciem
1769 4228 1919 4284 sunt,
1964 4220 2163 4289 inqttit,

589 4290 836 4346 videtis?
869 4309 888 4343 ι
923 4291 1036 4349 Hoc
1067 4305 1172 4363 est,
1211 4302 1279 4353 ab
1305 4300 1391 4355 his
1420 4318 1542 4370 quae
1568 4318 1840 4375 apparent
1874 4307 2145 4376 iudicatis

593 4389 783 4451 utpote
803 4385 849 4440 si
882 4387 1005 4454 quis
1038 4390 1279 4454 ditescit,
1330 4392 1375 4446 si
1412 4394 1540 4462 quis
1569 4397 1786 4451 extollit
1844 4408 1939 4453 aut
1984 4400 2157 4470 jactat

590 4489 734 4538 sese,
761 4476 803 4530 si
837 4478 962 4544 quis
1008 4481 1225 4535 virtutis
1277 4497 1565 4549 personam
1615 4487 1718 4542 sibi
1774 4490 2155 4560 circumponit.

592 4563 695 4618 Per
728 4565 1212 4636 interrogationem
1277 4572 1565 4642 legendum
1617 4590 1722 4632 est.
1781 4578 2043 4644 Probare.
2075 4584 2157 4637 in-

589 4657 730 4726 quit,
784 4673 1231 4729 unumquemque
1278 4675 1525 4720 nostrum
1556 4669 1745 4732 vultis,
1778 4679 1832 4724 et
1861 4689 1981 4740 qua:
2014 4676 2154 4742 apud

591 4763 694 4802 nos
732 4759 861 4804 sunt
910 4750 1291 4822 investigare?
1332 4754 1502 4825 igitur
1550 4773 1675 4813 cum
1733 4762 2015 4832 diligentia
2054 4766 2157 4819 hoc

595 4840 779 4896 facite.
809 4840 914 4896 Per
960 4844 1379 4914 increpatorium
1407 4849 1813 4907 simulationem
1840 4854 1943 4909 hoc
1974 4856 2156 4927 legen-

587 4931 718 4985 dum
745 4940 828 4987 est
871 4950 885 4987 :
917 4934 1024 4990 hoc
1050 4943 1153 5003 est,
1187 4954 1299 4993 non
1329 4955 1395 4994 ex
1442 4942 1692 4997 veritatis
1727 4946 2011 5014 operibus,
2059 4949 2154 5004 sed

587 5037 655 5078 ex
689 5024 776 5079 his
799 5041 921 5094 qua:
947 5036 1226 5100 utcunque
1260 5032 1314 5085 in
1371 5035 1661 5103 superﬁcie
1691 5046 1956 5108 apparent
2005 5040 2155 5096 inve-

595 5119 945 5187 stigationem
1009 5126 1257 5195 accipitis
1292 5126 1316 5180 ‘i
1355 5145 1374 5179 ι
1411 5126 1467 5183 Si
1515 5130 1642 5200 quis
1679 5131 1747 5187 de
1789 5134 1973 5203 seipso
2024 5148 2156 5188 eon—

593 5211 711 5265 iidit
769 5213 914 5282 quod
991 5214 1196 5271 Christi
1256 5219 1403 5277 sit.)
1464 5220 1680 5276 Etenim
1740 5224 2153 5295 pseudapostoli

586 5317 807 5373 quoque
860 5311 1118 5372 tanquam
1181 5308 1388 5363 Christi
1441 5320 1624 5367 essent
1658 5328 1780 5368 sese
1815 5315 2148 5384 jactabant:

591 5415 612 5448 ι
660 5393 801 5450 illud
834 5410 1054 5451 rursum
1086 5400 1385 5467 perpendat
1429 5416 1457 5454 a
1486 5405 1691 5473 seipso.
1724 5424 1743 5457 ι
1794 5403 1852 5459 Si
1903 5408 2149 5473 omnino,

585 5491 790 5562 inquit,
818 5490 1092 5561 particeps
1118 5488 1283 5546 fuerit
1306 5495 1493 5563 gratiae
1519 5510 1641 5564 qua:
1670 5512 1699 5550 a
1732 5498 1954 5553 Christo
1991 5509 2095 5564 est,
2119 5513 2151 5553 ιι

586 5586 773 5652 seipso
802 5583 1101 5649 existimet,
1132 5593 1186 5639 et
1212 5600 1320 5638 non
1351 5596 1635 5655 exspectet
1683 5599 1741 5642 ut
1781 5605 1875 5657 per
1899 5591 2150 5661 increpa-

584 5675 791 5731 tionem
823 5690 853 5729 a
884 5676 1042 5731 nobis
1068 5677 1214 5732 dicat
1240 5696 1253 5733 :
1292 5696 1311 5729 ι
1349 5677 1426 5732 ita
1448 5689 1502 5734 et
1532 5694 1633 5734 nos
1655 5680 1860 5737 Christi
1881 5698 2092 5737 smnus.
2126 5701 2145 5736 ι

585 5769 834 5845 interim,
891 5770 1090 5841 inquit,
1141 5772 1424 5828 nobiscum
1464 5774 1832 5829 communicat
1879 5784 1931 5830 et
1978 5776 2149 5831 nihilo

2265 1939 2348 1993 λοῖ
2370 1939 2453 2001 τὸ,
2498 1957 2516 1990 ι
2548 1937 3080 2009 Αίχμαλωτεύοντες,
3105 1957 3125 1990 ι
3178 1932 3287 1992 οἷον
3332 1939 3633 2009 αἰχμαλώτους
3666 1943 3707 2009 is

2264 2031 2363 2102 τῆς
2391 2030 2481 2084 τοῦ
2517 2030 2754 2100 πονηροῦ
2780 2030 3095 2102 τυραννίδος
3124 2030 3480 2101 λαμϐάνοντες,
3517 2032 3598 2084 ἀπὸ
3631 2032 3707 2084 δον·

2264 2125 2414 2187 λείας
2443 2126 2522 2187 εἰς
2561 2123 2893 2193 ἐλευθερίαν.

2334 2213 2445 2267 Καὶ
2503 2212 2572 2265 ἐν
2636 2213 2848 2279 scalpe)
2921 2212 3168 2278 ἔχοντες
3233 2210 3511 2278 ἐκδικῆσαι
3571 2210 3705 2264 πᾶσαν
3802 2244 3805 2245 ν

2262 2304 2615 2373 παρακοὴ-⁸,
2682 2302 2829 2356 ὅταν
2892 2301 3181 2370 πληρωθῇ
3229 2300 3386 2371 ὑμῶν
3444 2303 3475 2369 ἡ
3528 2304 3701 2368 ὑπακοή.

2269 2398 2346 2452 Τὰ
2402 2400 2554 2450 κατὰ
2609 2396 2937 2462 πρόσωπον
2982 2393 3280 2459 ﬂuxere;
3311 2394 3376 2446 Εῖ
3403 2411 3479 2459 τις
3513 2393 3705 2446 πέποιθεν

2228 2486 2458 2552 ’ἑαυτῷ
2512 2486 2771 2554 Χριστοῦ
2813 2482 2999 2552 εἶναι,
3049 2485 3230 2539 τοῦτο
3272 2482 3546 2554 λογιζέσθω
3584 2484 3703 2537 πάλιν

2265 2578 2367 2647 ἀφ’
2393 2577 2636 2642 ἑαυτοῦ,
2664 2577 2755 2630 ὅτι
2785 2576 2978 2641 καθὼς
3001 2575 3188 2641 αὐτὸς
3214 2575 3467 2644 Χριστοῦ,
3493 2575 3628 2638 οὕτως
3644 2575 3701 2624 xui

2264 2668 2436 2737 ἡμεῖς
2480 2666 2761 2735 Χριστοῦ.
2823 2665 2958 2719 Ἐάν
3011 2683 3076 2719 τε
3136 2666 3245 2735 γὰρ
3293 2666 3637 2735 περισσότερόν
3669 2678 3700 2714 τι

2264 2757 2658 2827 καυχήσωμαι
2689 2756 2822 2825 περὶ
2855 2754 2968 2824 τῆς
3001 2755 3287 2820 ἐξουσίας
3313 2753 3463 2823 ἡμῶν
3486 2749 3545 2822 ἦρ
3560 2751 3701 2804 ἔδωκεν

2264 2853 2299 2904 ὀ
2330 2851 2544 2918 Κύριος
2586 2848 2730 2917 ἡμῖν
2759 2850 2847 2914 είς
2879 2846 3213 2917 οἰκοδομὴν
3246 2847 3339 2900 καί
3363 2848 3460 2899 οὐκ
3487 2847 3554 2910 είς
3573 2842 3702 2897 καθωό

2260 2954 2437 3009 ρεσιν
2470 2938 2657 3008 ὑμῶν,
2688 2940 2800 2992 οὐκ
2832 2939 3338 3007 αἰσχυνθήσομαι.

2349 3029 2616 3083 Ἐνταῦθα
2648 3028 2742 3082 καὶ
2773 3030 2993 3090 τούτους
3021 3027 3306 3097 ὲφόὸησεν.
3340 3026 3489 3097 ’Υμᾶς
3508 3024 3589 3095 γὰρ
3607 3039 3700 3093 περι-

2276 3122 2530 3193 μένομεν,
2562 3122 2749 3191 φησὶν,
2788 3120 2877 3174 ῐνα
2907 3121 3037 3173 ὅταν
3069 3118 3161 3172 διὰ
3203 3118 3301 3189 τῆς
3330 3117 3627 3189 παραινέσεως
3646 3116 3701 3167 καὶ

2267 3213 2489 3283 διδαχῆς
2526 3210 2914 3283 διορθώσωμεν
2942 3210 3088 3281 ὑμᾶς
3115 3212 3212 3265 καὶ
3255 3210 3590 3280 ἀποστήσωμιν
3613 3204 3701 3258 ὲκεί-

2265 3321 2391 3367 νων,
2412 3302 2532 3355 τότε
2562 3303 2787 3365 ἐκείνοις
2815 3300 3000 3371 μόνοις
3024 3302 3140 3364 τοῖς
3169 3301 3438 3354 ἀπιποῦσι
3464 3299 3541 3369 τὴν
3560 3298 3698 3365 πληγὴν

2262 3394 2599 3462 ὲνέγκωμεν.
2633 3392 2881 3461 Ἐτοιμοι
2915 3386 3007 3444 οῦν
3036 3391 3194 3455 ὄντες
3224 3393 3279 3444 ὲν
3323 3390 3492 3460 τούτῳ,
3516 3389 3580 3456 ὑφ’
3602 3384 3698 3456 ὑμῶν

2260 3485 2464 3555 ἀναμὶξ
2486 3484 2655 3537 ὄντων
2693 3481 3037 3552 κωλυόμεθα.
3073 3482 3187 3535 Καὶ
3217 3482 3323 3553 γὰρ
3349 3481 3453 3546 δέος
3477 3480 3583 3543 ἐστὶ,
3603 3477 3698 3547 φησὶ,

2266 3577 2342 3647 μὴ
2369 3576 2463 3630 καὶ
2506 3574 2660 3647 ὑμῶν
2684 3575 2889 3646 ἅψηται
2912 3575 2946 3645 ἡ
2982 3573 3190 3644 πληγὴ,
3216 3574 3302 3628 διὰ
3339 3572 3395 3626 τὸ
3425 3568 3697 3640 ἀναμεμίχθαι.

2264 3666 2450 3719 Ταῦτα
2495 3664 2554 3718 δὲ
2605 3665 2798 3734 λέγων,
2851 3664 2981 3727 τοὺς
3022 3663 3469 3733 ψευδαποστόλους
3505 3660 3700 3714 αίνίττιτιιι

2262 3758 2412 3818 ὅπως
2439 3755 2864 3825 διορθώσωνται.
2907 3772 2926 3806 ι
2956 3755 3128 3809 Ὅταν
3164 3753 3412 3826 πληρωθῇ
3447 3751 3566 3820 ὑμῶν
3595 3747 3699 3818 ἠΰπ-

2263 3848 2423 3918 ακοή.
2459 3865 2478 3898 ι
2525 3844 2853 3899 Ἐπακούετε
2905 3845 3003 3915 μὲν
3038 3844 3172 3910 νῦν,
3225 3850 3408 3915 φησιν,
3452 3840 3545 3895 ἀλλ’
3571 3838 3614 3891 οὐ
3646 3852 3699 3889 τε·

2263 3936 2442 3999 λείως.
2464 3936 2554 3989 Διό
2575 3952 2757 4007 φησιν,
2786 3952 2806 3986 ι
2831 3935 2999 3988 Ὅταν
3026 3936 3287 4007 πληρωθῇ
3311 3934 3449 4005 ὑμῶν
3464 3934 3491 4001 ἠ
3509 3928 3694 3994 ὑοσκοήδ

2262 4044 2357 4076 -ι
2370 4025 2451 4078 Τὰ
2470 4024 2609 4078 κατὰ
2627 4024 2918 4093 πρόσωπον
2937 4023 3168 4093 βλέπετε
3185 4040 3200 4088 ;
3223 4042 3241 4076 ι
3263 4022 3481 4092 Φοσήσας
3493 4013 3698 4084 τοὺςψευδ·

2263 4115 2612 4177 αποστόλους,
2663 4116 2760 4169 καὶ
2799 4115 2982 4177 αὐτοῖς
3004 4114 3193 4169 λοιπὸν
3222 4116 3449 4184 ἐπιτιμᾷ,
3480 4108 3697 4173 ἐπιπληκτι-

2265 4204 2406 4260 κὼτε
2417 4223 2506 4276 ρον
2541 4207 2726 4269 αὐτοῖς
2751 4206 3154 4275 διαλεγόμενος.
3190 4225 3209 4259 ι
3233 4206 3311 4260 Τὰ
3341 4205 3465 4259 κατὰ
3489 4200 3697 4271 πρόσωπηνν

2263 4300 2416 4368 φησὶ,
2461 4297 2718 4368 βλέπετες
2748 4316 2766 4350 ι
2811 4298 3139 4364 Τουτέστιν,
3187 4299 3294 4352 ἀπὸ
3347 4296 3442 4350 τῶν
3469 4289 3698 4363 φαινομένων

2264 4392 2502 4460 κρίνετε,
2528 4384 2641 4444 οἷον
2668 4390 2722 4443 εῐ
2743 4407 2827 4453 τις
2864 4390 3103 4455 πλουτεῖ,
3128 4389 3185 4444 εί
3207 4407 3290 4454 τις
3325 4388 3579 4458 ἐπαίρεται,
3596 4380 3631 4432 εί
3650 4392 3698 4436 τις

2266 4482 2624 4550 μεγαλαυχεί,
2669 4481 2721 4533 ei
2758 4497 2843 4544 τις
2888 4481 3092 4552 ἀρετῆς
3126 4481 3448 4552 προσωπεῖον
3475 4474 3696 4552 περίκειται.

2264 4574 2421 4627 Κατὰ
2454 4572 2721 4644 ἐρώτησιν
2746 4551 3139 4641 ἀναγνωστέον.
3166 4551 3234 4613 ὲ
3266 4572 3456 4644 [ΘΕΟΔ.
3485 4567 3515 4618 Γ
3518 4551 3697 4625 ΕΝΝΔΔ]

2267 4665 2613 4735 Δοκιμάζειν,
2646 4666 2828 4735 φησιν,
2872 4664 3100 4718 ἕκαστον
3133 4663 3287 4735 ἡμῶν
3317 4657 3549 4734 βούλεσθε,
3574 4646 3698 4749 καὶ,τά

2265 4759 2387 4812 καθ’
2424 4760 2571 4828 ἡμᾶς
2615 4757 2920 4823 ἑξετάζειν;
2969 4756 3179 4810 Οὐκοῦν
3227 4755 3321 4810 σὺν
3362 4748 3570 4821 ἀκριϐείᾳ
3602 4748 3698 4796 rem

2265 4850 2556 4920 ποιήσατε.
2593 4848 2751 4903 Κατὰ
2778 4849 3166 4919 ὲπιτιμητικὴν
3196 4847 3460 4916 ὑπόκρισιν
3483 4838 3600 4894 τοῦτο
3620 4832 3699 4884 tiva-

2262 4941 2553 5007 γνωστέον.
2585 4940 2729 4994 Ἀντί
2752 4939 2868 5004 τοῦ,
2896 4940 3009 4994 Οὐκ
3035 4940 3099 4993 ἑκ
3125 4939 3233 4991 τῶν
3257 4937 3420 5007 εργων
3432 4932 3514 5000 τῆς
3530 4920 3696 4996 ἀληθείας

2261 5031 2359 5102 τὴν
2397 5029 2669 5097 ἐξέτασιν,
2702 5030 2766 5083 ἐκ
2806 5029 2862 5082 δὲ
2913 5029 3022 5083 τῶν
3055 5028 3343 5097 ἐπιπολῆς
3390 5022 3545 5082 ἁπλῶς
3579 5025 3696 5106 iw”:

2266 5124 2442 5192 μένων
2472 5121 2817 5191 λαμϐάνετες
2852 5140 2870 5173 ι
2901 5121 2969 5175 Et
2988 5139 3071 5185 τις
3100 5121 3351 5175 πέποιθεν
3374 5112 3524 5183 ἑαυτῷ
3541 5108 3695 5196 Χριστοξ

2261 5210 2425 5266 εἶναι.
2464 5231 2483 5264 r
2519 5214 2628 5267 Καὶ
2655 5212 2762 5283 γὰρ
2798 5214 2892 5266 καὶ
2919 5214 2970 5265 οἱ
3009 5210 3433 5281 ψευδαπόστολοι,
3460 5200 3696 5293 ὡςξρισῖοξ

2258 5307 2412 5367 ὅντες
2459 5303 2891 5375 ὲμεγαλαύχουν.
2935 5321 2953 5353 ι
2987 5302 3155 5356 Τοῦτο
3190 5296 3468 5369 λογιζέσθω
3491 5287 3685 5375 «uno

2258 5373 2525 5454 tantula
2576 5397 2700 5451 Ἐὰν
2740 5398 2898 5461 ὅλως,
2939 5397 3092 5466 φησι,
3131 5395 3326 5464 μετέχῃ
3348 5391 3437 5456 τῆς
3461 5379 3578 5452 παρὰ
3601 5373 3697 5467 iii"

2261 5490 2387 5546 στοῦ
2416 5491 2659 5562 χάριτος,
2706 5488 2800 5557 ἀφ’
2845 5464 3040 5541 ἑαυτοῦ
3072 5485 3227 5539 τοῦτο
3273 5474 3531 5550 λογιζέσθω
3553 5464 3696 5562 xii-Alli

2260 5552 2770 5654 περιᾷενέτωπαρί
2797 5577 2954 5650 ἡμῶν
2981 5576 3068 5630 διὰ
3088 5577 3183 5645 τῆς
3214 5569 3539 5641 ἐπιτιμήσεως
3556 5552 3693 5656 μαθξῖνῖ

2265 5696 2284 5730 ι
2311 5652 2469 5731 όῦτω
2501 5674 2596 5729 καὶ
2622 5674 2787 5745 ἡμεῖς
2819 5672 3081 5743 Χριστοῦ.
3108 5690 3127 5723 ι
3157 5668 3321 5733 Τέως,
3346 5661 3504 5754 φησιν,
3521 5656 3571 5754 t1

2256 5730 2575 5824 κοινωνοῦσι
2604 5730 2700 5821 καὶ
2731 5730 2886 5820 οῦδὲν
2921 5764 3087 5819 πλέον
3130 5730 3335 5836 ἔχουσιν
3359 5730 3515 5826 ημῶν.
3544 5740 3599 5796 οὗ
3627 5730 3695 5799 γάρ
