3956 6556
207 434 231 502 1
242 435 350 502 033

1137 417 1524 489 COMMENT.
1563 421 1642 483 IN
1668 418 1906 482 EPIST.
1942 419 1998 478 [Ι
2033 420 2131 481 AD
2161 420 2522 483 CORINTH.

3313 421 3446 485 103i

200 547 361 604 αὐτοὶ
399 544 499 616 μέν
525 539 786 614 Χριστοῦ,
823 535 978 611 ἡμεῖς
1010 539 1063 593 δὲ
1096 540 1294 610 ἐτέρου
1314 536 1480 600 τινός.
1509 533 1679 588 Τοῦτο
1699 529 1776 592 δὲ,

1891 529 2008 598 plus
2053 532 2216 588 habet
2258 536 2436 590 nobis.
2492 532 2608 589 Non
2636 533 2780 590 enim
2826 533 2932 604 ipsi
2995 532 3215 605 quidem
3247 534 3446 603 Christi

200 641 346 696 κατά
380 655 501 693 τινα
527 635 799 707 σύμϐασιν
825 630 996 698 εἶπεν,
1025 620 1380 701 ἐπεῖπροῖὼν
1407 629 1667 690 δείκνυσι,
1695 625 1778 717 ὅτι

199 735 300 802 οὐχ
331 730 519 798 ὥσπερ
564 728 760 780 ἐκεῖνοι
792 723 1053 796 Χριστοῦ,
1089 722 1260 784 οὕτως
1301 722 1394 774 καὶ
1430 715 1614 782 αὐτὸς,
1661 713 1758 767 άλλ

198 825 429 892 ἄπειρον
454 821 516 872 τὸ
549 819 735 888 μέσον.
771 816 936 870 Ὅθεν
967 814 1155 886 φησίν·
1191 832 1210 865 t
1232 813 1357 866 Ἐὰν
1385 811 1495 881 γάρ
1520 805 1778 878 περισσό-

197 932 255 966 τε
268 914 359 984 ρόν
391 930 440 964 τι
469 912 887 980 καυχήσωμαι.ι
929 905 1074 960 Ὦσεὶ
1094 906 1297 974 ἔλεγεν,
1343 903 1533 973 Ἀρκεῖ
1556 899 1694 960 τέως
1718 896 1780 949 τὸ

201 1005 381 1056 εἰπεῖν
415 1020 429 1033 ·
459 1019 478 1048 ι
531 999 720 1063 Οὕτως
771 997 866 1050 καὶ
901 998 1080 1067 ἡμεῖς.
1119 1013 1139 1046 ι
1195 993 1322 1046 Ἐὰν
1372 989 1480 1062 γάρ
1525 1005 1578 1040 τι
1617 986 1779 1039 πλέον

199 1097 344 1150 εἴπω
377 1093 590 1156 τούτου,
621 1093 722 1145 οὐκ
761 1092 826 1144 ἂν
857 1086 1152 1159 αἰσχυνθῶ.
1193 1083 1392 1154 Ἀληθῆ
1421 1083 1552 1154 γὰρ,
1589 1082 1778 1150 φησὶν,

196 1188 335 1260 ἐρῶ.
383 1206 400 1238 ι
438 1185 573 1256 Περὶ
609 1185 704 1254 τῆς
738 1183 988 1249 ἐξουσίας
1033 1179 1213 1252 ἡμῶν.
1247 1197 1266 1231 s
1312 1178 1424 1248 Τῆς
1472 1173 1780 1246 πληκτικῆς

196 1281 298 1333 καὶ
330 1277 712 1348 τιμωρητικῆς
766 1275 876 1328 τῶν
919 1269 1433 1341 ἀντιδιατιθεμένων
1471 1267 1776 1338 δυνάμεως.

194 1368 335 1426 Εἶτα
382 1367 625 1432 κολάζων
658 1367 718 1420 τὺ
751 1366 1008 1437 φορτικὸν
1045 1365 1137 1418 τοῦ
1181 1363 1362 1431 λόγου,
1399 1359 1585 1431 φησίνο
1627 1376 1646 1411 ι
1687 1359 1780 1421 Εἰς

193 1462 493 1533 οἰκοδομὴν
549 1459 645 1514 καὶ
692 1460 791 1512 οὐκ
841 1461 918 1522 εἰς
960 1456 1281 1527 καθαίρεσιν
1319 1454 1494 1524 ὑμῶν.
1537 1472 1556 1505 s
1608 1451 1695 1515 Ὠς
1729 1452 1778 1503 εί

193 1556 356 1623 ἔλεγε
387 1571 399 1585 ο
423 1554 535 1625 Τὴν
560 1550 784 1622 δύναμιν
804 1549 1072 1620 ἐλάϐομεν
1099 1549 1191 1603 ἐπὶ
1210 1548 1287 1618 τῷ
1308 1547 1611 1616 οἰκοδομεῖν
1635 1544 1780 1614 ὑμᾶς

196 1648 341 1717 πρὸς
370 1645 472 1716 τὴν
501 1645 707 1708 πίστιν,
740 1646 800 1697 ού
839 1645 946 1715 μὴν
975 1643 1110 1714 πρὸς
1150 1641 1212 1695 τὸ
1240 1639 1603 1712 τιμωρεῖσθαί
1636 1655 1778 1692 τινα.

195 1739 328 1802 Πῶς
379 1733 494 1802 οὖν,
536 1736 680 1790 εἴποι
724 1754 827 1802 τις,
885 1735 981 1787 καὶ
1019 1734 1115 1788 νῦν
1159 1733 1342 1796 αὐτοῖς
1376 1731 1630 1802 ἀνατείνῃ
1682 1731 1781 1799 τὴν

198 1829 359 1898 παρὰ
389 1825 627 1898 Χριστοῦ
667 1842 748 1878 σοι
796 1825 1045 1878 δοθεῖσαν
1077 1822 1348 1888 ἐξουσίαν,
1383 1822 1476 1874 καὶ
1501 1821 1612 1875 ἄνω
1641 1819 1779 1887 ἑφα-

197 1889 358 1982 σκες,
400 1889 488 1972 ’έν
538 1918 740 1989 ἑτοίμῳ
782 1916 998 1987 ἔχοντες
1047 1915 1333 1983 ἐκδικῆσαι
1386 1915 1566 1967 πᾶσαν
1601 1929 1777 1982 παρα-
1813 1889 1855 1948 Β

195 2013 358 2082 χοὴν,
393 2011 441 2062 εί
489 2010 588 2063 οὐκ
639 2010 732 2063 ἐπὶ
771 2008 1043 2079 τιμωρίᾳ,
1089 2005 1202 2060 ἀλλ’
1253 2005 1340 2058 ἐπ’
1379 2003 1636 2074 οἰκοδομῇ
1680 2003 1779 2072 τὴν

198 2103 454 2167 ἐξουσίαν
497 2101 756 2173 εῖληφας;
782 2102 908 2154 Ὀτι
956 2100 1085 2154 αὐτὸ
1117 2097 1297 2163 τοῦτο,
1335 2097 1490 2169 φησὶ,
1542 2095 1782 2166 μάλιστά

194 2197 354 2248 ἐστιν
378 2193 637 2264 οἰκοδομὴ
671 2191 848 2262 ὑμῶν,
874 2193 936 2246 τὸ
966 2192 1036 2246 τὰ
1072 2191 1371 2262 κωλύματα
1418 2190 1660 2258 ἀναιρεῖν
1687 2187 1782 2241 καὶ

195 2288 273 2340 τὰ
305 2287 598 2348 σκάνδαλα,
633 2279 744 2338 οἷον
783 2285 907 2348 τοὺς
952 2284 1421 2356 ψευδαποστόλους
1458 2285 1778 2354 καταργετν.

199 2380 303 2442 Εἰς
333 2376 491 2430 τοῦτο
541 2377 640 2448 μὲν
695 2376 983 2448 ἐλάϐομεν,
1017 2376 1084 2430 ἵν’
1128 2376 1524 2447 οἰκοδομῶμεν.
1563 2375 1688 2428 Ἐὰν
1723 2373 1780 2427 δέ

197 2489 296 2535 τις
325 2471 521 2524 ἀνίατα
555 2473 708 2542 νοσῇ,
736 2472 832 2526 καὶ
863 2473 929 2542 τῇ
961 2471 1126 2543 ἑτέρᾳ
1155 2469 1475 2542 χρησόμεθα
1507 2469 1779 2542 ἐνεργείᾳ,

197 2563 599 2634 καθαιροῦντες
641 2563 803 2618 αὑτὸν
835 2563 929 2617 καὶ
967 2561 1417 2626 καταϐάλλοντες,
1446 2561 1522 2625 ὡς
1555 2558 1692 2616 εἶναι
1723 2561 1783 2614 ἐν

201 2655 555 2728 πρωτοτύπῳ
611 2655 712 2727 μὲν
750 2657 850 2725 τὴν
903 2655 1212 2726 οἰκοδομὴν,
1239 2657 1296 2708 ἐν
1321 2654 1686 2726 παρεπομένῳ
1727 2653 1784 2706 δὲ

197 2749 307 2820 τὴν
346 2748 687 2820 καθαίρεσιν.
720 2749 834 2802 Οὐκ
861 2749 1312 2820 αἰσχυνθήσομαι.
1373 2749 1447 2800 Ού
1499 2746 1784 2819 δειχθήσο-

202 2860 330 2912 μαι,
377 2842 538 2912 φησὶ,
593 2841 833 2912 ψεύστης
878 2842 910 2912 ἦ
951 2841 1296 2911 κομπαστὴς.

277 2937 416 2989 Ἵνα
453 2933 538 3003 μὴ
585 2934 741 2999 δόξω
773 2936 854 3001 ὡς
900 2934 980 2988 ἂν
1018 2934 1296 3004 ἐκφοϐεῖν
1323 2932 1477 3003 ὑμᾶς
1531 2931 1629 2986 διὰ
1669 2932 1786 2986 τῶν

197 3025 569 3090 ἐπιστολῶν,
608 3027 695 3079 ὅτι
736 3030 794 3080 αὶ
829 3026 947 3096 μὲν
971 3026 1310 3091 ἐπιστολαὶ,
1349 3027 1522 3096 φησι,
1546 3026 1784 3094 βαρεῖαι

200 3119 307 3172 καὶ
333 3119 595 3188 ἰσχυραί,
629 3121 666 3188 ὴ
698 3119 766 3172 δὲ
807 3120 1113 3187 παρουσία
1155 3119 1260 3173 τοῦ
1300 3119 1575 3188 σώματος
1605 3119 1785 3172 ἀσθε-

1880 631 2032 685 sunt.
2070 640 2172 682 nos
2208 633 2392 683 autem
2422 627 2652 683 alterius
2686 626 3023 698 cuiuspiam.
3059 624 3172 683 Hoc
3199 642 3330 683 vero
3355 643 3451 698 per

1881 716 2103 771 modum
2130 717 2389 790 colloquii
2415 718 2575 774 dixit.
2597 712 2758 774 ~Nam
2799 719 2851 774 in
2883 734 3178 792 progressu
3210 721 3452 776 ostendit

1880 809 2026 879 quod
2075 825 2184 865 non
2220 825 2286 866 eo
2335 810 2496 866 modo
2533 825 2643 884 quo
2691 812 2765 866 illi
2829 812 3032 869 Christi
3080 820 3258 876 erant,
3296 813 3369 869 ita
3399 823 3454 868 et

1883 905 2018 976 ipse,
2047 906 2142 961 sed
2173 906 2364 977 ingens
2391 917 2508 963 erat
2534 908 2917 964 interstitium.
2942 907 3099 964 Unde
3122 909 3234 965 ait:
3269 928 3286 962 ι
3317 907 3452 964 Nam

1880 997 1925 1053 si
1956 998 2085 1067 quid
2122 999 2265 1053 ultra
2299 999 2403 1054 hoc
2445 1001 2709 1066 dicerem,
2735 1014 2848 1055 non
2909 999 3266 1071 pudelierem,
3326 1017 3452 1056 nam

1881 1106 2012 1146 vera
2069 1091 2333 1147 dicerem.
2369 1110 2386 1143 ι
2429 1092 2504 1148 De
2561 1101 2830 1164 potestate
2883 1101 3090 1150 nostra.
3127 1113 3145 1146 ι
3182 1091 3457 1149 Potestate

1882 1184 2130 1254 punitiva
2165 1199 2228 1238 ac
2286 1184 2585 1242 ulciscente
2633 1185 2998 1242 adversarios.
3051 1184 3257 1242 Deinde
3308 1187 3456 1257 quod

1882 1275 2137 1346 odiosum
2192 1276 2248 1330 in
2296 1291 2552 1332 sermone
2589 1286 2708 1332 erat
2759 1279 3072 1348 corrigens.
3135 1279 3212 1334 ait
3251 1298 3263 1332 :
3316 1297 3335 1331 ι
3372 1278 3453 1332 Ad

1880 1367 2298 1423 aediﬁcationem
2333 1375 2386 1422 et
2413 1381 2520 1422 non
2544 1367 2613 1422 ad
2636 1367 3067 1424 destructionem
3095 1371 3288 1436 vestri,
3330 1387 3348 1420 ι
3381 1370 3458 1423 Ac

1883 1460 1927 1513 si
1958 1459 2169 1514 diceret
2213 1475 2228 1512 :
2264 1459 2596 1514 Potestatem
2627 1459 2943 1528 accepimus
2967 1467 3026 1512 ut
3070 1475 3170 1516 vos
3223 1461 3460 1516 aediﬁca-

1883 1566 2068 1606 remus
2103 1552 2171 1606 ad
2211 1552 2392 1615 (idem,
2417 1567 2527 1607 non
2558 1561 2618 1607 ut
2653 1552 2890 1623 aliquem
2927 1553 3276 1623 puniremus.
3305 1553 3459 1609 Dicat

1885 1644 2053 1715 igitur
2085 1645 2286 1716 aliquis
2319 1663 2333 1701 :
2371 1644 2438 1699 Et
2467 1649 2745 1716 quomodo
2791 1660 2940 1700 nunc
2984 1645 3217 1702 minaris
3264 1645 3335 1700 ob
3360 1646 3460 1716 da-

1885 1744 1994 1789 tam
2027 1737 2123 1790 tibi
2155 1750 2185 1790 a
2211 1735 2435 1792 Christo
2463 1744 2814 1808 potestatem,
2849 1745 2904 1793 et
2929 1739 3186 1809 superius
3213 1737 3460 1804 dicebas,

1883 1829 2048 1902 675
2084 1830 2143 1884 ιη
2186 1839 2440 1900 promptu
2490 1831 2760 1885 habemus
2811 1831 3002 1885 ulcisci
3039 1845 3257 1886 omnem
3300 1830 3463 1884 ultio-

1885 1938 2032 1988 nem,
2090 1921 2136 1976 si
2199 1937 2309 1978 non
2355 1925 2422 1978 ad
2472 1924 2736 1979 ultionem
2789 1924 2883 1979 sed
2917 1925 2984 1978 ad
3037 1923 3457 1979 aediﬁcationem

1882 2015 2139 2086 accepisti
2173 2016 2549 2086 potestatem?
2581 2014 2719 2082 Quia
2748 2015 2850 2070 hoc
2881 2017 3084 2086 ipsum,
3111 2016 3314 2085 inquit,
3344 2031 3461 2070 ma-

1883 2107 2029 2162 xime
2073 2115 2160 2163 est
2189 2108 2358 2164 vestri
2390 2108 2702 2176 aediﬁcatio,
2760 2115 2814 2163 ut
2872 2108 2940 2164 de
2969 2109 3152 2165 medio
3202 2109 3463 2164 tollantur

1883 2200 2270 2272 impedimenta
2317 2210 2370 2257 et
2417 2201 2786 2268 offendicula,
2851 2211 2981 2272 puta
3036 2202 3084 2258 si
3135 2203 3463 2258 aboleantur

1884 2295 2316 2366 pseudapostoli.
2354 2293 2414 2348 In
2455 2295 2560 2350 hoc
2605 2293 2826 2364 quidem
2861 2295 3264 2366 accepimus‘ut
3291 2295 3464 2350 rediti-

1883 2401 2096 2442 cemus.
2137 2385 2311 2442 Porro
2354 2387 2399 2442 si
2446 2387 2571 2457 quis
2621 2386 3005 2442 incurabiliter
3053 2395 3300 2456 aegrotet,
3355 2387 3504 2441 alia’

1883 2495 2102 2550 quoque
2130 2488 2348 2535 utemur
2371 2481 2688 2550 operatione
2713 2493 2778 2534 ac
2807 2479 3072 2545 eliicacia,
3105 2480 3463 2536 demolientes

1886 2589 1950 2629 ac
1973 2573 2259 2630 diruentes
2282 2574 2462 2644 ipsum
2502 2591 2516 2626 :
2555 2582 2618 2629 ut
2648 2574 2722 2629 sit
2753 2573 2972 2644 quidem
3007 2575 3305 2644 primarius
3328 2588 3462 2631 usus

1883 2665 2193 2732 aediﬁcatio,
2229 2682 2297 2722 ex
2327 2667 2686 2738 consequenti
2719 2675 2900 2722 autem
2925 2666 2994 2722 ad
3031 2668 3461 2723 demolitionem.

1891 2775 1909 2810 ι
1941 2756 2057 2814 Non
2087 2757 2383 2829 pudeliam.
2432 2778 2450 2811 ο
2492 2759 2609 2814 Non
2639 2759 2917 2826 ostendat,
2972 2759 3172 2831 inquit,
3229 2761 3463 2816 mendax

1884 2859 1979 2904 aut
2011 2863 2296 2919 arrogans.

1960 2939 2030 3006 X,
2060 2941 2211 2997 9-H.
2266 2939 2350 2994 Ne
2386 2940 2646 3011 quomodo
2701 2940 2880 2995 ridear
2928 2939 3336 3009 perterrefacere
3374 2956 3462 2994 vos

1886 3050 1978 3104 per
2007 3031 2282 3104 epistolas.
2330 3031 2472 3087 Nam
2529 3033 2764 3102 epistola:
2815 3033 3024 3103 quidem
3082 3049 3264 3104 graves
3319 3043 3460 3097 sunt,

1889 3129 1989 3194 ait,
2037 3137 2086 3182 et
2117 3127 2303 3196 fortes,
2347 3139 2399 3180 at
2426 3130 2716 3197 prwscntia
2755 3130 2996 3199 corporis
3051 3127 3354 3192 imbecillis,
3399 3143 3462 3180 ac

195 3212 343 3279 νὴς,
381 3213 477 3264 καὶ
517 3215 549 3266 ό
599 3212 782 3282 λόγος
815 3209 1310 3281 ἐξουθενημένος.
1351 3211 1532 3266 Τοῦτο
1559 3207 1780 3280 λογιζέο

1891 3241 2061 3280 sermo
2091 3230 2440 3294 contemptus.
2495 3223 2612 3278 Hoc
2641 3234 2844 3292 reputet
2899 3225 2990 3295 qui
3045 3224 3311 3294 ejusmodi
3364 3233 3462 3288 est,

195 3307 335 3358 σθω
363 3305 396 3357 ό
425 3303 715 3370 τοιοῦτος,
744 3303 832 3357 ὅτι
871 3298 987 3356 οἷοί
1019 3303 1206 3372 ἐσμεν
1233 3300 1312 3366 τῷ
1344 3301 1504 3370 λόγῳ
1549 3300 1624 3353 δι’
1657 3301 1785 3354 ἐπι-

198 3395 450 3451 στολῶν
477 3395 756 3464 ἀπόντες,
774 3396 1030 3450 τοιοῦτοι
1057 3394 1155 3449 καὶ
1188 3395 1482 3463 παρόντες
1499 3394 1578 3461 τῷ
1611 3395 1783 3464 ἔργῳ.

279 3490 381 3542 Διὰ
415 3487 593 3555 τοῦτο,
625 3488 811 3560 φησὶν,
845 3488 1018 3552 οὕτως
1055 3487 1292 3560 μετρίως
1335 3483 1488 3540 εἷπον
1516 3488 1596 3552 τὸ,
1623 3506 1640 3537 ι
1671 3488 1784 3540 Οὐκ

199 3581 670 3653 αἰσχυνθήσομαι,
709 3599 727 3633 ι
756 3581 852 3636 καὶ⁵
878 3582 1029 3635 οὐδὲν
1059 3584 1204 3652 μέγα
1231 3578 1404 3647 εἶπον,
1431 3581 1519 3635 ἴνα
1549 3583 1623 3652 μὴ
1648 3581 1785 3646 δόξω

201 3675 284 3738 ὡς
327 3675 393 3728 ἂν
421 3673 673 3742 ἐκφοϐεῖν
710 3674 850 3743 ὑμᾶς
883 3674 972 3728 διὰ
1000 3674 1109 3728 τῶν
1138 3659 1458 3728 ἐπιστολῶν.
1511 3670 1642 3727 Εἶτα
1673 3678 1786 3740 τοῖς

200 3766 389 3834 λόγοις
427 3765 536 3818 τῶν
583 3764 976 3821 διαϐαλλόντων
1005 3767 1167 3820 αὑτὸν
1222 3765 1506 3838 κέχρηται.
1557 3767 1668 3820 Καὶ
1701 3768 1787 3821 ἵνα

203 3860 285 3931 μὴ
316 3859 479 3913 πάλιν
511 3860 756 3926 εἴπωσιν,
788 3859 868 3913 ὄτι
898 3859 964 3913 Al
993 3859 1092 3930 μὲν
1121 3860 1402 3916 ἐπιστολαὶ
1426 3860 1662 3932 βαρεῖαι,
1695 3860 1788 3914 καὶ

198 3955 273 4008 τὰ
311 3952 437 4024 ἑξῆς
456 3969 472 3986 ·
505 3954 590 4008 διὰ
615 3954 794 4016 τοῦτο,
832 3955 1020 4024 φησὶν,
1050 3954 1223 4018 οὕτως
1249 3955 1487 4028 μετρίως
1519 3955 1786 4025 ἐφθεγξά-

203 4041 346 4116 μην.
397 4065 415 4096 ι
452 4045 516 4097 Ἦ
555 4045 611 4098 δέ
664 4048 940 4118 παρουσία
1005 4045 1099 4099 τοῦ
1165 4045 1416 4117 σώματος
1463 4047 1717 4118 ἀσθενής.
1763 4066 1783 4099 ι

205 4136 444 4204 Ἔλεγον
483 4137 590 4208 γὰρ
639 4138 687 4190 0i
733 4137 1113 4200 διαϐάλλοντες
1156 4137 1342 4205 αὐτὸν,
1380 4139 1461 4192 ὅτι
1507 4138 1784 4210 κομπάζει

199 4228 296 4280 διὰ
334 4228 447 4280 τῶν
481 4228 800 4294 ἐπιστολῶν,
848 4231 939 4282 καὶ
974 4227 1181 4298 φοϐερὰ
1233 4228 1562 4283 ἐπιστέλλει.
1603 4233 1789 4298 Παρα-

202 4319 509 4390 γενόμενος
533 4320 609 4385 δέ,
635 4321 1110 4392 εὐκαταφρόνητός
1143 4337 1228 4384 τις
1263 4321 1400 4386 ἐστὶ,
1439 4321 1534 4375 καὶ
1566 4321 1788 4392 ἐλέγχε-

200 4428 295 4466 ται
318 4413 395 4482 μὴ
418 4409 493 4480 ὢν
513 4407 620 4474 οἷος
648 4412 870 4484 γράφει.
895 4412 1096 4466 ιΤοῦτο
1117 4413 1412 4482 λογιζέσθω
1435 4414 1464 4466 ὁ
1488 4413 1747 4478 τοιοῦτος.
1762 4433 1782 4467 ι

203 4506 270 4558 Οί
303 4503 480 4557 ταῦτα
503 4504 774 4572 λέγοντες,
795 4506 950 4575 φησὶ,
968 4504 1127 4559 τοῦτο
1154 4505 1409 4571 ἴστωσαν,
1426 4508 1509 4560 ὅτι
1531 4507 1625 4560 καὶ
1642 4524 1788 4578 παρ-

1888 3317 2027 3388 quod
2053 3318 2234 3388 quales
2282 3335 2463 3373 sumus
2501 3334 2739 3374 sermone
2759 3336 2851 3390 per
2886 3318 3134 3386 epistolas
3165 3335 3283 3372 cum
3309 3319 3466 3372 absu-

1873 3397 2028 3474 mus,
2058 3412 2188 3466 tales
2215 3427 2398 3466 sumus
2427 3420 2476 3465 et
2503 3427 2621 3466 cum
2653 3411 2906 3465 adsumus
2945 3412 3112 3478 facta.

1959 3503 2283 3576 Propterea,
2341 3504 2564 3575 inquit,
2627 3503 2770 3558 infra
2839 3503 3272 3559 mediocritatem
3326 3503 3462 3567 dixi,

1896 3617 1915 3650 ι
1942 3596 2061 3652 Non
2085 3597 2378 3668 pudeliam,
2431 3616 2452 3650 ι
2482 3612 2581 3651 nee
2615 3597 2916 3666 quidquam
2949 3597 3214 3666 grandius
3250 3596 3465 3651 locutus

1890 3706 2038 3755 sum,
2074 3706 2142 3745 ne
2173 3707 2284 3761 quo
2320 3691 2482 3746 modo
2521 3690 2708 3746 videar
2731 3699 2936 3745 terrere
2989 3705 3084 3745 vos
3125 3705 3220 3759 per
3249 3689 3451 3758 episto-

1891 3783 1995 3840 las.
2037 3782 2242 3838 Deinde
2264 3784 2484 3838 illorum
2513 3799 2648 3838 usus
2672 3793 2755 3838 est
2789 3783 3145 3839 sermonibus
3165 3784 3257 3852 qui
3287 3783 3464 3850 ipsum

1891 3875 2394 3930 calumniabantur.
2433 3861 2498 3930 Et
2530 3893 2597 3931 ne
2627 3892 2850 3932 rursum
2893 3875 3080 3930 dicant
3120 3894 3134 3930 :
3182 3875 3315 3928 Nam
3353 3878 3469 3942 epi.

1892 3970 2046 4024 stolae
2070 3969 2291 4040 quidem
2343 3985 2537 4040 graves
2597 3979 2748 4034 sunt,
2807 3981 2860 4024 et
2897 3979 3117 4034 caetera,
3159 3981 3464 4040 propterea,

1893 4061 2098 4133 inquit,
2133 4062 2202 4116 ita
2241 4063 2490 4117 modeste
2537 4062 2752 4117 locutus
2788 4077 2932 4115 sum.
2969 4080 2988 4113 ι
3046 4063 3114 4115 At
3174 4059 3467 4130 praesentia

1894 4153 2146 4223 corporis
2177 4151 2490 4207 imbecillis.
2534 4171 2553 4204 ι
2613 4151 2873 4206 Dicebant
2906 4151 3050 4205 enim
3087 4151 3180 4220 qui
3209 4149 3308 4219 ipsi
3366 4149 3467 4204 de-

1892 4247 2206 4312 trahebant,
2244 4245 2392 4316 quod
2437 4245 2670 4316 jactarel.
2709 4259 2768 4300 se
2792 4259 2857 4299 ac
2903 4244 3295 4299 intumesceret
3327 4252 3380 4298 et
3413 4243 3466 4296 in

1891 4341 2144 4411 epistolis
2181 4338 2549 4394 formidabilis
2581 4337 2896 4404 scriberet;
2933 4346 2986 4390 at
3014 4333 3104 4390 ubi
3131 4335 3467 4397 advenisset,
3505 4383 3511 4388 .

1893 4435 2187 4489 admodum
2235 4433 2532 4502 despectus
2573 4441 2744 4497 esset,
2781 4446 2844 4486 ac
2881 4433 3303 4485 convinceretur
3358 4444 3468 4510 non

1898 4525 2022 4580 talis
2069 4539 2194 4578 esse
2245 4524 2464 4593 qualem
2529 4522 2823 4577 scribendo
2883 4521 3248 4576 ostenderet:
3298 4539 3315 4570 ι
3355 4518 3471 4574 lloc

198 4599 362 4658 ὀντες
389 4593 485 4646 καὶ
514 4594 767 4663 ἀπόντες,
791 4594 967 4664 ὅμοιοί
1012 4595 1202 4665 ἐσμεν.
1243 4596 1356 4648 Καὶ
1393 4594 1583 4663 ὥσπερ
1614 4577 1782 4664 ἐσμέν

1895 4625 2107 4688 reputet
2131 4616 2222 4686 qui
2254 4577 2526 4685 ejusmodi
2555 4623 2659 4669 est.
2688 4634 2707 4666 ι
2735 4613 2838 4680 Qui
2869 4615 2996 4678 ista,
3026 4613 3220 4683 inquit,
3254 4612 3466 4675 dicunt,

199 4686 440 4750 ἀπόντες
471 4685 547 4758 τῷ
593 4687 738 4758 λόγῳ
783 4690 878 4742 καὶ
906 4689 1029 4751 ταῖς
1059 4687 1391 4755 ἐπιστολαῖς,
1428 4687 1662 4742 τοιοῦτοι
1691 4690 1786 4742 καὶ

201 4779 483 4851 παρόντες
524 4778 602 4850 τῷ
637 4780 806 4852 ἔργῳ.
840 4781 1155 4849 Τουτέστιν,
1183 4782 1243 4834 ού
1279 4783 1438 4854 μόνον
1458 4783 1788 4852 ἀπειλοῦμεν

198 4871 462 4938 ἀπόντες,
487 4872 601 4924 ἀλλ’
634 4875 892 4944 ίσχύομεν
913 4874 1011 4927 δια)⁸
1036 4877 1487 4947 παραγινόμενοι,
1519 4879 1596 4940 είς
1625 4876 1786 4947 ἔργον

200 4968 442 5036 ἀγαγεῖν
469 4965 539 5020 τὰ
568 4966 944 5038 άπειλούμενα

276 5271 366 5324 Οὐ
395 5269 507 5342 γὰρ
545 5271 856 5341 τολμῶμεν
891 5273 1158 5344 ἐνκρῖναι
1213 5273 1252 5343 ἢ
1284 5275 1601 5344 συγκρῖναι
1648 5277 1787 5331 ἐαυ-

200 5364 351 5428 τούς
401 5378 525 5416 τισι
576 5362 698 5417 τῶν
750 5365 1006 5432 ἑαυτοὺς
1052 5369 1566 5433 συνιστανόντων,
1627 5371 1788 5424 ἀλλὰ

200 5455 381 5511 αὐτοὶ
415 5456 488 5510 ἐν
524 5457 763 5525 ἑαυτοῖς
795 5459 1051 5526 ἑαυτοὺς
1093 5463 1476 5532 μετροῦντες,
1510 5465 1609 5518 καί
1640 5481 1786 5535 συγ-

198 5549 520 5616 κρίνοντες
552 5549 810 5618 ἑαυτοὺς
838 5551 1076 5618 ἑαυτοῖς
1103 5555 1176 5608 οὐ
1203 5555 1546 5610 συνιοῦσιν.
1592 5555 1789 5626 Ἡμεῖς

199 5645 273 5698 δὲ
305 5643 449 5714 οὐχι
483 5648 570 5712 εις
604 5647 679 5700 τὰ
713 5647 937 5716 ἄμετρα
969 5651 1423 5719 καυχησόμεθα,
1453 5652 1612 5708 ἀλλὰ
1638 5655 1788 5709 κατὰ

199 5736 272 5789 τὸ
291 5735 517 5806 μέτρον
539 5737 648 5792 τοῦ
676 5740 957 5806 κανόνος,
990 5737 1063 5796 οὗ
1091 5740 1370 5811 ἐμέρισεν
1410 5744 1555 5815 ἡμῖν
1581 5747 1616 5800 ὀ
1646 5747 1790 5816 Θεὸς

199 5830 428 5896 μέτρου
467 5829 789 5898 ἀφικέσθαι
828 5832 965 5902 ἄχρι
1002 5833 1100 5888 καὶ
1140 5835 1324 5898 ὑμῶν.

444 5927 450 5932 ’
572 5925 847 5986 ΡΑτιιοι..
875 5927 990 5986 Gn.
1028 5927 1128 5988 CX
1143 5927 1309 5988 Vill.

1890 4711 1994 4764 hoc
2019 4708 2216 4774 sciant,
2254 4708 2400 4778 quod
2439 4714 2493 4760 et
2537 4715 2838 4776 praesentes
2885 4713 2940 4759 et
2999 4705 3254 4759 absentes
3306 4703 3468 4758 iidem

1891 4817 2084 4857 sumus
2123 4818 2136 4854 :
2169 4808 2225 4855 et
2257 4801 2450 4871 quales
2505 4814 2699 4854 sumus
2736 4797 2991 4852 absentes
3022 4810 3118 4866 per
3157 4809 3468 4850 sermonem

1890 4904 1944 4950 et
1972 4895 2255 4966 epistolas,
2309 4893 2447 4948 tales
2480 4895 2643 4947 etiam
2683 4906 2876 4946 sumus
2925 4896 3223 4959 praesentes
3278 4902 3466 4957 opere.

1893 4985 2008 5039 lloc
2043 4993 2146 5049 est,
2178 5001 2284 5037 non
2315 4984 2495 5038 solum
2545 4983 2824 5035 minamur
2862 4981 3146 5043 absentes,
3176 4977 3273 5035 sed
3327 4993 3470 5049 pra:-

1891 5086 2078 5133 sentes
2109 5091 2329 5146 quoque
2355 5089 2652 5142 possumus
2689 5073 2743 5126 iu
2772 5086 2912 5142 opus
2941 5071 3215 5125 deducere
3243 5070 3295 5126 id
3321 5071 3469 5140 quod

1891 5173 2189 5226 minamur.

1962 5271 2030 5349 Χ,
2063 5284 2150 5350 12,
2180 5284 2268 5339 i3.
2288 5281 2412 5337 Non
2430 5284 2568 5338 enim
2591 5284 2846 5337 audemus
2872 5284 3098 5338 inserere
3120 5293 3213 5338 aut
3235 5284 3472 5354 conferre

1901 5396 1995 5433 nos
2029 5379 2171 5445 ipsos
2202 5375 2521 5447 quibusdam
2555 5375 2645 5447 qui
2670 5375 2866 5444 seipsos
2928 5375 3314 5430 commendant.
3365 5371 3469 5428 Sed

1892 5472 1995 5540 ipsi
2017 5487 2111 5525 nos
2139 5471 2282 5540 ipsos
2314 5469 2560 5524 metimur
2591 5469 2646 5523 in
2679 5468 2830 5524 nobis
2862 5469 2991 5537 ipsis
3047 5477 3098 5522 et
3148 5465 3469 5535 conferimus

1893 5581 1986 5619 nos
2027 5566 2169 5630 ipsos
2194 5564 2344 5618 nobis
2372 5563 2523 5631 ipsis,
2554 5579 2658 5618 non
2682 5563 2761 5618 Itis
2797 5563 2887 5632 qui
2915 5578 3023 5616 una
3047 5559 3319 5614 nobiscum
3353 5573 3469 5614 t'er—

1891 5669 2104 5715 santur.
2138 5655 2322 5727 Neque
2347 5673 2440 5712 nos
2486 5657 2542 5711 iu
2590 5658 2904 5711 immensum
2945 5653 3295 5725 gloriabimur
3323 5666 3342 5708 :
3375 5651 3472 5707 sed

1889 5752 2050 5823 juxta
2080 5767 2383 5807 mensuram
2406 5749 2601 5823 regulis
2623 5766 2725 5819 qua
2750 5748 2984 5817 partitus
3018 5754 3095 5800 est
3117 5745 3268 5800 nobis
3303 5741 3476 5811 Deus,

1894 5861 2143 5902 mensura
2182 5845 2516 5914 pertingendi
2556 5843 2720 5899 etiam
2747 5855 2910 5910 usque
2941 5838 3010 5894 ad
3047 5855 3154 5893 vos.

3034 5930 3110 5995 33
