3956 6548
461 391 600 459 1039

1501 387 1900 450 (ECUMENII
1939 385 2231 446 TRlCC/E
2270 386 2613 450 El’ISGOPI

3579 391 3704 458 1N0

527 507 714 579 Neque
776 508 920 562 enim
985 508 1186 578 poterit
1231 505 1509 576 quispiam
1572 503 1778 563 dicere.
1837 503 2038 572 inquit,

2215 503 2288 554 Οὐ
2327 502 2438 574 γάρ
2484 504 2552 558 ἂν
2593 505 2736 558 εἴποι
2785 523 2890 570 τις,
2929 506 3116 576 φησὶν,
3153 507 3236 560 δτι
3279 506 3356 577 μὴ
3383 505 3710 578 ἀφικόμενοι,

456 600 627 672 quod,
654 612 782 655 eum
806 617 913 654 Ilntt
943 601 1326 670 pertigerimns
1355 603 1469 653 sive
1513 611 1621 652 non
1660 596 2038 668 pertingamus

460 712 634 766 usque
663 695 728 750 ad
763 710 879 759 vos,
917 691 1262 748 extendimus
1304 708 1406 746 nos
1441 693 1618 762 ipsos,
1660 690 1904 744 dicentes
1938 705 2040 745 nos

460 789 750 861 pertigissc
783 787 848 840 ad
881 801 1005 848 vos,
1038 783 1241 838 frustra
1276 798 1588 838 sermonem
1629 781 1911 852 iactando.
1937 778 2042 834 Re-

459 897 586 938 vera
613 881 757 935 enim
783 893 956 947 usque
980 876 1045 930 ad
1074 892 1170 932 vos
1207 876 1552 946 pertigimus.
1579 873 1911 945 Pertigimus
1937 889 2038 926 au-

458 981 565 1029 tem
600 973 651 1027 in
681 971 977 1042 Evangelio
1017 969 1218 1024 Christi
1259 989 1270 1023 ε
1310 970 1412 1022 huc
1447 977 1552 1029 est,
1599 983 1706 1021 non
1760 976 2041 1034 utcunque

458 1067 803 1138 pertigimus,
839 1064 934 1119 sed
989 1063 1386 1117 annuntiantes
1441 1061 1597 1115 vobis
1652 1060 2036 1128 Evangeliunt.

465 1173 482 1206 ι
537 1153 706 1220 Quasi
740 1168 845 1206 non
882 1152 1273 1222 pertingentes.
1317 1169 1335 1202 ι
1365 1151 1420 1204 1ιί
1453 1157 1557 1214 est,
1622 1165 1729 1203 non
1790 1156 2040 1218 potentes

459 1247 523 1299 ad
553 1261 650 1299 vos
699 1260 877 1313 usque
905 1244 1238 1314 pertingere,
1274 1252 1364 1295 aut
1402 1242 1706 1313 pertigisse.
1765 1261 1783 1292 ι
1839 1241 2041 1294 Exten-

458 1338 639 1393 dimus
680 1354 780 1392 nos
813 1338 1014 1406 ipsos”
1050 1347 1308 1405 tanquam
1354 1338 1496 1389 l‘astu
1536 1335 1848 1390 verborum.
1889 1352 1906 1384 ι
1940 1334 2042 1387 Per

461 1431 812 1498 Evangelium
848 1430 1073 1485 Christi.
1112 1447 1130 1480 ι
1176 1428 1311 1502 Nam
1345 1427 1643 1483 verisimile
1678 1435 1798 1482 erat
1834 1427 2039 1498 pseud-

458 1523 736 1594 apostolos
796 1521 958 1575 etiam
1024 1536 1132 1575 non
1183 1519 1552 1590 praedicando.
1589 1519 1653 1572 ad
1694 1519 1876 1591 aliqua
1925 1519 2040 1573 loca

459 1613 790 1675 accessisse,
828 1621 880 1665 et
913 1611 1061 1680 quod
1113 1609 1186 1664 ob
1236 1609 1288 1663 id
1343 1609 1734 1677 gloriarentur.
1775 1627 1793 1659 ι
1836 1606 1954 1662 Non
1987 1608 2042 1660 in

458 1705 545 1759 liis
578 1719 701 1774 quae
731 1718 894 1772 supra
928 1718 1241 1758 mensuram
1267 1710 1394 1756 sunt
1422 1701 1741 1771 gloriantes.
1783 1719 1802 1751 ι
1840 1701 1897 1754 in
1934 1699 2040 1762 bis,

461 1797 664 1866 inquit.
704 1795 871 1867 679
900 1812 1020 1864 qua:
1059 1807 1305 1850 nostram
1334 1795 1609 1848 excedunt
1646 1807 1960 1848 mensuram
1989 1799 2043 1846 et

462 1889 789 1957 potentiam,
815 1896 868 1940 et
911 1887 965 1940 in
998 1885 1195 1940 alienis
1224 1885 1530 1940 laboribus.
1554 1882 1871 1938 Verisimile
1896 1881 2039 1936 enim

461 1991 544 2035 est
579 1981 723 2053 quod
755 1978 1167 2050 pseudapostoli
1203 1993 1326 2032 eum
1356 1979 1445 2032 alii
1503 1977 1899 2048 praedicassent
1940 1975 2043 2028 ali-

457 2071 607 2134 cubi,
645 2071 744 2140 ipsi
790 2071 982 2124 leviter
1015 2068 1348 2123 accedebant
1390 2075 1444 2121 et
1474 2065 1718 2136 sibiipsis
1781 2064 2046 2136 praedica-

462 2163 662 2216 tionem
689 2161 1061 2216 aSrribebant.
1104 2158 1213 2215 Nos
1255 2169 1435 2214 autem
1466 2175 1575 2213 non
1631 2174 1798 2228 super
1828 2157 2042 2219 alienis,

461 2254 663 2324 inquit,
709 2253 1010 2307 laboribus.
1059 2270 1077 2303 ι
1121 2252 1416 2320 Sperantes
1466 2259 1671 2304 autem.
1711 2268 1728 2299 ι
1775 2249 1920 2303 Nihil
1953 2265 2044 2302 as-

462 2347 617 2409 serit,
668 2345 762 2399 scd
790 2334 1102 2414 speramus,
1152 2344 1348 2412 inquit,
1385 2343 1437 2395 in
1501 2342 1632 2395 Deo.
1681 2339 1738 2394 ln
1791 2357 1856 2396 eo
1899 2341 2043 2394 enim

463 2437 611 2508 quod
640 2437 845 2492 crescit
895 2436 1031 2491 lides
1071 2435 1496 2504 discipulorum,
1534 2442 1898 2504 praecvptores
1929 2433 2048 2486 lan-

462 2533 684 2586 dantur.
719 2531 836 2584 Hoc
869 2529 1053 2598 itaque
1084 2528 1136 2580 in
1161 2527 1262 2580 hoe
1284 2526 1541 2580 consistit
1581 2535 1640 2578 ut
1667 2534 1883 2579 crescat
1912 2524 2047 2580 ﬁdes

447 2629 670 2676 -ve3tra.
719 2637 737 2670 ι
780 2620 835 2672 In
869 2618 1024 2672 vobis
1065 2617 1498 2687 magniﬁcemur.
1546 2633 1564 2665 ι
1602 2615 2046 2684 Sperantus,,in-

467 2716 610 2784 quit,
647 2711 790 2782 quod
842 2710 996 2764 vobis
1021 2709 1086 2763 ad
1124 2708 1279 2762 ﬁdem
1325 2707 1728 2771 crescentibus,
1786 2706 1837 2758 in
1892 2706 2047 2760 vobis

464 2807 646 2876 magni
703 2804 1076 2857 ostendemur.
1135 2820 1154 2852 ι
1208 2798 1371 2854 Juxta
1409 2800 1650 2868 regulam
1692 2808 1938 2852 nostram
1992 2798 2046 2851 in

430 2898 900 2954 exuberantimn.
945 2913 963 2946 ι
1001 2893 1112 2947 lloc
1143 2903 1246 2958 est,
1302 2892 1448 2962 quod
1492 2893 1545 2945 in
1585 2892 1737 2945 vobis
1789 2891 2019 2960 gluriabi

433 3023 436 3026 ι
467 3006 590 3043 tlttll‘
623 2990 744 3060 plus
772 3002 936 3055 quam
965 3001 1151 3051 nunc;
1185 2999 1311 3038 nam
1355 2983 1406 3037 id
1434 2993 1540 3044 est,
1597 3001 1613 3033 ι
1646 2980 1702 3036 In
1738 2983 2049 3037 exuberan-

430 3083 617 3136 ‘titnn.
659 3100 674 3132 ι
711 3078 871 3133 Juxta
914 3079 1157 3148 regulam
1203 3086 1470 3142 nostram,
1505 3077 1553 3129 id
1579 3075 1860 3144 est,juxta
1897 3091 2051 3130 men-

465 3193 651 3232 suram
680 3190 948 3241 nostram,
989 3191 1108 3246 qum
1143 3173 1303 3229 nobis
1333 3189 1362 3226 a
1397 3173 1505 3226 Deo
1529 3172 1734 3228 credita
1759 3181 1863 3227 est.
1901 3171 2046 3227 Bene
2074 3202 2120 3264 α

466 3277 648 3324 antem
679 3270 924 3339 regulam
967 3276 1021 3323 et
1067 3282 1380 3323 mensuram
1416 3274 1597 3330 vocat,
1659 3275 1918 3334 tanquam
1977 3264 2046 3319 ad

466 3359 875 3431 possessionem
905 3366 959 3411 et
988 3357 1360 3411 liaereditatem
1392 3355 1544 3410 orbis
1581 3355 1697 3426 ipse
1721 3356 2043 3410 accesserit.

471 3471 490 3504 ι
529 3451 599 3507 Ut
629 3452 696 3505 iis
727 3464 946 3520 quoque
975 3448 1294 3516 regionibus
1324 3462 1447 3518 qua:
1484 3449 1626 3501 ultra
1681 3463 1776 3502 vos
1825 3458 1974 3503 sunt.
2019 3467 2039 3500 ι

471 3541 535 3596 Et
577 3544 650 3594 ita
689 3541 742 3592 in
772 3537 948 3602 vobis,
997 3537 1196 3606 inquit,
1241 3538 1676 3607 niagniticemur,
1713 3547 1772 3592 ut
1803 3539 1966 3592 etiam
1991 3539 2047 3592 in

475 3634 794 3704 regionibus
819 3645 941 3699 quae
971 3629 1114 3682 ultra
1148 3644 1244 3682 vos
1281 3637 1408 3683 sunt
1442 3627 1796 3698 Evangelium
1829 3646 2045 3685 annun-

474 3726 670 3784 tietnus
697 3738 760 3776 ac
792 3722 1128 3775 doceamus:
1157 3721 1300 3790 quod
1335 3735 1467 3775 sane
1497 3721 1660 3774 etiam
1692 3721 1843 3774 fecit.
1881 3739 1900 3773 ι
1932 3721 2050 3777 Non

471 3818 525 3873 in
555 3817 733 3871 aliena
765 3817 976 3886 regula.
1019 3833 1036 3864 ι
1071 3813 1134 3867 Et
1167 3829 1274 3868 non
1325 3813 1790 3883 quemadmodum
1848 3814 2049 3884 pseud-

471 3910 706 3981 apostoli
754 3907 991 3972 faciunt,
1029 3905 1228 3976 inquit,
1276 3905 1622 3976 gloriandum
1673 3906 1829 3961 nobis
1873 3915 1957 3962 est
1994 3909 2048 3962 in

475 4005 654 4060 aliena
689 4003 876 4072 regula
913 4011 965 4056 et
1012 4009 1184 4070 parte,
1213 4007 1267 4054 et
1299 3999 1388 4052 ubi
1416 3999 1558 4053 alius
1583 3999 1873 4054 laboravit.
1915 4000 2050 4055 Nam

469 4100 575 4153 hoe
604 4105 711 4162 est,
739 4095 882 4164 quod
913 4094 987 4147 ait
1021 4111 1032 4146 :
1065 4112 1084 4144 ι
1125 4091 1197 4147 De
1223 4091 1446 4161 bisqua:
1471 4104 1659 4161 parata
1691 4103 1840 4148 sunt.
1879 4112 1897 4145 ι
1926 4093 2052 4157 Ubi,

481 4194 683 4262 inquit,
709 4199 917 4260 jactum
977 4198 1095 4243 erat
1145 4187 1410 4243 doctrina:
1467 4203 1678 4241 st-men.
1717 4207 1735 4238 ι
1797 4186 1903 4242 Sed
1959 4188 2052 4256 qui

471 4285 738 4356 gloriatur
774 4283 827 4334 in
857 4279 1090 4333 Domino
1119 4278 1416 4349 glorietur.
1449 4295 1466 4328 ι
1497 4276 1682 4346 itaque
1705 4277 1801 4341 illi,
1854 4281 2054 4343 inquit,

2144 595 2312 665 ἤγουν
2351 596 2427 668 μὴ
2477 597 2872 668 ἀφικνούμενοι
2923 601 3007 663 εἰς
3050 600 3226 670 ὑμᾶς,
3268 599 3715 671 ὑπερεκτείνομεν

2143 685 2390 750 ἑαυτοὺς,
2417 687 2667 756 λέγοντες
2697 688 2995 758 ἐφθακέναι
3021 693 3100 754 εἰς
3131 691 3300 760 ὑμᾶς,
3329 691 3455 763 εἰκῆ
3483 691 3558 761 τῷ
3580 692 3716 761 λόγῳ

2144 780 2540 850 κομπάζοντες.
2564 780 2654 850 Τῷ
2697 781 2812 836 δντι
2847 783 2974 853 γὰρ,
3010 783 3171 852 ἄχρις
3201 784 3356 853 ὑμῶν
3385 784 3715 854 ἐφθάσαμεν.

2158 873 2506 943 Ἐφθάσαμεν
2533 875 2611 938 δὲ,
2634 876 2692 927 ὲν
2707 875 2786 945 τῷ
2831 876 3147 946 Εὖαγγελίῳ
3163 877 3258 930 τοῦ
3279 879 3536 948 Χριστοῦ.
3559 881 3719 933 Τουτ-

2145 963 2316 1027 έστιν,
2340 966 2437 1034 οὐχ
2471 966 2656 1028 ἁπλῶς
2687 969 3147 1036 παραγενόμενοι,
3170 969 3306 1021 ἀλλὰ
3335 970 3718 1037 καταγγέλλω.

2142 1067 2233 1118 τες
2255 1055 2383 1125 ὑμῖν
2411 1055 2472 1107 τὸ
2506 1056 2858 1123 Εὐαγγέλιον.
2893 1075 2912 1107 ι
2940 1058 3026 1120 Ὠς
3055 1058 3130 1128 μὴ
3157 1059 3555 1128 ἐφικνούμενοι.
3586 1083 3600 1110 ι
3638 1064 3718 1132 illi;

2150 1146 2448 1216 ἰσχύοντες,
2469 1148 2627 1217 φησι,
2652 1150 2746 1202 καὶ
2765 1150 2921 1220 ἄχρις
2941 1149 3098 1218 ὑμῶν
3120 1150 3476 1218 ἐφικέσθαι,ῆ
3501 1153 3604 1219 ’,σθᾶ
3616 1169 3714 1204 σαι.

2154 1259 2172 1291 ι
2215 1238 2712 1311 ’Υπερεκτείνομεν
2751 1243 3000 1305 ἑαυτοὺς,
3039 1262 3056 1294 ι
3093 1237 3226 1309 οἷον,
3265 1244 3344 1313 τῷ
3377 1245 3572 1314 κόμπῳ
3620 1250 3720 1300 τῶν

2144 1332 2340 1401 λόγων.
2375 1352 2394 1385 ι
2419 1335 2505 1386 Ἐν
2535 1333 2614 1404 τῷ
2647 1334 2966 1406 Εὐαγγελίῳ
2988 1335 3082 1389 τοῦ
3108 1337 3402 1408 Χριστοῦ.»
3441 1339 3593 1402 Εἰκὸς
3620 1342 3720 1408 γὰρ

2145 1419 2212 1494 ἧν
2261 1426 2388 1488 τοὺς
2443 1426 2937 1495 ψευδαποστὸλους,
2977 1428 3073 1480 καὶ
3109 1429 3238 1483 ἄνευ
3288 1428 3382 1482 τοῦ
3436 1431 3720 1500 κηρύσσειν

2148 1517 2634 1588 παραγενομένους
2664 1536 2790 1581 που,
2831 1521 2922 1570 καὶ
2975 1519 3118 1590 ὑπὲρ
3159 1519 3352 1572 τούτου
3402 1523 3718 1591 καυχᾶσθαι.

2154 1630 2171 1662 ι
2201 1611 2314 1663 Οὐκ
2342 1609 2421 1672 εἰς
2456 1610 2672 1680 ἄμετρα
2704 1610 3071 1679 καυχώμενοι.
3114 1629 3133 1663 ι
3166 1612 3247 1664 Τὰ
3273 1612 3334 1664 τὸ
3367 1613 3588 1681 μέτρον,
3628 1632 3722 1683 ᾳ,-

2148 1703 2254 1765 σ“ιν,
2283 1700 2463 1772 ἡμῶν,
2501 1703 2594 1754 καὶ
2636 1703 2736 1772 τὴν
2768 1702 3000 1772 δύναμιν
3042 1703 3443 1771 ὑπερϐαίνοντα
3485 1706 3543 1756 ἐν
3572 1707 3722 1757 ἀλλον

2147 1795 2321 1865 τρίοις
2350 1794 2559 1855 κόποις.
2579 1796 2737 1860 Εἰκὸς
2769 1795 2875 1865 γὰρ
2898 1798 3021 1858 τοὺς
3044 1796 3528 1864 ψευδαποστόλους.
3557 1799 3722 1852 ἄλλων

2147 1903 2252 1939 που
2306 1886 2699 1958 κηρυξάντων,
2741 1887 2938 1950 αὐτοὺς
2993 1886 3336 1957 ἐπιδημῆσαι
3390 1889 3597 1956 ψιλῶς,
3641 1895 3724 1943 καί

2147 1979 2362 2040 ἑαυτοῖς
2405 1978 2738 2047 ἐπιγράφειν
2771 1977 2831 2029 τὸ
2865 1979 3150 2046 κήρυγμα.
3197 1978 3391 2048 Ἡμεῖς
3421 1979 3497 2044 δὲ,
3547 1984 3720 2050 φησὶν,

2145 2069 2246 2120 οὐκ
2279 2067 2366 2120 ἐπ’
2423 2066 2726 2136 ἀλλοτρίοις
2758 2067 2969 2132 κόποις.
3025 2087 3044 2119 ι
3083 2069 3305 2122 Ἐλπίδα
3339 2069 3394 2122 δὲ
3431 2069 3663 2140 ἔχοντες.
3701 2094 3715 2121 ι

2147 2159 2315 2213 Οὐδὲν
2346 2161 2735 2227 ἀποφαίνεται,
2787 2161 2904 2212 ἀλλ’
2938 2160 3253 2232 ἐλπίζομεν,
3290 2151 3475 2234 φησιν,
3521 2167 3616 2217 ἐπὶ
3654 2168 3722 2235 τῷ

2147 2249 2290 2321 Θεῷ.
2329 2249 2468 2320 Πρὸς
2515 2250 2544 2302 ὃ
2581 2253 2689 2321 γὰρ
2719 2252 2751 2319 ἡ
2786 2252 2968 2314 πίστις
3003 2253 3277 2306 ἐπιδίδωσι
3313 2255 3422 2307 τῶν
3447 2256 3717 2326 μαθητῶν,

2148 2345 2198 2397 οἰ
2234 2344 2546 2398 διδάσκαλοι
2577 2346 2946 2416 εὐδοκιμοῦσι.
2982 2347 3152 2400 Τοῦτο
3185 2349 3294 2418 γάρ
3326 2351 3474 2402 ἐστιν
3501 2351 3720 2414 αὐξανο-

2152 2435 2319 2506 μένης
2351 2437 2452 2506 τῆς
2477 2438 2714 2502 πίστεως
2745 2440 2920 2509 ὑμῶν.
2951 2460 2968 2493 ι
3004 2442 3090 2494 Ἐν
3113 2442 3240 2512 ὑμῖν
3266 2443 3716 2514 μεγαλυνθῆναι.»

2161 2529 2511 2600 Ἐλπίζομεν,
2540 2531 2729 2599 φησὶν,
2763 2533 2917 2604 ὑμῶν
2957 2534 3304 2590 ἐπιδιδόντων
3340 2536 3478 2608 πρὸς
3511 2536 3610 2607 τὴν
3641 2537 3719 2588 πί-

2151 2639 2290 2686 στιν,
2323 2626 2382 2676 ὲν
2418 2625 2546 2693 ὑμῖν
2580 2625 2806 2694 μεγάλοι
2840 2625 3142 2696 δειχθῆναι.
3183 2646 3200 2679 ι
3229 2630 3386 2683 Κατὰ
3414 2631 3506 2682 τὸν
3537 2629 3719 2682 κανόνα

2149 2715 2308 2784 ἡμῶν
2336 2719 2412 2778 είς
2448 2716 2790 2786 περισσείαν,
2825 2737 2842 2769 ι
2871 2719 3175 2783 τουτέστιν,
3200 2722 3257 2772 ἐν
3300 2721 3431 2790 ὑμῖν
3463 2721 3718 2790 μεγαλυνο

2152 2811 2313 2878 θῆναι
2339 2810 2499 2864 πλέον
2525 2812 2556 2881 ἢ
2591 2811 2705 2867 νῦν.
2734 2812 2906 2865 Τοῦτο
2933 2813 3042 2883 γὰρ
3067 2814 3147 2876 τὸ,
3179 2832 3197 2866 ι
3227 2813 3319 2877 Ei;
3351 2817 3677 2886 περισσείαν,
3697 2835 3713 2865 ι

2153 2901 2296 2964 κατὰ
2327 2901 2420 2954 τὸν
2455 2905 2656 2956 κανόνα
2691 2905 2869 2975 ἡμῶν,
2926 2905 3196 2972 τουτέστι,
3238 2906 3379 2959 κατὰ
3432 2907 3494 2959 τὸ
3538 2909 3718 2978 μέτικν

2153 2995 2330 3066 ἡμῶν,
2365 2995 2394 3048 δ
2425 2998 2828 3067 ὲπιστεύθημεν
2856 2999 3008 3068 παρὰ
3039 2999 3194 3054 Θεοῦ.
3224 2998 3423 3064 Καλῶς
3455 2999 3510 3052 δὲ
3540 3001 3721 3054 κανόνα

2153 3089 2250 3140 καὶ
2286 3089 2486 3158 μέτρον
2519 3091 2696 3151 καλεῖ,
2729 3091 2806 3154 ὡς
2838 3093 2930 3146 ἐπὶ
2973 3092 3171 3162 κτῆσιν
3226 3092 3324 3145 καὶ
3372 3092 3720 3162 κληρονομίαν

2155 3181 2250 3244 τῆς
2275 3182 2603 3254 οἰκουμένης
2634 3184 2910 3238 εἰσελθών.
2939 3203 2957 3236 ι
2974 3186 3064 3249 Εἰς
3087 3187 3155 3240 τὰ
3181 3186 3510 3258 ὑπερέκεινα
3529 3187 3715 3257 ὑμῶν

2155 3271 2264 3326 Καὶ
2296 3270 2468 3335 οὕτως
2514 3275 2916 3345 μεγαλυνθῆναι
2965 3278 3022 3330 ἐν
3053 3278 3201 3348 ὑμῖν,
3236 3278 3379 3332 ὥστε
3414 3280 3508 3333 καί
3539 3282 3617 3342 εἰς
3656 3279 3716 3332 τά

2154 3365 2483 3435 ὑπερέκεινα
2533 3367 2996 3436 εὐαγγελίσασθαι
3047 3371 3140 3424 καὶ
3180 3371 3430 3436 διδάξαι,
3467 3371 3496 3425 δ
3526 3373 3590 3441 δὴ
3639 3373 3719 3425 καὶ

2152 3457 2430 3526 ἐποίησεν.
2480 3477 2497 3509 ι
2528 3460 2645 3512 Οὐκ
2705 3462 2764 3514 ἐν
2825 3461 3092 3532 ἀλλοτρίῳ
3140 3463 3348 3518 κανόνι.
3404 3483 3424 3516 ι
3476 3465 3581 3517 Καὶ
3636 3465 3717 3531 οὐχ

2153 3548 2363 3620 ὥσπερ,
2387 3553 2576 3620 φησῖν,
2599 3551 2647 3603 οί
2678 3551 3123 3620 ψευδαπόστολοι,
3139 3554 3338 3623 ἔχομεν
3361 3556 3717 3626 καυχήσασθαι

2154 3643 2214 3694 ἐν
2242 3643 2510 3713 ἀλλοτρίῳ
2555 3645 2740 3698 κανόνι
2774 3646 2869 3698 καὶ
2903 3647 3081 3716 μέρει,
3115 3648 3211 3700 καὶ
3260 3647 3391 3700 ἔνθα
3422 3647 3575 3710 ἄλλος
3613 3649 3717 3697 ἐκο-

2154 3732 2340 3786 πίασε.
2375 3735 2546 3788 Τοῦτο
2576 3736 2682 3807 γὰρ
2711 3738 2792 3802 τὸ,
2831 3737 2957 3802 «El;
2985 3739 3051 3792 τά
3081 3738 3328 3809 ἔτοιμαη
3356 3739 3549 3801 Ἔνθα,
3579 3737 3714 3807 φησὶ.

2154 3827 2670 3899 προκαταϐέὸληται
2709 3831 2932 3899 σπέρμα
2974 3830 3348 3889 διδασκαλίας.
3384 3850 3401 3881 ι
3428 3831 3486 3883 Ὁ
3518 3831 3573 3882 δέ
3606 3847 3718 3882 καυ·

2155 3917 2402 3988 χὼμενος
2456 3921 2514 3972 ἐν
2545 3921 2733 3990 Κυρίῳ
2781 3921 3100 3992 καυχάσθω.
3140 3942 3160 3974 ι
3221 3922 3451 3975 Ἐκεῖνοι
3485 3923 3581 3991 μέν
3621 3917 3716 3985 οὖν,

2157 4013 2345 4081 φησὶν,
2384 4012 2509 4081 είκῆ
2546 4013 2883 4082 καυχῶνται,
2917 4013 3172 4083 ἡμεῖς,δέ
3200 4016 3297 4066 καὶ
3328 4014 3500 4066 ταῦτα
3525 4030 3717 4081 κατωρ-

2159 4102 2394 4164 θωκότες
2431 4101 2491 4154 τὸ
2540 4103 2668 4172 ἄχρι
2718 4103 2813 4156 καὶ
2847 4103 3024 4172 ὑμῶν,
3055 4106 3147 4155 καὶ
3180 4104 3402 4172 προσέτι
3447 4102 3718 4170 κατορθοῦν

2163 4193 2473 4263 μέλλοντες,
2531 4194 2591 4246 οὐ
2627 4193 2962 4264 καυχώμεθα
3002 4197 3059 4247 ἐν
3111 4196 3357 4257 ἑαυτοῖς,
3415 4190 3528 4246 ὰῖᾶσ
3559 4197 3613 4245 ἐν
3655 4191 3716 4259 τῷ

2159 4285 2300 4356 Θεῷ.
2340 4287 2397 4340 Ὀ
2425 4287 2536 4356 γάρ
2583 4285 2958 4357 καυχώμενος,
2992 4288 3180 4356 φησὶν,
3215 4287 3422 4355 ὀφείλει
3467 4290 3521 4338 ὲν
3553 4286 3717 4355 Κυρίῳ

466 4379 522 4432 in
549 4392 744 4431 vanum
763 4375 865 4443 εἰσι
883 4373 1093 4428 iantur:
1115 4385 1213 4425 nos
1236 4385 1363 4426 vero
1406 4369 1511 4424 icet
1531 4373 1640 4425 haec
1657 4370 1861 4440 operati
1889 4372 2046 4426 simul

2164 4377 2494 4447 καυχᾶσθαι.
2527 4378 2637 4432 Καὶ
2662 4379 2770 4449 γὰρ
2809 4381 2902 4432 καὶ
2949 4380 3082 4431 αὐτὸ
3114 4379 3142 4431 ὃ
3180 4380 3493 4448 ἐφθάσαμεν
3523 4379 3715 4447 μέτρον,

470 4471 633 4525 etiam
670 4483 846 4537 usque
874 4463 941 4518 ad
981 4480 1101 4526 vos,
1129 4471 1184 4517 et
1210 4462 1390 4516 adhuc
1425 4464 1478 4515 in
1524 4469 1810 4530 posterum
1860 4477 2056 4533 Opera-

2169 4473 2232 4523 ἐκ
2255 4469 2390 4523 Θεοῦ
2422 4469 2639 4540 ἔχομεν.
2675 4487 2693 4521 ι
2719 4471 2795 4523 Ut)
2821 4471 2928 4542 γὰρ
2952 4473 2980 4524 ὁ
3008 4471 3199 4525 ἑαυτὸν
3224 4471 3508 4523 συνιστῶν.
3543 4489 3560 4519 ι
3586 4470 3717 4527 Τίνες

472 4563 580 4619 turi
615 4564 813 4625 simus,
863 4574 972 4613 non
1009 4560 1063 4612 in
1110 4557 1272 4612 nobis
1303 4556 1438 4626 ipsis
1476 4556 1799 4625 gloriamur,
1850 4558 1944 4612 sed
1995 4559 2046 4612 in

2157 4563 2212 4616 δὲ
2239 4563 2290 4616 οἰ
2329 4563 2557 4626 ἑαυτοὺς
2592 4563 2986 4628 συνιστῶντεςς
3018 4543 3524 4632 υἶψευδαπόστολοι
3551 4561 3715 4629 δηλον-

469 4652 604 4706 Deo.
653 4651 786 4704 Nam
818 4651 911 4718 qui
946 4649 1240 4718 gloriatur,
1280 4647 1476 4716 inquit.
1508 4647 1669 4702 debet
1721 4647 1774 4700 in
1816 4647 2050 4702 Domino

471 4745 710 4812 gloriari.
740 4740 1026 4812 Siquidem
1061 4755 1180 4794 eam
1205 4755 1423 4809 quoque
1456 4754 1769 4794 mensuram
1796 4756 1900 4810 qua
1929 4757 2051 4811 per-

473 4837 720 4906 tigitnns,
769 4853 833 4889 ex
892 4833 1002 4888 Deo
1055 4834 1398 4902 accepimus.
1434 4851 1455 4883 ι
1490 4829 1608 4887 Νοιι
1661 4832 1806 4886 enim
1847 4835 1941 4904 qui
1965 4850 2053 4890 sc-

475 4930 658 4999 ipsum
692 4927 1058 4981 Commendat.
1100 4943 1118 4977 ι
1176 4923 1280 4990 Qui
1344 4930 1526 4978 autem
1585 4931 1746 4978 erant
1807 4940 1868 4979 se
1907 4927 2058 4995 ipsos

2157 4655 2264 4711 ότι.
2300 4655 2462 4716 Τίνας
2488 4653 2544 4706 δὲ
2570 4655 2598 4706 ὁ
2634 4654 2837 4724 Κύριος
2875 4655 3190 4724 συνίστησι;
3235 4655 3376 4717 Τοὺς
3418 4653 3558 4723 ἀμφὶ
3588 4648 3716 4703 Παῦ-

2160 4748 2250 4800 λον
2273 4747 2538 4816 δηλονότι.
2566 4749 2723 4800 Κατὰ
2747 4748 2806 4801 τὸ
2828 4748 3026 4818 μέτρον
3049 4752 3176 4820 γάρ,
3199 4750 3355 4820 φησι,
3381 4747 3472 4801 τοῦ
3498 4746 3711 4805 κανόνος,

2166 4836 2228 4895 οὗ
2260 4839 2516 4910 ἐμέρισεν
2544 4841 2675 4909 ἡμῖν
2703 4841 2730 4893 ὁ
2763 4841 2916 4904 Θεός.
2964 4841 3022 4893 '0
3053 4838 3148 4894 οὖν
3200 4842 3431 4912 μερίσας
3461 4840 3601 4902 Θεὸς,
3630 4839 3713 4888 αὐ·

2166 4933 2256 4995 τὸς
2293 4933 2389 4986 καὶ
2420 4931 2759 5000 συνίστησιν.

478 5021 976 5077 commendantes?
1068 5020 1503 5090 Pseudapustoli
1574 5020 1852 5074 vidtlicet.
1899 5022 2051 5087 Quos
2092 5039 2292 5092 vanu-ni
2349 5032 2699 5084 rcn‘nrrndat
2756 5029 2872 5084 Don
2898 5031 3064 5085 inus?
3115 5032 3344 5086 Paulum
3406 5047 3550 5086 sane.
3601 5025 3711 5078 Ν-ιιη

496 5117 688 5172 «Juxta
734 5131 1072 5192 mensuram,
1101 5116 1302 5185 inquit,
1345 5132 1383 5170 re
1406 5119 1544 5186 gula:
1568 5132 1673 5185 qua
1713 5118 1953 5186 partitus
1983 5130 2068 5174 cst
2109 5125 2265 5179 nobis
2292 5125 2453 5182 Deus.
2487 5144 2505 5177 ι
2541 5126 2724 5195 Itaque
2753 5125 2894 5181 Deus
2921 5129 3012 5197 qui
3035 5129 3268 5196 partitus
3295 5136 3401 5188 est,
3426 5126 3539 5195 ipse
3573 5121 3711 5173 etiam

473 5208 840 5263 commendat.
1161 5271 1164 5274 ν

549 5296 640 5360 XI,
679 5299 797 5351 1-5.
834 5294 1050 5350 Utinam
1083 5299 1386 5353 tolerantis
1418 5316 1496 5352 me
1534 5299 1804 5369 paulisper
1838 5304 1886 5354 in
1920 5303 2054 5356 insi-

471 5393 707 5462 pientia;
733 5393 836 5444 imo
852 5401 900 5444 et
926 5390 1159 5460 snﬂerlis
1186 5407 1264 5444 me
1290 5407 1304 5444 :
1333 5410 1455 5445 nant
1483 5391 1767 5463 Zelmypas
1795 5411 1909 5448 sum
1932 5411 2060 5465 erga

475 5509 561 5544 vos
587 5492 699 5544 zelo
748 5487 842 5541 Dei
893 5487 1130 5558 Adjunxi
1161 5487 1300 5539 enim
1325 5503 1412 5540 vos
1441 5489 1532 5540 uni
1556 5490 1688 5552 viro,
1724 5498 1777 5540 ut
1804 5491 2057 5558 virginem

474 5595 680 5637 castam
712 5581 1007 5636 exhiberem
1041 5579 1280 5648 Christo,
1311 5578 1402 5632 sed
1452 5590 1625 5632 metuo
1683 5595 1746 5632 ne
1795 5597 1897 5644 qua
1939 5583 2059 5652 ﬁat,

473 5687 532 5729 ut
570 5674 1011 5746 quemadmodum
1033 5689 1244 5741 serpens
1270 5671 1431 5726 Evam
1454 5672 1654 5738 decepit
1677 5675 1904 5727 versutia
1937 5692 2060 5742 sna,

473 5766 554 5817 ita
605 5775 1004 5831 corrumpantur
1052 5781 1236 5820 sensus
1298 5762 1514 5817 restria
1544 5762 1888 5830 simplicitate
1942 5781 2058 5831 qua

472 5870 552 5912 est
582 5875 704 5930 crga
741 5859 1031 5914 Clu-istum.

3538 5228 3603 5281 ’t

2239 5303 2497 5371 Ὠφελον
2525 5302 2844 5371 ἀνείχεσθέ
2881 5321 3002 5373 μου
3038 5305 3258 5372 μικρὸν
3287 5303 3362 5372 τῇ
3402 5289 3708 5373 ἀφροσύνῃ·

2176 5394 2353 5448 Ἀλλὰ
2401 5393 2500 5447 καί
2544 5394 2842 5464 ἀνέχεσθέ
2878 5414 3018 5465 μου.
3051 5395 3223 5463 Ζηλῶ
3253 5397 3360 5466 γὰρ
3401 5397 3550 5467 ὑμᾶς
3584 5393 3711 5449 Θεοῦ

2165 5486 2344 5554 ﬁll!»-
2375 5485 2762 5555 Ἠρμοσάμην
2798 5488 2907 5557 γὰρ
2941 5487 3096 5557 ὑμᾶς
3123 5489 3213 5541 ἐνί
3241 5489 3416 5556 ἀνδρί
3445 5486 3712 5555 παρθένον

2165 5578 2364 5648 ἁγνὴν
2389 5577 2778 5647 παραστῆσαι
2815 5577 2894 5644 τῷ
2934 5579 3186 5646 Χριστῷ.
3223 5578 3516 5647 Φοϐοῦμαι
3555 5575 3614 5629 δὲ
3634 5570 3711 5642 μή

2170 5688 2295 5738 πως
2331 5673 2410 5738 ὡς
2448 5674 2480 5726 ό
2503 5671 2639 5740 ὄφις
2669 5670 2832 5724 Εὕαν
2863 5669 3249 5735 ἐξηπάτησεν
3275 5670 3346 5722 ἐν
3379 5667 3454 5736 τῇ
3479 5678 3712 5729 :rarovp-

2171 5764 2267 5832 πίςι
2298 5763 2506 5822 αὑτοῦ,
2553 5763 2741 5827 οὕτως
2765 5759 2964 5830 φθαρῇ
3001 5763 3071 5814 τὰ
3109 5759 3378 5829 νοήματα
3419 5756 3571 5831 ὑμῶν
3606 5750 3709 5808 ἀπὸ

2168 5855 2277 5923 τῆς
2308 5857 2647 5923 ἁπλότητος
2681 5853 2792 5923 τῆς
2822 5857 2907 5920 είς
2941 5854 3047 5907 τὸν
3076 5853 3353 5921 Χριστόν.
