3956 6584
334 449 466 515 1041

1122 485 1136 499 υ
1239 459 1624 557 CPMMENT.
1652 461 1733 521 1N
1773 454 2009 543 EPIST.
2055 463 2113 523 II
2156 465 2253 525 AD
2292 465 2657 526 CORINTH.

3433 467 3573 532 1049.

394 569 621 624 Μέλλων
671 570 951 640 ἲμϐαἰνειν
1006 574 1085 637 είς
1134 574 1260 638 τοὺς
1316 575 1553 640 οἰκείους
1607 578 1897 643 ἐπαίνους,

2073 580 2240 650 680
2268 582 2644 652 Aggressurus
2674 579 2926 651 proprias
2986 580 3200 645 laudes,
3242 582 3409 637 multa
3454 600 3579 639 cor-

324 663 493 734 πολλῇ
544 663 809 735 κέχρηται
855 666 922 735 τῇ
961 665 1376 738 προδιορθὼσει,
1405 668 1464 720 τὸ
1505 670 1761 736 φορτικὸν
1810 670 1904 723 τοῦ

323 753 502 807 δοκεῖν
559 755 805 809 ἐπαινεῖν
858 757 1050 811 ἑαυτὸν
1100 757 1448 828 ἀποφεύγων.
1516 761 1611 824 Εἰς
1655 761 1813 815 τοῦτο
1847 763 1903 816 δὲ

321 844 486 898 αὑτὸν
539 847 748 917 ἤγαγεν
779 849 812 918 ἡ
856 850 955 916 τῆς
991 848 1300 912 ὑποθέσεως
1336 851 1571 921 ἀνάγκη,
1606 832 1700 905 καὶ
1726 852 1787 906 τὸ
1814 853 1903 906 δε-

322 935 495 991 διέναι
521 939 596 1008 μὴ
621 938 699 1003 εἰς
732 938 936 1009 βλάϐην
960 940 1067 993 τῶν
1092 940 1351 1012 μαθητῶν
1380 942 1628 1012 γένηται,
1649 944 1709 997 τὸ
1742 944 1903 998 αύτδν

325 1028 424 1098 μὲν
458 1029 921 1099 ὲξευτελίξεσθαι,
962 1032 1090 1097 τοὺς
1138 1032 1194 1086 δὲ
1224 1033 1691 1103 ψευδαποστόλους
1728 1037 1903 1092 δοκεῖν

322 1115 464 1174 εἷναί
523 1138 597 1174 τι.
658 1122 784 1175 Εἴθε
839 1123 1120 1195 ἀνείχεσθέ
1175 1141 1297 1195 μου,
1353 1127 1539 1195 φησὶν,
1579 1114 1904 1199 ’ἀφροσύνης

319 1211 555 1281 πρᾶγμα
591 1212 683 1263 καὶ
727 1210 889 1283 ἔργον
926 1215 1226 1278 ποιοῦντος.
1259 1233 1280 1267 ι
1304 1216 1467 1270 Ἀλλά
1499 1216 1592 1272 καὶ
1643 1208 1900 1289 ἀνέχεσθέ

320 1316 449 1370 μου.
486 1317 506 1352 ι
545 1294 676 1355 Οἶδα
706 1301 835 1372 γάρ,
864 1304 1051 1372 φησὶν,
1079 1305 1162 1358 δτι
1197 1305 1445 1374 ἀγαπᾶτέ
1476 1325 1566 1377 με,
1601 1309 1694 1362 καὶ⁵
1724 1311 1901 1365 πάντα

322 1407 428 1459 μου
455 1391 733 1463 ἀνέχεσθε.
773 1412 793 1446 ι
816 1395 973 1465 Ζηλῶ
1003 1396 1110 1467 γὰρ
1141 1398 1307 1467 ὑμᾶς.
1342 1399 1512 1453 rde
1554 1394 1695 1464 εἷπε,
1731 1401 1898 1468 Φιλῶ,

317 1482 452 1548 ἀλλ’,
499 1483 528 1536 6
579 1484 763 1554 μεῖζον
799 1482 888 1555 ἦν,
941 1506 959 1538 t
989 1490 1146 1559 Ζηλῶ
1181 1489 1346 1559 ὑμᾶς,
1384 1511 1402 1543 ι
1449 1493 1619 1563 φησὶ,
1650 1494 1897 1550 τουτέστι

316 1576 598 1644 περικαῶς
630 1576 786 1644 φιλῶ.
811 1576 942 1631 Εἶτα
976 1579 1063 1633 ἵνα
1090 1580 1164 1651 μὴ
1192 1581 1457 1653 νομίσωσι
1481 1580 1571 1637 διά
1598 1582 1664 1637 τά
1690 1583 1899 1654 ἀνθρώ-

317 1684 473 1729 πινα,
507 1664 618 1722 οἷον
649 1669 908 1740 χρήματα
960 1672 994 1742 ἢ
1036 1671 1228 1738 δόξαν,
1263 1673 1407 1727 οὕτω
1447 1675 1623 1744 φιλεῖν
1673 1677 1894 1742 αὐτοὺς,

317 1759 517 1828 ἐπάγει
550 1776 566 1793 ο
604 1778 624 1811 ι
665 1760 802 1814 Θεοῦ
837 1762 1009 1834 ζήλῳ,
1047 1782 1063 1815 ι
1103 1764 1191 1817 ἵνα
1229 1755 1373 1836 ὑμᾶς
1398 1765 1685 1834 ὠφελήσω.
1724 1787 1741 1819 ι
1764 1767 1893 1838 Ἥρ-

2012 673 2252 727 rectiune
2277 684 2432 726 antea
2468 688 2602 727 usus
2660 679 2767 736 est,
2819 670 3066 727 devitans
3100 688 3167 727 ne
3211 672 3461 728 odiosum
3500 677 3582 730 vi-

2008 762 2233 817 deretur
2267 763 2411 833 quod
2481 762 2729 817 laudaret
2777 763 3041 832 seipsutu.
3108 763 3185 816 Ad
3247 764 3347 819 hoc
3395 774 3577 821 autem

2008 854 2162 908 duxit
2200 871 2321 909 eum
2370 856 2676 924 argumenti
2701 857 3026 917 necessitas,
3051 870 3174 908 eum
3201 866 3485 912 vereretur
3510 875 3578 914 ne
3690 910 3713 918 -

2009 948 2062 1002 in
2103 949 2362 1001 damnum
2396 950 2547 1002 lleret
2578 947 2994 1018 discipulorum,
3026 948 3070 1003 si
3111 949 3227 1018 ipse
3248 950 3467 1019 quidem
3491 950 3581 1005 de-

2007 1049 2230 1109 spectus
2268 1039 2581 1103 haberetur,
2643 1038 3052 1110 pseudapostoli
3114 1053 3245 1095 vero
3291 1041 3576 1112 quidpiam

2006 1144 2128 1185 esse
2180 1130 2519 1187 viderentur.
2562 1131 2806 1198 Utinam,
2857 1132 3054 1201 inquit,
3114 1134 3421 1188 toleraretis
3469 1150 3576 1199 me,

2010 1238 2154 1293 Opus
2190 1233 2241 1277 et
2271 1220 2479 1276 factum
2541 1222 2808 1291 insipiens
2855 1232 3285 1293 perpi-trantem.
3329 1243 3347 1276 ι
3381 1226 3494 1279 Imo
3525 1234 3580 1281 et

2003 1312 2246 1368 toleratis
2295 1327 2401 1367 me.
2437 1330 2456 1363 ι
2492 1310 2624 1367 Novi
2660 1312 2804 1367 enim
2840 1314 2982 1384 quod
3014 1331 3097 1368 tne
3119 1316 3370 1386 diligitis,
3403 1317 3501 1385 ait,
3525 1324 3582 1372 et

2002 1404 2187 1459 omnia
2241 1419 2358 1458 mea
2407 1404 2675 1459 toleratis.
2712 1424 2730 1457 ‹
2769 1403 2900 1457 Nam
2949 1406 3232 1476 zelotypus
3273 1422 3402 1463 sum
3446 1421 3575 1477 erga

1999 1512 2120 1551 vos.
2162 1515 2181 1547 ι
2225 1495 2340 1549 Non
2382 1497 2521 1551 dixit
2571 1513 2585 1550 :
2623 1494 2759 1550 Amo
2786 1512 2903 1562 vos,
2931 1496 3025 1551 sed
3062 1498 3204 1567 quod
3254 1499 3431 1568 majus
3469 1509 3574 1566 est,

2007 1610 2026 1643 ι
2066 1587 2361 1659 Zelotypus
2410 1602 2531 1641 sum
2586 1603 2713 1657 erga
2765 1603 2883 1649 vos,
2925 1606 2943 1638 ι
2988 1588 3091 1641 hoc
3144 1595 3248 1654 est,
3300 1589 3567 1644 Ardenler

1950 1708 1953 1712 λ
2002 1691 2145 1731 amo.
2201 1675 2402 1731 Deinde
2428 1693 2496 1731 ne
2526 1677 2849 1731 existiment
2881 1677 3021 1746 quod
3070 1687 3288 1748 propter
3312 1679 3574 1744 humana,

2003 1784 2198 1838 nempe
2224 1770 2488 1838 pecunias
2535 1778 2627 1822 aut
2658 1770 2912 1840 gloriam,
2949 1770 3020 1822 ita
3052 1770 3198 1838 ipsos
3232 1779 3397 1836 amet,
3449 1771 3578 1825 sub-

321 1853 580 1923 μοσάμην
600 1854 709 1921 γὰρ
748 1855 916 1924 ὑμᾶς.
957 1874 975 1908 ι
1019 1856 1162 1929 Πρὸς
1193 1857 1292 1925 τὴν
1336 1857 1662 1929 Ἐκκλησίαν
1695 1859 1839 1923 ἅπας
1867 1864 1895 1915 6

2015 1858 2182 1927 iungit
2219 1876 2231 1911 :
2268 1876 2286 1908 ι
2329 1857 2457 1912 Zelu
2491 1857 2603 1913 Dei.
2648 1878 2667 1911 ι
2704 1858 2771 1912 Ut
2826 1856 2979 1913 vobis
3030 1859 3252 1928 prosim.
3287 1876 3307 1908 ι
3343 1856 3579 1927 Adiunxi

318 1916 485 2011 λόγος.
508 1916 690 2015 aiore.
722 1916 1013 2018 Adrq'ydp
1046 1916 1184 2019 γλετά
1216 1916 1416 2019 γάμον,
1459 1916 1729 2022 παρθένος
1766 1916 1899 2003 ἐστί.
1930 1916 1978 1974 Β

318 2034 644 2105 Μνηστείας
668 2036 726 2088 δὲ
770 2036 798 2088 6
823 2036 1019 2107 παρὼν
1059 2038 1268 2104 καιρὸς,
1304 2040 1594 2093 παστάδων
1622 2041 1678 2094 δὲ
1708 2042 1736 2094 6
1781 2042 1909 2111 μέλ·

326 2124 432 2177 λων
460 2140 475 2155 ο
510 2125 647 2179 καθδ
670 2126 909 2195 λέγεται,
951 2128 1182 2200 Ἀνέστη
1215 2132 1242 2184 6
1293 2133 1550 2201 νυμφίος.
1589 2134 1724 2186 Ποῖα
1754 2133 1810 2186 δὲ
1840 2135 1907 2188 τὰ

325 2216 489 2281 Eva;
524 2220 557 2288 ἡ
612 2217 861 2288 βασιλεία
907 2220 1016 2274 τῶν
1051 2222 1318 2292 οὐρανῶν.
1374 2223 1591 2292 Ταύτης
1640 2225 1738 2293 τῆς
1777 2243 1909 2297 μνη-

323 2308 510 2373 στείας
539 2311 633 2364 καὶ
660 2312 688 2364 6
716 2311 881 2365 Δαυῖδ
912 2314 1282 2386 προμνήστωρ
1310 2310 1382 2385 ἦν
1399 2313 1574 2384 λέγων
1595 2318 1904 2382 ·”Ακουσ;ν,

323 2399 589 2472 θύγατερ,
625 2403 719 2456 καὶ
755 2402 854 2468 ίδε,
898 2403 994 2458 καὶ
1027 2401 1346 2469 κλῖνον-οὖς
1374 2408 1619 2462 σου.Καὶ
1676 2407 1838 2472 αὐτὸς
1877 2409 1906 2461 6

325 2491 538 2554 Παῦλος
568 2494 941 2564 νυμφαγωγὸς
972 2494 1047 2548 ὢν
1080 2495 1287 2563 ἔλεγεν·
1307 2498 1478 2567 ’Υπὲρ
1510 2498 1747 2569 Χριστοῦ
1780 2518 1911 2570 πρε-

326 2583 618 2654 σϐεύομεν,
638 2585 727 2639 ἵνα
755 2585 852 2656 τὴν
879 2585 1099 2657 νύμφην
1125 2588 1285 2660 λάϐῃ,
1323 2590 1471 2658 φησί.
1500 2589 1541 2642 Τ
1546 2592 1713 2644 οιὶτων
1742 2591 1910 2656 τύπος

321 2674 397 2749 ἦν
436 2666 505 2734 τὰ
536 2682 663 2752 περί⁵
690 2681 780 2734 τὸν
801 2682 1075 2754 Ἀϐραὰμ,
1107 2683 1165 2747 6;
1221 2684 1407 2738 δοῦλον
1469 2685 1679 2756 ἔπεμψε
1704 2727 1719 2748 ,
1767 2705 1908 2758 μνη-

332 2770 666 2826 στεύσασθαι
697 2773 773 2844 τῷ
808 2772 910 2844 υἱῷ
967 2774 1240 2847 παρθένον
1292 2775 1534 2848 ὲθνικὴν,
1589 2778 1732 2831 καὶό
1776 2779 1910 2843 Θεδί

329 2861 549 2933 ἔπεμψε
581 2864 708 2926 τοὺς
746 2865 1031 2937 προφήτας
1060 2866 1251 2929 πάλαι,
1285 2869 1380 2920 καὶ
1408 2868 1535 2931 τοὺς
1579 2869 1910 2934 ἀποστόλους

328 2954 578 3026 ὕστερον,
611 2956 1051 3026 μνηστεύσασθαι
1082 2958 1164 3030 τῷ
1218 2958 1338 3028 Υίῷ
1372 2957 1471 3031 τὴν
1516 2959 1574 3025 ἐξ
1615 2960 1785 3014 ἐθνῶν
1813 2965 1907 3015 ὲκ-

325 3046 583 3117 κλησίαν.
623 3067 643 3100 ι
694 3049 1054 3121 Παραστῆσαι
1099 3049 1179 3119 τῷ
1228 3050 1470 3120 Χριστῷ.
1506 3069 1523 3097 ι
1580 3052 1908 3122 Ἐμνηστευ-

326 3136 540 3208 σάμην,
576 3143 764 3210 φησὶν,
794 3140 940 3212 ὑμᾶς
972 3139 1051 3211 τῷ
1080 3142 1323 3212 Χριστῷ.
1355 3142 1564 3195 Οὐκοῦν
1595 3142 1661 3196 δι’
1701 3146 1909 3199 ἐκεῖνον
1944 3187 1966 3202 ς

2014 1951 2159 2003 enim
2186 1967 2305 2005 vos.
2337 1969 2355 2001 ι
2391 1950 2470 2005 Ad
2526 1950 2824 2005 Ecelesiam
2889 1961 3036 2013 totus
3084 1950 3185 2020 ipsi
3251 1964 3433 2005 sermo
3476 1960 3582 2007 est.

2016 2040 2142 2096 Haec
2174 2042 2317 2096 enim
2348 2052 2471 2113 post
2505 2043 2721 2109 nuptias
2744 2042 2896 2112 virgo
2928 2052 3005 2095 est
3034 2057 3050 2106 ;
3102 2056 3345 2111 praesens
3401 2050 3581 2094 autem

2017 2140 2231 2200 tempus
2266 2140 2351 2186 est
2404 2133 2866 2201 desponsationis,
2906 2130 3148 2185 futurum
3181 2145 3307 2184 vero
3357 2128 3583 2183 thalami

2015 2225 2281 2294 nuptialis
2316 2241 2331 2278 :
2361 2233 2632 2294 quatenus
2677 2223 2879 2277 dicitur
2930 2223 3071 2292 quod
3113 2222 3352 2277 surrexit
3403 2220 3586 2290 Spon-

2017 2334 2112 2372 sus
2136 2317 2202 2372 ".
2231 2316 2488 2384 Qua-nam
2513 2325 2694 2370 autem
2721 2322 2806 2369 est
2831 2314 2971 2369 dos?
3017 2312 3261 2383 Regnum
3294 2312 3581 2369 cmlorum.

2017 2408 2194 2477 Hujus
2249 2407 2414 2460 etiam
2470 2404 2920 2477 desponsationis
2972 2402 3140 2458 David
3182 2388 3628 2473 paranympluts

2015 2507 2282 2554 eratcum
2317 2500 2524 2555 diceret
2556 2516 2571 2554 :
2607 2517 2627 2550 ι
2657 2496 2819 2564 Audi,
2843 2496 2971 2560 ﬁlia,
3005 2507 3057 2550 et
3088 2496 3232 2562 vide,
3282 2504 3336 2548 et
3382 2491 3585 2547 inclina

2017 2606 2204 2646 aurem
2231 2599 2378 2645 tuam
2412 2590 2479 2642 ⁸⁸.
2526 2608 2545 2641 ι
2578 2589 2698 2659 Ipse
2724 2603 2939 2659 quoque
2973 2585 3177 2641 Paulus
3210 2599 3334 2639 eum
3372 2597 3585 2652 pronu-

2017 2683 2119 2738 bus
2149 2690 2318 2745 esset,
2354 2678 2569 2734 dicebat
2600 2696 2613 2733 :
2644 2696 2663 2730 ι
2699 2675 2807 2732 Pro
2831 2676 3054 2732 Christo
3081 2673 3350 2743 legatione
3402 2669 3584 2741 fungi-

2017 2788 2141 2827 mur
2175 2773 2241 2836 “,
2282 2791 2301 2825 ι
2333 2783 2390 2827 ut
2417 2787 2675 2842 sponsam
2699 2771 2987 2841 acciperet.
3016 2766 3216 2820 Horum
3238 2764 3404 2835 ﬁgura
3427 2770 3588 2817 erant.

1952 2858 1965 2868 ’
2017 2877 2138 2932 qum
2173 2862 2224 2914 in
2256 2859 2532 2915 Abraham
2566 2858 2940 2929 contigerunt,
2971 2854 3063 2924 qui
3098 2867 3318 2908 servum
3347 2849 3497 2905 misit
3521 2859 3583 2903 ut

2016 2949 2381 3022 desponderet
2432 2950 2542 3003 ﬁlio
2591 2963 2693 3003 suo
2758 2947 3025 3018 virginem
3079 2943 3332 3015 gentilem
3373 2940 3441 2997 ⁸³.
3493 2940 3589 2996 Sic

2016 3042 2162 3098 Deus
2205 3043 2333 3097 olim
2362 3041 2658 3112 prophetas
2688 3040 2933 3100 miserat,
2986 3045 3039 3091 et
3070 3035 3416 3105 postmodum
3449 3046 3585 3102 apo.-

2018 3129 2211 3193 stolos,
2242 3130 2333 3199 qui
2369 3127 2508 3183 Filio
2533 3129 2941 3200 desponderent
2976 3122 3276 3180 Eeclesiam
3313 3122 3593 3193 gentium.

322 3229 502 3299 ζηλῶ,
548 3231 609 3285 οὐ
636 3231 706 3285 δι’
743 3232 999 3303 ἐμαυτόν.
1031 3211 1353 3303 ι’Φοϐοὖιιαι
1389 3234 1445 3286 δὲ
1493 3235 1567 3305 μή
1620 3251 1756 3298 πως.
1791 3253 1809 3286 ι
1848 3235 1910 3288 ΕΞ

2023 3239 2042 3274 ι
2073 3219 2144 3274 Ut
2186 3221 2448 3290 virginem
2477 3229 2682 3276 castam
2735 3218 3046 3274 exhiberem
3102 3214 3345 3270 Christo.
3390 3231 3409 3267 ι
3449 3211 3589 3281 Ego,

2016 3314 2028 3326 ο
2153 3313 2186 3326 ο-
2368 3313 2423 3326 η.
2480 3313 2491 3325 ο
2532 3321 2542 3326 -
2633 3312 2646 3326 ι
2847 3311 2878 3326 ι·
2967 3311 3144 3326 -._,,,_
3186 3298 3582 3326 μμ-..ιέ..211.--..

323 3321 442 3391 γὰρ
474 3322 568 3375 καὶ
600 3324 631 3392 ἡ
665 3324 913 3383 ἀπώλεια
965 3324 1231 3398 ὑμετέρα,
1266 3324 1380 3378 ἀλλ’
1424 3327 1452 3378 6
1500 3325 1665 3395 φόϐος
1711 3327 1909 3391 κοινός.

326 3414 451 3466 Οὐκ
482 3414 840 3484 ἀποφαίνεται
870 3416 926 3471 δὲ
973 3417 1057 3469 ὅτι
1088 3416 1452 3488 διεφθάρητε,
1484 3418 1572 3470 ἶνα
1623 3419 1915 3489 ἀναισχυν-

325 3505 584 3574 τοτέρους
613 3507 838 3578 ποιήσῃ,
874 3507 988 3561 ἀλλ’
1020 3508 1338 3577 ἀμφιϐόλως
1363 3508 1533 3576 λέγει,
1569 3527 1588 3560 ι
1611 3510 1704 3578 Μή
1740 3526 1908 3574 πωςοι

327 3597 429 3651 καί
480 3615 560 3652 τοι
602 3599 992 3671 διεφθαρμένοι
1043 3596 1206 3672 ἦσαν.
1244 3601 1355 3654 Καὶ
1403 3600 1512 3671 γὰρ
1556 3602 1809 3665 κάκεῖνος
1845 3604 1915 3656 τὰ

329 3687 560 3758 μείζονα
589 3691 977 3761 ἐπηγγείλατο,
1025 3694 1196 3763 ἤγουν
1225 3692 1352 3755 τοὺς
1398 3691 1857 3763 πρωτοπλάστους
1887 3693 1915 3746 6

327 3779 477 3847 ϐφις,
504 3777 693 3851 ὥσπερ
734 3781 784 3834 ot
818 3781 1246 3850 ψευδαπόστολοι
1291 3780 1534 3844 τούτους.
1571 3781 1823 3834 Δείκνυσι
1859 3781 1916 3834 δὲ

329 3872 673 3939 γυναικῶδες
704 3872 764 3926 τὸ
808 3873 1144 3929 ἀπατᾶσθαι.
1182 3893 1200 3925 ι
1240 3875 1330 3927 Ἐν
1358 3876 1425 3943 τῇ
1474 3873 1781 3944 πανουργίᾳ
1819 3873 1918 3925 αύ-

329 3963 452 4017 toﬁ.
487 3982 506 4016 ι
528 3964 667 4018 ‘AD.’
702 3964 892 4036 ὥσπερ
925 3965 985 4019 τὸ
1017 3962 1158 4020 εἶναι
1191 3964 1499 4031 πανοῦργον
1526 3965 1618 4019 τὸν
1648 3966 1793 4035 ὅφιν,
1818 3965 1918 4019 οὐκ

332 4056 506 4109 ἔδωκε
539 4061 604 4127 τῇ
649 4040 872 4126 γυναικὶ
928 4057 1298 4128 συγγνώμην,
1335 4055 1511 4120 οὕτως
1556 4056 1679 4110 οὐδὲ
1717 4059 1750 4127 ὴ
1808 4056 1916 4109 τῶν

329 4148 791 4217 ψευδαποστὸλων
821 4150 1008 4220 ἀγάπη
1054 4149 1214 4202 δώσει
1269 4149 1419 4220 ὑμῖν.
1470 4166 1489 4200 t
1513 4146 1702 4211 Οὕτως
1734 4147 1916 4220 φθαρῇ

332 4240 407 4291 τὸ.
437 4242 683 4308 νοήματα
710 4240 886 4310 ὑμῶν.
928 4258 946 4291 ι
981 4235 1129 4301 Οἷον,
1162 4238 1461 4310 μετενεχθῇ
1489 4238 1596 4291 ἀπὸ
1617 4238 1716 4306 τῆς
1746 4237 1917 4292 61:16-

332 4346 502 4398 τητος
544 4331 639 4385 τοῦ
689 4330 945 4403 Χριστοῦ,
978 4333 1059 4395 εις
1102 4330 1201 4404 τὴν
1255 4331 1534 4401 δεινότητα
1566 4330 1665 4399 τὴν
1699 4328 1916 4394 ἔξωθεν.

334 4420 592 4476 Δείκνυσι
615 4423 690 4485 δὲ,
725 4424 805 4476 ὅτι
836 4410 1112 4475 ἀπλάστου
1142 4423 1235 4476 καὶ
1264 4421 1497 4491 ἀφελοῦς
1525 4421 1699 4474 δεῖται
1738 4420 1918 4491 ψυχῆς

332 4521 373 4589 ἡ
402 4519 605 4580 πίστις.
631 4518 811 4572 πάντα
848 4518 1030 4571 πίστει
1058 4517 1373 4587 δεχομένης,
1401 4516 1498 4569 καὶ
1535 4514 1701 4586 μηδὲν
1733 4514 1921 4568 συλλει-

332 4609 657 4681 γιζομένης.

2015 3313 2214 3383 inquit,
2245 3329 2342 3369 vos
2364 3313 2585 3373 Christo
2616 3311 2881 3383 despondi
2919 3327 2932 3364 :
2967 3311 3150 3377 itaque
3185 3298 3406 3378 propter
3434 3304 3587 3357 illum

2015 3409 2297 3478 zelotypus
2328 3423 2471 3470 sum,
2516 3422 2622 3459 non
2658 3415 2878 3475 propter
2909 3418 2996 3457 me
3028 3402 3228 3471 ipsum.
3272 3418 3291 3451 ι
3335 3396 3440 3453 Sed
3467 3412 3586 3451 me-

2015 3510 2109 3555 tuo
2144 3515 2210 3554 ne
2255 3514 2360 3567 qua
2406 3498 2517 3552 ﬁat.
2561 3516 2585 3550 ι
2618 3495 2756 3550 Nam
2814 3494 2919 3549 etsi
2971 3493 3205 3564 perditio
3255 3498 3436 3545 vestra
3494 3488 3586 3552 sit,

2014 3604 2195 3647 tamen
2233 3593 2399 3645 timor
2423 3593 2735 3645 communis
2767 3597 2872 3644 est.
2905 3586 3018 3641 Non
3040 3596 3230 3639 autem
3252 3581 3591 3639 enuntiative

1987 3683 2186 3753 \dieit:
2227 3683 2301 3737 Ne
2338 3680 2788 3752 corrump‘amiui,
2822 3688 2880 3734 ut
2908 3680 3092 3733 minus
3132 3674 3408 3747 pudeﬁant
3440 3689 3455 3726 :
3493 3668 3589 3725 sed

2015 3778 2269 3847 ambigue
2329 3777 2699 3845 pronuntiat:
2744 3793 2763 3827 ι
2799 3772 2880 3849 Ne
2920 3788 3025 3842 qua
3069 3772 3182 3834 ﬁat,
3216 3788 3233 3820 ›
3290 3768 3420 3822 licet
3475 3767 3589 3836 jam

2015 3869 2258 3939 corrupti
2288 3878 2463 3924 erant.
2498 3869 2714 3923 Etenim
2751 3868 2843 3922 ille
2887 3880 3108 3935 quoque
3138 3862 3341 3932 majora
3390 3858 3599 3929 pollici-

2015 3969 2105 4016 tus
2126 3969 2243 4023 est,
2271 3975 2516 4030 serpens,
2550 3961 2794 4028 inquam,
2825 3957 3015 4028 primis
3036 3953 3369 4026 parantibus,
3398 3964 3593 4020 quem-

2018 4055 2319 4109 admodum
2376 4062 2430 4110 et
2466 4054 2550 4107 his
2609 4050 3036 4123 pseudapostoli.
3093 4045 3345 4102 Ostendit
3406 4052 3589 4096 autem

2016 4146 2394 4216 deceptiouem
2455 4161 2576 4200 esse
2634 4143 2976 4197 muliebrem.
3025 4159 3042 4192 ι
3080 4137 3338 4194 Versutia
3404 4148 3524 4190 sua.
3566 4152 3585 4185 ι

2022 4236 2129 4292 Sed
2182 4235 2643 4306 quemadmodum
2696 4242 2976 4288 versutqu
3037 4231 3209 4285 fuisse
3256 4232 3589 4295 serpentem,

2020 4330 2235 4384 mulieri
2272 4330 2485 4383 veniam
2524 4345 2630 4382 non
2665 4326 2878 4393 tribuit,
2924 4326 2997 4379 ita
3053 4336 3232 4393 neque
3279 4317 3591 4389 ρερυάίιρο·

2021 4421 2286 4475 stolarum
2327 4420 2565 4475 versutia
2605 4419 2758 4475 dabit
2795 4418 2968 4472 vobis.
3003 4436 3019 4468 ι
3060 4415 3138 4469 Ita
3166 4419 3593 4483 corrumpantur

2022 4528 2218 4569 sensus
2246 4513 2437 4568 vestri.
2478 4531 2497 4564 ι
2539 4512 2676 4567 Puta
2723 4520 2782 4565 ut
2816 4508 3218 4565 transferantur
3262 4521 3293 4558 a
3330 4499 3593 4571 simplici-

1942 4596 2138 4660 Dtate
2192 4605 2400 4663 Christi
2444 4603 2510 4659 ad
2574 4603 2927 4660 calliditatem
2982 4610 3289 4656 externam.
3339 4589 3594 4650 Ostendit

336 4713 523 4760 autem
573 4704 718 4774 quod
754 4703 874 4759 ﬁdei
907 4720 1048 4774 opus
1097 4706 1172 4760 sit
1199 4706 1381 4758 anima
1436 4703 1562 4757 fuco
1612 4708 1837 4756 earente
1865 4711 1920 4757 et
1957 4702 2197 4770 sincera,
2233 4719 2355 4774 quae
2387 4702 2572 4758 omnia
2618 4701 2722 4757 ﬁde
2766 4698 3029 4773 excipiat,
3061 4708 3115 4753 et
3182 4696 3236 4753 in
3308 4691 3460 4752 nullo
3509 4702 3596 4743 86-

332 4801 536 4854 ducatu
547 4815 589 4853 r.

413 4899 478 4951 El
501 4894 617 4963 μὲν
651 4896 760 4965 γὰρ
788 4896 821 4950 6
850 4895 1174 4966 ἐρχόμενος
1191 4893 1386 4949 ἄλλον
1413 4891 1659 4960 Ἰησοῦν
1693 4890 1917 4960 κηρύσ-

336 5003 436 5042 σει
468 4987 540 5040 6r
575 4989 686 5042 οὐκ
732 4987 1134 5057 ἐκηρύξαμεν,
1173 4986 1212 5055 ἢ
1260 4985 1495 5054 πνεῦμα
1536 4983 1742 5052 ἕτερον
1771 4985 1923 5056 λαμ-

337 5081 571 5145 ϐάνετε,
627 5079 659 5133 ὃ
712 5080 824 5134 οὐκ
862 5079 1129 5143 ἐλάϐετε,
1162 5077 1201 5145 ἢ
1241 5066 1615 5153 Εὐαγγέλιοῂ
1657 5073 1863 5145 ἕτερον
1890 5072 1923 5127 ὃ

335 5175 452 5228 οὐκ
478 5172 791 5237 ἐδέξασθε,
821 5170 1020 5236 καλῶς
1044 5170 1389 5239 ἠνείχεσθε.

411 5264 562 5329 Τέως
573 5265 814 5319 δείκνυσι
828 5266 953 5327 τοὺς
969 5261 1434 5332 ψευδαποστόλους
1458 5255 1811 5318 ἐπεισάκτους
1829 5273 1899 5309 κα

340 5359 526 5425 ξένους
558 5338 1091 5430 ύπάρχεινέῡραδέ.
1113 5357 1226 5411 Ούκ
1246 5351 1388 5420 εἶπε,
1407 5352 1574 5407 Πλέον
1596 5368 1647 5404 τι
1676 5348 1917 5403 λαλοῦσισ

339 5451 570 5522 καὶγὰρ
604 5446 673 5524 ἦν
705 5450 952 5513 ἐκείνους
1000 5449 1149 5511 εἰκὸς
1188 5447 1483 5521 φλυαρεῖν,
1525 5444 1618 5498 καὶ
1660 5441 1915 5514 peperisti

340 5542 533 5605 κάλλει
557 5542 843 5613 γοητεύειν
864 5543 987 5605 τοὺς
1013 5540 1311 5601 ἀκούοντας
1333 5554 1346 5566 ο
1375 5536 1509 5590 ἀλλά
1530 5552 1695 5606 φησιν
1729 5533 1923 5586 Ἀλῗιον

341 5633 603 5704 Χριστὸν,
635 5635 828 5704 ἢγουν,
869 5633 929 5686 Ὀ
962 5631 1259 5702 ἐρχόμενος
1312 5626 1746 5696 πλουσιωτέρους
1780 5625 1809 5678 6
1819 5626 1923 5698 ,τίς

342 5731 498 5803 ποιεῖ
512 5730 570 5782 ὲν
593 5732 704 5793 τοῖς
740 5728 1135 5803 πνευματικοῖς
1163 5723 1514 5799 χαρίσμασιν.
1555 5718 1832 5789 Οὐδέτερντ
1870 5716 1924 5774 εδ

420 5906 471 5942 ⁸⁸
500 5908 702 5964 Matth.
767 5923 893 5973 xxv,
930 5906 951 5960 Ι
1017 5918 1168 5975 seqq.
1247 5903 1292 5935 ‘°
1337 5901 1482 5958 Psal.
1525 5917 1671 5967 xuv,
1699 5900 1755 5953 ll
1866 5896 1890 5928 ’

2090 4889 2251 4963 681
2274 4887 2367 4960 XI,
2384 4886 2439 4942 4.
2467 4883 2605 4942 Nam
2630 4884 2674 4938 si
2692 4884 2736 4937 is
2754 4882 2844 4955 qui
2863 4880 3177 4939 venitalium
3196 4880 3378 4941 Iesum
3402 4886 3596 4953 ρνωαί.

2022 4994 2107 5039 aut
2132 4997 2282 5053 quem
2300 4996 2399 5033 non
2412 4976 2833 5048 prwdicavimus,
2853 4984 2943 5027 aut
2961 4976 3003 5028 si
3026 4973 3282 5043 Spiritum
3308 4976 3472 5031 alium
3513 4994 3596 5033 ac-

2020 5077 2194 5146 cipitis
2250 5088 2401 5143 quem
2447 5087 2549 5124 non
2593 5068 2892 5140 accepistis,
2935 5080 3024 5123 aut
3045 5067 3193 5121 aliud
3250 5066 3596 5141 Evangelium

2019 5165 2158 5220 mod
2223 5181 2326 5218 non
2382 5162 2711 5236 suscepistis,
2765 5169 2902 5217 recte
2965 5163 3318 5218 sustineretis.

2097 5258 2324 5316 Interim
2347 5256 2589 5312 ostendit
2616 5255 3077 5330 pseudapostolos
3113 5254 3446 5312 adventitios
3473 5270 3597 5310 esse

2030 5368 2092 5408 ac
2131 5350 2355 5405 aliunde
2410 5355 2852 5421 prorumpentes.
2914 5346 3044 5402 Vide
3090 5358 3270 5401 autem
3305 5345 3450 5417 quod
3486 5362 3595 5400 nou

2030 5445 2264 5505 dixerit;
2298 5440 2354 5497 Si
2388 5440 2518 5511 quid
2545 5438 2785 5509 amplius
2808 5439 3112 5507 loquuntur
3143 5437 3375 5509 (Etenim
3399 5434 3603 5491 verisia

2029 5535 2156 5589 mile
2189 5539 2309 5589 erat
2336 5532 2461 5592 illos
2488 5530 2682 5603 nugari
2716 5540 2772 5587 et
2821 5529 3115 5586 verborum
3160 5533 3445 5582 venustate
3486 5526 3599 5580 vel-

2027 5626 2106 5682 uti
2135 5625 2424 5695 praestigiis
2456 5624 2739 5679 ludiﬁcare
2795 5621 3117 5689 auditores),
3150 5621 3243 5675 sed
3292 5620 3387 5685 ait,
3413 5619 3593 5675 Alium

2027 5718 2331 5784 Christum,
2357 5719 2462 5771 hoc
2484 5725 2604 5772 est:
2631 5716 2685 5771 Si
2720 5715 2764 5770 is
2797 5716 2891 5785 qui
2924 5713 3070 5768 venit
3099 5713 3323 5768 ditiores
3347 5726 3444 5768 vos
3473 5709 3598 5768 red-

2017 5897 2146 5952 Cor.
2192 5914 2241 5959 v,
2269 5896 2356 5951 ΞΟ.
2440 5898 2482 5929 ⁸³
2530 5895 2663 5949 Gen.
2699 5910 2841 5949 xxiv.
2880 5895 2899 5949 l
2941 5907 3093 5964 seqq.
