3956 6542
390 387 528 456 1043

1410 391 1806 458 (ΕΟῠΒίΕΝΖΙ
1843 388 2132 448 TRICC.E
2159 390 2514 454 El’lSCOPf.

3493 390 3631 454 10H

385 503 468 560 dit
526 503 905 575 spiritualibus
965 503 1143 558 donis.
1202 503 1468 556 Neutrum
1519 511 1696 556 autem
1754 504 1949 556 horum

2053 499 2257 554 τούτων
2305 502 2497 572 χρῄζει
2552 502 2822 571 κομψείας
2873 503 3068 572 λόγων.
3100 503 3493 574 -ῐΦΩΤ.]“Η
3529 507 3626 559 καὶ

292 637 296 642 .
383 605 505 668 eget
532 597 743 667 argutia
775 595 1281 652 verborum—Aut
1302 597 1398 648 hoc
1425 596 1584 649 etiam
1642 594 1820 649 modo.
1853 595 1954 648 Per

387 688 774 759 abductionem
805 691 868 743 ad
934 689 985 744 id
1024 689 1167 757 quod
1208 688 1504 742 absurdum
1554 698 1653 750 est,
1696 688 1952 757 dehorta-

387 787 480 834 tur
513 781 660 848 ipsos
693 797 758 834 ne
789 782 852 832 ad
879 780 1334 850 pseudapostolos
1367 779 1652 834 accedant:
1691 796 1752 834 ac
1795 781 1839 834 si
1867 779 1951 835 di-

385 869 592 924 cat:Si
656 872 820 924 alium
877 870 1062 927 Jesum
1119 872 1566 942 pseudapostolus
1605 873 1748 941 (nam
1807 873 1952 928 hunc

386 962 643 1029 appellat,
676 962 1020 1027 Venientem,
1049 974 1235 1034 utpote
1266 977 1708 1034 prorumpentem
1733 973 1784 1019 et
1817 962 1950 1018 foris

386 1052 754 1122 accedentem)
796 1071 810 1120 ;
848 1056 892 1110 si
927 1055 1096 1124 igitur
1131 1056 1217 1110 hic
1250 1056 1416 1110 alium
1469 1053 1654 1110 Jesum
1692 1054 1949 1125 praadicat

383 1158 546 1212 quem
583 1146 822 1214 oportuit
856 1161 886 1200 a
921 1147 1079 1203 nobis
1111 1147 1419 1216 pratdicari,
1471 1155 1657 1201 etnon
1685 1145 1950 1216 praedicas

383 1233 594 1289 vimus:
629 1243 724 1290 aut
751 1237 918 1291 alium
949 1236 1212 1308 Spiritum
1249 1237 1489 1308 oportuit
1538 1251 1636 1291 vos
1681 1235 1948 1306 accipere,

383 1332 493 1380 eta
547 1327 706 1382 nobis
740 1342 851 1382 non
907 1329 1236 1398 accepistis:
1267 1337 1359 1383 aut
1394 1328 1540 1382 aliud
1595 1325 1948 1396 Evangelium

310 1485 315 1489 π
383 1417 628 1484 oportuit
659 1433 758 1473 vos
789 1421 1086 1488 suscipere,
1125 1427 1179 1474 et
1211 1435 1237 1472 a
1276 1420 1434 1475 nobis
1462 1436 1571 1476 non
1604 1419 1944 1488 suscepistis,

380 1508 526 1576 iuste
563 1509 672 1564 illis
704 1511 1060 1568 adhmreretis
1091 1519 1142 1567 et
1166 1528 1350 1567 aurem
1384 1513 1720 1584 pracberctis.
1747 1510 1946 1567 Verum

387 1597 434 1651 si
478 1597 530 1652 id
569 1599 910 1669 impossibile
940 1611 1060 1656 est:
1115 1620 1291 1672 neque
1320 1606 1464 1657 enim
1491 1604 1590 1673 ipsi
1616 1603 1952 1673 pseudapos—

386 1688 490 1742 toli
518 1689 618 1743 hoc
651 1691 834 1746 dicere
861 1693 1154 1758 audebunt,
1191 1693 1283 1750 sed
1316 1711 1492 1765 neque
1532 1710 1628 1750 vos
1682 1696 1820 1766 ipsi:
1853 1711 1950 1745 ar;-

384 1794 492 1834 non
535 1781 832 1836 absurdum
887 1794 970 1838 est
1010 1787 1166 1842 nobis
1221 1787 1342 1844 illos
1390 1789 1648 1859 praeponi,
1737 1790 1830 1858 qui
1895 1791 1946 1842 in

2053 591 2260 655 οὕτως.
2286 592 2383 644 Διὰ
2402 593 2500 662 τῆς
2516 593 2593 654 είς
2609 593 2806 646 ἄτοπον
2824 595 3128 664 ἀπαγωγῆς
3153 595 3353 658 αὐτοὺς
3372 595 3471 661 τῆς
3493 597 3631 664 πρὸς

2053 683 2178 745 τοὺς
2205 683 2668 751 ’ζευδαποστόλους
2705 675 2979 754 προσοχῆς
3011 685 3331 756 ἀποτρέπει,
3372 681 3487 738 οἷον
3512 703 3524 714 ·
3563 685 3628 737 El.

2053 773 2161 842 γὰρ
2185 773 2343 828 ἄλλον
2389 771 2594 842 Ἰησοῦν
2631 775 2658 826 ὁ
2699 774 3138 844 ψευδαπόστολος
3164 774 3371 846 (τοῦτον
3403 774 3510 842 γὰρ
3537 777 3630 842 ἐρ-

2053 861 2284 932 χόμενον
2339 862 2525 930 λέγει,
2577 860 2721 930 οἷον,
2777 867 3234 937 ἐπεισερχόμενον
3287 869 3381 920 καὶ
3429 868 3631 931 ἔξωθεν

2051 953 2418 1023 ἐπεισιόντα)·
2485 956 2534 1008 εἰ
2585 955 2676 1009 οῦν
2730 951 2911 1021 οὗτος,
2955 959 3150 1029 φησὶν,
3187 959 3346 1013 ἄλλον
3419 960 3629 1028 Ἰησοῦν

2053 1043 2317 1114 κηρύσσει
2365 1045 2425 1098 ὃν
2473 1045 2578 1100 ἔδει
2619 1049 2961 1119 κηρυχθῆναι
3016 1051 3146 1122 παρ’
3185 1051 3362 1120 ἡμῶν,
3394 1052 3487 1105 καὶ
3529 1053 3629 1104 οὐκ
3731 1113 3738 1126 l

2052 1137 2424 1210 ἐκηρύξαμεν,
2475 1138 2508 1209 ἢ
2553 1138 2682 1193 ἄλλο
2711 1141 2933 1212 Πνεῦμα
2975 1142 3082 1196 ἔδει
3116 1142 3298 1197 λαϐεῖν
3336 1143 3499 1213 69.51;,
3532 1147 3628 1197 καὶ

2052 1232 2182 1301 παρ’
2241 1230 2399 1300 ἡμῶν
2468 1231 2567 1284 οὐκ
2626 1232 2874 1298 ἐλάϐετε,
2922 1234 2954 1305 ἢ
2999 1235 3128 1289 ἄλλο
3165 1236 3495 1303 Εύαγγέλιον
3522 1237 3628 1290 ἔδει

2050 1321 2304 1387 δέξασθαι
2344 1321 2508 1392 ὑμᾶς,
2542 1323 2637 1376 καὶ
2663 1325 2795 1395 παρ’
2827 1325 2986 1394 ἡμῶν
3029 1327 3131 1380 οῦκ
3178 1325 3452 1392 ἐδέξασθε,
3480 1327 3632 1379 εὐλό-

2050 1431 2164 1483 γως
2194 1417 2250 1467 ἐν
2276 1416 2456 1480 αὐτοῖς
2490 1419 2831 1489 προσείχετε.
2865 1419 2925 1471 Et
2947 1418 3002 1470 δὲ
3022 1418 3180 1472 τοῦτο
3201 1419 3462 1473 ἀδύνατον
3482 1419 3628 1487 (οὔτε

2050 1506 2158 1575 γὰρ
2185 1507 2337 1561 αὐτοὶ
2367 1509 2416 1561 οἱ
2444 1509 2866 1580 ψευδαπόστολοι
2889 1511 3223 1582 θαρρήσουσι
3255 1511 3414 1564 τοῦτο
3435 1513 3629 1574 εἰπεῖν,

2049 1600 2174 1652 οῦτε
2228 1599 2285 1651 δὲ
2345 1601 2504 1670 ὑμεῖς
2561 1602 2761 1671 αὐτοὶ),
2789 1603 2905 1667 πῶς
2940 1605 3001 1656 ού
3047 1603 3168 1656 λίαν
3213 1603 3436 1666 ἄτοπον,
3475 1604 3632 1672 ἡμῶν

2052 1698 2293 1760 ἐκείνους
2327 1698 2662 1768 προκρίνειν,
2691 1697 2799 1750 τῶν
2825 1696 2991 1767 μηδὲν
3026 1698 3464 1766 ὑστερησάντων.
3494 1697 3630 1764 μηδέ

2054 1787 2162 1838 τῶν
2204 1788 2340 1855 ύπέρ
2369 1786 2489 1839 λίαν
2520 1787 2863 1852 ἁποστόλωνς
2901 1805 2919 1839 ι
2963 1790 3058 1840 Ὃν
3083 1787 3182 1839 οὐκ
3212 1786 3558 1856 ἐκηρύξαμεν
3606 1807 3623 1836 ι

384 1872 534 1926 nullo
571 1872 870 1930 inferiores
899 1877 1101 1932 fuimus
1127 1894 1192 1933 ne
1240 1879 1456 1936 eximiis
1483 1881 1702 1950 quidem
1733 1891 1949 1950 aposto-

2064 1879 2159 1930 Ὀν
2189 1852 2690 1949 εδει-κηρυχθῆναι,
2715 1879 2806 1930 καὶ
2838 1879 2937 1932 ούκ
2978 1852 3346 1948 ἐκηρύξαμεν.
3386 1898 3408 1930 ‹
3442 1852 3506 1929 Ὅ
3532 1879 3632 1929 οὐκ

385 1959 496 2016 iis?
547 1980 565 2013 ο
607 1961 778 2027 Quem
818 1980 925 2018 non
959 1967 1408 2034 prmdieavimus.
1447 1989 1466 2022 ι
1504 1959 1674 2036 Quem
1712 1971 1955 2039 oportuit

345 2055 356 2068 "
383 2055 690 2124 pradicari,
727 2069 907 2111 etnon
939 2061 1374 2127 praedicavimus.
1405 2085 1426 2116 ι
1458 2062 1628 2129 Quem
1654 2079 1761 2118 non
1794 2079 1951 2119 acce-

381 2146 558 2214 pistis.
597 2164 615 2198 ι
657 2143 826 2212 Quem
852 2149 1098 2216 oportuit
1126 2165 1221 2205 vos
1248 2153 1520 2222 accipere,
1548 2159 1601 2206 et
1630 2167 1738 2206 non
1793 2167 1950 2207 acce-

384 2237 566 2305 pistis.
606 2255 624 2288 ι
662 2233 768 2290 Aut
796 2239 942 2294 aliud
979 2238 1353 2312 Evangelium.
1399 2262 1417 2295 ι
1455 2241 1642 2314 Neque
1671 2243 1817 2300 enim
1849 2246 1950 2298 hoc

379 2334 602 2382 externa
655 2337 776 2400 eget
825 2331 1118 2401 sapientia.
1153 2332 1452 2390 Considera
1503 2350 1646 2392 vero
1671 2335 1947 2406 quomodo

382 2416 630 2472 ostendit
658 2419 795 2474 nihil
823 2420 940 2477 illos
969 2422 1269 2492 perfectius
1308 2424 1524 2481 dicere:
1577 2443 1595 2477 ι
1637 2426 1807 2493 Quem
1842 2442 1948 2480 non

384 2507 826 2578 pradicavimus,
866 2531 886 2566 ι
947 2513 1144 2584 inquit.
1179 2513 1380 2583 «Quem
1414 2532 1524 2572 non
1573 2519 1883 2588 accepistis.
1927 2538 1946 2572 ι

380 2595 450 2649 Et
499 2610 718 2651 rursum
745 2613 768 2652 :
826 2615 845 2650 ι
909 2598 1066 2665 Quod
1116 2617 1226 2656 non
1259 2605 1609 2673 suscepistis;
1650 2624 1668 2656 ι
1709 2608 1950 2660 circum-

383 2686 686 2757 scriptione
742 2690 1038 2748 ostendens
1092 2693 1227 2748 nihil
1281 2696 1517 2766 amplius
1573 2697 1695 2752 illos
1729 2699 1944 2754 docere.

379 2778 568 2852 Neque
600 2782 745 2837 enim
782 2782 866 2839 his
897 2783 989 2854 qui
1019 2776 1174 2855 plura
1203 2785 1521 2857 loquuntur,
1555 2789 1649 2844 sed
1681 2791 1773 2860 qui
1812 2807 1938 2845 vera

387 2875 579 2930 dicunt
612 2884 827 2946 oportet
859 2886 1090 2934 mentem
1117 2879 1418 2936 advertere.
1455 2901 1474 2933 ι
1509 2882 1663 2948 Quod
1688 2898 1794 2937 non
1828 2899 1949 2939 sus-

383 2967 633 3036 cepistis.
676 2985 696 3020 ι
732 2967 887 3035 Quod
928 2984 1028 3026 vos
1062 2971 1348 3042 oportebat
1401 2975 1702 3044 suscipere,
1760 2984 1812 3030 et
1841 2991 1948 3031 non

377 3057 724 3129 suscepistis.
793 3078 810 3112 ι
849 3057 1016 3117 Recte
1085 3063 1453 3120 sustineretis.
1489 3082 1508 3116 ι
1577 3063 1718 3132 Quid
1772 3067 1944 3131 dicis,

377 3149 584 3207 Paule?
606 3153 696 3222 qui
723 3153 929 3209 Calatis
956 3154 1204 3212 scribens
1231 3157 1348 3212 ais:
1383 3159 1438 3213 Si
1462 3159 1586 3229 quis
1611 3160 1945 3229 pratdiCave-

385 3242 461 3298 rit
494 3243 650 3301 vobis
682 3245 1036 3318 Evangelium
1101 3259 1294 3320 praeter
1325 3221 1568 3320 quam-id
1601 3221 1745 3320 quod
1795 3265 1948 3305 acce—
1974 3221 2018 3279 θ

377 3334 557 3406 pistis,
625 3339 912 3394 anathema
943 3341 1331 3409 sit“;inunc
1387 3342 1454 3397 ad
1519 3343 1618 3398 hos
1701 3344 1948 3398 scribis:

393 3443 413 3477 ι
449 3423 616 3482 Recte
654 3429 1041 3486 sustineretis?
1073 3449 1090 3483 ι
1137 3432 1303 3503 Atqui
1360 3445 1586 3502 propter
1647 3434 1748 3488 hoc
1773 3435 1947 3505 ipsum

379 3532 490 3575 non
527 3523 802 3577 sustinere
841 3532 1140 3595 oporteret,
1170 3528 1264 3580 sed
1323 3527 1368 3582 si
1409 3525 1598 3582 eadem
1659 3537 1835 3582 tecum
1869 3529 1950 3582 di-

376 3613 612 3681 xissent,
632 3622 764 3670 tunc
787 3624 1000 3685 oportet
1033 3619 1324 3674 sustinere.
1357 3617 1424 3674 Et
1452 3620 1572 3674 vide
1592 3620 1788 3692 ;682
1825 3637 1947 3676 nam

377 3723 636 3780 magnum
669 3709 917 3764 imminet
945 3710 1244 3779 periculum
1278 3712 1325 3766 ei
1357 3713 1450 3783 qui
1484 3728 1592 3769 non
1612 3715 1747 3771 bene
1772 3716 1951 3771 animv

381 3800 635 3857 advertit.
674 3800 942 3859 Omnibus
1015 3803 1162 3858 enim
1236 3805 1536 3862 hazresibus
1590 3809 1731 3862 viam
1781 3825 1950 3879 pries-

383 3900 594 3949 truunt.
627 3894 708 3948 Ita
743 3893 1122 3964 gloriabantur
1144 3897 1579 3968 pseudapostoli,
1609 3901 1780 3970 quasi.
1802 3900 1948 3956 Pau-

380 3984 467 4039 lus
499 3983 818 4055 imperfecte
849 3984 1090 4053 doceret,
1121 3987 1226 4058 ipsi
1265 3999 1444 4045 autem
1503 3989 1800 4060 perfectius
1849 3993 1948 4047 ali-

282 4115 286 4120 .
381 4077 514 4146 quid
546 4076 797 4133 dicerent
823 4097 837 4134 :
868 4079 1138 4154 siquidem
1175 4089 1398 4136 externa
1430 4082 1680 4139 doctrina
1707 4093 1946 4149 utentes,

380 4168 526 4224 veris
557 4168 906 4240 dogmatibus
945 4189 1120 4244 nugas
1177 4175 1602 4243 permiscehant,
1627 4177 1748 4232 ideo
1781 4178 1947 4233 etiam

381 4260 581 4316 multos
605 4264 1052 4331 corrumpebant.
1095 4264 1206 4336 [loc
1238 4266 1421 4336 itaque
1454 4284 1600 4323 nunc
1643 4270 1713 4323 ait
1742 4288 1755 4324 :
1787 4271 1844 4324 Si
1895 4272 1948 4324 hi

381 4359 532 4408 certe
551 4352 755 4423 aliquid
790 4354 1086 4423 perfectius
1124 4357 1334 4422 dicunt,
1369 4366 1422 4412 et
1455 4360 1621 4414 alium
1674 4372 1949 4430 oporteret

381 4445 670 4515 praedicari
739 4445 1039 4509 Christum,
1101 4464 1163 4503 ac
1229 4466 1326 4503 nos
1383 4453 1946 4520 praetermisisscmus,

380 4543 532 4592 recte
567 4536 936 4592 sustineretis.
993 4535 1284 4608 Propterea
1318 4540 1462 4593 enim
1492 4541 1664 4594 dicit:
1719 4560 1737 4593 ι
1773 4540 1944 4606 Quem

293 4627 298 4633 ’
379 4642 490 4683 non
551 4629 990 4696 praedicavimus.
1035 4649 1052 4682 ι
1091 4627 1147 4684 Si
1199 4646 1328 4685 vero
1384 4633 1572 4686 eadem
1631 4641 1760 4688 sunt
1825 4634 1948 4688 lldei

380 4720 584 4791 capita,
639 4730 694 4776 et
731 4722 871 4776 nihil
929 4721 1166 4793 amplius
1195 4722 1408 4787 dicunt,
1458 4725 1599 4793 quod
1657 4726 1724 4779 ad
1755 4727 1949 4795 dogma

383 4809 621 4866 attinet:
657 4813 725 4866 oh
764 4827 927 4881 quam
952 4827 1175 4867 causam
1213 4813 1288 4866 illi
1330 4829 1498 4884 supra
1540 4829 1639 4869 nos
1679 4817 1733 4869 in
1775 4815 1950 4870 ltOnO-

314 4966 322 4983 ‘
378 4916 439 4956 re
482 4902 797 4956 habentur?
834 4903 1334 4976 Quantumcunque
1381 4907 1525 4962 enim
1589 4909 1776 4978 nugati
1835 4908 1952 4963 fue-

377 4995 508 5059 rint,
539 4993 736 5065 inquit,
773 4997 907 5051 nihil
948 5015 1112 5069 supra
1141 5015 1242 5056 nos
1291 5001 1546 5056 dixeruut
1594 5011 1793 5072 pra'ter
1844 5001 1953 5058 fas-

379 5095 498 5140 tum
536 5088 851 5142 verborum.
886 5123 952 5132 —
985 5092 1138 5159 Quod
1201 5103 1381 5149 autem
1414 5097 1527 5150 ait:
1567 5116 1584 5148 ι
1629 5095 1789 5151 Recte
1819 5113 1947 5151 sns-

381 5179 650 5240 tineretis.
691 5197 709 5230 ι
742 5197 848 5235 ηοη
900 5191 983 5236 est
1050 5187 1320 5243 laudantis
1381 5189 1541 5242 talem
1599 5190 1950 5252 sententiam,

379 5267 478 5322 sed
511 5269 733 5324 uberius
765 5273 1073 5339 arguentis.
1115 5274 1246 5328 Nam
1287 5278 1448 5345 paulo
1478 5287 1624 5342 ante,
1661 5278 1761 5331 hos
1783 5279 1951 5333 sustio

381 5375 512 5416 nere
573 5361 764 5430 eisque
832 5362 1130 5427 adhatret'e.
1173 5369 1581 5438 corruptionem
1635 5371 1950 5440 appellavit.

379 5451 519 5519 Quid
555 5461 641 5511 est
675 5469 806 5526 ergo
842 5456 987 5526 quod
1013 5458 1233 5528 arguit?
1284 5459 1714 5524 Inexcusabiles,
1747 5461 1946 5532 inquit,

381 5533 515 5600 estis
547 5547 591 5600 si
624 5547 896 5610 fallimiui,
937 5551 1157 5618 quando
1189 5551 1404 5618 utrique
1446 5563 1718 5618 nostrum,
1761 5564 1810 5608 et
1852 5570 1950 5608 nos

382 5644 434 5686 ιι
470 5637 872 5708 pscudapostoli
933 5640 1122 5695 eadem
1155 5642 1400 5694 videmur
1433 5644 1632 5707 dicere,
1683 5655 1733 5698 et
1769 5656 1946 5699 tamen

2059 1968 2304 2025 ἐλάϐετε.
2351 1987 2368 2020 ι
2411 1972 2476 2021 "U
2509 1968 2616 2022 ἔδει
2674 1967 2862 2022 λαϐεῖν
2905 1969 3070 2038 ὑμᾶς,
3107 1971 3199 2022 καὶ
3242 1970 3342 2022 οὐκ
3387 1968 3628 2022 ἐλάϐετε.

2063 2081 2080 2113 ι
2125 2062 2193 2113 Ἦ
2224 2059 2557 2127 Εύαγγέλιον
2607 2059 2813 2129 ἕτερον.
2850 2077 2868 2110 ι
2899 2059 3032 2113 osse
3060 2060 3168 2130 γὰρ
3187 2061 3307 2114 οὐδὲ
3355 2060 3511 2114 τοῦτο
3549 2078 3634 2112 σο-

2055 2153 2181 2221 φίας
2210 2153 2378 2206 δεῖται
2406 2155 2503 2222 τῆς
2534 2151 2750 2216 ἔξωθεν.
2773 2152 3046 2206 Σκόπειὸἐ
3071 2153 3185 2214 πῶς
3209 2153 3447 2205 δείκνυσι
3470 2153 3634 2222 μηδὲν

2053 2243 2386 2315 τελειότερον
2403 2242 2582 2311 λέγειν
2613 2243 2876 2307 ἐκείνους.
2915 2262 2934 2294 ι
2970 2245 3066 2296 Ὃν
3093 2244 3192 2296 οὐκ
3221 2243 3626 2314 ἐκηρύξαμεν,ι

2055 2335 2243 2406 φησὶν,
2276 2353 2292 2386 ι
2360 2337 2424 2388 Ὅ
2478 2335 2579 2388 οὐκ
2639 2335 2881 2390 ἐλάϐετε.
2931 2352 2949 2386 ι
2987 2335 3097 2387 Καὶ
3138 2336 3302 2388 πάλιν
3336 2350 3380 2387 ⁸(
3423 2337 3488 2388 Ὀ
3534 2337 3634 2387 οἰκ

2055 2427 2328 2496 ἐδέξασθε.
2365 2446 2383 2479 ι
2418 2427 2506 2496 Τῷ
2550 2425 2960 2498 προσδιορισμῷ
2993 2427 3234 2490 δεικνὺς,
3273 2427 3440 2496 μηδὲν
3475 2428 3636 2480 πλέον

2053 2519 2294 2583 ἐκείνους
2324 2517 2616 2571 διδάσκειν.
2653 2517 2785 2570 Οὐδὲ
2818 2518 2927 2588 γὰρ
2960 2520 3072 2580 τοῖς
3099 2518 3316 2571 πλείονα
3355 2519 3634 2583 λαλοῦσιν,

2053 2610 2188 2664 ἀλλὰ
2234 2611 2346 2673 τοῖς
2397 2608 2575 2680 ἀληθῆ
2627 2607 2868 2676 λέγουσι,
2919 2609 3000 2661 δεῖ
3045 2609 3334 2679 προσέχειν
3366 2610 3458 2661 τὸν
3488 2611 3632 2662 νοῦν.

2057 2723 2075 2755 ι
2109 2706 2175 2756 Ὃ
2204 2702 2307 2757 οὐκ
2335 2701 2610 2766 ἐδέξασθε.
2645 2719 2663 2754 ι
2695 2703 2760 2755 Ὃ
2796 2700 2902 2754 ἔδει
2931 2701 3186 2768 δέξασθαι
3221 2702 3386 2770 ὑμᾶς.
3423 2704 3516 2754 καὶ
3540 2703 3636 2752 οὒκ

2017 2827 2020 2830 -
2052 2794 2321 2860 ἐδέξασθε.
2354 2813 2372 2846 ι
2396 2795 2593 2858 Καλῶς
2635 2793 2938 2865 ὴνείχεσθε.
2981 2812 2999 2846 ι
3037 2793 3102 2847 Τί
3129 2794 3327 2862 λέγεις,
3353 2789 3396 2848 ὢ
3433 2793 3634 2858 unus;

2049 2891 2077 2942 ό
2116 2889 2380 2952 Γαλάταις
2406 2887 2654 2957 γράφων,
2689 2907 2708 2938 ι
2755 2887 2880 2941 Ἐάν
2922 2904 3008 2949 τις
3047 2886 3470 2956 εύαγγελίζηται
3509 2888 3635 2954 ὐξάῖι

2051 2981 2182 3052 παρ’
2235 2980 2264 3034 ὃ
2310 2978 2670 3049 παρελάϐετε,
2697 2977 2944 3048 ἀνάθεμα
2986 2975 3152 3041 ἔστω,
3194 2996 3213 3028 ι
3252 2979 3468 3039 τούτοις
3497 2977 3635 3046 γρά-

2051 3092 2195 3143 φεις,
2232 3091 2251 3123 ι
2293 3072 2484 3135 Καλῶς
2508 3070 2834 3142 ὴνείχεσθε;
2874 3090 2895 3122 ι
2928 3071 3040 3125 Καὶ
3082 3072 3188 3141 μὴν
3227 3071 3314 3125 διὰ
3346 3071 3510 3124 τοῦτο
3538 3074 3635 3124 οὐκ

2051 3169 2157 3222 ἔδει
2181 3167 2491 3239 ἀνέχεσθαι.
2518 3167 2578 3219 El
2604 3167 2662 3219 δὲ
2691 3165 2760 3222 τὰ
2784 3166 2924 3220 αὐτά
2951 3183 3034 3221 σοι
3061 3166 3267 3236 ελεγον,
3295 3169 3634 3234 τότε-ἀνέχε-

2053 3261 2175 3314 σθαι
2207 3259 2394 3330 ἐχρῆν.
2441 3258 2581 3311 Ἀλλ’
2612 3259 2733 3331 ὅρα.
2766 3258 2955 3327 Μέγας
2991 3257 3100 3330 γὰρ
3127 3261 3155 3312 ὁ
3183 3259 3428 3323 κίνδυνος
3461 3261 3535 3329 τῷ
3563 3261 3634 3330 μὴ

2052 3351 2398 3422 προσέχοντι.
2455 3350 2667 3413 Πάσαις
2715 3353 2823 3422 γὰρ
2852 3351 3097 3422 αἱρέσεσι
3141 3352 3322 3406 δίδωσι
3381 3353 3628 3422 πρόοδον.

2052 3441 2237 3506 Οὕτως
2269 3441 2584 3512 ἐκόμπαζον
2623 3442 2673 3496 oi
2724 3441 3178 3513 ψευδαπόστολοι,
3205 3443 3280 3505 ὡς
3305 3445 3515 3505 ἀτελῶς
3543 3445 3628 3496 τοῦ

2053 3532 2266 3587 Παύλου
2310 3532 2676 3598 διδάσκοντος,
2733 3533 2826 3586 καὶ⁸
2881 3533 2962 3586 ὅτι
2991 3533 3166 3596 αὐτοὶ,
3201 3535 3358 3604 φησὶ,
3387 3531 3551 3588 πλέον
3578 3552 3626 3587 τι

2051 3625 2146 3677 καὶ
2173 3623 2504 3694 τελειότερον
2557 3622 2800 3696 λέγουσι.
2831 3623 2872 3675 Τ
2877 3625 2909 3695 ᾖ
2963 3624 3070 3695 γὰρ
3099 3623 3204 3688 ἔξω
3235 3626 3458 3696 παιδείᾳ
3493 3625 3626 3696 χρὼ-

2055 3728 2228 3781 μενοι,
2295 3715 2409 3775 τοῖς
2455 3711 2680 3783 ἀληθέσι
2731 3713 2965 3783 δόγμασι
3014 3714 3283 3784 φλυαρίας
3313 3716 3626 3783 ἀνεμίγτδν.

2052 3804 2143 3859 Διὸ
2167 3807 2259 3858 καὶ
2315 3805 2567 3876 ἔφθειρον
2611 3804 2854 3868 πολλούς.
2885 3805 3057 3859 Τοῦτο
3087 3802 3180 3861 οῦν
3211 3825 3346 3877 φησι
3387 3809 3481 3862 νῦν
3523 3827 3536 3838 ·
3567 3809 3624 3860 Εἰ

2056 3896 2156 3969 μέν
2188 3915 2242 3950 τι
2263 3895 2599 3967 τελειότερον
2655 3895 2908 3966 λέγουσιν
2947 3889 3116 3964 οῦτοι,
3145 3898 3241 3952 καὶ⁵
3283 3899 3475 3970 ἕτερον
3526 3899 3625 3952 εδει

2053 3989 2396 4061 κηρυχθῆναι
2422 3990 2678 4059 Χριστὸν,
2705 3990 2800 4043 καὶ
2831 3989 2993 4061 ἡμεῖς
3019 3990 3422 4064 παρελίπομεν,
3455 3992 3623 4054 καλῶς

2052 4083 2356 4158 ἠνείχεσθε.
2386 4083 2486 4136 Διὰ
2511 4081 2667 4136 τοῦτο
2711 4083 2821 4155 γὰρ
2857 4083 3027 4153 λέγει,
3063 4102 3082 4135 ‹
3117 4086 3212 4138 Ὃν
3236 4085 3336 4138 ούκ
3359 4085 3622 4156 ἐκηρύξα-

2055 4191 2177 4244 μεν.
2225 4193 2243 4226 ι
2272 4175 2334 4228 El.
2363 4173 2420 4226 δὲ
2451 4172 2844 4239 τὰλύτάέστι,
2871 4175 3027 4244 φησὶ,
3058 4174 3157 4244 τῆς
3184 4174 3426 4238 πίστεως
3461 4176 3623 4243 κεφά-

2052 4265 2200 4331 λαια,
2220 4265 2313 4320 καὶ
2343 4265 2496 4318 οὐδὲν
2522 4263 2683 4317 πλέον
2697 4265 2914 4336 ἐροῦσιν
2937 4266 3057 4318 ὅσον
3078 4260 3212 4337 ἧκεν
3245 4268 3324 4329 είς
3352 4267 3414 4319 τὸ
3437 4267 3622 4336 δόγμα,

2053 4359 2140 4412 διὰ
2169 4358 2222 4410 τί
2256 4357 2416 4410 πλέον
2434 4356 2617 4427 ἔχουσι
2655 4359 2786 4428 παρ’
2818 4357 2945 4427 ύμῖν
2979 4359 3176 4410 ἐκεῖνοι
3201 4376 3216 4421 ;
3253 4360 3408 4430 Ὀσῳ
3433 4361 3536 4430 γὰρ
3566 4362 3622 4412 ἂν

2056 4449 2442 4534 φλυαρήσωσι,
2463 4438 2652 4518 φησὶν,
2676 4449 2829 4502 οὐδὲν
2861 4448 3045 4515 πλέον,
3072 4445 3146 4502 ὧν
3176 4452 3366 4520 ἡμεῖς,
3406 4452 3621 4510 εἴποιεν,

1985 4585 2040 4638 Β,
2059 4541 2196 4612 πλὴν
2250 4541 2342 4594 τοῦ
2390 4542 2605 4610 κόμπου
2663 4541 2771 4593 τῶν
2817 4541 3034 4606 λέξεων.
3079 4573 3150 4582 -
3193 4541 3396 4615 [ΦΩΤ.]
3460 4545 3531 4597 Τὸ
3572 4541 3622 4594 δὲ

2063 4634 2312 4696 ‹.Καλῶς
2367 4633 2686 4704 ὴνείχεσθε,
2732 4651 2750 4684 ι
2801 4634 2901 4686 οὐκ
2962 4633 3309 4697 ἐπαινοῦντός
3365 4634 3484 4687 ἐστι
3533 4635 3622 4702 τὴν

2055 4727 2316 4798 τοιαύτην
2358 4727 2611 4795 γνώμην,
2647 4725 2761 4777 ἀλλ’
2811 4728 2875 4779 ἐκ
2930 4726 3250 4796 περιουσίας
3291 4727 3622 4795 ἐλέγχοντος.

2057 4819 2268 4888 (rem;
2319 4817 2424 4886 γὰρ
2485 4817 2590 4886 πρὸ
2627 4817 2853 4888 μικροῦ,
2895 4817 2954 4870 τὸ
2983 4817 3268 4886 ἀνέχεσθαι
3305 4818 3512 4871 τούτων
3538 4817 3623 4868 καὶ

2060 4910 2348 4978 προσέχειν
2377 4909 2558 4966 αὐτοῖς
2589 4907 2916 4960 ἀπεκάλεσε.
2950 4907 3014 4958 Τί
3045 4906 3136 4959 οῦν
3166 4907 3311 4958 ἐστιν
3334 4905 3362 4958 δ
3388 4906 3619 4972 ἐλέγχεις

2053 4998 2495 5068 Ἀπροςράσιστος
2545 4995 2699 5066 ὑμῶν
2748 4998 2883 5060 ἐστι,
2916 4997 3098 5064 φησὶν,
3151 4997 3184 5064 ἡ
3238 4997 3450 5065 ἀγάπη,
3506 4996 3622 5047 ὅταν

2057 5089 2225 5157 ἄμφω
2259 5089 2417 5157 ἡμῶν
2454 5104 2513 5139 τε
2559 5088 2652 5139 καὶ
2691 5088 2798 5138 τῶν
2824 5088 3274 5152 ψευδαποστόλων
3301 5089 3366 5138 τὰ
3393 5088 3525 5140 αὐτὰ
3554 5089 3622 5137 δο-

2058 5182 2298 5234 κούντων
2340 5180 2540 5248 λέγειν,
2577 5179 2735 5250 ἡμῶν
2793 5182 2888 5250 μὲν
2939 5181 3258 5249 ἁφίστασθε.
3312 5181 3533 5242 ἐκείνοις
3569 5179 3618 5230 δὲ

2060 5274 2436 5346 προστίθεσθε.
2471 5273 2546 5325 Ού
2575 5273 2682 5342 γὰρ
2717 5272 2867 5338 ’έξετε
2907 5276 3178 5344 πρόφασιν
3212 5274 3312 5344 τὴν
3341 5275 3615 5341 καινότητα

2061 5369 2164 5436 τῆς
2202 5367 2442 5434 ἀγάπης,
2499 5364 2596 5418 καὶ
2649 5366 2710 5417 τὸ
2748 5364 3150 5435 ἐξηλλαγμένον
3195 5367 3276 5427 εἰς
3317 5348 3611 5430 τελειότητα

2059 5461 2168 5516 τῶν
2195 5459 2501 5530 δογμάτων.
2536 5456 2710 5510 Είωθε
2742 5459 2847 5527 γὰρ
2899 5457 2934 5526 ἡ
2973 5457 3227 5528 καινότης
3257 5454 3608 5525 ὑπογαργῖλίο

2059 5552 2174 5616 ζειν
2209 5550 2301 5602 καὶ
2357 5547 2682 5618 ἐτέλκεσθαι
2715 5548 2840 5608 τοὺς
2871 5545 3294 5616 ἁπλουστέρους.
3350 5546 3504 5614 Ὑμῖν
3539 5544 3608 5604 δὲ,

2058 5641 2176 5696 οὖδέ
2207 5639 2346 5711 αῦτη
2376 5640 2409 5706 ἡ
2447 5638 2719 5707 πρόφασις
2753 5637 3069 5708 ὑπελείφθη..

383 5740 411 5777 a
465 5729 624 5783 nobis
685 5729 1030 5786 discetit‘ttics
1087 5733 1193 5788 illi)
1246 5735 1574 5790 adluat-viis:
1639 5752 1744 5788 non
1807 5737 1950 5789 enim
1994 5735 2338 5793 ocnasioucm
2396 5730 2667 5788 habebitis
2717 5727 2925 5786 fraudis
2994 5731 3308 5795 novitatem,
3394 5735 3445 5782 et
3505 5739 3604 5780 rem

489 5843 533 5872 ⁶³
559 5845 711 5898 (hiat
774 5860 810 5910 ι,
840 5849 890 5898 8.
