3956 6560
240 407 380 477 1049

1148 379 1532 477 COMMENT.
1580 416 1659 477 1N
1704 415 1941 477 EPlST.
1972 416 2028 474 II
2055 419 2153 478 AD
2187 417 2563 479 contum.

3334 414 3473 481 10.50

319 529 415 582 Ἐκ
446 526 538 583 τοῦ
578 529 774 583 εἰπεῖν·
818 529 1162 601 ’Υστέρημα,
1196 532 1447 585 δείκνυσι
1479 531 1647 603 μηδὲν
1673 531 1811 599 ὑπὲρ

1988 530 2064 585 Ex
2093 547 2159 587 eo
2188 532 2332 603 quod
2362 532 2476 586 ait:
2508 529 2664 597 Quod
2715 531 2925 597 deerat,
2976 527 3213 585 ostendit
3244 544 3303 586 se
3336 529 3474 583 nihil

232 620 332 689 τὴν
362 619 667 686 ἀναγκαίαν
702 618 884 674 λαϐὼν
936 621 1144 691 χρείαν.
1172 623 1466 693 Ἐπεμψαν
1502 623 1559 675 δὲ
1588 622 1738 691 αύτῷ
1760 624 1807 675 oi

232 711 609 779 Φιλιππήσιοι.
646 710 746 765 Διὰ
774 712 934 766 τοῦτο
970 713 1027 766 δέ
1060 716 1154 767 καὶ
1182 714 1420 784 τοῦνομα
1438 714 1702 778 τέθεικεν,
1732 717 1810 780 εἰς

234 802 566 872 ζηλοτυπίαν
608 804 808 867 αὐτοὺς
856 804 1233 875 ἐλεημοσύνης
1290 806 1457 874 ἄγων.
1511 826 1530 859 ι
1585 808 1697 861 Καὶ
1752 810 1810 860 ἐν

239 893 411 947 παντὶ
457 895 636 965 ἀϐαρῆ
700 895 960 965 ἐμαυτόν.
999 914 1016 946 ι
1052 897 1333 950 Δείκνυσιν
1381 898 1463 950 ὅτι
1504 898 1599 950 καλ⁸
1647 897 1809 969 βάρος

232 987 488 1055 ἡγοῦντο.
529 988 627 1048 τάς
657 986 864 1057 τροφὰς
912 987 1060 1057 αὐτῷ
1091 987 1475 1057 χορηγοῦντες.
1513 988 1705 1051 Καλῶς
1753 990 1809 1042 δέ

229 1075 315 1138 τὸ,
356 1095 374 1122 ι
406 1075 661 1146 Τηρήσω.
696 1094 715 1127 s
744 1077 835 1143 Μὴ
889 1077 996 1149 γάρ
1039 1066 1511 1147 νομίσητεξφησὶ,
1536 1076 1709 1130 ταῦτά
1742 1095 1809 1148 με

232 1166 539 1236 εἰρηκέναι,
574 1165 660 1218 ἵνα
696 1166 788 1219 τοῦ
834 1166 1023 1219 λοιποῦ
1049 1167 1199 1220 λάϐω
1236 1169 1365 1237 παρ’
1389 1168 1563 1237 ὑμῶν.
1600 1169 1675 1221 Οὐ
1714 1169 1809 1239 μό-

231 1273 323 1308 νον
342 1256 453 1325 γάρ
474 1256 737 1326 ἐτήρησα,
770 1256 911 1311 ἀλλὰ
932 1257 1024 1310 καὶ
1047 1258 1342 1328 τηρήσω.-ι
1369 1258 1557 1311 Ἔστιν
1586 1258 1811 1327 ἀλήθεια

229 1348 474 1417 Χριστοῦ
503 1349 557 1399 ἐν
594 1347 738 1417 ἐμοί.
781 1368 800 1401 s
835 1347 968 1402 Εἶτα
1006 1348 1095 1404 ἴνα
1126 1350 1200 1418 μὴ
1236 1350 1500 1421 νομίσωσι
1527 1349 1697 1404 ταῦτα
1731 1353 1807 1403 εἰ·

232 1439 467 1508 ρηκέναι
494 1436 657 1489 αὐτὸν
686 1436 772 1489 ἵνα
816 1437 1013 1500 αὐτοὺς
1042 1437 1415 1507 ἐπισπάσηται
1450 1438 1582 1508 πρὸς
1611 1439 1669 1491 τὸ
1692 1438 1814 1492 δοῦ-

230 1546 349 1590 ναι,
398 1528 562 1596 φησίν
589 1546 603 1559 ·
634 1547 651 1580 ι
704 1529 891 1581 Ἔστιν
922 1527 1145 1599 ἀλήθεια
1209 1528 1448 1599 Χριστοῦ
1493 1530 1550 1584 ἐν
1580 1530 1702 1599 ἐμοί
1736 1547 1750 1562 ⁸
1785 1548 1807 1585 s

227 1622 535 1687 τουτέστιν,
563 1620 843 1690 ἀληθεύων
878 1622 1042 1691 λέγω,
1098 1622 1180 1676 ὄτι
1219 1624 1251 1693 ἡ
1283 1622 1549 1693 καύχησις
1579 1622 1743 1694 αὕτη,
1775 1625 1808 1695 ἡ

228 1711 329 1765 τοῦ
386 1712 460 1784 μὴ
492 1711 681 1765 λαϐεῖν
713 1713 934 1784 δηλαδή.
982 1713 1266 1783 Καύχησιν
1312 1714 1367 1767 δέ
1390 1714 1593 1785 ταύτην
1632 1714 1809 1782 καλεῖ,

229 1803 322 1855 ῐνα
350 1804 426 1874 μὴ
456 1804 752 1874 νομίσωσιν
793 1803 1108 1877 ὀργίζεσθαι
1137 1804 1299 1858 αὐτὸν
1331 1806 1415 1875 ἐφ’
1449 1798 1533 1870 οἷς
1558 1808 1658 1859 οὐκ
1684 1804 1811 1859 ἐλα-

1915 623 2055 676 uhra
2095 626 2466 680 necessarium
2497 639 2658 680 usum
2706 622 3006 693 accepisse.
3046 619 3312 682 Miserum
3370 634 3475 673 au-

1912 723 2019 768 tem
2058 716 2105 770 ei
2139 714 2537 786 Philippenses.
2566 714 2862 785 Propterea
2892 728 3021 768 vero
3046 713 3210 767 etiam
3272 725 3476 764 nomen

1912 806 2115 877 posuit,
2142 815 2199 860 ut
2230 808 2378 877 ipsos
2401 809 2567 861 etiam
2598 807 2664 861 ad
2684 809 3041 877 elcenmsynae
3065 791 3474 858 aunulatiouem

1910 899 2157 954 duceret.
2207 917 2227 949 ι
2270 898 2333 952 Ει
2358 900 2411 953 in
2439 900 2694 954 omnibus
2717 915 2786 953 ne
2818 913 3087 953 onerosus
3132 910 3318 952 .essesn
3355 908 3473 949 ser-

1910 988 2057 1041 vavi.
2083 1006 2101 1039 ι
2126 985 2377 1042 Ostendit
2403 988 2547 1058 quod
2578 988 2742 1043 etiam
2766 1003 2907 1049 onus
2937 986 3200 1042 ducerent
3247 984 3474 1037 alimen-

1911 1087 1965 1133 ta
2003 1080 2107 1149 ipsi
2140 1081 2511 1149 suppeditare.
2545 1079 2712 1135 Recte
2739 1088 2916 1133 autem
2955 1078 3191 1132 addidit:
3235 1093 3253 1126 ι
3291 1076 3469 1144 Atque

1912 1170 2165 1225 servabo.
2205 1188 2222 1221 ›
2268 1169 2345 1224 Ne
2374 1171 2725 1235 existimetis.
2761 1171 2964 1240 inquit,
3000 1184 3086 1223 me
3122 1168 3236 1223 haec
3271 1168 3324 1220 in
3348 1182 3471 1222 eum

1913 1259 2074 1333 linem
2133 1259 2365 1324 dixisse,
2398 1272 2509 1328 quo
2539 1258 2799 1328 deinceps
2860 1256 3125 1325 accipiam
3181 1268 3211 1307 a
3268 1251 3470 1306 vobis:

1913 1367 2019 1406 non
2047 1352 2192 1406 enim
2227 1354 2402 1406 solum
2442 1350 2513 1404 ita
2539 1350 2774 1412 servavi,
2799 1362 2992 1403 verum
3022 1348 3185 1402 etiam
3218 1344 3471 1400 servabo.

1917 1463 1937 1499 ι
1980 1447 2074 1515 Est
2109 1444 2310 1498 veritas
2342 1442 2549 1498 Christi
2578 1443 2632 1497 in
2663 1458 2770 1496 me.
2816 1460 2838 1494 ι
2875 1439 3076 1495 Deinde
3104 1454 3171 1493 ne
3200 1439 3315 1492 haec
3347 1451 3472 1491 eum

1912 1535 2120 1592 dixisse
2147 1536 2600 1605 existimentque
2650 1534 2799 1604 ipsos
2850 1533 3023 1602 magis
3055 1530 3353 1585 attraheret
3403 1526 3472 1581 ad

1917 1628 2180 1689 dandum,
2200 1627 2311 1681 ait:
2349 1644 2367 1677 ι
2398 1625 2495 1681 Est
2525 1625 2724 1680 veritas
2749 1623 2953 1678 Christi
2977 1623 3036 1676 in
3061 1636 3201 1684 me,»
3235 1620 3336 1673 hoc
3366 1628 3473 1675 est.

1912 1719 1967 1772 in
2003 1715 2230 1772 veritate
2272 1714 2419 1779 dico,
2476 1714 2621 1784 quod
2680 1713 2932 1784 gloriatio
2982 1711 3119 1774 haec,
3171 1723 3366 1777 nempe
3407 1706 3476 1761 de

1915 1822 2027 1860 non
2079 1804 2420 1875 accipiendo.
2460 1803 2849 1875 Glorialionem
2885 1810 3066 1856 autem
3098 1798 3232 1854 dicit
3283 1812 3354 1852 ne
3385 1810 3483 1861 ars

228 1891 349 1945 ϐεν.
380 1912 399 1944 ι
435 1894 510 1947 Οὐ
537 1895 903 1967 φραγήσεται.
937 1913 956 1947 ι
1002 1894 1314 1959 Ἰόυτέστιν,
1350 1895 1452 1949 οὐκ
1504 1897 1811 1967 ἐκκοπήσε-

1916 1897 2190 1952 bitrentur
2224 1896 2370 1966 quod
2397 1900 2720 1951 succenseat
2751 1892 2861 1948 illis
2882 1889 3026 1961 quod
3063 1903 3171 1943 non
3235 1887 3478 1956 accepis-

223 1998 344 2050 ται,
374 1984 494 2039 οὖδέ
532 1983 818 2054 διαλείψει.
855 1983 976 2048 Πῶς
1003 1984 1058 2037 δὲ
1088 1985 1146 2038 οὐ
1177 1984 1476 2054 διαλείψει;
1510 1987 1557 2038 si
1587 1986 1681 2040 καὶ
1715 1985 1809 2041 τοῦ

223 2073 420 2129 λοιποῦ
452 2076 527 2145 μὴ
556 2073 719 2148 λάϐῃ.
748 2093 766 2126 ι
806 2074 895 2127 Ἐν
921 2074 1017 2146 ὅλη
1041 2077 1109 2146 τῇ
1158 2075 1371 2147 Ἀχαΐα.
1397 2096 1416 2129 s
1455 2077 1714 2130 Τουτέστι
1742 2079 1807 2150 τῇ

225 2164 596 2235 ἐπαρχίᾳυ¹Ἦ
625 2165 762 2235 ότιή
799 2163 1065 2236 καύχησις
1120 2166 1154 2236 ἡ
1188 2166 1600 2237 προσγενομένη
1637 2183 1727 2237 μοι
1750 2166 1809 2219 ἐν

223 2259 346 2316 τοῖς
381 2256 603 2325 κλίμασι
636 2255 737 2325 τῆς
778 2256 1023 2326 Ἀχαΐας,
1071 2258 1153 2310 ὅτι
1181 2256 1392 2327 δωρεὰν
1444 2256 1713 2331 ἐκῆρυξα,
1744 2256 1809 2313 οὐ

226 2347 601 2419 φραγήσεται.
654 2347 871 2417 Σφόδρα
905 2347 963 2400 δὲ
993 2348 1171 2401 αὐτῶν
1202 2347 1277 2410 ὡς
1316 2349 1558 2403 ἀσθενῶν
1589 2349 1808 2419 κατεγί-

224 2452 433 2503 νωσκε,
480 2439 612 2508 παρ’
661 2437 841 2492 αὐτῶν
890 2437 965 2508 μὴ
1009 2436 1210 2492 λαϐών.
1259 2438 1320 2491 Ei
1352 2439 1460 2509 γὰρ
1503 2438 1596 2493 ἐπὶ
1633 2439 1809 2511 τούτῳ

225 2530 523 2599 ἐκαυχᾶτο,
546 2527 785 2598 οὐδαμοῦ
827 2527 1015 2581 λαϐεῖν
1055 2527 1180 2581 ἔδει.
1219 2530 1279 2582 El
1305 2528 1360 2582 δέ
1401 2528 1636 2599 ἀλλαχοῦ
1667 2530 1806 2601 γρά-

225 2642 350 2694 φει,
377 2623 451 2687 ὡς
484 2622 634 2693 παρὰ
666 2620 1135 2676 εὐσκανδαλίστων
1179 2620 1383 2675 τούτων
1427 2621 1527 2675 οὐκ
1561 2621 1806 2693 εἴληφεν.

233 2735 257 2768 s
301 2714 427 2769 Ὀτι
471 2712 571 2767 οὐκ
624 2712 823 2781 ἀγαπῶ
867 2711 1032 2783 ὑμᾶς.
1078 2728 1099 2764 s
1136 2711 1202 2763 Τί
1245 2706 1339 2765 οῦν
1378 2726 1398 2779 ;
1436 2714 1613 2782 μισεῖς
1659 2713 1809 2781 ἡμᾶς

224 2805 328 2859 καὶ
359 2805 447 2859 διὰ
472 2801 633 2857 τοῦτο
661 2801 970 2873 οὐδὲν-αἱρῇ
996 2801 1182 2855 λαϐεῖν
1209 2800 1338 2872 παρ’
1358 2801 1516 2872 ήμῶν
1539 2819 1555 2871 ;
1595 2801 1653 2856 Ὀ
1676 2803 1808 2867 Θεὸς

224 2892 364 2959 οἶδε,
423 2896 608 2964 φησὶν,
650 2894 735 2948 ὅτι
770 2892 831 2946 οὐ
873 2892 962 2946 διὰ
992 2893 1152 2947 τοῦτο
1192 2892 1377 2948 λαϐεῖν
1412 2892 1805 2966 παραιτοῦμαι,

225 2985 372 3039 ἀλλὰ
400 2985 470 3038 δι’
497 2985 526 3039 ὃ
552 2986 725 3055 λέγει.
753 3002 775 3039 ι
820 2987 886 3039 '0
909 2984 966 3038 δέ
997 2984 1158 3039 ποιῶ.
1188 3002 1208 3037 s
1245 2982 1389 3038 Ποιῶ
1412 2984 1491 3047 δὲ,
1515 2983 1576 3038 τὸ
1597 2983 1808 3040 ἀδαπά-

223 3093 340 3141 νως
372 3075 631 3147 κηρύξαι,
680 3076 775 3130 καὶ
802 3074 961 3130 τοῦτο
993 3075 1082 3128 ἀεὶ
1131 3076 1364 3146 ποιήσω.
1403 3094 1422 3127 ι
1444 3075 1563 3130 Ἵνα
1592 3074 1807 3146 ἐκκόψω

1915 1998 2017 2044 set.
2064 2006 2084 2040 ι
2112 1987 2231 2042 Non
2272 1988 2724 2056 interrumpetur,
2766 2001 2785 2036 ι
2817 1984 2918 2036 hoc
2948 1988 3052 2045 est,
3090 1994 3197 2034 non
3227 1987 3479 2049 amputa-

1916 2079 2083 2143 bitur,
2114 2094 2221 2132 non
2248 2077 2462 2139 deﬁciet
2490 2116 2504 2130 .
2541 2072 2827 2141 Quomodo
2858 2078 3042 2125 autem
3078 2084 3187 2124 non
3220 2067 3479 2123 deﬁciet?

1912 2171 1961 2227 si
2009 2185 2077 2224 ne
2125 2169 2178 2223 in
2204 2176 2481 2239 posterum
2527 2164 2749 2236 quidem
2798 2160 3050 2233 accipiat.
3096 2177 3115 2211 ι
3151 2161 3213 2214 In
3236 2157 3476 2229 regioni-

1912 2262 2017 2318 bus
2070 2262 2305 2317 Achaiaa.
2345 2279 2364 2312 ι
2397 2257 2452 2313 Id
2486 2266 2592 2323 est,
2650 2256 2704 2311 in
2742 2265 2851 2310 tota
2889 2252 3110 2308 Achaia:
3167 2251 3473 2322 provincia.

1913 2354 2021 2409 Aut
2044 2354 2187 2425 quod
2221 2352 2473 2421 gloriatio
2502 2364 2622 2421 qua:
2646 2348 2777 2403 mihi
2818 2344 3052 2401 accessit
3080 2345 3134 2400 in
3165 2342 3483 2414 regionibus

1915 2445 2134 2500 Achaiae
2164 2442 2309 2513 quod
2348 2442 2518 2514 gratis
2573 2436 2979 2511 pradicaverim
3013 2450 3122 2490 non
3183 2435 3481 2490 interrum-

1913 2544 2092 2607 pclur.
2119 2533 2482 2589 Vehementer
2504 2538 2683 2586 autem
2711 2528 2960 2584 inﬁrmos
2985 2541 3080 2582 eos
3102 2530 3328 2583 noverat
3354 2539 3477 2580 cum

1914 2628 1985 2682 ab
2019 2627 2155 2697 ipsis
2197 2640 2303 2679 non
2345 2624 2634 2692 acciperet.
2666 2614 2800 2676 Nam
2834 2621 2879 2675 si
2920 2619 2976 2674 in
3011 2619 3115 2674 hoc
3167 2616 3478 2687 gloriaban-

1917 2727 2028 2783 tur,
2064 2721 2211 2770 certe
2243 2730 2351 2770 non
2380 2713 2664 2783 oportebat
2694 2711 2988 2782 accipere:
3026 2721 3335 2778 quanquam
3377 2704 3483 2758 ali-

1912 2808 1966 2863 bi
1999 2807 2194 2862 scribit
2226 2806 2371 2876 quod
2404 2805 2474 2860 ab
2504 2805 2590 2860 his
2617 2804 2707 2873 qui
2742 2802 2900 2858 facile
2928 2800 3348 2856 oﬂendebantur
3372 2812 3478 2852 non

1915 2895 2185 2966 acceperit
2238 2914 2252 2950 :
2310 2914 2329 2947 ι
2369 2896 2452 2949 An
2511 2893 2655 2966 quod
2711 2909 2817 2948 non
2855 2892 3072 2963 diligam
3113 2889 3254 2946 vos?
3286 2907 3306 2942 ›
3337 2887 3480 2954 Quid

1913 3003 2043 3060 ergo
2071 2988 2096 3041 ?
2123 2987 2288 3041 odisti
2327 3000 2450 3054 nos,
2468 2994 2521 3042 et
2547 2992 2830 3056 propterea
2860 2999 2970 3038 non
3016 2984 3100 3039 vis
3131 2998 3163 3037 a
3193 2980 3350 3036 nobis
3383 2994 3482 3034 ac-

1913 3078 2095 3149 cipere
2115 3078 2138 3131 ?
2162 3070 2305 3131 Deus
2332 3072 2505 3140 novit,
2536 3077 2732 3146 inquit,
2762 3074 2904 3145 quod
2931 3089 3038 3129 non
3068 3072 3140 3129 ob
3168 3071 3221 3127 id
3245 3070 3478 3127 devitem

222 3170 334 3241 τὴν
362 3170 635 3239 ἀφορμήν.
673 3186 693 3220 s
731 3167 894 3235 Λέγει
923 3167 1022 3238 τὴν
1052 3167 1253 3248 αίτίαν,
1288 3166 1356 3221 δι’
1408 3167 1476 3238 ἣν
1512 3167 1571 3221 ού
1597 3167 1807 3238 λαμϐά-

1916 3169 2187 3240 accipere:
2224 3168 2316 3224 sed
2349 3177 2570 3238 propter
2623 3167 2675 3222 id
2703 3165 2846 3237 quod
2879 3164 3181 3234 subjungit.
3220 3159 3479 3220 «Verum

223 3234 336 3313 νει.
383 3234 717 3328 Ἔπετηρουν
764 3234 827 3309 oi
858 3234 1300 3326 ψευδαπόστολοι,
1343 3234 1442 3309 ῐνα⁷
1472 3256 1521 3308 εί
1574 3234 1807 3326 εῦριυσιν

1916 3234 2051 3335 [ιιιοᾶ
2078 3258 2239 3316 facio.
2258 3277 2293 3311 .s
2322 3234 2505 3315 Facio
2534 3257 2655 3312 sine
2671 3234 2890 3327 sumptu
2913 3251 3282 3325 praedicando,
3298 3261 3351 3308 et
3375 3251 3480 3306 hoc

223 3348 399 3404 αὐτὸν
425 3348 705 3417 εἰληφότα,
730 3346 988 3419 ἀφορμὴν
1019 3345 1291 3417 λοιδορίας
1317 3346 1379 3399 τὸ
1398 3347 1633 3418 πρᾶγμα
1646 3346 1808 3417 ποιή-

1916 3365 2136 3422 semper
2169 3349 2384 3404 faciam.
2419 3368 2438 3401 ι
2469 3347 2541 3405 Ut
2567 3357 2841 3418 amputem
2873 3344 3239 3401 occasionem.
3280 3361 3297 3396 s
3332 3340 3474 3397 Cau-

228 3456 458 3494 σωνται.
502 3438 757 3494 Ἐκείνων
781 3438 873 3492 οῦν
898 3439 995 3509 τὴν
1018 3438 1275 3509 ἀφορμὴν
1300 3436 1624 3509 βουλόμενος
1652 3438 1810 3491 ἐκκό-

1916 3455 2033 3496 sam
2056 3440 2191 3495 dicit
2244 3453 2416 3510 quare
2470 3453 2580 3493 non
2618 3437 2874 3508 accipiat.
2923 3433 3303 3490 Observabam
3332 3431 3479 3487 enim

220 3532 354 3603 ψαι,
380 3529 563 3602 φησιν·
595 3549 615 3583 ι
639 3531 757 3584 Ἵνα
775 3531 831 3584 ἐν
860 3522 906 3599 ᾧ
935 3531 1268 3601 καυχῶνται.
1292 3547 1311 3581 s
1340 3530 1493 3601 Τάχα
1523 3530 1615 3583 καὶ
1636 3528 1699 3583 τὸ
1734 3530 1810 3602 μὴ

1916 3531 2517 3605 pseudapostoli,686
2542 3538 2601 3585 ut
2626 3529 2673 3585 si
2703 3528 3043 3585 invenissent
3066 3526 3211 3597 quod
3244 3524 3361 3596 ipse
3387 3539 3482 3581 ac-

221 3623 417 3677 λαϐεῖν
447 3620 822 3692 ὑπεκρίνοντο,
838 3621 927 3675 διά
948 3621 1107 3674 τοῦτο
1124 3620 1225 3674 οὐκ
1244 3615 1419 3684 εἶπεν,
1434 3619 1536 3673 δΕν
1556 3612 1600 3688 ᾧ
1628 3619 1811 3674 ποιοῦ-

1916 3624 2174 3693 cepisset,
2203 3638 2316 3678 rem
2349 3624 2523 3695 ipsam
2556 3623 2804 3677 facerent
2864 3634 3054 3675 attsam
3115 3615 3481 3673 conviciandi.

228 3732 344 3778 σιν,
374 3715 495 3768 ἀλλ’
523 3715 615 3767 Ἐν
774 3712 1105 3784 καυχῶνται.
1134 3731 1152 3765 ι
1190 3710 1468 3785 Εὑρεθῶσι
1492 3709 1673 3775 καθὼς
1715 3711 1811 3767 καὶ

1934 3711 2136 3769 Volens
2162 3715 2329 3785 igitur
2351 3715 2456 3769 illis
2478 3723 2762 3786 amputare
2774 3709 3270 3775 occasionem,'ait:
3304 3705 3406 3763 «Ut
3428 3706 3481 3762 iu

224 3807 419 3876 ἡμεῖς.
458 3824 476 3856 ι
511 3801 645 3859 Εἶτα
673 3804 767 3857 καὶ
808 3803 1055 3857 πλούσιοι
1102 3802 1256 3866 ὄντες
1283 3802 1333 3855 οι
1362 3800 1807 3871 ψευδαπόστολοι,

1916 3808 2062 3863 eoin
2115 3824 2226 3879 quo
2279 3809 2608 3879 gloriantur.
2653 3825 2672 3860 ι
2703 3804 2979 3861 Fortassis
3040 3803 3203 3858 etiam
3261 3815 3321 3856 se
3373 3814 3483 3854 non

222 3897 390 3951 οὐδὲν
445 3894 772 3965 ἐλάμϐανον,
829 3896 925 3949 καὶ
964 3895 1056 3947 ἐπὶ
1109 3893 1288 3963 τούτῳ
1317 3893 1649 3962 ἐκαυχῶντο.
1692 3894 1810 3947 Ἵνα

1919 3899 2165 3969 accipere
2233 3899 2535 3971 ﬁngebant:
2570 3905 2858 3969 propterea
2919 3910 3027 3973 non
3082 3892 3257 3949 dixit:
3291 3889 3348 3944 In
3414 3905 3483 3945 co

222 3985 329 4044 οὖν
373 3990 429 4041 ἐν
481 3980 526 4057 ᾧ
556 3987 891 4058 καυχῶνται,
929 3988 987 4039 ἐν
1040 3983 1120 4055 τῷ
1156 3984 1231 4056 μὴ
1274 3984 1594 4054 λαμϐάνειν,
1618 3986 1807 4055 φησιν,

1920 3991 2068 4060 quod
2114 3992 2341 4058 iaciunt,
2394 3992 2489 4046 sed
2525 4011 2543 4044 ι
2576 3992 2637 4051 In
2692 4005 2759 4047 eo
2813 3991 2867 4045 in
2923 4002 3031 4058 quo
3093 3985 3418 4056 gloriantur.
3458 4001 3476 4034 ι

225 4078 532 4148 εὑρεθῶσιν
563 4079 739 4150 ὅμοιοι
771 4078 952 4149 ἡμῶν,
976 4077 1070 4130 καὶ
1102 4075 1176 4146 μὴ
1203 4072 1364 4129 πλέον
1395 4073 1551 4145 ἡμῶν
1587 4074 1806 4145 ἔχωσιν.

1920 4110 1993 4124 -
2022 4101 2043 4137 ι
2080 4082 2445 4155 Reperiantur
2494 4086 2636 4138 sicut
2681 4092 2734 4137 et
2788 4097 2914 4138 nos.
2961 4098 2980 4132 ι
3035 4078 3306 4139 Ρτωῑετθδ
3357 4089 3484 4130 Cum

228 4172 477 4224 ’Δτοπον
520 4170 629 4241 γάρ
697 4170 778 4232 είς
824 4169 894 4222 τά
928 4167 1063 4223 ἄλλα
1097 4166 1544 4237 ἐλαττουμένους,
1598 4158 1702 4235 ᾧδε
1752 4170 1811 4220 ab

1920 4173 2119 4230 divites
2146 4183 2333 4231 essent
2374 4172 2800 4245 pseudaposloli,
2830 4169 2963 4229 nihil
3012 4166 3372 4238 accipiebant,
3430 4170 3485 4218 et

227 4261 403 4314 πλέον
431 4260 598 4332 ἔχειν.

1922 4266 1978 4321 in
2010 4265 2113 4322 hoc
2142 4267 2538 4338 gloriabantur.
2566 4262 2638 4320 Ut
2666 4278 2799 4334 ergo
2833 4263 2888 4316 in
2916 4274 2982 4315 eo
3017 4259 3071 4313 in
3101 4272 3209 4326 quo
3249 4255 3487 4325 glorian-

229 4363 327 4409 tur
354 4354 499 4426 quod
537 4370 647 4411 non
682 4356 974 4425 accipiant,
1035 4354 1231 4425 inquit,
1265 4353 1613 4425 reperiantur
1692 4357 1904 4417 similes
1943 4363 2122 4429 nobis,
2195 4371 2252 4419 et
2298 4363 2431 4417 nihil
2502 4376 2668 4433 supra
2735 4340 2834 4414 nos
2892 4352 3486 4435 habeantalndignum

228 4460 323 4507 est
350 4450 518 4517 enim,
554 4464 680 4504 cum
717 4452 771 4503 in
804 4448 1018 4502 caeteris
1047 4447 1157 4502 sint
1195 4447 1510 4511 inferiores,
1536 4446 1581 4500 si
1614 4447 1665 4501 in
1699 4447 1802 4505 hoc
1839 4462 2026 4508 essent
2092 4454 2425 4525 superiores.

309 4546 378 4597 Ol
403 4543 513 4613 γὰρ
563 4541 843 4606 τοιοῦτοι,
875 4532 1668 4610 ψευδαπόστολοι,⁶ἐργάται
1713 4542 1811 4594 δό-

2003 4545 2096 4611 XI,
2162 4547 2330 4601 15-Ιό
2378 4543 2649 4615 Siquidem
2729 4537 3032 4595 istiusmodi
3096 4531 3488 4608 pseudaposloli

227 4640 377 4697 ⁸πίοι,
436 4628 1079 4703 μετασχηματιζόμενοι
1117 4631 1205 4693 εἷς
1239 4630 1630 4696 ἀποστόλους
1678 4632 1806 4698 Χρι-

1924 4647 2068 4704 sunt,
2099 4654 2161 4691 ac
2183 4638 2411 4707 operarii
2435 4637 2630 4701 dolosi,
2668 4645 2716 4689 et
2749 4633 3203 4703 transﬁgurantur
3280 4628 3334 4681 in
3357 4642 3488 4695 apo-

234 4726 417 4781 στοῦ.
450 4725 560 4778 Καί
597 4727 668 4778 οὺ
692 4723 1057 4792 θαυμαστόν.
1086 4722 1276 4787 Αὐτὸς
1321 4722 1429 4791 γὰρ
1473 4724 1506 4775 d
1552 4721 1811 4789 Σατανᾶς

1924 4726 2088 4780 stolos
2140 4726 2364 4781 Christi.
2420 4727 2586 4795 Atque
2636 4722 2779 4778 haud
2805 4724 3022 4785 mirum,
3070 4717 3490 4791 quandoquidem

228 4813 806 4891 μετασχηματίζεται
837 4815 924 4879 είς
962 4813 1223 4883 ἄγγελον
1283 4813 1498 4908 φωτός.
1545 4816 1626 4868 Οὐ
1664 4814 1811 4883 μέγα

1923 4820 2031 4887 ipse
2052 4818 2284 4873 Satanas
2314 4820 2728 4889 trausﬁguratur
2779 4817 2833 4869 in
2889 4813 3131 4883 angelum
3156 4811 3310 4867 lucis.
3364 4808 3491 4864 Non

230 4904 453 4972 oin-,3!
504 4906 601 4961 καὶ
651 4906 917 4961 διάκονοι
981 4905 1169 4959 αὑτοῦ
1210 4904 1822 4973 μετασχηματίζονται

232 5003 317 5068 ὡς
344 5000 610 5053 διάκονοι
633 4998 1043 5064 δικαιοσύνης,
1062 4991 1145 5049 ὧν
1176 4995 1240 5048 τὸ
1272 4994 1445 5059 τέλος
1466 4995 1636 5050 ἔσται
1668 4998 1824 5053 κατὰ

234 5094 306 5147 τὰ
333 5092 479 5159 ἔργα
510 5090 728 5144 αὐτῶν.
801 5142 809 5154 ,

315 5182 384 5235 Τί
443 5182 658 5249 λέγεις;
707 5181 757 5234 oi
801 5182 891 5233 τδν
945 5181 1181 5251 Χριστὸν
1229 5182 1600 5254 κηρύσσοντες
1643 5180 1822 5235 καὶτὸ

232 5273 573 5341 Εὐαγγέλιον
635 5271 797 5342 (οὕτω
842 5272 950 5342 γάρ
994 5272 1107 5325 άνω
1146 5274 1277 5343 περὶ
1321 5274 1500 5326 αὐτῶν
1546 5273 1820 5345 εἴρηκας),

231 5363 658 5436 ψευδαπόστολοι
691 5364 796 5416 είσι
824 5379 838 5426 ;
866 5363 994 5427 Ναὶ,
1022 5363 1180 5432 φησί.
1213 5362 1397 5417 Ταῦτα
1443 5363 1551 5434 γάρ
1582 5363 1813 5435 ὐποκρι-

231 5456 455 5526 νόμενοι
487 5457 543 5508 ἐν
571 5454 646 5525 τῷ
683 5454 925 5527 φανερῷ,
952 5454 1127 5533 λάθρα
1165 5454 1357 5509 ἀνόσια
1392 5455 1823 5526 παρεισφέρουσι

233 5548 512 5617 δόγματα.
567 5566 587 5599 ι
635 5546 896 5618 Ἐργάται
953 5545 1137 5601 δόλιοι.
1196 5565 1214 5599 s
1285 5544 1644 5616 Ἕργάζονται
1689 5546 1820 5621 γὰρ,

234 5641 358 5697 ἀλλ’
419 5636 707 5695 άνασπῶσι
755 5639 827 5693 τά
883 5639 1064 5702 καλῶς
1136 5638 1543 5710 πεφυτευμένα.
1590 5640 1665 5693 Τὸ
1713 5640 1823 5710 γάρ

236 5736 587 5810 προσωπεῖον
641 5731 978 5795 ὑπεισιόντες
1013 5731 1120 5802 τῆς
1168 5708 1676 5805 άληθείας,⁴οῦτως
1710 5708 1812 5801 τὴν

239 5826 447 5911 βλάϐην
470 5826 819 5905 ἐργάζονται,
843 5824 937 5879 καὶ
972 5824 1159 5907 σχῆμα
1186 5823 1559 5903 περικείμενοι
1584 5822 1809 5879 ἀποστό-

1923 4926 2170 4979 magnum
2195 4920 2272 4964 est
2312 4910 2479 4980 igitur
2503 4911 2548 4962 si
2579 4919 2624 4961 el
2661 4906 2893 4959 ministri
2925 4904 3071 4957 illius
3107 4902 3490 4972 transﬁgurat-

1926 5012 2013 5054 tur
2043 5002 2196 5071 quasi
2229 5002 2334 5055 sint
2371 5000 2603 5054 ministri
2660 4997 2912 5068 justitim,
2938 5010 3164 5065 quorum
3214 4994 3338 5061 ﬁnis
3389 4992 3488 5049 erit

1914 5092 2074 5159 juxta
2101 5094 2259 5153 opera
2294 5089 2529 5141 illorum.
3080 5124 3091 5141 κ

1996 5180 2136 5246 Quid
2173 5180 2296 5233 ais?
2325 5197 2390 5233 an
2419 5180 2510 5249 qui
2557 5176 2834 5232 Christum
2870 5174 3171 5246 praedicant
3226 5182 3281 5229 et
3308 5172 3490 5227 Evan-

1926 5270 2323 5343 gelium(nam
2385 5269 2459 5323 ita
2513 5267 2768 5335 superius
2832 5265 2899 5320 de
2952 5265 3088 5336 ipsis
3139 5264 3357 5319 locutus
3408 5260 3489 5325 es)

1922 5361 2330 5433 pscudapostoli
2359 5359 2762 5430 suntiUtique,
2794 5356 2975 5428 inquit
3003 5375 3016 5412 :
3051 5357 3166 5411 haec
3194 5354 3340 5410 enim
3397 5364 3493 5421 pa-

1878 5452 2028 5507 'lam
2083 5451 2427 5515 simulantes,
2493 5451 2708 5504 occulte
2768 5449 2931 5518 impia
3010 5446 3173 5502 simul
3260 5442 3491 5497 aﬂ'erunt

1921 5542 2197 5614 dogmata.
2238 5561 2258 5594 ι
2297 5540 2547 5612 Operarii
2572 5539 2766 5595 dolosi.
2808 5557 2825 5591 ι
2860 5537 3168 5608 Operantur
3195 5531 3361 5595 enim,
3392 5527 3490 5585 sed

1922 5624 2193 5691 revellunt
2218 5649 2339 5704 qua:
2367 5643 2515 5689 recte
2534 5631 2773 5703 plantata
2796 5636 2976 5693 erant,
3002 5623 3270 5695 siquidem
3298 5633 3490 5693 perso-

1922 5742 2049 5783 nam
2090 5726 2334 5781 ieritatis
2364 5723 2567 5789 induti,
2602 5723 2675 5778 ita
2709 5727 3099 5789 nocmnentum
3134 5720 3410 5779 exercent,
3432 5716 3486 5767 et

1925 5819 2116 5877 habitu
2155 5817 2530 5899 apostolorum
2566 5813 2750 5870 amicti
2818 5810 3063 5891 pelleque
3099 5806 3285 5873 ovina,
3337 5803 3490 5862 intus
