3956 6542
493 416 634 481 1055

1581 410 1974 473 CECUMENI]
2018 408 2310 471 TRICC/E
2344 407 2687 470 EPISCOPI

3619 406 3768 469 1056

490 528 638 600 quod
679 541 786 580 non
819 523 1000 578 minus
1043 519 1329 591 patiamini
1386 519 1454 575 iis
1508 520 1602 591 qui
1643 521 1696 576 in
1730 515 1921 576 faciem
1959 535 2059 576 ca:-

2170 519 2481 590 ιιρημένον.
2533 517 2750 590 Ἐπειδὴ
2783 518 2893 588 γὰρ
2926 516 3183 588 φορτικὸν
3208 509 3298 589 ἦν,
3343 516 3435 570 διά
3474 517 3643 572 τοῦτο
3677 517 3770 572 c5-

492 606 713 672 tluntut'.
744 614 821 668 Ac
846 612 892 667 si
913 612 1119 666 diceret
1161 629 1174 664 :
1209 610 1288 665 Ad
1322 610 1713 666 contumeliam
1754 610 1907 666 vobis
1963 607 2066 666 hoc

495 707 637 762 dico.
679 707 816 772 Quid
853 706 1018 774 igitur
1061 703 1406 758 indecentius
1467 704 1568 758 hac
1615 720 1674 759 re
1706 705 1820 759 ﬁeri
1854 717 2064 776 posset,

492 799 712 870 quando
743 807 794 851 et
818 798 1078 867 pecunias
1117 808 1332 851 vestras
1351 806 1406 851 et
1449 797 1759 852 libertatem
1793 809 1848 854 et
1889 800 2066 854 hono-

491 907 606 946 rcm
673 890 1008 954 auferentes,
1083 907 1150 944 ne
1203 890 1274 943 ita
1328 891 1546 959 quidem
1591 891 1918 946 leniuntur?
1970 893 2067 948 scd

491 982 819 1048 iniuriosius
900 982 1059 1036 vobis
1129 991 1378 1045 utuntur,
1458 998 1624 1052 quam
1708 984 1754 1038 si
1836 994 2068 1054 argento

491 1075 778 1130 emissent.
818 1074 946 1128 Ideo
993 1075 1111 1127 ait:
1160 1093 1177 1124 ι
1230 1073 1394 1128 Juxta
1446 1075 1835 1130 contumeliam
1865 1076 2007 1132 dico.
2043 1096 2062 1129 ι

489 1195 564 1208 -—
600 1187 619 1220 ι
678 1167 912 1222 Perinde
966 1169 1123 1236 quasi
1186 1183 1287 1222 nos
1345 1169 1647 1224 imbecilles
1717 1169 2003 1226 fuerimus.
2044 1189 2062 1222 ι

492 1259 815 1316 Obscurum
845 1269 928 1315 est
959 1261 1103 1330 quod
1139 1260 1361 1314 dicitur.
1401 1261 1670 1326 Quoniam
1711 1262 1856 1316 enim
1905 1278 2069 1332 grave

491 1358 630 1416 erat,
679 1350 799 1406 idco
851 1351 985 1406 illud
1040 1352 1113 1405 ita
1162 1349 1365 1420 pnsuit,
1401 1358 1459 1404 ut
1493 1351 1831 1408 obscuritate
1883 1356 2069 1409 occul-

493 1449 635 1498 taret
683 1435 987 1498 molestiam
1043 1453 1098 1498 et
1147 1443 1201 1497 id
1258 1444 1401 1512 quod
1446 1451 1589 1500 .erat
1640 1445 1929 1511 odiosum;
1966 1447 2070 1504 hoc

491 1539 578 1586 cst
613 1532 757 1587 enim
798 1533 943 1602 quod
974 1532 1108 1587 dicit
1139 1551 1151 1587 :
1183 1532 1262 1585 An
1293 1533 1436 1587 enim
1462 1541 1516 1587 et
1542 1549 1644 1586 nos
1671 1534 1860 1589 eadem
1888 1534 2070 1593 facere

498 1637 612 1675 non
643 1624 976 1691 possumus?
1001 1637 1100 1676 cur
1137 1622 1300 1691 igitur
1333 1621 1455 1675 illos
1492 1621 1757 1687 sollertis,
1805 1633 2065 1694 tanquam

495 1727 598 1766 nos
645 1712 834 1767 eadem
888 1712 1069 1768 facere
1125 1728 1231 1766 non
1273 1728 1589 1781 possemus.
1636 1743 1703 1753 —
1735 1714 1858 1769 Alio
1891 1717 2066 1772 modo.

492 1802 665 1872 Cujus
689 1805 886 1873 gratia,
919 1805 1112 1875 inquit,
1146 1805 1268 1862 illos
1294 1806 1348 1859 in
1381 1807 1466 1859 bis
1493 1806 1774 1862 snﬂertis?
1806 1823 1874 1862 an
1916 1811 2064 1879 quod

2169 629 2278 674 τως
2331 613 2464 666 αὐτὸ
2503 613 2770 677 τέθεικεν,
2824 611 2912 664 ἴνα
2956 611 3131 681 κλέψῃ
3185 611 3285 682 τὴν
3339 612 3646 682 ὲπάχθειαν
3697 615 3766 681 τῇ

2169 701 2432 774 ἀσαφείᾳ.
2474 704 2539 755 Ὃ
2566 702 2676 774 γὰρ
2703 702 2853 769 λέγει
2884 701 3045 754 τοῦτο
3073 701 3210 755 ἐστι·
3241 701 3332 772 Μὴ
3361 703 3467 774 γὰρ
3495 704 3558 756 ού
3594 703 3770 755 δυνά-

2172 793 2312 862 μεθα
2339 794 2431 846 καὶ
2461 795 2621 864 ἡμεῖς
2653 793 2722 847 τά
2747 793 2889 846 αύτά
2931 796 3135 856 ποιεῖν;
3169 793 3316 852 τίνος
3349 793 3538 846 ἕνεκεν
3566 794 3772 862 ἀνέχε-

2171 881 2263 936 σθε
2293 884 2492 948 αὐτῶν,
2533 885 2608 949 ὡς
2637 884 2796 955 ἡμῶν
2821 883 2896 955 μὴ
2921 884 3234 952 δυναμένων
3253 884 3426 937 ταῦτα
3447 888 3669 948 amisi-1;
3699 913 3772 922 —

2173 978 2432 1043 Ἄλλως.
2465 977 2622 1041 Τίνος
2657 977 2866 1041 ἕνεκεν,
2922 978 3109 1047 φησιν,
3156 976 3336 1030 αὐτῶν
3385 976 3653 1045 ἀνέχεσοε
3689 978 3771 1038 είς

2169 1069 2343 1123 ταῦτα
2364 1086 2379 1136 ;
2405 1069 2479 1133 ὡς
2503 1070 2664 1139 ἡμῶν
2685 1069 3059 1122 ἀσθενούντων
3082 1067 3114 1137 ἢ
3146 1067 3220 1137 μὴ
3250 1067 3566 1136 δυναμένων
3581 1066 3772 1128 οὕτως

2170 1161 2299 1231 ὑμῖν
2325 1161 2769 1232 ἀποκεχρῆσθαις
2810 1160 3117 1232 Πληκτικδν
3154 1159 3212 1212 δὲ
3265 1159 3465 1229 σφόδρα
3497 1158 3558 1211 τὸ
3611 1159 3777 1227 εἰρη-

2170 1254 2351 1323 μένον.
2385 1254 2478 1307 Διδ
2512 1255 2607 1308 καὶ
2637 1255 2866 1323 ἀσαφῶς
2891 1255 3024 1307 αὐτὸ
3055 1253 3319 1306 τέθεικεν.
3355 1253 3564 1320 Εἰγάρ,
3595 1253 3772 1320 φησὶ,

2167 1343 2255 1396 διά
2288 1345 2446 1396 τοῦτο
2497 1344 2696 1408 αὐτοὺς
2731 1345 2951 1414 τιμᾶτε,
3003 1341 3192 1412 ἐπειδὴ
3239 1341 3555 1412 ὑϐρίζουσιν
3613 1340 3774 1408 ὑμᾶς

2170 1433 2547 1503 ἐπαιρόμενοι,
2581 1434 2676 1488 κιιύ⁸
2713 1437 2978 1504 μονονοὺκ
3003 1436 3084 1495 εἰς
3112 1432 3404 1503 πρόσωπον
3428 1429 3768 1490 τύπτοντες,

2171 1523 2452 1596 δυνάμεθα
2500 1528 2594 1578 καὶ
2651 1527 2813 1596 ἡμεῖς
2869 1525 3042 1578 ταῦτα
3098 1525 3294 1575 ποιεῖν’
3339 1522 3615 1591 Ὠςήμῶν
3654 1522 3775 1590 τᾶρ

2171 1618 2307 1686 προς
2381 1617 2554 1671 ταῦτα
2612 1617 3016 1686 ἀτονησάντων,
3078 1615 3309 1676 ἐκείνοις
3368 1613 3771 1666 ὑπε-κλίνεσῧε.

2183 1707 2344 1780 Ὁρᾷς
2371 1709 2542 1777 πόσης
2571 1708 2915 1779 ὲπιπλήξεως
2938 1707 3101 1776 γέμει
3130 1707 3192 1759 τὸ
3213 1709 3500 1775 εἰρημένον
3524 1725 3539 1771 ;
3566 1707 3775 1758 ιΙιίσαν

2172 1801 2227 1854 δὲ
2262 1803 2360 1871 τῆς
2396 1801 2618 1855 ἐκείνων
2650 1800 2908 1863 ἀπονοίας
2942 1800 3040 1868 τὴν
3067 1799 3266 1862 αἰτίαν,
3293 1798 3499 1860 τούτοις
3534 1799 3775 1869 suae);

493 1909 598 1948 nos
632 1895 935 1950 imbecilles
961 1897 1158 1960 simus,
1183 1905 1237 1952 et
1268 1913 1375 1950 non
1418 1898 1698 1966 possimus
1732 1901 1848 1969 pari
1901 1902 2059 1957 modo

2169 1891 2264 1946 Διά
2290 1891 2384 1946 οὖν
2404 1891 2598 1956 ταῦτα,
2625 1892 2812 1963 φησιν,
2842 1889 3224 1958 ἀναγκάζομαι
3248 1890 3330 1942 ἴνα
3349 1891 3490 1954 ὑμᾶς
3509 1892 3604 1959 τῆς
3640 1891 3777 1942 τού-

491 1987 651 2042 vobis
705 1988 897 2052 abuti?
931 1989 1026 2043 Est
1073 1997 1252 2044 autem
1319 1989 1666 2045 vehementer
1718 1993 2058 2063 pungitivum

2162 1999 2270 2036 των
2284 1983 2600 2048 ἀλαζονείας
2618 1982 2931 2049 ἀπαλλάξω,
2951 1983 3050 2052 οὐχ
3069 1981 3153 2034 ἵνα
3171 1981 3403 2052 ἐμαυτὸν
3424 1982 3776 2051 λαμπρύνω.

493 2095 558 2131 ae
635 2082 1030 2147 increpativum
1065 2083 1208 2151 quod
1245 2081 1467 2146 dicitur,
1543 2091 1596 2138 et
1635 2084 1844 2140 idcirco
1893 2087 2130 2146 obscure
2161 2094 2292 2152 illud
2342 2100 2545 2168 posuit.
2582 2098 2714 2156 Nam
2757 2098 2802 2152 si
2857 2106 3142 2167 propterea
3175 2137 3190 2161 ,
3230 2097 3426 2167 inquit,
3475 2097 3600 2152 illos
3673 2099 3778 2151 Ιιοο

493 2171 704 2224 noratis
741 2171 885 2239 quod
936 2172 1347 2240 injuriosisint,
1383 2189 1506 2228 sese
1537 2175 1593 2227 in
1627 2190 1722 2230 vos
1795 2178 2091 2249 erigentes.
2171 2194 2226 2240 et
2297 2192 2692 2260 propemodum
2749 2192 2802 2245 in
2856 2189 3053 2243 faciem
3102 2190 3398 2253 caedentes,
3459 2206 3777 2259 possumus

492 2278 712 2332 quoque
743 2270 797 2316 et
827 2279 924 2319 nos
957 2264 1061 2318 ista
1096 2263 1296 2318 facere.
1351 2263 1517 2330 Quasi
1568 2267 1713 2321 enim
1751 2283 1852 2324 nos
1886 2270 1938 2324 in
1978 2272 2064 2328 his
2105 2275 2397 2336 inferiores
2425 2298 2699 2345 essemus,
2725 2282 2833 2338 illis
2849 2283 3209 2353 subjicimini.
3278 2282 3468 2338 Viden‘
3540 2297 3759 2354 quanta

491 2355 712 2423 plenum
749 2357 821 2410 sit
858 2356 1230 2428 increpatione
1260 2357 1402 2428 quod
1469 2359 1677 2413 dictum
1717 2362 1841 2416 est?
1910 2364 2005 2420 llis
2074 2378 2257 2426 autem
2323 2381 2572 2444 amputat
2603 2390 2819 2431 omnem
2870 2391 3092 2432 causam
3147 2380 3472 2447 arrogantia:
3518 2379 3771 2436 illorum.

493 2446 726 2514 Propter
775 2447 880 2504 hoc
920 2449 1088 2520 igitur
1123 2449 1444 2520 compellor,
1509 2448 1708 2520 inquit,
1769 2463 1828 2507 nt
1876 2471 1972 2513 vos
2003 2459 2074 2513 ab
2114 2459 2332 2518 illorum
2389 2465 2533 2522 fastu
2581 2466 2833 2531 liberem,
2925 2482 3036 2521 non
3087 2477 3141 2521 ut
3195 2446 3467 2538 meipsum
3549 2473 3767 2525 clarum

494 2542 781 2596 ostendam
792 2581 806 2595 .

567 2631 662 2695 XI,
694 2632 864 2686 21-25
921 2632 986 2687 In
1020 2651 1329 2706 quocunque
1363 2635 1523 2691 audet
1569 2637 1785 2707 aliquis,
1809 2657 1902 2707 per
1934 2643 2068 2697 insi-

493 2725 750 2793 pientiam
784 2725 987 2794 loquor,
1021 2729 1189 2782 audeo
1217 2738 1266 2782 et
1292 2746 1406 2798 ego.
1441 2729 1652 2785 Hebrwi
1688 2736 1850 2788 sunt?
1879 2748 1925 2787 et
1952 2753 2064 2806 ego.

492 2810 764 2868 Israelita:
789 2821 912 2867 sunt
931 2816 1027 2870 ἵει
1055 2831 1168 2884 ego.
1199 2815 1383 2871 Semen
1416 2817 1644 2874 Abrahw
1672 2823 1837 2877 sunt?
1870 2833 1920 2876 et
1949 2841 2062 2894 ego.

495 2902 734 2958 Hinistri
761 2903 965 2960 Christi
1002 2908 1170 2960 sunt?
1202 2908 1466 2978 desipiens
1497 2910 1702 2980 loquor,
1732 2913 1851 2981 plus
1873 2931 1988 2986 ego.

563 3083 863 3140 Considera
897 3101 1114 3141 rursum
1143 3087 1309 3142 tantis
1337 3103 1444 3143 non
1494 3097 1818 3145 contentum
1855 3108 2065 3164 praepa-

489 3175 800 3232 rationibus
828 3191 892 3231 ac
924 3177 1392 3244 correctionibus,
1430 3181 1525 3235 sed
1561 3183 1891 3253 nunc690
1947 3200 2061 3240 rem

488 3270 664 3338 Ipsam
697 3271 930 3340 appellat
954 3272 1240 3326 audaciam
1262 3281 1315 3328 et
1348 3275 1747 3344 insipientiam;
1782 3293 1844 3332 ac
1870 3293 2065 3350 prope-

2258 2648 2355 2701 Ἐν
2401 2641 2450 2714 ᾧ
2499 2647 2552 2700 δ’
2606 2647 2684 2701 ἄν
2727 2663 2818 2714 τις
2847 2645 3060 2714 τολμᾷ,
3094 2646 3165 2714 ἐξ·
3209 2647 3535 2719 ἀφροσυνῃ
3567 2654 3766 2720 λέγων

2169 2739 2368 2807 τολμῶ
2403 2738 2581 2806 κάγώ.
2648 2738 2906 2805 Ἐϐραῖοί
2944 2741 3062 2791 εισι
3090 2753 3110 2801 ;
3141 2737 3321 2806 κάγώ.
3391 2741 3756 2810 Ἰσραηλῖται

2171 2832 2326 2893 alat;
2353 2831 2532 2899 κάγώ.
2566 2832 2805 2900 Σπέρμα
2845 2829 3101 2898 Ἀϐραάμ
3135 2832 3291 2895 sim;
3322 2832 3506 2901 κάγώ.
3554 2837 3760 2892 didm-

2171 2938 2267 2976 νοι
2321 2922 2578 2992 Χριστοῦ
2632 2925 2790 2988 είσι;
2862 2919 3263 2991 παραφρονῶν
3315 2924 3532 2990 λαλῶ.

2171 3014 2309 3084 ἐγώ.

2243 3106 2388 3173 Ὅρα
2416 3106 2579 3160 πάλιν
2609 3106 2774 3161 αὐτὸν
2812 3108 2934 3171 ταῖς
2966 3112 3265 3178 τοσαύταις
3301 3114 3377 3186 μὴ
3418 3114 3755 3185 ἀρκεσθέντα

2172 3196 2656 3266 προδιορθώσεσιν,
2707 3198 2842 3252 ἀλλά
2892 3199 2988 3252 νῦν
3026 3203 3232 3275 τόλμαν
3289 3208 3382 3260 καὶ
3438 3208 3753 3279 ἀφροσύνην

2172 3287 2444 3342 καλοῦντα
2477 3289 2539 3344 τὸ
2570 3292 2821 3361 πρᾶγμα,
2870 3292 2967 3344 καὶ
3019 3298 3307 3368 μονονουχὶ
3354 3299 3588 3366 λέγοντα
3609 3319 3622 3330 ·
3657 3301 3752 3371 Βία

3609 2931 3758 3000 ὕπερ

489 3362 712 3417 modum
745 3365 820 3417 ait
854 3383 869 3420 :
904 3363 965 3419 Vi
999 3365 1227 3420 adactus
1256 3367 1321 3421 ad
1360 3368 1474 3423 haec
1509 3370 1689 3423 venio.
1720 3368 1845 3426 Haec
1874 3383 2058 3427 autem

2169 3381 2260 3433 ἐπὶ
2291 3381 2464 3451 τούτῳ
2499 3381 2749 3455 ἔρχομαι.
2785 3385 2968 3440 Ταῦτα
2993 3362 3049 3442 at
3083 3362 3559 3454 πιαίνει-παιδεύων
3586 3362 3745 3465 ἡμᾶς,

490 3453 623 3509 facit
690 3470 794 3511 nos
854 3456 1161 3522 instruens,
1198 3461 1531 3514 necessitate
1591 3477 1699 3516 non
1734 3473 1964 3530 cngente
1996 3466 2063 3521 ad

491 3543 804 3612 ltujusmodi
835 3548 1162 3603 veniendum
1212 3565 1324 3602 non
1355 3565 1475 3604 esse
1497 3565 1802 3608 sermones.
1835 3553 1894 3609 ln
1927 3572 2064 3626 qna-

492 3651 711 3705 cnnque
740 3654 797 3690 re
833 3638 996 3692 audet
1027 3639 1233 3710 aliquis
1263 3641 1484 3709 gloriari
1531 3652 1679 3712 (nam
1717 3645 1830 3699 hac
1861 3649 2067 3715 pariter

490 3728 866 3784 subaudienda
925 3735 1098 3802 sunt),
1134 3732 1308 3787 audeo
1341 3740 1393 3787 et
1429 3751 1548 3805 ego.
1595 3756 1612 3788 ι
1661 3735 1869 3792 [ἰθὺιωί
1902 3740 2066 3794 sunt?

489 3825 545 3872 et
583 3833 703 3889 ego.
754 3837 772 3870 ι
816 3818 1002 3889 Neque
1029 3824 1172 3876 enim
1229 3839 1422 3879 omnes
1468 3825 1673 3881 Hebraei
1721 3838 1878 3882 erant
1929 3847 2064 3900 quo-

489 3925 596 3979 que
657 3909 932 3973 Israelitaz,
993 3913 1088 3968 sed
1159 3923 1315 3969 erant
1367 3918 1531 3972 etiam
1604 3928 1658 3972 et
1707 3919 1954 3976 Moabitae
2011 3935 2066 3980 et

488 4001 862 4060 Ammanitae:
902 4005 1024 4060 ideo
1054 4023 1208 4062 suam
1259 4013 1687 4079 generositatem
1745 4015 2064 4071 manifesta-

487 4093 587 4145 vit.
622 4091 716 4149 Est
735 4107 915 4148 autem
943 4112 1038 4162 per
1066 4097 2060 4172 interrogationentJegendutn.Quod

486 4191 666 4237 autem
699 4186 772 4239 ait
805 4202 817 4236 :
860 4205 878 4238 ι
919 4187 1155 4244 Ministri
1183 4190 1389 4246 Christi
1425 4201 1574 4260 sunt,
1619 4213 1636 4245 ι
1669 4195 1824 4262 juxta
1859 4198 2063 4266 pseud-

487 4279 858 4342 apostolorum
884 4296 1193 4335 sermonem
1227 4283 1331 4338 hoc
1351 4283 1570 4338 eﬂ‘atur.
1595 4304 1614 4336 ι
1648 4287 1776 4342 Plus
1810 4305 1962 4359 ego.»
2004 4292 2059 4344 Id

485 4379 589 4432 est,
633 4371 829 4441 magis,
864 4373 1250 4428 excellentius.
1310 4375 1662 4445 Rursumque
1717 4396 1828 4432 rem
1886 4382 2057 4449 ipsam

483 4473 643 4516 vocat
667 4463 1062 4532 insipientiam.
1095 4466 1263 4519 Aiunt
1288 4476 1468 4522 autem
1503 4470 1722 4538 quidam
1753 4489 1860 4526 non
1891 4488 2059 4541 opor-

484 4566 602 4609 tere
634 4572 730 4625 per
763 4557 1241 4626 interrogationem
1274 4560 1421 4616 hunc
1452 4563 1698 4630 proferre
1723 4582 2056 4628 sernmnou;,

483 4649 575 4703 sed
603 4651 826 4703 omnino
865 4666 1062 4720 negare
1124 4653 1273 4722 ipsos
1329 4670 1452 4709 esse
1487 4655 1694 4712 Christi
1747 4660 2053 4714 ministros.

485 4744 588 4795 Sed
613 4743 849 4797 dicin'tus
875 4745 1018 4813 quod
1066 4745 1170 4800 hoc
1203 4748 1355 4815 prius
1405 4747 1534 4802 fecit
1567 4766 1689 4803 cum
1737 4752 1889 4820 ipsos
1917 4754 2056 4806 dixit

483 4837 954 4904 pseudapostolos.
991 4838 1086 4892 llic
1119 4838 1300 4909 itaque
1335 4841 1402 4894 ad
1430 4842 1841 4911 inquisitionem
1877 4861 2058 4900 sermo

483 4928 748 4992 pervenit,
801 4944 899 4981 nec
934 4938 1147 4999 oportet
1180 4947 1304 4987 eum
1353 4940 1510 4986 antea
1542 4934 1917 4998 manifestare,
1960 4938 2053 4990 sed

482 5016 740 5081 operibus
800 5018 1059 5074 exhibere
1118 5022 1674 5088 demonstrationem,
1731 5025 1874 5093 quod
1941 5027 2056 5096 ipse

482 5107 699 5176 quidem
726 5109 929 5164 Christi
954 5112 1205 5166 minister
1227 5125 1396 5174 esset.
1433 5116 1508 5170 illi
1540 5133 1669 5170 vero
1703 5133 1809 5171 non
1845 5130 2048 5176 essent.

489 5218 509 5251 ι
540 5200 821 5269 Desipiens
865 5203 1079 5272 loquor.
1119 5225 1136 5257 ι
1180 5205 1292 5263 Hoc
1325 5220 1431 5271 est,
1467 5226 1782 5280 quanquam
1815 5214 2050 5266 nonnul-

479 5292 550 5347 lis
626 5292 872 5361 desipere
935 5297 1139 5362 videar,
1179 5299 1456 5356 dicenszt
1521 5303 1650 5356 Plus
1679 5319 1798 5374 ego.
1847 5324 1866 5356 ι
1915 5305 2050 5360 Nam

478 5399 600 5456 qua:
633 5388 858 5439 omnino
893 5388 1217 5456 desipientia
1283 5399 1366 5446 est
1404 5393 1548 5461 quod
1599 5397 1838 5464 seipsum
1901 5397 2046 5451 dioa'

477 5496 600 5536 esse
630 5481 941 5536 ministrum
976 5484 1096 5550 plus
1123 5499 1284 5552 quam
1311 5486 1756 5556 pse-udapostoli?

550 5570 641 5632 Kl,
671 5571 862 5626 25-27.
900 5569 964 5627 In
990 5572 1264 5627 laboribus
1305 5575 1593 5642 copiosius,
1651 5579 1704 5631 in
1748 5579 2051 5637 verberibus

477 5679 638 5732 supra
665 5665 968 5731 modum,in
991 5665 1293 5720 carceribus
1315 5666 1698 5732 abundantius,
1725 5670 1778 5724 in
1794 5673 2051 5728 mortibus

479 5757 781 5824 [t'eqtteuter
811 5778 828 5813 :
866 5777 897 5812 a
928 5759 1137 5816 Judreis
1166 5760 1438 5830 quinquies
1473 5761 1840 5832 quadragenas
1865 5764 2052 5836 plagas

481 5863 588 5905 una
618 5853 789 5904 minus
825 5855 1034 5922 accepi;
1078 5865 1156 5908 ιιι·
1182 5854 1340 5925 virgis
1372 5869 1540 5907 ca’sus
1577 5851 1679 5922 fui,
1724 5857 1881 5911 semel
1909 5857 2047 5929 lapi-

2169 3473 2416 3542 ἀνάγκης
2453 3475 2644 3546 χωρὶς,
2695 3475 2770 3548 μὴ
2809 3478 3062 3549 ἔρχεσθαι
3109 3484 3191 3546 εἰς
3229 3484 3511 3549 τοιούτους
3541 3489 3741 3555 λόγους.

2182 3564 2270 3616 Ἐν
2297 3558 2340 3633 ᾧ
2371 3566 2416 3620 δ’
2443 3567 2506 3618 ἀν
2535 3584 2618 3629 τις
2647 3570 2822 3640 τολμᾷ
2873 3571 3158 3643 πράγματι
3215 3578 3528 3646 καυχᾶσθαι
3564 3580 3744 3641 (ταῦτα

2169 3655 2277 3726 γάρ
2313 3661 2830 3731 συνυπακουστέον),
2857 3664 3040 3733 τολμῶ
3073 3665 3250 3734 κάγώ.
3285 3687 3304 3719 ι
3338 3669 3586 3740 Ἐϐραῖοί
3605 3676 3741 3736 sisi;

2169 3747 2360 3816 Κάγώ.
2422 3769 2441 3801 s
2506 3752 2580 3806 Οὐ
2637 3753 2746 3824 γάρ
2804 3755 3003 3819 πάντες
3055 3759 3106 3811 οί
3169 3758 3606 3833 Ἐσραῖοιῆσαν.
3641 3765 3740 3817 Καὶ

2182 3839 2534 3911 Ἰσραηλῖται.
2564 3838 2746 3898 *Ησαν
2774 3847 2882 3918 γάρ
2913 3849 3007 3901 καὶ
3050 3851 3359 3915 Μωαϐῖται,
3399 3854 3497 3907 καὶ
3540 3857 3737 3924 Ἀμμα-

2168 3934 2331 3984 νῖται.
2392 3933 2484 3986 Διὸ
2537 3935 2864 4008 ἐκαθάρισεν
2917 3941 3081 3994 αὑτοῦ
3119 3943 3221 4013 τὴν
3269 3945 3578 4013 εὐγένειαν·
3611 3949 3738 4001 κατά

2167 4021 2438 4092 ἐρώτησιν
2476 4023 2532 4076 δὲ
2563 4026 2960 4096 ἀναγνωστέον.
2986 4031 3059 4083 Τὸ
3079 4031 3159 4096 δὲ,
3195 4051 3215 4084 ι
3241 4033 3752 4100 ΔιάκονοιΧριστοῦ-

2165 4111 2292 4176 εἰσι,
2333 4130 2353 4164 ι
2380 4115 2523 4167 κατά
2566 4114 2656 4168 τὸν
2698 4115 3148 4186 ψευδαποστόλων
3182 4120 3339 4190 λόγον
3368 4126 3529 4180 τοῦτο
3553 4128 3734 4195 λέγων.

2171 4205 2385 4276 ι’Ύπερ
2445 4207 2609 4275 ἐγώ.»
2653 4209 2911 4264 Τουτέστι
2942 4252 2956 4275 ,
2985 4214 3200 4268 Μᾶλλον
3255 4217 3387 4283 ἐγώ.
3436 4221 3546 4273 Καὶ
3591 4222 3737 4274 πάλιν

2167 4297 2477 4364 ἀφροσύνην
2511 4299 2668 4352 καλεί
2696 4302 2757 4352 τὸ
2797 4303 3053 4373 πρᾶγμα.
3093 4307 3232 4359 Φασὶ
3271 4307 3328 4360 δέ
3359 4326 3501 4371 τινες
3537 4311 3608 4380 μὴ
3635 4311 3736 4363 δεῖν

2165 4389 2328 4442 αὑτὸν
2353 4393 2491 4444 κατὰ
2524 4393 2812 4464 σύγκρισιν
2849 4402 3206 4466 προενεγκεῖν
3252 4400 3345 4452 τὸν
3393 4403 3572 4470 λόγον,
3612 4403 3732 4456 ἀλλὰ

2165 4483 2510 4536 παντάπασιν
2539 4487 2733 4549 αὐτοὺς
2759 4488 3100 4558 ἀρνήσασθαι
3135 4492 3418 4558 διακόνους
3442 4491 3579 4549 εἶναι
3609 4498 3732 4567 X9:-

2165 4575 2316 4630 στοῦ.
2361 4577 2503 4628 Ἀλλ’
2541 4579 2772 4648 ἐροῦμεν
2827 4584 2907 4635 ὅτι
2939 4585 3097 4636 τοῦτο
3149 4585 3461 4657 ἔμπροσθεν
3495 4591 3728 4657 ἐποέησεν

2096 4709 2135 4762 D
2165 4667 2354 4729 εἰπὼν,
2389 4669 2832 4738 ψευδαπόστολοι.
2881 4676 3144 4730 Ἐνταῦθα
3180 4681 3278 4747 μέν
3310 4699 3412 4743 τοι,
3455 4684 3535 4744 είς
3565 4683 3728 4748 ἐξέτα-

2167 4777 2250 4814 σιν
2284 4763 2310 4813 ὁ
2337 4760 2494 4828 λάγοῖ
2519 4764 2735 4832 ἤρχετο,
2772 4765 2866 4818 καὶ
2886 4768 2984 4820 οὐκ
3020 4767 3126 4821 ἔδει
3149 4771 3322 4823 αὑτὸν
3352 4777 3724 4843 apostasia:-

2160 4852 2304 4917 σοαι,
2336 4853 2472 4906 ἀλλά
2495 4857 2592 4926 τὴν
2623 4857 2711 4910 διὰ
2739 4857 2849 4909 τῶν
2893 4859 3072 4929 ἐργῶν
3107 4866 3415 4931 παρασχεῖν
3447 4864 3718 4927 ἀπόδειξιν,

2156 4944 2239 4997 ὅτι
2269 4946 2430 5009 αὐτὸς
2467 4949 2565 5016 μέν
2615 4951 2784 5012 ἐστιν,
2835 4953 3034 5005 ἐκείνοι
3075 4953 3131 5005 δὲ
3178 4952 3262 5007 οὗ.
3304 4974 3324 5007 ι
3367 4955 3718 5027 Παραᾳρονῶν

2154 5038 2318 5094 λαλῶ.
2361 5060 2378 5090 ι
2422 5042 2566 5094 Ἀντὶ
2603 5043 2720 5106 τοῦ,
2745 5044 2806 5096 Ei
2843 5045 2935 5097 καὶ
2967 5045 3108 5112 δόξω
3141 5048 3248 5100 τισὶ
3281 5053 3649 5119 παραφρονεῖν
3667 5051 3715 5102 ἐν

2151 5135 2229 5206 τῷ
2267 5136 2445 5206 λέγειν
2478 5155 2578 5209 με’
2619 5157 2636 5191 ι
2671 5140 2854 5211 ’Υπερ
2902 5140 3032 5210 ἐγώ.
3078 5160 3098 5194 ι
3147 5142 3283 5196 Ποία
3318 5143 3429 5215 γάρ
3467 5145 3601 5210 ὅλως
3626 5161 3713 5199 πα·

2166 5231 2500 5301 ραφροσὺνη,
2559 5232 2620 5286 τὸ
2673 5233 2814 5305 ὑπὲρ
2866 5235 2995 5299 τοὺς
3048 5233 3517 5306 ψευδαποστόλους
3559 5237 3732 5310 λέγειν,

2160 5323 2349 5376 ἑαυτὸν
2380 5324 2624 5380 διάκονον
2655 5321 2825 5392 εἷναις

2239 5585 2334 5636 Ἐν
2363 5585 2574 5652 κόποις
2598 5587 3146 5658 περισσοτέρως-,ἕν
3163 5591 3427 5660 πληγαῖς
3445 5591 3702 5660 {inpall-

2155 5675 2407 5740 λόντως,
2439 5674 2510 5728 ἐν
2532 5677 2836 5745 φυλακαῖς
2862 5679 3325 5748 περισσοτέρως,
3357 5681 3430 5735 ἐν
3457 5680 3696 5743 θανάτοις

2161 5765 2476 5832 πολλάκις.
2540 5767 2686 5821 Ὑπὸ
2744 5767 3037 5824 Ἰουδαίων
3092 5771 3380 5839 πεντάκις
3439 5766 3694 5836 accupa-

2159 5875 2341 5914 κοντα
2367 5857 2524 5926 παρὰ
2547 5859 2691 5930 μίαν
2720 5859 2942 5918 ἔλασιν
2961 5879 2973 5896 ·
3010 5861 3131 5932 τρὶς
3157 5862 3528 5932 ἐραϐδίσθην,
3558 5859 3683 5918 ἅπαξ
