3956 6562
161 403 320 475 1057

1110 405 1494 468 COMMENT.
1535 404 1616 466 IN
1653 403 1896 465 EPIST.
1936 404 1997 464 ΙΙ
2019 403 2120 464 AD
2150 401 2514 464 CORINTIL

3299 404 3437 472 1058

156 520 528 589 ἐλιθάσθην,
580 521 708 591 τρὶς
755 520 1127 593 ἐναυάγησα,
1165 520 1548 592 νυχθήμερον
1577 520 1647 574 ἐν
1675 521 1755 587 τῷ

1867 520 2020 574 datus
2067 519 2168 590 fui,
2199 527 2277 574 ter
2303 518 2646 590 naufragium
2669 518 2793 589 feci,
2850 525 3052 573 nectent
3087 534 3192 573 una
3215 536 3333 575 cum
3355 526 3441 580 die

150 613 344 680 ,βυθῷ
373 615 694 683 πεποίηκα.
739 610 1136 684 ὀδοιπορίαις
1157 605 1508 680 ’πολλάκιςκ
1538 612 1751 667 κινδύ-

1867 613 1915 667 in
1939 614 2207 683 profundo
2251 614 2354 682 egi,
2389 614 2441 665 in
2473 611 2945 680 itineribus‘sa'pe,
2971 611 3026 665 in
3059 613 3308 680 periculis
3343 615 3443 682 ﬂu-

155 719 306 771 νοις
342 705 644 774 ποταμῶν,
678 707 986 773 κινδύνοις
1022 705 1290 776 λῃστῶν,
1336 707 1643 772 κινδύνοις
1688 706 1758 760 ἐκ

158 793 412 863 τόνους,
454 795 759 863 κινδύνοις
792 797 861 862 ἐξ
885 796 1098 862 ἐθνῶν,
1134 796 1442 862 κινδύνοις
1467 797 1536 850 ἐν
1559 796 1753 861 πόλει,

161 885 483 952 κινδύνοις
500 887 570 940 ἐν
595 888 828 956 ἐρημίᾳ,
859 889 1165 956 κινδύνοις
1197 890 1266 943 ἐν
1297 889 1601 958 θαλάσσῃ,
1634 907 1758 943 κιν-

163 976 472 1049 δύνοιςρν
499 978 962 1050 ψευδαδέλφοις
1007 980 1071 1032 ἐν
1123 983 1286 1047 κόπῳ
1316 980 1414 1034 καὶ
1434 982 1658 1051 μόχθῳ,
1691 981 1760 1035 ἐν

163 1066 539 1134 ἀγρυπνίαις
564 1069 882 1136 πολλάκις.

253 1149 388 1205 Εἶτα
419 1154 566 1222 λέγει
592 1155 779 1209 λοιπὸν
823 1158 913 1211 τὸν
944 1163 1268 1232 χαρακτῆρα
1295 1162 1395 1232 τῆς
1429 1163 1752 1233 ἀποστολῆς.

159 1242 250 1293 '1'6
272 1242 351 1307 δὲ,
383 1262 402 1293 ι
442 1245 870 1319 Περισσοτέρως,
910 1269 930 1302 ι
966 1253 1080 1315 καὶ,
1117 1270 1135 1303 ι
1193 1253 1690 1323 ’Υπερϐαλλὸντως,
1733 1273 1752 1306 ι

162 1333 232 1384 οὐ
269 1336 414 1388 κατὰ
445 1337 733 1408 σύγκρισιν
759 1342 868 1395 τῶν
894 1342 1340 1412 ψευδαποστόλων
1364 1347 1598 1416 εἴρηται.
1629 1365 1647 1397 ι
1671 1347 1758 1398 Ἐν

165 1424 432 1490 θανάτοις
465 1430 744 1494 πολλάκις.
783 1453 801 1485 ι
833 1462 900 1474 --
937 1453 955 1486 ι
998 1435 1136 1487 Καθ’
1163 1437 1376 1507 ’ἡμέραν
1410 1438 1538 1509 γὰρ,
1569 1439 1755 1508 φησὶν,

167 1517 532 1585 ἀποθνήσκω.
571 1539 590 1572 ι
635 1521 913 1576 Ἐπεδίδου
967 1525 1073 1598 γὰρ
1125 1527 1316 1579 ἑαυτὸν
1361 1529 1440 1590 εις
1480 1527 1758 1592 κινδύνους

169 1608 615 1682 θανατηφόρους.
658 1632 676 1664 ι
706 1616 748 1667 Τ
753 1617 1128 1687 εσσαράκοντα
1164 1619 1314 1689 παρὰ
1347 1621 1476 1690 μίαν
1505 1620 1752 1675 ἔλαϐον.»

166 1701 280 1752 Διὰ.
309 1703 360 1753 τί
399 1705 546 1774 παρὰ
594 1705 754 1771 μίανς
793 1708 977 1778 Νόμος
1016 1706 1084 1781 ἦν
1115 1711 1204 1764 τὸν
1243 1712 1464 1766 πλείονα
1491 1713 1599 1766 τῶν
1632 1729 1757 1766 τεσ-

172 1793 495 1860 σαράκοντα
529 1797 883 1865 τυπτόμενον,
933 1800 1126 1869 ἄτιμον
1183 1796 1341 1856 εἶναι.
1398 1803 1623 1873 Ὠρισαν
1664 1801 1758 1856 οῦν

167 1882 336 1951 παρὰ
371 1885 502 1952 μίαν
547 1883 768 1952 διδόναι,
825 1887 910 1942 ἵνα
945 1891 1045 1944 κᾶν
1095 1895 1160 1963 τῇ
1211 1893 1360 1965 ῥύμῃ
1410 1895 1502 1947 τοῦ
1533 1893 1756 1950 τύπτειν
1787 1890 1830 1944 Β

169 1976 480 2045 ἐξενεχθεὶς
507 1981 534 2030 ὁ
551 1979 772 2032 τύπτων
798 1987 1062 2055 περισσὴν
1090 1985 1184 2056 δῷ,
1219 1988 1626 2056 τεσσαράκοντα
1657 1987 1755 2056 δῷ,

167 2073 272 2122 καὶ
317 2071 393 2140 μὴ
426 2071 652 2142 γένηται
687 2073 880 2143 ἄτιμος
910 2078 936 2128 6
966 2078 1323 2149 τυπτόμενος.
1365 2098 1384 2131 ι
1440 2082 1571 2151 Τρὶς
1628 2077 1766 2151 ἐραέ

167 2159 425 2230 caecam.
463 2178 482 2212 ι
506 2163 665 2233 Ὁρᾷς
694 2164 776 2217 ὅτι
805 2165 865 2217 οὐ
898 2166 1076 2220 πάντα
1099 2167 1136 2220 ὃ.
1173 2168 1440 2222 πέπονθεν
1467 2173 1494 2223 ὁ
1522 2170 1754 2235 Παῦλος,

166 2253 517 2324 συνέγραψεν
535 2259 670 2326 ἡμῖν
697 2259 725 2311 ὁ
753 2259 968 2322 Λουκᾶς
991 2261 1050 2314 ἐν
1079 2263 1198 2325 ταῖς
1225 2264 1527 2334 Πράξεσινς
1553 2266 1627 2317 Οὐ
1651 2266 1758 2336 γὰρ

166 2346 318 2418 πρὸς
345 2348 652 2419 φιλοτιμίαν
669 2351 818 2420 αὑτῷ
850 2353 919 2406 τὰ
946 2355 1044 2424 τῆς
1079 2358 1399 2428 συγγραφῆς
1431 2358 1754 2430 πεπόνηται.

167 2439 270 2490 Διὸ
303 2439 469 2492 πολλὰ
490 2441 598 2494 τῶν
628 2443 862 2496 ἐνταῦθα
887 2445 1192 2516 εἰρημένων
1224 2450 1546 2516 παρέλιπεν.
1571 2466 1590 2501 ι
1623 2451 1756 2522 Τρὶς

169 2532 516 2603 ἐναυάγησα.
569 2553 588 2585 ι
632 2535 866 2608 Μακρὰς
907 2537 1016 2609 γὰρ
1066 2541 1159 2592 καὶ
1213 2541 1553 2606 διαποντίους
1604 2544 1756 2606 ὁδοὺς

173 2624 535 2696 στελλόμενος
569 2627 660 2681 διὰ
679 2626 740 2681 τὸ
765 2631 1048 2701 κήρυγμα,
1077 2633 1255 2687 πάντα
1280 2635 1487 2706 ἔπασχε
1507 2634 1576 2688 τὰ
1602 2637 1756 2707 εἰρη-

174 2714 346 2785 μένα.
397 2716 754 2789 Νυχθήμερον
804 2719 861 2773 δὲ
909 2723 1236 2793 νηχόμενος,
1290 2724 1561 2793 διεγένετο
1617 2726 1759 2797 μετὰ

171 2809 461 2877 ναυάγιον.
511 2812 607 2877 Τὸ,
647 2814 780 2882 Τρὶς
824 2801 1166 2888 ἐναυαγησα,
1218 2819 1534 2890 ἑρμηνεύων
1573 2823 1758 2889 φησιν,

168 2902 262 2955 ὅτι
297 2902 478 2973 τρίτον
524 2905 559 2975 ὴ
607 2905 965 2981 ἀνθρωπότης
1012 2911 1374 2982 ἐναυάγησεν,
1407 2913 1556 2980 ἅπαξ
1584 2917 1642 2966 ἐν
1681 2915 1760 2986 τῷ

172 2995 517 3065 παραδείσῳ,
567 2997 654 3051 διὰ
683 2999 780 3070 τῆς
834 3002 1221 3072 παραϐάσεως,
1274 3004 1527 3076 δεύτερον
1577 3007 1635 3058 ἐν
1682 3006 1761 3077 τῷ

173 3088 577 3160 κατακλυσμῷ,
631 3091 812 3161 τρίτον
869 3096 1011 3164 μετὰ
1063 3097 1124 3150 τὸ
1159 3096 1426 3164 ’δέξασθαι
1455 3102 1544 3154 τὸν
1574 3102 1756 3171 νόμον.

1857 705 2080 771 minum,
2103 706 2348 772 periculis
2381 705 2668 767 latronum,
2689 703 2938 773 periculis
2966 718 3031 757 ea:
3063 721 3268 774 genere,
3299 708 3442 774 peri-

1859 797 1994 848 culis
2049 812 2113 850 ea;
2170 797 2431 866 gentibus,
2471 797 2722 862 periculis
2756 798 2809 849 in
2838 797 3070 862 civitate,
3097 798 3348 864 periculis
3381 799 3436 852 in

1857 887 2082 951 deserto,
2124 886 2373 955 periculis
2435 887 2488 940 in
2553 889 2712 954 mari,
2757 889 3008 956 periculis
3075 889 3214 943 inter
3271 890 3438 958 falsos

1856 976 2054 1046 fratres
2085 991 2103 1029 .‘
2144 977 2200 1029 in
2238 975 2417 1030 labore
2436 987 2486 1031 et
2517 980 2759 1032 molestia
2792 997 2806 1034 :
2836 981 2890 1032 in
2917 980 3112 1048 uigiliis
3139 996 3297 1050 serpe.

1933 1177 2137 1231 Deinde
2161 1187 2566 1246 consequenter
2592 1177 2746 1247 ponit
2777 1178 3124 1248 signaculum
3140 1178 3440 1251 “apostola-

1861 1277 1950 1325 tus
1977 1273 2092 1325 sive
2140 1270 2430 1340 legationis
2459 1285 2591 1325 suae.
2621 1269 2781 1334 Quod
2821 1280 3006 1325 autem
3048 1272 3146 1335 ait,
3186 1289 3204 1321 ι
3239 1271 3438 1340 Copio-

1863 1361 2003 1427 sius,
2055 1380 2074 1412 ι
2111 1371 2186 1424 et,
2219 1379 2239 1412 ι
2292 1361 2466 1430 Supra
2498 1360 2741 1427 modum,
2793 1379 2812 1412 ι
2854 1377 2962 1416 non
2997 1377 3093 1431 per
3147 1375 3436 1431 compara~

1859 1453 2064 1508 tionem
2099 1453 2166 1506 ad
2223 1454 2680 1524 pseudapostolos
2709 1455 2918 1507 dictum
2945 1460 3048 1507 est.
3085 1471 3102 1503 ι
3141 1453 3202 1507 In
3239 1453 3435 1506 morti-

1862 1544 1966 1599 bus
2019 1544 2355 1613 frequenter.
2396 1563 2415 1596 ι
2450 1573 2522 1584 —-
2556 1564 2575 1597 ι
2609 1542 2747 1598 Nam
2797 1544 3044 1614 quotidie
3074 1545 3279 1597 morior
3299 1545 3363 1608 ⁷ο,
3413 1563 3432 1596 ι

1861 1637 2060 1708 inquit.
2097 1635 2348 1707 Seipsum
2377 1638 2524 1693 enim
2561 1640 2868 1709 exponebat
2915 1638 3174 1709 periculis
3205 1647 3438 1692 mortem

1859 1729 2281 1787 iutentantibus.
2323 1750 2341 1782 ι
2372 1731 2763 1802 Quadragenas
2788 1732 2975 1801 plagas
3007 1745 3114 1783 una
3139 1732 3320 1784 minus
3347 1745 3441 1784 ac-

1861 1824 2002 1894 cepi.
2035 1843 2054 1876 ι
2085 1826 2266 1890 Quare
2305 1841 2410 1880 una
2437 1826 2662 1881 minus?
2712 1825 2872 1896 691
2919 1824 3030 1878 Lex
3061 1831 3180 1878 erat
3211 1824 3352 1892 quod
3394 1824 3439 1877 is

1860 1917 1952 1984 qui
1981 1915 2282 1986 accepisset
2302 1917 2440 1972 ultra
2475 1917 2839 1988 quadraginta
2865 1918 3076 1986 plagas,
3102 1915 3439 1984 ignominio-

1863 2024 1961 2063 sus
2013 2008 2330 2063 haberelur.
2383 1991 2716 2063 Definierant
2768 2007 2934 2078 igitur
2969 2018 3025 2059 ut
3051 2022 3216 2058 unam
3255 2008 3441 2060 Illit.US

1860 2102 2188 2172 indigerent,
2208 2111 2268 2156 ut
2310 2116 2623 2173 quanquam
2653 2101 2860 2171 impetu
2895 2098 3230 2154 verberandi
3262 2095 3440 2150 addu-

1859 2202 1980 2248 ctus
2013 2194 2061 2248 is
2094 2193 2187 2264 qui
2211 2193 2548 2258 verberaret,
2589 2207 2750 2246 uuam
2784 2190 3049 2260 inﬂigeret
3084 2189 3439 2258 superﬂuam,

1861 2288 1936 2340 ita
1961 2285 2326 2356 quadraginta
2367 2285 2597 2340 inferret
2625 2296 2677 2340 et
2718 2286 2766 2338 is
2798 2285 2892 2354 qui
2924 2283 3313 2338 verberaretur
3349 2283 3438 2334 in-

1862 2377 2024 2432 famis
2054 2393 2165 2433 non
2221 2378 2396 2434 ﬁeret.
2444 2396 2462 2429 ι
2497 2377 2605 2432 Ter
2643 2375 2817 2445 virgis
2849 2389 3051 2432 caesus
3075 2373 3174 2429 fui.
3218 2392 3236 2425 ι
3277 2371 3440 2428 Vides

1860 2471 2004 2539 quod
2038 2486 2148 2524 non
2201 2469 2387 2524 omnia
2416 2485 2538 2538 qua:
2572 2483 2772 2538 passus
2798 2479 2882 2524 est
2919 2465 3124 2520 Paulus
3156 2465 3442 2534 scripserit

1861 2559 2024 2615 nobis
2078 2560 2254 2616 Lucas
2285 2560 2340 2614 in
2368 2559 2554 2616 Actis?
2583 2574 2760 2628 neque
2807 2558 2953 2612 enim
2993 2556 3061 2610 ad
3117 2556 3344 2627 gloriam
3375 2568 3440 2608 ea

1862 2668 1984 2723 qua:
2027 2653 2201 2723 ipsius
2266 2661 2396 2708 sunt
2435 2651 2680 2705 historiae
2729 2648 3082 2718 conscripsit,
3109 2645 3231 2701 ideo
3267 2649 3440 2700 multa

1862 2763 2053 2806 eorum
2079 2762 2201 2817 qua:
2218 2746 2309 2800 hic
2338 2745 2486 2800 dicta
2520 2751 2652 2799 sunt
2680 2742 3064 2813 praetermisit.
3106 2759 3124 2792 ι
3157 2741 3260 2794 Ter
3299 2757 3440 2793 nau-

1863 2836 2100 2908 fragium
2130 2838 2258 2893 feci.
2288 2856 2308 2889 ι
2354 2836 2576 2907 Longas
2602 2835 2751 2891 enim
2790 2843 2845 2890 et
2883 2832 3284 2888 transmarinas
3323 2835 3440 2886 vias

1863 2927 2271 2997 praedicationis
2324 2928 2498 2997 gratia
2561 2940 2840 2990 emensus,
2894 2924 3076 2977 omnia
3131 2924 3440 2992 patiebatur

1863 3033 1986 3089 quae
2014 3017 2159 3073 dicta
2189 3027 2334 3072 sunt.
2361 3015 2588 3070 Noctem
2607 3024 2791 3070 autem
2819 3029 2928 3068 una
2960 3030 3083 3068 cun:
3117 3015 3207 3068 die
3241 3021 3441 3068 natans

1864 3110 2181 3182 perduravit
2233 3117 2358 3178 post
2415 3108 2787 3178 naufragium.
2839 3105 3012 3161 Porro
3047 3107 3250 3160 dictum
3284 3105 3435 3158 hoc:

178 3191 199 3283 ι
243 3173 690 3283 Νοχθήμερονέν
721 3180 800 3250 τῷ
831 3180 976 3254 βυθῷ
1004 3186 1303 3258 πεποίηκα.
1346 3210 1365 3241 ι
1398 3188 1587 3242 Νύκτα
1613 3190 1759 3260 λέγει

1867 3173 1974 3259 :l‘er
2002 3173 2353 3273 naufragium
2387 3199 2513 3266 feci,
2547 3173 2961 3270 interpretando
2990 3199 3122 3254 dicit
3147 3198 3291 3268 quod
3331 3199 3439 3250 ltit—

172 3267 420 3321 ἐνταῦθα
447 3272 475 3322 ὁ
494 3268 816 3337 ’Δπόστολος
836 3275 936 3346 τὴν
957 3277 1063 3346 πρὸ
1089 3278 1186 3348 τῆς
1205 3280 1437 3349 Χριστοῦ
1463 3284 1761 3351 παρουσίας

173 3361 236 3411 ἐν
273 3363 340 3431 τῇ
378 3367 626 3436 σκοτεινῇ
690 3365 885 3421 πλάσει
929 3369 1233 3442 διατριϐὴν,
1282 3372 1492 3443 ἡμέραν
1536 3375 1616 3442 δὲ,
1665 3377 1765 3447 τὴν

181 3455 331 3525 μετὰ
368 3457 468 3527 τὴν
513 3458 751 3528 Χριστοῦ
808 3463 1115 3532 παρουσίαν
1151 3466 1207 3517 ἐν
1263 3467 1341 3536 τῷ
1375 3467 1622 3538 φωτεινῴ
1671 3470 1765 3538 βα-

179 3548 773 3623 πτίσματιδιαγωγήν.
804 3572 822 3606 ι
855 3555 1138 3620 Κινδύνοις
1163 3559 1442 3629 ποταμῶν.
1474 3579 1493 3612 ι
1524 3563 1633 3614 Kal
1658 3562 1765 3632 γὰρ

176 3640 610 3724 διαπορθμεύειν
665 3647 945 3716 ποταμοὺς
993 3649 1354 3718 ἠναγκάζετο.
1415 3670 1433 3704 ι
1481 3653 1766 3717 Κινδύνοις

157 3732 424 3804 κλῃστῶν.
469 3753 490 3787 ι
540 3737 825 3808 Πανταχοῦ
855 3740 962 3811 γὰρ
993 3742 1022 3792 6
1050 3741 1294 3807 διάϐολος
1341 3744 1616 3816 ἐπολέμει,
1671 3746 1765 3817 λῃ-

181 3823 319 3886 στὰς
351 3824 603 3894 ἐγείρων,
648 3828 718 3880 τὰ
762 3828 890 3900 ἔθνη
927 3831 1033 3884 τῶν
1075 3833 1363 3903 Ἑλλήνων,
1395 3837 1521 3898 τοὺς
1567 3853 1767 3905 συγγε-

179 3919 298 3979 νεῖς
347 3919 658 3983 Ἰουδαίους,
713 3921 763 3974 οἳ
813 3925 906 3975 καὶ
959 3925 1160 3993 μᾶλλον
1205 3909 1503 3997 ἐπολέμῖουν
1534 3929 1621 3981 διὰ
1669 3931 1766 3998 τὴν

176 4008 377 4092 πίστιν
425 4009 860 4083 διαπονούμενοι.
903 4016 1014 4067 Καὶ
1059 4016 1223 4078 τόπος
1258 4019 1357 4070 οὐκ
1399 4014 1466 4088 ἦν
1521 4020 1766 4092 ἀσφαλὴς

179 4101 362 4172 αὐτῷ,
391 4104 452 4155 οὐ
477 4106 651 4171 πόλις,
682 4108 781 4159 οὐκ
811 4107 1016 4180 ἔρημος
1046 4110 1145 4161 οῦκ
1179 4109 1306 4164 ἄλλο
1353 4111 1525 4165 οὐδέν.
1564 4131 1582 4164 ι
1635 4116 1766 4166 Κιν-

178 4194 366 4257 δύνοις
393 4198 450 4249 ἐν
495 4197 904 4269 ψευδαδέλφοις.
937 4219 957 4254 ι
994 4202 1137 4272 Ὅρα
1163 4203 1350 4274 ¹ἑτερον
1389 4205 1648 4260 κινδύνων
1686 4201 1767 4260 εἷο

177 4286 294 4353 δος,
330 4287 392 4340 τὸ
439 4291 502 4343 ἐκ
557 4293 666 4346 τῶν
719 4294 1104 4366 ψευδωνύμων,
1157 4298 1462 4369 ὑποκριτῶν
1503 4299 1766 4368 ἀδελφῶν.

183 4376 336 4446 Ὅρα
369 4378 427 4432 δέ
449 4395 461 4407 '
509 4384 636 4446 τοὺς
669 4383 948 4448 κινδύνους
979 4388 1136 4440 κόποι
1177 4388 1270 4440 καὶ
1304 4388 1514 4459 μόχθοι,
1545 4391 1770 4459 τούτους

180 4467 356 4522 πάλιν
385 4470 435 4523 οι
461 4472 695 4527 κίνδυνοι
730 4475 1046 4546 διεδέχοντο,
1075 4479 1169 4531 καὶ
1189 4479 1288 4532 οὐκ
1316 4475 1384 4551 ἦν
1414 4482 1692 4537 ἀναπνεῖν.

1864 3297 2102 3353 manitas
2133 3302 2217 3349 ter
2260 3293 2607 3365 naufragium
2649 3291 2817 3358 fecit;
2869 3291 3038 3346 semel
3071 3295 3125 3344 in
3182 3290 3440 3360 paradiso

1865 3404 1961 3459 per
1992 3387 2515 3458 transgressionem,
2547 3399 2766 3439 rursum
2805 3385 2858 3438 in
2888 3383 3116 3448 diluvio,
3181 3393 3236 3435 et
3271 3383 3437 3435 tertio

1863 3485 2155 3549 postquam
2193 3477 2365 3546 legem
2404 3475 2760 3545 suscepisset.
2789 3494 2806 3526 ι
2841 3472 3065 3528 Noctem
3091 3487 3329 3526 unacum
3353 3471 3441 3526 die

1866 3569 1923 3624 in
1940 3567 2217 3640 profundo
2247 3569 2354 3639 egi.
2402 3587 2420 3619 ι
2448 3565 2676 3622 Noctem
2709 3577 2869 3622 vocat
2894 3567 2980 3620 liie
3005 3566 3297 3635 Aposmlus
3317 3581 3441 3619 eam

1866 3663 2342 3719 conversationem
2387 3676 2509 3731 qua:
2543 3669 2678 3722 ante
2702 3660 2904 3714 Christi
2942 3659 3236 3714 adventum
3273 3658 3327 3713 ἰι
3359 3667 3443 3713 te-

1866 3757 2102 3812 nebrosa
2143 3755 2471 3810 formatione
2494 3762 2615 3808 erat
2658 3769 2672 3805 :
2700 3753 2848 3806 diem
2881 3767 3006 3807 vero
3053 3745 3290 3808 .vivendi
3323 3760 3442 3805 sta-

1863 3859 1980 3904 tum
2018 3857 2140 3918 post
2173 3846 2378 3900 Christi
2412 3845 2707 3900 adventum
2758 3845 3049 3899 in-lucido
3092 3845 3441 3913 baptismate.

1871 3955 1889 3988 ι
1925 3934 2193 3989 Periculis
2221 3931 2531 3986 fluminum.
2565 3951 2583 3983 ι
2623 3931 2837 3986 Etenim
2875 3931 3100 3985 llurnina
3145 3932 3443 4000 cogebatur

1867 4027 2149 4096 trajicere.
2177 4045 2194 4077 ι
2231 4024 2825 4078 Periculislatronum.
2870 4042 2887 4074 ι
2929 4022 3146 4093 Ubique
3191 4023 3446 4078 certami-

1868 4135 1935 4172 na
1969 4116 2443 4186 certaminumque
2472 4115 2693 4184 praemia
2713 4115 3165 4185 proponebantur
3193 4131 3207 4166 :
3237 4113 3444 4183 ubique

1868 4214 2012 4269 enim
2047 4212 2300 4267 diabolus
2347 4211 2608 4271 bellabat.
2674 4209 2916 4265 latrones
2950 4208 3216 4272 excitans,
3251 4216 3442 4277 gentes

1868 4305 2207 4367 Graecorum,
2247 4311 2512 4373 cognatos
2542 4300 2784 4367 Iudaeos,
2809 4303 2901 4371 qui
2931 4301 3094 4356 etiam
3121 4302 3295 4370 magis
3325 4298 3444 4353 bel-

1868 4399 2077 4463 labant,
2097 4397 2349 4452 dolentes
2371 4411 2434 4451 ac
2462 4396 2798 4451 lacessentes
2818 4409 3016 4464 proper
3045 4392 3227 4447 ﬁdem.
3262 4389 3440 4446 Locus

1871 4490 1974 4559 ipsi
2035 4497 2223 4543 certus
2270 4503 2380 4542 non
2410 4495 2551 4551 erat,
2581 4503 2687 4540 non
2724 4487 2940 4551 civitas,
2986 4502 3095 4539 non
3136 4485 3439 4543 desertum,

179 4577 299 4661 "99
345 4563 490 4618 aliud
522 4567 842 4637 qnidquatit.
882 4589 900 4621 ι
937 4569 1203 4628 Periculis
1262 4573 1407 4628 inter
1445 4575 1618 4632 falsos
1650 4577 1870 4639 fratres.
1913 4602 1930 4634 ι
1969 4581 2103 4638 Vide
2165 4581 2314 4637 aliud
2375 4582 2747 4661 periculorum
2807 4596 2981 4652 genus
3032 4579 3174 4648 quod
3247 4585 3443 4646 prove‘

181 4659 377 4714 niebat
405 4675 472 4715 ex
528 4663 802 4719 simulatis
828 4673 883 4720 et
931 4665 1072 4722 falso
1129 4669 1430 4724 nominatis
1465 4669 1751 4728 fratribus.
1791 4677 2098 4734 Considera
2117 4694 2249 4734 vero
2284 4659 2595 4748 :pericula,
2645 4675 2862 4732 labores
2894 4690 2958 4730 ac
2997 4674 3282 4737 molestiae,
3325 4673 3443 4726 hac

177 4767 413 4808 rursum
471 4756 710 4822 pericula
745 4757 1111 4825 excipiebant,
1142 4775 1243 4813 nec
1271 4762 1546 4830 respirare
1592 4764 1848 4824 dabatur.

245 4927 248 4930 _
274 4847 379 4898 Ἐν
409 4845 561 4916 λιμῷ
587 4847 683 4900 καὶ
712 4848 894 4916 δίψει,
918 4851 985 4903 ἐν
1012 4855 1321 4920 νηστείαις
1351 4856 1670 4924 πολλάκις,
1695 4860 1759 4914 ἐν

1940 4860 2031 4925 XI,
2062 4861 2249 4918 27-29.
2315 4861 2376 4916 In
2407 4861 2550 4930 fame
2598 4872 2648 4916 et
2702 4862 2816 4921 siti.
2845 4862 2900 4915 in
2941 4854 3164 4929 jeﬁtniis
3195 4875 3351 4928 sa’pe,
3389 4860 3446 4912 in

177 4937 375 5004 ψύχει
399 4939 495 4992 καὶ
521 4942 865 5009 γυμνότητι.
892 4945 1079 5011 Χωρὶς
1106 4946 1224 4999 τῶν
1251 4949 1546 5016 παρεκτὸς
1581 4953 1616 5019 ἠ
1641 4952 1759 5006 ἐπι-

1872 4954 2070 5024 frigore
2120 4963 2170 5007 et
2201 4955 2446 5008 nuditate
2498 4967 2692 5023 prreter
2716 4971 2778 5008 ea
2805 4970 2923 5024 qua:
2950 4956 3278 5007 extrinsecus
3308 4955 3448 5006 acci-

179 5027 500 5094 σύστασίς
539 5049 660 5100 μου
709 5031 748 5100 ἡ
802 5036 1163 5103 καθημέραν,
1200 5038 1238 5106 ἠ
1265 5039 1520 5110 μέριμνα
1553 5044 1759 5100 πασῶν

1869 5047 2021 5108 dunt.
2078 5048 2499 5114 conspirationes
2549 5047 2602 5098 in
2644 5062 2725 5099 me
2751 5046 3110 5116 quotidianae,
3168 5061 3298 5098 cura
3335 5062 3449 5099 om-

179 5121 308 5174 τῶν
351 5122 740 5190 Ἐκκλησιῶν.
773 5127 867 5191 Τίς
918 5127 1186 5194 ἀσθενεῖ,
1213 5132 1310 5184 καὶ
1346 5134 1458 5186 οὐκ
1498 5135 1734 5189 ἀσθενῶ
1747 5154 1766 5202 ;

181 5212 278 5279 τίς
314 5212 797 5282 σκανδαλίζεται,
834 5202 938 5270 καί
962 5219 1074 5272 οὐκ
1110 5218 1225 5289 ἐγὼ
1262 5223 1596 5292 πυροῦμαι;

173 5331 175 5334 -
261 5308 549 5376 Πανταχοῦ
579 5307 679 5377 τῆς
697 5310 1129 5380 οἰκουμένηςικαὶ
1143 5313 1240 5382 τῆς
1259 5314 1538 5385 ἀοικήτου,
1557 5315 1769 5386 ἀγῶνες

181 5393 333 5468 ἦσαν
355 5397 449 5449 καὶ
468 5398 676 5465 στάδια,
702 5402 760 5454 ἐν
788 5403 882 5471 γῇ,
913 5401 970 5455 ἐν
1004 5401 1269 5476 θαλάσσῃ,
1298 5405 1520 5478 ἔσωθεν,
1545 5407 1766 5474 ἔξωθεν,

184 5486 346 5558 παρὰ
373 5487 482 5542 τῶν
514 5489 756 5554 οἰκείων,
786 5491 938 5561 παρὰ
979 5492 1090 5545 τῶν
1118 5493 1443 5566 ἀλλοτρίων,
1478 5499 1630 5569 παρὰ
1660 5499 1768 5554 τῶν

188 5580 498 5648 συγγενῶν,
527 5584 680 5652 παρὰ
707 5584 815 5637 τῶν
850 5587 1200 5642 ἐπιπλάστων
1220 5588 1486 5658 ἀδελφῶν.
1514 5593 1622 5646 Καὶ
1647 5595 1768 5648 οὐδὲ

186 5672 294 5743 τῆς
326 5676 632 5742 ἀναγκαίας
663 5678 892 5750 ηὐπόρει
936 5682 1164 5754 τροφῆς,
1211 5682 1331 5738 οῦδέ
1375 5682 1530 5753 ψιλοῦ
1563 5688 1768 5742 σκεπά-

265 5855 364 5924 ὀι
393 5856 522 5914 Cor.
555 5857 645 5928 is,
685 5861 776 5920 si.

1872 5140 2018 5190 nium
2053 5137 2439 5189 Ecclesiarum.
2477 5135 2609 5201 Quis
2636 5135 2966 5202 inﬁrmatur,
2995 5142 3045 5187 et
3073 5149 3167 5203 ego
3190 5156 3195 5160 ι
3218 5150 3322 5187 non
3363 5133 3448 5185 in-

1872 5229 2096 5297 firmor?
2126 5229 2261 5292 Quis
2286 5227 2594 5294 offenditur,
2626 5237 2672 5280 et
2695 5242 2786 5295 ego
2805 5242 2909 5280 non
2929 5227 3096 5280 uror?

1948 5322 2003 5373 In
2021 5323 2170 5374 omni
2203 5320 2355 5374 orbis
2383 5320 2505 5375 loeo
2524 5328 2632 5373 tam
2665 5319 2953 5374 habitabili
2989 5333 3153 5389 quam
3175 5316 3450 5372 inhabita-

1862 5410 1997 5486 ‘bili,
2022 5411 2330 5464 certamina
2361 5422 2518 5465 erant
2550 5422 2605 5466 et
2628 5411 2889 5466 exercitia
2923 5427 2937 5466 :
2973 5412 3026 5465 in
3053 5417 3221 5472 terra,
3253 5410 3308 5462 in
3334 5420 3450 5460 ma-

1877 5503 1958 5567 ri;
1995 5503 2162 5567 intus,
2198 5501 2368 5565 foris;
2398 5517 2428 5556 a
2462 5503 2723 5572 propriis,
2756 5504 2823 5559 ab
2845 5502 3076 5568 alienis;
3101 5515 3131 5553 a
3157 5497 3445 5567 cognatis,

1876 5609 1905 5646 a
1938 5594 2082 5647 fictis
2107 5593 2394 5648 fratribus.
2424 5595 2589 5666 692
2624 5597 2686 5648 Et
2719 5612 2785 5651 ne
2822 5594 3192 5649 necessarium
3227 5590 3448 5659 quidem

1878 5687 2203 5742 alimentum
2235 5697 2331 5742 aut
2359 5688 2564 5744 nudum
2597 5696 2969 5760 tegumentum
3009 5685 3330 5755 suppetebat
3355 5698 3450 5737 or-
