  <div class='ocr_page' id='page_1' title='image "/cluster/home/n/w/nwhite01/storage/ocr_20150623/118/hvd.32044019208149/604.png"; bbox 0 0 3956 6552; ppageno 0'>
   <div class='ocr_carea' id='block_1_1' title="bbox 217 381 355 447">
    <p class='ocr_par' dir='ltr' id='par_1_1' title="bbox 217 381 355 447">
     <span class='ocr_line' id='line_1_1' title="bbox 217 381 355 447; baseline 0 -1"><span class='ocrx_word' id='word_1_1' title='bbox 217 381 355 447; x_wconf 74' lang='grc'><strong>1061</strong></span> 
     </span>
    </p>
   </div>
   <div class='ocr_carea' id='block_1_2' title="bbox 1174 371 2598 442">
    <p class='ocr_par' dir='ltr' id='par_1_2' title="bbox 1174 371 2598 442">
     <span class='ocr_line' id='line_1_2' title="bbox 1174 371 2598 442; baseline -0.001 0"><span class='ocrx_word' id='word_1_2' title='bbox 1174 376 1565 442; x_wconf 75' lang='lat' dir='ltr'><strong>COMMENT.</strong></span> <span class='ocrx_word' id='word_1_3' title='bbox 1607 374 1684 439; x_wconf 69' lang='grc' dir='ltr'><strong>ΙΝ</strong></span> <span class='ocrx_word' id='word_1_4' title='bbox 1728 371 1966 435; x_wconf 81' lang='lat' dir='ltr'><strong>EPIST.</strong></span> <span class='ocrx_word' id='word_1_5' title='bbox 2003 373 2060 432; x_wconf 91' lang='grc' dir='ltr'>ΙΙ</span> <span class='ocrx_word' id='word_1_6' title='bbox 2099 376 2200 438; x_wconf 82' lang='lat' dir='ltr'><strong>AD</strong></span> <span class='ocrx_word' id='word_1_7' title='bbox 2232 377 2598 440; x_wconf 81' lang='lat' dir='ltr'><strong>CORINTII.</strong></span> 
     </span>
    </p>
   </div>
   <div class='ocr_carea' id='block_1_3' title="bbox 3339 388 3474 453">
    <p class='ocr_par' dir='ltr' id='par_1_3' title="bbox 3339 388 3474 453">
     <span class='ocr_line' id='line_1_3' title="bbox 3339 388 3474 453; baseline 0.007 -1"><span class='ocrx_word' id='word_1_8' title='bbox 3339 388 3474 453; x_wconf 76' lang='lat'><strong>1052</strong></span> 
     </span>
    </p>
   </div>
   <div class='ocr_carea' id='block_1_4' title="bbox 205 463 1802 565">
    <p class='ocr_par' dir='ltr' id='par_1_4' title="bbox 205 482 1788 565">
     <span class='ocr_line' id='line_1_4' title="bbox 205 482 1788 565; baseline -0.008 -20"><span class='ocrx_word' id='word_1_9' title='bbox 205 491 495 565; x_wconf 72' lang='grc' dir='ltr'>βασιλέως.</span> <span class='ocrx_word' id='word_1_10' title='bbox 535 508 556 545; x_wconf 75' lang='grc' dir='ltr'><em>ι</em></span> <span class='ocrx_word' id='word_1_11' title='bbox 609 489 667 545; x_wconf 82' lang='grc' dir='ltr'>Ὀ</span> <span class='ocrx_word' id='word_1_12' title='bbox 709 489 979 562; x_wconf 77' lang='grc' dir='ltr'>Πενθερὸς</span> <span class='ocrx_word' id='word_1_13' title='bbox 1035 489 1273 560; x_wconf 83' lang='grc' dir='ltr'><strong>Ἡρώδου</strong></span> <span class='ocrx_word' id='word_1_14' title='bbox 1323 483 1391 557; x_wconf 75' lang='grc' dir='ltr'>ἦν</span> <span class='ocrx_word' id='word_1_15' title='bbox 1447 486 1476 537; x_wconf 82' lang='grc' dir='ltr'>ὁ</span> <span class='ocrx_word' id='word_1_16' title='bbox 1547 482 1788 554; x_wconf 74' lang='grc' dir='ltr'>Ἀρέτας.</span> 
     </span>
    </p>
   </div>
   <div class='ocr_carea' id='block_1_5' title="bbox 1910 463 3468 565">
    <p class='ocr_par' dir='ltr' id='par_1_5' title="bbox 1910 484 3468 561">
     <span class='ocr_line' id='line_1_5' title="bbox 1910 484 3468 561; baseline 0.013 -27"><span class='ocrx_word' id='word_1_17' title='bbox 1910 484 2259 550; x_wconf 76' lang='lat' dir='ltr'><strong>tccendisset,</strong></span> <span class='ocrx_word' id='word_1_18' title='bbox 2317 495 2373 542; x_wconf 91' lang='lat' dir='ltr'><strong>nt</strong></span> <span class='ocrx_word' id='word_1_19' title='bbox 2429 489 2594 543; x_wconf 85' lang='lat' dir='ltr'><strong>etiam</strong></span> <span class='ocrx_word' id='word_1_20' title='bbox 2654 503 2752 557; x_wconf 85' lang='lat' dir='ltr'><strong>per</strong></span> <span class='ocrx_word' id='word_1_21' title='bbox 2778 490 3040 561; x_wconf 72' lang='lat' dir='ltr'><strong>iseipsum</strong></span> <span class='ocrx_word' id='word_1_22' title='bbox 3103 496 3364 550; x_wconf 78' lang='lat' dir='ltr'><strong>excubias</strong></span> <span class='ocrx_word' id='word_1_23' title='bbox 3414 501 3468 554; x_wconf 91' lang='lat' dir='ltr'><strong>in</strong></span> 
     </span>
    </p>
   </div>
   <div class='ocr_carea' id='block_1_6' title="bbox 213 574 1794 654">
    <p class='ocr_par' dir='ltr' id='par_1_6' title="bbox 213 574 1794 654">
     <span class='ocr_line' id='line_1_6' title="bbox 213 574 1794 654; baseline -0.011 -12"><span class='ocrx_word' id='word_1_24' title='bbox 213 588 367 642; x_wconf 71' lang='grc' dir='ltr'>«Καὶ</span> <span class='ocrx_word' id='word_1_25' title='bbox 431 585 522 640; x_wconf 70' lang='grc' dir='ltr'>διὰ</span> <span class='ocrx_word' id='word_1_26' title='bbox 585 583 800 653; x_wconf 75' lang='grc' dir='ltr'><strong>θυρίδος</strong></span> <span class='ocrx_word' id='word_1_27' title='bbox 829 585 886 636; x_wconf 77' lang='grc' dir='ltr'>ὲν</span> <span class='ocrx_word' id='word_1_28' title='bbox 921 581 1188 654; x_wconf 78' lang='grc' dir='ltr'><strong>σαργάνῃ.</strong></span> <span class='ocrx_word' id='word_1_29' title='bbox 1240 598 1258 632; x_wconf 74' lang='grc' dir='ltr'>ι</span> <span class='ocrx_word' id='word_1_30' title='bbox 1298 579 1449 650; x_wconf 83' lang='grc' dir='ltr'>ᾝδει</span> <span class='ocrx_word' id='word_1_31' title='bbox 1503 575 1612 645; x_wconf 86' lang='grc' dir='ltr'>γὰρ</span> <span class='ocrx_word' id='word_1_32' title='bbox 1652 574 1794 644; x_wconf 78' lang='grc' dir='ltr'>εἰρη-</span> 
     </span>
    </p>
   </div>
   <div class='ocr_carea' id='block_1_7' title="bbox 213 665 1794 751">
    <p class='ocr_par' dir='ltr' id='par_1_7' title="bbox 213 665 1794 751">
     <span class='ocr_line' id='line_1_7' title="bbox 213 665 1794 751; baseline -0.011 -17"><span class='ocrx_word' id='word_1_33' title='bbox 213 680 412 751; x_wconf 84' lang='grc' dir='ltr'>μένον,</span> <span class='ocrx_word' id='word_1_34' title='bbox 463 674 720 744; x_wconf 76' lang='grc' dir='ltr'>εὔχεσθαι</span> <span class='ocrx_word' id='word_1_35' title='bbox 779 675 853 745; x_wconf 80' lang='grc' dir='ltr'>μὴ</span> <span class='ocrx_word' id='word_1_36' title='bbox 885 675 1148 742; x_wconf 79' lang='grc' dir='ltr'>ἐμπεσεῖν</span> <span class='ocrx_word' id='word_1_37' title='bbox 1188 672 1266 732; x_wconf 84' lang='grc' dir='ltr'><strong>είς</strong></span> <span class='ocrx_word' id='word_1_38' title='bbox 1301 670 1628 740; x_wconf 70' lang='grc' dir='ltr'>πειρασμὸν,</span> <span class='ocrx_word' id='word_1_39' title='bbox 1673 665 1794 718; x_wconf 85' lang='grc' dir='ltr'>ὅθεν</span> 
     </span>
    </p>
   </div>
   <div class='ocr_carea' id='block_1_8' title="bbox 208 756 1794 840">
    <p class='ocr_par' dir='ltr' id='par_1_8' title="bbox 208 756 1794 840">
     <span class='ocr_line' id='line_1_8' title="bbox 208 756 1794 840; baseline -0.01 -14"><span class='ocrx_word' id='word_1_40' title='bbox 208 772 311 826; x_wconf 80' lang='grc' dir='ltr'><strong>οὐκ</strong></span> <span class='ocrx_word' id='word_1_41' title='bbox 353 768 670 840; x_wconf 74' lang='grc' dir='ltr'>ἑπιρρίπτει</span> <span class='ocrx_word' id='word_1_42' title='bbox 733 765 923 820; x_wconf 68' lang='grc' dir='ltr'>ἑαυτὸν</span> <span class='ocrx_word' id='word_1_43' title='bbox 951 768 1064 828; x_wconf 78' lang='grc' dir='ltr'>τοῖς</span> <span class='ocrx_word' id='word_1_44' title='bbox 1095 763 1424 836; x_wconf 76' lang='grc' dir='ltr'><strong>πειρασμοῖς</strong></span> <span class='ocrx_word' id='word_1_45' title='bbox 1445 800 1460 823; x_wconf 92' lang='grc'><strong>,</strong></span> <span class='ocrx_word' id='word_1_46' title='bbox 1520 758 1633 814; x_wconf 80' lang='grc' dir='ltr'>ἀλλ’</span> <span class='ocrx_word' id='word_1_47' title='bbox 1667 756 1794 811; x_wconf 72' lang='grc' dir='ltr'>ἔνθα</span> 
     </span>
    </p>
   </div>
   <div class='ocr_carea' id='block_1_9' title="bbox 209 854 1797 929">
    <p class='ocr_par' dir='ltr' id='par_1_9' title="bbox 209 854 1797 929">
     <span class='ocr_line' id='line_1_9' title="bbox 209 854 1797 929; baseline -0.007 -13"><span class='ocrx_word' id='word_1_48' title='bbox 209 865 308 922; x_wconf 77' lang='grc' dir='ltr'><strong>καὶ</strong></span> <span class='ocrx_word' id='word_1_49' title='bbox 335 863 401 915; x_wconf 81' lang='grc' dir='ltr'><strong>δι’</strong></span> <span class='ocrx_word' id='word_1_50' title='bbox 457 860 806 929; x_wconf 74' lang='grc' dir='ltr'><strong>ἀνθρωπίνης</strong></span> <span class='ocrx_word' id='word_1_51' title='bbox 863 858 1110 928; x_wconf 83' lang='grc' dir='ltr'><strong>μηχανῆς</strong></span> <span class='ocrx_word' id='word_1_52' title='bbox 1143 856 1222 909; x_wconf 78' lang='grc' dir='ltr'><strong>ἔνι</strong></span> <span class='ocrx_word' id='word_1_53' title='bbox 1268 857 1462 924; x_wconf 80' lang='grc' dir='ltr'>φυγεῖν</span> <span class='ocrx_word' id='word_1_54' title='bbox 1500 854 1561 908; x_wconf 84' lang='grc' dir='ltr'>οὐ</span> <span class='ocrx_word' id='word_1_55' title='bbox 1598 870 1797 924; x_wconf 66' lang='grc' dir='ltr'>παραιπ-</span> 
     </span>
    </p>
   </div>
   <div class='ocr_carea' id='block_1_10' title="bbox 207 943 1796 1021">
    <p class='ocr_par' dir='ltr' id='par_1_10' title="bbox 207 943 1796 1021">
     <span class='ocr_line' id='line_1_10' title="bbox 207 943 1796 1021; baseline -0.008 -12"><span class='ocrx_word' id='word_1_56' title='bbox 207 958 411 1013; x_wconf 58' lang='grc' dir='ltr'>τιῖται.</span> <span class='ocrx_word' id='word_1_57' title='bbox 459 950 756 1021; x_wconf 80' lang='grc' dir='ltr'>Ἐφύλαττε</span> <span class='ocrx_word' id='word_1_58' title='bbox 810 950 919 1021; x_wconf 82' lang='grc' dir='ltr'><strong>γὰρ</strong></span> <span class='ocrx_word' id='word_1_59' title='bbox 977 948 1168 1001; x_wconf 79' lang='grc' dir='ltr'>ἑαυτὸν</span> <span class='ocrx_word' id='word_1_60' title='bbox 1199 947 1275 1017; x_wconf 78' lang='grc' dir='ltr'>τῷ</span> <span class='ocrx_word' id='word_1_61' title='bbox 1307 945 1622 1020; x_wconf 77' lang='grc' dir='ltr'><strong>κηρύγματι</strong></span> <span class='ocrx_word' id='word_1_62' title='bbox 1660 985 1674 1008; x_wconf 91' lang='grc'><strong>,</strong></span> <span class='ocrx_word' id='word_1_63' title='bbox 1702 943 1796 998; x_wconf 76' lang='grc' dir='ltr'>καὶ</span> 
     </span>
    </p>
   </div>
   <div class='ocr_carea' id='block_1_11' title="bbox 206 1035 1797 1117">
    <p class='ocr_par' dir='ltr' id='par_1_11' title="bbox 206 1035 1797 1117">
     <span class='ocr_line' id='line_1_11' title="bbox 206 1035 1797 1117; baseline -0.008 -18"><span class='ocrx_word' id='word_1_64' title='bbox 206 1049 310 1117; x_wconf 80' lang='grc' dir='ltr'>τῆς</span> <span class='ocrx_word' id='word_1_65' title='bbox 368 1044 654 1116; x_wconf 35' lang='grc' dir='ltr'>σωτηρίας,</span> <span class='ocrx_word' id='word_1_66' title='bbox 685 1042 910 1110; x_wconf 81' lang='grc' dir='ltr'>ὲκήδετο</span> <span class='ocrx_word' id='word_1_67' title='bbox 951 1040 1057 1093; x_wconf 83' lang='grc' dir='ltr'>τῶν</span> <span class='ocrx_word' id='word_1_68' title='bbox 1087 1038 1346 1110; x_wconf 84' lang='grc' dir='ltr'><strong>μαθητῶν</strong></span> <span class='ocrx_word' id='word_1_69' title='bbox 1382 1036 1603 1108; x_wconf 75' lang='grc' dir='ltr'>μᾶλλον,</span> <span class='ocrx_word' id='word_1_70' title='bbox 1637 1035 1673 1107; x_wconf 77' lang='grc' dir='ltr'><strong>ἦ</strong></span> <span class='ocrx_word' id='word_1_71' title='bbox 1700 1036 1797 1106; x_wconf 81' lang='grc' dir='ltr'>τῆς</span> 
     </span>
    </p>
   </div>
   <div class='ocr_carea' id='block_1_12' title="bbox 207 1130 1798 1212">
    <p class='ocr_par' dir='ltr' id='par_1_12' title="bbox 207 1130 1798 1212">
     <span class='ocr_line' id='line_1_12' title="bbox 207 1130 1798 1212; baseline -0.008 -20"><span class='ocrx_word' id='word_1_72' title='bbox 207 1138 439 1212; x_wconf 76' lang='grc' dir='ltr'>ρίκείας.</span> <span class='ocrx_word' id='word_1_73' title='bbox 475 1139 565 1190; x_wconf 80' lang='grc' dir='ltr'>Διὸ</span> <span class='ocrx_word' id='word_1_74' title='bbox 588 1137 684 1190; x_wconf 74' lang='grc' dir='ltr'>καὶ</span> <span class='ocrx_word' id='word_1_75' title='bbox 718 1135 952 1205; x_wconf 75' lang='grc' dir='ltr'><strong>ἀλλαχοῦ</strong></span> <span class='ocrx_word' id='word_1_76' title='bbox 979 1151 1113 1205; x_wconf 84' lang='grc' dir='ltr'>φησι</span> <span class='ocrx_word' id='word_1_77' title='bbox 1142 1151 1155 1164; x_wconf 73' lang='grc' dir='ltr'><strong><em>ο</em></strong></span> <span class='ocrx_word' id='word_1_78' title='bbox 1197 1153 1216 1185; x_wconf 84' lang='grc' dir='ltr'>ι</span> <span class='ocrx_word' id='word_1_79' title='bbox 1255 1133 1432 1186; x_wconf 80' lang='grc' dir='ltr'>Καλόν</span> <span class='ocrx_word' id='word_1_80' title='bbox 1461 1149 1550 1201; x_wconf 88' lang='grc' dir='ltr'><strong>μοι</strong></span> <span class='ocrx_word' id='word_1_81' title='bbox 1583 1130 1643 1182; x_wconf 74' lang='grc' dir='ltr'>τὸ</span> <span class='ocrx_word' id='word_1_82' title='bbox 1669 1131 1798 1182; x_wconf 82' lang='grc' dir='ltr'>ἀνα-</span> 
     </span>
    </p>
   </div>
   <div class='ocr_carea' id='block_1_13' title="bbox 207 1221 1794 1294">
    <p class='ocr_par' dir='ltr' id='par_1_13' title="bbox 207 1221 1794 1294">
     <span class='ocr_line' id='line_1_13' title="bbox 207 1221 1794 1294; baseline -0.006 -13"><span class='ocrx_word' id='word_1_83' title='bbox 207 1228 376 1286; x_wconf 77' lang='grc' dir='ltr'>λῦσαι</span> <span class='ocrx_word' id='word_1_84' title='bbox 430 1229 522 1282; x_wconf 83' lang='grc' dir='ltr'>καὶ</span> <span class='ocrx_word' id='word_1_85' title='bbox 568 1227 664 1280; x_wconf 79' lang='grc' dir='ltr'><strong>σὺν</strong></span> <span class='ocrx_word' id='word_1_86' title='bbox 696 1223 919 1294; x_wconf 78' lang='grc' dir='ltr'>Χριστῷ</span> <span class='ocrx_word' id='word_1_87' title='bbox 953 1221 1132 1277; x_wconf 77' lang='grc' dir='ltr'>εἶναι’</span> <span class='ocrx_word' id='word_1_88' title='bbox 1181 1223 1251 1276; x_wconf 70' lang='grc' dir='ltr'>’τὸ</span> <span class='ocrx_word' id='word_1_89' title='bbox 1284 1224 1362 1286; x_wconf 73' lang='grc' dir='ltr'><strong>δὲ,</strong></span> <span class='ocrx_word' id='word_1_90' title='bbox 1399 1223 1678 1292; x_wconf 70' lang='grc' dir='ltr'>ἐπιμένειν</span> <span class='ocrx_word' id='word_1_91' title='bbox 1728 1223 1794 1291; x_wconf 83' lang='grc' dir='ltr'>τῇ</span> 
     </span>
    </p>
   </div>
   <div class='ocr_carea' id='block_1_14' title="bbox 209 1315 1799 1396">
    <p class='ocr_par' dir='ltr' id='par_1_14' title="bbox 209 1315 1799 1396">
     <span class='ocr_line' id='line_1_14' title="bbox 209 1315 1799 1396; baseline -0.006 -20"><span class='ocrx_word' id='word_1_92' title='bbox 209 1323 403 1396; x_wconf 72' lang='grc' dir='ltr'>σαρκὶ,</span> <span class='ocrx_word' id='word_1_93' title='bbox 430 1319 857 1388; x_wconf 77' lang='grc' dir='ltr'>ἀναγκαιότερον</span> <span class='ocrx_word' id='word_1_94' title='bbox 893 1316 962 1370; x_wconf 85' lang='grc' dir='ltr'><strong>δι’</strong></span> <span class='ocrx_word' id='word_1_95' title='bbox 993 1318 1190 1387; x_wconf 75' lang='grc' dir='ltr'>ὑμᾶς.»</span> <span class='ocrx_word' id='word_1_96' title='bbox 1219 1315 1471 1387; x_wconf 80' lang='grc' dir='ltr'>Σαργάνη</span> <span class='ocrx_word' id='word_1_97' title='bbox 1494 1315 1608 1368; x_wconf 70' lang='grc' dir='ltr'>ἐστὶ</span> <span class='ocrx_word' id='word_1_98' title='bbox 1638 1331 1799 1383; x_wconf 88' lang='grc' dir='ltr'>σχοι-</span> 
     </span>
    </p>
   </div>
   <div class='ocr_carea' id='block_1_15' title="bbox 207 1408 1158 1482">
    <p class='ocr_par' dir='ltr' id='par_1_15' title="bbox 207 1408 1158 1482">
     <span class='ocr_line' id='line_1_15' title="bbox 207 1408 1158 1482; baseline -0.003 -13"><span class='ocrx_word' id='word_1_99' title='bbox 207 1415 346 1481; x_wconf 81' lang='grc' dir='ltr'>νίον,</span> <span class='ocrx_word' id='word_1_100' title='bbox 366 1416 481 1466; x_wconf 74' lang='grc' dir='ltr'>ἐστι</span> <span class='ocrx_word' id='word_1_101' title='bbox 509 1412 564 1465; x_wconf 82' lang='grc' dir='ltr'><strong>δὲ</strong></span> <span class='ocrx_word' id='word_1_102' title='bbox 606 1413 698 1464; x_wconf 71' lang='grc' dir='ltr'>καὶ</span> <span class='ocrx_word' id='word_1_103' title='bbox 723 1408 859 1473; x_wconf 73' lang='grc' dir='ltr'>εἶδος</span> <span class='ocrx_word' id='word_1_104' title='bbox 879 1409 1158 1482; x_wconf 78' lang='grc' dir='ltr'><strong>σπυρίδος.</strong></span> 
     </span>
    </p>
   </div>
   <div class='ocr_carea' id='block_1_16' title="bbox 1896 574 3470 652">
    <p class='ocr_par' dir='ltr' id='par_1_16' title="bbox 1896 574 3470 652">
     <span class='ocr_line' id='line_1_16' title="bbox 1896 574 3470 652; baseline 0.013 -26"><span class='ocrx_word' id='word_1_105' title='bbox 1896 574 2117 630; x_wconf 84' lang='lat' dir='ltr'><strong>civitate</strong></span> <span class='ocrx_word' id='word_1_106' title='bbox 2163 587 2408 634; x_wconf 82' lang='lat' dir='ltr'><strong>servaret</strong></span> <span class='ocrx_word' id='word_1_107' title='bbox 2475 597 2493 631; x_wconf 84' lang='grc' dir='ltr'><em>ι</em></span> <span class='ocrx_word' id='word_1_108' title='bbox 2534 579 2710 635; x_wconf 69' lang='lat' dir='ltr'><strong>Aretat</strong></span> <span class='ocrx_word' id='word_1_109' title='bbox 2760 583 2924 652; x_wconf 84' lang='lat' dir='ltr'><strong>regis.</strong></span> <span class='ocrx_word' id='word_1_110' title='bbox 2959 603 2977 635; x_wconf 77' lang='grc' dir='ltr'>ι</span> <span class='ocrx_word' id='word_1_111' title='bbox 3036 583 3203 641; x_wconf 86' lang='lat' dir='ltr'><strong>Socer</strong></span> <span class='ocrx_word' id='word_1_112' title='bbox 3239 586 3470 647; x_wconf 79' lang='lat' dir='ltr'><strong>Herodis</strong></span> 
     </span>
    </p>
   </div>
   <div class='ocr_carea' id='block_1_17' title="bbox 1895 669 3474 746">
    <p class='ocr_par' dir='ltr' id='par_1_17' title="bbox 1895 669 3474 746">
     <span class='ocr_line' id='line_1_17' title="bbox 1895 669 3474 746; baseline 0.011 -26"><span class='ocrx_word' id='word_1_113' title='bbox 1895 676 2013 721; x_wconf 81' lang='lat' dir='ltr'><strong>erat</strong></span> <span class='ocrx_word' id='word_1_114' title='bbox 2043 669 2254 725; x_wconf 75' lang='lat' dir='ltr'><strong>Arelas.</strong></span> <span class='ocrx_word' id='word_1_115' title='bbox 2293 690 2311 721; x_wconf 82' lang='grc' dir='ltr'>ι</span> <span class='ocrx_word' id='word_1_116' title='bbox 2349 671 2414 725; x_wconf 84' lang='lat' dir='ltr'><strong>Et</strong></span> <span class='ocrx_word' id='word_1_117' title='bbox 2435 687 2543 740; x_wconf 76' lang='lat' dir='ltr'><strong>.per</strong></span> <span class='ocrx_word' id='word_1_118' title='bbox 2593 672 2887 732; x_wconf 72' lang='lat' dir='ltr'><strong>fenestram</strong></span> <span class='ocrx_word' id='word_1_119' title='bbox 2921 675 2976 729; x_wconf 88' lang='lat' dir='ltr'><strong>in</strong></span> <span class='ocrx_word' id='word_1_120' title='bbox 3002 687 3208 746; x_wconf 87' lang='lat' dir='ltr'><strong>sporta.</strong></span> <span class='ocrx_word' id='word_1_121' title='bbox 3248 700 3265 732; x_wconf 76' lang='grc' dir='ltr'>ι</span> <span class='ocrx_word' id='word_1_122' title='bbox 3300 680 3474 736; x_wconf 83' lang='lat' dir='ltr'><strong>Nove-</strong></span> 
     </span>
    </p>
   </div>
   <div class='ocr_carea' id='block_1_18' title="bbox 1897 751 3477 834">
    <p class='ocr_par' dir='ltr' id='par_1_18' title="bbox 1897 751 3477 834">
     <span class='ocr_line' id='line_1_18' title="bbox 1897 751 3477 834; baseline 0.01 -22"><span class='ocrx_word' id='word_1_123' title='bbox 1897 768 1982 812; x_wconf 80' lang='lat' dir='ltr'><strong>rat</strong></span> <span class='ocrx_word' id='word_1_124' title='bbox 2009 751 2215 815; x_wconf 85' lang='lat' dir='ltr'><strong>dictum</strong></span> <span class='ocrx_word' id='word_1_125' title='bbox 2248 779 2370 818; x_wconf 88' lang='lat' dir='ltr'><strong>esse</strong></span> <span class='ocrx_word' id='word_1_126' title='bbox 2406 773 2463 818; x_wconf 89' lang='lat' dir='ltr'><strong>ut</strong></span> <span class='ocrx_word' id='word_1_127' title='bbox 2494 781 2778 834; x_wconf 74' lang='lat' dir='ltr'><strong>precemur</strong></span> <span class='ocrx_word' id='word_1_128' title='bbox 2813 783 2880 820; x_wconf 88' lang='lat' dir='ltr'><strong>ne</strong></span> <span class='ocrx_word' id='word_1_129' title='bbox 2909 769 3214 827; x_wconf 84' lang='lat' dir='ltr'><strong>incidamus</strong></span> <span class='ocrx_word' id='word_1_130' title='bbox 3265 773 3316 826; x_wconf 92' lang='lat' dir='ltr'><strong>in</strong></span> <span class='ocrx_word' id='word_1_131' title='bbox 3356 784 3477 828; x_wconf 81' lang='lat' dir='ltr'><strong>ten-</strong></span> 
     </span>
    </p>
   </div>
   <div class='ocr_carea' id='block_1_19' title="bbox 1897 853 3566 930">
    <p class='ocr_par' dir='ltr' id='par_1_19' title="bbox 1897 853 3566 930">
     <span class='ocr_line' id='line_1_19' title="bbox 1897 853 3566 930; baseline 0.011 -25"><span class='ocrx_word' id='word_1_132' title='bbox 1897 853 2158 906; x_wconf 85' lang='lat' dir='ltr'><strong>tationetn</strong></span> <span class='ocrx_word' id='word_1_133' title='bbox 2194 855 2280 908; x_wconf 63' lang='lat'><strong>7‘:</strong></span> <span class='ocrx_word' id='word_1_134' title='bbox 2336 857 2479 910; x_wconf 89' lang='lat' dir='ltr'><strong>unde</strong></span> <span class='ocrx_word' id='word_1_135' title='bbox 2520 859 2760 928; x_wconf 85' lang='lat' dir='ltr'><strong>seipsutn</strong></span> <span class='ocrx_word' id='word_1_136' title='bbox 2806 875 2913 914; x_wconf 84' lang='lat' dir='ltr'><strong>non</strong></span> <span class='ocrx_word' id='word_1_137' title='bbox 2968 863 3147 930; x_wconf 84' lang='lat' dir='ltr'><strong>injicit</strong></span> <span class='ocrx_word' id='word_1_138' title='bbox 3185 865 3244 918; x_wconf 90' lang='lat' dir='ltr'><strong>in</strong></span> <span class='ocrx_word' id='word_1_139' title='bbox 3295 873 3478 921; x_wconf 86' lang='lat' dir='ltr'><strong>tenla-</strong></span> <span class='ocrx_word' id='word_1_140' title='bbox 3559 919 3566 928; x_wconf 84' lang='grc'><strong>,</strong></span> 
     </span>
    </p>
   </div>
   <div class='ocr_carea' id='block_1_20' title="bbox 1900 943 3478 1020">
    <p class='ocr_par' dir='ltr' id='par_1_20' title="bbox 1900 943 3478 1020">
     <span class='ocr_line' id='line_1_20' title="bbox 1900 943 3478 1020; baseline 0.008 -23"><span class='ocrx_word' id='word_1_141' title='bbox 1900 943 2097 1008; x_wconf 84' lang='lat' dir='ltr'><strong>tiones,</strong></span> <span class='ocrx_word' id='word_1_142' title='bbox 2132 943 2228 998; x_wconf 86' lang='lat' dir='ltr'><strong>sed</strong></span> <span class='ocrx_word' id='word_1_143' title='bbox 2262 945 2355 998; x_wconf 89' lang='lat' dir='ltr'><strong>ubi</strong></span> <span class='ocrx_word' id='word_1_144' title='bbox 2404 953 2644 1002; x_wconf 84' lang='lat' dir='ltr'><strong>humano</strong></span> <span class='ocrx_word' id='word_1_145' title='bbox 2675 964 2902 1020; x_wconf 89' lang='lat' dir='ltr'><strong>quoque</strong></span> <span class='ocrx_word' id='word_1_146' title='bbox 2945 953 3171 1007; x_wconf 80' lang='lat' dir='ltr'><strong>invento</strong></span> <span class='ocrx_word' id='word_1_147' title='bbox 3201 956 3365 1010; x_wconf 88' lang='lat' dir='ltr'><strong>datur</strong></span> <span class='ocrx_word' id='word_1_148' title='bbox 3397 956 3478 1012; x_wconf 88' lang='lat' dir='ltr'><strong>ef-</strong></span> 
     </span>
    </p>
   </div>
   <div class='ocr_carea' id='block_1_21' title="bbox 1899 1033 3472 1116">
    <p class='ocr_par' dir='ltr' id='par_1_21' title="bbox 1899 1033 3472 1116">
     <span class='ocr_line' id='line_1_21' title="bbox 1899 1033 3472 1116; baseline 0.011 -28"><span class='ocrx_word' id='word_1_149' title='bbox 1899 1033 2108 1105; x_wconf 77' lang='lat' dir='ltr'><strong>fugere,</strong></span> <span class='ocrx_word' id='word_1_150' title='bbox 2139 1051 2247 1090; x_wconf 88' lang='lat' dir='ltr'><strong>non</strong></span> <span class='ocrx_word' id='word_1_151' title='bbox 2287 1037 2576 1094; x_wconf 74' lang='lat' dir='ltr'><strong>detrectat.</strong></span> <span class='ocrx_word' id='word_1_152' title='bbox 2621 1040 2756 1095; x_wconf 87' lang='lat' dir='ltr'><strong>Nam</strong></span> <span class='ocrx_word' id='word_1_153' title='bbox 2805 1047 3045 1115; x_wconf 87' lang='lat' dir='ltr'><strong>seipsum</strong></span> <span class='ocrx_word' id='word_1_154' title='bbox 3087 1049 3472 1116; x_wconf 57' lang='lat' dir='ltr'><strong>praedicationi</strong></span> 
     </span>
    </p>
   </div>
   <div class='ocr_carea' id='block_1_22' title="bbox 1899 1129 3474 1211">
    <p class='ocr_par' dir='ltr' id='par_1_22' title="bbox 1899 1129 3474 1211">
     <span class='ocr_line' id='line_1_22' title="bbox 1899 1129 3474 1211; baseline 0.011 -29"><span class='ocrx_word' id='word_1_155' title='bbox 1899 1129 2178 1193; x_wconf 82' lang='lat' dir='ltr'><strong>servabat,</strong></span> <span class='ocrx_word' id='word_1_156' title='bbox 2237 1145 2301 1186; x_wconf 89' lang='lat' dir='ltr'><strong>ac</strong></span> <span class='ocrx_word' id='word_1_157' title='bbox 2345 1133 2542 1187; x_wconf 79' lang='lat' dir='ltr'><strong>salutis</strong></span> <span class='ocrx_word' id='word_1_158' title='bbox 2605 1135 3003 1205; x_wconf 87' lang='lat' dir='ltr'><strong>discipulorum</strong></span> <span class='ocrx_word' id='word_1_159' title='bbox 3058 1143 3229 1211; x_wconf 83' lang='lat' dir='ltr'><strong>magis</strong></span> <span class='ocrx_word' id='word_1_160' title='bbox 3284 1159 3474 1200; x_wconf 82' lang='lat' dir='ltr'><strong>curam</strong></span> 
     </span>
    </p>
   </div>
   <div class='ocr_carea' id='block_1_23' title="bbox 1901 1219 3476 1294">
    <p class='ocr_par' dir='ltr' id='par_1_23' title="bbox 1901 1219 3476 1294">
     <span class='ocr_line' id='line_1_23' title="bbox 1901 1219 3476 1294; baseline 0.013 -22"><span class='ocrx_word' id='word_1_161' title='bbox 1901 1219 2155 1286; x_wconf 88' lang='lat' dir='ltr'><strong>habebat,</strong></span> <span class='ocrx_word' id='word_1_162' title='bbox 2203 1237 2367 1291; x_wconf 87' lang='lat' dir='ltr'><strong>quam</strong></span> <span class='ocrx_word' id='word_1_163' title='bbox 2425 1227 2678 1294; x_wconf 68' lang='lat' dir='ltr'><strong>proprias.</strong></span> <span class='ocrx_word' id='word_1_164' title='bbox 2733 1226 2857 1283; x_wconf 85' lang='lat' dir='ltr'><strong>Ideo</strong></span> <span class='ocrx_word' id='word_1_165' title='bbox 2905 1232 3070 1286; x_wconf 84' lang='lat' dir='ltr'><strong>etiam</strong></span> <span class='ocrx_word' id='word_1_166' title='bbox 3120 1222 3261 1290; x_wconf 53' lang='lat' dir='ltr'><strong>&#39;alibi</strong></span> <span class='ocrx_word' id='word_1_167' title='bbox 3296 1237 3476 1292; x_wconf 88' lang='lat' dir='ltr'><strong>dicit:</strong></span> 
     </span>
    </p>
   </div>
   <div class='ocr_carea' id='block_1_24' title="bbox 1905 1311 3469 1396">
    <p class='ocr_par' dir='ltr' id='par_1_24' title="bbox 1905 1311 3469 1396">
     <span class='ocr_line' id='line_1_24' title="bbox 1905 1311 3469 1396; baseline 0.012 -33"><span class='ocrx_word' id='word_1_168' title='bbox 1905 1331 1923 1363; x_wconf 77' lang='grc' dir='ltr'>ι</span> <span class='ocrx_word' id='word_1_169' title='bbox 1949 1311 2152 1367; x_wconf 85' lang='lat' dir='ltr'><strong>Benum</strong></span> <span class='ocrx_word' id='word_1_170' title='bbox 2181 1324 2325 1370; x_wconf 87' lang='lat' dir='ltr'><strong>esset</strong></span> <span class='ocrx_word' id='word_1_171' title='bbox 2353 1317 2484 1370; x_wconf 89' lang='lat' dir='ltr'><strong>mihi</strong></span> <span class='ocrx_word' id='word_1_172' title='bbox 2515 1318 2739 1374; x_wconf 89' lang='lat' dir='ltr'><strong>dissolvi</strong></span> <span class='ocrx_word' id='word_1_173' title='bbox 2769 1330 2822 1374; x_wconf 90' lang='lat' dir='ltr'><strong>et</strong></span> <span class='ocrx_word' id='word_1_174' title='bbox 2845 1337 2967 1378; x_wconf 89' lang='lat' dir='ltr'><strong>esse</strong></span> <span class='ocrx_word' id='word_1_175' title='bbox 2987 1339 3109 1378; x_wconf 89' lang='lat' dir='ltr'><strong>eum</strong></span> <span class='ocrx_word' id='word_1_176' title='bbox 3135 1326 3354 1382; x_wconf 79' lang='lat' dir='ltr'><strong>Christo</strong></span> <span class='ocrx_word' id='word_1_177' title='bbox 3370 1330 3469 1396; x_wconf 75' lang='grc'>⁷²;»</span> 
     </span>
    </p>
   </div>
   <div class='ocr_carea' id='block_1_25' title="bbox 1901 1410 3480 1484">
    <p class='ocr_par' dir='ltr' id='par_1_25' title="bbox 1901 1410 3480 1484">
     <span class='ocr_line' id='line_1_25' title="bbox 1901 1410 3480 1484; baseline 0.011 -25"><span class='ocrx_word' id='word_1_178' title='bbox 1901 1415 2158 1459; x_wconf 63' lang='lat' dir='ltr'><strong>ueterum</strong></span> <span class='ocrx_word' id='word_1_179' title='bbox 2198 1423 2422 1464; x_wconf 84' lang='lat' dir='ltr'><strong>manere.</strong></span> <span class='ocrx_word' id='word_1_180' title='bbox 2465 1410 2522 1463; x_wconf 79' lang='lat' dir='ltr'><strong>in</strong></span> <span class='ocrx_word' id='word_1_181' title='bbox 2555 1427 2726 1466; x_wconf 87' lang='lat' dir='ltr'><strong>carne</strong></span> <span class='ocrx_word' id='word_1_182' title='bbox 2757 1415 2934 1484; x_wconf 75' lang='lat' dir='ltr'><strong>magis</strong></span> <span class='ocrx_word' id='word_1_183' title='bbox 2988 1419 3359 1473; x_wconf 86' lang='lat' dir='ltr'><strong>necessarium</strong></span> <span class='ocrx_word' id='word_1_184' title='bbox 3393 1431 3480 1476; x_wconf 88' lang='lat' dir='ltr'><strong>est</strong></span> 
     </span>
    </p>
   </div>
   <div class='ocr_carea' id='block_1_26' title="bbox 1902 1499 3482 1572">
    <p class='ocr_par' dir='ltr' id='par_1_26' title="bbox 1902 1499 3482 1572">
     <span class='ocr_line' id='line_1_26' title="bbox 1902 1499 3482 1572; baseline 0.013 -25"><span class='ocrx_word' id='word_1_185' title='bbox 1902 1507 2120 1566; x_wconf 80' lang='lat' dir='ltr'><strong>propter</strong></span> <span class='ocrx_word' id='word_1_186' title='bbox 2154 1514 2266 1553; x_wconf 86' lang='lat' dir='ltr'><strong>vos.</strong></span> <span class='ocrx_word' id='word_1_187' title='bbox 2288 1520 2306 1550; x_wconf 79' lang='grc' dir='ltr'><em>ι</em></span> <span class='ocrx_word' id='word_1_188' title='bbox 2338 1499 2588 1571; x_wconf 81' lang='grc' dir='ltr'>Σαργάνη</span> <span class='ocrx_word' id='word_1_189' title='bbox 2648 1503 2927 1560; x_wconf 78' lang='lat' dir='ltr'><strong>funiculus</strong></span> <span class='ocrx_word' id='word_1_190' title='bbox 2962 1514 3066 1572; x_wconf 90' lang='lat' dir='ltr'><strong>est,</strong></span> <span class='ocrx_word' id='word_1_191' title='bbox 3125 1517 3361 1565; x_wconf 81' lang='lat' dir='ltr'><strong>attamen</strong></span> <span class='ocrx_word' id='word_1_192' title='bbox 3394 1522 3482 1568; x_wconf 83' lang='lat' dir='ltr'><strong>est</strong></span> 
     </span>
    </p>
   </div>
   <div class='ocr_carea' id='block_1_27' title="bbox 1799 1589 2653 1662">
    <p class='ocr_par' dir='ltr' id='par_1_27' title="bbox 1799 1589 2653 1662">
     <span class='ocr_line' id='line_1_27' title="bbox 1799 1589 2653 1662; baseline 0.009 -21"><span class='ocrx_word' id='word_1_193' title='bbox 1799 1589 1806 1594; x_wconf 78' lang='grc'><strong>”</strong></span> <span class='ocrx_word' id='word_1_194' title='bbox 1900 1606 2122 1660; x_wconf 85' lang='lat' dir='ltr'><strong>quoque</strong></span> <span class='ocrx_word' id='word_1_195' title='bbox 2143 1601 2194 1645; x_wconf 88' lang='lat' dir='ltr'><strong>et</strong></span> <span class='ocrx_word' id='word_1_196' title='bbox 2227 1609 2398 1661; x_wconf 78' lang='lat' dir='ltr'><strong>genus</strong></span> <span class='ocrx_word' id='word_1_197' title='bbox 2433 1603 2653 1662; x_wconf 69' lang='lat' dir='ltr'><strong>spartae.</strong></span> 
     </span>
    </p>
   </div>
   <div class='ocr_carea' id='block_1_28' title="bbox 288 1681 1799 1762">
    <p class='ocr_par' dir='ltr' id='par_1_28' title="bbox 288 1681 1799 1762">
     <span class='ocr_line' id='line_1_28' title="bbox 288 1681 1799 1762; baseline -0.01 -14"><span class='ocrx_word' id='word_1_198' title='bbox 288 1690 643 1762; x_wconf 76' lang='grc' dir='ltr'><strong>Καυχᾶσθαι</strong></span> <span class='ocrx_word' id='word_1_199' title='bbox 671 1687 748 1757; x_wconf 76' lang='grc' dir='ltr'><strong>δὴ</strong></span> <span class='ocrx_word' id='word_1_200' title='bbox 812 1689 884 1741; x_wconf 85' lang='grc' dir='ltr'>οὐ</span> <span class='ocrx_word' id='word_1_201' title='bbox 929 1685 1221 1755; x_wconf 68' lang='grc' dir='ltr'>συμφόρει</span> <span class='ocrx_word' id='word_1_202' title='bbox 1269 1701 1392 1754; x_wconf 81' lang='grc' dir='ltr'>μοι.</span> <span class='ocrx_word' id='word_1_203' title='bbox 1438 1681 1799 1746; x_wconf 71' lang='grc' dir='ltr'><strong>Ἐλεύσομαι</strong></span> 
     </span>
    </p>
   </div>
   <div class='ocr_carea' id='block_1_29' title="bbox 210 1769 1798 1856">
    <p class='ocr_par' dir='ltr' id='par_1_29' title="bbox 210 1769 1798 1856">
     <span class='ocr_line' id='line_1_29' title="bbox 210 1769 1798 1856; baseline -0.009 -16"><span class='ocrx_word' id='word_1_204' title='bbox 210 1788 328 1856; x_wconf 74' lang='grc' dir='ltr'>γὰρ</span> <span class='ocrx_word' id='word_1_205' title='bbox 353 1787 442 1852; x_wconf 73' lang='grc' dir='ltr'><strong>εις</strong></span> <span class='ocrx_word' id='word_1_206' title='bbox 458 1782 748 1845; x_wconf 73' lang='grc' dir='ltr'><strong>ὀπτασίας</strong></span> <span class='ocrx_word' id='word_1_207' title='bbox 785 1780 882 1834; x_wconf 76' lang='grc' dir='ltr'><strong>καί</strong></span> <span class='ocrx_word' id='word_1_208' title='bbox 920 1772 1343 1846; x_wconf 56' lang='grc' dir='ltr'>ἀποκαλύψεις</span> <span class='ocrx_word' id='word_1_209' title='bbox 1371 1775 1615 1844; x_wconf 80' lang='grc' dir='ltr'><strong>Κυρίου.</strong></span> <span class='ocrx_word' id='word_1_210' title='bbox 1649 1769 1798 1826; x_wconf 73' lang='grc' dir='ltr'><strong>Οἶδα</strong></span> 
     </span>
    </p>
   </div>
   <div class='ocr_carea' id='block_1_30' title="bbox 212 1867 1795 1945">
    <p class='ocr_par' dir='ltr' id='par_1_30' title="bbox 212 1867 1795 1945">
     <span class='ocr_line' id='line_1_30' title="bbox 212 1867 1795 1945; baseline -0.011 -10"><span class='ocrx_word' id='word_1_211' title='bbox 212 1880 534 1945; x_wconf 73' lang='grc' dir='ltr'>ἀνθρωπον</span> <span class='ocrx_word' id='word_1_212' title='bbox 561 1876 631 1928; x_wconf 73' lang='grc' dir='ltr'><strong>ἐν</strong></span> <span class='ocrx_word' id='word_1_213' title='bbox 656 1873 885 1941; x_wconf 80' lang='grc' dir='ltr'><strong>Χριστῷ</strong></span> <span class='ocrx_word' id='word_1_214' title='bbox 942 1872 1056 1940; x_wconf 79' lang='grc' dir='ltr'>πρὸ</span> <span class='ocrx_word' id='word_1_215' title='bbox 1088 1868 1240 1924; x_wconf 80' lang='grc' dir='ltr'><strong>ἐτῶν</strong></span> <span class='ocrx_word' id='word_1_216' title='bbox 1289 1867 1758 1934; x_wconf 73' lang='grc' dir='ltr'><strong>δεκατεσσάρων</strong></span> <span class='ocrx_word' id='word_1_217' title='bbox 1781 1883 1795 1896; x_wconf 68' lang='grc' dir='ltr'><strong><em>υ</em></strong></span> 
     </span>
    </p>
   </div>
   <div class='ocr_carea' id='block_1_31' title="bbox 212 1957 1802 2036">
    <p class='ocr_par' dir='ltr' id='par_1_31' title="bbox 212 1957 1802 2036">
     <span class='ocr_line' id='line_1_31' title="bbox 212 1957 1802 2036; baseline -0.009 -11"><span class='ocrx_word' id='word_1_218' title='bbox 212 1971 340 2026; x_wconf 70' lang='lat' dir='ltr'><strong>alta</strong></span> <span class='ocrx_word' id='word_1_219' title='bbox 385 1969 455 2022; x_wconf 77' lang='grc' dir='ltr'><strong>ἐν</strong></span> <span class='ocrx_word' id='word_1_220' title='bbox 483 1966 710 2036; x_wconf 80' lang='grc' dir='ltr'>σώματι</span> <span class='ocrx_word' id='word_1_221' title='bbox 766 1967 875 2018; x_wconf 83' lang='grc' dir='ltr'>οὐκ</span> <span class='ocrx_word' id='word_1_222' title='bbox 926 1959 1061 2018; x_wconf 78' lang='grc' dir='ltr'>οῖδα</span> <span class='ocrx_word' id='word_1_223' title='bbox 1094 2005 1108 2030; x_wconf 97' lang='grc'><strong>,</strong></span> <span class='ocrx_word' id='word_1_224' title='bbox 1154 1962 1274 2016; x_wconf 78' lang='grc' dir='ltr'>εἴτε</span> <span class='ocrx_word' id='word_1_225' title='bbox 1323 1960 1498 2024; x_wconf 77' lang='grc' dir='ltr'>ἐκτὸς</span> <span class='ocrx_word' id='word_1_226' title='bbox 1553 1959 1660 2013; x_wconf 88' lang='grc' dir='ltr'>τοῦ</span> <span class='ocrx_word' id='word_1_227' title='bbox 1687 1957 1802 2012; x_wconf 88' lang='grc' dir='ltr'><strong>σώ-</strong></span> 
     </span>
    </p>
   </div>
   <div class='ocr_carea' id='block_1_32' title="bbox 208 2038 1802 2132">
    <p class='ocr_par' dir='ltr' id='par_1_32' title="bbox 208 2038 1802 2132">
     <span class='ocr_line' id='line_1_32' title="bbox 208 2038 1802 2132; baseline -0.009 -16"><span class='ocrx_word' id='word_1_228' title='bbox 208 2079 408 2132; x_wconf 84' lang='grc' dir='ltr'>ματος</span> <span class='ocrx_word' id='word_1_229' title='bbox 483 2063 592 2114; x_wconf 76' lang='grc' dir='ltr'>οὐκ</span> <span class='ocrx_word' id='word_1_230' title='bbox 654 2055 826 2114; x_wconf 79' lang='grc' dir='ltr'>οῖὸα’</span> <span class='ocrx_word' id='word_1_231' title='bbox 877 2060 909 2111; x_wconf 89' lang='lat' dir='ltr'><strong>o&#39;</strong></span> <span class='ocrx_word' id='word_1_232' title='bbox 962 2056 1105 2120; x_wconf 77' lang='grc' dir='ltr'><strong>Θεὸς</strong></span> <span class='ocrx_word' id='word_1_233' title='bbox 1166 2051 1330 2112; x_wconf 75' lang='grc' dir='ltr'>οἶδεν·</span> <span class='ocrx_word' id='word_1_234' title='bbox 1366 2069 1380 2083; x_wconf 88' lang='grc'>·</span> <span class='ocrx_word' id='word_1_235' title='bbox 1459 2038 1802 2120; x_wconf 65' lang='grc' dir='ltr'>ἁρπαγέντα</span> 
     </span>
    </p>
   </div>
   <div class='ocr_carea' id='block_1_33' title="bbox 214 2138 1799 2213">
    <p class='ocr_par' dir='ltr' id='par_1_33' title="bbox 214 2138 1799 2213">
     <span class='ocr_line' id='line_1_33' title="bbox 214 2138 1799 2213; baseline -0.009 -9"><span class='ocrx_word' id='word_1_236' title='bbox 214 2151 331 2204; x_wconf 72' lang='grc' dir='ltr'><strong>τὸν</strong></span> <span class='ocrx_word' id='word_1_237' title='bbox 379 2148 655 2203; x_wconf 81' lang='grc' dir='ltr'>τοιοῦτον</span> <span class='ocrx_word' id='word_1_238' title='bbox 713 2147 1029 2213; x_wconf 75' lang='grc' dir='ltr'>ἄνθρωπον</span> <span class='ocrx_word' id='word_1_239' title='bbox 1086 2143 1198 2207; x_wconf 78' lang='grc' dir='ltr'>ἕως</span> <span class='ocrx_word' id='word_1_240' title='bbox 1246 2141 1446 2210; x_wconf 78' lang='grc' dir='ltr'><strong>τρίτου</strong></span> <span class='ocrx_word' id='word_1_241' title='bbox 1516 2138 1799 2207; x_wconf 73' lang='grc' dir='ltr'>οὐρανοῦ,</span> 
     </span>
    </p>
   </div>
   <div class='ocr_carea' id='block_1_34' title="bbox 216 2230 1803 2304">
    <p class='ocr_par' dir='ltr' id='par_1_34' title="bbox 216 2230 1803 2304">
     <span class='ocr_line' id='line_1_34' title="bbox 216 2230 1803 2304; baseline -0.008 -9"><span class='ocrx_word' id='word_1_242' title='bbox 216 2243 320 2296; x_wconf 73' lang='grc' dir='ltr'><strong>καί</strong></span> <span class='ocrx_word' id='word_1_243' title='bbox 348 2237 481 2296; x_wconf 75' lang='grc' dir='ltr'>οῖδα</span> <span class='ocrx_word' id='word_1_244' title='bbox 521 2240 628 2293; x_wconf 79' lang='grc' dir='ltr'><strong>τὸν</strong></span> <span class='ocrx_word' id='word_1_245' title='bbox 691 2238 968 2300; x_wconf 76' lang='grc' dir='ltr'>τοιοῦτον</span> <span class='ocrx_word' id='word_1_246' title='bbox 1006 2237 1354 2304; x_wconf 67' lang='grc' dir='ltr'>ἄνθρωπον,</span> <span class='ocrx_word' id='word_1_247' title='bbox 1404 2233 1525 2286; x_wconf 76' lang='grc' dir='ltr'>εἴτε</span> <span class='ocrx_word' id='word_1_248' title='bbox 1577 2231 1647 2294; x_wconf 74' lang='grc' dir='ltr'><strong>ἐν</strong></span> <span class='ocrx_word' id='word_1_249' title='bbox 1687 2230 1803 2284; x_wconf 81' lang='grc' dir='ltr'><strong>σώ-</strong></span> 
     </span>
    </p>
   </div>
   <div class='ocr_carea' id='block_1_35' title="bbox 209 2323 1802 2405">
    <p class='ocr_par' dir='ltr' id='par_1_35' title="bbox 209 2323 1802 2405">
     <span class='ocr_line' id='line_1_35' title="bbox 209 2323 1802 2405; baseline -0.009 -15"><span class='ocrx_word' id='word_1_250' title='bbox 209 2354 357 2405; x_wconf 83' lang='grc' dir='ltr'>ματι</span> <span class='ocrx_word' id='word_1_251' title='bbox 387 2375 400 2400; x_wconf 97' lang='grc'><strong>,</strong></span> <span class='ocrx_word' id='word_1_252' title='bbox 442 2333 564 2388; x_wconf 78' lang='grc' dir='ltr'>είτε</span> <span class='ocrx_word' id='word_1_253' title='bbox 623 2331 798 2397; x_wconf 70' lang='grc' dir='ltr'>ἐκτὸς</span> <span class='ocrx_word' id='word_1_254' title='bbox 835 2330 941 2386; x_wconf 85' lang='grc' dir='ltr'>τοῦ</span> <span class='ocrx_word' id='word_1_255' title='bbox 983 2327 1260 2398; x_wconf 83' lang='grc' dir='ltr'>σώματος</span> <span class='ocrx_word' id='word_1_256' title='bbox 1283 2328 1394 2380; x_wconf 86' lang='grc' dir='ltr'>οὐκ</span> <span class='ocrx_word' id='word_1_257' title='bbox 1417 2325 1568 2390; x_wconf 76' lang='grc' dir='ltr'>οῖδα,</span> <span class='ocrx_word' id='word_1_258' title='bbox 1601 2327 1634 2378; x_wconf 85' lang='grc' dir='ltr'><em>ὀ</em></span> <span class='ocrx_word' id='word_1_259' title='bbox 1659 2323 1802 2389; x_wconf 82' lang='grc' dir='ltr'><strong>Θεὸς</strong></span> 
     </span>
    </p>
   </div>
   <div class='ocr_carea' id='block_1_36' title="bbox 211 2415 1800 2494">
    <p class='ocr_par' dir='ltr' id='par_1_36' title="bbox 211 2415 1800 2494">
     <span class='ocr_line' id='line_1_36' title="bbox 211 2415 1800 2494; baseline -0.008 -13"><span class='ocrx_word' id='word_1_260' title='bbox 211 2425 386 2494; x_wconf 68' lang='grc' dir='ltr'>οἶδεν</span> <span class='ocrx_word' id='word_1_261' title='bbox 417 2467 432 2490; x_wconf 88' lang='grc'><strong>,</strong></span> <span class='ocrx_word' id='word_1_262' title='bbox 485 2425 574 2480; x_wconf 81' lang='grc' dir='ltr'><strong>ὅτι</strong></span> <span class='ocrx_word' id='word_1_263' title='bbox 625 2423 862 2492; x_wconf 72' lang='grc' dir='ltr'>ἡρπάγη</span> <span class='ocrx_word' id='word_1_264' title='bbox 913 2423 999 2487; x_wconf 74' lang='grc' dir='ltr'><strong>εἰς</strong></span> <span class='ocrx_word' id='word_1_265' title='bbox 1060 2420 1167 2473; x_wconf 75' lang='grc' dir='ltr'><strong>τὸν</strong></span> <span class='ocrx_word' id='word_1_266' title='bbox 1220 2417 1592 2487; x_wconf 77' lang='grc' dir='ltr'><strong>παράδεισον</strong></span> <span class='ocrx_word' id='word_1_267' title='bbox 1631 2458 1645 2482; x_wconf 93' lang='grc'><strong>,</strong></span> <span class='ocrx_word' id='word_1_268' title='bbox 1701 2415 1800 2469; x_wconf 76' lang='grc' dir='ltr'>καὶ</span> 
     </span>
    </p>
   </div>
   <div class='ocr_carea' id='block_1_37' title="bbox 210 2505 1802 2589">
    <p class='ocr_par' dir='ltr' id='par_1_37' title="bbox 210 2505 1802 2589">
     <span class='ocr_line' id='line_1_37' title="bbox 210 2505 1802 2589; baseline -0.009 -16"><span class='ocrx_word' id='word_1_269' title='bbox 210 2519 490 2589; x_wconf 66' lang='grc' dir='ltr'>ἤκουσεν</span> <span class='ocrx_word' id='word_1_270' title='bbox 527 2514 752 2583; x_wconf 76' lang='grc' dir='ltr'>ἆρῤητα</span> <span class='ocrx_word' id='word_1_271' title='bbox 789 2512 1051 2583; x_wconf 76' lang='grc' dir='ltr'>ῥήματα,</span> <span class='ocrx_word' id='word_1_272' title='bbox 1107 2508 1147 2564; x_wconf 83' lang='grc' dir='ltr'><em>ᾰ</em></span> <span class='ocrx_word' id='word_1_273' title='bbox 1172 2511 1284 2564; x_wconf 82' lang='grc' dir='ltr'>οὐκ</span> <span class='ocrx_word' id='word_1_274' title='bbox 1331 2509 1477 2574; x_wconf 75' lang='grc' dir='ltr'><strong>ἐξὸν</strong></span> <span class='ocrx_word' id='word_1_275' title='bbox 1515 2505 1802 2576; x_wconf 77' lang='grc' dir='ltr'>ἀνθρώπῳ</span> 
     </span>
    </p>
   </div>
   <div class='ocr_carea' id='block_1_38' title="bbox 209 2609 1686 2682">
    <p class='ocr_par' dir='ltr' id='par_1_38' title="bbox 209 2609 1686 2682">
     <span class='ocr_line' id='line_1_38' title="bbox 209 2609 1686 2682; baseline -0.005 -15"><span class='ocrx_word' id='word_1_276' title='bbox 209 2609 506 2678; x_wconf 59' lang='grc' dir='ltr'><strong>λαλῆσαι.</strong></span> <span class='ocrx_word' id='word_1_277' title='bbox 1669 2679 1686 2682; x_wconf 94' lang='lat'>_</span> 
     </span>
    </p>
   </div>
   <div class='ocr_carea' id='block_1_39' title="bbox 295 2690 1804 2775">
    <p class='ocr_par' dir='ltr' id='par_1_39' title="bbox 295 2690 1804 2775">
     <span class='ocr_line' id='line_1_39' title="bbox 295 2690 1804 2775; baseline -0.01 -15"><span class='ocrx_word' id='word_1_278' title='bbox 295 2697 646 2775; x_wconf 74' lang='grc' dir='ltr'>«Καυχᾶσθαι</span> <span class='ocrx_word' id='word_1_279' title='bbox 683 2701 748 2770; x_wconf 79' lang='grc' dir='ltr'><strong>δὴ</strong></span> <span class='ocrx_word' id='word_1_280' title='bbox 788 2699 849 2752; x_wconf 85' lang='grc' dir='ltr'><strong>οὐ</strong></span> <span class='ocrx_word' id='word_1_281' title='bbox 875 2697 1144 2769; x_wconf 81' lang='grc' dir='ltr'><strong>συμφέρει</strong></span> <span class='ocrx_word' id='word_1_282' title='bbox 1175 2715 1193 2748; x_wconf 77' lang='grc' dir='ltr'><em>ι</em></span> <span class='ocrx_word' id='word_1_283' title='bbox 1224 2713 1336 2765; x_wconf 90' lang='grc' dir='ltr'>μοι.</span> <span class='ocrx_word' id='word_1_284' title='bbox 1393 2694 1583 2749; x_wconf 84' lang='grc' dir='ltr'>Καίτοι</span> <span class='ocrx_word' id='word_1_285' title='bbox 1632 2690 1804 2745; x_wconf 74' lang='grc' dir='ltr'>πολλὰ</span> 
     </span>
    </p>
   </div>
   <div class='ocr_carea' id='block_1_40' title="bbox 211 2783 1800 2863">
    <p class='ocr_par' dir='ltr' id='par_1_40' title="bbox 211 2783 1800 2863">
     <span class='ocr_line' id='line_1_40' title="bbox 211 2783 1800 2863; baseline -0.011 -12"><span class='ocrx_word' id='word_1_286' title='bbox 211 2797 391 2851; x_wconf 71' lang='grc' dir='ltr'>εἰπὼν</span> <span class='ocrx_word' id='word_1_287' title='bbox 417 2797 547 2861; x_wconf 76' lang='grc' dir='ltr'>ἄνω,</span> <span class='ocrx_word' id='word_1_288' title='bbox 568 2795 684 2857; x_wconf 84' lang='grc' dir='ltr'>πῶς</span> <span class='ocrx_word' id='word_1_289' title='bbox 695 2787 794 2848; x_wconf 78' lang='grc' dir='ltr'><strong>ὦδε</strong></span> <span class='ocrx_word' id='word_1_290' title='bbox 813 2790 1122 2863; x_wconf 60' lang='grc' dir='ltr'>φησὶνμοίι</span> <span class='ocrx_word' id='word_1_291' title='bbox 1146 2788 1416 2860; x_wconf 78' lang='grc' dir='ltr'>συμφέροι</span> <span class='ocrx_word' id='word_1_292' title='bbox 1440 2804 1548 2856; x_wconf 88' lang='grc' dir='ltr'>μοι,</span> <span class='ocrx_word' id='word_1_293' title='bbox 1579 2783 1800 2855; x_wconf 72' lang='grc' dir='ltr'>Ἐπειδὴ</span> 
     </span>
    </p>
   </div>
   <div class='ocr_carea' id='block_1_41' title="bbox 208 2873 1800 2966">
    <p class='ocr_par' dir='ltr' id='par_1_41' title="bbox 208 2873 1800 2957">
     <span class='ocr_line' id='line_1_41' title="bbox 208 2873 1800 2957; baseline -0.01 -15"><span class='ocrx_word' id='word_1_294' title='bbox 208 2891 299 2951; x_wconf 79' lang='grc' dir='ltr'><strong>είς</strong></span> <span class='ocrx_word' id='word_1_295' title='bbox 349 2889 536 2957; x_wconf 72' lang='grc' dir='ltr'>ἓτερον</span> <span class='ocrx_word' id='word_1_296' title='bbox 585 2881 724 2948; x_wconf 75' lang='grc' dir='ltr'>εἶδος</span> <span class='ocrx_word' id='word_1_297' title='bbox 775 2877 1103 2953; x_wconf 81' lang='grc' dir='ltr'>καυχήσεως</span> <span class='ocrx_word' id='word_1_298' title='bbox 1154 2881 1356 2950; x_wconf 73' lang='grc' dir='ltr'>ῆρχετο</span> <span class='ocrx_word' id='word_1_299' title='bbox 1389 2918 1403 2943; x_wconf 93' lang='grc'><strong>,</strong></span> <span class='ocrx_word' id='word_1_300' title='bbox 1447 2878 1583 2948; x_wconf 81' lang='grc' dir='ltr'>ὅπερ</span> <span class='ocrx_word' id='word_1_301' title='bbox 1639 2873 1800 2930; x_wconf 70' lang='grc' dir='ltr'>αὐτὸν</span> 
     </span>
    </p>
   </div>
   <div class='ocr_carea' id='block_1_42' title="bbox 211 2965 1794 3048">
    <p class='ocr_par' dir='ltr' id='par_1_42' title="bbox 211 2965 1794 3048">
     <span class='ocr_line' id='line_1_42' title="bbox 211 2965 1794 3048; baseline -0.008 -16"><span class='ocrx_word' id='word_1_302' title='bbox 211 2980 393 3032; x_wconf 65' lang='lat' dir='ltr'><strong>imis:</strong></span> <span class='ocrx_word' id='word_1_303' title='bbox 435 2977 707 3048; x_wconf 72' lang='grc' dir='ltr'>λαμπρὸν,</span> <span class='ocrx_word' id='word_1_304' title='bbox 735 2976 796 3029; x_wconf 69' lang='grc' dir='ltr'>τὸ</span> <span class='ocrx_word' id='word_1_305' title='bbox 828 2975 935 3027; x_wconf 84' lang='grc' dir='ltr'><strong>τῶν</strong></span> <span class='ocrx_word' id='word_1_306' title='bbox 988 2965 1408 3042; x_wconf 78' lang='grc' dir='ltr'>ἀποκαλύψεων.</span> <span class='ocrx_word' id='word_1_307' title='bbox 1468 2968 1640 3040; x_wconf 73' lang='grc' dir='ltr'>Φησὶν</span> <span class='ocrx_word' id='word_1_308' title='bbox 1673 2965 1794 3029; x_wconf 72' lang='grc' dir='ltr'>οὖν,</span> 
     </span>
    </p>
   </div>
   <div class='ocr_carea' id='block_1_43' title="bbox 219 3059 1799 3137">
    <p class='ocr_par' dir='ltr' id='par_1_43' title="bbox 219 3059 1799 3137">
     <span class='ocr_line' id='line_1_43' title="bbox 219 3059 1799 3137; baseline -0.008 -14"><span class='ocrx_word' id='word_1_309' title='bbox 219 3089 244 3123; x_wconf 76' lang='grc' dir='ltr'><em>ι</em></span> <span class='ocrx_word' id='word_1_310' title='bbox 268 3070 343 3125; x_wconf 81' lang='grc' dir='ltr'><strong>Οὐ</strong></span> <span class='ocrx_word' id='word_1_311' title='bbox 379 3069 647 3137; x_wconf 76' lang='grc' dir='ltr'>συμφέρει</span> <span class='ocrx_word' id='word_1_312' title='bbox 688 3085 778 3137; x_wconf 86' lang='grc' dir='ltr'><strong>μοι</strong></span> <span class='ocrx_word' id='word_1_313' title='bbox 821 3066 1008 3129; x_wconf 75' lang='grc' dir='ltr'>τοῦτο,</span> <span class='ocrx_word' id='word_1_314' title='bbox 1035 3083 1054 3116; x_wconf 71' lang='grc' dir='ltr'>ι</span> <span class='ocrx_word' id='word_1_315' title='bbox 1095 3064 1182 3116; x_wconf 77' lang='grc' dir='ltr'>ἵνα</span> <span class='ocrx_word' id='word_1_316' title='bbox 1217 3063 1290 3133; x_wconf 83' lang='grc' dir='ltr'>μή</span> <span class='ocrx_word' id='word_1_317' title='bbox 1324 3079 1392 3131; x_wconf 90' lang='grc' dir='ltr'><strong>με</strong></span> <span class='ocrx_word' id='word_1_318' title='bbox 1429 3063 1509 3123; x_wconf 88' lang='grc' dir='ltr'><strong>είς</strong></span> <span class='ocrx_word' id='word_1_319' title='bbox 1538 3059 1799 3114; x_wconf 78' lang='grc' dir='ltr'>ἀπόνοιαν</span> 
     </span>
    </p>
   </div>
   <div class='ocr_carea' id='block_1_44' title="bbox 1972 1680 3480 1757">
    <p class='ocr_par' dir='ltr' id='par_1_44' title="bbox 1972 1680 3480 1757">
     <span class='ocr_line' id='line_1_44' title="bbox 1972 1680 3480 1757; baseline 0.009 -25"><span class='ocrx_word' id='word_1_320' title='bbox 1972 1680 2087 1747; x_wconf 84' lang='lat' dir='ltr'><strong>XII,</strong></span> <span class='ocrx_word' id='word_1_321' title='bbox 2123 1683 2228 1738; x_wconf 78' lang='grc'><strong>1-4.</strong></span> <span class='ocrx_word' id='word_1_322' title='bbox 2261 1682 2504 1739; x_wconf 83' lang='lat' dir='ltr'><strong>Gloriari</strong></span> <span class='ocrx_word' id='word_1_323' title='bbox 2545 1703 2673 1740; x_wconf 83' lang='lat' dir='ltr'><strong>sane</strong></span> <span class='ocrx_word' id='word_1_324' title='bbox 2705 1703 2810 1741; x_wconf 82' lang='lat' dir='ltr'><strong>non</strong></span> <span class='ocrx_word' id='word_1_325' title='bbox 2843 1689 3053 1757; x_wconf 76' lang='lat' dir='ltr'><strong>expedit</strong></span> <span class='ocrx_word' id='word_1_326' title='bbox 3089 1691 3238 1755; x_wconf 87' lang='lat' dir='ltr'><strong>mihi,</strong></span> <span class='ocrx_word' id='word_1_327' title='bbox 3269 1693 3480 1746; x_wconf 78' lang='lat' dir='ltr'><strong>veniam</strong></span> 
     </span>
    </p>
   </div>
   <div class='ocr_carea' id='block_1_45' title="bbox 1902 1775 3596 1850">
    <p class='ocr_par' dir='ltr' id='par_1_45' title="bbox 1902 1775 3596 1850">
     <span class='ocr_line' id='line_1_45' title="bbox 1902 1775 3596 1850; baseline 0.008 -23"><span class='ocrx_word' id='word_1_328' title='bbox 1902 1776 2042 1828; x_wconf 87' lang='lat' dir='ltr'><strong>enim</strong></span> <span class='ocrx_word' id='word_1_329' title='bbox 2079 1775 2149 1829; x_wconf 87' lang='lat' dir='ltr'><strong>ad</strong></span> <span class='ocrx_word' id='word_1_330' title='bbox 2181 1777 2406 1831; x_wconf 81' lang='lat' dir='ltr'><strong>visiones</strong></span> <span class='ocrx_word' id='word_1_331' title='bbox 2453 1795 2515 1832; x_wconf 85' lang='lat' dir='ltr'><strong>ac</strong></span> <span class='ocrx_word' id='word_1_332' title='bbox 2543 1781 2893 1835; x_wconf 81' lang='lat' dir='ltr'><strong>revelationes</strong></span> <span class='ocrx_word' id='word_1_333' title='bbox 2939 1781 3174 1838; x_wconf 78' lang='lat' dir='ltr'><strong>Domini.</strong></span> <span class='ocrx_word' id='word_1_334' title='bbox 3208 1784 3349 1839; x_wconf 77' lang='lat' dir='ltr'><strong>Novi</strong></span> <span class='ocrx_word' id='word_1_335' title='bbox 3383 1787 3483 1839; x_wconf 89' lang='lat' dir='ltr'><strong>ho-</strong></span> <span class='ocrx_word' id='word_1_336' title='bbox 3591 1846 3596 1850; x_wconf 45' lang='lat'><strong>,</strong></span> 
     </span>
    </p>
   </div>
   <div class='ocr_carea' id='block_1_46' title="bbox 1905 1868 3483 1942">
    <p class='ocr_par' dir='ltr' id='par_1_46' title="bbox 1905 1868 3483 1942">
     <span class='ocr_line' id='line_1_46' title="bbox 1905 1868 3483 1942; baseline 0.008 -22"><span class='ocrx_word' id='word_1_337' title='bbox 1905 1868 2096 1922; x_wconf 72' lang='lat' dir='ltr'><strong>minam</strong></span> <span class='ocrx_word' id='word_1_338' title='bbox 2138 1870 2192 1922; x_wconf 83' lang='lat' dir='ltr'><strong>in</strong></span> <span class='ocrx_word' id='word_1_339' title='bbox 2223 1868 2442 1924; x_wconf 77' lang='lat' dir='ltr'><strong>Christo</strong></span> <span class='ocrx_word' id='word_1_340' title='bbox 2485 1881 2607 1926; x_wconf 84' lang='lat' dir='ltr'><strong>ante</strong></span> <span class='ocrx_word' id='word_1_341' title='bbox 2635 1889 2802 1926; x_wconf 84' lang='lat' dir='ltr'><strong>annos</strong></span> <span class='ocrx_word' id='word_1_342' title='bbox 2832 1878 3264 1942; x_wconf 84' lang='lat' dir='ltr'><strong>quatuordecim:</strong></span> <span class='ocrx_word' id='word_1_343' title='bbox 3311 1895 3380 1932; x_wconf 85' lang='lat' dir='ltr'><strong>an</strong></span> <span class='ocrx_word' id='word_1_344' title='bbox 3428 1880 3483 1932; x_wconf 85' lang='lat' dir='ltr'><strong>in</strong></span> 
     </span>
    </p>
   </div>
   <div class='ocr_carea' id='block_1_47' title="bbox 1905 1963 3484 2034">
    <p class='ocr_par' dir='ltr' id='par_1_47' title="bbox 1905 1963 3484 2034">
     <span class='ocr_line' id='line_1_47' title="bbox 1905 1963 3484 2034; baseline 0.007 -21"><span class='ocrx_word' id='word_1_345' title='bbox 1905 1976 2142 2030; x_wconf 75' lang='lat' dir='ltr'><strong>corpore,</strong></span> <span class='ocrx_word' id='word_1_346' title='bbox 2178 1963 2376 2027; x_wconf 84' lang='lat' dir='ltr'><strong>nescio,</strong></span> <span class='ocrx_word' id='word_1_347' title='bbox 2410 1980 2477 2017; x_wconf 86' lang='lat' dir='ltr'><strong>an</strong></span> <span class='ocrx_word' id='word_1_348' title='bbox 2527 1976 2683 2018; x_wconf 80' lang='lat' dir='ltr'><strong>extra</strong></span> <span class='ocrx_word' id='word_1_349' title='bbox 2735 1983 2946 2034; x_wconf 83' lang='lat' dir='ltr'><strong>corpus,</strong></span> <span class='ocrx_word' id='word_1_350' title='bbox 2979 1969 3151 2022; x_wconf 80' lang='lat' dir='ltr'><strong>nescio</strong></span> <span class='ocrx_word' id='word_1_351' title='bbox 3173 1985 3191 2022; x_wconf 89' lang='lat'><strong>:</strong></span> <span class='ocrx_word' id='word_1_352' title='bbox 3218 1968 3360 2022; x_wconf 86' lang='lat' dir='ltr'><strong>Deus</strong></span> <span class='ocrx_word' id='word_1_353' title='bbox 3389 1985 3484 2023; x_wconf 83' lang='lat' dir='ltr'><strong>no-</strong></span> 
     </span>
    </p>
   </div>
   <div class='ocr_carea' id='block_1_48' title="bbox 1905 2053 3478 2131">
    <p class='ocr_par' dir='ltr' id='par_1_48' title="bbox 1905 2053 3478 2131">
     <span class='ocr_line' id='line_1_48' title="bbox 1905 2053 3478 2131; baseline 0.006 -26"><span class='ocrx_word' id='word_1_354' title='bbox 1905 2053 2014 2119; x_wconf 79' lang='lat' dir='ltr'><strong>vit;</strong></span> <span class='ocrx_word' id='word_1_355' title='bbox 2048 2063 2261 2123; x_wconf 83' lang='lat' dir='ltr'><strong>raptum</strong></span> <span class='ocrx_word' id='word_1_356' title='bbox 2297 2055 2602 2123; x_wconf 83' lang='lat' dir='ltr'><strong>hujusmodi</strong></span> <span class='ocrx_word' id='word_1_357' title='bbox 2643 2059 2695 2111; x_wconf 86' lang='lat' dir='ltr'><strong>in</strong></span> <span class='ocrx_word' id='word_1_358' title='bbox 2728 2061 2940 2113; x_wconf 85' lang='lat' dir='ltr'><strong>tertium</strong></span> <span class='ocrx_word' id='word_1_359' title='bbox 2983 2077 3146 2131; x_wconf 84' lang='lat' dir='ltr'><strong>usque</strong></span> <span class='ocrx_word' id='word_1_360' title='bbox 3183 2057 3392 2124; x_wconf 64' lang='lat' dir='ltr'><strong>coetum,</strong></span> <span class='ocrx_word' id='word_1_361' title='bbox 3427 2071 3478 2116; x_wconf 86' lang='lat' dir='ltr'><strong>et</strong></span> 
     </span>
    </p>
   </div>
   <div class='ocr_carea' id='block_1_49' title="bbox 1905 2146 3481 2220">
    <p class='ocr_par' dir='ltr' id='par_1_49' title="bbox 1905 2146 3481 2220">
     <span class='ocr_line' id='line_1_49' title="bbox 1905 2146 3481 2220; baseline 0.006 -21"><span class='ocrx_word' id='word_1_362' title='bbox 1905 2147 2012 2200; x_wconf 85' lang='lat' dir='ltr'><strong>scio</strong></span> <span class='ocrx_word' id='word_1_363' title='bbox 2043 2146 2346 2209; x_wconf 82' lang='lat' dir='ltr'><strong>huiusmodi</strong></span> <span class='ocrx_word' id='word_1_364' title='bbox 2373 2148 2655 2214; x_wconf 80' lang='lat' dir='ltr'><strong>hominem,</strong></span> <span class='ocrx_word' id='word_1_365' title='bbox 2692 2153 2796 2205; x_wconf 76' lang='lat' dir='ltr'><strong>sive</strong></span> <span class='ocrx_word' id='word_1_366' title='bbox 2823 2152 2878 2204; x_wconf 85' lang='lat' dir='ltr'><strong>in</strong></span> <span class='ocrx_word' id='word_1_367' title='bbox 2913 2168 3153 2220; x_wconf 84' lang='lat' dir='ltr'><strong>corpore,</strong></span> <span class='ocrx_word' id='word_1_368' title='bbox 3185 2155 3293 2208; x_wconf 86' lang='lat' dir='ltr'><strong>sive</strong></span> <span class='ocrx_word' id='word_1_369' title='bbox 3325 2165 3481 2208; x_wconf 76' lang='lat' dir='ltr'><strong>extra</strong></span> 
     </span>
    </p>
   </div>
   <div class='ocr_carea' id='block_1_50' title="bbox 1906 2236 3484 2313">
    <p class='ocr_par' dir='ltr' id='par_1_50' title="bbox 1906 2236 3484 2313">
     <span class='ocr_line' id='line_1_50' title="bbox 1906 2236 3484 2313; baseline 0.005 -24"><span class='ocrx_word' id='word_1_370' title='bbox 1906 2251 2094 2304; x_wconf 80' lang='lat' dir='ltr'><strong>corpus</strong></span> <span class='ocrx_word' id='word_1_371' title='bbox 2125 2239 2320 2303; x_wconf 82' lang='lat' dir='ltr'><strong>nescio,</strong></span> <span class='ocrx_word' id='word_1_372' title='bbox 2365 2237 2500 2292; x_wconf 86' lang='lat' dir='ltr'><strong>Deus</strong></span> <span class='ocrx_word' id='word_1_373' title='bbox 2529 2241 2716 2312; x_wconf 63' lang='lat' dir='ltr'><strong>novit}:</strong></span> <span class='ocrx_word' id='word_1_374' title='bbox 2765 2255 2976 2312; x_wconf 80' lang='lat' dir='ltr'><strong>raptum</strong></span> <span class='ocrx_word' id='word_1_375' title='bbox 3021 2244 3184 2313; x_wconf 78' lang='lat' dir='ltr'><strong>fuisse</strong></span> <span class='ocrx_word' id='word_1_376' title='bbox 3226 2245 3281 2297; x_wconf 85' lang='lat' dir='ltr'><strong>in</strong></span> <span class='ocrx_word' id='word_1_377' title='bbox 3321 2236 3484 2311; x_wconf 71' lang='lat' dir='ltr'><strong>para-</strong></span> 
     </span>
    </p>
   </div>
   <div class='ocr_carea' id='block_1_51' title="bbox 1907 2327 3484 2406">
    <p class='ocr_par' dir='ltr' id='par_1_51' title="bbox 1907 2327 3484 2406">
     <span class='ocr_line' id='line_1_51' title="bbox 1907 2327 3484 2406; baseline 0.007 -26"><span class='ocrx_word' id='word_1_378' title='bbox 1907 2327 2104 2390; x_wconf 83' lang='lat' dir='ltr'><strong>disum,</strong></span> <span class='ocrx_word' id='word_1_379' title='bbox 2127 2339 2175 2383; x_wconf 85' lang='lat' dir='ltr'><strong>et</strong></span> <span class='ocrx_word' id='word_1_380' title='bbox 2207 2331 2422 2385; x_wconf 82' lang='lat' dir='ltr'><strong>audisse</strong></span> <span class='ocrx_word' id='word_1_381' title='bbox 2455 2347 2656 2387; x_wconf 85' lang='lat' dir='ltr'><strong>arcana</strong></span> <span class='ocrx_word' id='word_1_382' title='bbox 2691 2334 2844 2389; x_wconf 81' lang='lat' dir='ltr'><strong>verba</strong></span> <span class='ocrx_word' id='word_1_383' title='bbox 2883 2353 2998 2406; x_wconf 73' lang='lat' dir='ltr'><strong>qua:</strong></span> <span class='ocrx_word' id='word_1_384' title='bbox 3036 2335 3121 2406; x_wconf 83' lang='lat' dir='ltr'><strong>fas</strong></span> <span class='ocrx_word' id='word_1_385' title='bbox 3150 2353 3258 2390; x_wconf 86' lang='lat' dir='ltr'><strong>non</strong></span> <span class='ocrx_word' id='word_1_386' title='bbox 3291 2337 3361 2390; x_wconf 85' lang='lat' dir='ltr'><strong>sit</strong></span> <span class='ocrx_word' id='word_1_387' title='bbox 3389 2335 3484 2391; x_wconf 87' lang='lat' dir='ltr'><strong>ha-</strong></span> 
     </span>
    </p>
   </div>
   <div class='ocr_carea' id='block_1_52' title="bbox 1907 2422 2231 2493">
    <p class='ocr_par' dir='ltr' id='par_1_52' title="bbox 1907 2422 2231 2493">
     <span class='ocr_line' id='line_1_52' title="bbox 1907 2422 2231 2493; baseline 0 -17"><span class='ocrx_word' id='word_1_388' title='bbox 1907 2423 2038 2476; x_wconf 86' lang='lat' dir='ltr'><strong>mini</strong></span> <span class='ocrx_word' id='word_1_389' title='bbox 2068 2422 2231 2493; x_wconf 88' lang='lat' dir='ltr'><strong>loqui.</strong></span> 
     </span>
    </p>
   </div>
   <div class='ocr_carea' id='block_1_53' title="bbox 1987 2686 3488 2766">
    <p class='ocr_par' dir='ltr' id='par_1_53' title="bbox 1987 2686 3488 2766">
     <span class='ocr_line' id='line_1_53' title="bbox 1987 2686 3488 2766; baseline 0.008 -28"><span class='ocrx_word' id='word_1_390' title='bbox 1987 2704 2005 2738; x_wconf 81' lang='grc' dir='ltr'>ι</span> <span class='ocrx_word' id='word_1_391' title='bbox 2043 2686 2279 2743; x_wconf 86' lang='lat' dir='ltr'><strong>Gloriari</strong></span> <span class='ocrx_word' id='word_1_392' title='bbox 2317 2705 2451 2746; x_wconf 86' lang='lat' dir='ltr'><strong>sane</strong></span> <span class='ocrx_word' id='word_1_393' title='bbox 2474 2693 2694 2762; x_wconf 75' lang='lat' dir='ltr'><strong>expedit</strong></span> <span class='ocrx_word' id='word_1_394' title='bbox 2726 2694 2881 2749; x_wconf 86' lang='lat' dir='ltr'><strong>mihi.</strong></span> <span class='ocrx_word' id='word_1_395' title='bbox 2935 2713 2953 2747; x_wconf 73' lang='grc' dir='ltr'>ι</span> <span class='ocrx_word' id='word_1_396' title='bbox 2989 2696 3152 2766; x_wconf 79' lang='lat' dir='ltr'><strong>Atqui</strong></span> <span class='ocrx_word' id='word_1_397' title='bbox 3187 2697 3356 2750; x_wconf 87' lang='lat' dir='ltr'><strong>multa</strong></span> <span class='ocrx_word' id='word_1_398' title='bbox 3393 2713 3488 2752; x_wconf 87' lang='lat' dir='ltr'><strong>sn-</strong></span> 
     </span>
    </p>
   </div>
   <div class='ocr_carea' id='block_1_54' title="bbox 1908 2781 3491 2859">
    <p class='ocr_par' dir='ltr' id='par_1_54' title="bbox 1908 2781 3491 2859">
     <span class='ocr_line' id='line_1_54' title="bbox 1908 2781 3491 2859; baseline 0.008 -26"><span class='ocrx_word' id='word_1_399' title='bbox 1908 2781 2280 2849; x_wconf 80' lang='lat' dir='ltr'><strong>perius&#39;dixit,</strong></span> <span class='ocrx_word' id='word_1_400' title='bbox 2312 2785 2588 2853; x_wconf 90' lang='lat' dir='ltr'><strong>quomodo</strong></span> <span class='ocrx_word' id='word_1_401' title='bbox 2621 2800 2749 2856; x_wconf 82' lang='lat' dir='ltr'><strong>ergo</strong></span> <span class='ocrx_word' id='word_1_402' title='bbox 2789 2803 2931 2840; x_wconf 90' lang='lat' dir='ltr'><strong>nunc</strong></span> <span class='ocrx_word' id='word_1_403' title='bbox 2966 2788 3060 2852; x_wconf 85' lang='lat' dir='ltr'><strong>ait,</strong></span> <span class='ocrx_word' id='word_1_404' title='bbox 3124 2807 3142 2840; x_wconf 81' lang='grc' dir='ltr'><em>ι</em></span> <span class='ocrx_word' id='word_1_405' title='bbox 3177 2787 3295 2842; x_wconf 80' lang='lat' dir='ltr'><strong>Non</strong></span> <span class='ocrx_word' id='word_1_406' title='bbox 3324 2805 3491 2859; x_wconf 84' lang='lat' dir='ltr'><strong>expc-</strong></span> 
     </span>
    </p>
   </div>
   <div class='ocr_carea' id='block_1_55' title="bbox 1910 2873 3488 2951">
    <p class='ocr_par' dir='ltr' id='par_1_55' title="bbox 1910 2873 3488 2951">
     <span class='ocr_line' id='line_1_55' title="bbox 1910 2873 3488 2951; baseline 0.005 -23"><span class='ocrx_word' id='word_1_407' title='bbox 1910 2873 1990 2928; x_wconf 89' lang='lat' dir='ltr'><strong>dit</strong></span> <span class='ocrx_word' id='word_1_408' title='bbox 2018 2874 2191 2942; x_wconf 90' lang='lat' dir='ltr'><strong>mihi;</strong></span> <span class='ocrx_word' id='word_1_409' title='bbox 2229 2894 2247 2926; x_wconf 76' lang='grc' dir='ltr'><em>ι</em></span> <span class='ocrx_word' id='word_1_410' title='bbox 2301 2877 2564 2945; x_wconf 85' lang='lat' dir='ltr'><strong>quoniam</strong></span> <span class='ocrx_word' id='word_1_411' title='bbox 2607 2878 2673 2931; x_wconf 89' lang='lat' dir='ltr'><strong>ad</strong></span> <span class='ocrx_word' id='word_1_412' title='bbox 2720 2877 2869 2932; x_wconf 86' lang='lat' dir='ltr'><strong>aliud</strong></span> <span class='ocrx_word' id='word_1_413' title='bbox 2919 2879 3270 2949; x_wconf 76' lang='lat' dir='ltr'><strong>gloriationis</strong></span> <span class='ocrx_word' id='word_1_414' title='bbox 3310 2895 3488 2951; x_wconf 79' lang='lat' dir='ltr'><strong>genus</strong></span> 
     </span>
    </p>
   </div>
   <div class='ocr_carea' id='block_1_56' title="bbox 1909 2967 3485 3042">
    <p class='ocr_par' dir='ltr' id='par_1_56' title="bbox 1909 2967 3485 3042">
     <span class='ocr_line' id='line_1_56' title="bbox 1909 2967 3485 3042; baseline 0.005 -22"><span class='ocrx_word' id='word_1_415' title='bbox 1909 2967 2186 3032; x_wconf 85' lang='lat' dir='ltr'><strong>veniebat,</strong></span> <span class='ocrx_word' id='word_1_416' title='bbox 2224 2969 2370 3038; x_wconf 90' lang='lat' dir='ltr'><strong>quod</strong></span> <span class='ocrx_word' id='word_1_417' title='bbox 2403 2968 2585 3040; x_wconf 90' lang='lat' dir='ltr'><strong>ipsum</strong></span> <span class='ocrx_word' id='word_1_418' title='bbox 2615 2970 2822 3025; x_wconf 85' lang='lat' dir='ltr'><strong>clarum</strong></span> <span class='ocrx_word' id='word_1_419' title='bbox 2859 2971 3132 3037; x_wconf 82' lang='lat' dir='ltr'><strong>redderet,</strong></span> <span class='ocrx_word' id='word_1_420' title='bbox 3168 2987 3362 3042; x_wconf 90' lang='lat' dir='ltr'><strong>nempe</strong></span> <span class='ocrx_word' id='word_1_421' title='bbox 3394 2989 3485 3028; x_wconf 87' lang='lat' dir='ltr'><strong>re-</strong></span> 
     </span>
    </p>
   </div>
   <div class='ocr_carea' id='block_1_57' title="bbox 1919 3059 3479 3136">
    <p class='ocr_par' dir='ltr' id='par_1_57' title="bbox 1919 3059 3479 3136">
     <span class='ocr_line' id='line_1_57' title="bbox 1919 3059 3479 3136; baseline 0.002 -24"><span class='ocrx_word' id='word_1_422' title='bbox 1919 3059 2278 3115; x_wconf 85' lang='lat' dir='ltr'><strong>velationum.</strong></span> <span class='ocrx_word' id='word_1_423' title='bbox 2321 3061 2410 3114; x_wconf 85' lang='lat' dir='ltr'><strong>Ait</strong></span> <span class='ocrx_word' id='word_1_424' title='bbox 2440 3076 2610 3132; x_wconf 79' lang='lat' dir='ltr'><strong>ergo:</strong></span> <span class='ocrx_word' id='word_1_425' title='bbox 2651 3081 2668 3114; x_wconf 81' lang='grc' dir='ltr'><em>ι</em></span> <span class='ocrx_word' id='word_1_426' title='bbox 2719 3063 2848 3117; x_wconf 81' lang='lat' dir='ltr'><strong>Mihi</strong></span> <span class='ocrx_word' id='word_1_427' title='bbox 2891 3064 2993 3118; x_wconf 90' lang='lat' dir='ltr'><strong>hoc</strong></span> <span class='ocrx_word' id='word_1_428' title='bbox 3038 3079 3145 3118; x_wconf 90' lang='lat' dir='ltr'><strong>non</strong></span> <span class='ocrx_word' id='word_1_429' title='bbox 3177 3064 3417 3136; x_wconf 80' lang='lat' dir='ltr'><strong>expedit,</strong></span> <span class='ocrx_word' id='word_1_430' title='bbox 3459 3083 3479 3115; x_wconf 73' lang='grc' dir='ltr'>ι</span> 
     </span>
    </p>
   </div>
   <div class='ocr_carea' id='block_1_58' title="bbox 213 3151 1802 3233">
    <p class='ocr_par' dir='ltr' id='par_1_58' title="bbox 213 3151 1799 3233">
     <span class='ocr_line' id='line_1_58' title="bbox 213 3151 1799 3233; baseline -0.009 -17"><span class='ocrx_word' id='word_1_431' title='bbox 213 3163 352 3233; x_wconf 75' lang='grc' dir='ltr'><strong>ἄρῃ.</strong></span> <span class='ocrx_word' id='word_1_432' title='bbox 391 3159 604 3223; x_wconf 80' lang='grc' dir='ltr'>’Δλλως</span> <span class='ocrx_word' id='word_1_433' title='bbox 661 3158 770 3229; x_wconf 78' lang='grc' dir='ltr'>γὰρ</span> <span class='ocrx_word' id='word_1_434' title='bbox 798 3157 866 3210; x_wconf 80' lang='grc' dir='ltr'>τὰ</span> <span class='ocrx_word' id='word_1_435' title='bbox 902 3156 1031 3228; x_wconf 85' lang='grc' dir='ltr'>παρ’</span> <span class='ocrx_word' id='word_1_436' title='bbox 1075 3154 1224 3225; x_wconf 82' lang='grc' dir='ltr'>αὐτῷ</span> <span class='ocrx_word' id='word_1_437' title='bbox 1285 3153 1538 3222; x_wconf 77' lang='grc' dir='ltr'>μένοντα,</span> <span class='ocrx_word' id='word_1_438' title='bbox 1601 3151 1697 3204; x_wconf 73' lang='grc' dir='ltr'>καὶ</span> <span class='ocrx_word' id='word_1_439' title='bbox 1721 3151 1799 3213; x_wconf 82' lang='grc' dir='ltr'>εἰς</span> 
     </span>
    </p>
   </div>
   <div class='ocr_carea' id='block_1_59' title="bbox 1910 3151 3485 3233">
    <p class='ocr_par' dir='ltr' id='par_1_59' title="bbox 1910 3151 3485 3224">
     <span class='ocr_line' id='line_1_59' title="bbox 1910 3151 3485 3224; baseline 0.003 -20"><span class='ocrx_word' id='word_1_440' title='bbox 1910 3165 1977 3204; x_wconf 89' lang='lat' dir='ltr'><strong>ne</strong></span> <span class='ocrx_word' id='word_1_441' title='bbox 2004 3166 2089 3205; x_wconf 91' lang='lat' dir='ltr'><strong>me</strong></span> <span class='ocrx_word' id='word_1_442' title='bbox 2120 3151 2174 3204; x_wconf 92' lang='lat' dir='ltr'><strong>in</strong></span> <span class='ocrx_word' id='word_1_443' title='bbox 2207 3152 2575 3222; x_wconf 79' lang='lat' dir='ltr'><strong>arrogantiam</strong></span> <span class='ocrx_word' id='word_1_444' title='bbox 2608 3154 2851 3208; x_wconf 74' lang='lat' dir='ltr'><strong>extollat.</strong></span> <span class='ocrx_word' id='word_1_445' title='bbox 2891 3155 3014 3209; x_wconf 88' lang='lat' dir='ltr'><strong>Alio</strong></span> <span class='ocrx_word' id='word_1_446' title='bbox 3043 3168 3280 3224; x_wconf 88' lang='lat' dir='ltr'><strong>namque</strong></span> <span class='ocrx_word' id='word_1_447' title='bbox 3321 3154 3485 3209; x_wconf 91' lang='lat' dir='ltr'><strong>modo</strong></span> 
     </span>
    </p>
   </div>
   <div class='ocr_carea' id='block_1_60' title="bbox 215 3243 1803 3322">
    <p class='ocr_par' dir='ltr' id='par_1_60' title="bbox 215 3243 1803 3322">
     <span class='ocr_line' id='line_1_60' title="bbox 215 3243 1803 3322; baseline -0.008 -16"><span class='ocrx_word' id='word_1_448' title='bbox 215 3254 450 3322; x_wconf 68' lang='grc' dir='ltr'>ἑτέρους</span> <span class='ocrx_word' id='word_1_449' title='bbox 505 3251 852 3321; x_wconf 71' lang='grc' dir='ltr'>ἐκφερόμενα</span> <span class='ocrx_word' id='word_1_450' title='bbox 910 3248 1086 3318; x_wconf 77' lang='grc' dir='ltr'>φυσᾷν</span> <span class='ocrx_word' id='word_1_451' title='bbox 1145 3244 1354 3309; x_wconf 75' lang='grc' dir='ltr'>εἴωθεν,</span> <span class='ocrx_word' id='word_1_452' title='bbox 1409 3245 1508 3315; x_wconf 85' lang='grc' dir='ltr'><strong>οὐχ</strong></span> <span class='ocrx_word' id='word_1_453' title='bbox 1528 3245 1609 3297; x_wconf 83' lang='grc' dir='ltr'><strong>ὅτι</strong></span> <span class='ocrx_word' id='word_1_454' title='bbox 1641 3243 1803 3305; x_wconf 75' lang='grc' dir='ltr'>αὐτὸς</span> 
     </span>
    </p>
   </div>
   <div class='ocr_carea' id='block_1_61' title="bbox 212 3333 1804 3412">
    <p class='ocr_par' dir='ltr' id='par_1_61' title="bbox 212 3333 1804 3412">
     <span class='ocr_line' id='line_1_61' title="bbox 212 3333 1804 3412; baseline -0.007 -13"><span class='ocrx_word' id='word_1_455' title='bbox 212 3347 382 3399; x_wconf 77' lang='grc' dir='ltr'>τοῦτο</span> <span class='ocrx_word' id='word_1_456' title='bbox 430 3343 661 3412; x_wconf 76' lang='grc' dir='ltr'>πάσχειν</span> <span class='ocrx_word' id='word_1_457' title='bbox 707 3341 954 3411; x_wconf 70' lang='grc' dir='ltr'>ἔμελλεν,</span> <span class='ocrx_word' id='word_1_458' title='bbox 983 3339 1203 3406; x_wconf 77' lang='grc' dir='ltr'>ἄπαγε,</span> <span class='ocrx_word' id='word_1_459' title='bbox 1237 3335 1374 3390; x_wconf 81' lang='grc' dir='ltr'><strong>ἀλλὰ</strong></span> <span class='ocrx_word' id='word_1_460' title='bbox 1437 3333 1804 3402; x_wconf 84' lang='grc' dir='ltr'>παιδαγωγῶν</span> 
     </span>
    </p>
   </div>
   <div class='ocr_carea' id='block_1_62' title="bbox 217 3427 1807 3506">
    <p class='ocr_par' dir='ltr' id='par_1_62' title="bbox 217 3427 1807 3506">
     <span class='ocr_line' id='line_1_62' title="bbox 217 3427 1807 3506; baseline -0.007 -17"><span class='ocrx_word' id='word_1_461' title='bbox 217 3437 398 3506; x_wconf 73' lang='grc' dir='ltr'>ἡμᾶς,</span> <span class='ocrx_word' id='word_1_462' title='bbox 435 3433 566 3505; x_wconf 79' lang='grc' dir='ltr'>παρ’</span> <span class='ocrx_word' id='word_1_463' title='bbox 619 3433 830 3494; x_wconf 76' lang='grc' dir='ltr'>ἑαυτοῖς</span> <span class='ocrx_word' id='word_1_464' title='bbox 865 3430 933 3483; x_wconf 78' lang='grc' dir='ltr'>τὰ</span> <span class='ocrx_word' id='word_1_465' title='bbox 955 3427 1186 3482; x_wconf 82' lang='grc' dir='ltr'>τοιαῦτα</span> <span class='ocrx_word' id='word_1_466' title='bbox 1235 3428 1405 3497; x_wconf 73' lang='grc' dir='ltr'>ἔχειν,</span> <span class='ocrx_word' id='word_1_467' title='bbox 1440 3427 1518 3490; x_wconf 85' lang='grc' dir='ltr'>ὡς</span> <span class='ocrx_word' id='word_1_468' title='bbox 1543 3427 1644 3497; x_wconf 80' lang='grc' dir='ltr'><strong>τῆς</strong></span> <span class='ocrx_word' id='word_1_469' title='bbox 1689 3427 1807 3495; x_wconf 82' lang='grc' dir='ltr'><strong>διη-</strong></span> 
     </span>
    </p>
   </div>
   <div class='ocr_carea' id='block_1_63' title="bbox 217 3516 1806 3596">
    <p class='ocr_par' dir='ltr' id='par_1_63' title="bbox 217 3516 1806 3596">
     <span class='ocr_line' id='line_1_63' title="bbox 217 3516 1806 3596; baseline 0.009 -26"><span class='ocrx_word' id='word_1_470' title='bbox 217 3527 442 3596; x_wconf 77' lang='grc' dir='ltr'>γήσεως</span> <span class='ocrx_word' id='word_1_471' title='bbox 494 3526 574 3587; x_wconf 84' lang='grc' dir='ltr'><strong>είς</strong></span> <span class='ocrx_word' id='word_1_472' title='bbox 633 3522 894 3577; x_wconf 79' lang='grc' dir='ltr'>ἀπόνοιαν</span> <span class='ocrx_word' id='word_1_473' title='bbox 947 3516 1080 3592; x_wconf 81' lang='grc' dir='ltr'>ἆραι</span> <span class='ocrx_word' id='word_1_474' title='bbox 1103 3519 1431 3588; x_wconf 74' lang='grc' dir='ltr'>δυναμένηςο</span> <span class='ocrx_word' id='word_1_475' title='bbox 1465 3550 1535 3560; x_wconf 92' lang='grc'><strong><em>-</em></strong></span> <span class='ocrx_word' id='word_1_476' title='bbox 1571 3520 1806 3583; x_wconf 70' lang='grc' dir='ltr'><em>Ἄλλως</em></span> 
     </span>
    </p>
   </div>
   <div class='ocr_carea' id='block_1_64' title="bbox 220 3606 1806 3690">
    <p class='ocr_par' dir='ltr' id='par_1_64' title="bbox 220 3606 1806 3690">
     <span class='ocr_line' id='line_1_64' title="bbox 220 3606 1806 3690; baseline -0.008 -18"><span class='ocrx_word' id='word_1_477' title='bbox 220 3617 428 3690; x_wconf 77' lang='grc' dir='ltr'><strong>[ΦΩΤ.]</strong></span> <span class='ocrx_word' id='word_1_478' title='bbox 468 3617 614 3670; x_wconf 61' lang='grc' dir='ltr'>Ἀντί</span> <span class='ocrx_word' id='word_1_479' title='bbox 639 3615 756 3681; x_wconf 81' lang='grc' dir='ltr'>τοῦ,</span> <span class='ocrx_word' id='word_1_480' title='bbox 803 3613 1128 3684; x_wconf 80' lang='grc' dir='ltr'>Καυχᾶσθαι</span> <span class='ocrx_word' id='word_1_481' title='bbox 1161 3613 1218 3667; x_wconf 79' lang='grc' dir='ltr'><strong>δὲ</strong></span> <span class='ocrx_word' id='word_1_482' title='bbox 1253 3612 1386 3666; x_wconf 74' lang='grc' dir='ltr'><strong>ἄλλα</strong></span> <span class='ocrx_word' id='word_1_483' title='bbox 1420 3609 1569 3682; x_wconf 72' lang='grc' dir='ltr'>παρὰ</span> <span class='ocrx_word' id='word_1_484' title='bbox 1598 3606 1682 3681; x_wconf 54' lang='grc' dir='ltr'><strong>τὰί</strong></span> <span class='ocrx_word' id='word_1_485' title='bbox 1707 3608 1806 3679; x_wconf 79' lang='grc' dir='ltr'>τῆς</span> 
     </span>
    </p>
   </div>
   <div class='ocr_carea' id='block_1_65' title="bbox 216 3701 1807 3780">
    <p class='ocr_par' dir='ltr' id='par_1_65' title="bbox 216 3701 1807 3780">
     <span class='ocr_line' id='line_1_65' title="bbox 216 3701 1807 3780; baseline -0.009 -12"><span class='ocrx_word' id='word_1_486' title='bbox 216 3711 510 3773; x_wconf 77' lang='grc' dir='ltr'>ἀσθενείας</span> <span class='ocrx_word' id='word_1_487' title='bbox 555 3728 678 3780; x_wconf 88' lang='grc' dir='ltr'>μου,</span> <span class='ocrx_word' id='word_1_488' title='bbox 741 3708 800 3761; x_wconf 84' lang='grc' dir='ltr'><strong>οὐ</strong></span> <span class='ocrx_word' id='word_1_489' title='bbox 844 3707 1114 3776; x_wconf 76' lang='grc' dir='ltr'>συμφέρει</span> <span class='ocrx_word' id='word_1_490' title='bbox 1175 3723 1285 3776; x_wconf 89' lang='grc' dir='ltr'>μοι.</span> <span class='ocrx_word' id='word_1_491' title='bbox 1349 3701 1485 3759; x_wconf 67' lang='lat' dir='ltr'><strong>Eine</strong></span> <span class='ocrx_word' id='word_1_492' title='bbox 1555 3704 1664 3773; x_wconf 82' lang='grc' dir='ltr'>γὰρ</span> <span class='ocrx_word' id='word_1_493' title='bbox 1701 3702 1807 3772; x_wconf 73' lang='grc' dir='ltr'><strong>πρὸ</strong></span> 
     </span>
    </p>
   </div>
   <div class='ocr_carea' id='block_1_66' title="bbox 225 3795 1806 3874">
    <p class='ocr_par' dir='ltr' id='par_1_66' title="bbox 225 3795 1806 3874">
     <span class='ocr_line' id='line_1_66' title="bbox 225 3795 1806 3874; baseline -0.006 -18"><span class='ocrx_word' id='word_1_494' title='bbox 225 3804 462 3874; x_wconf 79' lang='grc' dir='ltr'>μικροῦ,</span> <span class='ocrx_word' id='word_1_495' title='bbox 511 3819 528 3854; x_wconf 86' lang='grc' dir='ltr'><em>ι</em></span> <span class='ocrx_word' id='word_1_496' title='bbox 555 3801 618 3854; x_wconf 77' lang='lat' dir='ltr'><strong>Ei</strong></span> <span class='ocrx_word' id='word_1_497' title='bbox 643 3798 952 3870; x_wconf 77' lang='grc' dir='ltr'>καυχᾶσθαι</span> <span class='ocrx_word' id='word_1_498' title='bbox 1010 3798 1110 3862; x_wconf 82' lang='grc' dir='ltr'>δεῖ,</span> <span class='ocrx_word' id='word_1_499' title='bbox 1156 3797 1224 3850; x_wconf 78' lang='grc' dir='ltr'>τὰ</span> <span class='ocrx_word' id='word_1_500' title='bbox 1249 3797 1346 3864; x_wconf 83' lang='grc' dir='ltr'><strong>τῆς</strong></span> <span class='ocrx_word' id='word_1_501' title='bbox 1386 3795 1670 3858; x_wconf 83' lang='grc' dir='ltr'>ἀσθενείας</span> <span class='ocrx_word' id='word_1_502' title='bbox 1708 3811 1806 3864; x_wconf 84' lang='grc' dir='ltr'><strong>μου</strong></span> 
     </span>
    </p>
   </div>
   <div class='ocr_carea' id='block_1_67' title="bbox 226 3884 1808 3963">
    <p class='ocr_par' dir='ltr' id='par_1_67' title="bbox 226 3884 1808 3963">
     <span class='ocr_line' id='line_1_67' title="bbox 226 3884 1808 3963; baseline -0.008 -14"><span class='ocrx_word' id='word_1_503' title='bbox 226 3897 603 3963; x_wconf 81' lang='grc' dir='ltr'>καυχήσομαι.</span> <span class='ocrx_word' id='word_1_504' title='bbox 644 3911 662 3943; x_wconf 87' lang='grc'><strong>›</strong></span> <span class='ocrx_word' id='word_1_505' title='bbox 733 3887 866 3944; x_wconf 76' lang='grc' dir='ltr'>Εἶτα</span> <span class='ocrx_word' id='word_1_506' title='bbox 919 3889 1032 3951; x_wconf 71' lang='grc' dir='ltr'>θεὶς</span> <span class='ocrx_word' id='word_1_507' title='bbox 1091 3888 1292 3960; x_wconf 76' lang='grc' dir='ltr'>μεταξὺ</span> <span class='ocrx_word' id='word_1_508' title='bbox 1344 3889 1446 3957; x_wconf 77' lang='grc' dir='ltr'>τῆς</span> <span class='ocrx_word' id='word_1_509' title='bbox 1522 3884 1808 3948; x_wconf 79' lang='grc' dir='ltr'>ἀσθενείας</span> 
     </span>
    </p>
   </div>
   <div class='ocr_carea' id='block_1_68' title="bbox 228 3978 1804 4056">
    <p class='ocr_par' dir='ltr' id='par_1_68' title="bbox 228 3978 1804 4056">
     <span class='ocr_line' id='line_1_68' title="bbox 228 3978 1804 4056; baseline -0.006 -18"><span class='ocrx_word' id='word_1_510' title='bbox 228 3987 607 4056; x_wconf 83' lang='grc' dir='ltr'>παράδειγμα,</span> <span class='ocrx_word' id='word_1_511' title='bbox 667 3983 864 4049; x_wconf 79' lang='grc' dir='ltr'>ἐπάγει</span> <span class='ocrx_word' id='word_1_512' title='bbox 917 3979 1205 4042; x_wconf 79' lang='grc' dir='ltr'>ἀποδιδοὺς</span> <span class='ocrx_word' id='word_1_513' title='bbox 1239 3982 1372 4048; x_wconf 75' lang='grc' dir='ltr'>πρὸς</span> <span class='ocrx_word' id='word_1_514' title='bbox 1403 3979 1464 4031; x_wconf 81' lang='grc' dir='ltr'>τὸ</span> <span class='ocrx_word' id='word_1_515' title='bbox 1495 3978 1804 4047; x_wconf 75' lang='grc' dir='ltr'>εἰρημένον,</span> 
     </span>
    </p>
   </div>
   <div class='ocr_carea' id='block_1_69' title="bbox 217 4068 1808 4144">
    <p class='ocr_par' dir='ltr' id='par_1_69' title="bbox 217 4068 1808 4144">
     <span class='ocr_line' id='line_1_69' title="bbox 217 4068 1808 4144; baseline -0.008 -12"><span class='ocrx_word' id='word_1_516' title='bbox 217 4074 361 4144; x_wconf 76' lang='grc' dir='ltr'>οἷον,</span> <span class='ocrx_word' id='word_1_517' title='bbox 387 4078 458 4131; x_wconf 77' lang='grc' dir='ltr'>Ἀ</span> <span class='ocrx_word' id='word_1_518' title='bbox 484 4078 538 4131; x_wconf 75' lang='grc' dir='ltr'>δὲ</span> <span class='ocrx_word' id='word_1_519' title='bbox 571 4077 669 4129; x_wconf 84' lang='grc' dir='ltr'><strong>οὐκ</strong></span> <span class='ocrx_word' id='word_1_520' title='bbox 695 4075 842 4128; x_wconf 77' lang='grc' dir='ltr'>ἔστιν</span> <span class='ocrx_word' id='word_1_521' title='bbox 889 4073 1192 4138; x_wconf 76' lang='grc' dir='ltr'>ἀσθενείας,</span> <span class='ocrx_word' id='word_1_522' title='bbox 1233 4071 1368 4125; x_wconf 74' lang='grc' dir='ltr'><strong>ἀλλὰ</strong></span> <span class='ocrx_word' id='word_1_523' title='bbox 1403 4070 1601 4140; x_wconf 81' lang='grc' dir='ltr'>μᾶλλον</span> <span class='ocrx_word' id='word_1_524' title='bbox 1643 4068 1808 4138; x_wconf 78' lang='grc' dir='ltr'>ὕψους</span> 
     </span>
    </p>
   </div>
   <div class='ocr_carea' id='block_1_70' title="bbox 221 4162 1810 4238">
    <p class='ocr_par' dir='ltr' id='par_1_70' title="bbox 221 4162 1810 4238">
     <span class='ocr_line' id='line_1_70' title="bbox 221 4162 1810 4238; baseline -0.008 -14"><span class='ocrx_word' id='word_1_525' title='bbox 221 4172 325 4224; x_wconf 68' lang='grc' dir='ltr'>καὶ</span> <span class='ocrx_word' id='word_1_526' title='bbox 352 4170 655 4238; x_wconf 80' lang='grc' dir='ltr'>δυνάμεως,</span> <span class='ocrx_word' id='word_1_527' title='bbox 680 4166 876 4230; x_wconf 81' lang='grc' dir='ltr'>ταῦτα,</span> <span class='ocrx_word' id='word_1_528' title='bbox 921 4167 1108 4234; x_wconf 61' lang='grc' dir='ltr'>φησιν,</span> <span class='ocrx_word' id='word_1_529' title='bbox 1139 4164 1199 4217; x_wconf 82' lang='grc' dir='ltr'><strong>οὐ</strong></span> <span class='ocrx_word' id='word_1_530' title='bbox 1234 4163 1506 4234; x_wconf 68' lang='grc' dir='ltr'>συμφέρει</span> <span class='ocrx_word' id='word_1_531' title='bbox 1539 4180 1648 4231; x_wconf 83' lang='grc' dir='ltr'>μοι.</span> <span class='ocrx_word' id='word_1_532' title='bbox 1687 4162 1810 4224; x_wconf 81' lang='grc' dir='ltr'><strong>Πῶς</strong></span> 
     </span>
    </p>
   </div>
   <div class='ocr_carea' id='block_1_71' title="bbox 218 4253 1807 4326">
    <p class='ocr_par' dir='ltr' id='par_1_71' title="bbox 218 4253 1807 4326">
     <span class='ocr_line' id='line_1_71' title="bbox 218 4253 1807 4326; baseline -0.006 -10"><span class='ocrx_word' id='word_1_533' title='bbox 218 4258 321 4316; x_wconf 75' lang='grc' dir='ltr'><strong>οὖν</strong></span> <span class='ocrx_word' id='word_1_534' title='bbox 381 4263 476 4314; x_wconf 78' lang='grc' dir='ltr'>καὶ</span> <span class='ocrx_word' id='word_1_535' title='bbox 525 4259 700 4314; x_wconf 79' lang='grc' dir='ltr'>ταῦτα</span> <span class='ocrx_word' id='word_1_536' title='bbox 756 4258 978 4326; x_wconf 83' lang='grc' dir='ltr'>).έγων;</span> <span class='ocrx_word' id='word_1_537' title='bbox 1042 4258 1158 4310; x_wconf 83' lang='grc' dir='ltr'>Οὐκ</span> <span class='ocrx_word' id='word_1_538' title='bbox 1226 4253 1574 4324; x_wconf 71' lang='grc' dir='ltr'>ἐϐουλόμην,</span> <span class='ocrx_word' id='word_1_539' title='bbox 1652 4253 1807 4322; x_wconf 78' lang='grc' dir='ltr'>φησί.</span> 
     </span>
    </p>
   </div>
   <div class='ocr_carea' id='block_1_72' title="bbox 218 4346 1812 4423">
    <p class='ocr_par' dir='ltr' id='par_1_72' title="bbox 218 4346 1812 4423">
     <span class='ocr_line' id='line_1_72' title="bbox 218 4346 1812 4423; baseline -0.006 -14"><span class='ocrx_word' id='word_1_540' title='bbox 218 4356 329 4410; x_wconf 80' lang='grc' dir='ltr'><strong>Διὰ</strong></span> <span class='ocrx_word' id='word_1_541' title='bbox 369 4354 426 4406; x_wconf 74' lang='grc' dir='ltr'><strong>δὲ</strong></span> <span class='ocrx_word' id='word_1_542' title='bbox 487 4355 584 4423; x_wconf 78' lang='grc' dir='ltr'>τὴν</span> <span class='ocrx_word' id='word_1_543' title='bbox 643 4353 796 4422; x_wconf 84' lang='grc' dir='ltr'>ὑμῶν</span> <span class='ocrx_word' id='word_1_544' title='bbox 851 4349 1150 4421; x_wconf 81' lang='grc' dir='ltr'>σωτηρίαν,</span> <span class='ocrx_word' id='word_1_545' title='bbox 1197 4351 1289 4402; x_wconf 64' lang='grc' dir='ltr'>καὶ</span> <span class='ocrx_word' id='word_1_546' title='bbox 1339 4348 1375 4402; x_wconf 79' lang='grc' dir='ltr'><strong>ὃ.</strong></span> <span class='ocrx_word' id='word_1_547' title='bbox 1435 4349 1507 4418; x_wconf 81' lang='grc' dir='ltr'>μὴ</span> <span class='ocrx_word' id='word_1_548' title='bbox 1551 4346 1812 4418; x_wconf 82' lang='grc' dir='ltr'>βούλομαι</span> 
     </span>
    </p>
   </div>
   <div class='ocr_carea' id='block_1_73' title="bbox 219 4438 1807 4518">
    <p class='ocr_par' dir='ltr' id='par_1_73' title="bbox 219 4438 1807 4518">
     <span class='ocr_line' id='line_1_73' title="bbox 219 4438 1807 4518; baseline -0.008 -16"><span class='ocrx_word' id='word_1_549' title='bbox 219 4447 579 4518; x_wconf 82' lang='grc' dir='ltr'>ἀναδέχομαι.</span> <span class='ocrx_word' id='word_1_550' title='bbox 641 4446 748 4498; x_wconf 79' lang='grc' dir='ltr'><strong>Καὶ</strong></span> <span class='ocrx_word' id='word_1_551' title='bbox 788 4444 981 4497; x_wconf 79' lang='grc' dir='ltr'>σκόπει</span> <span class='ocrx_word' id='word_1_552' title='bbox 1007 4442 1121 4505; x_wconf 85' lang='grc' dir='ltr'>πῶς</span> <span class='ocrx_word' id='word_1_553' title='bbox 1175 4443 1467 4508; x_wconf 77' lang='grc' dir='ltr'>πανσὸφως</span> <span class='ocrx_word' id='word_1_554' title='bbox 1499 4440 1699 4510; x_wconf 83' lang='grc' dir='ltr'>διαιτᾷ.</span> <span class='ocrx_word' id='word_1_555' title='bbox 1733 4438 1807 4491; x_wconf 80' lang='grc' dir='ltr'><strong>Οὐ</strong></span> 
     </span>
    </p>
   </div>
   <div class='ocr_carea' id='block_1_74' title="bbox 1907 3242 3484 3315">
    <p class='ocr_par' dir='ltr' id='par_1_74' title="bbox 1907 3242 3484 3315">
     <span class='ocr_line' id='line_1_74' title="bbox 1907 3242 3484 3315; baseline 0.004 -21"><span class='ocrx_word' id='word_1_556' title='bbox 1907 3257 2027 3312; x_wconf 66' lang='lat' dir='ltr'><strong>quae</strong></span> <span class='ocrx_word' id='word_1_557' title='bbox 2079 3242 2219 3312; x_wconf 88' lang='lat' dir='ltr'><strong>apud</strong></span> <span class='ocrx_word' id='word_1_558' title='bbox 2277 3257 2548 3313; x_wconf 90' lang='lat' dir='ltr'><strong>quemque</strong></span> <span class='ocrx_word' id='word_1_559' title='bbox 2611 3253 2857 3312; x_wconf 86' lang='lat' dir='ltr'><strong>manent,</strong></span> <span class='ocrx_word' id='word_1_560' title='bbox 2915 3256 2968 3301; x_wconf 90' lang='lat' dir='ltr'><strong>et</strong></span> <span class='ocrx_word' id='word_1_561' title='bbox 2997 3257 3124 3315; x_wconf 71' lang='lat' dir='ltr'><strong>quae</strong></span> <span class='ocrx_word' id='word_1_562' title='bbox 3163 3243 3304 3313; x_wconf 85' lang='lat' dir='ltr'><strong>apud</strong></span> <span class='ocrx_word' id='word_1_563' title='bbox 3360 3244 3484 3300; x_wconf 85' lang='lat' dir='ltr'><strong>illos</strong></span> 
     </span>
    </p>
   </div>
   <div class='ocr_carea' id='block_1_75' title="bbox 1907 3333 3482 3414">
    <p class='ocr_par' dir='ltr' id='par_1_75' title="bbox 1907 3333 3482 3414">
     <span class='ocr_line' id='line_1_75' title="bbox 1907 3333 3482 3414; baseline 0 -26"><span class='ocrx_word' id='word_1_564' title='bbox 1907 3333 2212 3388; x_wconf 75' lang='lat' dir='ltr'><strong>efferuntur</strong></span> <span class='ocrx_word' id='word_1_565' title='bbox 2245 3333 2451 3388; x_wconf 90' lang='lat' dir='ltr'><strong>instare</strong></span> <span class='ocrx_word' id='word_1_566' title='bbox 2481 3335 2696 3400; x_wconf 90' lang='lat' dir='ltr'><strong>solent;</strong></span> <span class='ocrx_word' id='word_1_567' title='bbox 2728 3335 2895 3414; x_wconf 66' lang='grc'><strong>694</strong></span> <span class='ocrx_word' id='word_1_568' title='bbox 2925 3351 3032 3392; x_wconf 89' lang='lat' dir='ltr'><strong>non</strong></span> <span class='ocrx_word' id='word_1_569' title='bbox 3059 3336 3204 3406; x_wconf 89' lang='lat' dir='ltr'><strong>quod</strong></span> <span class='ocrx_word' id='word_1_570' title='bbox 3236 3334 3482 3389; x_wconf 90' lang='lat' dir='ltr'><strong>futurum</strong></span> 
     </span>
    </p>
   </div>
   <div class='ocr_carea' id='block_1_76' title="bbox 1907 3417 3488 3497">
    <p class='ocr_par' dir='ltr' id='par_1_76' title="bbox 1907 3417 3488 3497">
     <span class='ocr_line' id='line_1_76' title="bbox 1907 3417 3488 3497; baseline -0.002 -16"><span class='ocrx_word' id='word_1_571' title='bbox 1907 3434 2055 3481; x_wconf 86' lang='lat' dir='ltr'><strong>esset</strong></span> <span class='ocrx_word' id='word_1_572' title='bbox 2096 3431 2161 3479; x_wconf 90' lang='lat' dir='ltr'><strong>ut</strong></span> <span class='ocrx_word' id='word_1_573' title='bbox 2199 3424 2304 3480; x_wconf 90' lang='lat' dir='ltr'><strong>hoc</strong></span> <span class='ocrx_word' id='word_1_574' title='bbox 2361 3427 2465 3495; x_wconf 91' lang='lat' dir='ltr'><strong>ipsi</strong></span> <span class='ocrx_word' id='word_1_575' title='bbox 2515 3417 2884 3497; x_wconf 80' lang='lat' dir='ltr'><strong>contingeret.</strong></span> <span class='ocrx_word' id='word_1_576' title='bbox 2935 3427 3199 3496; x_wconf 82' lang='lat' dir='ltr'><strong>Minime;</strong></span> <span class='ocrx_word' id='word_1_577' title='bbox 3238 3426 3333 3482; x_wconf 88' lang='lat' dir='ltr'><strong>sed</strong></span> <span class='ocrx_word' id='word_1_578' title='bbox 3383 3438 3488 3478; x_wconf 87' lang='lat' dir='ltr'><strong>nos</strong></span> 
     </span>
    </p>
   </div>
   <div class='ocr_carea' id='block_1_77' title="bbox 1910 3515 3484 3587">
    <p class='ocr_par' dir='ltr' id='par_1_77' title="bbox 1910 3515 3484 3587">
     <span class='ocr_line' id='line_1_77' title="bbox 1910 3515 3484 3587; baseline 0 -19"><span class='ocrx_word' id='word_1_579' title='bbox 1910 3515 2214 3578; x_wconf 89' lang='lat' dir='ltr'><strong>instruens,</strong></span> <span class='ocrx_word' id='word_1_580' title='bbox 2240 3525 2297 3568; x_wconf 91' lang='lat' dir='ltr'><strong>ut</strong></span> <span class='ocrx_word' id='word_1_581' title='bbox 2341 3515 2655 3586; x_wconf 74' lang='lat' dir='ltr'><strong>huiusmodi</strong></span> <span class='ocrx_word' id='word_1_582' title='bbox 2692 3516 2834 3587; x_wconf 89' lang='lat' dir='ltr'><strong>apud</strong></span> <span class='ocrx_word' id='word_1_583' title='bbox 2859 3532 2961 3572; x_wconf 91' lang='lat' dir='ltr'><strong>nos</strong></span> <span class='ocrx_word' id='word_1_584' title='bbox 2996 3516 3146 3586; x_wconf 80' lang='lat' dir='ltr'><strong>ipsos</strong></span> <span class='ocrx_word' id='word_1_585' title='bbox 3175 3523 3484 3579; x_wconf 87' lang='lat' dir='ltr'><strong>servemus,</strong></span> 
     </span>
    </p>
   </div>
   <div class='ocr_carea' id='block_1_78' title="bbox 1908 3606 3488 3677">
    <p class='ocr_par' dir='ltr' id='par_1_78' title="bbox 1908 3606 3488 3677">
     <span class='ocr_line' id='line_1_78' title="bbox 1908 3606 3488 3677; baseline 0.001 -19"><span class='ocrx_word' id='word_1_586' title='bbox 1908 3606 2052 3675; x_wconf 85' lang='lat' dir='ltr'><strong>quod</strong></span> <span class='ocrx_word' id='word_1_587' title='bbox 2096 3607 2344 3664; x_wconf 77' lang='lat' dir='ltr'><strong>narratio</strong></span> <span class='ocrx_word' id='word_1_588' title='bbox 2372 3608 2549 3677; x_wconf 85' lang='lat' dir='ltr'><strong>possit</strong></span> <span class='ocrx_word' id='word_1_589' title='bbox 2598 3608 2662 3662; x_wconf 88' lang='lat' dir='ltr'><strong>ad</strong></span> <span class='ocrx_word' id='word_1_590' title='bbox 2697 3608 3067 3675; x_wconf 70' lang='lat' dir='ltr'><strong>arrogantiam</strong></span> <span class='ocrx_word' id='word_1_591' title='bbox 3103 3607 3390 3662; x_wconf 84' lang='lat' dir='ltr'><strong>extollere.</strong></span> <span class='ocrx_word' id='word_1_592' title='bbox 3419 3638 3488 3649; x_wconf 80' lang='grc'><strong>-‹</strong></span> 
     </span>
    </p>
   </div>
   <div class='ocr_carea' id='block_1_79' title="bbox 1912 3695 3482 3767">
    <p class='ocr_par' dir='ltr' id='par_1_79' title="bbox 1912 3695 3482 3767">
     <span class='ocr_line' id='line_1_79' title="bbox 1912 3695 3482 3767; baseline 0.002 -20"><span class='ocrx_word' id='word_1_593' title='bbox 1912 3695 2030 3752; x_wconf 81' lang='lat' dir='ltr'><strong>Alio</strong></span> <span class='ocrx_word' id='word_1_594' title='bbox 2057 3699 2232 3751; x_wconf 86' lang='lat' dir='ltr'><strong>modo.</strong></span> <span class='ocrx_word' id='word_1_595' title='bbox 2273 3696 2392 3752; x_wconf 77' lang='lat' dir='ltr'><strong>Hoc</strong></span> <span class='ocrx_word' id='word_1_596' title='bbox 2422 3707 2527 3763; x_wconf 89' lang='lat' dir='ltr'><strong>est,</strong></span> <span class='ocrx_word' id='word_1_597' title='bbox 2564 3697 2801 3752; x_wconf 84' lang='lat' dir='ltr'><strong>Gloriari</strong></span> <span class='ocrx_word' id='word_1_598' title='bbox 2826 3712 2952 3753; x_wconf 86' lang='lat' dir='ltr'><strong>vero</strong></span> <span class='ocrx_word' id='word_1_599' title='bbox 2980 3698 3035 3753; x_wconf 92' lang='lat' dir='ltr'><strong>in</strong></span> <span class='ocrx_word' id='word_1_600' title='bbox 3071 3698 3194 3754; x_wconf 89' lang='lat' dir='ltr'><strong>aliis</strong></span> <span class='ocrx_word' id='word_1_601' title='bbox 3233 3711 3396 3767; x_wconf 88' lang='lat' dir='ltr'><strong>quam</strong></span> <span class='ocrx_word' id='word_1_602' title='bbox 3431 3698 3482 3750; x_wconf 90' lang='lat' dir='ltr'><strong>in</strong></span> 
     </span>
    </p>
   </div>
   <div class='ocr_carea' id='block_1_80' title="bbox 1911 3787 3483 3861">
    <p class='ocr_par' dir='ltr' id='par_1_80' title="bbox 1911 3787 3483 3861">
     <span class='ocr_line' id='line_1_80' title="bbox 1911 3787 3483 3861; baseline -0.001 -20"><span class='ocrx_word' id='word_1_603' title='bbox 1911 3787 1997 3842; x_wconf 87' lang='lat' dir='ltr'><strong>his</strong></span> <span class='ocrx_word' id='word_1_604' title='bbox 2034 3802 2154 3856; x_wconf 83' lang='lat' dir='ltr'><strong>quae</strong></span> <span class='ocrx_word' id='word_1_605' title='bbox 2187 3789 2527 3844; x_wconf 86' lang='lat' dir='ltr'><strong>infirmitatis</strong></span> <span class='ocrx_word' id='word_1_606' title='bbox 2569 3804 2702 3842; x_wconf 67' lang='lat' dir='ltr'><strong>mem</strong></span> <span class='ocrx_word' id='word_1_607' title='bbox 2747 3799 2896 3854; x_wconf 87' lang='lat' dir='ltr'><strong>sunt,</strong></span> <span class='ocrx_word' id='word_1_608' title='bbox 2930 3805 3039 3843; x_wconf 89' lang='lat' dir='ltr'><strong>non</strong></span> <span class='ocrx_word' id='word_1_609' title='bbox 3076 3788 3298 3860; x_wconf 66' lang='lat' dir='ltr'><strong>expedit</strong></span> <span class='ocrx_word' id='word_1_610' title='bbox 3327 3788 3483 3861; x_wconf 76' lang='lat' dir='ltr'><strong>mihi.</strong></span> 
     </span>
    </p>
   </div>
   <div class='ocr_carea' id='block_1_81' title="bbox 1912 3879 3484 3951">
    <p class='ocr_par' dir='ltr' id='par_1_81' title="bbox 1912 3879 3484 3951">
     <span class='ocr_line' id='line_1_81' title="bbox 1912 3879 3484 3951; baseline 0.001 -19"><span class='ocrx_word' id='word_1_611' title='bbox 1912 3879 2060 3933; x_wconf 75' lang='lat' dir='ltr'><strong>Dixit</strong></span> <span class='ocrx_word' id='word_1_612' title='bbox 2107 3880 2252 3935; x_wconf 90' lang='lat' dir='ltr'><strong>enim</strong></span> <span class='ocrx_word' id='word_1_613' title='bbox 2291 3881 2455 3949; x_wconf 86' lang='lat' dir='ltr'><strong>paulo</strong></span> <span class='ocrx_word' id='word_1_614' title='bbox 2485 3889 2654 3934; x_wconf 83' lang='lat' dir='ltr'><strong>ante:</strong></span> <span class='ocrx_word' id='word_1_615' title='bbox 2718 3898 2736 3931; x_wconf 83' lang='grc' dir='ltr'><em>ι</em></span> <span class='ocrx_word' id='word_1_616' title='bbox 2772 3881 2827 3934; x_wconf 91' lang='lat' dir='ltr'><strong>Si</strong></span> <span class='ocrx_word' id='word_1_617' title='bbox 2861 3881 3085 3951; x_wconf 76' lang='lat' dir='ltr'><strong>gloriari</strong></span> <span class='ocrx_word' id='word_1_618' title='bbox 3120 3887 3354 3949; x_wconf 83' lang='lat' dir='ltr'><strong>Oportet,</strong></span> <span class='ocrx_word' id='word_1_619' title='bbox 3415 3880 3484 3934; x_wconf 86' lang='lat' dir='ltr'><strong>de</strong></span> 
     </span>
    </p>
   </div>
   <div class='ocr_carea' id='block_1_82' title="bbox 1915 3976 3483 4049">
    <p class='ocr_par' dir='ltr' id='par_1_82' title="bbox 1915 3976 3483 4049">
     <span class='ocr_line' id='line_1_82' title="bbox 1915 3976 3483 4049; baseline 0.003 -21"><span class='ocrx_word' id='word_1_620' title='bbox 1915 3977 1997 4036; x_wconf 79' lang='lat' dir='ltr'><strong>his</strong></span> <span class='ocrx_word' id='word_1_621' title='bbox 2025 3991 2144 4045; x_wconf 68' lang='lat' dir='ltr'><strong>quae</strong></span> <span class='ocrx_word' id='word_1_622' title='bbox 2171 3976 2508 4032; x_wconf 87' lang='lat' dir='ltr'><strong>infirmitatis</strong></span> <span class='ocrx_word' id='word_1_623' title='bbox 2539 3994 2671 4033; x_wconf 69' lang='lat' dir='ltr'><strong>mea:</strong></span> <span class='ocrx_word' id='word_1_624' title='bbox 2695 3987 2824 4033; x_wconf 90' lang='lat' dir='ltr'><strong>sunt</strong></span> <span class='ocrx_word' id='word_1_625' title='bbox 2850 3981 3152 4049; x_wconf 82' lang='lat' dir='ltr'><strong>gloriabor.</strong></span> <span class='ocrx_word' id='word_1_626' title='bbox 3203 3998 3221 4031; x_wconf 77' lang='grc' dir='ltr'>ι</span> <span class='ocrx_word' id='word_1_627' title='bbox 3279 3978 3483 4033; x_wconf 79' lang='lat' dir='ltr'><strong>Deinde</strong></span> 
     </span>
    </p>
   </div>
   <div class='ocr_carea' id='block_1_83' title="bbox 1914 4067 3486 4138">
    <p class='ocr_par' dir='ltr' id='par_1_83' title="bbox 1914 4067 3486 4138">
     <span class='ocr_line' id='line_1_83' title="bbox 1914 4067 3486 4138; baseline -0.002 -16"><span class='ocrx_word' id='word_1_628' title='bbox 1914 4069 2090 4136; x_wconf 88' lang='lat' dir='ltr'><strong>posito</strong></span> <span class='ocrx_word' id='word_1_629' title='bbox 2132 4067 2468 4123; x_wconf 82' lang='lat' dir='ltr'><strong>infirmitatis</strong></span> <span class='ocrx_word' id='word_1_630' title='bbox 2497 4069 2771 4138; x_wconf 84' lang='lat' dir='ltr'><strong>exemplo,</strong></span> <span class='ocrx_word' id='word_1_631' title='bbox 2802 4068 3090 4138; x_wconf 72' lang='lat' dir='ltr'><strong>subiungit</strong></span> <span class='ocrx_word' id='word_1_632' title='bbox 3126 4071 3486 4123; x_wconf 67' lang='lat' dir='ltr'><strong>consecutis-e</strong></span> 
     </span>
    </p>
   </div>
   <div class='ocr_carea' id='block_1_84' title="bbox 1913 4157 3598 4228">
    <p class='ocr_par' dir='ltr' id='par_1_84' title="bbox 1913 4157 3598 4228">
     <span class='ocr_line' id='line_1_84' title="bbox 1913 4157 3598 4228; baseline -0.001 -16"><span class='ocrx_word' id='word_1_633' title='bbox 1913 4159 2066 4213; x_wconf 84' lang='lat' dir='ltr'><strong>adid</strong></span> <span class='ocrx_word' id='word_1_634' title='bbox 2092 4158 2237 4228; x_wconf 90' lang='lat' dir='ltr'><strong>quod</strong></span> <span class='ocrx_word' id='word_1_635' title='bbox 2273 4159 2478 4212; x_wconf 88' lang='lat' dir='ltr'><strong>dictum</strong></span> <span class='ocrx_word' id='word_1_636' title='bbox 2507 4168 2613 4224; x_wconf 78' lang='lat' dir='ltr'><strong>est,</strong></span> <span class='ocrx_word' id='word_1_637' title='bbox 2651 4173 2714 4212; x_wconf 89' lang='lat' dir='ltr'><strong>ac</strong></span> <span class='ocrx_word' id='word_1_638' title='bbox 2751 4158 2795 4213; x_wconf 87' lang='lat' dir='ltr'><strong>si</strong></span> <span class='ocrx_word' id='word_1_639' title='bbox 2822 4157 2971 4213; x_wconf 87' lang='lat' dir='ltr'><strong>dicat</strong></span> <span class='ocrx_word' id='word_1_640' title='bbox 3003 4175 3017 4213; x_wconf 90' lang='lat'><strong>:</strong></span> <span class='ocrx_word' id='word_1_641' title='bbox 3051 4157 3184 4224; x_wconf 75' lang='lat' dir='ltr'><strong>Qua:</strong></span> <span class='ocrx_word' id='word_1_642' title='bbox 3214 4173 3344 4214; x_wconf 86' lang='lat' dir='ltr'><strong>vero</strong></span> <span class='ocrx_word' id='word_1_643' title='bbox 3373 4173 3482 4210; x_wconf 84' lang='lat' dir='ltr'><strong>non</strong></span> <span class='ocrx_word' id='word_1_644' title='bbox 3589 4205 3598 4210; x_wconf 88' lang='lat'><strong>-</strong></span> 
     </span>
    </p>
   </div>
   <div class='ocr_carea' id='block_1_85' title="bbox 1915 4248 3486 4320">
    <p class='ocr_par' dir='ltr' id='par_1_85' title="bbox 1915 4248 3486 4320">
     <span class='ocr_line' id='line_1_85' title="bbox 1915 4248 3486 4320; baseline -0.003 -16"><span class='ocrx_word' id='word_1_645' title='bbox 1915 4260 2042 4305; x_wconf 85' lang='lat' dir='ltr'><strong>sunt</strong></span> <span class='ocrx_word' id='word_1_646' title='bbox 2077 4248 2431 4313; x_wconf 85' lang='lat' dir='ltr'><strong>infirmitatis,</strong></span> <span class='ocrx_word' id='word_1_647' title='bbox 2475 4249 2569 4304; x_wconf 82' lang='lat' dir='ltr'><strong>sed</strong></span> <span class='ocrx_word' id='word_1_648' title='bbox 2613 4251 2784 4320; x_wconf 76' lang='lat' dir='ltr'><strong>magis</strong></span> <span class='ocrx_word' id='word_1_649' title='bbox 2813 4249 3169 4305; x_wconf 86' lang='lat' dir='ltr'><strong>sublimitatis</strong></span> <span class='ocrx_word' id='word_1_650' title='bbox 3195 4260 3247 4304; x_wconf 89' lang='lat' dir='ltr'><strong>et</strong></span> <span class='ocrx_word' id='word_1_651' title='bbox 3293 4258 3486 4319; x_wconf 83' lang='lat' dir='ltr'><strong>poten-</strong></span> 
     </span>
    </p>
   </div>
   <div class='ocr_carea' id='block_1_86' title="bbox 1914 4339 3481 4411">
    <p class='ocr_par' dir='ltr' id='par_1_86' title="bbox 1914 4339 3481 4411">
     <span class='ocr_line' id='line_1_86' title="bbox 1914 4339 3481 4411; baseline -0.002 -18"><span class='ocrx_word' id='word_1_652' title='bbox 1914 4341 2023 4406; x_wconf 62' lang='lat' dir='ltr'><strong>tiae,</strong></span> <span class='ocrx_word' id='word_1_653' title='bbox 2073 4341 2138 4395; x_wconf 88' lang='lat' dir='ltr'><strong>de</strong></span> <span class='ocrx_word' id='word_1_654' title='bbox 2192 4339 2297 4405; x_wconf 85' lang='lat' dir='ltr'><strong>bis,</strong></span> <span class='ocrx_word' id='word_1_655' title='bbox 2357 4340 2554 4411; x_wconf 89' lang='lat' dir='ltr'><strong>inquit,</strong></span> <span class='ocrx_word' id='word_1_656' title='bbox 2608 4355 2714 4393; x_wconf 91' lang='lat' dir='ltr'><strong>non</strong></span> <span class='ocrx_word' id='word_1_657' title='bbox 2771 4339 2987 4409; x_wconf 76' lang='lat' dir='ltr'><strong>expedit</strong></span> <span class='ocrx_word' id='word_1_658' title='bbox 3044 4339 3176 4394; x_wconf 88' lang='lat' dir='ltr'><strong>tnihi</strong></span> <span class='ocrx_word' id='word_1_659' title='bbox 3241 4339 3481 4408; x_wconf 80' lang='lat' dir='ltr'><strong>gloriari.</strong></span> 
     </span>
    </p>
   </div>
   <div class='ocr_carea' id='block_1_87' title="bbox 1915 4431 3486 4502">
    <p class='ocr_par' dir='ltr' id='par_1_87' title="bbox 1915 4431 3486 4502">
     <span class='ocr_line' id='line_1_87' title="bbox 1915 4431 3486 4502; baseline -0.004 -15"><span class='ocrx_word' id='word_1_660' title='bbox 1915 4432 2200 4498; x_wconf 84' lang='lat' dir='ltr'><strong>Quomodo</strong></span> <span class='ocrx_word' id='word_1_661' title='bbox 2244 4433 2574 4502; x_wconf 80' lang='lat' dir='ltr'><strong>ergo-etiam</strong></span> <span class='ocrx_word' id='word_1_662' title='bbox 2621 4432 2736 4487; x_wconf 56' lang='lat' dir='ltr'><strong>hac</strong></span> <span class='ocrx_word' id='word_1_663' title='bbox 2773 4431 2956 4487; x_wconf 76' lang='lat' dir='ltr'><strong>dicis?</strong></span> <span class='ocrx_word' id='word_1_664' title='bbox 3000 4431 3234 4496; x_wconf 79' lang='lat' dir='ltr'><strong>Nollem,</strong></span> <span class='ocrx_word' id='word_1_665' title='bbox 3289 4432 3486 4498; x_wconf 86' lang='lat' dir='ltr'><strong>inqmt,</strong></span> 
     </span>
    </p>
   </div>
   <div class='ocr_carea' id='block_1_88' title="bbox 224 4506 1802 4610">
    <p class='ocr_par' dir='ltr' id='par_1_88' title="bbox 224 4506 1802 4610">
     <span class='ocr_line' id='line_1_88' title="bbox 224 4506 1802 4610; baseline -0.004 -17"><span class='ocrx_word' id='word_1_666' title='bbox 224 4506 428 4610; x_wconf 51' lang='grc' dir='ltr'>σιωπξ</span> <span class='ocrx_word' id='word_1_667' title='bbox 454 4506 752 4601; x_wconf 64' lang='grc' dir='ltr'>παντελῶς,</span> <span class='ocrx_word' id='word_1_668' title='bbox 803 4536 892 4590; x_wconf 74' lang='grc' dir='ltr'>ἶνα</span> <span class='ocrx_word' id='word_1_669' title='bbox 945 4534 1230 4605; x_wconf 80' lang='grc' dir='ltr'>ὠφελήσῃ,</span> <span class='ocrx_word' id='word_1_670' title='bbox 1289 4506 1383 4586; x_wconf 63' lang='grc' dir='ltr'><strong>και</strong></span> <span class='ocrx_word' id='word_1_671' title='bbox 1411 4533 1473 4585; x_wconf 78' lang='grc' dir='ltr'><strong>οὐ</strong></span> <span class='ocrx_word' id='word_1_672' title='bbox 1495 4506 1802 4599; x_wconf 30' lang='grc' dir='ltr'>λέγει-ἀνα-</span> 
     </span>
    </p>
   </div>
   <div class='ocr_carea' id='block_1_89' title="bbox 1910 4506 3484 4610">
    <p class='ocr_par' dir='ltr' id='par_1_89' title="bbox 1914 4521 3484 4594">
     <span class='ocr_line' id='line_1_89' title="bbox 1914 4521 3484 4594; baseline -0.004 -15"><span class='ocrx_word' id='word_1_673' title='bbox 1914 4524 2006 4580; x_wconf 89' lang='lat' dir='ltr'><strong>sed</strong></span> <span class='ocrx_word' id='word_1_674' title='bbox 2050 4534 2270 4594; x_wconf 80' lang='lat' dir='ltr'><strong>propter</strong></span> <span class='ocrx_word' id='word_1_675' title='bbox 2303 4533 2536 4580; x_wconf 79' lang='lat' dir='ltr'><strong>vestram</strong></span> <span class='ocrx_word' id='word_1_676' title='bbox 2586 4523 2843 4586; x_wconf 80' lang='lat' dir='ltr'><strong>salutent,</strong></span> <span class='ocrx_word' id='word_1_677' title='bbox 2901 4523 3068 4577; x_wconf 89' lang='lat' dir='ltr'><strong>etiam</strong></span> <span class='ocrx_word' id='word_1_678' title='bbox 3120 4535 3242 4591; x_wconf 63' lang='lat' dir='ltr'><strong>quae</strong></span> <span class='ocrx_word' id='word_1_679' title='bbox 3287 4521 3484 4574; x_wconf 86' lang='lat' dir='ltr'><strong>nollem</strong></span> 
     </span>
    </p>
   </div>
   <div class='ocr_carea' id='block_1_90' title="bbox 220 4623 1800 4698">
    <p class='ocr_par' dir='ltr' id='par_1_90' title="bbox 220 4623 1800 4698">
     <span class='ocr_line' id='line_1_90' title="bbox 220 4623 1800 4698; baseline -0.004 -16"><span class='ocrx_word' id='word_1_680' title='bbox 220 4629 678 4698; x_wconf 83' lang='grc' dir='ltr'>κεκαλυμμένως,</span> <span class='ocrx_word' id='word_1_681' title='bbox 710 4628 825 4682; x_wconf 78' lang='grc' dir='ltr'><strong>ἀλλ’</strong></span> <span class='ocrx_word' id='word_1_682' title='bbox 864 4627 922 4682; x_wconf 82' lang='grc' dir='ltr'>ἓν</span> <span class='ocrx_word' id='word_1_683' title='bbox 961 4627 1057 4680; x_wconf 67' lang='grc' dir='ltr'>καὶ</span> <span class='ocrx_word' id='word_1_684' title='bbox 1103 4624 1260 4679; x_wconf 80' lang='grc' dir='ltr'>τοῦτο</span> <span class='ocrx_word' id='word_1_685' title='bbox 1297 4623 1800 4695; x_wconf 85' lang='grc' dir='ltr'>συνεσκιασμένως,</span> 
     </span>
    </p>
   </div>
   <div class='ocr_carea' id='block_1_91' title="bbox 221 4717 1805 4792">
    <p class='ocr_par' dir='ltr' id='par_1_91' title="bbox 221 4717 1805 4792">
     <span class='ocr_line' id='line_1_91' title="bbox 221 4717 1805 4792; baseline -0.004 -18"><span class='ocrx_word' id='word_1_686' title='bbox 221 4723 313 4774; x_wconf 80' lang='grc' dir='ltr'>ἵνα</span> <span class='ocrx_word' id='word_1_687' title='bbox 340 4721 487 4792; x_wconf 79' lang='grc' dir='ltr'>φύγῃ</span> <span class='ocrx_word' id='word_1_688' title='bbox 534 4722 596 4774; x_wconf 87' lang='grc' dir='ltr'><strong>τὸ</strong></span> <span class='ocrx_word' id='word_1_689' title='bbox 655 4721 981 4789; x_wconf 80' lang='grc' dir='ltr'>καυχᾶσθαι,</span> <span class='ocrx_word' id='word_1_690' title='bbox 1025 4719 1119 4772; x_wconf 73' lang='grc' dir='ltr'><strong>καὶ</strong></span> <span class='ocrx_word' id='word_1_691' title='bbox 1175 4719 1297 4770; x_wconf 79' lang='grc' dir='ltr'>τότε</span> <span class='ocrx_word' id='word_1_692' title='bbox 1347 4717 1599 4787; x_wconf 75' lang='grc' dir='ltr'>ἀνάγκης</span> <span class='ocrx_word' id='word_1_693' title='bbox 1655 4717 1805 4787; x_wconf 82' lang='grc' dir='ltr'>αὑτῷ</span> 
     </span>
    </p>
   </div>
   <div class='ocr_carea' id='block_1_92' title="bbox 216 4809 1806 4884">
    <p class='ocr_par' dir='ltr' id='par_1_92' title="bbox 216 4809 1806 4884">
     <span class='ocr_line' id='line_1_92' title="bbox 216 4809 1806 4884; baseline -0.003 -17"><span class='ocrx_word' id='word_1_694' title='bbox 216 4815 326 4884; x_wconf 74' lang='grc' dir='ltr'>τῆς</span> <span class='ocrx_word' id='word_1_695' title='bbox 374 4813 481 4866; x_wconf 79' lang='grc' dir='ltr'>ἀπὸ</span> <span class='ocrx_word' id='word_1_696' title='bbox 511 4813 617 4866; x_wconf 83' lang='grc' dir='ltr'><strong>τῶν</strong></span> <span class='ocrx_word' id='word_1_697' title='bbox 646 4813 1099 4883; x_wconf 74' lang='grc' dir='ltr'>ψευδαποστόλων</span> <span class='ocrx_word' id='word_1_698' title='bbox 1129 4811 1512 4879; x_wconf 79' lang='grc' dir='ltr'>ἐπικειμένης,</span> <span class='ocrx_word' id='word_1_699' title='bbox 1537 4809 1806 4863; x_wconf 81' lang='grc' dir='ltr'>παιδεύων</span> 
     </span>
    </p>
   </div>
   <div class='ocr_carea' id='block_1_93' title="bbox 217 4902 1807 4978">
    <p class='ocr_par' dir='ltr' id='par_1_93' title="bbox 217 4902 1807 4978">
     <span class='ocr_line' id='line_1_93' title="bbox 217 4902 1807 4978; baseline -0.004 -17"><span class='ocrx_word' id='word_1_700' title='bbox 217 4908 314 4962; x_wconf 83' lang='grc' dir='ltr'><strong>διὰ</strong></span> <span class='ocrx_word' id='word_1_701' title='bbox 335 4909 548 4971; x_wconf 83' lang='grc' dir='ltr'>τούτου,</span> <span class='ocrx_word' id='word_1_702' title='bbox 608 4906 778 4977; x_wconf 79' lang='grc' dir='ltr'>μηδὲν</span> <span class='ocrx_word' id='word_1_703' title='bbox 831 4907 976 4978; x_wconf 84' lang='grc' dir='ltr'>μέγα</span> <span class='ocrx_word' id='word_1_704' title='bbox 1023 4905 1152 4975; x_wconf 71' lang='grc' dir='ltr'>περὶ</span> <span class='ocrx_word' id='word_1_705' title='bbox 1200 4903 1408 4958; x_wconf 84' lang='grc' dir='ltr'>ἑαυτῶν</span> <span class='ocrx_word' id='word_1_706' title='bbox 1455 4904 1602 4974; x_wconf 73' lang='grc' dir='ltr'>ἡμᾶς</span> <span class='ocrx_word' id='word_1_707' title='bbox 1628 4902 1807 4968; x_wconf 84' lang='grc' dir='ltr'>λέγειν</span> 
     </span>
    </p>
   </div>
   <div class='ocr_carea' id='block_1_94' title="bbox 219 4994 1808 5072">
    <p class='ocr_par' dir='ltr' id='par_1_94' title="bbox 219 4994 1808 5072">
     <span class='ocr_line' id='line_1_94' title="bbox 219 4994 1808 5072; baseline -0.006 -18"><span class='ocrx_word' id='word_1_708' title='bbox 219 5001 333 5055; x_wconf 73' lang='grc' dir='ltr'>κᾶν</span> <span class='ocrx_word' id='word_1_709' title='bbox 386 5000 582 5070; x_wconf 79' lang='grc' dir='ltr'>ἀληθὲς</span> <span class='ocrx_word' id='word_1_710' title='bbox 607 4996 664 5072; x_wconf 80' lang='grc' dir='ltr'><strong>ᾖ,</strong></span> <span class='ocrx_word' id='word_1_711' title='bbox 694 5000 743 5051; x_wconf 85' lang='grc' dir='ltr'><strong>εί</strong></span> <span class='ocrx_word' id='word_1_712' title='bbox 777 5001 850 5068; x_wconf 82' lang='grc' dir='ltr'>μὴ</span> <span class='ocrx_word' id='word_1_713' title='bbox 893 5001 958 5050; x_wconf 81' lang='grc' dir='ltr'>ὲκ</span> <span class='ocrx_word' id='word_1_714' title='bbox 991 4995 1190 5064; x_wconf 79' lang='grc' dir='ltr'>πολλῆς</span> <span class='ocrx_word' id='word_1_715' title='bbox 1221 4997 1486 5064; x_wconf 82' lang='grc' dir='ltr'>ἀνάγκης,</span> <span class='ocrx_word' id='word_1_716' title='bbox 1515 5012 1533 5044; x_wconf 80' lang='grc' dir='ltr'>ι</span> <span class='ocrx_word' id='word_1_717' title='bbox 1567 4994 1641 5046; x_wconf 81' lang='grc' dir='ltr'><strong>Οὐ</strong></span> <span class='ocrx_word' id='word_1_718' title='bbox 1668 5009 1808 5061; x_wconf 84' lang='grc' dir='ltr'>συμ-</span> 
     </span>
    </p>
   </div>
   <div class='ocr_carea' id='block_1_95' title="bbox 219 5085 1810 5168">
    <p class='ocr_par' dir='ltr' id='par_1_95' title="bbox 219 5085 1810 5168">
     <span class='ocr_line' id='line_1_95' title="bbox 219 5085 1810 5168; baseline -0.005 -23"><span class='ocrx_word' id='word_1_719' title='bbox 219 5094 387 5163; x_wconf 85' lang='grc' dir='ltr'>φέρει</span> <span class='ocrx_word' id='word_1_720' title='bbox 416 5110 526 5160; x_wconf 80' lang='grc' dir='ltr'>μοι.</span> <span class='ocrx_word' id='word_1_721' title='bbox 552 5111 568 5138; x_wconf 79' lang='grc' dir='ltr'>ι</span> <span class='ocrx_word' id='word_1_722' title='bbox 608 5092 674 5142; x_wconf 83' lang='grc' dir='ltr'>Ἣ</span> <span class='ocrx_word' id='word_1_723' title='bbox 708 5091 795 5142; x_wconf 78' lang='grc' dir='ltr'>ἵνα</span> <span class='ocrx_word' id='word_1_724' title='bbox 820 5091 890 5159; x_wconf 83' lang='grc' dir='ltr'>μή</span> <span class='ocrx_word' id='word_1_725' title='bbox 921 5106 1006 5148; x_wconf 81' lang='grc' dir='ltr'><strong>τις</strong></span> <span class='ocrx_word' id='word_1_726' title='bbox 1039 5087 1262 5155; x_wconf 75' lang='grc' dir='ltr'>μείζονα</span> <span class='ocrx_word' id='word_1_727' title='bbox 1287 5087 1387 5153; x_wconf 77' lang='grc' dir='ltr'>τῆς</span> <span class='ocrx_word' id='word_1_728' title='bbox 1420 5085 1576 5168; x_wconf 75' lang='grc' dir='ltr'>ἀξίας</span> <span class='ocrx_word' id='word_1_729' title='bbox 1601 5085 1810 5137; x_wconf 72' lang='grc' dir='ltr'>ἔννοιαν</span> 
     </span>
    </p>
   </div>
   <div class='ocr_carea' id='block_1_96' title="bbox 220 5163 1810 5256">
    <p class='ocr_par' dir='ltr' id='par_1_96' title="bbox 220 5163 1810 5256">
     <span class='ocr_line' id='line_1_96' title="bbox 220 5163 1810 5256; baseline -0.008 -17"><span class='ocrx_word' id='word_1_730' title='bbox 220 5184 372 5256; x_wconf 71' lang='grc' dir='ltr'><strong>λάϐῃ</strong></span> <span class='ocrx_word' id='word_1_731' title='bbox 403 5185 526 5254; x_wconf 73' lang='grc' dir='ltr'>περὶ</span> <span class='ocrx_word' id='word_1_732' title='bbox 553 5183 708 5252; x_wconf 72' lang='grc' dir='ltr'>ἐμοῦ,</span> <span class='ocrx_word' id='word_1_733' title='bbox 740 5184 879 5252; x_wconf 81' lang='grc' dir='ltr'>ὅπερ</span> <span class='ocrx_word' id='word_1_734' title='bbox 906 5163 1283 5250; x_wconf 74' lang='grc' dir='ltr'>παρακατιὼν,</span> <span class='ocrx_word' id='word_1_735' title='bbox 1316 5163 1482 5246; x_wconf 65' lang='grc' dir='ltr'>φησι,</span> <span class='ocrx_word' id='word_1_736' title='bbox 1521 5179 1700 5249; x_wconf 77' lang='grc' dir='ltr'>Μῆτις</span> <span class='ocrx_word' id='word_1_737' title='bbox 1732 5179 1810 5240; x_wconf 86' lang='grc' dir='ltr'><strong>είς</strong></span> 
     </span>
    </p>
   </div>
   <div class='ocr_carea' id='block_1_97' title="bbox 222 5267 1807 5351">
    <p class='ocr_par' dir='ltr' id='par_1_97' title="bbox 222 5267 1807 5351">
     <span class='ocr_line' id='line_1_97' title="bbox 222 5267 1807 5351; baseline -0.009 -19"><span class='ocrx_word' id='word_1_738' title='bbox 222 5280 330 5349; x_wconf 68' lang='grc' dir='ltr'><strong>ἐμὲ</strong></span> <span class='ocrx_word' id='word_1_739' title='bbox 378 5277 664 5346; x_wconf 79' lang='grc' dir='ltr'>λογίσηται</span> <span class='ocrx_word' id='word_1_740' title='bbox 719 5275 858 5343; x_wconf 78' lang='grc' dir='ltr'>ὑπὲρ</span> <span class='ocrx_word' id='word_1_741' title='bbox 916 5273 944 5325; x_wconf 80' lang='grc' dir='ltr'><strong>ὃ</strong></span> <span class='ocrx_word' id='word_1_742' title='bbox 989 5272 1176 5342; x_wconf 81' lang='grc' dir='ltr'>βλέπει</span> <span class='ocrx_word' id='word_1_743' title='bbox 1225 5287 1314 5341; x_wconf 88' lang='grc' dir='ltr'><strong>με,</strong></span> <span class='ocrx_word' id='word_1_744' title='bbox 1353 5271 1385 5340; x_wconf 80' lang='grc' dir='ltr'>ἢ</span> <span class='ocrx_word' id='word_1_745' title='bbox 1446 5269 1718 5351; x_wconf 27' lang='grc' dir='ltr'>ἁκούειιτι</span> <span class='ocrx_word' id='word_1_746' title='bbox 1752 5267 1807 5334; x_wconf 78' lang='grc' dir='ltr'><strong>ἐξ</strong></span> 
     </span>
    </p>
   </div>
   <div class='ocr_carea' id='block_1_98' title="bbox 222 5358 1808 5440">
    <p class='ocr_par' dir='ltr' id='par_1_98' title="bbox 222 5358 1808 5440">
     <span class='ocr_line' id='line_1_98' title="bbox 222 5358 1808 5440; baseline -0.011 -16"><span class='ocrx_word' id='word_1_747' title='bbox 222 5371 484 5440; x_wconf 78' lang='grc' dir='ltr'><strong>ὲμοῦ.ι-</strong></span> <span class='ocrx_word' id='word_1_748' title='bbox 509 5387 525 5417; x_wconf 85' lang='grc' dir='ltr'><em>ι</em></span> <span class='ocrx_word' id='word_1_749' title='bbox 550 5365 873 5432; x_wconf 76' lang='grc' dir='ltr'>Ἐλεύσομαι</span> <span class='ocrx_word' id='word_1_750' title='bbox 904 5362 1012 5429; x_wconf 80' lang='grc' dir='ltr'><strong>γὰρ</strong></span> <span class='ocrx_word' id='word_1_751' title='bbox 1059 5363 1137 5422; x_wconf 85' lang='grc' dir='ltr'><strong>είς</strong></span> <span class='ocrx_word' id='word_1_752' title='bbox 1163 5359 1426 5419; x_wconf 79' lang='grc' dir='ltr'>ὀπτασίας</span> <span class='ocrx_word' id='word_1_753' title='bbox 1463 5359 1556 5409; x_wconf 73' lang='grc' dir='ltr'><strong>καὶ</strong></span> <span class='ocrx_word' id='word_1_754' title='bbox 1595 5358 1808 5409; x_wconf 78' lang='grc' dir='ltr'>ἀποκα-</span> 
     </span>
    </p>
   </div>
   <div class='ocr_carea' id='block_1_99' title="bbox 221 5444 1810 5530">
    <p class='ocr_par' dir='ltr' id='par_1_99' title="bbox 221 5444 1810 5530">
     <span class='ocr_line' id='line_1_99' title="bbox 221 5444 1810 5530; baseline -0.003 -24"><span class='ocrx_word' id='word_1_755' title='bbox 221 5461 419 5530; x_wconf 63' lang='grc' dir='ltr'><strong>λύψεις</strong></span> <span class='ocrx_word' id='word_1_756' title='bbox 483 5460 709 5529; x_wconf 78' lang='grc' dir='ltr'>Κυρίου.</span> <span class='ocrx_word' id='word_1_757' title='bbox 740 5475 757 5508; x_wconf 75' lang='grc' dir='ltr'><strong>ι</strong></span> <span class='ocrx_word' id='word_1_758' title='bbox 812 5455 1037 5523; x_wconf 75' lang='grc' dir='ltr'>Μεγάλη</span> <span class='ocrx_word' id='word_1_759' title='bbox 1069 5453 1164 5520; x_wconf 79' lang='grc' dir='ltr'>μὲν</span> <span class='ocrx_word' id='word_1_760' title='bbox 1193 5452 1283 5503; x_wconf 76' lang='grc' dir='ltr'><strong>καὶ</strong></span> <span class='ocrx_word' id='word_1_761' title='bbox 1321 5451 1387 5520; x_wconf 78' lang='grc' dir='ltr'>ἢν</span> <span class='ocrx_word' id='word_1_762' title='bbox 1419 5444 1572 5500; x_wconf 74' lang='grc' dir='ltr'>εἶπεν</span> <span class='ocrx_word' id='word_1_763' title='bbox 1603 5449 1810 5501; x_wconf 79' lang='grc' dir='ltr'>ἀποκά-</span> 
     </span>
    </p>
   </div>
   <div class='ocr_carea' id='block_1_100' title="bbox 221 5541 1806 5624">
    <p class='ocr_par' dir='ltr' id='par_1_100' title="bbox 221 5541 1806 5624">
     <span class='ocr_line' id='line_1_100' title="bbox 221 5541 1806 5624; baseline 0.01 -27"><span class='ocrx_word' id='word_1_764' title='bbox 221 5557 412 5624; x_wconf 62' lang='grc' dir='ltr'>λυψιν,</span> <span class='ocrx_word' id='word_1_765' title='bbox 430 5554 570 5623; x_wconf 76' lang='grc' dir='ltr'>πλὴν</span> <span class='ocrx_word' id='word_1_766' title='bbox 591 5553 788 5610; x_wconf 69' lang='grc' dir='ltr'>πολλὰς</span> <span class='ocrx_word' id='word_1_767' title='bbox 813 5551 981 5599; x_wconf 82' lang='grc' dir='ltr'>εἰπεῖν</span> <span class='ocrx_word' id='word_1_768' title='bbox 1011 5547 1168 5614; x_wconf 78' lang='grc' dir='ltr'>ἔχων,</span> <span class='ocrx_word' id='word_1_769' title='bbox 1191 5545 1318 5612; x_wconf 75' lang='grc' dir='ltr'>μίαν</span> <span class='ocrx_word' id='word_1_770' title='bbox 1344 5541 1547 5609; x_wconf 77' lang='grc' dir='ltr'>ταύτην</span> <span class='ocrx_word' id='word_1_771' title='bbox 1566 5542 1806 5610; x_wconf 68' lang='grc' dir='ltr'><strong>εἴρηκενο</strong></span> 
     </span>
    </p>
   </div>
   <div class='ocr_carea' id='block_1_101' title="bbox 224 5632 1810 5715">
    <p class='ocr_par' dir='ltr' id='par_1_101' title="bbox 224 5632 1810 5715">
     <span class='ocr_line' id='line_1_101' title="bbox 224 5632 1810 5715; baseline -0.012 -11"><span class='ocrx_word' id='word_1_772' title='bbox 224 5648 357 5703; x_wconf 82' lang='grc' dir='ltr'>Ὀτι</span> <span class='ocrx_word' id='word_1_773' title='bbox 379 5651 488 5715; x_wconf 76' lang='grc' dir='ltr'>γὰρ</span> <span class='ocrx_word' id='word_1_774' title='bbox 509 5642 620 5714; x_wconf 72' lang='grc' dir='ltr'>εἶχε</span> <span class='ocrx_word' id='word_1_775' title='bbox 641 5640 841 5704; x_wconf 69' lang='grc' dir='ltr'>πολλὰς</span> <span class='ocrx_word' id='word_1_776' title='bbox 864 5641 1061 5704; x_wconf 85' lang='grc' dir='ltr'>εἰπεῖν,</span> <span class='ocrx_word' id='word_1_777' title='bbox 1085 5633 1463 5703; x_wconf 83' lang='grc' dir='ltr'>παρακατιὼν,</span> <span class='ocrx_word' id='word_1_778' title='bbox 1494 5632 1650 5703; x_wconf 67' lang='grc' dir='ltr'>φησι,</span> <span class='ocrx_word' id='word_1_779' title='bbox 1673 5651 1690 5683; x_wconf 82' lang='grc' dir='ltr'><em>ι</em></span> <span class='ocrx_word' id='word_1_780' title='bbox 1705 5634 1810 5685; x_wconf 76' lang='grc' dir='ltr'>Καὶ</span> 
     </span>
    </p>
   </div>
   <div class='ocr_carea' id='block_1_102' title="bbox 309 5817 1575 5908">
    <p class='ocr_par' dir='ltr' id='par_1_102' title="bbox 309 5817 1575 5908">
     <span class='ocr_line' id='line_1_102' title="bbox 309 5817 1575 5908; baseline -0.002 -34"><span class='ocrx_word' id='word_1_781' title='bbox 309 5826 350 5908; x_wconf 63' lang='grc' dir='ltr'>ξι</span> <span class='ocrx_word' id='word_1_782' title='bbox 411 5821 607 5876; x_wconf 76' lang='lat' dir='ltr'><strong>Matth.</strong></span> <span class='ocrx_word' id='word_1_783' title='bbox 674 5835 772 5886; x_wconf 21' lang='grc' dir='ltr'>γι.»</span> <span class='ocrx_word' id='word_1_784' title='bbox 806 5820 893 5876; x_wconf 78' lang='lat' dir='ltr'><strong>l5.</strong></span> <span class='ocrx_word' id='word_1_785' title='bbox 971 5821 1016 5855; x_wconf 75' lang='grc' dir='ltr'><strong>τ’</strong></span> <span class='ocrx_word' id='word_1_786' title='bbox 1056 5820 1101 5852; x_wconf 75' lang='grc' dir='ltr'><strong>τ’</strong></span> <span class='ocrx_word' id='word_1_787' title='bbox 1136 5817 1372 5889; x_wconf 76' lang='lat' dir='ltr'><strong>Philipp.</strong></span> <span class='ocrx_word' id='word_1_788' title='bbox 1416 5833 1453 5884; x_wconf 84' lang='grc' dir='ltr'>ι,</span> <span class='ocrx_word' id='word_1_789' title='bbox 1490 5818 1575 5872; x_wconf 74' lang='lat'><strong>25.</strong></span> 
     </span>
    </p>
   </div>
   <div class='ocr_carea' id='block_1_103' title="bbox 1910 4611 3482 4684">
    <p class='ocr_par' dir='ltr' id='par_1_103' title="bbox 1910 4611 3482 4684">
     <span class='ocr_line' id='line_1_103' title="bbox 1910 4611 3482 4684; baseline -0.003 -18"><span class='ocrx_word' id='word_1_790' title='bbox 1910 4612 2173 4682; x_wconf 84' lang='lat' dir='ltr'><strong>suscipio.</strong></span> <span class='ocrx_word' id='word_1_791' title='bbox 2201 4614 2264 4669; x_wconf 81' lang='lat' dir='ltr'><strong>Et</strong></span> <span class='ocrx_word' id='word_1_792' title='bbox 2293 4615 2580 4669; x_wconf 88' lang='lat' dir='ltr'><strong>considera</strong></span> <span class='ocrx_word' id='word_1_793' title='bbox 2609 4629 2716 4684; x_wconf 90' lang='lat' dir='ltr'><strong>quo</strong></span> <span class='ocrx_word' id='word_1_794' title='bbox 2745 4623 2902 4683; x_wconf 90' lang='lat' dir='ltr'><strong>pacto</strong></span> <span class='ocrx_word' id='word_1_795' title='bbox 2931 4627 3042 4667; x_wconf 89' lang='lat' dir='ltr'><strong>rem</strong></span> <span class='ocrx_word' id='word_1_796' title='bbox 3069 4611 3482 4682; x_wconf 85' lang='lat' dir='ltr'><strong>sapientissime</strong></span> 
     </span>
    </p>
   </div>
   <div class='ocr_carea' id='block_1_104' title="bbox 1879 4703 3488 4776">
    <p class='ocr_par' dir='ltr' id='par_1_104' title="bbox 1879 4703 3488 4776">
     <span class='ocr_line' id='line_1_104' title="bbox 1879 4703 3488 4776; baseline -0.002 -17"><span class='ocrx_word' id='word_1_797' title='bbox 1879 4703 2222 4775; x_wconf 44' lang='lat' dir='ltr'><strong>‘pertractet.</strong></span> <span class='ocrx_word' id='word_1_798' title='bbox 2256 4705 2375 4759; x_wconf 87' lang='lat' dir='ltr'><strong>Non</strong></span> <span class='ocrx_word' id='word_1_799' title='bbox 2403 4715 2548 4760; x_wconf 83' lang='lat' dir='ltr'><strong>tacet</strong></span> <span class='ocrx_word' id='word_1_800' title='bbox 2589 4708 2824 4776; x_wconf 81' lang='lat' dir='ltr'><strong>penitus,</strong></span> <span class='ocrx_word' id='word_1_801' title='bbox 2857 4713 2915 4760; x_wconf 92' lang='lat' dir='ltr'><strong>ut</strong></span> <span class='ocrx_word' id='word_1_802' title='bbox 2941 4704 3136 4776; x_wconf 89' lang='lat' dir='ltr'><strong>prosit,</strong></span> <span class='ocrx_word' id='word_1_803' title='bbox 3163 4718 3261 4759; x_wconf 87' lang='lat' dir='ltr'><strong>nec</strong></span> <span class='ocrx_word' id='word_1_804' title='bbox 3303 4716 3432 4772; x_wconf 87' lang='lat' dir='ltr'><strong>aper</strong></span> <span class='ocrx_word' id='word_1_805' title='bbox 3456 4717 3488 4756; x_wconf 87' lang='lat' dir='ltr'><strong>e</strong></span> 
     </span>
    </p>
   </div>
   <div class='ocr_carea' id='block_1_105' title="bbox 1909 4795 3482 4866">
    <p class='ocr_par' dir='ltr' id='par_1_105' title="bbox 1909 4795 3482 4866">
     <span class='ocr_line' id='line_1_105' title="bbox 1909 4795 3482 4866; baseline -0.002 -15"><span class='ocrx_word' id='word_1_806' title='bbox 1909 4798 2088 4851; x_wconf 83' lang='lat' dir='ltr'><strong>omnia</strong></span> <span class='ocrx_word' id='word_1_807' title='bbox 2121 4798 2401 4866; x_wconf 85' lang='lat' dir='ltr'><strong>exprimit,</strong></span> <span class='ocrx_word' id='word_1_808' title='bbox 2435 4798 2529 4852; x_wconf 89' lang='lat' dir='ltr'><strong>sed</strong></span> <span class='ocrx_word' id='word_1_809' title='bbox 2559 4798 2662 4851; x_wconf 87' lang='lat' dir='ltr'><strong>hoc</strong></span> <span class='ocrx_word' id='word_1_810' title='bbox 2694 4812 2858 4849; x_wconf 90' lang='lat' dir='ltr'><strong>unum</strong></span> <span class='ocrx_word' id='word_1_811' title='bbox 2886 4813 2900 4860; x_wconf 88' lang='lat'>;</span> <span class='ocrx_word' id='word_1_812' title='bbox 2939 4797 3104 4865; x_wconf 89' lang='lat' dir='ltr'><strong>idque</strong></span> <span class='ocrx_word' id='word_1_813' title='bbox 3123 4795 3291 4849; x_wconf 90' lang='lat' dir='ltr'><strong>etiam</strong></span> <span class='ocrx_word' id='word_1_814' title='bbox 3319 4796 3482 4848; x_wconf 84' lang='lat' dir='ltr'><strong>obte-</strong></span> 
     </span>
    </p>
   </div>
   <div class='ocr_carea' id='block_1_106' title="bbox 1878 4883 3488 4961">
    <p class='ocr_par' dir='ltr' id='par_1_106' title="bbox 1878 4883 3488 4961">
     <span class='ocr_line' id='line_1_106' title="bbox 1878 4883 3488 4961; baseline -0.002 -16"><span class='ocrx_word' id='word_1_815' title='bbox 1878 4883 1891 4898; x_wconf 79' lang='grc'><strong><em>’</em></strong></span> <span class='ocrx_word' id='word_1_816' title='bbox 1912 4891 2109 4960; x_wconf 77' lang='lat' dir='ltr'><strong>gendo,</strong></span> <span class='ocrx_word' id='word_1_817' title='bbox 2137 4899 2192 4943; x_wconf 88' lang='lat' dir='ltr'><strong>ut</strong></span> <span class='ocrx_word' id='word_1_818' title='bbox 2211 4891 2531 4961; x_wconf 88' lang='lat' dir='ltr'><strong>jactantiam</strong></span> <span class='ocrx_word' id='word_1_819' title='bbox 2563 4889 2808 4959; x_wconf 64' lang='lat' dir='ltr'><strong>effugiat,</strong></span> <span class='ocrx_word' id='word_1_820' title='bbox 2841 4890 2966 4943; x_wconf 87' lang='lat' dir='ltr'><strong>licet</strong></span> <span class='ocrx_word' id='word_1_821' title='bbox 2994 4888 3321 4943; x_wconf 84' lang='lat' dir='ltr'><strong>necessitate</strong></span> <span class='ocrx_word' id='word_1_822' title='bbox 3353 4895 3488 4941; x_wconf 85' lang='lat' dir='ltr'><strong>tunc</strong></span> 
     </span>
    </p>
   </div>
   <div class='ocr_carea' id='block_1_107' title="bbox 1919 4980 3486 5052">
    <p class='ocr_par' dir='ltr' id='par_1_107' title="bbox 1919 4980 3486 5052">
     <span class='ocr_line' id='line_1_107' title="bbox 1919 4980 3486 5052; baseline -0.003 -17"><span class='ocrx_word' id='word_1_823' title='bbox 1919 4991 2142 5052; x_wconf 89' lang='lat' dir='ltr'><strong>propter</strong></span> <span class='ocrx_word' id='word_1_824' title='bbox 2192 4982 2649 5051; x_wconf 79' lang='lat' dir='ltr'><strong>pseudaposmlos</strong></span> <span class='ocrx_word' id='word_1_825' title='bbox 2680 4982 3004 5049; x_wconf 77' lang='lat' dir='ltr'><strong>ingruente:</strong></span> <span class='ocrx_word' id='word_1_826' title='bbox 3057 4994 3156 5033; x_wconf 89' lang='lat' dir='ltr'><strong>nos</strong></span> <span class='ocrx_word' id='word_1_827' title='bbox 3203 4980 3486 5032; x_wconf 74' lang='lat' dir='ltr'><strong>instruens</strong></span> 
     </span>
    </p>
   </div>
   <div class='ocr_carea' id='block_1_108' title="bbox 1917 5070 3487 5143">
    <p class='ocr_par' dir='ltr' id='par_1_108' title="bbox 1917 5070 3487 5143">
     <span class='ocr_line' id='line_1_108' title="bbox 1917 5070 3487 5143; baseline -0.004 -16"><span class='ocrx_word' id='word_1_828' title='bbox 1917 5091 2013 5143; x_wconf 89' lang='lat' dir='ltr'><strong>per</strong></span> <span class='ocrx_word' id='word_1_829' title='bbox 2038 5074 2162 5135; x_wconf 84' lang='lat' dir='ltr'><strong>hoc,</strong></span> <span class='ocrx_word' id='word_1_830' title='bbox 2200 5089 2266 5127; x_wconf 89' lang='lat' dir='ltr'><strong>ne</strong></span> <span class='ocrx_word' id='word_1_831' title='bbox 2308 5074 2599 5141; x_wconf 77' lang='lat' dir='ltr'><strong>quidquam</strong></span> <span class='ocrx_word' id='word_1_832' title='bbox 2641 5073 2820 5138; x_wconf 79' lang='lat' dir='ltr'><strong>magni</strong></span> <span class='ocrx_word' id='word_1_833' title='bbox 2851 5070 2918 5125; x_wconf 88' lang='lat' dir='ltr'><strong>de</strong></span> <span class='ocrx_word' id='word_1_834' title='bbox 2958 5071 3118 5125; x_wconf 85' lang='lat' dir='ltr'><strong>nobis</strong></span> <span class='ocrx_word' id='word_1_835' title='bbox 3149 5070 3284 5140; x_wconf 90' lang='lat' dir='ltr'><strong>ipsis</strong></span> <span class='ocrx_word' id='word_1_836' title='bbox 3337 5071 3487 5121; x_wconf 83' lang='lat' dir='ltr'><strong>dica-</strong></span> 
     </span>
    </p>
   </div>
   <div class='ocr_carea' id='block_1_109' title="bbox 1918 5164 3490 5230">
    <p class='ocr_par' dir='ltr' id='par_1_109' title="bbox 1918 5164 3490 5230">
     <span class='ocr_line' id='line_1_109' title="bbox 1918 5164 3490 5230; baseline -0.002 -9"><span class='ocrx_word' id='word_1_837' title='bbox 1918 5184 2062 5230; x_wconf 88' lang='lat' dir='ltr'><strong>mns,</strong></span> <span class='ocrx_word' id='word_1_838' title='bbox 2104 5166 2269 5221; x_wconf 86' lang='lat' dir='ltr'><strong>etiam</strong></span> <span class='ocrx_word' id='word_1_839' title='bbox 2320 5167 2365 5219; x_wconf 89' lang='lat' dir='ltr'><strong>si</strong></span> <span class='ocrx_word' id='word_1_840' title='bbox 2397 5182 2585 5219; x_wconf 86' lang='lat' dir='ltr'><strong>verum</strong></span> <span class='ocrx_word' id='word_1_841' title='bbox 2639 5167 2730 5230; x_wconf 83' lang='lat' dir='ltr'><strong>sit,</strong></span> <span class='ocrx_word' id='word_1_842' title='bbox 2781 5164 2885 5218; x_wconf 87' lang='lat' dir='ltr'><strong>nisi</strong></span> <span class='ocrx_word' id='word_1_843' title='bbox 2941 5165 3109 5218; x_wconf 87' lang='lat' dir='ltr'><strong>multa</strong></span> <span class='ocrx_word' id='word_1_844' title='bbox 3141 5165 3490 5218; x_wconf 77' lang='lat' dir='ltr'><strong>necessitate.</strong></span> 
     </span>
    </p>
   </div>
   <div class='ocr_carea' id='block_1_110' title="bbox 1922 5257 3484 5327">
    <p class='ocr_par' dir='ltr' id='par_1_110' title="bbox 1922 5257 3484 5327">
     <span class='ocr_line' id='line_1_110' title="bbox 1922 5257 3484 5327; baseline -0.001 -15"><span class='ocrx_word' id='word_1_845' title='bbox 1922 5279 1939 5311; x_wconf 87' lang='grc' dir='ltr'><em>ι</em></span> <span class='ocrx_word' id='word_1_846' title='bbox 1985 5258 2098 5312; x_wconf 81' lang='lat' dir='ltr'><strong>Non</strong></span> <span class='ocrx_word' id='word_1_847' title='bbox 2129 5259 2346 5327; x_wconf 84' lang='lat' dir='ltr'><strong>expedit</strong></span> <span class='ocrx_word' id='word_1_848' title='bbox 2383 5258 2536 5310; x_wconf 91' lang='lat' dir='ltr'><strong>mihi.</strong></span> <span class='ocrx_word' id='word_1_849' title='bbox 2569 5279 2584 5309; x_wconf 80' lang='grc' dir='ltr'>ι</span> <span class='ocrx_word' id='word_1_850' title='bbox 2627 5259 2732 5310; x_wconf 82' lang='lat' dir='ltr'><strong>Aut</strong></span> <span class='ocrx_word' id='word_1_851' title='bbox 2760 5273 2828 5313; x_wconf 89' lang='lat' dir='ltr'><strong>ne</strong></span> <span class='ocrx_word' id='word_1_852' title='bbox 2871 5258 2995 5327; x_wconf 89' lang='lat' dir='ltr'><strong>quis</strong></span> <span class='ocrx_word' id='word_1_853' title='bbox 3041 5257 3304 5326; x_wconf 85' lang='lat' dir='ltr'><strong>majorem</strong></span> <span class='ocrx_word' id='word_1_854' title='bbox 3338 5257 3484 5311; x_wconf 82' lang='lat' dir='ltr'><strong>circa</strong></span> 
     </span>
    </p>
   </div>
   <div class='ocr_carea' id='block_1_111' title="bbox 1922 5349 3484 5420">
    <p class='ocr_par' dir='ltr' id='par_1_111' title="bbox 1922 5349 3484 5420">
     <span class='ocr_line' id='line_1_111' title="bbox 1922 5349 3484 5420; baseline -0.003 -18"><span class='ocrx_word' id='word_1_855' title='bbox 1922 5366 2005 5402; x_wconf 90' lang='lat' dir='ltr'><strong>me</strong></span> <span class='ocrx_word' id='word_1_856' title='bbox 2035 5349 2468 5403; x_wconf 77' lang='lat' dir='ltr'><strong>benevolentiam</strong></span> <span class='ocrx_word' id='word_1_857' title='bbox 2499 5349 2776 5417; x_wconf 87' lang='lat' dir='ltr'><strong>concipiat</strong></span> <span class='ocrx_word' id='word_1_858' title='bbox 2807 5365 2969 5418; x_wconf 88' lang='lat' dir='ltr'><strong>quam</strong></span> <span class='ocrx_word' id='word_1_859' title='bbox 3000 5364 3102 5420; x_wconf 78' lang='lat' dir='ltr'><strong>ego</strong></span> <span class='ocrx_word' id='word_1_860' title='bbox 3147 5361 3484 5418; x_wconf 54' lang='lat' dir='ltr'><strong>promereor,</strong></span> 
     </span>
    </p>
   </div>
   <div class='ocr_carea' id='block_1_112' title="bbox 1919 5438 3486 5513">
    <p class='ocr_par' dir='ltr' id='par_1_112' title="bbox 1919 5438 3486 5513">
     <span class='ocr_line' id='line_1_112' title="bbox 1919 5438 3486 5513; baseline -0.004 -18"><span class='ocrx_word' id='word_1_861' title='bbox 1919 5443 2060 5513; x_wconf 87' lang='lat' dir='ltr'><strong>quod</strong></span> <span class='ocrx_word' id='word_1_862' title='bbox 2089 5442 2142 5494; x_wconf 92' lang='lat' dir='ltr'><strong>in</strong></span> <span class='ocrx_word' id='word_1_863' title='bbox 2177 5457 2467 5511; x_wconf 83' lang='lat' dir='ltr'><strong>progressu</strong></span> <span class='ocrx_word' id='word_1_864' title='bbox 2497 5443 2581 5495; x_wconf 87' lang='lat' dir='ltr'><strong>his</strong></span> <span class='ocrx_word' id='word_1_865' title='bbox 2611 5443 2792 5497; x_wconf 87' lang='lat' dir='ltr'><strong>verbis</strong></span> <span class='ocrx_word' id='word_1_866' title='bbox 2821 5441 2988 5496; x_wconf 88' lang='lat' dir='ltr'><strong>dicit:</strong></span> <span class='ocrx_word' id='word_1_867' title='bbox 3021 5459 3039 5490; x_wconf 82' lang='grc' dir='ltr'>ι</span> <span class='ocrx_word' id='word_1_868' title='bbox 3068 5441 3144 5494; x_wconf 86' lang='lat' dir='ltr'><strong>Ne</strong></span> <span class='ocrx_word' id='word_1_869' title='bbox 3167 5440 3290 5508; x_wconf 82' lang='lat' dir='ltr'><strong>quis</strong></span> <span class='ocrx_word' id='word_1_870' title='bbox 3310 5438 3376 5490; x_wconf 90' lang='lat' dir='ltr'><strong>de</strong></span> <span class='ocrx_word' id='word_1_871' title='bbox 3399 5451 3486 5489; x_wconf 86' lang='lat' dir='ltr'><strong>me</strong></span> 
     </span>
    </p>
   </div>
   <div class='ocr_carea' id='block_1_113' title="bbox 1920 5526 3484 5602">
    <p class='ocr_par' dir='ltr' id='par_1_113' title="bbox 1920 5526 3484 5602">
     <span class='ocr_line' id='line_1_113' title="bbox 1920 5526 3484 5602; baseline -0.004 -15"><span class='ocrx_word' id='word_1_872' title='bbox 1920 5535 2123 5602; x_wconf 78' lang='lat' dir='ltr'><strong>cogitet</strong></span> <span class='ocrx_word' id='word_1_873' title='bbox 2170 5547 2335 5601; x_wconf 75' lang='lat' dir='ltr'><strong>supra</strong></span> <span class='ocrx_word' id='word_1_874' title='bbox 2391 5533 2443 5586; x_wconf 90' lang='lat' dir='ltr'><strong>id</strong></span> <span class='ocrx_word' id='word_1_875' title='bbox 2478 5535 2622 5602; x_wconf 88' lang='lat' dir='ltr'><strong>quod</strong></span> <span class='ocrx_word' id='word_1_876' title='bbox 2668 5533 2816 5588; x_wconf 87' lang='lat' dir='ltr'><strong>videt</strong></span> <span class='ocrx_word' id='word_1_877' title='bbox 2872 5547 2992 5587; x_wconf 88' lang='lat' dir='ltr'><strong>esse</strong></span> <span class='ocrx_word' id='word_1_878' title='bbox 3053 5545 3161 5594; x_wconf 88' lang='lat' dir='ltr'><strong>me,</strong></span> <span class='ocrx_word' id='word_1_879' title='bbox 3197 5538 3290 5581; x_wconf 89' lang='lat' dir='ltr'><strong>aut</strong></span> <span class='ocrx_word' id='word_1_880' title='bbox 3336 5526 3484 5594; x_wconf 88' lang='lat' dir='ltr'><strong>quod</strong></span> 
     </span>
    </p>
   </div>
   <div class='ocr_carea' id='block_1_114' title="bbox 1922 5621 3484 5702">
    <p class='ocr_par' dir='ltr' id='par_1_114' title="bbox 1922 5621 3484 5702">
     <span class='ocr_line' id='line_1_114' title="bbox 1922 5621 3484 5702; baseline -0.006 -20"><span class='ocrx_word' id='word_1_881' title='bbox 1922 5628 2074 5682; x_wconf 49' lang='lat' dir='ltr'><strong>audit</strong></span> <span class='ocrx_word' id='word_1_882' title='bbox 2107 5641 2170 5679; x_wconf 75' lang='lat' dir='ltr'><strong>ex</strong></span> <span class='ocrx_word' id='word_1_883' title='bbox 2207 5640 2310 5678; x_wconf 82' lang='lat' dir='ltr'><strong>nte.</strong></span> <span class='ocrx_word' id='word_1_884' title='bbox 2353 5643 2370 5675; x_wconf 80' lang='grc' dir='ltr'>ι</span> <span class='ocrx_word' id='word_1_885' title='bbox 2409 5623 2634 5702; x_wconf 81' lang='lat' dir='ltr'><strong>Veniam</strong></span> <span class='ocrx_word' id='word_1_886' title='bbox 2682 5625 2825 5680; x_wconf 88' lang='lat' dir='ltr'><strong>enim</strong></span> <span class='ocrx_word' id='word_1_887' title='bbox 2858 5623 2925 5678; x_wconf 88' lang='lat' dir='ltr'><strong>ad</strong></span> <span class='ocrx_word' id='word_1_888' title='bbox 2975 5621 3210 5676; x_wconf 86' lang='lat' dir='ltr'><strong>visiones</strong></span> <span class='ocrx_word' id='word_1_889' title='bbox 3235 5627 3290 5675; x_wconf 87' lang='lat' dir='ltr'><strong>et</strong></span> <span class='ocrx_word' id='word_1_890' title='bbox 3325 5632 3484 5692; x_wconf 72' lang='lat' dir='ltr'><strong>rere.</strong></span> 
     </span>
    </p>
   </div>
  </div>
