3956 6558
483 375 623 444 1063

1545 374 1938 435 (ECUMENII
1969 352 2260 433 Truces;
2286 369 2624 432 EPISCOPI

3580 368 3742 433 ιοει

477 491 711 546 lationes
730 486 967 543 Domini.
1001 506 1021 541 ι
1056 485 1249 557 Magna
1280 483 1502 555 quidem
1545 490 1630 539 est
1659 495 1824 553 quam
1856 489 2039 535 narrat

2149 480 2216 548 τῇ
2237 476 2514 548 ὑπερϐολῇ
2548 476 2658 530 τῶν
2692 473 3109 547 ἀποκαλύψεων.
3141 476 3242 531 Διά
3265 477 3420 531 τοῦτο
3446 478 3508 532 δὲ
3538 483 3750 549 αἰνιγ-

479 579 760 645 revelatio,
814 579 1055 633 attamen
1092 590 1216 631 cum
1254 574 1455 630 multas
1503 572 1689 628 dicere
1744 572 2041 641 potuisset,

478 674 696 728 unicam
743 672 887 726 hanc
920 669 1079 725 dixit.
1109 667 1265 733 Quod
1313 666 1458 721 enim
1490 666 1691 720 multas
1729 665 1914 719 dicere
1948 679 2045 733 po-

480 762 697 826 tuisset,
725 758 958 815 inferius
988 765 1137 829 patet
1174 775 1187 811 :
1217 758 1314 811 «Et
1349 772 1415 810 ne
1444 754 1790 821 excellentia,
1844 755 2043 824 lnquil,

478 859 572 906 aut
594 842 949 906 exuberantia
980 850 1372 906 revelationum
1401 848 1693 903 extollerer
1721 845 2043 917 sPropterea

478 951 657 996 autem
691 943 863 1010 ipsam
900 940 1135 995 obscure
1182 940 1384 1008 posuit,
1437 946 1497 992 ut
1544 937 1859 992 ostenderet
1898 937 2042 1006 quod

474 1034 624 1090 illam
645 1033 850 1087 invitus
879 1040 1149 1085 narraret.
1182 1050 1202 1082 ι
1222 1030 1357 1084 Novi
1384 1028 1660 1082 hominem
1680 1028 1733 1080 iu
1762 1026 2036 1081 Christo.»

479 1124 699 1180 Addidit
732 1125 798 1181 in
850 1122 1061 1179 Christo
1116 1164 1129 1185 .
1201 1138 1271 1176 ne
1327 1122 1570 1176 dicerent
1629 1118 2042 1190 pseudapostoli

479 1218 639 1290 (nilth
688 1224 866 1271 autem
920 1231 1025 1270 non
1073 1214 1366 1283 audebant)
1419 1228 1514 1282 per
1544 1212 1820 1266 daemones
1871 1210 2043 1266 fuisse

480 1309 823 1362 sublevatum
888 1315 1148 1375 tanquam
1203 1305 1478 1359 Simonem
1530 1320 1764 1374 magum.
1826 1321 1846 1357 ι
1898 1304 2041 1359 Ante

480 1414 651 1453 annos
700 1398 1139 1467 quatuordecim.
1180 1415 1199 1449 ι
1253 1396 1370 1452 Non
1415 1396 1796 1464 intempestive
1827 1404 2040 1466 tempus

479 1490 815 1559 adjungitor,
854 1488 949 1544 sed
981 1488 1255 1559 duplicem
1299 1488 1370 1542 ob
1405 1502 1666 1543 causam:
1703 1495 1818 1541 tum
1856 1486 1924 1542 ad
1952 1501 2041 1542 os-

478 1580 814 1635 tendendum
847 1582 990 1651 quod
1021 1581 1112 1651 qui
1140 1580 1551 1651 quatuordecim
1578 1593 1754 1634 annos
1789 1578 2039 1643 siluerat,

479 1687 548 1727 ne
578 1688 724 1728 nunc
752 1674 971 1744 quidem
1010 1682 1291 1729 narrasset
1317 1673 1422 1728 nisi
1458 1672 1754 1727 admodum
1787 1679 2037 1726 coactus.

478 1763 743 1830 Quoniam
798 1765 941 1821 enim
977 1779 1229 1832 magnum
1261 1763 1519 1834 quiddam
1556 1777 1682 1817 esse
1713 1761 2042 1815 videbantur

479 1854 908 1925 pseudapostoli,
940 1870 1243 1925 omnesque
1271 1853 1339 1909 ad
1374 1870 1434 1910 se
1463 1852 1809 1909 attrahebant
1840 1864 2040 1906 :coac-

481 1952 569 1998 tus
600 1954 683 1999 est
730 1944 894 2013 igitur
935 1944 1222 1999 ostendere
1249 1943 1396 2013 quod
1427 1943 1538 1998 illis
1573 1940 1752 2010 major
1779 1948 1948 2004 esset,
1981 1945 2042 1993 ut

478 2036 593 2089 suis
623 2035 971 2091 sermonibus
1014 2035 1165 2106 ipsos
1197 2036 1477 2091 adhaerere
1529 2035 1632 2091 sibi
1661 2034 2039 2115 persuaderet.

476 2125 740 2182 Praeterea
776 2135 836 2182 ut
880 2128 1130 2182 innueret
1163 2128 1308 2198 quod
1357 2127 1450 2197 qui
1504 2134 1634 2182 ante
1684 2140 1860 2182 annos
1906 2140 2043 2195 qua-

477 2218 782 2274 tuordeeim
832 2218 962 2275 talia
1001 2219 1250 2290 accipere
1291 2224 1588 2283 meruerat,
1636 2215 1801 2288 695
1860 2215 2042 2285 qualis

477 2326 623 2365 nunc
658 2321 775 2365 erat
811 2319 932 2381 post
955 2319 1137 2366 tantos
1179 2324 1473 2383 perpessos
1498 2324 1595 2379 pro
1633 2308 1857 2364 Christo
1889 2307 2043 2363 laboo

476 2404 610 2457 res?
660 2419 680 2454 ι
724 2403 848 2459 Sive
892 2404 951 2458 in
981 2419 1233 2474 corpore.
1275 2423 1295 2458 ι
1338 2402 1553 2458 Dictum
1588 2401 1747 2464 illud,
1781 2400 1951 2456 «Sive
1978 2400 2035 2455 in

478 2504 730 2559 corpore,
758 2494 966 2555 nescio,
986 2493 1102 2546 sive
1120 2500 1273 2546 extra
1291 2504 1515 2561 corpus,
1538 2489 1749 2556 nescio,
1765 2508 1783 2539 ι
1801 2487 2043 2545 secundo

481 2574 674 2649 repetit
697 2600 710 2634 :
731 2594 840 2634 non
863 2581 936 2634 ila
955 2590 1012 2635 ut
1030 2583 1155 2649 quis
1192 2589 1383 2652 putare
1399 2580 1576 2651 possit
1592 2580 1933 2649 battalogum
1956 2593 2045 2635 es-

480 2685 560 2732 se,
576 2679 628 2724 et
647 2668 925 2740 superﬂue
942 2671 1011 2725 de
1026 2670 1213 2725 eodem
1232 2678 1389 2741 raptu
1409 2678 1704 2740 utrumque
1725 2669 1930 2734 dicere,
1946 2669 2041 2725 sed

480 2762 614 2817 illud
635 2763 851 2831 quidem
875 2762 943 2818 de
963 2774 1119 2834 raptu
1151 2761 1219 2816 ad
1244 2764 1437 2823 caelos.
1465 2764 1567 2817 hoc
1599 2773 1781 2818 autem
1821 2776 2041 2815 rursum

454 2924 458 2929 ο
478 2849 546 2905 de
569 2858 729 2921 raptu
758 2850 883 2905 inde
905 2851 970 2905 ad
992 2852 1326 2922 paradisum.
1345 2850 1495 2918 Quod
1519 2851 1564 2905 si
1582 2849 1650 2905 de
1666 2850 1855 2906 eodem
1885 2861 2042 2920 raptu

476 2947 727 3010 pOlIEI'Cl,
782 2954 1126 3009 nequaquam
1173 2949 1319 2995 esset
1359 2941 1463 2994 hoc
1513 2937 1875 3007 superﬂuum.
1908 2936 2042 2991 Rem

479 3025 624 3077 enim
657 3024 1033 3080 admirandam
1055 3034 1109 3079 et
1131 3024 1606 3096 supernaturaletn
1646 3039 1908 3088 narrans,
1929 3039 2045 3077 mo-

2152 566 2409 640 ματωδῶς
2444 566 2613 637 αὐτὴν
2645 566 2911 630 τέθεικεν,
2964 566 3052 621 ἵνα
3079 566 3228 639 δείξῃ
3251 569 3334 631 ὅτι
3367 571 3518 624 ἄκων
3546 571 3743 639 λέγει.

2100 702 2107 709 .
2154 682 2173 716 ι
2203 659 2334 718 Οἶδα
2358 663 2639 734 ἄνθρωπον
2663 664 2721 716 ὲν
2750 662 2992 733 Χριστῷ.
3028 682 3048 716 ι
3083 663 3158 716 Τδ
3189 664 3260 717 ἐν
3293 667 3545 733 Χριστῷ.
3580 684 3743 736 πρε-

2146 756 2397 826 σέοηκεν,
2429 756 2512 808 ἵνα
2544 753 2619 826 μὴ
2647 756 2851 809 εἴποιεν
2873 756 2923 809 οῑ
2945 754 3369 825 ψευδαπόστολοι
3398 758 3581 829 (οὐδὲν
3618 760 3744 829 γὰρ

2145 848 2331 911 αὐτοῖς
2377 847 2728 918 ἀτόλμητον.)
2774 846 2866 900 διὰ
2915 847 3187 917 δαιμόνων
3236 850 3475 919 ὲπῆρθαι
3502 851 3584 916 ὡς
3638 852 3745 904 τὸν

2144 940 2382 1010 Σίμωνα.
2427 958 2445 992 t
2476 940 2589 1010 Πρὸ
2619 938 2757 992 ἑτῶν
2793 938 3227 1009 δεκατεσσάρων.
3267 958 3288 992 s
3327 943 3440 1003 ούκ
3464 944 3745 1012 ἀκαίρως

2142 1032 2170 1084 ὁ
2191 1029 2380 1101 χρόνος
2400 1030 2745 1100 πρόσκειται,
2783 1029 2917 1083 ἀλλά
2933 1030 3075 1085 δυοῖν
3093 1030 3301 1098 ἕνεκεν,
3331 1032 3423 1086 τοῦ
3451 1051 3513 1087 τε
3540 1033 3741 1099 δεῖξαι

2142 1120 2220 1184 ὼς
2269 1123 2500 1190 σιγήσας
2549 1120 2927 1192 δεκατέσσαρα
2974 1122 3090 1190 ἔτη,
3122 1123 3240 1176 οὐδὲ
3265 1123 3359 1176 νῦν
3386 1124 3450 1177 ἂν
3475 1121 3609 1178 εἷπε
3649 1125 3738 1195 μὴ

2147 1212 2351 1281 σφόδρα
2403 1211 2665 1281 βιασθείς.
2714 1212 2931 1283 Ἐπειδὴ
2975 1212 3084 1284 γὰρ
3144 1214 3289 1283 μέγα
3326 1232 3377 1268 τι
3405 1216 3644 1269 ἐδόκουν
3678 1218 3739 1269 οἱ

2143 1304 2572 1375 ψευδαπόστολοι
2635 1301 2777 1357 εἶναι
2835 1305 2930 1357 καὶ
2990 1305 3250 1357 εἵλκυσαν
3307 1307 3514 1370 πάντας
3577 1307 3741 1377 πρὸς

2143 1395 2369 1457 ἑαυτοὺς
2399 1433 2414 1457 ,
2464 1392 2648 1447 λοιπὸν
2720 1393 3043 1464 ἠναγκάσθη
3112 1395 3285 1459 δεῖξαι
3348 1397 3429 1450 ὅτι
3505 1398 3739 1468 μείζων

2143 1488 2293 1539 ἔστὶν
2348 1486 2591 1549 ἐκείνων,
2663 1485 2752 1538 ῐνα
2813 1485 2978 1556 πείσῃ
3034 1488 3145 1549 τοῖς
3197 1486 3361 1540 αὐτοῦ
3419 1491 3739 1561 προσέχειν

2141 1578 2316 1646 λόγοις
2352 1577 2570 1641 αὐτούς’
2614 1577 2707 1631 τοῦ
2741 1594 2798 1630 τε
2845 1576 3152 1643 αἰνίξασθαι
3206 1578 3282 1642 ὡς
3330 1582 3359 1633 ό
3391 1581 3497 1651 πρὸ
3548 1581 3736 1635 δεκαο

2141 1672 2423 1741 τεσσάρων
2509 1669 2646 1723 ἑτῶν
2716 1669 3052 1739 τηλικούτων
3120 1669 3374 1736 ἀξιωθεὶς
3397 1713 3413 1735 .
3477 1674 3738 1742 πηλίκος

2143 1762 2239 1817 νῦν
2280 1765 2395 1816 ἐστι
2461 1762 2599 1831 μετά
2656 1761 2943 1825 τοσούτους
2999 1762 3141 1826 ὑπὲρ
3191 1764 3427 1833 Χριστοῦ
3490 1747 3738 1827 τοόνουξς.

2070 1817 2113 1871 Β
2149 1870 2169 1904 ι
2198 1852 2320 1906 εἴτε
2360 1854 2419 1906 ὲν
2454 1817 2689 1922 σώματι.
2715 1870 2734 1904 ι
2768 1852 2841 1905 Τὸ
2875 1817 3029 1905 «lifts
3065 1817 3141 1906 in
3171 1817 3381 1923 acilium
3424 1855 3529 1909 οὐκ
3569 1817 3740 1923 οἰδα,

2141 1944 2251 1998 εἴτε
2298 1944 2454 2007 ἐκτὸς
2480 1943 2574 1998 τοῦ
2620 1942 2872 2015 σώματος
2929 1946 3028 1998 οὐκ
3079 1942 3217 2010 οἶδα,
3249 1965 3269 1999 s
3295 1946 3551 2019 δεύτερον
3577 1949 3740 2018 ἔφη,

2141 2036 2242 2088 ούκ
2271 2036 2345 2097 ὡς
2392 2034 2457 2089 ἄν
2483 2052 2565 2096 τις
2606 2034 2818 2105 οἰηθείη
2867 2036 3284 2106 περιπολογῶν,
3340 2038 3435 2091 καὶ
3489 2040 3586 2092 ἐπὶ
3620 2039 3741 2108 τῆς

2147 2126 2320 2196 αὐτῆς
2351 2126 2610 2199 ἁρπαγῆς
2646 2127 2813 2196 ἄμφω
2841 2126 3031 2195 τιθείς.
3063 2128 3227 2182 Ἀλλά
3262 2129 3322 2182 τὸ
3353 2130 3452 2199 μιν
3494 2131 3742 2201 τίθησιν

2142 2216 2238 2270 ἐπὶ
2281 2218 2378 2288 τῆς
2425 2218 2561 2288 πρὸς
2616 2219 2880 2291 οὐρανοὺς
2927 2221 3208 2292 ἁρπαγῆς.
3232 2221 3293 2274 τὸ
3329 2221 3389 2274 δὲ
3418 2222 3587 2276 πάλιν
3620 2223 3737 2276 ἐπὶ

2142 2308 2240 2375 τῆς
2262 2307 2471 2362 ἐκεῖθεν
2520 2309 2777 2379 ἁρπαγῆς
2815 2310 2913 2379 τῆς
2944 2311 3028 2375 είς
3055 2310 3148 2363 τὸν
3170 2311 3520 2382 παράδεισον.
3557 2313 3627 2366 Εἰ
3660 2314 3732 2367 δὲ

2143 2397 2239 2452 καὶ
2294 2399 2391 2457 ΔΙιτιιὶ
2438 2398 2534 2469 τῆς
2593 2399 2763 2468 αὐτῆς
2822 2399 3083 2470 ἁρπαγῆς
3129 2400 3298 2454 ἐτίθει
3320 2442 3337 2468 ,
3378 2400 3481 2455 οὐκ
3523 2402 3596 2456 ἃν
3651 2400 3735 2475 ἦν

2143 2489 2300 2544 τοῦτο
2352 2490 2752 2561 περιττολογία.
2809 2490 3120 2562 Παράδοξον
3156 2491 3268 2561 γὰρ
3298 2493 3394 2546 καὶ
3428 2493 3734 2565 ύτοερφυὲς

2143 2579 2492 2648 ἀναγγέλλων
2519 2582 2769 2651 πρᾶγμα.
2800 2578 2891 2634 τδν
2908 2581 3108 2651 τρόπον
3141 2581 3355 2649 ἀγνοεῖν
3382 2581 3732 2637 διατείνιται

2147 2670 2264 2741 μετ’
2282 2672 2566 2741 ἐπιμονῆς.
2593 2689 2612 2724 ι
2643 2672 2765 2725 Ehe
2786 2671 2939 2735 ἐκτδς
2972 2668 3068 2725 τοῦ
3100 2672 3349 2742 σώματος
3376 2672 3478 2726 ούκ
3516 2669 3665 2729 οἶδα.
3696 2693 3719 2726 s

2143 2762 2443 2834 Μετριάζει
2466 2804 2482 2829 ,
2543 2766 2619 2835 μὴ
2660 2762 2981 2834 ἀποκρύψας
3038 2764 3136 2836 τὴν
3204 2762 3399 2818 ἑαυτοῦ
3451 2764 3723 2833 ἄγνοιαν.

2156 2853 2314 2926 Ἐξῆν
2353 2854 2462 2926 γὰρ
2519 2854 2648 2925 περὶ
2695 2854 2887 2909 τούτου
2936 2854 3232 2925 σιωπῆσαι.
3270 2873 3289 2907 ι
3312 2856 3429 2909 Καὶ
3470 2854 3594 2911 οἶδα
3623 2858 3726 2911 τὸν

2145 2944 2385 2998 τοιοῦτον
2417 2944 2725 3016 ἄνθρωπον.
2754 2963 2777 2999 s
2826 2945 3085 3017 Ἥρπάγη
3103 2946 3210 3010 ἕως
3236 2949 3424 3018 τρίτου
3450 2950 3725 3019 ούρανοῦ,

2146 3038 2242 3090 καὶ
2296 3035 2459 3090 πάλιν
2501 3035 2711 3090 ἐκεῖθεν
2778 3037 2862 3100 είς
2882 3036 2975 3090 τὸν
3000 3037 3351 3108 παράδεισον.
3395 3040 3459 3092 Τί
3488 3041 3554 3094 δὲ
3575 3042 3728 3106 ὅλως

479 3119 609 3173 dum
638 3135 695 3174 se
718 3120 969 3190 ignorare
986 3104 1405 3191 perseveranter
1421 3122 1721 3177 contendit.
1739 3140 1758 3172 ι
1791 3119 1917 3176 Sive
1942 3136 2039 3175 ex-

2147 3127 2371 3197 ήρπάγη
2395 3144 2410 3193 ;
2431 3125 2550 3181 Ίνα
2580 3126 2701 3198 μηδ’
2726 3128 2785 3181 ὲν
2815 3126 2990 3198 τούτῳ
3011 3104 3230 3183 ἔλαττον
3250 3130 3349 3203 ἔχῃ
3372 3130 3484 3184 τῶν
3507 3104 3727 3186 λοιπῶν

479 3221 562 3264 tra
585 3227 784 3282 corpus
813 3213 1055 3268 nescio.)
1082 3212 1326 3270 Modeste
1352 3214 1617 3286 loquitur,
1639 3228 1793 3269 suam
1815 3228 1922 3268 non
1942 3228 2042 3267 oc-

478 3304 692 3359 cultans
716 3305 1102 3375 ignorantiam.
1134 3304 1407 3363 Licuisset
1426 3310 1570 3361 enim
1595 3307 1662 3362 de
1698 3308 1800 3361 hoc
1828 3314 2034 3362 tacere.

483 3376 748 3452 (Et.st
778 3395 1093 3468 huiusmodi
1124 3397 1422 3457 hominem.
1449 3414 1470 3451 ι
1502 3396 1837 3471 Rapiebatur
1867 3413 2044 3470 usque

478 3489 544 3543 ad
592 3491 811 3543 tertium
842 3492 1064 3557 caelum,
1110 3497 1166 3545 et
1215 3504 1434 3545 rursum
1491 3490 1545 3544 in
1593 3487 1927 3560 paradisum.
1955 3490 2036 3545 Ad

476 3580 605 3648 quid
637 3588 818 3634 autem
850 3580 1075 3635 omnino
1108 3589 1300 3651 raptus
1328 3580 1460 3635 est?
1493 3577 1572 3635 Ne
1612 3580 1695 3634 vel
1726 3582 1780 3634 in
1814 3584 1919 3635 hoc
1944 3595 2037 3635 es-

479 3679 564 3725 set
595 3670 821 3725 iuferior
841 3672 1055 3727 caeteris
1086 3672 1373 3742 apostolis,
1396 3672 1488 3742 qui
1519 3672 1884 3742 corporaliter
1912 3686 2037 3728 cum

466 3762 711 3835 Domino
752 3764 955 3817 versati
993 3776 1142 3820 sunt.
1177 3783 1195 3816 ι
1229 3762 1287 3818 1η
1324 3764 1660 3835 paradisum.
1693 3782 1715 3816 s
1755 3763 2035 3834 Siquidem

479 3853 646 3924 hujus
686 3855 792 3910 loci
823 3872 1021 3913 nomen
1068 3857 1271 3927 ubique
1300 3857 1596 3912 admodum
1638 3857 1854 3913 celebre
1881 3865 2035 3915 erat:

2143 3218 2457 3273 ἀποστόλων
2486 3256 2504 3283 ,
2554 3217 2663 3272 τῶν
2722 3217 3119 3288 διαγενομένων
3182 3217 3512 3291 σωματικῶς
3570 3226 3723 3291 μετὰ

2141 3310 2237 3364 τοῦ
2271 3310 2500 3381 Κυρίου.
2566 3328 2586 3362 ι
2617 3310 2712 3374 Et;
2746 3311 2838 3363 τὸν
2898 3312 3244 3380 παράδεισον.
3274 3331 3303 3373 »ι
3332 3313 3472 3366 Πολὺ
3513 3314 3627 3383 γὰρ
3656 3317 3725 3369 τὸ

2141 3403 2314 3473 ὄνομα
2341 3401 2435 3458 τοῦ
2466 3401 2667 3474 χωρίου
2687 3401 2881 3457 τούτου
2907 3402 3001 3456 καὶ
3032 3404 3310 3474 πανταχοῦ
3334 3404 3517 3476 ⁴ᾔδετο.
3544 3406 3721 3460 Ὅθεν

2143 3498 2237 3551 καὶ
2265 3496 2344 3567 τῷ
2367 3496 2539 3567 λῃστῇ
2570 3494 2727 3549 τοῦτο
2788 3494 3206 3565 Ἀπηγγείλατο.
3276 3514 3294 3548 ι
3330 3498 3583 3568 ’Δρῤητα
3600 3500 3718 3568 pi;-

2145 3602 2311 3658 ματα.
2337 3604 2354 3638 ι
2423 3586 2586 3648 Ἴσως
2617 3584 2728 3654 γὰρ
2758 3584 2951 3655 ἕτερος
2974 3584 3256 3656 ἄνθρωπος
3288 3586 3446 3657 ¹’πλὴν
3472 3588 3718 3656 Παύλου,

2141 3679 2241 3733 ούκ
2309 3676 2506 3749 ἐχώρει
2555 3676 2781 3731 τοιαῦτα
2833 3676 3086 3731 ἀκοῦσαι.
3145 3697 3163 3729 ¢
3203 3679 3266 3730 'A
3317 3680 3420 3732 ούκ
3470 3680 3590 3745 ἐξὸν
3618 3683 3721 3734 ἀν-

2144 3768 2347 3841 θρὼπῳ
2377 3769 2659 3838 λαλῆσαι.»
2686 3756 2793 3822 1ιοῦ
2817 3771 2951 3823 εἰσιν
2979 3771 3029 3823 οἱ
3057 3768 3506 3842 ψευδεπίγραφον
3551 3773 3717 3825 Ἀπο-

2146 3860 2380 3928 κάλυψιν
2407 3858 2859 3931 συγγραψάμενοι
2883 3876 2898 3923 ;

480 3947 623 4003 unde
647 3955 701 4002 et
731 3948 931 4004 latroni
959 3950 1264 4020 promissus
1293 3958 1433 4005 erat.
1476 3968 1496 4001 ι
1535 3950 1749 4007 Arcana
1777 3951 1965 4008 verba.
2000 3951 2317 4008 sFortassis
2375 3951 2520 4005 enim
2566 3951 2698 4006 nulli
2754 3951 2845 4005 alii
2911 3952 3189 4008 hominum
3252 3963 3450 4024 praiter
3486 3954 3714 4011 Paulum

477 4057 797 4099 concessum
826 4051 911 4099 est
950 4044 1263 4113 huiusmodi
1305 4044 1517 4101 audire.
1565 4063 1583 4098 ι
1622 4044 1754 4112 Quae
1816 4046 1900 4101 fas
1966 4058 2077 4101 non
2102 4045 2178 4101 sit
2239 4043 2447 4100 homini
2492 4044 2664 4114 loqui.
2708 4062 2727 4094 ι
2783 4041 2888 4099 Ubi
2920 4054 3046 4102 sunt
3086 4047 3179 4115 qui
3215 4047 3356 4105 falso
3392 4048 3713 4121 inscriptam

476 4136 886 4192 Rerelationem
907 4136 1355 4205 conscripserunt
1379 4137 1402 4192 2

549 4234 668 4299 Xll,
701 4232 818 4288 5-9.
854 4231 929 4287 De
950 4231 1250 4299 huiusmodi
1294 4234 1501 4288 homine
1524 4233 1834 4306 gloriabor;
1869 4233 1935 4289 de
1959 4249 2040 4289 ms

476 4330 591 4395 ipso
629 4339 748 4379 vero
796 4338 900 4378 non
931 4321 1221 4393 gloriabor,
1267 4326 1370 4380 nisi
1427 4340 1583 4393 super
1638 4327 2041 4397 inﬁrmitatibus

478 4419 631 4473 meis.
684 4414 829 4468 Nam
858 4415 904 4468 si
936 4416 1158 4484 gloriari
1214 4417 1444 4480 uoluero,
1474 4433 1577 4471 non
1607 4434 1697 4473 ero
1756 4419 2036 4487 insipiens;

474 4511 748 4565 veritatem
786 4505 923 4559 enim
969 4503 1184 4569 dicam;
1210 4506 1298 4559 sed
1340 4506 1595 4571 abstineo,
1629 4524 1692 4562 ne
1726 4509 1844 4578 quis
1870 4509 1934 4561 de
1960 4523 2040 4561 me

2219 4230 2389 4299 ’Υπὲρ
2413 4230 2518 4285 τοῦ
2540 4231 2812 4287 τοιούτου
2835 4230 3240 4302 καυχήσομαι,
3267 4232 3421 4302 ὑπὲρ
3450 4232 3519 4287 δὲ
3536 4233 3712 4303 ἐμαυ-

2139 4324 2248 4378 τοῦ
2272 4325 2345 4378 οὐ
2384 4321 2788 4391 καυχήσομαι,
2846 4325 2898 4377 sl
2940 4323 3028 4392 μὴ
3085 4324 3155 4378 ἐν
3208 4324 3339 4392 ταῖς
3371 4326 3711 4393 ἀσθενείαις

2133 4431 2273 4485 μου.
2358 4412 2501 4467 Ἐὰν
2562 4415 2685 4482 τὰρ-
2748 4414 2987 4481 θελήσω
3044 4415 3474 4485 καυχήσασθαι
3508 4457 3525 4479 .
3597 4421 3707 4471 οὐκ

2139 4507 2355 4575 ἔσομαι
2415 4505 2639 4576 ἄφρων.
2723 4505 3031 4572 Ἀλήθειαν
3085 4507 3199 4577 γὰρ
3245 4508 3381 4576 ἐρῶ.
3435 4508 3707 4579 Φεῖδομαι

484 4599 674 4668 cogitet
693 4612 855 4666 supra
870 4595 925 4648 id
953 4593 1092 4665 quod
1118 4595 1254 4648 videt
1293 4611 1405 4649 esse
1456 4612 1555 4661 me,
1587 4608 1680 4650 aut
1716 4598 1852 4668 quod
1887 4597 2039 4649 audit

2143 4597 2226 4662 δὲ,
2262 4598 2461 4666 μήτις
2487 4600 2576 4661 εις
2622 4597 2728 4667 ἐμὲ
2774 4599 3115 4668 λογίσηται,
3141 4600 3294 4668 ὑπὲρ
3322 4600 3354 4654 ὃ
3390 4602 3605 4665 βλέπει
3628 4620 3705 4670 με

474 4707 540 4746 ea:
582 4706 685 4744 me.
728 4687 797 4742 Et
842 4703 906 4742 tte
939 4685 1255 4741 excellentia
1303 4687 1681 4742 revelationum
1733 4688 2036 4753 extollercr,

474 4784 634 4839 datus
677 4782 779 4852 fuit
810 4780 937 4836 mihi
966 4779 1214 4835 stimulus
1256 4781 1311 4833 in
1349 4796 1508 4834 carne
1548 4780 1766 4835 nuntius
1793 4780 2038 4846 Satanae,

476 4886 532 4929 ut
562 4891 644 4928 me
676 4873 914 4944 colaphis
947 4872 1168 4927 cederet
1201 4888 1265 4926 ne
1289 4873 1589 4927 extollerer.
1638 4871 1808 4943 Super
1834 4874 1928 4927 hoc
1961 4884 2039 4927 ter

475 4966 761 5020 Dominum
801 4965 1001 5036 rogavi,
1030 4972 1088 5025 ut
1117 4964 1406 5018 discederet
1440 4982 1469 5018 a
1492 4981 1592 5030 me,
1618 4975 1669 5020 et
1700 4965 1986 5019 dixitmihi
2015 4982 2035 5020 :

475 5058 678 5127 Sufﬁcit
704 5058 800 5111 tibi
836 5058 1015 5126 gratia
1045 5072 1183 5123 mea,
1217 5074 1340 5110 nam
1365 5058 1602 5127 potentia
1632 5074 1747 5112 mea
1772 5074 1865 5127 per
1888 5060 2040 5128 inﬁr-

478 5151 713 5207 mitatem
748 5147 1039 5217 perﬁcitur.
1064 5146 1426 5203 Libentissime
1450 5149 1617 5218 igitur
1647 5148 1917 5219 gloriabor
1939 5167 2036 5219 po-

479 5242 584 5294 tius
610 5253 766 5307 super
806 5238 1211 5306 inﬁrmitatibus
1248 5243 1399 5305 meis,
1447 5252 1505 5294 ut
1554 5242 1807 5296 inhabitet
1858 5248 1911 5295 in
1960 5259 2040 5297 me

474 5330 714 5401 potentia
753 5328 975 5384 Christi.

548 5592 683 5649 Vide
703 5601 969 5664 quantum
1005 5593 1147 5649 l'astu
1170 5604 1375 5661 careat,
1408 5606 1463 5650 et
1488 5597 1764 5664 quomodo
1794 5597 1909 5652 haec
1945 5613 2028 5652 ve-

479 5685 561 5739 lut
584 5685 651 5740 de
678 5686 851 5742 altero
882 5685 1117 5758 quodam
1143 5692 1354 5741 narret.
1376 5687 1453 5741 De
1478 5687 1810 5757 hujusmodi,
1836 5690 2035 5758 inquit,

480 5776 699 5833 homine
728 5777 1019 5848 gloriabor.
1053 5779 1110 5835 ω
1147 5789 1328 5836 autem
1364 5779 1519 5849 facit,
1564 5795 1868 5837 sermonem
1906 5797 2034 5836 nar-

2064 4642 2114 4700 ι)

2139 4690 2178 4758 ἢ
2202 4690 2407 4744 ἀκούει
2431 4708 2486 4744 τι
2511 4690 2581 4754 ἐξ
2618 4690 2789 4759 ἐμοῦ.
2821 4690 2930 4745 Καὶ
2961 4690 3037 4759 τῇ
3091 4692 3399 4760 ὑπερϐολῇ
3430 4692 3549 4746 τῶν
3571 4695 3705 4747 tino-

2140 4783 2488 4850 καλύψεων,
2555 4783 2657 4835 ἵνα
2722 4780 2811 4851 μὴ
2891 4785 3315 4851 ὑπεραίρωμαι,
3392 4784 3569 4852 ἐδόθη
3606 4802 3701 4852 μοι

2134 4873 2382 4940 σκόλοψ
2404 4871 2477 4941 τῇ
2516 4874 2718 4940 σαρκὶ,
2773 4872 3029 4943 ἄγγελος
3063 4873 3282 4938 Σατᾶν,
3309 4876 3411 4928 ἵνα
3432 4893 3509 4945 με
3532 4880 3699 4931 κολα-

2136 4961 2299 5031 φίζῃ,
2338 4963 2439 5017 ἵνα
2464 4964 2550 5033 μὴ
2569 4964 2990 5033 ὑπεραίρωμαι.
3062 4965 3242 5032 ’Υπὲρ
3297 4968 3518 5022 τούτου
3581 4969 3695 5037 τρὶς

2136 5054 2244 5108 τὸν
2288 5054 2510 5122 Κύριον
2560 5054 2947 5122 παρεκάλεσα
2980 5056 3083 5109 ἵνα
3124 5056 3369 5125 ἀποστῇ
3417 5058 3691 5126 ἀπ’ἑμοῦ’

2137 5144 2237 5199 καὶ
2282 5145 2485 5213 εἴρηκέ
2510 5163 2617 5214 μοι
2641 5162 2658 5178 ο
2689 5145 2891 5215 Ἀρκεῖ
2912 5162 3011 5201 σοι
3040 5148 3079 5215 ή
3106 5148 3278 5216 χάρις
3326 5149 3451 5219 μοῦ
3475 5167 3491 5182 ο
3524 5153 3564 5219 ἡ
3597 5150 3690 5220 γὰρ

2137 5236 2393 5305 δύναμίς
2434 5254 2552 5307 μου
2608 5237 2677 5290 ἐν
2720 5236 3007 5306 ἀσθενείᾳ
3049 5240 3404 5296 τελειοῦται.
3462 5243 3689 5300 Ἥδιστα

2141 5324 2256 5382 οὖν
2309 5325 2545 5395 μᾶλλον
2622 5326 3006 5397 καυχήσομαι
3060 5329 3132 5382 ἐν
3188 5318 3319 5395 ταῖς
3368 5332 3689 5397 ἀσθενείαις

2136 5437 2276 5488 μου,
2334 5420 2435 5472 ἵνα
2489 5419 2883 5490 ἐπισκηνώσῃ
2936 5421 3033 5474 ἐπ’
3060 5418 3165 5489 ἐμὲ
3199 5423 3236 5490 ἠ
3289 5421 3543 5492 δύναμις
3597 5421 3684 5476 τοῦ

2145 5509 2425 5578 Χριστοῦ.

2215 5601 2387 5654 Βλέπε
2428 5601 2593 5656 αὐτοῦ
2628 5603 2689 5656 τὸ
2708 5603 2931 5672 ἄτυφον,
2955 5605 3071 5667 πῶς
3097 5604 3173 5669 ὡς
3203 5605 3334 5675 περὶ
3362 5607 3546 5677 ἑτερου
3561 5604 3684 5666 τινὸς

2142 5694 2279 5748 αὐτὰ
2323 5684 2613 5764 διηγεῖτᾶι.
2683 5696 2854 5767 Ὑπὲρ
2911 5696 3022 5768 γὰρ
3073 5695 3169 5750 τοῦ
3217 5697 3494 5761 τοιούτου,
3544 5695 3681 5767 φησι,

2140 5784 2514 5855 καυχήσομαι.
2584 5785 2757 5840 Τοῦτο
2785 5784 2841 5839 δὲ
2868 5790 3015 5842 ποιεῖ
3061 5787 3370 5854 συσκιάζων
3405 5791 3497 5843 τὸν
3523 5787 3674 5856 λόγον.
