3956 6580
219 330 346 395 1065

1157 335 1544 402 COMMENT.
1586 337 1669 402 IN
1707 336 1943 401 EPIST.
1970 338 2032 400 II
2062 339 2163 400 AD
2202 339 2567 406 CORINTH.

3321 342 3462 410 1066

215 447 463 521 Ὀτιγὰρ
489 449 651 514 αὑτὸς
678 443 746 521 ἦν
783 450 811 504 ό
847 449 1138 522 ἀρπαγεὶς,
1175 452 1474 507 αίνίττεται
1533 453 1782 522 φάσκων,

1896 453 2063 506 rando
2087 453 2447 507 obumbrans.
2484 453 2621 505 Nam
2649 451 2792 522 quod
2829 452 2881 522 ip
2914 467 2944 508 e
2970 461 3115 514 esset.
3146 455 3238 524 qui
3272 467 3463 527 raptus

225 561 244 595 ι
274 541 397 594 Ἐὰν
452 541 562 613 γὰρ
595 543 984 614 καυχήσωμαι,
1029 544 1132 597 οὑκ
1175 543 1368 613 ἔσομαι
1418 543 1630 615 ἄφρωνο
1657 545 1784 614 ἁλή-

217 639 364 693 θειαν
389 639 497 709 γὰρ
533 638 662 710 ἐρῶ.
692 658 710 690 ι
743 639 854 693 Καὶ
887 639 1020 703 ἄνω,
1062 658 1082 690 ι
1107 640 1434 710 Καυχᾶσθαι
1459 640 1524 710 δὴ
1547 641 1607 694 οὐ
1641 657 1782 710 συμ-

218 730 366 800 φέρει
400 747 514 801 μοι.
534 749 554 782 ο
587 732 744 785 Ποῖον
767 731 826 785 δὲ
853 731 1170 803 ἀσύμφορον
1194 733 1255 785 τδ
1295 731 1434 802 ὑπὲρ
1460 732 1620 787 ἄλλου
1650 749 1784 786 καυ-

214 821 403 892 χᾶσθαι
454 821 549 875 καὶ
581 823 904 892 ἀληθεύειν;
946 843 966 876 ι
1007 824 1178 895 ’Υπὲρ
1207 823 1264 877 δὲ
1297 823 1533 894 ἐμαυτοῦ
1564 824 1626 876 οὑ
1649 841 1784 876 καυ-

217 914 471 983 χήσομαι.
499 931 518 963 ι
582 913 691 966 Καὶ
741 915 888 978 τίνος
957 915 1141 969 ἕνεκεν
1191 915 1350 969 ἄλλου
1415 915 1782 986 ἁρπαγέντος,

218 1004 278 1058 σὺ
307 1005 610 1075 καυχᾶσαις
662 1006 823 1074 δῆλον
878 1006 972 1061 οὖν
999 1008 1080 1061 ὅτι
1136 1008 1264 1079 περὶ
1321 1006 1550 1061 σεαυτοῦ
1573 1007 1779 1076 λέγεις,

215 1095 260 1147 εί
289 1093 384 1147 καὶ
447 1097 947 1165 συνεσκιασμένως.
998 1116 1017 1149 ι
1042 1098 1104 1151 El
1131 1099 1204 1170 μὴ
1232 1101 1290 1152 ἐν
1319 1101 1439 1162 ταῖς
1472 1099 1784 1163 ἀσθενείαις

217 1200 334 1253 μου.
366 1200 384 1234 ι
433 1176 558 1237 οἷον
618 1185 676 1237 ὲν
721 1187 839 1247 ταῖς
894 1185 1166 1256 θλίψεσιν,
1227 1188 1286 1242 ἐν
1348 1190 1459 1251 τοῖς
1501 1187 1782 1258 διωγμοῖς.

220 1293 239 1325 ι
273 1274 397 1328 Ἐὰν
421 1274 526 1346 γὰρ
544 1273 756 1345 θελήσω
777 1278 1180 1347 καυχήσασθαι,
1201 1279 1301 1332 οὐκ
1321 1278 1515 1348 ἔσομαι
1535 1279 1743 1349 ἄφρων.
1758 1298 1776 1330 ι

217 1365 320 1418 Καὶ
344 1367 464 1429 πῶς
497 1367 608 1420 ἄνω
653 1366 858 1436 ἔλεγεν,
905 1368 1097 1438 όφελον
1146 1370 1428 1441 ἀνείχεσθέ
1455 1388 1557 1441 μου
1591 1371 1786 1442 μικρὸν

215 1459 309 1526 τῆς
369 1459 710 1531 άφροσύνηςς
771 1460 879 1514 Καὶ
937 1461 1134 1516 πάλιν·
1189 1464 1255 1516 '0
1314 1462 1482 1526 λαλῶ,
1535 1464 1596 1516 οὐ
1645 1463 1786 1518 κατὰ

214 1548 417 1620 Κύριον
475 1551 638 1617 λαλῶ,
701 1551 817 1605 ἀλλ’
851 1552 928 1611 ῶς
960 1554 1020 1606 ἐν
1060 1553 1381 1627 ἀφροσύνῃς
1437 1553 1546 1608 Καί
1581 1571 1783 1626 φαμεν,

212 1641 290 1694 ὅτι
354 1641 417 1694 οὑ
478 1642 703 1696 κατὰτὸ
747 1643 1059 1714 καυχᾶσθαι
1122 1640 1244 1697 εἶπε
1285 1645 1365 1710 τὸ,
1424 1645 1540 1699 Οὐκ
1592 1643 1786 1716 ἔσομαι

213 1734 425 1803 ἄφρων,
459 1735 595 1789 ἀλλὰ
630 1734 772 1790 κᾶτα
798 1737 858 1789 τὸ
886 1735 961 1807 μὴ
995 1736 1324 1806 ψεύσασθαι.
1357 1736 1518 1791 Ὅθεν
1549 1737 1744 1806 ἐπάγει
1768 1753 1784 1769 ο

1887 546 2055 616 696
2081 545 2254 601 fuerat
2279 547 2551 617 designat,
2571 545 2794 600 dicens:
2829 565 2846 597 ι
2875 545 2931 601 Si
2963 546 3189 618 gloriari
3215 549 3462 619 voluero,

1890 651 1999 690 non
2046 631 2153 691 ero’
2188 637 2478 707 insipiens,
2521 638 2803 694 veritatem
2864 639 3008 694 enim
3063 640 3262 696 dicam.
3312 662 3331 695 ι
3397 644 3466 698 Et

1891 741 2058 798 supra
2093 745 2106 781 :
2155 747 2175 780 ι
2211 729 2443 785 Gloriari
2471 745 2604 786 sane
2631 745 2740 785 non
2779 731 2998 802 expedit
3030 733 3187 788 mihi.
3231 753 3250 787 ι
3285 733 3466 801 Quod-

1892 834 2016 874 nam
2048 829 2130 876 est
2160 829 2362 888 autem,
2394 824 2458 877 de
2489 823 2595 877 alio
2624 824 2848 894 gloriari
2886 839 3014 880 vera
3047 827 3464 899 dicendo,quod

1892 923 2001 964 non
2051 912 2309 980 expedit?
2353 931 2372 964 ι
2411 911 2486 968 οε
2540 915 2751 984 meipso
2784 929 2910 969 vero
2964 931 3072 970 non
3110 917 3409 987 gloriabor.
3443 940 3462 972 ι

1893 998 1958 1055 Et
2002 1015 2175 1068 quare
2209 1001 2317 1056 alio
2349 1013 2507 1072 rapto
2545 1012 2598 1058 tu
2633 1005 2926 1076 gloriaris?
2980 1005 3327 1064 Manifestum
3381 1019 3468 1066 est

1893 1091 2079 1160 itaque
2134 1092 2280 1162 quod
2321 1093 2389 1147 de
2442 1094 2616 1164 teipso
2663 1095 2822 1160 dicis,
2877 1109 3189 1169 quanquam
3225 1101 3464 1158 obtcclc.

1899 1204 1917 1237 ι
1964 1183 2081 1240 Nisi
2120 1201 2285 1255 super
2313 1186 2731 1246 infirmitatibus
2762 1193 2920 1248 meis.
2957 1212 2976 1246 ι
3010 1194 3126 1250 Iloc
3155 1206 3261 1262 εει,
3299 1214 3464 1268 super

1894 1276 2290 1334 afﬂictionibus
2320 1287 2372 1335 et
2400 1282 2902 1349 persecutionibus.
2943 1304 2962 1337 ‹
2997 1286 3135 1341 Nam
3164 1289 3207 1342 si
3241 1290 3468 1359 gloriari

1894 1370 2138 1436 voluero,
2178 1385 2288 1426 non
2319 1387 2414 1426 ero
2434 1373 2721 1442 insipiens.
2754 1395 2772 1428 ι
2800 1374 2865 1429 Et
2905 1379 3179 1447 quomodo
3209 1384 3468 1451 superius

1895 1459 2052 1515 dixit.
2093 1460 2308 1518 Utinam
2337 1465 2648 1522 toleraretis
2688 1482 2864 1523 meam
2899 1471 3177 1540 paulisper
3205 1472 3471 1542 insipien-

1895 1551 2064 1605 tiam?
2093 1562 2146 1608 et
2173 1570 2394 1610 rursum
2419 1573 2444 1611 ε
2476 1555 2611 1612 Cum
2645 1559 2768 1613 dico
2800 1575 2908 1614 non
2945 1563 3250 1617 secundum
3283 1563 3468 1618 Domi-

1894 1659 2025 1699 num
2061 1645 2204 1714 dico,
2241 1649 2334 1703 sed
2370 1651 2518 1704 velut
2557 1666 2655 1722 per
2695 1652 3108 1722 insipientiam?
3138 1654 3202 1708 Et
3235 1656 3471 1711 dicimus

1893 1738 2040 1807 quod
2071 1753 2180 1793 non
2208 1738 2346 1794 dixit
2373 1759 2386 1795 :
2415 1741 2534 1795 Non
2560 1757 2655 1798 ero
2675 1743 2958 1815 insipiens,
2991 1747 3045 1800 in
3083 1747 3185 1801 hoc
3214 1750 3358 1818 quod
3389 1761 3473 1805 εει

217 1845 238 1879 ι
271 1828 558 1898 Ἀλήθειαν
575 1829 680 1902 γὰρ
704 1830 836 1900 ἐρῶ.
867 1849 886 1882 ι
925 1829 1141 1896 Καλῶς,
1179 1830 1365 1903 φησιν,
1406 1847 1426 1882 ι
1450 1830 1564 1884 Οὐκ
1593 1830 1787 1900 ἔσομαι

1896 1832 2136 1903 gloriari,
2169 1833 2264 1889 sed
2304 1834 2358 1888 in
2395 1834 2504 1890 hoc
2532 1835 2677 1906 quod
2697 1846 2779 1891 est
2805 1853 2916 1892 non
2951 1815 3288 1896 mentiendo.
3316 1841 3472 1898 Unde

210 1919 461 1990 ἄφρων.»
500 1921 575 1973 Οὐ
635 1921 744 1990 γάρ
789 1922 940 1974 ἐστιν
990 1919 1231 1990 ἄφρονος
1279 1920 1342 1975 τὸ
1401 1923 1494 1976 ἐπὶ
1542 1923 1786 1994 σωτηρίᾳ

1896 1923 2189 1995 subjungit,
2231 1942 2250 1976 ι
2287 1923 2584 1982 Veritatem
2647 1929 2795 1983 enim
2847 1931 3049 1985 dicam.
3093 1951 3112 1984 ι
3146 1932 3338 1996 Recte
3369 1936 3467 2000 ait,

211 2012 296 2065 καὶ
332 2011 573 2083 ὠφελείᾳ
612 2012 801 2083 ψυχῶν
859 2014 954 2067 καὶ
1006 2014 1252 2087 ἀνάγκης
1282 2014 1663 2086 ἐπικειμένης,
1685 2015 1786 2085 τὴν

210 2103 362 2173 παρὰ
385 2102 520 2157 θεοῦ
579 2106 1021 2176 παρασχεθείσαν
1071 2107 1221 2179 αύτῷ
1260 2107 1421 2178 χάριν
1479 2106 1789 2178 ἀνακηρύτ-

207 2209 341 2248 τειν.
390 2196 608 2250 Μᾶλλον
668 2196 724 2249 δέ
785 2197 882 2251 καὶ
936 2194 1055 2252 λίαν
1125 2199 1396 2271 ἔμφρονος
1449 2199 1544 2254 καὶ
1599 2199 1788 2268 φιλαν-

208 2285 431 2357 θρώπου
485 2289 547 2341 τὸ
599 2289 848 2359 παριδειν
892 2291 987 2344 καὶ
1037 2291 1273 2362 ὑποψίαν
1302 2291 1782 2363 οἱήσεως,έκιεκεν

210 2380 486 2450 σωτηρίας
536 2379 862 2452 ἀνθρώπων.
915 2401 936 2435 ι
991 2381 1248 2454 Φείδομαι
1309 2383 1368 2437 δὲ
1425 2386 1498 2455 μή
1556 2400 1641 2447 τις
1709 2383 1790 2448 είς

208 2473 305 2544 ἐμὲ
347 2474 654 2547 λογίσηται.
709 2495 730 2530 ι
782 2476 1059 2550 Φείδομαι,
1103 2475 1272 2544 ἐλεῶ,¹
1306 2476 1626 2546 ἀποφεύγω.
1673 2476 1788 2531 Οὐκ

205 2558 355 2631 εἷπε,
388 2568 686 2640 Πιστεύσῃ,
713 2570 746 2638 ἢ
782 2567 950 2641 Eii-cn,
979 2568 1135 2632 ἀλλ’,
1184 2588 1203 2622 ι
1262 2569 1381 2624 Ἵνα
1444 2570 1579 2642 μηδὲ
1639 2569 1790 2638 λογί-

209 2675 394 2730 σηται,
449 2678 466 2711 ι
527 2659 560 2731 ἢ
609 2660 856 2734 ὑπολάϐῃ
905 2659 1086 2732 μεῖζόν
1130 2677 1230 2726 τι,
1297 2659 1454 2733 φησι,
1506 2661 1604 2730 τῆς
1651 2660 1790 2731 ἐμῆς

205 2751 389 2817 ἀξίας.
439 2752 540 2804 Διά
591 2751 748 2806 τοῦτο
807 2753 918 2824 γὰρ
949 2754 1018 2807 τὰ
1048 2754 1176 2824 περὶ
1233 2752 1428 2808 ἐαυτοῦ
1495 2753 1584 2807 del.
1628 2753 1789 2822 ἐσίγα

207 2843 300 2896 καὶ
338 2843 601 2914 ἔκρυπτε,
655 2845 747 2898 καὶ
788 2845 837 2898 εί
899 2847 972 2917 μή
1033 2860 1136 2898 που
1193 2845 1408 2918 ἀνάγκη
1467 2847 1788 2911 κατέλαϐεν,

207 2935 332 2989 οὐδὲ
395 2937 523 3007 περὶ
566 2938 760 2990 ἑαυτοῦ
793 2937 968 3006 ἔλεγε.
997 2939 1106 2993 Καὶ
1128 2937 1302 3008 λέγων
1321 2939 1401 3004 δὲ,
1434 2937 1790 3000 συνεσκίαζεν

209 3030 375 3098 αὐτὰ,
406 3030 495 3085 ἵνα
538 3031 613 3102 μὴ
644 3030 866 3103 μείζονα
909 3031 1166 3086 ὑπόνοιαν
1194 3030 1324 3104 περὶ
1351 3031 1518 3085 αὐτοῦ
1560 3031 1789 3102 σχῶσιν.

207 3123 270 3178 EI
295 3122 414 3194 γὰρ
476 3122 633 3188 θεοὺς
692 3123 890 3190 αὐτοὺς
931 3124 1192 3195 ἐνόμισαν
1221 3125 1271 3177 al.
1301 3123 1578 3194 ἄνθρωποι
1613 3123 1700 3177 διὰ
1727 3123 1788 3176 τὸ
1815 3146 1858 3202 C

207 3215 445 3287 μέγεθος
471 3216 580 3271 τῶν
600 3217 862 3289 σημείων,
897 3218 994 3272 καὶ
1017 3217 1254 3288 ταύρους
1282 3216 1536 3286 σφάττειν
1570 3214 1786 3287 ἧθελον,

202 3309 257 3363 τί
284 3308 361 3363 ἂν
410 3309 669 3380 ᾠήθησαν
696 3311 745 3364 εί
769 3309 870 3374 τὰς
923 3309 1301 3380 ἀποκαλύψεις
1351 3309 1620 3380 ἐφανέρου
1645 3349 1659 3373 ,
1695 3306 1790 3361 καὶ

203 3402 272 3456 τὰ
320 3402 448 3456 καθ’
490 3403 685 3458 ἐαυτὸν
741 3401 1385 3476 extrudam—[1’91]
1421 3403 1514 3466 Τὸ,
1568 3401 1678 3454 Καὶ
1720 3402 1789 3470 τῇ

205 3494 486 3567 ὑπερϐολῇ
537 3494 647 3548 τῶν
693 3494 1114 3566 ἀποκαλύψεων,
1169 3494 1308 3567 πρὸς
1350 3493 1432 3562 τὸ,
1462 3492 1789 3563 Ἐλεύσομαι

202 3588 313 3660 γὰρ
367 3588 448 3650 είς
509 3587 778 3649 ὀπτασίας
835 3587 928 3642 καὶ
982 3585 1380 3656 ἀποκαλύψεις,
1410 3584 1786 3653 ἐξακουστέον.

211 3696 232 3730 ι
260 3679 387 3732 Ἵνα
421 3676 496 3748 μὴ
528 3676 936 3748 ὑπεραίρωμαι.
961 3694 980 3726 ι
1017 3676 1134 3731 Ἶνα
1189 3676 1285 3748 μὴ,
1327 3677 1486 3748 φησι,
1533 3676 1790 3748 φρονήσω

206 3768 380 3838 μέγα,
406 3769 441 3838 ἢ
491 3769 578 3824 ἵνα
616 3769 691 3839 μὴ
715 3769 820 3823 ὑπὸ
883 3767 993 3822 τῶν
1040 3767 1344 3838 ἀνθρώπων
1399 3767 1788 3838 ὑπεραίρωμαι

201 3860 299 3914 καὶ
359 3857 710 3931 δοξάζωμαι,
756 3859 890 3931 ὅπερ
952 3859 1048 3913 καὶ
1105 3857 1340 3929 βέλτιον.
1413 3857 1488 3911 Ού
1557 3855 1667 3927 γὰρ
1721 3855 1788 3910 ἂν

201 3955 447 4028 ἔχρῃζεν
484 3957 518 4026 ἡ
548 3955 694 4027 ψυχὴ
734 3954 950 4009 Παύλου
1009 3953 1228 4026 χαλινοῦ
1253 3970 1418 4018 τινος,
1456 3951 1593 4024 πρὸς
1613 3951 1674 4004 τὸ
1714 3950 1788 4021 μὴ

203 4049 434 4117 φρονεῖν
487 4049 650 4118 μέγα.
694 4067 712 4100 ι
767 4047 954 4116 Ἐδόθη
1017 4063 1106 4116 μοι
1155 4044 1372 4114 σκόλωψ
1426 4047 1491 4115 τῇ
1547 4042 1732 4114 σαρκί.
1765 4061 1784 4094 ι

203 4135 288 4188 Τὰ
320 4135 500 4206 δεσμὰ
544 4135 717 4204 λέγει,
775 4135 872 4200 τὰς
915 4133 1153 4204 πληγὰς,
1181 4136 1308 4198 τοὺς
1345 4133 1665 4203 λιθασμοὺς,
1693 4131 1792 4194 τὰς

205 4230 487 4298 φυλακάς.
559 4251 579 4283 ι
615 4231 882 4301 Ἀγγελος
931 4231 1130 4284 Σατᾶν.
1191 4248 1212 4282 ι
1275 4228 1542 4300 Ἀγγελος
1591 4227 1791 4291 Σατᾶν,

199 4326 230 4378 ὁ
252 4325 704 4395 ὑπηρετούμενος
721 4324 800 4395 τῷ
834 4325 1198 4396 ἀντικειμένῳ
1234 4324 1454 4392 δαίμονι
1481 4320 1790 4393 ἄνθρωπος.

1895 2033 1914 2067 ι
1949 2015 2071 2070 Non
2120 2031 2216 2072 ero
2262 2017 2550 2088 insipiens.
2591 2037 2609 2071 ι
2645 2017 2764 2074 Νοιι
2818 2030 2901 2075 εει
2947 2022 3093 2076 enim
3135 2025 3468 2095 insipientis,

1890 2109 2121 2180 gratiam
2140 2123 2171 2162 a
2199 2110 2310 2164 Deo
2336 2109 2439 2166 sibi
2473 2111 2727 2165 traditam
2752 2113 3122 2184 promulgare,
3147 2115 3470 2173 inunincnte

1890 2197 2223 2253 necessitate
2275 2199 2346 2254 ob
2396 2200 2631 2256 salutem
2685 2211 2740 2255 et
2789 2200 3083 2256 utilitatem
3115 2205 3468 2273 animarum;

1891 2289 2027 2361 quin
2064 2291 2249 2360 potius
2271 2291 2623 2348 vehementer
2644 2294 2906 2363 sapientis
2930 2301 3035 2358 εει,
3071 2302 3125 2349 et
3156 2296 3327 2351 animi
3363 2298 3468 2352 hu-

1892 2381 2041 2436 mani
2071 2397 2135 2437 ac
2174 2383 2420 2455 benigni,
2453 2385 2736 2455 despicere
2767 2386 2930 2442 etiam
2967 2388 3342 2458 suspicionem
3377 2404 3471 2444 ar-

1891 2471 2177 2542 rogantiaa,
2197 2483 2420 2543 propter
2441 2474 2720 2530 hominum
2746 2477 3001 2559 salutem.
3037 2497 3055 2530 ι
3090 2477 3196 2533 Sed
3217 2480 3472 2535 abstineo

1892 2573 1966 2615 ne
1991 2560 2118 2630 quis
2164 2563 2230 2616 de
2277 2576 2365 2617 me
2394 2561 2618 2632 cogitet.
2661 2581 2680 2614 ι
2727 2563 3010 2630 Abstineo,
3046 2565 3098 2620 id
3131 2573 3234 2632 est,
3274 2581 3468 2637 parco,

1891 2651 2092 2709 devito.
2136 2653 2261 2709 Non
2287 2655 2422 2710 dixit
2447 2663 2662 2712 autem:
2695 2655 2775 2712 Ne
2811 2659 3000 2713 credat
3027 2662 3308 2726 autdicat,
3332 2661 3468 2716 sed:

1890 2745 1973 2801 Ne
2006 2747 2230 2818 cegitet,
2281 2747 2484 2819 inquit,
2536 2759 2628 2804 aut
2667 2751 2981 2820 suspicetur
3033 2753 3211 2820 majus
3253 2751 3465 2822 aliquid

1893 2851 2056 2908 quam
2113 2839 2186 2893 sit
2231 2855 2351 2894 mea
2389 2841 2649 2912 dignitas.
2706 2837 3004 2914 Propterea
3055 2845 3202 2899 enim
3255 2860 3378 2914 quae
3406 2846 3471 2900 de

1893 2931 2078 3001 seipso
2125 2940 2285 2987 erant
2325 2949 2543 3003 semper
2591 2935 2808 2989 tacebat
2872 2943 2926 2991 et
2985 2937 3344 2992 occultabat:
3391 2948 3468 3003 et,

1891 3022 2000 3077 nisl
2041 3033 2271 3094 cogente
2334 3025 2540 3080 alicubi
2603 3027 2953 3091 necessitate,
2987 3028 3120 3082 nihil
3178 3028 3244 3084 de
3286 3029 3472 3100 seipso

1892 3112 2132 3178 dicebat,
2164 3115 2274 3168 imo
2302 3117 2519 3171 tandem
2547 3117 2735 3172 dicens
2764 3118 3053 3189 obtegebat
3080 3120 3220 3190 ipsa,
3255 3137 3324 3175 ne
3351 3136 3474 3174 ma-

1890 3207 2066 3279 jorem
2099 3208 2412 3279 opinionem
2446 3210 2514 3267 de
2545 3226 2610 3266 eo
2637 3212 2918 3268 haberent.
2953 3213 3106 3280 Quod
3132 3216 3179 3270 si
3217 3215 3469 3272 homines

1893 3303 2285 3359 existimabant
2316 3304 2463 3374 ipsos
2497 3320 2624 3360 esse
2668 3305 2800 3362 deos
2829 3309 2898 3362 ob
2937 3310 3220 3379 signorum
3256 3313 3444 3381 magni

1894 3395 2163 3461 tudinem,
2196 3406 2249 3451 et
2277 3406 2468 3454 tauros
2505 3401 2791 3456 immolare
2820 3402 3076 3458 volebant
3097 3403 3170 3470 ⁷³,
3201 3405 3467 3474 quidnam

1891 3492 2180 3557 putassent
2215 3487 2261 3543 si
2312 3489 2681 3546 revelationes
2721 3490 3158 3560 manifestasset,
3189 3509 3254 3549 ac
3287 3495 3353 3550 de
3398 3495 3471 3552 iis

1892 3591 2018 3644 qua:
2065 3577 2213 3632 circa
2248 3593 2307 3634 se
2352 3588 2508 3634 erant
2536 3580 2808 3652 gloriatus
2842 3579 3074 3636 fuisset?
3111 3602 3130 3636 ι
3169 3582 3237 3636 Ει
3268 3599 3338 3638 ηε
3371 3599 3471 3639 ex-

1890 3669 2150 3724 cellentia
2182 3669 2598 3728 revelationum.
2640 3691 2658 3725 »
2694 3671 3009 3728 Secundum
3047 3673 3100 3729 id
3136 3675 3284 3746 quod
3313 3675 3472 3746 prius

1890 3762 2032 3817 dixit
2070 3780 2084 3818 :
2130 3760 2358 3819 Veniam
2409 3765 2555 3821 enim
2597 3765 2662 3819 ad
2694 3765 2932 3822 visiones
2983 3774 3038 3823 et
3084 3768 3472 3836 revelationes,

1891 3853 2308 3926 intelligendum
2341 3864 2444 3912 est.
2483 3875 2502 3908 ι
2541 3855 2611 3912 Ut
2638 3873 2748 3912 non
2779 3859 3044 3925 extollat;
3079 3879 3098 3912 ι
3155 3869 3213 3914 ιιι
3244 3876 3355 3915 non
3386 3862 3473 3917 in-

1892 3947 2186 4013 solescam,
2218 3948 2415 4018 inquit.
2442 3947 2577 4014 Aut,
2605 3964 2674 4004 ne
2705 3949 2774 4004 ab
2805 3950 3123 4009 hominibus
3153 3953 3392 4006 extollar
3415 3960 3472 4008 et

1889 4039 2203 4110 gloriﬁcer:
2230 4040 2373 4110 quod
2397 4042 2557 4095 etiam
2584 4041 2768 4111 potius
2785 4050 2888 4098 est.
2919 4040 3104 4112 Neque
3125 4044 3270 4099 enim
3289 4045 3473 4100 anima

1894 4130 2050 4186 Pauli
2088 4130 2244 4184 freno
2277 4130 2463 4200 aliquo
2493 4132 2684 4201 egebat
2724 4147 2792 4187 ne
2824 4132 3205 4189 insolesceret.
3247 4152 3266 4186 ι
3300 4133 3473 4190 Datus

1897 4222 2002 4276 fuit
2031 4221 2170 4276 mihi
2211 4223 2467 4277 stimulus
2497 4223 2552 4276 in
2581 4237 2771 4279 carne.
2815 4241 2834 4275 ι
2867 4223 3130 4280 Catenam
3165 4225 3323 4293 dicit,
3355 4227 3477 4299 pla-

1900 4330 2019 4383 gas,
2058 4313 2448 4385 lapidationes,
2489 4329 2764 4373 carceres.
2823 4335 2842 4372 ι
2879 4315 3120 4376 Nuntius
3153 4317 3390 4375 Satanze.
3449 4338 3468 4372 ι

201 4418 444 4487 Σκόλωψ
483 4419 561 4483 δὲ,
607 4415 700 4482 οὓς
739 4419 788 4471 οί
839 4416 1072 4472 τοιοῦτοι
1105 4415 1447 4487 πειρασμοὺς
1505 4415 1655 4486 αὑτῷ
1697 4415 1788 4467 καὶ

1899 4408 2142 4464 Nuntius
2167 4410 2383 4464 Satanae
2412 4409 2612 4464 dicitur
2643 4410 2808 4466 homo
2831 4411 3185 4472 subserviens
3215 4412 3476 4468 adversa-

201 4505 422 4576 θλίψεις
457 4507 746 4578 ἐπέφερον.

280 4690 524 4766 [IDANJ
585 4692 744 4757 Τινές
772 4693 870 4764 μὲν
895 4687 1011 4758 οὖν,
1035 4694 1407 4764 κεφαλαλγίαν
1435 4696 1557 4750 τινὰ
1584 4696 1793 4767 ἔφησαν

202 4786 380 4841 αὑτὸν
403 4785 603 4854 λέγειν,
665 4785 773 4840 ἀπὸ
817 4785 912 4840 τοῦ
964 4787 1213 4841 διαϐόλου
1272 4789 1584 4861 γινομένην.
1651 4789 1794 4843 Ἀλλ’

199 4880 315 4933 οὑκ
373 4877 539 4933 ἐστιν.
604 4875 742 4931 Οὐδὲ
799 4879 908 4951 γὰρ
942 4879 1005 4933 τδ
1050 4879 1212 4950 σῶμα
1268 4879 1483 4933 Παύλου
1529 4883 1650 4945 ταῖς
1698 4879 1793 4934 τοῦ

200 4969 466 5024 διαϐόλου
517 4971 706 5040 χερσὶν
753 4969 973 5040 ἐξεδόθη
1025 4970 1092 5024 Τί
1116 4971 1209 5025 οὖν
1230 4972 1346 5025 ἐστι
1375 4973 1436 5024 τὸ
1461 4972 1791 5044 λεγόμενονς

202 5062 395 5114 Σατᾶν
420 5061 449 5114 ό
480 5061 860 5131 ἀντικείμενος
910 5060 1134 5130 λέγεται
1193 5065 1258 5134 τῇ
1323 5063 1587 5134 Ἐϐραίων
1618 5067 1791 5136 φωνῇ.

203 5155 332 5207 Καὶ
355 5155 413 5206 ἐν
435 5155 500 5225 τῇ
533 5153 692 5224 τρίτῃ
749 5154 858 5207 τῶν
881 5154 1204 5220 Βασιλειῶν,
1231 5156 1358 5220 τοὺς
1384 5157 1795 5228 ἀντικειμένους

203 5246 397 5307 οὕτως
431 5245 694 5300 ἐκάλεσεν
728 5247 761 5316 ἠ
799 5246 1013 5318 Γραφή.
1046 5247 1156 5300 Καὶ
1195 5247 1324 5318 περὶ
1355 5247 1700 5320 Σολομῶντος
1726 5248 1799 5303 δι-

202 5337 528 5409 ηγουμένη,
549 5337 691 5390 οὕτω
714 5338 900 5408 φησιν,
915 5339 1014 5391 οὐκ
1029 5334 1098 5410 ἦν
1121 5339 1299 5394 Σατᾶν
1333 5342 1390 5394 ἐν
1414 5342 1531 5406 ταῖς
1559 5341 1797 5413 ἡμέραις

204 5427 412 5492 αὑτοῦ,
445 5428 744 5494 τουτέστιν,
780 5431 1181 5500 ἀντικείμενος.
1226 5431 1501 5502 πολεμῶν,
1537 5432 1793 5504 ἐνοχλῶν.

208 5523 290 5576 '0
317 5518 414 5576 οὖν
468 5522 640 5592 λέγει,
692 5523 837 5576 τοῦτ’
890 5521 1057 5576 ἐστιν.
1094 5523 1209 5577 Οὐκ
1239 5523 1423 5578 είασεν
1446 5525 1475 5576 ό
1507 5524 1639 5588 Θεὸς
1662 5526 1798 5580 ἀποο

203 5615 345 5687 νητὶ
386 5615 636 5686 χωρῆσαι
670 5614 731 5669 τὸ
765 5616 1050 5686 κήρυγμα,
1101 5613 1162 5666 τὸ
1184 5615 1441 5685 φρόνημα
1494 5615 1795 5669 καταστέλ-

298 5795 355 5829 ’³
398 5796 525 5852 Act.
561 5809 674 5858 xlv,
729 5792 801 5849 40
831 5808 985 5862 seqq.
1063 5791 1110 5823 "
1163 5789 1298 5857 Reg.
1338 5807 1391 5853 ν,
1425 5791 1480 5846 4.

551 5891 826 5952 Panos.
874 5887 994 5950 Gn.
1047 5888 1316 5950 CXVIII.

1820 4475 1875 4536 D
1900 4503 1986 4557 rio
2027 4502 2280 4558 damoni.
2314 4501 2581 4558 Stimulos
2613 4518 2764 4571 vero,
2785 4502 3115 4559 tentationes
3135 4513 3189 4560 et
3215 4503 3475 4562 afﬂictio-

1902 4611 2020 4657 nes.
2053 4612 2192 4665 quas
2226 4595 2532 4654 inferebant
2563 4597 2637 4654 ci.

1971 4689 2134 4762 697
2160 4687 2391 4754 QUidam
2436 4689 2622 4764 itaque
2646 4692 2841 4762 capitis
2900 4692 3145 4748 dolorem
3180 4692 3356 4764 ipsum
3391 4693 3477 4748 dl-

1903 4795 2030 4836 cere
2061 4789 2414 4838 asseruerunt
2452 4797 2482 4835 a
2505 4781 2723 4838 diabolo
2757 4784 3085 4838 immissum.
3115 4784 3220 4839 Sed
3252 4800 3362 4840 non
3398 4786 3478 4840 ita

1905 4881 2008 4927 est.
2051 4869 2241 4942 Neque
2270 4872 2416 4926 enim
2437 4870 2593 4926 Pauli
2626 4879 2793 4944 caput
2839 4871 3043 4926 diaboli
3073 4875 3332 4936 manibus
3357 4881 3476 4928 tra-

1906 4963 2080 5018 ditum
2121 4963 2246 5019 fuit.
2280 4963 2420 5031 Quid
2445 4971 2531 5019 est
2551 4979 2682 5034 ergo
2709 4964 2855 5036 quod
2891 4964 3139 5044 dicitur?
3181 4962 3349 5020 Satan
3382 4965 3482 5021 ad-

1905 5051 2211 5107 versarium
2249 5058 2410 5106 sonat
2432 5051 2617 5120 lingua
2657 5050 2959 5105 Hebraica:
2993 5059 3046 5106 et
3077 5052 3238 5106 tertio
3268 5049 3478 5120 Regum

1905 5141 2047 5198 libro
2079 5156 2207 5197 vere
2257 5140 2604 5197 adversarios
2657 5141 2729 5194 ita
2766 5140 3057 5210 appellavit
3108 5138 3479 5212 Scriptura",

1905 5252 1970 5292 ac
2003 5234 2072 5290 de
2115 5234 2408 5289 Salomone
2438 5249 2694 5296 narrans,
2733 5232 2810 5287 ait
2836 5236 2982 5304 quod
3016 5249 3124 5288 non
3161 5243 3282 5289 erat
3311 5232 3478 5288 Satan

1905 5328 1960 5383 in
1993 5323 2410 5394 diebusipsius,
2438 5322 2491 5378 id
2509 5333 2616 5387 est,
2648 5322 3022 5389 adversarius,
3045 5323 3140 5394 qui
3171 5323 3476 5378 molestiam

1905 5436 1970 5477 ac
1993 5421 2194 5477 bellum
2231 5418 2479 5477 inferret.
2517 5417 2676 5487 Quod
2698 5434 2827 5491 ergo
2850 5419 2986 5476 dicit
3015 5415 3326 5489 hujusmodi
3353 5424 3438 5470 est
3462 5433 3477 5468 :

1905 5514 2025 5570 Non
2075 5515 2351 5570 concessit
2409 5512 2554 5568 Deus
2613 5513 2734 5568 sine
2788 5512 2974 5568 labore
3037 5508 3490 5582 praedicationem

1905 5611 2226 5684 procedere,
2255 5618 2508 5670 nostrum
2532 5609 2786 5668 allectum
2813 5624 2930 5668 com
2938 5595 3206 5681 primens,
3241 5608 3336 5660 aut
3365 5600 3483 5658 fas-

3007 5875 3084 5937 3h-
