3956 6594
233 421 369 488 1069

1177 406 1567 477 COMMENT.
1612 408 1694 474 IN
1733 406 1974 475 EPIST.
2018 407 2083 473 II
2122 412 2223 473 AD
2251 407 2622 474 CORINTH.

3377 402 3516 468 1070

229 547 397 616 μένου
454 535 595 594 εἶναι
659 537 832 592 ταῦτα
891 536 960 590 τὰ
1021 535 1262 606 ρᾐατα,
1336 533 1523 603 φησίν.
1579 532 1813 584 Ἥδιστα

1945 530 2278 586 inbecillitas
2327 529 2512 601 arguit
2551 527 2644 583 Dei
2700 522 3025 597 potentium,
3079 521 3368 597 ipsamque
3417 541 3518 596 per

222 630 323 687 οὖν
371 630 574 702 μᾶλλον
626 629 1002 698 καυχήσομαι.
1034 644 1051 675 ι
1097 624 1195 676 Διὰ
1225 623 1314 688 si;
1363 623 1445 676 ὃτι
1491 624 1524 692 ἡ
1569 621 1826 675 ἀσθένειά

231 741 358 798 μου,
393 725 488 779 καὶ
532 722 632 793 τὴν
686 719 783 774 τοῦ
839 718 974 774 Θεοῦ
1019 718 1264 772 δείκνυσι
1301 717 1554 787 δύναμιν,
1588 714 1682 769 καὶ
1722 714 1822 782 ἐμὲ

228 816 620 890 λαμπρότερον
654 815 841 880 ποιεῖ,
894 811 1084 882 ὥσπερ
1141 810 1359 881 σίδηρον
1409 812 1683 880 στομοῦσα
1713 809 1827 871 τοῖς

225 916 517 985 διωγμοῖς,
570 910 708 966 ὡσεὶ
739 907 916 965 εἶπεν.
957 907 1100 977 Ἐγὼ
1137 909 1234 978 μὲν
1272 905 1334 959 τδ
1367 905 1608 959 ἐναντίον
1638 904 1826 976 ᾔτουν,

237 1007 343 1064 ἱλλ’
388 1005 578 1078 ἐπειδὴ
613 1005 790 1060 ταῦτα
854 1004 1066 1075 ἥκουσα
1117 1000 1270 1072 παρά
1336 999 1494 1064 Θεοῦ,
1557 998 1823 1071 ἡδύτερον

228 1103 288 1157 ἓν
313 1105 438 1163 ταῖς
489 1097 802 1161 ἀσθενείαις
849 1097 1166 1167 καυχῶμαι.
1233 1112 1252 1145 t
1283 1094 1402 1146 Ἵνα
1461 1092 1820 1161 ἐπισκηνώσῃ

231 1196 322 1249 ἐπ’
387 1193 489 1265 ἐμὲ
539 1194 573 1264 ἡ
629 1190 860 1260 δύναμις
922 1187 1018 1241 τοῦ
1093 1185 1354 1258 Χριστοῦ.
1414 1204 1432 1236 ι
1503 1185 1655 1254 Ὃσῳ
1713 1183 1822 1254 γὰρ

228 1291 300 1342 τὰ
350 1286 463 1341 τῶν
525 1281 853 1354 πειρασμῶν
904 1279 1256 1344 ἐπιτείνεται,
1301 1275 1544 1347 τοσούτῳ
1603 1273 1672 1328 τά
1720 1274 1820 1344 τῆς

227 1380 456 1450 χάριτος
535 1373 785 1439 αὒξεται.
873 1367 1298 1437 Ἐπισκηνώσῃ
1339 1405 1354 1430 ,
1432 1364 1528 1435 ὅλη
1581 1366 1640 1417 ὲν
1715 1362 1824 1430 ὅλῳ

229 1473 562 1543 κατοικήσει.

1933 621 2064 688 ﬁcit,
2101 622 2294 688 idest,
2354 621 2599 678 ostendit
2652 621 2826 690 ipsam
2861 617 3065 674 habere
3123 616 3518 690 perfectionem

1933 733 1952 766 ι
1989 714 2381 773 Libentissime
2435 716 2605 787 igitur
2641 715 2827 786 potius
2879 713 3181 786 gloriabor.
3223 730 3242 766 ι
3294 710 3373 768 Ne
3426 711 3520 767 de-

1933 809 2204 878 plorantis
2226 825 2349 866 esse
2377 813 2493 865 haec
2527 809 2692 865 verba
2727 809 3074 873 existiment,
3109 806 3221 863 ait:
3270 825 3288 860 ι
3322 807 3524 863 Liben-

1930 899 2146 955 tissime
2181 899 2352 970 igitur
2376 899 2560 971 potius
2589 899 2898 968 gloriabor.
2942 917 2960 950 ι
3002 895 3222 964 Quare?
3249 896 3380 967 quia
3414 897 3522 950 im-

1949 992 2219 1047 becillitas
2278 1007 2397 1047 mea
2429 1000 2484 1048 ct
2529 991 2624 1047 Dei
2670 991 2915 1048 ostendit
2962 990 3285 1061 potentiam,
3342 997 3396 1046 et
3436 1004 3524 1044 me

1935 1084 2114 1141 reddit
2139 1084 2314 1157 magis
2353 1085 2653 1150 celebrem,
2696 1085 2970 1140 roborans
3015 1091 3279 1154 tanquam
3315 1081 3524 1138 ferrum

1937 1177 2206 1233 adversus
2235 1177 2672 1246 persecutiones,
2707 1190 2772 1231 ac
2797 1177 2844 1232 si
2878 1175 3124 1232 diceret:
3160 1175 3272 1248 Ego
3303 1176 3526 1246 quidem

1935 1269 2278 1324 contrarium
2313 1270 2590 1340 petebam,
2628 1269 2723 1326 sed
2753 1278 3047 1341 postquam
3081 1270 3196 1326 haec
3226 1285 3257 1325 a
3294 1270 3404 1327 Deo
3429 1287 3528 1324 au-

1936 1360 2070 1428 divi;
2097 1361 2361 1418 libentius
2387 1362 2442 1417 in
2474 1361 2890 1420 infirmitatibus
2921 1365 3164 1434 glorior;
3203 1385 3221 1417 ι
3270 1364 3338 1420 Ut
3369 1365 3529 1420 inha-

1940 1455 2078 1510 bitet
2109 1454 2165 1510 in
2194 1469 2283 1511 me
2329 1455 2576 1526 potentia
2609 1454 2838 1512 Christi.
2878 1475 2897 1508 ι
2941 1457 3160 1522 Quanto
3213 1458 3360 1512 enim
3406 1468 3529 1514 ten-

231 1558 473 1619 lstiones
504 1571 559 1618 et
596 1559 928 1618 aiﬂictiones
959 1554 1547 1630 magisintenduntur,
1588 1558 1743 1605 tanto
1765 1557 1820 1604 et
1860 1545 2065 1602 Christi
2090 1545 2339 1617 potentia
2364 1548 2542 1619 magis
2608 1557 2863 1620 augetur.
2935 1551 3346 1626 Ἐπισκηνώσῃ,
3418 1555 3530 1612 hoe

228 1663 336 1714 est.
371 1663 630 1720 tauquam
663 1654 715 1706 in
749 1650 991 1706 tentorio
1021 1653 1292 1710 moretur,
1322 1645 1426 1699 hoc
1452 1651 1559 1707 est,
1598 1650 1714 1696 tota
1749 1640 1803 1693 in
1843 1644 1960 1691 toto
1992 1636 2287 1695 inhabitet.
2809 1671 2819 1680 .

299 1743 397 1797 Διὸ
425 1740 656 1798 εὐδοκῶ
675 1741 748 1794 ἐν
770 1739 1135 1803 ἀσθενείαις,
1158 1735 1229 1790 ἐν
1247 1736 1514 1804 ὕϐρεσιν,
1542 1733 1613 1787 ἐν
1635 1731 1828 1800 ἀνάγ-

232 1853 391 1901 καις.
422 1836 492 1888 ἐν
549 1832 845 1904 διωγμοῖς,
904 1831 976 1886 ἐν
1033 1829 1460 1899 στενοχωρίαις
1491 1825 1646 1894 ὑπὲρ
1699 1827 1834 1894 Χριο

2011 1728 2178 1800 699
2205 1728 2319 1797 ΧΗ,
2355 1731 2542 1789 10-12.
2573 1733 2931 1801 Quamobrem
2954 1738 3137 1806 placeo
3169 1738 3298 1793 mihi
3341 1739 3396 1794 in
3445 1746 3531 1795 in'

1942 1819 2312 1888 ﬁrmitatibus,
2365 1824 2424 1878 in
2480 1828 2838 1896 contumeliis,
2868 1830 2926 1884 in
2994 1833 3425 1898 necessitatibus,
3475 1837 3528 1886 iu

229 1925 410 1983 στοῦ.
440 1927 626 1980 Ὅταν
655 1926 768 1995 γὰρ
796 1923 1060 1991 ἀσθενῶ,
1087 1924 1222 1977 τότε
1251 1922 1513 1988 δυνατός
1544 1921 1684 1989 ειμι.
1724 1917 1831 1971 Γέ-

1943 1914 2374 1984 perfectionibus,
2425 1919 2480 1974 in
2533 1921 2896 1977 anxietatibus
2958 1940 3054 1992 pro
3097 1923 3336 1982 Christo.
3395 1925 3527 1980 Cum

229 2036 386 2090 rora
419 2019 626 2088 ἄφρων
653 2018 1064 2088 καυχώμενος,
1102 2018 1274 2087 ὑμεῖς
1306 2033 1383 2086 με
1414 2013 1820 2084 ἠναγκάσατε.

243 2105 396 2183 Ἐγῶ
420 2111 530 2182 τὰρ
559 2111 822 2182 ὤφειλον
846 2111 948 2181 ὑφ’
977 2109 1149 2180 ὑμῶν
1176 2109 1609 2164 συνίστασθαι.
1633 2105 1826 2160 Οὐδὲν

231 2205 346 2275 γὰρ
395 2204 712 2272 ὑστέρησα
760 2202 882 2257 τῶν
915 2203 1068 2272 ὑπὲρ
1130 2204 1276 2257 λίαν
1336 2200 1724 2262 ἀποστόλων,
1774 2199 1828 2252 ει

229 2296 336 2351 καὶ
365 2295 548 2350 οὐδέν
584 2298 725 2365 εἰμι.
758 2294 835 2349 Τὰ
868 2294 986 2364 μὲν
1041 2293 1263 2362 σημεῖα
1314 2293 1422 2348 τοῦ
1477 2291 1824 2347 ἀποστόλου

230 2386 638 2456 κατειργάσθη
667 2385 737 2438 ἐν
765 2385 910 2455 ὑμῖν
942 2385 1012 2440 ἐν
1045 2384 1217 2453 πάσῃ
1267 2380 1570 2454 ὑπομονῇ,
1610 2377 1680 2436 ἐν
1709 2396 1825 2449 ση-

227 2481 423 2550 μείοις
458 2479 556 2534 καί
588 2478 797 2548 τέρασι
837 2477 938 2533 καί
959 2477 1283 2548 δυνάμεσι.

310 2655 451 2714 Εἶτα
474 2660 564 2714 ἵνα
590 2658 666 2729 μή
702 2675 789 2722 τις
815 2656 1019 2730 νομίσῃ
1051 2653 1379 2727 σωματικὴν
1421 2654 1710 2708 ἀσθένειαν
1739 2654 1828 2709 λέ-

231 2768 357 2824 γειν
387 2751 573 2818 αὑτὸν,
598 2747 710 2805 οἷον
750 2749 1016 2822 πυρετὸν,
1048 2749 1082 2821 ἢ
1115 2748 1315 2820 ἑτέραν
1357 2747 1612 2816 περίοδον
1665 2747 1827 2818 νοσή-

238 2865 439 2921 ματος,
464 2846 652 2918 φησίν·
688 2863 707 2898 ι
752 2845 841 2899 Ἐν
876 2843 1124 2914 ὕϐρεσιν,
1155 2844 1214 2896 ἐν
1255 2843 1550 2911 ἀνάγκαις,
1580 2843 1637 2893 ὲν
1665 2841 1830 2910 διωγ-

239 2945 386 3013 μοῖς,
413 2943 472 2994 ἐν
503 2939 892 3010 στενοχωρίαις
926 2937 1068 3008 ὑπὲρ
1115 2936 1374 3007 Χριστοῦ.
1418 2954 1436 2987 ι
1481 2936 1667 2989 Ταῦτα
1721 2934 1830 3004 γὰρ

233 3033 530 3088 ἀσθένειαν
567 3031 744 3087 καλεῖ.
776 3031 850 3086 Τὸ
896 3031 975 3094 δὲ,
1004 3028 1272 3096 Εὐδοκῶ,
1323 3027 1598 3099 ἐπιθυμῶ,
1642 3028 1831 3114 φησιν,

235 3126 300 3180 ἐν
326 3124 542 3190 τούτοις
565 3121 704 3180 εἶναι
749 3128 845 3178 καὶ
903 3123 1294 3195 εύφραίνομαι.
1339 3120 1526 3175 Ταῦτα
1573 3119 1668 3174 καὶ
1706 3122 1831 3184 τους

237 3217 718 3288 ψευδαποστόλους
748 3214 1122 3286 καταισχύνει,
1148 3213 1240 3266 ἐπὶ
1265 3214 1376 3276 τοῖς
1407 3211 1672 3276 ἐναντίοις
1694 3227 1822 3265 καυ-

1939 2006 2078 2060 enim
2109 2007 2397 2065 imbecillis
2446 2029 2589 2079 sum,
2650 2025 2776 2068 tunc
2826 2016 3078 2071 robustus
3131 2035 3270 2072 sum.
3321 2018 3529 2075 Factus

1939 2115 2058 2152 sum
2086 2101 2340 2171 insipiens
2364 2103 2672 2174 gloriando,
2720 2124 2810 2160 ros
2848 2123 2929 2163 me
2959 2111 3225 2179 coegistis,
3279 2127 3405 2167 nam
3432 2130 3528 2184 ego

1932 2191 2213 2248 debueram
2240 2212 2273 2250 a
2303 2196 2446 2251 vobis
2477 2201 2864 2256 commendari.
2903 2200 3074 2258 Nulla
3103 2206 3244 2260 enim
3279 2206 3334 2260 in
3363 2224 3421 2262 re
3446 2209 3529 2277 [ui

1930 2281 2155 2352 inferior
2188 2288 2412 2342 summis
2444 2291 2732 2358 apostolis,
2765 2295 2980 2350 tametsi
3007 2296 3146 2350 nihil
3175 2313 3317 2353 sum.
3357 2299 3530 2369 Signa

1929 2375 2146 2443 quidem
2179 2380 2417 2449 apostoli
2445 2393 2666 2451 peracta
2715 2384 2932 2454 fuerunt
2965 2388 3106 2444 inter
3136 2406 3248 2457 ros,
3276 2407 3372 2462 per
3413 2409 3530 2448 om-

1930 2483 2046 2522 nem
2075 2471 2393 2535 patientiam
2431 2485 2482 2530 et
2511 2478 2665 2548 signa
2689 2487 2739 2534 et
2785 2481 3036 2553 prodigia
3069 2500 3132 2538 ac
3158 2484 3307 2553 facta
3345 2496 3531 2557 paten-

1933 2562 2030 2618 “ac

2005 2654 2210 2715 Deinde
2236 2675 2305 2716 ne
2327 2662 2454 2732 quis
2486 2679 2611 2720 eum
2643 2665 2832 2724 dicere
2860 2669 3141 2727 existimet
3172 2675 3514 2744 corporalem

1934 2747 2331 2823 infirmitatem,
2382 2765 2516 2826 puta
2567 2758 2775 2815 febrem
2806 2770 2901 2816 aut
2941 2763 3108 2818 alium
3170 2767 3348 2821 morbi
3401 2784 3532 2822 ettr-

1934 2856 2057 2897 sum
2086 2857 2148 2899 ac
2177 2845 2494 2916 circuitum,
2527 2849 2606 2904 ait
2643 2867 2658 2904 :
2703 2870 2722 2902 ι
2757 2850 2814 2907 In
2834 2854 3208 2920 contumeliis,
3241 2857 3293 2912 in
3328 2874 3526 2915 neces.

1935 2935 2219 3002 sitatibus,
2268 2939 2324 2994 in
2378 2944 2880 3012 persccutionibus,
2922 2945 2978 3000 in
3028 2948 3400 3004 anxietatibus
3430 2967 3530 3021 pro

1939 3028 2182 3087 Clu-isto.
2229 3051 2247 3084 ι
2284 3031 2420 3088 Nam
2454 3033 2570 3090 haec
2599 3047 2756 3091 vocat
2791 3037 3192 3094 inﬁrmitatem.
3233 3039 3391 3108 Quod
3428 3057 3530 3097 au-

1939 3126 2050 3176 tem
2088 3123 2164 3176 ait
2200 3123 2441 3189 Εὐδοκῶ,
2477 3127 2580 3182 hoc
2611 3137 2717 3192 est,
2751 3131 3086 3200 concupisco
3114 3139 3170 3186 et
3197 3131 3250 3186 in
3282 3133 3370 3190 his
3401 3150 3528 3190 esse

1937 3215 2199 3272 delector.
2225 3216 2321 3274 llis
2342 3226 2396 3274 et
2412 3220 2868 3293 pseudapostolos
2888 3223 3168 3294 pttdel‘acit
3185 3226 3280 3296 qui
3302 3227 3354 3282 in
3389 3243 3527 3283 con-

235 3310 544 3382 χωμένους,
572 3308 663 3363 καὶ
687 3308 909 3372 τούτους
941 3306 1120 3360 πείθει
1164 3305 1242 3378 μὴ
1295 3304 1646 3376 αἰσχύνεσθαι
1704 3306 1817 3366 τοῖς

1943 3307 2111 3361 rariis
2126 3307 2524 3376 gloriabantur,
2540 3321 2593 3368 et
2607 3312 2694 3368 bis
2712 3314 2904 3370 suadet
2930 3330 3000 3371 ne
3019 3316 3264 3386 magistri
3283 3318 3530 3375 amictio-

237 3402 338 3453 τού
381 3400 705 3454 διδασκάλου
753 3399 972 3455 πάθεσι.
1035 3397 1283 3469 Λαμπρά
1320 3397 1429 3468 γὰρ
1494 3397 1672 3450 πάντα
1731 3395 1828 3448 καὶ

1943 3397 2092 3454 nibus
2111 3399 2386 3468 pudeﬁant
2407 3419 2421 3456 :
2437 3404 2616 3458 omnia
2633 3404 2776 3460 enim
2796 3405 3107 3477 huiusmodi
3122 3411 3381 3480 praeclara
3397 3423 3530 3469 sunt

235 3493 379 3564 ἡδέα
399 3493 468 3546 τὰ
497 3491 746 3556 τοιαῦτα,
783 3491 1021 3561 Χριστὸν
1054 3490 1249 3560 ἔχοντα
1285 3489 1380 3542 τοῦ
1425 3489 1659 3560 πάσχειν
1691 3489 1827 3542 ὑπό·

1931 3497 1985 3543 ει
2002 3488 2142 3557 laeta,
2168 3505 2292 3547 cum
2317 3493 2600 3552 Christum
2619 3495 2850 3554 habeant
2873 3513 3098 3556 causam
3115 3503 3527 3575 et-principium

241 3587 418 3640 θεσιν.
445 3605 465 3638 ι
499 3586 667 3640 Ὅταν
693 3585 801 3656 γὰρ
818 3582 1048 3638 ἀσθενῶ.
1077 3601 1096 3634 ι
1135 3583 1303 3638 Ὅταν
1327 3582 1435 3654 γὰρ
1456 3581 1659 3653 ἐϐλήθη
1675 3583 1752 3647 εἰς
1770 3584 1830 3636 τὸ

1943 3581 2198 3652 patiendi.
2238 3603 2256 3636 ι
2277 3582 2411 3640 Cum
2442 3587 2587 3643 enim
2621 3588 2908 3649 imbecillis
2947 3585 3092 3649 sum.
3121 3612 3142 3648 ι
3162 3593 3298 3652 Nam
3323 3612 3449 3654 cum
3473 3600 3528 3655 iu

239 3679 642 3748 δεσμωτήριον,
670 3676 795 3742 τότε
824 3675 893 3730 τὰ
923 3674 1152 3746 θεμέλια
1177 3673 1344 3728 αὐτοῦ
1371 3673 1700 3746 κλονηθῆναι
1729 3691 1831 3728 πε-

240 3775 495 3841 ποίηκεν.
534 3772 704 3826 Ὅταν
729 3770 1051 3842 ναυαγήσας
1085 3769 1165 3833 εἰς
1196 3769 1296 3840 τὴν
1340 3768 1626 3840 Μρὸαρον
1675 3767 1832 3840 ἐξερ-

253 3866 414 3934 ρίφη,
451 3866 577 3918 τότε
612 3863 815 3934 μᾶλλον
843 3861 1134 3932 ἐδοξάσθη.
1165 3862 1296 3915 Ὅτε
1339 3863 1420 3925 εἰς
1475 3859 1536 3914 τὸ
1572 3861 1834 3932 δικαστή-

245 3973 368 4024 ριον
391 3955 608 4026 εἰσῆλθε
625 3953 931 4025 δεδεμένος,
952 3954 1075 4006 τότε
1099 3951 1439 4021 μάλιστακαὶ
1457 3951 1552 4006 τοῦ
1575 3951 1835 4007 δικαστοῦ

242 4048 576 4120 περιγέγονε
631 4048 726 4101 καὶ
787 4047 898 4101 τῶν
939 4045 1283 4116 κατηγόρων.
1356 4044 1520 4116 Ὀρᾷς
1565 4046 1646 4099 ὅτι
1707 4046 1838 4099 ὃταν

241 4141 496 4210 ἠσθένει,
535 4139 817 4194 τουτέστιν
844 4140 903 4192 ὲν
929 4137 1198 4200 κινδύνοις
1222 4132 1290 4208 ἦν
1332 4139 1427 4190 καὶ
1485 4136 1677 4209 ὕϐρεσι
1741 4139 1838 4192 καὶ

241 4233 509 4303 πληγαῖς,
541 4233 663 4287 τότε
691 4232 916 4296 δυνατὸς
963 4227 1032 4302 ἦν
1084 4231 1180 4285 καὶ⁵
1224 4231 1521 4302 λαμπρός;
1560 4250 1579 4283 ι
1630 4230 1838 4300 Γέγονα

243 4325 444 4394 ἄφρων
467 4323 842 4394 καυχώμενος.
871 4343 890 4376 ι
916 4324 982 4376 ’Ὠ
999 4321 1508 4393 ταπεινοφροσύνης
1535 4319 1834 4391 ύνπερόολή.

245 4418 332 4472 Ti
356 4417 503 4472 οὕτω
538 4416 819 4487 παράδοξα
841 4416 1090 4482 διελθὼν,
1147 4411 1224 4470 ὧν
1264 4415 1364 4469 οὐκ
1421 4409 1562 4486 ἦσαν
1593 4414 1742 4481 ἄξιαι
1783 4414 1840 4468 αι

241 4510 361 4562 τῶν
390 4509 703 4580 ἀνθρώπων
729 4509 915 4575 ἀκοαί,
951 4507 1163 4578 ἄφρονα
1198 4506 1391 4560 ἑαυτὸν
1418 4506 1595 4560 καλεῖ.
1628 4505 1752 4570 Πῶς
1780 4505 1840 4560 δὲ

242 4605 414 4674 ἡμεῖς
444 4620 504 4657 σε
535 4603 951 4674 ἠναγκάσαμεν,
997 4602 1205 4655 εἴποιεν
1237 4603 1303 4656 ἀν
1333 4619 1348 4667 ς
1414 4601 1536 4655 Τῶν
1567 4601 1841 4672 ψευδαπο·

1937 3687 2213 3732 carcercm
2260 3677 2548 3750 coniectus
2586 3689 2842 3747 est,tunc
2865 3684 2986 3756 ejus
3005 3685 3361 3746 fundamenta
3395 3707 3529 3748 cou-

1938 3769 2054 3823 cuti
2088 3769 2220 3827 fecit
2253 3771 2321 3828 ⁷⁷.
2349 3773 2584 3842 Quando
2610 3775 2757 3834 facto
2803 3779 3096 3852 naufragio
3128 3784 3181 3838 in
3232 3783 3529 3840 barbaram
3594 3774 3595 3777 “

1941 3859 2180 3918 insulam
2218 3864 2429 3935 ejectus
2468 3878 2573 3934 est,
2612 3876 2744 3926 tunc
2772 3872 2947 3944 magis
2980 3874 3322 3944 gloriﬁcatus
3355 3887 3439 3934 est
3460 3879 3526 3934 ⁷⁸.

1941 3951 2175 4020 Quando
2208 3957 2276 4012 ad
2315 3959 2555 4015 tribunal
2589 3962 2808 4018 vinctus
2837 3967 3098 4032 accessit,
3133 3975 3267 4024 tunc
3291 3971 3530 4026 maxime

1943 4047 2199 4116 superior
2233 4047 2422 4116 judice
2449 4060 2506 4108 et
2538 4056 2961 4113 accusatoribus
3003 4058 3284 4129 profectus
3319 4071 3408 4119 est
3455 4065 3526 4120 ".

1942 4135 2110 4194 Vides
2137 4140 2285 4209 quod
2321 4141 2455 4198 dum
2484 4143 2778 4204 imbecillis
2811 4157 2906 4204 aut
2957 4151 3216 4209 inﬁrmus
3243 4163 3390 4219 erat,
3423 4156 3531 4213 hoc

1944 4236 2052 4296 est,
2111 4231 2167 4286 in
2223 4233 2507 4304 periculis,
2564 4237 2618 4292 in
2659 4240 3034 4311 contumeliis,
3061 4243 3116 4298 in
3151 4245 3350 4316 plagis,
3397 4257 3528 4303 tunc

1943 4331 2140 4392 potens
2173 4335 2290 4381 erat
2313 4333 2367 4382 et
2389 4328 2574 4386 clarus
2601 4329 2624 4382 ?
2664 4350 2683 4383 ι
2721 4330 2922 4390 Factus
2953 4351 3071 4392 sum
3105 4337 3374 4410 insipiens
3405 4342 3529 4412 glo-

1946 4417 2164 4472 riando.
2209 4438 2228 4470 ι
2266 4419 2309 4474 0
2344 4420 2630 4477 modestiae
2678 4423 3068 4482 immensitas!
3101 4445 3224 4484 cum
3255 4422 3395 4488 adeo
3427 4434 3528 4487 ad-

1945 4509 2199 4566 miranda
2246 4522 2547 4582 narrasset,
2581 4514 2784 4586 quibus
2836 4517 3093 4576 humana:
3143 4536 3304 4579 aures
3347 4514 3531 4595 dignae

1948 4619 2055 4659 non
2087 4613 2270 4672 erant,
2321 4607 2568 4678 seipsum
2631 4619 2794 4666 vocat
2828 4612 3204 4683 insipientem.
3239 4616 3532 4683 Quomodo

246 4697 460 4752 στόλων
489 4697 882 4769 καυχωμένων,
915 4697 1103 4767 φησίν.
1133 4696 1196 4749 El
1229 4696 1304 4766 μὴ
1362 4695 1686 4766 προσείχετε
1724 4696 1831 4758 τοῖς

1947 4706 2128 4750 autem
2185 4713 2289 4754 nos
2341 4707 2396 4754 te
2452 4701 2762 4773 coegimus,
2823 4703 3030 4762 dixerit
3087 4707 3336 4778 aliquis?
3387 4709 3524 4766 Cum

241 4791 460 4845 τούτων
476 4790 656 4860 λόγοις
683 4791 778 4845 καὶ
809 4789 1136 4854 ἀπόλλυσθε,
1159 4789 1258 4842 οὐκ
1289 4787 1450 4856 ἀνιείς
1469 4786 1642 4841 ταῦτα
1671 4781 1837 4858 ἦλθον

241 4886 319 4940 τὰ
351 4886 614 4958 ῥήματα.
639 4885 805 4956 Ὁρᾷς
829 4884 913 4937 ὅτι
946 4883 1046 4954 τὴν
1082 4882 1332 4952 ἀνάγκην
1366 4880 1470 4952 τῆς
1513 4881 1840 4953 καυχήσεως

244 4977 513 5050 εποίησεν
535 4979 568 5047 ἡ
608 4975 814 5047 τούτων
833 4974 1079 5031 ἀπώλεια
1104 4991 1120 5041 ;
1146 4975 1288 5044 μέγα
1307 4974 1419 5046 γάρ
1437 4991 1490 5027 τι
1527 4974 1654 5038 τοὺς
1679 4973 1841 5043 ψευδ-

247 5069 602 5133 αποστόλους
633 5068 960 5140 ἡγούμενοι,
993 5067 1126 5121 νόθα
1180 5068 1310 5137 παρ’
1342 5066 1526 5120 αὐτῶν
1569 5067 1667 5120 καὶ
1728 5066 1841 5120 διε-

251 5162 592 5235 στραμμένα
629 5161 835 5232 ἔμαθον
868 5160 1228 5230 δόγματα.--
1270 5160 1529 5225 Ἀλλως.
1585 5176 1604 5210 ι
1635 5158 1844 5226 Γέγονα

248 5261 470 5327 ἄφρων,
529 5276 548 5310 ι
576 5255 764 5310 Ταῦτα
784 5254 978 5318 εἰπὼν,
1007 5255 1194 5325 φησίν.
1225 5253 1299 5307 Ού
1329 5251 1476 5307 κατά
1533 5252 1844 5321 ἀπόφανσιν

165 5390 173 5399 .
247 5350 309 5402 δὲ
354 5347 514 5400 τοῦτο
544 5346 712 5416 λέγει,
753 5343 885 5419 (οἶδε
911 5345 1022 5416 γάρ
1048 5344 1232 5408 αὐτὸς,
1273 5343 1447 5414 μηδὲν
1479 5343 1718 5414 ἄφρονος
1765 5345 1844 5397 εί-

251 5437 424 5507 πὼν,)
485 5431 622 5492 ἀλλά
677 5438 868 5502 τοῦτο,
904 5439 1090 5509 φησὶν,
1147 5435 1223 5499 ὡς
1287 5434 1406 5488 κατ’
1431 5433 1702 5505 ἐρώτησιν
1747 5435 1844 5489 καὶ

252 5533 606 5605 ὲπαπόρησιν
631 5532 767 5605 πρὸς
796 5531 1016 5594 αὐτοὺς,
1041 5525 1174 5595 οἷον,
1206 5525 1318 5600 ἆρα
1349 5527 1520 5582 ταῦτα
1553 5527 1840 5594 διεξελθὼν

253 5626 453 5696 ἄφρων
482 5626 614 5694 ύμῖν
645 5622 800 5688 ἔδοξα
835 5640 850 5691 ;
881 5622 994 5676 Καὶ
1016 5619 1235 5686 τούτου,
1261 5620 1448 5689 φησιν,
1495 5621 1528 5688 ἡ
1551 5619 1702 5673 αἰτία
1761 5622 1843 5684 εἰς

255 5717 408 5788 ὑμᾶς
430 5715 745 5788 ἀνατρέχει.
777 5714 945 5769 Αὐτοὶ
997 5715 1104 5785 γάρ
1169 5728 1237 5783 με
1295 5710 1666 5782 ἠναγκάσατε,
1715 5715 1843 5776 τοὶς

332 5894 539 5954 "Act.
589 5913 700 5967 ut,
744 5898 836 5954 26.
911 5899 958 5932 ⁷⁸
1010 5898 1131 5954 Act.
1181 5911 1351 5962 xxrtt,
1397 5893 1486 5950 Η.

1945 4790 2378 4862 pseudapostoli,
2400 4793 2598 4864 inquit,
2618 4795 3009 4865 gloriarentur,
3035 4798 3144 4855 nisi
3161 4815 3257 4857 vos
3272 4801 3533 4858 adhaesis-

1946 4881 2344 4951 setisipsorum
2369 4885 2743 4952 sermonibus,
2779 4895 2835 4942 et
2853 4889 3131 4958 periretis,
3177 4907 3532 4963 nequaquam

1950 4973 2017 5030 ad
2043 4974 2158 5030 haec
2183 4977 2350 5032 verba
2403 4978 2771 5036 devertissem.
2807 4980 2974 5038 Vides
3005 4982 3150 5052 quod
3181 4984 3531 5054 gloriatiouis

1954 5071 2339 5126 necessitatem
2374 5071 2566 5128 fecerit
2614 5073 2812 5129 horum
2867 5075 3145 5146 perditio?
3195 5079 3332 5134 Cum
3383 5083 3530 5136 enim

1952 5163 2418 5234 pseudapostolos
2473 5180 2734 5237 magnum
2785 5168 2998 5239 aliquid
3065 5185 3188 5227 esse
3237 5172 3532 5238 ducerent,

1952 5253 2264 5309 adulterina
2296 5269 2362 5311 ac
2391 5271 2648 5326 perversa
2678 5257 2968 5316 discebant
2989 5261 3058 5317 ab
3093 5263 3229 5334 ipsis
3247 5263 3529 5334 dogmata.

1949 5373 2020 5384 —
2047 5344 2167 5400 Alio
2196 5345 2376 5402 modo.
2418 5364 2438 5398 ι
2485 5344 2688 5404 Factus
2721 5364 2843 5406 sum
2899 5330 3190 5424 insipiens,
3221 5330 3533 5421 sitis/bace

1951 5436 2210 5494 dicendo.
2257 5435 2376 5492 Non
2409 5445 2592 5493 autem
2643 5439 2752 5495 hoc
2796 5443 3140 5499 enuntiative
3171 5434 3226 5499 et
3261 5444 3533 5500 assertive

1952 5529 2086 5584 dicit
2121 5545 2137 5584 :
2171 5527 2293 5598 Ipse
2339 5527 2485 5584 enim
2524 5537 2752 5586 noverat
2806 5547 2868 5588 se
2896 5534 3032 5588 nihil
3073 5533 3328 5604 etl‘ugisse
3380 5542 3532 5606 quod

1952 5619 2226 5692 insipiens
2255 5629 2422 5689 esset,
2458 5622 2556 5678 sed
2593 5621 2699 5679 hoc
2731 5623 2895 5694 700
2926 5632 3185 5694 tanquam
3215 5637 3315 5691 per
3355 5626 3539 5682 inter-

1953 5711 2295 5782 rogationem
2326 5720 2423 5768 aut
2467 5712 2870 5770 dubitationem
2917 5713 2994 5771 ait
3035 5715 3104 5772 ad
3149 5714 3306 5785 illos;
3362 5733 3428 5776 ac
3480 5720 3532 5777 si

1602 5894 1646 5928 "
1671 5893 1792 5950 Act.
1821 5909 1968 5963 XXVI,
1994 5893 2029 5947 9.
2054 5907 2204 5964 seqq.
