3956 6554
263 455 404 520 1073
1217 454 1608 517 COMMENT.
1640 454 1722 516 IN
1761 454 1868 516 EP.

1974 457 2002 517 '.
2047 455 2108 515 li
2137 455 2238 515 AD
2263 451 2630 515 CORINTH.
3403 445 3544 510 1074

256 570 342 624 ὅτι
372 568 456 622 δεῖ
476 565 696 631 πάντως
717 565 880 622 αὑτὸν
906 565 1202 640 ἱρχόμενον
1261 566 1360 621 νῦν
1391 567 1525 638 γοῦν
1559 567 1841 640 τραφῆναι

1974 586 2083 628 :cce
2134 569 2304 626 tertio
2360 581 2643 641 preparor
2684 565 2754 621 ad
2808 559 3165 628 veniendum,
3211 565 3268 616 ct
3301 558 3357 616 in
3393 561 3544 616 nullo

257 661 394 730 παρ’
427 657 630 724 αὐτῶν,
663 659 901 730 μάλιστα
931 657 1121 730 ἐπειδὴ
1152 661 1245 713 καὶ
1279 661 1410 733 περὶ
1433 659 1626 715 τούτου
1671 661 1853 733 πολλῷ

1974 664 2330 737 negligentior
2366 677 2465 720 ero
2522 662 2673 717 circa
2726 665 2970 715 vestram
3011 653 3271 713 salutem.
3335 651 3544 709 Deinde

255 751 638 822 διεξελήλυθεν
661 753 719 806 ἐν
753 754 866 816 τοῖς
897 751 1236 823 ἔμπροσθεν,
1270 751 1526 807 ἐντεῦθεν
1579 753 1682 825 ἤδη
1719 771 1854 826 προ-

1974 758 2286 815 existiment
2314 756 2462 828 quod
2499 769 2652 810 nunc
2693 753 2871 824 ipsum
2928 751 3240 806 venientem
3287 754 3543 818 oporteat

255 785 637 822 υιῦειισυιηυνεν
661 785 719 806 ιν
765 785 864 816 υυδν
897 785 1236 823 ιμνιιιμνυνςν,
1270 785 1525 807 ινῑςυυεν
1585 785 1682 825 "VII
1719 785 1854 826 πρυ·

200 785 220 924 1
257 848 480 916 αναιρεῖ
503 845 713 915 ταύτην
743 845 846 916 τὴν
880 845 1158 911 ὑπόνοιαν,
1183 847 1266 901 ὅτι
1299 847 1444 918 ὑμᾶς
1470 847 1630 915 θέλω,
1679 847 1741 901 οὐ
1785 849 1854 902 τά

1974 785 2286 815 ιιιιδιιιιιυιιι
2314 785 2462 828 ιμιυυ
2499 785 2652 810 "Ill";
2693 785 2871 824 Iyuuul
2935 785 3240 806 νῠιιιλυιιιυιιι
3287 785 3543 818 υγυι-υσυ

1974 851 2187 908 πηηὶιιο
2217 851 2285 906 ab
2311 851 2391 906 eis
2417 848 2512 914 ali,
2555 847 2794 904 maxime
2839 848 3104 918 quoniam
3153 844 3222 900 de
3256 844 3362 899 hoc
3403 857 3544 913 qno-

205 925 223 1020 i
256 940 438 1011 ὑμῶν’
468 939 564 994 καὶ
591 939 738 1009 ὑμᾶς
763 939 983 1008 ἀγαπῶ,
1001 941 1062 994 οὐ
1089 939 1157 994 τὰ
1190 939 1369 1011 ὑμῶν,
1393 941 1584 1013 ὥσπερ
1611 942 1660 995 οἱ
1683 941 1848 1011 ψευδ-

1974 958 2066 1015 rue
2087 941 2275 998 multis
2296 941 2555 998 disseruit
2587 943 2638 994 in
2662 938 3040 1010 superioribus
3075 956 3088 992 :
3122 935 3380 1005 bincjam
3407 935 3550 989 tollit

217 1027 227 1130 ἰ
257 1035 572 1092 audacior.
606 1033 740 1091 Εἶτα
799 1038 896 1092 καὶ
930 1035 1038 1091 ἀπὺ
1069 1037 1164 1091 τοῦ
1202 1037 1384 1092 κοινοῦ
1433 1037 1694 1108 λογισμοῦ
1748 1039 1843 1093 καὶ

1974 1035 2188 1091 primum
2227 1032 2370 1088 banc
2409 1031 2779 1101 suspicionem
2815 1048 2827 1083 :
2861 1029 3121 1100 quoniam
3168 1042 3288 1091 vos,
3344 1024 3546 1094 inquit,

255 1131 360 1200 τῆς
389 1130 630 1200 φύσεως,
655 1131 942 1184 πιστοῦται
968 1131 1058 1185 τὸν
1092 1131 1272 1201 λόγου,
1303 1131 1497 1186 ἑαυτὸν
1532 1133 1631 1203 μὲν
1659 1133 1716 1186 ἐν
1738 1132 1838 1186 τά-

1974 1123 2133 1196 upio,
2152 1136 2261 1176 non
2281 1135 2404 1191 qua:
2428 1127 2608 1176 vestra
2641 1128 2791 1184 sunt,
2823 1127 2879 1174 et
2900 1133 2995 1173 vos
3017 1116 3184 1188 diligo
3210 1130 3318 1170 non
3338 1122 3544 1174 vestra,

259 1220 342 1284 ξει
365 1220 594 1290 πατρὸς,
628 1221 876 1285 ἐκείνους
899 1221 956 1274 δὲ
979 1223 1035 1274 ὲν
1056 1221 1211 1288 τάξει
1237 1222 1464 1276 τέκνων.

1974 1213 2433 1290 ιιιεωούηιοὰιιω
2463 1211 2900 1286 psendapostoli.
2931 1210 3137 1266 Deinde
3160 1209 3326 1263 etiam
3347 1221 3374 1260 a
3392 1219 3547 1260 com-

259 1314 413 1368 muni
458 1330 624 1371 sensu
669 1327 722 1370 et
774 1324 970 1370 natura
1016 1330 1326 1372 sermonem
1371 1315 1662 1370 conﬁrmat
1708 1329 1728 1370 :
1765 1315 2008 1384 seipsum
2062 1310 2286 1382 quidem
2344 1309 2462 1371 vice
2513 1306 2690 1377 patris
2737 1318 2970 1376 ponens.
3014 1301 3140 1358 illos
3189 1311 3372 1356 autem
3425 1297 3548 1351 loco

258 1410 520 1466 ﬁliorum.

342 1503 494 1572 Ἐγὼ
511 1502 580 1556 δὲ
599 1501 816 1569 ἥδιστα
845 1503 1180 1572 ὃαπανήσω
1210 1503 1309 1558 καὶ
1337 1501 1844 1572 ἐκδαπανηθήσο-

2030 1497 2151 1563 XII,
2187 1497 2380 1553 15-19.
2419 1494 2536 1566 Ego
2589 1509 2710 1549 uero
2743 1491 3090 1546 libentissime
3145 1488 3447 1556 impendam
3495 1487 3547 1538 ει

257 1610 364 1657 nat
396 1593 549 1663 ὑπὲρ
581 1592 702 1647 τῶν
725 1593 934 1664 ψυχῶν
963 1594 1149 1665 ὑμῶν,
1181 1598 1235 1649 ει
1279 1596 1377 1649 καὶ
1405 1594 1846 1664 περισσοτέρως

1974 1587 2221 1656 ’.τριπάαν
2267 1601 2362 1654 pro
2424 1582 2708 1638 animabus
2747 1581 2932 1636 uestris
2966 1594 2984 1634 ε
3013 1579 3135 1632 licet
3195 1575 3408 1629 uberius
3455 1588 3550 1666 nos.

258 1685 422 1756 ὑμᾶς
451 1684 719 1755 ἀγαπῶν,
751 1682 937 1758 ἧττον
963 1687 1302 1758 ἀγαπῶμαι.
1319 1689 1518 1742 Ἔστω
1541 1686 1612 1740 δὲ
1634 1685 1750 1756 ἐγὼ
1775 1686 1850 1740 οὐ

1974 1678 2181 1748 liligeus
2217 1677 2392 1730 minus
2437 1673 2657 1744 diiigar.
2692 1670 2796 1727 Sed
2839 1678 2976 1733 esto,
3026 1669 3137 1737 ipse
3173 1681 3277 1718 non
3323 1668 3546 1758 grauari

261 1752 647 1848 κατεϐάρησα
663 1752 834 1849 ὑμᾶίς.
851 1781 990 1834 ἀλλ’
1004 1752 1294 1849 excipim-
1306 1752 1852 1850 πανοῦργοςξδόλῳ

1974 1789 2066 1837 θοι,
2109 1785 2294 1825 verum
2328 1785 2447 1822 cum
2477 1783 2644 1822 essem
2672 1773 2908 1826 astutus,
2939 1762 3062 1815 dolo
3089 1775 3180 1814 vos
3210 1757 3340 1824 cepi.
3402 1752 3549 1808 Nunt

262 1869 421 1941 ὑμᾶς
485 1873 726 1926 ἔλαϐον.
777 1873 874 1940 Μή
928 1891 1066 1928 τινα
1123 1866 1211 1928 ὧν
1285 1849 1642 1930 ἀπέσταλκα
1702 1870 1854 1939 πρὸς

1974 1880 2048 1918 m'
2069 1877 2382 1932 quamquam
2422 1874 2608 1913 eorum
2643 1873 2772 1928 quos
2805 1854 2930 1909 misi
2979 1853 3048 1907 ad
3092 1867 3186 1906 vos
3225 1849 3547 1903 cirrumveni

264 1938 438 2033 ὑμᾶς,
469 1964 542 2018 δι’
566 1965 752 2020 αὑτοῦ
769 1938 1222 2033 ἐπλεονέκτησα
1247 1964 1436 2035 ὑμᾶς;
1468 1938 1861 2033 Πορεκάλεσα

1974 1955 2096 2009 vos?
2129 1953 2326 2023 Rogavi
2384 1951 2589 2017 Titum,
2615 1958 2663 2002 et
2691 1963 2800 2002 una
2829 1961 2950 2001 cum
3001 1942 3096 1996 illo
3133 1939 3255 1994 misi
3298 1938 3547 2008 fratrem.

271 2057 467 2123 Τίτον,
495 2056 594 2111 και
651 2057 1109 2113 συναπέστειλα
1165 2034 1596 2127 τύννάὃελεοόν.
1655 2055 1752 2125 Μή
1805 2074 1861 2110 τι

1974 2046 2112 2099 Νιιηι
2139 2047 2194 2099 in
2223 2045 2406 2114 aliqua
2440 2040 2785 2097 circumuenit
2815 2055 2904 2094 vos
2963 2035 3112 2090 Titus
3134 2034 3160 2087 ?
3219 2036 3414 2085 Annon
3459 2043 3550 2127 eo:

263 2147 753 2216 ἐπλεονέκτησεν
783 2149 937 2218 ὑμᾶς
983 2149 1180 2216 Τίτος;
1222 2151 1306 2204 οὐ
1335 2147 1418 2215 τῷ
1444 2147 1608 2214 αὐτῷ
1682 2148 1862 2202 πνεύ-

261 2252 408 2304 ματι
450 2237 1015 2310 περιεπατήσαμενς
1075 2243 1159 2295 οὐ
1194 2240 1325 2307 τοῖς
1357 2238 1564 2306 αὐτοῖς
1620 2239 1820 2308 τχνεσι
1840 2256 1862 2306 ;

265 2329 466 2385 Πάλιν
489 2331 719 2406 δοκεῖτε
747 2334 834 2386 ὅτι
863 2334 1006 2403 ὑμῖν
1027 2335 1510 2405 ἀπολογούμεθα.

352 2426 518 2496 Ὀρᾷς
548 2425 753 2490 πόσους
781 2427 1026 2497 βαθμοὺς
1076 2427 1191 2498 ἔχει
1225 2427 1550 2499 ὑπερϐολῶν
1600 2425 1670 2481 τὰ
1719 2424 1862 2480 κατὰ

267 2518 365 2570 τδν
387 2519 601 2572 Παῦλον
625 2536 640 2585 ;
677 2521 825 2574 Ἔδει
854 2519 1065 2587 λαόεϊν,
1094 2521 1188 2575 τοῦ
1212 2521 1455 2592 Χριστοῦ
1485 2520 1650 2575 τοῦτο
1673 2519 1864 2573 κελεύ-

272 2627 496 2676 σαντος,
543 2611 640 2665 xal
685 2612 786 2666 οὐκ
843 2612 1057 2668 ἔλαϐεν.
1095 2613 1229 2668 Ἰδοὺ
1264 2609 1366 2678 εἷς.
1393 2614 1504 2668 Καὶ
1529 2611 1861 2684 ὑστερούμε-

270 2715 386 2762 νος.
427 2701 556 2756 usus
575 2701 689 2756 δύο.
711 2703 820 2756 Kal
840 2704 1026 2767 αὐτοῖς
1042 2705 1356 2775 κηρύσσων.
1400 2705 1533 2759 Ἶδοῦ
1547 2708 1718 2778 τρεῖς.
1751 2704 1862 2758 Kal

269 2793 338 2846 οὔ
374 2792 537 2862 μόνον
566 2793 628 2846 οὑ
656 2791 949 2863 λαμϐάνει,
988 2793 1125 2848 ἀλλὰ
1157 2795 1255 2848 καὶ
1287 2793 1386 2866 τὴν
1408 2796 1589 2867 σάρκα
1635 2797 1684 2850 si
1725 2797 1858 2863 δέοι,

275 2885 626 2956 προσδίδωσι.
660 2886 956 2956 Τέσσαρες.
993 2880 1128 2941 Elea
1159 2887 1258 2942 σὺν
1299 2890 1368 2960 τῇ
1405 2890 1594 2958 σαρκὶ,
1637 2891 1734 2942 καὶ
1762 2888 1862 2961 τὴν

271 2977 462 3047 ψυχὴν
493 2978 686 3048 αὐτήν.
718 2979 1004 3049 Πέμπτον.
1048 2979 1161 3032 Καὶ
1209 2979 1352 3050 ὑπὲρ
1395 2979 1506 3032 τῶν
1543 2980 1619 3051 μὴ
1655 2981 1861 3052 σφόδρα

273 3067 578 3136 φιλούντων
607 3069 790 3123 αὐτόν.
829 3071 1050 3126 Ἕκτον.
1078 3071 1190 3125 Kal
1213 3071 1336 3125 οὐδὲ
1376 3072 1438 3125 τὸ
1460 3073 1760 3140 ἀγαπῶντα
1787 3073 1862 3144 μὴ

274 3159 628 3228 ἀγαπᾶσθαι,
659 3162 906 3232 ἐγκοπήν
927 3178 1050 3216 τινα
1087 3165 1249 3217 ποιεῖ.
1293 3163 1582 3235 Ἔδδομον.
1623 3163 1764 3232 Ἐγὼ
1805 3165 1862 3218 δὲ

1965 2140 2081 2193 dem
2105 2139 2301 2207 spiritu
2327 2136 2716 2189 ambulavimus
2739 2133 2764 2187 2’
2799 2146 2974 2184 annon
3027 2125 3219 2181 iisdem
3271 2121 3498 2190 uestigiis
3524 2119 3550 2172 ?

1965 2232 2194 2285 Rursum
2219 2229 2429 2284 arbitra
2444 2227 2578 2281 mini
2605 2225 2746 2297 quod
2794 2239 2888 2277 nos
2917 2235 3098 2276 coram
3127 2217 3272 2273 vobis
3326 2228 3547 2270 excuse-

1966 2342 2080 2379 mus
2107 2327 2133 2381 Ρ

2035 2415 2224 2470 Viden‘
2257 2421 2390 2484 quot
2399 2409 2736 2470 excellentiae
2754 2406 2960 2479 gradus
2978 2405 3179 2461 habent
3193 2401 3347 2458 Pauli
3361 2403 3514 2467 gesta
3531 2395 3549 2453 ι

1965 2507 2146 2565 Potuit
2175 2505 2426 2576 accipere
2471 2517 2598 2558 cum
2636 2501 2742 2555 hoc
2773 2499 2993 2570 inberet
3036 2495 3316 2559 Christus,
3345 2499 3400 2547 et
3434 2505 3547 2545 non

1964 2594 2174 2666 accepit
2215 2612 2230 2649 ι
2263 2607 2393 2649 ecce
2454 2606 2621 2646 unus.
2681 2587 2749 2643 Et
2786 2601 2952 2658 egens
2998 2591 3120 2640 erat
3149 2601 3162 2636 :
3195 2597 3326 2638 ecce
3375 2581 3542 2636 alter.

1964 2691 2032 2745 Et
2059 2688 2229 2760 703
2256 2687 2392 2757 ipsis
2435 2682 2772 2756 praedicabat
2806 2699 2821 2736 :
2856 2681 2996 2736 Ecce
3029 2675 3254 2735 tertius.
3279 2672 3395 2730 Nec
3448 2687 3546 2731 so-

1965 2777 2076 2830 lum
2113 2790 2222 2830 non
2257 2773 2486 2842 accipit,
2521 2785 2712 2826 verum
2747 2770 2912 2824 etiam
2949 2767 2995 2822 si
3025 2781 3167 2838 opus
3198 2764 3294 2828 sit,
3321 2776 3547 2819 carnem

1967 2865 2352 2936 impenderet:
2386 2877 2516 2916 ecce
2575 2868 2829 2931 quartus.
2885 2856 3093 2912 Deinde
3132 2870 3258 2911 cum
3315 2866 3548 2921 corpore

1965 2961 2129 3014 etiam
2163 2958 2401 3013 animam
2433 2953 2648 3023 ipsam;
2677 2965 2808 3010 ecce
2833 2950 3080 3022 quintus.
3134 2945 3305 3016 quue
3343 2957 3447 3016 pro
3478 2942 3548 3000 iis

1965 3050 2060 3122 qui
2095 3063 2203 3102 non
2249 3043 2544 3100 admodum
2588 3043 2766 3112 ipsum
2818 3046 3115 3095 aniarent:
3156 3052 3286 3094 ecce
3329 3043 3547 3092 sextus.

1966 3141 2078 3195 imo
2125 3152 2252 3193 cum
2307 3147 2486 3204 neque
2531 3141 2807 3188 amantem
2867 3132 3238 3192 redamarent,
3289 3127 3428 3184 nihil
3481 3128 3548 3180 ile

271 3222 488 3323 πατρὸς
524 3222 736 3324 ἐπέχων
759 3257 840 3318 εἰς
859 3222 1016 3326 ’ὑμᾶς
1035 3255 1212 3322 τάξιν,
1227 3255 1288 3309 οὐ
1321 3222 1482 3324 μόνον
1503 3258 1562 3308 οὐ
1598 3222 1862 3326 Ind-opai,

1974 3251 2158 3292 amore
2206 3235 2467 3292 diminuit
2498 3254 2512 3291 :
2550 3249 2680 3292 ecce
2728 3231 3020 3303 septimus.
3071 3227 3184 3298 Ego
3218 3222 3426 3290 tamen,
3459 3223 3546 3326 in-

275 3344 422 3398 ἀλλὰ
469 3346 566 3398 καὶ
630 3347 876 3418 παρέξω,
992 3347 1089 3400 καὶ
1143 3347 1206 3400 οὒ
1244 3347 1527 3419 χρήματα,
1587 3346 1702 3400 ἀλλ’
1767 3348 1866 3402 αὐ-

271 3437 374 3492 τὸν
432 3439 532 3498 ἐμὲ
576 3439 671 3492 καὶ
717 3441 818 3510 τὴν
863 3439 1109 3510 ἐμαυτοῦ
1141 3440 1340 3510 σάρκα.
1394 3440 1566 3494 Τοῦτο
1621 3440 1732 3510 γὰρ
1783 3440 1864 3506 τὸ,

291 3530 878 3603 Ἐκδαπανηθήσομαι,
910 3533 1184 3598 τουτέστι,
1239 3532 1343 3587 κᾶν
1395 3531 1496 3602 τὴν
1534 3533 1711 3604 σάρκα
1755 3532 1866 3586 δέοι

274 3623 630 3678 δαπανᾶσθαι
656 3625 796 3696 ὑπὲρ
819 3624 992 3695 ὑμῶν,
1015 3625 1076 3680 οὐ
1105 3624 1382 3695 φείσομαι.
1408 3644 1426 3677 ι
1454 3625 1515 3678 Ei
1551 3627 1644 3678 καὶ
1674 3641 1868 3697 περισ-

280 3716 525 3787 σοτέρως
557 3718 705 3786 ὑμᾶς
752 3717 975 3784 ἀγαπῶ.
1015 3736 1036 3766 ι
1095 3719 1207 3772 Kal
1249 3717 1422 3772 ταῦτα
1469 3717 1626 3781 ποιῶ,
1679 3716 1865 3787 φησὶν,

277 3809 430 3878 ὑπὲρ
453 3807 562 3862 τῶν
601 3809 721 3863 λίαν
759 3810 858 3880 μὲν
883 3810 1245 3881 φιλουμένων,
1276 3805 1440 3883 ἦττον
1489 3811 1547 3864 δὲ
1608 3811 1869 3880 ἀγαπών-

276 3918 416 3956 των.
455 3919 473 3953 ι
516 3903 700 3984 Ἔστω
727 3901 785 3954 δὲ
815 3901 927 3971 ἐγὼ
968 3903 1030 3956 οὐ
1063 3903 1418 3974 κατεϐάρησα
1455 3904 1622 3975 ὑμᾶς.
1664 3922 1682 3955 ι
1730 3901 1871 3956 Κατ’

278 3994 557 4064 ἐρώτησιν
585 3994 824 4065 προάγει
851 3993 943 4048 τὸν
970 3995 1152 4063 λόγον,
1180 3995 1276 4049 καί
1321 4013 1476 4065 φησι.
1526 3995 1684 4048 τοῦτο
1722 3995 1870 4065 ὠμο-

277 4087 540 4158 λόγηται,
565 4087 646 4141 ὅτι
683 4087 795 4157 ἐγὼ
827 4088 888 4142 οὒ
917 4087 1276 4161 κατεϐάρησα
1309 4089 1455 4157 ὑμᾶς
1485 4089 1542 4140 ὲν
1575 4085 1654 4156 τῷ
1679 4087 1870 4140 λαϐεῖν

277 4197 364 4235 τι.
401 4180 542 4233 Ἀλλ’
573 4179 837 4253 ὑπάρχων
896 4179 1228 4250 πανοῦργος,
1273 4179 1410 4250 δόλῳ
1460 4180 1607 4249 ὑμᾶς
1655 4177 1868 4244 ἔλαϐον,

280 4270 560 4335 τουτέστι,
582 4271 718 4342 δόλῳ
738 4272 884 4342 ὑμᾶς
919 4270 1392 4342 μετεχειρισάμην
1431 4269 1528 4324 xal
1582 4270 1868 4339 ἠκόντισα.

281 4363 399 4416 Καὶ
432 4361 542 4426 ἐγὼ
571 4363 668 4434 μὲν
711 4364 1159 4434 αὑτοπροσώπως
1187 4363 1339 4418 οὐδὲν
1362 4363 1582 4432 εἴληφα.
1612 4358 1761 4434 *Αρα
1796 4363 1869 4433 μὴ

281 4451 376 4504 διὰ
400 4453 583 4521 μέσων
640 4454 802 4506 τινῶν
841 4453 1001 4506 τοῦτο
1060 4452 1294 4524 ἔπραξα,
1317 4452 1540 4523 πέμψας
1578 4455 1731 4516 τινὰς
1777 4453 1872 4506 καὶ

282 4547 356 4602 δι’
399 4549 581 4602 αὐτῶν
614 4545 794 4602 λαϐὼν
821 4565 838 4615 ;
891 4548 1194 4618 Οὐμενοῦν.
1225 4551 1287 4602 Οἱ
1319 4547 1429 4619 γὰρ
1456 4547 1702 4611 ἐλθόντες
1735 4547 1872 4618 πρὸς

285 4641 459 4709 ὑμᾶς,
500 4642 780 4709 τοίςὲμοῖς
799 4641 1000 4710 ἴχνεσιν
1037 4639 1432 4711 ἠκολούθησαν.
1485 4658 1506 4691 ι
1542 4639 1621 4692 Δι’
1673 4639 1868 4693 ἑαυτοῦ

287 4731 696 4803 ἐπλεονέκτησα
745 4734 924 4803 ὑμᾶ;;
973 4752 992 4785 ι
1021 4728 1144 4787 Οἶον
1167 4734 1254 4786 διὰ
1293 4734 1458 4804 μέσου
1499 4733 1700 4786 αὐτῶν.
1729 4733 1876 4802 Ὅρα

285 4826 370 4890 δὲ,
396 4825 710 4891 πλεονεξίαν
731 4825 904 4889 καλεῖ,
925 4825 985 4879 τδ
999 4827 1148 4896 παρὰ
1165 4826 1411 4881 ἀκόντων
1421 4825 1629 4880 λαϐεῖν.
1649 4827 1758 4879 Καὶ
1775 4827 1874 4880 αὑ-

286 4923 409 4981 τοῖς
441 4919 497 4972 se
525 4919 712 4989 ἡρέμα
762 4919 1034 4984 ὀνειδίζει,
1067 4919 1142 4982 ὡς
1173 4920 1267 4972 καὶ
1299 4918 1480 4972 αὐτῶν
1537 4917 1876 4971 πλεονεκτεῖ-

291 5010 422 5064 σθαι
450 5011 790 5080 ἡγουμένων,
819 5013 869 5064 εἰ
899 5011 1166 5081 θρέψουσι
1193 5009 1438 5065 Παῦλον.
1468 5027 1487 5062 ι
1518 5009 1876 5081 Παρεκάλεσα

289 5101 476 5156 Τίτον.
510 5121 530 5156 ι
560 5104 666 5156 Καὶ
711 5102 870 5156 τοῦτο
895 5101 1282 5166 ὁνειδιστικῶς.
1332 5103 1406 5156 Οὐ
1463 5101 1571 5172 γὰρ
1628 5100 1871 5171 ἔπεμψα,

291 5195 432 5248 ἀλλὰ
461 5196 837 5266 παρεκάλεσα,
867 5196 1085 5260 δεικνὺς
1111 5197 1195 5249 ὅτι
1227 5197 1276 5249 ei
1332 5195 1427 5250 καὶ
1487 5194 1730 5265 εἴληφεν,
1773 5193 1876 5247 οὐκ

292 5285 528 5357 ἐσφάλη.
556 5289 632 5341 Οὐ
663 5286 775 5358 γὰρ
805 5288 1144 5358 ζαύτομάτως
1163 5327 1180 5352 ,
1227 5286 1363 5342 ἀλλὰ
1414 5285 1554 5341 κατὰ
1595 5285 1877 5355 παράκλη-

293 5395 382 5431 σιν
411 5373 596 5448 ἦλθεν.
613 5377 754 5430 Ἀλλ’
772 5377 944 5447 ὅμως,
959 5377 1080 5431 οὐδὲ
1099 5376 1271 5440 οὕτως
1299 5376 1538 5448 εἴληφεν.
1559 5371 1669 5429 Ἦν
1690 5374 1747 5428 δὲ
1781 5375 1875 5428 καί

291 5487 417 5524 τινα
441 5470 600 5524 ἄλλον
627 5469 706 5540 τῷ
736 5469 882 5539 Τίτῳ
910 5469 1358 5530 συναποστείλας.
1398 5486 1416 5519 ι
1477 5469 1550 5520 Οὐ
1593 5466 1676 5538 τῷ
1727 5465 1876 5536 αὐτῷ

294 5559 571 5630 πνεύματι
600 5560 1095 5629 περιεπατήσαμεν
1119 5575 1133 5625 ;
1176 5579 1195 5612 ι
1231 5557 1616 5624 Τουτέστιν,οὐ
1645 5560 1708 5628 τῇ
1737 5558 1873 5628 αὐτῇ

293 5649 479 5721 χάριτι
573 5650 667 5704 καὶ
703 5647 852 5719 ὲγώς
891 5648 1062 5703 Τοῦτο
1113 5648 1263 5718 λέγει
1298 5646 1538 5718 πνεῦμα,
1571 5648 1740 5719 ἤγουν
1777 5648 1874 5719 χά-

297 5760 470 5814 ρισμα
489 5743 880 5812 πνευματικόν.
912 5743 1173 5813 Χάρισμα
1201 5743 1258 5795 δὲ
1285 5743 1443 5796 καλεῖ
1465 5742 1525 5794 τὸ
1556 5742 1790 5812 πρᾶγμα
1810 5740 1874 5794 τὸ

296 5832 654 5903 (κενούμενον
676 5833 751 5904 μὴ
779 5831 988 5887 λαὸεῐν.
1009 5835 1151 5904 Ὅρα
1179 5833 1234 5888 δὲ
1259 5831 1373 5896 πῶς
1392 5833 1462 5887 τὰ
1487 5832 1662 5885 οἰκεῖα
1682 5847 1876 5900 κατορ-

299 5925 527 5998 θώματα
553 5927 631 5999 τῷ
659 5927 778 5999 Θεῷ
794 5928 1119 6001 ἀναιίθησιη
1137 5947 1155 5979 ι
1188 5928 1260 5982 Οὐ
1290 5928 1398 5991 τοῖς
1422 5923 1603 5990 αὐτοῖς
1631 5923 1796 5996 ἴχνεσι
1819 5940 1865 5991 ,ι

1967 3331 2105 3401 quit,
2131 3343 2254 3386 cum
2281 3330 2454 3400 patris
2485 3329 2660 3384 vicem
2711 3339 2898 3398 geram
2923 3337 3054 3392 erga
3091 3334 3212 3384 vos,
3243 3333 3350 3373 non
3383 3313 3548 3370 modo

1967 3440 2078 3481 non
2098 3423 2392 3493 accipiam,
2413 3436 2600 3476 verum
2625 3420 2789 3475 etiam
2816 3415 3074 3488 praebebo
3107 3428 3122 3468 :
3157 3426 3261 3468 nec
3281 3409 3547 3482 pecunias

1969 3525 2064 3572 aut
2102 3515 2506 3587 possessiones,
2570 3511 2667 3568 sed
2732 3511 3004 3580 meipsum
3059 3514 3115 3562 et
3161 3517 3337 3559 meam
3372 3499 3550 3571 ipsius

1969 3625 2218 3666 carnem.
2254 3607 2386 3662 Nam
2416 3609 2519 3662 hoc
2553 3605 2807 3674 designat
2833 3596 3164 3670 «Expendar
3197 3614 3213 3652 :
3249 3613 3268 3648 ι
3306 3594 3412 3650 hoc
3439 3598 3551 3656 est,

1969 3704 2135 3756 etiam
2165 3702 2212 3756 si
2235 3714 2456 3755 carnem
2487 3703 2738 3768 oporteat
2767 3707 2866 3765 pro
2887 3691 3047 3748 vobis
3070 3686 3410 3760 impendere,
3439 3696 3548 3738 non

1971 3808 2218 3865 parcam.
2253 3811 2272 3844 ι
2315 3790 2470 3848 Licet
2498 3787 2726 3844 uberius
2755 3801 2856 3842 vos
2885 3784 3074 3856 diligo.
3114 3801 3134 3836 ι
3169 3780 3236 3834 Et
3288 3779 3426 3844 haec,
3465 3776 3549 3832 in-

1971 3887 2112 3955 quit,
2158 3885 2297 3938 l'acio
2332 3897 2431 3952 pro
2470 3881 2556 3937 his
2581 3881 2674 3952 qni
2703 3880 3059 3935 vehementer
3089 3873 3311 3944 quidem
3359 3881 3552 3924 aman-

1973 3984 2081 4042 tur,
2121 3976 2214 4026 seil
2263 3973 2446 4027 minus
2479 3977 2689 4024 amant.
2728 3986 2748 4020 ι
2787 3967 2894 4022 Sed
2927 3973 3068 4030 esto,
3111 3976 3213 4033 ego
3264 3961 3383 4030 ipse
3435 3971 3550 4014 non

1971 4065 2192 4137 gravavi
2233 4079 2352 4118 vos.
2391 4080 2410 4114 ι
2445 4061 2548 4117 Per
2577 4057 3063 4129 interrogationem
3119 4049 3374 4124 producit
3427 4063 3549 4104 ser-

1976 4173 2216 4220 monem,
2247 4164 2301 4213 et
2327 4156 2404 4210 ait
2435 4171 2449 4208 :
2479 4155 2594 4210 Hoc
2626 4154 2679 4208 in
2716 4150 2980 4206 confesso
3013 4156 3095 4204 est
3128 4145 3274 4216 quod
3298 4158 3401 4213 ego
3431 4142 3550 4212 ipse

1972 4269 2081 4308 non
2114 4250 2457 4323 gravaverim
2501 4263 2598 4304 vos
2625 4243 2950 4316 accipiendo
2981 4241 3282 4312 quidquam
3313 4255 3328 4293 :
3359 4250 3549 4292 verum

1974 4361 2100 4400 cum
2127 4324 2350 4398 astutus
2379 4356 2580 4404 essem,
2639 4339 2771 4394 dolo
2803 4351 2902 4392 vos
2945 4333 3065 4405 cepi
3095 4350 3109 4387 :
3140 4331 3246 4386 hoc
3277 4336 3381 4393 est,
3422 4325 3550 4382 dolo

1977 4450 2072 4491 vos
2102 4434 2331 4489 tractavi
2359 4445 2412 4489 et
2453 4445 2748 4504 aggressus
2771 4443 2890 4483 sum
2925 4443 2940 4481 :
2970 4435 3024 4482 et
3055 4438 3156 4496 ego
3187 4421 3405 4493 quidem
3432 4432 3554 4488 pro-

1977 4529 2093 4599 prin
2127 4541 2364 4598 persona
2398 4526 2531 4580 nihil
2565 4522 2756 4593 accepi
2787 4541 2800 4578 :
2831 4536 2963 4576 num
3000 4518 3165 4588 igitur
3215 4530 3311 4586 per
3341 4510 3550 4566 medios

1977 4622 2244 4690 quosdam
2277 4621 2384 4675 hoc
2414 4619 2540 4684 feci,
2577 4618 2802 4673 mittens
2833 4615 3052 4684 aliquos
3078 4617 3133 4667 et
3176 4623 3273 4680 per
3302 4607 3428 4661 illos
3461 4617 3551 4657 ac-

1976 4716 2188 4784 cipiens
2216 4715 2239 4768 ?
2283 4713 2660 4784 Nequaquam.
2716 4710 2852 4765 Nam
2883 4708 2980 4778 qni
3012 4705 3078 4760 ad
3111 4718 3208 4759 vos
3255 4703 3547 4760 venerunt,

1978 4820 2097 4858 mea
2130 4803 2356 4873 vestigia
2415 4801 2586 4858 secuti
2630 4807 2779 4855 sunt.
2821 4817 2840 4851 ι
2872 4796 3012 4852 Num
3058 4809 3154 4864 per
3205 4803 3546 4861 quemquam

1978 4897 2314 4952 cirrnmveni
2349 4895 2482 4950 vos?
2516 4913 2535 4948 ι
2568 4893 2685 4949 Ηοο
2718 4899 2828 4955 est,
2861 4904 2958 4959 per
2986 4886 3226 4942 medium
3263 4881 3553 4954 ipsorum?

1983 4994 2116 5047 Vide
2145 5000 2326 5046 antem
2360 4987 2507 5059 quod
2553 4983 2800 5040 fraudem
2858 4995 2923 5036 ac
2966 4977 3340 5034 cxtorsionem
3403 4972 3553 5027 dicat

1978 5086 2048 5140 ab
2102 5081 2292 5136 invitis
2348 5063 2599 5147 accipere
2651 5069 2946 5142 :ipsisque
2989 5070 3155 5124 tacite
3195 5068 3549 5137 improperat,

1977 5174 2122 5244 quod
2159 5187 2218 5226 se
2252 5166 2658 5224 circumvenire
2683 5163 2957 5218 ducerent.
2979 5160 3024 5215 si
3054 5157 3284 5214 Paulum
3317 5155 3549 5244 alerent.

1983 5242 2006 5319 σν
2039 5264 2244 5336 Rogavi
2273 5261 2480 5316 Titum.
2522 5277 2546 5309 ι
2593 5256 2658 5310 Et
2688 5256 2791 5311 hoc
2828 5269 2924 5325 per
2972 5250 3363 5322 impmperium
3411 5242 3553 5336 dici:

1979 5369 2068 5416 tur
2107 5331 2264 5412 {non
2297 5353 2442 5410 enim
2479 5337 2629 5417 misi,
2675 5345 2771 5404 sed
2807 5346 2995 5417 regavi
3025 5362 3041 5399 :
3073 5339 3375 5420 ostendens
3402 5331 3552 5404 quod

1978 5455 2026 5508 si
2044 5452 2210 5508 etiam
2231 5446 2536 5518 accepisset
2551 5457 2662 5498 non
2689 5446 2979 5513 peccasset
3003 5453 3019 5492 :
3049 5447 3225 5506 neque
3248 5429 3392 5487 enim
3418 5439 3551 5498 pro-

1978 5546 2099 5618 pria
2133 5550 2329 5614 sponte
2356 5538 2639 5611 proiectus
2669 5543 2774 5601 est,
2811 5533 2906 5591 sed
2954 5537 3180 5602 rogatus
3213 5543 3228 5618 ι
3266 5531 3322 5580 et
3369 5531 3553 5576 tamen

1978 5617 2048 5694 ne
2078 5637 2155 5692 ita
2180 5634 2400 5706 quidem
2436 5629 2670 5701 accepit.
2702 5627 2925 5682 Miserat
2953 5630 3138 5678 autem
3157 5617 3326 5672 alium
3360 5626 3556 5683 quem-

1978 5733 2102 5788 dam
2129 5743 2236 5784 una
2272 5743 2395 5782 cum
2444 5724 2588 5780 Tito.
2639 5740 2660 5774 ι
2733 5722 2926 5774 Annon
2979 5713 3173 5772 eodem
3206 5706 3400 5780 spiritu
3434 5719 3554 5759 am-

1979 5821 2329 5883 bulavimus?
2368 5840 2386 5872 ι
2434 5818 2485 5873 ld
2525 5825 2629 5878 est,
2672 5829 2853 5868 nonne
2904 5808 3094 5862 eadem
3132 5802 3304 5878 gratia
3337 5814 3444 5870 qua
3496 5805 3553 5853 et

1981 5920 2116 5992 ego?
2146 5915 2260 5972 lioc
2291 5912 2544 5984 spiritum
2590 5905 2724 5964 dicit
2750 5900 3106 5992 sive_dununi
3143 5893 3410 5971 spiritale.
3445 5887 3576 5988 lia-1
