3956 6558
467 436 615 505 1075

1569 445 1968 508 (ECUMENII
1990 447 2286 507 TRICCtE
2316 447 2659 511 EPISCOPI

3537 458 3640 523 1076

465 566 616 610 ctum
657 565 837 610 autem
866 564 1027 614 vocat
1060 557 1287 624 donum,
1323 575 1521 630 nempe
1552 561 1717 616 etiam
1752 561 1803 614 in
1859 576 2024 630 angu-

2137 559 2446 626 Τουτέστιν,
2467 561 2590 613 οῦδὲ
2623 560 2822 632 μικρὸν
2846 561 3194 633 παρήλλαξαν
3225 564 3407 618 ἐκεῖνοι
3440 565 3523 638 τὴν
3541 571 3647 642 ἐμὴν

462 647 588 705 stlis
623 650 861 719 positum
915 667 1025 708 non
1079 653 1351 722 accipere.
1395 652 1695 708 Considera
1728 669 1857 708 vero
1891 669 2032 723 qun-

462 741 626 796 modo
655 757 755 798 sua
787 742 928 798 bona
976 760 1140 814 opera
1195 747 1305 801 Deo
1365 746 1566 803 referat
1615 755 1858 816 accepta.
1892 765 1911 797 ι
1949 748 2031 801 Au

460 847 569 885 non
600 833 790 888 iisdem
821 838 1088 906 vestigiis.
1130 856 1148 890 ι
1182 838 1295 893 Hoc
1323 847 1429 901 est,
1459 854 1527 894 ne
1561 839 1616 894 in
1651 839 1884 894 tninimo
1908 839 2034 909 qui-

459 923 582 978 dem
623 925 828 981 diversi
862 928 1088 984 luerunt
1116 930 1190 984 illi
1223 947 1250 984 a
1285 946 1402 985 mea
1428 930 1734 1000 diligentia.
1766 929 1903 985 Vide
1935 946 2037 983 au-

460 1028 567 1071 tem
597 1019 875 1088 quodnon
909 1023 1070 1078 modo
1097 1023 1213 1094 ipse
1239 1039 1344 1078 non
1386 1024 1620 1092 accepit,
1657 1039 1842 1078 verum
1872 1022 2036 1077 etiam

461 1110 528 1165 iis
559 1127 700 1180 quos
727 1113 877 1168 misit
920 1131 988 1170 ne
1023 1117 1341 1187 acciperent
1395 1116 1708 1186 persuasit:
1749 1134 1767 1166 ι
1798 1114 2036 1169 Rursum

457 1202 803 1259 arbitramini
837 1208 984 1277 quod
1023 1225 1123 1264 nos
1165 1225 1354 1264 corant
1414 1209 1572 1265 vobis
1621 1223 1971 1263 excusemus.
2013 1224 2031 1256 ι

459 1293 680 1352 Veritus
707 1305 789 1366 est
819 1315 888 1355 ne
923 1304 1285 1358 assentatoris
1310 1303 1626 1372 opinionem
1663 1301 1731 1354 de
1757 1315 1823 1354 eo
1857 1313 2039 1354 sume-

458 1394 580 1441 rent
615 1402 628 1438 :
657 1387 776 1443 ideo
807 1390 970 1444 etiam
991 1393 1245 1460 superius
1283 1393 1440 1446 dixit.
1471 1391 1631 1463 703
1659 1389 1899 1444 Rursum
1935 1402 2039 1443 nos

455 1475 608 1542 ipsos
639 1482 1128 1537 commendamus?
1159 1491 1213 1537 ct
1255 1500 1267 1536 :
1309 1482 1446 1537 Num
1497 1497 1722 1552 egemus
1757 1493 2038 1534 commen-

455 1567 664 1650 datitiis
704 1571 953 1640 epistolis
983 1573 1006 1628 ?
1048 1573 1165 1628 Non
1201 1589 1332 1643 ergo
1367 1574 1520 1629 vobis
1549 1579 1916 1635 assentantes,
1946 1576 2041 1622 aut

2140 653 2452 720 ἀκρίϐειαν.
2495 655 2638 725 Ὅρα
2686 654 2765 721 δὲ,
2814 655 2877 708 οῦ
2919 655 3078 727 μόνον
3125 655 3281 720 αὐτὸς
3325 660 3415 711 οὐκ
3457 661 3646 730 sanest,

2140 745 2279 798 ἀλλὰ
2307 747 2401 798 καὶ
2425 747 2551 809 τοὺς
2581 747 2991 812 ἀποσταλέντας
3017 748 3201 802 ἔπεισε
3226 750 3296 820 μὴ
3318 750 3496 805 λαϐεῖν.
3528 757 3646 809 illit-

2139 832 2224 887 λιν
2245 834 2453 889 δοκεῖτε
2485 835 2568 889 ὅτι
2591 837 2723 906 ὑμῖν
2746 838 3198 909 ἀπολογούμεθας
3236 859 3253 891 ι
3281 841 3472 895 Δέδοικε
3503 845 3562 914 μὴ
3581 848 3647 898 κόν

2138 927 2308 990 λακός
2340 944 2487 992 τινος
2514 929 2657 1000 λάϐῃ
2683 929 2866 996 δόξαν.
2904 930 2997 984 Διὸ
3050 932 3144 985 καὶ
3185 931 3293 984 ἄνω
3323 932 3480 1002 ἔλεγε.
3522 936 3648 990 [lim

2139 1021 2368 1084 ὲαυτοῦς
2399 1022 2821 1091 συνιστάνομεν,
2858 1024 2953 1076 καὶ
2977 1025 3027 1076 εί
3049 1024 3123 1093 μὴ
3151 1025 3412 1093 χρῄζομεν
3449 1043 3647 1081 συστατι-

2144 1111 2254 1164 κῶν
2290 1113 2612 1167 ἐπιστολῶν.
2644 1115 2757 1185 Οὐχ
2781 1115 2926 1185 ὑμᾶς
2951 1113 3045 1167 οῦν
3071 1114 3458 1179 κολακεύοντες,
3486 1116 3514 1186 ἢ
3555 1118 3649 1185 ὑμῖν

2144 1201 2597 1274 ἀπολογούμενοι,
2619 1204 2795 1260 ταῦτα
2824 1205 3084 1276 λέγομεν,
3109 1204 3224 1259 ἀλλ’
3245 1204 3318 1268 ὡς
3363 1206 3556 1259 ἐνώπιον
3580 1209 3648 1262 τοῦ

2145 1290 2305 1356 Θεοῦ,
2345 1295 2440 1348 καὶ
2476 1295 2710 1364 ὁρῶντος
2742 1295 2906 1349 αὐτοῦ
2930 1296 3218 1365 λαλοῦμεν,
3251 1297 3343 1350 καὶ
3373 1298 3424 1350 ἐν
3455 1298 3644 1368 Χριστῷ,

2145 1376 2257 1436 οἷον
2286 1384 2370 1437 διὰ
2426 1385 2667 1456 Χριστοῦ
2719 1385 3009 1458 λαλοῦμεν.
3080 1388 3185 1442 Τὸν
3219 1387 3273 1440 δὲ
3341 1389 3537 1441 ἐνώπιον
3580 1389 3646 1441 τοῦ

2146 1474 2283 1530 Θεοῦ
2313 1476 2598 1543 λαλοῦντα,
2627 1480 2723 1533 καὶ
2768 1480 2859 1534 διὰ
2912 1481 3148 1551 Χριστοῦ
3179 1481 3536 1551 φθεγγόμενον,
3561 1483 3648 1545 πῶς

2147 1568 2369 1623 δυνατὸν
2423 1571 2716 1635 κολακείας
2776 1575 2811 1646 ἢ
2860 1573 3099 1638 θωπείας
3182 1571 3368 1626 ⁹ἐνεκεν
3416 1573 3582 1627 λαλεῖν.

453 1678 556 1717 nos
589 1677 773 1718 coram
830 1665 984 1720 vobis
1035 1678 1382 1729 excusantes,
1441 1667 1556 1721 hinc
1588 1665 1870 1722 dicimus:
1911 1660 2020 1716 Sed
2085 1660 2252 1717 veluti
2298 1662 2354 1716 in
2413 1674 2711 1736 conspectu
2765 1663 2882 1732 Dei,
2946 1673 3005 1722 et
3049 1681 3116 1722 eo
3169 1666 3485 1736 inspectante
3517 1667 3648 1736 loqur

451 1768 580 1808 mur
609 1771 623 1807 :
657 1762 710 1810 et
744 1756 796 1811 in
834 1756 1054 1813 Christo
1086 1760 1202 1816 sive
1234 1775 1330 1828 per
1358 1757 1639 1813 Christum
1674 1755 1972 1826 loquimur.
2013 1749 2303 1818 Quomodo
2330 1765 2511 1810 autem
2545 1757 2809 1826 possibile
2852 1767 3022 1825 esset,
3081 1773 3208 1814 eum
3251 1758 3340 1829 qui
3387 1773 3542 1814 coram
3569 1758 3649 1815 Deo

455 1851 700 1921 loquitur
719 1861 774 1909 et
805 1869 904 1926 per
929 1853 1209 1911 Christum
1263 1855 1526 1927 loquitur,
1587 1850 1946 1910 assentatioui
1986 1857 2040 1907 et
2062 1846 2394 1904 adulationis
2431 1851 2608 1923 gratia
2636 1851 2807 1932 loqui.

523 2034 644 2102 λιι,
668 2036 819 2093 19ο21
835 2079 850 2092 .
871 2037 935 2091 1η
946 2047 1222 2109 conspectu
1241 2037 1332 2091 Dei
1349 2053 1441 2107 per
1456 2036 1725 2093 Christum
1747 2036 2012 2106 loquimur

2220 2035 2360 2090 Κατ’
2382 2034 2639 2090 ἐνώπιον
2689 2035 2798 2091 τοῦ
2829 2035 2977 2091 Θεοῦ
3007 2035 3078 2090 ἐν
3125 2033 3351 2104 Χριστῷ
3389 2037 3645 2107 λαλοῦμεν.

452 2127 548 2183 sed
572 2131 770 2194 omnia,
799 2130 1125 2194 citarissinti,
1155 2147 1252 2200 pro
1283 2128 1826 2199 restriwdiﬁcatione.
1857 2126 2041 2183 Metuo

450 2219 591 2274 enim
619 2235 680 2273 ne
699 2235 800 2290 qua
822 2220 934 2284 ﬁat,
958 2231 1014 2273 ιιι
1031 2221 1077 2274 si
1093 2237 1275 2275 venero
1299 2237 1400 2274 non
1414 2220 1596 2289 quales
1611 2219 1763 2273 velim
1782 2219 2041 2286 reperiam

454 2329 563 2374 ros,
600 2322 648 2366 et
679 2329 772 2381 ego
799 2315 1034 2380 reperiar
1089 2313 1234 2367 robis
1301 2313 1514 2384 qualem
1573 2311 1756 2366 nolitis
1793 2325 1812 2364 :
1847 2327 1910 2364 ne
1935 2327 2040 2382 quo

451 2404 609 2459 modo
625 2407 731 2459 sint
750 2407 1129 2470 contentiones,
1151 2407 1540 2470 wmulationes,
1554 2406 1671 2471 ira,
1688 2407 2043 2459 concertatio-

453 2512 565 2558 nes,
603 2496 1026 2562 obtrectationes,
1059 2500 1322 2562 susnrria,
1349 2507 1600 2560 tumores,
1620 2495 1927 2550 seditiones.
1957 2493 2040 2550 Ne

449 2589 642 2640 iterum
661 2586 751 2640 ubi
770 2603 950 2641 venero
968 2587 1210 2642 ltuntiliet
1242 2605 1321 2642 nte
1351 2587 1492 2642 Dens
1518 2603 1662 2643 meus
1683 2589 1826 2658 apud
1855 2595 2038 2641 uouet

449 2677 658 2747 lugeant
678 2677 871 2731 multos
888 2693 1066 2731 eorum
1083 2679 1171 2738 qui
1183 2685 1339 2732 antea
1350 2689 1687 2746 peccaverunt
1700 2693 1791 2732 nec
1809 2679 2038 2748 resipne-

449 2771 653 2826 runtab
688 2770 1376 2842 imtnunditia,libidineque
1409 2781 1455 2826 et
1487 2771 1818 2840 impudicitia
1873 2787 2036 2842 quam

445 2875 747 2934 patrarunt.

518 2957 637 3012 Non
697 2974 830 3030 ergo
899 2959 1177 3030 loquimur
1237 2961 1394 3015 vobis
1453 2958 1520 3014 ad
1571 2958 1804 3030 gratiam
1839 2966 1934 3011 aut
1965 2958 2030 3012 ad

445 3051 896 3117 assentationem,
948 3051 1043 3106 sed
1098 3053 1164 3106 ad
1221 3051 1389 3107 vestri
1459 3049 1900 3114 aediﬁcationem,
1978 3053 2034 3102 et

447 3143 763 3210 utilitatem,
822 3157 883 3200 ut
944 3145 1148 3200 relictis
1200 3143 1661 3215 pseudapostolis,
1699 3141 1858 3196 nobis
1897 3141 2030 3197 solis

444 3236 772 3293 adhaerentis
804 3252 867 3291 ac
891 3239 1096 3294 nostris
1133 3238 1504 3294 sermonibus.
1555 3237 1686 3302 Aut,
1743 3243 2028 3305 propterea

446 3344 556 3382 non
587 3329 919 3397 accepimus,
953 3345 1020 3384 ne
1054 3344 1149 3384 vos
1171 3330 1263 3399 qui
1300 3328 1499 3382 inlirmi
1538 3331 1692 3391 estis,
1724 3326 2029 3382 offendicu-

2154 2127 2230 2183 Τὰ
2263 2129 2331 2182 δὲ
2352 2129 2572 2196 πάντα,
2603 2129 2921 2200 ἀγαπητοὶ,
2963 2129 3119 2198 ὑπὲρ
3157 2129 3267 2198 τῆς
3298 2129 3450 2200 ὑμῶν
3470 2132 3650 2186 alendo-

2138 2221 2282 2291 μῆς.
2310 2223 2610 2293 Φοϐοῦμαι
2630 2221 2742 2292 τὰρ
2765 2222 2849 2292 μή
2877 2236 3002 2288 πως
3017 2221 3216 2276 ἐλθὼν
3243 2224 3350 2290 οὐχ
3376 2222 3518 2288 οἵους
3537 2223 3650 2278 θέλω

2142 2317 2296 2384 εὕρω
2324 2314 2482 2386 ὑμᾶς
2511 2357 2528 2382 ,
2583 2315 2746 2385 κάγὼ
2781 2314 3004 2383 είφεθῶ
3032 2315 3179 2384 ὑμῖν
3210 2309 3338 2368 οἷον
3376 2317 3442 2369 οὑ
3476 2318 3644 2371 θέλετε.
3746 2372 3750 2378 _

2141 2408 2238 2474 Μή
2270 2425 2397 2475 πως
2412 2408 2588 2477 ἕρεις,
2610 2407 2796 2475 ζῆλοι,
2822 2407 3019 2477 θυμοί,
3053 2406 3293 2475 ἐριθεῖαι
3310 2445 3325 2468 ,
3343 2409 3645 2468 καταιαιια),

2140 2499 2521 2568 ψιθυρισμοί,
2562 2497 2917 2568 φυσιώσεις,
2938 2498 3394 2564 ἀκαταστασίαι,
3417 2498 3490 2566 μὴ
3513 2499 3649 2551 πάλιν

2139 2589 2394 2644 ἐλθόντα
2421 2607 2499 2660 με
2525 2590 2882 2644 ταπεινώσει
2931 2593 2965 2644 ό
2998 2590 3148 2654 Θεός
3185 2606 3304 2658 μου
3353 2590 3486 2657 πρὸς
3518 2588 3643 2659 ὑμᾶς,

2140 2681 2240 2736 καὶ
2275 2680 2560 2748 πενθήσω
2586 2681 2861 2748 πολλοὺς
2897 2679 3014 2734 τῶν
3044 2681 3646 2749 προημαρτηκότων.και

2131 2774 2220 2844 μὴ
2250 2774 2762 2843 μετανοησάντων
2805 2774 2903 2828 ἐπὶ
2934 2773 3003 2841 τῇ
3037 2773 3375 2844 ἀκαθαρσίᾳ
3405 2773 3489 2828 καί
3530 2789 3638 2842 πορ-

2136 2866 2269 2932 νειᾳ
2300 2864 2400 2920 καὶ
2428 2867 2717 2935 ἀσελγείᾳ
2741 2860 2779 2936 ᾖ
2805 2865 3100 2934 ἔπραξαν.

2205 2959 2280 3012 Οὐ
2313 2957 2584 3028 λαλοῦμεν
2629 2954 2722 3011 οὖν
2753 2960 2889 3030 πρὸς
2915 2959 3074 3030 χάριν
3104 2959 3281 3030 ὑμῶν,
3316 2959 3348 3028 ἢ
3382 2959 3500 3025 πρὸς
3519 2957 3640 3009 uois-

2135 3049 2314 3115 κείαν,
2352 3049 2470 3103 ἀλλ’
2506 3049 2646 3119 ὑπὲρ
2675 3049 2766 3103 τοῦ
2802 3051 2946 3120 ὑμᾶς
2975 3050 3332 3121 οἰκοδομῆσαι
3360 3049 3444 3104 καὶ
3485 3048 3645 3118 ὠφελῇ·

2138 3157 2255 3203 σαι,
2288 3140 2375 3194 ῐνα
2407 3141 2536 3205 τοὺς
2565 3139 3038 3210 ψευδαποστὸλους
3058 3140 3344 3210 φυγόντες,
3369 3142 3484 3210 ἡμῖν
3510 3140 3644 3209 μόνοις

2133 3233 2467 3305 προσέχητε,
2493 3233 2589 3288 καὶ
2631 3235 2744 3296 τοῖς
2795 3233 3088 3304 ἡμετέροις
3147 3233 3345 3302 λόγοις.
3383 3233 3446 3286 Ἦ
3484 3231 3548 3286 ὅτι
3581 3227 3645 3282 διὰ

2131 3324 2291 3380 τοῦτο
2315 3327 2414 3380 οῦκ
2466 3325 2756 3396 ἐλάϐομεν,
2811 3326 2897 3379 ἵνα
2953 3325 3030 3397 μὴ
3061 3326 3227 3394 ὑμεῖς
3269 3326 3492 3386 ἀσθενεῖς
3533 3322 3643 3382 ὄντες

445 3437 556 3474 ..ιιιι
595 3422 891 3476 haberetis.
924 3442 942 3473 ι
998 3421 1177 3476 Metuo
1236 3423 1402 3478 enim.
1441 3441 1459 3474 ι
1524 3421 1686 3476 Vides
1740 3430 2022 3490 paternam

2131 3417 2586 3487 σκανδαλισθῆτε.
2630 3436 2648 3469 ι
2675 3417 2958 3488 Φοϐοῦμαι
2983 3417 3120 3488 γάρ.
3150 3436 3169 3470 ι
3203 3417 3361 3488 Ὁρᾷς
3388 3412 3643 3487 κηδεμονίαν

441 3513 888 3582 providentiam?
921 3513 1025 3567 Alii
1070 3522 1374 3583 peccarunt
1433 3522 1488 3567 et
1539 3512 1745 3568 Paulus
1804 3511 2020 3566 metuit.

449 3625 472 3656 ι
504 3605 579 3660 Ne
610 3620 718 3674 qua
769 3605 882 3659 ﬁat.
928 3624 946 3657 ι
1005 3604 1228 3660 Dubitat
1282 3607 1462 3661 adhuc
1518 3614 1574 3660 et
1641 3619 1749 3660 non
1800 3605 2022 3660 aSserit.

449 3716 469 3746 ι
511 3695 629 3752 Non
666 3698 859 3768 quales
891 3697 1013 3754 volo
1049 3699 1317 3769 reperiam
1352 3715 1472 3754 vos.
1507 3719 1527 3752 ι
1565 3697 1770 3769 Nempe
1790 3713 2024 3768 corrup-

441 3801 528 3844 tos
561 3807 576 3849 :
605 3799 659 3845 et
684 3804 785 3859 ego
813 3803 1030 3860 quoque
1047 3789 1374 3846 necessitate
1398 3790 1598 3844 ductus
1624 3789 1866 3860 reperiar
1889 3804 2024 3858 qua-

439 3883 544 3937 lem
576 3881 764 3938 nolitis
791 3899 805 3936 :
841 3881 968 3948 hoc,
995 3881 1228 3951 puniens
1257 3896 1352 3937 eos
1401 3882 1494 3952 qui
1544 3881 2024 3936 itnmedicabiliter

439 3980 706 4044 aegrotant
732 3990 746 4028 :
787 3992 806 4026 ι
837 3971 915 4029 Ne
973 3974 1248 4045 quomodo
1279 3974 1391 4030 sint
1421 3975 1823 4038 contentiones,
1850 3990 2023 4029 :emu-

440 4067 696 4122 lationes.
733 4085 752 4120 ι
794 4066 934 4123 Dicit
982 4069 1144 4123 etiam
1205 4069 1468 4140 deinceps
1523 4069 1714 4139 quales
1773 4069 2022 4126 invenire

438 4163 620 4218 nolit:
653 4161 787 4217 Cum
824 4163 928 4228 his,
963 4163 1161 4233 inquit,
1215 4164 1387 4220 vitiis.
1447 4162 1592 4217 Dicit
1641 4171 1824 4218 autem
1880 4178 2019 4218 cono

436 4257 732 4320 tentiones,
763 4272 830 4311 eo
851 4256 994 4328 quod
1042 4256 1376 4312 dissiderent
1411 4274 1426 4311 :
1459 4275 1478 4308 ι
1506 4255 1964 4312 Concertationes
1994 4275 2012 4308 ι

437 4358 695 4419 tanquam
721 4349 843 4404 belli
886 4349 1168 4416 praeludia.
1201 4367 1220 4400 ι
1250 4348 1537 4414 Tutnores,
1577 4368 1594 4402 ι
1629 4348 1776 4420 quod
1823 4349 2019 4403 adver-

431 4455 530 4494 sus
582 4440 762 4509 ipsum
810 4437 1014 4494 cristas
1040 4439 1338 4508 erigerent,
1379 4438 1847 4511 Pseudapostolos
1885 4453 2017 4496 vero

433 4533 790 4586 honorarent.
833 4549 852 4582 ι
889 4529 966 4585 Ne
1011 4531 1211 4586 iterum
1264 4531 1353 4585 ubi
1411 4547 1634 4587 venero.
1676 4551 1695 4585 ι
1731 4531 2012 4596 Sullicere,

429 4623 630 4692 inquit,
651 4622 917 4676 deberent
939 4623 1143 4691 prlora.
1182 4639 1200 4674 ι
1241 4620 1498 4678 Humiliet
1527 4641 1612 4678 me
1636 4624 1778 4679 Deus
1803 4639 1958 4679 meus
1991 4642 2010 4675 ι

432 4715 705 4770 Ultionem
739 4730 959 4770 sumere
983 4715 1050 4770 de
1089 4716 1342 4771 sontibus
1373 4725 1532 4770 vocat
1558 4717 1642 4772 sui
1675 4717 2015 4772 humiliatio-

2132 3512 2444 3581 πατρικήνς
2477 3509 2664 3563 Ἀλλοι
2696 3509 3016 3580 ἡμάρτανον
3063 3511 3164 3564 καὶ
3191 3509 3394 3572 Παῦλος
3439 3507 3640 3576 φοϐεῖται.

2137 3620 2156 3653 ι
2192 3602 2281 3672 Μή
2317 3619 2430 3664 πως
2462 3601 2654 3655 ἐλθών.
2692 3619 2711 3654 s
2759 3600 3058 3664 Ἐνδοιάζει
3079 3600 3186 3667 ἔτι,
3220 3602 3315 3655 καὶ
3339 3600 3432 3654 οὐκ
3457 3595 3638 3663 ἀποφαί-

2129 3710 2300 3746 νεται.
2336 3712 2354 3745 ι
2380 3694 2495 3764 Οὐχ
2517 3694 2664 3758 οἴους
2705 3693 2845 3747 θέλω
2872 3694 3021 3765 εὕρω
3051 3694 3222 3766 ὑμᾶς.
3248 3711 3267 3746 ι
3306 3687 3421 3747 Οἷον
3441 3690 3639 3758 Staseas.

2132 3785 2350 3856 μένους,
2383 3786 2478 3839 καὶ
2501 3785 2713 3856 εὕρεθῶ
2752 3786 2894 3839 κατὰ
2928 3786 3180 3857 ἀνάγκην
3213 3784 3364 3853 κάγὼ
3398 3783 3640 3852 γινόμενος.

2127 3875 2241 3931 οἷον
2274 3878 2334 3932 οῦ
2368 3877 2576 3942 θέλετε,
2602 3878 2878 3944 τουτέστι,
2907 3878 3329 3950 τιμωρούμενος
3357 3876 3470 3939 τοὺς
3492 3875 3639 3927 ἀνίατα

2129 3970 2446 4032 νοσοῦντας.
2476 3989 2495 4024 ι
2524 3972 2614 4041 Μή
2652 3988 2766 4034 πως
2804 3972 2972 4042 ἕρεις,
3013 3971 3190 4041 ζῆλοι.
3220 3990 3238 4023 ι
3274 3970 3379 4025 Καὶ
3403 3967 3557 4022 λοιπὸν
3579 3966 3640 4016 λέ-

2127 4079 2237 4130 γει,
2269 4063 2451 4126 ποίους
2507 4064 2689 4132 εὑρεῖν
2731 4063 2830 4116 οὐκ
2872 4063 3058 4133 ἤθελε.
3091 4064 3252 4118 Μετὰ
3300 4062 3502 4124 τούτων,
3526 4057 3638 4125 φησι.

2125 4153 2236 4206 τῶν
2267 4153 2686 4225 ἐλαττωμάτων.
2724 4155 2909 4225 Ἔρεις
2943 4153 3000 4206 δέ
3033 4171 3170 4226 φησι
3199 4154 3287 4207 διὰ
3315 4153 3371 4206 τὸ
3404 4150 3638 4205 διεστάναι.

2133 4264 2152 4296 ι
2194 4245 2475 4314 Ἑριθείαι.
2506 4264 2524 4296 ι
2566 4239 2713 4310 Οἷον,
2747 4245 3071 4316 ἁψιμαχίαι.
3113 4265 3132 4299 ι
3173 4245 3474 4305 Φυσιώσεις.
3503 4261 3517 4293 ι
3549 4240 3637 4290 Ὀτι

2125 4335 2258 4390 κατ’
2282 4334 2447 4387 αὑτοῦ
2492 4334 2592 4404 μὲν
2615 4332 2948 4404 ὠφρυῶντο,
2982 4334 3111 4396 τοὺς
3139 4333 3198 4387 δὲ
3247 4324 3639 4402 ψευδαποστόλινς

2124 4425 2349 4497 ἐτίμων.
2397 4445 2414 4477 ι
2438 4426 2530 4496 Μὴ
2559 4425 2720 4480 πάλιν
2747 4425 2974 4480 ἐλθόντα
3013 4443 3103 4494 με.
3131 4444 3150 4478 s
3211 4425 3408 4494 Ἀρκεῖ,
3441 4419 3565 4489 φησὶ,
3590 4412 3640 4466 τὰ

2125 4521 2392 4591 πρότερα.
2459 4538 2478 4572 ι
2515 4519 2859 4574 Ταπεινώσει
2889 4521 2917 4574 6
2973 4519 3106 4582 Θεός
3171 4537 3294 4589 μου.
3332 4537 3350 4569 ι
3407 4516 3469 4567 Τὸ
3501 4509 3640 4563 λαϐεῖν

2121 4613 2281 4683 δίκην
2311 4612 2468 4683 παρᾶ
2499 4611 2608 4664 τῶν
2646 4611 2861 4678 αἰτίων,
2901 4611 3240 4666 ταπείνωσιν
3274 4607 3464 4663 οξκείαν
3509 4599 3637 4661 καλεῖν

2122 4707 2358 4768 δεικνὺς,
2397 4707 2474 4769 ὡς
2511 4705 2613 4758 οὐκ
2653 4705 2718 4759 ἂν
2747 4705 2872 4774 δίχα
2920 4704 3171 4776 μεγάλης
3205 4703 3435 4771 ἀνάγκης
3473 4690 3637 4750 κατεδέ-

428 4817 578 4865 nem,
608 4801 905 4856 ostendens
937 4802 1081 4871 quo.l
1114 4817 1221 4855 non
1251 4803 1371 4856 sine
1420 4817 1616 4871 magna
1681 4803 2016 4858 necessitate

2131 4798 2276 4863 Εατο.
2318 4799 2570 4853 Δείκννσι
2601 4797 2658 4852 δὲ
2710 4797 2791 4850 ὅτι
2825 4797 2892 4852 δι’
2932 4797 3136 4860 αὐτοὺς
3197 4795 3368 4850 πάντα
3414 4787 3636 4859 ὑπομένειν

430 4905 692 4947 sun-cret.
730 4891 981 4948 Ostendit
1005 4902 1186 4949 autem
1211 4895 1356 4964 quod
1390 4904 1610 4964 propter
1646 4894 1797 4964 ipsos
1828 4894 2012 4949 omnia

427 4985 720 5047 sustineat,
755 4993 810 5038 et
858 4985 1133 5042 humiliari
1205 4987 1322 5041 sive
1377 4985 1636 5056 deprimi,
1695 4996 1748 5039 et
1804 4985 2011 5053 lugere.

432 5097 450 5127 ι
494 5076 637 5130 Dens
671 5093 845 5132 meus.
886 5097 904 5130 ι
929 5079 1030 5134 Per
1055 5080 1157 5136 hoc
1187 5081 1333 5151 quod
1381 5080 1554 5142 addit,
1593 5098 1611 5132 ι
1644 5081 1819 5134 Meus.
1895 5094 2012 5131 sar-

425 5171 645 5222 dentem
679 5169 879 5225 Christi
935 5187 1174 5226 amorem
1229 5173 1501 5244 significat
1531 5172 1698 5244 704
1726 5203 1798 5214 -—-
1827 5172 2008 5226 Aliud.

432 5261 527 5314 Sui
561 5261 920 5316 humilitatem
961 5262 1078 5316 sive
1112 5264 1521 5333 deprcssionem
1551 5267 1764 5318 vocavit
1791 5265 2008 5319 illorum

433 5354 956 5424 tr.utsgrcsslonem,
984 5355 1318 5410 conﬁrmans
1349 5373 1470 5426 qua:
1500 5359 1610 5428 jam
1645 5361 2006 5429 prazdixcrat:

433 5467 452 5496 ι
485 5445 618 5510 Quis
651 5448 962 5500 inllrmatnr
993 5454 1048 5502 et
1072 5461 1172 5516 ego
1206 5462 1314 5501 non
1353 5449 1595 5503 inﬁrmor
1617 5452 1642 5502 ’ί
1681 5451 1806 5520 quis
1839 5451 2012 5507 clien-

431 5535 599 5600 \tllttt‘,
654 5546 708 5592 et
771 5554 872 5608 ego
919 5553 1028 5593 non
1057 5537 1234 5590 uror?
1261 5557 1281 5589 ι
1318 5554 1338 5588 ι
1375 5536 1440 5590 Et
1473 5538 1684 5608 lugeam
1720 5542 1944 5596 multos.
1988 5559 2006 5592 ι

436 5627 572 5682 Vide
621 5633 976 5699 apostolicam
1032 5632 1312 5686 virtutem.
1344 5629 1481 5686 Cum
1511 5631 1716 5686 nullius
1749 5635 1875 5688 mali
1906 5634 2012 5688 sibi

431 5723 690 5773 conscius
721 5725 812 5786 sit,
848 5739 946 5792 pro
985 5725 1216 5777 aliorum
1247 5720 1465 5777 delictis
1489 5721 1653 5792 luget.
1683 5721 1802 5777 Non
1826 5732 2010 5778 autem

435 5811 573 5863 dixit
615 5827 626 5862 :
659 5810 884 5880 Onnes,
944 5815 1036 5868 sed
1073 5835 1090 5866 ι
1133 5813 1352 5881 Multos,
1391 5832 1410 5867 ι
1459 5822 1514 5868 et
1551 5829 1729 5883 neque
1759 5814 1860 5868 hos
1895 5828 2010 5868 ma-

436 5900 681 5974 nilestat,
749 5904 884 5961 dans
939 5908 1273 5981 poenitentiae
1305 5907 1511 5975 locum,
1544 5917 1594 5964 et
1628 5922 1692 5965 ne
1721 5906 2010 5980 impuden-

2124 4891 2218 4941 καὶ
2246 4895 2305 4940 τὸ
2339 4889 2749 4949 ταπεινοῦσθαι.
2782 4889 2878 4943 καὶ
2900 4888 2961 4942 τὸ
3000 4885 3336 4956 πενθείν,τῴ
3358 4885 3525 4942 εἰπεῖν.
3567 4874 3635 4928 ⁸’θ

2121 4979 2253 5042 θεός
2289 4997 2446 5050 μου.»
2484 4980 2578 5043 Τὸ,
2615 4979 2822 5044 «Meti,»
2859 4979 2970 5050 γὰρ
3000 4978 3413 5050 προσκείμενον,
3438 4973 3519 5040 τὴν
3549 4967 3635 5018 δια·

2122 5078 2228 5146 καῆ
2255 5077 2474 5146 ἀγάπην
2503 5077 2653 5146 δηλοῖ
2673 5076 2766 5130 τοῦ
2784 5077 2828 5130 Χ
2838 5076 3336 5148 ριστοῦ.-Ἀλλο.
3358 5057 3632 5145 [ΘΙΞΟΔΩΡο]

2121 5169 2463 5223 Ταπείνωσιν
2497 5167 2716 5230 ἑαυτοῦ,
2738 5168 2835 5238 τὴν
2861 5169 3086 5223 ἐκείνων
3127 5165 3458 5238 παρανομίαν
3485 5155 3632 5212 ἐκάλε-

2120 5279 2229 5318 σεν,
2264 5261 2498 5331 βεϐαιῶν
2538 5260 2681 5329 ᾇπερ
2728 5261 2829 5332 ἠδη
2865 5262 3186 5333 προείρηκε,
3227 5261 3310 5323 τίς
3340 5245 3630 5311 ἁσθενεί,καὶ

2119 5354 2220 5406 οὐκ
2298 5352 2560 5419 ἀσθενῶ;
2626 5353 2721 5415 Τίς
2774 5353 3233 5418 σκανδαλίζεται,
3293 5348 3382 5402 καὶ
3419 5346 3504 5399 οὐκ
3553 5334 3631 5402 ἐγὼ

2121 5447 2442 5518 πιροῦμαις
2499 5465 2518 5500 ι
2577 5447 2690 5500 Καὶ
2742 5445 2999 5516 πενθήσω
3048 5444 3338 5508 πολλοὺς.»
3373 5442 3496 5509 Ὅρα
3527 5435 3630 5486 dao-

2122 5540 2378 5612 στολικὴν
2396 5540 2621 5610 ἀρετὴν,
2641 5538 2808 5610 μηδὲν
2841 5539 3101 5603 συνειδὼς
3132 5537 3310 5606 ἑαυτῷ
3339 5532 3508 5593 κακὸν,
3526 5523 3630 5587 ὑπὲρ

2120 5634 2227 5686 τῶν
2248 5635 2356 5695 τοῖς
2370 5631 2552 5696 ἄλλοις
2565 5629 2934 5701 πεπλημμελη
2945 5633 3118 5701 μένων
3135 5629 3329 5683 πενθεῖ.
3350 5628 3450 5680 Οὐκ
3468 5615 3629 5678 sitsi},

2125 5726 2378 5790 Πάντας,
2450 5725 2609 5790 ἀλλὰ,
2672 5743 2692 5777 s
2729 5724 3002 5788 Πολλοὺς,
3034 5742 3054 5776 s
3129 5725 3226 5776 καὶ
3295 5719 3406 5774 οὐδὲ
3455 5712 3627 5768 τούτους

2123 5816 2293 5886 δηλοῖ.
2327 5817 2620 5886 μετανοίας
2641 5815 2827 5888 χώραν
2860 5816 3065 5880 διδοὺς,
3095 5817 3186 5870 καὶ
3204 5815 3348 5874 ὅπως
3373 5808 3441 5882 μὴ
3465 5804 3624 5873 γένων-

2121 5925 2211 5966 ται
2247 5910 2739 5984 ἀναισχυντότεροι.
2777 5909 2918 5966 «Καὶ
2949 5910 3024 5984 μὴ
3057 5888 3621 5982 μετανοησάντων.ιηοῧ
