3956 6550
254 468 392 534 1077

1187 481 1575 547 COMMENT.
1609 485 1688 545 IN
1719 486 1959 558 EPIST.
1998 486 2056 547 II
2096 487 2196 548 AD
2225 485 2592 548 CORINTH.

3355 524 3363 531 .
3392 477 3533 544 1078

249 589 394 642 εἰσὶν
421 590 471 642 οἱ
503 589 881 663 Ναυατιανοὶς
925 615 944 649 ι
984 595 1110 651 Ἐπὶ
1129 600 1196 670 τῇ
1239 599 1574 672 ἀκαθαρσίᾳ.
1604 619 1622 653 ι
1663 599 1833 654 Ἀκα-

1967 605 2112 660 iores
2141 603 2466 658 eﬁiciantur.
2525 616 2543 652 ι
2580 596 2691 653 Nec
2742 593 3110 666 resipuerunt.
3151 609 3169 644 ι
3229 590 3334 648 Ubi
3362 594 3545 652 sunt?

251 681 478 752 θαρσία,
511 684 736 742 δύναται
763 689 856 744 ἐπὶ
880 690 1116 762 ἑκάστης
1131 691 1404 763 ἁμαρτίας
1426 692 1703 763 λέγεσθαι.
1734 694 1835 747 Οὑ-

250 778 343 831 δὲν
380 777 491 850 γὰρ
528 779 808 852 ἁμαρτίας
846 783 1268 856 εἰδεχθέστερον.

328 892 539 959 Τρίτον
586 894 763 950 τοῦτο
794 897 1041 967 ἔρχομαι
1081 899 1232 967 πρὸς
1271 897 1450 970 ὑμᾶς,
1483 899 1582 954 ἐπὶ
1615 901 1839 970 στόμα·

252 999 357 1049 τος
387 983 500 1040 δύο
523 988 843 1056 μαρτύρων
889 989 989 1044 καὶ
1055 989 1233 1059 τριῶν
1290 992 1658 1058 σταθήσεται
1718 992 1843 1050 πᾶν

243 1073 438 1145 ῥῆμα.
467 1081 804 1148 ΠροεΙρηκα
824 1081 921 1136 καὶ
943 1082 1216 1152 προλέγω
1245 1083 1325 1150 ὡς
1375 1083 1582 1153 παρὼν
1613 1085 1680 1140 τὸ
1707 1085 1842 1140 δεύ-

252 1185 454 1237 τερον,
487 1171 585 1225 και
618 1171 792 1228 ἀπὼν
812 1173 934 1229 νῦν
958 1173 1162 1245 γράφω
1186 1175 1312 1243 τοῖς
1348 1180 1843 1247 προημαρτηκόσι

250 1263 352 1317 καὶ
393 1265 520 1330 τοῖς
546 1249 784 1335 λοισὶοῒς
810 1267 1024 1335 πᾶσιν,
1058 1269 1148 1324 ὅτι
1185 1271 1297 1325 ἐὰν
1329 1271 1487 1326 ἔλθω
1516 1276 1605 1339 εις
1626 1271 1692 1326 τὸ
1727 1271 1842 1327 πά-

249 1362 378 1424 λιν,
414 1363 488 1415 οὐ
519 1363 825 1434 φείσομαι.
868 1363 1035 1419 Ἐπεὶ
1077 1364 1337 1435 δοκιμὴν
1365 1366 1587 1435 ζητεῖτε
1617 1366 1724 1422 τοῦ
1775 1365 1846 1421 ἐν

248 1453 382 1521 ἐμοὶ
399 1454 737 1522 λαλοῦντος
749 1457 1033 1526 Χριστοῦ,
1061 1457 1129 1526 ὃς
1148 1459 1236 1527 εις
1265 1458 1420 1531 ὑμᾶς
1446 1462 1558 1516 οὐκ
1575 1459 1842 1526 ἀσθενεῖ,

249 1544 418 1602 ἀλλὰ
431 1547 683 1603 δυνατεῖ
700 1549 770 1604 ἐν
796 1552 962 1620 ὑμῖν.

323 1656 438 1715 Ἦν
479 1661 734 1735 δεύτερον
783 1663 1048 1731 ἐπελθὼν,
1076 1667 1125 1718 εἰ
1159 1662 1252 1720 οῦν
1294 1668 1387 1720 καὶ
1413 1666 1509 1721 νῦν
1539 1666 1702 1730 ἔλθω,
1730 1666 1849 1739 τρε·

250 1773 346 1809 τον
382 1755 640 1827 ἔρχομαι.
667 1758 778 1812 Καὶ
805 1759 856 1811 τί
896 1758 1352 1833 τοῦτο;Ὢσπερ,
1377 1762 1564 1832 φησὶν,
1600 1761 1694 1815 ἐπὶ
1729 1761 1850 1815 6:6-

256 1867 429 1919 ματος
453 1850 547 1904 δύο
573 1852 666 1904 καὶ
698 1853 867 1923 τριῶν
902 1853 1217 1925 μαρτύρων,
1253 1855 1400 1909 ἅπαν
1435 1855 1590 1926 ῥῆμα
1614 1855 1850 1925 ἀμφίϐορ

251 1942 345 1996 λον
381 1943 622 2012 ἵσταται,
641 1945 736 1998 καὶ
770 1945 942 2016 πέρας
972 1945 1242 2017 λαμϐάνει
1264 1987 1280 2013 ,
1306 1945 1482 2010 οὕτως
1511 1948 1606 2001 ἐπὶ
1629 1947 1722 2001 δύο
1753 1948 1849 2005 καὶ

251 2033 426 2103 τριῶν
464 2051 565 2104 μου
592 2037 930 2106 παρουσιῶν,
961 2036 1108 2092 ἅπαν
1145 2039 1298 2109 ῥῆμα
1317 2037 1671 2108 ἀπειλητικὸν
1717 2055 1840 2094 στει⁸

253 2125 485 2196 θήσεται
528 2126 664 2180 καθ’
693 2128 870 2198 ὑμῶν,
910 2130 1005 2184 καὶ
1056 2129 1232 2203 πέρας
1277 2130 1530 2202 λήψεται.
1566 2131 1710 2204 Ὀρα
1765 2132 1844 2199 δὲ,

252 2218 339 2270 ὃτι
361 2221 481 2281 ταῖς
501 2221 850 2290 παρουσίαις,
871 2223 992 2275 ἀντὶ
1014 2221 1310 2294 μαρτύρων
1339 2225 1631 2295 ἐχρήσατο.
1663 2243 1680 2276 ι
1702 2225 1848 2296 Προ-

253 2309 458 2380 είρηκα
495 2313 627 2382 γάρ.
668 2330 689 2365 ι
727 2313 837 2368 Καὶ
869 2313 970 2384 ἤδη
1004 2319 1265 2387 προεῖπον
1303 2318 1399 2369 καὶ
1427 2315 1524 2370 νῦν
1573 2316 1848 2389 προλέγω.

254 2401 480 2474 Ὠσπερ
526 2401 721 2474 παρὼν
756 2403 894 2475 πρὸς
927 2405 1074 2475 ὑμᾶς
1116 2406 1178 2460 τὸ
1223 2406 1478 2477 δεύτερον
1506 2402 1681 2474 εἷπον,
1737 2407 1848 2460 ἰδοὺ

258 2495 355 2550 καὶ
383 2495 544 2551 ἀπὼν
578 2497 638 2548 τὸ
666 2497 851 2567 τρίτον
879 2497 1153 2568 προλέγω.
1199 2499 1329 2553 Ἰδοὺ
1353 2503 1504 2572 τρεῖς
1535 2500 1688 2555 ἄλλοι
1714 2501 1850 2571 μάρ-

254 2607 443 2660 τυρες.
479 2584 659 2644 ἿΙσαν
693 2592 792 2662 μὲν
823 2593 884 2646 αἱ
908 2591 1002 2646 δύο
1034 2594 1352 2665 παρουσίαι,
1385 2595 1478 2648 καὶ
1509 2597 1543 2662 ἡ
1580 2593 1850 2664 μέλλουσα

260 2680 507 2745 ἔσεσθαι,
550 2681 644 2736 δύο
675 2685 771 2738 καὶ
800 2687 959 2755 τρεῖς,
983 2687 1282 2756 μάρτυρες.
1323 2685 1454 2742 Ἰδοὺ
1510 2685 1672 2741 πάλιν
1700 2686 1850 2741 ἄλλοι

221 2776 408 2841 ,τρεῖς
441 2775 736 2848 μάρτυρες,
773 2778 848 2831 Τὸ
887 2778 968 2842 δὶς
1009 2777 1203 2849 παρὼν
1256 2782 1563 2848 προειπεῖν,
1605 2781 1700 2834 καὶ
1752 2780 1849 2834 νῦν

258 2866 412 2934 ἅπαξ
463 2869 520 2921 ὲν
550 2872 618 2940 τῇ
669 2871 932 2940 ἀπουσία.
969 2871 1200 2940 Εὺφυῶς
1231 2872 1286 2925 δὲ
1347 2871 1444 2942 τὴν
1497 2873 1718 2943 Γραφὴν
1751 2873 1850 2940 τὴν

259 2959 531 3029 περὶτῶν
567 2962 863 3033 μαρτύρων
894 2963 1152 3028 ἐξέλαϐεν
1197 2965 1277 3026 εἴς
1309 2981 1368 3017 τε
1402 2963 1502 3028 τὰς
1528 2968 1676 3035 τρεῖς
1706 2983 1850 3036 παρ-

259 3052 476 3116 ουσίας,
513 3054 608 3106 καὶ
641 3056 724 3117 εἰς
767 3056 868 3119 τὰς
911 3057 1058 3126 τρεῖς
1085 3054 1488 3126 παραγγελίας.
1525 3071 1545 3108 ι
1583 3055 1692 3109 Καὶ
1737 3059 1852 3121 τοῖς

259 3145 472 3210 λοιποῖς
506 3147 663 3200 πᾶσι.
687 3165 704 3199 ι
743 3146 868 3210 ’τοῖς
908 3147 1006 3218 μὲν
1033 3148 1432 3218 ἡμαρτηκόσιν,
1488 3146 1576 3202 ἵνα
1624 3147 1852 3218 διορθώ-

263 3253 492 3301 σωνται,
527 3241 640 3302 τοῖς
666 3237 725 3292 δὲ
758 3237 968 3302 λοιποῖς
1016 3240 1205 3304 πᾶσιν,
1244 3238 1330 3297 ἶνα
1395 3238 1674 3310 μάρτυρες
1716 3237 1849 3306 εἷεν,

1940 695 2230 751 Novaliani
2257 697 2283 750 ἲ
2308 714 2326 747 ι
2368 695 2451 750 ΑΙ)
2517 689 2889 748 immunditia.
2925 707 2944 740 ι
2983 685 3336 743 lmmunditia
3359 694 3539 756 potest

1940 787 2014 844 dc
2038 788 2268 860 singulis
2298 786 2406 844 dici
2425 784 2688 859 peccatis.
2721 783 2868 839 Nihil
2891 783 3035 838 enim
3053 787 3279 853 peccato
3312 777 3540 838 foedius.

2020 899 2160 964 XIII,
2194 899 2310 955 1-6.
2343 900 2445 955 Hic
2469 899 2652 954 tertius
2677 898 2777 953 erit
2812 897 3066 951 adventus
3103 909 3249 948 meus
3303 891 3371 947 ad
3429 909 3539 946 vos.

1947 991 2013 1048 In
2047 1008 2136 1046 ore
2166 991 2395 1045 duorum
2435 989 2646 1044 testium
2679 997 2730 1043 et
2771 987 2932 1041 trium
2974 986 3327 1041 constituetur
3388 999 3542 1037 omne

1948 1083 2179 1138 rerbum.
2215 1081 2454 1137 Praedixi
2481 1089 2530 1134 et
2558 1080 2814 1150 prwdico,
2860 1089 2915 1132 ut
2951 1095 3184 1149 praesens
3215 1094 3335 1131 cum
3370 1093 3539 1132 essent

1947 1179 2162 1242 iterum,
2183 1186 2231 1233 et
2256 1177 2439 1232 absens
2472 1191 2610 1230 nime
2637 1175 2806 1229 scribo
2832 1175 2911 1228 his
2931 1175 3023 1238 qui
3050 1183 3171 1226 ante
3195 1180 3538 1242 peccaverunt

1948 1288 2010 1326 ac
2038 1271 2240 1326 caeteris
2279 1270 2543 1334 omnibus,
2573 1266 2710 1334 quod
2771 1267 2815 1320 si
2847 1283 3028 1320 venero
3058 1266 3252 1329 denuo,
3285 1281 3385 1318 non
3413 1279 3539 1328 par-

1948 1380 2085 1418 cam.
2124 1361 2568 1433 Quandoquidem
2599 1359 3006 1427 experimentum
3043 1360 3251 1428 quatriti
3283 1357 3540 1426 loquentis

1948 1457 2002 1510 in
2032 1472 2110 1511 me
2141 1454 2362 1520 Christi,
2390 1455 2480 1524 qui
2503 1469 2628 1524 erga
2675 1467 2763 1507 vos
2822 1467 2925 1505 non
2983 1459 3060 1508 est
3105 1450 3399 1517 imbecillis,
3449 1447 3541 1505 sed

1951 1557 2133 1619 potens
2163 1557 2242 1605 est
2268 1548 2323 1602 in
2347 1547 2513 1605 vobis.

2022 1659 2142 1716 .lam
2173 1660 2420 1722 secundo
2453 1659 2598 1724 veni,
2635 1660 2680 1717 si
2710 1659 2876 1732 igitur
2898 1659 3062 1716 etiam
3123 1672 3270 1714 nunc
3318 1672 3540 1721 venero,

1957 1752 2118 1807 tertio
2143 1751 2381 1816 veniam,
2406 1758 2466 1810 et.
2484 1766 2656 1821 quare
2673 1752 2797 1808 hoc.
2813 1750 3313 1818 Quemadmodum,
3340 1751 3542 1820 inquit,

1956 1844 2012 1904 in
2037 1859 2134 1899 ore
2153 1843 2390 1902 duorum
2411 1853 2466 1899 et
2487 1844 2658 1900 trium
2694 1845 2914 1902 testium
2950 1853 3160 1900 certum
3187 1843 3547 1899 constituitur

1953 1943 2008 1992 et
2037 1934 2199 1992 ﬁnem
2218 1931 2417 2006 accipit
2448 1952 2612 1992 omne
2642 1937 2892 2001 verbum,
2929 1939 3003 1991 ita
3030 1937 3086 1991 in
3113 1935 3330 1992 duobus
3355 1951 3419 1992 ac
3442 1933 3544 1991 tri-

1951 2028 2054 2084 bus
2089 2029 2228 2085 meis
2254 2029 2590 2085 adventibus
2612 2045 2776 2086 omne
2807 2029 3032 2085 verbum
3064 2029 3545 2085 eomminatorium

1949 2122 2319 2178 constituetur
2365 2121 2657 2178 adversum
2690 2137 2810 2186 vos,
2841 2130 2896 2178 et
2926 2122 3224 2178 terminum
3285 2123 3543 2193 accipiet.

1951 2215 2260 2274 Considera
2283 2225 2466 2272 autem
2497 2215 2643 2286 quod
2667 2214 2998 2271 adventibus
3027 2230 3126 2286 pro
3149 2215 3383 2272 testibus
3414 2229 3548 2270 usus

1950 2309 2043 2364 sit.
2075 2327 2095 2361 ι
2123 2308 2380 2364 Praedixi.
2416 2327 2434 2361 ι
2468 2307 2534 2362 Ει
2559 2308 2672 2379 jam
2706 2307 2932 2379 praedixi
2979 2317 3038 2365 et
3085 2323 3234 2364 nunc
3283 2307 3545 2378 pradico.

1950 2397 2420 2467 Quemadmodum
2456 2414 2580 2454 cum
2605 2399 2848 2455 secundo
2877 2414 3120 2470 praesens
3151 2413 3334 2456 essem
3393 2401 3542 2469 apud

1951 2507 2051 2548 vos
2109 2491 2245 2555 dixi,
2275 2506 2404 2548 ecce
2460 2491 2578 2564 jam
2618 2492 2820 2548 absens
2850 2493 3012 2548 tertio
3076 2492 3338 2563 praedico.
3402 2491 3548 2548 Ecce

1953 2596 2065 2641 tres
2120 2584 2214 2640 alii
2276 2593 2466 2641 testes.
2514 2585 2687 2642 Erant
2745 2585 2966 2657 quidem
3017 2586 3128 2642 duo
3187 2586 3458 2643 adventus
3495 2595 3552 2643 et

1953 2678 2282 2750 tertius-qui
2343 2677 2568 2735 futurus
2613 2688 2720 2744 est,
2763 2677 2874 2736 duo
2899 2693 2964 2736 ac
2997 2686 3108 2737 tres
3163 2689 3355 2736 testes.
3407 2681 3550 2737 Ecce

1954 2786 2173 2828 rursum
2209 2771 2302 2824 alii
2335 2779 2457 2828 tres.
2478 2778 2644 2827 testes
2673 2771 2759 2828 bis
2786 2781 3109 2842 praesentem
3144 2773 3468 2844 praedixisse
3491 2781 3548 2828 et

1954 2881 2100 2920 nunc
2132 2865 2300 2920 semel
2337 2866 2392 2919 in
2445 2865 2714 2920 absentia.
2751 2864 2900 2920 Scite
2960 2875 3141 2920 autem
3197 2866 3544 2944 Scripturam

1953 2973 2076 3028 qua:
2101 2957 2169 3013 de
2208 2958 2386 3013 tribus
2407 2967 2497 3013 est.
2525 2958 2760 3014 testibus
2794 2957 3005 3028 accepit
3037 2957 3104 3013 ad
3139 2967 3250 3014 tres
3274 2959 3543 3014 adventus

1954 3059 2010 3106 et
2061 3060 2174 3107 tres
2226 3051 2654 3110 admonitiones.
2715 3071 2732 3103 ι
2786 3053 2862 3107 Ac
2923 3053 3148 3124 reliquis
3205 3054 3480 3110 omnibus.
3519 3075 3539 3107 ο

1958 3143 2057 3199 llis
2131 3143 2350 3213 quidem
2428 3145 2522 3214 qui
2581 3145 2956 3215 deliquerunt,
3033 3153 3093 3200 ut
3153 3148 3540 3218 corrigantur:

1960 3234 2188 3304 reliquis
2232 3251 2362 3292 vero
2397 3237 2676 3304 omnibus,
2707 3245 2768 3291 nt
2819 3245 2988 3294 testes
3035 3237 3146 3293 sint
3193 3238 3340 3309 quod
3398 3239 3547 3294 nulla

262 3329 372 3390 ὅτι,
406 3329 570 3399 φησὶ,
608 3331 741 3402 παρ’
767 3330 864 3399 ἐμὲ
899 3331 1074 3396 οὐδὲν,
1127 3332 1222 3384 ἐὰν
1285 3332 1361 3403 μὴ
1415 3334 1853 3403 μετανοήσαντας

1964 3329 2030 3383 sit
2062 3329 2115 3382 in
2142 3343 2230 3384 me
2255 3343 2446 3392 causa,
2466 3329 2511 3384 si
2541 3343 2640 3384 eos
2667 3329 2762 3400 qui
2794 3344 2900 3384 non
2931 3330 3262 3401 resipuerint
3293 3331 3546 3400 puniero.

263 3424 693 3494 τιμωρήσωμαι.
723 3442 742 3476 ι
771 3424 895 3477 Ὅτι
926 3424 1021 3477 ἐὰν
1052 3423 1190 3478 ἔλθω
1223 3426 1303 3488 εἰς
1327 3425 1388 3478 τὸ
1422 3424 1607 3490 πάλιν,
1643 3427 1703 3478 οὐ
1736 3427 1856 3496 φεί-

269 3530 459 3584 σομαι.
494 3516 596 3568 »Τί
639 3516 1001 3586 προείρηκας,
1024 3517 1122 3570 καὶ
1141 3516 1236 3571 νῦν
1263 3517 1320 3571 δὲ
1351 3517 1402 3571 τί
1431 3517 1664 3588 γράφεις
1698 3535 1714 3586 ;
1749 3520 1853 3586 ὅτι,

266 3605 459 3676 φησὶν,
492 3606 586 3660 ἐὰν
604 3607 743 3660 ἔλθω
763 3609 842 3671 εἰς
856 3607 916 3660 τὸ
945 3609 1128 3674 πάλιν,
1156 3610 1426 3676 τουτέστι,
1445 3612 1509 3664 τὸ
1530 3611 1660 3665 ἄλλο
1684 3612 1854 3678 ἅπαξ,

264 3700 330 3753 οὐ
382 3699 666 3769 φείσομαι,
707 3701 926 3764 δεικνὺς
975 3703 1058 3755 ὅτι
1110 3702 1191 3754 ἔτι
1233 3703 1520 3770 φείδεται,
1559 3704 1856 3760 καὶταῦτα

268 3791 680 3862 σφαλλομένων.
709 3810 734 3846 ι
766 3793 990 3862 Ἐπειδὴ
1003 3793 1235 3865 δοκιμὴν
1253 3795 1519 3865 ζητεῖτε.)
1550 3794 1852 3867 [ΘΕΟΔΩΡ.

266 3883 545 3956 ιξΩΤΙΟΥ]
581 3885 866 3954 Δοκιμήν.
915 3886 1141 3956 ῐΙείραν.
1175 3888 1248 3940 Οὐ
1280 3887 1369 3940 διὰ
1405 3886 1562 3941 τοῦτο
1589 3889 1646 3942 δὲ
1674 3890 1858 3943 ἐκόλα-

269 3976 386 4036 ζεν.
419 3976 494 4040 ὡς
523 3975 751 4047 δοκιμὴν
783 3975 994 4042 δώσων,
1021 3977 1137 4031 ἀλλ’
1175 3979 1256 4032 ὅτι
1308 3980 1646 4048 ἡμάρτανον.
1685 3981 1857 4036 Τοῦτο

267 4070 325 4125 δὲ
361 4071 602 4140 εἴρηται,
634 4069 775 4124 κατά
809 4070 918 4122 τῶν
949 4071 1219 4138 λεγόντων
1247 4071 1330 4124 ὅτι
1359 4073 1392 4142 ἡ
1438 4072 1712 4143 παρουσία
1761 4073 1851 4125 αὑ-

269 4164 368 4215 τοῦ
404 4162 662 4234 ἀσθενής.
707 4164 946 4234 Ἐπειδὴ,
984 4165 1140 4236 φησὶ,
1173 4163 1358 4218 θέλετε
1384 4165 1680 4236 δοκιμάσαι
1721 4166 1770 4218 εἰ
1801 4167 1861 4219 ὲν

274 4255 401 4322 ἐμοὶ
443 4255 597 4308 λαλεῖ
645 4257 674 4308 ὁ
705 4255 960 4327 Χριστός.
997 4257 1208 4326 Ὥσπερ
1230 4256 1340 4328 γὰρ
1389 4256 1596 4328 ἔρημόν
1625 4273 1693 4328 με
1755 4257 1850 4311 τοῦ

272 4344 538 4414 Χριστοῦ,
579 4345 725 4399 οὕτω
764 4345 1070 4401 σκώπτετε.
1101 4347 1309 4418 Πεῖραν
1339 4347 1550 4412 λαϐεῖν,
1582 4347 1658 4410 ὡς
1689 4346 1858 4413 ἔοικε,

273 4438 533 4509 βούλεσθε
588 4438 684 4493 τοῦ
715 4441 772 4492 ὲν
811 4440 936 4510 ἐμοὶ
967 4439 1338 4511 φθεγγομένου
1375 4439 1635 4511 Χριστοῦ,
1683 4439 1861 4494 καίτοι

275 4532 468 4602 σαφῶς
518 4532 683 4586 αὑτοῦ
739 4533 1005 4603 μαθόντες
1055 4534 1153 4603 τὴν
1194 4535 1445 4602 δᾶναμιν.
1479 4535 1589 4586 Καὶ
1637 4533 1772 4588 αὐτὸ
1803 4534 1864 4587 τὸ

272 4620 508 4690 δοκιμὴν
540 4621 748 4690 ζητεῖν,
782 4623 1089 4693 ἁμάρτημα
1115 4619 1204 4693 ἦν.
1239 4624 1282 4675 Τ
1285 4624 1313 4676 δ
1344 4624 1452 4694 γὰρ
1490 4622 1863 4694 ὲκπειράζειν,

1967 3438 1986 3473 ι
2051 3421 2208 3488 Quod
2255 3421 2302 3478 si
2350 3437 2552 3478 venero
2589 3421 2795 3490 denuo,
2869 3437 2977 3478 non
3037 3437 3278 3494 parcam.
3327 3440 3348 3478 ι
3384 3423 3548 3496 705

1961 3513 2105 3581 Quid
2150 3513 2488 3584 praedixisti?
2534 3522 2591 3571 et
2643 3531 2791 3572 nunc
2856 3533 3078 3574 rursum
3135 3517 3266 3589 quid
3312 3515 3553 3572 scribis?

1962 3605 2105 3676 quod
2133 3605 2178 3661 si
2210 3607 2414 3672 denuo,
2445 3606 2642 3678 inquit,
2672 3608 2724 3662 id
2754 3619 2858 3678 est,
2909 3611 3092 3667 adhuc
3117 3613 3285 3668 semel
3323 3626 3548 3677 venero,

1964 3715 2070 3754 non
2104 3714 2350 3770 parcam,
2379 3701 2678 3757 ostendens
2698 3703 2843 3772 quod
2899 3705 3078 3760 adhuc
3122 3713 3332 3776 parcat,
3387 3703 3553 3775 idque

1963 3790 2099 3861 ipsis
2131 3791 2518 3862 peccantibus.
2555 3811 2574 3845 ι
2605 3793 3060 3864 Quandoquidem
3112 3797 3551 3866 experimentum

1964 3883 2230 3954 quaeritis.
2263 3901 2284 3935 ι
2317 3883 2453 3938 Nam
2477 3885 2676 3955 δοκιμὴ
2715 3887 3092 3955 probationem
3121 3897 3176 3942 et
3207 3889 3555 3958 experimen-

1967 3984 2083 4031 tum
2114 3975 2409 4045 signiﬁcat.
2443 3975 2562 4030 Non
2620 3984 2802 4033 tamen
2859 3987 3148 4050 propterea
3203 3979 3467 4050 puniebat
3495 3988 3556 4035 ut

1966 4066 2402 4134 experimentum
2460 4065 2638 4133 daret,
2708 4066 2803 4122 sed
2873 4069 3002 4137 quia
3059 4068 3384 4138 peccabant.
3440 4067 3558 4127 Hoc

1966 4166 2150 4214 autem
2183 4160 2452 4216 adversus
2481 4174 2579 4217 eos
2608 4159 2817 4215 dictum
2849 4169 2934 4217 est
2958 4161 3049 4232 qui
3073 4161 3353 4227 dir-ebant,
3406 4163 3557 4235 quod

1967 4251 2259 4322 praesentia
2351 4251 2474 4322 ejus
2533 4251 2822 4308 imbecillis
2855 4263 3025 4310 esset.
3097 4254 3556 4328 Quandoquidem

1969 4347 2158 4409 vultis.
2187 4346 2639 4418 inquit,experiri
2671 4363 2796 4402 num
2818 4347 2872 4403 in
2896 4364 2982 4404 me
2997 4349 3255 4419 loquatur
3276 4349 3555 4410 Christus.

1970 4437 2250 4508 Siquidem
2311 4440 2467 4508 quasi
2521 4439 2776 4494 desertus
2829 4455 3010 4495 essem
3061 4440 3338 4496 aChristo
3363 4441 3434 4498 ita
3469 4457 3559 4498 me

1970 4530 2232 4586 irridetis.
2277 4530 2722 4601 Experimentum
2768 4546 2989 4587 sumere
3019 4533 3208 4593 vultis.
3243 4543 3302 4587 ut
3332 4543 3560 4604 apparet

1972 4622 2249 4692 loquentis
2278 4623 2330 4676 in
2365 4637 2451 4677 me
2491 4621 2718 4687 Christi,
2754 4623 2883 4679 licet
2934 4623 3224 4680 manifeste
3282 4626 3402 4696 ejus
3461 4639 3559 4695 po-

273 4718 370 4769 καὶ
406 4716 641 4784 μάλιστα
665 4716 804 4787 μετὰ
835 4715 1098 4778 τοσαῦτα,
1120 4716 1432 4787 ἀχαρίστων
1464 4712 1535 4787 ἦν
1567 4703 1853 4784 miuva-

1973 4715 2201 4771 tentiam
2235 4714 2566 4770 didiceritis.
2602 4714 2666 4768 Et
2699 4716 2802 4770 hoc
2860 4716 2998 4772 velle
3048 4717 3308 4786 experiri.
3365 4733 3560 4788 pecca-

279 4810 461 4878 μόνων
499 4810 594 4863 καὶ
617 4809 914 4864 ἀϐεϐαίων.
949 4828 968 4862 ι
1012 4811 1108 4872 Ὃς
1140 4812 1219 4872 εἰς
1251 4810 1396 4880 ὑμᾶς
1429 4809 1532 4862 οῦκ
1573 4808 1810 4864 ἀσθενεῖ.
1845 4829 1864 4863 ι

275 4901 344 4953 Ti
380 4901 632 4970 βούλεται
659 4903 690 4973 ἡ
721 4901 1033 4972 προσθήκη,
1057 4901 1174 4964 τοῦ,
1207 4919 1226 4953 ι
1259 4902 1353 4964 Εἰς
1377 4900 1545 4971 ὑμᾶς,
1577 4919 1597 4953 ι
1634 4901 1870 4970 καὶτοῦ,

281 5012 302 5045 ι
326 4994 415 5047 Ἐν
450 4995 578 5064 ὑμῖν
601 5012 649 5062 ς»
685 4995 744 5048 οὐ
779 4994 890 5065 γὰρ
917 4995 1055 5064 πρὸς
1083 4995 1280 5058 αὐτοὺς
1324 4995 1508 5064 μόνον,
1545 4993 1683 5048 ἀλλὰ
1733 5011 1872 5048 παν-

274 5087 448 5156 ταχοῦ
486 5087 712 5152 δυνατδς
746 5090 776 5141 ὁ
809 5087 1066 5158 Χριστός.
1087 5087 1196 5140 Καί
1232 5104 1442 5157 φαμεν,
1473 5087 1554 5140 ὅτι
1584 5086 1870 5158 ἀπειλητι-

276 5181 376 5234 κὸν
407 5181 468 5234 τὸ
489 5181 663 5251 ῥῆμα,
684 5179 816 5233 ὡσεὶ
839 5181 1015 5248 ἔλεγε.
1043 5181 1247 5250 Πεῖραν
1277 5179 1432 5250 ἔχετε
1462 5180 1554 5250 ἀφ’
1580 5174 1654 5236 ὧν
1669 5181 1874 5234 πεπόν-

1975 4817 2088 4863 tum
2126 4816 2265 4874 erat,
2291 4823 2414 4862 nam
2445 4815 2563 4863 erat
2597 4815 2842 4863 tentare:
2873 4816 2928 4863 et
2967 4809 3202 4864 maxime
3233 4819 3348 4877 post
3387 4816 3559 4874 tanta,

1975 4902 2316 4970 ingratorum
2373 4909 2496 4955 erat
2547 4907 2602 4955 et
2661 4899 2997 4971 perﬁdorum
3053 4915 3118 4955 ac
3193 4901 3556 4958 instabilium.

1981 5010 2000 5043 ι
2043 4993 2146 5059 Qui
2209 5009 2338 5064 erga
2399 5007 2499 5050 vos
2557 5007 2669 5048 non
2721 5003 2804 5049 est
2827 4992 3144 5050 imbecillis.
3187 5012 3206 5047 ι
3264 4993 3405 5062 Quid
3456 4997 3559 5050 sibi

1978 5089 2089 5142 vult
2119 5087 2325 5142 additio
2348 5087 2462 5151 illa,
2495 5089 2668 5161 «Erga
2705 5105 2859 5153 vos,»
2885 5097 2960 5158 et,
2997 5089 3086 5146 tln
3113 5091 3272 5150 vobis
3300 5093 3350 5148 τι
3386 5108 3563 5169 neque

1975 5181 2120 5235 enim
2155 5195 2286 5251 erga
2321 5179 2471 5251 ipsos
2536 5189 2770 5250 tantum,
2816 5183 2915 5238 sed
2973 5183 3178 5256 ubique
3230 5193 3424 5256 potens
3479 5194 3562 5240 est

279 5274 436 5340 οατε,
473 5275 560 5328 ὅτι
614 5273 715 5327 οὐκ
765 5272 1002 5344 ἀσθενὴς
1029 5275 1057 5325 ὁ
1103 5275 1362 5344 Χριστός.
1397 5275 1470 5328 Ἢ
1515 5275 1600 5328 ὅτι
1651 5274 1789 5338 τέως
1815 5276 1853 5326 si

1975 5271 2254 5329 Christus.
2283 5272 2352 5329 Et
2378 5274 2616 5331 dicimus
2641 5277 3123 5332 eomminatorium
3153 5293 3280 5334 esse
3310 5278 3558 5336 verbum,

278 5370 432 5437 ὑμῖν,
467 5367 628 5440 φησὶ,
662 5369 774 5430 τοῖς
834 5369 929 5420 καὶ
988 5367 1353 5437 διοροιυθῆναι
1391 5367 1732 5438 δυναμένοις,
1773 5368 1874 5438 τὴν

277 5460 514 5531 δύναμιν
569 5459 925 5515 ἐπιδείκνυσι.
981 5461 1119 5524 Τοὺς
1171 5460 1279 5529 γὰρ
1328 5461 1526 5513 ἀνίατα
1561 5460 1870 5525 νοσοῦντας,

279 5556 400 5608 ἐκεῖ
436 5556 838 5625 τιμωρήσεται.

1985 5383 2050 5421 ae
2088 5368 2135 5422 si
2159 5368 2368 5423 diceret
2404 5387 2416 5422 :
2456 5367 2904 5439 Experimentum
2942 5369 3158 5426 habetis
3191 5369 3261 5424 ab
3297 5369 3383 5424 his
3440 5384 3562 5436 qrue

1977 5460 2134 5514 vobis
2163 5459 2533 5530 contigerunt,
2567 5460 2714 5530 quod
2747 5477 2853 5516 non
2877 5463 2948 5518 sit
2974 5462 3262 5518 imbecillis
3283 5461 3558 5516 Christus.

1977 5548 2085 5603 Aut
2125 5550 2270 5618 quod
2300 5551 2405 5606 hoc
2441 5559 2684 5621 tempore
2713 5552 2766 5606 in
2792 5553 2877 5606 his
2907 5553 3000 5622 qui
3044 5553 3187 5606 inter
3211 5564 3308 5605 vos
3355 5551 3562 5622 corrigi

281 5654 517 5716 pvssunt
567 5647 810 5703 ostendit
867 5649 1216 5720 potentiam:
1257 5660 1385 5701 nam
1434 5647 1505 5700 de
1563 5645 1653 5700 his
1695 5643 1795 5714 qui
1855 5641 2334 5697 immedicabiliter
2419 5652 2709 5713 a-grotant,
2773 5645 2826 5698 in
2882 5643 3070 5696 iuttrxo
3128 5647 3309 5695 sumet
3347 5649 3561 5713 suppli.

283 5744 455 5798 ciunt.

355 5885 462 5940 Kal
499 5882 609 5951 γὰρ
647 5885 699 5937 εἰ
733 5883 1078 5951 ἐσταιφώθη
1114 5883 1182 5948 ἐξ
1213 5881 1554 5946 ἀσθενείας,
1585 5880 1748 5936 ἀλλὰ
1800 5879 1867 5948 ζ’ιῖ

287 5971 354 6030 ἐκ
401 5976 706 6049 Ξυνιὶμεως
765 5975 934 6031 Θεοῦ.
999 5977 1104 6032 Καὶ
1134 5979 1238 6046 γὰρ
1285 5975 1450 6048 ἡμεῖς
1503 5973 1870 6044 ἀσθενοῦμεν

2053 5872 2188 5939 XIII,
2215 5873 2328 5930 4-6.
2368 5871 2504 5925 Nam
2541 5871 2779 5942 quamvis
2812 5869 3102 5933 cruci/lus
3149 5868 3247 5927 fuit
3304 5883 3368 5920 ex
3410 5867 3564 5930 ἱηίέγφ

1984 5972 2182 6034 mi'atc,
2217 5968 2334 6022 t'it'It
2369 5976 2540 6020 tamen
2573 5979 2636 6019 c.r
2659 5962 2892 6032 potentia
2940 5959 3053 6014 Uci.
3080 5960 3116 6015 S
3139 5960 3347 6032 qui..em
3385 5972 3432 6015 et
3465 5975 3577 6033 nos
