3956 6544
271 474 406 542 1081
999 463 1033 498 ⁸³

1215 476 1600 539 COMMENT.
1633 476 1711 537 IN
1752 475 1991 536 EPIST.
2033 475 2096 536 II
2122 476 2223 538 AD
2243 467 2602 538 CORINTH.

3395 464 3531 530 i081

272 605 461 663 φησιν,
500 586 650 642 οὐδὲν
684 585 821 658 πρδς
871 585 968 657 τὴν
1005 585 1234 656 δύναμιν
1286 573 1607 658 παρεϐλάθή
1661 583 1849 654 ἐπειδὴ

1977 601 2148 644 lassus
2177 596 2260 644 est
2288 601 2410 658 qtta'
2432 599 2630 656 passus
2652 589 2756 638 est.
2787 608 2856 622 --
2880 581 2984 636 Aul
3012 579 3108 634 hoc
3132 580 3294 634 etiam
3324 581 3481 634 modo
3511 598 3534 634 :

275 677 621 750 ἐσταυρώθη,
655 678 826 742 οὕτως
845 677 966 732 οὐδὲ
999 680 1159 749 ἡμεῖς
1181 679 1367 748 ἐπειδὴ
1389 677 1724 749 διωκόμεθα,
1756 679 1852 731 καὶ

279 773 641 846 ὕδριζόμεθα.
715 771 808 824 Διὸ
866 771 1084 840 ἐπάγει,
1133 773 1263 825 «Ἐν
1317 770 1486 841 αὐτῷ.
1523 789 1541 822 ι
1599 771 1671 824 Τὸ
1721 771 1851 839 γάρ,

282 867 427 921 «Καὶ
465 867 625 935 ἡμεῖς
651 863 986 932 ἀσθενοῦμεν
1013 864 1074 916 ἐν
1101 864 1302 932 αὑτῷη
1341 863 1375 932 ἦ
1407 864 1487 916 ὅτι
1512 862 1548 917 ἃ
1575 863 1856 932 πάσχομεν

276 958 361 1012 δι’
392 957 554 1011 αὑτὸν
585 957 863 1027 πάσχομεν
889 973 902 986 ·
944 955 978 1027 ἥ
1013 957 1095 1009 ὅτι
1136 955 1403 1026 δοκοῦμεν
1431 957 1559 1025 ὑμῖν
1586 957 1854 1019 ἀσθενεῖν,

279 1053 346 1104 ἐκ
381 1049 480 1104 τοῦ
540 1049 613 1120 μὴ
653 1048 904 1113 κολάζειν
937 1049 1031 1102 καὶ
1075 1051 1334 1118 τιμωρεῖν
1365 1048 1533 1117 ὑμᾶς,
1589 1047 1726 1101 ἀλλά
1765 1048 1859 1100 καὶ

278 1143 442 1198 τοῦτο
471 1144 529 1196 ἐν
563 1140 784 1212 Χριστῷ
825 1140 1115 1211 ποιοῦμεν.
1152 1139 1324 1216 Asta;
1372 1139 1482 1208 γὰρ
1509 1141 1656 1210 ἡμᾶς
1687 1139 1858 1192 ἐδίδα-

281 1235 374 1302 ξεν
403 1235 689 1304 ἀνέχεσθαι
720 1233 811 1287 καὶ
846 1215 1237 1304 μακροθυμεῖν,
1294 1231 1421 1285 ἀλλ’
1463 1230 1649 1301 ὥσπερ
1675 1229 1861 1301 ἀνέχει

284 1325 412 1381 σθαι
448 1327 542 1380 καὶ
589 1325 982 1396 μακροθυμεῖν,
1029 1323 1200 1388 οὑτως
1236 1324 1328 1376 ἐπὶ
1377 1323 1487 1376 τῶν
1544 1323 1862 1392 ἀναλγήτως

285 1421 520 1490 ἐχόντων
555 1421 650 1473 καὶ
694 1419 767 1490 μὴ
811 1416 1289 1489 μεταμελομένων,
1351 1416 1451 1488 τὴν
1483 1415 1863 1486 τιμωρητικὴν

284 1511 384 1564 καὶ
403 1508 732 1579 κολαστικὴν
749 1508 980 1576 δύναμιν
1007 1505 1369 1560 ἐπιδεικνύειν
1389 1521 1403 1534 ·
1429 1504 1604 1567 οὕτως
1633 1505 1744 1575 γὰρ
1767 1504 1861 1557 καὶ

289 1601 459 1664 αὐτὸς
495 1602 691 1654 ποιεῖ.ι
716 1598 807 1651 Ἐν
824 1596 994 1668 αύτῷ.
1021 1616 1040 1648 ι
1060 1596 1344 1664 Τουτέστι,
1375 1595 1445 1648 δι’
1473 1596 1633 1649 αὑτὸν
1651 1597 1744 1649 καὶ
1777 1594 1864 1648 διά

285 1693 350 1748 τὸ
373 1694 636 1764 κήρυγμα
666 1689 854 1755 αὑτοῦ,
887 1687 1223 1760 ἀσθενοῦμεν
1255 1689 1312 1741 ἐν
1336 1690 1450 1750 τοῖς
1477 1687 1738 1758 διωγμοῖς
1767 1689 1861 1741 καὶ

287 1788 349 1838 ἐν
374 1789 486 1848 τοῖς
506 1783 792 1846 κινδύνοις.
835 1781 979 1836 Ἀλλ’
996 1781 1184 1851 ὥσπερ
1214 1779 1322 1834 τῶν
1344 1779 1685 1851 σκυθρωπῶν
1715 1779 1864 1848 αὑτῷ

285 1875 674 1946 κοινωνοῦμεν,
724 1874 868 1928 οὕτω
898 1874 991 1926 καὶ
1013 1873 1121 1926 τῶν
1149 1871 1392 1942 φαιδρῶν
1439 1872 1861 1940 κοινωνήσομεν.

287 1966 456 2019 ’Ὅθεν
478 1966 692 2034 ἐπάγει.
721 1983 738 2016 ι
771 1962 933 2017 Ἀλλὰ
964 1963 1244 2034 ζησόμεθα
1276 1963 1374 2016 σὺν
1393 1961 1562 2032 αὐτῷ.
1590 1981 1610 2014 ι
1660 1959 1862 2033 [ΦΩΤ.]

285 2057 550 2112 Τουτέστι
569 2098 583 2118 ,
601 2054 999 2126 δειχθησόμεθα
1030 2058 1088 2107 ἐν
1113 2055 1240 2119 ὑμῖν
1281 2053 1504 2119 ζῶντες,
1530 2054 1628 2124 οὐχ
1653 2053 1861 2117 ἁπλῶς,

287 2148 430 2202 ἀλλά
458 2150 556 2202 σὺν
595 2147 744 2217 αὑτῷ
785 2146 862 2217 τῷ
892 2146 1136 2215 Χριστῷ.
1173 2145 1285 2200 Καὶ
1323 2146 1444 2198 οὑδέ
1476 2146 1636 2198 τοῦτο
1678 2145 1866 2209 ἀπλῶς

289 2239 534 2305 ζῶντες,
584 2238 703 2293 ἀλλ’
743 2240 807 2290 ἐκ
871 2239 975 2307 τῆς
1013 2238 1298 2308 δυνάμεως
1357 2237 1524 2290 αὐτοῦ
1579 2236 1678 2308 τὴν
1721 2235 1868 2306 ζωὴν

287 2333 529 2403 ἔχοντες,
553 2331 624 2385 δι’
648 2325 716 2402 ἧς
745 2329 835 2384 καὶ
863 2330 1026 2393 αὐτὸς
1057 2329 1285 2383 θάνατον
1318 2329 1570 2399 πατήσας
1599 2329 1694 2382 καὶ
1733 2327 1866 2399 ᾅδην

293 2428 619 2494 σκυλεύσας,
654 2429 750 2482 καὶ
782 2427 980 2497 ἀνέστη
1013 2427 1110 2480 καὶ
1149 2424 1238 2496 ζῇ.
1278 2425 1426 2496 Αὕτη
1471 2423 1525 2478 δὲ
1555 2425 1589 2494 ἡ
1617 2423 1730 2496 ζωὴ
1773 2424 1867 2478 καὶ

292 2523 330 2593 ἡ
366 2522 614 2592 δύναμις,
644 2520 888 2591 δηλονότι
919 2518 1266 2590 τιμωρητική
1307 2520 1422 2572 ἐστι
1457 2517 1568 2571 τῶν
1609 2515 1678 2570 τὰ
1730 2515 1867 2587 ἔργα

292 2613 392 2668 τοῦ
432 2611 672 2683 πονηροῦ
700 2610 1070 2682 πραττόντων,
1099 2608 1296 2680 ὥσπερ·
1340 2608 1581 2678 σωστικὴ
1603 2608 1714 2662 τῶν
1774 2625 1866 2678 με·

290 2706 514 2760 τάνοιαν
536 2702 951 2758 ἐπιτελούντων.
977 2703 1075 2756 Διὰ
1105 2702 1330 2765 τούτους
1365 2700 1421 2754 δὲ
1447 2700 1614 2769 λέγει,
1671 2700 1754 2753 ὅτι
1794 2699 1868 2772 μὴ

293 2797 694 2866 καταφρονεῖτε
721 2793 897 2863 ἡμῶν,
939 2791 1015 2855 ὼς
1047 2792 1284 2862 ὁρῶντες
1314 2793 1467 2861 ἢμᾶς
1503 2780 1871 2860 διωκομένους

294 2890 390 2943 καὶ
418 2885 585 2954 μυρία
615 2885 942 2956 πάσχοντας,
969 2871 1113 2936 οὑτω
1141 2883 1237 2937 καὶ
1259 2885 1285 2936 ὁ
1313 2883 1553 2952 Χριστὸς
1593 2900 1872 2954 κατεφρο·

295 2977 438 3047 νήθη
475 2973 900 3045 σταυροὺμενος,
929 2973 1045 3026 ἀλλ’
1075 2974 1336 3039 ἀναστάς,
1371 2975 1549 3028 πάντα
1593 2975 1692 3029 ὅσα
1740 2975 1868 3046 ἠθέ-

297 3069 467 3139 λησεν
537 3065 814 3136 ἐποίησεν.
883 3065 992 3119 Καὶ
1038 3066 1198 3136 ἡμεῖς
1249 3065 1307 3119 δὲ
1363 3065 1398 3120 ει
1451 3052 1756 3137 πάσχομεν,
1805 3066 1874 3120 δι’

303 3159 469 3215 αὑτὸν
506 3159 810 3228 πάσχομεν.
853 3158 1017 3212 Ὥστε
1077 3158 1127 3210 εἰ
1160 3158 1256 3210 καὶ¹
1306 3157 1627 3229 πάσχομεν,
1667 3161 1875 3223 ἐκεῖνος

1954 677 2275 748 Quanquam
2304 691 2501 748 passus
2533 684 2638 741 est,
2683 675 2882 746 inquit,
2914 685 2974 729 ut
3003 674 3098 743 qui
3121 681 3371 728 naturam
3405 689 3535 742 pos-

1955 772 2169 829 sibilem
2201 781 2256 827 et
2285 770 2556 824 inﬁrmam
2601 768 2918 836 assumpsit,
2982 767 3118 821 vivit
3166 773 3348 820 tamen
3383 766 3476 822 ubi
3505 782 3532 824 ο

1958 861 2188 916 mortuis
2214 860 2517 915 resurrexit
2579 860 2785 915 habens
2850 873 2915 912 ac
2973 858 3154 914 l‘erens
3210 859 3262 911 in
3323 859 3535 928 seipsos

1960 959 2208 1007 naturam
2251 952 2678 1017 omnipotentem
2709 963 2770 1004 ac
2800 952 3064 1005 divinam.
3111 969 3130 1002 ι
3167 949 3448 1020 Siquidem
3481 958 3535 1006 et

1959 1061 2060 1099 nos
2117 1041 2319 1097 inﬁrmi
2386 1058 2598 1098 sumus.
2645 1063 2662 1096 ι
2697 1043 2855 1114 707
2887 1043 3019 1097 Nam
3073 1045 3533 1110 quemadmodum

1961 1135 2096 1206 ipse,
2140 1135 2338 1204 inquit.
2381 1135 2514 1188 nihil
2545 1147 2928 1190 nocumentum
2971 1137 3026 1190 in
3058 1139 3295 1206 potentia
3326 1139 3536 1201 accepit

1960 1244 2022 1284 es
2053 1243 2116 1283 eo
2140 1229 2281 1294 quod
2310 1229 2719 1299 persecutiones
2744 1238 2797 1284 et
2819 1231 3179 1285 contumelias
3198 1232 3534 1286 sustinemus
3577 1259 3579 1262 -

1961 1321 2088 1378 Ideo
2115 1323 2399 1390 subiunxit
2431 1339 2444 1376 :
2489 1341 2507 1373 ι
2539 1323 2594 1376 lu
2632 1323 2768 1392 ipso.
2808 1342 2826 1374 ι
2863 1323 3019 1388 Quod
3049 1326 3192 1377 enim
3250 1327 3324 1376 ait
3357 1344 3370 1378 :
3411 1341 3428 1373 ι
3471 1322 3534 1377 Et

1961 1429 2063 1469 nos
2093 1415 2293 1468 inﬁrmi
2343 1429 2533 1469 sumus
2597 1415 2651 1469 in
2717 1415 2856 1484 ipso,
2895 1433 2915 1466 ι
2950 1424 3042 1469 aut
3098 1416 3200 1469 hoc
3239 1416 3534 1485 signiﬁcat,

1964 1504 2106 1575 quod
2142 1520 2264 1575 quae
2323 1505 2562 1574 patimur
2597 1514 2818 1574 propter
2868 1505 3044 1574 ipsum
3106 1507 3364 1573 patimur.
3430 1507 3538 1559 Aut

1963 1602 2108 1670 quod
2144 1598 2454 1654 videbimur
2491 1599 2650 1653 vobis
2684 1599 2908 1658 inﬁrmi.
2957 1613 3021 1650 eo
3050 1596 3193 1667 quod
3233 1613 3338 1650 non
3379 1599 3542 1667 puni-

1967 1707 2088 1746 mus
2119 1700 2212 1746 aut
2243 1691 2510 1760 supplicio
2554 1691 2822 1746 tradimus
2857 1708 2873 1746 :
2907 1689 3001 1744 sed
3057 1691 3163 1745 hoc
3215 1705 3432 1758 quoque
3482 1689 3536 1744 in

1965 1783 2186 1839 Christo
2217 1782 2468 1838 facimus.
2496 1781 2630 1836 Nam
2666 1783 2780 1851 ipse
2829 1797 2930 1836 nos
2959 1783 3146 1836 docuit
3201 1781 3428 1837 sufferre
3486 1790 3542 1838 et

1967 1875 2305 1946 longanimes
2356 1891 2496 1931 esse.
2529 1877 2636 1931 Sed
2693 1876 3154 1945 quemadmodum
3186 1876 3414 1932 sufferre
3445 1876 3545 1932 do-

1968 1968 2082 2022 cuit
2111 1975 2164 2022 et
2203 1969 2540 2036 longanimes
2592 1983 2736 2031 esse,
2789 1967 2859 2020 ita
2910 1981 3130 2036 quoque
3182 1969 3237 2021 in
3289 1969 3542 2037 stupidus

1966 2066 2019 2114 et
2049 2074 2156 2112 non
2189 2060 2597 2126 resipiscentes,
2625 2058 2925 2129 punitivam
2960 2067 3014 2115 et
3052 2061 3409 2113 cruciativam
3443 2075 3539 2114 seu

1965 2149 2351 2205 vindicativam
2411 2150 2710 2220 potentiam
2770 2150 3106 2206 ostendere:
3156 2150 3229 2204 ita
3291 2153 3435 2205 enim
3489 2162 3544 2206 et

1968 2239 2083 2311 ipse
2111 2240 2260 2296 facit.
2298 2259 2317 2293 ι
2355 2240 2416 2295 1η
2449 2241 2594 2311 ipso.
2635 2259 2655 2292 ι
2689 2239 2802 2295 Hoc
2828 2247 2936 2305 est,
2971 2251 3196 2310 propter
3263 2241 3439 2310 ipsum
3488 2251 3546 2296 et

1966 2333 2405 2403 praedicationem
2446 2334 2616 2403 ipsius
2649 2333 2848 2388 inﬁrmi
2885 2348 3078 2388 sumus
3107 2333 3160 2386 in
3201 2335 3545 2402 persecutio-

1968 2426 2130 2480 nibus
2184 2437 2241 2480 et
2283 2425 2337 2479 in
2393 2425 2682 2495 periculis.
2742 2426 2846 2481 Sed
2913 2426 3368 2496 quemadmodum
3406 2424 3544 2482 socii

1973 2517 2180 2573 fuimus
2211 2519 2314 2587 ipsi
2365 2517 2419 2572 in
2469 2518 2742 2584 tristibus,
2793 2518 2868 2572 ita
2899 2535 3116 2589 quoque
3149 2519 3280 2575 socii
3317 2520 3372 2573 in
3407 2521 3546 2574 laetis

1971 2612 2196 2667 erimus.
2225 2609 2381 2666 Unde
2402 2612 2681 2682 subiungit
2709 2626 2724 2664 :
2752 2631 2770 2664 ι
2805 2611 2911 2666 Sed
2941 2615 3187 2668 venimus
3214 2627 3336 2667 cum
3365 2613 3542 2682 ipso.»

1969 2703 2084 2758 Hoc
2120 2713 2224 2767 est,
2257 2705 2611 2759 ostendemur
2632 2704 2874 2760 viventes
2902 2705 2955 2759 in
2987 2706 3165 2771 vobis,
3197 2721 3307 2761 non
3333 2707 3542 2775 vulgari

1970 2795 2154 2857 modo,
2182 2795 2275 2849 sed
2301 2810 2424 2849 cum
2449 2795 2568 2864 ipso
2589 2794 2829 2850 Christo.
2851 2794 2960 2850 Nec
2978 2805 3254 2864 utcunque
3277 2799 3546 2859 viventes,

1973 2885 2069 2942 sed
2116 2900 2182 2939 ex
2238 2888 2482 2956 potentia
2547 2886 2722 2955 ipsius
2779 2889 2946 2940 vitam
2984 2887 3248 2943 habentes
3283 2903 3429 2958 :qua
3493 2897 3549 2945 et

1973 2978 2092 3047 ipse
2121 2978 2441 3032 conculcata
2477 2987 2668 3039 morte,
2715 2979 3056 3049 spoliatoque
3090 2979 3306 3033 infenio
3341 2991 3393 3034 et
3424 2997 3549 3035 sur»

1974 3067 2114 3122 rexit
2143 3075 2196 3121 et
2229 3067 2380 3122 vivit.
2428 3067 2552 3121 lianc
2601 3078 2781 3122 autem
2815 3070 2898 3122 via
2933 3077 3248 3137 etpotestas
3305 3071 3549 3138 punitiva

1976 3173 2111 3213 sane
2170 3167 2253 3213 est
2324 3157 2589 3214 adversus
2628 3174 2724 3214 eos
2767 3159 2856 3228 qui
2882 3174 3048 3228 opera
3083 3159 3385 3235 maliillius
3416 3177 3551 3230 ope-

295 3252 358 3308 δέ
393 3253 460 3323 ζῇ
485 3252 580 3306 καὶ
609 3251 853 3314 δύναται,
869 3250 964 3303 καὶ
995 3251 1156 3320 ἡμεῖς
1187 3250 1289 3303 σὺν
1328 3249 1501 3321 αὐτῷ,
1545 3246 1658 3304 οἷον
1712 3249 1874 3304 αὑτοῦ

1981 3259 2177 3303 rantur
2206 3265 2220 3302 :
2257 3249 2714 3317 quemadmodum
2749 3248 2915 3304 etiam
2950 3249 3220 3304 servativa
3267 3259 3351 3305 est
3377 3251 3431 3305 in
3460 3267 3555 3306 eu-

299 3345 571 3408 θὲλοντος,
605 3344 701 3396 καὶ
736 3340 942 3411 ζῶμεν,
999 3342 1094 3395 καὶ
1121 3342 1339 3396 δυνατοί
1379 3343 1549 3413 ἐσμεν
1589 3343 1813 3414 ποιῆσαι
1850 3343 1878 3397 ὃ

301 3435 601 3507 βουλόμεθα
625 3437 704 3500 εἰς
725 3435 890 3504 ὑμᾶς,
911 3434 1005 3488 καὶ
1035 3434 1274 3504 μάλιστα
1297 3437 1378 3498 εἰς
1412 3436 1584 3504 ὑμᾶς,
1604 3436 1686 3490 ὅτι
1708 3435 1881 3490 πολλὰ

301 3529 500 3599 ἔχομεν
525 3525 894 3582 ἀπειθούντων
919 3527 1093 3598 ὑμῶν,
1135 3527 1483 3598 δικαιώματα
1518 3527 1653 3581 καθ’
1698 3529 1875 3597 ὑμῶν.

309 3638 331 3673 ε
354 3621 448 3674 Ἐκ
463 3618 742 3689 δυνάμεως
771 3617 909 3671 Θεοῦ
929 3621 1009 3680 εἰς
1031 3619 1195 3689 ὑμᾶς.
1211 3637 1308 3668 ι-
1324 3617 1878 3692 [ΟΙΚΟΥΜΕΝΙΟΥᾹ

315 3713 550 3784 Ὁμοίως
569 3713 761 3784 νόησον
796 3711 893 3766 καὶ
908 3711 1166 3784 τοῦτοτῷ
1180 3688 1346 3766 ditant
1370 3713 1530 3767 Ἀλλά
1555 3688 1618 3785 ζ’ῖῆ
1647 3716 1711 3767 ἐκ
1722 3688 1879 3766 sum;

309 3821 455 3874 μεως
488 3801 644 3858 Θεοῦ.
673 3822 692 3856 ι
723 3804 766 3855 Τ
769 3804 796 3856 δ
812 3804 920 3866 δὲ,ι
948 3804 1249 3873 Εῐςὺμᾶς,›
1275 3802 1408 3870 οἷον,
1441 3805 1602 3875 Ὑμῖν
1619 3807 1879 3878 ζήσομεν,

303 3895 582 3951 τουτέστιν
598 3897 674 3958 εἰς
693 3895 792 3967 τὴν
809 3895 963 3966 ὑμῶν
982 3897 1271 3965 ὠφέλειαν.
1289 3898 1382 3962 Ἦ,
1411 3898 1489 3951 Δι’
1507 3899 1673 3969 ὑμᾶς,
1695 3899 1878 3970 ἐπειδή

307 4003 495 4057 φησιν,
526 3989 939 4059 ὲπεστρὲψαμεν
971 3989 1170 4060 ὑμᾶςῆ
1197 3991 1295 4044 σὺν
1327 3991 1456 4060 ὑμῖν
1481 3991 1720 4062 ζήσομεν
1734 3993 1879 4048 τότε.

314 4095 334 4130 ι
357 4079 614 4140 Ἑαυτοὺς
635 4078 924 4150 πειράζετε
945 4097 962 4131 ι
985 4079 1148 4151 Ὁρᾷς
1179 4074 1292 4133 οἷον
1331 4080 1752 4143 κατασκευάζει.
1771 4081 1882 4135 Καὶ

307 4169 362 4224 τί
390 4170 553 4237 λέγω,
583 4171 736 4241 φησι,
780 4171 907 4242 περὶ
933 4170 1198 4242 ἐμαυτοῦ,
1238 4173 1323 4226 ὅτι
1350 4173 1377 4224 ὁ
1406 4173 1639 4243 Χριστὸς
1669 4174 1726 4226 ἐν
1759 4172 1882 4242 ἐμοὶ

309 4262 482 4322 λαλεῖ·
517 4264 609 4315 καὶ
645 4263 800 4332 ὑμεῖς
825 4264 934 4333 γάρ
961 4263 1138 4328 αὐτοὶ,
1169 4266 1218 4317 εἰ
1251 4265 1324 4336 μή
1359 4281 1414 4317 τι
1445 4265 1695 4334 ἀδόκιμοι
1725 4263 1884 4330 γεγό-

311 4369 463 4418 νατε,
519 4352 678 4423 ἔχετε
720 4354 778 4406 ἐν
815 4355 1031 4416 ἑαυτοῖς
1061 4353 1154 4407 τδν
1211 4353 1469 4425 Χριστόν.
1506 4352 1571 4406 Εἰ
1606 4353 1664 4406 δὲ
1695 4352 1880 4422 ὑμεῖς,

311 4441 496 4513 πολλῷ
525 4443 747 4512 μᾶλλον,
781 4446 966 4514 φησιν,
1002 4444 1134 4511 ἐγώ.
1167 4443 1406 4498 Ἑαυτῶν
1431 4443 1721 4514 τοιγαροῦν
1749 4443 1885 4496 ἀπό-

312 4549 514 4603 πειραν
555 4534 819 4598 ποιεῖσθε,
864 4537 938 4607 μή
969 4551 1052 4598 τις
1098 4537 1163 4588 ἐκ
1183 4535 1294 4587 τῶν
1313 4535 1490 4606 ὀρθῶν
1547 4526 1879 4606 παρετράπη

1980 3357 2100 3397 rum
2135 3342 2422 3397 utilitatem
2473 3343 2567 3413 qui
2625 3343 2869 3414 perfecte
2920 3345 3268 3413 resipiscuut.
3324 3345 3554 3415 Propter

1981 3434 2096 3488 haec
2144 3434 2330 3504 itaque
2360 3450 2429 3490 ne
2471 3450 2596 3498 nos,
2629 3437 2829 3506 inquit,
2897 3437 3234 3508 despiciatis,
3269 3439 3414 3509 quod
3452 3455 3553 3496 nos

1980 3527 2212 3583 videatis
2255 3529 2666 3598 persecutiones
2713 3530 2928 3599 aliaque
2980 3531 3211 3586 adversa
3266 3533 3552 3587 innumera

1980 3620 2271 3690 patientes.
2305 3621 2381 3675 Ita
2412 3630 2466 3677 et
2497 3621 2750 3678 Christus
2784 3623 3076 3693 despectus
3103 3633 3188 3681 est
3250 3640 3374 3680 cum
3428 3641 3552 3681 cru-

1980 3712 2331 3784 ciﬁgeretur:
2386 3723 2441 3767 at
2473 3713 2564 3769 ubi
2622 3717 2947 3782 resurrexit,
3001 3718 3184 3770 omnia
3215 3733 3558 3788 quaecunque

1981 3804 2154 3858 voluit
2181 3803 2328 3860 fecit.
2354 3805 2536 3860 Etuos
2567 3820 2701 3860 sane
2726 3821 2847 3876 qua:
2873 3805 3338 3878 patimurJtaque
3365 3823 3559 3879 quam-

1980 3895 2063 3950 vis
2105 3896 2367 3966 patimur,
2417 3897 2506 3950 ille
2567 3906 2746 3952 tamen
2777 3899 2912 3952 vivit
2947 3907 3000 3954 et
3050 3912 3241 3970 potens
3269 3908 3374 3962 est,
3424 3915 3558 3957 nos-

1983 4002 2089 4056 que
2122 4001 2245 4040 cum
2282 3988 2402 4057 ipso
2439 4005 2454 4041 :
2492 3988 2597 4042 hoc
2630 3998 2736 4054 est,
2773 3989 2895 4058 ipso
2915 3991 3134 4044 volente
3171 3999 3226 4044 et
3253 3992 3484 4048 vivimus
3503 3999 3562 4049 et

1982 4085 2232 4148 potentes
2261 4093 2453 4134 sumus
2501 4078 2680 4134 facere
2727 4094 3067 4151 quicumque
3130 4083 3383 4138 volumus
3429 4098 3558 4156 erga

1982 4181 2102 4230 vos,
2134 4175 2188 4222 et
2210 4169 2622 4238 potentissimus
2655 4185 2782 4236 erga
2811 4185 2949 4227 vos:
2985 4175 3186 4226 multas
3211 4173 3356 4228 enim
3394 4173 3562 4230 habe-

1984 4279 2108 4318 mus
2151 4263 2305 4319 vobis
2337 4279 2462 4320 cum
2533 4264 2887 4321 credentibus
2935 4265 3305 4334 justlﬁcantes
3361 4282 3558 4324 causas

1985 4355 2277 4412 adversum
2318 4372 2438 4412 vos.
2478 4376 2498 4410 ι
2541 4357 2615 4411 Ex
2673 4359 2916 4428 potentia
2969 4358 3063 4414 Dei
3107 4375 3236 4429 erga
3275 4376 3394 4414 vos.
3436 4378 3457 4412 ι
3489 4388 3564 4402 —

1986 4447 2110 4502 Pari
2155 4449 2318 4504 modo
2349 4450 2717 4521 hocintellige
2750 4465 2875 4505 cum
2935 4467 3002 4505 eo
3058 4451 3205 4520 quod
3248 4467 3414 4521 supra
3472 4451 3560 4506 di-

1985 4541 2468 4596 ctumest:Vivit
2527 4549 2708 4596 tamen
2764 4558 2832 4597 ex
2889 4543 3130 4612 potentia
3199 4541 3345 4597 DeiJ
3405 4543 3560 4608 Quod

313 4600 624 4693 δογμάτων,
680 4625 746 4695 τῇ
777 4600 896 4692 ίτῶν
929 4600 1397 4694 ψευδαποστόλων
1437 4600 1648 4699 διδαχῇ.

1989 4643 2170 4688 autem
2199 4634 2276 4688 ait
2306 4652 2321 4688 :
2359 4651 2378 4686 ι
2415 4635 2554 4704 Erga
2588 4651 2704 4700 vos,
2745 4655 2763 4688 ι
2799 4636 2900 4689 hoc
2932 4643 3038 4700 est,
3094 4636 3255 4690 vobis
3315 4636 3564 4692 vivemus

313 4703 464 4785 Ἀρα
513 4715 588 4787 μὴ
627 4718 852 4780 ἑαυτοὺς
896 4717 1188 4789 πειράζετε
1231 4719 1284 4773 ετ
1314 4720 1436 4772 ἐστε
1467 4721 1525 4772 ἐν
1553 4721 1619 4790 τῇ
1657 4720 1884 4786 πίστεις

315 4803 429 4880 ἄρα
462 4811 536 4880 μὴ
562 4811 784 4872 ἑαυτοὺς
817 4809 1174 4880 δοκιμάζετες
1206 4811 1269 4864 τὸ
1296 4811 1404 4882 γὰρ
1427 4811 1506 4865 ἔτι
1535 4812 1766 4883 δοκιμὴν
1790 4812 1888 4884 ξη-

315 4908 433 4957 τεῖν
465 4902 558 4955 τοῦ
591 4904 649 4956 ἐν
681 4903 804 4971 ἐμοὶ
834 4903 1121 4969 λαλοῦντος
1138 4905 1398 4976 Χριστοῦ,
1438 4907 1532 4960 καὶ
1548 4906 1701 4960 οὔπω
1726 4908 1888 4978 ἀκριο

321 4991 432 5054 θῶς
456 4991 749 5044 πεπεῖσθαι
781 4991 856 5055 ὡς
893 4994 951 5045 ἐν
987 4992 1064 5062 τῷ
1106 4995 1411 5063 διδασκάλῳ
1458 4995 1611 5049 λαλεῖ
1665 4996 1694 5048 ὁ
1752 4997 1890 5067 Χρι-

321 5085 467 5148 στος,
504 5082 556 5135 τι
589 5083 774 5153 ἕτερόν
820 5085 966 5136 ἐστιν
1019 5085 1051 5154 ἦ
1090 5087 1183 5139 καὶ
1224 5087 1451 5150 ἑαυτοὺς
1487 5087 1790 5160 πειράζειν,
1840 5087 1895 5140 εἰ

321 5178 447 5230 ἐστε
476 5177 656 5230 πιστοὶ
684 5177 778 5230 καὶ
808 5177 1169 5247 ἀμφιθάλλειν
1193 5179 1287 5233 καὶ
1325 5181 1452 5251 περὶ
1475 5179 1684 5234 ἑαυτῶν
1714 5197 1729 5245 ;
1756 5181 1892 5248 μᾶλ-

320 5268 414 5322 λον
449 5268 506 5322 δέ
537 5269 631 5324 καὶ
653 5269 867 5337 ἀγνοεῖν
885 5269 1042 5337 ὅλως,
1069 5271 1152 5324 ὅτι
1174 5271 1448 5340 ὁΧριστδς
1475 5273 1533 5325 ἐν
1560 5272 1689 5342 ὑμῖν
1720 5275 1888 5328 ἐστιν.

322 5362 389 5416 Εἰ
416 5361 526 5431 γάρ
550 5361 653 5415 οὐκ
688 5363 747 5414 ἐν
767 5361 846 5433 τῷ
868 5362 1173 5435 διδασκάλῳ
1203 5363 1231 5415 ό
1256 5364 1516 5431 Χριστὸς,
1552 5365 1732 5435 πολλῷ
1754 5366 1894 5436 μᾶλ-

321 5454 416 5508 λον
444 5454 567 5507 οὐδ’
593 5455 652 5506 ἐν
681 5455 795 5516 τοῖς
829 5454 1118 5524 μαθηταῖς.
1160 5455 1321 5508 Ἀλλά
1364 5455 1503 5520 πῶς,
1558 5474 1743 5527 φησιν,
1794 5457 1896 5512 οὐκ

323 5545 720 5610 ἐπιγινώσκετε
748 5545 829 5600 ὄτι
868 5547 926 5598 ἐν
959 5547 1089 5616 ὑμῖν
1132 5548 1159 5600 ὁ
1191 5547 1446 5617 Χριστὸς,
1496 5547 1554 5610 ὃς
1605 5549 1702 5603 καὶ
1738 5551 1894 5621 χαρί-

325 5653 499 5705 σμασι
524 5635 800 5706 διαφόροις
848 5637 1166 5691 ἐπλούτισεν
1200 5638 1383 5708 ὑμᾶς;
1421 5638 1454 5710 ἢ
1491 5639 1583 5692 διά
1605 5640 1714 5692 τῶν
1755 5640 1897 5711 πρά-

325 5726 463 5793 ξεων
487 5729 640 5798 ὑμῶν
689 5728 980 5800 ἀδοκίμους
1032 5731 1260 5796 ἑαυτοὺς
1293 5733 1763 5803 παραστήσαντες,
1800 5734 1896 5787 καὶ

324 5821 533 5875 τούτων
562 5821 871 5888 ἐξεπέσετε,
897 5823 1057 5876 τοῦτο
1102 5824 1178 5890 δὲ,
1211 5825 1300 5879 ἵνα
1359 5827 1508 5899 εἴπῃ,
1540 5827 1622 5880 ὃτι
1660 5827 1708 5881 εἰ
1737 5827 1896 5897 ὑμεῖς

327 5911 650 5988 χαρίσματα
683 5914 775 5966 καὶ
810 5913 962 5984 ἰσχὺν
1009 5915 1148 5969 κατὰ
1181 5916 1506 5988 πνευμάτων
1560 5917 1886 5991 ἀκαθάρτων

1991 4724 2151 4780 idest
2199 4725 2264 4778 ad
2316 4726 2608 4781 utilitatem
2666 4735 2927 4781 vestram.
2976 4730 3104 4791 Aut,
3169 4725 3394 4794 Propter
3443 4742 3561 4789 vos.

1989 4815 2432 4888 quandoquidem
2492 4819 2865 4874 convertimus
2920 4833 3038 4873 vos.
3086 4819 3212 4880 Aut,
3267 4818 3562 4872 Vobiscum

1994 4917 2124 4962 tunc
2184 4912 2450 4964 vivemus.
2507 4928 2525 4960 ι
2565 4909 2673 4964 Vos
2712 4911 2860 4977 ipsos
2893 4917 3122 4964 tentate.
3159 4929 3178 4962 ι
3220 4910 3380 4964 Vides
3435 4911 3565 4981 quid

1991 5011 2143 5070 paret
2171 4998 2194 5051 ?
2219 4998 2281 5052 Et
2311 5000 2440 5068 quid
2471 5000 2537 5053 de
2571 5015 2656 5053 me
2685 4999 2831 5066 dico,
2868 5001 3068 5070 inquit,
3106 5001 3248 5069 quod
3307 5001 3564 5056 Christus

1993 5091 2048 5145 in
2106 5106 2191 5145 me
2225 5091 2482 5158 loquatur
2514 5089 2694 5145 ?Natn
2748 5102 2802 5146 et
2855 5107 2954 5146 vos
3007 5093 3133 5162 ipsi,
3165 5093 3330 5164 708
3366 5094 3470 5148 nisi
3515 5094 3566 5147 in

1997 5184 2180 5254 aliquo
2220 5184 2433 5254 reprobi
2468 5183 2594 5238 facti
2651 5185 2786 5240 estis
2838 5184 3118 5242 Christum
3159 5189 3211 5241 in
3252 5187 3403 5242 vobis
3435 5188 3571 5256 ipsis

1998 5277 2212 5332 habetis
2242 5295 2255 5330 :
2281 5280 2422 5348 quod
2453 5278 2498 5332 si
2531 5293 2648 5344 vos,
2679 5280 2851 5333 multo
2888 5282 3058 5351 magis
3083 5296 3204 5350 ego,
3232 5279 3427 5350 inquit.
3466 5279 3571 5331 Ex-

1996 5372 2354 5438 perimentum
2408 5371 2574 5444 igitur
2604 5373 2766 5426 vestri
2799 5373 3041 5442 ipsorum
3075 5374 3235 5427 facite
3263 5388 3329 5426 ne
3385 5371 3509 5441 quis
3539 5384 3570 5424 a

1995 5461 2164 5515 rectis
2215 5469 2560 5530 pervertatur
2605 5463 2896 5532 dogmatis,
2940 5479 3035 5532 per
3062 5463 3368 5517 doctrinam
3401 5475 3569 5529 pseu-

1997 5554 2428 5622 dapostolorum.
2472 5555 2609 5610 Num
2665 5557 2916 5624 vosipsos
2953 5555 3174 5609 teutatis
3212 5568 3281 5606 an
3341 5553 3394 5605 in
3465 5551 3571 5608 ﬁde

1998 5646 2120 5701 sitis
2151 5646 2176 5700 ?
2218 5661 2346 5700 num
2380 5662 2476 5701 vos
2509 5647 2658 5717 ipsos
2696 5646 2940 5718 probatis
2967 5647 2990 5699 ἳ
3038 5644 3318 5714 Siquidem
3351 5643 3572 5713 experi-

1999 5745 2239 5791 mentum
2270 5752 2516 5807 quaarere
2548 5739 2822 5808 loquentis
2853 5737 2904 5790 in
2935 5751 3020 5791 me
3071 5734 3296 5801 Christi,
3336 5744 3390 5792 et
3429 5753 3571 5792 nou-

1999 5829 2128 5883 dum
2157 5828 2313 5899 plene
2342 5845 2632 5900 persuasos
2688 5845 2811 5885 esse
2840 5829 2986 5899 quod
3019 5830 3072 5884 in
3099 5830 3358 5900 magistro
3384 5833 3571 5902 loqua-

1998 5935 2088 5979 tur
2114 5922 2385 5989 Christus,
2409 5923 2535 5994 quid
2562 5922 2707 5978 aliud
2731 5931 2816 5979 est
2842 5938 3004 5995 quam
3048 5940 3143 5982 vos
3178 5924 3326 5996 ipsos
3352 5940 3571 5999 quoque
