3956 6562
493 454 634 519 1083

1590 447 1998 514 (ECUMENII
2024 400 2320 510 TRlCCrB
2350 447 2691 509 EPISCOPI

3572 452 3675 519 ιοδι

489 575 699 626 tentare
727 580 858 620 num
902 563 1094 621 ﬁdeles
1139 563 1284 629 sitis,
1335 570 1392 619 et
1442 561 1720 634 ambigere
1775 562 1944 618 etiam
2009 561 2075 616 de

2179 557 2401 610 ἐλάῧετε
2442 557 2536 610 καὶ
2568 557 2745 627 ἔχετε,
2775 556 2823 610 εἰ
2867 555 2943 628 μὴ
2996 555 3284 628 ἀδοκίμους
3309 559 3509 628 ἑαυτοὺς
3545 585 3678 642 παρα.

488 659 651 714 vobis
723 657 887 728 ipsis,
945 657 1056 711 imo
1111 657 1296 726 potius
1345 655 1599 725 ignorare
1649 655 1876 710 omnino
1931 657 2076 725 quod

489 748 748 802 Christus
784 746 838 799 in
861 745 1012 800 vobis
1041 745 1132 800 sit.
1165 744 1303 797 Nam
1336 745 1380 799 si
1413 760 1519 798 non
1547 754 1629 798 est
1665 745 1716 798 in
1748 753 2080 814 praeceptore

489 839 760 902 Christus,
786 837 957 892 multo
985 836 1169 891 minus
1210 836 1265 890 in
1292 836 1601 906 discipulis.
1637 833 1742 890 Sed
1779 836 2075 904 quomodo,

490 931 689 1000 inquit,
723 944 830 984 non
854 928 1190 998 cognoscitis
1224 927 1373 999 quod
1404 927 1660 985 Christus
1711 929 1765 983 in
1795 929 1951 984 vobis
1981 930 2075 993 sit,

490 1027 583 1095 qui
610 1025 977 1092 etiamﬁvariis
1012 1023 1174 1081 donis
1201 1024 1394 1079 ditavit
1423 1025 1564 1079 vos?
1599 1027 1681 1078 An
1717 1039 1812 1095 per
1833 1024 2078 1080 actiones

489 1127 704 1174 vestras
736 1118 1102 1174 constituistis
1141 1133 1239 1174 vos
1267 1118 1416 1188 ipsos
1449 1117 1712 1188 rcprobos
1739 1125 1794 1171 et
1821 1117 1904 1171 his
1931 1117 2079 1171 exci-

488 1213 697 1268 distis?
730 1211 845 1267 [loc
872 1221 1053 1268 autem
1100 1219 1205 1274 est,
1249 1227 1312 1266 ac
1338 1211 1384 1266 si
1420 1211 1566 1266 dicat
1599 1229 1612 1265 :
1649 1207 1703 1264 Si
1736 1225 1830 1265 vos
1859 1210 2001 1264 dona
2023 1217 2078 1265 et

490 1313 816 1376 potestatem
843 1306 1110 1361 adversus
1141 1305 1370 1375 spiritus
1418 1303 1731 1361 immundos
1783 1306 2077 1375 accepistis

485 1407 542 1452 et
599 1397 834 1464 habetis,
882 1398 989 1453 nisi
1025 1413 1121 1453 vos
1150 1399 1299 1468 ipsos
1356 1396 1640 1452 elliciendo
1692 1398 1955 1468 rcprobos
1990 1398 2075 1452 his

486 1489 855 1557 privaveritis,
907 1503 1092 1543 annon
1162 1503 1264 1558 ego
1301 1490 1475 1543 multo
1529 1488 1702 1558 magis
1745 1496 2074 1558 potestatem

489 1579 666 1635 habeo
697 1580 958 1635 adversus
991 1594 1086 1634 eos
1109 1580 1200 1650 qui
1230 1580 1572 1650 impurorum
1606 1581 1915 1635 daemonum
1974 1596 2073 1636 vo-

489 1669 730 1726 luntates
751 1669 972 1740 explere
1003 1680 1294 1737 conantur,
1318 1673 1411 1742 qui
1436 1671 1572 1729 estis
1603 1689 1699 1728 vos
1729 1674 1882 1727 iAut
1906 1674 2072 1728 etiam

488 1761 592 1815 hoc
624 1761 808 1817 modo.
834 1761 892 1816 ln
917 1778 1003 1818 me
1019 1764 1452 1834 experimentum
1475 1765 1720 1836 quaeritis
1749 1767 1772 1820 ?
1801 1781 1894 1822 vos
1920 1766 2075 1836 ipsos

487 1861 715 1919 tentate,
750 1838 954 1910 acriter
983 1871 1081 1912 vos
1115 1857 1264 1926 ipsos
1305 1859 1532 1927 probate
1562 1874 1630 1914 an
1661 1859 1785 1916 sitis
1835 1859 1889 1914 in
1944 1858 2071 1916 ﬁde.

487 1936 624 1992 Nam
655 1948 714 1992 ut
774 1947 1000 2010 apparet
1051 1942 1214 1995 etiam
1246 1943 1315 1998 ab
1371 1943 1476 1998 hac
1538 1944 1822 2000 excidistis
1851 1961 1866 2000 :
1894 1960 2072 2015 neque
2107 1931 2146 1985 Β

487 2027 636 2080 enim
665 2027 828 2083 aliter
882 2031 1318 2100 experimentum
1359 2036 1695 2103 quaret-etis.
1727 2033 1930 2092 Deinde
1952 2047 2072 2092 tan-

486 2133 650 2188 quam
701 2120 958 2190 mitigans
1022 2121 1422 2178 vehementiam
1475 2123 1889 2194 iucrepationis,
1928 2145 1946 2180 ι
1986 2128 2072 2184 An

487 2227 593 2266 non
622 2213 983 2284 cognoscitis,
1017 2214 1217 2284 inquit,
1250 2217 1642 2287 vosmetipsos,
1681 2237 1701 2270 ι
1729 2220 1876 2288 quod
1908 2218 2073 2276 Jesus

485 2303 725 2359 christus
774 2308 828 2359 in
877 2305 1032 2360 vobis
1083 2307 1313 2362 sitiAc
1365 2308 1412 2362 si
1467 2309 1663 2365 dicat:
1707 2309 1817 2380 Ego
1861 2313 1935 2366 ita
1975 2329 2072 2369 vos

488 2411 764 2466 cognosco
811 2398 958 2467 quod
1009 2397 1262 2455 Christus
1307 2402 1359 2454 in
1424 2401 1578 2457 vobis
1638 2403 1713 2456 sit
1749 2404 1840 2460 :si
1889 2415 2072 2459 autem

487 2488 596 2558 ipsi
649 2489 753 2542 hoc
789 2488 1076 2559 ignoratis,
1129 2504 1369 2547 vestrum
1422 2507 1556 2549 sane
1609 2503 1896 2564 peccatum
1957 2507 2068 2553 cst.

488 2576 680 2648 Itaque
708 2595 806 2635 vos
841 2581 992 2651 ipsos
1027 2582 1290 2652 rcprobos
1325 2583 1608 2640 eﬂ‘ecistis.
1640 2584 1815 2641 Simul
1856 2601 2074 2656 quoque

487 2671 745 2725 admonet
777 2689 796 2726 :
830 2675 988 2742 quasi
1024 2674 1214 2730 dicat:
1246 2675 1302 2730 Si
1330 2691 1432 2746 ego
1481 2676 1761 2732 Christum
1813 2678 1870 2732 in
1920 2679 2074 2733 vobis

486 2776 611 2817 esse
641 2777 936 2833 wgnosco,
969 2765 1076 2821 nisi
1134 2769 1348 2836 reprobi
1418 2769 1546 2823 fat-ti
1595 2769 1737 2834 sitis,
1797 2773 2074 2842 quomodo

487 2857 588 2928 ipsi
612 2859 792 2914 adhuc
821 2863 1255 2930 experimentum
1287 2865 1406 2932 ejus
1440 2865 1495 2918 in
1525 2881 1609 2919 me
1665 2870 1924 2935 qumretis
1961 2867 2076 2924 iEt

487 2948 840 3003 manifestum
867 2957 949 3006 est
985 2953 1276 3021 tripliciter
1302 2955 1476 3024 accipi
1531 2969 1693 3023 posse
1729 2957 1868 3012 hanc
1902 2959 2074 3027 parti-

486 3041 688 3109 cuiam,
747 3059 842 3113 per
895 3048 1187 3100 consilium
1249 3054 1303 3103 et
1349 3048 1786 3104 adhortationem
1859 3059 1917 3104 ut
1951 3050 2074 3106 aliis

486 3132 706 3204 placet:
765 3149 861 3204 per
917 3134 1318 3192 litesitationem
1371 3146 1426 3193 et
1486 3141 1894 3195 accusationem
1933 3158 1945 3194 :
1978 3156 2077 3212 per

488 3227 921 3296 increpationem
955 3244 1020 3284 ac
1054 3231 1536 3300 reprehensionem
1594 3233 1739 3289 sicut
1797 3249 1944 3290 nunc
1971 3249 2070 3289 ex-

485 3318 765 3386 ponimus.
809 3337 829 3371 ι
884 3320 1081 3376 Annon
1126 3325 1459 3394 cognoscitis
1519 3339 1616 3379 vos
1649 3326 1814 3394 ipsos.
1855 3345 1874 3379 ι
1921 3325 2072 3392 Quo-

2177 3322 2274 3392 τῆς
2308 3324 2387 3386 είς
2443 3323 2587 3392 ὑμᾶς
2633 3323 2904 3393 τιμωρίας
2951 3321 3237 3390 γνώσεσθε
3265 3364 3280 3386 ,

487 3409 652 3464 modo
681 3419 862 3465 autem
892 3421 1149 3481 poterant
1172 3416 1558 3485 cognoscere?
1599 3432 1664 3471 ex
1723 3417 1897 3486 signis
1953 3432 2072 3486 quas

486 3499 742 3566 edebant,
778 3510 959 3557 utrum
992 3520 1056 3558 ea
1092 3505 1270 3560 adhuc
1314 3507 1560 3561 ederent.
1601 3525 1618 3557 ι
1651 3507 1764 3563 Nisi
1795 3508 1847 3561 in
1886 3508 2072 3577 aliquo

489 3594 709 3659 reprobi
740 3593 894 3646 estis.
935 3612 954 3645 ι
995 3595 1108 3648 lloc
1136 3595 1257 3650 loco
1319 3597 1483 3650 etiam
1539 3613 1718 3665 pravae
1769 3599 1891 3652 vitae
1931 3600 2072 3652 ciant

489 3694 584 3736 eos
621 3681 942 3738 insimulat:
975 3684 1254 3754 Siquidem
1283 3695 1336 3741 et
1365 3687 1467 3742 {ide
1509 3697 1564 3742 et
1601 3696 1751 3743 recta
1790 3690 1901 3744 vita
1933 3705 2074 3760 opus

2183 650 2556 712 σκευάσαντες
2603 646 2808 701 τούτων
2863 649 3192 721 ἐστερήθητε
3221 691 3236 716 ,
3268 654 3382 724 οὐχὶ
3420 657 3515 724 ἐγὼ
3546 664 3679 724 πολλῷ

2183 741 2384 812 μᾶλλον
2417 741 2670 807 ἐξουσίαν
2701 741 2809 812 ἔχω
2867 743 3011 796 κατὰ
3049 743 3157 796 τῶν
3208 745 3274 798 τὰ,
3319 747 3565 818 Θελὴματα
3599 756 3676 809 τῶν

2178 834 2508 904 ἀκαθάρτων
2554 832 2826 902 δαιμόνων
2889 834 3156 888 ἐπιτελεῖν
3215 837 3546 906 αἱρουμένων,
3579 844 3676 898 οἶτι-

2179 926 2266 989 νές
2331 929 2454 978 ἐστε
2503 925 2705 995 ὑμεῖςς
2751 925 2908 997 ἥκαὶ
2956 925 3147 989 οὕτως.
3209 927 3294 979 Ἐν
3345 930 3456 999 ἐμοὶ
3503 931 3678 1005 δοκιμῇ-ι

2178 1018 2394 1088 ζητεῖτε
2428 1034 2442 1083 ;
2497 1019 2724 1082 ἑαυτοὺς
2763 1020 3080 1088 πειράζετε.
3137 1020 3546 1089 Ἐπιπληκτικῶς
3585 1029 3678 1079 ειν.

2176 1115 2303 1178 τοὺς
2345 1113 2708 1184 δοκιμάζετε,
2737 1113 2785 1166 εί
2823 1113 2953 1167 ἐστέ
3006 1115 3063 1167 ἐν
3108 1116 3175 1184 τῇ
3233 1114 3426 1170 πίστει.
3491 1118 3564 1183 Ὠς
3600 1124 3678 1192 γὰρ

2177 1208 2344 1269 ἔοικε,
2403 1207 2496 1259 καὶ
2526 1204 2732 1276 ταύτης
2768 1204 3047 1276 ἐξέστητε,
3097 1205 3220 1258 ἐπεὶ
3269 1206 3328 1259 οὐ
3362 1207 3455 1260 κᾶν
3504 1209 3678 1283 δοκιμὴν

2177 1297 2518 1368 ἐπεζητείτε.
2571 1294 2705 1351 Εἶτα
2753 1297 2942 1367 ὥσπερ
2983 1297 3212 1352 λεαίνων
3260 1299 3318 1350 τὸ
3370 1300 3568 1372 σφοδρὸν
3610 1306 3680 1374 τῆς

2176 1391 2582 1461 ἐπιτιμήσεως,
2615 1409 2634 1442 ι
2669 1390 2739 1442 Ἦ
2768 1389 2869 1444 οὐκ
2918 1389 3314 1458 ἐπιγινώσκετε
3341 1431 3355 1456 ,
3409 1393 3568 1462 φησὶν,
3587 1397 3680 1450 ἐον-

2175 1483 2324 1545 τοὺς.
2354 1499 2373 1534 ι
2408 1481 2490 1534 ὅτι
2553 1479 2761 1549 Ἰησοῦς
2813 1480 3051 1551 Χριστος
3108 1483 3166 1533 ἐν
3214 1481 3340 1550 ὑμῖν
3385 1482 3548 1550 tam;
3594 1487 3681 1542 ἀντὶ

2175 1575 2268 1628 τοῦ
2300 1573 2409 1644 ἐγὼ
2437 1572 2610 1636 οὕτως
2647 1573 2793 1644 ὑμᾶς
2828 1572 3203 1640 ἐπιγινώσκω·
3259 1573 3380 1627 δτιό
3418 1576 3612 1645 Χριστὸς
3639 1582 3680 1632 ἐν

2177 1669 2325 1737 ὑμῖν.
2367 1667 2430 1720 Εἰ
2460 1666 2518 1720 δὲ
2549 1665 2706 1719 αὐτοὶ
2738 1663 2898 1718 τοῦτο
2928 1667 3197 1733 ἀγνοεῖτε,
3231 1665 3380 1735 ὑμῶν
3419 1668 3512 1738 ἄρα
3534 1670 3582 1722 τὸ
3618 1672 3682 1740 ετ.

2176 1759 2383 1828 κλημα.
2417 1756 2633 1812 Οὐκοῦν
2688 1758 2920 1820 ἑαυτοὺς
2972 1757 3274 1827 ἀδοκίμους
3319 1759 3680 1829 ἀπειργάσασεε.

2177 1852 2243 1904 "A
2255 1869 2328 1916 μα
2355 1851 2412 1904 δέ
2445 1851 2538 1904 καὶ
2571 1850 2845 1922 ἐντρέπει.
2863 1849 2949 1914 Ὡς
2967 1850 3018 1902 εί.
3046 1847 3159 1918 ἐγὼ
3181 1850 3272 1902 τὸν
3293 1851 3508 1920 Χριστὸν
3527 1854 3571 1905 ἐν
3591 1855 3683 1923 ὑμῖν

2175 1940 2317 1998 εἶναι
2340 1941 2596 2011 γινώσκω
2629 1942 2677 1994 εἰ
2699 1940 2775 2012 μὴ
2789 1941 3042 2011 ἀδόκιμοι
3061 1942 3345 2010 γεγόνατε,
3369 1943 3475 2006 πῶς
3489 1946 3680 1998 adtulit:

2173 2036 2403 2105 δοκιμὴν
2434 2033 2600 2089 αὑτοῦ
2631 2035 2688 2087 ἐν
2709 2033 2835 2104 ἐμοὶ
2859 2033 3076 2103 ζητεῖτε
3107 2051 3120 2100 ;
3158 2035 3252 2087 καὶ
3267 2035 3418 2105 δῆλον
3438 2036 3510 2088 ὅτι
3533 2039 3683 2107 τριχεῑςς

2151 2117 2319 2182 ἐστιν
2377 2127 2631 2180 ἐκλαϐεῖν
2690 2127 2751 2180 τὸ
2801 2126 3038 2199 χωρίον,
3093 2127 3241 2181 κατὰ
3291 2127 3567 2198 σνμὸοὒλὴν
3619 2137 3684 2184 καὶ

2175 2220 2522 2291 παραίνεσιν,
2580 2219 2772 2290 ὥσπερ
2829 2218 3039 2291 ἕτεροι,
3093 2218 3246 2273 κατὰ
3290 2221 3592 2290 ἐπαπόρησιν
3618 2227 3684 2276 xa‘:

2174 2315 2418 2384 ἔλεγχον,
2464 2312 2606 2366 κατὰ
2655 2311 2948 2381 ἐπίπληξιν
3012 2313 3106 2366 καὶ
3153 2313 3485 2382 ἐπιτίμησιν,
3531 2315 3590 2378 ὡς
3617 2315 3684 2366 νῦν

2174 2408 2437 2461 ἔκκειται.
2478 2425 2497 2458 ι
2537 2406 2607 2460 Ἦ
2665 2406 2766 2460 οὐκ
2825 2406 3227 2475 ἐπιγινώσκετε
3291 2408 3559 2470 ἑαυτούς.»
3596 2409 3682 2470 Πῶς

2173 2499 2218 2553 δ’
2267 2497 2336 2551 ἂν
2381 2497 2687 2568 γνοίησαν;
2737 2500 2803 2550 ἐκ
2857 2497 2968 2550 τῶν
3009 2498 3258 2568 σημείων
3300 2491 3373 2553 ὧν
3416 2498 3612 2562 ἐποίουν,

2174 2590 2256 2644 ἑτι
2315 2592 2521 2642 ποιοῖεν
2577 2589 2759 2654 αὐτὰ,
2823 2589 3009 2660 φησίν.
3066 2608 3084 2641 ι
3147 2590 3214 2642 Ei
3290 2590 3362 2660 μή
3415 2607 3463 2642 τι
3498 2590 3682 2658 ἀδόκιμοί

2174 2684 2318 2736 ἐστε.
2345 2699 2366 2734 ι
2399 2680 2666 2735 Ἐνταῦθα
2690 2681 2784 2735 καὶ
2810 2682 2889 2744 είς
2917 2681 3032 2752 βίον
3048 2681 3290 2753 πονηρὸν
3311 2681 3492 2745 αὐτοὺς
3510 2683 3681 2735 αἰνίττε-

2173 2793 2284 2828 ται.
2316 2776 2408 2826 Δεῖ
2433 2773 2541 2845 γὰρ
2565 2775 2656 2827 καὶ
2696 2776 2934 2834 πίστεως
2966 2775 3062 2826 καὶ
3083 2773 3229 2844 βίον,
3257 2774 3392 2846 πρδς
3430 2774 3490 2826 τὰ
3518 2776 3679 2842 σημεῖα.

2175 2867 2238 2918 Εἰ
2262 2860 2355 2918 οὖν
2379 2862 2471 2918 καί
2501 2867 2626 2917 ἐστε
2657 2864 2714 2916 ἐν
2749 2866 2814 2934 τῇ
2848 2862 3052 2926 πίστει,
3091 2864 3169 2935 μὴ
3206 2866 3301 2918 καὶ
3327 2865 3432 2935 βίον
3452 2865 3501 2919 δὲ
3539 2865 3682 2919 xuii.-

2175 2954 2336 3024 ληλον
2361 2953 2736 3023 ἐπιτηδεύετε,
2760 2955 2952 3022 φησιν,
2980 2954 3240 3024 ἀδόκιμοί
3257 2957 3312 3008 τέ
3338 2958 3472 3019 ἐστε,
3502 2956 3683 3023 uixit:-

2177 3047 2300 3109 στδς
2342 3047 2399 3099 ἐν
2451 3047 2582 3114 ὑμῖν
2623 3047 2724 3099 οὐκ
2755 3046 2930 3111 ἐστιν,
2971 3048 3092 3100 οὐδὲ
3118 3049 3213 3102 διὰ
3241 3049 3347 3102 τῶν
3377 3048 3581 3119 σημείων
3601 3048 3683 3101 δει-

2177 3155 2332 3192 κνυσι
2357 3135 2544 3208 παρὼν
2572 3136 2708 3208 πρὸς
2739 3137 2904 3208 ὑμᾶς.
2931 3156 2948 3188 ι
2971 3137 3215 3204 Ἐλπίζω
3241 3139 3298 3193 δὲ
3326 3139 3402 3192 ὅτι
3424 3137 3678 3208 γνώσεσθε.ι

2180 3229 2321 3283 Εἰδέ
2353 3229 2491 3292 ὅλως
2515 3230 2674 3298 ὑμεῖς
2703 3231 2776 3300 μή
2815 3231 2938 3282 ἐστε
2978 3229 3256 3301 ἀδόκιμοι,
3293 3231 3481 3295 ἐλπίζω
3522 3231 3586 3285 ὅτι
3625 3228 3683 3284 διὰ

3325 3325 3404 3377 ὅτι
3450 3324 3479 3394 ἡ
3486 3326 3580 3392 μείς
3615 3319 3683 3374 οῦκ

2181 3416 2354 3484 ἐσμεν
2378 3415 2652 3484 ἀδόκιμοι.
2709 3414 2859 3468 Ἔδει
2899 3414 3000 3485 μὲν
3039 3411 3132 3468 οὖν
3172 3415 3322 3486 ἄλλῳ
3347 3414 3514 3484 τρόπῳ
3539 3411 3684 3481 γνῶναι

2182 3507 2327 3576 ὑμᾶς
2367 3507 2462 3560 καὶ
2510 3507 2710 3559 είδέναι
2750 3507 2832 3560 ὃτι
2890 3507 3104 3576 δόκιμοί
3138 3510 3334 3576 ἐσμεν.
3372 3502 3682 3574 Ἐπειδὴδὲο)

2184 3596 2440 3668 βούλεσθε
2468 3638 2483 3665 ,
2519 3597 2606 3652 διὰ
2656 3600 2754 3669 τῆς
2801 3597 2954 3668 ὑμῶν
3006 3600 3286 3670 τιμωρίας
3343 3598 3487 3653 τοῦτο
3533 3595 3683 3665 γνώσε-

2185 3688 2308 3745 σοε.

489 3771 676 3825 estad
714 3772 890 3842 signa.
939 3776 1129 3848 Itaque
1185 3779 1531 3836 licctiuiide
1593 3783 1738 3848 sitis,
1804 3783 1968 3858 709
2037 3783 2141 3838 nisi
2197 3790 2252 3836 et
2311 3783 2478 3838 vitam
2537 3782 2901 3838 conformiter
2959 3785 3291 3852 instituatis,
3355 3778 3684 3856 rcprobiestis.

492 3861 690 3933 inquit,
723 3875 777 3920 et
808 3867 1061 3925 Christus
1093 3873 1145 3926 in
1186 3873 1340 3928 vobis
1373 3889 1483 3930 non
1509 3883 1613 3941 est,
1678 3891 1854 3947 neque.
1891 3876 2068 3946 signis
2110 3874 2349 3930 ostendit
2377 3874 2520 3944 quod
2561 3890 2800 3944 prmsens
2826 3876 2898 3930 sit
2930 3877 3074 3944 apud
3121 3893 3244 3931 vos.
3283 3895 3302 3928 ι
3338 3877 3402 3929 At
3449 3887 3580 3944 spero
3618 3879 3685 3920 vos

491 3963 829 4032 cognituros.
867 3983 886 4017 ι
919 3963 978 4019 Si
1005 3977 1188 4022 autem
1254 3984 1359 4023 non
1411 3972 1636 4026 omnino
1695 3971 1915 4042 reprobi
1952 3972 2109 4033 estis.
2153 3987 2316 4040 spero
2364 3987 2460 4026 vos
2491 3971 2809 4038 cognituros
2831 3985 2928 4039 per
2970 3970 3237 4026 ultionem
3299 3986 3416 4041 qua:
3453 3970 3499 4022 in
3527 3981 3601 4019 vos
3625 3959 3685 4016 θυι

489 4055 632 4124 quod
666 4072 768 4112 nos
801 4075 911 4113 non
946 4061 1124 4117 simus
1165 4064 1406 4134 reprobi.
1441 4065 1731 4135 Oporteret
1755 4066 1945 4136 utique
2012 4079 2112 4119 vos
2155 4065 2264 4118 alio
2312 4063 2474 4118 modo
2503 4076 2840 4132 cognoscere
2869 4077 2932 4118 ac
2964 4064 3108 4119 scire
3131 4065 3282 4134 quod
3309 4063 3503 4135 probati
3527 4061 3681 4114 sinnts;

491 4153 750 4220 quoniam
776 4161 958 4208 autem
987 4171 1093 4209 non
1122 4156 1306 4222 vultis,
1342 4171 1436 4226 per
1497 4159 1826 4228 supplicium
1899 4167 2141 4213 vestrum
2183 4155 2554 4226 cognoscetis.

560 4265 700 4332 XIII,
725 4267 846 4322 7-9.
888 4266 1021 4336 Opta
1059 4279 1235 4323 autem
1272 4272 1413 4338 apud
1451 4270 1616 4325 Deum
1662 4288 1725 4325 ne
1766 4271 1892 4340 quid
1941 4273 2071 4325 mali

494 4360 731 4430 faciatis,
756 4376 858 4412 non
888 4377 989 4430 quo
1019 4378 1112 4413 nos
1141 4363 1348 4430 probati
1379 4378 1752 4432 appareamus,
1782 4364 1871 4416 sed
1900 4373 1954 4416 ut
1983 4381 2069 4416 vos

491 4452 632 4523 quod
670 4455 947 4508 honestum
989 4466 1066 4507 est
1110 4455 1347 4523 faciatis,
1394 4474 1488 4510 nos
1533 4473 1652 4510 vero
1683 4459 1821 4510 velut
1864 4458 2071 4522 reprobi

2253 4271 2519 4339 Εὗχομαι
2549 4269 2617 4324 δὲ
2639 4271 2790 4339 πρὸς
2817 4267 2925 4324 τὸν
2957 4269 3108 4324 Θεὸν
3162 4271 3254 4339 μὴ
3307 4267 3534 4338 ποιῆσαι
3578 4264 3687 4332 ι’ψᾶς

2178 4363 2373 4417 κακὸν
2418 4362 2636 4433 μηδὲν,
2665 4365 2778 4431 οὐχ
2826 4363 2929 4416 ἵνα
2966 4362 3138 4430 ἡμεῖς
3183 4362 3414 4432 δόκιμοι
3455 4357 3686 4431 φανῶμεν.

2176 4454 2443 4508 ἀλλ’ἵνα
2503 4451 2674 4522 ὑμεῖς
2720 4453 2785 4507 τὸ
2826 4452 3025 4507 καλὸν
3077 4452 3313 4522 ποιῆτε,
3361 4451 3514 4520 ἡμεῖς
3555 4447 3610 4500 δὲ
3631 4446 3685 4507 ὠς

495 4545 663 4598 simus
699 4561 799 4598 non
830 4547 968 4598 enim
994 4561 1273 4614 possumus
1297 4548 1579 4617 quidquam
1603 4549 1854 4603 adversus
1884 4551 2075 4603 vetita--

2179 4546 2449 4613 ἀδόκιμοι
2495 4540 2673 4614 ὦμεν.
2724 4547 2806 4598 Οὐ
2854 4544 2967 4614 γὰρ
3022 4543 3331 4612 δυνάμεθά
3379 4561 3428 4598 τι
3466 4541 3589 4596 κατὰ
3612 4535 3688 4604 τῆς

499 4645 622 4702 tem,
661 4639 749 4692 sed
792 4653 888 4705 pro
924 4639 1162 4692 veritate.
1201 4638 1505 4693 Gaudemus
1537 4643 1674 4695 enim
1707 4659 1821 4695 cum
1858 4659 1951 4694 nos
1993 4644 2079 4694 in-

497 4730 640 4797 ﬁrmi
667 4732 947 4798 fuerimus,
975 4748 1061 4786 vos
1090 4743 1262 4787 autem
1293 4732 1458 4786 validi
1499 4734 1728 4802 fueritis.
1759 4734 1872 4788 Hoc
1901 4749 2078 4788 autem

495 4821 710 4888 insuper
740 4833 984 4892 optumus
1021 4835 1248 4879 vestram
1285 4826 1663 4896 integritatem.

570 5046 708 5102 Vide
767 5057 1006 5104 mentem
1069 5051 1505 5121 philoSOphicam
1568 5070 1584 5108 :
1646 5053 2076 5122 tlcspiciebatur,

499 5139 949 5196 subsannabatur
981 5149 1238 5212 tanquam
1276 5143 1410 5198 nihil
1453 5153 1664 5213 posset,
1699 5144 1794 5198 sed
1835 5145 1885 5196 in
1931 5145 2077 5199 litte-

502 5235 578 5290 ris
605 5233 1252 5303 duntaxatgloriaretur:
1288 5245 1342 5291 et
1373 5253 1480 5291 non
1511 5239 1672 5292 modo
1703 5237 1904 5304 differt,
1929 5239 2079 5292 illato

499 5325 566 5380 ad
581 5340 770 5382 versus
808 5325 932 5380 illos
967 5326 1256 5396 supplicio,
1288 5332 1566 5400 propriam
1601 5332 1950 5386 manifestare
1983 5347 2080 5401 po-

499 5417 728 5471 tentiam
768 5432 782 5469 :
821 5432 1008 5472 verum
1043 5417 1205 5472 etiam
1243 5430 1502 5490 precatur
1541 5439 1608 5478 ne
1639 5426 1856 5494 quando
1888 5426 1940 5479 in
1979 5442 2076 5479 ne-

498 5512 815 5568 cessitatem
866 5511 1073 5566 incidat
1129 5512 1271 5568 hanc
1319 5513 1750 5572 demonstrandi.
1795 5519 2080 5584 Quomodo

499 5619 632 5673 ergo
655 5613 710 5660 et
734 5619 926 5676 speras
950 5603 1096 5676 quod
1128 5607 1390 5676 probatus
1419 5610 1728 5676 apparebis.
1752 5626 2080 5679 rursumque

505 5697 751 5765 p~ccaris
788 5712 857 5751 ne
899 5695 1031 5751 ﬁat?
1085 5695 1293 5752 Precor
1323 5695 1543 5768 quidem
1587 5709 1645 5754 ut
1685 5716 1780 5754 vos
1825 5702 2078 5754 meliores

503 5787 826 5852 rnhlamini,
879 5804 980 5844 nec
1026 5791 1156 5845 mihi
1206 5805 1344 5859 opus
1389 5789 1457 5846 sit
1503 5789 1705 5844 inferre
1740 5789 1790 5840 in
1827 5805 1922 5842 vos
1951 5805 2081 5856 snp-

503 5878 754 5951 picium,
803 5888 898 5934 aut
949 5895 1034 5936 me
1075 5882 1364 5954 probatum
1416 5899 1480 5938 ex
1538 5880 1640 5938 hoc
1689 5879 1928 5937 ostendi.
1967 5879 2080 5935 llue

2183 4637 2490 4703 ἀληθείας,
2551 4637 2689 4690 ἀλλ’
2754 4635 2906 4705 ὑπὲρ
2939 4635 3052 4704 τῆς
3103 4636 3412 4701 ἀληθείας.
3467 4635 3688 4700 Χαίρομεν

2184 4732 2294 4799 γὰρ
2346 4731 2492 4783 ὅταν
2520 4729 2693 4797 ἡμεῖς
2735 4729 3105 4799 ἀσθενῶμεν,
3166 4730 3339 4799 ὑμεῖς
3395 4729 3458 4782 δὲ
3502 4720 3685 4781 δυνατοί

2179 4819 2306 4892 ἦτε.
2347 4820 2526 4875 Τοῦτο
2551 4819 2620 4874 δὲ
2659 4821 2756 4874 καὶ
2781 4823 3082 4892 εὐχόμεθα
3108 4821 3226 4890 τὴν
3273 4818 3434 4891 ὑμῶν
3481 4813 3685 4881 κατάρα·

2181 4933 2308 4973 σιν.

2254 5057 2400 5126 Ὅρα
2447 5053 2738 5124 φιλόσοφον
2793 5050 3044 5123 γνώμην,
3111 5052 3500 5122 κατεφρονεῖτο,
3557 5047 3686 5107 ἐκωμ-

2182 5149 2371 5220 ῳδεῖτο
2401 5147 2475 5210 ώς
2504 5147 2657 5200 οὐδὲν
2688 5145 3010 5214 δυνάμενος,
3041 5145 3154 5198 ἀλλ’
3202 5147 3259 5198 ἐν
3290 5144 3552 5214 γράμμασι
3570 5133 3684 5206 μόνον

2182 5239 2505 5309 κομπάζων.
2541 5238 2651 5291 Καὶ
2680 5237 2740 5290 οὐ
2777 5238 2939 5306 μόνον
2989 5237 3347 5290 ἀναϐάλλεται
3381 5235 3460 5286 διὰ
3486 5233 3565 5299 τῆς
3596 5220 3683 5277 κατ’

2183 5331 2406 5384 ἐκείνων
2459 5328 2730 5399 τιμωρίας
2782 5328 2882 5398 τὴν
2932 5329 3140 5381 οἰκείαν
3214 5328 3368 5396 ἰσχὺν
3418 5317 3680 5393 φανερῶσαεν

2181 5423 2317 5478 ἀλλὰ
2345 5422 2438 5476 καὶ
2469 5421 2687 5491 εὔχεται
2717 5419 2791 5490 μὴ
2822 5421 3080 5489 ἐμπεσεῖν
3117 5437 3243 5472 ποτε
3278 5420 3354 5480 είς
3383 5419 3590 5479 ἀνάγκην
3617 5421 3682 5456 του

2181 5517 2385 5586 ταύτην
2411 5514 2788 5580 ἐπιδεῖξαι.-
2815 5499 3016 5584 [eum
3075 5512 3197 5575 Πῶς
3235 5510 3328 5564 οὖν
3367 5508 3454 5561 καὶ
3502 5498 3682 5561 ἐλπίζεις

2181 5608 2405 5676 δῦκιμος
2455 5606 2713 5675 ὀφθῆναι,
2778 5606 2876 5658 καὶ
2934 5605 3095 5658 πάλιν
3150 5603 3285 5673 εὖχῃ
3333 5601 3406 5671 μὴ
3457 5591 3679 5684 γενέᾲθιιξ

2183 5699 2413 5771 εὔχομαι
2443 5699 2542 5768 μὲν
2575 5697 2934 5768 βελτιωοῆναι
2963 5697 3126 5768 ὑμᾶς,
3147 5696 3238 5750 καὶ
3277 5693 3350 5765 μὴ
3370 5683 3590 5760 δεηθῆναί
3633 5691 3679 5748 με

2183 5791 2282 5858 τῆς
2310 5791 2396 5858 ἐφ’
2421 5791 2562 5860 ὑμᾶς
2597 5788 2883 5860 τιμωρίας.
2923 5789 3054 5860 μηδὲ
3103 5789 3320 5855 δόκιμον
3353 5787 3405 5836 ἐν
3431 5779 3578 5844 matr,
3597 5772 3679 5860 διιέ

2183 5881 2482 5952 δειχδοῆναι.
2543 5880 2713 5934 Τοῦτο
2771 5880 3020 5952 εὖχομαν,
3089 5883 3144 5934 ἐν
3187 5877 3356 5947 τούτῳ
3377 5874 3543 5948 χαίρω.
3571 5865 3616 5918 ΕΞ
3638 5859 3676 5914 δὲ
