3956 6556
250 466 392 534 1085

1175 478 1561 544 COMMENT.
1606 484 1686 546 IN
1732 488 1974 550 EPIST.
2017 491 2079 551 II
2112 492 2214 555 AD
2249 493 2615 557 CORINTH.

3371 497 3517 567 108d

247 586 543 656 ἐπιμένετε
564 586 630 656 τῇ
653 586 898 658 ἁμαρτίᾳ
916 590 1389 660 καταφρονοῦντες
1412 593 1512 662 τῆς
1533 597 1826 668 τιμωρίας,

1937 611 2086 670 οριο,
2123 602 2177 658 in
2208 604 2312 662 hoc
2339 608 2575 679 gaudeo.
2605 606 2663 662 Si
2697 620 2827 664 vero
2857 605 2911 662 in
2944 613 3172 677 peccato
3200 623 3526 678 permanse-

246 680 556 750 ἀνιώμενος
583 679 684 750 μὲν
717 680 813 734 καὶ
843 680 1204 751 βαρυθυμῶν,
1235 684 1386 755 ὅμως
1416 688 1831 759 τιμωρήσομαι.

257 768 474 841 Ῥᾴδιον
494 768 604 837 γάρ
641 786 732 840 μοι
754 769 815 823 τὸ
841 770 1084 835 ἐλπίζειν
1102 770 1280 826 τοῦτο.
1313 792 1330 825 ι
1369 774 1482 844 Οὐχ
1532 776 1621 829 ἵνα
1673 778 1834 847 ἡμεῖς

245 862 464 933 δόκιμοι
489 861 772 933 φανῶμεν.
808 882 827 914 ι
877 864 968 917 ‘En
994 863 1104 933 γὰρ
1133 864 1228 918 τοῦ
1253 864 1327 935 μὴ
1350 867 1689 937 ἁμαρτάνειν
1730 870 1831 924 αὐ-

245 956 399 1019 τοὺς,
434 955 535 1009 οὐκ
563 954 645 1008 ἔτι
671 954 773 1026 τὴν
809 956 1187 1026 τιμωρητικὴν
1220 956 1832 1029 ἐπεδείκνυτοδύναμιν,

246 1048 347 1104 καὶ
402 1049 567 1103 πάλιν
617 1048 695 1113 ὡς
745 1048 1010 1118 ἀδόκιμος
1070 1049 1162 1103 καὶ
1213 1050 1510 1121 ἀνίσχυρος
1561 1051 1829 1123 ἐκρίνετο.

253 1141 521 1210 ε.Ἦμεῖς
552 1139 610 1193 δὲ
661 1139 739 1204 ὡς
789 1141 1060 1210 ἀδόκιμοι.
1098 1159 1118 1194 ι
1168 1140 1362 1205 Καλῶς
1390 1141 1474 1206 τὸ,
1508 1142 1606 1206 »Ὡς
1651 1142 1834 1196 ἀδόκι-

248 1250 366 1303 μοι.
428 1234 504 1286 Οὐ
538 1234 648 1304 γὰρ
700 1236 760 1303 τῇ
792 1232 1021 1306 ἀληθείᾳ
1079 1234 1336 1305 ἡμελλεν,
1367 1235 1490 1289 ἐπεὶ
1549 1235 1624 1306 μὴ
1655 1253 1832 1304 τιμω-

247 1328 427 1397 ρεῖται
463 1325 539 1397 μὴ
562 1326 1001 1397 ἁμαρτάνοντας,
1056 1327 1315 1397 ἀδόκιμος
1373 1327 1642 1396 γίνεσθαι,
1697 1327 1833 1381 ἀλλά

245 1419 347 1471 καὶ
376 1419 614 1489 μάλιστα
634 1419 881 1490 δόκιμος.
920 1418 1060 1474 ἀλλά
1080 1421 1172 1474 διά
1194 1421 1295 1493 τὴν
1322 1421 1433 1476 τῶν
1452 1422 1661 1476 πολλῶν
1705 1422 1834 1476 ὑπό-

243 1511 432 1582 ληψιν,
464 1508 586 1566 εἶπε
624 1512 704 1578 τὺ,
727 1512 803 1575 ὡς
832 1513 1121 1582 ἀδόκιμον
1158 1533 1177 1567 ε
1219 1514 1295 1569 Οὐ
1331 1514 1441 1586 γάρ
1474 1514 1752 1584 δυνάμεθά
1779 1531 1834 1567 τι

245 1605 392 1659 κατά
413 1605 516 1674 τῆς
542 1603 823 1676 ἀληθείας.
861 1623 881 1657 ι
917 1603 1066 1659 ’Ἐάν
1113 1623 1199 1670 τις
1246 1605 1464 1676 ἀληθῶς
1507 1605 1636 1676 βιοῖ,
1673 1605 1827 1675 φησι.

247 1696 349 1750 καὶ
382 1697 649 1761 εὐσεϐῶς.
694 1698 987 1768 Ἀλήθειαν
1019 1696 1129 1769 γὰρ
1153 1696 1252 1752 νῦν
1267 1696 1367 1769 τὴν
1410 1698 1697 1752 εὐσέϐειαν
1733 1716 1834 1754 κα-

242 1792 350 1857 λεῖ,
382 1792 458 1854 ὡς
487 1789 646 1844 νόθου
673 1789 825 1853 ὄντος
857 1787 955 1843 τοῦ
981 1789 1281 1853 δυσσεὸοὐς
1308 1789 1449 1861 βίου.
1481 1790 1556 1844 Οὐ
1612 1791 1724 1861 γάρ
1777 1792 1829 1845 εί

244 1885 577 1958 βουλοίμεθα
638 1886 945 1953 ἐπαγαγεῖν
1020 1884 1295 1955 τιμωρίαν
1327 1924 1344 1950 ,
1393 1883 1690 1954 δυνάμεθα.
1751 1885 1826 1937 Οὐ

1939 693 2082 757 ritis,
2117 706 2441 755 contemnes
2480 699 2751 770 supplicia
2785 713 2800 753 :
2842 699 3043 756 anxius
3076 700 3299 772 quidem
3336 709 3393 757 et
3429 717 3523 757 τοο

1934 798 2211 855 pugnante
2251 791 2457 855 animo,
2510 792 2748 848 ulciscar
2788 800 2971 847 tamen
3006 810 3019 846 :
3062 807 3186 847 nam
3243 792 3295 848 id
3348 795 3523 865 magis

1936 889 2247 949 promptum
2276 891 2362 939 est
2403 899 2628 954 sperare
2669 885 2784 942 sive
2824 885 3023 941 vereri.
3073 905 3091 938 ι
3128 885 3249 942 Non
3278 900 3388 957 quo
3419 902 3523 941 nos

1932 971 2146 1040 probati
2175 988 2559 1044 appareamus.
2597 981 2631 1031 ι’
2650 979 2729 1033 Ex
2756 993 2822 1034 eo
2841 979 2984 1032 enim
3010 980 3154 1048 quod
3187 994 3295 1033 non
3324 994 3523 1049 pecca-

1934 1070 2077 1127 reut,
2121 1063 2236 1134 jam
2294 1067 2598 1136 punitivam
2651 1084 2761 1124 non
2812 1070 3129 1125 ostenderet
3193 1070 3517 1139 potentiam,

1934 1155 2067 1223 quin
2117 1156 2301 1223 potius
2347 1165 2408 1211 ut
2458 1159 2727 1228 reprobus
2777 1168 2831 1215 et
2880 1161 3155 1230 impotens
3202 1160 3513 1217 haberetur.

1940 1266 1959 1297 ε
1999 1246 2108 1303 Nos
2149 1264 2282 1304 vero
2315 1250 2466 1305 velut
2513 1251 2753 1321 reprobi.
2791 1270 2810 1303 ι
2855 1250 3003 1308 Bene
3047 1254 3122 1307 ait
3160 1271 3173 1306 :
3217 1252 3380 1307 Velut
3428 1268 3519 1307 re-

1937 1340 2133 1409 probi;
2181 1357 2361 1412 neque
2409 1342 2556 1397 enim
2604 1358 2731 1398 vere
2778 1345 3049 1414 reprobus
3100 1345 3323 1400 iuturus
3373 1352 3519 1409 erat,

1933 1431 2081 1500 quod
2140 1445 2252 1486 non
2313 1444 2608 1501 peccantes
2658 1434 2957 1502 puniturus
3019 1449 3125 1487 non
3183 1441 3354 1495 esset,
3407 1430 3523 1488 imo

1935 1523 2172 1576 maxime
2202 1523 2509 1593 probatus:
2547 1523 2643 1579 sed
2683 1524 2755 1579 ob
2799 1525 3097 1579 multorum
3144 1525 3516 1595 suspicionem

1932 1613 2072 1669 dixit
2106 1629 2123 1667 :
2159 1632 2179 1667 ι
2203 1613 2364 1669 Velut
2397 1606 2639 1686 repro’hi.
2667 1620 2789 1667 ι’-
2835 1635 2854 1668 r
2887 1614 3003 1671 Non
3034 1618 3178 1672 enim
3222 1631 3520 1684 possumus

1933 1703 2231 1774 quidquam
2265 1703 2534 1760 adversus
2562 1704 2872 1760 veritatem.
2910 1722 2929 1756 ι
2983 1704 3039 1758 Si
3087 1705 3212 1772 quis
3247 1719 3394 1767 vere,
3433 1703 3520 1757 in-

1931 1797 2069 1869 quit,
2103 1811 2169 1852 ae
2212 1796 2301 1866 pie
2337 1798 2485 1852 vivat
2524 1796 2672 1867 (nam
2704 1798 2989 1853 veritatem
3021 1806 3181 1851 vocat
3216 1812 3361 1850 nune
3402 1796 3520 1866 pie-

1933 1895 2136 1955 tatem,
2180 1895 2441 1959 tanquam
2496 1904 2624 1944 vere
2674 1888 2961 1959 illegitima
3019 1889 3091 1943 sit
3149 1887 3315 1958 impia
3368 1888 3519 1951 vita,

243 1981 505 2051 συνεργεῖ
524 1979 634 2049 γάρ
655 1978 684 2031 ὁ
709 1977 863 2041 Θεός.
889 1978 964 2031 Οὐ
989 1976 1100 2047 γὰρ
1129 1977 1273 2030 κατὰ
1312 1976 1414 2046 τῆς
1434 1975 1693 2047 ἀληθείας
1715 1969 1826 2029 οἷον

1937 1980 2098 2036 etiam
2132 1981 2181 2035 si
2211 1981 2445 2036 velimus
2484 1980 2817 2050 supplicium
2868 1979 3132 2035 inducere
3178 1978 3518 2048 nequimus:

239 2068 531 2132 εὐσεὸείας
570 2086 625 2122 τι
670 2068 949 2138 ίσχύομεν.
1024 2066 1089 2121 Ἦ
1141 2067 1198 2120 δὲ
1259 2067 1411 2137 ἰσχὺς
1435 2066 1616 2136 ἡμῶν.
1653 2066 1828 2136 ’Υπὲρ

239 2161 439 2232 αὐτῆς,
463 2161 552 2215 ίνα
570 2161 699 2224 τούς
726 2161 805 2231 μὴ
828 2162 952 2214 κατ’
980 2159 1153 2229 αὐτὴν
1191 2159 1426 2226 ζῶντας,
1468 2158 1559 2213 διά
1595 2158 1698 2229 τῆς
1738 2175 1825 2211 τι·

243 2254 463 2325 μωρίας
488 2253 875 2323 ἀναγκάζομεν
910 2252 1184 2324 αἱρεῖσθαι
1238 2251 1432 2324 αὐτήν.
1472 2270 1490 2303 ι
1535 2251 1822 2322 Χαίρομεν

238 2351 354 2420 γάρ
387 2348 516 2403 ὅταν
535 2349 699 2418 ἡμεῖς
727 2345 1065 2417 ἀσθενῶμεν.
1101 2365 1121 2398 ι
1173 2345 1241 2399 Τί
1260 2345 1385 2412 οὒν;
1434 2345 1588 2398 Ἐπεὶ
1626 2344 1703 2416 μὴ
1729 2345 1825 2397 δύ-

237 2460 415 2512 ναμαι
444 2440 539 2495 καὶ
567 2440 893 2512 βουλόμενος
912 2438 1057 2493 κατά
1081 2439 1177 2508 τῆς
1202 2436 1481 2509 ἀληθείας.
1510 2434 1657 2506 *Δρα
1675 2435 1826 2503 ἀλγῶ

239 2538 386 2608 ὑπὲρ
446 2534 1003 2605 τούτου;οὐμενούν.
1056 2533 1280 2603 Χαίρων
1310 2533 1421 2603 γὰρ
1474 2531 1606 2585 ὅταν
1663 2531 1825 2600 ἡμεῖς

238 2629 499 2692 ἀσθενεῖς
518 2626 894 2700 νομιζὼμεθα,
924 2630 990 2680 ἐκ
1014 2625 1108 2679 τοῦ
1145 2624 1221 2696 μὴ
1270 2624 1499 2689 ἐπάγειν
1526 2621 1820 2693 τιμωρίαν.

188 2778 195 2787 ,
249 2723 447 2794 Ὑμεῖς
466 2722 525 2776 δέ
561 2721 793 2792 ἰσχυροὶ,
834 2723 901 2774 ἐκ
928 2710 1023 2773 ἓού
1056 2719 1323 2775 ἀνάλωτοι
1376 2713 1521 2772 εἶναι
1548 2718 1615 2787 τῇ
1646 2732 1823 2786 τιμω·

242 2814 448 2885 ρητικῇ
486 2830 590 2883 μου
625 2810 882 2881 δυνάμει,
917 2809 1007 2864 διά
1037 2810 1100 2864 τδ
1151 2808 1303 2880 βιοῦν
1357 2806 1555 2879 ὀρθῶς.
1594 2824 1613 2858 ι
1654 2805 1825 2859 Τοῦτο

236 2907 297 2963 δὲ
333 2907 427 2961 καὶ
454 2905 746 2977 εὐχόμεθα.
785 2923 806 2957 ι
840 2899 989 2976 Ἀρα
1019 2902 1115 2958 οὖν
1154 2903 1315 2973 μόνον
1365 2902 1662 2973 χαίρομεν;
1730 2899 1824 2952 καὶ

239 2999 517 3069 εὐχόμεθα
541 2998 639 3069 μὶν
668 2994 764 3054 οὖν
790 2998 891 3070 τὴν
915 2995 1071 3068 ήμῶν
1125 2995 1470 3064 κατάρτισιν,
1518 2992 1821 3053 τουτέστιν,

238 3090 615 3162 εὐδοκίμησιν,
642 3091 737 3145 καὶ
763 3090 824 3144 τὸ
865 3088 1203 3160 ἀπηρτίσθαι
1234 3089 1292 3140 ἐν
1312 3086 1413 3157 βίῳ
1447 3085 1540 3140 καὶ
1589 3084 1822 3153 δόγμασι

238 3187 521 3256 χρηστοῖς,
543 3185 613 3238 Ἦ
641 3183 730 3237 ἵνα
755 3182 1163 3253 σφαλλομένους
1204 3178 1631 3252 τιμωρούμενοι,
1652 3177 1822 3245 δόξω-

241 3293 347 3347 μεν
372 3273 509 3330 εἶναι
539 3275 776 3331 δυνατοί.
1262 3298 1267 3303 ο

312 3548 418 3602 Διὰ
450 3545 627 3600 τοῦτο
646 3543 835 3599 ταῦτα
858 3540 1031 3597 ἀπὼν
1059 3539 1283 3610 γράφω,
1335 3555 1437 3593 ινα
1483 3537 1570 3608 μὴ
1616 3535 1826 3605 παρὼν

238 3638 557 3708 ἀποτόμως
599 3633 945 3705 χρήσωμαι,
1003 3631 1155 3686 κατὰ
1213 3631 1328 3700 τὴν
1385 3630 1677 3695 ἐξουσίαν
1745 3627 1827 3696 ἦν

240 3730 430 3787 ἔδωκέ
461 3747 562 3800 μοι
601 3728 894 3796 όΚύριος,
939 3727 1027 3793 είς
1063 3723 1394 3794 οἰκοδομὴν
1441 3722 1539 3777 καί
1574 3724 1686 3777 οὐκ
1738 3723 1827 3787 είς

240 3822 617 3890 καθαίρεσιν.

330 3911 552 3983 Ἐπειδὴ
575 3911 783 3983 σφόδρα
813 3908 1121 3981 ἐπέπληξεν
1157 3908 1358 3971 αὐτοὺς
1401 3904 1681 3976 πανταχοῦ
1705 3904 1825 3972 μέν,

239 4007 482 4080 μάλιστα
511 4005 568 4060 δὲ
593 4008 651 4058 ἐν
673 4004 751 4076 τῷ
770 4002 914 4056 τέλει
945 4003 1046 4072 τῆς
1076 3999 1385 4071 ἐπιστολῆς,
1413 3999 1509 4053 νῦν
1529 3998 1617 4053 διά
1650 3997 1830 4051 τοιού-

233 4116 348 4153 των
374 4096 747 4163 ἀπολογεῖται,
781 4094 875 4147 καί
894 4109 1047 4162 φησιο
1084 4091 1184 4146 Διά
1206 4091 1364 4144 τοῦτο
1382 4089 1554 4153 οὕτως
1586 4088 1825 4160 ἔγραψα,

237 4190 316 4252 ὡς
377 4187 704 4259 βουλόμενος
754 4185 883 4255 ἄχρι
924 4184 1034 4238 τῶν
1102 4183 1451 4255 γραμμάτων
1525 4175 1666 4233 εἶναι
1716 4180 1816 4249 τὴν

238 4280 601 4349 ἀποτομίαν,
684 4280 782 4333 καὶ
861 4276 937 4349 μὴ
1022 4278 1082 4330 ὲν
1166 4275 1351 4346 ἔργοις
1420 4271 1826 4342 ἐπιδειχθῆναι.

245 4393 265 4427 ι
304 4371 487 4430 Κατὰ,
515 4370 612 4443 τὴν
668 4369 920 4435 ἐξουσίαν
963 4368 1031 4440 ἡν
1078 4366 1248 4421 ἑδωκέ
1302 4383 1392 4437 μοι
1459 4366 1489 4418 δ
1531 4365 1753 4434 Κύριος.
1804 4383 1824 4416 ι

241 4468 411 4521 Ὥστε
471 4465 575 4520 κάν
653 4462 913 4528 κολάζω,
985 4462 1152 4530 φησὶν
1185 4500 1202 4525 ,
1260 4461 1362 4514 οὐκ
1409 4459 1518 4528 ἐγὼ
1567 4457 1782 4522 κολάζω
1812 4494 1829 4519 ,

237 4559 379 4615 ἀλλά
421 4557 512 4613 sua
575 4556 743 4628 μέσου
805 4554 941 4624 ἐμοῦ
977 4594 992 4617 ,
1056 4555 1084 4607 ὁ
1129 4552 1331 4624 ταύτην
1406 4570 1496 4621 μοι
1577 4543 1831 4617 δεδωκὼς

1936 2086 2049 2128 non
2087 2071 2233 2127 enim
2273 2081 2605 2143 cooperatur
2655 2073 2819 2139 Deus,
2860 2073 3023 2143 710
3064 2070 3346 2141 Siquidem
3379 2069 3520 2125 nihil

1934 2163 2202 2219 adversus
2230 2156 2518 2217 veritatem
2567 2165 2686 2219 sive
2738 2164 3002 2233 pietatem
3055 2176 3372 2232 possumus,
3419 2159 3518 2215 sed

1934 2272 2035 2328 pro
2064 2257 2184 2327 ipsa
2218 2271 2233 2309 :
2263 2265 2324 2311 ut
2357 2270 2455 2312 eos
2483 2255 2575 2326 (ιιιί
2609 2255 2764 2326 juxta
2796 2257 2969 2326 ipsam
2997 2272 3108 2310 non
3142 2255 3347 2315 vivunt,
3382 2268 3518 2323 sup-

1934 2347 2100 2418 plicio
2150 2360 2416 2417 cogamus
2464 2353 2525 2401 ut
2569 2360 2691 2402 eam
2728 2347 2917 2401 velint.
2970 2365 2988 2399 t
3023 2344 3335 2401 Gaudemus
3368 2345 3515 2399 enim

1932 2454 2060 2494 cum
2094 2452 2196 2495 nos
2230 2437 2432 2494 infirmi
2466 2439 2751 2495 fuerimus.
2780 2457 2799 2491 ι
2835 2439 2976 2506 Quid
3005 2439 3179 2509 ergo?
3218 2437 3512 2504 Quoniam,

1934 2532 2133 2603 inquit,
2161 2532 2327 2589 etiam
2355 2532 2401 2589 si
2432 2532 2593 2589 velim
2637 2548 2748 2588 non
2791 2548 3016 2602 possum
3048 2532 3339 2587 adversum
3371 2530 3519 2585 veri-

1934 2634 2127 2690 tatem,
2178 2640 2310 2679 num
2367 2631 2657 2695 prapterea
2702 2625 2903 2679 doleo?
2948 2622 3330 2694 Nequaquam.
3378 2620 3516 2676 Nam

1932 2716 2146 2780 gaudeo
2179 2731 2303 2771 cum
2334 2730 2437 2770 nos
2471 2715 2774 2773 imbecilles
2803 2715 3103 2771 existimati
3134 2713 3429 2773 fuerimus.
3449 2727 3517 2767 eo

1933 2808 2079 2878 quod
2120 2807 2384 2863 ultionem
2416 2822 2532 2863 non
2564 2808 2894 2863 inducamus
2931 2825 2946 2860 :
2977 2821 3072 2862 vos
3107 2815 3290 2860 autem
3323 2804 3511 2868 validi,

1930 2911 1996 2951 eo
2026 2896 2172 2966 quod
2203 2895 2596 2965 comprehendi
2629 2910 2658 2949 a
2693 2910 2813 2951 mea
2846 2894 3094 2966 punitiva
3129 2895 3374 2966 potentia
3405 2909 3516 2949 non

1933 2987 2244 3060 potueritis,
2277 2988 2349 3044 ob
2379 2997 2685 3043 correctam
2718 2988 2905 3042 vitam.
2945 3006 2965 3040 ι
2998 2988 3115 3041 Hoc
3145 2998 3325 3041 autem
3357 2987 3515 3040 insu-

1931 3097 2029 3152 per
2057 3091 2333 3151 optamus.
2367 3098 2387 3131 ι
2428 3078 2567 3135 Num
2597 3095 2727 3150 ergo
2753 3078 2932 3135 solum
2967 3078 3273 3150 gaudemus
3297 3078 3321 3132 ‘2
3346 3078 3515 3133 etiam

1930 3181 2188 3244 optamus
2216 3187 2352 3229 sane
2384 3172 2558 3243 magis
2581 3171 3245 3242 vestram-integritatem,
3277 3172 3379 3226 hoc
3403 3177 3512 3234 est.

1934 3276 1992 3321 ut
2024 3265 2180 3337 probi
2211 3266 2527 3323 habeamini
2558 3280 2624 3322 ac
2662 3264 3024 3336 perﬁciamini
3058 3264 3116 3319 in
3142 3263 3253 3319 vita
3278 3272 3331 3318 et
3358 3263 3513 3330 sanis

1929 3359 2301 3431 dogmatibus,
2336 3374 2501 3430 quam
2542 3366 2604 3414 ut
2635 3374 2738 3416 nos
2779 3358 3057 3429 supplicio
3087 3356 3385 3413 allicientes
3417 3371 3516 3413 eos

1926 3453 2017 3523 qui
2051 3460 2263 3517 errant,
2290 3451 2580 3506 videamur
2611 3466 2734 3506 esse
2767 3461 3037 3521 potentes.

1994 3542 2137 3608 XIII,
2178 3542 2266 3599 It).
2320 3542 2610 3612 Propterea
2658 3543 2769 3597 Iure
2817 3541 3006 3597 absens
3050 3542 3248 3609 scribo,
3292 3557 3356 3595 ne
3394 3554 3515 3594 cum

1926 3651 2156 3706 prtesens
2195 3635 2367 3707 fuero,
2408 3636 2612 3708 rigidus
2651 3636 2757 3690 sim
2794 3635 2957 3705 juxta
3005 3644 3314 3706 potestatem
3354 3648 3513 3704 quam

1927 3727 2072 3782 dedit
2104 3728 2235 3783 mihi
2263 3728 2525 3785 Dominus
2555 3729 2610 3785 in
2647 3728 3058 3799 tediﬁcationem
3086 3738 3135 3784 et
3167 3745 3272 3783 non
3302 3731 3356 3782 in
3388 3727 3519 3783 abo-

1932 3821 2193 3876 titionem.

2002 3909 2275 3976 Quoniam
2332 3909 2684 3964 vehementer
2743 3907 2950 3977 ubique
3014 3922 3113 3963 eos
3183 3900 3513 3976 increpavit,

1931 4002 2166 4055 maxime
2197 4007 2380 4054 tamen
2409 4000 2465 4053 in
2496 3999 2603 4053 line
2624 4000 2910 4068 epistolae;
2946 4008 3169 4068 propter
3197 3997 3514 4067 Iiujusmodi

1930 4110 2078 4148 nuut-
2110 4107 2170 4146 se
2198 4099 2453 4156 excusat,
2493 4099 2550 4145 et
2574 4092 2651 4144 ait
2685 4109 2699 4145 :
2733 4089 3029 4161 Propterea
3063 4091 3134 4144 ita
3168 4090 3388 4160 scripsi.
3419 4106 3517 4145 vo-

1932 4186 2053 4241 lens
2092 4185 2145 4238 iu
2187 4184 2385 4238 litteris
2428 4183 2696 4239 duntaxat
2736 4196 2861 4238 esse
2898 4183 3274 4247 severitatem,
3310 4191 3366 4237 et
3403 4198 3515 4237 non

1930 4277 2195 4348 operibus
2250 4291 2371 4330 eam
2428 4275 2822 4331 demonstrari.
2895 4292 2916 4326 ι
2965 4273 3127 4329 Juxta
3192 4283 3516 4345 potestatem

1931 4390 2094 4444 quam
2121 4373 2272 4428 dedit
2307 4372 2439 4426 mihi
2472 4371 2758 4427 Dominus.
2791 4390 2811 4422 ι
2844 4369 3034 4440 Itaque
3069 4370 3115 4425 si
3152 4369 3513 4440 supplicium,

1933 4465 2129 4535 inquit,
2156 4478 2462 4534 sumpsero,
2490 4478 2597 4518 non
2625 4478 2726 4532 ego
2755 4477 2969 4515 sumant
3003 4462 3335 4531 supplicium
3362 4480 3376 4516 :
3412 4461 3511 4516 sed

1936 4572 2032 4629 per
2066 4572 2151 4610 me
2194 4556 2459 4618 medium,
2498 4556 2613 4625 ipse
2639 4554 2729 4624 qui
2763 4554 2913 4611 hanc,
2940 4553 3071 4608 mihi
3097 4553 3245 4608 dedit
3275 4562 3521 4624 potesta~

238 4654 344 4721 τὴν
365 4649 620 4717 ἐξουσίαν
643 4647 902 4720 Χριστός.
931 4648 1073 4718 Ὅρα
1111 4645 1191 4712 δέ,
1225 4646 1282 4698 ἐν
1308 4645 1385 4715 τῷ
1416 4643 1823 4713 ἀπολογεῖσθαι,

1937 4659 2041 4704 tem
2077 4648 2353 4703 Christus.
2399 4647 2700 4704 Considera
2743 4662 2873 4702 vero
2907 4647 3052 4716 quod
3099 4662 3159 4702 se
3201 4646 3537 4701 excusando

239 4745 620 4817 φοϐερώτερον
642 4741 913 4809 τὸνλόγον
944 4741 1261 4810 εἰργάσατο.
1303 4739 1369 4791 Τί
1397 4734 1527 4804 οὗνς
1560 4740 1706 4791 εῖποι
1738 4755 1823 4801 τις

237 4837 309 4892 ἂν
363 4834 535 4906 αὐτῷ.
584 4834 684 4888 Διά
715 4831 874 4888 τοῦτο
923 4830 1157 4901 εἴληφας
1199 4828 1468 4895 ἐξουσίαν,
1497 4828 1583 4882 ἵνα
1610 4830 1824 4900 τιμωρῇ

235 4932 369 4995 τούς
406 4916 743 5001 ⁸ἀνθρώπους
784 4925 911 4989 τοὺς
954 4924 1076 4977 κατ’
1115 4922 1298 4976 εἰκόνα
1361 4919 1537 4986 Θεού;
1594 4921 1688 4973 καὶ
1742 4920 1827 4982 εἰς

235 5022 407 5077 τοῦτό
445 5038 505 5074 σε
526 5020 661 5085 ὅλως
686 5018 1027 5088 κατέστησεν
1059 5016 1087 5068 ὁ
1107 5013 1493 5083 φιλάνθρωπος
1540 5012 1777 5083 Χριστός
1807 5029 1823 5080 ;

238 5117 360 5172 Οὐκ
378 5118 458 5179 είς
484 5113 831 5185 καθαίρεσιν,
855 5112 1013 5184 φησι,
1042 5110 1138 5164 καὶ
1166 5108 1390 5180 ὄλεθρον
1422 5109 1610 5180 ψυχῶν
1626 5108 1829 5179 εἴληφα

236 5209 344 5283 τὴν
372 5208 643 5277 ἐξουσίαν,
668 5207 785 5262 ἀλλ’
814 5209 895 5273 εἰς
917 5205 1231 5276 οἰκοδομήν.
1257 5203 1398 5257 Αὐτὸ
1435 5201 1542 5274 γάρ
1576 5202 1735 5257 τοῦτο
1765 5203 1828 5256 τὸ

237 5304 373 5367 τοὺς
393 5300 1001 5372 αἰτίουςξτιμωρεῖσθαι,
1018 5298 1276 5370 οἰκοδομὴ
1311 5296 1638 5365 Ἐκκλησίας
1655 5297 1825 5361 ἐστὶν,

240 5393 669 5463 ἀσφαλεστέρων
695 5392 803 5446 τῶν
832 5390 1037 5446 λοιπῶν
1057 5391 1150 5445 καὶ
1170 5388 1578 5461 δοκιμωτὲρων,
1612 5388 1698 5442 διὰ
1728 5391 1825 5457 τῆς

240 5484 517 5556 τιμωρίας
548 5483 872 5555 γινομένων.

274 5659 562 5725 .Λοιπέν,
585 5657 860 5728 ἀδελφοί,
900 5658 1158 5729 χαίρετε,
1181 5658 1617 5727 καταρτίζεσθε,
1643 5675 1830 5729 παρα-

164 5738 552 5813 *κωλέα-οε.
584 5754 649 5806 τὸ
695 5755 845 5808 αὐτὸ
897 5753 1194 5822 φρονεῖτε,
1229 5754 1584 5821 εἰρηνεύετε,
1632 5754 1751 5808 Kal‘
1794 5759 1829 5811 ό

245 5847 398 5909 Θδιὲς
429 5844 538 5911 τῆς
569 5844 810 5914 ἀγάπης
839 5844 936 5898 καί
966 5843 1215 5912 εἰρήνης
1236 5843 1407 5897 ἔσται
1443 5844 1576 5914 μεθ’
1634 5845 1825 5915 ὑμῶν.

257 5938 651 5995 ’Δσπάσασθε
680 5938 995 6009 ἀλλήλους
1014 5939 1084 5996 ἐν
1109 5938 1254 6010 ἁγίῳ
1279 5937 1588 6011 φιλήματι.
1611 5940 1825 5997 Ἀσπά-

1936 4739 2425 4795 Iormidabiliorem
2458 4738 2767 4794 exhibuerit
2798 4753 3127 4793 sermonem.
3164 4736 3305 4804 Quid
3347 4739 3520 4807 ergo?

1935 4841 2125 4903 posset
2165 4832 2440 4903 quispiam
2481 4832 2585 4901 ipsi
2623 4830 2830 4896 dicere,
2870 4846 2937 4883 an
2979 4831 3050 4885 ob
3093 4830 3160 4896 id_
3190 4838 3518 4899 potestatem

1935 4924 2200 4992 accepisti
2254 4934 2312 4979 ut
2365 4923 2591 4993 punires
2637 4921 2890 4977 homines
2939 4920 3008 4975 ad
3066 4920 3362 4993 imaginem
3423 4921 3519 4978 Dei

1937 5015 2201 5072 creatos?
2238 5022 2293 5069 et
2329 4992 2396 5068 ad
2436 5014 2543 5068 hoc
2582 5014 2812 5068 omnino
2844 5019 2897 5065 te
2927 4992 3218 5067 constituit
3251 5012 3522 5084 benignus

1939 5108 2222 5163 hominum
2268 5114 2483 5161 amator
2510 5105 2823 5175 .Cbristus?
2863 5103 2981 5158 Non
3025 5106 3094 5161 ad
3137 5106 3518 5172 abolitionem,

1938 5200 2152 5272 inquit,
2195 5209 2248 5256 et
2284 5200 2648 5270 perditionem
2685 5199 2996 5254 animarum
3043 5201 3230 5270 accepi
3272 5208 3517 5271 potesta-

1940 5304 2074 5359 tem,
2099 5293 2195 5349 sed
2225 5293 2290 5347 ad
2319 5291 2759 5348 aediﬁcationem.
2785 5290 2920 5346 Nam
2954 5292 3058 5349 hoc
3089 5296 3291 5364 ipsum,
3319 5306 3517 5361 nempe

1939 5388 2135 5458 punire
2182 5394 2508 5455 peccantes,
2560 5383 2853 5440 aediﬁcatio
2904 5384 3164 5440 Ecclesia:
3215 5391 3332 5447 est,
3385 5383 3517 5437 dum

1938 5476 2124 5534 caeteri
2178 5476 2379 5531 horum
2419 5475 2688 5546 supplicio
2741 5474 3010 5531 ﬁrmiores
3059 5488 3124 5530 ac
3172 5472 3518 5543 probatiores

1940 5569 2262 5625 redduntur.

2009 5659 2152 5728 XIII,
2185 5661 2375 5717 11-15.
2417 5659 2571 5727 Quod
2600 5670 2858 5728 superest,
2894 5660 3113 5727 fratres,
3152 5658 3397 5730 gaudete,
3430 5659 3516 5713 in-

1940 5755 2074 5826 tegri
2104 5764 2290 5819 estote,
2321 5754 2734 5809 consolationem
2770 5754 3014 5821 accipite,
3054 5752 3333 5806 unanimes
3370 5753 3514 5818 sitis,

1937 5863 2118 5917 pacem
2156 5844 2364 5913 habete,
2413 5856 2463 5900 et
2509 5845 2645 5901 Deus
2687 5844 2970 5899 cIraritatis
3004 5859 3067 5897 ac
3112 5843 3258 5914 pacis
3296 5845 3394 5897 erit
3430 5860 3519 5898 ro-

1938 5938 2153 5995 biscum.
2192 5936 2437 5994 Salutate
2470 5953 2556 5994 vos
2594 5945 2774 5991 mutuo
2803 5950 2989 5991 sancto
3019 5935 3219 5993 osrulo.
3261 5931 3517 5993 Salutant
