3956 6552
474 403 609 469 1087

1567 395 1970 460 (ECUMENII
2000 393 2293 456 TRICC:E
2327 392 2669 454 EPISCOPI

3594 388 3721 457 1088

470 517 646 573 uncti
687 530 886 570 omnes.
929 512 1120 568 Gratia
1157 510 1371 566 Domini
1401 508 1527 564 Iesu
1554 510 1714 580 711
1742 508 1959 570 Christi,
1996 515 2046 560 et

2154 501 2346 562 ζονται
2399 499 2553 570 ὑμᾶς
2594 501 2649 553 οι
2678 499 2832 569 ἅγιοι
2885 498 3129 564 πάντες.
3177 497 3240 554 Ἡ
3260 498 3435 568 χάρις
3476 499 3582 554 τοῦ
3613 505 3719 558 Ku-

470 605 723 662 Clzarits
769 603 886 667 Dei,
930 613 978 658 ct
1029 602 1442 656 communicatio
1490 597 1724 670 Spiritus
1765 602 1938 655 sancti
1977 601 2046 653 sit

2154 594 2281 661 ρίου
2324 592 2530 660 Ἰησοῦ
2570 591 2848 660 Χριστοῦ,
2885 590 2982 643 καί
3004 590 3044 653 ἡ
3073 590 3272 660 ἀγάπη
3303 591 3410 644 τοῦ
3443 593 3616 656 Θεοῦ,
3632 597 3719 650 καί

469 714 587 752 cum
620 696 861 752 omnibus
898 697 1038 750 vobis
1092 695 1281 752 Amen.

544 873 839 940 Postquam
870 886 992 941 ego,
1022 870 1222 941 inquit,
1246 869 1390 940 quod
1420 885 1600 924 meum
1633 877 1718 925 est
1756 868 1856 923 feci
1895 883 1910 922 :
1943 869 2048 923 hoc

469 973 574 1028 est,
597 963 890 1018 consilium
921 961 1045 1017 dedi
1077 978 1140 1016 ac
1174 963 1414 1017 minatus
1449 977 1567 1016 sum
1605 981 1616 1015 :
1660 962 1931 1032 reliquum
1965 970 2050 1015 est

471 1063 530 1106 ιιι
579 1062 632 1108 ει
676 1067 776 1106 vos
819 1067 942 1121 quae
984 1060 1167 1106 vestra
1210 1062 1339 1106 sunt
1383 1052 1706 1116 conferatis,
1755 1066 1948 1120 nempe
1990 1057 2048 1104 ut

473 1145 774 1216 gaudeatis.
817 1143 1135 1200 Gamlebitis
1179 1154 1363 1198 autem
1411 1145 1668 1207 correcti,
1711 1153 1766 1198 et
1811 1158 1956 1196 nunc
1995 1151 2050 1196 et

472 1237 524 1290 iu
566 1236 836 1290 futurum.
889 1254 908 1288 ι
943 1235 1206 1291 Gaudete.
1240 1255 1259 1287 ι
1308 1237 1555 1291 Scientes
1608 1236 1756 1306 quod
1810 1250 1873 1288 ea
1926 1249 2049 1304 quae

469 1329 842 1383 comminatus
888 1343 1032 1394 sum,
1081 1343 1259 1398 neque
1306 1329 1407 1383 hoc
1447 1330 1611 1399 cupio
1650 1345 1664 1383 :
1699 1328 1831 1396 quin
1875 1327 2048 1394 magis

473 1415 686 1486 refagio
728 1433 795 1472 ne
829 1418 977 1482 (iant,
1019 1419 1259 1484 minatus
1295 1427 1500 1480 autem,
1542 1427 1602 1471 ιιι
1634 1417 1868 1472 correcti
1914 1417 2049 1471 nihil

471 1510 629 1564 triste
679 1509 986 1579 patiamini,
1023 1509 1146 1564 ideo
1193 1509 1444 1580 gaudete.
1493 1528 1512 1562 ι
1549 1507 1752 1580 lntegri
1792 1517 1990 1564 estote.
2025 1529 2045 1562 ι

469 1599 584 1655 lloc
613 1609 720 1668 est,
758 1601 983 1672 perfecti
1015 1601 1159 1666 sitis,
1185 1602 1455 1670 complete
1489 1617 1552 1657 ea
1583 1617 1704 1672 qua:
1738 1601 1960 1664 desunt,
1996 1603 2047 1657 in

469 1694 671 1748 virtute
718 1693 1100 1764 perﬁciamini,
1139 1701 1194 1746 et
1227 1703 1422 1748 caetera
1467 1693 1652 1749 facite.
1686 1695 1822 1748 Nam
1865 1695 1913 1750 si
1953 1711 2051 1750 vos

471 1785 586 1840 lucc
621 1785 957 1854 operemini,
999 1799 1106 1839 non
1156 1785 1332 1838 solum
1370 1785 1504 1839 nihil
1536 1801 1701 1856 grave
1738 1787 2046 1856 patiemini,

468 1876 831 1930 verumetiam
895 1873 1037 1930 Deus
1088 1875 1382 1931 eharitatis
1442 1890 1506 1931 ac
1581 1877 1732 1946 pacis
1794 1882 1901 1934 erit
1953 1895 2048 1932 vo-

471 1966 708 2020 biscum.
779 1983 799 2016 ι
859 1964 1302 2019 Consolationem
1383 1967 1638 2036 accipite.
1688 1986 1707 2020 ο
1777 1967 2048 2034 Quoniam

471 2057 651 2111 multae
687 2067 842 2112 erant
874 2056 1219 2123 aﬂlictiones,
1260 2058 1335 2112 ait
1371 2075 1386 2113 :
1427 2059 1870 2114 Consolationem
1905 2062 2052 2114 acci-

471 2149 580 2216 pite
619 2154 674 2202 et
717 2162 745 2200 a
787 2149 945 2204 vobis
994 2150 1129 2219 ipsis
1161 2158 1216 2204 et
1258 2151 1328 2205 ab
1378 2151 1500 2206 aliis
1549 2165 1563 2204 :
1615 2161 1880 2220 praeterea
1923 2160 1978 2206 et
2019 2168 2050 2208 a

468 2235 805 2289 conscientia
838 2236 905 2290 ad
947 2237 1228 2292 meliorem
1273 2241 1634 2294 mutationem
1677 2241 1920 2296 animum
1955 2258 2052 2297 su-

469 2327 619 2382 mite.
669 2346 690 2380 ι
732 2327 926 2385 Pacem
977 2331 1194 2388 habeto.
1243 2351 1262 2385 ι
1319 2335 1436 2390 Hoc
1481 2336 1536 2391 in
1591 2337 1791 2406 prioris
1831 2353 2052 2408 quoque

467 2419 714 2486 epistola:
746 2423 978 2477 exordio
1025 2427 1216 2494 petivit
1262 2443 1278 2481 τ
1320 2426 1668 2484 dissidebant
1711 2429 1858 2484 enim
1909 2432 2052 2484 inter

470 2523 550 2562 se.
586 2507 726 2576 Quid
768 2527 901 2582 ergo
942 2516 1137 2583 cupit?
1180 2525 1238 2570 ut
1278 2518 1421 2572 idem
1471 2519 1746 2574 sentirent
1772 2531 1826 2574 et
1861 2536 2048 2591 pacem

472 2599 736 2654 haberent
765 2603 930 2673 :quia
964 2606 1232 2676 contingit
1258 2607 1400 2662 idem
1434 2611 1642 2665 sentire
1676 2611 1729 2665 in
1754 2611 2049 2682 dogmatis,

469 2707 580 2746 non
611 2701 789 2750 tamen
821 2711 1008 2764 pacem
1039 2707 1232 2753 mutuo
1255 2701 1476 2757 habere.
1498 2721 1516 2754 ι
1541 2702 1604 2757 Et
1634 2701 1778 2758 Deus
1805 2705 2050 2758 charita-

471 2785 562 2838 tis.
597 2804 616 2838 ι
656 2785 797 2841 Deus
823 2791 1134 2859 appellatur
1170 2791 1312 2848 Deus
1338 2793 1622 2849 eharitatis
1653 2795 1771 2851 sive
1801 2795 2054 2850 dilectio-

471 2879 582 2941 nis,
627 2892 694 2932 eo
742 2881 886 2946 quod
935 2896 1038 2936 nos
1085 2883 1342 2938 dilexerit
1378 2901 1392 2939 :
1432 2887 1584 2956 pacis
1629 2902 1760 2942 vero
1802 2902 1870 2944 eo
1901 2891 2050 2959 quod

472 2983 608 3039 pace
643 2971 890 3039 junxerit
919 2975 1162 3030 caelestia
1207 2979 1463 3033 terrenis.
1507 2977 1585 3033 Ex
1618 2980 1914 3036 dilectione
1954 2996 2053 3035 au—

473 3070 582 3118 tem
623 3075 708 3118 est
738 3081 865 3136 pax.
897 3065 953 3121 Si
1002 3067 1139 3133 haec,
1187 3069 1385 3140 inquit,
1435 3071 1698 3140 feceritis,
1727 3074 1835 3130 erit
1864 3076 2051 3131 vobis-

2149 688 2186 754 ἡ
2220 687 2498 740 κοινωνία
2543 683 2650 739 τοῦ
2681 685 2856 756 ἁγίου
2884 685 3257 753 Πνεὺματος,
3302 686 3456 756 μετὰ
3479 687 3714 741 πάντων

2151 777 2341 848 ὑμῶν.
2387 775 2597 846 Ἀμήν.

2221 870 2375 924 Μετὰ
2409 868 2606 939 saepe,
2637 867 2791 939 φησὶ,
2815 867 2876 921 τὸ
2905 867 3147 940 ἐμαυτοῦ
3182 869 3432 939 ποιῆσαι.
3460 870 3716 934 τουτέστι,

2152 959 2577 1032 συμϐουλεῦσαι,
2629 961 2943 1031 ἀπειλῆσαι,
3003 961 3299 1014 ὑπόλοιπόν
3353 964 3471 1014 ἐστι
3528 961 3719 1017 τδ.καὶ

2151 1055 2298 1125 ὑμᾶς
2354 1055 2422 1109 τὰ
2477 1052 2572 1122 ἀφ’
2605 1051 2760 1122 ὑμῶν
2805 1052 3236 1120 συνεισενέγκαι.
3261 1051 3336 1104 Τὸ
3356 1052 3417 1106 δέ
3444 1054 3581 1118 ἐστι,
3609 1052 3718 1121 χαί-

2153 1157 2296 1217 ρετετ
2329 1143 2639 1215 χαρήσεσθε
2667 1143 2724 1197 δὲ
2746 1143 3145 1214 διορθούμενοι,
3182 1143 3278 1197 νῦν
3299 1161 3382 1206 τε,
3417 1143 3518 1196 καὶ
3547 1145 3601 1195 ἐν
3649 1143 3724 1214 τῷ,

2154 1233 2422 1306 μέλλοντι.
2453 1253 2472 1286 ι
2501 1233 2758 1304 Χαίρετε.
2789 1252 2812 1284 ν
2848 1233 3131 1298 Μαθόντες
3155 1233 3235 1286 ὅτι
3267 1235 3416 1304 άπερ
3439 1234 3716 1302 ἠπείλησα,

2149 1326 2248 1396 οὐχ
2278 1326 2366 1380 ἴνα
2393 1326 2606 1396 ποιήσω
2633 1324 2930 1394 ἠπείλησα,
2975 1323 3098 1377 οὐδὲ
3155 1323 3296 1378 θέλω
3351 1324 3540 1388 τοῦτο,
3599 1323 3717 1376 ἀλλὰ

2151 1419 2246 1472 καὶ
2267 1417 2580 1489 ἀπεύχομαι
2611 1415 2888 1486 γενέσθαι.
2928 1416 3232 1487 Ἠπείλησα
3279 1417 3336 1470 δὲ
3368 1417 3461 1470 ῐνα
3511 1415 3717 1485 διορθωο

2151 1509 2360 1572 θέντες.
2393 1509 2559 1580 μηδὲν
2579 1507 2800 1577 ἀνιαρὸν
2837 1505 3072 1578 πάθητε.
3119 1509 3212 1560 Διὸ
3236 1509 3487 1579 χαίρετε,
3523 1527 3542 1559 ι
3580 1509 3717 1562 Κατ-

2150 1598 2461 1670 αρτίζεσθε,
2493 1617 2511 1650 ι
2545 1598 2708 1650 οἱονεὶ
2737 1596 2936 1650 τέλειοι
2984 1597 3226 1666 γίνεσθε,
3262 1597 3719 1668 άναπληροῧτετά

2150 1689 2428 1746 λείποντα.
2462 1688 2520 1739 ἐν
2541 1687 2710 1756 ἀρετῇ
2741 1683 3072 1751 τελειοῦσθε,
3119 1689 3209 1740 καὶ
3237 1686 3412 1741 τᾶλλα
3442 1687 3715 1757 πράττετε.

2152 1781 2340 1834 Ταῦτα
2362 1780 2433 1849 γά
2441 1797 2471 1850 ρ
2497 1781 2527 1832 ὑ
2535 1779 2654 1848 μῶν
2669 1779 3104 1850 κατορθούντων,
3124 1779 3186 1832 ού
3212 1780 3375 1848 μόνον
3392 1779 3553 1833 ούδὶν
3567 1779 3722 1830 δεινὸν

2153 1869 2432 1930 πείσεσθε,
2461 1868 2597 1922 ἀλλὰ
2625 1871 2720 1924 καὶ
2743 1869 2772 1922 6
2794 1867 2927 1931 Θεὸς
2957 1870 3056 1937 τῆς
3084 1868 3308 1940 ἀγάπης
3333 1869 3432 1921 καὶ
3460 1868 3565 1938 τῆς
3589 1870 3722 1938 εἰρή-

2151 1979 2271 2032 νης,
2330 1961 2484 2016 ἔσται
2541 1961 2864 2032 μεθ’ὑμῶν.
2899 1979 2918 2013 ι
2955 1961 3395 2031 Παρακαλεῑσθε.
3440 1979 3460 2012 ι
3523 1961 3720 2028 Ἐπειδὴ

2154 2055 2340 2108 πολλοὶ
2358 2051 2501 2126 ἦσαν
2530 2057 2581 2108 oi
2611 2055 2936 2124 πειρασμοὶ,
2975 2053 3131 2123 φησὶ,
3168 2053 3615 2124 Παρακαλεὶᾟθε,
3641 2054 3722 2106 καὶ

2153 2149 2246 2216 ὑφ’
2276 2147 2509 2212 ἑαυτῶν,
2540 2147 2634 2201 καὶ
2662 2147 2767 2201 ὑπὸ
2795 2147 2993 2203 ἄλλων.
3024 2147 3148 2200 Ἔτι
3182 2163 3242 2200 τε
3291 2146 3398 2202 ὑπὸ
3421 2145 3535 2214 τῆς
3563 2163 3720 2199 συνει-

2151 2240 2379 2311 δήσεως.
2424 2241 2505 2303 εἰς
2540 2240 2737 2309 βελτίω
2764 2239 3070 2311 μεταϐολὴν
3113 2238 3563 2310 παραμυθεῖσθε.
3591 2256 3609 2289 ι
3643 2237 3720 2290 ει-

2153 2333 2430 2404 ρηνεύετε.
2463 2351 2482 2384 ι
2517 2333 2688 2386 Τοῦτο
2719 2335 2814 2388 καὶ
2859 2335 2918 2386 ὲν
2970 2337 3035 2404 τῇ
3098 2334 3294 2406 πρώτῃ
3357 2332 3618 2401 ἐπιστολῇ
3670 2333 3718 2384 ἐν

2154 2426 2463 2495 προοιμίοις
2491 2426 2684 2498 ⁴ᾔτησε.
2721 2427 3114 2491 Διεστασίαζον
3148 2425 3259 2495 γάρ
3286 2426 3427 2498 πρὸς
3481 2423 3714 2486 ἑαυτούς.

2153 2517 2218 2571 Τί
2244 2518 2302 2572 δὲ
2354 2517 2640 2588 βούλεταις
2676 2519 2738 2573 τό
2775 2536 2836 2572 τε
2887 2519 2948 2572 τὸ
2973 2518 3108 2572 αὐτὸ
3154 2521 3398 2590 φρονεῖν,
3447 2519 3554 2571 καὶ
3589 2517 3715 2586 εἰρη-

2153 2609 2351 2672 νεύειν,
2381 2611 2464 2663 ὃτι
2497 2611 2576 2663 ἔνι
2605 2610 2667 2662 τὸ
2695 2609 2828 2664 αὐτὸ
2878 2609 2978 2678 μὲν
3005 2612 3224 2678 φρονεῖν
3255 2610 3316 2662 ἐν
3341 2612 3456 2672 τοῖς
3477 2609 3714 2678 δόγμασι.

2156 2700 2231 2773 μὴ
2263 2701 2571 2773 εἰρηνεύειν
2599 2701 2656 2757 δὲ
2712 2701 2851 2772 πρὸς
2878 2701 3128 2764 ὲαυτοθς.
3164 2719 3184 2753 ι
3231 2701 3343 2756 Καὶ
3373 2702 3405 2755 6
3445 2701 3584 2765 Θεὸς
3632 2699 3714 2768 τῆς

2153 2793 2395 2864 ἀγάπης.
2431 2811 2450 2844 ι
2489 2792 2625 2857 θεὸς
2655 2793 2878 2862 ἀγάπης
2917 2795 2948 2846 6
2973 2794 3108 2856 Θεὸς
3155 2793 3521 2864 χρηματίζει,
3563 2791 3642 2845 διὰ
3665 2791 3715 2845 τὺ

2153 2887 2504 2956 ἠγαπηκέναι
2526 2887 2674 2958 ἡμᾶς
2702 2902 2717 2918 °
2750 2888 2975 2957 εἰρήνης
3007 2886 3087 2952 δὲ,
3123 2887 3212 2942 διὰ
3243 2887 3305 2940 τδ
3326 2886 3716 2960 είρηνεῦσαιτὰ

2152 2979 2212 3030 ὲν
2242 2977 2461 3048 οὐρανῷ
2486 2981 2599 3041 τοῖς
2627 2979 2684 3031 δν
2711 2979 2806 3049 γῇ.
2825 2978 2923 3032 Ἐκ
2944 2977 3004 3032 δι
3050 2979 3147 3049 τῆς
3180 2980 3428 3049 ἀγάπης,
3461 2981 3497 3049 η
3523 2980 3713 3049 εἰρήνη.

2165 3070 2312 3137 Ἐὰν,
2353 3071 2511 3142 φησὶ,
2536 3071 2714 3124 ταῦτα
2747 3071 2962 3142 ποιῆτε,
3001 3071 3158 3126 ἔσται
3189 3072 3314 3142 μεθ’
3341 3072 3506 3141 ὑμῶν
3533 3075 3562 3126 6
3582 3073 3712 3135 Θεὸς.

471 3169 597 3208 cum
630 3155 790 3212 Deus.
831 3159 938 3214 Aut
972 3171 1095 3216 orat
1125 3171 1184 3216 ut
1219 3163 1294 3217 ita
1331 3164 1445 3220 flat.
1497 3185 1516 3218 ι
1548 3164 1751 3221 Sancto
1775 3169 1987 3224 osculo.
2024 3189 2043 3222 ι

2154 3161 2529 3233 ἢὲπεύχεται.
2571 3180 2592 3214 ι
2639 3161 2728 3216 Ἑν
2763 3163 2906 3232 άγίῳ
2945 3163 3234 3234 φιλήματι.
3265 3183 3285 3217 ι
3334 3165 3434 3238 Μὴ
3497 3164 3712 3231 ὑπούλῳ,

471 3244 591 3301 Non
625 3249 838 3316 doloso,
869 3252 1070 3323 inquit,
1094 3263 1148 3310 et
1181 3254 1550 3322 fraudulento,
1584 3261 2046 3330 quemadmodum

2155 3251 2312 3320 φησι,
2339 3251 2435 3306 καὶ
2468 3251 2694 3323 δολερῷ,
2726 3252 2802 3316 ὡς
2822 3251 2850 3303 6
2875 3252 3100 3316 Ἰούδας.
3132 3253 3233 3307 Διὰ
3249 3253 3417 3308 τοῦτο
3455 3254 3514 3309 δὲ
3548 3253 3714 3324 φιλοῦ-

471 3337 660 3395 ludas.
709 3343 1007 3414 Pr0pterea
1049 3358 1224 3401 autem
1259 3349 1665 3416 tleoseulamur,
1709 3359 1768 3405 ut
1809 3354 2048 3409 suscite-

475 3447 598 3486 mus
623 3448 749 3504 erga
787 3451 888 3490 nos
911 3437 1060 3505 ipsos
1091 3455 1359 3496 amorem.
1403 3459 1422 3493 ι
1453 3440 1708 3496 Salutant
1739 3459 1837 3500 vos
1871 3445 2047 3500 sancti

473 3535 691 3578 omnes.
745 3544 764 3577 ι
823 3524 1132 3584 Ρτιεεεηιεε
1189 3531 1411 3600 quidem
1471 3535 1663 3590 osculo
1718 3535 2046 3607 conjungit,

476 3613 733 3668 absentes
767 3631 897 3672 vero
929 3619 1264 3675 salutatione
1305 3631 1360 3678 et
1405 3624 1666 3695 alloquio.
1696 3625 1828 3680 Nam
1860 3629 1928 3683 ab
1957 3645 2051 3685 eo-

475 3705 598 3760 dem
635 3708 854 3764 interim
887 3726 981 3764 ore
1012 3713 1314 3782 procedunt
1356 3717 1612 3771 salutatio
1639 3728 1693 3773 et
1722 3719 2046 3792 alloquium.

483 3815 503 3850 ι
541 3798 728 3854 Gratia
777 3801 989 3858 Domini
1034 3803 1163 3861 Jesu
1205 3803 1431 3863 Christi.
1474 3827 1493 3861 ι
1531 3807 1826 3881 Postquam
1857 3828 2049 3869 omnes

475 3889 782 3958 conjunxit.
814 3908 975 3962 quem
1018 3909 1178 3949 suum
1221 3913 1427 3953 morem
1464 3899 1624 3956 etiam
1668 3917 1812 3957 nunc
1845 3915 2047 3970 servat,

474 3989 737 4070 precatur
769 3984 853 4038 eis
885 3987 1059 4055 gratia
1089 3987 1210 4053 ﬁlii,
1237 4005 1342 4060 qua
1370 3992 1550 4048 salvos
1583 4009 1686 4049 nos
1722 3994 1850 4051 fecit
1876 3998 2049 4066 gratia

475 4073 698 4130 occisus
743 4092 840 4146 pro
875 4078 1055 4144 nobis,
1097 4088 1152 4135 et
1182 4096 1293 4137 non
1336 4093 1562 4154 propter
1596 4101 1764 4157 opera
1808 4097 1996 4144 nostra
2031 4107 2044 4144 ε

476 4173 532 4218 et
571 4165 892 4222 charitatem
931 4169 1048 4236 Dei,
1076 4188 1183 4243 qua
1219 4189 1320 4229 nos
1350 4176 1562 4243 dilexit,
1587 4179 1714 4234 dato
1755 4196 1856 4249 pro
1891 4183 2050 4238 nobis

476 4256 639 4326 712
666 4256 991 4330 Unigenito:
1017 4266 1565 4321 communicationem
1593 4268 1833 4337 Spiritus
1851 4273 2048 4338 sancti,

476 4347 584 4402 hoc
607 4357 712 4414 est,
746 4351 1217 4422 participationem
1252 4353 1370 4423 eius
1415 4365 1471 4412 et
1515 4360 1912 4430 acceptiouem,
1954 4377 2053 4430 per

474 4454 642 4510 quam
674 4455 866 4498 omnes
905 4447 1316 4506 sauctiilcamur
1347 4449 1403 4503 in
1434 4453 1914 4520 superventionem
1944 4451 2050 4508 Pa-

475 4534 668 4588 racleti
703 4533 795 4588 Dei
826 4536 1086 4607 Spiritus.

477 4641 649 4711 Finis.
691 4646 866 4701 divino
913 4641 1122 4718 [arente
1160 4651 1384 4717 auxilio,
1418 4654 1722 4718 posterioris
1768 4654 1838 4708 ad
1863 4655 2053 4712 Corin-

1049 4722 1182 4775 thios
1220 4721 1493 4790 Epistolas.

598 4828 762 4887 Missa
793 4841 878 4888 est
911 4849 940 4888 a
979 4832 1245 4907 Philippis
1276 4851 1374 4907 per
1405 4837 1585 4891 Titum
1621 4846 1673 4893 ct
1704 4837 1928 4892 Lucam.

2154 3359 2274 3412 μεν,
2305 3341 2393 3396 ἵνα
2417 3342 2875 3414 άναζωπυρῶμεν
2899 3343 3000 3414 τὴν
3047 3345 3181 3414 πρὸς
3212 3345 3445 3410 ἑαυτοὺς
3493 3347 3709 3415 άγάπην.

2156 3451 2176 3486 ι
2231 3435 2594 3500 Ἀσπάζονται
2642 3435 2788 3504 ὑμᾶς
2827 3437 2878 3489 oi
2925 3436 3070 3506 άγιοι
3118 3438 3343 3502 πάντες.
3385 3457 3406 3490 ι
3443 3439 3584 3501 Τοὺς
3627 3439 3711 3508 μὲν

2153 3525 2428 3597 παρόντας
2460 3527 2550 3580 διὰ
2582 3527 2892 3599 φιλήματος
2919 3529 3208 3593 συνάπτει,
3244 3531 3376 3592 τοὺς
3404 3530 3462 3584 δὲ
3494 3531 3710 3592 ἀπόντας

2151 3619 2240 3673 διὰ
2279 3619 2657 3690 προσρήσεως.
2708 3621 2840 3676 ’Δπὺ
2868 3623 2980 3693 γὰρ
3003 3623 3098 3678 τοῦ
3145 3624 3312 3678 αὐτοῦ
3356 3626 3573 3696 πρόεισι
3604 3627 3708 3680 στό-

2157 3731 2348 3787 ματος.
2384 3715 2414 3768 ὅ
2438 3731 2498 3768 τε
2527 3715 2820 3784 ἀσπασμὸς
2851 3716 2946 3768 καὶ
2975 3717 3009 3785 ὴ
3041 3714 3372 3786 πρόσρησις.
3418 3734 3436 3766 ι
3483 3714 3547 3768 Ἠ
3571 3714 3706 3784 χάρις

2151 3807 2247 3862 τοῦ
2301 3807 2507 3878 Κυρίου
2537 3807 2698 3878 ἡμῶν
2743 3805 2918 3878 Ἰησοῦ
2972 3806 3232 3878 Χριστοῦ.
3271 3825 3292 3858 ι
3355 3807 3572 3878 Ἐπειδὴ
3600 3823 3706 3859 συν-

2151 3897 2288 3968 ῆψεν
2348 3900 2592 3963 ἃπαντας
2620 3937 2637 3962 ,
2696 3899 2833 3971 ὅπερ
2893 3897 3014 3962 ἔθος
3047 3898 3197 3969 αύτῷ
3221 3940 3237 3963 ,
3288 3897 3387 3953 καὶ
3413 3898 3508 3953 νύν
3556 3898 3698 3962 ποιεί,

2152 3989 2444 4060 ἐπεύχεται
2469 3991 2652 4054 αὐτοῖς
2675 3990 2776 4061 τὴν
2795 3990 2958 4061 χάριν
2990 3989 3087 4043 τοῦ
3117 3989 3276 4054 Υἱοῦ,
3310 3991 3379 4044 δι’
3421 3987 3491 4063 ἧς
3527 3990 3698 4050 ἔσωσε.

2151 4081 2334 4152 χάριτι
2368 4082 2462 4134 καὶ
2490 4082 2550 4134 οὐ
2581 4082 2648 4135 δι’
2671 4081 2810 4153 ἔργα
2845 4081 3004 4152 ἡμῶν
3058 4082 3294 4152 σφαγεὶς
3347 4081 3489 4152 ὑπὲρ
3537 4081 3692 4152 ἡμῶν,

2153 4175 2246 4227 καὶ
2273 4174 2373 4242 τὴν
2403 4173 2625 4243 ἀγάπην
2656 4171 2751 4226 τοῦ
2783 4173 2996 4244 [la-:96;
3018 4173 3085 4245 ἢν
3110 4174 3402 4244 ἠγάπησεν
3432 4175 3591 4246 ἡμᾶς,
3618 4173 3695 4226 τδν

2155 4267 2420 4336 μονογενῆ
2452 4265 2576 4330 δοὺς
2621 4265 2761 4336 ὑπὲρ
2789 4265 2973 4336 ἡμῶν.
3011 4267 3121 4319 Καὶ
3150 4267 3251 4338 τὴν
3287 4270 3570 4322 κοινωνίαν
3612 4266 3692 4319 τοῦ

2153 4358 2309 4423 ἁγίου
2342 4349 2816 4426 Πνεύματος,οίον
2864 4357 2964 4426 τὴν
3011 4357 3247 4428 μετοχὴν
3278 4357 3446 4413 αὐτοῦ
3483 4359 3570 4412 καὶ
3615 4373 3696 4428 μισ

2151 4447 2401 4517 ⁸τοὶληιιιιν,
2437 4445 2505 4499 δι’
2539 4439 2606 4517 ἧς
2651 4445 2850 4509 πάντες
2891 4445 3255 4516 ἁγιαζόμεθα,
3301 4449 3360 4502 ὲν
3409 4453 3475 4520 τῇ
3505 4451 3691 4518 inpot-

2087 4533 2132 4589 Ι)
2155 4539 2311 4608 τήσει
2344 4537 2436 4591 τοῦ
2469 4539 2822 4609 παρακλήτου
2857 4538 2996 4592 Θεοῦ
3023 4539 3114 4592 τοῦ
3149 4539 3491 4610 Πνεύματος.

2234 4651 2432 4717 Τέλος,
2469 4650 2591 4706 σὺν
2646 4651 2789 4724 Θεῷ,
2830 4651 2944 4718 τῆς
2998 4653 3150 4724 πρὸς
3177 4656 3528 4724 Κορινθίους
3564 4652 3618 4719 ,θ’

2753 4721 3140 4792 Ἐπιστολῆς.

2266 4840 2513 4910 ’ῌγράφη
2543 4839 2651 4893 ἀπὸ
2669 4839 2968 4906 Φιλίππων,
2996 4841 3083 4896 διὰ
3107 4843 3266 4898 Τίτου
3298 4844 3390 4897 καὶ
3422 4842 3601 4896 Muri.
