3956 6548
247 391 390 458 1089

1393 549 1520 558 ..-

243 542 1518 572 W

1591 566 1862 574 —-—_—~

1265 397 1652 460 COMMENT.
1679 397 1760 458 ΙΝ
1784 397 2025 461 EPIST.
2066 401 2166 460 AD
2199 401 2466 462 GALAT.

2067 569 2128 575 σ--ρ
2139 570 2302 576 ..ς-σ-
2360 568 2466 576 μου-..-

1503 713 2269 830 ΥΠΟΘΕΣΙΣ

905 939 1123 1026 ΤΗΣ
1205 940 1494 1028 ΠΡΟΣ
1580 941 2087 1029 ΓΑΛΑΤΑΣ
2161 940 2870 1077 ΕΠΙΣΤΟΛΗΣη

1831 1157 1912 1180 _

1360 1305 2360 1425 ARGUMENTUM

1113 1536 1748 1634 EPISTOLIE
1823 1543 1972 1632 AD
2069 1544 2621 1673 G'ALATAS.

311 1889 532 1961 Ταύτην
552 1890 856 1945 ἐπιστέλλει
878 1891 985 1945 ἀπὸ
1021 1892 1265 1964 Ῥώμης,
1292 1895 1560 1966 ἑωρακὼς
1617 1899 1817 1964 αὐτοὺς

1996 1901 2157 1972 713
2181 1900 2330 1956 Hanc
2365 1901 2582 1958 abut-he
2601 1903 2771 1958 Roma
2799 1905 3008 1972 scribit,
3033 1908 3505 1979 cumjamvidisset

240 1983 348 2054 ἤδη
381 1983 477 2037 καὶ
505 1983 742 2050 διδάξας.
777 1981 843 2036 Ἥ
893 1983 949 2037 δὲ
994 1986 1271 2056 πρόφασις
1298 1988 1398 2059 τῆς
1470 1989 1814 2063 Ἐπιστολῆς,

240 2072 384 2143 αὕτη
405 2089 422 2104 °
454 2072 806 2144 Διδαχθέντες
823 2073 1005 2139 καλῶς
1025 2077 1074 2130 ot
1096 2076 1334 2132 Γαλάται
1369 2081 1519 2151 παρά
1547 2081 1641 2135 τοῦ
1657 2082 1710 2138 ’Δ
1732 2101 1820 2136 πο-

243 2166 458 2232 στόλου,
487 2167 583 2220 καὶ
603 2165 994 2232 πιστεύσαντες
1041 2170 1284 2238 γνησίως
1314 2172 1394 2236 είς
1415 2171 1506 2226 τὸν
1560 2175 1816 2246 Χριστὸν,

240 2257 695 2328 ἀποδημήσαντος
763 2258 856 2312 τοῦ
932 2261 1256 2316 ’Δποστόλου
1281 2304 1296 2330 ,
1379 2263 1817 2335 ύφηρπάσθησαν

241 2348 399 2418 παρά
447 2365 630 2414 τινων,
677 2347 816 2402 ὥστε
883 2351 1337 2421 περιτέμνεσθαι.
1399 2353 1588 2410 Ταῦτα
1635 2358 1816 2413 τοίνυν

246 2438 441 2510 μαθὼν
471 2440 856 2508 δ’Δπόστολος,
883 2442 1086 2513 γράφει
1121 2444 1254 2516 πρὸς
1282 2447 1502 2512 αὐτούς.
1528 2449 1642 2502 Καὶ
1662 2451 1817 2522 πρῶ-

240 2547 336 2585 τον
395 2533 518 2602 μὲν,
565 2537 838 2604 μαρτυρεῖ
879 2534 1066 2600 αὐτοῖς
1103 2537 1233 2608 περὶ
1271 2532 1340 2610 ἧς
1375 2535 1522 2611 εῖχον
1554 2541 1812 2608 πίστεως,

241 2624 340 2676 καὶ
366 2623 596 2694 γνησίας
619 2626 679 2679 ὲν
707 2625 932 2697 Χριστῷ
966 2626 1282 2692 διαθέσεως.
1319 2631 1614 2701 Μέμφεται
1651 2633 1705 2685 δὲ
1739 2634 1816 2698 ὡς

241 2716 488 2785 ἀνοήτως
533 2715 848 2788 πράξαντας
893 2719 988 2772 καὶ
1040 2719 1540 2792 μεταϐαλλομένους
1591 2723 1813 2788 αὐτούς.

243 2807 480 2861 Ἔπειτα
537 2807 900 2879 διαλαμϐάνει
931 2810 1176 2883 περὶτοῦ
1203 2812 1391 2882 νόμου,
1424 2817 1518 2866 καὶ
1547 2817 1647 2885 τῆς
1675 2817 1818 2868 κατά

235 2898 336 2952 τὸν
375 2898 623 2970 Ἀϐραὰμ
653 2900 910 2964 πίστεως.
959 2902 1070 2956 Καὶ
1100 2902 1482 2959 ἀποδείκνυσιν
1529 2905 1592 2958 ἐκ
1619 2922 1678 2958 τε
1723 2907 1814 2960 τοῦ

236 2990 432 3060 νόμου,
460 2990 555 3046 καὶ
584 2990 694 3046 τῶν
733 2991 1009 3062 γυναικῶν
1054 2993 1148 3046 τοῦ
1190 2993 1464 3065 Ἀϐραὰμ,
1512 2993 1818 3066 ἀλληγορή-

239 3098 347 3145 σας
383 3082 574 3150 αὐτάς,
602 3085 764 3156 μέχρι
790 3083 986 3156 καιροῦ
1021 3084 1261 3139 δίδοσθαι
1287 3085 1387 3156 τὴν
1416 3089 1576 3142 σκιάν
1600 3090 1692 3142 καὶ
1716 3090 1816 3159 τὴν

1924 2007 2020 2049 eos
2054 2009 2118 2048 ac
2148 1993 2448 2052 docuisset.
2494 1992 2728 2050 Occasio
2765 2013 2892 2054 vero
2931 2000 3172 2069 epistula:
3207 2003 3320 2057 haec
3357 2005 3500 2067 iuit;

1919 2081 2129 2138 Galatae
2162 2093 2314 2141 recte
2363 2086 2433 2140 ab
2480 2085 2747 2156 Apostolo
2787 2089 2986 2154 edocti,
3022 2107 3144 2145 cum
3179 2092 3418 2162 legitime
3448 2097 3504 2150 in

1919 2171 2200 2230 Christum
2244 2176 2634 2246 credidissent,
2679 2179 2768 2234 ubi
2813 2180 3154 2238 discessisset
3181 2182 3503 2253 Apostolus,

1919 2266 2156 2336 surrepti
2190 2274 2318 2322 sunt
2347 2283 2375 2322 a
2405 2271 2731 2338 quihusdam
2764 2282 2816 2327 et
2849 2275 3082 2341 seducti,
3117 2285 3176 2330 ut
3208 2279 3504 2332 circumci-

1918 2356 2160 2414 deretur.
2185 2358 2279 2416 llis
2299 2361 2463 2432 igitur
2494 2364 2750 2434 cognitis,
2771 2367 2963 2422 scribit
2981 2369 3046 2421 ad
3069 2385 3162 2422 eos
3180 2370 3500 2439 Apostolus.

1919 2445 1986 2503 Et
2037 2452 2273 2520 primutn
2320 2454 2539 2523 quidem
2590 2465 2879 2513 attestatur
2934 2462 3070 2530 ipsis
3123 2461 3280 2516 tidem
3334 2478 3501 2531 quam

1919 2542 2214 2612 habebant,
2259 2554 2314 2600 et
2357 2547 2658 2617 legitimum
2701 2549 2753 2602 in
2795 2549 2961 2604 Deum
3000 2552 3250 2606 aﬂ‘eetum
3300 2571 3314 2609 :
3357 2555 3502 2608 indi-

1919 2647 2120 2706 gnatur
2151 2647 2331 2694 autem
2367 2639 2512 2710 quod
2551 2641 2870 2711 insipienter
2897 2645 3107 2713 egerint
3139 2654 3192 2698 et
3227 2652 3499 2699 transmu-

1919 2729 2016 2784 tati
2060 2729 2190 2785 sint.
2234 2729 2436 2787 Deinde
2477 2731 2544 2787 de
2583 2733 2700 2804 lege
2745 2734 2968 2789 disserit
3013 2750 3074 2789 ac
3119 2736 3224 2789 [ide
3257 2752 3378 2804 qua:
3421 2751 3500 2789 sc-

1919 2821 2158 2876 cundum
2200 2822 2476 2877 Abraham
2519 2832 2622 2880 est.
2667 2823 2932 2880 Praeterea
2976 2842 3040 2881 ex
3085 2827 3200 2896 lege
3237 2827 3501 2889 ostendit,

1917 2919 1972 2966 et
2003 2927 2068 2967 ex
2104 2913 2366 2967 uxoribus
2411 2913 2682 2968 Abraham
2729 2917 3018 2984 allegorice
3069 2917 3383 2977 intellve'is,
3433 2919 3502 2972 ad

1920 3010 2136 3075 tempus
2168 3003 2349 3058 datam
2399 3005 2570 3061 fuisse
2612 3006 2860 3060 umbram
2895 3022 2959 3062 ac
2993 3008 3500 3074 circtnneisionem,

1919 3110 2093 3167 eaque
2135 3097 2392 3168 deinceps
2444 3113 2544 3168 per
2590 3099 2882 3154 adventum
2933 3101 3136 3156 Christi
3186 3102 3328 3156 facta
3378 3117 3502 3156 esse

237 3173 567 3246 περιτομὴν,
599 3176 696 3229 καὶ
722 3176 912 3247 ἀργεῖν
939 3175 1078 3231 αὐτὰ
1112 3175 1300 3231 λοιπὸν
1324 3180 1390 3249 τῇ
1429 3179 1525 3232 τοῦ
1577 3178 1814 3251 Χριστοῦ

1925 3184 2120 3239 otiosa.
2158 3183 2222 3238 Et
2252 3185 2338 3241 his
2371 3186 2441 3240 ita
2473 3187 2889 3252 demonstratis,
2925 3198 3331 3258 consequenter
3361 3205 3506 3258 prae-

237 3267 539 3339 παρουσίᾳ.
565 3269 675 3322 Καὶ
704 3246 878 3332 οῦτως
910 3268 1223 3334 ἀποδείξας,
1274 3246 1652 3341 παραγγέλλει
1707 3273 1816 3325 λοι-

1925 3277 2058 3347 cipit
2104 3277 2274 3348 ipsis,
2312 3294 2383 3335 ne
2435 3281 2670 3349 amplius
2715 3282 3028 3336 adhazreant
3083 3282 3503 3351 impostoribus,

238 3358 348 3412 πὸν
367 3359 552 3423 αὐτοῖς
579 3361 772 3431 μηκέτι
793 3360 1083 3432 προσέχειν
1113 3365 1226 3425 τοῖς
1252 3363 1623 3434 ἀπατήσασιν,
1679 3363 1818 3418 ἀλλά

1925 3369 2016 3424 sed
2065 3369 2252 3439 potius
2298 3367 2504 3426 Christi
2551 3371 2674 3428 ﬁdei
2723 3373 2963 3427 hzereant
3008 3388 3023 3426 :
3070 3382 3124 3426 et
3166 3379 3506 3442 cognoscant

240 3451 452 3522 μᾶλλον
497 3450 718 3522 ἔχεσθαι
745 3453 849 3522 τῆς
870 3453 929 3507 ὲν
982 3452 1204 3524 Χριστῷ
1243 3455 1501 3520 πίστεως,
1536 3457 1632 3510 καὶ
1655 3457 1819 3524 γινώ-

236 3559 399 3599 σκειν
445 3543 527 3598 δτι
585 3544 620 3616 ἡ
663 3544 722 3598 έν
754 3544 978 3616 Χριστῷ
1008 3545 1192 3618 χάρις,
1241 3548 1510 3620 καταργεῖ
1531 3548 1628 3619 τὴν
1673 3547 1818 3603 κατὰ

236 3635 425 3705 σάρκα
467 3636 791 3708 περιτομήν.
825 3636 937 3692 Καὶ
953 3636 1126 3703 οὕτως
1151 3637 1314 3692 πάλιν
1339 3642 1418 3703 είς
1447 3641 1516 3696 τά
1537 3639 1645 3712 ἤθη
1673 3657 1818 3713 παρ.

236 3724 465 3792 αινέσας
497 3727 591 3782 καὶ
611 3725 830 3793 διδάξας
869 3725 1066 3782 τελειοῖ
1086 3728 1188 3802 τὴν
1212 3729 1529 3804 επιστολήν.

789 3867 1266 3924 ΘΕΟΔΩΡΗΤΟΥ.

315 3980 390 4034 Τὸ
427 3981 526 4051 μὲν
552 3981 863 4052 προοίμιον,
895 3980 990 4035 καὶ
1031 3982 1183 4035 πᾶσα
1219 3982 1406 4053 σχεδὸν
1445 3983 1478 4053 ἠ
1534 3983 1821 4055 ἐπιστολὴ,

235 4071 423 4143 θυμοῦ
451 4073 636 4142 γέμει.
687 4073 756 4127 Ἠ
778 4072 837 4128 δὲ
859 4072 1010 4128 αἰτία
1033 4072 1198 4142 αὕτη.
1231 4073 1388 4138 Τινὲς
1439 4073 1547 4128 τῶν
1596 4074 1656 4140 ἐξ
1692 4076 1823 4128 Ἰου-

235 4162 410 4218 δαίων
438 4163 850 4230 πιστεύσαντες,
876 4165 972 4219 atat
1004 4164 1085 4219 ἔτι
1113 4164 1192 4236 τῷ
1225 4164 1469 4237 πατρῴῳ
1500 4166 1653 4237 νόμῳ
1680 4183 1818 4222 κατ-

235 4256 517 4328 εχόμενοι,
553 4255 780 4312 ἔπεισαν
813 4256 1046 4321 πολλοὺς
1077 4256 1190 4311 τῶν
1253 4257 1312 4310 έν
1344 4257 1586 4328 Γαλατίᾳ
1611 4256 1819 4310 πιστῶν

237 4349 694 4421 περιτέμνεσθαι,
717 4351 810 4405 καὶ
837 4349 1086 4405 σάϐϐατα
1115 4351 1326 4422 τηρεῖν,
1363 4349 1459 4405 καὶ
1500 4349 1818 4421 νουμηνίας.

241 4438 507 4494 Ἐπειθον
537 4440 614 4506 δὲ,
645 4440 899 4510 λέγοντες
933 4441 1009 4513 μὴ
1042 4440 1154 4496 δεῖν
1183 4441 1262 4512 τῷ
1288 4441 1488 4513 Παύλῳ
1509 4441 1818 4504 πείθεσθαι,

236 4533 322 4605 τῷ
340 4532 469 4604 χθὲς
493 4532 588 4587 καὶ
617 4534 684 4605 σή
693 4550 760 4604 με
770 4549 862 4606 ρον
887 4534 1132 4604 φανέντι,
1156 4533 1294 4588 άλλά
1321 4531 1524 4604 μᾶλλον
1550 4535 1662 4596 τοῖς
1679 4531 1824 4602 ἀμφὶ

239 4629 453 4700 Πέτρον
504 4627 600 4684 καὶ
679 4628 936 4683 Ἰάκωϐον
997 4628 1093 4684 καὶ
1146 4628 1424 4700 Ἰωάννην.
1476 4623 1636 4683 Οὗτοι
1691 4626 1821 4698 γὰρ,

238 4719 402 4792 φησὶ,
438 4720 582 4790 μετά
619 4719 859 4792 Χριστοῦ
895 4720 1182 4791 γενόμενοι
1230 4719 1291 4774 οὐ
1345 4717 1616 4773 κωλύουσι
1668 4735 1822 4789 περι.

238 4814 442 4885 τομήν.
475 4812 584 4867 Kal
622 4811 840 4884 ἀληθῶς
883 4811 984 4884 μὲν
1031 4808 1178 4865 οῦτοι
1230 4809 1634 4881 συγκαταϐἀσει
1689 4811 1825 4880 πρὸς

258 4905 551 4968 Ἰουδαίους
581 4904 883 4976 χρώμενοι,
919 4902 1020 4958 ούκ
1058 4902 1294 4961 ἐκώλυον
1319 4901 1644 4975 περιτομὴν,
1675 4903 1824 4971 ὅμως

241 4991 397 5052 οὗτοι
424 4995 866 5067 ἀποκρύπτοντες
898 4996 999 5068 τὴν
1029 4994 1209 5050 αἰτίαν
1231 4993 1314 5048 ὅτι
1355 4994 1442 5049 διά
1476 4993 1826 5062 συγκατάϐα-

243 5108 333 5146 σιν
362 5091 422 5145 οὗ
446 5089 770 5157 κωλύουσιν,
802 5091 866 5144 ἐκ
883 5089 977 5142 τοῦ
1003 5087 1291 5157 γινομένου
1326 5087 1512 5156 μόνου,
1542 5084 1824 5150 ἑδελέαζον

242 5185 446 5248 αὐτοὺς
481 5183 561 5247 είς
591 5181 919 5252 περιτομὴν,
962 5179 1058 5233 καλ⁵
1082 5180 1174 5234 τὸν
1211 5177 1424 5234 Παῦλον
1459 5177 1823 5249 ἐξηυτέλιζον,

244 5275 550 5347 φάσκοντες
573 5274 636 5329 οὐ
667 5273 764 5327 τοῦ
787 5268 1049 5342 Χριστοῦ,
1077 5269 1213 5324 ἀλλά
1240 5270 1349 5325 τῶν
1387 5268 1647 5341 μαθητῶν
1682 5263 1822 5322 εἶναι

247 5365 523 5439 μαθητὴν,
553 5364 678 5428 τοὺς
702 5363 760 5416 δὲ
797 5364 924 5434 περὶ
951 5362 1182 5431 Πέτρον,
1232 5359 1399 5415 αὐτοῦ
1435 5358 1529 5414 τοῦ
1550 5358 1817 5432 Χριστοῦ.

248 5459 484 5514 Ἔπειτα
513 5456 721 5526 ἔλεγον,
751 5455 835 5510 δτι
870 5453 1032 5518 αὐτὸς
1061 5454 1089 5507 ὀ
1122 5452 1334 5517 Παῦλος
1365 5453 1616 5523 φαίνεται
1660 5452 1825 5510 ἀλλα-

245 5547 346 5622 χοῦ
378 5546 713 5621 περιτεμὼν.
737 5545 801 5600 Τί
833 5545 1034 5618 δήποτε
1093 5537 1208 5610 οὖν,
1242 5543 1426 5614 φασὶν,
1461 5543 1603 5614 ὑμᾶς
1634 5543 1696 5596 ού
1727 5559 1824 5597 πε-

251 5638 529 5713 ριτέμνει;
557 5635 625 5711 ἦν
658 5639 770 5710 γάρ
794 5636 872 5708 τῷ
903 5634 1099 5708 ἀληθεῖ
1127 5635 1156 5688 ὁ
1207 5633 1416 5698 Παῦλος
1436 5633 1529 5688 τὸν
1561 5631 1826 5704 Τιμόθεον

247 5729 606 5802 οέκονομικῶς
654 5725 991 5799 περιτεμὼν.
1048 5725 1193 5797 Πρὸς
1245 5723 1418 5781 ταῦτα
1447 5723 1540 5779 οὖν
1598 5723 1823 5796 γράφει,

249 5821 348 5875 καὶ
377 5819 581 5883 εὐθέως
599 5821 664 5874 ὲκ
686 5817 991 5891 προοιμίων
1040 5816 1178 5888 πρὸς
1229 5817 1405 5872 ἐκεῖνο
1450 5815 1821 5880 ἀποτείνεται,

1849 4590 1894 4650 C

1919 3465 2065 3534 quod
2115 3479 2212 3535 per
2243 3463 2524 3521 Christum
2564 3468 2740 3538 gratia
2786 3469 3089 3523 aboleverit
3127 3467 3506 3523 circumcisio-

1918 3569 2044 3612 nem
2079 3556 2378 3612 secundum
2407 3571 2626 3612 carnem
2658 3575 2674 3616 :
2703 3567 2758 3614 et
2789 3559 2862 3614 ita
2891 3576 3112 3614 rursum
3143 3562 3288 3615 circa
3320 3576 3504 3616 mores

1919 3645 2269 3703 admonendo
2301 3661 2364 3703 ac
2392 3647 2643 3704 docendo
2673 3649 2952 3704 concludit
2986 3649 3306 3720 Epistolam.
3371 3668 3378 3672 ·

2488 3874 2956 3932 TIIEODORETI.

1995 3985 2160 4058 714
2197 3984 2530 4040 Promtuium
2569 4001 2633 4041 ac
2672 3993 2786 4042 tota
2833 3989 3004 4042 ferme
3051 3987 3294 4056 Epistola
3345 3989 3506 4058 plena

1923 4084 2011 4134 est
2052 4076 2530 4134 excandescentia.
2570 4076 2748 4133 Causa
2789 4088 2970 4132 autem
3016 4080 3130 4133 haec
3173 4079 3274 4133 fuit
3314 4096 3328 4133 :
3365 4081 3505 4146 Qui-

1923 4168 2049 4224 dam
2092 4169 2184 4238 qui
2235 4184 2265 4223 θ
2311 4166 2516 4224 ludatis
2560 4169 2904 4223 crediderant
2950 4179 3005 4224 et
3049 4170 3229 4223 adhuc
3271 4181 3509 4238 paterna:

1921 4259 2028 4330 legi
2063 4259 2440 4324 adhaerebant,
2480 4260 2670 4314 multis
2703 4258 2955 4314 ﬁdelibus
2982 4261 3075 4330 qui
3110 4262 3251 4315 inter
3283 4261 3508 4316 Galatas

1922 4359 2102 4417 erant,
2137 4361 2531 4421 persuaserunt
2556 4361 2615 4406 ut
2635 4351 3167 4407 circumciderentur
3189 4363 3242 4408 et
3268 4355 3507 4406 babbata

1925 4457 1990 4500 ac
2024 4441 2349 4497 Neomenias
2389 4450 2694 4498 servarent.
2737 4440 3154 4498 Persuadebant
3189 4455 3396 4506 autem,
3425 4444 3510 4497 di-

1928 4541 2116 4590 centes
2149 4547 2252 4588 non
2283 4548 2406 4589 esse
2439 4533 2611 4589 Paulo
2639 4535 3148 4605 obtemperandum,
3179 4537 3270 4605 qui
3305 4551 3509 4605 paucos

1929 4630 2058 4678 ante
2086 4622 2204 4677 dies
2233 4625 2601 4694 apparuisset,
2637 4625 2734 4680 sed
2771 4627 2945 4696 magis
2986 4625 3172 4690 Petro,
3203 4626 3407 4681 Jacobo
3441 4642 3508 4682 ac

1928 4711 2150 4768 Joanni.
2184 4713 2318 4768 Nam
2353 4715 2431 4781 hi,
2471 4729 2596 4770 cum
2633 4715 2869 4772 fuissent
2911 4733 3034 4772 cum
3079 4719 3322 4782 Christo,
3354 4718 3510 4774 dice-

1927 4806 2061 4862 bant
2099 4823 2210 4863 non
2257 4809 2551 4878 prohibere
2594 4810 3096 4866 circumcisionem.
3151 4809 3220 4864 Et
3260 4826 3388 4867 vere
3427 4812 3506 4866 illi

1929 4899 2342 4968 dispensatione
2371 4915 2437 4955 ac
2469 4900 2938 4956 condescensione
2975 4901 3212 4971 quadam
3247 4918 3374 4975 erga
3407 4901 3510 4960 Ju-

1929 4991 2078 5048 dmos
2109 4999 2325 5048 utentes
2355 5008 2465 5047 non
2498 4993 2860 5062 prohibebant
2886 4994 3383 5051 circumcisionem.
3405 4995 3511 5052 Ve-

1930 5101 2052 5140 rum
2073 5085 2130 5140 bi
2145 5085 2415 5141 occultata
2432 5099 2620 5152 causa,
2636 5100 2831 5156 nempe
2851 5087 2996 5156 quod
3018 5089 3510 5148 condescendendo

1929 5193 2040 5234 non
2073 5177 2450 5250 prohiberent,
2499 5191 2566 5233 ex
2612 5176 2756 5232 tacto
2800 5193 2897 5234 eos
2928 5181 2995 5236 ad
3026 5181 3508 5240 circumcisionem

1927 5269 2272 5336 inescabant,
2291 5277 2347 5322 et
2369 5267 2595 5323 Paulum
2620 5267 2893 5339 abjectum
2920 5270 3244 5340 reddebant,
3262 5273 3508 5328 dicentes

1928 5360 2109 5432 ipsum
2147 5372 2257 5414 non
2287 5358 2518 5426 Christi,
2551 5359 2648 5416 sed
2684 5361 3062 5431 apostolorum
3100 5377 3224 5419 esse
3260 5362 3508 5433 discipu-

1929 5451 2066 5514 lum,
2093 5449 2312 5506 Petrum
2337 5466 2467 5508 vero
2495 5466 2560 5508 ac
2583 5461 2814 5510 caeteros
2843 5453 3019 5526 ipsius
3042 5453 3270 5510 Christi.
3301 5452 3508 5508 Deinde

1931 5539 2183 5594 dicebant
2205 5539 2355 5610 quod
2379 5540 2494 5610 ipse
2511 5541 2714 5600 Paulus
2739 5545 2870 5599 alibi
2893 5544 3306 5600 circumcidisse
3327 5551 3511 5600 osten-

1931 5631 2156 5686 deretur
2182 5642 2197 5685 :
2224 5647 2397 5703 quare
2430 5647 2526 5688 vos
2555 5650 2706 5706 ergo.
2751 5635 3028 5705 inquiunt,
3073 5651 3180 5690 non
3211 5634 3509 5690 circumci-

1930 5722 2048 5777 dit?
2075 5722 2210 5780 Vere
2270 5723 2416 5780 enim
2459 5723 2665 5780 Paulus
2713 5725 3055 5784 Timotheum
3099 5725 3510 5797 dispensatione

1929 5813 2166 5886 quadam
2196 5813 2638 5874 circumciderat.
2685 5813 2767 5870 Ad
2809 5815 2924 5873 lucc
2965 5829 3096 5890 ergo
3133 5817 3352 5888 scribit,
3387 5826 3506 5874 sta-
