3956 6576
196 412 336 478 10‘33

1219 401 1604 466 COMMENT.
1641 399 1720 459 IX
1766 398 2007 458 EPIST.
2033 397 2134 456 AD
2163 395 2433 456 GALAT-

3313 391 3454 458 1094

185 550 244 603 χε
259 529 404 603 ιρισθ
415 531 491 592 εὶς
509 526 608 598 τὴν
629 525 952 596 ἀποστολὴν,
983 523 1100 577 οὐδὲ
1130 521 1195 575 δι’
1219 518 1532 592 ἀνθρώπου,
1553 516 1687 571 ἀλλὰ
1705 515 1771 567 δι’

1897 512 1947 566 ὼ
1981 509 2302 564 hominibus
2348 506 2679 578 apostolatu,
2725 505 2819 577 qui
2864 519 2973 560 non
3024 520 3120 576 per
3167 504 3472 570 hominem,

184 624 361 681 αὑτεῦ
391 622 488 676 τοῦ
511 618 748 691 Χριστοῦ
773 620 852 683 εἰς
878 617 1034 671 τοῦτο
1053 613 1222 669 ἐλθὼν
1255 613 1315 666 τὸ
1343 611 1523 684 ἔργον.
1568 627 1586 660 ι
1614 605 1779 660 Ἀ).λᾶ

182 719 280 774 διὰ
312 716 487 789 Ἰησοῦ
510 713 750 786 Χριστοῦ
783 713 874 766 καὶ
896 709 1030 764 Θεοῦ
1062 709 1327 780 Πατρόςει
1363 701 1778 777 Σημείωσαιτὸ,

185 812 314 878 διὰ,
363 809 458 864 ἐπὶ
489 808 691 879 πατρὸς
718 806 814 860 καὶ
844 804 982 858 Υίοῦ
1014 803 1290 874 κείμενον,
1315 798 1412 854 καὶ
1432 797 1650 871 πρῶτον
1689 794 1780 847 τὸν

184 903 324 957 Υἰδν
353 898 750 970 ὀνομασθέντα.
784 915 801 948 ι
827 895 936 949 Τοῦ
978 893 1291 966 ἐγείραντος
1321 890 1503 944 αὐτόν.
1538 907 1558 940 ι
1605 887 1780 957 ’Υπὲρ

186 997 296 1066 τῆς
329 996 408 1058 εἰς
434 993 526 1046 τὸν
552 990 774 1062 Πατέρα
808 988 975 1059 τιμῆς
1003 987 1162 1040 τοῦτο
1192 983 1537 1057 εἷρηται,κα“ι
1570 981 1657 1035 διὰ
1683 982 1782 1050 τὴν

185 1089 306 1142 τῶν
336 1086 645 1139 ἀκουόντων
677 1081 983 1136 ἀσθένειαν.
1015 1097 1034 1131 ι
1053 1079 1149 1132 Ἐκ
1172 1077 1402 1148 νεκρῶν.
1427 1095 1445 1128 r
1497 1074 1782 1144 Εὐκαίρως

188 1182 296 1249 τῆς
321 1177 640 1249 οἰκονομίας
657 1176 751 1230 καὶ
777 1173 871 1229 τοῦ
891 1172 1117 1227 θανάτου
1146 1169 1394 1242 ἐμνήσθη
1424 1165 1519 1222 τοῦ
1549 1166 1780 1236 Κυρίου,

188 1275 284 1328 ἵνα
321 1274 431 1326 τῶν
470 1271 567 1324 τοῦ
603 1267 843 1340 Χριστοῦ
866 1265 1196 1338 εὐεργεσιῶν
1226 1264 1570 1334 ὑπομνήσας,
1607 1260 1784 1330 τούτῳ

188 1367 331 1435 γοῦν
353 1367 432 1435 τῷ
465 1367 654 1434 τρόπῳ
707 1361 872 1433 πείσῃ
920 1359 1121 1430 μηκέτι
1159 1357 1233 1428 τῷ
1281 1357 1430 1426 νόμῳ
1465 1354 1780 1426 προσέχειν,

188 1459 334 1512 ἀλλὰ
365 1458 443 1528 τῷ
472 1455 716 1528 Χριστῷ.
753 1455 890 1507 «Kal.
914 1453 964 1506 oi.
996 1453 1092 1506 σὺν
1111 1451 1238 1522 ἐμοὶ
1269 1449 1470 1511 πάντες
1500 1445 1772 1515 ἀδελφοί.»

185 1549 260 1600 Τί
286 1547 351 1619 δή
376 1564 504 1600 ποτε
539 1547 634 1598 νῦν
663 1544 883 1597 πάντων
911 1543 1186 1614 μέμνηται
1205 1540 1316 1594 τῶν
1341 1539 1586 1606 ἀδελφῶν
1614 1555 1627 1602 ;
1659 1538 1783 1589 Ὅτι

188 1641 243 1694 οἰ
275 1638 652 1700 διαϐάλλοντες
680 1635 842 1690 αὐτὸν
877 1633 1064 1702 ἔλεγον
1097 1632 1261 1703 μόνον
1298 1631 1390 1684 τὸν
1421 1629 1635 1683 Παῦλον
1683 1645 1783 1680 κα-

192 1731 269 1786 τὰ
317 1731 674 1799 καινοτομίαν
718 1728 816 1799 τὴν
851 1725 1155 1796 περιτομὴν
1214 1722 1465 1778 κωλύειν.
1520 1720 1781 1775 Βούλεται

193 1820 294 1879 οῦν
342 1822 534 1888 δεῖξαι,
568 1821 799 1884 πολλοὺς
843 1820 951 1874 τῶν
985 1817 1240 1871 τοιούτων
1285 1815 1573 1886 δογμάτων
1622 1813 1782 1873 ὄντας

195 1915 513 1978 κοινωνούς.
542 1915 707 1976 «Ταῖς
754 1911 1106 1981 Ἐκκλησίαις
1143 1911 1242 1980 τῆς
1270 1905 1594 1969 Γαλατίας.)
1637 1904 1777 1973 Ὅρα

191 2009 298 2064 τοῦ
331 2005 507 2078 θυμοῦ
566 2005 665 2077 τὴν
705 2003 949 2068 ἔνδειξιν.
979 2002 1052 2056 Οὐ
1083 1999 1192 2070 γὰρ
1236 1995 1411 2064 εἷπεν,
1469 1997 1543 2060 ὡς
1575 1991 1778 2055 εἰώθει,

192 2103 314 2165 τοῖς
361 2099 719 2170 Ἀγαπητοῖς,
751 2097 924 2168 ἧτοῖς
968 2092 1382 2163 Ἥγιασμένοις,
1417 2091 1449 2160 ἢ
1485 2088 1618 2158 γοῦν
1663 2088 1782 2150 ταῖς

208 2193 568 2262 Ἐκκλησίαις
633 2188 728 2243 τοῦ
793 2185 965 2251 Θεοῦ,
1031 2185 1168 2239 ἀλλὰ
1220 2202 1238 2236 ι
1277 2183 1388 2252 Τῆς
1441 2178 1776 2239 Γαλατίας.»

193 2305 297 2337 -‹
325 2285 500 2354 Χάρις
529 2283 680 2352 ύμῖν.
711 2300 730 2333 ι
765 2278 993 2342 Ἐπειδὴ
1018 2277 1130 2350 γὰρ
1156 2273 1498 2329 ἐκινδύνευον
1529 2274 1595 2341 τῇ
1621 2287 1780 2342 περι-

194 2374 366 2443 τομῇ,
396 2371 497 2442 τῆς
525 2370 750 2442 χάριτος
787 2369 1065 2428 ἐκπεσεῖν,
1092 2365 1298 2437 ταύτην
1337 2364 1518 2426 αὐτοῖς
1557 2361 1784 2431 ἐπεύχε-

194 2481 315 2519 ται.
345 2461 542 2526 Καλῶς
572 2461 631 2516 δέ
662 2478 820 2532 φησι,
856 2479 874 2514 ι
901 2461 1013 2514 Καὶ
1041 2460 1256 2530 εἰρήνη.
1287 2477 1306 2509 ι
1343 2453 1524 2511 ἿνῐσανΙ
1552 2457 1662 2527 γὰρ
1692 2455 1783 2506 ἐκ·

198 2552 616 2625 πολεμωθέντες
634 2552 770 2623 πρὸς
786 2550 940 2616 Θεὸν,
963 2552 1030 2622 τῇ
1049 2550 1155 2602 τῶν
1171 2548 1412 2620 νομικῶν
1429 2545 1784 2616 ἐνταλμάτων

199 2649 610 2719 παρατηρήσει.
649 2665 669 2698 ‹
717 2645 852 2700 Ἀπὸ
895 2644 1032 2699 Θεοῦ
1082 2643 1320 2715 Πατρός.
1351 2663 1368 2694 r
1398 2642 1569 2696 Πόθεν
1608 2641 1782 2713 ἔχετε,

199 2744 364 2811 φησι,
392 2739 578 2794 καλεῖν
613 2738 835 2810 Πατέρα
856 2737 948 2791 τὸν
978 2737 1134 2801 Θεὸν,
1172 2737 1273 2790 οῦκ
1306 2735 1414 2792 ἀπὸ
1467 2734 1562 2788 τοῦ
1594 2734 1787 2806 βαπτί-

201 2850 444 2904 σματος;
470 2833 523 2886 τί
550 2828 644 2887 οῦν
680 2830 870 2902 ἔχεσθε
891 2828 986 2883 τοῦ
1018 2829 1223 2899 νόμου;
1251 2848 1269 2880 ι
1297 2827 1402 2882 Τοῦ
1431 2828 1614 2890 δόντος
1643 2828 1785 2881 ἐαυ-

199 2927 313 2979 τόν.
346 2943 365 2976 s
394 2925 527 2980 ’ἰδοῦ
567 2923 761 2979 ἐαυτὸν
801 2923 1002 2977 ἔδωκεν
1029 2937 1042 2952 ⁸
1081 2923 1250 2976 Ὅταν
1283 2919 1376 2975 οῦν
1411 2919 1651 2993 ἀκούσῃς
1683 2919 1786 2974 ὑπὸ

197 3018 297 3072 τοῦ
330 3017 546 3088 Πατρδς
576 3017 741 3071 αὐτὸν
784 3015 1056 3080 δεδόσθαι,
1087 3014 1336 3069 εὐδοκίαν
1368 3014 1478 3068 νόει
1526 3013 1619 3067 τοῦ
1671 3015 1784 3066 Πα-

197 3112 352 3180 τρός.
395 3113 613 3174 «Ὅπως
644 3110 896 3180 ἐξέληται
917 3112 1085 3181 ἡμᾶς.
1109 3129 1126 3162 r
1157 3108 1398 3163 Ἔδωκεν
1425 3107 1617 3162 ἑαυτὸν
1645 3108 1785 3178 ὑπὲρ

1882 603 1976 657 sed
2015 615 2110 670 per
2139 602 2318 671 ipsum
2336 600 2616 655 Christum
2638 600 2702 654 ad
2737 601 2840 654 hoc
2870 600 3111 654 venerim
3137 613 3297 668 opus.
3321 617 3338 648 ι
3368 598 3474 654 Sed

1880 707 1976 763 per
2018 690 2204 747 Jesum
2239 691 2521 746 Christum
2559 706 2623 746 ac
2671 691 2836 746 Deum
2879 700 3111 762 patrem.
3150 709 3171 744 ι
3212 690 3476 744 Animad-

1881 791 2098 841 vertere
2140 784 2232 839 hic
2261 784 2702 855 prmpositionem
2737 783 2849 846 διὰ,
2883 783 2933 837 id
2965 791 3070 848 est,
3110 799 3222 852 per,
3259 783 3325 836 ad
3369 782 3476 836 Pa-

1881 883 2022 933 trem
2049 891 2114 931 ac
2135 874 2334 930 Filium
2364 876 2582 946 apponi,
2609 875 2958 944 primumque
2981 875 3150 929 ﬁlium
3177 875 3476 932 nominari.

1890 987 1908 1022 ι
1941 968 2046 1036 Qui
2088 967 2378 1024 suscitavit
2414 968 2614 1035 ipsum.
2645 984 2663 1016 ι
2701 967 2784 1020 0b
2813 966 3078 1022 honorem
3113 982 3238 1039 erga
3265 975 3475 1036 patrem

1885 1062 1992 1118 hoc
2031 1061 2240 1116 dictum
2271 1068 2377 1118 est.
2414 1068 2471 1114 et
2502 1067 2731 1130 propter
2770 1058 3086 1114 auditorum
3123 1061 3478 1116 imbecillita-

1884 1162 2015 1210 tem.
2069 1172 2088 1205 ι
2129 1153 2206 1206 Ex
2235 1151 2487 1206 mortuis.
2523 1169 2540 1202 ι
2598 1151 2880 1218 Oportune
2928 1151 3362 1222 dispensationis
3413 1165 3480 1206 ac

1883 1244 2080 1300 mortis
2135 1243 2354 1298 Domini
2417 1244 2704 1308 meminit,
2758 1252 2816 1298 ut
2876 1243 3018 1299 facta
3083 1244 3478 1300 beneﬁciorqu

1883 1338 2086 1393 Christi
2126 1337 2426 1403 mentione,
2472 1335 2576 1391 hoc
2617 1351 2751 1391 sane
2801 1337 2965 1392 modo
3013 1339 3362 1406 persuadeat,
3412 1353 3481 1391 nc

1885 1430 2050 1500 720
2081 1430 2340 1498 deinceps
2369 1429 2473 1499 legi
2505 1427 2841 1494 adhaereant,
2875 1432 2969 1484 sed
3007 1429 3249 1484 Christo.
3293 1449 3312 1482 ‹
3348 1429 3483 1495 Qui-

1884 1532 2104 1587 cunque
2146 1532 2360 1572 mecum
2390 1524 2522 1571 sunt
2569 1514 2788 1572 fratres.
2845 1535 2863 1570 ι
2916 1518 3090 1584 Quam
3138 1521 3210 1573 ob
3253 1535 3478 1574 causam

1883 1610 2134 1663 omnium
2167 1609 2333 1664 simul
2366 1608 2601 1663 fratrum
2637 1623 2787 1662 nunc
2811 1609 3104 1664 meminit?
3130 1609 3270 1675 Quia
3297 1611 3349 1662 hi
3386 1613 3478 1679 qui

1885 1702 2064 1773 ipsum
2098 1701 2578 1756 calumniabantur
2604 1701 2858 1757 dicebant
2891 1703 3068 1756 solum
3091 1701 3317 1756 Paulum
3339 1719 3485 1757 novo

1885 1793 2048 1850 modo
2075 1792 2366 1864 prohibere
2396 1793 2875 1848 circumcisionem
2913 1811 2926 1848 :
2963 1794 3078 1847 vult
3120 1809 3250 1864 ergo
3290 1804 3482 1848 osten-

1885 1885 2014 1940 dere
2048 1885 2253 1940 multos
2291 1899 2414 1940 esse
2447 1884 2554 1940 sibi
2591 1885 2775 1941 socios
2809 1885 2861 1939 in
2896 1885 3212 1954 huiusmodi
3256 1886 3486 1955 dogma-

1887 1976 1980 2034 tis.
2022 1993 2041 2027 ι
2079 1975 2345 2030 Ecclesiis
2378 1975 2623 2030 Galatiae.
2664 1994 2683 2028 ι
2739 1975 3042 2032 Considera
3087 1978 3486 2048 indignationis

1887 2067 2261 2123 ostensionem
2287 2085 2303 2136 ;
2325 2083 2503 2138 neque
2524 2069 2667 2122 enim
2696 2068 2834 2123 dixit
2865 2077 2924 2123 ut
2949 2069 3110 2133 solet,
3145 2069 3364 2125 Dilectis
3390 2079 3484 2123 aut

1889 2158 2281 2223 Sancliﬁcatis,
2309 2160 2425 2214 sive
2459 2159 2720 2214 Ecclesiis
2751 2158 2869 2222 Dei.
2901 2159 2996 2216 sed
3033 2177 3051 2212 ι
3078 2158 3322 2215 Galatiae.
3361 2179 3378 2211 ι
3414 2189 3486 2201 -

1893 2269 1911 2302 ι
1944 2250 2134 2305 Gratia
2167 2251 2344 2306 vobis.
2379 2270 2396 2303 ι
2435 2250 2718 2322 Siquidem
2744 2253 2872 2332 quia
2903 2253 2974 2308 ob
2996 2233 3484 2307 circumcisionem

1887 2344 2368 2413 periclitabantur,
2417 2373 2488 2385 —
2530 2359 2596 2400 ne
2638 2359 2666 2397 a
2716 2345 2891 2416 gratia
2943 2346 3283 2411 exciderent,
3345 2347 3486 2400 hanc

1889 2436 2024 2505 ipsis
2060 2446 2338 2506 precatur.
2367 2435 2512 2490 Bene
2543 2445 2722 2490 autem
2753 2437 2932 2490 dixit:
2973 2456 2991 2489 ι
3017 2437 3081 2490 Et
3113 2453 3238 2507 pax,
3263 2457 3282 2489 ι
3322 2437 3491 2492 Erant

1893 2529 2038 2582 enim
2075 2527 2284 2581 inimici
2325 2528 2504 2582 etl'ecti
2536 2543 2663 2599 erga
2707 2527 2878 2583 Deum
2930 2545 3027 2599 per
3072 2533 3486 2584 observantiam

1887 2617 2144 2688 legalium
2177 2627 2596 2687 praeceptorum.
2633 2637 2652 2670 ι
2687 2620 2725 2671 Α
2758 2618 2869 2673 Deo
2899 2621 3081 2675 Patre.
3128 2639 3146 2672 ›
3187 2620 3359 2685 Unde,
3401 2622 3488 2673 iu-

1889 2711 2030 2781 quit,
2064 2711 2278 2765 habetis
2309 2719 2366 2763 ut
2400 2710 2567 2764 Deum
2593 2711 2807 2766 Patrem
2840 2714 3043 2766 vocetis
3068 2713 3090 2766 ἰ
3119 2728 3299 2766 nonne
3333 2728 3362 2766 ο
3394 2713 3492 2766 bn-

1888 2805 2145 2874 ptismate
2175 2803 2197 2855 1
2230 2818 2328 2856 cur
2355 2819 2488 2872 ergo
2523 2803 2626 2870 legi
2664 2803 2885 2857 haretis
2918 2804 2942 2856 ?
2977 2797 3006 2854 ἰ
3047 2805 3150 2870 Qui
3197 2805 3349 2858 dedit
3378 2806 3492 2858 sei-

1889 2913 2072 2968 psum.
2109 2915 2128 2948 ι
2164 2896 2305 2952 Ecce
2350 2898 2592 2966 Seipsum
2645 2898 2844 2952 dedit:
2901 2915 3026 2952 cum
3074 2914 3206 2968 ergo
3248 2899 3491 2954 audieris

1889 2991 2069 3060 ipsum
2099 3005 2126 3042 a
2163 2990 2322 3044 Patre
2357 2989 2545 3044 datum
2585 2990 2779 3057 fuisse,
2816 2989 3219 3060 bcneplacitum
3245 2993 3489 3062 intellige

1890 3083 2090 3138 Patris.
2133 3103 2151 3136 ι
2188 3081 2260 3138 Ut
2287 3084 2526 3153 eriperet
2559 3100 2675 3140 vos.
2712 3103 2730 3136 s
2767 3113 2836 3124 -—
2883 3103 2901 3135 ι
2935 3083 3093 3138 Dedit
3128 3087 3486 3153 semetipsum

203 3176 319 3257 τῶν
356 3203 642 3274 ἁμαρτιῶν
681 3176 839 3275 ήμῶν
869 3176 1168 3271 ἐξαλείφων
1187 3219 1247 3255 τε
1276 3201 1342 3256 τὰ
1384 3202 1648 3274 πρότερα,
1696 3176 1789 3255 καὶ

1897 3192 1994 3248 pro
2028 3177 2270 3246 peccatis
2300 3176 2530 3242 nostris,
2569 3187 2617 3230 et
2661 3177 2932 3246 prmtcrita
2967 3176 3192 3231 abolens
3225 3186 3278 3230 et
3310 3178 3362 3230 in
3397 3176 3489 3231 fu-

203 3296 346 3365 stp‘n;
372 3295 434 3349 τὸ
459 3293 654 3366 μέλλον
683 3295 989 3366 συντηρῶν.
1023 3312 1041 3346 t
1073 3295 1259 3358 Ὅπως
1287 3293 1420 3364 γὰρ,
1474 3294 1663 3364 φησὶν,
1699 3293 1788 3360 ἐξ-

203 3389 398 3456 έληται
458 3389 607 3457 ἡμᾶς
649 3388 713 3440 ἐκ
739 3386 833 3440 τοῦ
890 3386 1185 3450 ἐνεστῶτος
1232 3385 1426 3450 αἰῶνος
1464 3389 1726 3456 πονηροῦ,
1767 3405 1786 3438 ι

203 3480 508 3540 τουτέστιν.
549 3481 615 3532 ἐκ
639 3479 751 3532 τῶν
784 3478 970 3533 κακῶν
1003 3476 1256 3548 πράξεων
1288 3477 1507 3547 καὶτῆς
1532 3478 1792 3550 διεφθαρ-

207 3572 382 3642 μένης
401 3573 566 3643 ςωῆς.
599 3573 818 3642 Ταύτην
843 3572 950 3642 γὰρ
966 3572 1138 3624 αἰῶνα
1155 3571 1315 3625 καλεῖ
1339 3571 1596 3641 πονηρὸν,
1624 3572 1685 3624 ού
1702 3571 1792 3625 τὸν

203 3664 402 3734 χρόνον
431 3665 463 3733 ἦ
491 3663 589 3728 τὰς
610 3663 848 3736 ἡμέρας,
875 3665 1114 3733 Ἀπαγε.
1145 3663 1332 3727 Οῦτως
1367 3663 1476 3735 γὰρ
1501 3665 1662 3734 ἡμεῖς
1700 3664 1793 3717 λέ-

209 3773 330 3820 γειν
361 3755 659 3826 εἰώθαμεν,
699 3757 830 3810 ὃταν
858 3774 912 3810 τι
940 3755 1050 3809 τῶν
1087 3755 1370 3826 ἀδοκήτων
1403 3758 1536 3827 ἡμῖν
1583 3755 1788 3828 συμϐῇ.

207 3845 424 3917 Κακὴν,
452 3847 638 3916 φησὶν,
665 3848 883 3917 ἡμέραν
913 3846 1166 3918 ἐποίησα.
1194 3864 1212 3896 ι
1237 3845 1442 3909 Δίῶνος
1468 3846 1730 3917 πονηροῦ.
1768 3865 1788 3899 ι

207 3940 312 3992 Διὰ
355 3941 452 3992 τοῦ
483 3940 658 3991 εἰπεῖν
688 3938 780 3992 τοῦ
805 3938 1100 4001 ἐνεστῶτος
1129 3938 1324 4002 αἰῶνος
1350 3937 1588 4008 πονηροῦ
1609 3977 1624 4000 ,
1659 3937 1794 3990 ἔδει·

209 4032 303 4097 ξεν
350 4034 434 4086 ὅτι
472 4031 533 4084 τὸ
577 4031 746 4085 κακὸν
806 4031 905 4084 οὐκ
934 4030 1216 4100 ἀγένητον,
1267 4030 1390 4082 οὐδὲ
1439 4030 1629 4095 ἀΐδιον,
1658 4029 1794 4084 ἀλλὰ

207 4124 574 4196 πρόσκαιρον.
614 4142 632 4176 t
654 4123 810 4177 Κατὰ
827 4123 888 4176 τὸ
918 4122 1130 4193 θέλημα
1156 4121 1250 4175 τοῦ
1283 4121 1422 4175 Θεοῦ
1453 4123 1550 4176 καὶ
1583 4123 1796 4194 Πατρδς

208 4216 395 4289 ἡμῶν.
429 4235 448 4269 ι
489 4215 710 4286 Ἐπειδὴ
760 4215 868 4287 γὰρ
908 4217 1098 4284 ἐλεγον
1131 4215 1205 4284 μὴ
1237 4215 1347 4268 δεῖν
1377 4215 1473 4286 ἐᾷν
1504 4214 1595 4268 τὸν
1630 4215 1796 4284 νόμον

209 4308 288 4370 ὡς
320 4307 429 4362 ὑπὸ
460 4306 596 4360 Θεοῦ
626 4307 871 4373 δοθέντα,
913 4307 1184 4361 δείκνυσιν
1215 4307 1297 4360 ὅτι
1333 4307 1426 4361 καὶ
1453 4307 1534 4371 τὸ,
1560 4307 1792 4379 τῷΧρι-

212 4397 329 4468 στῷ
367 4395 680 4461 πιστεῦσαι,
718 4397 930 4468 θέλημα
976 4397 1070 4450 τοῦ
1110 4397 1319 4468 Πατρός
1365 4399 1503 4451 ἐστι.
1542 4397 1699 4450 Κατὰ
1735 4395 1797 4449 τὸ

211 4489 429 4559 θέλημα
473 4490 582 4561 γὰρ
608 4489 703 4543 τοῦ
736 4489 968 4561 Πατρὶς,
1011 4489 1211 4543 ἔδωκεν
1247 4489 1444 4542 ἐαυτὸν
1477 4491 1504 4542 ό
1535 4489 1794 4559 Χριστός.

221 4583 391 4652 Ὁρᾷς
442 4582 522 4634 ὅτι
567 4581 803 4650 οὐδαμοῦ
858 4582 1095 4653 ἐπιταγὴ
1139 4582 1234 4634 τοῦ
1275 4581 1485 4652 Πατρὸς
1521 4583 1658 4652 πρὸς
1706 4581 1797 4634 τὸν

212 4673 369 4735 Υίδν,
403 4670 539 4726 ἀλλὰ
582 4671 719 4742 μόνη
761 4669 1068 4733 σύννευσις.
1121 4671 1292 4726 Πάλιν
1321 4671 1398 4734 δὲ,
1441 4669 1536 4724 τοῦ
1584 4673 1796 4742 Πατρὸς

211 4761 401 4831 ἡμῶν,
433 4759 624 4826 εἰπὼν,
677 4760 772 4814 τοῦ
832 4761 1234 4832 βαπτίσματος·
1261 4762 1696 4832 ὑπομιμνήσκει.
1731 4763 1797 4816 Τί

213 4843 308 4902 οῦν
335 4850 527 4919 ἔχεσθε
551 4849 645 4903 τοῦ
668 4851 834 4918 νόμου
860 4869 874 4913 ;
915 4869 933 4901 ι
954 4843 1024 4922 ᾯ
1051 4852 1083 4917 ἡ
1115 4851 1242 4916 δόξα
1270 4852 1350 4914 εἰς
1377 4853 1502 4915 τοὺς
1525 4852 1744 4915 αἰῶνας.
1775 4870 1793 4904 ο

226 4944 592 5014 Ἐνθυμηθεὶς
618 4944 708 4996 διὰ
751 4943 860 4996 τῶν
891 4943 1198 5013 εἰρημένων
1231 4944 1330 5008 τὰς
1377 4945 1618 5013 ἀφὰτους
1640 4945 1802 5014 εὐερ-

213 5037 413 5105 γεσίας
449 5035 542 5090 τοῦ
573 5034 734 5095 Θεοῦ,
767 5036 848 5097 είς
899 5033 1207 5103 δοξολογίαν
1242 5035 1556 5089 κατέπαυσε
1595 5035 1688 5089 τόν
1718 5034 1806 5089 λό-

215 5147 340 5198 γον.
373 5129 448 5180 Οὐ
489 5128 598 5199 γὰρ
631 5122 701 5198 ἦν
727 5128 897 5192 αὑτὰς
932 5125 1188 5191 ἐξειπεῖν.

293 5221 580 5290 Θαυμάζω
626 5221 717 5275 ὅτι
755 5221 945 5287 οὕτως
999 5221 1224 5290 ταχέως
1268 5221 1657 5290 μετατίθεσθε
1685 5221 1804 5277 ἀπὸ

216 5315 330 5369 τοῦ
361 5314 740 5379 καλέσαντος
773 5313 930 5382 ὑμᾶς
959 5313 1030 5367 ἐν
1057 5312 1250 5382 χάριτι
1283 5314 1450 5379 Θεοῦ,
1489 5316 1576 5379 εἰς
1600 5314 1807 5382 ἕτερον

214 5407 614 5477 Εὐαγγέλιον.
653 5408 722 5460 "0
751 5409 862 5460 οὐκ
888 5406 1061 5461 ἔστιν
1087 5407 1262 5472 ἄλλο,
1287 5409 1340 5460 εὶ
1359 5406 1442 5478 μή
1474 5407 1634 5472 τινές
1649 5410 1808 5462 εἰσιν

221 5505 276 5555 οι
307 5499 724 5569 ταράσσοντες
749 5497 924 5569 ὑμᾶς,
961 5499 1058 5553 καί
1091 5495 1371 5565 θέλοντες
1397 5498 1808 5568 μεταστρέψαι

221 5592 292 5647 τὸ
325 5592 700 5661 Εὐαγγέλιον
727 5591 835 5646 τοῦ
857 5591 1134 5661 Χριστοῦ.
1185 5593 1360 5645 Ἀλλὰ
1388 5590 1486 5644 καί
1514 5591 1622 5646 ἐὰν
1637 5592 1810 5662 ἡμεῖς

223 5686 263 5753 ἢ
289 5685 552 5755 ἄγγελος
575 5684 643 5749 ἐξ
685 5684 943 5754 οὐρανοῦ
975 5685 1419 5755 εὐαγγελίζηται
1451 5684 1591 5756 ὑμῖν
1611 5687 1748 5755 παρ’
1775 5685 1807 5739 ὃ

224 5775 751 5848 εὐηγγελισάμεθα
781 5777 942 5846 ὑμῖν,
979 5775 1245 5846 ἀνάθεμα
1274 5776 1450 5832 ἔστω.

301 5869 410 5924 Δύο
443 5870 788 5942 ἐγκλήματα,
829 5870 889 5923 τό
919 5887 978 5926 τε
1021 5867 1429 5940 μετατίθεσθαι,
1468 5871 1561 5926 καὶ
1593 5885 1674 5939 το,
1707 5888 1804 5924 τα-

1897 3280 2078 3326 turum
2110 3285 2474 3340 prrcscrvans.
2509 3269 2596 3322 Ait
2626 3271 2770 3322 enim
2803 3286 2818 3323 :
2863 3287 2881 3318 ι
2926 3267 2994 3323 Ut
3023 3269 3258 3340 eriperet
3291 3287 3388 3323 nos
3423 3287 3492 3326 ex

1897 3362 2152 3431 praesenti
2186 3360 2388 3414 sa:trulo
2417 3361 2562 3414 malo
2591 3401 2605 3426 ,
2648 3378 2667 3411 ι
2707 3361 2810 3414 hoc
2839 3369 2941 3421 est.
2975 3376 3040 3414 ex
3067 3361 3227 3416 malis
3261 3362 3495 3414 actioni-

1898 3451 2000 3504 bus
2031 3448 2250 3518 vitaque
2293 3456 2556 3519 corrupta
2593 3465 2608 3502 :
2661 3449 2800 3504 hanc
2841 3450 2984 3504 enim
3025 3459 3183 3504 vocat
3228 3453 3490 3505 saiculum

1898 3541 2125 3606 malum,
2157 3557 2262 3596 non
2289 3550 2503 3611 tempus
2534 3542 2713 3612 ipsum
2749 3552 2839 3596 aut
2875 3543 2990 3597 dies
3023 3562 3036 3598 :
3074 3542 3315 3599 Minime.
3354 3533 3486 3598 Nam

1897 3636 1972 3688 ita
2012 3648 2110 3689 nos
2147 3649 2369 3705 quoque
2411 3634 2595 3689 dicere
2629 3636 2870 3690 solemus
2916 3635 3006 3689 ubi
3048 3636 3178 3706 quid
3225 3639 3492 3706 inOpinau

1897 3725 2058 3781 nobis
2092 3727 2430 3796 contigerit:
2478 3727 2677 3780 Malum
2711 3726 2855 3781 diem
2899 3729 3162 3796 transegi.
3222 3745 3239 3778 ι
3285 3729 3496 3783 Saeculo

1897 3819 2061 3874 malo.
2093 3838 2112 3871 ι
2137 3817 2241 3872 Per
2268 3820 2373 3872 hoc
2395 3820 2538 3888 quod
2572 3821 2669 3874 ait.
2699 3837 2718 3871 ι
2754 3819 3016 3876 Praasenti
3047 3821 3250 3876 saeculo
3282 3827 3444 3884 malo,
3472 3842 3489 3872 ι

1898 3912 2136 3968 ostendit
2164 3910 2367 3964 malum
2401 3925 2506 3964 non
2531 3927 2654 3966 esse
2685 3912 2805 3966 sine
2837 3913 3131 3981 principio,
3165 3926 3259 3966 aut
3291 3917 3498 3982 sempi-

1899 4011 2140 4066 ternum,
2165 4002 2257 4056 sed
2287 4003 2609 4071 temporale.
2668 4023 2685 4054 ι
2721 4002 2888 4057 Juxta
2925 4005 3260 4058 voluntatem
3302 4003 3391 4058 Dei
3445 4017 3498 4058 ct

1900 4093 2079 4149 Patris
2105 4093 2301 4148 nostri.
2335 4112 2352 4144 ι
2385 4092 2654 4159 Quoniam
2684 4095 2828 4149 enim
2849 4095 3223 4151 dicebantnun
3244 4111 3498 4167 uporzcre

1901 4189 2073 4258 legem
2112 4188 2444 4258 relinquere,
2496 4204 2618 4260 qua:
2662 4205 2691 4244 a
2732 4189 2842 4245 Deo
2883 4193 3007 4245 data
3055 4201 3222 4259 esset,
3257 4198 3497 4250 ostendit

1899 4281 2067 4336 etiam
2108 4281 2288 4336 Patris
2324 4283 2662 4337 voluntatem
2706 4282 2875 4339 fuisse
2916 4285 3064 4354 quod
3110 4287 3164 4339 in
3209 4287 3492 4342 Christum

1901 4374 2289 4431 credidissent.
2320 4373 2603 4446 Siquidem
2628 4375 2787 4445 juxta
2829 4381 3001 4446 patris
3035 4379 3368 4434 voluntatem
3397 4383 3492 4436 de-
3586 4441 3590 4444 ,

1901 4468 1981 4522 dit
2013 4468 2258 4538 seipsum
2294 4467 2572 4523 Christus.
2616 4467 2782 4525 Vides
2808 4471 2950 4540 quod
2982 4488 3248 4542 nusquam
3281 4473 3497 4528 dicatur

1899 4561 2116 4630 jussum
2147 4558 2329 4615 Patris
2351 4576 2477 4632 erga
2505 4559 2720 4623 Filium,
2757 4563 2853 4618 sed
2888 4577 3004 4618 sma
3037 4567 3308 4619 assensio.
3356 4564 3498 4619 Rur-

1907 4667 2027 4707 sum
2064 4659 2248 4706 autem
2287 4651 2521 4707 dicendo
2567 4653 2747 4708 Patris
2781 4654 2978 4721 nostri,
3015 4657 3260 4725 suggerit
3301 4658 3366 4711 de
3399 4658 3499 4712 ha-

1905 4743 2111 4814 ptismo
2138 4761 2151 4797 :
2204 4758 2304 4798 cur
2335 4743 2502 4814 igitur
2534 4745 2637 4815 legi
2669 4745 2961 4801 adlurretis
2989 4747 3012 4800 ?
3051 4766 3068 4798 ι
3099 4747 3196 4802 Cui
3238 4750 3410 4817 gloria
3443 4751 3497 4805 in

1909 4834 2132 4890 saeculo.
2168 4853 2187 4886 r
2221 4833 2598 4890 Consideratis
2635 4851 2731 4906 per
2760 4851 2821 4890 ea
2854 4853 2976 4906 qua:
3010 4838 3152 4892 dicta
3187 4849 3316 4893 sunt
3361 4842 3501 4895 inet-

1910 4921 2172 4980 fabilibus
2198 4925 2294 4980 Dei
2325 4925 2630 4985 beneﬁciis.
2656 4927 2708 4980 in
2744 4927 3197 4997 gloriﬁcationem
3227 4934 3501 4989 conclusit

1910 5028 2223 5070 sermonem
2255 5029 2270 5067 :
2304 5029 2481 5084 neque
2520 5015 2664 5070 enim
2698 5025 2914 5087 poterat
2947 5017 3060 5088 ipsa
3100 5023 3428 5089 exprimere.

1985 5224 2027 5288 l,
2064 5224 2183 5280 6—8.
2210 5223 2384 5279 Miror
2409 5224 2548 5296 quod
2580 5242 2613 5278 a
2648 5223 2756 5278 Deo
2792 5227 2883 5296 qui
2909 5230 3108 5282 vocavit
3141 5247 3228 5284 vos
3259 5247 3352 5299 per
3375 5247 3499 5299 gra-

1909 5321 2038 5369 tiam
2060 5358 2076 5382 ,
2110 5327 2222 5370 tam
2262 5318 2366 5371 cito
2403 5318 2803 5386 trausferamini
2836 5319 2891 5372 in
2929 5320 3078 5373 aliud
3111 5321 3452 5390 Evangelia»:
3481 5362 3498 5387 ,

1911 5412 2052 5476 quod
2083 5431 2186 5469 non
2213 5425 2288 5470 est
2315 5415 2486 5480 aliud,
2515 5417 2620 5470 uisi
2643 5433 2744 5487 quo
2772 5427 2895 5471 sunt
2926 5417 3141 5483 quidam
3160 5416 3250 5483 qui
3276 5431 3362 5467 vos
3389 5423 3500 5466 tur-

1911 5507 2062 5571 bant.
2096 5523 2144 5566 et
2182 5511 2359 5566 volunt
2382 5521 2605 5566 evertere
2639 5510 2980 5580 Evangelium
3010 5509 3225 5564 Christi.
3239 5505 3499 5560 Craterum

1910 5602 2075 5656 etiam
2109 5605 2157 5657 si
2196 5620 2288 5658 nos
2326 5613 2419 5658 aut
2465 5603 2679 5674 angelus
2721 5620 2749 5658 ε
2781 5603 2909 5656 calo
2945 5599 3309 5670 prwdicaverit
3353 5598 3497 5652 vobis

1915 5691 2260 5765 Evnugelium
2291 5705 2484 5765 praeter
2520 5696 2574 5750 id
2599 5694 2737 5765 quod
2766 5690 3168 5764 pradicarimus
3189 5685 3332 5742 vobis
3365 5704 3503 5742 aua-

1912 5783 2084 5839 tltema
2107 5787 2200 5842 sit.

1981 5873 2096 5931 Duo
2126 5884 2350 5947 peccata
2379 5885 2555 5946 erant,
2587 5883 2641 5931 et
2663 5870 2808 5946 quod
2836 5866 3256 5950 transferentur,
3275 5873 3328 5921 et
3349 5867 3498 5939 quod
