3956 6606
233 379 258 436 1
272 374 376 436 097

1267 363 1640 425 'COMMENT
1699 366 1776 426 iN
1816 367 2050 428 EPIST.
2089 367 2187 425 AD
2227 367 2490 426 GALAT.

3314 366 3454 431 1098

208 492 356 544 οὔτε
390 487 740 556 ἐδιδάχθη-ν,
759 483 919 539 ἀλλὰ
939 483 1012 538 δι’
1036 483 1480 550 ἀποκαλύψεως
1507 481 1786 548 Χριστοῦ.

1897 483 2094 536 didici:
2139 483 2226 536 sed
2265 499 2355 551 per
2397 481 2762 535 reuelationem
2806 478 2934 534 Jesu
2978 480 3192 552 Christi,
3235 484 3472 540 Audistis

219 581 562 636 Ἠκούσατε
607 576 714 648 γὰρ
744 575 858 644 τὴν
906 574 1063 644 ἐμὴν
1118 573 1511 643 ἀναστροφήν
1544 588 1686 626 ποτε
1723 573 1792 626 ἐν

207 671 292 738 τῷ
337 667 715 738 Ἰουδαϊσμῷ,
755 665 846 722 ὅτι
873 665 1009 721 καθ’
1037 663 1384 734 ὑπερϐολὴν
1407 663 1659 718 ἐδίωκον
1679 663 1793 730 τὴν

209 761 594 830 Ἐκκλησίαν
619 759 724 814 τοῦ
765 755 934 812 Θεοῦ.
971 756 1073 810 Kal
1107 755 1408 824 ἐπόρθουν
1444 755 1659 824 αὐτὴν,
1692 754 1794 810 καί

208 855 597 924 προέκοπτον
654 853 730 906 ἐν
755 845 836 918 τῷ
914 847 1269 913 Ἰουδαϊσμῷ
1314 849 1469 917 ὑπὲρ
1525 847 1795 915 πολλοὺς

208 947 660 1013 συνηλικιώτας
718 945 786 997 ἐν
843 942 923 1009 τῷ
967 943 1124 1012 γένει
1167 958 1321 1010 μου,
1359 939 1795 1009 περισσοτέρως

207 1037 482 1105 ζηλωτὴς
530 1034 820 1104 ὑπάρχων
867 1032 986 1086 τῶν
1011 1029 1316 1101 πατρικῶν
1357 1049 1477 1102 μου
1535 1032 1796 1101 παραδό-

205 1147 396 1184 σεων.

282 1219 544 1274 Βούλεται
572 1217 744 1282 δεῖξαι
779 1216 985 1283 αὐτοῖς,
1025 1216 1108 1270 ὃτι
1142 1215 1204 1268 οὐ
1251 1216 1400 1288 παρὰ
1468 1215 1791 1287 ἀνθρώπων,

207 1314 346 1384 παρ’
393 1311 558 1365 αὐτοῦ
596 1311 654 1365 δὲ
676 1309 772 1363 τοῦ
804 1306 1049 1377 Χριστοῦ
1105 1309 1380 1380 παρέλαϐε
1417 1309 1478 1362 τὸ
1510 1308 1790 1381 κήρυγμα.

215 1425 234 1458 ι
269 1407 396 1458 Ὅτι
421 1405 520 1457 οὐκ
567 1403 680 1456 ἔστι
723 1403 862 1457 κατὰ
917 1401 1267 1472 ἄνθρωπον.»
1305 1401 1462 1456 Κατὰ
1508 1400 1639 1454 Θεὸν
1685 1402 1792 1471 γάρ

209 1499 356 1561 ἐστι,
386 1497 654 1560 τουτέστι,
692 1493 835 1548 κατὰ
867 1491 1005 1546 Θεοῦ
1040 1490 1408 1561 ἀποκάλυψιν.
1459 1510 1475 1544 ι
1505 1491 1639 1544 Οὐδὲ
1684 1491 1791 1561 γὰρ

211 1589 371 1660 παρὰ
410 1586 720 1657 ἀνθρώπου,
754 1584 907 1656 φησὶ,
936 1582 1246 1655 παρέλαϐον
1269 1583 1450 1637 αὑτό.)
1487 1582 1658 1634 Τοῦτο
1681 1583 1790 1650 γὰρ

211 1676 403 1746 ἔλεγον
448 1677 496 1730 οἱ
538 1674 920 1738 διαϐάλλοντες
972 1673 1156 1736 αὐτὸν,
1188 1673 1321 1728 ὅτιὸ
1368 1671 1580 1736 Παῦλος
1639 1671 1792 1741 παρὰ

208 1767 519 1840 ἀνθρώπων
543 1765 820 1838 παρέλαϐε
841 1766 900 1820 τὸ
929 1766 1218 1836 κήρυγμα,
1239 1767 1336 1835 οὐχ
1365 1764 1554 1835 ὥσπερ
1573 1764 1621 1816 οἱ
1645 1764 1788 1834 ἀμφὶ

1892 576 2027 628 enim
2061 591 2229 628 meam
2269 573 2710 628 conversationem
2755 571 3020 642 quondam
3065 574 3117 627 in
3165 574 3470 639 Judaismo,

1891 667 2029 738 quod
2069 684 2229 738 supra
2273 669 2485 722 modum
2532 669 2873 738 persequebar
2918 667 3212 724 Ecclesium
3258 669 3379 735 Dei,
3411 689 3474 724 ac

1891 758 2249 830 expugnabam
2277 759 2449 826 illam,
2479 769 2528 813 et
2556 757 2892 830 proﬁciebam
2925 762 2980 815 in
3007 758 3289 816 Iudaismo
3313 777 3474 830 supra
3525 763 3551 836 π’

1893 854 2085 907 multos
2108 857 2334 924 wquates
2355 855 2408 908 in
2428 870 2610 925 genere
2635 870 2768 919 meo,
2787 870 2904 908 eum
2930 853 3252 909 vehementer
3274 854 3475 910 τοίαισι-

1893 960 2054 1000 essem
2087 945 2398 999 traditarum
2430 962 2462 998 a
2495 945 2783 1008 maioribus
2822 946 2948 1000 meis
2977 947 3363 1001 institutorum.

1954 1213 2119 1282 '72]
2142 1210 2438 1268 Ostendere
2471 1214 2584 1268 vult
2611 1216 2756 1285 quod
2784 1231 2897 1270 non
2929 1217 2996 1273 ab
3025 1216 3361 1286 hominibus,
3381 1223 3475 1277 sed

1895 1303 1964 1359 ab
1987 1305 2104 1374 ipso
2121 1304 2342 1360 Christo
2368 1306 2808 1375 praedicationem
2840 1309 3130 1379 acceperit.
3166 1330 3184 1362 ι
3212 1309 3328 1367 Non
3351 1328 3474 1369 esse

1893 1397 2194 1453 secundum
2235 1398 2531 1452 hominem.
2573 1417 2590 1450 ι
2633 1397 2728 1454 Est
2763 1398 2908 1454 enim
2940 1400 3240 1456 secundum
3279 1401 3471 1469 Deum,

1893 1489 1997 1546 hoc
2025 1499 2132 1556 est,
2166 1491 2463 1547 secundum
2499 1490 2588 1545 Dei
2627 1491 3027 1548 revelationem.
3066 1513 3086 1545 ι
3116 1492 3302 1565 Neque
3326 1497 3474 1551 enim

1893 1581 1962 1636 ab
1992 1581 2212 1638 homine
2242 1580 2427 1652 accepi
2455 1581 2608 1642 illud,
2648 1600 2666 1633 ι
2706 1580 3053 1652 inquit.Nam
3085 1582 3190 1638 hoc
3223 1583 3479 1641 dicebant

1891 1672 1985 1739 qui
2017 1671 2194 1741 ipsum
2230 1671 2722 1736 calumniabantur,
2747 1672 2892 1743 quod
2923 1671 3123 1730 Paulus
3152 1675 3220 1730 ab
3243 1676 3480 1731 homini.

1892 1761 1994 1816 bus
2022 1762 2461 1832 praedicationem
2484 1765 2803 1835 accepisset,
2824 1775 2876 1821 et
2890 1782 2996 1822 non
3015 1767 3474 1838 quemadmodum

213 1860 432 1930 Πέτρον
468 1856 618 1928 παρὰ
643 1856 734 1909 τοῦ
763 1853 1022 1926 Χριστοῦ.
1055 1856 1146 1908 Διὸ
1174 1854 1382 1922 ἔλεγον.
1423 1853 1498 1908 Ού
1531 1853 1612 1908 δεῖ
1643 1853 1790 1925 αὐτῷ

1897 1852 2091 1909 Petrus
2121 1867 2150 1907 a
2180 1851 2425 1910 Christo.
2469 1854 2593 1910 ldeo
2631 1856 2883 1912 dicebant
2922 1874 3032 1914 non
3071 1869 3324 1930 oportere
3372 1860 3475 1932 ipsi

207 1950 519 2006 πείθεσθαι.
555 1966 573 2000 ι
617 1945 920 2000 ’Ἠκούσατε
965 1946 1095 2015 γάρ.
1128 1963 1149 1996 -ι
1189 1941 1324 1998 Εἶτα
1347 1943 1535 2014 ἐπειδὴ
1571 1944 1671 2014 τὴν
1694 1961 1789 2013 γεσ-

203 2043 444 2115 νομένην
468 2039 617 2111 αύτῷ
653 2039 760 2095 ἀπὸ
808 2037 1047 2110 Χριστοῦ
1074 2037 1425 2108 ἀποκάλυψιν
1481 2037 1710 2108 ἠγνόουν
1739 2036 1789 2089 ol

209 2135 496 2199 Γαλάται,
548 2133 798 2204 βούλεται
830 2134 894 2186 ἐκ
932 2131 1027 2185 τοῦ
1055 2130 1227 2198 δεῖξαι
1281 2127 1473 2184 ἑαυτὸν
1530 2129 1792 2201 πρότερον

203 2228 469 2298 διώκτην,
503 2227 600 2282 καὶ
629 2222 724 2280 νῦν
747 2223 1006 2294 ἐξαίφνης
1053 2221 1548 2294 μεταϐεϐλημένον,
1607 2237 1782 2275 κατα-

207 2323 501 2386 σκευάσαι,
533 2323 614 2376 ὅτι
653 2321 702 2373 εί
732 2318 808 2390 μὴ
837 2318 957 2371 θεία
994 2332 1078 2380 τις
1099 2315 1247 2386 αὐτῷ
1284 2312 1626 2384 ἀποκάλυψις
1663 2313 1788 2382 ἐγε-

203 2415 380 2484 γόνει,
413 2414 513 2467 οὐκ
549 2411 616 2468 ἂν
639 2411 811 2473 οὕτως
845 2406 1152 2480 μετεϐλήθη
1183 2407 1416 2478 ταχέως,
1449 2405 1537 2461 ἵνα
1572 2408 1636 2460 ἐκ
1678 2404 1792 2458 τού-

203 2522 301 2558 του
339 2502 655 2566 πεισθέντες
704 2497 943 2572 Χριστοῦ
997 2494 1136 2551 εῐναι
1188 2497 1350 2552 αὐτὸν
1392 2495 1675 2568 μαθητὴν,
1715 2497 1790 2568 μὴ

205 2592 632 2666 καταφρονῶσιν
665 2590 852 2646 αὐτοῦ.
883 2608 902 2641 ι
931 2589 1044 2659 Τὴν
1074 2587 1214 2660 ἐμὴν
1244 2587 1648 2660 ἀναστροφήν.»
1673 2587 1792 2640 Οὐκ

205 2687 278 2741 ἂν
309 2685 368 2738 δὲ
398 2684 506 2738 ἀπὸ
534 2682 897 2752 Παλαιστίνης
928 2681 1008 2746 είς
1041 2679 1310 2736 Γαλατίαν
1337 2679 1672 2752 ἠκηκόεισαν
1693 2719 1708 2745 ,
1743 2680 1790 2731 εί

207 2776 288 2848 μὴ
307 2776 514 2848 σφόδρα
528 2771 593 2847 ἦν
616 2774 870 2844 διώκτης.
897 2791 916 2826 ι
938 2772 1026 2826 Ἐν
1043 2769 1122 2842 τῷ
1148 2769 1489 2842 Ἰουδαϊσμῷ.
1503 2768 1790 2842 ι-[ΣΕΥ-

206 2867 353 2940 HP.]
380 2867 474 2932 Τίς
506 2867 662 2939 χρεία
699 2867 798 2938 τῆς
827 2867 886 2919 ὲν
916 2863 992 2936 τῷ
1036 2863 1355 2936 Ἰουδαϊσμῷ
1398 2862 1744 2933 ἀναστροφῆς
1776 2878 1791 2927 ;

206 2961 340 3014 ἀλλ’
363 2961 449 3013 ἵνα
476 2958 632 3032 δείξῃ
656 2960 739 3014 ὅτι
767 2957 828 3012 οὐ
863 2955 1134 3029 προλήψει
1164 2956 1432 3022 δουλεύει,
1483 2956 1597 3012 ἀλλ’
1653 2956 1787 3025 ἀλησ

207 3053 357 3123 θείᾳ..
390 3053 466 3105 Οὐ
498 3052 607 3123 γὰρ
639 3050 879 3122 μισήσας
907 3049 1000 3104 τὸν
1043 3049 1206 3120 νόμον
1244 3048 1526 3120 ὑπέδραμε
1553 3047 1651 3119 τὴν
1695 3047 1793 3118 χά-

209 3162 300 3218 ριν
345 3143 603 3216 (ἔξεδίκει
657 3144 768 3213 γὰρ
821 3141 983 3195 αὐτὸν
1007 3143 1052 3210 ),
1114 3139 1426 3211 ἀλλἐύρὼν
1470 3139 1532 3192 τὸ
1561 3140 1787 3202 τέλειον,

206 3237 426 3306 ἀπέστη
477 3236 574 3289 τοῦ
637 3235 827 3306 νόμου.
881 3253 899 3286 ι
935 3235 1046 3286 Καὶ
1083 3232 1346 3304 ἐπόρθουν
1389 3233 1576 3304 αὑτήν.
1609 3251 1629 3284 ι
1676 3233 1795 3286 Οὐκ

208 3331 435 3383 ἐδίωκον
489 3327 672 3399 μόνον,
722 3327 908 3396 φησὶν,
941 3325 1076 3378 ἀλλὰ
1129 3324 1222 3378 καὶ
1283 3323 1659 3396 καταστρέψαι
1702 3324 1797 3377 καὶ

209 3420 474 3493 ἀφανίσαι
527 3418 698 3489 αὐτὴν
757 3419 1131 3489 προῃρούμην.
1164 3416 1336 3470 Τοῦτο
1384 3418 1492 3486 γὰρ
1522 3418 1603 3479 τὸ,
1641 3437 1658 3468 ι
1686 3417 1798 3470 Καὶ

209 3509 476 3583 ἐπόρθουν
506 3510 730 3580 αὐτήν.»
751 3537 818 3546 -
841 3527 859 3560 ι
889 3509 999 3561 Καὶ
1031 3509 1422 3580 προέκοπτον.»
1457 3507 1796 3578 Προέκοπτον

207 3605 270 3658 ὲν
304 3604 372 3672 τῇ
400 3600 666 3672 πορθήσει
689 3597 799 3652 τῶν
825 3598 1153 3669 ἐκκλησιῶν,
1179 3599 1482 3666 τουτέστιν,
1522 3598 1796 3652 ἐπεδίδουν

208 3697 300 3749 ἀεὶ
337 3694 472 3762 πρὸς
501 3696 562 3744 τὸ
589 3689 971 3761 χαλεπώτερος
997 3685 1160 3744 εἶναι.
1209 3690 1281 3742 Ἢ
1335 3690 1675 3758 προέκοπτον
1701 3691 1795 3742 καὶ

203 3787 430 3853 ἔντιμος
459 3784 609 3854 ήμην
635 3781 726 3836 διὰ
769 3779 928 3834 τοῦτο
953 3781 1106 3851 παρὰ
1133 3782 1248 3843 τοῖς
1293 3779 1587 3842 Ἰουδαίοις.
1609 3778 1674 3832 Τί
1701 3775 1795 3832 οὖν

210 3876 274 3930 τὸ
310 3876 486 3928 αἴτιον
526 3872 618 3927 τοῦ
639 3873 971 3944 αίρήσασθαί
999 3889 1066 3942 με
1091 3871 1350 3942 ἐξαίφνης
1391 3871 1630 3940 πόλεμον
1659 3870 1795 3941 πρὸς

208 3967 434 4028 αὐτοὺς,
459 3967 583 4028 τοὺς
626 3965 902 4034 τιμῶντας
932 3966 1027 4019 καὶ
1058 3963 1426 4033 ἀγαπῶντας;
1455 3963 1622 4016 Οὐδὲν
1644 3962 1790 4027 ἄλλο,

207 4057 466 4127 uniuni}
507 4059 541 4126 ἠ
587 4055 930 4126 ἀποκάλυψις
973 4055 1070 4109 τοῦ
1113 4054 1376 4126 Χριστοῦ.
1412 4075 1430 4106 ι
1466 4055 1790 4124 Περισσοτέ-

209 4168 324 4221 ρως
365 4147 613 4220 ζηλωτὴς
661 4148 946 4220 ὑπάρχων.
979 4167 998 4200 ι
1042 4148 1409 4219 Προέκοπτον,
1439 4146 1628 4217 ἐπειδὴ
1671 4146 1792 4200 λίαν

207 4243 360 4311 ήμην
381 4239 626 4311 ζηλωτὴς
645 4239 754 4294 τῶν
782 4240 1065 4311 πατρικῶν
1093 4257 1194 4310 μου
1213 4239 1580 4311 παραδόσεων.
1603 4239 1788 4306 Ὥστε,

209 4334 401 4400 φησιν,
439 4330 693 4385 οὐδέποτε
727 4331 870 4386 κατὰ
899 4331 1206 4398 κενοδοξίαν
1240 4331 1458 4385 ἐποίουν
1489 4331 1525 4386 ὰ
1550 4330 1786 4395 ἐποίουν,

205 4423 352 4478 ἀλλὰ
388 4423 530 4478 κατὰ
570 4423 734 4495 ζῆλον
781 4422 940 4489 Θεοῦ,
974 4425 1023 4476 εί
1071 4423 1168 4477 καὶ
1221 4421 1666 4492 πεπλανημένον.
1727 4419 1788 4476 Ὀ

1893 1959 2110 2018 parere.
2149 1963 2168 1996 ‹
2200 1944 2444 2001 Audistis
2478 1947 2642 2000 enim.
2679 1965 2698 1998 ι
2725 1945 2950 2014 Deinde,
2985 1950 3245 2020 quoniam
3271 1949 3474 2005 factam

1892 2036 1998 2106 ipsi
2021 2051 2050 2090 a
2080 2034 2302 2092 Christo
2325 2037 2710 2094 revelatinncm
2741 2039 3067 2110 ignorabant
3087 2040 3309 2109 Galatzr,
3337 2058 3477 2100 con-

1895 2125 2115 2184 ﬁrmare
2162 2129 2273 2183 vult
2301 2146 2367 2184 ex
2411 2144 2476 2185 eo
2515 2130 2658 2200 quod
2700 2132 2957 2189 ostendat
2993 2151 3054 2190 se
3102 2135 3256 2205 prius
3306 2135 3478 2193 fuisse

1893 2229 2321 2290 persecutorem,
2371 2239 2517 2278 nunc
2560 2235 2741 2280 autem
2782 2238 3003 2294 repente
3048 2239 3475 2286 transmutatum

1892 2327 2034 2380 esse,
2067 2312 2214 2384 quod
2236 2314 2342 2370 nisi
2364 2313 2547 2370 divina
2579 2317 2682 2373 sibi
2711 2319 2893 2388 aliqua
2922 2319 3061 2376 visio
3091 2321 3236 2376 facta
3257 2320 3475 2386 fuisset,

1892 2420 2235 2476 nequaquam
2268 2416 2491 2477 repente
2524 2408 2658 2464 adeo
2691 2419 3088 2468 transmutatus
3117 2420 3284 2476 esset,
3325 2421 3381 2467 ut
3411 2428 3478 2468 ex

1893 2495 1998 2553 hoc
2020 2499 2263 2568 persuasi
2282 2499 2459 2568 ipsum
2487 2515 2610 2558 esse
2634 2501 2834 2559 Christi
2857 2503 3328 2574 discipulum,non
3352 2520 3476 2560 eum

1893 2588 2256 2660 despicerent.
2289 2610 2307 2643 ι
2345 2590 2518 2648 Meam
2547 2593 3041 2650 conversationem.
3070 2615 3089 2648 ι
3123 2593 3476 2668 Nequaquam

1892 2690 2074 2739 autem
2115 2701 2182 2740 ex
2215 2687 2504 2744 Palmstina
2531 2688 2587 2743 in
2615 2687 2880 2744 Galatiam
2915 2705 3090 2761 usque
3121 2707 3311 2747 rumor
3353 2708 3482 2764 per-

1893 2774 2150 2840 vasisset,
2183 2777 2287 2832 nisi
2314 2779 2613 2834 vehemens
2638 2790 2957 2849 persecutor
2993 2779 3208 2838 fuisset.
3239 2801 3258 2834 (
3291 2781 3351 2837 In
3383 2779 3481 2836 Ju-

1892 2865 2128 2923 daismo.
2169 2886 2188 2920 ι
2227 2866 2360 2934 Qua:
2402 2869 2506 2924 fuit
2537 2871 2841 2928 necessitas
2871 2871 3107 2928 faciendi
3147 2873 3478 2928 mentionem

1893 2960 2330 3016 conversationis
2373 2961 2433 3017 in
2479 2959 2764 3018 Judaismo
2802 2963 2825 3017 ?
2874 2964 3016 3019 Sane
3059 2975 3119 3020 ut
3171 2964 3483 3020 ostenderet

1893 3050 2040 3119 quod
2067 3066 2177 3106 non
2206 3052 2452 3122 Opinioni
2469 3054 2724 3120 serviret,
2750 3053 2847 3111 sed
2862 3055 3102 3111 veritati.
3123 3054 3310 3126 Neque
3331 3055 3478 3111 enim

1896 3140 2023 3195 odio
2062 3140 2197 3214 legis
2236 3143 2303 3199 ad
2345 3146 2578 3214 gratiam
2624 3145 2982 3218 profugerat:
3024 3146 3202 3217 ipsam
3239 3161 3482 3217 namque

1900 3230 2272 3288 ulciscebatur
2301 3233 2495 3306 legem,
2530 3237 2623 3292 sed
2648 3237 2868 3293 invento
2893 3252 2958 3293 eo
2981 3237 3126 3308 quod
3157 3245 3275 3292 erat
3299 3236 3482 3308 perie-

1899 3325 2064 3388 ctius,
2095 3325 2355 3382 discessit
2389 3343 2419 3382 τι
2451 3329 2590 3400 lege.
2662 3347 2683 3381 ι
2718 3331 2795 3386 Ac
2835 3331 3214 3401 expugnabam
3245 3331 3416 3385 illam.
3455 3349 3476 3382 ι

1895 3416 2015 3472 Non
2052 3419 2227 3474 solum
2259 3421 2429 3489 ipsam
2465 3422 2852 3492 persequebar,
2887 3423 3080 3493 inquit,
3108 3422 3202 3478 sed
3236 3431 3291 3477 et
3324 3436 3481 3477 ever‘

1898 3517 2013 3564 tere
2063 3522 2128 3563 ac
2168 3509 2468 3567 obscurare
2504 3511 2651 3566 illam
2703 3513 2946 3568 conabar
2979 3531 2992 3567 :
3042 3512 3144 3568 hoc
3185 3520 3365 3568 autem
3398 3520 3483 3566 est

1903 3619 1921 3652 ι
1956 3600 2400 3672 Εκρυειιιιιιαιιω
2431 3633 2502 3644 -
2539 3623 2558 3656 ι
2581 3604 2648 3658 Et
2678 3604 3084 3674 proﬁciebama
3122 3605 3480 3660 Proﬁciebam

1898 3692 1952 3746 in
2001 3694 2352 3762 populatione
2407 3693 2776 3751 Ecclesiarum
2822 3715 2836 3751 :
2891 3697 2997 3753 hoc
3053 3707 3160 3763 est,
3215 3696 3479 3753 addebant

1895 3799 2110 3855 semper
2133 3795 2194 3841 ut
2222 3788 2418 3842 saevior
2444 3802 2644 3844 essem.
2671 3787 2782 3844 Aut
2807 3789 3180 3858 proﬁciebam,
3213 3787 3268 3844 id
3297 3798 3404 3854 est,
3427 3799 3486 3844 et

1894 3877 1966 3932 ob
2011 3877 2064 3932 id
2091 3878 2430 3935 honorabilis
2462 3894 2612 3934 eram
2641 3882 2787 3950 apud
2822 3879 3062 3937 Iudaeos.
3091 3879 3238 3948 Quid
3261 3895 3392 3950 ergo
3424 3880 3482 3937 in

1894 3982 2064 4023 causa
2110 3967 2214 4022 fuit
2244 3976 2305 4024 ut
2332 3977 2560 4040 repente
2588 3970 2792 4026 bellum
2822 3972 3167 4041 susciperem
3217 3970 3483 4027 adversus

1893 4074 1992 4115 eos
2017 4060 2113 4129 qui
2135 4075 2224 4116 me
2249 4061 2302 4116 in
2328 4061 2540 4117 honore
2563 4062 2838 4118 habebant
2864 4077 2928 4118 ac
2951 4061 3301 4132 diligebant?
3331 4059 3482 4117 Nihil

1893 4151 2060 4215 aliud,
2089 4152 2288 4222 inquit,
2314 4152 2420 4209 nisi
2445 4153 2706 4209 revelatio
2733 4153 2966 4209 Christi.
2983 4171 3007 4206 -ι
3026 4153 3165 4209 Cum
3197 4153 3484 4210 vehemen-

1891 4250 1976 4298 ter
2006 4243 2214 4299 zelator
2238 4260 2438 4302 essem.
2465 4264 2485 4298 ι
2517 4245 3171 4318 Proﬁciebam,quoniam
3184 4247 3483 4303 admodum

1893 4335 2099 4392 zelator
2137 4353 2290 4394 eram
2328 4340 2658 4396 traditorum
2686 4355 2716 4394 a
2748 4341 3051 4412 majoribus
3087 4338 3226 4396 meis
3260 4339 3483 4396 institu-

1893 4437 2095 4484 torum.
2117 4429 2405 4502 Nunquam
2425 4434 2605 4503 itaque
2623 4432 2891 4488 faciebam
2916 4432 3064 4488 inani
3088 4433 3288 4490 ductus
3307 4431 3482 4504 gloria

203 4515 304 4574 οὖν
333 4517 473 4588 μηδὲ
499 4517 622 4571 τότε
643 4516 784 4571 κατὰ
812 4515 1117 4580 κενοδοξίαν
1147 4533 1201 4569 τι
1225 4516 1416 4578 ποιῶν,
1447 4515 1565 4579 πῶς
1595 4514 1662 4570 ἂν
1691 4512 1788 4568 νῦν

1897 4537 2014 4594 qua
2030 4520 2320 4588 faciebam,
2335 4524 2430 4578 sed
2443 4524 2514 4579 ob
2532 4523 2624 4578 Dei
2643 4525 2824 4596 zelum
2843 4540 3150 4595 quanquam
3161 4539 3481 4580 erroneum.

207 4611 356 4679 μετὰ
377 4609 476 4680 τὴν
503 4609 799 4677 ἐπίγνωσιν
839 4607 941 4678 τῆς
979 4606 1238 4678 ἀληθείας
1269 4609 1568 4680 ἐκήρυττον
1615 4606 1788 4677 ψευδῆ

208 4705 300 4757 ἵνα
335 4701 648 4772 ἀνθρώποις
680 4702 864 4774 ἀρέσω
890 4741 906 4769 ,
945 4702 1043 4754 καὶ
1089 4701 1164 4772 μὴ
1213 4703 1432 4764 ἐκεῖνα,
1471 4699 1627 4755 ἆτινα
1680 4700 1791 4754 ἀπὸ

206 4797 450 4868 Χριστοῦ
476 4795 824 4863 παοέλαϐον;

282 4978 424 5031 Ὅτε
461 4977 530 5030 δὲ
565 4975 904 5043 εὐδόκησεν
929 4978 964 5030 ό
993 4977 1289 5046 ἀφορίσας
1316 4992 1392 5046 με
1441 4989 1510 5029 εκ
1555 4976 1788 5042 κοιλίας

200 5069 436 5138 μητρός
465 5086 584 5137 μου
613 5069 712 5122 καὶ
751 5066 1022 5132 καλέσας
1053 5066 1151 5121 διὰ
1182 5067 1291 5137 τῆς
1327 5067 1568 5136 χάριτος
1601 5065 1788 5121 αὑτοῦ

201 5155 604 5228 ἀποκαλῦψαι
649 5159 757 5214 τὸν
802 5159 938 5214 Υιὸν
959 5159 1146 5214 αὐτοῦ
1186 5161 1256 5214 ἐν
1285 5159 1437 5230 ἐμοὶ,
1471 5161 1572 5214 ἵνα
1614 5161 1789 5230 εὐαγ-

205 5249 522 5322 γελίζωμαι
542 5250 731 5305 αὐτὸν
744 5255 814 5305 ἐν
840 5251 964 5317 τοῖς
983 5251 1245 5318 ἔθνεσιν,
1263 5253 1483 5318 εὐθέως
1500 5253 1572 5306 οὑ
1598 5266 1788 5320 προσ·-

203 5345 508 5413 ανεθέμην
538 5345 716 5412 σαρκί
747 5343 846 5398 καὶ
875 5345 1096 5412 αἵματι.

280 5441 346 5492 Εἰ
376 5441 440 5491 ὲκ
466 5437 668 5500 κοιλίας
701 5436 906 5507 μητρὸς
933 5437 1098 5489 αὑτοῦ
1128 5435 1407 5506 ἀφώριστο
1440 5435 1578 5506 πρὸς
1606 5435 1667 5488 τὸ
1690 5437 1788 5506 κή-

207 5551 403 5605 ρυγμα
445 5533 538 5585 καὶ
569 5531 910 5598 ὲπελέλεκτο,
949 5531 1036 5583 διά
1063 5549 1184 5585 τινα
1213 5533 1429 5594 πάντως
1467 5530 1619 5583 θείαν
1641 5532 1787 5584 οίκο-

204 5628 407 5697 νομίαν
443 5624 728 5694 tempsam
774 5622 932 5692 είάθη
967 5623 1180 5694 χρόνον,
1221 5623 1308 5677 ἵνα
1348 5624 1381 5692 ἡ
1410 5621 1585 5686 οὔτως
1621 5621 1784 5675 αὑτοῦ

203 5720 382 5790 ἀθρόα
423 5715 718 5788 μεταϐολὴ,
755 5715 984 5779 πολλοὺς
1026 5716 1386 5786 πιστώσηται.
1449 5733 1467 5768 ι
1497 5715 1606 5770 Καὶ
1625 5715 1788 5770 καλέ-

208 5830 313 5877 σας
353 5813 444 5866 διὰ
475 5811 575 5880 τῆς
618 5810 839 5882 χάριτος
890 5809 1077 5862 αὑτοῦ.
1111 5827 1128 5861 ι
1159 5809 1328 5876 Αὐτὸς
1363 5811 1460 5882 μὲν
1496 5811 1570 5874 ώς
1597 5809 1790 5872 σκεῦος

456 5907 730 5968 Parnm.
776 5904 896 5964 Gn.
936 5907 1039 5968 CX
1060 5906 1210 5970 l'lll.

1891 4614 1994 4680 Qui
2027 4629 2158 4684 ergo
2192 4629 2259 4668 ne
2295 4623 2426 4669 tunc
2459 4616 2679 4685 quidem
2713 4616 2861 4672 inani
2897 4628 3076 4672 moms
3114 4616 3289 4688 gloria
3316 4614 3482 4686 quid-

1889 4718 2054 4772 quam
2113 4705 2428 4770 l'aciebam,
2489 4707 2765 4776 quomodo
2826 4722 2973 4763 nunc
3038 4715 3161 4778 post
3230 4706 3480 4782 veritatis

1890 4795 2221 4864 agnitionem
2282 4796 2421 4852 falsa
2461 4798 2757 4868 praedicare
2812 4814 3028 4869 possem
3061 4807 3122 4854 ut
3164 4797 3480 4854 hominibus

1889 4887 2181 4958 placerem,
2213 4897 2267 4945 et
2297 4905 2406 4945 non
2437 4904 2654 4961 eaquae
2679 4905 2710 4944 a
2739 4889 2958 4946 Christo
2980 4889 3316 4958 accepissem
3342 4889 3366 4942 ’ί

1961 4981 2122 5050 722
2150 4980 2192 5047 1,
2218 4981 2305 5046 15,
2330 4981 2418 5038 16.
2447 4983 2517 5036 At
2535 4981 2624 5036 ubi
2649 4983 2779 5047 Dea,
2807 4986 2898 5052 qui
2925 4989 3284 5051 segregaverat
3313 4995 3392 5034 me
3415 4981 3481 5032 ab

1890 5082 2038 5127 utero
2060 5073 2250 5127 matris
2284 5087 2433 5137 mea,
2454 5081 2504 5125 et
2534 5073 2733 5126 vocavit
2761 5087 2849 5140 per
2872 5071 3103 5140 gratiam
3132 5086 3307 5135 suam,
3336 5085 3480 5124 reve-

1891 5147 2054 5218 larido
2090 5160 2298 5216 Filium
2328 5178 2484 5217 suum
2518 5161 2572 5217 in
2608 5179 2710 5227 me,
2733 5164 2903 5218 visum
2933 5174 3006 5218 est
3039 5173 3096 5216 ut
3125 5163 3476 5234 pradiearem

1889 5257 2062 5324 ipsum
2092 5254 2229 5307 inter
2273 5262 2449 5322 gentes
2483 5267 2501 5305 :
2549 5253 2798 5308 continuo
2840 5270 2942 5307 non
2979 5253 3214 5323 acquievi
3243 5251 3394 5306 carni
3431 5260 3481 5302 et

1887 5346 2152 5416 sanguini.

1961 5439 2022 5494 Si
2043 5440 2113 5494 ab
2141 5450 2295 5493 utero
2327 5439 2520 5494 matris
2558 5454 2669 5494 sua:
2697 5447 3014 5510 segregatus
3059 5439 3238 5493 fuerat
3275 5443 3334 5490 et
3363 5433 3479 5486 ele-

1889 5545 2033 5596 ctus,
2074 5532 2260 5600 utique
2302 5531 2489 5585 divina
2538 5534 2777 5602 quadam
2837 5529 3250 5602 dispensatione
3299 5523 3479 5577 medio

1891 5636 2137 5693 tempore
2171 5627 2398 5679 relictus
2427 5623 2552 5691 fuit,
2589 5636 2646 5679 ut
2672 5625 2810 5679 adeo
2845 5621 3128 5690 repentina
3152 5617 3324 5687 ipsius
3354 5629 3479 5668 mu-

1889 5716 2025 5769 tatio
2050 5714 2254 5769 multos
2288 5714 2674 5768 conﬁrmaret.-
2705 5731 2725 5765 ι
2758 5713 2823 5765 Et
2851 5709 3068 5765 vocavit
3105 5721 3202 5776 per
3241 5701 3478 5772 gratiam

1891 5821 2066 5864 suam.
2085 5825 2102 5856 ι
2135 5799 2260 5872 ipse
2284 5805 2504 5874 quidem
2537 5815 2795 5874 tanquam
2818 5816 2912 5857 vas
2939 5795 3222 5862 electionis
3244 5797 3477 5874 Vocatus

2994 5885 3070 5948 35
