3956 6566
569 381 708 453 1099

1655 382 2051 448 (ECUMENII
2083 383 2374 446 TRICCIE
2403 378 2744 445 EPISCOPI

3635 387 3728 458 1100

561 505 672 568 est,
701 493 835 556 dicit
871 505 1054 576 autem
1085 513 1144 554 se
1174 496 1350 568 gratia
1381 505 1630 552 vocatum
1664 513 1786 555 esse
1815 513 1878 553 ac
1914 498 1960 555 si
1990 498 2140 554 dice-

2249 495 2474 566 ικλογῆς
2506 493 2731 566 ἐκλήθηο
2765 489 2913 560 λέγει
2951 488 3006 544 δὲ
3050 487 3237 544 ἑαυτὸν
3275 490 3444 563 χάριτι
3483 494 3722 572 κεκλῆσθαι,

564 601 647 648 ret
670 605 690 646 ι
736 592 870 647 Cum
923 589 1179 662 indignus
1220 605 1398 646 essem
1431 597 1485 644 et
1517 604 1626 644 non
1662 587 1893 645 idoneus
1920 629 1934 655 ,
1975 590 2147 661 gratia

564 682 781 738 vocavit
811 697 897 738 me
927 680 1212 738 Dominus.
1250 701 1270 734 ι
1309 680 1620 736 Rcrelando
1663 679 1860 735 Filium
1909 697 2089 735 suum.
2124 698 2142 732 ι

564 773 746 838 Pater,
762 774 959 844 inquit,
976 789 1060 829 me
1074 773 1286 828 vocavit
1302 773 1592 828 revelaudo
1607 772 1736 826 mihi
1751 767 1950 826 Filium
1963 787 2146 827 suum.

565 865 710 921 Dixit
744 875 924 920 autem
970 886 985 917 ι
1015 863 1071 918 In
1115 880 1222 932 me,
1261 883 1279 917 ι
1317 865 1609 920 ostendere
1636 863 1824 918 volens
1869 877 1974 918 non
2030 863 2149 918 solo

564 971 818 1015 sermone
845 971 904 1013 se
933 957 1212 1019 didicisse,
1243 955 1338 1011 sed
1365 964 1418 1012 et
1451 962 1632 1009 mente
1663 962 1716 1008 et
1745 952 1906 1008 corde
1935 968 1950 1020 ;
1980 953 2145 1007 veluti

564 1049 837 1106 insidente
854 1049 1083 1104 scientia
1116 1048 1360 1102 interiori
1393 1047 1622 1101 homini.
1658 1065 1676 1098 ι
1701 1045 1770 1102 Ut
1795 1044 2144 1115 prtedicarem

565 1143 764 1213 ipsum.
804 1159 824 1194 ι
861 1141 1023 1196 Vides
1063 1139 1209 1210 quod
1233 1139 1396 1193 Pater
1431 1140 1520 1210 qui
1556 1137 1769 1192 vocarit
1799 1144 1853 1190 et
1889 1133 2148 1190 revelarit

564 1233 666 1302 ipsi
710 1232 905 1286 Filium
939 1247 1123 1295 suum,
1162 1231 1277 1299 ipse
1317 1246 1438 1284 eum
1482 1228 1895 1298 praedicatorem
1937 1235 1989 1279 et
2012 1240 2146 1294 apo-

564 1326 766 1380 stolum
815 1322 1137 1379 ordinavit?
1174 1320 1460 1388 Quomodo
1503 1322 1669 1391 igitur
1711 1319 1780 1372 ab
1831 1318 2147 1372 hominibus

563 1419 749 1490 accepi
786 1427 840 1472 et
874 1414 1102 1472 edoctus
1142 1431 1266 1470 sum
1305 1413 1747 1485 praedicationem
1781 1412 1807 1464 ‘i
1846 1410 2145 1465 Confestim

563 1522 672 1562 non
703 1506 973 1563 declinavi
1003 1506 1070 1560 ad
1099 1505 1481 1576 remissionem
1522 1513 1572 1558 et
1601 1503 1882 1557 tnolliticm
1919 1520 1932 1557 :
1969 1518 2149 1573 neque

561 1599 720 1670 quasi
753 1613 1012 1670 magnum
1045 1597 1250 1667 aliquid
1288 1604 1542 1666 operatus
1581 1611 1782 1662 essem,
1812 1597 1865 1649 in
1897 1597 2066 1648 otium
2097 1604 2151 1649 et

562 1690 948 1760 negligentiam
979 1685 1146 1743 recidi
1183 1703 1198 1752 ;
1254 1687 1349 1743 sed
1378 1687 1572 1743 fortem
1611 1703 1675 1741 ac
1710 1687 1940 1758 rigidum
1971 1683 2148 1740 Evan-

561 1783 685 1852 gelii
719 1796 942 1836 cursum
976 1789 1302 1850 prosecutus
1338 1778 1786 1834 sum.--Authoc
1814 1779 1987 1832 modo.
2028 1776 2146 1832 Non

2251 588 2384 642 ὠσεὶ
2403 584 2578 642 εἶπεν·
2618 585 2861 652 Ἀνάξιόν
2879 603 2945 658 με
2965 585 3094 640 ὄντα
3120 585 3212 638 καὶ
3236 585 3585 657 ἀνεπιτήδειον,
3599 595 3726 665 χάριτι

2252 681 2519 751 κέκληκεν
2542 681 2569 734 ό
2601 680 2824 752 Κύριος.
2853 697 2870 731 ι
2894 675 3270 749 ’Λποκαλῦψαι
3307 678 3392 732 τον
3426 680 3536 734 Υἱδν
3570 687 3722 742 αὑτοῦ.»

2260 775 2320 829 '0
2357 773 2547 846 Πατήρ
2585 791 2674 840 με,
2727 773 2914 844 φησὶν,
2947 771 3226 836 ἐκάλεσεν,
3257 771 3346 825 επὶ
3371 770 3439 842 τῷ
3467 773 3726 848 ditauit?an

2253 885 2342 938 μοι
2397 866 2490 920 τὸν
2541 866 2672 920 Υἱδν
2725 865 2914 920 αὑτοῦ.
2959 883 2977 915 ι
3005 864 3096 920 Ἐν
3139 864 3261 935 ἐμοὶ
3289 883 3307 916 t
3364 866 3416 918 δὲ
3447 863 3581 931 εἷπε,
3612 869 3726 935 δεῖξαι

2251 959 2419 1013 θέλων
2443 959 2504 1012 οὺ
2539 957 2684 1028 λόγῳ
2731 957 2891 1028 μόνον
2927 956 3166 1028 μαθόντα
3201 955 3378 1018 αύτδν,
3407 957 3526 1012 ἀλλὰ
3574 961 3645 1014 καὶ
3674 963 3723 1034 νῷ

2249 1051 2344 1105 καλ⁵
2373 1050 2596 1121 καρδίᾳ,
2619 1044 2731 1102 οἷον
2764 1049 2843 1112 εις
2861 1048 2955 1101 τὸν
2980 1049 3089 1101 ἔσω
3113 1047 3392 1119 ἄνθρωπον
3422 1049 3509 1120 τῆς
3544 1053 3727 1119 γνώσεως

2248 1141 2627 1212 ὲνιζησάσης.‹
2657 1140 2774 1193 Ἵνα
2802 1137 3243 1208 εὐαγγελίζωμαι
3277 1139 3449 1194 αὐτόν.
3477 1158 3494 1192 ι
3537 1141 3660 1214 Ὁρᾷς
3676 1147 3728 1200 ὅτι

2250 1233 2279 1285 ό
2316 1231 2555 1294 καλέσας
2591 1232 2780 1301 Πατὴρ
2835 1232 2927 1284 καὶ
2985 1230 3342 1300 ἀποκαλύψας
3387 1231 3518 1302 αὐτῷ
3540 1233 3611 1286 τὸν
3635 1237 3722 1289 i'lir

2257 1324 2444 1386 αὑτοῦ,
2479 1325 2642 1388 αὐτος
2669 1324 2832 1377 αὐτὸν
2863 1325 3078 1393 κήρυκα
3109 1325 3203 1377 καὶ
3227 1324 3503 1378 ἀπόστολον
3529 1327 3725 1398 ἐχειροτό-

2250 1433 2421 1487 νησε;
2464 1415 2582 1478 Πῶς
2615 1412 2736 1479 οὖν,
2789 1415 2942 1482 φησι,
2995 1415 3146 1485 παρὰ
3197 1413 3484 1487 ἀνθρώπων
3509 1421 3730 1486 παρέλαϐον

2251 1508 2346 1560 καὶ
2371 1506 2653 1576 ἐδιδάχθην
2681 1507 2740 1558 τὸ
2768 1507 3032 1576 κήρυγμα
3059 1525 3074 1572 ;
3104 1506 3321 1569 Εὐθέως
3348 1508 3439 1561 ούκ
3459 1508 3669 1563 ἀπέκλινα
3681 1512 3731 1576 ti;

2256 1598 2441 1652 ἀνεδιν
2478 1601 2572 1651 καὶ
2601 1598 2957 1669 ἡδυπάθειαν,
2994 1599 3052 1651 ού
3078 1600 3122 1652 δ’
3142 1598 3219 1662 ὠς
3247 1600 3386 1670 μέγα
3433 1618 3482 1653 τι
3513 1605 3730 1672 κατωρθω-

2254 1689 2385 1757 κὼς,
2411 1694 2489 1755 εἰς
2507 1688 2792 1763 ῥᾳστώνην
2819 1690 2914 1743 καὶ
2937 1691 3228 1763 ὀλιγωρίαν
3256 1693 3502 1758 ἀνέπεσα,
3529 1695 3631 1749 ἀλλὰ
3653 1696 3730 1749 σᾶν.

2252 1796 2406 1836 τονον
2433 1784 2522 1836 τὸν
2544 1783 2637 1838 τοῦ
2656 1779 2987 1851 Εὑαγγελίσυ
3041 1783 3244 1854 δρόμον
3293 1785 3576 1856 ἐποιούμην.
3602 1816 3654 1827 -
3688 1788 3733 1841 Ἡ

562 1875 843 1945 antiquius
870 1872 1036 1928 habui
1069 1873 1252 1928 videre
1284 1880 1548 1942 cognatos
1580 1881 1673 1924 aut
1699 1871 1918 1925 domum
1947 1881 2039 1924 aut
2062 1885 2145 1926 so-

2253 1876 2462 1942 οὔτως.
2500 1877 2574 1930 Οὐ
2594 1877 3057 1948 προετιμ-ησάμην
3083 1874 3214 1928 ἰδεῖν
3255 1879 3530 1944 συγγενεῖς,
3553 1877 3732 1946 ἦοξκῑτν,

563 1966 716 2021 dales
755 1976 850 2020 aut
904 1965 1160 2035 patriam,
1213 1964 1309 2019 sed
1360 1963 1618 2018 omnibus
1665 1963 1871 2017 relictis
1927 1962 2149 2033 (neque

560 2054 705 2110 enim
738 2056 794 2108 in
823 2053 925 2108 hoc
954 2052 1118 2108 Petro
1158 2068 1222 2109 ac
1245 2051 1457 2108 Joanne
1491 2068 1613 2108 sum
1644 2051 1935 2122 inferior),
1963 2052 2148 2105 statim

559 2148 613 2202 iu
637 2147 960 2203 Damascum
983 2154 1038 2203 et
1067 2147 1123 2202 in
1140 2145 1398 2202 Arabiam
1420 2145 1584 2201 etiam
1617 2145 1683 2200 ad
1707 2144 2148 2215 praedicationem

559 2246 804 2301 cucurri.
843 2263 861 2296 ί
893 2243 1012 2300 Non
1039 2245 1247 2300 contuli
1276 2258 1402 2298 cum
1425 2258 1592 2296 carne
1636 2251 1690 2297 et
1741 2241 2031 2312 sanguine.
2071 2237 2145 2292 Οὺ

559 2338 979 2411 προσανεθέμην
1015 2339 1180 2409 σαρκὶ
1215 2336 1312 2390 καὶ
1340 2336 1558 2407 αἵματι,
1599 2352 1617 2386 ι
1657 2333 1836 2404 (Quod
1868 2348 1966 2388 nos
2016 2331 2150 2386 reli-

559 2450 698 2505 quos
737 2433 911 2490 secuti
950 2433 1278 2502 interpretes
1325 2419 1628 2484 vertimus:
1671 2445 1690 2478 ι
1726 2425 1845 2480 Non
1900 2425 2151 2495 acquievi

559 2527 711 2582 earni
744 2533 800 2580 et
832 2525 1088 2594 sanguini
1123 2539 1136 2588 ;
1181 2541 1200 2572 s
1257 2537 1379 2574 nam
1415 2528 1468 2576 et
1519 2521 1664 2574 hunc
1693 2534 1916 2575 sensum
1965 2519 2152 2588 priora

559 2614 772 2670 scholia
803 2612 1180 2682 indicarunt.)
1238 2610 1357 2665 Non
1393 2608 1674 2672 descendi,
1710 2609 1909 2676 inquit,
1951 2609 2004 2662 in
2036 2625 2154 2664 scr-

548 2721 727 2762 mone
761 2721 884 2760 cum
918 2705 1186 2776 apostolis
1212 2702 1280 2758 de
1310 2700 1721 2773 praedicatione,
1752 2709 2046 2755 contentus
2070 2699 2153 2754 di-

563 2793 688 2850 vina
717 2794 1068 2852 revelatione.
1107 2791 1218 2848 lloc
1245 2803 1422 2846 autem
1454 2791 1588 2846 dicit
1616 2789 1915 2844 ostendens
1942 2790 2086 2860 quod
2116 2806 2144 2846 a

2252 1969 2286 2038 ἦ
2318 1969 2588 2040 συνήθεις,
2637 1970 2669 2040 ἦ
2714 1971 3007 2041 πρατρέδα,
3055 1967 3194 2022 ἀλλά
3249 1968 3419 2021 πάντα
3470 1969 3612 2022 λιπὼν
3637 1969 3732 2040 (alii

2257 2062 2366 2131 γὰρ
2397 2063 2456 2114 ὲν
2476 2061 2688 2125 τούτοις
2715 2063 2823 2117 τῶν
2845 2063 2975 2135 περὶ
3009 2062 3219 2134 Πέτρον
3261 2063 3354 2116 καὶ
3389 2063 3602 2134 Ἰωάννην
3623 2065 3731 2117 tiat-

2263 2149 2507 2221 τοῦμαι),
2535 2151 2737 2217 εύθέως
2765 2154 2845 2218 εἰς
2889 2153 3152 2225 Ἀραϐίαν
3185 2155 3284 2208 καὶ
3309 2156 3384 2218 εἰς
3405 2155 3640 2222 Δαμασκὸν
3671 2158 3734 2209 καὶ

2253 2245 2333 2308 ei;
2359 2241 2420 2296 τὸ
2451 2243 2714 2316 κήρυγμα
2744 2244 2985 2316 ἔτρεχον.
3020 2247 3136 2298 «οὐ
3169 2245 3586 2314 προσανεθέμην
3611 2245 3731 2314 σαρκὶ

2254 2335 2358 2389 καὶ
2385 2334 2608 2406 αἵματι.
2643 2355 2662 2389 ι
2706 2331 2996 2408 Ούκῆλθον
3021 2339 3100 2400 εἰς
3130 2337 3346 2404 λόγους,
3372 2338 3510 2408 φησι,
3535 2340 3622 2398 τοῖς
3641 2339 3730 2390 ἀπο-

2255 2427 2463 2491 στόλοις
2510 2430 2638 2500 περὶ
2702 2428 2795 2482 τοῦ
2833 2428 3219 2501 κηρύγματος,
3280 2428 3540 2500 ἀρκεσθεὶς
3568 2431 3618 2499 τῇ
3654 2428 3730 2499 θείᾳ

2261 2519 2625 2590 ἀποκαλύψει.
2660 2521 2833 2574 Τοῦτο
2885 2521 2941 2575 δέ
2978 2539 3140 2592 φησι,
3193 2521 3404 2585 δεικνὺς
3440 2521 3510 2574 ὅτι
3544 2521 3591 2573 οὐ
3631 2521 3728 2589 παρὰ

2252 2610 2360 2662 τῶν
2397 2611 2656 2682 μαθητῶν
2691 2612 2864 2684 ἔμαθε
2909 2614 2968 2666 τδ
3016 2615 3303 2685 κήρυγμα,
3335 2613 3460 2666 ἀλλά
3495 2611 3596 2682 παρ’
3620 2609 3726 2662 αὑτοῦ

2251 2703 2344 2755 τοῦ
2379 2703 2637 2774 Χριστοῦ.
2674 2707 2738 2758 Οἱ
2787 2708 2895 2776 γὰρ
2935 2706 3316 2770 διαὸἀλλοντες
3366 2707 3530 2774 αὑτὴν,
3563 2705 3724 2774 ἔσφαττον

2253 2795 2560 2866 ἀνθρώπων
2595 2793 2737 2852 εἶναι
2767 2799 2863 2852 καὶ
2890 2797 3127 2870 Χριστοῦ
3167 2799 3432 2871 μαθητήν.

562 2884 844 2954 discipulis
874 2881 1314 2952 praedicationem
1350 2895 1459 2935 non
1491 2879 1764 2945 didicerit,
1796 2878 1891 2934 sed
1954 2879 2024 2935 ab
2084 2881 2203 2950 ipso
2241 2883 2482 2943 Christo.
2539 2888 2670 2942 Nam
2717 2889 2808 2960 qui
2840 2905 2962 2946 eum
3025 2891 3528 2955 caluumiabantur,
3555 2887 3729 2945 dicebant

561 2979 741 3050 ipsum
773 2973 1076 3038 hominum,
1108 2987 1214 3026 non
1239 2969 1440 3026 Christi
1479 2985 1604 3026 esse
1625 2969 1978 3040 discipulum.

615 3096 678 3164 -l,
720 3095 916 3150 17-19.
959 3091 1146 3164 Neque
1191 3091 1327 3146 redii
1360 3089 1791 3162 Hierosolymam
1827 3091 1896 3145 ad
1945 3107 2032 3146 eos
2065 3093 2145 3162 qui

2331 3094 2483 3148 Οὐδὲ
2507 3094 2780 3164 ἀνῆλθον
2815 3099 2903 3163 εις
2945 3095 3339 3165 Ἰεροσόλυμα
3367 3097 3501 3165 πρὸς
3527 3095 3634 3162 τοὺς
3655 3095 3727 3163 πρὸ

556 3199 685 3243 ante
721 3203 803 3241 me
845 3187 1056 3256 fuerant
1096 3185 1346 3254 apostoli,
1393 3183 1481 3238 sed
1528 3184 1636 3238 abii
1674 3185 1728 3238 in
1771 3184 2050 3252 Arabiam,
2093 3203 2155 3244 ac

561 3281 734 3334 denuo
775 3293 1011 3331 reversus
1055 3291 1174 3330 sum
1214 3274 1543 3328 Damascum
1567 3315 1584 3341 ,
1623 3273 1811 3328 deinde
1836 3285 1956 3343 post
1989 3290 2154 3329 annos

2257 3187 2406 3257 ἐμοῦ
2458 3187 2862 3254 ἀποστόλους,
2905 3189 3067 3242 ἀλλὰ
3095 3187 3376 3263 ἀπῆλθον
3410 3191 3488 3256 εις
3518 3188 3725 3257 Ἀραϐίαν,

2257 3280 2354 3335 καὶ
2383 3278 2571 3334 πάλιν
2600 3280 2950 3349 ὑπέστρεψα
2974 3283 3060 3347 εις
3081 3281 3423 3350 Δαμασκόν.
3455 3283 3642 3334 Ἔπειτα
3661 3295 3727 3332 xa-

563 3383 670 3426 tres
688 3370 825 3426 redii
841 3369 1285 3437 Hierosolymam,
1304 3375 1362 3419 ut
1392 3364 1615 3419 viderent
1647 3363 1886 3434 Petrum,
1905 3379 1952 3421 et
1984 3384 2145 3421 mansi

2256 3371 2327 3425 τὰ
2355 3371 2458 3439 ἔτη
2494 3374 2643 3440 τρία,
2680 3370 2954 3439 ἀνῆειθον
2979 3375 3067 3438 εὶς
3100 3373 3482 3442 Ἰεροσόλυμα
3500 3369 3725 3441 ἱστορήσω

563 3459 704 3530 apud
749 3475 865 3514 eum
918 3457 1028 3510 dies
1066 3455 1384 3526 quindecim.
1427 3453 1587 3524 723
1637 3453 1818 3509 Alium
1866 3465 2042 3510 autem
2091 3473 2145 3511 ea

2257 3463 2502 3531 Πέτρον,
2547 3465 2643 3518 καὶ
2668 3465 2952 3534 ἐπέμεινα
2989 3465 3142 3533 πρὸς
3185 3465 3374 3520 αὑτὸν
3396 3464 3586 3534 ἡμέρας
3607 3463 3724 3516 δεκα-

558 3553 819 3622 apostolis
850 3549 1110 3615 nonridi,
1143 3549 1247 3602 nisi
1277 3547 1539 3602 Jacobum
1560 3548 1793 3616 fratrem
1833 3549 2061 3606 Domini.

638 3759 783 3815 Idem
804 3758 942 3814 dixit
973 3727 1667 3824 manifestius-ostendens
1699 3759 1845 3829 quod
1879 3774 1991 3814 non
2031 3759 2150 3814 fne-

557 3853 640 3909 rit
671 3852 741 3908 ab
764 3852 1030 3922 apostolis
1061 3851 1314 3916 edoctus,
1357 3849 1452 3906 sed
1485 3849 1556 3905 ab
1597 3851 1720 3921 ipso
1754 3851 2147 3919 (Ξιιτῖειο.,Νοη

560 3946 726 4008 redii,
753 3944 953 4016 inquit,
1003 3946 1438 4015 Hierosolymam
1503 3951 1563 3998 ut
1621 3943 1858 3999 viderem
1911 3960 2006 3999 eos
2056 3945 2148 4016 qui

567 4046 696 4094 ante
719 4054 805 4094 me
835 4037 1055 4092 fuerant
1076 4038 1333 4109 apostoli,
1355 4046 1407 4091 et
1432 4037 1638 4107 aliquid
1663 4038 1732 4092 ab
1745 4038 1826 4093 eis
1856 4037 2146 4094 discerem.

566 4129 849 4200 Siquidem
876 4127 1143 4182 Damasco
1175 4127 1338 4181 rediit
1385 4125 1840 4196 Hkrosolymam,
1894 4134 1952 4179 ut
2005 4127 2149 4182 indi-

567 4231 699 4276 cant
725 4221 864 4274 Acta
897 4219 1274 4290 apostolorum
1309 4218 1347 4284 ⁸,
1371 4225 1426 4271 at
1455 4232 1562 4272 non
1593 4217 2020 4282 adtliscendum,
2050 4217 2144 4272 sed

554 4311 974 4386 praedicandum
1003 4311 1184 4379 ipsum
1202 4309 1480 4364 Christum
1541 4317 1594 4362 et
1631 4307 1936 4363 docendum
1959 4307 2141 4363 fidem.

561 4405 703 4462 Nam
733 4414 788 4462 et
820 4419 886 4460 eo
921 4404 1083 4459 modo
1105 4418 1216 4472 quo
1247 4404 1299 4456 in
1331 4401 1587 4456 Arabiam
1655 4401 1919 4466 abieram,
1947 4401 2142 4471 inquit,

567 4501 988 4574 prcdicaturus,
1013 4511 1343 4565 rursumque
1363 4497 1689 4548 Damascum
1721 4509 1736 4546 :
1764 4495 1955 4547 eodem
1982 4491 2144 4547 modo

566 4603 623 4651 et
682 4592 1142 4663 Hierosolymam.
1242 4589 1375 4643 Post
1441 4595 1550 4641 tres
1610 4595 1792 4642 autem
1857 4601 2032 4640 annos
2079 4586 2148 4640 ah

555 4688 788 4757 incepta
823 4681 1213 4755 praedicatione
1243 4688 1298 4735 et
1323 4681 1574 4734 doctrina
1607 4693 1726 4733 mea
1754 4678 1891 4734 redii
1918 4686 1976 4732 ut
2001 4679 2149 4733 vide-

568 4793 688 4834 rem
741 4775 996 4842 Petrum,
1033 4789 1144 4829 non
1207 4779 1268 4826 ut
1297 4769 1503 4842 aliquid
1553 4771 1621 4824 ab
1671 4771 1788 4841 ipso
1841 4770 2146 4825 discerem:

565 4870 678 4940 jam
709 4869 856 4924 enim
879 4864 1233 4937 Evangelium
1257 4863 1653 4919 annuutiabam
1683 4871 1739 4918 et
1764 4861 2142 4934 praetlicabam.

575 4980 596 5016 ι
643 4961 750 5016 Sed
773 4962 880 5016 adii
917 4962 972 5016 in
1005 4959 1286 5015 Arabiam.
1320 4975 1340 5009 ο
1377 4954 1628 5010 Narratis
1659 4957 1724 5010 ad
1750 4970 1888 5025 quas
1909 4956 2142 5019 adierat,

571 5054 905 5119 civitatibus,
953 5053 1174 5124 egregia
1211 5065 1378 5121 opera
1414 5049 1540 5104 silet
1571 5063 1693 5120 quae
1749 5047 1822 5103 ibi
1883 5047 2025 5102 facta
2075 5047 2145 5101 ab

572 5145 696 5215 ipso
724 5153 902 5210 erant,
930 5143 1073 5213 quod
1110 5156 1321 5211 magnae
1341 5149 1461 5196 erat
1485 5141 1654 5195 animi
1691 5139 1990 5194 modestiae.
2027 5157 2047 5191 ‹
2078 5137 2147 5193 Ut

565 5234 817 5290 viderem
847 5232 1088 5287 Petrum.
1127 5251 1148 5284 ο
1207 5233 1511 5288 Considera
1571 5231 1739 5285 animi
1796 5229 2145 5285 modestiam.

572 5325 704 5382 Post
726 5335 801 5380 tot
837 5333 1094 5394 tantaque
1117 5325 1419 5385 certamina
1451 5324 1586 5378 abiit
1606 5334 1664 5378 ut
1685 5323 1894 5378 videret
1925 5323 2146 5379 l’etrum

572 5425 833 5487 tanquam
867 5415 1152 5484 majorem.
1187 5415 1258 5470 Ut
1287 5425 1464 5469 autem
1490 5415 1653 5470 etiam
1687 5424 1954 5480 maneret,
1975 5428 2148 5470 causa

574 5509 802 5565 honoris
840 5522 1003 5578 quem
1029 5506 1194 5564 Petro
1238 5505 1543 5569 deferebat,
1603 5514 1782 5558 actum
1847 5515 1950 5560 est.
2016 5503 2148 5559 V-ide

570 5608 753 5656 autem
785 5597 1062 5669 quomodo
1085 5606 1246 5653 caute
1270 5595 1419 5650 dicat
1451 5615 1464 5651 :
1510 5613 1528 5649 ι
1568 5595 1740 5652 Mansi
1773 5600 1914 5667 apud
1938 5613 2085 5662 eum,
2125 5617 2141 5650 ι

573 5707 680 5750 non
729 5693 961 5748 edoctus
1009 5706 1154 5750 sum.
1230 5709 1248 5744 ι
1281 5688 1464 5745 Alium
1532 5697 1714 5744 autem
1763 5704 1828 5744 ex
1879 5690 2144 5758 apostolis

671 5873 690 5910 ⁸
739 5875 860 5930 Act.
919 5889 992 5940 ιι,
1026 5873 1084 5932 3.

2255 3555 2457 3614 πέντε.
2491 3559 2743 3626 Ἕτερον
2766 3559 2834 3612 δὲ
2858 3557 2975 3612 τῶν
2996 3560 3362 3614 ἀποστόλων
3391 3561 3490 3614 οὐκ
3521 3554 3658 3619 εἶδον,
3693 3555 3725 3607 ει

2249 3648 2334 3718 μὴ
2372 3649 2649 3704 Ἰάκωϐον
2681 3650 2788 3703 τὸν
2824 3648 3093 3720 ἀδελφὸν
3108 3649 3220 3706 τοῦ
3240 3652 3468 3720 Κυρίου.

2325 3763 2664 3832 Σαφέστερον
2707 3762 2840 3816 αὐτὸ
2879 3759 3023 3828 εἷπε,
3062 3765 3283 3829 δεικνὺς
3322 3765 3395 3829 ὡς
3421 3765 3475 3818 οὗ
3516 3761 3630 3833 παρὰ
3653 3759 3722 3812 τῶν

2251 3855 2568 3909 ἀποστόλων
2610 3855 2884 3926 ἐδιδάχθη,
2919 3855 3054 3908 ἀλλὰ
3086 3858 3222 3927 παρ’
3247 3856 3406 3910 αὐτοῦ
3431 3855 3512 3910 τοῦ
3541 3852 3722 3925 Χριστοῦ.

2252 3947 2365 4000 Οὐκ
2403 3945 2658 4017 ἀνῆλθον,
2699 3947 2887 4016 φησὶν,
2917 3948 2996 4010 εἰς
3030 3947 3400 4019 Ἰεροσόλυμα,
3434 3948 3546 4019 πρὸς
3574 3948 3618 4000 τὸ
3641 3946 3722 3997 θεά·

2252 4037 2449 4091 σασθαι
2473 4039 2598 4100 τοὺς
2635 4038 2740 4108 πρὸ
2785 4037 2920 4108 ἐμοῦ
2967 4039 3304 4103 ἀποστόλους
3328 4043 3416 4094 καὶ
3449 4040 3603 4110 μαθεῖν
3629 4053 3665 4089 τι
3684 4035 3721 4099 ἐξ

2250 4129 2452 4184 αὐτῶν.
2490 4128 2711 4198 Ἀνῆλθε
2745 4129 2844 4198 μὲν
2877 4130 2985 4200 γάρ
3013 4132 3092 4192 εις
3130 4132 3465 4202 Ἰεροσόλυμα
3494 4130 3579 4183 ἀπὸ
3597 4130 3720 4195 Δαμα-

2251 4219 2402 4284 σκοῦ,
2443 4222 2518 4284 ὡς
2550 4219 2800 4292 δηλοῦσιν
2831 4222 2888 4274 ai
2925 4222 3180 4292 Πρὰξεις,
3213 4223 3329 4277 ἀλλ’
3354 4224 3446 4276 ούκ
3474 4223 3548 4276 ἐπὶ
3569 4220 3626 4288 τῷ
3650 4235 3717 4286 με·

2249 4312 2532 4380 θητεῦσαι,
2562 4313 2678 4366 ἀλλ’
2707 4314 2800 4366 ἐπὶ
2829 4311 2904 4383 τῷ
2937 4315 3031 4367 καὶ
3061 4313 3227 4368 αὐτὸν
3252 4313 3526 4385 κηρύσσειν
3545 4311 3614 4362 τὸν
3628 4309 3717 4375 Χριο

2251 4409 2398 4476 στὸν,
2433 4409 2528 4462 καλ⁵
2559 4409 2660 4479 τὴν
2687 4410 2873 4463 πίστιν
2908 4408 3205 4464 διδάσκειν.
3241 4409 3351 4463 Καὶ
3381 4409 3478 4478 γὰρ
3509 4407 3560 4459 ὃν
3585 4401 3718 4472 τρόπον

2250 4503 2330 4564 εις
2373 4499 2630 4570 Ἀραϐίαν
2670 4499 2890 4571 ἀπῄειν,
2934 4501 3090 4570 φησι,
3118 4500 3394 4571 κηρύξων,
3423 4500 3503 4552 καὶ
3527 4495 3646 4549 πάλιν
3667 4492 3717 4550 εἷς

2248 4594 2562 4663 Δαμασκὸν,
2601 4593 2693 4647 τὸν
2734 4594 2896 4646 αὑτὸν
2926 4595 3127 4664 τρόπον
3178 4595 3274 4647 καὶ
3321 4594 3398 4656 εἰς
3445 4588 3714 4660 Ἱεροσόλυμι

2250 4688 2405 4742 Μετά
2440 4687 2498 4740 δὲ
2531 4686 2626 4758 ἔτη
2665 4687 2788 4758 τρία
2824 4686 2916 4740 τοῦ
2961 4687 3265 4758 κηρύσσειν
3293 4703 3359 4757 με
3403 4687 3488 4738 καὶ
3509 4682 3714 4736 διδάσκειν,

2248 4779 2480 4849 ἀνῆλθον
2505 4779 2629 4831 ἰδεῖν
2663 4779 2886 4849 Πέτρον,
2917 4778 2977 4831 ού
3004 4777 3197 4848 μαθεῖν
3222 4797 3276 4833 τι
3309 4778 3433 4849 παρ’
3459 4773 3606 4830 αὐτοῦ.
3626 4766 3716 4834 Ἤδη

2249 4870 2359 4939 γὰρ
2414 4868 2526 4936 ἐγὼ
2585 4867 3023 4936 εὑηγγελιζόμην
3075 4873 3172 4922 καὶ
3227 4870 3524 4940 ἐκήρυσσον.
3556 4881 3572 4914 ι

2248 4956 2493 5028 ἀπῆλθον
2538 4956 2619 5020 εἰς
2661 4955 2938 5025 Ἀραϐίαν.
2977 4975 2996 5009 ι
3034 4957 3146 5021 Τάς
3202 4939 3381 5022 πόλεις
3417 4956 3560 5010 εἰπὼν
3588 4955 3632 5004 ἐν
3660 4939 3716 5005 αἷς

2248 5049 2481 5120 ἀπῆλθε,
2515 5048 2585 5102 τά
2621 5050 2739 5102 ἐκεῖ
2765 5049 3033 5118 γενόμενα
3066 5048 3215 5120 αύτῷ
3251 5045 3602 5120 κατορθώματα
3631 5053 3716 5089 σιω·

2248 5142 2346 5211 πᾷ,
2376 5142 2514 5210 ὅπερ
2564 5137 2766 5207 πολλῆς
2801 5133 2871 5208 ἦν
2904 5137 3420 5210 ταπεινοφροσύνης.
3466 5154 3482 5186 ι
3515 5126 3715 5198 Ιπορῆσαι

2251 5234 2479 5302 Πέτρον.
2519 5250 2538 5283 s
2581 5231 2726 5302 Ὅρα
2777 5231 3143 5285 ταπείνωσιν·
3202 5233 3339 5300 μετά
3384 5227 3620 5282 τοσούτους
3652 5213 3716 5267 καὶ

2249 5325 2524 5387 τοιούτους
2552 5324 2770 5392 ἀγῶνας
2801 5324 2969 5394 ἀπῄει
3001 5325 3301 5396 ἱστορήσων
3331 5323 3532 5392 Πέτρον,
3547 5316 3606 5376 ὡς

2249 5417 2400 5480 Cava.
2443 5414 2554 5470 Καὶ
2577 5415 2639 5468 τὸ
2673 5419 3000 5486 προσμεῖναι
3031 5415 3110 5482 δὲ,
3140 5417 3238 5484 τῆς
3265 5415 3388 5484 περὶ
3411 5413 3578 5479 Πέτρον
3603 5397 3713 5466 τιμῆς
3826 5465 3827 5470 η

2248 5509 2434 5561 ἕνεκεν
2463 5507 2701 5575 ἐγένετο.
2725 5507 2864 5576 Ὅρα
2889 5506 2947 5558 δὲ
2981 5507 3096 5570 πῶς
3117 5507 3370 5573 ἀσφαλῶς
3408 5503 3552 5557 λαλεῖο
3581 5515 3596 5548 ι
3631 5491 3714 5545 Ἐπ-

2251 5600 2462 5670 έμεινα.
2506 5600 2673 5668 φησι,
2725 5597 2862 5668 πρὸς
2905 5597 3090 5662 αὑτὸν,
3132 5617 3151 5649 s
3207 5597 3268 5650 ού
3311 5595 3412 5667 μὴν
3491 5582 3711 5653 ἐδιδάχθην

2258 5714 2277 5746 τ
2305 5693 2532 5760 Ἕτερον
2559 5692 2618 5745 δὲ
2645 5691 2751 5744 τῶν
2781 5689 3097 5744 ἀποστόλων
3124 5691 3220 5744 οὐκ
3243 5686 3396 5744 εἶδον.
3427 5705 3445 5739 ι
3479 5685 3528 5738 ὀ
3556 5678 3614 5752 μὴ
3634 5670 3710 5727 ii“
