3956 6560
243 312 376 384 1101

1229 316 1615 377 COMMENT.
1662 315 1745 376 IN
1783 313 2018 374 EPIST.
2053 315 2152 375 AD
2193 318 2461 378 GALAT.

3347 321 3496 388 110!

241 450 391 494 τινα,
426 448 544 496 πως
576 430 640 485 ἂν
679 429 851 500 ἔμαθε
887 430 1017 501 παρ’
1053 430 1268 497 αὒτῶν;
1305 449 1322 481 ι
1345 429 1700 498 Τὺνάδελφὸν
1730 426 1824 482 τοῦ

1941 429 2194 484 nonvidi.
2237 449 2255 481 ι
2313 429 2417 496 Qui
2449 445 2560 486 non
2620 428 2752 486 vidit
2808 445 3161 502 quemquam,
3221 441 3496 504 quomodo

245 523 485 594 Κυρίου.
521 540 540 573 ι
573 523 688 576 Οὐκ
719 517 808 592 ἦν,
844 521 959 574 ἀλλ’
1006 521 1308 590 ἐνομίζετο,
1357 521 1496 592 πλὴν
1538 520 1626 574 ἵνα
1658 519 1822 573 αὐτὸν

244 614 456 684 ἐπάρῃ,
479 613 704 681 ἀδελφὸν
729 611 884 666 καλεῖ
909 611 1003 666 τοῦ
1030 613 1257 684 Κυρίου.

325 793 395 846 Ἀ
425 790 494 843 δὲ
526 789 728 860 γράφω
756 791 918 860 ὑμῖν,
963 789 1091 845 ίδοὺ
1114 788 1367 844 ἐνώπιον
1396 788 1504 842 τοῦ
1535 787 1702 850 Θεοῦ,
1735 787 1825 840 ὅτι

242 883 322 938 οὐ
344 881 664 951 ψεύδομαι.
699 883 939 936 Ἔπειτα
966 878 1155 952 ἦλθον
1191 884 1279 946 εις
1314 881 1386 934 τὰ
1424 881 1682 949 κλίματα
1715 878 1825 946 τῆς

243 975 469 1043 Συρίας
497 974 594 1026 καὶ
623 969 735 1041 τῆς
769 975 1059 1039 Κιλικίας.
1093 976 1293 1043 ἰιμην
1321 973 1391 1025 δὲ
1423 972 1825 1041 ἀγνοούμενος

242 1067 329 1133 τῷ
359 1067 658 1136 προσώπῳ
675 1066 802 1133 ταῖς
829 1067 1220 1133 Ἐκκλησίαις
1246 1065 1358 1132 τῆς
1385 1065 1676 1130 Ἰουδαίας
1697 1064 1826 1130 ταῖς

243 1158 318 1212 ἐν
343 1158 597 1226 Χριστῷ.
629 1158 834 1211 Μόνον
861 1154 930 1210 δὲ
954 1158 1280 1222 ἀκούοντες
1299 1153 1482 1226 ἦσαν,
1509 1155 1596 1210 ὅτι
1614 1155 1676 1209 '0
1697 1155 1827 1208 διώ-

245 1266 374 1303 κων
404 1247 562 1318 ἡμᾶς
594 1265 757 1310 ποτε,
780 1248 899 1302 νῦν
923 1245 1358 1318 εὐαγγελίζεται
1377 1248 1492 1315 τὴν
1514 1249 1720 1300 πίστιν
1749 1245 1828 1314 ἢν

241 1355 396 1394 ποτε
410 1341 668 1408 ἐπόρθει,
704 1339 802 1393 καὶ
842 1339 1123 1403 ἐδόξαζον
1149 1339 1256 1392 τὸν
1291 1338 1442 1392 Θεὸν
1473 1339 1544 1391 ἐν
1567 1337 1717 1406 ἐμοί.

323 1433 487 1499 Λέγω
514 1432 646 1499 ὑμῖν
701 1430 932 1484 ἐνώπιον
958 1430 1052 1483 τοῦ
1090 1431 1294 1502 Κυρίου
1325 1432 1407 1484 ὅτι
1446 1430 1508 1483 οὐ
1536 1430 1824 1500 ψεύδομαι.

256 1525 429 1594 Ὁρᾷς
459 1523 575 1587 πῶς
622 1522 1026 1590 ἐπαγωνίζεται
1062 1524 1238 1593 τούτῳ
1267 1523 1344 1592 τῷ
1385 1523 1551 1592 λόγῳ;
1586 1523 1696 1576 Καὶ
1720 1524 1828 1595 γὰρ

247 1614 558 1668 ἐκινδύνευε
611 1613 685 1684 μὴ
722 1610 862 1666 εἶναι
914 1613 1228 1680 ἀξιόπιστος
1259 1613 1392 1684 πρὸς
1432 1613 1494 1666 τὸ
1541 1615 1826 1686 κήρυγμα,

243 1707 326 1772 ὦς
359 1707 664 1778 ἀνθρώπων
693 1707 785 1760 καὶ
816 1707 876 1761 οὐ
910 1707 1003 1761 τοῦ
1038 1708 1276 1778 Χριστοῦ
1304 1709 1551 1780 μαθητὴς
1570 1708 1667 1765 ῶν.
1697 1729 1715 1762 ι
1734 1710 1829 1774 Εἰς

1923 515 1991 569 ab
2013 517 2148 585 ipsis
2165 518 2447 574 didicisset
2474 519 2498 574 ?
2530 538 2548 572 ι
2575 515 2820 577 Fratrem
2877 520 3114 578 Domini.
3155 541 3174 576 ι
3198 522 3319 580 Non
3378 536 3497 582 erat

1924 607 2091 662 frater
2121 608 2357 675 Domini,
2391 611 2486 666 sed
2533 612 2848 682 putabatur,
2895 623 3136 673 attamen
3205 627 3266 673 ut
3315 619 3496 691 ipsum

1925 697 2222 761 attolleret,
2257 698 2480 754 fratrem
2515 701 2727 757 Domini
2747 713 2924 759 vocat.

1999 787 2251 851 |,90-24.
2313 789 2485 846 Porro
2547 809 2666 862 qua:
2709 795 2882 850 scribo
2951 797 3092 852 vobis
3149 814 3264 855 ecce
3318 817 3501 856 coram

1929 876 2034 930 Deo
2061 878 2198 947 quod
2248 897 2348 933 non
2399 885 2650 939 mentiar.
2718 885 2917 943 Deinde
2973 891 3091 944 veni
3152 892 3206 945 in
3266 895 3500 963 regiones

1927 965 2101 1038 Syria:
2132 980 2179 1023 et
2206 969 2432 1028 Cilicia’.
2458 973 2624 1028 Eram
2657 988 2832 1031 autem
2883 981 3096 1052 ignotus
3115 982 3278 1053 juxta
3309 987 3501 1054 facient

1928 1059 2180 1117 Ecclesiis
2216 1063 2430 1121 Judaue
2451 1085 2568 1138 qua:
2593 1081 2743 1126 erant
2796 1075 2848 1128 iu
2881 1073 3109 1133 Christo.
3157 1077 3262 1133 Sed
3295 1088 3502 1134 tantum

1927 1152 2012 1206 hic
2035 1170 2217 1209 rumor
2240 1159 2380 1227 apud
2410 1159 2530 1216 illos
2567 1173 2682 1217 erat
2722 1181 2741 1219 :
2777 1165 2880 1231 Qui
2942 1170 3354 1240 persequebatur
3404 1190 3501 1228 nos

1931 1243 2246 1314 aliquando,
2274 1265 2412 1304 nunc
2467 1254 2727 1321 prwdicat
2784 1255 2962 1325 ﬁdem,
3025 1276 3186 1329 quam
3235 1265 3504 1334 quondam

1929 1339 2307 1408 expugnabat:
2341 1354 2388 1398 et
2422 1343 2477 1398 in
2513 1361 2594 1400 me
2621 1346 2996 1417 gloriﬁcabant
3025 1351 3219 1409 Deum.

2004 1429 2134 1485 Dico
2168 1434 2320 1489 vobis
2347 1450 2534 1491 coram
2585 1436 2695 1493 Deo
2723 1443 2864 1509 quod
2893 1458 3000 1498 non
3051 1447 3303 1502 mentiar.
3337 1449 3503 1508 Vides

1928 1529 2195 1590 quantum
2242 1541 2339 1594 pro
2379 1526 2483 1582 hoc
2544 1527 2786 1586 decertet
2842 1539 3139 1592 sermone?
3187 1537 3500 1598 Periculum

1929 1614 2076 1668 enim
2108 1625 2227 1671 erat
2259 1634 2327 1673 ne
2356 1618 2462 1676 fide
2487 1621 2688 1692 dignus
2725 1639 2838 1680 non
2873 1634 3030 1683 esset
3057 1629 3122 1682 ad
3159 1631 3502 1700 praedicatio-

1932 1719 2077 1769 nem,
2143 1709 2301 1778 quasi
2346 1710 2627 1768 hominum
2686 1722 2740 1770 et
2784 1733 2891 1773 non
2954 1719 3156 1776 Christi
3203 1723 3504 1793 discipulus

244 1770 318 1854 τά
367 1770 606 1870 κλίματα
654 1799 754 1870 τῆς
788 1800 1011 1871 Συρίας.
1042 1821 1060 1852 ι
1093 1770 1274 1855 ’Μετὰ
1304 1770 1376 1855 ’τὸ
1596 1770 1826 1876 Πέτρον,

1941 1770 2177 1851 luisset:
2198 1816 2216 1850 ι
2253 1798 2310 1854 In
2341 1810 2526 1872 partes
2557 1801 2749 1876 Syriae.
2792 1825 2809 1858 ι
2829 1770 3502 1884 (Ubii

249 1890 420 1943 πάλιν
456 1891 633 1960 εἴχετο
662 1894 760 1960 τῆς
799 1891 933 1962 πρὸς
964 1893 1031 1946 τὰ
1067 1895 1194 1964 ἔθνη
1223 1894 1366 1950 ὀδοῦ.
1397 1896 1540 1967 Πρὸς
1566 1896 1633 1950 τὰ
1665 1898 1830 1969 μέρη,

248 1984 410 2055 φησὶ,
459 1984 659 2054 Συρίας
697 1987 794 2039 κα)⁵
844 1987 1132 2058 Κιλικίαςο
1197 1987 1335 2058 πρὸς
1381 1989 1519 2042 αὐτὰ
1563 1989 1669 2061 γὰρ
1721 1992 1829 2043 ἁπ-

247 2072 495 2128 ἐσταλτο.
526 2076 744 2147 ι⁹Ημην
769 2077 824 2131 δὲ
853 2077 1234 2148 ἀγνοοῦμενος.
1266 2098 1284 2131 ι
1319 2079 1606 2144 Τοσοῦτον,
1641 2084 1828 2151 φησιν,

249 2164 358 2216 οὐκ
401 2166 641 2235 ἑκήρυξα
677 2169 792 2232 τοῖς
834 2169 898 2222 ἐκ
942 2171 1249 2241 περιτομῆς
1297 2173 1718 2239 πεπιστευκόσι,
1772 2174 1832 2228 τὸ

250 2251 367 2308 δεῖν
407 2257 758 2328 περιτέμνειν
815 2259 995 2329 (τοῦτο
1034 2261 1143 2332 γὰρ
1200 2264 1250 2316 οἱ
1291 2262 1671 2329 διαϐάλλοντες
1711 2265 1832 2319 ἔλε-

248 2361 373 2412 γον,
421 2348 504 2401 ὅτι
544 2351 659 2412 τοῖς
700 2348 761 2414 ἐξ
822 2351 1094 2406 Ἰουδαίων
1142 2354 1480 2423 πιστεύουσι,
1529 2358 1832 2430 περιτομὴν

250 2438 584 2511 κηρύσσειξ)·
635 2440 887 2497 τοσοῦτον
923 2439 1037 2510 οὖν,
1091 2446 1276 2516 φησὶν,
1319 2447 1419 2500 οὐκ
1457 2447 1717 2518 ὲκήρυξα,
1751 2450 1832 2503 ὃτι

249 2531 354 2584 καὶ
382 2531 609 2600 ἠγνόουν
647 2550 750 2603 μου
779 2534 840 2589 τὸ
866 2535 1256 2608 πρόσωπον.-
1291 2540 1366 2594 Ἦ
1388 2539 1595 2606 οὕτως.
1628 2539 1830 2613 [ΦΩΤ]

253 2623 420 2690 Παρὰ
450 2624 663 2698 Πέτρου
691 2626 791 2680 οὐκ
815 2626 1055 2697 ἔμαθονο
1097 2629 1256 2700 μόνον
1289 2626 1428 2684 εἶδον
1452 2633 1634 2685 αὐτόν.
1676 2633 1833 2704 Παρὰ

263 2711 524 2766 Ἰακώϐου
537 2714 636 2769 οὐκ
651 2714 871 2785 ἔμαθονο
894 2719 1142 2772 κάκεῖνον
1154 2719 1261 2790 γὰρ
1281 2719 1441 2790 μόνον
1456 2717 1615 2778 εἶδον.
1635 2723 1832 2778 ’Λλλον

250 2802 364 2854 τῶν
393 2803 706 2858 ἀποστόλων
763 2808 866 2862 οὐκ
892 2803 1052 2863 είδον.
1083 2809 1243 2864 una
1267 2811 1340 2882 μὴ
1359 2812 1466 2866 διπό
1487 2831 1629 2877 τινος
1646 2817 1831 2886 ἑτέρου

251 2894 643 2965 ταπεινοτέρου
688 2896 784 2950 καὶ
826 2898 926 2969 οὐχ
970 2897 1144 2964 οὕτως
1175 2901 1454 2972 ἐπισήμου
1505 2903 1830 2972 προσώπου;

253 2985 373 3037 Καὶ
410 2984 527 3049 πῶς
557 2985 715 3040 τοῦτο
766 2985 950 3060 χώραν
979 2988 1114 3060 ἔχει,
1155 2991 1350 3062 μαθεῖν
1387 2991 1446 3056 ἐξ
1495 2994 1737 3059 ἐκείνων,
1783 2993 1832 3048 οἳ

1934 1901 2154 1941 rursum
2200 1891 2266 1944 ad
2297 1900 2486 1961 gentes
2522 1896 3000 1965 proficiscebatur.
3033 1903 3113 1956 Ad
3157 1915 3365 1973 partes,
3422 1909 3507 1962 in-

1933 1979 2074 2047 quit,
2107 1978 2280 2052 Syrize
2308 1991 2361 2038 et
2384 1984 2630 2054 Ciliciae:
2663 2004 2790 2044 nam
2815 1993 2879 2045 ad
2900 1992 3049 2062 ipsas
3080 1995 3284 2053 missus
3302 1997 3504 2056 fuerat.

1935 2071 2097 2143 724
2121 2092 2139 2125 ‹
2177 2072 2339 2130 Eram
2393 2085 2572 2134 antem
2612 2083 2846 2151 ignotus.
2887 2103 2908 2136 ι
2937 2086 3107 2154 Adeo,
3163 2088 3361 2160 inquit,
3396 2109 3505 2149 non

1933 2163 2230 2231 pradicavi
2273 2166 2361 2222 his
2412 2169 2504 2237 qui
2568 2170 2635 2225 de
2689 2171 3109 2232 circumcisione
3161 2180 3508 2237 crediderant

1932 2255 2074 2323 quod
2135 2267 2415 2327 oporteret
2479 2261 2799 2319 circumcidi
2866 2265 3015 2338 (nam
3097 2269 3199 2326 hoc
3251 2271 3508 2329 dicebant

1933 2349 2365 2406 calumniatores
2399 2354 2542 2423 quod
2575 2356 3007 2413 eredentibusex
3037 2357 3242 2418 Judazis
3269 2365 3500 2421 circum-

1933 2436 2196 2494 cisionem
2228 2443 2595 2515 pradicaret),
2629 2447 2764 2503 adeo
2827 2449 2992 2520 igitur
3039 2467 3146 2508 non
3193 2455 3509 2526 praedicari,

1936 2527 2138 2599 inquit,
2175 2547 2298 2588 cum
2339 2550 2514 2605 neque
2574 2552 2660 2592 mc
2677 2538 2751 2593 de
2778 2538 2916 2595 facie
2961 2552 3248 2600 noverant.
3291 2577 3362 2588 —
3403 2548 3511 2604 Aut

1934 2620 2029 2674 hoc
2065 2623 2243 2679 utodo.
2278 2626 2324 2680 A
2356 2625 2515 2683 Petro
2555 2644 2662 2684 non
2695 2630 2884 2698 didici,
2931 2632 3027 2689 sed
3075 2634 3252 2707 ipsum
3295 2646 3509 2697 tantum

1935 2712 2080 2780 vidi;
2119 2729 2147 2768 a
2185 2714 2393 2773 Jacobo
2415 2734 2521 2775 non
2557 2720 2745 2789 didici,
2806 2738 2934 2779 nam
2993 2733 3049 2782 et
3114 2729 3292 2799 ipsum
3333 2733 3510 2788 solum

1934 2805 2068 2858 vidi.
2112 2806 2293 2861 Atium
2325 2826 2390 2863 ex
2437 2812 2726 2881 apostolis,
2745 2829 2816 2869 ne
2866 2816 2978 2872 vidi
3009 2818 3252 2889 quidem.
3285 2823 3510 2881 Atnum

1937 2897 2007 2952 ab
2030 2897 2141 2952 alio
2169 2900 2354 2971 aliquo
2400 2900 2694 2960 humiliore
2739 2915 2794 2961 et
2842 2922 2953 2963 non
3002 2909 3138 2965 adeo
3187 2911 3391 2984 insigni
3442 2931 3511 2974 ex

1939 3004 2190 3060 personae
2214 2995 2481 3064 aspectu?
2543 2995 2610 3051 Et
2639 3000 2916 3069 quomodo
2947 3001 3051 3058 hoc
3075 3003 3255 3060 locum
3286 3007 3511 3066 haberet

248 3075 377 3127 οὐδὲ
404 3074 464 3130 τὸ
494 3067 782 3146 πρόσωπόν
812 3096 914 3150 μου
935 3079 1278 3152 ὲωράκασιν;
1309 3081 1697 3156 Ἀγνοούμενος
1724 3085 1832 3158 γὰρ

1941 3086 2001 3136 ιιι
2031 3082 2104 3138 ab
2135 3083 2260 3140 aliis
2287 3085 2625 3154 didicissem,
2656 3067 2746 3160 qui
2781 3107 2960 3163 neque
2991 3109 3168 3151 meam
3203 3099 3395 3154 faciem
3428 3101 3512 3156 vi-

250 3166 407 3236 ἧμην
433 3165 510 3237 τῷ
543 3167 843 3238 προσώπῳ,
873 3172 992 3235 ταῖς
1016 3173 1075 3226 ὲν
1101 3173 1324 3246 Χριστῷ
1359 3175 1706 3246 Ἐκκλησίαις
1734 3178 1834 3247 τῆς

263 3255 551 3320 Ἰουδαίας.
586 3257 647 3312 Ol
683 3258 792 3330 γὰρ
835 3259 1016 3315 λοιποὶ
1050 3262 1262 3318 ἐδέοντο
1299 3265 1667 3332 διδασκαλίας,
1718 3266 1834 3320 ἀλλ’

251 3345 361 3399 οὐκ
391 3346 684 3402 ἐδίδασκον.
716 3350 951 3417 Οὐκοῦν,
1025 3353 1126 3406 οὐκ
1158 3354 1253 3407 ἀπ’
1282 3356 1572 3427 ἀνθρώπου
1606 3357 1832 3429 ἔμαθον.

260 3454 281 3488 ι
316 3437 450 3500 Ταῖς
493 3438 843 3512 Ἐκκλησίαις
883 3443 984 3515 τῆς
1024 3445 1305 3510 Ἰουδαίας.
1337 3465 1356 3500 ι
1386 3448 1521 3512 Ταῖς
1559 3449 1703 3519 ἀμφὶ
1733 3450 1834 3521 τὴν

253 3524 460 3595 Συρίαν
502 3529 598 3582 καὶ
627 3530 881 3586 Κιλικίαν
906 3534 1284 3606 διακειμέναις
1323 3537 1694 3608 Ἐκκλησίαις,
1717 3543 1835 3605 ταῖς

255 3615 322 3681 ἒξ
345 3615 615 3674 Ἰουδαίων
660 3623 1091 3695 ὲπιστρεψάσαις
1124 3628 1258 3699 πρὸς
1284 3629 1376 3683 τὸν
1401 3631 1627 3702 Κύριον.
1664 3631 1836 3688 Τοῦτο

254 3706 370 3776 γὰρ
405 3707 556 3778 δηλοῖ
602 3711 684 3777 τὸ,
736 3732 754 3765 ι
776 3716 865 3769 Ἐν
894 3719 1170 3790 Χριστῷ.)
1206 3749 1274 3762 «-
1311 3722 1452 3776 (Kal
1496 3723 1743 3789 ἐδόξαζον
1775 3727 1834 3778 ὲν

258 3800 386 3868 ἐμοὶ
423 3802 513 3856 τὸν
539 3803 690 3858 Θεόν.
721 3824 740 3857 ι
777 3809 890 3861 Οὐκ
935 3805 1110 3875 εἶπεν,
1147 3812 1430 3885 Ἐπῄνουν,
1459 3814 1514 3886 ἢ,
1553 3814 1833 3881 Ἐδόξαζόν

262 3905 357 3956 με,
389 3890 549 3956 ἀλλὰ,
587 3911 604 3944 ι
635 3893 737 3948 Τὸν
777 3897 928 3962 Θεὸν,
962 3901 1148 3971 φησιν,
1186 3903 1452 3969 ἐδόξαζον.
1480 3923 1498 3957 ι
1528 3905 1694 3959 ’Ὃλον
1726 3908 1834 3978 γὰρ

257 3981 326 4032 τὸ
355 3982 474 4033 κατ’
522 3985 642 4053 ἐμὲ,
693 3988 844 4056 φησι,
881 3990 978 4058 τῆς
1009 3992 1230 4064 χάριτος
1274 3990 1342 4064 ἦν
1372 3995 1463 4047 τοῦ
1500 3995 1656 4050 Θεοῦ.
1700 4015 1718 4048 t
1744 3997 1831 4050 Ἐν

260 4072 428 4139 ἐμοὶ,
461 4093 482 4126 ι
543 4077 818 4143 τουτέστι,
846 4081 925 4133 Δι’
953 4083 1079 4150 ὲμέ.
1124 4102 1142 4135 ι
1164 4084 1441 4150 Ἐδόξαξον
1469 4087 1528 4140 ὲν
1569 4089 1690 4158 ἐμοὶ
1741 4090 1831 4142 τὸν

254 4161 418 4229 Θεὸν,
454 4182 472 4215 ι
513 4166 634 4236 οὐχὶ
660 4169 752 4222 τὸν
782 4170 929 4226 δεῖνα
961 4174 994 4246 ἢ
1033 4174 1122 4228 τὸν
1159 4175 1305 4229 δεῖνα
1345 4178 1683 4242 διδάσκαλον,
1718 4180 1832 4234 ἀλλ’

257 4249 428 4302 αὐτὸν
465 4251 557 4306 τὸν
587 4255 738 4311 Θεόν.
772 4260 944 4325 Αὐτὸς
988 4257 1056 4332 ἦν
1085 4265 1113 4317 ὁ
1163 4265 1521 4336 ἀποκαλύψας
1567 4270 1710 4339 ἐμοὶ,
1738 4272 1834 4324 καὶ¹

257 4339 483 4406 διδάξας
509 4344 568 4397 τὸ
594 4347 876 4420 κήρυγμα.

869 4466 1115 4520 ΚΕΦᾹΛ.
1152 4467 1207 4522 B'

260 4549 401 4614 Περὶ
429 4549 532 4617 τῆς
558 4549 677 4603 τῶν
695 4552 1052 4633 ἀπο-στόλων
1075 4561 1597 4633 ἐπιμαρτυρήσεως
1616 4568 1700 4631 εις
1722 4565 1835 4633 τὴν

794 4626 866 4677 ἐν
904 4631 1101 4681 πίστει
1133 4626 1305 4696 ἄσην.

343 4712 587 4767 Ἔπειτα
614 4715 712 4769 διὰ
727 4714 1186 4788 δεκατεσσάρων
1206 4722 1377 4790 ἐτῶν,
1401 4725 1586 4779 πάλιν
1613 4726 1834 4796 ἀνέϐην

262 4802 356 4867 εις
396 4800 786 4877 Ἰεροσόλυμα
815 4809 964 4878 μετὰ
1005 4811 1303 4879 Βαρνάϐα,
1350 4818 1838 4886 συμπαραλαϐὼν

263 4891 369 4944 καί
420 4893 614 4954 Τίτον.
668 4898 909 4965 Ἀνέσην
950 4900 1018 4954 δὲ
1069 4904 1220 4957 κατὰ
1269 4905 1680 4976 ἀποκάλυψιν,
1737 4912 1834 4966 καὶ

263 4982 566 5053 ἀνεθέμην
585 4988 790 5055 αὐτοῖς
807 4991 874 5043 τὸ
885 4992 1254 5062 Εῠαηέλιον
1266 4995 1296 5048 ὃ
1319 4998 1605 5065 κηρύσσω
1625 5001 1694 5053 ἐν
1717 5002 1839 5069 τοῖς

268 5071 496 5130 ἔθνεσι.
542 5079 684 5130 Κατ’
719 5079 880 5132 ὶδιάν
920 5081 989 5134 δὲ
1033 5083 1158 5150 τοῖς
1183 5083 1454 5151 δοκοῦσι,
1478 5087 1561 5156 μή
1592 5103 1717 5156 πως
1752 5094 1840 5157 είς

265 5165 450 5218 κενὸν
479 5167 687 5236 τρέχω,
721 5169 759 5238 ἢ
800 5171 1079 5243 ἔδραμον.
1109 5176 1263 5230 Ἀλλ’
1297 5176 1439 5230 οὐδὲ
1467 5178 1632 5244 Τίτος
1656 5182 1689 5233 ό
1719 5182 1842 5235 σὺν

265 5257 400 5324 ἐμοὶ
439 5258 677 5324 Ἕλλην
709 5261 814 5328 ὢν,
854 5265 1209 5336 ἠναγκάσθη
1243 5269 1698 5340 περιτμηθῆναι.

345 5436 452 5491 Τοῦ
509 5439 613 5509 μὲν
643 5441 706 5496 τὸ
743 5460 961 5514 πρωτον
1009 5446 1284 5512 ἀνελθεῖν,
1331 5450 1536 5518 Πέτρον
1568 5445 1690 5503 εἶπε
1744 5451 1843 5522 τὴν

272 5531 482 5584 αἰτίανο
512 5532 608 5586 τοῦ
635 5533 690 5588 δὲ
729 5535 791 5589 τὸ
820 5537 1098 5609 δεύτερον,
1129 5538 1227 5608 τὴν
1257 5541 1623 5609 ἀποκάλυψιν.
1647 5560 1666 5593 ι
1689 5543 1844 5597 Μετὰ

267 5619 532 5692 Βαρνάϐα
556 5627 1003 5698 συμπαραλαϐὼν
1039 5630 1135 5683 καὶ
1164 5630 1342 5685 Τίτον.
1385 5650 1403 5683 ι
1442 5631 1680 5693 Τούτους
1743 5635 1842 5687 ἐπ-

271 5714 440 5783 ήγετο
471 5717 752 5788 μάρτυρας
781 5720 875 5774 τοῦ
917 5721 1046 5776 ἰδίου
1081 5723 1456 5794 κηρύγματος.
1493 5743 1510 5775 ι
1549 5724 1769 5794 ’Λνέδην
1790 5727 1846 5782 δὲ

1859 4441 1913 4498 D

1941 4564 2016 4619 De
2035 4564 2385 4634 productione
2416 4573 2778 4642 apostolorum
2803 4577 2871 4653 in
2908 4587 3064 4633 testes
3102 4597 3198 4650 pro
3239 4582 3348 4637 vita
3391 4600 3510 4653 qua:

1936 3172 2128 3228 derant
2155 3173 2342 3230 ?Nam
2371 3177 2590 3248 ignotus
2612 3195 2762 3237 eram
2805 3183 2963 3258 juxta
3003 3184 3197 3244 faciem
3246 3188 3510 3249 Ecclesiis

1934 3263 2134 3322 Iudaea:
2159 3283 2281 3338 quae
2319 3278 2476 3324 erant
2509 3269 2562 3325 in
2588 3271 2851 3332 Christo:
2877 3275 3060 3333 caeteri
3096 3296 3226 3336 vero
3255 3281 3507 3340 doctrina

1935 3357 2184 3427 egebant,
2226 3375 2341 3416 non
2388 3362 2677 3421 docebant.
2706 3363 3057 3439 Nequaquam
3101 3371 3264 3444 igitur
3309 3374 3378 3430 ab
3407 3375 3503 3430 ho-

1937 3449 2086 3504 mine
2116 3450 2308 3506 didici.
2339 3471 2358 3506 ι
2398 3451 2658 3512 Ecclesiis
2687 3455 2938 3516 Judazam
2966 3462 3100 3529 Quae
3117 3465 3266 3520 circa
3295 3465 3506 3540 Syriam

1935 3549 1991 3596 et
2017 3541 2263 3599 Ciliciam
2289 3545 2410 3602 sitae
2442 3558 2600 3604 erant
2625 3555 3100 3624 congregationes,
3127 3574 3247 3629 quae
3293 3575 3357 3616 ex
3407 3559 3508 3617 Ju-

1937 3637 2070 3695 daeis
2117 3654 2399 3697 conversae
2449 3654 2606 3700 erant
2637 3647 2702 3701 ad
2723 3646 3037 3714 Dominum,
3075 3652 3180 3708 hoc
3235 3666 3322 3711 est
3360 3657 3508 3713 enim

1937 3729 2081 3801 quod
2113 3730 2267 3785 addit
2298 3749 2313 3787 :
2351 3751 2369 3785 ‹
2409 3732 2542 3800 Quae
2569 3747 2730 3792 erant
2771 3739 2825 3793 in
2853 3738 3094 3796 Christo.
3127 3763 3145 3795 ι
3182 3775 3252 3785 -
3281 3765 3300 3798 ι
3326 3747 3391 3802 Et
3453 3749 3508 3805 in

1936 3834 2023 3874 me
2071 3821 2453 3888 gloriﬁcabant
2504 3825 2740 3881 Deum.»
2786 3829 2905 3884 Non
2937 3831 3100 3899 dixit,
3161 3833 3507 3905 Laudabant,

1936 3917 2050 3975 aut,
2084 3910 2475 3967 Glorificabant
2510 3930 2634 3980 me;
2664 3918 2779 3984 sed,
2807 3939 2826 3971 ι
2857 3921 3050 3988 Deum,
3086 3925 3284 3994 inquit,
3341 3930 3510 3999 glori-

1939 3999 2206 4069 ﬁcabant;
2246 4021 2265 4054 ι
2297 4005 2561 4074 quidquid
2616 4008 2761 4063 enim
2789 4009 2842 4063 in
2878 4027 2962 4065 me
2999 4015 3283 4084 agebatur,
3313 4020 3504 4088 gratia

1935 4087 2032 4143 Dei
2055 4101 2194 4145 erat.
2228 4094 2317 4147 «In
2352 4110 2495 4161 me,»
2535 4096 2640 4153 hoc
2665 4109 2769 4164 est,
2792 4109 3137 4170 prepterme.
3171 4123 3188 4156 ι
3223 4087 3506 4163 Glorilica-

1936 4181 2142 4236 hantin
2169 4197 2256 4238 me
2279 4182 2471 4252 Deum,
2504 4202 2610 4242 non
2639 4189 2785 4243 hunc
2813 4201 2903 4244 aut
2924 4190 3070 4244 illum
3093 4204 3504 4265 prarceptorem,

1937 4270 2034 4324 sed
2060 4269 2237 4340 ipsum
2277 4272 2471 4328 Deum.
2500 4275 2779 4345 Siquidem
2828 4279 2944 4348 ipse
2987 4280 3117 4335 mihi
3146 4285 3504 4355 rerelavcrat,

1939 4377 2136 4432 meque
2153 4355 2420 4421 docuera't
2450 4369 2920 4437 praedicationem.

2575 4479 2803 4537 CAPUT
2834 4482 2897 4538 ll.

2515 4654 2590 4696 est
2659 4662 2750 4712 per
2797 4649 2975 4716 ﬁdem.

2013 4732 2082 4799 Il,
2116 4734 2224 4789 1-5.
2259 4734 2462 4789 Deinde
2486 4746 2601 4802 post
2636 4753 2800 4790 anuos
2850 4740 3247 4809 quatuordecim
3297 4761 3510 4800 rursum

1940 4829 2152 4881 ascendi
2184 4827 2743 4895 Hierosolymamcum
2777 4830 3045 4898 Barnaba,
3067 4840 3511 4905 assumptosimul

1940 4927 1988 4970 et
2018 4921 2152 4972 Tito.
2185 4919 2417 4973 Ascendi
2446 4931 2621 4973 autem
2643 4919 2802 4988 juxta
2830 4925 3219 4994 reuelationem,
3242 4939 3293 4984 et
3311 4934 3512 4986 contuli

1942 5023 2059 5060 cum
2091 5008 2200 5061 illis
2242 5007 2588 5078 Evangelium
2617 5008 2756 5079 quod
2787 5011 3014 5077 prwdico
3039 5015 3172 5068 inter
3195 5026 3396 5086 gentes,
3420 5020 3512 5072 sed

1943 5098 2195 5164 privatim
2220 5115 2336 5151 cum
2380 5099 2450 5151 iis
2472 5099 2561 5168 qui
2591 5108 2743 5153 erant
2772 5102 2826 5154 in
2852 5102 3060 5171 pretio:
3097 5119 3222 5158 num
3247 5108 3513 5177 quomodo

1943 5187 1998 5240 in
2045 5205 2513 5242 vanumeurrerem
2572 5199 2666 5242 aut
2742 5195 3109 5251 cucurrissent.
3187 5197 3289 5253 Sed
3352 5217 3514 5272 neque

1951 5278 2101 5332 Titus
2123 5282 2212 5350 qui
2245 5295 2442 5332 mecum
2466 5291 2602 5345 erat,
2628 5296 2749 5335 cum
2781 5297 2912 5338 esset
2934 5286 3172 5356 Gra'cus,
3207 5291 3511 5360 compulsus

1946 5368 2048 5438 fuit
2088 5369 2412 5424 circumcidi.

2019 5458 2179 5529 725
2210 5457 2363 5525 Quod
2400 5461 2635 5530 primum
2673 5465 2894 5534 quidem
2926 5469 3253 5534 ascenderit,
3285 5468 3508 5526 Petrum

1949 5549 2006 5602 in
2039 5563 2202 5602 causa
2230 5547 2400 5605 fuisse
2423 5551 2557 5607 dixit
2587 5569 2601 5606 :
2633 5556 2780 5624 quod
2797 5564 2978 5613 autem
3006 5559 3266 5626 secundo,
3293 5559 3510 5614 revela-

1951 5642 2177 5695 tionem.
2214 5659 2233 5692 ‹
2269 5639 2404 5696 Cum
2443 5641 2695 5700 Barnaba
2718 5657 3001 5718 assumpto
3031 5647 3192 5702 simul
3221 5656 3276 5703 et
3297 5647 3443 5704 Tito.
3485 5670 3506 5703 ι

1953 5731 2064 5788 Hos
2097 5748 2278 5788 secum
2306 5733 2727 5795 ducebattestes
2757 5754 2868 5795 sua:
2896 5739 3316 5810 praedicationis.
3354 5759 3372 5793 ι
3408 5743 3500 5798 Λιι-
