3956 6566
544 344 682 408 1103

1631 337 2028 399 (ECUMENII
2057 336 2347 398 ΤΗΝ]οΕ
2383 337 2722 399 EPISCOPI

3572 351 3667 417 lllll

546 453 706 510 cendi
765 461 946 506 autem
1006 449 1162 522 juxta
1214 447 1621 506 ret/elationem.
1691 466 1708 499 ι
1745 446 1810 500 Ει
1857 462 2022 520 quare
2055 447 2108 500 at

2117 468 2122 496 ι
2154 455 2195 508 Α
2228 449 2366 500 κατά
2397 447 2760 519 ἀποκάλυψιν.
2802 467 2820 500 ι
2859 447 2968 500 Καὶ
3007 447 3144 512 τίνος
3184 449 3354 504 ἕνεκεν
3384 453 3448 526 μὴ
3479 464 3595 531 παρὰ
3613 467 3679 537 τὴν

537 550 699 605 initio
742 563 867 604 cum
897 546 1034 618 ipsis
1083 560 1191 600 non
1219 543 1476 607 contulit,
1505 541 1598 600 sed
1625 549 1751 613 post
1777 549 1860 596 tot
1891 555 2066 596 annos
2093 539 2116 592 ?

540 638 815 705 Quoniam
852 635 1007 690 multi
1057 633 1314 690 videntes
1361 631 1584 688 Petrum
1637 644 1700 686 ac
1747 639 1973 686 caeteros
2025 630 2116 701 qui

536 746 661 786 cum
728 745 793 784 eu
841 737 1000 783 erant
1057 726 1338 798 apostolos
1386 726 1766 796 perntittentes
1826 723 2117 778 circumci-

536 820 770 882 sionem,
802 817 1032 871 Paulum
1094 831 1226 870 vero
1259 831 1369 870 non
1402 815 1834 884 permittentem,
1869 812 2116 867 offende-

534 917 738 969 bantur
775 911 933 981 quasi
964 909 1240 964 dissidens
1269 917 1416 964 esset
1449 906 1788 979 prazdicatio.
1825 905 2114 958 Ruvelavit

533 1007 701 1079 igitur
755 1005 995 1077 Spiritus
1047 1011 1299 1067 sanctus,
1357 1010 1412 1057 ut
1443 998 1767 1056 ascenderet
1791 997 2114 1068 Hierosoly-

506 1101 703 1164 ‘mam,
746 1113 855 1168 quo
893 1095 1364 1167 persuaderentur
1410 1093 1447 1148 ii
1507 1091 1602 1164 qui
1667 1088 2110 1152 oﬂ'endebantnr,

532 1191 738 1245 nullam
762 1187 990 1242 omnino
1012 1200 1134 1242 esse
1177 1187 1230 1240 in
1271 1183 1661 1256 praedicatione
1686 1181 2108 1244 dissonantiam.

531 1280 624 1336 sed
660 1281 834 1349 magis
865 1275 1278 1348 dispensatione
1304 1273 1538 1345 quadam
1593 1272 1833 1344 permitti
1868 1272 2110 1327 circum-

530 1371 818 1426 cisionetn.
850 1387 868 1420 ι
899 1367 963 1422 Et
990 1367 1201 1423 contuli
1227 1379 1352 1421 cum
1382 1366 1648 1436 apostolis
1677 1361 2054 1436 Evangelium.
2086 1383 2104 1416 ι

530 1460 646 1518 [loc
675 1467 780 1525 est,
811 1457 1242 1524 communicavi,
1275 1455 1484 1526 sumpsi
1515 1470 1638 1511 cum
1663 1453 1743 1510 eis
1790 1453 2106 1509 consilium.

535 1573 552 1604 ι
593 1551 748 1618 Quod
771 1549 1032 1622 praedico,
1082 1567 1101 1600 ›
1139 1548 1260 1605 sine
1289 1545 1733 1601 circumcisione.
1765 1563 1783 1596 t
1847 1543 1954 1599 Sed
1993 1546 2107 1615 pri-

529 1646 719 1702 vatim.
758 1662 776 1694 ι
815 1641 1088 1709 Quoniam
1144 1639 1196 1696 hi
1241 1639 1336 1710 qui
1403 1654 1465 1692 ex
1507 1635 1709 1693 Iudaeis
1761 1637 2107 1692 crediderant

531 1735 946 1806 Hierosolymis,
974 1732 1393 1788 olientlebantur
1410 1731 1456 1786 si
1476 1730 1600 1801 quis
1621 1728 2102 1785 circumcisionem

531 1829 872 1900 prohiberet,
910 1825 1062 1880 Pauli
1087 1835 1272 1879 autem
1299 1822 1615 1894 praedicatio
1645 1822 1818 1893 ipsam
1845 1820 2107 1875 tollebat:

531 1929 589 1974 ut
615 1919 766 1988 ipsos
797 1917 1005 1987 absque
1035 1913 1367 1970 oﬂ‘endiculo
1387 1919 1657 1977 servaret,
1695 1911 1952 1982 privatim
1981 1924 2108 1964 cum

529 2012 609 2067 eis
672 2008 910 2064 contulit
949 2005 1416 2078 praedicationem.
1482 2003 1546 2058 Et
1601 2002 1959 2074 quamobrem
2005 2000 2114 2072 pri-

531 2103 698 2156 vatim
725 2101 748 2155 ?
776 2099 852 2156 Ne
882 2115 980 2170 per
1010 2098 1114 2153 hoc
1139 2096 1285 2168 quod
1322 2097 1475 2167 prius
1492 2095 1675 2150 omnia
1708 2093 2110 2150 concessissem

529 2195 864 2250 offenderem
909 2207 1004 2248 eos
1031 2189 1127 2263 qui
1160 2205 1335 2260 nuper
1375 2203 1443 2242 ex
1479 2185 1908 2242 circumcisione
1962 2183 2027 2238 ad
2049 2183 2112 2238 li-

527 2291 649 2345 dcm
684 2294 974 2352 venerant,
1003 2293 1057 2339 et
1081 2283 1348 2338 edicerem
1378 2292 1438 2335 ut
1470 2294 1498 2333 a
1532 2269 1738 2334 Christi
1765 2275 1868 2332 (ide
1885 2274 2112 2331 omnino

528 2380 892 2443 discederent,
910 2377 1305 2448 perderemque
1327 2386 1551 2428 cursum
1589 2385 1792 2435 meum;
1817 2384 1880 2423 ac
1908 2383 2110 2423 vanum

526 2475 836 2529 cﬂiccretur
862 2480 1144 2525 certamen
1196 2475 1250 2521 et
1287 2463 1527 2520 studium
1563 2477 1766 2518 meum.
1795 2459 1930 2516 Nam
1972 2477 2112 2531 quo-

527 2566 691 2620 tnodo
723 2579 830 2618 non
860 2569 1005 2617 esset
1029 2561 1133 2614 hoc
1175 2559 1229 2614 in
1257 2573 1456 2613 vanum
1487 2571 1715 2610 currere
1769 2564 1865 2608 aut
1906 2567 2109 2608 cucur-

527 2658 690 2723 risse,
721 2655 766 2711 si
793 2653 1073 2710 currendo
1098 2660 1158 2706 ut
1200 2649 1388 2706 salvos
1413 2647 1672 2712 facerem,
1701 2662 1918 2702 rursum
1947 2659 2111 2720 quos-

526 2749 654 2806 dam
731 2747 1026 2804 temeraria
1069 2740 1402 2800 certiludine
1449 2738 1791 2811 perderem?
1825 2737 2112 2805 Quomodo

526 2843 691 2915 igitur
715 2854 862 2894 nunc
889 2839 1056 2893 etiam
1115 2835 1332 2907 publice
1361 2831 1595 2905 arguit?
1628 2831 1899 2898 Quoniam
1936 2830 2112 2900 magis

523 2941 835 3007 promotum
867 2939 1003 2995 erat,
1046 2939 1104 2986 et
1159 2928 1289 2999 quia
1347 2924 1597 2980 nonnulli
1642 2923 2111 2994 dispensationem

523 3028 799 3084 audebant
831 3025 1008 3080 facere
1032 3006 1249 3092 dogma.
1279 3021 1388 3074 Aut
1418 3019 1563 3090 quod
1584 3017 1657 3073 ait
1693 3017 1768 3088 μή
1803 3034 1919 3080 πως
1957 3016 2111 3086 (num

2223 541 2398 613 ἀρχὴν
2449 540 2672 594 ἀνέθετο
2726 539 2933 609 αὐτοῖς,
2994 541 3128 597 ἀλλά
3184 544 3314 614 μετά
3357 548 3553 606 τοσαῦτα
3589 557 3679 629 ἓτη;

2235 633 2456 706 Ἐπειδὴ
2493 633 2677 688 πολλοὶ
2729 633 2963 706 ὁρῶντες
2988 634 3114 700 τοὺς
3159 637 3295 710 ἀμφὶ
3323 640 3498 715 Πέτρον
3535 664 3681 718 συγχω-

2225 725 2456 797 ροῦντας
2489 726 2817 798 περιτομὴν,
2851 727 2941 782 τὸν
2962 727 3019 782 δὲ
3041 728 3243 782 Παῦλον
3277 731 3345 800 μὴ
3374 739 3682 809 συγχωροῦντα,

2223 815 2671 879 ἐσκανδαλίζοντο
2710 815 2786 880 ὡς
2837 817 3132 885 διαφωνίας
3170 819 3327 891 οὔσης
3371 825 3420 876 ὲν
3465 827 3527 897 τῷ
3566 833 3683 900 κηρύ.

2217 925 2412 978 γματι,
2444 909 2504 961 τὸ
2540 909 2763 979 Πνεῦμα
2791 908 2852 963 τὸ
2879 911 3036 980 ἅγιον
3056 912 3390 985 ἀπεκάλυψεν
3421 918 3542 990 αὐτῷ
3562 923 3684 992 τὴνέν

2234 996 2594 1068 Ἰερουσαλὴμ
2629 998 2836 1062 ἄνοδον,
2889 999 2977 1055 ἵνα
3025 1001 3311 1056 πεισθῶσιν
3336 1005 3381 1056 ol
3425 1010 3685 1078 σκανδαὶιζό-

2218 1105 2390 1160 μενοι,
2405 1090 2485 1144 ὅτι
2505 1090 2771 1160 διαφωνία
2791 1091 2892 1162 μὲν
2915 1092 3138 1164 οὐδεμία
3177 1096 3231 1149 ὲν
3251 1095 3322 1165 τῷ
3346 1099 3616 1170 κηρύγματι,
3634 1108 3683 1157 οἱ-

2215 1183 2443 1254 κονομία
2455 1183 2510 1238 δὲ
2540 1183 2742 1254 μᾶλλον
2766 1183 2859 1238 τοῦ
2880 1186 3276 1258 συγχωρεῖσθαι
3304 1193 3597 1263 περιτομήν.‹
3613 1195 3686 1250 Καὶ

2212 1275 2482 1350 ἀνεθέμην
2505 1279 2616 1342 τοῖς
2633 1277 2953 1344 ἀποστόλοις
2975 1278 3036 1332 τὸ
3053 1279 3389 1348 Εὖαγγέλιον.
3403 1300 3419 1333 ι
3436 1279 3552 1351 Οῖον,
3567 1287 3686 1340 Ἐκα-

2213 1369 2495 1441 νωσάμην,
2531 1368 2948 1427 συνεϐούλευσα.
2977 1388 2995 1421 ι
3023 1371 3088 1424 '0
3114 1388 3182 1441 κη
3194 1370 3379 1441 ρύσσω.
3416 1391 3434 1425 ι
3465 1376 3567 1445 Δίχα
3584 1395 3687 1449 περι.

2210 1462 2406 1533 τομῆς.
2433 1481 2450 1513 ι
2480 1463 2614 1516 Κατ’
2648 1461 2782 1516 ἰδίαν
2799 1462 2876 1516 δέ.
2903 1481 2922 1514 ι
2961 1462 3179 1532 Ἐπειδὴ
3214 1463 3262 1516 οῖ
3303 1462 3356 1529 ἐξ
3397 1463 3606 1519 Ἰουδαίων
3628 1487 3686 1523 πι-

2213 1556 2537 1622 στεύσαντες
2596 1559 2653 1610 ἐν
2716 1556 3076 1629 Ἰερουσαλὴμ
3127 1558 3542 1623 ἐσκανδαλίζοντο,
3575 1564 3613 1616 εί
3634 1583 3686 1627 τις

2213 1648 2514 1719 περιτομὴν
2534 1647 2754 1713 κωλύει,
2780 1649 2840 1701 τὸ
2868 1648 2924 1701 δὲ
2957 1648 3052 1702 τοῦ
3079 1648 3288 1702 Παύλου
3314 1651 3534 1721 κήρυγμα
3558 1653 3686 1724 ἀνῄρει

2210 1739 2401 1812 αὐτὴν,
2416 1740 2564 1804 ὅπως
2581 1741 2646 1794 αὖ
2655 1741 2774 1804 τοὺς
2794 1741 3249 1809 ἀσκανδαλίστους
3265 1745 3471 1814 τηρήσῃ,
3490 1744 3582 1797 κατ’
3596 1743 3686 1798 ἰδίαν

2216 1831 2399 1894 αὐτοῖς
2431 1830 2656 1884 ἀνέθετο
2689 1830 2751 1884 τδ
2794 1833 3079 1903 κήρυγμα.
3107 1860 3176 1870 --
3209 1829 3393 1904 [ΦΩΤ.]
3429 1834 3511 1886 Διά
3548 1835 3586 1886 τί
3608 1837 3686 1887 κατ’

2217 1923 2390 1991 ῖδίαν;
2427 1924 2547 1978 Ἷνα
2583 1925 2658 1996 μὴ
2690 1922 3001 1994 ἔμπροσθεν
3033 1925 3250 1978 πάντων
3274 1923 3486 1988 ἀναθεὶς,
3523 1925 3687 1979 σκανδα-

2214 2013 2347 2069 λίσω
2375 2019 2664 2086 νεοπαγεῖς
2717 2013 2880 2082 ὄντας
2909 2018 3029 2070 τότε
3057 2018 3183 2082 τοὺς
3230 2021 3291 2071 ὲκ
3326 2017 3594 2089 περιτομῆς,
3625 2022 3686 2072 καὶ

2213 2106 2517 2179 ἀποστῆναι
2550 2108 2750 2173 αὐτοὺς
2790 2111 3202 2182 παρασκευάσω
3228 2110 3389 2166 διόλου
3418 2113 3498 2181 τῆς
3520 2114 3686 2178 πίστεως

2214 2199 2308 2252 τοῦ
2337 2199 2598 2270 Χριστοῦ,
2628 2199 2723 2254 καὶ
2745 2201 2999 2257 ἀπολέσω
3025 2201 3120 2255 τὸν
3145 2203 3337 2276 δρόμον
3362 2222 3470 2274 μου,
3487 2206 3559 2258 καὶ
3580 2209 3684 2270 κενὸς

2215 2291 2401 2364 δειχθῇ
2437 2293 2464 2344 ό
2496 2291 2647 2362 ἀγών
2690 2311 2792 2364 μου
2829 2294 2924 2347 καὶ
2955 2295 2989 2362 ὴ
3016 2294 3222 2367 σπουδή
3255 2312 3368 2366 μου.
3399 2296 3500 2359 Πῶς
3516 2298 3596 2367 γὰρ
3617 2299 3682 2351 οὐκ

2215 2382 2331 2438 ἐστι
2371 2384 2526 2440 κενὸν
2555 2386 2771 2459 τρέχειν
2817 2389 2912 2442 καὶ
2946 2389 3343 2461 δεδραμηκέναι
3363 2431 3377 2455 ,
3408 2391 3513 2444 ὅταν
3545 2393 3682 2461 τρέχων

2216 2478 2302 2531 ἵνα
2354 2477 2548 2546 σώσω,
2603 2481 2826 2550 ἑτέρους
2877 2481 3042 2536 πάλιν
3100 2482 3191 2536 διὰ
3243 2483 3333 2554 τῆς
3371 2483 3681 2554 ἀπερισκέπτον

2215 2571 2506 2642 ἀκριϐείας
2564 2574 2860 2642 (incutiet);
2916 2575 3042 2640 Πῶς
3095 2575 3189 2630 οὖν
3241 2574 3363 2642 νῦν,
3408 2578 3485 2628 καὶ
3523 2574 3682 2645 δημοσία

2213 2661 2464 2732 ἐλέγχεα
2513 2664 2595 2742 ὅτι
2633 2667 2888 2738 προκοπὴ
2926 2661 3018 2738 ἦν,
3063 2666 3162 2720 καὶ
3191 2667 3270 2720 ὅτι
3297 2667 3383 2719 καὶ
3412 2665 3555 2736 δόγμα
3588 2664 3680 2725 τινὲς

2212 2753 2311 2826 τὴν
2337 2756 2654 2827 οἰκονομίαν
2695 2757 2939 2830 ἐτόλμων
2972 2760 3175 2813 ποιεῖν.
3208 2759 3276 2812 ’Ἠ
3301 2758 3376 2824 τὸ,
3401 2757 3473 2828 μή
3499 2773 3604 2820 πως,
3623 2755 3681 2807 δύ-

2213 2863 2371 2902 ναται
2401 2849 2496 2902 καὶ
2518 2850 2637 2902 κατ’
2662 2848 2931 2922 ἐρώτησιν
2955 2851 3234 2922 είρῆσθαι,
3254 2849 3325 2915 ὡς
3345 2847 3679 2904 διαδεὸαιωτικὸν

2212 2934 2272 2991 ὃν
2294 2937 2410 3002 τοῦ,
2433 2939 2514 2992 ὅτι
2531 2939 2630 2995 οὐκ
2648 2943 2728 3005 εἰς
2750 2941 2902 2995 κενὸν
2926 2941 3110 3012 τρέχω
3133 2941 3166 3014 ἤ
3191 2941 3422 3013 ἔδραμον,
3441 2941 3547 2994 ἀλλὰ
3566 2941 3680 2993 πάντα

2216 3028 2314 3084 σὺν
2336 3031 2610 3104 ἀσφαλείᾳ
2633 3033 2902 3105 ἔπραττον
2925 3034 3020 3088 καὶ
3048 3033 3298 3107 προνοίᾳ.
3324 3052 3342 3085 ι
3361 3033 3467 3097 Τοῖς
3488 3030 3676 3086 δοκοῦσι.»

524 3119 843 3193 (ιιιοηιοάο)ο
885 3123 1065 3189 Ροίθεῑ
1085 3131 1180 3186 Per
1207 3111 1697 3205 Ῐ¹¹ι⁰ττ⁰8³ίίοθῗηὶ
1726 3109 1932 3205 dmum
1965 3123 2108 3175 esse:
2137 3143 2181 3205 α
2215 3123 2310 3188 Τὸ,
2354 3143 2372 3176 t
2413 3124 2538 3188 Τοῖς
2562 3125 2836 3192 δοκοῦσιν,
2866 3145 2886 3180 ι
2918 3126 3020 3181 οὐκ
3045 3126 3389 3199 ἀναιροῦντός
3414 3126 3510 3178 ἐστι
3529 3118 3681 3176 τὸεῖναι

524 3225 786 3283 tanquam
821 3210 995 3280 magis
1019 3206 1462 3263 contirtnativutn
1498 3201 1641 3274 quod
1677 3215 1784 3255 non
1811 3198 1866 3253 in
1903 3214 2086 3252 vanun

2145 3198 2180 3205 v
2213 3216 2339 3280 τοὺς
2369 3215 2499 3288 περὶ
2551 3217 2760 3289 Πέτρον
2795 3217 3098 3290 μεγάλους,
3124 3198 3238 3272 ἀλλ’
3282 3218 3352 3282 ῶς
3379 3217 3435 3271 ἄν
3474 3233 3540 3279 τις
3571 3214 3678 3274 εἴποι,

524 3320 772 3369 curram,
845 3302 1048 3371 inquit,
1095 3309 1191 3353 aut
1239 3296 1564 3361 currebam,
1613 3293 1708 3350 scd
1756 3292 1939 3348 omnia
1985 3306 2107 3346 cum

524 3397 785 3453 ﬁrmitate
813 3410 877 3448 ac
907 3391 1255 3465 providentia
1286 3388 1578 3459 operabar.
1639 3407 1656 3440 t
1721 3385 1856 3441 Cum
1903 3385 1970 3440 iis
2015 3384 2108 3455 qui

523 3496 679 3545 erant
721 3489 776 3542 in
822 3486 1015 3556 pretio.
1055 3505 1072 3534 ι
1121 3481 1279 3549 Quod
1328 3480 1405 3534 ait
1435 3519 1449 3542 ,
1511 3498 1529 3530 ι
1562 3479 1664 3546 Qui
1711 3486 1868 3534 erant
1902 3477 1954 3531 in
1983 3491 2108 3547 pre-

525 3583 626 3648 tio,
667 3599 687 3633 ι
717 3596 825 3635 non
858 3590 941 3634 est
997 3579 1243 3631 tollentis
1273 3586 1367 3630 attt
1415 3576 1669 3646 negantis
1703 3573 1925 3628 Petrum
1949 3585 2110 3627 caete-

527 3686 731 3741 rosque
757 3687 879 3723 cum
906 3684 971 3724 eo
1001 3667 1282 3739 apostolos
1328 3681 1559 3735 magnos
1616 3666 1830 3732 fuisse;
1875 3665 1970 3720 sed
2025 3673 2112 3719 est

524 3760 693 3819 veluti
721 3762 766 3817 si
792 3760 917 3830 quis
937 3761 1119 3816 dicat:
1145 3758 1248 3825 Qui
1283 3753 1488 3828 aliquid
1519 3767 1699 3823 erant,
1736 3771 1927 3828 nempe
1949 3772 2110 3828 cory-

527 3853 690 3924 phaai.
715 3872 734 3905 ι
758 3851 898 3907 Nunt
918 3851 1192 3922 quomodo
1218 3851 1272 3904 in
1315 3864 1514 3904 vanum
1543 3864 1877 3904 currerent.»
1905 3846 2021 3904 Non
2052 3858 2114 3903 ut

525 3945 791 4002 discerem
820 3958 948 3998 num
980 3943 1253 4013 quomodo
1292 3941 1344 3995 in
1376 3955 1575 3994 vanum
1597 3955 1873 3994 currerent
1905 3947 1998 3993 aut
2016 3955 2113 3993 cu-

525 4038 820 4095 currissetn
839 4053 852 4091 :
873 4051 1131 4091 noveram
1150 4033 1294 4089 enim
1309 4049 1374 4087 ex
1399 4032 1723 4086 revelatione
1736 4021 1935 4085 Chris‘ti
1951 4029 2114 4084 certi-

531 4132 770 4186 tudinetn
807 4126 1211 4198 praedicationis
1237 4124 1437 4196 :726
1467 4125 1562 4178 scd
1613 4131 1670 4176 ttt
1700 4122 1975 4177 discerent
2018 4119 2109 4191 qui

529 4225 672 4278 inter
695 4236 781 4276 me
801 4230 854 4274 et
901 4221 1114 4274 Petrum
1147 4234 1270 4273 cunt
1310 4220 1522 4270 caeteris
1549 4214 1969 4284 suspicabantur
1989 4229 2112 4270 esse

527 4313 856 4378 dissidiutn,
875 4311 1147 4381 quodnon
1173 4312 1228 4364 in
1262 4325 1461 4362 vanum
1488 4323 1766 4361 currerent
1795 4315 1886 4360 aut
1912 4322 2113 4362 cucur-

527 4410 745 4462 risscm.
804 4423 823 4456 ι
855 4403 960 4458 Sed
1002 4417 1179 4472 neque
1205 4398 1363 4454 Titus
1396 4413 1605 4452 mecum
1635 4408 1774 4461 erat,
1803 4413 1926 4452 cum
1968 4405 2114 4452 esset

2210 3309 2323 3371 τοῖς
2352 3300 2475 3361 οὖσι
2529 3307 2608 3373 τὶ,
2657 3310 2771 3371 τοῖς
2814 3310 3162 3379 κορυφαίοις.
3201 3329 3218 3361 t
3251 3308 3336 3381 Μή
3366 3326 3465 3374 πως
3499 3309 3558 3370 εἰς
3581 3306 3680 3358 tavit

2211 3401 2413 3470 τρέχω.
2449 3417 2467 3451 ι
2504 3399 2580 3453 Οὐ
2610 3398 2719 3472 γὰρ
2751 3401 2837 3453 ἵνα
2879 3398 2990 3469 ἐγὼ
3036 3402 3221 3471 μάθω,
3255 3402 3324 3473 μή
3354 3417 3453 3462 πως
3487 3399 3548 3459 είς
3579 3395 3680 3450 γενόν

2211 3494 2411 3564 τρέχω.
2449 3493 2480 3564 ἢ
2516 3492 2751 3564 ἔδραμον
2800 3493 2974 3565 (ᾔδειν
3020 3493 3135 3564 γὰρ
3175 3497 3236 3548 ὲκ
3268 3495 3360 3564 τῆς
3389 3488 3680 3556 ἀποκαλύψεως

2213 3583 2310 3638 τοῦ
2341 3584 2605 3655 Χριστοῦ,
2639 3584 2736 3656 τὴν
2764 3585 3052 3653 ἀκρίϐειαν
3089 3585 3180 3640 τοῦ
3212 3581 3571 3658 κηρύγματος)ο
3605 3577 3678 3632 ἀλλ’

2213 3674 2301 3727 ῖνα
2339 3674 2584 3744 μάθωσιν
2613 3675 2663 3727 oi
2715 3673 3124 3738 διαστασιάζειν
3167 3693 3234 3746 με
3287 3677 3389 3737 τοῖς
3419 3670 3678 3743 περὶΠὲτρην

2215 3763 2592 3829 ὑπονοοῦντες,
2633 3765 2714 3818 ὅτι
2743 3767 2842 3819 οὐκ
2893 3767 2975 3828 εἰς
3026 3767 3187 3821 κενὸν
3232 3766 3398 3837 τρέχω
3432 3765 3460 3837 ἢ
3502 3763 3678 3833 ἔδραμον.

2221 3874 2238 3907 ι
2277 3854 2414 3910 Ἀλλ’
2449 3857 2571 3909 οὐδὲ
2606 3858 2764 3920 Τίτος
2805 3860 2834 3912 ό
2876 3860 2974 3912 σὺν
3019 3862 3145 3930 ἐμοὶ
3166 3861 3356 3930 Ἕλλην
3381 3858 3461 3912 ῶν.
3493 3875 3508 3908 ι
3545 3855 3587 3907 '0
3619 3852 3679 3904 σὺν

2214 3948 2358 4016 ἐμοὶ,
2385 3949 2570 4016 φησὶν,
2601 3948 2838 4003 ἀνελθὼν
2883 3953 2960 4014 εἰς
3007 3951 3349 4023 Ἰεροσόλυμα
3385 3949 3679 4017 Ἐλληητοντ-

2215 4035 2391 4102 ἐστιν,
2423 4038 2781 4108 ἀκρόϐυστοε.
2831 4039 3141 4114 Τοιγαροῦν
3173 4043 3476 4114 ἀκροϐυστος
3512 4038 3586 4100 ὢν,
3617 4033 3679 4086 οὒκ

2214 4127 2540 4198 ἠναγκάσθη
2564 4128 2716 4201 παρὰ
2737 4131 2847 4184 τῶν
2874 4133 3190 4186 ἀποστόλων
3212 4131 3572 4203 περιτμηθῆναι,
3592 4126 3678 4189 ὅπερ

2217 4217 2436 4289 ἐλεγχος
2467 4215 2557 4291 ἦν,
2591 4222 2725 4292 μηδὲ
2756 4224 2884 4287 τοὺς
2918 4225 3046 4294 περὶ
3081 4225 3285 4296 Πέτρον
3313 4223 3560 4294 κηρύσσειν
3577 4231 3678 4284 περι·

2215 4309 2409 4380 τομὴν,
2442 4311 2531 4364 διὰ
2559 4311 2615 4364 δὲ
2647 4314 3056 4381 συγκατάσασιν
3091 4317 3197 4369 τῶν
3224 4317 3281 4380 ἐξ
3319 4303 3676 4386 ’1σραὴλπιστῶν.

2221 4404 2526 4474 συγχωρεῖν
2563 4402 2663 4474 τὴν
2689 4407 3016 4476 περιτομήν.
3043 4437 3117 4447 -
3145 4410 3386 4471 Ἄλλως.
3419 4398 3574 4476 [oon]
3595 4395 3678 4449 οὐδὲ

524 4497 802 4554 Graecus.»
843 4494 946 4560 Qui
978 4509 1189 4549 mecum
1212 4491 1530 4547 ascenderat
1556 4490 2005 4561 Hierosolymam,
2027 4490 2086 4542 in

2139 4505 2192 4563 ι)
2221 4494 2403 4558 Τίτον,
2468 4497 2624 4566 φησι,
2673 4497 2850 4551 καίτοι
2911 4499 3167 4570 ἐπίδηλον
3209 4501 3333 4554 ὄντα
3364 4498 3415 4562 ἐξ
3454 4486 3678 4560 Ἑλληνικῆς

527 4591 670 4659 quit,
691 4586 938 4651 Graecus,
964 4587 1016 4641 id
1035 4595 1136 4650 est,
1159 4586 1543 4638 circumcisus.
1573 4583 1742 4655 Igitur
1763 4597 1884 4638 cum
1901 4597 2115 4652 praepu-

530 4683 701 4736 tiatus
716 4689 886 4745 esset,
906 4693 1010 4731 non
1031 4688 1115 4734 est
1135 4675 1206 4731 ab
1227 4677 1490 4747 apostolis
1509 4687 1732 4731 coactus
1751 4675 2072 4729 circumcidi
2094 4693 2108 4730 :

528 4772 675 4843 quod
701 4779 1082 4842 argumentum
1109 4779 1230 4826 erat
1263 4784 1442 4841 neque
1464 4767 1687 4824 Petrum
1719 4781 1844 4822 cutn
1900 4767 2112 4822 caeteris

526 4864 827 4934 praedicare
843 4862 1344 4926 circumcisionem,
1377 4861 1471 4916 sed
1515 4866 1739 4930 propter
1773 4861 2114 4914 condescen-

529 4955 745 5009 sionem
774 4955 1152 5009 lsraelitarum
1186 4952 1430 5008 ﬁdelium
1460 4951 1764 5006 concedere
1817 4949 2112 5006 circumci-

528 5050 761 5104 sionem.
797 5046 1009 5100 -Alio
1058 5046 1237 5102 modo.
1273 5044 1462 5116 Neque
1507 5045 1715 5111 Titum,
1749 5045 1951 5114 inquit,
1987 5045 2112 5098 licet

529 5135 884 5204 manifestum
931 5147 1080 5193 esset
1116 5137 1309 5195 Graeco
1345 5147 1533 5193 natum
1556 5153 1679 5193 esse
1737 5139 1966 5201 semine,
1999 5137 2110 5192 ullo

529 5230 690 5285 modo
715 5228 1098 5298 compulerunt
1127 5229 1362 5300 apostoli
1399 5229 1745 5296 circumcidi,
1789 5244 2108 5300 quanquam

527 5329 828 5392 praesentes
890 5318 1142 5374 viderent
1187 5319 1357 5376 falsos
1422 5321 1642 5377 fratres.
1702 5321 1837 5378 Natu
1887 5338 1916 5376 a
1959 5338 2113 5379 eom-

525 5414 684 5472 muni
742 5429 908 5492 sensu
969 5427 1188 5468 rursum
1240 5413 1750 5485 snhintclligendum
1783 5425 1911 5472 est:
1950 5435 1970 5469 ι
2002 5416 2108 5472 Sed

527 5525 724 5577 neque,
765 5527 784 5558 ι
818 5495 874 5561 ut
899 5505 973 5584 sit
1030 5519 1229 5574 sensus
1263 5505 1408 5560 :Sed
1456 5522 1634 5574 neque
1677 5508 1834 5563 Titus
1875 5509 2110 5579 compul-

525 5615 621 5655 sus
699 5599 803 5653 fuit
865 5597 1238 5664 circumcidi,
1275 5611 1456 5665 neque
1510 5607 1731 5667 propter
1781 5599 1957 5654 obiter
2019 5599 2107 5653 in-

525 5709 748 5762 gressos
824 5694 991 5750 falsos
1061 5692 1285 5749 fratres.
1345 5688 1488 5756 Quid
1536 5692 1728 5761 ergo?
1779 5692 1960 5757 Quare
2009 5692 2105 5745 Ti-

527 5786 806 5839 ιιιοιιιειιιιι
876 5785 1264 5854 circumcidit,
1321 5783 1367 5840 si
1433 5791 1701 5838 rattoncm
1767 5797 1877 5838 non
1947 5783 2109 5837 habet

2221 4589 2429 4656 σπορᾶς
2453 4590 2846 4660 γεγενημένον,
2879 4593 3000 4646 οὐδὲ
3028 4593 3220 4647 τοῦτον
3246 4594 3520 4663 ἠνάγκασαν
3536 4585 3571 4636 oi
3594 4577 3680 4633 ἀπό·

2219 4679 2396 4733 στολοι
2427 4683 2858 4754 περιτμηθῆναι,
2884 4686 3062 4739 καίτοι
3135 4687 3396 4757 παρόντας
3423 4679 3600 4751 ὁρῶντες
3619 4666 3678 4721 καὶ

2215 4775 2342 4836 τοὺς
2366 4774 2790 4846 ψευδαδέλφους.
2824 4779 2899 4832 Τὸ
2927 4780 3056 4850 γάρ,
3094 4798 3113 4832 t
3137 4780 3271 4834 Ἀλλ’
3298 4778 3423 4840 οὐδὲ,
3455 4795 3472 4827 ι
3507 4768 3586 4825 ἀπὸ
3605 4779 3678 4850 κοί·

2215 4862 2308 4918 νοῦ
2359 4864 2684 4936 ἑκληπτὲον,
2713 4859 2845 4931 οἷον,
2911 4849 3053 4921 Ἀλλ’
3096 4867 3216 4921 οὐδὲ
3250 4867 3396 4926 Τίτος
3429 4849 3675 4930 ἠναγκάσθη·

2215 4956 2372 5024 φησὶν
2425 4957 2853 5029 περιτμηθῆναι.
2907 4959 3045 5013 Οὐδὲ
3083 4960 3172 5014 διά
3209 4959 3328 5020 τοὺς
3376 4949 3676 5022 metatum;

2212 5045 2634 5118 ψευδαδέλφους.
2672 5050 2737 5103 'l‘t
2777 5051 2900 5118 oov;
2925 5053 3026 5107 Διά
3053 5053 3107 5106 τί
3132 5048 3222 5108 τὸν
3256 5049 3484 5120 Τιμόθεον
3509 5037 3677 5120 περιέτεέ

2216 5157 2338 5210 μεν,
2377 5143 2427 5194 εἰ
2481 5142 2640 5211 λόγον
2680 5145 2742 5198 οὐ
2784 5146 3018 5200 ποιεῖται
3064 5145 3173 5198 τῶν
3215 5119 3570 5213 ψευδαδέλφωνς
3596 5119 3676 5178 οὗθ’

2212 5234 2419 5290 ἐκεῖνον
2440 5234 2528 5289 διὰ
2553 5237 2777 5301 τούτους
2812 5237 3126 5308 περιέτεμε,
3150 5238 3222 5306 μὴ
3252 5231 3463 5304 γένοιτοι
3503 5217 3675 5278 ’Δλῖῖνα

2213 5324 2453 5396 κερδήσῃ
2501 5328 2628 5392 τοὺς
2673 5328 2742 5382 δι’
2777 5329 3078 5397 ⁸ἀσθένειαν
3132 5325 3392 5397 λογισμῶν
3423 5308 3674 5374 σκανδαλιζο-

2216 5417 2430 5487 μένους.
2460 5419 2586 5482 Τοῖς
2622 5422 2720 5490 μὲν
2747 5421 2858 5492 γὰρ
2886 5422 3193 5485 ἀσθενοῦσι,
3229 5422 3307 5474 δεῖ
3333 5406 3676 5484 συγκαταϐαίνειν

2213 5511 2305 5561 ἐπὶ
2337 5510 2604 5583 θεραπεία
2645 5515 2850 5585 πραείᾳ
2888 5517 2984 5569 τοῦ
3014 5516 3443 5587 ἀρρωστήματος,
3472 5506 3557 5564 τοῖς
3583 5495 3675 5587 δ’ἐξ

2212 5604 2550 5674 κακουργίας
2599 5582 2701 5660 καί
2730 5582 2972 5680 πονηρᾶς
3007 5582 3233 5679 risimus
3257 5582 3564 5675 ’ὁρμωμένοις
3593 5582 3674 5641 θθδδ

2211 5695 2271 5745 τὸ
2298 5695 2577 5764 ἐλάχιστον
2605 5699 2874 5757 ὑπείκειν.
2908 5698 3066 5758 Οὗτοι
3100 5703 3229 5771 γὰρ,
3253 5701 3312 5754 οὐ
3350 5697 3486 5766 μόνον
3509 5689 3556 5744 οὐ
3577 5683 3674 5776 δέοις

2212 5803 2303 5838 ται
2355 5787 2672 5859 θεραπείας,
2715 5794 3023 5865 κρείττονος
3061 5795 3277 5865 ἁπάσης
3333 5782 3574 5858 θεραπείας
3609 5785 3670 5824 του
