3956 6548
200 507 347 574 1105
1192 507 1580 568 COMMENT.
1626 506 1704 566 IN
1736 509 1813 568 El

1920 512 1981 569 1‘.
2027 513 2124 570 AD
2151 511 2421 572 GALAT.
3339 499 3479 566 1106

193 619 406 682 πάθους
428 618 610 680 αὐτοῖς
629 615 1092 688 ὲνστηριχθέντος,
1113 613 1248 668 ἀλλὰ
1277 615 1368 668 καὶ
1407 615 1532 679 τοὺς
1571 614 1799 684 πλησίον

1920 617 2165 671 'alsorum
2196 617 2474 673 fratrum?
2530 617 2716 689 Neque
2749 617 2901 674 illum
2929 621 3151 688 propter
3197 612 3346 680 ipsos
3370 610 3482 666 cir-

191 708 422 781 ζητοῦσι
443 709 543 780 τῆς
569 709 775 774 οἰκείας
793 708 948 762 νόσου
973 707 1301 779 ἀναπλῆσαι.
1321 705 1430 774 Διὸ,
1462 707 1626 761 ιΟύδὲ
1659 709 1793 779 πρὸς

1920 711 2188 766 :nmcidit.
2242 710 2480 767 Minime.
2537 711 2640 767 Sed
2706 719 2765 766 ut
2824 710 2948 766 illos
3003 707 3349 764 lucrifacerct
3388 702 3482 774 qui

193 805 350 877 ὤραν
369 806 553 869 αὐτοῖς
583 804 824 875 εἴξαμεν,
843 801 936 857 καὶ
951 804 978 858 ό
1000 801 1144 867 θεῖος
1177 800 1536 871 ἀποφαίνεται
1553 801 1784 864 Παῦλος.

1920 799 2216 859 nﬁrmitate
2263 802 2702 860 oﬂendebanlur.
2739 803 2977 860 lttlirmis
3028 800 3302 872 siquidem
3349 812 3484 853 con-

197 904 533 962 descendere
561 910 776 973 oportet
804 900 858 956 in
908 898 1026 954 miti
1064 897 1277 956 medela
1325 897 1664 968 aegritudinis
1697 915 1711 952 z
1753 896 1840 952 bis
1881 912 2008 954 vero
2038 899 2132 969 qui
2171 914 2236 955 ex
2267 899 2410 956 malo
2437 911 2637 957 conatu
2665 915 2942 971 pravaque
2969 908 3151 955 mente
3178 913 3292 953 rem
3327 893 3486 950 insti-

199 1009 393 1068 tuunt,
426 1015 495 1056 ne
538 1000 595 1054 in
647 997 877 1053 minimo
919 995 1139 1067 quidem
1167 994 1383 1050 cedere.
1418 993 1556 1049 Nam
1588 993 1642 1048 hi
1676 1009 1784 1049 non
1839 995 2016 1049 solum
2075 993 2342 1052 medelam
2402 1011 2512 1052 non
2543 1005 2807 1067 expetunt
2837 1011 2964 1052 cum
3004 994 3179 1066 magis
3222 994 3278 1048 in
3337 989 3484 1046 malo

202 1099 456 1152 firmatus
487 1095 556 1151 sit
583 1094 720 1165 ipsis
770 1093 999 1149 affectus
1039 1105 1203 1162 quam
1255 1099 1316 1145 ut
1351 1090 1514 1145 ullam
1550 1090 1805 1145 admittat
1863 1105 2054 1146 curam
2085 1130 2100 1156 ,
2134 1107 2322 1146 verum
2373 1092 2536 1148 etiam
2577 1094 2858 1162 proximos
2888 1093 3112 1163 cupiunt
3135 1089 3356 1161 proprio
3401 1101 3485 1141 re-

199 1189 355 1260 plere
391 1187 604 1243 morbo.
638 1185 789 1250 ideo,
829 1183 938 1240 «Ne
968 1183 1037 1239 ad
1079 1184 1270 1239 horam
1295 1181 1516 1250 quidem
1542 1181 1813 1237 cessimus
1851 1182 2020 1254 ipsis;
2045 1202 2067 1236 ι
2101 1191 2156 1238 et
2182 1185 2512 1240 sententiam
2546 1185 2687 1240 hanc
2737 1184 2980 1256 loquitur
3035 1183 3194 1238 divus
3255 1182 3481 1236 Paulus-

275 1278 381 1334 Διὰ
434 1278 504 1332 δὲ
555 1277 699 1344 τοὺς
732 1273 1176 1345 παρεισάκτους
1215 1273 1684 1345 ψευδαδέλφους
1713 1275 1798 1328 οἵ·-

1980 1275 2049 1342 ll,
2080 1275 2138 1343 4,
2185 1277 2235 1332 5.
2271 1275 2378 1332 Sed
2402 1287 2618 1348 propter
2646 1278 2815 1333 obiter
2837 1280 3101 1350 ingressos
3152 1276 3316 1346 falsos
3369 1277 3484 1346 fra-

205 1388 371 1436 τινες
409 1369 826 1436 παρεισῆλθον
869 1363 1339 1434 κατασκοπῆσαι
1393 1366 1510 1432 τὴν
1559 1367 1798 1420 ἐλευθε-

1924 1387 2028 1432 res,
2065 1370 2156 1441 qui
2202 1370 2626 1426 subintroierant
2660 1373 2729 1426 ad
2751 1371 3140 1442 explorandam
3185 1370 3483 1424 libertate»:

199 1464 347 1530 ρίαν
386 1461 576 1531 ἡμῶν,
637 1460 717 1529 ἢν
758 1460 981 1530 ἔχομεν
1015 1458 1088 1513 ἐν
1146 1455 1379 1526 Χριστῷ
1429 1457 1653 1526 Ἰησοῦ,
1696 1457 1798 1510 ἵνα

1920 1473 2161 1524 rostrum,
2207 1481 2367 1535 quam
2403 1465 2658 1519 habemus
2692 1467 2744 1519 in
2796 1463 3008 1519 Christo
3059 1464 3209 1526 Jesu,
3247 1481 3350 1536 quo
3390 1481 3482 1516 nos

205 1553 365 1622 ἡμᾶς
424 1551 1040 1614 καταδουλώσωνται,
1079 1543 1169 1615 οἷς
1229 1548 1374 1604 οὐδὲ
1423 1551 1575 1618 πρὸς
1638 1549 1791 1618 ὥραν

1923 1570 1957 1606 ιι
1997 1555 2302 1610 servitutem
2332 1556 2626 1625 adigerent.
2667 1556 2906 1622 Quorum
2941 1573 3003 1609 ne
3032 1555 3101 1608 ad
3134 1557 3319 1607 horam
3377 1554 3487 1624 qui-

203 1645 456 1715 εἷξαμεν
481 1644 556 1713 τῇ
579 1643 879 1713 ὑποταγῇ,
913 1645 1015 1699 ἵνα
1047 1646 1086 1714 ἠ
1116 1642 1369 1712 ἀλήθεια
1398 1641 1507 1696 τοῦ
1530 1643 1794 1712 Etiams-

1920 1643 2022 1698 ient
2047 1647 2300 1700 cessimus
2337 1647 2754 1716 subjectioni,ttt
2808 1648 3000 1702 veritus
3053 1645 3329 1716 Evangelii
3371 1660 3488 1713 per-

204 1740 350 1793 .liov
374 1737 652 1807 διαμείνῃ
681 1736 831 1805 πρὸς
860 1735 1038 1807 ὑμᾶς.

1920 1746 2133 1791 naneret
2172 1740 2311 1804 apud
2341 1756 2449 1792 vos.

279 1831 419 1886 Οὐδὲ
457 1829 644 1898 ἐπειδὴ
679 1829 729 1882 oi
750 1827 1106 1899 ψευδάδελφοι
1139 1827 1417 1899 παρῆσαν,
1443 1827 1628 1898 φησὶν,
1663 1828 1798 1897 ἠνά-

1966 1828 2154 1897 Νυίιιιεε
2201 1847 2266 1884 eo
2332 1831 2483 1900 quod
2531 1831 2786 1887 adessent
2851 1831 2970 1887 falsi
3014 1831 3233 1894 fratres,
3289 1829 3342 1884 id
3381 1835 3488 1894 est,

206 1939 425 1991 γκασαν
470 1923 520 1977 oi
563 1921 850 1976 ἀπόστολοι
877 1923 1040 1976 Τίτον
1071 1921 1504 1993 περιτμηθῆναι,
1544 1921 1684 1990 ὅπερ
1722 1915 1789 1990 ἦν

212 2015 406 2034 φονου.-.
473 2010 564 2034 ___~_
605 2011 674 2034 ut
726 2011 1039 2034 _-_--n-__’_.
1089 2012 1216 2034 --μ
1275 2010 1409 2034 Lm!
1468 2009 1799 2034 "1---.._-_-.

1920 1920 2017 1974 icti
2062 1921 2381 1986 Christiani,
2436 1923 2824 1991 compulerunt
2882 1923 3116 1992 apostoli
3151 1921 3334 1977 Titum
3385 1921 3490 1974 cir-

2212 2031 2302 2034 ,___
2335 2016 2348 2034 .
2652 2023 2754 2034 μ-.
2987 2031 2998 2034 ,
3059 2030 3169 2034 ,_
3212 2014 3321 2034 ῃ.-
3380 2027 3484 2034 ,η

205 2015 430 2083 δεῖγμα,
471 2010 566 2066 τοῦ
601 2011 678 2083 μὴ
726 2011 1040 2082 νομοθετεῖν
1087 2012 1217 2075 τοὺς
1269 2010 1415 2081 ἀμφὶ
1468 2009 1672 2078 Πέτρον
1699 2011 1799 2078 τὴν

211 2106 545 2176 περιτομήν.
601 2103 972 2173 Ψευδάδελφοι
1001 2103 1057 2157 δὲ
1089 2097 1230 2174 ἦσάν
1273 2118 1420 2165 τινες
1453 2102 1512 2156 ὲν
1559 2102 1798 2171 σχήματι

207 2197 465 2266 ἀδελφῶν
504 2197 871 2266 Χριστιανῶν,
912 2196 1217 2267 περιτομὴν
1262 2193 1653 2266 κηρύσσοντες,
1703 2194 1802 2264 οὐχ

211 2289 293 2352 ὡς
322 2290 370 2342 oi
410 2289 542 2358 περὶ
590 2289 818 2358 Πέτρον,
849 2288 937 2342 διὰ
997 2286 1409 2356 συγωτάόασιν
1457 2285 1553 2341 καὶ
1597 2287 1805 2338 οἰκονο-

216 2381 374 2452 μίαν,
416 2379 529 2434 ἀλλ’
556 2379 632 2442 ὡς
668 2378 833 2448 νόμον
862 2378 1204 2445 ἐκδικοῦντες
1235 2379 1296 2432 τὸ
1330 2381 1587 2449 πρᾶγμα.
1610 2377 1721 2432 Καὶ
1754 2378 1804 2431 oi

217 2473 323 2542 μὲν
353 2469 664 2532 ἀπόστολοι,
693 2470 824 2540 παρ’
865 2470 1140 2531 Ἰουδαίοις
1161 2468 1321 2524 τοῦτο
1361 2469 1520 2540 μόνον
1565 2466 1804 2537 συνεχώ-

219 2582 376 2634 ρουν,
410 2565 606 2618 ἐκεῖνοι
635 2562 694 2616 δὲ
719 2563 814 2617 καὶ⁴
836 2563 895 2615 ὲν
923 2565 1038 2626 τοῖς
1064 2561 1241 2617 ἔθνεσι
1271 2562 1577 2634 περιτομὴν
1612 2562 1806 2626 ἐνομο-

211 2658 432 2712 θέτουν.
476 2649 636 2710 Οὗτοι
669 2655 778 2727 γάρ
805 2649 949 2726 ἦσαν
981 2655 1031 2707 oi
1062 2653 1306 2717 Γαλάτας
1335 2651 1802 2721 διαθορυϐοῦντες.

211 2746 357 2801 Οὐδὲ
383 2746 561 2801 αὐτῶν
585 2745 700 2808 οὖν,
732 2747 893 2815 φησι,
953 2744 1261 2818 παρόντων,
1314 2739 1395 2806 οἷς
1445 2743 1604 2815 ἔργον
1655 2759 1809 2812 περι-

213 2841 396 2910 τομὴν
447 2839 762 2909 κηρύσσειν,
793 2835 1116 2911 ἠναγκάσθη
1179 2837 1336 2901 Τίτος
1379 2835 1805 2908 περιτμηθῆναι.

222 2951 242 2985 ι
271 2932 482 2996 Οἴτινες
542 2929 926 3003 παρεισῆλθον.
963 2949 982 2982 ι
1015 2930 1081 2984 Οἱ
1108 2929 1488 3001 ψευδάδελφοι,
1523 2929 1679 2999 φησὶ,
1714 2927 1810 2982 λα-

215 3025 432 3098 θραίως
461 3023 890 3095 παρεισέδυσαν,
925 3024 1350 3094 κατασκοπῆσαι
1391 3021 1548 3094 ἡμῶν
1585 3021 1814 3091 ζητοῦν-

215 3134 317 3180 τες
343 3116 446 3189 τὴν
490 3117 548 3170 ὲν
589 3114 812 3188 Χριστῷ
844 3115 1185 3188 ἐλευθερίαν,
1219 3115 1307 3169 ἴνα
1336 3115 1486 3185 ἡμᾶς
1525 3117 1693 3170 πάλιν
1733 3114 1812 3184 τῷ

218 3207 377 3279 ζυγῷ
423 3208 518 3261 τοῦ
565 3207 734 3273 νόμου
777 3205 1114 3266 ὑποθάλωσι,
1163 3206 1258 3260 καὶ
1303 3207 1430 3271 ταῖς
1488 3207 1812 3272 Ἰουδαῖκαῖς

1903 2013 2162 2078 cumcidi,
2204 2016 2349 2084 quod
2396 2015 2612 2084 signum
2643 2023 2760 2070 erat
2785 2015 3003 2069 Petrum
3051 2030 3176 2069 cum
3208 2014 3324 2070 suis
3380 2027 3488 2067 non

1903 2108 2122 2161 sancire
2152 2106 2660 2162 circumcisionem.
2693 2107 2840 2162 Falsi
2875 2115 3057 2162 autem
3110 2105 3312 2161 fratres
3329 2113 3490 2160 erant

1904 2197 2126 2267 quidam
2183 2197 2238 2252 in
2269 2199 2458 2254 habitu
2504 2198 2735 2255 fratrum
2769 2201 2884 2255 sive
2910 2199 3354 2254 Christianorum
3382 2197 3492 2253 cir-

1906 2289 2688 2361 cumcisionemprzedicautes
2721 2309 2737 2346 :
2769 2307 2877 2346 non
2933 2292 3078 2347 sicut
3134 2291 3330 2346 Petrus
3360 2305 3488 2345 cum

1906 2381 2120 2438 czeteris
2168 2391 2390 2452 pr0pter
2463 2383 2991 2440 condescensionem
3073 2394 3128 2440 et
3196 2383 3488 2453 quamdam

1908 2475 2404 2544 dispensationem,
2467 2476 2562 2530 sed
2619 2491 2732 2532 rem
2791 2485 3053 2546 tauquam
3085 2477 3256 2545 legem
3291 2474 3488 2530 defen-

1909 2567 2119 2621 dentes.
2153 2566 2319 2636 727
2370 2565 2431 2620 Et
2463 2568 2696 2638 apostoli
2721 2568 2939 2638 quidem
2964 2567 3109 2638 apud
3139 2565 3356 2622 Judmos
3389 2567 3494 2621 hoc

1910 2659 2088 2715 solum
2125 2659 2536 2729 permittebant,
2594 2660 2668 2715 illi
2705 2675 2835 2718 vero
2867 2661 3009 2716 inter
3045 2671 3235 2734 gentes
3277 2676 3496 2730 quoque

1909 2751 2390 2808 circumcisionem
2420 2752 2537 2821 lege
2563 2753 2882 2810 statuebant
2913 2771 2928 2820 ;
2959 2754 3012 2807 hi
3048 2753 3196 2808 enim
3220 2763 3378 2809 erant
3398 2752 3494 2820 qui

1911 2843 2132 2898 Galatas
2183 2843 2497 2897 turbabant.
2533 2843 2722 2915 Neque
2745 2846 2829 2900 his
2861 2841 3050 2915 igitur
3103 2844 3498 2914 prmsentibus,

1913 2935 2114 3005 inquit,
2149 2951 2382 3006 quorum
2417 2935 2655 2992 cilicium
2693 2944 2812 2992 erat
2849 2937 3326 2993 circumcisionem
3366 2951 3503 3004 pra:-

1913 3025 2122 3090 dicare,
2153 3026 2475 3096 compulsus
2503 3025 2606 3081 fuit
2629 3025 2786 3083 Titus
2805 3027 3152 3082 circumcidi.
3181 3045 3199 3078 ι
3230 3025 3332 3092 Qui
3360 3027 3494 3081 sub;

1916 3118 2268 3176 introierant.
2312 3137 2331 3171 ι
2390 3117 2560 3186 Falsi,
2593 3119 2792 3190 inquit,
2830 3119 3052 3183 fratres,
3081 3119 3222 3174 clam
3259 3119 3497 3190 irrepse-

1916 3221 2042 3268 rant
2072 3211 2364 3282 explorare
2382 3220 2692 3284 quaerentes
2723 3222 2970 3268 nostram
2991 3211 3049 3266 in
3077 3211 3298 3266 Christo
3330 3210 3496 3265 liber-

218 3299 671 3371 παρατηρήσεσι.
702 3299 776 3354 Τὸ
801 3299 912 3370 γὰρ
947 3298 1020 3370 μὴ
1043 3297 1258 3362 τούτοις
1292 3299 1638 3367 ὑποκεῖσθαι,
1660 3301 1812 3354 ἐλευ-

1920 3313 2108 3370 tatem,
2177 3314 2236 3360 ut
2285 3321 2386 3362 nos
2460 3321 2679 3361 rursum
2725 3307 2858 3376 jugo
2903 3305 3036 3375 legis
3090 3303 3388 3360 subderent
3431 3317 3496 3356 ac

217 3392 416 3464 θερίαν
445 3391 613 3461 λέγει.
641 3392 784 3463 Ὅρα
807 3390 866 3445 δὲ
892 3390 1008 3454 πῶς
1037 3388 1238 3457 ἔδειξεν
1263 3387 1461 3452 αὐτοὺς
1491 3389 1810 3461 πολεμίους,

219 3486 322 3539 καὶ
366 3484 461 3537 ἐπὶ
495 3483 647 3556 λύμῃ
677 3483 779 3553 τῆς
827 3483 1066 3546 πίστεως
1119 3479 1556 3550 εἰσεληλυθότας,
1596 3481 1815 3551 πρῶτον

218 3576 303 3648 τῷ
339 3578 538 3642 εἰπεῖν,
576 3594 595 3628 ι
619 3574 1046 3647 παρεισῆλθον,ι
1083 3574 1184 3642 τὴν
1219 3572 1481 3643 λαθραίαν
1512 3573 1691 3627 αὐτῶν
1721 3575 1817 3628 καὶ

222 3668 518 3724 ὲπίὸουλον
555 3667 763 3722 εἴσοδον
817 3665 1017 3739 δηλῶν,
1065 3665 1161 3724 καὶ
1207 3664 1286 3736 τῷ
1332 3666 1532 3734 εῑπεῖν,
1579 3683 1600 3719 ε
1631 3667 1819 3720 Κατα-

223 3765 526 3834 σκοπῆσαι.
557 3781 576 3815 ι
600 3761 660 3816 Ὀ
683 3761 794 3834 γὰρ
827 3758 1218 3824 κατασκοπῶν,
1245 3757 1341 3814 ἐπὶ
1378 3759 1551 3831 βλάϐῃ
1575 3762 1667 3814 καὶ
1699 3761 1818 3814 ἐπιε-

225 3857 393 3928 ὅουλῇ
443 3855 801 3910 κατασκοπεῐ.
857 3853 966 3908 Καὶ
989 3892 1008 3917 ,
1058 3869 1078 3904 t
1138 3851 1257 3906 Ἵνα
1324 3852 1472 3922 ἡμᾶς
1545 3850 1813 3905 καταδου-

226 3949 530 4014 λώσωνται,
563 3967 583 4002 ι
618 3946 803 4018 φησιν.
846 3947 909 4000 Oi
959 3944 1060 4014 μὲν
1105 3943 1212 4014 γὰρ
1242 3944 1389 4013 ἀμφὶ
1437 3943 1642 4014 Πέτρον
1692 3959 1818 3996 συν-

230 4042 474 4114 εχὼρουν
496 4043 594 4112 τὴν
629 4040 955 4112 περιτομὴν,
975 4037 1062 4091 ῐνα
1085 4037 1227 4092 κατά
1251 4037 1446 4108 μικρὸν
1472 4034 1818 4104 ὑποκλέψωσι

232 4133 337 4203 τῆς
368 4131 610 4195 δουλείας
633 4130 730 4184 τοῦ
758 4129 925 4201 νόμον
945 4146 960 4161 ο
996 4123 1142 4184 οὗτοι
1166 4128 1244 4182 δὲ.
1272 4127 1362 4182 ἵνα
1395 4125 1820 4182 καταδουλώσω-

233 4241 340 4278 σιν.
372 4243 391 4276 ι
419 4217 516 4288 Οἷς
541 4221 663 4276 οὐδὲ
706 4221 842 4293 πρὸς
871 4220 1024 4292 ὥραν
1049 4219 1292 4291 εῐξαμεν.
1325 4237 1344 4272 ι
1379 4217 1478 4273 Διά
1506 4217 1692 4292 τοῦτο,
1715 4235 1818 4288 φη-

238 4322 346 4382 σιν,
376 4319 478 4373 οὐκ
509 4319 734 4390 εἴξαμεν
768 4317 950 4372 αὐτῶν
985 4320 1052 4389 τῇ
1100 4318 1371 4388 ὑποταγῇ,
1406 4316 1494 4369 ἵνα
1522 4315 1558 4385 ἡ
1587 4313 1820 4386 ἀλήθεια

231 4412 327 4466 τοῦ
360 4411 729 4484 κηρυχθέντος
761 4411 894 4482 παρ’
920 4410 1056 4479 ἐμοῦ
1101 4409 1237 4480 πρὸς
1271 4407 1418 4477 ὑμᾶς
1456 4405 1817 4474 Εὑαγγελίου,

237 4502 400 4576 μείνῃ
423 4502 718 4566 ἀσάλευτος
751 4501 846 4556 καὶ
870 4499 1084 4569 βεϐαία.
1103 4499 1200 4564 Τίς
1221 4499 1279 4553 δὲ
1305 4501 1338 4568 ἡ
1365 4497 1594 4569 ἀλήθεια
1613 4495 1816 4561 aia-:06;

239 4613 259 4647 ι
299 4595 381 4648 Τά
407 4595 608 4665 ἀρχαῖα
653 4592 924 4664 παρῆλθε,
957 4592 1052 4647 καὶ
1089 4591 1146 4645 et
1170 4607 1252 4654 τις
1300 4591 1359 4644 ἐν
1401 4588 1623 4659 Χριστῷ
1653 4585 1817 4658 καινὴ

235 4659 514 4750 κτίσιςίι-
552 4686 665 4740 Καὶ
703 4659 944 4748 ortuab;
991 4681 1521 4756 περιτεμνομένους,
1575 4679 1810 4750 Χριστὸς
1841 4659 1890 4720 θ

232 4779 390 4832 οὐδὲν
432 4777 727 4850 ὠφελήσει.
767 4795 786 4830 ι
817 4778 896 4849 Τῇ
928 4777 1232 4847 ὑποταγῇ.»
1263 4775 1379 4828 Ούκ
1425 4769 1579 4839 εἰπε,
1610 4771 1690 4842 Τῇ
1730 4771 1811 4825 δι-

232 4872 398 4943 δαχῇ,
447 4870 604 4937 ἀλλά,
647 4889 667 4924 ι
699 4870 780 4941 Τῇ
821 4869 1093 4939 ὑποταγῇ,
1133 4884 1152 4920 ι
1187 4865 1363 4936 δηλῶν
1405 4864 1604 4928 αὐτοὺς
1654 4879 1819 4916 σπου-

235 4965 426 5030 δάζειν
463 4963 732 5030 ὑποτάξαι
766 4962 862 5016 καὶ
896 4958 1306 5016 καταδουλῶσαι
1339 4958 1505 5016 πάλιν
1531 4955 1609 5027 τῷ
1639 4956 1812 5027 νόμῳ.

1914 3394 2159 3452 Judaicis
2185 3397 2684 3454 observationibus.
2715 3396 2812 3452 llis
2848 3397 2994 3451 enim
3023 3457 3026 3460 ,
3051 3411 3160 3452 non
3195 3394 3378 3458 subdi,
3441 3391 3503 3444 li-

1917 3487 2185 3544 bertatem
2208 3487 2368 3544 dicit.
2403 3488 2540 3544 Vide
2577 3497 2762 3544 autem
2798 3488 3075 3558 quomodo
3123 3487 3275 3556 ipsos
3307 3493 3498 3540 osten-

1915 3579 2060 3634 derit
2115 3595 2240 3635 esse
2272 3582 2462 3636 hostes
2483 3591 2537 3636 et
2585 3579 2652 3636 ad
2683 3582 3090 3650 corruptionem
3123 3579 3249 3634 ﬁdei
3302 3576 3497 3632 subin-

1917 3685 2158 3742 gressos.
2178 3671 2421 3727 Primum
2441 3687 2536 3741 per
2551 3675 2659 3726 hoc
2675 3672 2818 3741 quod
2838 3673 2934 3736 ait,
2957 3689 2976 3723 ι
2991 3670 3460 3732 Subintroierant,
3474 3687 3491 3720 ι

1921 3764 2180 3819 latentem
2210 3779 2274 3819 ac
2304 3763 2634 3820 insidiosum
2688 3763 2997 3833 ingressum
3043 3761 3365 3832 signiﬁcans
3396 3777 3410 3814 :
3445 3767 3502 3815 et

1923 3869 2020 3924 per
2053 3853 2158 3909 hoc
2185 3856 2330 3924 quod
2362 3855 2523 3922 dixit,
2557 3873 2577 3906 ε
2619 3855 2697 3908 Ad
2731 3853 3151 3923 explorandum.
3190 3871 3210 3904 ι
3234 3852 3501 3921 Explora-

1921 3950 2010 3998 tor
2073 3943 2219 3998 enim
2282 3944 2349 3998 ad
2414 3943 2806 3999 documentum
2845 3953 2902 4000 et
2967 3942 3202 3999 insidias
3228 3942 3498 4011 explorat.

1917 4033 2207 4098 Praeterea,
2233 4043 2296 4089 ut
2323 4048 2446 4098 nos,
2481 4033 2679 4102 inquit,
2733 4035 2788 4088 in
2821 4033 3141 4089 servitutem
3161 4032 3496 4101 adigerenta

1923 4124 2203 4196 Siquidem
2245 4125 2438 4181 Petrus
2455 4139 2518 4179 ac
2545 4125 2730 4179 caeteri
2755 4125 2992 4193 apostoli
3017 4125 3501 4180 circumcisionem

1919 4219 2295 4274 concedebant
2361 4228 2421 4272 ut
2471 4217 2733 4285 paulatim
2773 4217 2908 4287 legis
2967 4219 3285 4273 servitutem
3345 4217 3501 4271 falle-

1917 4318 2063 4375 rent,
2090 4311 2143 4366 hi
2165 4326 2292 4366 vero
2326 4312 2455 4366 utin
2489 4310 2814 4366 servitutem
2847 4310 3147 4380 adigerent.
3177 4307 3503 4374 «Quibusne

1918 4403 1985 4457 ad
2010 4403 2198 4458 horam
2230 4401 2453 4472 quidem
2479 4402 2804 4459 cessimus.»
2831 4403 3146 4470 Propterea,
3171 4400 3368 4469 inquit,
3392 4415 3501 4454 non

1919 4495 2189 4550 cessimus
2215 4494 2458 4564 ipsorum
2513 4494 2867 4564 subjectioni,
2922 4493 3198 4547 utveritas
3225 4491 3503 4562 praedicati

1923 4600 2022 4656 per
2060 4600 2147 4642 me
2169 4586 2310 4656 apud
2345 4599 2443 4642 vos
2461 4586 2741 4656 Evangelii
2769 4593 3017 4640 maneret
3080 4585 3413 4639 inconcussa
3440 4599 3504 4638 ac

1918 4678 2245 4746 firma.Qu:e
2272 4687 2359 4736 est
2377 4687 2558 4736 autem
2577 4680 2782 4736 veritas
2810 4680 2983 4749 ipsius
3006 4679 3028 4733 ?
3055 4697 3072 4730 ι
3105 4665 3297 4733 Vetera
3319 4686 3502 4732 trans-

1923 4771 2146 4838 ierunt;
2177 4771 2222 4827 si
2283 4771 2408 4842 quis
2464 4771 2597 4826 vivit
2649 4771 2704 4826 in
2755 4770 2998 4836 Christo,
3047 4785 3184 4824 nova
3249 4779 3501 4823 creatura

1924 4869 2010 4918 est
2031 4866 2075 4925 ⁸,
2114 4882 2134 4915 ι
2190 4863 2408 4931 etquod
2459 4862 2544 4917 eis
2585 4861 2680 4932 qui
2717 4861 3213 4922 circumciduntur,
3247 4860 3504 4915 Christus

1932 4954 2070 5010 nihil
2092 4955 2334 5025 prodest.
2375 4972 2394 5006 ι
2433 4953 2797 5022 Subjectioni.
2835 4970 2854 5004 ι
2879 4951 2993 5007 Non
3015 4952 3173 5015 dixit,
3205 4951 3499 5017 Doctrinze,

237 5057 361 5123 sed,
396 5076 416 5109 ι
461 5057 838 5130 Subjectioni;
873 5073 893 5110 ι
928 5053 1250 5128 significans
1280 5053 1432 5125 ipsos
1466 5052 1534 5107 ad
1574 5052 1678 5108 hoc
1718 5051 1817 5107 niti
1859 5057 1918 5106 ut
1952 5066 2174 5106 rursum
2205 5049 2549 5120 subjicerent
2590 5063 2654 5104 ac
2726 5050 2780 5104 in
2837 5049 3157 5106 servitutem
3201 5049 3506 5121 ,adigercut

236 5150 346 5207 sub
380 5151 518 5217 lege.

323 5242 473 5298 Ἀπὸ
519 5241 587 5295 δὲ
619 5239 742 5294 τῶν
779 5239 1126 5294 δοκούντων
1149 5233 1306 5292 εἷναί
1337 5253 1412 5300 τι,
1455 5222 1653 5290 ὁποῖοί
1679 5247 1826 5288 ποτε

236 5334 426 5405 ἦσαν,
469 5333 652 5388 οὐδέν
683 5349 786 5402 μοι
830 5328 1116 5400 διαφέρει.
1162 5327 1494 5397 Πρόσωπον
1523 5324 1670 5391 Θεὸς
1723 5326 1827 5380 dr-

239 5429 483 5498 θρώπου
535 5427 608 5481 οὐ
661 5422 970 5496 λαμϐάνει.
1027 5421 1183 5492 Ἐμοὶ
1219 5420 1332 5490 γὰρ
1379 5422 1433 5474 οι
1479 5418 1822 5482 δοκοῦντες,

239 5521 430 5575 οὐδὲν
457 5518 922 5589 προσανέθεντο,
965 5514 1130 5571 ἀλλὰ
1174 5513 1562 5576 τούναντίον,
1601 5510 1827 5576 ειδότες

239 5613 334 5666 ὅτι
361 5611 760 5681 πεπίστευμαι
788 5610 854 5664 τὸ
870 5606 1240 5678 Eiram-utor
1265 5604 1376 5673 τῆς
1403 5603 1822 5672 ἀκροϐυστίας,

241 5703 444 5770 καθὼς
483 5703 705 5770 Πέτρος
733 5703 844 5769 τῆς
874 5695 1218 5770 περιτομῆς.
1261 5697 1324 5750 '0
1353 5693 1462 5764 γὰρ
1492 5693 1829 5764 ἐνεργήσας

242 5797 452 5862 Πέτρῳ
482 5797 569 5861 εις
589 5782 950 5862 ἀποστολὴν
984 5789 1093 5862 τῆς
1139 5787 1478 5862 περιτομῆς,
1527 5788 1828 5859 ἐνήργησε

246 5890 346 5943 καὶ
378 5888 505 5954 ἐμοὶ
535 5891 620 5952 εὶς
652 5886 721 5938 τὰ
749 5888 914 5951 ἔθνη.

320 6005 342 6039 ³
380 6003 422 6056 Il
455 6003 577 6056 Cor.
608 6020 659 6065 ι’,
705 6003 778 6056 l7.

2008 5233 2076 5300 ll,
2101 5231 2222 5288 6-8.
2256 5231 2330 5284 Ab
2352 5229 2421 5284 iis
2453 5236 2630 5284 autem
2660 5228 2756 5298 qui
2777 5226 3092 5282 videbantur
3141 5223 3348 5294 aliquid
3398 5237 3508 5277 esse

1931 5329 2114 5400 quales
2138 5323 2427 5396 aliquando
2452 5323 2648 5393 fuerint
2674 5320 2807 5376 nihil
2843 5336 2957 5374 mea
2987 5319 3166 5386 refert.
3218 5317 3505 5372 Personam

1933 5421 2161 5476 hominis
2192 5417 2332 5473 Deus
2361 5434 2465 5472 non
2500 5415 2712 5484 accipit.
2747 5412 2892 5468 Nam
2919 5413 3048 5466 mihi
3077 5412 3164 5480 qui
3201 5408 3507 5462 videbantur

1932 5530 2044 5568 esse
2088 5513 2143 5564 in
2166 5511 2356 5578 pretio,
2383 5508 2514 5562 nihil
2557 5506 2914 5563 contulerunt,
2969 5503 3078 5564 ιιιιο
3122 5510 3330 5563 contra,
3386 5513 3503 5549 cum

1934 5605 2186 5661 vidissent
2221 5602 2348 5655 mihi
2378 5601 2734 5658 concreditum
2802 5598 2963 5664 fuisse
2994 5591 3336 5660 Evangetium
3369 5605 3505 5657 prir-

1934 5698 2094 5764 putii,
2149 5695 2592 5768 quemadmodum
2667 5692 2822 5746 Petro
2879 5683 3316 5742 circumcisiunis.
3359 5680 3504 5736 Nam

1935 5791 2026 5860 qui
2048 5789 2233 5860 enicas:
2267 5787 2370 5858 fuit
2397 5786 2558 5842 Petro
2591 5783 2660 5839 ad
2679 5780 3036 5853 apostolatunt
3060 5773 3502 5838 circumcisionis,

1935 5885 2119 5953 efﬁcax
2142 5881 2241 5952 fuit
2259 5889 2310 5936 et
2331 5879 2384 5932 in
2409 5894 2490 5933 me
2503 5891 2625 5946 ergo
2645 5884 2841 5944 gentes.
