3956 6580
309 455 453 524 1109·

1289 458 1676 522 COMMENT.
1719 461 1801 522 IN
1840 461 2081 523 EPIST.
2115 464 2213 524 AD
2253 463 2519 525 GALAT.

3394 460 3535 529 1110

313 565 421 620 λων
445 545 845 635 καίιῖγνώσεως
871 565 964 620 τὸν
992 565 1086 622 τοῦ
1115 565 1470 638 κηρύγματος
1493 569 1880 640 κραταιοῦσθαι

1995 572 2160 640 arguit
2191 586 2285 627 eos
2314 572 2406 641 qui
2447 577 2852 639 concesserant,
2877 576 2940 626 ut
2973 569 3316 627 vehementia
3355 571 3535 628 incre-

301 660 477 726 λόγον,
513 659 648 730 μηδὲ
679 658 839 713 τοῦτο
878 659 1284 730 παραιτεῖσθαι.
1314 661 1424 715 Καὶ⁵
1453 661 1540 715 ῐνα
1566 661 1725 715 τοῦτο
1764 662 1867 730 μά-

302 751 402 821 θῃς
439 750 701 821 ἀκριϐῶς,
731 751 944 804 σκόπει·
983 751 1196 815 Παῦλος
1245 751 1335 806 διὰ
1389 752 1496 806 τῶν
1539 751 1868 806 Ἐπιστολῶν

302 841 703 910 καταγινώσκει
728 841 1069 912 Πέτρουίκαὶ
1093 842 1294 914 Πέτρος
1314 843 1402 898 διὰ
1424 845 1521 913 τῆς
1546 841 1872 912 Ἐπιστολῆς

302 930 889 1001 ὲγκωμιάζειζΠαῦλον,
913 933 1117 996 καὶτὰς
1140 933 1483 998 Ἐπιστολάς,
1518 934 1710 1004 σοφίας
1735 933 1870 986 Θεοῦ

303 1022 400 1075 καὶ
428 1022 652 1093 χάριτος
681 1017 820 1077 εῖναι
847 1024 1074 1096 πλήρεις
1101 1021 1386 1098 μαρτυρεῖ,
1430 1025 1524 1078 καὶ
1553 1025 1677 1088 τοὺς
1707 1027 1874 1094 ἀστη-

304 1113 544 1185 ρίκτους,
584 1113 677 1166 τὸν
719 1115 777 1168 ὲν
828 1115 1019 1178 αὐταῖς
1047 1117 1434 1188 κεκρυμμένον
1462 1116 1608 1180 νοῦν,
1650 1117 1712 1169 οὐ
1744 1134 1872 1169 συνο

306 1207 466 1272 ιέναι,
497 1205 634 1260 ἀλλὰ
662 1208 756 1262 καὶ
785 1207 1131 1280 διαστρέφειν
1158 1211 1387 1282 ἀναϐοᾷ.
1425 1209 1638 1273 Ἄλλως
1668 1208 1748 1274 δὲ,
1781 1209 1878 1260 και)⁹

303 1297 520 1362 Παῦλος
551 1299 690 1370 ὑπὲρ
728 1299 822 1354 τοῦ
859 1301 1216 1372 κηρύγματος
1271 1301 1443 1356 ταῦτα
1493 1302 1621 1374 περὶ
1667 1300 1877 1369 Πέτρου

303 1389 513 1457 λέγων,
563 1393 702 1446 κατὰ
751 1394 885 1448 πολὺ
926 1395 1086 1470 πλέον
1130 1395 1326 1449 ἑαυτοῦ
1389 1393 1643 1464 περιέπει
1688 1391 1878 1444 τοῦτον

304 1483 403 1534 καὶ
428 1484 582 1554 τιμᾷ.
615 1486 682 1538 Τί
721 1466 829 1557 γάρ
859 1466 1004 1540 ἐστιν
1035 1489 1114 1551 εἰς
1163 1487 1319 1555 λόγον
1349 1486 1586 1558 ὓϐρεως,
1614 1485 1674 1538 τὸ
1701 1484 1877 1537 δοκεῖν

305 1569 404 1621 καὶ
430 1571 504 1641 μὴ
549 1571 880 1644 ὀρθοποδεῖν,
910 1577 1044 1649 πρὸς
1077 1577 1138 1629 τὺ
1175 1576 1427 1645 ἀνάθεμα
1465 1569 1605 1627 εἶναι
1636 1572 1744 1626 ἀπὸ
1780 1570 1876 1625 τοῦ

301 1659 577 1730 Χριστοῧὲ
620 1683 638 1715 ι
665 1665 778 1735 Τῆς
803 1666 1127 1738 περιτομῆς,
1155 1686 1176 1721 ι
1203 1663 1339 1731 οἷον,
1371 1666 1480 1720 τῶν
1511 1664 1803 1718 Ἰουδαίων.

1975 661 2208 728 palimtis
2235 661 2381 714 circa
2410 660 2554 724 illos,
2583 667 2814 716 terreret
2848 673 2912 714 ac
2961 659 3262 732 corrigeret
3307 675 3402 716 eos
3441 658 3538 729 qui

1977 765 2103 805 vere
2122 762 2554 822 transgressores
2576 760 2733 807 erant
2766 770 2778 806 :
2801 751 2923 808 ideo
2947 765 3162 822 quoque
3178 766 3286 805 non
3318 756 3539 805 veretur

1979 839 2128 909 ipsos
2164 840 2349 894 dicere
2384 842 2534 896 visos
2567 843 2622 895 in
2676 841 2852 912 pretio
2893 856 3035 907 esse,
3075 849 3127 895 et
3176 838 3539 909 reprehensos

1978 944 2043 986 ac
2076 930 2383 998 simulatos,
2431 941 2500 990 et.
2544 948 2651 986 non
2677 941 2824 988 recte
2881 933 3214 997 incedentes,
3251 930 3428 986 solum
3476 935 3537 982 ut

1973 1020 2174 1077 Christi
2202 1023 2639 1092 praedicationem
2669 1024 3054 1080 conﬁrmaret:
3087 1031 3297 1078 tantum
3331 1021 3542 1077 ﬁducia:

1977 1113 2046 1170 de
2075 1128 2134 1169 se
2165 1123 2355 1170 mutuo
2377 1131 2544 1186 super
2571 1116 2958 1186 praedicatione
2999 1114 3293 1180 habebant,
3341 1113 3543 1180 talique

1980 1206 2366 1276 conjunctione
2423 1210 2654 1264 connexi
2689 1218 2884 1275 erant,
2949 1215 3011 1263 ut
3056 1215 3326 1278 optarent,
3359 1204 3405 1261 si
3463 1205 3543 1259 ita

1979 1309 2070 1350 res
2094 1295 2283 1361 ferret,
2311 1311 2406 1368 per
2450 1306 2694 1353 mutuam
2725 1299 3250 1370 compensationem,
3273 1295 3545 1366 praedica-

1987 1387 2150 1442 tionis
2183 1389 2500 1443 conﬁrmari
2529 1405 2859 1452 sermonem,
2896 1405 3068 1460 neque
3095 1388 3202 1444 hoc
3217 1383 3541 1443 devitarent.

1986 1477 2162 1548 thue
2190 1477 2294 1533 hoc
2312 1480 2560 1549 apertius
2580 1481 2788 1546 discas,
2821 1481 3111 1536 considera
3147 1497 3161 1533 :
3198 1477 3402 1532 Paulus
3428 1477 3548 1529 suis

1984 1568 2244 1638 Epistolis
2276 1572 2610 1626 condemnat
2639 1571 2881 1638 Petrum,
2917 1571 3114 1627 Petrus
3143 1585 3275 1626 vero
3299 1584 3398 1625 sua
3424 1566 3548 1636 Epi-

1983 1663 2120 1716 Stola
2161 1663 2434 1718 collaudat
2512 1663 2738 1720 Paulum
2767 1666 2808 1728 ³,
2849 1665 3078 1735 ejusque
3130 1663 3411 1733 Epistolas
3455 1659 3552 1714 Dei

304 1754 578 1820 sapientia
611 1765 663 1816 et
699 1761 871 1830 gratia
916 1761 1100 1831 plenas
1141 1778 1261 1818 esse
1295 1769 1548 1827 testatur,
1585 1768 1640 1815 et
1678 1773 1869 1830 parum
1915 1755 2098 1810 ﬁrmos
2128 1757 2384 1812 latentem
2423 1759 2478 1813 in
2539 1759 2644 1814 illis
2711 1775 2820 1815 non
2885 1759 3102 1829 assequi
3148 1771 3395 1823 sensum,
3453 1769 3553 1811 seu

305 1857 620 1912 pervertere
663 1849 990 1903 conclamat.
1043 1849 1306 1913 Praeterea
1377 1867 1504 1906 vero
1538 1849 1700 1906 etiam
1763 1847 1964 1901 Paulus
2002 1847 2092 1915 qui
2123 1849 2270 1902 circa
2300 1850 2739 1920 praedicationem
2778 1851 2895 1906 haec
2925 1852 2992 1907 de
3024 1852 3185 1906 Petro
3218 1852 3370 1917 dicit,
3396 1849 3554 1921 longe

305 1939 545 2008 amplius
581 1957 743 2018 quam
785 1945 1022 2013 Seipsum
1074 1947 1218 2000 hunc
1253 1948 1452 2003 excolit
1503 1955 1560 2000 et
1623 1945 1878 1998 honorat.
1919 1938 2058 2004 Quid
2087 1941 2231 1995 enim
2253 1952 2337 1998 est
2362 1942 2415 1996 in
2448 1958 2698 1999 sermone
2723 1944 3028 2009 calumniae,
3068 1944 3240 1999 videri
3299 1945 3367 1998 in.
3429 1959 3555 2015 pre-

304 2033 384 2088 tio
419 2048 560 2100 esse,
615 2043 670 2091 et
701 2052 810 2092 non
843 2046 992 2093 recte
1035 2037 1306 2106 incedere,
1337 2040 1380 2096 si
1406 2039 1659 2098 conferas
1687 2035 1753 2096 ad
1777 2033 2062 2089 anathema
2114 2051 2236 2092 esse
2283 2051 2312 2091 a
2374 2035 2626 2094 Christo?
2693 2037 3254 2106 «Circumclsiouisu
3321 2038 3427 2095 hoc
3471 2048 3556 2091 est

298 2128 638 2188 Iudaeorum.

379 2227 487 2282 Kal
514 2229 761 2297 γνόντες
785 2227 902 2296 τὴν
927 2230 1104 2299 χάριν
1120 2230 1234 2299 τὴν
1253 2231 1534 2287 δοθεῖσάν
1551 2248 1652 2302 μοι
1679 2228 1878 2285 Ἰάκω-

2052 2215 2206 2282 11,9,
2241 2217 2329 2271 10.
2352 2216 2588 2288 Cumque
2626 2218 2985 2288 cognovissent
3025 2216 3255 2288 gratiam
3283 2217 3413 2271 mihi
3453 2219 3556 2272 da-

302 2319 411 2382 6ος
433 2317 527 2370 καὶ
556 2316 762 2387 Κηφᾶς
785 2318 886 2372 καὶ
912 2319 1204 2388 Ἰωάννης,
1231 2324 1284 2375 ol
1314 2321 1639 2386 δοκοῦντες
1662 2319 1879 2374 στῦλοι

305 2407 485 2474 εἶναι,
533 2410 737 2477 δεξιὰς
767 2412 1000 2467 ἔδωκαν
1043 2414 1172 2482 ἐμοὶ
1222 2414 1318 2468 καὶ
1368 2412 1644 2482 Βαρνάϐᾳ
1677 2428 1882 2466 κοινω-

303 2503 466 2568 νίας,
505 2504 606 2558 ἵνα
659 2504 832 2573 ἡμεῖς
873 2507 962 2572 εις
995 2504 1069 2562 τὰ
1119 2506 1284 2573 ἔθνη,
1330 2505 1500 2561 αὐτοὶ
1540 2506 1608 2558 δὲ
1639 2507 1726 2571 εις
1768 2503 1884 2571 τὴν

307 2593 657 2664 περιτομὴν,
692 2594 887 2664 μόνον
914 2594 1032 2650 τῶν
1069 2593 1322 2664 πτωχῶν
1351 2595 1453 2649 ἵνα
1498 2593 1884 2664 μνημονεύω-

301 2704 448 2757 μεν.
483 2689 552 2742 '0
585 2689 683 2744 και
717 2688 1074 2744 ἐσπούδασα
1109 2687 1256 2744 αὐτὸ
1287 2686 1464 2743 τοῦτο
1496 2686 1768 2757 ποιῆσαι.

391 2865 530 2918 «Καὶ
551 2865 768 2932 γνόντες
785 2863 882 2935 τὴν
914 2866 1131 2937 χάριν.»
1164 2866 1276 2936 Τῆς
1293 2863 1538 2936 δοθείσης
1553 2863 1702 2935 αὐτῷ
1728 2862 1888 2935 χάρι-

307 2973 405 3024 τος
441 2957 566 3019 τοὺς
584 2957 712 3027 περὶ
732 2955 940 3026 Πέτρον
961 2957 1198 3028 παράγει
1227 2957 1533 3028 μάρτυρας.
1563 2957 1654 3010 «Ol
1671 2954 1890 3009 δοκοῦν-

309 3065 411 3111 τες
437 3046 669 3101 στῦλοι.»
697 3049 760 3102 0i
783 3047 956 3112 ὄντες,
979 3048 1132 3119 φησι,
1155 3047 1338 3102 στῦλοι
1359 3049 1459 3118 τῆς
1489 3047 1749 3110 πίστεως,
1793 3045 1888 3098 καὶ

313 3142 452 3194 πᾶσι
483 3141 782 3204 δοκοῦντες.
819 3140 1036 3206 «Aeeta;
1063 3141 1323 3196 ἔδωκαν.»
1358 3141 1482 3195 Ὅτι
1524 3139 1701 3204 κοινὰ,
1733 3139 1888 3208 φησὶ,

311 3237 385 3290 τὰ
410 3236 676 3304 δόγματα,
709 3236 802 3288 καὶ
832 3236 913 3289 ὅτι
947 3234 1234 3298 κοινωνοὺς
1266 3234 1412 3303 ἡμᾶς
1441 3233 1669 3294 ἑαυτοὺς
1698 3231 1890 3301 ἐποιή-

318 3344 483 3382 σαντο
495 3330 573 3392 εἰς
585 3328 643 3383 τὸ
656 3329 939 3400 κήρυγμα.
958 3330 1056 3381 Διὰ
1066 3327 1222 3383 τοῦτο
1233 3327 1305 3398 γά
1311 3345 1342 3400 ρ
1359 3327 1450 3381 καὶ
1463 3325 1640 3390 δεξιὰς
1659 3324 1886 3391 ἔδωκαν,

316 3417 609 3488 δηλοῦντες
632 3420 714 3473 ὅτι
743 3419 1070 3490 ἀρέσκονται
1101 3418 1179 3488 τῷ
1219 3419 1494 3491 ἡμετέρῳ,
1527 3421 1681 3490 φησὶ,
1716 3419 1891 3491 κηρύ-

318 3526 511 3580 γματι,
543 3510 631 3565 διὰ
662 3510 722 3564 τὺ
750 3507 888 3566 εἶναι
915 3511 1110 3566 ταύτὸν
1152 3510 1230 3580 τῷ
1260 3511 1503 3565 ἐκείνων.
1534 3530 1553 3564 ι
1589 3512 1705 3565 Ἵνα
1736 3513 1894 3582 ἡμεῖς

319 3602 424 3671 μὲν
454 3604 534 3667 εἰς
558 3605 626 3656 τά
647 3602 792 3674 ἔθνη.
822 3623 841 3656 ι
871 3606 987 3657 Ἵνα
1017 3606 1176 3674 ἡμεῖς
1207 3605 1306 3676 μὲν
1331 3605 1411 3669 είς
1434 3605 1500 3658 τά
1526 3603 1674 3674 ἔθνη,
1705 3604 1888 3675 φησιν,

317 3695 520 3748 ἐκεῖνοι
571 3695 626 3748 δὲ
668 3695 819 3766 παρὰ
872 3696 1141 3760 Ἰουδαίοις
1186 3696 1488 3768 κηρύξωσι.
1521 3715 1538 3748 ι
1567 3695 1745 3750 Μόνον
1782 3696 1891 3750 τῶν

319 3784 574 3855 πτωχῶν.
612 3804 629 3835 ι
659 3786 732 3838 Τὸ
762 3787 1206 3858 κήρυγμα,φησὶ,
1241 3787 1559 3858 διελόμενοι,
1590 3787 1716 3850 τοὺς
1752 3805 1894 3842 πτω-

316 3877 449 3947 χοὺς
473 3877 802 3948 άμερίστους
831 3877 1046 3949 ἔχομεν.
1084 3872 1244 3934 Οὗτοι
1277 3880 1332 3934 δὲ
1358 3875 1496 3952 ἦσαν
1524 3881 1571 3933 οἱ
1605 3879 1754 3952 παρὰ
1786 3880 1894 3933 τῶν

323 3968 472 4022 ιδίων
506 3969 862 4039 συμφυλετῶν
889 3971 998 4024 τῶν
1027 3970 1104 4046 μὴ
1129 3973 1537 4029 πιστευσάντων
1563 3973 1894 4045 διαρπαγέν-

319 4058 544 4127 uasta
566 4059 668 4132 τὴν
695 4061 775 4126 εἰς
803 4060 1036 4137 Χριστὸν
1067 4063 1269 4119 πίστιν.

921 4333 1176 4388 ΚΕΦΑΛ.
1218 4329 1292 4386 I".

323 4418 468 4486 Περὶ
494 4418 781 4497 τῆς-πρὸς
814 4423 1021 4497 Κηφᾶν
1054 4423 1478 4497 ἀντιρρήσεως,
1517 4424 1649 4493 περὶ
1685 4425 1798 4497 τῆς
1827 4426 1898 4482 ἐν

553 4492 753 4544 πίστει
784 4492 881 4544 καὶ
909 4495 1019 4547 οὐκ
1043 4495 1112 4547 ἐν
1140 4496 1301 4564 νόμῳ
1326 4492 1646 4562 σωτηρίας.

397 4578 536 4632 Ὅτε
583 4578 651 4632 δὲ
695 4575 845 4648 ἦλθε
889 4580 1108 4648 Πέτρος
1150 4587 1237 4650 εὶς
1299 4586 1695 4653 Ἀντιόχειαν,
1746 4585 1897 4639 κατὰ

322 4670 651 4738 πρόσωπον
705 4669 862 4736 αὐτῷ
904 4672 1224 4740 ἀντέστην,
1270 4676 1357 4730 ὅτι
1407 4681 1895 4746 κατεγνωσμένος

320 4758 423 4832 ἦν.
465 4761 585 4828 Πρό
651 4761 760 4815 τοῦ
807 4761 915 4831 γὰρ
975 4763 1173 4818 ἐλθεῖν
1214 4783 1381 4831 τινας
1426 4768 1546 4822 ἀπὸ
1593 4769 1892 4833 Ἰακώϐου,

1983 2316 2088 2362 tam
2117 2306 2377 2374 Iacobus,
2406 2317 2454 2362 et
2487 2308 2715 2377 Cephas,
2750 2318 2798 2362 et
2839 2306 3097 2372 Joannes,
3129 2309 3217 2377 qui
3242 2308 3560 2364 videbantur

1981 2414 2094 2455 esse
2158 2398 2438 2464 columine,
2463 2398 2683 2454 dextras
2739 2400 2993 2454 dederunt
3037 2401 3163 2454 mihi
3192 2408 3242 2455 et
3292 2400 3557 2456 Barnabas

1981 2495 2289 2550 societatis:
2337 2504 2394 2548 ut
2440 2512 2533 2549 nos
2582 2495 2787 2565 quidem
2834 2497 2887 2550 in
2958 2485 3152 2566 gentes,
3197 2496 3300 2565 ipsi
3352 2512 3468 2552 rero
3504 2498 3558 2551 in

1984 2587 2476 2648 circumcisionem,
2541 2586 2838 2652 apostolatu
2895 2587 3230 2658 fungerentur
3275 2603 3296 2652 ;
3349 2595 3558 2640 tantum

1983 2687 2041 2732 ut
2064 2692 2352 2748 pauperum
2414 2694 2667 2732 memores
2720 2695 2978 2746 essemus,
3027 2678 3080 2732 in
3109 2693 3212 2748 quo
3246 2686 3296 2732 et
3335 2676 3555 2748 diligens

1987 2769 2252 2839 {uiuthoc
2282 2771 2452 2838 ipsum
2485 2770 2732 2840 facerem.
2781 2832 2783 2834 η

2064 2882 2084 2916 ι
2117 2862 2361 2934 Cumque
2387 2865 2772 2936 cognovissent
2803 2860 3054 2933 gratiam.
3088 2877 3107 2910 ι
3138 2858 3284 2914 Data:
3311 2857 3414 2914 sibi
3431 2871 3552 2930 gra-

1987 2953 2078 3010 tiae
2110 2962 2275 3010 testes
2293 2953 2540 3024 producit
2566 2953 2783 3009 Petrum
2807 2950 3074 3022 eteosiqul
3104 2965 3226 3006 cmn
3245 2950 3362 3022 ipso
3382 2959 3558 3006 erant.

1995 3065 2016 3100 ι
2053 3046 2156 3113 Qui
2188 3046 2512 3101 videbantur
2543 3047 2832 3101 columnae.
2869 3064 2888 3098 ι
2915 3043 3213 3111 Quierant,
3245 3042 3442 3112 inquit,
3467 3057 3559 3095 co-

1991 3138 2187 3193 lumna:
2217 3137 2337 3192 ﬁdei
2369 3147 2422 3192 et
2453 3139 2706 3192 omnibus
2737 3151 2860 3192 esse
2897 3134 3242 3190 videbantur.
3279 3151 3299 3184 ι
3328 3133 3557 3188 Dextras

1994 3229 2293 3287 dederunt.
2334 3247 2354 3283 ι
2380 3229 2743 3294 Communia,‘
2792 3229 2990 3298 inquit,
3025 3227 3274 3282 fecerunt
3305 3225 3562 3295 dogmata

1995 3338 2058 3378 ac
2093 3323 2365 3392 nosipsos
2394 3321 2462 3377 ad
2515 3322 2959 3392 praedicationem
2981 3319 3162 3375 socios
3222 3318 3557 3375 asciverunt.

1995 3408 2290 3478 Propterea
2328 3409 2471 3464 enim
2519 3417 2574 3464 et
2615 3409 2836 3464 dextras
2875 3407 3166 3471 dederunt,
3195 3407 3359 3479 730
3388 3407 3559 3478 signi-

1998 3499 2224 3556 ﬁcantes
2263 3509 2471 3571 gratam
2513 3500 2647 3572 ipsis
2680 3517 2801 3557 esse
2824 3507 3068 3556 nostram
3102 3500 3563 3568 praedicationem,

1995 3606 2060 3646 eo
2097 3592 2239 3662 quod
2279 3592 2464 3648 eadem
2507 3599 2653 3648 esset
2681 3607 2805 3648 cum
2845 3591 3232 3664 praedicatione
3273 3591 3515 3662 ipsorum
3547 3601 3563 3645 :

2003 3702 2020 3734 ι
2059 3681 2128 3738 Ut
2163 3698 2262 3738 nos
2306 3684 2523 3752 quidem
2555 3687 2612 3740 in
2648 3691 2856 3755 gentes.
2894 3703 2912 3737 ι
2939 3683 3008 3739 Ut
3036 3699 3158 3750 nos,
3196 3683 3393 3754 inquit,
3423 3683 3568 3737 inter

1995 3783 2184 3847 gentes
2204 3775 2648 3844 praedicaremus,
2679 3775 2782 3846 ipsi
2804 3791 2932 3832 vero
2951 3775 3089 3846 apud
3111 3773 3348 3830 Judaeos.
3387 3794 3403 3826 ι
3425 3772 3570 3828 Tan-

1998 3874 2111 3918 tum
2145 3873 2545 3936 utpauperum.
2609 3885 2628 3918 ι
2665 3867 3084 3931 Praedicatione,
3123 3866 3319 3936 inquit,
3380 3865 3564 3930 divisi,

1997 3971 2270 4026 pauperes
2317 3957 2584 4012 habemus
2627 3958 2912 4013 indivisos.
2985 3957 3052 4012 Hi
3109 3973 3236 4013 vero
3300 3971 3569 4026 pauperes

1996 4055 2176 4109 erant,
2195 4047 2340 4117 quia
2374 4047 2492 4104 suis
2519 4048 2922 4104 contribulibus
2952 4049 3270 4113 incredulis,
3299 4049 3569 4104 bonorum

1998 4135 2360 4208 direptionem
2418 4148 2644 4212 propter
2729 4138 2889 4195 ﬁdem
2957 4139 3012 4194 in
3085 4137 3360 4197 Christum
3419 4138 3570 4214 passi

1996 4237 2156 4286 erant
2181 4229 2223 4285 δ.

2595 4325 2824 4383 CAPUT
2882 4326 2974 4383 Ill.

2001 4415 2078 4470 De
2103 4418 2450 4474 altercatione
2478 4421 2728 4492 adversus
2760 4419 2990 4488 Cepltam
3032 4420 3094 4476 de
3115 4419 3288 4475 salute
3351 4421 3405 4474 in
3431 4456 3435 4460 -
3463 4421 3570 4492 ﬁde

2494 4490 2596 4544 sita
2625 4501 2676 4545 et
2713 4510 2814 4546 non
2845 4493 2900 4545 in
2945 4494 3074 4562 lege.
3245 4503 3248 4506 '

2079 4580 2140 4643 li.
2164 4585 2221 4638 il
2266 4584 2498 4640 l5.Cum
2519 4593 2694 4640 autem
2737 4587 2957 4640 venisset
2991 4587 3179 4640 Pet-rus
3209 4584 3564 4646 Antiochiam,

1998 4678 2180 4747 palam
2203 4678 2284 4732 illi
2314 4679 2485 4732 restiti
2509 4694 2571 4732 eo
2623 4677 2762 4746 quod
2811 4677 3153 4746 reprehensus
3208 4687 3360 4732 esset.
3424 4676 3567 4730 Nam

1999 4779 2279 4842 antequam
2305 4773 2560 4826 venissent
2584 4771 2800 4841 quidam
2817 4787 2849 4824 a
2869 4769 3091 4835 Iacobo,
3120 4785 3224 4823 uua
3251 4785 3368 4823 cum
3395 4771 3567 4838 genti-

315 4851 470 4919 μετὰ
496 4851 614 4905 τῶν
645 4851 834 4906 ἐθνῶν
861 4852 1216 4917 συνήσθιεν.
1251 4856 1382 4910 Ὅτε
1437 4856 1505 4910 δὲ
1539 4854 1747 4928 ἦλθον,
1783 4861 1884 4912 ὑπ-

2002 4865 2096 4918 bus
2127 4865 2363 4918 sumebat
2395 4866 2564 4918 cibum
2597 4880 2616 4924 :
2649 4879 2770 4917 cum
2807 4873 2985 4916 autem
3041 4863 3320 4927 venissent,
3359 4861 3570 4916 uereba-

320 4942 618 4995 ἔστελλεν
649 4942 746 4996 καὶ
783 4940 1065 5012 ἀφώριζεν
1097 4943 1716 5017 ἐαυτὸν,φοϐοὐμενος
1751 4948 1896 5012 τοὺς

321 5033 392 5086 ἐκ
421 5035 762 5104 περιτομῆς,
797 5035 892 5089 καὶ
924 5039 1465 5106 συνυπεκρίθησαν
1499 5041 1680 5106 αὐτῷ,
1716 5043 1812 5095 καὶ
1841 5045 1895 5097 οἱ

322 5126 521 5181 ,τοιποι
556 5125 839 5182 Ἰουδαῖοι.
864 5129 1045 5185 ’Ὥστε
1065 5133 1161 5186 καὶ
1196 5134 1505 5202 Βαρνάϐας
1528 5134 1895 5204 συναπήχθη

325 5216 528 5271 αὐτῶν
559 5218 632 5289 τῇ
663 5224 1001 5290 ὑποκρίσει.

399 5309 474 5361 Οὐ
510 5310 688 5380 μάχης
723 5313 843 5365 οὐδὲ
885 5312 1283 5381 καταγνώσεως
1317 5311 1406 5386 ἦν,
1448 5317 1506 5369 τὸ
1539 5317 1630 5370 τὸν
1683 5319 1896 5374 Παῦλον

326 5401 646 5469 ἀντιστῆναι
670 5401 744 5471 τῷ
776 5404 984 5474 Πέτρῳ,
1011 5405 1126 5457 ἀλλ’
1157 5407 1489 5478 οἰκονομίας.
1534 5408 1754 5480 Ἐπειδὴ
1785 5411 1895 5484 γὰρ

324 5493 414 5546 διὰ
456 5494 862 5563 συγκατάϐασιν
914 5498 962 5549 οἱ
1001 5499 1128 5567 περὶ
1176 5499 1381 5568 Πέτρον
1437 5501 1496 5553 ὲν
1544 5499 1896 5573 Ἰερουσαλὴμ

329 5584 675 5654 συνεχώρουν
702 5585 800 5656 τὴν
830 5588 1150 5659 περιτομὴν,
1188 5591 1328 5642 κατὰ
1358 5591 1552 5660 μικρὸν
1587 5590 1897 5662 βουλόμενοι

325 5676 456 5740 τοὺς
487 5678 542 5742 ἐξ
583 5676 845 5731 Ἰουδαίων
891 5678 982 5730 ἐπὶ
1019 5679 1079 5731 τὸ
1124 5680 1326 5734 τέλειον
1362 5683 1612 5749 ἀγαγεῖν,
1651 5681 1822 5736 ἐλθὼν
1867 5686 1896 5737 ὁ

405 5833 424 5864 ³
457 5833 473 5884 1
508 5833 650 5888 Petr.
689 5849 770 5896 Ill,
808 5835 886 5888 15.
971 5833 992 5866 ’⁵
1035 5833 1197 5890 Hebr.
1235 5853 1285 5902 κ,
1334 5836 1424 5892 5-1.

2006 4965 2092 5008 tur
2123 4972 2188 5008 ae
2214 4955 2491 5024 separabat
2518 4971 2574 5009 se
2610 4956 2674 5009 ab
2709 4955 2842 5019 illis,
2882 4961 3118 5007 metuens
3161 4970 3248 5008 eos
3275 4953 3365 5023 qui
3412 4962 3562 5007 erant

2004 5060 2071 5099 ea:
2092 5045 2492 5098 circumcisione
2525 5060 2542 5097 :
2572 5060 2634 5097 ac
2691 5042 3020 5098 simulabant
3075 5059 3200 5097 cum
3248 5041 3341 5097 illo
3393 5042 3571 5096 caueri

2005 5149 2206 5204 quoque
2239 5131 2449 5187 Judtei:
2491 5133 2622 5188 adeo
2644 5143 2698 5187 ut
2721 5133 3003 5188 Barnabas
3031 5133 3195 5188 simul
3223 5133 3570 5188 abduceretur

2004 5228 2060 5280 in
2090 5225 2303 5279 illorum
2319 5225 2729 5279 simulationem.

2004 5331 2014 5376 ς
2077 5315 2191 5370 Non
2224 5331 2411 5386 pugna:
2439 5327 2532 5372 aut
2552 5316 3018 5373 condemnatiouis
3036 5323 3174 5380 erat,
3205 5317 3348 5386 quod
3368 5313 3570 5368 Paulus

2003 5409 2477 5477 rcsisteretPetro,
2508 5409 3059 5480 seddispensationis.
3111 5408 3376 5474 Quoniam
3419 5405 3566 5458 enim

2004 5498 2202 5554 Petrus
2227 5507 2281 5554 et
2312 5499 2404 5569 qui
2434 5515 2557 5555 euut
2589 5516 2654 5556 eo
2689 5508 2864 5567 erant,
2911 5499 3302 5570 Hierosolymis
3335 5497 3538 5551 condes

2005 5592 2282 5648 ceusione-
2344 5592 2578 5662 quadam
2630 5592 3015 5662 permittebant
3060 5587 3561 5650 circumcisionem,

2004 5685 2252 5743 volentes
2284 5685 2538 5756 paulatim
2567 5699 2664 5744 eos
2691 5685 2783 5755 qui
2832 5698 2894 5738 ex
2920 5680 3121 5736 Judmis
3161 5688 3316 5735 erant
3347 5677 3412 5731 ad
3440 5692 3563 5747 per-
