3956 6552
298 448 442 516 1113

1295 437 1689 503 CUMMENT.
1721 435 1804 498 IN
1840 436 2079 501 EPIST.
2127 440 2228 502 Al)
2265 441 2540 502 GALAT.

3408 433 3549 499 illi

285 564 455 619 αὑτὸν
504 559 628 615 κατ’
680 556 838 616 ἰδίαν.
906 554 1248 610 ’Δπειθοῦντι
1277 552 1359 618 δὲ,
1396 551 1489 605 καὶ
1519 548 1739 618 ἐτέρους
1781 544 1921 598 stult

2024 547 2396 616 emperaverit,
2449 544 2591 601 alios
2641 558 2862 616 quoque
2911 542 3076 600 simul
3134 550 3190 598 et
3250 541 3556 600 Ecclesiam

286 653 391 724 τὴν
455 647 752 720 ἑκκλησίαν
792 643 1109 717 επίστησον.
1172 661 1193 696 ι
1236 641 1362 696 Ὅτι
1415 637 1871 706 κατεγνωσμένος

287 741 383 818 ἦν.
409 762 430 797 ι
471 738 937 811 Κατεγνωσμένος
993 733 1111 808 ἦνό
1143 735 1372 807 Πέτρος,
1418 731 1481 787 οὐ
1520 732 1605 802 τῇ
1640 727 1876 799 ἀληθείᾳ.

289 835 419 891 οὔτε
473 832 629 901 παρὰ
705 830 922 887 Παύλου
970 827 1067 883 τοῦ
1117 828 1220 898 τὴν
1260 822 1579 895 οἰκονομίαν
1627 819 1829 882 εἰδότος
1855 858 1873 885 ,

295 928 499 998 dicere!
540 924 681 981 ἀλλά
708 924 862 996 παρά
893 923 1004 977 τῶν
1026 918 1367 991 ἀγνοούντων
1395 914 1457 972 τὸ
1475 912 1878 985 οἰκονομούμε-

294 1039 411 1088 νον,
466 1020 564 1074 καὶ
613 1016 878 1086 οἰομένων
931 1011 1324 1083 ὕποκρίνεσθαι
1377 1009 1468 1064 διὰ
1500 1007 1562 1062 τὸ
1613 1007 1872 1078 πρᾶγμα,

296 1116 383 1169 ὅτι
408 1112 660 1167 ἀπόντων
685 1109 784 1182 μὲν
808 1107 921 1162 τῶν
952 1106 1013 1173 ἐξ
1051 1105 1324 1161 Ἰουδαίων
1351 1102 1579 1165 πιστῶν,
1621 1092 1881 1171 συνήσθιε

296 1208 418 1269 τοϊς
468 1204 671 1268 ἔθνεσι,
720 1200 1010 1270 παρόντων
1061 1200 1140 1266 δι,
1193 1197 1293 1252 οὐκ
1352 1196 1457 1251 ἔτι.
1514 1190 1680 1257 Οἶδας
1732 1191 1789 1246 δὲ
1829 1190 1884 1245 τί
1936 1204 1951 1211 “

311 1298 782 1370 παραγέγραπται
853 1292 945 1348 διὰ
988 1292 1209 1364 Κηφᾶν.
1278 1308 1299 1343 ι
1338 1288 1473 1343 mea
1532 1283 1819 1341 Ἰακώϐου.
1860 1303 1880 1336 ι

315 1389 579 1453 Ἰάκωϐος
642 1389 672 1441 ό
738 1385 834 1441 τοῦ
898 1382 1141 1457 Χριστοῦ
1198 1381 1547 1454 χρηματίσας
1611 1376 1839 1447 ἀδελφὸς
1867 1414 1884 1440 ,

302 1482 608 1544 ἐπίσκοπος
651 1475 721 1551 ἦν
758 1476 1172 1549 Ἱεροσολύμων.
1216 1473 1340 1528 Ἀπ’
1394 1472 1560 1528 αὐτοῦ
1606 1469 1701 1524 οὖν
1748 1469 1889 1522 ἀποσ

306 1573 597 1636 σταλέντες
625 1567 790 1644 ἦλθον
825 1569 884 1635 ἐξ
918 1568 1190 1623 Ἰουδαίων
1216 1565 1632 1626 πιστεύσαντες,
1674 1560 1758 1614 ἔτι
1788 1558 1890 1612 καὶ⁵

305 1667 408 1720 τοῦ
485 1665 654 1737 νόμου
710 1662 983 1736 ἐχόμενοι.
1042 1678 1063 1713 ι
1095 1658 1423 1716 ’Υπέστελλε
1470 1646 1568 1711 καὶ
1612 1650 1892 1724 ἀφώριζεν

310 1758 526 1814 ἑαυτόν.
553 1776 574 1811 s
612 1758 706 1812 Ἐκ
733 1757 836 1827 τῆς
872 1754 982 1809 τῶν
1031 1752 1260 1808 ἐθνικῶν
1301 1748 1545 1821 δηλονότι
1581 1743 1888 1804 συνουσίας.
1946 1766 1951 1771 ·

312 1851 391 1905 Τὸ
411 1850 494 1917 δὲ,
539 1868 559 1901 ι
591 1847 958 1917 Φοϐούμενος,
991 1863 1011 1898 ι
1066 1844 1126 1899 οὗ
1154 1841 1318 1898 τοῦτο
1361 1840 1513 1910 λέγει
1538 1839 1621 1892 ὅτι
1639 1833 1894 1899 δεδοικὼς

1931 1895 1974 1953 Β

1984 638 2206 694 adhibe.
2233 656 2252 691 ι
2283 669 2353 680 --
2381 657 2400 690 ι
2425 636 2582 706 Quod
2608 635 2981 708 reprehensus
3006 646 3173 693 esset.
3202 654 3221 687 ι
3253 631 3563 707 Reprehen-

1946 744 1951 753 ‘
1986 744 2083 788 sus
2121 740 2239 786 erat
2279 730 2479 786 Petrus
2502 743 2611 784 non
2636 727 2786 799 justa
2811 727 2879 784 de
2903 742 3096 792 causa,
3130 742 3309 797 neque
3338 742 3370 782 a
3391 725 3562 782 Paulo

1986 825 2082 897 qui
2110 824 2577 895 dispensationem
2609 822 2837 877 noverat
2864 838 2878 876 ε
2912 820 3056 877 absit
3091 820 3107 875 ί
3139 817 3237 876 sed
3268 819 3337 875 ab
3358 820 3446 875 his
3465 819 3559 889 qui

1988 916 2316 988 ignorabant
2342 914 2472 986 quid
2494 913 2865 984 dispensative
2881 920 3156 982 ageretur,
3181 917 3237 967 et
3260 911 3565 982 opinaban-

1988 1015 2080 1065 tur
2111 1024 2176 1065 ex
2208 1023 2268 1064 re
2295 1007 2416 1078 ip‘sa
2441 1005 2555 1063 neri
2593 1005 3033 1062 simulationem:
3061 1004 3210 1076 quod
3240 1002 3565 1060 absentibus

1938 1114 1945 1119 '
1990 1100 2211 1174 quidem
2242 1099 2445 1155 Judzeis
2481 1097 2732 1155 iidelibus
2771 1112 2894 1153 cum
2928 1097 3185 1169 gentibus
3215 1096 3422 1162 ederet,
3456 1110 3564 1150 non
3648 1082 3659 1088 ’

1993 1202 2178 1250 autem
2222 1189 2609 1263 praesentibus.
2660 1187 2817 1246 Nosti
2873 1199 3057 1244 autem
3114 1188 3246 1259 quid
3297 1187 3566 1258 scriptum

1956 1290 1959 1293 “
1995 1300 2060 1342 ac
2086 1285 2492 1356 promulgatum
2526 1282 2598 1340 sit
2626 1290 2846 1355 propter
2869 1280 3114 1354 Cephan.
3152 1300 3170 1333 ι
3209 1283 3249 1336 Δ
3279 1281 3507 1339 Jacobo.
3544 1301 3563 1334 ι

1996 1379 2239 1439 Iacobus
2295 1378 2382 1433 hic
2421 1376 2627 1432 Christi
2678 1374 2848 1429 frater
2899 1374 3224 1444 appellatus,
3279 1376 3572 1444 episcopus

1995 1482 2114 1531 erat
2150 1466 2658 1540 Hierosolymorum
2690 1484 2704 1521 :
2737 1466 2808 1520 ab
2840 1464 2958 1534 ipso
2981 1465 3149 1536 igitur
3205 1464 3360 1520 missi
3412 1479 3575 1520 vene-

1996 1574 2123 1622 rant
2149 1562 2240 1635 qni
2266 1578 2330 1618 ex
2362 1560 2566 1618 Judaeis
2602 1557 2953 1614 crediderant
3001 1556 3349 1612 adhzerentes
3392 1556 3577 1611 adhuc

1946 1654 1959 1681 ”
1996 1659 2123 1730 legi.
2151 1656 2487 1712 «Verebatur
2513 1660 2567 1710 et
2585 1651 2911 1724 segregabat
2937 1665 3048 1705 se.»
3083 1651 3119 1704 A
3146 1649 3391 1719 gentium
3424 1647 3578 1703 vide-

2000 1753 2130 1809 licet
2142 1748 2580 1807 conversatione.
2600 1745 2756 1813 Quod
2772 1752 2954 1800 autem
2971 1742 3212 1807 additur,
3235 1761 3252 1793 ι
3267 1740 3572 1805 Metuens,»

2003 1861 2114 1902 non
2151 1844 2255 1900 hoc
2287 1842 2543 1915 intelligit
2569 1839 2715 1911 quod
2747 1839 2968 1894 timeret
2986 1854 3055 1892 ιιι·
3077 1836 3208 1905 quid
3232 1838 3300 1889 ah
3325 1835 3461 1907 ipsis
3485 1849 3581 1905 pn-

313 1941 517 2005 αὺτοὺς
547 1942 699 2013 μήτι
727 1939 878 2012 πάθῃ
925 1939 1057 2010 παρ’
1112 1935 1313 1995 αὐτῶν,
1372 1933 1511 1989 ἀλλά
1563 1928 1899 2000 φοϐούμενος

2024 1944 2253 1993 eretur:
2286 1932 2382 1990 sed
2405 1941 2656 1989 metuens
2680 1944 2751 1986 ne
2782 1928 3172 1984 oﬁ‘endiculum
3205 1927 3351 1997 passi
3398 1924 3584 1981 resili-

325 2035 402 2106 μὴ
449 2031 960 2097 πανδαλισθέντες,
1017 2028 1467 2098 ἀποσκιρτήσωσι
1506 2024 1606 2091 τῆς
1635 2021 1894 2082 πίστεως.

321 2146 344 2179 ι
367 2127 479 2181 Καὶ
504 2123 981 2195 συνυπεκρίθησαν
1005 2119 1176 2191 αὐτῷ.
1214 2139 1234 2174 ι
1251 2119 1574 2187 ’Υπόκρισιν
1593 2114 1655 2168 τὸ
1670 2111 1903 2184 πρᾶγμα

319 2214 507 2279 καλεῖ,
559 2214 647 2268 ἵνα
687 2214 722 2283 ἡ
788 2210 1072 2282 οἰκονομία
1130 2205 1588 2276 ὲκκαλυπτομένη
1622 2246 1636 2271 ,
1697 2201 1897 2273 μηκέτι

320 2306 508 2377 ὠφελῇ
564 2307 693 2369 τοὺς
722 2306 787 2358 ὲκ
810 2302 1117 2376 περιτομῆς
1158 2301 1409 2363 πιστούς.
1474 2317 1493 2350 ι
1517 2297 1626 2350 Καὶ
1646 2297 1696 2349 οἰ
1724 2291 1905 2347 λοιποὶ

335 2399 601 2453 Ἰουδαῖοι.
654 2415 673 2450 ι
721 2392 907 2451 Ἦσαν
962 2394 1074 2465 γὰρ
1131 2394 1226 2448 καὶ⁵
1269 2391 1420 2447 ἄλλοι
1474 2391 1540 2443 ὲκ
1590 2384 1899 2460 περιτομῆς
1945 2399 1953 2405 ’

320 2490 513 2543 πιστοὶ
542 2491 622 2552 εἰς
663 2486 1019 2558 Ἀντιόχειαν,
1050 2482 1101 2539 οι
1128 2484 1222 2538 καὶ
1249 2481 1432 2544 αὐτοὶ,
1464 2479 1654 2550 φησὶν,
1692 2474 1904 2546 ἀφώρι-

337 2598 442 2635 σαν
470 2581 700 2643 ἑαυτοὺς
731 2580 797 2633 ὲκ
829 2578 938 2633 τῶν
954 2576 1027 2643 ’ἐξ
1051 2573 1441 2649 ἀκροϐυστίας,
1467 2570 1557 2626 διὰ
1576 2568 1703 2631 τοὺς
1724 2564 1905 2621 ἐλθόν-

326 2690 430 2736 τας
455 2672 571 2727 ἀπὸ
609 2670 887 2729 Ἰακώϐου.
1536 2662 1539 2667 ’

413 2766 580 2821 Ἀλλ’
630 2763 731 2819 ὅτε
812 2760 1100 2818 εἶδον-’ὅτι
1158 2762 1273 2815 οὐκ
1309 2752 1711 2827 ὀρθοποδοῦσι
1757 2749 1909 2819 πρὸς

329 2859 450 2925 τὴν
479 2844 772 2924 ἀλήθειαν
826 2854 935 2911 τοῦ
982 2852 1387 2924 Ἐὐαγγελίου,
1447 2845 1623 2903 εἶπον
1679 2844 1759 2909 τῷ
1788 2840 1905 2897 ’Πέ-

330 2967 453 3020 spot
499 2945 840 3020 ἔμπροσθεν
878 2942 1122 3001 πάντων
1142 2964 1156 2977 ·
1213 2945 1285 2997 Εί
1330 2941 1413 2996 σὺ
1480 2937 1758 3002 Ἰουδαῖος
1796 2939 1909 2990 ὑπ·
1956 2962 1963 2965 -

333 3046 560 3115 ἄρχων,
615 3038 866 3108 ἐθνικῶς
909 3037 1012 3109 ζῇς
1063 3037 1162 3093 καί
1186 3038 1314 3093 ,οὐκ
1354 3026 1722 3096 Ἰουδαϊκῶς,
1753 3028 1811 3082 τί
1837 3027 1911 3082 τὰ

337 3140 489 3205 ἔθνη
577 3128 928 3204 ἀναγκάζεις
1007 3127 1402 3192 Ἰουδαΐζειν;
1452 3120 1665 3190 ’Ἡμεῖς
1729 3122 1911 3192 φύσει
1960 3129 1965 3137 ’

2004 2037 2131 2086 rent
2154 2036 2186 2084 a
2219 2028 2344 2084 llde.
2385 2047 2404 2081 ι
2440 2028 2516 2083 Ac
2542 2025 2880 2082 simulabant
2910 2038 3036 2077 cum
3066 2036 3152 2077 eo.
3187 2039 3205 2071 ι
3261 2018 3583 2073 Simulatio-

2005 2134 2130 2178 nem
2168 2119 2403 2191 appellat
2421 2133 2536 2174 rem
2570 2118 2771 2188 ipsam.
2795 2113 2875 2170 sic
2900 2122 2958 2168 ut
2999 2106 3211 2167 occulta
3244 2108 3584 2173 disnensatio

2002 2213 2116 2285 jam
2151 2228 2257 2268 non
2300 2210 2587 2281 prodesset
2619 2206 2970 2263 credentibus
3008 2218 3075 2259 ex
3133 2200 3584 2256 circumcisione.

2016 2326 2035 2360 ι
2071 2307 2263 2363 Caeteri
2289 2319 2507 2377 quoque
2530 2301 2725 2359 Judaei.
2764 2321 2783 2355 ι
2825 2297 2995 2354 Erant
3026 2297 3171 2352 enim
3191 2303 3243 2350 et
3276 2293 3366 2349 alii
3398 2310 3461 2348 ex
3483 2292 3590 2346 cir-

2010 2398 2352 2456 cumcisione
2393 2396 2683 2453 credentes
2725 2392 3053 2459 Antiochiae,
3094 2390 3189 2459 qui
3223 2398 3278 2443 et
3334 2388 3462 2457 ipsi,
3506 2387 3589 2439 iu-

2010 2493 2151 2566 quit,
2185 2488 2545 2562 segregabam
2574 2489 2788 2558 seipsos
2819 2488 2887 2541 ab
2911 2486 2982 2541 iis
3014 2483 3104 2554 qui
3139 2498 3207 2538 ex
3246 2478 3591 2551 prmptttiatis

2011 2585 2127 2641 sive
2161 2580 2564 2639 incircumcisis
2594 2588 2750 2636 erant
2776 2587 2995 2649 propter
3023 2590 3120 2632 eos
3161 2573 3255 2646 qui
3304 2586 3333 2626 a
3367 2568 3580 2625 Iacobo

2014 2680 2300 2729 venerant.

2083 2764 2146 2824 ll.
2176 2763 2364 2818 14-17.
2401 2761 2588 2816 Verum
2612 2761 2704 2815 ubi
2729 2759 2978 2814 vidissem
3012 2755 3152 2828 quod
3187 2771 3291 2809 non
3320 2762 3461 2807 recte
3509 2751 3595 2804 in-

2015 2858 2253 2913 cederent
2292 2856 2361 2909 ad
2404 2856 2675 2909 veritatem
2712 2849 3006 2920 Evangelii,
3032 2848 3148 2902 dixi
3201 2843 3364 2899 Petro
3411 2856 3593 2896 coram

2015 2947 2257 3003 omnibus
2283 2961 2302 3000 :
2338 2944 2397 3000 Si
2429 2958 2489 2996 tu
2522 2958 2640 2996 cum
2672 2941 2747 2996 sis
2774 2938 3023 2996 Iudaeus,
3059 2933 3324 3004 gentiliter
3364 2928 3490 2985 vivis
3535 2943 3598 2980 ac

2016 3057 2122 3096 non
2137 3038 2381 3097 Judaice,
2406 3052 2500 3090 enr
2522 3041 2695 3105 gentes
2725 3030 2868 3102 cogis
2891 3024 3223 3100 judaizare?
3264 3019 3379 3076 Nos
3399 3030 3597 3074 natura

2016 3132 2198 3188 Judaei
2249 3142 2298 3187 et
2368 3146 2469 3184 non
2527 3143 2592 3182 ea:
2667 3124 2910 3196 gentibus
2975 3128 3274 3191 peccatores
3302 3155 3317 3180 ,
3375 3112 3597 3168 scientes

351 3203 620 3284 Ἰουδαῖοι
651 3203 750 3281 καί
793 3225 906 3279 οὐκ
932 3222 1001 3287 ἐξ
1030 3219 1222 3278 ἐθνῶν
1260 3216 1631 3289 ἁμαρτωλοί,
1690 3212 1912 3279 ειδότες

2024 3243 2122 3281 non
2177 3221 2475 3294 justiﬁcari
2524 3219 2785 3291 hominem
2838 3229 2905 3270 ex
2972 3209 3217 3282 operibus
3266 3208 3433 3278 legis.
3497 3203 3601 3258 nisi

343 3321 436 3376 ὅτι
477 3321 550 3375 οὐ
595 3315 924 3373 δικαιοῦται
959 3314 1272 3384 ἄνθρωπος
1324 3309 1395 3377 ἐξ
1449 3309 1639 3379 ἔργων
1704 3307 1915 3381 νόμου,

342 3411 456 3469 ἐὰν
477 3409 565 3482 μὴ
587 3407 685 3464 διὰ
740 3408 1001 3474 πίστεως
1046 3398 1246 3473 ἰησοῦ
1285 3394 1562 3472 Χριστοῦ.
1607 3399 1715 3456 Καί
1749 3399 1919 3468 ἡμεῖς

343 3509 437 3572 εις
458 3502 715 3571 Χριστὸν
754 3499 992 3569 Ἰησοῦν
1026 3498 1498 3567 ἐπιστεύσαμεν,
1547 3494 1651 3547 ἵνα
1685 3490 1923 3546 δικαιω-

347 3597 544 3666 θῶμεν
599 3596 666 3651 ἐκ
717 3595 979 3658 πίστεως
1015 3591 1298 3660 Χριστοῦ,
1339 3591 1442 3643 καί
1476 3588 1589 3644 οὐκ
1617 3585 1687 3651 ἐξ
1735 3583 1927 3654 ἔργων

346 3692 561 3760 νόμον.
614 3688 770 3744 Διότι
805 3688 879 3741 οὺ
915 3683 1373 3749 δικαιωθήσεται
1410 3681 1480 3746 ἐξ
1516 3679 1707 3749 ἔργων
1736 3677 1927 3759 νόμου

350 3756 523 3846 πάσα
565 3783 744 3855 σάρξ.
792 3783 860 3836 El
915 3780 986 3835 δὲ
1035 3777 1350 3846 ζητοῦντες
1415 3771 1802 3841 δικαιωθῆναι
1833 3756 1931 3855 Aer

352 3876 607 3949 Χριστῷ,
645 3852 996 3946 ἐὑρέθημεν
1046 3869 1143 3925 καί
1192 3866 1364 3924 αὐτοὶ
1413 3863 1774 3935 ἁμαρτωλοὶ,
1817 3852 1935 3930 ἆρα

354 3970 618 4041 Χριστὸς
639 3965 929 4039 ἁμαρτίας
955 3962 1275 4026 διὰκονος;
1304 3956 1402 4026 Μὴ
1431 3956 1666 4027 γένοιτο

430 4063 532 4135 οἵᾳ
552 4061 764 4132 διανοίᾳ
794 4059 1014 4130 εἴρηται
1041 4054 1125 4119 τὸ,
1165 4068 1184 4105 ι
1209 4047 1695 4121 Συνυπεκρίθησαν
1715 4043 1887 4115 αὐτῷ,
1910 4061 1931 4096 ι

357 4133 584 4225 τοιαυτῃ
606 4153 698 4207 καὶ
722 4150 803 4214 τὸ,
839 4149 983 4202 «Οὐκ
1001 4139 1439 4217 όρθοδοποῦσιν,ι
1474 4137 1691 4210 ἐλέχθη.
1723 4135 1798 4190 06
1827 4133 1938 4203 γὰρ

362 4245 616 4318 βούλεται
660 4243 760 4314 τὴν
819 4237 1134 4309 οἰκονομίαν
1168 4231 1544 4303 ἀνακαλῦψαι.
1600 4248 1619 4283 ι
1648 4229 1793 4299 Πρὸς
1838 4226 1941 4297 τὴν

360 4316 621 4407 ἀλήθειαν
674 4332 768 4389 τοῦ
825 4328 1182 4401 Εὑαγγελίου.
1211 4345 1232 4381 ι
1281 4324 1348 4379 Ἦ
1392 4323 1504 4395 γὰρ
1558 4316 1785 4392 ἀλήθεια
1839 4316 1936 4371 τοῦ

284 4432 289 4439 ’
364 4427 699 4499 Εὐαγγελίου
726 4410 845 4479 εστὶ
869 4423 930 4478 es
962 4424 1099 4494 μήτε
1139 4416 1520 4497 περιτέμνειν.
1555 4413 1695 4483 μήτε
1726 4410 1945 4479 ἀποχω-

370 4492 614 4594 ρεῖνντιῦν
631 4520 690 4588 ἐξ
715 4492 1081 4589 ἀκροϐυστίας
1103 4511 1334 4567 πιστῶν.
1373 4492 1401 4560 ἰ
1424 4506 1540 4561 οὐκ
1562 4503 1642 4560 ενι
1661 4501 1770 4575 γάρ
1814 4502 1946 4556 Ἰου-

365 4621 513 4680 δαῖος
559 4613 679 4670 οὐδὲ
715 4610 938 4680 Ἕλλην.
979 4627 998 4661 ι

446 4706 664 4764 «Εἰπὼν
692 4703 771 4776 τῷ
790 4696 982 4772 Πέτρῳ
1003 4696 1311 4769 ἔμπροσθεν
1338 4693 1577 4749 πάντων.
1604 4708 1624 4744 ι
1669 4688 1837 4761 Ὁρᾷς
1861 4687 1944 4742 ὅτι

369 4803 460 4860 διὰ
477 4800 634 4856 τοῦτο
650 4795 958 4870 ἔμπροσθεν
978 4791 1195 4846 πάντων
1212 4786 1500 4858 ἐμέμψατο
1516 4784 1595 4856 τῷ
1616 4782 1829 4854 Πέτρῳ,
1847 4780 1946 4852 οὐχ

373 4896 464 4950 ἶνα
484 4892 692 4963 Πέτρου
723 4880 998 4955 καταγνῷ,
1027 4874 1142 4936 ἀλλ’
1172 4879 1260 4933 ἵνα
1277 4878 1406 4940 τοὺς
1425 4876 1488 4930 ἐκ
1510 4874 1831 4946 περιτομῆς,
1850 4889 1948 4926 κα-

288 4990 295 4993 ’
376 4983 486 5048 θὼς
502 4956 846 5052 προείρηται,
861 4974 1142 5046 ὠφελήσῃ.
1161 4970 1254 5025 (Εἰ
1275 4970 1341 5024 σὺ
1358 4966 1609 5031 Ἰουδαῖος
1625 4966 1906 5037 ὑπάρχων.
1921 4982 1940 5016 ι
1974 4956 1979 4965 ’

377 5076 558 5143 Μόνον
580 5067 950 5140 οὐῐφανερῶς
978 5061 1100 5119 εἶπε
1149 5062 1260 5125 τοῖς
1285 5059 1395 5115 ἀπὸ
1431 5056 1725 5112 Ἰακώϐου’
1757 5057 1949 5128 Μιμήο

382 5163 552 5219 σασθε
598 5163 689 5216 τὸν
707 5156 1060 5229 ᾗδιδὰσκαλον
1120 5150 1276 5224 ὑμῶν
1305 5148 1539 5211 ὲθνικῶς
1562 5146 1765 5212 ζῶντα,
1790 5162 1954 5201 τουτ-

382 5258 569 5318 έστιν,
633 5252 1095 5324 ἀπαρατηρήτως.
1169 5244 1342 5301 Τοῦτο
1396 5243 1506 5314 γὰρ
1556 5241 1993 5308 κατασκευάζει

382 5353 449 5405 bc
480 5350 579 5419 τῆς
608 5346 746 5420 πρὸς
775 5347 982 5418 Πέτρον
1008 5340 1244 5415 ὁμιλίας.
1287 5356 1305 5391 t
1327 5337 1394 5391 Τί
1416 5335 1484 5389 τὰ
1512 5333 1640 5405 ἔθνη
1667 5353 1683 5403 ;
1715 5353 1734 5386 ι
1769 5335 1836 5390 '0
1864 5333 1953 5401 σὺ,

384 5444 541 5513 φησὶ,
575 5442 652 5514 μὴ
678 5444 876 5505 ποιεῖς,
938 5440 1074 5509 μήτε
1133 5434 1326 5497 ἄλλους
1378 5426 1677 5497 ἀνάγκαζε.
1724 5428 1879 5482 Διατί
1900 5428 1958 5483 δὲ

389 5533 465 5603 μὴ
490 5528 632 5597 εἰπε,
667 5529 736 5585 Τί
766 5531 891 5593 τοὺς
926 5530 990 5581 ὲκ
1016 5523 1323 5595 περιτομῆς
1361 5516 1692 5585 ἀναγκάζεις
1728 5517 1956 5571 Ἰουδαΐ-

385 5624 534 5688 ζειν;
561 5624 670 5678 Καὶ
698 5622 808 5693 γὰρ
839 5619 908 5675 δι’
935 5616 1175 5679 ἑκείνους
1206 5612 1380 5668 ταῦτα
1422 5606 1662 5675 ἐλέγετο,
1697 5609 1793 5663 καὶ¹
1823 5611 1958 5664 ἀκο-

384 5714 605 5767 λουθίαν
658 5709 805 5784 εἶχεν
829 5710 1001 5773 οὕτως
1025 5705 1303 5778 λεχθῆναι.
1368 5702 1557 5765 Οὕτως
1583 5700 1638 5755 δὲ
1666 5695 1840 5767 εἶπεν,
1869 5700 1958 5755 ἵνα

464 5896 486 5925 ⁶
512 5892 701 5948 Matth.
725 5903 878 5954 xvm,
907 5888 993 5942 15.

2019 3332 2112 3387 rer
2155 3291 2330 3383 [idem
2364 3309 2495 3364 Jesu
2551 3305 2797 3369 Christi;
2852 3319 2947 3357 nos
2986 3303 3043 3355 in
3094 3297 3369 3353 Christum
3415 3291 3600 3348 Iesum

2021 3384 2368 3469 credidimus,
2404 3410 2459 3455 ut
2498 3396 2926 3471 justiﬁcaremur
2954 3408 3019 3448 ea:
3050 3390 3155 3461 ﬁde
3181 3388 3311 3443 Jesu
3352 3384 3556 3441 Christi
3585 3423 3600 3447 ,

2022 3508 2072 3553 et
2102 3513 2206 3551 non
2233 3511 2298 3551 ea:
2322 3491 2563 3558 operibus
2599 3490 2749 3560 legis,
2783 3486 3038 3559 quoniam
3083 3498 3185 3536 non
3208 3475 3606 3550 justi/icabitur

2024 3607 2089 3648 ex
2121 3588 2361 3660 operibus
2379 3586 2505 3659 legis
2532 3584 2702 3637 omnis
2722 3597 2872 3637 caro.
2907 3575 3061 3646 Quod
3080 3575 3148 3641 si,
3171 3573 3298 3626 dum
3320 3569 3613 3642 quaerimus

2019 3657 2318 3753 iustiﬁcari
2347 3657 2439 3750 per
2471 3674 2768 3739 Christum,
2805 3667 2999 3739 reperti
3033 3679 3218 3720 sumus
3252 3671 3304 3717 et
3358 3657 3462 3723 ipsi
3490 3671 3612 3727 pec-

2030 3748 2261 3839 catores,
2306 3748 2432 3827 num
2470 3785 2595 3842 ergo
2639 3764 2888 3822 Christus
2941 3760 3145 3831 peccati
3206 3752 3451 3809 minister
3487 3748 3620 3804 est!

2033 3868 2184 3923 Absit
2208 3868 2228 3921 !

2107 4043 2308 4100 Eodem
2339 4039 2619 4096 intellectu
2678 4048 2790 4105 quo
2817 4032 3025 4088 dictum
3049 4033 3158 4093 est,
3207 4042 3226 4078 ι
3265 4020 3624 4080 εἰωυιειηιηο

2040 4153 2164 4195 cum
2198 4146 2288 4196 eo,
2326 4152 2347 4187 ι
2381 4133 2547 4189 etiam
2601 4127 2812 4184 dictum
2841 4130 2948 4189 est,
2983 4141 3003 4175 ι
3036 4119 3157 4175 Non
3188 4122 3340 4173 recte
3394 4113 3631 4169 incede:

2040 4237 2182 4286 rent.
2198 4224 2343 4281 tNon
2369 4223 2483 4280 vult
2511 4219 2656 4277 enim
2669 4213 3132 4288 dispensationem
3151 4207 3312 4280 733
3338 4206 3614 4275 detegere.

2049 4339 2069 4373 ι
2098 4317 2180 4374 Ad
2209 4317 2496 4374 veritatem
2537 4308 2842 4381 Evangelii.
2880 4325 2899 4359 ι
2929 4302 3066 4360 Nam
3104 4301 3308 4358 veritas
3340 4295 3622 4369 Evangelii

2045 4420 2129 4467 est
2150 4423 2325 4480 neque
2358 4402 2703 4468 circumcidi,
2728 4413 2907 4470 neque
2938 4411 2968 4452 a
3001 4393 3253 4451 ﬁdelibus
3270 4387 3631 4448 circumcisis

2048 4479 2348 4573 segregari,
2373 4496 2643 4567 siquidem
2681 4510 2701 4546 ‹
2730 4490 2850 4547 Νοη
2895 4495 2981 4546 est
3005 4483 3228 4543 Judauts
3259 4496 3437 4554 neque
3473 4479 3635 4537 Cras-7

1974 4598 2017 4653 D
2045 4610 2166 4652 cus.
2206 4612 2226 4648 ι

2128 4705 2147 4739 ι
2160 4686 2279 4743 Dixi
2303 4684 2467 4740 Petro
2480 4693 2664 4737 coram
2690 4678 2971 4735 omnibus.
2984 4694 3002 4727 ι
3028 4672 3196 4728 Vides
3211 4670 3355 4742 quod
3370 4675 3626 4741 propter-

2050 4795 2116 4837 ea
2157 4792 2343 4836 coram
2377 4773 2635 4831 omnibus
2656 4765 3273 4842 reprehenditPetrum,
3300 4778 3408 4817 non
3446 4759 3633 4816 utPe-

2053 4883 2199 4928 trum
2227 4856 2641 4929 condemnaret,
2693 4863 2789 4918 sed
2815 4869 2876 4916 ut
2911 4861 2980 4917 iis
3013 4860 3105 4929 qui
3138 4874 3206 4914 ex
3246 4854 3624 4913 circumcisio-

2055 4978 2126 5019 ne
2157 4969 2317 5018 erant
2355 4958 2665 5031 prodesset.
2710 4973 2729 5007 ι
2768 4952 2827 5009 Si
2883 4959 2938 5007 tu
3010 4965 3136 5006 cum
3188 4945 3413 5005 Judmus
3468 4946 3566 5002 sis.
3606 4964 3629 4996 ι

2056 5055 2291 5110 Tantum
2311 5066 2422 5107 non
2442 5049 2582 5106 dixit
2596 5055 2782 5119 aperte
2800 5044 2889 5100 bis
2911 5043 3006 5114 qui
3038 5058 3066 5097 a
3088 5041 3296 5097 Jacobo
3320 5045 3584 5096 venerant
3612 5053 3629 5092 :

2056 5141 2351 5202 lmitamini
2387 5146 2775 5213 praeceptorem
2803 5134 3045 5190 νοέω-ηπ)
3107 5131 3382 5203 gentiliter
3435 5129 3633 5183 viven-

2057 5246 2192 5305 tem,
2223 5235 2331 5291 ltoc
2366 5242 2473 5298 est,
2524 5224 2677 5285 nullo
2715 5225 3041 5283 discrimine
3070 5241 3085 5279 :
3121 5238 3247 5279 nam
3304 5221 3407 5276 hoc
3435 5218 3637 5274 astruit

2061 5344 2127 5384 ex
2178 5324 2547 5382 collocutione
2593 5319 2661 5374 ad
2694 5319 2941 5375 Petrum.
2980 5334 2999 5368 ‹
3029 5314 3140 5371 Cur
3175 5320 3386 5383 gentes.
3426 5328 3445 5362 ι
3476 5307 3637 5374 Quod

2062 5430 2145 5485 tu,
2197 5417 2399 5488 inquit,
2440 5430 2547 5470 non
2600 5412 2761 5477 iacis,
2813 5423 2995 5482 neque
3045 5407 3183 5461 alios
3232 5402 3413 5458 facere
3440 5415 3635 5470 cogas.

2062 5514 2247 5581 Quare
2276 5517 2458 5565 autem
2484 5521 2593 5562 non
2616 5504 2750 5561 dixit
2779 5526 2797 5559 ι
2834 5502 3015 5571 Quare
3047 5514 3144 5556 eos
3179 5496 3270 5566 qui
3309 5507 3375 5549 ex
3404 5491 3637 5547 cireum-

2062 5608 2272 5663 cisione
2298 5609 2426 5659 sunt
2444 5599 2596 5672 cogis
2617 5593 2943 5669 judaizare?
2982 5587 3250 5661 siquidem
3266 5593 3491 5657 propter
3512 5585 3643 5640 illos

2062 5699 2181 5754 haec
2200 5694 2438 5757 dicebat,
2480 5700 2534 5748 et
2574 5689 2849 5747 sermonis
2879 5680 3268 5753 consequentia
3302 5690 3423 5734 erat
3471 5687 3531 5733 ut
3563 5679 3640 5733 ita
