3956 6590
449 441 584 502 1l19

1535 444 1933 505 GECUMENII
1971 442 2262 504 TRICCE
2303 441 2642 501 EPISCOPI

3567 434 3702 499 1120

444 553 675 618 frus-Ta,
705 550 748 604 si
772 560 945 604 tamen
981 559 1028 604 et
1050 548 1278 620 frustra.
1316 552 1419 615 Qui
1448 551 1608 619 igitur
1636 551 2010 606 subministrat

2120 549 2274 618 εικῆ,
2312 550 2438 618 εἴτε
2487 534 2601 602 καθ
2638 546 2792 614 εικῆ.
2835 546 2896 597 '0
2951 544 3065 598 οὖν
3117 541 3499 612 ἐπιχορηγῶν
3549 544 3698 614 ὑμῖν

443 641 588 696 vobis
614 642 898 708 Spiritum,
923 653 1173 711 operatur
1199 641 1417 696 virtutes
1445 646 1498 696 in
1530 645 1695 710 vobis,
1730 654 1911 697 utrum
1959 658 2028 698 ex

445 732 690 798 operibus
750 734 900 804 legis,
941 750 1010 786 an
1049 748 1114 787 ex
1166 731 1547 802 pra’dicatione
1591 736 1716 805 ﬁdei
1770 734 1824 788 id
1853 724 2030 803 facit?

447 824 905 890 Quemadmodum
923 827 1190 881 Abraham
1213 827 1438 881 credidit
1466 828 1598 892 Deo,
1637 841 1686 883 et
1707 829 2025 898 imputatum

442 929 522 976 est
553 920 638 974 illi
670 918 1048 988 adjustitiam.

519 1009 617 1064 Uhi
651 1009 1048 1064 demonstravit
1071 1008 1317 1079 seipsum
1347 1023 1457 1062 non
1482 1009 1550 1063 ab
1571 1008 1907 1074 hominibus,
1927 1011 2019 1064 sed

442 1115 472 1154 a
510 1099 740 1155 Domino
764 1100 934 1156 fuisse
961 1101 1238 1166 edoctum,
1287 1100 1480 1170 majori
1511 1115 1660 1155 nunc
1695 1101 2022 1156 auctoritate

443 1191 630 1256 docet,
668 1192 1139 1260 comparationem
1179 1192 1316 1263 legis
1349 1206 1413 1246 ac
1441 1191 1562 1247 fidei
1596 1191 1823 1248 faciens.
1867 1193 2017 1248 Stul-

441 1291 528 1339 tos
577 1291 760 1340 autem
820 1295 978 1340 vocat
1016 1288 1184 1356 ipsos.
1231 1284 1373 1342 Vere
1417 1287 1565 1340 enim
1605 1287 1832 1341 stultum
1874 1297 1958 1344 est
1987 1303 2018 1343 a

439 1376 662 1430 Christo
689 1376 994 1441 discedere,
1028 1379 1246 1449 legique
1307 1379 1610 1434 adhaerere.
1641 1399 1659 1432 ι
1692 1379 1828 1446 Quis
1861 1381 2015 1435 vobis

441 1465 674 1521 invidit?
698 1487 716 1520 ι
762 1469 960 1538 inquit.
991 1467 1108 1523 Non
1154 1469 1314 1534 dixit,
1344 1471 1478 1536 Quis
1512 1472 1664 1526 vobis
1714 1473 2019 1542 imposuit?

441 1572 511 1612 ne
543 1559 899 1628 Opprobrium
937 1561 1194 1615 misceret
1240 1562 1563 1630 opprobrio;
1598 1562 1715 1625 sed,
1763 1563 1898 1629 Quis
1939 1565 2016 1620 iu-

441 1649 698 1720 dignatus
723 1663 825 1716 est,
859 1653 978 1709 sive
1009 1654 1201 1708 invidit
1227 1655 1249 1706 ?
1277 1654 1579 1710 ostendens
1614 1670 1808 1726 magna
1841 1655 2016 1711 fuisse

435 1757 505 1819 ea
538 1761 660 1812 qua:
701 1745 859 1814 prius
919 1747 1310 1816 operabantur.
1343 1765 1364 1799 ι
1410 1747 1622 1814 Quibus
1671 1763 1784 1819 prae
1836 1749 2012 1806 oculis

441 1835 600 1891 Jesus
632 1837 938 1894 Christus.»
959 1839 1122 1909 Atqui
1148 1837 1540 1908 Hierosolymis
1567 1841 1866 1897 crucifixus
1887 1850 2009 1897 est:

441 1931 716 1998 quomodo
755 1946 886 2001 ergo
925 1933 1001 1986 ait
1063 1950 1076 1987 :
1126 1933 1328 1998 Quibus
1381 1949 1491 2000 prae
1547 1936 1714 1989 oculis
1756 1942 1813 1990 et
1875 1937 2015 1991 inter

440 2023 572 2075 vos?
604 2022 860 2080 Ostendit
885 2026 992 2080 vim
1033 2025 1179 2090 ﬁdei,
1210 2042 1330 2097 quae
1362 2027 1528 2081 etiam
1569 2030 1764 2098 procul
1799 2029 2014 2086 distan-

440 2115 515 2166 tia
551 2116 836 2184 prOSpicit.
871 2117 1124 2172 Attamen
1149 2120 1277 2189 quia
1310 2120 1568 2190 Depictus
1589 2131 1674 2177 est
1697 2121 1866 2186 dixit,
1897 2125 2014 2178 sive

439 2204 773 2275 descriptus.
816 2224 1010 2277 nempe
1061 2226 1157 2279 per
1198 2212 1606 2281 praedicationis
1659 2218 2012 2285 scripturam,

442 2299 784 2354 tantumdem
826 2308 910 2354 est
968 2317 1032 2356 ac
1091 2303 1137 2356 si
1191 2304 1396 2358 diceret
1445 2324 1458 2360 :
1507 2306 1830 2362 Praedicatio
1887 2309 2014 2378 qui-

439 2389 563 2443 dem
626 2391 873 2460 depinxit
943 2395 1096 2450 vobis
1145 2405 1375 2456 crucem?
1433 2413 1498 2453 ac
1561 2409 1790 2455 mortem
1855 2401 2016 2457 Chri-

439 2482 533 2543 sti.
583 2498 681 2539 vos
725 2493 905 2540 autem
957 2487 1134 2542 oculis
1194 2488 1322 2543 ﬁdei
1371 2497 1630 2559 tanquam
1686 2501 2010 2561 praesentem

439 2574 620 2643 ipsum
650 2575 867 2633 vidistis
911 2595 923 2631 :
962 2580 1037 2634 ita
1067 2582 1211 2635 enim
1247 2583 1583 2650 credidistis,
1617 2599 1681 2639 ac
1731 2586 1777 2641 si
1838 2588 2010 2659 ipsam

439 2663 649 2722 Christi
701 2677 932 2725 mortem
996 2673 1179 2728 intuiti
1241 2675 1460 2731 essetis.
1508 2709 1578 2719 —
1615 2697 1634 2729 ι
1678 2675 1790 2734 lloc
1837 2660 2012 2736 solum

441 2759 606 2826 cupio
625 2761 844 2817 discere
883 2777 913 2816 a
955 2764 1130 2821 vobis.
1172 2784 1191 2819 ι
1220 2766 1516 2833 Quoniam,
1565 2770 1766 2840 inquit,
1802 2780 2012 2827 tantam

441 2849 907 2918 dispensationem
961 2869 1068 2910 non
1115 2857 1575 2927 animadvertitis,
1629 2863 1794 2918 breve
1841 2865 2015 2934 quod-

441 2942 568 2997 dam
593 2946 818 3000 verbum
848 2948 1045 3018 loquor
1074 2950 1142 3005 ad
1176 2966 1272 3006 vos
1307 2969 1322 3007 :
1364 2969 1495 3008 num
1536 2971 1633 3024 per
1663 2957 1798 3028 legis
1845 2973 2012 3029 Opera

438 3033 704 3105 Spiritum
733 3038 1006 3098 {sanctum
1063 3047 1374 3114 accepistis,
1437 3056 1729 3117 tantasque
1775 3051 2010 3108 virtutes

438 3141 504 3181 ac
533 3130 687 3199 signa
709 3133 918 3200 operati
947 3135 1104 3201 estis,
1123 3150 1190 3190 an
1211 3152 1305 3207 per
1339 3137 1496 3193 fidem
1517 3140 1540 3192 ?
1564 3143 2006 3215 quandoquidem

2131 643 2197 696 τὸ
2228 642 2482 710 πνεῦμα,
2519 640 2615 694 καὶ
2655 638 2914 708 ἐνεργῶν
2964 636 3248 706 δυνάμεις
3287 637 3360 690 ἐν
3415 635 3586 706 ὑμῖν.
3637 637 3704 702 ἐξ

2127 735 2318 802 ἔργων
2390 734 2621 802 νόμου.
2667 733 2705 802 ἢ
2757 731 2822 796 ἐξ
2875 731 3068 800 ἀκοῆς
3118 731 3426 797 Marsae;
3495 729 3701 795 Καθὼς

2140 824 2384 895 Ἀϐραὰμ
2407 825 2737 880 ἐπίστευσε
2762 822 2842 889 τῷ
2878 820 3019 888 Θεῷ,
3073 823 3171 878 και
3209 822 3500 891 ἐλογίσθη
3539 817 3699 883 αὐτῷ

2123 920 2210 982 εις
2234 916 2649 985 δικαιοσύνην.

2207 1006 2522 1072 ’Υποδείξας
2546 1007 2738 1061 ἑαυτὸν
2801 1004 2878 1078 μὴ
2911 1006 3063 1076 παρὰ
3090 1004 3420 1076 ἀνθρώπων,
3447 1005 3565 1058 ἀλλ’
3592 1006 3697 1058 ὑπὸ

2122 1099 2217 1153 τοῦ
2255 1099 2460 1171 Κυρίου
2493 1097 2898 1169 δεδιδαγμένον,
2925 1098 3020 1152 νῦν
3073 1099 3214 1168 μετά
3240 1098 3489 1162 πλείονος
3509 1099 3696 1154 αὐθενσ

2121 1192 2240 1252 τίας
2284 1191 2549 1257 διδάσκει,
2577 1190 2866 1261 σύγκρισιν
2891 1190 2988 1244 τοῦ
3017 1190 3183 1260 νόμου
3207 1192 3299 1243 καὶ
3335 1191 3437 1260 τῆς
3464 1191 3696 1254 πίστεως

2123 1288 2469 1360 ποιούμενος.
2514 1288 2804 1358 Ἀνοήτους
2832 1287 2888 1340 δὲ
2944 1288 3146 1350 αὖτοὺς
3195 1287 3372 1341 καλεῖ.
3431 1286 3542 1340 Καὶ
3589 1286 3695 1356 γὰρ

2119 1380 2289 1444 δντως
2335 1379 2563 1450 ἀνόητον
2589 1379 2671 1442 τὸ,
2696 1380 2914 1448 ἀφεῖναι
2967 1379 3206 1449 Χριστὸν
3239 1418 3253 1440 ,
3326 1378 3422 1434 καὶ
3479 1378 3694 1448 ἔχεσθαι

2116 1474 2212 1528 τοῦ
2259 1473 2447 1543 νόμου.
2487 1493 2504 1525 ι
2533 1472 2630 1536 Τίς
2703 1473 2869 1543 ὑμᾶς,
2929 1473 3116 1542 φησὶν,
3155 1473 3496 1536 ὲϐάσκανεν;
3529 1490 3547 1523 ι
3583 1473 3692 1524 Οὐκ

2117 1564 2261 1630 εἷπε,
2300 1568 2398 1631 Τίς
2451 1567 2595 1637 ὑμᾶς
2641 1566 2961 1636 ὴπάτησενλς
3003 1567 3089 1619 ἵνα
3136 1566 3212 1636 μὴ
3263 1565 3537 1635 λοιδορίαν
3602 1565 3690 1617 ἐπὶ

2115 1659 2353 1730 λοιδορίᾳ
2390 1657 2554 1732 μίξῃ·
2592 1659 2750 1724 ἀλλά,
2801 1658 2899 1722 Τίς
2929 1659 3201 1712 ἑϐάσκανε
3248 1659 3342 1710 καὶ
3400 1656 3687 1727 ἐφθόνησες

2114 1751 2330 1814 δεικνὺς
2370 1749 2497 1815 ἀξια
2550 1750 2747 1818 φθόνου
2785 1749 2891 1820 πρὸ
2913 1748 3106 1802 τούτου
3144 1749 3510 1818 πράττοντας.
3549 1765 3566 1797 ι
3601 1739 3690 1807 Οἷς

2118 1841 2239 1895 κατ’
2299 1841 2612 1911 ὀφθαλμοὺς
2669 1839 2880 1907 Ἰησοῦς
2945 1839 3250 1909 Χριστός.)
3313 1834 3426 1890 Καὶ
3485 1835 3588 1904 μὴν
3636 1837 3691 1887 ὲν

2131 1931 2488 2002 Ἰερουσαλὴμ
2515 1930 2856 2002 ἐσταυρώθη.
2900 1929 3024 1994 Πῶς
3057 1925 3152 1983 οῦν
3186 1946 3378 2000 φησιν,
3431 1923 3532 1990 Οἷς
3566 1925 3688 1978 κατ’

2117 2026 2486 2096 ὀφθαλμοὺς,
2511 2024 2628 2090 καὶ,
2671 2023 2774 2076 Ἐν
2801 2023 2944 2092 ὑμῖν
2965 2040 2986 2088 ;
3011 2020 3263 2074 Δείκνυσι
3305 2021 3405 2090 τῆς
3467 2018 3690 2078 πίστεως

2115 2120 2214 2191 τὴν
2251 2119 2424 2189 ἰσχὺν,
2488 2116 2678 2172 καὶτὰ
2711 2115 2900 2188 πόρρω
2953 2113 3190 2185 ὁρώσης.
3225 2112 3375 2182 Πλὴν
3427 2113 3512 2165 ὅτι
3562 2128 3688 2181 προ-

2120 2213 2340 2284 εγράφη
2387 2208 2534 2276 εἶπε,
2595 2209 2866 2271 τουτέστι,
2895 2208 2984 2261 διὰ
3040 2208 3138 2276 τῆς
3195 2207 3290 2260 τοῦ
3341 2205 3685 2274 κηρύγματος

2115 2307 2357 2377 γραφῆς,
2391 2305 2525 2358 ὡσεὶ
2552 2304 2706 2372 ἔλεγε
2737 2319 2750 2333 ·
2781 2303 2854 2355 Τὸ
2883 2301 2983 2370 μὲν
3017 2302 3279 2371 κήρυγμα
3299 2299 3682 2369 ἐζωγράφησεν

2119 2400 2247 2470 ὑμῖν
2275 2399 2369 2451 τὸν
2399 2397 2650 2466 σταυρὸν,
2686 2396 2843 2465 ὑμεῖς
2863 2394 2921 2447 δὲ
2951 2396 3064 2456 τοῖς
3084 2393 3182 2462 τῆς
3213 2391 3455 2453 πίστεως
3488 2387 3679 2457 6:99:11-

2121 2494 2242 2563 μοῖς
2280 2491 2356 2554 ὠς
2392 2489 2636 2560 παρόντα
2688 2488 2851 2541 αὐτὸν
2885 2486 3078 2540 εἰδετε.
3115 2484 3272 2542 οὕτω
3296 2484 3406 2554 γὰρ
3442 2480 3680 2536 ἐπιστεύ-

2121 2601 2275 2646 σατε,
2313 2583 2389 2644 ὡς
2413 2582 2580 2636 αὑτὸν
2607 2580 2700 2636 τοῦ
2750 2577 2991 2651 Χριστοῦ
3020 2577 3113 2630 τὸν
3142 2575 3376 2645 σταυρὸν
3420 2573 3678 2640 θεασάμε·

2117 2694 2217 2730 νοι.
2246 2705 2315 2714 -
2377 2673 2594 2728 «Τοῦτο
2647 2671 2812 2740 μόνον
2874 2670 3012 2724 θέλω
3057 2669 3252 2739 μαθεῖν
3301 2668 3396 2735 ἀφ’
3458 2664 3673 2734 ὑμῶν.»

2119 2765 2456 2842 [ΘΕΟΔΩΡᾸ
2489 2765 2734 2834 Ἐπειδὴ,
2801 2764 2960 2835 φησὶ,
2985 2765 3056 2833 τῇ
3115 2759 3360 2831 τοσαύτῃ
3411 2754 3678 2823 οἰκονομία

2117 2863 2178 2918 οὐ
2204 2862 2528 2932 προσέχετε,
2561 2857 2828 2928 σύντομόν
2853 2874 2906 2910 τι
2940 2855 3052 2927 ἐρῶ
3094 2853 3229 2924 πρὸς
3264 2852 3431 2923 ὑμᾶς.
3460 2848 3558 2902 Διά
3585 2848 3678 2900 τῶν

2115 2955 2175 3008 ὲν
2198 2954 2349 3025 νόμῳ
2386 2953 2564 3023 ἔργων
2601 2949 2828 3017 Πνεῦμα
2862 2949 3022 3016 ἅγιον
3059 2945 3306 3010 ὲλάϐετε,
3359 2943 3455 2996 καὶ
3501 2937 3676 2993 τοσαύ-

2111 3064 2214 3110 τας
2277 3046 2537 3116 δυνάμεις
2590 3043 2688 3097 καὶ
2747 3043 2950 3112 σημεῖα
3002 3039 3322 3108 ἐποιήσατε,
3370 3034 3403 3103 ἢ
3459 3032 3547 3085 διὰ
3592 3031 3677 3096 τῆς

2114 3139 2352 3202 πίστεως
2372 3153 2387 3204 ;
2427 3136 2580 3190 Ἐπεὶ
2610 3134 2685 3205 μὴ
2704 3135 2797 3188 ὅτε
2811 3132 2904 3186 τοῦ
2926 3132 3091 3202 νόμου
3117 3127 3352 3199 εἴχεσθε,
3376 3123 3676 3192 Πνεῦματος

370 3229 377 3232 ·
439 3217 570 3272 dum
624 3221 724 3291 legi
779 3223 1167 3291 adhaerebatis,
1218 3242 1327 3283 non
1391 3228 1654 3299 Spiritum
1726 3213 2006 3306 suscepis-

2120 3225 2209 3301 ἦτε
2247 3226 2579 3297 ἠξιωμένοι·
2631 3225 2747 3288 πῶς
2783 3223 2876 3277 οῦν
2929 3222 3158 3292 ἀφέντες
3202 3222 3302 3285 τὴν
3334 3217 3541 3280 πίστιν,
3572 3213 3676 3306 ἐκεῖ

438 3312 512 3367 tis
549 3329 564 3366 :
601 3318 874 3383 quomodo
899 3332 1031 3389 ergo
1062 3335 1285 3376 rursum
1338 3323 1530 3378 relicta
1562 3324 1665 3381 fide
1685 3327 1786 3397 legi
1820 3329 2007 3383 adhae-

437 3406 606 3460 retis?
633 3425 653 3459 ι
719 3408 864 3464 Adeo
923 3411 1076 3466 Stulti
1115 3415 1270 3470 estis.
1311 3432 1330 3466 ι
1391 3415 1564 3480 Adeo,
1614 3417 1816 3488 inquit,
1852 3421 2006 3475 stulti

437 3499 594 3564 estis,
651 3509 710 3553 ut
737 3501 1003 3571 temporis
1025 3517 1325 3572 progressu
1393 3516 1696 3561 retrorsum
1745 3513 2005 3566 curratis.

433 3587 570 3642 Nam
595 3604 718 3644 cum
741 3589 948 3661 Spiritu
977 3595 1254 3664 cmperitis
1280 3600 1655 3653 consummari
1689 3617 1702 3652 :
1733 3602 1835 3656 hoc
1862 3605 2006 3658 enim

436 3695 466 3734 a
495 3683 776 3736 communi
813 3701 975 3740 sensu
1008 3689 1334 3743 sumendum
1365 3698 1483 3746 θείς
1515 3707 1662 3746 nunc
1682 3709 1850 3749 carne
1878 3712 2009 3752 con-

437 3775 809 3830 summamini.
832 3777 1038 3847 Spiritu
1061 3779 1206 3834 enim
1223 3785 1772 3852 consummabantur,
1788 3805 1911 3844 cum
1932 3793 2009 3845 si-

435 3879 539 3935 gna
585 3865 1018 3926 ederent-mune
1058 3886 1191 3927 vero
1228 3887 1396 3928 carne
1445 3875 2004 3937 circumcidebautur.

434 3955 818 4017 Animadverte
836 3967 1018 4016 autem
1040 3963 1188 4033 quod
1217 3977 1322 4020 non
1344 3965 1564 4033 dixerit,
1578 3967 2005 4039 Consummatis,

435 4049 528 4104 sed
554 4068 574 4101 ι
601 4051 1126 4120 ϐοηειιιηιηοιηίηἱ,ι
1155 4059 1456 4115 ostendens
1474 4062 1620 4131 quod
1651 4079 1800 4118 more
1821 4066 2004 4120 ovium

434 4150 714 4198 sumentes
763 4143 912 4214 ipsos
945 4145 1436 4215 circumcidebant,
1479 4169 1546 4205 ne
1599 4155 1836 4210 scientes
1877 4159 2007 4227 qui-

419 4231 554 4286 'dem
567 4232 696 4302 quid
721 4242 1056 4304 paterentur.
1073 4255 1091 4290 ι
1112 4237 1272 4294 Nunc
1297 4255 1466 4297 carne
1486 4246 1965 4300 consummauiini.
1981 4266 1999 4298 ι

485 4324 668 4395 ’³13⁸1
710 4323 974 4397 Spiritum
1005 4329 1226 4398 quidem
1280 4331 1418 4388 dixit
1469 4337 1722 4404 gratiam,
1780 4351 2003 4392 carnem

432 4430 566 4471 vero
588 4420 1059 4475 conversationem
1082 4424 1383 4480 secundum
1412 4426 1606 4495 legem.
1630 4444 1650 4478 ι
1681 4426 1816 4481 'l‘am
1837 4429 2005 4483 multa

433 4506 585 4576 passi
616 4506 751 4561 estis
790 4506 1019 4562 frustra.
1059 4526 1078 4559 ι
1117 4508 1302 4566 Multis
1329 4512 1401 4565 ob
1429 4511 1710 4568 Christum
1743 4513 2000 4571 afflictio-

2119 3324 2212 3378 σθε
2263 3322 2426 3375 πάλιν
2485 3319 2581 3375 τοῦ
2632 3319 2836 3387 νόμους
2897 3336 2916 3368 ι
2950 3308 3160 3378 Οὕτως,
3205 3311 3376 3381 φησὶν
3403 3348 3418 3370 ,
3475 3303 3677 3374 ἀνόητοί

2118 3418 2316 3478 tota,»
2375 3415 2459 3467 ὃτι
2530 3410 2626 3465 τοῦ
2673 3408 2868 3480 χρόνου
2920 3405 3266 3477 προϐάντος,
3323 3403 3406 3463 είς
3451 3397 3675 3451 τούπίσω

2115 3511 2357 3580 τρέχετε.
2413 3504 2806 3574 Ἐναρξάμενοι
2838 3502 2946 3570 γὰρ
2999 3497 3274 3566 πνεύματι
3329 3489 3673 3580 ἐπιτελεῖσθαι

2118 3579 2299 3672 (τοῦτο
2334 3598 2443 3668 γάρ
2502 3596 2612 3651 ἀπὸ
2660 3591 2894 3660 κοινοῦ),
2951 3589 3048 3643 νῦν
3090 3587 3267 3658 ,σαρκὶ
3331 3579 3668 3684 ἐπιτελεῖσθε.

2115 3692 2400 3762 Πνεύματι
2473 3689 2582 3758 γάρ
2645 3684 3041 3745 ἐπετελοῦντο,
3107 3680 3312 3750 σημεῖα
3363 3680 3667 3762 ποιοῦντες,

2117 3759 2283 3855 σαρκί
2338 3783 2396 3836 δὲ
2459 3776 2936 3850 περιτεμνόμενοι.
3001 3773 3145 3843 Ὀρα
3206 3771 3288 3834 δὲ,
3353 3768 3456 3821 οὐκ
3507 3759 3660 3824 εἶπεν,

2129 3876 2492 3940 Ἐπιτελεῖτε,
2545 3871 2689 3936 ἀλλ’,
2743 3889 2762 3921 ι
2811 3862 3195 3926 Ἐπιτελεῖσθε
3225 3903 3240 3927 ,
3273 3881 3292 3914 ι
3345 3859 3556 3920 δεικνὺς
3595 3856 3663 3908 ὅτι

2115 3971 2273 4038 δίκην
2361 3965 2652 4037 προϐάτων
2729 3961 3102 4031 λαμϐάνοντες
3167 3955 3368 4018 αὐτοὺς
3443 3949 3663 4020 περιέτε-

2120 4077 2271 4131 μνον,
2304 4059 2439 4130 μήτε
2475 4055 2686 4119 εἰδότας
2713 4053 2749 4110 ἃ
2775 4052 3069 4121 πάσχουσι.
3117 4066 3133 4099 ι
3154 4047 3271 4112 Νῦν
3302 4043 3469 4116 σαρκὶ
3505 4043 3663 4094 ἐπιτε-

2115 4152 2318 4206 λεῖσθε.
2348 4169 2366 4205 ι

2185 4334 2436 4406 Πνεῦμα
2463 4332 2562 4402 μὲν
2624 4329 2724 4398 τὴν
2757 4326 2919 4398 χάριν
2965 4325 3217 4388 ἐκάλεσε,
3243 4321 3444 4392 ’σάρκα
3472 4319 3546 4380 δὲ,
3585 4314 3665 4383 τὴν

2115 4427 2256 4482 κατὰ
2304 4425 2468 4495 νόμον
2514 4419 2810 4476 πολιτείαν.
2866 4435 2884 4468 ι
2945 4413 3198 4468 Τοσαῦτα
3229 4413 3464 4465 ἐπάθετε
3486 4407 3661 4475 εικῆ.»

2116 4517 2336 4579 Πολλοῖς
2356 4510 2497 4584 ἦσαν
2519 4510 2849 4582 πειρασμοῖς
2877 4505 2964 4560 διὰ
2987 4506 3079 4557 τὸν
3115 4504 3158 4556 Χ
3168 4503 3352 4572 ριστὸν
3387 4499 3667 4553 παλαίσαν-

433 4598 596 4653 nibus
631 4613 695 4654 ac
723 4598 983 4668 periculis
1015 4601 1304 4658 exercitati
1335 4604 1570 4660 fuerant.
1603 4605 1777 4661 Tanta
1807 4608 1995 4678 igitur,

2120 4628 2220 4674 τες.
2248 4606 2503 4662 Τοσαῦτα
2534 4603 2646 4664 οὖν.
2681 4600 2838 4672 φησὶ,
2886 4597 3064 4668 μάτην
3100 4593 3432 4648 πεπόνθατε.
3462 4593 3524 4644 Εἰ
3578 4589 3668 4658 γὰρ

434 4689 633 4761 inquit,
665 4692 818 4746 nullo
853 4689 1038 4746 fructu
1091 4694 1239 4762 passi
1273 4697 1430 4751 estis.
1464 4695 1598 4751 Nam
1627 4699 1672 4753 si
1701 4699 2002 4753 circumci-

433 4783 645 4846 dimini,
679 4783 888 4838 nullum
940 4784 1031 4838 illa
1063 4784 1298 4840 fructum
1334 4787 1554 4854 habent,
1587 4788 1692 4844 hoc
1738 4799 1846 4855 est,
1885 4791 2006 4861 ipsa

434 4875 773 4944 perdidistis.
800 4876 1006 4932 Deinde
1051 4893 1120 4933 ne
1153 4880 1300 4948 ipsos
1328 4881 1383 4934 in
1413 4881 1849 4951 desperationem
1876 4899 2008 4938 con-

431 4966 606 5035 jiciat.
627 4967 738 5021 ait:
764 4967 853 5022 «Si
877 4976 1058 5024 tamen
1082 4977 1137 5025 et
1164 4969 1428 5025 frustra.»
1455 4972 1592 5025 Nam
1610 4972 1657 5028 si
1686 4974 2010 5044 resipiscere

432 5059 740 5124 volueritis,
774 5074 881 5115 non
922 5069 1085 5116 erunt
1110 5061 1337 5117 frustra.
1396 5081 1415 5115 ι
1455 5063 1511 5117 Si
1539 5070 1720 5119 tamen
1759 5075 1815 5120 et
1863 5065 2010 5123 frus-

434 5160 542 5206 tra.
583 5171 601 5204 ι
637 5153 702 5206 Et
733 5169 838 5209 non
871 5155 1037 5211 etiam
1070 5171 1191 5210 cum
1238 5157 1460 5211 damno.
1513 5154 1741 5213 Frustra
1775 5172 2011 5229 namque

439 5243 578 5308 fieri,
599 5254 692 5300 aut
717 5263 840 5303 esse
865 5248 1090 5313 dicitur,
1116 5251 1258 5320 quod
1284 5266 1457 5320 neque
1483 5250 1694 5306 confert
1712 5251 2011 5321 quidquam

440 5351 617 5408 neque
640 5338 820 5394 aufert
843 5359 855 5393 :
877 5349 932 5395 at
955 5342 1048 5413 qui
1081 5344 1278 5413 spiritu
1301 5344 1488 5414 coepit,
1519 5349 1574 5398 et
1599 5343 1672 5399 oh
1701 5344 1752 5398 id
1790 5343 1844 5397 in
1872 5343 2014 5396 mul-

437 5439 525 5486 tas
548 5431 739 5487 incidit
760 5432 1107 5504 afﬂictiones,
1135 5437 1334 5492 deinde
1367 5443 1766 5492 trausmutatur
1786 5475 1802 5500 ,
1828 5437 1876 5490 is
1900 5450 2011 5489 non

443 5524 617 5577 solum
677 5523 880 5580 frustra
935 5541 1133 5598 passus
1183 5537 1270 5584 est
1312 5542 1378 5582 ea
1406 5542 1528 5597 qua!
1554 5542 1750 5598 passus
1782 5535 1887 5590 est,
1919 5541 2013 5581 ve—

445 5630 564 5667 rum
595 5616 760 5671 etiam
794 5632 918 5673 cum
970 5622 1198 5688 damno,
1246 5619 1525 5690 perilendo
1555 5634 1677 5687 quae
1708 5619 1810 5674 sibi
1853 5632 2017 5684 repo-

447 5716 631 5762 suerat
662 5710 886 5778 praemia
917 5712 1004 5766 ob-
1037 5727 1330 5782 perpessas
1376 5725 1474 5780 pro
1510 5708 1731 5766 Christo
1759 5708 2016 5764 afﬂictio-

450 5814 569 5854 nes.
608 5819 627 5852 ι
676 5802 777 5867 Qui
820 5803 987 5871 igitur
1046 5805 1429 5859 subministrat
1475 5803 1650 5859 vobis.
1691 5822 1709 5854 ι
1747 5802 1890 5856 Deus
1920 5802 2018 5870 igi-

447 5897 535 5944 lur
562 5891 652 5958 qui
683 5893 839 5947 vobis
879 5892 1141 5962 Spiritum
1179 5893 1561 5948 subministrat
1609 5904 1658 5948 et
1704 5892 1798 5963 qui
1825 5906 2019 5960 opera-

2109 4695 2526 4771 περιτέμνεσθε,
2573 4692 2748 4763 μάτην
2771 4691 2978 4752 ἐκεῖνα,
3027 4683 3332 4743 τουτέστιν,
3367 4679 3666 4734 ἀπωλέσατε

2110 4793 2250 4847 αὐτά
2283 4807 2296 4822 ·
2333 4785 2454 4844 εἶτα
2482 4788 2568 4842 ἵνα
2597 4785 2672 4856 μὴ
2715 4785 2795 4846 είς
2825 4781 3137 4849 ἀπόγνωσιν
3189 4777 3391 4838 αὐτοὺς
3450 4771 3668 4843 ἐμϐάλῃ,

2112 4885 2297 4955 φησὶν,
2338 4882 2510 4948 «Είγε
2541 4879 2636 4933 καὶ
2655 4877 2833 4947 εἰκῆ.)
2873 4875 2934 4928 Ei
2959 4873 3068 4943 γὰρ
3103 4867 3465 4941 βουληθείητε
3490 4861 3672 4955 ἀνανῆέ

2111 4953 2234 5047 ψαι,
2272 4974 2374 5028 οὐκ
2429 4971 2572 5042 εικῆ.
2626 4989 2650 5022 r
2711 4969 2779 5022 Ei
2798 4985 2861 5036 γε
2900 4966 2995 5019 καὶ
3040 4964 3186 5033 είκῆ,
3249 4980 3267 5013 ι
3316 4958 3457 5013 ἀλλά
3490 4958 3562 5030 μὴ
3593 4953 3673 5009 καὶ

2112 5067 2441 5138 ἐπιζημίως.
2473 5063 2610 5135 ΕΙ.κῆ
2651 5062 2750 5132 μὲν
2774 5061 2883 5131 γάρ
2914 5060 3029 5111 ἑστι
3052 5056 3116 5109 τδ
3145 5052 3316 5125 μηδὲν
3349 5052 3491 5123 μήτε
3521 5064 3673 5120 προσ-

2114 5161 2320 5224 λαϐεῖν,
2359 5157 2498 5227 μήτε
2537 5151 2859 5210 ἀποθέσθαι.
2903 5151 2961 5203 Ὁ
3004 5148 3060 5201 δὲ
3113 5143 3488 5214 ἐναρξάμενος
3527 5139 3670 5194 πνεύ-

2118 5270 2270 5325 ματι,
2295 5251 2392 5306 καὶ
2429 5249 2518 5304 διὰ
2539 5247 2696 5302 τοῦτο
2729 5245 2944 5306 πολλοῖς
2970 5238 3286 5312 περιπεσὼν
3332 5235 3668 5308 πειρασμοῖς,

2116 5338 2235 5395 εἶτα
2294 5337 2784 5410 μεταϐαλλόμενος,
2822 5335 2882 5387 οὐ
2933 5332 3093 5404 μόνον
3143 5332 3270 5401 εικῆ
3317 5329 3522 5384 ἔπαθεν
3543 5326 3668 5393 άπερ

2115 5432 2338 5493 ἔπαθεν,
2385 5429 2521 5483 ἀλλά
2550 5430 2645 5482 καὶ
2668 5426 3003 5495 ἐπιζημίως,
3041 5423 3316 5486 ἀπολέσας
3344 5423 3382 5476 ἃ.
3431 5419 3672 5475 ἀπέκειτο

2119 5523 2290 5591 αὐτῷ,
2318 5521 2407 5577 διά
2436 5520 2534 5582 τὰς
2577 5518 2718 5589 ὑπὲρ
2741 5515 2974 5585 Χριστοῦ
3025 5514 3235 5584 θλίψεις
3255 5514 3348 5567 καὶ
3399 5513 3526 5571 τοὺς
3566 5523 3672 5560 πειυ

2123 5615 2367 5687 ρασμοῦς
2416 5610 2648 5666 Ιπαθλα.
2703 5629 2724 5660 ι
2768 5608 2828 5662 ’0
2857 5603 2949 5662 οὖν
2981 5607 3327 5678 ἐπιχορηγῶν
3369 5605 3518 5674 ὑμῖν.
3555 5621 3572 5653 ι
3621 5598 3670 5651 ’0

2122 5707 2491 5779 ἐπιχορηγῶν,
2519 5705 2703 5776 φησὶν,
2734 5705 2870 5776 ὑμῖν
2895 5705 2956 5756 τὸ
2988 5705 3206 5773 πνεῦμα
3249 5703 3383 5765 Θεὸς
3406 5701 3502 5754 καὶ
3532 5701 3668 5762 ἐνερ-

2122 5799 2256 5868 γῶν,
2283 5796 2554 5859 τουτέστι,
2582 5794 2839 5864 δυνάμεις
2880 5793 3125 5864 σημείων
3177 5794 3235 5845 ὲν
3294 5791 3424 5861 ὑμῖν
3456 5782 3668 5854 ἐργαξ6’

2129 5907 2306 5959 μενος,
2340 5887 2424 5941 διὰ
2447 5886 2513 5940 τά
2549 5887 2613 5940 ἐκ
2645 5886 2807 5955 νόμου
2862 5885 2999 5959 ἔργα
3053 5883 3222 5940 ταῦτα
3268 5883 3442 5952 Misi};
3499 5874 3662 5948 φησίν.
