3956 6548
229 383 363 451 1121

1250 376 1638 440 COMMENT.
1673 375 1753 437 IN
1793 373 2038 437 EPIST.
2076 375 2179 436 AD
2217 374 2486 437 GALAT.

3345 374 3368 438 1
3383 374 3483 439 1'22

238 496 332 564 Ἐξ
372 487 452 551 ὧν
477 495 833 550 ἑπετελέσατε
865 491 1129 566 σημείων,
1175 492 1418 563 ὀφείλετε
1465 490 1670 561 γνῶναι
1712 489 1812 558 τὴν

1923 493 2055 551 tur,»
2091 484 2193 566 hoc
2224 499 2330 557 est,
2372 487 2612 559 potentia
2648 486 2802 560 signa
2852 487 2907 544 in
2938 487 3092 545 vobis
3118 487 3319 544 emcit:
3354 506 3482 545 nutu

226 586 460 660 δύναμιν
482 589 582 657 τῆς
604 587 865 652 πίστεως.
897 586 1047 658 Πλὴν
1083 586 1171 641 καὶ
1206 585 1342 658 πρὸς
1369 585 1458 639 τὸν
1482 582 1808 656 προπάτορα

240 679 494 752 Ἀϐραὰμ
551 681 796 746 ἀπίδετε,
843 681 923 735 ὅτι
972 681 1065 734 καὶ
1116 678 1278 744 αὐτὸς
1339 680 1405 732 ὲκ
1439 678 1675 741 πίστεως
1698 676 1805 730 ἐδι-

229 769 467 843 καιώθη.

840 958 1092 1013 ΚΕΦΑΛ.
1131 958 1206 1011 E'.

232 1052 359 1108 Ὀτι
382 1051 482 1107 καί
524 1051 778 1121 Ἀϐραὰμ
801 1052 868 1105 ἐκ
885 1051 1144 1188 adegerat;
1175 1046 1488 1116 ἐδικαιώθη
1511 1049 1598 1114 εἰς
1615 1049 1808 1104 τύπον

1010 1136 1158 1188 μων.

1010 1136 1158 1191 μων.

303 1213 641 1267 Γινώσκετε
671 1212 783 1280 ἄρα
810 1211 899 1266 ὅτι
926 1214 979 1266 οἱ
1009 1213 1078 1266 ἐκ
1114 1211 1396 1277 πίστεως,
1433 1206 1602 1266 οὗτοι
1651 1212 1808 1264 εισιν

228 1304 353 1360 vlo!
411 1301 688 1374 Ἀϐραάμ.
748 1301 1093 1371 Προτδοῦσα
1137 1301 1206 1357 δὲ
1265 1303 1305 1370 ἡ
1346 1300 1580 1371 Γραφὴ,
1623 1301 1806 1354 ὅτιὲκ

230 1394 494 1458 πίστεως
542 1392 759 1447 δικαιοῖ
810 1393 883 1447 τὰ
910 1393 1054 1461 ἔθνη
1089 1394 1122 1446 d
1183 1390 1348 1456 Θεὸς,
1378 1391 1807 1459 προευηγγελί-

229 1498 387 1537 σατο
408 1483 488 1548 τῷ
524 1483 801 1554 Ἀϐραὰμ,
834 1483 926 1538 ὅτι
956 1482 1576 1552 Ἐνευλογηθήσονται
1599 1483 1669 1535 ἐν
1706 1480 1810 1535 σοὶ

230 1574 436 1628 πάντα
463 1574 534 1629 τὰ
555 1575 721 1645 ἔθνη.
765 1576 945 1631 Ὥστε
971 1577 1024 1629 οί
1065 1577 1134 1630 ἐκ
1161 1577 1419 1641 πίστεως
1482 1574 1805 1644 εὐλογοῦνο
1831 1565 1849 1582 ⁸

228 1684 331 1720 ται
358 1666 481 1721 σὺν
502 1664 582 1732 τῷ
607 1666 803 1733 πιστῷ
853 1668 1135 1738 Ἀϐραάμ.

320 1756 535 1826 Ἐπειδὴ
562 1756 926 1812 ἐδεδοίκεισαν
977 1760 1199 1830 ἀφεῖναι
1226 1759 1320 1814 τὸν
1350 1759 1535 1830 νόμον,
1571 1759 1646 1831 μή
1694 1775 1813 1823 πως

227 1847 339 1919 τῆς
363 1849 690 1917 συγγενείας,
711 1849 988 1904 ὲκπέσωσι
1015 1850 1109 1905 τοῦ
1150 1851 1421 1924 Ἀϐραὰμ,
1453 1853 1536 1912 είς
1569 1850 1630 1905 τδ
1659 1851 1814 1905 ἔναν-

228 1939 352 1991 τίον
400 1937 716 2011 περιίστησι
762 1941 854 1994 τὸν
902 1940 1079 2011 λόγον.
1135 1941 1243 2006 Τὸ,
1303 1941 1448 2013 ἄρα,
1495 1943 1808 2012 τοιγαροῦν.

236 2050 257 2084 s
295 2031 496 2085 Ὀτιοί
545 2035 610 2087 ὲκ
648 2032 905 2098 πίστεως.
945 2053 965 2088 s
1010 2026 1172 2089 Οὗτοι
1222 2035 1309 2091 διὰ
1363 2034 1524 2090 τοῦτο
1575 2035 1813 2107 μάλιστα

230 2122 446 2192 εἴχοντο
470 2123 562 2176 τοῦ
593 2123 783 2195 νόμου,
811 2124 870 2179 τὸ
903 2127 1129 2196 ἀρχαῖον
1158 2127 1325 2181 αὑτοῦ
1376 2125 1812 2198 δυσωπούμενοι.

1908 591 2005 646 per
2035 577 2165 648 legis
2186 565 2389 650 'opera,
2426 580 2540 635 huic
2569 577 2724 642 facit,
2768 577 2985 651 inquit?
3015 576 3091 633 Ex
3130 593 3199 634 eo
3228 581 3371 649 quod
3405 581 3483 635 si-

1910 682 2014 738 gna
2043 667 2307 736 edebatis,
2340 670 2671 726 debuissetis
2718 669 2843 725 lidei
2890 670 3187 740 potentiam
3272 686 3483 743 cogno-

1910 775 2086 816 scere.
2105 759 2312 816 Tamen
2342 764 2425 817 vel
2451 763 2518 818 ad
2555 763 2963 836 progenitorem
2993 762 3273 819 Abraham
3306 766 3481 836 respi-

1909 853 2038 920 cite,
2070 855 2331 924 quoniam
2378 864 2430 910 et
2457 855 2577 927 ipse
2603 872 2669 912 ex
2705 857 2812 911 [ide
2829 856 3167 927 justiticatus
3199 865 3306 915 est.
3388 898 3393 905 .

2527 945 2755 1004 CAPUT
2798 947 2860 1003 ν.

1916 1038 2067 1105 Quod
2118 1036 2384 1093 Abraham
2444 1056 2509 1095 ex
2561 1040 2666 1162 ﬁlde
2710 1040 3046 1111 justiﬁcatus
3091 1041 3159 1096 sit
3205 1042 3259 1095 in
3317 1041 3484 1097 uestri

2619 1126 2800 1162 unum.

2595 1126 2611 1162 ι
2728 1128 2800 1165 m.

1983 1198 2072 1265 lll,
2109 1199 2221 1254 7—9.
2248 1198 2408 1255 Scitis
2440 1126 2755 1273 mamma
2786 1207 2876 1275 qui
2901 1221 2968 1260 ea:
2989 1204 3096 1275 ﬁde
3128 1213 3271 1271 sunt,
3293 1204 3350 1257 hi
3377 1204 3484 1258 siut

1912 1290 2014 1359 ﬁlii
2045 1292 2287 1345 Abrahae.
2310 1291 2611 1348 Praecidetis
2635 1306 2811 1350 autent
2831 1295 3108 1365 Scriptura
3135 1300 3270 1368 quod
3288 1312 3354 1351 ea:
3382 1297 3489 1366 ﬁde

1904 1383 2167 1452 justiﬁcet
2209 1396 2389 1454 gentes
2424 1385 2584 1452 Deus,
2609 1389 2839 1457 primum
2870 1391 3205 1443 auuuntiavit
3233 1389 3482 1455 Abraliar,

1916 1473 2317 1541 Benediceutur,
2343 1478 2603 1547 inquiens,
2635 1494 2728 1546 per
2767 1488 2815 1533 te
2861 1496 3038 1534 omnes
3068 1490 3266 1552 gentes.
3297 1480 3490 1551 Itaque

1913 1565 2004 1633 qui
2034 1581 2100 1619 ex
2120 1566 2225 1633 ﬁde
2248 1576 2398 1636 sunt,
2425 1569 2807 1624 benedicuntur
2831 1587 2949 1624 cum
2979 1572 3126 1641 ﬁdeli
3151 1572 3446 1630 Abraham.

1986 1749 2439 1820 Quandoquidem
2474 1752 2797 1807 metuebant
2844 1751 3018 1823 legem
3054 1751 3385 1821 relinquere,
3421 1767 3489 1807 ne

1838 1824 2213 1913 Bquomodo-
2261 1859 2292 1898 a
2357 1844 2685 1915 cognatione
2740 1844 2976 1899 Abrahae
3035 1845 3375 1908 euidercut,
3432 1846 3489 1900 in

1912 1939 2247 1993 contrarium
2265 1946 2564 1994 commutat
2580 1939 3082 2009 sermonenn'Apa,
3097 1938 3149 1993 id
3174 1948 3277 1999 est,
3301 1941 3487 2010 igitur,

1914 2031 2115 2100 itaque.
2155 2049 2173 2082 ι
2204 2030 2359 2096 Quod
2383 2031 2475 2101 qui
2505 2045 2570 2084 ex
2594 2029 2722 2088 ﬁde.
2757 2048 2777 2083 ι
2813 2029 2878 2083 lli
2910 2038 3136 2101 pr0pter
3168 2030 3220 2084 id
3249 2031 3490 2085 maxime

1915 2122 2018 2192 legi
2056 2122 2431 2186 adhaerebant,
2468 2120 2614 2191 quod
2645 2120 2767 2191 ejus
2797 2122 3181 2190 antiquitatem
3216 2137 3284 2176 ac
3306 2131 3490 2177 vetus-

229 2212 394 2266 Θέλει
432 2211 524 2268 οὖν
551 2214 722 2283 δεῖξαι
752 2216 834 2269 ὅτι
860 2217 893 2286 ἡ
927 2217 1111 2281 πίστις
1165 2218 1498 2290 ἀρχαιοτέρα
1528 2217 1622 2272 τοῦ
1644 2218 1812 2289 νόμου

1923 2222 2080 2268 tatem
2108 2216 2160 2268 in
2185 2216 2489 2270 reverentia
2517 2213 2803 2268 haberent.
2835 2211 2964 2269 Vult
2992 2213 3180 2285 itaque
3197 2214 3492 2271 ostendere

229 2305 571 2376 καθέστηκε,
595 2307 692 2362 καὶ
715 2308 891 2383 ταύτῃ
928 2309 1166 2380 μάλιστα
1211 2312 1421 2367 ἄνωθεν
1441 2309 1517 2383 τῷ
1541 2310 1660 2383 Θεῷ
1689 2311 1817 2383 ἀρέ-

231 2402 491 2457 σκεσθαι.
526 2421 545 2454 ι
581 2404 1109 2475 Προευηγγελίσατο.
1152 2424 1171 2458 ι
1218 2404 1306 2471 Ὠς
1336 2406 1480 2477 μέγα
1507 2406 1816 2475 τιλέγουσα

228 2491 463 2558 ἀγαθὸν,
493 2491 551 2544 τὸ
581 2494 646 2545 ὲκ
678 2491 914 2557 πίστεως
944 2494 1207 2563 σωθῆναι.
1240 2493 1411 2548 Τοῦτο
1429 2496 1536 2567 γὰρ
1565 2497 1813 2569 δηλοῑτὺ,

228 2584 816 2653 Προευηττελίσατο.
901 2604 921 2638 ι
996 2586 1550 2661 Ἐνευλογηθήσονται
1616 2591 1675 2644 ἐν
1730 2592 1815 2645 σοι

232 2676 421 2728 πάντα
463 2677 531 2731 τὰ
587 2676 738 2751 ἔθνη.
791 2698 810 2735 ι
844 2680 937 2745 Τὸ,
974 2699 992 2732 ι
1050 2680 1139 2735 Ἐν
1171 2684 1277 2749 σοι,
1326 2702 1344 2735 ι
1379 2683 1678 2748 τουτέστιν,
1724 2686 1814 2739 Ἐν

230 2763 316 2834 τῷ
342 2766 619 2838 σπέρματί
652 2785 773 2834 σου,
806 2770 868 2833 ὃς
899 2771 1013 2824 ἐστι
1044 2772 1301 2840 Χριστός.
1347 2773 1466 2837 Πῶς.
1504 2774 1560 2828 δὲ
1608 2775 1818 2830 ὲνευλο-

234 2854 496 2923 γοῦνταις
544 2858 642 2912 Διὰ
681 2862 779 2931 τῆς
836 2861 1072 2927 πίστεως
1108 2860 1331 2936 δηλαδὴ,
1377 2858 1446 2936 ἦς
1495 2866 1736 2938 ἀρχηγὸς
1787 2871 1815 2924 ὁ

246 2946 522 3020 Ἀϐραάμ.
570 2951 805 3007 Δύναται
853 2954 910 3008 δὲ
928 2955 1017 3025 εδ,
1073 2956 1144 3009 ὲν
1194 2956 1318 3021 σοι,
1348 2957 1442 3012 καὶ
1470 2958 1558 3010 διὰ
1592 2958 1692 3030 τὴν
1717 2960 1813 3015 ἀπ’

237 3039 407 3093 αὐτοῦ
469 3043 651 3096 πίστιν
706 3046 965 3102 νοεῖσθαι.
1017 3048 1111 3114 re,
1163 3050 1222 3103 ἐν
1262 3050 1368 3113 σοὶ,
1403 3051 1543 3103 κατὰ
1576 3051 1813 3122 μίμησίν

241 3148 339 3233 pou
499 3134 818 3233 δμοιότητα,
854 3137 1151 3209 ὲρμηνεύει
1185 3142 1213 3192 ὁ
1253 3143 1313 3193 ὲν
1339 3141 1516 3209 ἁγίοις
1546 3141 1812 3214 Κύριλλος
1840 3173 1886 3233 c

235 3221 296 3276 ἔν
364 3223 559 3295 βιϐλίῳ
597 3225 837 3298 δευτέρῳ
865 3229 966 3299 τῆς
1014 3232 1071 3281 ὲν
1130 3230 1405 3300 πνεύματι
1458 3233 1552 3286 καὶ
1582 3232 1813 3305 ἀληθεία⁸

234 3314 645 3384 πραγματείας,
675 3318 801 3386 περὶ
834 3319 931 3382 τὰς
966 3321 1142 3391 ἀρχὰς
1169 3321 1265 3374 τοῦ
1327 3322 1555 3391 βιϐλίου.
1593 3343 1611 3377 ι
1650 3326 1814 3380 Ὥστε

234 3405 283 3458 ol
335 3408 405 3460 ὲκ
469 3407 703 3472 πίστεως
763 3396 1136 3480 εὐλογοῦνται.
1178 3434 1196 3466 υ
1232 3416 1294 3467 Ol
1331 3418 1397 3468 ὲκ
1432 3417 1527 3485 τῆς
1575 3417 1815 3484 πίστεως

234 3495 507 3565 ἠνωμένοι
530 3498 607 3568 τῷ
653 3499 908 3573 Ἀϐραὰμ
942 3505 1036 3556 καὶ
1060 3505 1143 3567 είς
1171 3504 1391 3576 σπέρμα
1411 3507 1577 3562 αὑτοῦ
1594 3508 1815 3561 τελοῦν-

230 3603 346 3653 τες,
382 3590 483 3660 οὐχ
510 3592 560 3643 ot
583 3593 649 3643 ὲκ
680 3593 905 3664 σαρκός.

844 3860 1091 3918 unum.
1128 3868 1222 3932 εῖν.

232 3950 367 4005 ὀτι
393 3953 425 4005 d
463 3952 658 4025 (Quae
680 3953 752 4006 οὐ
789 3952 1029 4019 δικαιοῖ,
1053 3955 1198 4025 ἀλλ’
1228 3956 1482 4025 ἐλέγχει,
1517 3960 1616 4013 καί
1680 3979 1817 4016 κατ-

448 4019 603 4088 άραν
634 4022 996 4090 ἐπιτίθησιν,
1029 4023 1110 4091 ἣν
1132 4026 1263 4078 λύει
1292 4019 1567 4095 Χριστός.

307 4113 483 4165 "Oc—or
515 4113 626 4179 τὰρ
649 4112 718 4178 ἑξ
752 4114 943 4183 ἔργων
971 4116 1162 4185 νόμου
1190 4116 1369 4182 εἰσίν,
1399 4120 1513 4173 ὑπὸ
1548 4121 1818 4190 κατάραν

1913 2305 2074 2361 ﬁdem
2106 2306 2278 2363 fuisse
2316 2307 2430 2378 lege
2456 2307 2850 2376 antiquiorem,
2880 2315 2934 2361 et
2954 2317 3080 2362 ante
3114 2308 3287 2377 ipsam
3321 2322 3489 2362 cons-

1913 2400 2113 2459 titisse.
2173 2400 2432 2469 quodque
2491 2399 2747 2467 primitus
2782 2415 2878 2470 per
2925 2400 3067 2455 hanc
3098 2399 3333 2454 maxime
3382 2397 3490 2454 Deo

1913 2493 2241 2561 placuerint.
2281 2492 2443 2565 738
2479 2512 2497 2545 ι
2532 2492 2774 2548 Primum
2809 2493 3156 2548 annuntiavit
3186 2491 3442 2547 Abrahae.
3464 2510 3483 2543 s

1916 2585 2046 2640 Sive
2074 2602 2187 2641 rem
2224 2588 2398 2641 laztam
2434 2588 2729 2653 nuntiavit,
2786 2597 3046 2657 tanquam
3081 2601 3338 2656 magnum
3392 2584 3492 2640 ali-

1914 2681 2060 2749 quod
2094 2680 2283 2734 dicens
2309 2681 2541 2746 bonum,
2570 2696 2762 2749 nempe
2790 2682 2935 2750 quod
2966 2680 3071 2734 ﬁde
3100 2681 3286 2735 salvus
3314 2679 3487 2734 ﬁeret.

1913 2768 2048 2825 Nam
2081 2772 2184 2826 hoc
2217 2771 2491 2841 significat
2534 2770 2707 2826 dictio
2739 2772 3267 2843 προευηγγελίσατο.
3328 2789 3347 2822 ι
3394 2769 3493 2825 Βθ‹

1916 2866 2245 2918 uedicentur
2275 2882 2372 2934 per
2400 2875 2450 2918 te
2474 2878 2665 2919 omnes
2697 2874 2908 2936 gentes.
2951 2883 2970 2917 ι
3012 2864 3165 2932 Quod
3200 2864 3278 2918 ait
3310 2862 3417 2917 Per
3439 2870 3493 2918 te

1916 2957 2030 3011 sive
2059 2956 2117 3009 in
2151 2964 2220 3021 te,
2257 2955 2361 3009 hoc
2390 2963 2495 3020 est,
2523 2970 2619 3025 per
2642 2971 2830 3010 semen
2866 2962 3042 3019 tuum,
3066 2956 3157 3024 qui
3190 2964 3274 3011 est
3302 2954 3493 3011 Chris-

1916 3056 2027 3105 tus.
2064 3047 2350 3116 Quomodo
2379 3056 2561 3101 autein
2595 3047 3039 3102 benedicentur?
3076 3047 3178 3102 Per
3213 3046 3377 3102 fidem
3405 3046 3492 3101 vi-

1919 3139 2138 3204 delicet,
2184 3141 2345 3210 cujus
2388 3140 2781 3208 antesignanus
2815 3136 2916 3191 fuit
2972 3137 3267 3192 Abraham.
3303 3136 3495 3192 Potest

1916 3246 2135 3302 quoque
2156 3232 2213 3284 ἐν
2241 3230 2577 3302 σοίλιιιειίίεἰ
2602 3249 2614 3284 :
2639 3229 2867 3300 Propter
2892 3226 3051 3283 ﬁdem
3078 3244 3199 3298 quas
3225 3236 3308 3284 est
3331 3227 3385 3282 in
3416 3237 3490 3284 te.

1917 3321 2088 3379 Divus
2129 3320 2363 3395 Cyrillus
2411 3323 2656 3379 secundo
2706 3321 2849 3376 libro
2902 3319 3383 3375 commentationis
3421 3318 3493 3374 de

1918 3415 2091 3480 cultu,
2122 3414 2213 3484 qui
2249 3425 2336 3470 est
2367 3416 2420 3468 in
2457 3414 2656 3483 spiritu
2704 3421 2758 3468 et
2789 3413 3018 3468 veritate
3048 3412 3196 3466 circa
3228 3411 3386 3465 initia
3421 3411 3491 3465 li-

1918 3506 2003 3561 bri
2040 3504 2435 3575 interpretatur
2462 3506 2520 3558 ὲν
2548 3503 2651 3570 σοί,
2684 3505 2736 3559 id
2771 3511 2879 3567 est,
2913 3505 2980 3558 ad
3016 3501 3092 3557 tui
3129 3501 3493 3556 imitationem

1917 3607 1981 3648 ac
2022 3593 2462 3649 similitudinem.
2504 3611 2525 3646 ι
2561 3593 2753 3664 itaque
2791 3592 2883 3662 qui
2914 3607 2981 3647 ex
3015 3586 3116 3645 li'de
3145 3598 3294 3657 sunt,
3321 3588 3491 3644 bene-

1917 3685 2229 3740 dicuntur.»
2267 3684 2370 3752 Qui
2419 3700 2482 3740 ex
2523 3684 2626 3741 ﬁde
2679 3684 2818 3738 uniti
2872 3691 3002 3738 sunt
3047 3681 3300 3748 Abrahae,
3350 3692 3402 3736 et
3434 3681 3494 3736 in

1918 3793 2103 3833 semen
2136 3777 2256 3848 ejus
2289 3780 2637 3848 adoptantur,
2661 3792 2769 3831 non
2800 3777 2889 3846 qui
2923 3790 2989 3831 ex
3025 3788 3212 3831 carne.

2518 3867 2748 3926 CAPUT
2805 3867 2893 3923 Vl.

1921 3968 2072 4034 Quod
2097 3967 2181 4021 (ea:
2217 3964 2614 4033 nonjustiﬁcet,
2647 3962 2737 4014 sed
2788 3946 3035 4034 arguat;
3060 3968 3107 4034 et
3156 3958 3491 4012 maledictio-

2192 4052 2308 4090 nem
2335 4029 2534 4095 ⁷ιιιίιιιιιι,
2570 4048 2728 4102 quant
2767 4030 2923 4083 solvit
2955 4029 3220 4085 Christus.

1999 4132 2086 4195 111,
2115 4129 2309 4186 10-12.
2341 4126 2482 4181 Nam
2520 4131 2776 4194 quotquot
2803 4137 2868 4176 ea:
2896 4121 3139 4190 operibus
3187 4121 3315 4190 legis
3346 4129 3490 4183 sunt,

230 4204 378 4257 είσί.
405 4205 743 4273 Γέγραπται
776 4207 905 4275 γὰρ,
952 4208 1408 4278 Ἐπικατάρατος
1447 4210 1560 4275 πᾶς
1600 4214 1668 4280 ὃς
1704 4218 1814 4271 οὐκ

1923 4222 2271 4284 exsecrationi
2318 4227 2441 4274 sunt
2483 4216 2717 4272 obnoxii.
2758 4213 3032 4283 Scriptum
3055 4220 3131 4266 est
3157 4212 3297 4265 enim
3327 4210 3491 4278 {Ex-

230 4293 481 4364 ἐμμένει
506 4295 574 4348 ἐν
612 4295 763 4349 πᾶσι
789 4296 914 4362 τοῖς
942 4298 1373 4367 γεγραμμένοις
1400 4298 1470 4351 ἐν
1505 4300 1585 4366 τῷ
1599 4302 1814 4369 βιϐλίῳ

1924 4311 2202 4372 secrabilis
2259 4309 2430 4362 omnis
2459 4307 2548 4377 qui
2595 4321 2695 4357 non
2729 4303 2985 4356 manserit
3016 4303 3072 4355 in
3106 4300 3348 4356 omnibus
3374 4316 3497 4371 quin

229 4386 345 4441 τοῦ
372 4388 563 4457 νόμου
602 4388 710 4442 τοῦ
743 4387 995 4455 ποιῆσαι
1036 4389 1210 4443 αὐτά.
1261 4392 1381 4444 Ὅτι
1412 4391 1481 4445 δὲ
1530 4393 1601 4447 ἐν
1654 4397 1814 4465 νόμῳ

1923 4409 2119 4474 scripta
2154 4411 2278 4458 sunt
2307 4400 2362 4454 in
2393 4397 2531 4453 libro
2567 4396 2719 4466 legis,
2746 4403 2804 4448 ut
2834 4395 2999 4462 faciat
3019 4409 3101 4448 ea.
3140 4392 3295 4459 Quod
3315 4401 3494 4446 autem

231 4479 441 4547 οὐδεὶς
470 4479 802 4535 δικαιοῦται
830 4481 987 4549 παρὰ
1018 4481 1097 4546 τῷ
1136 4483 1277 4548 Θεῷ,
1310 4484 1523 4552 δῆλον,
1556 4484 1644 4540 ὅτι
1666 4492 1697 4543 ό
1725 4488 1814 4542 ει-

1923 4504 1977 4555 in
2010 4502 2119 4569 lege
2168 4497 2347 4551 nullus
2365 4490 2694 4561 justi/icetur
2743 4486 2884 4558 apud
2917 4484 3121 4547 Deum,’
3141 4487 3320 4552 palam
3354 4494 3432 4537 est
3471 4499 3496 4540 ε

233 4586 411 4638 καιος
462 4572 531 4631 ἐκ
564 4574 865 4639 πίστεως,
905 4572 1171 4640 ζήσεται.
1219 4574 1285 4626 ’θ
1339 4574 1409 4627 δὲ
1456 4577 1641 4647 νόμος
1704 4581 1814 4635 οὐκ

1923 4592 2179 4663 siquidem
2210 4589 2391 4659 justus
2420 4600 2485 4639 ex
2519 4583 2624 4654 ﬁde
2654 4583 2822 4655 uiuet;
2855 4578 2939 4633 lex
2984 4585 3160 4635 autem
3182 4591 3288 4631 non
3326 4584 3402 4630 est
3427 4589 3494 4631 es

232 4663 413 4717 ἔστιν
444 4663 513 4718 ἐκ
551 4666 809 4729 πίστεως
832 4680 848 4695 ⁸
875 4663 1014 4717 ἀλλ’
1045 4667 1076 4718 ό
1100 4664 1362 4732 ποιήσας
1399 4667 1552 4722 αὐτὰ
1589 4670 1817 4742 ἅνθρω-

233 4772 355 4822 πος
391 4752 630 4824 ζήσεται
659 4755 974 4821 ἐνιαίηοῐς.

310 4849 470 4901 Ὅσοι
502 4850 630 4912 etot,
656 4852 844 4920 φησιν,
880 4850 1130 4919 ἐχόμενοι
1152 4849 1262 4903 τῶν
1291 4850 1469 4924 ἔργων
1493 4853 1586 4907 τοῦ
1623 4858 1813 4927 νόμου,

232 4941 638 5012 ἔπικατάρατοί
703 4942 861 4996 εἰσιν.
928 4943 1150 5012 Ἐπειδὴ
1178 4943 1291 5016 γὰρ
1352 4947 1595 5012 ἐκείνους
1629 4951 1813 5005 ἑπτόει

233 5034 405 5087 ἐᾶσαι
452 5033 541 5086 τὸν
582 5034 768 5104 νόμον,
823 5034 898 5107 μή
947 5048 1065 5099 πως
1109 5036 1217 5090 ὑπὸ
1248 5040 1499 5110 κατάραν
1524 5042 1814 5110 γένωνται,

234 5126 328 5178 διὰ
360 5124 421 5177 τὸ
466 5127 795 5196 γεγράφθαι,
849 5127 1287 5198 Ἐπικατάρατος
1330 5131 1357 5181 δ
1415 5132 1490 5204 μὴ
1538 5134 1813 5204 ἐμμένων,

240 5218 403 5287 φησὶ,
464 5216 543 5288 τῷ
590 5220 762 5288 νόμῳ,
804 5219 967 5282 αὐτὸς
1021 5220 1346 5288 ἀγωνίζεται
1402 5224 1575 5289 δεῖξαι
1596 5228 1677 5281 ὄτι
1712 5230 1816 5284 ὑπὸ

237 5309 492 5377 κατάραν
539 5310 678 5361 είσὶν
736 5310 787 5362 ei.
827 5311 1159 5381 ἐμμένοντες
1178 5314 1254 5385 τῷ
1301 5314 1471 5385 νόμῳ.
1506 5317 1664 5387 Πῶςς
1690 5320 1816 5378 ’Ὁτι

235 5399 443 5464 οὐδεὶς,
475 5401 631 5470 φησι,
663 5401 864 5470 πληροῖ
898 5401 989 5456 τὸν
1033 5403 1217 5473 νόμον,
1276 5406 1358 5458 διὸ
1399 5410 1814 5482 ὲπικατάρατοι.

247 5494 342 5557 Ὠς
371 5493 424 5545 οἵ
448 5510 511 5563 γε
546 5494 885 5556 ἀποστάντες
914 5494 1007 5548 τοῦ
1040 5496 1230 5566 νόμου,
1284 5500 1378 5552 καὶ
1427 5500 1525 5570 τῆς
1571 5509 1819 5578 κατάρας

235 5582 718 5655 ἠλευθερώθησαν.
749 5585 893 5648 «Πᾶς
913 5586 968 5649 ὃς
993 5587 1092 5639 οὐκ
1110 5588 1357 5657 ἐμμένει.
1375 5608 1392 5642 s
1418 5594 1515 5645 Διά
1545 5595 1702 5651 τοῦτο
1720 5596 1815 5654 οὖν

235 5675 640 5742 ἐπικατάρατοι
693 5676 743 5728 oi
791 5676 1039 5747 ἐχόμενοι
1093 5677 1188 5730 τοῦ
1236 5680 1437 5750 νόμου,
1488 5683 1576 5740 διὰ
1626 5690 1686 5744 τὸ
1740 5694 1817 5766 μὴ

312 5798 335 5828 ³
370 5795 534 5854 Deut.
570 5811 739 5864 uvu,
764 5797 854 5852 26.
1028 5872 1033 5877 ἡ
1588 5838 1617 5857 ι

1920 4682 2044 4753 ﬁde,
2077 4678 2166 4733 sed
2196 4676 2287 4748 qui
2312 4674 2491 4746 fecerit
2512 4688 2596 4738 ea,
2625 4672 2780 4725 homo
2801 4669 2931 4722 uiuet
2968 4665 3025 4719 in
3060 4664 3208 4733 ipsis.

1990 4862 2294 4933 Quotquot,
2346 4858 2548 4929 inquit,
2580 4856 2788 4910 haerent
2817 4852 2953 4924 legis
3001 4851 3285 4921 operibus,
3339 4862 3492 4905 exse-

1922 4954 2157 5010 crabiles
2182 4960 2332 5008 sunt.
2367 4947 2821 5017 Quandoquidem
2851 4943 2997 4999 enim
3026 4942 3081 4996 id
3108 4957 3207 4997 eos
3230 4942 3493 5005 terrebat,

1922 5064 1991 5107 ne
2042 5045 2215 5116 legem
2267 5042 2662 5111 relinquerent,
2715 5049 2785 5090 ne
2849 5032 3128 5102 quomodo
3173 5033 3278 5088 sub
3329 5032 3500 5086 male-

1922 5141 2219 5197 dictionem
2247 5133 2525 5195 venirent,
2564 5135 2792 5198 propter
2825 5123 2879 5178 id
2910 5121 3057 5194 quod
3087 5123 3349 5193 scriptum
3385 5129 3498 5184 est,

1929 5254 1948 5287 ι
1992 5227 2359 5288 Exsecrabilis
2403 5230 2487 5279 est
2544 5220 2725 5276 omnis
2786 5218 2880 5289 qui
2927 5231 3037 5272 non
3105 5215 3367 5270 manserit
3441 5213 3498 5268 in

1922 5320 2041 5394 lege
2064 5324 2119 5389 ’;
2151 5337 2169 5369 ι
2209 5319 2324 5387 ipse
2352 5321 2545 5369 contra
2577 5309 2775 5365 nititur
2802 5306 3097 5362 ostendere
3123 5301 3495 5361 exsecrationi

1923 5412 2192 5470 obnoxios
2224 5422 2367 5471 esse,
2398 5409 2671 5476 quotquot
2716 5399 3027 5456 manserint
3060 5398 3115 5453 in
3161 5398 3297 5465 lege.
3338 5394 3498 5459 Quo-

1926 5526 2052 5566 nam
2091 5504 2299 5561 modo?
2349 5500 2486 5569 Quia
2517 5498 2724 5564 nullus,
2768 5495 2970 5566 inquit,
3004 5490 3242 5561 complet
3278 5489 3450 5558 legem
3477 5501 3497 5541 :

1926 5611 2052 5658 sunt
2081 5601 2248 5671 igitur
2270 5592 2662 5655 exsecrabiles,
2687 5598 2746 5644 ut
2779 5588 2872 5660 qui
2898 5601 2926 5640 a
2956 5583 3074 5654 lege
3093 5580 3496 5643 discesserunt,

1938 5706 1993 5754 et
2048 5690 2431 5750 exsecratione
2492 5684 2712 5742 liberati
2767 5688 2920 5738 sunt.
2985 5671 3142 5740 «Qui
3188 5686 3297 5727 non
3337 5685 3502 5731 inan-
