3956 6552
256 376 397 445 1125

1275 378 1661 443 COMMENT.
1701 375 1784 440 IN
1813 377 2049 442 EPIST.
2067 377 2168 441 AD
2199 377 2468 444 GALAT.

3241 411 3291 460 δ-
3373 385 3511 451 1126

250 489 664 547 διατάσσεται.
701 487 786 554 Τῷ
813 487 883 542 δὲ
921 488 1170 559 Ἀϐραὰμ
1194 487 1539 558 ἐρρήθησαν
1557 491 1617 543 ai
1647 489 1831 559 ἐπαγ-

1944 497 2067 554 tum,
2100 505 2252 545 nemo
2273 489 2471 559 rejicit,
2507 496 2601 542 aut
2636 489 2790 543 addit
2818 489 3042 562 aliquid.
3074 491 3241 548 Porro
3282 495 3512 553 Abrahae

253 583 468 651 γελίαι,
491 579 591 635 καί
608 579 688 647 τῷ
711 579 1004 650 σπέρματι
1021 579 1229 636 αὑτοῦ.
1257 583 1338 634 Οὐ
1353 581 1538 651 λέγει,
1571 580 1679 637 Καὶ
1705 580 1832 648 τοῖς

251 670 714 740 σπέρμασιν,ὠς
737 669 834 723 ἐπὶ
868 669 1140 736 πολλῶν,
1163 670 1301 724 ἀλλ’
1324 670 1402 736 ὡς
1422 671 1513 740 ἐφ’
1537 670 1696 737 ἐνὸς,
1730 669 1828 724 καὶ

251 760 334 828 τῷ
362 761 662 831 σπέρματί
686 777 824 825 σου,
843 760 911 826 ὅς
932 763 1062 815 ἐστι
1080 760 1357 829 Χριστός.
1379 759 1639 814 Τοῦτοδὲ
1653 759 1830 830 λέγω,

251 853 549 923 διαθήκην
625 852 1165 924 προκεκυρωμένην
1220 854 1338 908 ὑπὸ
1391 851 1499 907 τοῦ
1558 851 1705 907 Θεοῦ
1746 854 1834 918 εις

251 947 535 1015 Χριστὸν,
571 947 603 998 ὁ
627 944 779 1015 μετὰ
812 945 918 1013 ἔτη
965 944 1322 1014 τετρακόσια
1354 944 1454 999 καὶ
1515 943 1834 1014 τριάκοντα

250 1036 516 1106 γεγονὼς
573 1039 779 1104 νόμος,
839 1039 950 1090 οὐκ
980 1035 1200 1105 ἀκυροῖ
1224 1039 1312 1102 εἰς
1346 1037 1414 1088 τὸ
1457 1035 1835 1104 καταργῆσαι

250 1128 371 1195 τὴν
405 1127 795 1198 ἐπαγγελίαν.
822 1130 892 1181 Ei
915 1128 1024 1196 γὰρ
1059 1127 1128 1181 ἐκ
1142 1128 1334 1197 νόμου
1368 1127 1405 1195 ἠ
1438 1128 1831 1194 κληρονομία,

248 1219 366 1272 οὐκ
402 1217 490 1270 ἔτι
510 1216 578 1282 ἐξ
603 1218 988 1287 ἐπαγγελίας.
1026 1217 1110 1282 Τῷ
1164 1216 1233 1270 δὲ
1283 1217 1538 1286 Ἀϐραὰμ
1559 1216 1634 1269 δι’
1659 1216 1831 1286 ἐπαγ-

249 1314 457 1382 γελίας
486 1313 836 1382 κεχάρισται
869 1315 902 1367 d
927 1315 1094 1380 Θεός.

336 1405 555 1474 Ἐπειδὴ
575 1405 638 1458 ἐκ
663 1422 723 1458 τε
757 1404 866 1459 τῶν
894 1407 1023 1476 παρ’
1055 1404 1240 1468 αὐτοῖς
1296 1404 1561 1476 σημείων,
1620 1404 1717 1461 καὶ
1767 1407 1833 1460 ἐκ

248 1498 350 1567 τῆς
383 1497 476 1552 τοῦ
506 1498 663 1567 ἁγίου
695 1496 1018 1567 Πνεῦματος
1051 1498 1478 1570 ἐπιφοιτήσεως,
1511 1500 1605 1553 καὶ
1637 1501 1703 1553 ἐκ
1737 1499 1832 1554 τοῦ

251 1589 492 1660 σταυροῦ
518 1589 611 1643 τοῦ
644 1587 910 1659 Χριστοῦ,
940 1590 1035 1642 καὶ
1076 1587 1136 1654 ἐξ
1165 1581 1241 1643 ὧν
1276 1589 1456 1660 ἐσώθη
1486 1593 1514 1644 6
1551 1590 1830 1661 Ἀϐραὰμ,

247 1681 425 1747 ἔδειξε
485 1681 584 1752 τὴν
631 1680 814 1734 πίστιν
857 1679 1074 1748 σώζειν,
1127 1683 1220 1734 καὶ
1253 1681 1314 1734 οὐ
1358 1681 1449 1734 τὸν
1494 1681 1658 1751 νόμον
1691 1698 1704 1712 ο
1738 1682 1834 1736 νῦν

243 1771 361 1825 ἀπὸ
391 1769 736 1842 ἀνθρωπίνου
791 1768 1240 1840 παραδείγματος
1285 1768 1483 1830 αὐτοὺς
1515 1770 1702 1821 πεῖσαι
1737 1766 1834 1838 ζηο

243 1863 355 1916 τεῖ.
409 1837 639 1934 Τὺνγὰρ,
674 1879 693 1914 ι
731 1837 889 1914 sua;
935 1837 1259 1932 ἄνθρωπον,
1300 1878 1320 1912 s
1372 1859 1494 1913 ἀντὶ
1529 1859 1648 1926 τοῦ,
1690 1837 1831 1914 κατὰ
1863 1837 1906 1893 Β

244 1947 594 2019 ἀνθρώπινον
624 1950 782 2019 λόγον
821 1950 915 2002 καὶ
943 1949 1316 2021 παράδειγμα.
1357 1947 1552 2014 Καλῶς
1586 1948 1645 2002 δὲ
1678 1948 1832 2003 ἁδελ-

247 2040 390 2109 φοῦς
444 2041 623 2104 καλεῖ,
680 2043 940 2112 ἀνοήτους
993 2039 1252 2105 καλέσας.
1301 2043 1395 2094 Δεῖ
1416 2042 1549 2113 γὰρ,
1574 2041 1706 2094 ποτὲ
1732 2042 1832 2111 μὲν

245 2130 594 2200 ἐπιστύφειν,
645 2132 775 2184 ποτὲ
829 2131 887 2184 δὲ
927 2131 1263 2201 γλυκαίνειν.
1311 2151 1330 2184 ι
1383 2132 1700 2204 Ἀνθρώπου
1737 2151 1832 2187 κε-

245 2225 585 2295 κυρωμένην
617 2223 906 2296 διαθήκην.
943 2243 963 2277 ι
997 2225 1141 2299 Ὅρα.
1196 2226 1250 2280 τί
1283 2225 1428 2280 θέλει
1485 2225 1832 2280 κατασκευά-

249 2330 350 2368 σαι
407 2315 496 2369 διὰ
524 2315 621 2370 τοῦ
654 2316 1053 2388 ὑποδείγματος
1084 2317 1181 2389 τῆς
1203 2317 1491 2390 διαθήκης.
1532 2318 1832 2390 Ἐπηγγεί-

242 2405 405 2474 λατο,
439 2408 634 2478 φησὶν,
659 2409 688 2461 6
714 2408 845 2474 Θεὸς
873 2409 954 2480 τῷ
968 2408 1242 2480 Ἀϐραὰμ,
1271 2410 1360 2465 διὰ
1393 2409 1488 2466 τοῦ
1518 2411 1833 2481 σπέρματος

244 2499 420 2557 αὑτοῦ
450 2499 790 2569 εὐλογεῖσθαι
818 2501 886 2555 τὰ
903 2501 1054 2575 ἔθνη.
1083 2503 1310 2574 Σπέρμα
1339 2502 1397 2557 δὲ
1430 2504 1522 2557 τοῦ
1559 2505 1831 2576 Ἀϐραὰμ,

245 2589 320 2643 τὸ
348 2591 490 2645 κατὰ
522 2594 701 2664 σάρκα
734 2595 763 2648 6
785 2594 1040 2666 Χριστός.
1084 2593 1142 2648 '0
1165 2595 1327 2666 νόμος
1364 2587 1522 2668 ἐδόθη
1555 2599 1695 2668 μετὰ
1736 2598 1833 2670 ἔτη

245 2683 582 2753 τετρακόσια
644 2687 958 2756 τριάκοντα.
988 2687 1051 2741 Ei
1083 2687 1284 2753 τοίνυν,
1346 2690 1535 2760 φησὶν,
1591 2693 1619 2744 6
1667 2692 1832 2764 νόμος

244 2775 537 2844 χαρίζεται
567 2777 665 2839 τὰς
696 2778 950 2846 εὐλογίας
975 2779 1067 2832 καὶ
1089 2780 1187 2850 τὴν
1208 2779 1636 2854 δικαιοσύνην,ή
1661 2785 1834 2856 ἐπαγ-

248 2864 416 2933 γελία
477 2867 572 2920 καὶ
624 2869 657 2938 ή
723 2868 956 2942 διαθήκη
1005 2869 1099 2924 τοῦ
1129 2870 1264 2924 Θεοῦ
1313 2873 1513 2943 ήπρὺς
1558 2874 1832 2946 ’Δϐραὰμ,

249 2958 460 3030 ἄκυρος
482 2958 712 3028 γίνεται.
777 2959 913 3018 Εἶτα
971 2961 1263 3033 ἀνθρώπου
1311 2965 1410 3036 μὲν
1448 2965 1715 3039 δίαθήκην
1745 2969 1836 3022 οὐ·

249 3048 368 3114 δεὶς
394 3051 593 3119 ἀθετεῖ,
616 3054 712 3108 τοῦ
747 3054 882 3108 Θεοῦ
905 3056 961 3110 δέ
1013 3055 1315 3128 ἀκυροῦται
1350 3058 1384 3128 ή
1431 3058 1666 3130 διαθήκη
1687 3098 1704 3127 ,
1736 3061 1832 3113 καὶ

1935 583 2088 636 diem
2117 590 2240 636 sunt
2278 583 2677 652 promissiones,
2702 593 2750 638 et
2784 585 2972 639 semini
3013 587 3148 656 ejus.
3181 585 3305 641 Non
3345 591 3510 657 dicit,

1935 672 2002 726 Et
2051 673 2359 741 seminibus,
2400 681 2654 745 tanquam
2679 675 2743 729 de
2772 677 2970 741 multis,
3022 679 3114 733 sed
3168 690 3418 751 tanquam
3449 684 3514 738 de

1934 781 2075 820 uno:
2117 765 2185 819 Et
2225 768 2416 821 semini
2470 777 2582 835 tuo,
2621 770 2709 839 qui
2757 780 2831 823 est
2874 769 3139 827 Christus.
3176 776 3290 828 Hoc
3333 785 3514 830 autem

1935 857 2052 910 dico
2081 873 2100 911 :
2149 867 2520 914 testamentum
2560 871 2684 914 ante
2726 867 3128 931 comprobatum
3176 883 3208 919 α
3247 865 3359 921 Deo
3389 885 3515 938 erga

1937 945 2232 1012 Christum,
2264 948 2350 1003 lex
2375 966 2491 1020 qua:
2521 959 2638 1019 post
2669 967 2837 1006 annos
2867 955 3302 1027 quadringentos,
3329 968 3380 1011 et
3412 961 3516 1013 tri-

1933 1041 2081 1108 ginta
2111 1042 2285 1109 erepit,
2318 1057 2422 1095 non
2454 1043 2584 1111 facit
2615 1044 2848 1110 irritum,
2889 1054 2945 1098 ut
2969 1049 3180 1118 abroget
3199 1051 3516 1118 promissio-

1936 1148 2074 1187 nem.
2109 1131 2254 1187 Nam
2294 1135 2342 1189 si
2376 1150 2441 1188 ea:
2475 1135 2584 1205 lege
2631 1145 2767 1192 esset
2807 1139 3111 1207 htereditas,
3159 1159 3262 1196 non
3289 1144 3405 1213 jam
3449 1161 3516 1202 ea:

1934 1225 2302 1289 promissione.
2343 1225 2505 1297 Atqui
2531 1226 2760 1284 Abraha:
2788 1245 2881 1300 per
2911 1234 3316 1300 promissionem
3344 1237 3516 1293 dona-

1935 1317 2003 1370 vit
2042 1316 2200 1372 Deus.

2005 1408 2276 1474 Quoniam
2311 1418 2365 1466 et
2391 1426 2457 1466 ex
2478 1411 2653 1482 signis
2677 1427 2797 1483 qua:
2817 1413 2959 1484 apud
2991 1413 3141 1486 ipsos
3175 1417 3318 1474 facta
3332 1429 3511 1486 erant,

1935 1508 1990 1554 et
2031 1516 2096 1557 ex
2148 1501 2389 1572 Spiritus
2459 1506 2640 1560 sancti
2687 1505 3072 1576 descensione,
3121 1520 3176 1565 et
3227 1528 3292 1567 ex
3340 1524 3516 1568 morte

1935 1592 2163 1662 Christi,
2195 1602 2251 1649 et
2279 1609 2344 1650 ex
2371 1611 2435 1650 eo
2467 1597 2612 1666 quod
2641 1598 2919 1655 Abraham
2944 1602 3130 1659 salvus
3163 1603 3342 1660 factus
3378 1606 3518 1660 fuis-

1936 1696 2042 1752 set,
2074 1688 2474 1745 demonstravit
2513 1691 2658 1760 quod
2704 1691 2839 1748 ﬁdes
2896 1695 3092 1762 salvet,
3142 1705 3198 1751 et
3226 1711 3333 1752 non
3385 1699 3512 1754 lex:

1938 1795 2086 1836 nunc
2128 1781 2198 1835 ab
2241 1781 2484 1836 humano
2517 1784 2772 1854 exemplo
2803 1795 3041 1841 conatur
3073 1788 3178 1844 hoc
3217 1789 3354 1858 ipsis
3389 1805 3516 1860 per-

1937 1873 2195 1929 suadere.
2221 1872 2358 1929 Nam
2393 1878 2538 1947 quod
2585 1877 2682 1944 ait,
2732 1897 2750 1930 ι
2791 1880 3105 1935 Secundum
3150 1882 3450 1949 hominem,
3490 1902 3510 1936 ι

1937 1965 2081 2020 idem
2111 1973 2194 2021 est
2222 1967 2368 2036 quod
2403 1966 2646 2022 humano
2676 1983 2933 2026 sermone
2960 1980 3012 2026 et
3040 1973 3314 2043 exemplo.
3367 1974 3516 2031 Bene

1936 2067 2120 2114 autem
2150 2068 2307 2114 vocat
2332 2058 2555 2126 fratres,
2591 2075 2731 2130 quos
2768 2062 2921 2132 prius
2956 2063 3160 2118 stultos
3194 2066 3511 2136 appellavit.

1935 2151 2162 2223 Oportet
2214 2152 2363 2206 enim
2421 2167 2571 2207 nunc
2602 2153 2828 2223 quidem
2878 2170 3072 2226 aspere
3117 2160 3510 2230 perstringere,

1937 2260 2080 2300 nunc
2120 2261 2251 2302 vero
2311 2245 2528 2301 dulcem
2583 2262 2728 2302 esse.
2777 2266 2794 2299 ι
2827 2246 3076 2306 [laminis
3125 2251 3512 2308 conﬁrmatum

1936 2346 2350 2396 testamentum.
2380 2359 2399 2394 ι
2457 2339 2847 2399 Animadverte
2891 2344 3021 2413 quid
3067 2361 3164 2415 per
3199 2349 3514 2402 testamenti

1934 2429 2244 2500 exemplum
2277 2429 2406 2484 velit
2453 2438 2730 2486 astruere.
2785 2430 3071 2500 Promisit,
3116 2435 3318 2504 inquit.
3368 2434 3514 2495 Deus

1934 2522 2196 2587 Abrahae,
2241 2521 2388 2592 quod
2419 2537 2519 2594 per
2547 2522 2723 2592 ipsius
2760 2539 2948 2579 semen
3000 2526 3349 2584 benediceret
3377 2546 3516 2600 gen-

1937 2622 2048 2678 tes;
2082 2628 2270 2667 semen
2297 2620 2479 2668 autem
2499 2611 2757 2677 Abrahze,
2778 2615 2936 2684 juxta
2958 2629 3180 2670 carnem
3206 2628 3292 2672 est
3321 2618 3516 2675 Chris-

1938 2710 2047 2758 tus.
2075 2701 2234 2774 741
2283 2701 2392 2757 Lex
2416 2701 2544 2757 data
2596 2711 2682 2758 est
2715 2709 2840 2774 post
2879 2718 3054 2758 annos
3078 2703 3515 2774 quadringentos

1937 2794 2185 2866 triginta.
2241 2795 2298 2850 Si
2340 2796 2509 2867 igitur
2539 2795 2654 2861 lex,
2687 2795 2887 2866 inquit,
2917 2797 3144 2851 donaret
3174 2797 3516 2852 benedictio-

1934 2904 2035 2944 nes
2079 2899 2134 2943 et
2163 2888 2466 2958 justitiam,
2508 2890 2825 2958 promissio,
2859 2902 2924 2942 ac
2970 2896 3366 2944 testamentum
3420 2889 3518 2944 Dei
3610 2906 3613 2908 ·

1939 2977 2143 3034 factum
2165 2979 2232 3034 ad
2253 2980 2528 3035 Abraham
2557 2979 2713 3034 irrita
2747 2979 2961 3034 ﬁerent.
2992 2979 3218 3043 Deinde,
3277 2979 3517 3034 heminis

1935 3073 2155 3146 quidem
2189 3079 2576 3128 testamentum
2603 3087 2761 3128 nemo
2786 3071 2966 3142 rejicit
3012 3079 3105 3125 aut
3150 3071 3378 3140 spernit,
3424 3071 3519 3126 Dei

249 3141 431 3195 ταῦτα
471 3144 641 3200 πολὺν
671 3148 864 3218 χρόνον
893 3148 1244 3220 κρατήσασα,
1303 3151 1444 3219 μετὰ
1502 3152 1836 3221 τετρακόσια

1944 3141 2126 3222 autem
2176 3173 2568 3221 testamentum
2613 3164 2700 3220 ﬁet
2732 3141 2984 3228 irritum,
3035 3165 3199 3234 idque
3225 3173 3520 3235 postquam

253 3233 557 3303 τριάκοντα
585 3236 708 3307 ἔτη.
755 3238 820 3290 El.
846 3239 956 3310 γὰρ
986 3240 1354 3311 ἐπηγγείλατο
1377 3241 1478 3312 μὲν
1507 3243 1691 3315 ἐκείνη
1745 3245 1836 3298 εὑ-

251 3327 438 3397 λογεῐν
463 3328 554 3383 διὰ
573 3329 666 3384 τοῦ
704 3332 965 3404 Χριστοῦ,
993 3336 1022 3388 6
1051 3333 1108 3387 δὲ
1129 3334 1293 3405 νόμος
1319 3335 1442 3390 ἀντὶ
1471 3336 1566 3400 τοῦ
1594 3337 1834 3406 Χριστοῦ

251 3421 494 3490 εὐλογ“εἰ,
524 3422 633 3493 ἄρα
673 3425 974 3496 ἀκυροῦται
1004 3429 1038 3497 ή
1071 3427 1307 3499 διαθήκη
1336 3427 1430 3482 τοῦ
1465 3427 1603 3482 Θεοῦ
1632 3430 1666 3500 ή
1692 3429 1832 3500 πρὸς

265 3513 544 3586 ’Δσραάμ
599 3535 618 3568 ι
664 3517 860 3581 Καλῶς
901 3518 960 3570 δὲ
1023 3505 1417 3590 κεκυρωμένην
1467 3519 1655 3590 φησίν.
1699 3538 1718 3571 ι
1769 3548 1837 3559 -—

257 3600 464 3680 [ΦΩΤ
522 3609 712 3680 ’Ὀρκῳ
768 3611 876 3681 γὰρ
953 3610 1287 3683 ἐκεκύρωτο.
1333 3610 1604 3684 Ἀκριὸὦς
1662 3613 1719 3665 δὲ
1750 3611 1832 3678 τὸ,

255 3717 287 3750 Δ
326 3699 757 3772 Κεκυρωμένην,
781 3720 800 3753 ι
838 3703 1022 3772 φησίν.
1059 3703 1122 3755 'H
1155 3703 1263 3774 γὰρ
1295 3703 1520 3774 ἄκυρος,
1553 3705 1648 3758 καὶ
1671 3721 1840 3775 μετα-

251 3792 492 3860 τίθεται,
544 3794 736 3867 ὥσπερ
786 3798 815 3850 6
864 3797 1026 3868 νόμος
1057 3797 1242 3864 αὐτὸς,
1289 3799 1368 3856 εἰς
1393 3797 1454 3850 τὸ
1486 3797 1836 3866 Εὐαγγέλιον.

272 3886 824 3956 Ἔπιδιατάσσεται,
848 3890 1121 3955 τουτέστι,
1163 3889 1553 3961 Προστίθησιν.
1593 3909 1611 3942 ι
1642 3891 1840 3962 Ἐρῤή-

250 3983 459 4054 θησαν.
501 4001 521 4034 ι
568 3977 692 4036 Οἶον
731 3983 1172 4054 ἐπηγγέλθησαν.
1211 3983 1412 4036 «Τοῦτο
1439 3984 1498 4036 δὲ
1531 3983 1839 4053 λέγω,δια-

253 4075 460 4146 θήκην.
497 4092 518 4126 ι
553 4075 860 4145 Σαφηνείας
890 4075 1051 4144 χάριν
1083 4073 1459 4144 ἀναλαμϐάνει
1509 4073 1600 4126 τὸν
1660 4074 1836 4140 λόγον.

266 4184 290 4217 ι
341 4166 476 4218 ’Δπὸ
511 4165 607 4220 τοῦ
664 4167 802 4221 Θεοῦ
833 4169 915 4227 εἰς
964 4166 1224 4238 Χριστόν.
1255 4186 1274 4216 ι
1314 4167 1407 4230 Εἰς
1442 4165 1677 4237 Χριστὸν
1730 4171 1840 4236 γάρ

259 4253 333 4331 ἦν
365 4259 399 4328 ή
433 4258 756 4328 ἐπαγγελία.
790 4253 929 4312 Eius
964 4259 1093 4328 γὰρ,
1122 4257 1212 4311 διὰ
1257 4258 1352 4311 τοῦ
1386 4261 1701 4329 σπέρματος
1736 4260 1838 4311 αὺ-

257 4351 360 4405 τοῦ
394 4351 732 4422 εὐλογεῖσθαι
762 4353 830 4405 τὰ
886 4350 1038 4421 ἔθνη.
1075 4349 1248 4404 Τοῦτο
1292 4351 1400 4421 γάρ
1430 4353 1569 4415 ἐστι,
1599 4352 1669 4403 ἐν
1715 4351 1837 4404 σοί.

264 4445 499 4516 Σπέρμα
523 4445 580 4498 δὲ
603 4445 696 4498 τοῦ
738 4444 1011 4515 ’Δὸραὰμ,
1041 4444 1104 4496 τὸ
1133 4444 1276 4498 κατὰ
1310 4444 1487 4514 σάρκα
1515 4445 1542 4496 6
1581 4445 1838 4514 Χριστός.

1941 3260 2116 3316 multo
2160 3247 2404 3328 tempore
2457 3259 2629 3314 robur
2674 3259 2890 3324 habuit,
2941 3273 3136 3328 nempe
3170 3268 3295 3330 post
3343 3273 3521 3314 annos

1944 3354 2381 3426 quadringentos
2407 3353 2632 3425 triginta
2661 3353 2684 3406 ?
2721 3352 2778 3408 Si
2810 3369 3051 3421 namque
3081 3353 3333 3423 promisit
3354 3363 3522 3408 testa-

1943 3457 2188 3503 mentum
2241 3447 2568 3502 benedieere
2611 3461 2710 3516 per
2756 3445 3064 3508 Christum,
3113 3448 3197 3502 lex
3243 3462 3371 3502 vero
3420 3461 3522 3515 pro

1944 3541 2164 3596 Christo
2186 3540 2483 3606 benedicit,
2514 3550 2665 3596 certe
2694 3540 2910 3595 irritum
2944 3539 3196 3595 redditur
3222 3547 3523 3594 testamen-

1945 3637 2060 3686 tum
2103 3630 2221 3698 Dei,
2263 3630 2466 3686 l‘actum
2509 3632 2575 3685 ad
2630 3631 2932 3686 Abraham.
2967 3661 3034 3672 -
3069 3649 3089 3682 s
3120 3629 3187 3684 Et
3224 3638 3370 3685 recte
3419 3629 3518 3696 ait,

1953 3723 2362 3778 (COIlﬁl‘lllallﬂll
2393 3741 2405 3778 :
2451 3741 2470 3775 ι
2506 3722 2776 3792 siquidem
2801 3723 3114 3792 juramento
3139 3720 3525 3776 conﬁrmatum

1944 3825 2081 3871 erat.
2102 3814 2270 3870 Recte
2288 3822 2468 3869 autem
2496 3815 2573 3868 ait
2604 3833 2622 3866 ι
2652 3814 3037 3870 conﬁrmatum
3060 3831 3076 3881 ;
3102 3833 3121 3864 ι
3155 3829 3282 3868 nam
3300 3812 3353 3868 id
3378 3813 3527 3884 quod

1945 3917 2123 3964 ratum
2159 3923 2268 3963 non
2296 3916 2381 3962 est
2416 3907 2597 3961 adhuc
2639 3915 2922 3962 mutatur:
2953 3903 3416 3976 quemadmodum
3469 3912 3527 3959 et

1946 3998 2065 4069 ipsa
2085 3998 2167 4052 lex
2211 3998 2265 4052 in
2295 3996 2674 4068 Evangelium.
2697 3995 3195 4058 Ἑπιδιατάσσεται,
3218 3992 3272 4048 id
3289 4001 3394 4056 est,
3427 4009 3526 4048 su-

1949 4091 2218 4163 peraddit.
2262 4108 2281 4141 (
2319 4089 2486 4144 Dicta:
2528 4097 2677 4154 sunt,
2713 4106 2732 4140 ο
2764 4087 2818 4143 id
2853 4095 2960 4152 est,
2997 4087 3308 4156 promissae.
3350 4104 3369 4137 ι
3409 4085 3529 4141 lloc

1947 4192 2129 4239 autem
2161 4185 2285 4238 dico
2323 4199 2339 4237 :
2382 4178 2855 4237 testamentuma‘
2890 4178 3292 4236 Declarationis
3347 4179 3527 4250 gratia

1948 4277 2146 4348 repetit
2185 4289 2518 4332 sermonem.
2563 4292 2582 4326 ι
2635 4273 2677 4328 Α.
2721 4272 2832 4328 Deo
2869 4286 2996 4343 erga
3031 4269 3337 4326 Christum.
3375 4289 3395 4322 ι
3442 4270 3526 4324 Ad

1946 4367 2230 4425 Christum
2272 4368 2416 4421 enim
2451 4364 2708 4436 vergebat
2738 4363 3058 4434 promissio.
3091 4360 3239 4415 Dixit
3286 4375 3526 4429 namque

1952 4475 2051 4530 per
2076 4474 2262 4514 semen
2291 4457 2466 4528 ipsius
2493 4453 2896 4514 benedicendas
2926 4466 3049 4508 esse
3092 4457 3301 4520 gentes.
3338 4447 3528 4519 Siqui-

264 4555 288 4590 s
341 4537 402 4591 '0
434 4539 570 4608 μετὰ
597 4537 693 4608 ἐτη
721 4538 1051 4609 τετρακόσια
1098 4535 1192 4588 καὶ⁸
1246 4536 1562 4606 τριάκοντα.
1607 4557 1625 4588 ι
1668 4537 1732 4589 Oi
1752 4553 1836 4589 τε-

1949 4529 2075 4607 dem
2107 4551 2212 4604 hoc
2241 4548 2489 4618 designat
2524 4546 2583 4600 ἐν
2615 4545 2728 4611 σοί,
2759 4544 2814 4598 id
2867 4551 2974 4608 est,
3025 4545 3079 4597 in
3114 4552 3161 4597 te
3190 4543 3270 4597 vel
3301 4557 3394 4610 per
3454 4552 3524 4595 te.

255 4631 546 4702 τρακόσιοι
580 4632 877 4701 τριάκοντα
903 4628 1088 4700 χρόνοι
1118 4627 1444 4696 συνάγονται
1477 4627 1648 4691 οὕτως
1671 4645 1686 4660 ·
1733 4627 1843 4682 ἀπὸ

261 4722 338 4776 σε’
373 4723 536 4786 ἐτους
585 4723 838 4794 Ἀϐραὰμ
865 4722 968 4785 ἕως
999 4720 1042 4792 ρ’
1061 4720 1362 4792 ψηφίζεται
1394 4721 1487 4790 ἐτη
1521 4717 1618 4774 κε’·
1652 4719 1846 4774 Ἰσαὰκ

263 4818 364 4887 ἐτη
390 4817 456 4883 li"
495 4814 716 4881 Ἰακὼϐ,
743 4815 842 4885 ἐτη
879 4818 980 4882 ιιεό
1013 4796 1238 4885 Ἰωσὴφ,
1264 4813 1360 4883 ἐτη
1385 4818 1472 4884 ρι”
1505 4815 1562 4866 ἐν
1588 4811 1851 4884 Αἰγύπτῳ

257 4912 359 4984 ἐτη
421 4909 538 4982 ρμδ¹
568 4926 585 4941 ο
636 4908 792 4980 ὁμοῦ,
852 4908 948 4978 ἔτη
985 4907 1116 4960 υλδ’.
1172 4925 1191 4959 ι
1230 4907 1295 4960 Ei
1326 4907 1435 4978 γὰρ
1487 4909 1551 4960 ἐκ
1607 4906 1776 4977 νόμου
1808 4906 1843 4977 ἡ

257 5002 625 5074 κληρονομία.
662 5020 682 5053 ι
731 5000 901 5065 Αὐτὸς
949 4999 1086 5053 αὐτὸ
1119 4999 1489 5071 ἡρμήνευσεν.
1527 4999 1589 5052 Ei
1613 4998 1724 5068 γὰρ
1755 4997 1845 5054 διὰ

255 5096 356 5151 τοῦ
379 5099 546 5169 νόμου
568 5098 858 5170 γεγένηται
887 5099 916 5169 ή
947 5095 1190 5165 εὐλογία,
1219 5094 1316 5148 καὶ
1358 5094 1434 5164 μὴ
1465 5094 1554 5146 διὰ
1577 5093 1843 5163 Χριστοῦ,

261 5191 553 5262 ήκὺρωται
586 5190 683 5244 καὶ
705 5189 961 5242 ἐσϐεσται
987 5189 1020 5260 ή
1051 5185 1359 5255 ἐπαγγελία
1403 5186 1500 5238 καὶ
1527 5186 1562 5254 ή
1607 5184 1844 5256 διαθήκη

264 5285 365 5338 τοῦ
407 5284 567 5340 Θεοῦ.
607 5301 626 5336 ι
667 5282 746 5335 Δι’
777 5281 1116 5350 ἐπαγγελίας
1173 5279 1519 5350 κεχάρισται.
1551 5295 1569 5329 ι
1610 5277 1722 5348 Τήν
1755 5277 1848 5330 εὐ-

266 5376 478 5444 λογίαν,
509 5376 665 5446 φησὶ,
694 5375 763 5429 δι’
786 5372 1122 5442 ἐπαγγελίας
1165 5371 1489 5442 κεχάρισται
1511 5369 1541 5423 6
1568 5367 1723 5434 Θεὸς,
1755 5369 1850 5422 καὶ

263 5469 330 5524 οὐ
357 5469 446 5522 διὰ
477 5469 662 5538 νόμου.

1953 4641 2151 4697 Semen
2183 4650 2364 4695 autem
2391 4638 2626 4694 Abrahae
2650 4639 2805 4708 juxta
2844 4650 3068 4691 carnem
3096 4643 3214 4690 erat
3248 4632 3524 4688 Christus.

1959 4753 1978 4786 ι
2013 4732 2145 4800 Quae
2204 4741 2331 4803 post
2381 4745 2559 4786 annos
2605 4729 3040 4799 quadringentos
3097 4732 3154 4780 et
3211 4725 3464 4794 triginta.
3502 4740 3522 4775 ι

1950 4824 2349 4895 Quadringenti
2379 4832 2435 4878 et
2458 4821 2682 4893 triginta
2715 4819 2847 4874 anni
2897 4817 3002 4874 hoc
3043 4814 3207 4871 modo
3252 4814 3530 4885 colligun-

1951 4928 2073 4974 tur:
2111 4933 2141 4972 a
2173 4917 2575 4988 septuagesimo
2599 4913 2792 4982 quinto
2824 4925 2970 4965 anno
3001 4908 3236 4964 Abrahae
3262 4922 3439 4978 usque
3460 4906 3531 4961 ad

1952 5010 2315 5066 centesimum
2342 5010 2474 5079 (quo
2507 5012 2670 5060 natus
2697 5012 2782 5059 est
2805 5001 2982 5073 Isaac)
3009 5010 3373 5057 numerantur
3397 4997 3531 5054 anni

1956 5103 2153 5173 viginti
2191 5102 2476 5171 quinque;
2508 5097 2662 5152 Isaac
2700 5095 2832 5150 anni
2863 5095 3147 5165 sexaginta
3167 5094 3315 5165 (cum
3348 5090 3399 5145 ei
3432 5103 3532 5144 na-

1953 5205 2045 5250 tus
2073 5190 2366 5260 estJacoh)
2385 5231 2400 5255 ,
2429 5187 2558 5243 anni
2587 5185 2763 5241 Jacob
2795 5185 3091 5255 nonaginta
3119 5185 3360 5254 quinque
3382 5180 3532 5252 (cum

1954 5287 2144 5357 genuit
2168 5281 2426 5353 Ioseph);
2469 5280 2599 5335 anni
2623 5277 2853 5349 Joseph,
2875 5287 3098 5334 centum
3145 5275 3371 5338 decem';
3397 5270 3532 5357 a_nni

1961 5351 2017 5432 in
2054 5351 2602 5447 Egyptoitr-ansacti
2640 5380 2860 5428 centum
2887 5369 3250 5442 quadraginta
3295 5351 3534 5434 quat°uor

1969 5468 2020 5540 (ε
2069 5475 2248 5521 morte
2295 5465 2521 5536 Joseph,
2559 5463 2726 5534 idque
2765 5461 3066 5520 secundum
3113 5453 3533 5512 translationem

265 5568 616 5640 septuaginta
657 5565 1044 5634 interpretum,
1070 5570 1130 5616 ut
1162 5567 1311 5630 patet
1334 5559 1508 5614 Exodi
1536 5558 1864 5616 duodecimo
1900 5576 1915 5614 :
1960 5560 2124 5615 simul
2155 5561 2282 5614 anni
2317 5559 2706 5632 quadringenti
2737 5567 2793 5614 et
2819 5556 3041 5627 triginta
3071 5558 3287 5622 quater.
3329 5563 3351 5598 ί
3392 5543 3533 5640 Nam

267 5669 316 5722 si
336 5637 424 5720 ex
452 5663 568 5733 lege
596 5670 682 5716 est
709 5657 1022 5714 haereditas.
1061 5675 1080 5708 ι
1113 5653 1237 5723 Ipse
1266 5653 1319 5707 id
1351 5653 1746 5721 interpretatus
1772 5663 1877 5708 est.
1915 5654 1973 5708 Si
2004 5657 2147 5709 enim
2188 5671 2282 5726 per
2311 5654 2482 5724 legem
2515 5654 2662 5709 venit
2687 5649 2996 5707 benedictio
3026 5652 3082 5700 et
3115 5657 3226 5698 non
3257 5655 3352 5711 per
3374 5637 3538 5694 Chri.

266 5771 440 5825 stum,
469 5756 728 5828 abmgata
756 5761 809 5808 et
843 5751 1111 5806 exstincta
1151 5755 1235 5802 est
1277 5745 1572 5816 promissio
1609 5754 1664 5801 et
1709 5754 2100 5804 testamentum
2140 5748 2256 5806 Dei.
2294 5769 2313 5801 ι
2353 5749 2454 5806 Per
2491 5748 2910 5822 promissionem
2950 5739 3191 5798 donavit.
3237 5756 3257 5791 ι
3302 5737 3538 5796 Benedi-

269 5856 535 5920 ctioncm,
565 5851 762 5924 inquit,
792 5861 888 5919 per
912 5843 1334 5916 promissionem
1363 5841 1588 5898 donavit
1630 5840 1770 5899 Deus
1797 5851 1851 5898 et
1877 5859 1984 5902 non
2017 5861 2112 5918 per
2143 5845 2338 5916 legem.
