3956 6558
551 336 688 403 1127

1633 324 2029 386 (ECUMENII
2053 321 2340 382 TRICFJE
2386 317 2723 380 EPISCOPI

3592 317 3688 388 ua
3741 416 3744 420 Ι

621 453 710 519 ΙΙΙ,
745 449 925 504 19-20.
964 445 1104 513 Quid
1139 444 1302 515 igitur
1351 441 1434 494 lex
1477 441 1500 493 ?
1551 439 1772 508 Ρτοριεν
1819 452 2082 509 transgres

2295 435 2354 488 Τί
2423 428 2538 488 οὖν
2598 434 2631 485 ὀ
2688 430 2907 500 νόμος;
2983 430 3105 484 Τῶν
3159 429 3518 497 παραϐάσεων
3566 434 3690 500 χάριν

544 547 715 598 sionu
733 540 916 594 addita
940 534 1060 604 fuit,
1081 534 1242 588 donec
1267 533 1458 585 veniret
1487 546 1658 584 semen
1679 530 1763 583 cui
1792 530 2113 599 promissum

546 637 740 706 fuerat,
793 631 1036 684 ordinata
1087 642 1180 697 per
1212 625 1423 694 angelos
1465 624 1517 677 in
1566 641 1728 678 manu
1764 623 2113 676 mediatoris:

546 725 802 781 mediator
827 731 1003 776 autem
1033 720 1188 772 unius
1219 734 1324 772 non
1358 727 1459 782 est,
1492 726 1544 769 at
1577 715 1715 770 Deus
1747 731 1880 770 unus
1909 723 2006 768 est.

614 895 751 962 Quid
799 894 962 965 igitur
1011 890 1140 946 lex?
1189 887 1474 961 Tanquam
1522 904 1586 941 ex
1644 887 1960 958 obiectione
2009 885 2111 941 sihi

543 987 749 1040 dictum
781 989 969 1039 esset:
1010 982 1123 1036 Cur
1149 996 1278 1052 ergo
1317 980 1439 1032 data
1476 978 1558 1031 lex
1594 989 1697 1039 est,
1745 977 1788 1032 si
1841 977 1907 1031 ad
1944 978 2116 1030 haere-

544 1077 768 1132 ditatem
817 1073 1164 1130 introducere
1220 1087 1328 1124 non
1391 1070 1607 1140 potest?
1655 1068 1887 1138 Propter
1934 1077 2115 1123 trans-

546 1173 875 1240 gressiones.
919 1169 1036 1225 Non
1071 1168 1301 1227 frustra.
1358 1165 1556 1235 inquit,
1589 1163 1717 1219 data
1766 1172 1872 1228 est,
1922 1160 2015 1217 sed
2048 1175 2114 1215 ue

546 1261 910 1332 transgressio
965 1259 1120 1314 ﬁeret
1169 1255 1499 1326 heneplaciti
1558 1251 1678 1318 Dei,
1713 1263 1772 1306 ut
1805 1253 1888 1306 vel
1941 1264 2112 1322 pauca

545 1356 723 1424 aliqua
763 1353 964 1408 delicta
1018 1349 1354 1420 prohiberet.
1395 1345 1556 1418 742
1597 1364 1616 1396 t
1666 1344 1863 1398 Addita
1923 1343 2048 1399 fuit.
2089 1361 2108 1393 ι

543 1443 710 1500 Recte
743 1444 858 1498 ait:
900 1462 918 1491 σ
961 1442 1160 1497 Addita
1189 1440 1316 1504 fuit,
1347 1458 1366 1492 ι
1412 1448 1473 1492 ιιι
1515 1436 1768 1492 ostendat
1799 1436 1970 1505 legem
2002 1450 2112 1488 non

543 1551 666 1588 esse.
705 1535 939 1604 primum
977 1531 1276 1602 exemplar,
1316 1531 1776 1600 quemadmodum
1819 1535 1951 1581 sunt
1983 1542 2112 1596 pro-

544 1622 855 1686 missioues,
881 1622 974 1676 sed
1001 1623 1180 1673 datam
1213 1635 1275 1674 ex
1315 1619 1498 1686 aliquo
1539 1626 1662 1686 post
1705 1617 1849 1687 quod
1887 1630 2115 1672 succes-

544 1713 633 1765 sit.
669 1730 688 1763 t
720 1713 907 1766 Donec
949 1712 1180 1765 veniret.
1221 1727 1240 1760 ι
1297 1708 1403 1763 Sed
1437 1723 1545 1762 non
1594 1708 1647 1761 in
1696 1707 2112 1778 sempiternum,

2217 522 2573 593 προσετέθη,
2613 520 2786 590 ἄχρις
2821 514 2894 576 οὗ
2929 521 3079 586 ἐλοῃ
3109 518 3171 572 τὸ
3221 518 3441 588 σπέρμα
3484 519 3522 584 ᾧ
3558 523 3690 592 eam.

2217 619 2445 686 γελται,
2483 611 2782 680 διαταγεὶς
2842 608 2919 663 δι’
2951 609 3208 679 ἀγγέλου
3237 610 3304 662 ἐν
3329 611 3461 677 χειρὶ
3483 614 3690 678 μεσίτου.

2228 706 2281 759 '0
2320 707 2388 759 δὲ
2423 704 2680 777 μεσίτης
2731 705 2869 770 ἐνὸς
2924 705 3037 757 οὐκ
3089 703 3277 766 ἐστιν,
3317 706 3348 755 ό
3391 702 3452 754 δὲ
3493 705 3608 770 Θεὸς
3632 701 3691 771 είς

2215 798 2402 853 ἐστιν.

2292 911 2310 942 ι
2336 889 2401 944 Τί
2427 890 2517 944 οὖν
2536 891 2563 942 6
2582 890 2775 959 initiae;
2819 888 2906 952 Ὦς
2927 886 2987 952 ἐξ
3015 885 3332 948 ἀντιθέσεως
3364 886 3548 954 εἴρηται
3573 889 3692 958 αὐτῷ.

2216 985 2282 1037 Τί
2301 983 2391 1036 οὖν
2410 985 2437 1036 ὁ
2452 982 2609 1051 νόμος
2627 981 2802 1049 ἐδόθη,
2825 998 2895 1049 φη
2908 979 3009 1040 σιν,
3029 979 3077 1031 εἰ
3095 977 3263 1030 σῶσαι
3285 979 3378 1030 οὐκ
3396 978 3544 1048 ίσχύει
3559 996 3571 1043 ;
3588 979 3693 1032 «Τῶν

2219 1075 2581 1146 παραϐάσεων
2623 1072 2804 1142 χάριν.
2838 1091 2856 1123 ι
2903 1069 3016 1123 Οὐκ
3061 1067 3184 1136 είκῆ
3220 1067 3388 1137 ἐδόθη,
3435 1069 3587 1136 φησὶν,
3614 1068 3692 1121 ἀλλ’

2216 1167 2306 1220 ἵνα
2361 1166 2435 1237 μὴ
2489 1162 2898 1235 παραϐαίνηται
2944 1161 3004 1215 τὸ
3057 1159 3245 1214 δοκοῦν
3263 1157 3335 1232 τῷ
3368 1159 3491 1229 Θεῷ,
3519 1160 3588 1214 ἵνα
3624 1161 3693 1214 κᾶν

2216 1260 2400 1328 ὀλίγας
2426 1256 2803 1327 πλημμελείας
2831 1253 3036 1325 κωλύῃ.

2291 1371 2308 1402 ι
2350 1348 2678 1420 Προσετέθη.
2703 1367 2720 1398 ι
2760 1346 2954 1409 Καλῶς
2984 1344 3063 1406 τὸ,
3100 1366 3115 1394 ι
3136 1342 3451 1414 Προσετέθη,
3474 1362 3489 1393 ι
3511 1343 3694 1415 ἴναδεῐξῃ

2216 1442 2306 1496 τὸν
2342 1443 2504 1508 νόμον
2542 1441 2614 1510 μὴ
2637 1442 2764 1492 ὄντα
2801 1439 3154 1509 πρωτότυπον
3183 1479 3194 1500 ,
3247 1437 3425 1503 ὥσπερ
3445 1437 3493 1488 αἱ
3520 1437 3694 1502 imm.

2215 1535 2326 1588 λίαι
2380 1535 2559 1600 εἰσιν,
2627 1533 2744 1587 ἀλλ’
2790 1533 2848 1597 ἐξ
2901 1531 3292 1601 ἐπιγενομένου
3341 1529 3470 1591 τινὸς
3514 1527 3691 1580 διθέντα.

2222 1644 2240 1674 ο
2283 1627 2477 1694 Ἀχρις
2505 1617 2565 1677 οὗ
2599 1623 2748 1694 ἔλθῃ.
2791 1643 2809 1674 ι
2850 1623 2992 1675 Ἀλλ’
3023 1623 3122 1674 οὐκ
3147 1621 3226 1682 εἰς
3255 1619 3692 1686 ἀπέραντον,φητὶν,

2216 1719 2245 1770 6
2300 1719 2460 1787 νόμος
2513 1715 2694 1786 ἐδόθη,
2739 1714 2856 1768 ἀλλ’
2902 1715 3061 1785 ἄχρις
3095 1705 3156 1765 οὗ
3213 1711 3338 1780 ἔλοῃ
3383 1710 3408 1761 6
3443 1703 3694 1778 Χριστὸς,ᾧ

544 1803 738 1872 inquit,
771 1802 897 1857 data
917 1810 1000 1856 est
1025 1801 1131 1862 lex,
1158 1799 1252 1855 sed
1287 1799 1505 1854 interim
1531 1799 1659 1853 dum
1689 1801 1902 1854 veniret
1926 1798 2114 1854 Chris-

2216 1810 2554 1879 ἐπήγγελται
2589 1807 2649 1860 τὸ
2680 1806 2982 1873 ὲνευλογεῖν
3014 1803 3193 1856 πάντα
3225 1803 3288 1853 τὰ
3323 1799 3456 1870 ἔθνη.
3493 1818 3509 1850 ι
3557 1801 3696 1851 Azan.

545 1901 659 1957 tus,
690 1891 781 1944 cui
829 1892 1157 1960 promissum
1199 1890 1302 1944 fuit
1345 1889 1489 1957 quod
1529 1889 1878 1943 heuedicerct
1917 1903 2109 1968 omnes

541 1991 752 2051 gentes.
796 2001 814 2033 t
861 1983 1124 2038 Ordinata
1175 1999 1272 2052 per
1324 1981 1568 2051 angelos.
1613 2001 1630 2032 ι
1705 1981 1835 2034 Data
1887 1989 1973 2036 est
2029 1979 2110 2032 lex

540 2074 819 2133 ordinata,
855 2076 960 2128 hoc
993 2084 1098 2139 est,
1138 2072 1516 2127 administrata
1547 2082 1603 2126 et
1633 2081 1840 2128 statuta
1872 2085 1968 2140 per
1999 2084 2112 2122 me-

539 2165 660 2220 dios
690 2168 935 2236 angelos,
975 2165 1025 2220 id
1071 2174 1176 2227 est,
1210 2179 1306 2235 per
1344 2163 1688 2226 sacerdotes,
1728 2173 1822 2216 aut
1855 2177 1978 2216 vere
2015 2175 2114 2230 per

539 2259 782 2328 angelos.
819 2257 876 2312 In
909 2271 1099 2322 manu,
1138 2257 1336 2325 inquit,
1367 2255 1690 2310 mediatoris
1713 2255 1838 2309 data
1865 2263 1972 2318 est,
2009 2253 2113 2309 hoc

539 2355 649 2408 est,
693 2346 918 2402 Christi.
982 2345 1102 2401 Vult
1150 2347 1294 2399 enim
1341 2345 1632 2400 ostendere
1679 2353 1733 2400 et
1784 2345 1956 2414 legem
2010 2343 2114 2399 sub

539 2437 759 2492 Christo
811 2437 1017 2502 datam,
1070 2445 1130 2491 ut
1186 2438 1304 2506 ipse
1353 2451 1572 2507 quoque
1633 2447 1827 2506 potens
1863 2445 2008 2491 esset
2047 2435 2113 2489 ad

540 2527 843 2581 tollendum
871 2546 885 2582 :
924 2544 1049 2581 nam
1081 2530 1126 2583 is
1153 2529 1246 2598 qui
1282 2529 1456 2592 dedit,
1502 2529 1667 2581 etiam
1702 2527 1982 2582 auferendi
2012 2542 2113 2598 po-

543 2627 794 2672 testatem
821 2619 1006 2672 habet.
1039 2617 1389 2673 Mediatorem
1417 2626 1601 2672 autem
1625 2625 1782 2672 vocat
1807 2618 2111 2681 Christum,

551 2725 618 2765 eo
663 2711 808 2780 quod
865 2711 1240 2766 intercesserit
1303 2711 1447 2766 inter
1496 2711 1711 2765 Patrem
1755 2717 1810 2764 et
1841 2709 2112 2764 hominem

541 2808 803 2873 tanquam
836 2803 905 2857 ad
961 2803 1283 2868 amicitiam,
1315 2811 1368 2856 et
1403 2800 1786 2856 conciliaverit
1819 2815 1921 2856 nos
1971 2799 2112 2870 apud

542 2894 734 2958 Deum,
764 2897 856 2966 qui
896 2895 1024 2949 facti
1057 2910 1282 2951 eramus
1307 2895 1535 2955 inimici,
1573 2911 1592 2944 ι
1630 2892 1688 2948 1η
1725 2908 1888 2948 manu
1916 2893 2117 2948 media-

542 2985 702 3039 toris.
742 3003 761 3038 ι
796 2986 1151 3041 Mediatorem
1193 2985 1282 3040 hic
1308 2985 1441 3040 dicit
1472 2984 1779 3050 Christum,
1813 2983 2115 3040 ostendens

2216 1900 2335 1967 γεὶς
2384 1897 2452 1950 δι’
2480 1896 2734 1966 ἀγγέλου.
2779 1915 2796 1946 ι
2839 1893 3026 1962 Ἐδόθη
3085 1892 3140 1944 δὲ
3177 1892 3206 1943 6
3258 1891 3428 1960 νόμος,
3471 1885 3694 1953 διαταγεὶς,

2213 1987 2480 2046 τουτέστι,
2512 1983 2860 2055 διακονηθεὶς
2883 1985 2977 2036 καὶ
3005 1983 3289 2051 ἐπιταγεὶς
3317 1979 3400 2032 διὰ
3451 1978 3598 2048 μέσων
3627 1978 3695 2041 ὰγο

2214 2075 2385 2144 γέλων
2407 2116 2422 2140 ,
2455 2075 2488 2145 ἢ
2540 2075 2647 2128 τῶν
2689 2073 2903 2144 ἱερέων,
2948 2072 2982 2141 ἢ
3025 2071 3197 2134 ὅντως
3225 2068 3472 2136 ἀγγέλων.
3506 2066 3576 2118 Ἑν
3598 2063 3697 2133 χειρὶ

2218 2169 2443 2237 μεσίτου
2487 2167 2665 2236 ἐδόθη,
2719 2164 2872 2234 φησι,
2922 2163 3190 2221 τουτέστι,
3223 2161 3314 2214 τοῦ
3341 2157 3564 2226 Χριστοῦ.
3588 2156 3695 2206 ϐέλει

2214 2259 2322 2329 γὰρ
2354 2256 2524 2324 δεῖξαι
2587 2255 2801 2309 καὶτὸν
2846 2255 3008 2324 νόμον
3050 2253 3154 2306 ὑπὸ
3192 2249 3420 2321 Χριστοῦ
3467 2246 3692 2312 δεδομένον,

2217 2348 2303 2401 ἵνα
2339 2349 2433 2401 καὶ
2479 2347 2579 2401 ’τοῦ
2634 2347 2845 2401 ἀνελεῖν
2871 2347 3036 2399 αὑτὸν
3071 2343 3265 2414 κύριος
3309 2343 3526 2410 γένηται.
3556 2339 3600 2392 '0
3620 2337 3693 2403 γὰρ

2214 2438 2486 2504 δεδωκὼς,
2513 2438 2610 2492 καὶ
2637 2439 2847 2492 ἀνελεῖν
2892 2437 3148 2503 ἐξουσίαν
3175 2436 3310 2506 ἔχει.
3343 2431 3556 2500 Μεσίτην
3577 2430 3617 2482 δὲ
3635 2429 3694 2478 τὸν

2215 2533 2448 2602 Χριστὸν
2477 2530 2653 2596 καλεῖ,
2692 2530 2782 2584 διὰ
2809 2531 2870 2583 τὸ
2894 2527 3217 2600 μεσιτεῦσαι
3239 2527 3316 2597 τῷ
3366 2527 3518 2595 Πατρὶ
3537 2522 3694 2580 καὶτοῖς

2217 2622 2546 2693 ἀνθρώποις,
2583 2617 2697 2675 οἷον
2727 2621 2866 2692 πρὸς
2931 2620 3141 2690 φιλίαν,
3182 2619 3279 2673 καὶ
3345 2609 3692 2671 ἀποκαταλλάξαι

2217 2714 2363 2784 ἡμᾶς
2392 2714 2526 2784 πρὸς
2553 2713 2642 2766 τὸν
2679 2713 2834 2774 Θεὸν,
2870 2710 3465 2781 ὲκπεπολεμωμένους.ι
3500 2703 3571 2756 Ἐν
3597 2695 3693 2770 χειρὶ

2219 2807 2459 2876 μεσίτου.
2533 2824 2550 2858 ι
2601 2803 2830 2876 ῘῘΩΑΝ.]
2889 2805 3134 2872 Μεσίτην
3192 2799 3414 2854 ἐνταῦθα
3467 2795 3542 2847 τὸν
3603 2791 3694 2858 X91-

2221 2895 2342 2949 στόν
2381 2911 2535 2967 φησι,
2563 2896 2782 2959 δεικνὺς
2799 2896 2880 2948 ὅτι
2911 2895 3006 2948 καλ⁵
3032 2894 3299 2966 πρότερον
3326 2890 3410 2941 τὸν
3425 2887 3558 2956 νόμον
3583 2881 3692 2940 ait“

2218 2987 2437 3040 ἔδωκεν.
2481 3005 2499 3038 ι
2555 2987 2613 3040 Ὁ
2639 2987 2694 3040 δὲ
2730 2987 2980 3057 μεσίτης,
3016 2986 3208 3055 φησιν,
3245 2983 3362 3044 ἑνὸς
3404 2981 3490 3033 οὐκ
3530 2973 3692 3036 ἔστιν,6

541 3077 684 3146 quod
731 3078 850 3148 ipse
895 3092 1112 3148 quoque
1153 3077 1326 3148 legem
1380 3077 1534 3148 prius
1582 3076 1809 3132 dederit.
1855 3075 2114 3130 Mediator

2220 3079 2274 3132 δὲ
2313 3079 2445 3141 Θεὸς
2468 3073 2547 3140 εἷς
2578 3079 2747 3132 ἐστιν.
2790 3096 2808 3131 ι
2859 3078 2918 3130 '0
2973 3076 3226 3147 μεσίτης,
3285 3073 3429 3143 φησὶ,
3469 3068 3547 3122 δύο
3585 3068 3693 3116 τινῶν

545 3142 726 3222 autem
753 3142 1056 3224 unius—non
1081 3177 1184 3232 est,
1208 3142 1271 3223 at
1298 3142 1441 3225 Deus
1473 3184 1618 3225 unus
1647 3177 1786 3225 est.»
1822 3168 2110 3233 Mediator,

2223 3170 2428 3237 γίνεται
2465 3169 2711 3237 μεσίτης.
2738 3168 2899 3230 Τίνος
2931 3142 3025 3220 06v
3066 3142 3296 3237 μεσίτης
3327 3166 3354 3216 6
3385 3159 3604 3232 Χριστόςς
3625 3159 3693 3219 Δη-

543 3261 744 3329 inquit,
767 3261 997 3316 duorum
1031 3260 1346 3330 aliquorum
1383 3261 1442 3316 lit
1472 3263 1760 3317 mediator.
1789 3261 1960 3331 Cujus
1983 3274 2116 3328 ergo

545 3351 813 3404 mediator
843 3359 929 3406 est
977 3350 1276 3405 Christus?
1301 3350 1467 3407 Certe
1501 3360 1558 3408 et
1590 3351 1874 3406 hominum
1898 3362 1954 3406 et
1996 3350 2112 3406 Dei.

542 3441 705 3498 Vides
755 3444 1030 3512 quoinodo
1071 3444 1190 3512 ipse
1223 3446 1491 3498 ostendat
1542 3443 1688 3511 quod
1748 3444 1865 3512 ipse
1897 3456 2114 3512 quoque

542 3535 712 3604 legem
739 3534 976 3600 dederit,
995 3545 1050 3589 et
1081 3544 1274 3604 potens
1308 3536 1381 3590 sit
1411 3550 1636 3591 rursum
1667 3536 1831 3591 etiam
1862 3533 2116 3590 solvere?

620 3643 639 3676 ι
677 3624 942 3680 Mediator
990 3636 1173 3680 autem
1228 3625 1394 3681 unius
1447 3641 1552 3681 non
1599 3634 1705 3682 est.
1747 3645 1770 3680 ι
1806 3627 1946 3682 Dicit
1986 3641 2115 3695 ergo

546 3716 692 3780 quod
743 3714 919 3770 Moses
963 3716 1184 3785 quidem
1254 3717 1526 3770 mediator
1599 3717 1762 3772 fuerit
1824 3718 1889 3772 ad
1945 3716 2118 3770 datio-

542 3821 665 3864 nem
721 3807 900 3876 legis,
969 3808 1065 3862 sed
1115 3809 1209 3862 uni
1277 3808 1381 3863 soli
1442 3808 1911 3878 gentiunediator
1963 3809 2113 3861 fuit:

540 3906 756 3966 oportet
789 3907 971 3954 autem
1007 3914 1132 3954 eum
1187 3899 1281 3968 qui
1311 3913 1440 3954 vere
1473 3898 1740 3953 mediator
1782 3900 2003 3953 futurus
2033 3907 2116 3952 est

540 4004 665 4059 erga
695 4005 866 4044 untttn
908 3990 1077 4046 Deum
1106 3991 1351 4046 omnium
1385 3992 1652 4062 gentium,
1684 3991 1860 4044 creari
1891 4005 1994 4044 non
2018 4005 2116 4044 stt--

542 4095 638 4149 per
683 4081 1071 4137 mediationem
1127 4083 1292 4138 unius
1332 4085 1526 4154 gentis,
1562 4082 1661 4138 sed
1699 4082 1943 4137 omnium
1985 4095 2118 4149 gen-

542 4171 709 4226 tium:
745 4173 1194 4242 quandoquidem
1224 4174 1388 4228 etiam
1417 4174 1659 4228 omnium
1693 4173 1935 4243 gentium
1972 4187 2116 4226 unus

539 4270 628 4313 est
662 4259 824 4314 Deus.
876 4259 1020 4316 hunc
1055 4270 1239 4317 autem
1289 4277 1416 4318 esse
1484 4271 1703 4334 oportet
1757 4279 1867 4317 non
1909 4262 2113 4316 nudum

545 4348 846 4415 hominem,
877 4352 1060 4420 qualis
1091 4361 1210 4406 erat
1238 4350 1443 4416 Moses,
1475 4353 1572 4408 sed
1603 4352 1886 4408 Christum
1913 4351 2113 4408 Filium

2216 3261 2391 3313 λονότι
2421 3259 2722 3332 ἀνθρώπων
2745 3277 2803 3313 τε
2835 3260 2929 3313 καὶ
2958 3258 3118 3312 Θεοῦ.
3162 3257 3330 3328 Ὀρᾲς
3374 3252 3478 3316 πῶς
3499 3251 3693 3304 δείκνυσιν

2218 3355 2300 3406 ὅτι
2355 3353 2450 3406 καὶ
2519 3351 2612 3406 τὸν
2643 3351 2810 3422 νόμον
2843 3351 3010 3414 αὐτὸς
3037 3350 3232 3415 ἔδωκε,
3268 3352 3360 3404 καὶ
3384 3345 3542 3416 κύριος
3569 3341 3616 3394 ἂν
3636 3337 3691 3402 illi

2221 3445 2314 3496 καὶ
2340 3442 2521 3494 λύσειν
2547 3442 2710 3496 πάλιν
2734 3459 2749 3505 ;

2296 3639 2312 3669 ι
2368 3621 2424 3671 Ἰ)
2470 3619 2525 3672 δὲ
2585 3618 2812 3688 μεσίτης
2862 3618 2978 3680 ἐνὸς
3027 3618 3127 3671 οὐκ
3190 3618 3354 3670 ἐστιν.
3383 3634 3401 3668 ι
3455 3612 3584 3676 Λέγει
3618 3605 3690 3659 τοί·

2221 3732 2336 3775 νυν,
2401 3714 2482 3765 ὅτι
2520 3711 2724 3778 Μωσῆς
2771 3711 2872 3781 μὲν
2915 3709 3238 3780 ἐμεσίτευσε
3299 3709 3426 3778 πρὸς
3474 3705 3552 3770 τὴν
3593 3700 3690 3752 δόσιν

2218 3802 2310 3856 τοῦ
2363 3801 2552 3871 νόμου,
2611 3800 2726 3854 ἀλλ’
2766 3800 3031 3870 ἑνὶμόνον
3076 3799 3420 3870 ἐμεσίτευσεν
3463 3793 3592 3848 ίθνει.
3631 3786 3690 3838 Διί

2218 3895 2275 3948 δὲ
2317 3895 2410 3947 τὸν
2463 3893 2538 3956 ὡς
2581 3892 2798 3964 ἀληθῶς
2851 3893 3112 3960 μέλλοντα
3165 3889 3457 3962 μεσιτεύειν
3498 3884 3603 3955 πρὸς
3631 3880 3690 3930 ﬁt

2217 3987 2328 4040 τῶν
2391 3970 2646 4040 ἁπάντὼν
2710 3984 2882 4038 ἐθνῶν
2948 3984 3044 4038 ἕνα
3103 3984 3238 4037 Θεὸν
3261 4023 3276 4044 ,
3328 3981 3420 4050 οὐχ
3465 3977 3577 4044 ὑπὲρ
3612 3973 3690 4029 ἑνὸς

2219 4077 2404 4141 ἔθνους
2430 4119 2444 4142 ,
2500 4076 2615 4130 ἀλλ’
2671 4076 2812 4147 ὑπὲρ
2857 4076 3076 4128 πάντων
3137 4077 3293 4144 κοινῇ
3351 4073 3440 4142 τὴν
3491 4063 3690 4138 μεσιτείαν

2219 4169 2575 4240 ποιήσασθαι,
2597 4167 2783 4238 ἐπειδὴ
2815 4167 2910 4220 καὶ
2939 4168 3158 4221 πάντων
3193 4165 3359 4219 ἐθνῶν
3386 4158 3456 4224 εἷς
3477 4152 3689 4213 ἑστιθεός.

2221 4262 2318 4331 Είη
2360 4261 2407 4313 δ’
2441 4258 2506 4314 ἂν
2561 4255 2738 4325 οὗτος,
2794 4259 2856 4312 οὐ
2905 4258 3059 4328 ψιλὸς
3108 4258 3389 4327 ἄνθρωπος
3413 4249 3508 4314 οἷος
3531 4245 3690 4311 Μωσῆς,

2220 4353 2355 4406 ἀλλά
2408 4351 2646 4422 Χριστὸς
2669 4352 2698 4404 6
2723 4351 2851 4412 Υίὸς
2883 4348 2979 4402 τοῦ
3027 4348 3189 4416 Θεοῦ,
3218 4349 3347 4411 Θεὸς
3372 4363 3427 4400 τε
3458 4343 3521 4396 ὢν
3540 4333 3690 4405 ἀληθῶς

538 4439 656 4505 Dei,
696 4443 788 4511 qui
818 4443 958 4496 idem
994 4443 1161 4497 simul
1190 4458 1319 4498 vere
1355 4442 1500 4498 Deus
1528 4453 1612 4499 est
1673 4453 1729 4500 et
1753 4459 1880 4500 vere
1905 4444 2072 4499 homo
2097 4482 2111 4506 ,

2220 4450 2246 4498 ὀ
2267 4445 2428 4508 αὐτὸς
2463 4443 2602 4514 ἅμα,
2631 4443 2727 4497 καὶ
2753 4443 3040 4512 ἄνθρωπος
3074 4441 3310 4512 ἀληθῶς,
3345 4441 3430 4493 καὶ
3479 4438 3531 4505 τῇ
3553 4443 3690 4524 sunt:

537 4543 592 4586 et
612 4534 944 4600 cognatione
969 4549 1136 4603 quam
1159 4535 1229 4590 ad
1261 4543 1563 4606 utrumque
1589 4537 1775 4602 habet,
1813 4545 2113 4606 utrumque

538 4624 590 4677 in
609 4625 793 4693 seipso
811 4623 1116 4696 coniungit.
1149 4625 1327 4696 «Ipse»
1353 4626 1623 4696 siquidem
1650 4639 1762 4683 test
1777 4643 1879 4700 pax
1902 4638 2112 4694 nostra,

537 4715 632 4785 qui
676 4716 806 4772 facit
831 4731 900 4773 ex
926 4718 1177 4788 utrisque
1203 4735 1428 4774 unum.)
1467 4749 1532 4759 —
1557 4737 1577 4771 t
1607 4719 1782 4776 Unius
1807 4736 1915 4775 non
1946 4731 2050 4776 est.
2089 4739 2109 4773 ι

537 4805 656 4861 Non
677 4809 820 4863 enim
848 4807 953 4864 fuit
978 4809 1146 4864 unius
1178 4810 1586 4876 mediator,'sed
1611 4810 1704 4866 Dei
1721 4819 1776 4868 et
1803 4813 2110 4869 hominum.

541 4897 602 4952 Si
635 4909 816 4953 autem
847 4903 966 4970 ipse
1001 4900 1272 4957 mediator
1306 4900 1432 4967 fuit,
1462 4901 1582 4972 ipse
1606 4918 1828 4973 quoque
1856 4903 2109 4959 salvabit.

547 5006 567 5040 ι
601 4990 670 5041 At
698 4989 843 5045 Deus
875 5005 1020 5044 unus
1054 4999 1160 5046 est.
1200 5009 1220 5044 ι
1257 4990 1413 5058 Quod
1447 4992 1496 5048 si
1525 4993 1750 5047 omnino
1782 5007 2011 5049 necesse
2030 5002 2114 5050 est

540 5079 898 5135 mediatorem
943 5082 1088 5138 inter
1111 5081 1251 5138 duos
1285 5085 1502 5154 aliquos
1533 5092 1627 5139 aut
1651 5085 1840 5155 plures
1879 5086 2025 5140 inter
2053 5102 2114 5142 se

544 5169 874 5226 dissidentes
902 5188 1030 5228 esse
1062 5175 1434 5242 mediatorem,
1469 5176 1609 5234 Deus
1635 5188 1819 5234 autent
1845 5194 1986 5234 unus
2007 5189 2110 5244 est,

545 5256 766 5328 planum
795 5267 881 5314 est
905 5261 1050 5329 quod
1076 5261 1220 5318 inter
1247 5262 1419 5320 Deum
1449 5275 1504 5321 et
1531 5266 1781 5322 homines
1806 5267 1969 5323 fuerit
1999 5283 2114 5324 me-

548 5338 745 5416 diator,
789 5359 844 5405 et
877 5366 978 5405 nos
1023 5352 1101 5407 illi
1134 5356 1534 5412 conciliaverit.
1565 5357 1621 5412 Si
1659 5359 1822 5430 igitur
1859 5359 2114 5416 Christus

540 5453 596 5496 et
631 5459 735 5497 non
795 5444 881 5500 lex
912 5444 1232 5500 conciliavit
1276 5462 1402 5510 nos,
1437 5449 1786 5505 manifestum
1838 5458 1923 5505 est
1969 5450 2113 5520 quod

541 5533 798 5588 Christus
840 5545 895 5590 et
935 5533 1072 5590 ﬁdes
1124 5535 1180 5590 in
1228 5537 1506 5594 Christum
1540 5540 1740 5605 salvat,
1777 5550 1832 5597 et
1859 5556 1970 5596 non
2003 5543 2110 5597 lex.

540 5651 609 5662 —
642 5624 824 5679 Aliud.
877 5624 1024 5679 Deus
1075 5635 1258 5681 autem
1287 5635 1373 5682 est
1425 5625 1520 5695 qui
1559 5635 1615 5682 et
1656 5628 1830 5699 legem
1875 5630 2023 5685 dedit
2060 5640 2115 5686 et

541 5710 915 5784 Evangelium,
947 5722 1002 5771 et
1041 5716 1311 5773 mediator
1355 5715 1462 5772 fuit
1493 5731 1558 5774 ac
1595 5721 1976 5778 reconciliavit
2000 5723 2111 5777 Pa-
2151 5723 2160 5734 '

2217 4537 2336 4606 vsiqt
2363 4537 2429 4606 τῇ
2466 4535 2600 4605 πρὸς
2628 4535 2908 4605 ἑκάτερον,
2935 4535 3016 4597 είς
3049 4533 3108 4588 ἓν
3139 4536 3381 4600 συνάγων
3407 4533 3459 4583 tv
3495 4521 3629 4590 ἑαυτῷ
3647 4518 3690 4571 τά

2215 4627 2473 4696 ἑκάτερα.
2501 4646 2519 4677 ι
2549 4625 2721 4690 Αὐτὸς
2780 4626 2889 4697 γάρ
2924 4628 3072 4680 ἐστιν
3107 4629 3139 4697 ἡ
3167 4627 3354 4697 είρήνη
3384 4611 3690 4694 ήμῶνιποῑή·

2216 4736 2316 4783 σας
2341 4719 2407 4772 τὰ
2429 4719 2715 4790 ἀμφότερα
2742 4719 2822 4774 ἓν.
2848 4737 2869 4772 ι
2894 4749 2961 4763 -
2986 4740 3006 4773 ι
3039 4721 3188 4783 Ἐνὸς
3212 4721 3310 4774 οὐκ
3341 4718 3490 4771 ἔστιν.
3522 4705 3689 4772 »οὐγὰρ

2215 4811 2336 4874 ἑνὸς
2369 4811 2561 4880 γέγονε
2619 4811 2866 4882 μεσίτης,
2919 4812 3054 4867 ἀλλὰ
3079 4812 3216 4866 Θεοῦ
3233 4812 3325 4866 καὶ
3347 4805 3615 4878 ἀνθρώπων·
3647 4795 3690 4848 ελ

2214 4901 2272 4955 δὲ
2299 4901 2464 4965 αὐτὸς
2499 4902 2845 4970 ἐμεσίτευσε,
2889 4905 3075 4974 φησιν,
3107 4903 3266 4967 αὐτὸς
3299 4902 3390 4958 καὶ
3430 4897 3618 4952 σώσειε
3650 4887 3690 4939 ’0

2213 4995 2271 5050 δὲ
2293 4995 2424 5058 Θεὸς
2441 4990 2523 5059 εἷς
2553 4997 2724 5050 ἐστιν.
2754 5015 2774 5048 ι
2805 4997 2865 5052 El
2895 4992 2989 5050 οὖν
3016 4996 3108 5051 τὸν
3141 4997 3364 5067 μεσίτην
3393 4995 3570 5059 ἀνάγκη
3589 4985 3689 5038 nisi

2214 5087 2308 5143 δύο
2335 5088 2496 5144 τινῶν
2517 5089 2550 5158 ἢ
2569 5089 2659 5142 καὶ
2683 5089 2942 5143 πλειόνων
2969 5089 3104 5161 πρὸς
3129 5088 3353 5151 ἑαυτοὺς
3377 5076 3689 5161 διαφερομῷ

2216 5175 2358 5233 εῖναι
2414 5157 2661 5249 μεσίτην,
2693 5179 2724 5230 6
2771 5177 2826 5231 δὲ
2852 5178 2986 5242 Θεὸς
3016 5157 3106 5242 ἐἷς
3138 5180 3304 5240 ἐστιν,
3329 5173 3526 5245 εὔδηλον
3557 5168 3616 5220 ὃτι
3637 5157 3688 5225 τῷ

2213 5271 2334 5341 Θεῷ
2358 5271 2454 5324 καὶ
2481 5274 2593 5334 τοῖς
2621 5269 2928 5341 ἀνθρώποις
2948 5271 3284 5342 ἐμεσίτευσε,
3335 5267 3422 5321 καὶ
3456 5250 3688 5320 dmi»

2215 5362 2374 5428 λαξεν
2402 5362 2550 5432 ἡμᾶς
2580 5360 2718 5432 πρὸς
2745 5361 2931 5421 αὐτόν.
2967 5361 3032 5416 Et
3063 5362 3155 5416 οὖν
3195 5364 3223 5416 ὁ
3248 5358 3462 5431 Χριστὸς
3487 5352 3602 5423 ἡμᾶς
3627 5349 3689 5395 και

2214 5453 2312 5522 οὐχ
2341 5452 2370 5504 6
2396 5452 2561 5522 νόμος
2581 5453 3046 5524 ἀποκατήλλαξεν,
3080 5454 3300 5524 εὔδηλον
3341 5451 3412 5512 ὡς
3449 5449 3474 5499 6
3521 5433 3688 5510 Χρωτδῖ

2215 5542 2310 5595 καὶ
2359 5543 2393 5612 ἡ
2445 5543 2524 5604 είς
2551 5543 2715 5597 αὐτὸν
2757 5546 2938 5608 πίστις
2999 5545 3178 5609 σώζει,
3224 5545 3315 5598 καὶ
3367 5541 3456 5610 οὐχ
3492 5537 3516 5588 6
3557 5529 3688 5597 νόμος·

2213 5663 2284 5674 -
2311 5621 2526 5688 Ἀλλά.
2566 5633 2771 5707 [σου
2813 5636 2871 5690 Ὀ
2900 5637 2958 5691 δε
2983 5636 3116 5701 Θεός
3144 5638 3332 5691 tame
3361 5634 3445 5688 και
3481 5626 3555 5680 τδν
3575 5620 3688 5687 νόμον

2215 5728 2312 5781 καὶ
2349 5727 2410 5780 τὸ
2438 5727 2772 5795 Ευαγγὲλιον
2813 5728 2959 5795 δοὺς,
3016 5729 3110 5784 καὶ
3145 5725 3452 5798 μεσιτεύσας
3479 5715 3557 5774 καὶ
3594 5709 3688 5768 ἀπ’
