3956 6542
250 458 387 527 1141

1236 452 1618 520 COMMENT.
1649 459 1732 522 IN
1767 457 2007 519 EPIST.
2048 460 2152 520 ΑΙ)
2189 459 2458 518 GALAT.

3350 457 3524 525 1112'“

241 576 444 641 αὐτῶν,
508 573 601 628 καὶ
659 571 750 626 τὸν
784 571 875 624 ἐπὶ
922 568 1094 642 ταύτῃ
1151 567 1522 641 μακαρισμόν.
1562 567 1659 630 Τίς
1706 562 1799 640 ἦν;

1913 570 2146 624 salutem
2176 576 2411 625 vestram
2447 567 2651 623 faciunt
2673 568 2703 623 ?
2727 587 2744 620 ι
2781 567 2913 634 Quae
2943 565 3107 637 igitur
3134 568 3285 622 eral?
3316 587 3334 620 ι
3362 568 3499 636 Quae
3526 576 3533 585 ‘

251 668 469 729 Ἦλίκος
503 661 591 738 ἦν,
631 663 788 734 φησὶ,
825 660 1159 733 θαυμαστός.
1199 659 1418 714 Ἦλίκου
1465 659 1815 730 μακαρισμοῦ

238 759 556 825 ἱξεπέσατε.
580 756 651 810 Ἦ
672 756 792 810 κατ’
815 754 1101 827 ἐρώτησιν.
1127 754 1223 816 Τίς
1251 748 1319 825 ἦν
1348 770 1363 820 ;
1406 750 1816 835 Ἀναμνήσθητέ

173 903 178 905 _
240 865 399 918 φησι,
433 846 519 910 τίς
550 841 617 916 ἦν
641 846 669 898 ὀ
706 844 1055 916 μακαρισμὸς
1084 842 1258 914 ὑμῶν.
1294 843 1431 896 Λίαν
1470 844 1579 915 γάρ
1607 844 1817 914 ὲμακάε

243 939 411 1009 ριζον.
443 938 557 991 Νῦν
584 937 641 991 δὲ
669 937 755 1003 τί;
805 935 1037 1007 ἐλέγχω.
1070 935 1169 989 Διὰ
1198 933 1357 988 τοῦτο
1388 934 1672 1007 μισοῦμαι.
1715 935 1816 989 Διά

238 1028 374 1082 τίδὲ
405 1028 648 1099 suum;
684 1027 784 1081 Διά
806 1027 904 1098 τὴν
946 1025 1225 1098 σωτηρίαν
1263 1024 1438 1097 ὑμῶν.
1482 1025 1636 1080 Ἐπεὶ
1661 1027 1708 1079 εἰ
1743 1026 1815 1096 μὴ

236 1120 403 1173 τοῦτο
445 1114 536 1190 ἦν,
591 1117 708 1182 πῶς
756 1116 821 1173 ἂν
884 1117 1160 1189 μηδεμίαν
1208 1116 1376 1188 ἀλλην
1422 1117 1816 1187 παρασχόντων

236 1211 515 1281 πρόφασιν
569 1209 745 1281 ὑμῶν,
782 1211 810 1263 ὁ
844 1209 1084 1264 ἐπαινῶν
1125 1209 1220 1264 καὶ
1274 1206 1597 1281 μακαρίζων
1638 1210 1719 1273 είς
1754 1207 1815 1261 τδ

232 1301 429 1371 ψέγειν
453 1296 653 1372 ἧλθον;
709 1318 728 1353 ι
778 1298 840 1353 '0
897 1298 1250 1372 μακαρισμὸς
1307 1298 1481 1371 ὑμῶν.
1518 1318 1539 1352 ι
1576 1299 1673 1363 Τίς
1721 1294 1812 1371 ἦν,

234 1392 430 1461 φησὶν,
458 1393 487 1445 ὁ
522 1390 870 1463 μακαρισμὸς
916 1389 1092 1460 ὑμῶν,
1132 1389 1204 1443 ὃν.
1236 1388 1347 1459 ἐγώ
1385 1407 1445 1443 τε
1498 1389 1590 1444 καὶ
1636 1389 1814 1461 ἕτεροι

235 1481 430 1534 πολλοὶ
494 1479 830 1552 ἐμακάριζον
879 1482 1049 1551 ὑμᾶς,
1101 1480 1194 1535 ἐπὶ
1247 1482 1317 1553 τῇ
1378 1480 1591 1553 ὑπακοῇ
1617 1480 1713 1535 καὶ
1746 1484 1812 1553 τῇ

230 1574 484 1645 ὑποταγῇ
506 1573 600 1628 τοῦ
631 1574 962 1644 Εὕαγγελίου
985 1592 1001 1642 ;
1027 1573 1125 1638 Τίς
1148 1572 1241 1628 οῦν
1260 1568 1329 1645 ἧν
1357 1590 1372 1641 ;
1410 1575 1567 1644 φησι,
1596 1573 1690 1627 νῦν
1706 1574 1814 1643 γὰρ

230 1667 339 1735 οὔχ
367 1665 479 1736 ὁρῶ
507 1666 689 1719 αὐτόν.
719 1665 855 1732 Ποῦ,
890 1665 1048 1735 φησὶ,
1087 1665 1157 1719 τὰ
1201 1665 1418 1735 ζηλωτὰ
1446 1667 1546 1732 τῆς
1572 1662 1813 1728 πίστεως

228 1754 665 1826 κατορθώματα;
713 1756 776 1810 τὸ
803 1756 913 1827 γὰρ
939 1754 1048 1819 τίς,
1077 1756 1198 1811 ἀντὶ
1221 1755 1337 1822 τοῦ,
1379 1754 1506 1819 ποῦ,
1543 1753 1808 1809 τέθεικεν.

234 1866 256 1899 ι
301 1847 425 1900 Ὅτι
452 1849 576 1912 τοὺς
609 1848 920 1919 ὀφθαλμοὺς
945 1847 1118 1918 ὑμῶν.
1151 1865 1170 1900 ι

1919 669 2058 725 erat,
2098 675 2206 715 non
2235 659 2623 728 interrogantis
2649 666 2753 725 est,
2789 660 2883 715 sed
2921 659 3064 714 velut
3094 659 3415 715 admirantis
3439 668 3493 714 et

1918 751 2227 809 extollentis
2257 766 2401 819 eam,
2442 766 2563 822 quae
2600 767 2747 807 nunc
2779 761 2916 819 erat,
2949 750 3106 807 ﬁdem
3137 752 3400 822 ipsorum,
3438 744 3529 807 et'

1918 842 2199 913 praemium
2245 843 2321 897 illi
2362 832 2683 913 repositum.
2727 841 2859 909 Quae
2907 852 3045 908 erat,
3090 852 3294 915 quanta
3349 853 3503 907 erat,-

1916 933 2257 1001 admiranda,
2287 934 2497 1005 inquit:
2525 951 2552 989 a
2590 945 2791 1006 quanta
2815 935 3151 992 beatitudine
3183 924 3531 993 excidistis.“

1918 1026 2026 1079 Ant
2052 1040 2145 1096 per
2169 1025 2674 1097 interrogationem,
2694 1027 2951 1094 Quaenam
2969 1025 3500 1093 eratl'Mementote,

1918 1116 2012 1183 ait,
2035 1123 2240 1186 quanta
2270 1115 2433 1172 fuerit
2459 1117 2742 1173 beatitudo
2767 1125 2947 1173 vestra
2983 1134 2996 1172 :
3028 1117 3320 1189 plurimum
3346 1118 3493 1173 enim

1916 1205 2297 1262 beatificabam
2331 1223 2346 1260 :
2386 1221 2535 1263 nunc
2561 1215 2738 1262 autem
2771 1208 2900 1279 quid
2927 1205 2951 1261 ?
2991 1208 3240 1278 increpo,
3273 1214 3496 1278 propte-

1916 1313 2011 1353 rea
2042 1297 2169 1353 odio
2199 1298 2423 1354 habeor.
2451 1297 2631 1365 Quare
2651 1307 2834 1354 autem
2866 1300 3090 1370 increpo
3118 1298 3390 1370 ‘lPropter
3407 1314 3496 1354 sa.

1915 1390 2082 1447 lutem
2123 1399 2382 1446 vestram.
2414 1389 2868 1462 Quandoquidem
2900 1393 3006 1448 nisi
3051 1393 3154 1448 hoc
3185 1400 3350 1459 esset,
3386 1406 3495 1462 quo

1920 1482 2082 1537 modo
2117 1482 2321 1537 nullam
2357 1482 2518 1537 aliam
2548 1483 2896 1538 occasionem
2924 1483 3079 1540 vobis
3103 1483 3493 1555 praebentibus,

1916 1574 2007 1643 qui
2039 1573 2329 1628 laudabam
2354 1588 2418 1628 ac
2447 1574 2636 1630 beatos
2673 1573 3057 1644 praedicabam,
3088 1576 3154 1629 ad
3181 1574 3494 1644 vituperan-

1914 1662 2045 1718 dum
2072 1663 2476 1719 descendissem
2501 1664 2527 1718 ?
2560 1683 2579 1717 ι
2622 1663 2913 1720 Beatitudo
2935 1673 3139 1721 vestra.
3165 1684 3184 1715 ι
3204 1663 3336 1731 Quae
3358 1672 3509 1728 erat,-

1914 1752 2115 1824 inquit,
2171 1752 2453 1810 beatitudo
2498 1762 2700 1820 vestra,
2750 1769 2858 1825 qua
2918 1760 3022 1827 ego
3081 1755 3285 1825 aliique
3337 1754 3525 1809 multi”

1911 1843 2293 1900 beatificamus
2322 1859 2421 1900 vos
2445 1858 2670 1917 propter
2694 1847 3065 1903 obedientiam
3107 1863 3172 1904 ac
3204 1848 3499 1918 subiectio»-

226 1954 358 1994 nem
385 1940 702 2012 Evangelii?
730 1940 987 2009 Quaenam
1019 1943 1185 2013 igitur
1220 1950 1357 2010 erat,
1388 1943 1617 2013 inquit?
1660 1954 1811 1998 nunc
1847 1940 1993 1996 enim
2018 1940 2196 2011 ipsam
2230 1954 2340 1996 non
2370 1941 2529 1997 video
2556 1959 2570 1999 :
2594 1944 2683 2000 ubi
2704 1943 2967 2015 praeclara
3030 1943 3154 2000 ﬁdei
3208 1923 3498 2001 facinora?

224 2044 361 2086 nam
376 2031 480 2097 τίς,
511 2031 565 2085 id
580 2038 684 2097 est,
711 2048 833 2101 quae
852 2048 949 2102 pro
968 2030 1068 2088 Ubi
1102 2033 1303 2104 posuit.
1331 2050 1351 2086 ι
1375 2031 1578 2090 Oculos
1594 2044 1808 2091 vestros
1844 2033 2105 2091 eli‘ossos.
2139 2052 2159 2088 ι

307 2117 461 2189 οἴδα,
487 2125 673 2192 φησὶν,
707 2125 789 2179 ὅτι
836 2124 944 2181 τῶν
967 2125 1263 2198 ὀφθαλμῶν
1290 2127 1446 2200 ὑμῶν
1482 2126 1799 2200 τιμιώτερόν

1984 2127 2146 2199 752
2177 2126 2325 2195 Scio,
2348 2129 2545 2199 inquit,
2572 2129 2717 2199 quod
2740 2129 2868 2184 olim
2901 2130 3134 2200 propriis
3164 2128 3343 2187 oculis
3367 2130 3495 2186 cha-
3520 2146 3523 2149 ·

227 2232 309 2294 με
360 2217 581 2285 ἡγεῖσθε
613 2215 701 2270 διά
749 2215 811 2271 τδ
840 2219 1105 2290 κήρυγμα
1131 2219 1319 2277 πάλαι.
1351 2238 1372 2273 ι
1406 2221 1570 2275 Ὥστε
1609 2221 1802 2294 ἑχθρὸς

222 2292 388 2375 ὐμῶν
428 2303 648 2375 γέγονα.
689 2325 708 2358 ι
743 2307 964 2378 Ἄλλην,
1026 2310 1208 2380 φησίν,
1267 2309 1369 2364 οὐκ
1425 2304 1545 2365 οἶδα
1601 2292 1801 2383 ἔχθρας

223 2395 436 2461 αίτίαν,
488 2397 522 2469 ἢ
581 2398 662 2451 ὅτι
713 2400 782 2452 τὰ
823 2399 998 2469 ἀληθῆ
1037 2401 1165 2471 ὑμῖν
1204 2401 1299 2456 καὶ
1342 2401 1481 2474 πρὸς
1527 2403 1802 2474 σωτηρίαν

218 2484 437 2554 ἄγοντα
501 2488 845 2560 παραδίδωμι
893 2490 1162 2561 δόγματα,
1192 2491 1259 2546 δι’
1290 2492 1327 2547 ἀ
1355 2494 1452 2547 καὶ
1493 2493 1802 2564 ἐπαυξῆσαι

225 2577 379 2645 ὑμᾶς
396 2576 502 2630 ἔδει
527 2579 624 2645 τὴν
655 2581 792 2651 πρὸς
839 2581 907 2652 μὲ
943 2582 1182 2654 ἀγάπην.
1226 2602 1245 2637 ι
1279 2585 1540 2656 Ζηλοῦσιν
1575 2587 1741 2659 ὑμᾶς.
1775 2605 1796 2639 ι

224 2668 350 2721 Οὐκ
378 2670 468 2722 ἐπ’
525 2670 922 2743 ἀγαθῷ,.φησὶ,
959 2675 1062 2746 τὴν
1090 2676 1261 2747 αὐτὴν
1284 2677 1413 2747 ὑμῖν
1454 2678 1534 2740 είς
1567 2679 1802 2751 Χριστὸν

224 2758 417 2813 πίστιν
460 2762 815 2830 ἀσπάζονται,
869 2764 966 2819 ἀλλ
1045 2767 1132 2821 ἵνα
1163 2768 1310 2837 ὑμᾶς
1338 2768 1544 2839 ταύτης
1588 2769 1802 2825 ἐκκλεί-

226 2865 447 2915 σαντες,
474 2851 688 2916 ἑαυτοῖς
715 2852 1082 2909 ἀναπείσωσιν
1107 2857 1357 2927 ἕπεσθαι,
1388 2860 1470 2914 ὅτι
1497 2860 1636 2932 πρὸς
1666 2861 1793 2933 ὑμε-

223 2939 395 3009 τέραν
452 2942 664 3013 ἀπάτην
733 2943 794 2997 τὸ
859 2946 1103 3002 τοιοῦτον
1149 2950 1330 3014 αὐτοῖς
1394 2953 1796 3025 μεμηχάνηται.

231 3047 254 3078 s
293 3029 368 3083 Οὐ
394 3030 592 3095 καλῶς.
630 3051 649 3085 ›
686 3034 840 3089 Ἔστι
868 3035 980 3107 γὰρ
1025 3038 1118 3090 καὶ
1149 3037 1308 3109 ζῆλος
1339 3040 1524 3110 καλὸς,
1556 3043 1688 3097 ὅταν
1713 3061 1799 3108 τις

224 3121 382 3176 οὕτω
440 3123 611 3193 ζηλοῖ,
669 3126 811 3180 ὥστε
860 3130 1205 3200 μιμήσασθαι
1246 3131 1345 3205 τὴν
1390 3135 1612 3207 ἀρετήν.
1641 3137 1799 3192 Ἐστι

223 3212 327 3265 καὶ
361 3211 519 3282 ζῆλος
545 3216 730 3282 κακὸς,
759 3218 889 3272 ὅταν
933 3236 1017 3283 τις
1041 3219 1185 3275 οὕτω
1224 3221 1395 3292 ζηλοῖ,
1430 3224 1506 3288 ὠς
1546 3225 1799 3281 ἐκϐαλεῖν

218 3305 328 3372 τῆς
358 3304 558 3375 ἀρετῆς
596 3307 688 3361 τὸν
727 3310 1004 3381 ἐνάρετον.
1047 3330 1066 3363 ι
1120 3311 1281 3367 Ἀλλά
1328 3315 1608 3372 ἐκκλεῖσαι
1653 3320 1798 3390 ὑμᾶς

221 3395 492 3452 θέλουσιν.
529 3418 549 3451 ›
589 3398 936 3456 ’Δποκλεῖσαι
958 3404 1124 3474 ὑμᾶς,
1150 3405 1336 3476 φησὶν,
1373 3408 1465 3461 καὶ
1493 3410 1799 3481 ἀπαγαγεῖν

1908 2218 2110 2273 riorem
2141 2234 2230 2275 me
2269 2220 2553 2277 ducebatis
2598 2229 2818 2292 propter
2850 2220 3230 2292 Evangelium.
3267 2218 3494 2293 c‘lgitur

1908 2305 2171 2364 inimicus
2215 2308 2375 2364 vobis
2422 2308 2601 2366 lactus
2642 2325 2786 2366 sum.
2831 2328 2852 2362 ι
2893 2310 3094 2378 Aliam,
3135 2310 3334 2381 inquit,
3383 2326 3495 2366 non

1907 2397 2066 2455 video
2093 2399 2205 2455 odii
2235 2414 2482 2468 causam,
2517 2416 2685 2472 quam
2716 2403 2858 2474 quod
2887 2418 3013 2459 vera
3041 2404 3193 2460 vobis
3223 2410 3276 2458 et
3305 2402 3370 2457 ad
3404 2418 3493 2458 sa-

1907 2490 2078 2545 lutem
2111 2493 2363 2548 ducentia
2393 2493 2603 2549 tradam
2629 2494 2904 2562 dogmata,
2944 2504 3167 2567 propter
3195 2511 3314 2567 quae
3329 2495 3491 2551 etiam
3518 2484 3521 2487 ’

1908 2581 2187 2654 adaugere
2255 2599 2356 2640 vos
2408 2585 2753 2642 dilectionem
2816 2600 2945 2659 erga
3024 2603 3112 2643 me
3180 2586 3488 2657 oportebat.

1913 2690 1933 2725 ι
1967 2672 2318 2729 Εωυιοηιιιι·
2347 2692 2466 2733 vos.
2510 2696 2530 2730 ι
2580 2676 2699 2733 Non
2736 2678 2804 2733 ad
2840 2681 3068 2746 bonum,
3097 2679 3298 2750 inquit,
3326 2678 3491 2734 linem

1907 2766 2152 2821 eamdem
2171 2768 2458 2822 vobiscum
2483 2769 2642 2824 ﬁdem
2668 2770 2724 2825 in
2742 2770 3023 2827 Christum
3048 2773 3452 2842 amplectuntur
3475 2792 3487 2824 :

1907 2857 2001 2912 sed
2030 2866 2090 2912 ut
2122 2858 2276 2916 vobis
2307 2859 2376 2915 ab
2407 2861 2509 2915 bac
2536 2862 2799 2927 exclusis,
2822 2878 2882 2918 se
2907 2864 3061 2933 sequi
3093 2863 3485 2933 persuadeant:

1907 2947 2037 3017 quia
2064 2948 2134 3002 ad
2158 2950 2325 3005 vestri
2355 2950 2622 3007 duntaxat
2647 2952 3024 3024 deceptionem
3057 2955 3371 3025 hujusmodi
3399 2970 3491 3010 res

1908 3038 1978 3093 ab
2004 3039 2140 3109 ipsis
2169 3042 2477 3113 excogitata
2513 3054 2621 3100 est.
2656 3064 2675 3097 ι
2710 3043 2828 3100 Non
2867 3057 3031 3102 recte.
3068 3066 3087 3099 ι
3132 3045 3226 3103 Est
3265 3048 3410 3102 enim
3436 3058 3522 3102 et-

1909 3138 2093 3188 rectus
2122 3133 2274 3190 zelus
2303 3136 2524 3213 quando
2563 3137 2686 3207 quis
2713 3137 2788 3192 ita
2818 3139 3126 3207 aemulatur,
3158 3151 3212 3194 ut
3247 3139 3519 3196 imitetur

1904 3221 2190 3278 virtutem.
2220 3226 2317 3281 Est
2344 3235 2398 3281 et
2422 3227 2576 3284 zelus
2608 3229 2785 3287 malus
2808 3229 2897 3285 ubi
2921 3230 3048 3301 quis
3075 3232 3147 3286 ita
3179 3232 3484 3295 aemulatur,

1906 3324 1967 3372 ut
2016 3320 2245 3389 probum
2302 3321 2504 3379 virtute
2554 3324 2797 3395 dejiciat.
2849 3345 2869 3379 ι
2914 3327 3022 3383 Sed
3069 3326 3357 3384 excludere
3387 3342 3487 3383 vos

1906 3408 2114 3465 volunt.
2143 3430 2162 3463 ι
2199 3410 2522 3481 Excludere,
2550 3417 2749 3488 inquit,
2789 3428 2846 3474 et
2871 3419 3143 3475 abducere
3172 3433 3269 3475 vos
3297 3433 3328 3473 a
3357 3435 3485 3475 vera

219 3485 331 3555 τῆς
387 3486 621 3559 ἀληθοῦς
668 3491 922 3560 γνώσεως
970 3495 1235 3562 θέλουσιν,
1284 3499 1370 3551 ἵνα
1414 3499 1601 3554 λοιπὸν
1642 3504 1798 3558 αὐτοὶ

1908 3502 2218 3572 cognitione
2240 3506 2468 3575 cupiunt
2495 3526 2509 3563 :
2542 3517 2601 3564 ut
2624 3485 2812 3581 postea
2845 3509 3019 3567 ell‘ecti
3042 3510 3287 3581 magistri
3313 3511 3481 3566 vestri

218 3578 383 3647 ὑμῶν
408 3580 690 3651 γενόμενοι
740 3585 1073 3652 διδάσκαλοι,
1130 3589 1266 3660 πρὸς
1296 3589 1386 3644 τὸν
1426 3592 1590 3647 αὐτὸν
1633 3594 1797 3665 ζῆλον

219 3667 322 3720 καὶ
350 3668 450 3738 τὴν
482 3671 712 3744 μίμησιν
730 3674 1008 3744 ἀγάγωσιν
1032 3679 1191 3748 ὑμᾶς.
1217 3678 1315 3733 Διά
1346 3681 1505 3736 τοῦτο
1524 3683 1795 3754 ἀπάγουσι

1897 3593 1965 3645 ad
1994 3593 2239 3648 eamdem
2271 3598 2676 3654 aemulationem
2737 3609 2792 3655 et
2849 3599 3215 3655 imitationem
3255 3615 3350 3654 vos
3383 3601 3482 3653 ad-

1899 3681 2103 3737 ducant
2138 3702 2151 3737 :
2187 3695 2471 3762 propterea
2496 3704 2590 3743 vos
2618 3705 2648 3744 a
2680 3706 2808 3746 vera
2836 3691 3148 3762 cognitione
3178 3691 3481 3755 abducunt,

220 3756 330 3825 μὲν
358 3759 501 3830 ὑμᾶς
523 3763 624 3833 τῆς
651 3764 883 3836 ἀληθοῦς
905 3768 1182 3836 γνώσεως,
1200 3772 1428 3843 φέρουσι
1451 3774 1507 3829 δὲ
1538 3774 1669 3843 πρὸς
1702 3777 1797 3832 τὸν

1908 3781 1948 3827 ει
1979 3774 2044 3828 ad
2087 3775 2258 3846 legem
2307 3756 2506 3833 ferunt.

216 3850 409 3919 νόμον.

293 3941 500 3995 Καλὸν
525 3941 594 3996 δὲ
614 3943 682 3998 τὸ
712 3944 1038 4016 ζηλοῦσθαι
1069 3952 1140 4030 ἐν
1169 3954 1331 4020 καλῷ
1379 3956 1660 4021 πάντοτε,
1696 3962 1795 4017 καί

208 4031 306 4100 μὴ
336 4035 624 4101 μόνονὲν
668 4037 749 4104 τῷ
783 4041 1060 4110 παρεῖναι
1081 4063 1160 4114 με
1203 4048 1355 4116 πρὸς
1383 4049 1560 4119 ὑμᾶς.
1590 4055 1798 4107 Τεκνία

209 4124 459 4192 μουοΰς
477 4127 665 4182 πάλιν
687 4129 900 4199 ὠδίνω,
929 4134 1102 4204 ἄχρις
1129 4133 1202 4195 οὗ
1230 4140 1518 4210 μορφωθῇ
1545 4145 1796 4212 Χριστὸς

211 4214 291 4267 ἐν
353 4215 516 4284 ὑμῖν.
564 4219 822 4277 Ἦθελον
863 4223 932 4277 δὲ
969 4227 1239 4295 παρεῖναι
1260 4231 1407 4298 πρὸς
1446 4231 1602 4303 ὑμᾶς
1640 4232 1793 4303 ἄρτι,

212 4304 320 4358 καί
352 4305 613 4374 ἀλλάξαι
660 4311 776 4382 τὴν
817 4315 1029 4385 φωνήν
1060 4335 1201 4387 μου,
1234 4319 1323 4375 ὅτι
1354 4322 1692 4394 ἀποροῦμαι
1724 4327 1794 4381 ἐν

213 4414 389 4466 υμιν.

291 4489 552 4545 Βούλεται
594 4492 765 4560 δεῖξαι
798 4495 880 4550 ὅτι
900 4491 1046 4551 οὗτοι
1073 4499 1122 4552 οἱ
1148 4499 1245 4554 νῦν
1273 4504 1670 4576 ἀνατρέποντες
1692 4509 1794 4562 αὒ-

209 4581 370 4643 τοὺς.
400 4582 496 4634 καὶ
527 4582 621 4636 τοῦ
644 4583 812 4655 νόμου
860 4585 1079 4656 ἔχεσθαι
1131 4592 1580 4662 παραπείθοντες,
1607 4597 1702 4651 καὶ
1729 4601 1794 4652 ἐκ

209 4669 411 4725 τούτου
444 4675 957 4743 παρασκευάζοντες
982 4680 1175 4746 αὐτοὺς
1206 4680 1455 4753 ζηλωτάς
1491 4688 1582 4739 καὶ
1616 4705 1792 4761 μιμη-

211 4762 319 4824 ei;
350 4763 529 4817 αὐτῶν
559 4765 853 4854 γενέσθαι,
904 4769 1129 4840 ἐζήλουν
1180 4773 1378 4838 αὐτοὺς
1426 4777 1593 4832 πάλαι
1627 4781 1685 4834 ἐν
1722 4783 1788 4854 τῇ

210 4850 423 4919 γνώσει
472 4853 567 4907 τοῦ
626 4856 984 4927 Εὕαγγελίου,
1016 4862 1107 4914 ὅτε
1144 4862 1338 4934 παρὼν
1372 4866 1510 4938 πρὸς
1538 4841 1790 4934 αὐτοὺςθ
1821 4841 1865 4898 D

210 4939 433 5006 Παῦλος
487 4945 756 5003 ἐδίδασκε.
792 4950 972 5004 Καλὸν
1013 4946 1108 5005 οὖν
1138 4954 1276 5019 ἐστι,
1308 4956 1462 5026 φησὶ,
1498 4957 1560 5011 τὸ
1592 4959 1667 5030 μὴ
1694 4962 1793 5031 μό-

209 5049 309 5085 νον
343 5034 401 5085 ὲν
432 5038 497 5105 τῇ
526 5038 799 5110 παρουσίᾳ
832 5058 957 5111 μου,
983 5042 1119 5096 ἀλλά
1144 5045 1240 5100 καὶ
1261 5048 1493 5102 πάντοτε
1520 5051 1613 5103 ἐπὶ
1643 5051 1793 5124 καλῷ

212 5124 534 5194 ζηλοῦσθαι.
605 5132 856 5187 Δείκνυσι
916 5134 973 5188 δὲ
1013 5136 1102 5191 διὰ
1155 5137 1253 5210 τὴν
1310 5139 1579 5196 ἀπουσίαν
1623 5144 1792 5199 αὐτοῦ

210 5216 618 5288 ἀπατηθέντας.
652 5240 672 5274 ι
715 5224 918 5280 Τεκνία
957 5245 1079 5297 μου.
1118 5247 1139 5283 s
1173 5231 1236 5284 El
1272 5232 1365 5284 καὶ
1418 5232 1790 5306 διεφθείρατε,

211 5308 377 5378 φησὶ,
412 5309 513 5381 τὴν
564 5314 778 5386 μορφὴν
829 5318 1069 5388 Χριστοῦ
1110 5318 1205 5373 καὶ⁸
1243 5321 1341 5392 τὴν
1374 5324 1558 5378 εἰκόνα
1585 5325 1682 5396 τὴν
1707 5327 1793 5397 ἐφ’

212 5398 365 5469 ὑμῖν,
387 5401 537 5473 ὅμως
561 5404 642 5458 ἔτι
663 5408 849 5462 τεκνία
881 5411 982 5480 μού
1015 5412 1171 5467 ἐστε.
1200 5412 1403 5469 Τεκνία
1431 5415 1510 5483 δὲ,
1538 5417 1693 5487 φησὶ,
1722 5420 1793 5474 τά

215 5488 396 5559 μικρά
418 5492 512 5545 καὶ
540 5494 831 5568 ἀγέννητα,
872 5498 905 5570 ἢ
937 5499 1297 5570 ἀμϐλωθέντα
1319 5503 1519 5575 βρέφη,
1554 5506 1651 5560 καὶ
1668 5523 1793 5577 γεν-

210 5579 426 5649 νήσεως
448 5584 620 5655 ἐνδεῆ.
649 5587 747 5640 Διά
765 5587 922 5643 τοῦτο
950 5590 1049 5644 οὐκ
1070 5587 1211 5660 εἶπε,
1243 5594 1428 5662 τέκνα,
1450 5595 1587 5650 ἀλλά
1604 5598 1790 5655 τεκνία

213 5685 345 5739 μου.
387 5690 407 5724 ι
446 5674 641 5747 ’Ᾱχρις
671 5673 734 5733 οῦ
769 5682 1032 5755 μορφωθῇ
1065 5683 1301 5755 Χριστὸς
1337 5686 1396 5739 ὲν
1421 5687 1571 5757 ὑμῖν.
1614 5707 1634 5741 ι

283 5762 666 5856 Διεφ-θείρατε,
716 5773 869 5843 φησὶ,
902 5773 1000 5846 τὴν
1038 5776 1122 5846 ἐφ’
1149 5778 1278 5848 ὑμῖν
1315 5782 1498 5837 εἰκόνα
1526 5782 1784 5856 τοῦΧρι-

215 5850 366 5922 στοῦ,
395 5854 465 5925 ἢν
484 5851 581 5928 ἦτε
614 5860 954 5933 ἐνδεδυμένοι
982 5866 1068 5921 διὰ
1090 5869 1183 5922 τοῦ
1210 5869 1603 5943 βαπτίσματος.
1628 5850 1782 5929 Ὅσοι

1968 3953 2060 4020 1V,
2095 3955 2278 4013 l8-20.
2310 3957 2517 4012 Bonum
2549 3971 2623 4014 est
2660 3969 2837 4014 autem
2865 3962 3111 4016 ωηιιιίανὶ
3155 3963 3211 4016 in
3254 3980 3310 4016 re
3346 3962 3481 4017 bona

1896 4061 2118 4114 semper,
2158 4059 2205 4102 et
2256 4064 2359 4103 non
2397 4050 2566 4104 solum
2605 4068 2724 4106 cum
2752 4067 2986 4121 praesens
3024 4071 3141 4108 sum
3188 4054 3327 4123 apud
3366 4071 3478 4109 ros.

1899 4136 2089 4192 Filioli
2128 4141 2231 4194 mei
2282 4156 2412 4210 quos
2485 4142 2675 4197 iterum
2724 4146 2968 4213 parturio
3014 4148 3178 4201 donec
3223 4146 3483 4216 formetur

1898 4230 2140 4286 Christus
2162 4232 2214 4286 in
2240 4232 2405 4288 vobis.
2442 4232 2637 4288 Vellent
2656 4245 2834 4290 autem
2860 4237 3044 4291 adesse
3074 4238 3217 4307 apud
3231 4254 3320 4292 vos
3341 4254 3479 4293 nunc

1894 4329 1945 4376 et
1978 4331 2182 4378 mutare
2212 4340 2382 4378 vocem
2418 4341 2610 4390 meam,
2650 4328 2899 4398 quoniam
2926 4329 3076 4398 inops
3111 4328 3320 4384 consilii
3359 4346 3477 4384 sum

1894 4413 1951 4468 in
1975 4416 2139 4472 vobis.

1970 4504 2097 4562 Vult
2119 4511 2409 4567 ostendere
2437 4511 2582 4582 quod
2616 4511 2706 4566 isti
2738 4527 2883 4568 nunc
2913 4512 3061 4582 ipsos
3084 4520 3473 4582 pervertentes,

1895 4602 1951 4653 et
1983 4597 2089 4672 legi
2138 4602 2414 4659 adhaerere
2454 4604 2767 4667 suadentes,
2797 4613 2852 4660 et
2890 4619 2955 4660 ex
2991 4605 3095 4660 hoc
3127 4604 3339 4660 ellicere
3376 4617 3476 4660 co-‘

1895 4695 2090 4745 nantes
2140 4692 2224 4747 sui
2268 4695 2614 4749 aemulatores
2664 4709 2729 4750 ac
2771 4694 3100 4762 imitatores,
3149 4696 3280 4751 olim
3325 4696 3499 4766 ipsos

1894 4783 2293 4839 aemulabantur
2324 4786 2379 4840 in
2422 4786 2667 4841 doctrina
2708 4794 2763 4842 et
2811 4787 3121 4858 cognitione
3162 4787 3473 4860 Evangelii,

1895 4886 2019 4927 cum
2048 4889 2292 4944 praesens
2326 4876 2467 4947 apud
2491 4892 2586 4932 eos
2616 4877 2833 4932 doceret
2857 4877 3079 4933 Paulus.
3107 4876 3314 4933 Bonum
3341 4882 3495 4949 ergo‘

1894 4972 1998 5029 est,
2048 4965 2247 5037 inquit,
2294 4981 2406 5023 non
2452 4969 2628 5023 solum
2677 4968 2732 5022 in
2781 4970 3069 5040 praesentia
3105 4985 3248 5037 mea,
3279 4971 3375 5027 sed
3419 4982 3490 5028 et‘

1894 5066 2130 5124 semper,
2167 5057 2222 5110 in
2259 5071 2327 5112 eo
2364 5055 2509 5128 quod
2552 5056 2754 5112 bonum
2792 5064 2877 5113 est
2908 5058 3180 5115 aemulari.
3224 5058 3473 5116 Ostendit

1896 5152 2079 5201 autem
2112 5155 2336 5218 propter
2366 5148 2451 5204 sui
2482 5147 2789 5203 absentiam
2822 5147 2994 5205 fuisse
3023 5149 3301 5208 seductos.
3338 5169 3360 5205 ι
3387 5150 3472 5206 Fi-

1893 5235 2005 5292 lioli
2040 5239 2167 5293 mei.
2198 5257 2217 5290 ι
2253 5238 2574 5311 Quanquam
2600 5242 3214 5314 eorruperitis,iinquit.
3236 5243 3483 5298 formam’

1895 5325 2099 5384 Christi
2122 5338 2175 5385 et
2206 5330 2494 5402 imaginem
2518 5346 2641 5403 quae
2658 5341 2775 5387 erat
2797 5334 2852 5390 in
2882 5334 3060 5402 vobis,
3090 5343 3271 5390 tamen
3289 5333 3479 5390 adhuc

1897 5416 2049 5474 ﬁlioli
2095 5420 2199 5475 mei
2245 5424 2401 5477 estis.
2451 5421 2676 5480 Filiolos
2716 5435 2894 5480 autem
2941 5425 3075 5480 dicit
3126 5424 3355 5495 pusillos
3409 5430 3481 5480 et-

1896 5510 2129 5565 needum
2158 5512 2212 5566 in
2244 5512 2418 5569 lucem
2448 5514 2649 5580 editos,
2693 5524 2788 5571 aut
2832 5516 3069 5572 infantes
3103 5515 3378 5571 abortivos
3411 5522 3467 5570 et

1891 5603 2241 5672 generatione
2295 5615 2535 5676 egentes.
2610 5609 2908 5679 Propterea
2963 5621 3071 5660 non
3137 5606 3278 5660 dixit
3337 5603 3460 5670 lilii,

1894 5692 1971 5749 sel
1999 5692 2148 5750 lilioli
2170 5697 2295 5752 mei.
2318 5714 2337 5748 ι
2369 5697 2553 5755 Donec
2581 5698 2845 5755 formetur
2866 5696 3116 5753 Christus
3145 5696 3200 5751 in
3231 5696 3407 5753 vobis.
3438 5714 3458 5750 ι

1968 5784 2132 5857 753
2163 5786 2525 5858 Corrupistls,
2576 5790 2773 5860 inquit,
2827 5789 3119 5859 imaginem
3151 5786 3358 5843 Christi
3407 5788 3467 5844 in

1892 5877 2067 5944 vobis,
2098 5894 2205 5951 qua
2252 5880 2428 5936 induti
2463 5882 2630 5937 eratis
2665 5882 2720 5937 in
2771 5880 3045 5951 baptismo
3089 5878 3246 5951 (Nam
3293 5888 3460 5951 quot-
