3956 6554
242 421 384 481 11·ιό

1225 422 1606 485 COMMENT.
1650 423 1733 483 IN
1766 424 2005 486 EPIST.
2049 428 2148 488 AD
2184 426 2451 489 GALAT.

3332 426 3474 492 1116

241 536 421 604 σάρκα
473 532 642 603 λέγει.
676 532 846 605 Νόμῳ
900 534 1012 611 γὰρ
1060 534 1272 604 φύσεως
1317 538 1518 609 σαρκὸς
1546 540 1805 612 γεγέννη-

1927 543 2093 599 :arnis
2119 553 2282 599 natus
2309 551 2417 600 est.
2448 540 2603 598 Isaac
2633 555 2764 598 vero
2794 554 2904 596 non
2930 540 3051 611 lege
3079 541 3260 597 carnis
3287 540 3462 611 (Quo-

235 642 348 690 1at,
396 622 455 679 Ὅ
501 628 609 695 γὰρ
658 626 865 690 Ἰσαὰκ,
910 627 972 678 ού
1000 614 1172 699 νόμῳ
1221 630 1443 698 σαρκός,
1503 629 1651 701 (Πῶς
1698 631 1808 701 γὰρ

234 717 552 787 γεννήσειεν
589 719 617 770 ό
669 717 1125 785 ἑκατονταέτης;)
1167 718 1335 771 Ἄλλὰ
1380 718 1468 771 διὰ
1514 719 1680 789 μόνης
1711 719 1808 789 τῆς

237 807 595 875 ἐπαγγελίας.
626 838 691 848 —
718 806 916 879 [ΦΩΤ.]
951 808 1042 878 Μὴ
1077 802 1169 860 οὖν
1193 808 1257 861 τὸ
1291 806 1434 861 κατὰ
1467 808 1645 877 σάρκα
1670 803 1808 861 εἶναι

238 900 387 969 ὑμᾶς
427 901 709 967 συγγενεῖς
755 896 850 951 τοῦ
886 897 1161 968 Ἀϐραὰμ,
1193 897 1350 951 τοῦτο
1381 898 1675 966 φυσιούτω,
1717 898 1810 953 καὶ

238 991 497 1052 πειθέτω,
527 992 613 1043 ὅτι
634 990 684 1042 εί
711 990 786 1059 μὴ
818 988 1081 1060 γέννησθε
1116 990 1282 1042 τέκνα
1315 990 1435 1042 κατ’
1482 988 1810 1056 ἐπαγγελίαν

238 1079 336 1133 τοῦ
377 1078 650 1150 ’Δϐραὰμ,
691 1074 960 1142 τουτέστι,
1019 1079 1156 1148 μέλη
1212 1080 1308 1132 καὶ
1356 1077 1633 1147 σύσσωμοι
1685 1079 1814 1149 Χρι-

241 1169 372 1223 στοῦ
401 1210 415 1235 ,
500 1161 677 1241 (οὗτος
759 1168 869 1241 γὰρ
922 1169 982 1234 ἐξ
1042 1168 1373 1236 ἐπαγγελίας
1437 1167 1659 1239 σπέρμα
1716 1167 1811 1221 τοῦ

237 1260 547 1333 Ἀϐραὰμ),
593 1258 698 1325 ἔξω
725 1259 849 1313 ἐστὲ
877 1260 977 1330 τῆς
1003 1260 1356 1329 ἐπαγγελίας.
1392 1260 1621 1313 ι”Δτινά
1663 1259 1813 1314 ἐστιν

235 1353 718 1424 ἀλληγορούμενα·
752 1373 772 1405 ι
825 1352 1092 1418 τουτέστι,
1140 1353 1300 1407 τύποι
1346 1347 1486 1422 ἦσαν
1519 1350 1627 1406 τῶν
1675 1350 1808 1423 μελ-

238 1444 454 1498 λουσῶν
492 1444 791 1514 διαθηκῶν·
820 1444 875 1497 αί
913 1445 1162 1514 γενήσεις
1189 1444 1298 1496 τῶν
1323 1442 1416 1499 δύο
1459 1442 1662 1497 τούτων
1688 1459 1817 1496 παι-

237 1537 395 1589 δίων.
447 1534 523 1589 Οὐ
570 1535 678 1606 γὰρ
721 1535 881 1604 μόνον
909 1533 978 1587 τὰ
1023 1533 1297 1605 ὁρώμενα.
1332 1532 1464 1588 ἀλλὰ
1500 1536 1593 1589 καὶ
1648 1533 1813 1604 ἕτερα

240 1625 681 1697 ὑπαγορεύουσιν
704 1627 753 1678 οί
783 1624 953 1679 τόκοι.
1002 1643 1022 1676 ι
1050 1623 1222 1679 Τοῦτο
1252 1625 1360 1696 γάρ
1404 1627 1549 1679 ἐστιν
1584 1625 1816 1697 ἀλληγο-

241 1718 537 1787 peiusve,»
574 1716 696 1770 ἀντὶ
739 1714 834 1769 τοῦ
887 1717 1091 1787 ἐτέρως
1138 1715 1427 1785 νοούμενα.
1473 1717 1545 1771 Οὐ
1579 1717 1688 1786 γὰρ
1719 1714 1816 1787 τὴν

241 1808 488 1875 ἱστορίαν
529 1807 758 1874 ἀνεῖλεν,
810 1807 947 1860 ἀλλὰ
975 1806 1042 1860 τὰ
1088 1809 1146 1861 ἐν
1184 1810 1251 1879 τῇ
1290 1807 1500 1879 ἱστορίᾳ
1531 1825 1820 1878 προτυπω-

239 1899 407 1951 θὲντα
431 1895 691 1950 διδάσκει.
736 1895 963 1962 Ἐπάγει
997 1894 1129 1965 γάρ’

309 1982 491 2044 Λῦται
529 1985 641 2056 γάρ
685 1989 804 2040 εισι
850 1986 961 2039 δύο
1011 1984 1309 2053 διαθῆκαι.
1361 1986 1516 2041 Μίαν
1542 1984 1661 2055 μὲν
1696 1985 1814 2040 ἀπὸ

239 2080 424 2148 ὅρους
450 2078 595 2135 Σινᾱ
634 2080 724 2144 είς
761 2077 1047 2133 δουλείαν
1091 2076 1390 2150 γεννῶσα,
1430 2078 1470 2148 ἢ
1524 2095 1616 2145 τις
1643 2076 1817 2132 ἐστίν

242 2172 455 2238 Ἀγαρ.
520 2169 590 2224 Τὸ
641 2168 751 2239 γὰρ
792 2169 976 2239 Ἅγαρ
1020 2168 1167 2226 Σινᾶ
1220 2170 1380 2243 ὅρος
1409 2169 1583 2225 ἐστίν
1625 2170 1696 2223 ἐν
1742 2168 1816 2237 τῇ

253 2262 506 2331 Ἀραϐίᾳ.
547 2261 861 2329 Συστοιχεῖ
884 2260 952 2315 δὲ
976 2258 1051 2330 τῇ
1091 2261 1494 2331 Ἰερουσαλήμ.
1534 2261 1817 2316 Δουλειῖει

240 2354 318 2407 δὲ
338 2353 484 2422 μετὰ
512 2350 631 2405 τῶν
651 2351 876 2405 τέκνων
897 2350 1108 2419 αὐτῆς.
1143 2351 1217 2407 Ἠ
1241 2351 1310 2406 δὲ
1341 2351 1466 2406 ἄνω
1513 2350 1818 2418 Ἰερουσαο

238 2445 374 2514 ,ιὴμ
416 2443 701 2512 ἐλευθέρα
751 2444 941 2510 ἐστίν,
982 2445 1117 2512 ἥτις
1166 2444 1299 2498 ἐστὶ
1333 2444 1531 2514 μήτηρ
1578 2444 1820 2501 πάντων

241 2535 434 2602 ἡμῶν.
467 2532 799 2602 Γέγραπται
829 2533 958 2603 γάρ·
994 2533 1378 2603 Εὐφράνθητι
1422 2533 1635 2602 στεῖρα
1672 2535 1710 2601 ἠ
1748 2536 1820 2590 οὐ

242 2624 558 2686 τίκτουσα,
604 2620 801 2691 ῥῆξον
845 2622 945 2678 καί
994 2623 1234 2691 βόησον
1282 2625 1320 2693 ἡ
1367 2625 1479 2679 οὐκ
1518 2623 1822 2680 ὠδίνουσα

245 2712 340 2766 ὅτι
365 2711 565 2767 πολλὰ
607 2712 679 2766 τὰ
724 2713 906 2767 τέκνα
950 2711 1057 2781 τῆς
1107 2714 1334 2784 ἐρήμου
1360 2712 1604 2784 μᾶλλον
1645 2713 1685 2785 ἣ
1712 2713 1823 2785 τῆς

243 2803 519 2871 ἐχούσης
547 2804 656 2858 τὸν
692 2803 905 2872 ἄνδρα.

324 2894 399 2946 Τὸ
429 2895 560 2949 Σινᾶ
580 2895 703 2966 ὄρος
731 2898 790 2949 ἐν
830 2896 1057 2968 ⁹Δραϐίιίι
1087 2897 1186 2966 μὲν
1222 2897 1362 2952 ἐστι.
1403 2897 1549 2951 Ἐκεῖ
1579 2898 1636 2952 δὲ
1665 2899 1693 2951 ὀ
1732 2896 1824 2951 νό-

255 3001 357 3055 μος
387 2984 544 3056 ἐδόθη
573 2985 651 3055 τῷ
681 2987 890 3042 Μωσεῖ.
924 2986 963 3039 Γ
966 2986 1221 3051 ειτνιάζει
1253 2988 1308 3041 δὲ
1327 2991 1393 3058 τῇ
1438 2988 1820 3061 Ἰερουσαλήμ.

254 3072 438 3144 ὀπερ
470 3073 600 3126 αύτδ
635 3073 698 3127 τὸ
727 3076 858 3128 Σινᾶ
887 3074 1033 3147 ὅρος.
1066 3078 1132 3146 τῇ
1154 3077 1261 3130 τῶν
1302 3077 1547 3150 Ἀράϐων
1578 3076 1823 3151 γλώσσῃ,

248 3163 428 3234 ’Δγάρ
452 3164 713 3219 καλεῖται.
743 3166 889 3236 ζΚαὶ,
940 3168 1125 3238 φησὶν,
1160 3166 1354 3233 οὕτως’
1405 3171 1469 3223 Ἠ
1521 3169 1692 3238 Ἀγὰρ
1728 3168 1825 3223 καὶ

248 3259 287 3326 ﬁ
336 3257 546 3328 Σάρρα,
598 3257 758 3311 τύποι
807 3254 948 3329 ἦσαν
983 3260 1091 3313 τῶν
1131 3260 1225 3315 δύο
1272 3259 1569 3325 διαθηκῶν.
1627 3261 1694 3315 Ἦ
1727 3262 1825 3332 μὲν

255 3348 520 3420 παιδίσκη
550 3350 647 3418 τῆς
682 3350 925 3413 Παλαιᾶς
953 3350 1256 3423 Διαθήκης,
1285 3352 1364 3423 τῷ
1393 3352 1486 3405 καὶ
1515 3350 1685 3423 αὐτὴν
1726 3351 1827 3422 τὴν

249 3438 524 3509 διαθήκην
550 3438 769 3503 δούλους
790 3440 884 3493 τοῦ
926 3441 1091 3510 νόμου
1118 3443 1335 3514 γεννᾷν.
1384 3443 1449 3495 Ἥ
1478 3441 1535 3496 δὲ
1568 3442 1829 3514 ἐλευθέρα

255 3528 431 3591 τύπος
472 3528 571 3597 τῆς
606 3530 750 3593 Νέας
777 3528 1075 3601 Διαθήκης,
1111 3530 1188 3601 τῷ
1230 3530 1549 3603 ἐλευθέρους
1597 3531 1704 3586 ἀπὸ
1732 3530 1827 3584 τοῦ

156 3642 159 3645 <
252 3619 425 3685 ζυγοῦ
470 3618 564 3672 τοῦ
595 3621 760 3690 νόμου
802 3605 1030 3675 τίκτειν.
1074 3621 1219 3688 Ὅτι,
1253 3621 1408 3693 φησὶ,
1459 3622 1518 3675 τὸ
1548 3623 1678 3676 Σινᾶ
1706 3620 1830 3692 ὅρος

254 3712 387 3764 [vlla
420 3713 448 3764 δ
475 3711 637 3781 νόμος
666 3710 844 3781 ἐδόθη,
877 3710 1171 3779 γειτνιὰζει
1213 3713 1311 3782 μὲν
1342 3715 1409 3784 τῇ
1439 3710 1827 3797 ίῐερουσαλὴμ,

250 3806 320 3872 τῇ
352 3803 409 3856 δὲ
424 3803 533 3856 τῶν
558 3802 807 3874 Ἀράϐων
843 3803 1061 3875 γλώσσῃ
1090 3804 1380 3875 ὁμώνυμόν
1410 3803 1527 3857 ἐστι
1551 3807 1618 3875 τῇ
1646 3806 1828 3874 ’Δγαρ

253 3898 323 3966 τῇ
355 3895 555 3968 δούλῃ,
591 3896 774 3966 Ἅγαρ
814 3896 907 3949 καὶ
960 3896 1093 3948 αὐτὸ
1144 3896 1708 3967 προσαγορευόμενον,
1756 3894 1831 3959 ὡς

255 3983 399 4039 εἶναι
443 3988 536 4040 καὶ
592 3988 656 4040 ἐκ
692 3986 785 4041 τοῦ
823 3986 1110 4056 ὀνόματος,
1161 3987 1253 4040 τὸν
1302 3987 1465 4041 τύπον
1516 3988 1684 4055 ἐγγὺς
1729 3986 1832 4056 τῆς

256 4077 519 4147 ἀληθείας
565 4080 868 4147 γινόμενον.
917 4098 935 4130 ι
959 4081 1051 4142 Et;
1088 4079 1328 4132 δουλείαν
1376 4078 1644 4148 γεννῶσα.
1670 4096 1689 4131 ι
1722 4074 1832 4147 Τὴν

255 4167 355 4221 τοῦ
389 4166 575 4237 νόμου.
617 4168 719 4223 (Ἥ
747 4187 829 4231 τις
852 4169 998 4222 ἐστὶν
1036 4169 1365 4241 Ἀγαρ.›”ΙΙ
1392 4186 1495 4232 τις,
1526 4167 1679 4237 φησὶ,
1711 4166 1831 4219 δια-

259 4258 530 4330 θήκη,τὴν
564 4260 745 4330 ’Δγαρ
772 4259 882 4329 ἔχει
905 4259 1093 4314 τύπον.
1122 4261 1231 4313 Καὶ
1252 4258 1444 4323 οὕτως.
1479 4259 1599 4312 Ὅτι
1615 4258 1674 4310 τὸ
1701 4259 1836 4311 Σινᾶ

258 4348 385 4417 δρός
404 4349 471 4418 τῇ
500 4348 608 4402 τῶν
654 4347 897 4419 Ἀράϐων
924 4347 1144 4420 γλώσσῃ
1177 4349 1354 4418 Ἅγαρ
1386 4346 1649 4400 καλεῖται.
1680 4365 1698 4398 ι
1729 4344 1840 4399 Συ-”

261 4440 527 4508 mouet,»
568 4438 868 4504 τουτέστιν,
920 4439 1171 4503 ἅπτεται,
1222 4438 1537 4509 γειτνιάζει.
1588 4439 1702 4508 «Τῇ
1740 4436 1834 4490 νῦν

1910 631 2075 685 ιιιοιΙο
2100 631 2246 685 enim
2273 646 2537 695 generare
2558 632 2830 702 potuisset
2859 632 2953 701 qui
2978 639 3200 686 centum
3227 640 3347 687 erat
3371 646 3475 686 an-

1912 737 2107 775 norum
2129 722 2172 791 ?)
2205 724 2298 776 sed
2327 737 2425 791 per
2462 721 2638 784 solam
2679 722 3113 792 promissionem.
3148 751 3219 763 —
3251 720 3327 777 Ne
3347 736 3481 791 ergo

1911 813 1966 869 id
2000 827 2096 867 vos
2146 812 2295 868 inﬂet
2329 818 2474 882 quod
2520 813 2674 882 juxta
2711 828 2932 868 carnem
2974 812 3210 868 Abrahae
3260 812 3479 881 cognati

1912 905 2058 968 sitis,
2111 906 2208 961 sed
2249 905 2424 975 magis
2454 904 2571 960 haec
2602 905 2930 974 persuadeat
2959 907 3102 974 quod
3142 905 3246 959 nisi
3273 905 3478 962 cilicia-

1912 994 2046 1048 mini
2097 994 2399 1049 secundum
2454 995 2875 1065 promissionem
2928 996 3183 1062 Abrahae,
3226 997 3306 1051 -id
3361 1010 3468 1061 est,

1912 1081 2116 1138 Christi
2170 1082 2435 1148 membra,
2468 1094 2523 1138 et
2551 1100 2721 1141 unum
2756 1100 2882 1141 cum
2926 1087 3047 1157 ipso
3073 1103 3274 1157 corpus
3321 1088 3476 1160 (nam

1913 1174 2004 1230 bic
2022 1184 2191 1231 estex
2217 1175 2584 1243 promissione
2604 1176 2858 1248 Abrahae)
2876 1186 3031 1234 extra
3062 1179 3482 1251 promissionem
3526 1186 3531 1192 '

1914 1270 2070 1325 estis.
2119 1287 2140 1323 ι
2170 1267 2302 1335 Quae
2344 1283 2444 1338 per
2495 1268 2806 1340 allegoriam
2846 1270 3131 1327 dicuntur.
3168 1291 3189 1324 ›
3224 1271 3339 1327 Hoc
3374 1282 3482 1339 est,

1914 1362 2103 1432 ﬁgura:
2153 1368 2311 1417 erant
2368 1360 2599 1417 duorum
2662 1362 2968 1417 futurorum
3026 1371 3483 1420 testamentorum

1900 1452 2232 1511 nativitates
2266 1453 2461 1513 horum
2487 1453 2720 1509 duorum
2772 1454 3031 1511 ﬁliorum.
3057 1455 3178 1511 Non
3214 1456 3359 1511 enim
3392 1470 3484 1511 so-

1916 1543 2029 1598 lum
2053 1557 2116 1597 ea
2142 1557 2263 1611 quae
2284 1543 2557 1609 videntur,
2587 1545 2681 1608 sed
2709 1551 2766 1599 et
2797 1544 2903 1599 alia
2934 1560 3156 1615 quoque
3183 1546 3488 1615 praedicunt

1918 1632 1998 1688 illi
2043 1642 2274 1703 partus:
2317 1632 2371 1687 id
2403 1648 2641 1704 namque
2678 1643 2765 1688 est
2792 1634 2935 1704 quod
2959 1635 3057 1698 ait,
3088 1653 3108 1686 ι
3130 1633 3234 1691 Per
3279 1634 3488 1704 allego-

1918 1723 2054 1777 riam
2080 1724 2371 1790 dicuutur;
2403 1743 2422 1777 ο
2451 1725 2551 1780 hoc
2584 1732 2689 1787 est.
2720 1725 2830 1780 alio
2864 1726 3025 1780 modo
3062 1726 3469 1795 intelliguntur.

1919 1810 2037 1866 Non
2072 1813 2217 1866 enim
2259 1810 2544 1867 historiam
2579 1813 2813 1883 accepit,
2854 1813 2946 1869 sed
2973 1828 3035 1868 ea
3065 1829 3193 1883 qua:
3220 1814 3274 1869 in
3314 1815 3488 1870 histo-

1848 1880 1892 1934 Β
1919 1899 1999 1954 ria
2030 1899 2370 1970 praeﬁgurata
2409 1908 2538 1954 sunt
2588 1880 2801 1956 doce—nt.
2831 1880 3107 1973 Siquidem
3148 1903 3430 1974 subiungit
3461 1918 3477 1957 :

1988 1986 2149 2058 755
2206 1985 2294 2054 Ν,
2341 1987 2536 2043 24-27.
2598 1987 2740 2041 Nam
2804 1988 2920 2044 hac
2974 1988 3184 2059 quidem
3222 1998 3346 2044 sunt
3385 1990 3491 2044 duo

1919 2085 2232 2133 testamenta
2262 2093 2282 2133 .'
2313 2079 2490 2134 'unum
2537 2077 2746 2149 quidem
2784 2080 2839 2133 in
2876 2088 3051 2134 monte
3099 2081 3234 2136 Sina
3272 2082 3328 2135 in
3376 2098 3491 2136 ser-

1918 2171 2128 2224 vitutem
2178 2170 2447 2238 generans'
2468 2171 2604 2240 quod
2640 2181 2716 2225 est
2750 2176 2914 2241 Agar.
2955 2170 3110 2226 Mons
3169 2174 3306 2227 enim
3362 2171 3493 2227 Sina

1904 2262 2066 2334 Agar
2115 2260 2310 2316 dicitur
2353 2262 2493 2330 apud
2533 2261 2783 2328 Arabes;
2828 2263 3053 2332 conﬁnis
3100 2273 3176 2317 est
3217 2270 3392 2318 autem
3441 2266 3492 2319 ei

1919 2370 2036 2426 qua:
2069 2369 2205 2409 nunc
2263 2353 2463 2408 dicitur
2505 2352 2825 2417 Jerusalem,
2877 2363 2926 2408 et
2972 2355 3129 2408 servit
3172 2371 3292 2408 cum
3347 2338 3478 2423 ﬁliis

1920 2447 2053 2502 suis.
2086 2446 2155 2500 At
2214 2462 2330 2517 qua:
2368 2463 2579 2501 sursum
2610 2455 2685 2501 est
2725 2445 3022 2501 Jerusalem
3058 2445 3227 2500 libera
3254 2456 3350 2509 est,
3380 2463 3496 2517 quae

1920 2547 2000 2593 est
2052 2545 2223 2591 mater
2284 2538 2519 2591 omnium
2588 2546 2848 2591 nostrum.
2893 2535 3164 2604 Scriptum
3204 2548 3280 2591 est
3305 2539 3486 2593 enim:

1921 2627 2155 2695 Leetare,
2180 2627 2397 2692 sterilis,
2427 2643 2546 2697 qua:
2584 2644 2687 2681 non
2730 2626 2918 2695 paris;
2944 2642 3158 2695 erumpe
3208 2634 3256 2679 et
3283 2627 3487 2695 clama,

1922 2737 2045 2791 qua:
2078 2736 2180 2773 non
2204 2719 2441 2788 parturis
2460 2733 2479 2772 :
2506 2719 2753 2787 quoniam
2771 2718 2944 2788 plures
2972 2727 3123 2771 erunt
3147 2716 3245 2786 ﬁlii
3271 2719 3498 2775 deserta

1906 2828 2078 2885 hquam
2113 2812 2228 2883 ejus
2251 2826 2369 2880 qua:
2408 2809 2570 2864 habet
2595 2810 2784 2885 virum.

1972 2900 2128 2974 ,Sina
2184 2915 2342 2954 mons
2387 2907 2471 2955 est
2501 2899 2554 2953 in
2601 2899 2824 2965 Arabia,
2881 2900 2935 2953 in
2991 2914 3098 2969 qua
3136 2915 3217 2954 ,εχ
3245 2900 3371 2954 data
3410 2907 3497 2957 est

1928 2993 2083 3049 Mosi.
2132 2991 2354 3048 Vicinus
2402 3002 2486 3047 est
2511 2999 2688 3045 autem
2745 2990 3172 3061 Hierosolymis.
3228 2990 3332 3057 Qui
3381 2991 3498 3060 ipse

1928 3101 2093 3142 mons
2134 3083 2265 3139 Sina
2308 3084 2545 3139 Arabum
2594 3083 2777 3153 lingua
2821 3092 3045 3137 vocatur
3086 3083 3250 3152 Agar.
3284 3082 3348 3155 Et
3394 3083 3502 3137 hoc

1851 3207 1900 3271 ε
1928 3178 2113 3243 modo,
2146 3176 2361 3248 inquit;
2402 3175 2547 3245 Agar
2591 3186 2644 3229 et
2675 3172 2807 3228 Sara
2844 3175 3030 3246 ﬁgurae
3070 3182 3225 3227 erant
3271 3176 3500 3228 duorum

1929 3275 2420 3325 testamentorum:
2484 3266 2696 3321 Ancilla
2746 3265 2963 3334 quidem
3024 3265 3235 3319 Veteris
3287 3263 3500 3320 lustru-

1928 3358 2301 3424 menti,etiam
2329 3359 2399 3412 ob
2430 3357 2483 3410 id
2504 3355 2647 3425 quod
2673 3355 2852 3424 ipsum
2884 3362 3272 3411 testamentum
3306 3369 3501 3411 servos

1930 3450 2064 3520 legis
2099 3456 2358 3520 generat:
2389 3448 2557 3504 libera
2599 3460 2729 3501 vero
2759 3445 2928 3515 ﬁgura
2968 3454 3085 3499 erat
3113 3444 3249 3499 Novi
3311 3443 3503 3513 Testa-

1930 3542 2125 3605 menti,
2166 3538 2295 3610 quia
2328 3539 2534 3594 liberos
2567 3553 2594 3592 a
2638 3538 2771 3608 jugo
2802 3537 2935 3607 legis
2976 3537 3142 3607 parit.
3177 3534 3313 3601 Quia
3348 3535 3501 3601 Sina,

1930 3632 2129 3701 inquit,
2166 3646 2324 3685 rrions
2364 3630 2454 3685 ubi
2484 3630 2568 3686 lex
2609 3628 2734 3683 data
2768 3637 2875 3694 est,
2926 3628 3142 3682 vicinus
3174 3626 3391 3695 quidem
3421 3637 3507 3682 est

1930 3721 2270 3778 Jerusalem:
2317 3723 2499 3793 lingua
2532 3731 2715 3775 autem
2750 3720 2989 3774 Arabum
3030 3706 3274 3787 ejusdem
3320 3718 3501 3773 nomi-

1908 3794 2020 3869 ‘nis
2047 3820 2132 3869 est
2165 3828 2287 3868 cum
2322 3814 2466 3883 Agar
2515 3812 2734 3875 ancilla,
2778 3812 2892 3880 ipse
2934 3806 3153 3878 quoque
3201 3808 3503 3879 appellatus

1931 3905 2097 3974 Agar,
2145 3905 2221 3957 ita
2266 3911 2326 3955 ut
2373 3904 2538 3957 etiam
2587 3916 2653 3954 ex
2685 3901 2907 3955 nomine
2950 3900 3123 3968 ligura
3168 3899 3389 3951 accedat
3439 3896 3508 3949 ad

1934 3996 2244 4050 veritatem.
2277 4011 2295 4045 ι
2328 3990 2384 4046 lu
2420 3992 2741 4049 servitutem
2779 4005 3065 4062 generaus.
3109 4007 3126 4040 ι
3166 3987 3326 4058 Legis
3348 3988 3497 4044 vide-

1933 4084 2081 4138 licet.
2129 4100 2147 4133 ι
2187 4081 2339 4148 Quod
2371 4087 2455 4135 est
2500 4082 2664 4150 Agar.
2701 4096 2720 4129 ι
2767 4076 2941 4144 Quod,
2979 4075 3180 4143 inquit,
3215 4081 3511 4130 testamen-

1936 4182 2050 4228 tum
2102 4172 2247 4243 Agar
2294 4171 2520 4241 ﬁguram
2574 4169 2740 4224 habet
2784 4186 2797 4222 :
2836 4167 2998 4237 idque
3032 4168 3137 4221 hoc
3167 4169 3347 4220 modo.
3379 4163 3506 4219 Sina

1936 4267 2081 4321 enim
2112 4264 2351 4319 Arabum
2384 4262 2567 4333 lingua
2602 4263 2748 4332 Agar
2778 4271 3021 4316 vocatur.
3072 4278 3090 4310 ι
3126 4256 3372 4313 Conlinis
3423 4266 3510 4312 est

1937 4363 2118 4409 autem
2153 4352 2202 4407 ei
2238 4366 2377 4423 quae,
2408 4359 2513 4406 etc.
2557 4368 2577 4402 ι
2628 4350 2743 4404 Ηοε
2774 4354 2882 4411 εει,
2914 4346 3135 4414 attingit
3183 4350 3278 4396 aut
3316 4342 3507 4412 proxi-

1930 4462 2061 4506 mus
2087 4451 2191 4500 est.
2239 4462 2258 4496 ι
2299 4443 2365 4497 Et
2412 4456 2533 4511 quae
2577 4455 2724 4495 nunc
2767 4439 2970 4493 dicitur
2998 4433 3325 4490 Jerusalem.
3375 4451 3394 4484 ι
3453 4432 3507 4485 Id

268 4528 645 4600 Ἰερουσαλήμ.
672 4547 691 4581 ι
735 4525 860 4584 Οἴον
890 4532 955 4600 τῇ
987 4528 1221 4582 ἐνταῦθα
1264 4533 1328 4600 τῇ
1371 4530 1464 4581 ἐπὶ
1514 4529 1635 4598 γῆς.
1668 4528 1824 4580 ’Ὥστε

1942 4544 2044 4598 est,
2074 4533 2124 4588 ei
2147 4547 2265 4602 qua:
2292 4532 2379 4586 hic
2405 4538 2487 4585 est
2519 4531 2573 4585 in
2608 4530 2788 4586 terris.
2832 4528 3021 4597 Itaque
3068 4540 3097 4578 a
3128 4535 3367 4592 superna
3413 4521 3508 4573 illa

256 4622 359 4692 τῆς
387 4622 499 4676 ἄνω
524 4623 618 4675 καὶ
634 4621 946 4693 ἐλευθέρας,
977 4622 1145 4692 ἄμφω
1172 4621 1507 4691 διεστήκασι.
1550 4618 1832 4673 ιΔουλεύει

255 4712 337 4767 δι.
368 4732 386 4765 r
427 4712 595 4783 Αὕτη,
628 4714 813 4783 φησὶν,
841 4716 873 4784 ἠ
920 4713 1155 4784 διαθήκη
1187 4715 1219 4783 ή
1253 4713 1458 4767 παλαιὰ
1480 4714 1514 4782 ἠ
1545 4714 1602 4766 ἐν
1639 4711 1717 4782 τῷ
1746 4712 1837 4765 Σι-

259 4805 332 4875 νᾷ
368 4801 484 4875 ὄρει
529 4803 761 4875 δοθεῖσα,
802 4803 1043 4858 δουλεύει
1079 4805 1218 4875 μετὰ
1261 4803 1368 4857 τῶν
1410 4803 1614 4865 τέκνων
1658 4803 1835 4873 αὐτῆς

256 4868 373 4948 τῶν
399 4868 711 4957 νἸουδαίιιίν,
746 4893 997 4947 Δουλεύει
1042 4868 1099 4948 δέ
1140 4894 1216 4965 τῷ
1263 4895 1433 4966 νόμῳ.
1470 4913 1488 4947 ι
1529 4895 1591 4946 Ἠ
1636 4894 1693 4947 δὲ
1724 4868 1837 4946 ἄνω

271 4984 690 5055 Ἰερουσαλήμ.»
734 4986 793 5039 '0
822 4987 921 5055 μὲν
953 4986 1119 5049 τύπος
1147 4985 1244 5056 τῆς
1279 4986 1487 5058 Ἀγαρ,
1514 4988 1571 5039 ὲν
1601 4984 1833 5050 τούτοις,

262 5074 377 5130 ίδοὺ
406 5076 500 5129 καὶ
527 5078 554 5130 ὁ
580 5078 746 5141 τύπος
774 5077 871 5148 τῆς
900 5078 1137 5149 Σάρρας.
1162 5076 1341 5140 Τύπος
1359 5077 1415 5130 δὲ
1442 5077 1612 5146 αὐτῆς
1653 5077 1686 5147 ἠ
1718 5077 1833 5131 ἄνω

275 5170 657 5241 Ἰερουσαλὴμ,
681 5164 978 5239 τουτέστιν,
1008 5173 1042 5242 ἡ
1094 5173 1434 5243 ἐπουράνιος.
1466 5171 1681 5239 Ἐκείνη
1728 5170 1836 5240 γὰρ

260 5265 296 5333 ἡ
334 5262 490 5326 πόλις
534 5262 642 5316 τῶν
678 5262 887 5318 πιστῶν
919 5263 1185 5334 ἐλευθέρα
1239 5262 1387 5316 ἐστὶν
1429 5265 1493 5316 ἐκ
1520 5262 1627 5315 τῶν
1662 5264 1720 5314 ἐν
1760 5262 1837 5332 τῷ

260 5354 418 5423 νόμῳ
465 5355 920 5424 παρατηρήσεων,
974 5355 1068 5407 καὶ
1114 5353 1261 5406 ἔστιν
1308 5351 1463 5422 ἡμῶν
1503 5353 1702 5422 μήτηρ.
1736 5370 1838 5423 φη-

261 5442 374 5496 σίν.
407 5441 571 5495 Ὥστε
614 5444 647 5513 ἠ
681 5441 780 5512 μὲν
820 5443 1030 5514 Ἀγαρ,
1061 5445 1157 5512 τῆς
1191 5442 1424 5503 παλαιᾶς
1449 5442 1543 5494 καὶ
1567 5441 1675 5492 τῶν
1705 5441 1835 5493 Ἰου-

257 5530 429 5585 δαίων
464 5532 662 5601 πληροῖ
688 5534 779 5586 τὸν
809 5533 996 5587 τύπον.
1037 5535 1104 5586 Ἠ
1130 5534 1185 5586 δὲ
1211 5533 1422 5603 Σάρρα,
1455 5531 1555 5601 τῆς
1588 5531 1714 5593 νέας
1743 5531 1835 5584 καὶ

259 5619 447 5692 ἡμῶν.
506 5624 653 5676 Ἀνω
697 5622 755 5676 δὲ
804 5622 1180 5695 Ἰερουσαλὴμ,
1229 5625 1324 5676 καὶ
1370 5624 1468 5693 τὴν
1508 5620 1836 5691 Ἐκκλησίαν

262 5712 517 5767 ἐκάλεσε.
572 5712 935 5783 «Γέγραπται
980 5712 1141 5784 γάρ.»
1197 5712 1307 5768 Καὶ
1346 5711 1539 5776 οὕτως,
1583 5710 1831 5779 φησί’),ή

265 5811 458 5887 Σάρρα
505 5808 671 5873 τύπος
720 5806 788 5881 ἦν
841 5811 936 5880 τῆς
989 5813 1099 5864 ἄνω
1150 5808 1522 5883 Ἰερουσαλὴμ,
1570 5806 1844 5871 τουτέστι,

1941 4633 1996 4678 ει
2028 4622 2224 4689 libera,
2267 4621 2428 4675 ambo
2462 4620 2579 4674 loca
2609 4618 2897 4675 dissident.
2936 4634 2954 4666 ι
3002 4612 3066 4667 Et
3090 4612 3277 4667 servit.
3311 4630 3331 4662 ι
3368 4610 3505 4673 Hoc,

1942 4713 2138 4784 inquit,
2168 4712 2339 4768 Vetus
2380 4711 2811 4766 lnstrumentum
2845 4708 2990 4776 quod
3035 4706 3088 4759 in
3128 4711 3310 4757 monte
3374 4700 3507 4754 Sina

1942 4807 2129 4860 datum
2157 4813 2263 4870 est,
2295 4803 2462 4858 servit
2488 4818 2610 4857 cum
2636 4801 2764 4856 ﬁliis
2791 4800 2906 4855 suis
2934 4795 3134 4851 Ju‘lmis
3161 4812 3175 4849 :
3206 4793 3376 4848 servit
3406 4808 3506 4845 au-

1942 4902 2050 4949 tem
2083 4894 2208 4965 legi.
2249 4910 2266 4943 ι
2302 4892 2371 4946 At
2399 4907 2522 4961 qua:
2552 4905 2771 4946 sursum
2797 4895 2883 4943 est
2911 4886 3233 4941 Jerusalem.
3266 4902 3285 4936 ι
3322 4881 3521 4953 'l’ypus.

1942 4985 2159 5055 quidem
2192 4984 2337 5053 Agar
2366 4983 2420 5036 in
2458 4982 2541 5037 his
2576 4979 2847 5037 constitit.
2885 4977 3025 5032 Ecce
3049 4984 3229 5029 autem
3264 4982 3316 5029 et
3347 4985 3515 5043 typus

1945 5075 2116 5138 Sarte,
2158 5073 2289 5143 Ejus
2309 5082 2491 5127 autem
2521 5080 2684 5142 typus
2711 5079 2791 5124 est
2823 5083 3057 5138 superna
3086 5065 3417 5126 Jerusalem,
3450 5062 3507 5116 id

1942 5174 2045 5221 est.
2067 5163 2307 5218 caelestis
2332 5179 2345 5214 :
2366 5176 2489 5215 nam
2522 5162 2611 5214 illa
2644 5160 2836 5215 civitas
2862 5158 3104 5212 ﬁdelium
3130 5156 3300 5211 libera
3330 5161 3413 5209 est
3441 5150 3513 5206 ab

1944 5252 2420 5311 observationibus
2462 5265 2582 5319 quae
2628 5252 2684 5303 in
2734 5251 2850 5321 lege
2884 5258 3060 5310 erant,
3097 5256 3152 5302 et
3200 5251 3285 5298 est
3337 5249 3523 5295 mater

1943 5354 2153 5408 nostra,
2187 5342 2384 5412 inquit,
2416 5340 2600 5411 ltaque
2628 5340 2770 5410 Agar
2800 5339 3015 5409 quidem
3045 5335 3254 5393 Veteris
3290 5332 3509 5386 Instru-

1946 5436 2112 5490 menti
2131 5447 2194 5488 ac
2217 5433 2526 5489 Judzeorum
2550 5433 2729 5502 explet
2753 5432 2979 5502 ﬁguram
3008 5447 3021 5483 :
3050 5428 3184 5482 Sara
3216 5438 3343 5479 vero
3372 5418 3515 5477 Novi

1943 5544 2006 5582 ac
2050 5535 2295 5582 nostrum
2344 5524 2608 5580 omnium.
2644 5521 2948 5594 Supernam
2979 5531 3156 5572 autem
3202 5512 3507 5569 Jerusalem

1945 5621 2159 5676 vocavit
2207 5619 2371 5673 etiam
2435 5616 2762 5673 Ecclesium.
2822 5613 2984 5685 756
3040 5629 3057 5661 ι
3100 5608 3381 5676 Scriptum
3426 5613 3515 5659 est

1943 5713 2110 5767 enim.
2134 5729 2152 5761 ι
2180 5707 2244 5762 ΕΙ.
2279 5710 2376 5774 ita,
2402 5708 2602 5774 inquit,
2634 5708 2768 5760 Sara
2793 5706 2962 5776 ﬁgura
2989 5710 3105 5756 erat
3130 5710 3381 5768 superna:
3427 5696 3513 5748 Je-

1947 5803 2206 5869 rusalem,
2244 5801 2296 5857 id
2328 5812 2409 5859 est
2474 5800 2766 5856 Ecclesiae:
2821 5796 2944 5866 quia
2981 5793 3188 5863 et'ipsa
3222 5788 3421 5846 sterilis
3455 5795 3525 5845 et
