3956 6560
561 413 700 476 1147

1633 425 2030 488 (ECUMENII
2066 428 2357 492 TRICCJE
2393 431 2733 494 EPISCOPI

3584 449 3681 520 1118

553 533 769 601 absque
817 531 1028 600 liberis,
1084 541 1144 588 ut
1174 536 1448 603 quondam
1480 536 1722 596 Ecclesia
1750 557 1814 596 ex
1842 543 2115 613 gentibus1

2154 549 2207 608 Α
2243 545 2591 615 Ἐκκλησίας,
2635 548 2717 600 ὅτι
2761 547 2854 602 καὶ
2896 549 3036 621 αὐτὴ
3082 553 3267 624 στείρα
3301 549 3424 610 οὖσα
3462 561 3538 614 καὶ
3557 565 3688 637 ἄπαις,

559 624 836 693 superavit
864 625 918 678 in
948 625 1158 681 semine
1190 627 1306 681 sive
1353 629 1526 697 prolis
1557 632 1908 688 multitudine
1951 635 2128 704 ipsam

557 713 721 779 Agar,
749 721 804 767 et
849 713 1090 770 Ecclesia
1121 720 1402 784 superavit
1449 736 1804 792 synagogam.
1838 724 1901 777 Et
1935 727 2128 780 horum

557 806 718 860 testis
745 815 825 860 est
845 806 1039 870 Isaias,
1066 808 1289 863 dicens:
1338 810 1568 878 Laetare,
1593 816 1825 880 sterilis,
1867 833 1987 886 qua:
2022 833 2128 873 non

566 898 738 966 paris.
803 897 1054 953 Ecclesia
1123 915 1187 954 ex
1240 903 1490 971 gentibus
1561 917 1904 976 congregatae
1981 909 2131 976 iubet

559 989 748 1056 Isaias,
791 1002 848 1045 ut
895 1008 1004 1060 pra:
1039 994 1221 1048 laetitia
1275 997 1626 1052 vociferetur.
1682 999 1890 1070 Rumpe
1923 1012 2128 1068 autem,

559 1082 642 1136 vel
679 1084 1024 1138 sterilitatem
1087 1086 1141 1138 in
1191 1097 1430 1156 partum,
1478 1090 1558 1142 vel
1593 1089 1647 1142 in
1695 1105 1883 1145 vocem
1929 1093 2132 1149 lzetitia:

558 1191 806 1244 erumpe.
861 1195 881 1228 ι
916 1177 1186 1242 Quoniam
1239 1180 1422 1248 plures
1460 1192 1623 1236 erunt
1672 1181 1766 1236 ﬁlii
1814 1185 2064 1240 deserta.
2105 1205 2125 1238 s

561 1267 840 1323 Desertam
867 1284 930 1323 ac
971 1271 1211 1324 sterilem
1249 1282 1405 1327 vocat
1439 1272 1738 1328 Ecclesiam
1769 1289 1834 1328 ex
1854 1277 2127 1344 gentibus.

559 1359 839 1428 Siquidem
876 1363 1090 1416 deserta
1119 1375 1235 1418 erat
1263 1372 1317 1418 et
1346 1379 1546 1420 carens
1577 1367 1726 1421 omni
1757 1367 1902 1422 bono
1943 1370 2129 1438 prius-

557 1466 720 1517 quam
751 1452 804 1505 in
843 1451 1128 1508 Christum
1168 1456 1439 1520 crederet,
1471 1476 1489 1508 ι
1527 1457 1702 1523 Quam
1733 1458 1854 1527 ejus
1880 1474 2002 1528 quae
2036 1462 2132 1514 lia-

559 1542 650 1596 bet
699 1544 898 1597 virum.
957 1563 976 1596 s
1033 1544 1330 1602 [labentem
1386 1551 1562 1602 virum
1608 1549 1725 1604 sive
1777 1549 2128 1616 directoretn,

557 1634 984 1696 gubernatorem
1030 1651 1096 1690 ac
1144 1639 1484 1707 provisorem
1536 1642 1749 1695 vocavit
1797 1656 2128 1713 synagogam

557 1729 914 1787 Iudaeorum:
967 1743 1059 1787 aut
1102 1740 1362 1804 tanquam
1411 1735 1540 1790 olim
1600 1734 1694 1791 Dei
1743 1739 2132 1808 prospectione

559 1819 851 1877 fruentem.

629 1911 718 1975 IV,
759 1913 950 1969 28-31.
999 1914 1114 1970 hos
1161 1927 1340 1971 autem
1389 1919 1594 1987 fratres
1637 1921 1925 1974 secundum
1969 1919 2129 1976 Isaac

554 2005 920 2071 promissionis
948 2005 1054 2074 ﬁlii
1085 2024 1288 2062 smnus.
1323 2007 1426 2064 Sed
1461 2012 1900 2079 quemadmodum
1931 2021 2054 2066 tunc
2085 2014 2128 2067 is

553 2095 644 2165 qui
673 2099 956 2151 secundum
986 2116 1196 2154 carnem
1228 2114 1384 2156 natus
1420 2113 1534 2157 erat
1577 2104 1986 2174 persequebatur
2011 2122 2129 2160 cum

554 2189 644 2258 qui
687 2198 843 2242 natus
877 2200 990 2244 erat
1027 2195 1314 2246 secundum
1358 2195 1624 2261 spiritum,
1675 2197 1748 2249 ita
1786 2206 1832 2250 et
1869 2214 2024 2254 nunc.
2059 2199 2131 2252 At

552 2277 676 2347 quid
708 2279 832 2332 dicit
861 2279 1185 2349 Scriptura?
1211 2284 1357 2352 Ejice
1388 2286 1637 2339 ancillam
1667 2296 1715 2340 et
1738 2287 1908 2356 ﬁlium
1935 2287 2084 2342 illius
2109 2305 2130 2354 ,°

555 2385 657 2423 non
706 2374 895 2425 etenim
929 2375 1032 2427 erit
1077 2377 1243 2428 Itwres
1292 2376 1437 2444 ﬁlius
1490 2378 1700 2432 ancilla:
1743 2395 1860 2432 cum
1895 2380 2009 2448 ﬁlio
2058 2379 2129 2432 li-

554 2456 708 2514 ὸενιν.
756 2459 964 2529 Itaque,
1001 2463 1215 2530 fratres,
1254 2481 1358 2518 non
1387 2483 1577 2520 sumus
1623 2467 1833 2522 aut-illa:
1881 2469 2005 2538 ﬁlii,
2039 2470 2128 2524 sed

554 2545 758 2602 liberte.
797 2549 862 2603 In
908 2551 1149 2606 libertate
1199 2570 1322 2624 ergo
1358 2572 1460 2624 qua
1489 2555 1732 2612 Christus
1767 2575 1858 2612 nos
1891 2559 2128 2616 liberavit

548 2648 712 2708 state,
742 2650 791 2698 et
821 2658 882 2696 ne
915 2658 1125 2696 rursum
1150 2645 1284 2715 jugo
1311 2647 1578 2701 servitutis
1607 2648 1974 2717 implicemini.

623 2821 742 2878 Non
782 2831 991 2879 tantum
1033 2826 1237 2882 sterilis
1285 2836 1407 2882 erat
1479 2828 1725 2885 Ecclesia
1773 2835 2129 2901 quemadmo-

556 2913 686 2968 dum
721 2914 880 2981 Sara,
925 2931 1026 2971 nec
1058 2918 1233 2972 solum
1264 2927 1452 2988 postea
1490 2921 1716 2975 multam
1767 2923 1961 2978 bubuit
2003 2941 2128 2996 pro-

556 3005 661 3060 lem
689 3015 743 3060 ut
774 3006 902 3061 illa:
954 3008 1047 3062 sed
1077 3016 1133 3062 et
1181 3013 1461 3080 generavit
1492 3012 1764 3066 sicutilla.
1799 3011 1934 3068 Sara
1971 3032 2128 3070 nam-

555 3110 662 3164 que
711 3111 820 3151 non
854 3097 971 3168 lege
1001 3107 1211 3154 naturae
1257 3101 1490 3170 peperit,
1546 3103 1640 3157 sed
1681 3105 1855 3174 gratia
1901 3105 2124 3163 divina:

2231 635 2308 698 ὡς
2357 638 2390 706 ὴ
2445 637 2502 703 ἐξ
2559 639 2728 691 ἐθνῶν
2787 640 3051 711 ἐκκλησία
3103 644 3252 708 ποτὲ,
3306 647 3525 718 ἐνίκησεν
3563 657 3608 708 ἐν
3643 635 3692 732 τῷ

2234 726 2507 795 σπέρματι
2555 727 2652 798 τὴν
2683 730 2880 799 Ἀγαρ,
2925 732 3019 784 καὶ
3063 734 3095 802 ή
3132 735 3408 806 Ἐκκλησία
3436 741 3608 814 ἐνίκηαε

2235 817 2580 888 συναγωγήν.
2628 819 2735 873 Καὶ
2774 821 2983 891 μάρτυς
3013 823 3216 876 τούτων
3257 826 3482 891 Ἡσαΐας
3514 817 3694 906 Εὑφράιῇ-

2234 906 2380 976 θητι,
2407 911 2591 978 στεῖρα
2616 910 2648 980 ἡ
2673 910 2733 962 οὐ
2768 911 3044 966 τίκτουσα.
3065 913 3140 985 Τῇ
3167 914 3225 980 ἐξ
3246 917 3403 970 ἐθνῶν
3430 921 3695 997 Ἐκκλησίᾳὸ

2247 995 2474 1059 Ἡσαΐας
2504 1000 2880 1067 ἐγκελεύεται.
2907 1004 2999 1056 ἐπὶ
3017 1005 3316 1077 εὐφροσύνῃ
3344 1007 3528 1080 βοῆσαι.
3565 995 3694 1086 Ῥῆξον

2231 1086 2309 1152 δὲ,
2339 1089 2372 1158 ἢ
2401 1089 2499 1160 τὴν
2540 1093 2824 1162 στείρωσιν
2852 1097 2932 1157 εἰς
2969 1096 3208 1160 τοκετδν,
3245 1099 3275 1168 ἦ
3307 1100 3471 1170 φωνὴν
3507 1105 3696 1176 εὐφροσύ-

2231 1193 2328 1246 νης
2378 1179 2559 1249 ῥῆξον.
2612 1182 2767 1235 ι”Οτι
2819 1183 2989 1240 πολλὰ
3036 1186 3104 1239 τὰ
3161 1187 3321 1241 τέκνα
3367 1176 3456 1261 τῆς
3502 1195 3692 1265 ἐρήμου.»

2236 1269 2479 1339 Ἐρημον
2507 1273 2600 1324 καὶ
2629 1277 2848 1345 στεῖραν
2867 1276 3025 1330 καλεῖ
3041 1278 3140 1350 τὴν
3165 1279 3224 1343 ἐξ
3251 1279 3410 1334 ἐθνῶν
3437 1282 3696 1355 Ἐκκλησίαν.

2242 1359 2354 1413 Καὶ
2379 1361 2490 1431 γὰρ
2516 1357 2583 1432 ἦν
2620 1363 2827 1434 ἕρημος
2860 1367 3068 1434 ἀγαθοῦ
3103 1370 3320 1435 παντὸς,
3366 1374 3480 1443 πρὶν
3503 1378 3698 1433 mmini

2234 1449 2476 1520 Χριστῷ.
2537 1453 2641 1506 «Ἦ
2680 1456 2782 1524 τῆς
2836 1456 3067 1527 ἐχούσης
3122 1459 3212 1512 τὸν
3259 1460 3472 1530 ἄνδρα.»
3509 1465 3698 1534 Ἕχονσαν

2232 1539 2423 1610 ἄνδρα,
2460 1541 2551 1596 τὸν
2589 1540 2701 1597 οἷον
2741 1545 3090 1602 διευθὺνοντα
3121 1550 3218 1602 καὶ
3264 1552 3554 1621 προνοοῦντα
3579 1559 3696 1624 καλεῖ,

2230 1631 2330 1703 τὴν
2384 1637 2709 1708 συναγωγὴν
2779 1638 2890 1691 τῶν
2955 1641 3265 1708 Ἰουδαίων,
3329 1643 3361 1714 ἢ
3419 1645 3484 1708 ὡς
3539 1646 3699 1716 ἔχουσαν

2229 1723 2324 1776 τὸν
2375 1726 2538 1796 νόμον
2562 1767 2578 1793 ,
2642 1727 2675 1799 ἢ
2735 1729 2810 1794 ὡς
2869 1730 3098 1802 ἔχουσαν
3155 1734 3320 1790 πάλαι
3391 1738 3478 1808 τὴν
3533 1741 3701 1811 ὑποψίαν

2231 1816 2390 1873 Θεοῦ.

2314 1909 2512 1978 Ἡμεῖς
2561 1911 2630 1966 δὲ
2678 1914 2928 1985 ἀδελφοὶ
3003 1917 3155 1972 κατὰ
3212 1919 3400 1974 Ἰσαὰκ
3435 1921 3703 1989 ἐπαγγελίας

2231 1998 2415 2052 τέκνα
2457 2002 2667 2070 ἐσμέν.
2729 2005 2894 2059 Ἀλλ’
2937 2005 3140 2074 ὥσπερ
3189 2010 3318 2062 τότε
3348 2014 3378 2063 ό
3416 2013 3540 2064 κατὰ
3568 2013 3704 2079 σάρκα

2231 2093 2536 2160 γεννηθείς
2559 2094 2766 2150 ἐδίωκε
2785 2097 2892 2151 τὸν
2913 2099 3061 2152 κατὰ
3082 2100 3504 2169 πνεῦμα,οῦτως
3522 2107 3593 2156 καί
3611 2105 3702 2159 νῦν.

2243 2181 2419 2236 Ἀλλὰ
2453 2185 2509 2237 τι
2545 2185 2706 2256 λέγει
2744 2189 2782 2256 ἡ
2814 2191 3060 2258 Γραφή;
3122 2195 3375 2246 Ἔκϐαλε
3418 2193 3514 2259 τὴν
3570 2196 3705 2248 παιδί-

2231 2292 2393 2344 σκην
2420 2279 2516 2331 καί
2552 2281 2658 2333 τὸν
2700 2280 2834 2334 υιόν
2861 2282 3071 2350 αὐτῆς.
3114 2287 3198 2338 Οὐ
3238 2283 3346 2354 γὰρ
3381 2285 3457 2354 μὴ
3498 2289 3704 2353 κληρονο-

2223 2363 2395 2435 μήσῃ
2419 2369 2453 2421 d
2480 2368 2611 2434 υίὸς
2637 2369 2748 2437 τῆς
2791 2372 3142 2442 παιδίσκης,
3178 2375 3326 2443 μετὰ
3373 2375 3466 2428 τοῦ
3505 2375 3608 2429 υἱοῦ
3633 2374 3703 2442 τῆς

2229 2458 2568 2527 ἐλευθέρας.
2608 2463 2764 2530 Ἄρα,
2793 2464 3066 2533 ἀδελφοί,
3096 2468 3211 2520 οὐκ
3261 2467 3438 2537 ἐσμὲν
3465 2467 3703 2535 παιδίσκης

2229 2551 2432 2616 τέκνα,
2477 2553 2636 2607 ἀλλὰ
2679 2554 2788 2620 τῆς
2842 2555 3186 2624 ἐλευθέρας,
3233 2557 3308 2626 Τῇ
3338 2560 3598 2643 ἐλευθερίᾳ
3632 2554 3704 2612 οὖν

2227 2636 2269 2714 ᾗ
2305 2647 2337 2697 ό
2369 2645 2618 2712 Χριστὸς
2645 2644 2799 2714 ἡμᾶς
2821 2649 3222 2717 ἠλευθέρωσε,
3263 2636 3516 2721 omittere,
3545 2651 3620 2706 καί
3647 2649 3701 2718 μὴ

2229 2736 2416 2791 πάλιν
2453 2738 2601 2808 ζυγῷ
2625 2740 2907 2808 δουλείας
2934 2743 3250 2812 ἀνέχεσθε.

2299 2831 2375 2884 Οὐ
2414 2831 2523 2902 γὰρ
2577 2832 2741 2900 μόνον
2795 2838 2985 2904 στεῖρα
3036 2831 3108 2906 ἦν
3169 2838 3202 2908 ἡ
3255 2837 3539 2908 Ἐκκλησία,
3572 2836 3700 2906 ὥσπερ

2229 2921 2438 2994 Σάρρα,
2494 2923 2615 2978 οὐδὲ
2667 2925 2829 2995 μόνον
2886 2926 3160 2991 πολύπαις
3214 2929 3420 2996 ἐγένετο
3463 2927 3526 2989 ὡς
3560 2929 3702 2994 ἐκείνη,

2229 3011 2364 3067 ἀλλα
2387 3017 2479 3068 καὶ
2503 3014 2675 3079 οὕτως
2704 3017 3013 3087 ἐγέννησεν.
3047 3017 3198 3071 Οὔτε
3231 3019 3335 3087 γὰρ
3372 3020 3402 3088 ή
3430 3019 3584 3088 Σαρρα
3606 3018 3704 3085 νόμῳ

2231 3106 2446 3176 φύσεως
2495 3109 2808 3180 ἐγέννησεν,
2858 3110 2994 3164 ἀλλα
3035 3111 3223 3182 χάριτι
3259 3111 3393 3182 θείᾳ.
3424 3110 3538 3163 υῦτε
3570 3113 3595 3174 ἡ
3624 3111 3704 3162 Ἐκ·

556 3201 732 3257 neque
791 3187 1037 3244 Ecclesia
1091 3189 1208 3262 lege
1259 3203 1469 3247 naturae
1527 3202 1750 3264 generat
1801 3195 1854 3249 in
1906 3197 2118 3253 lavacro

2152 3223 2196 3280 α
2232 3196 2431 3266 κλησία
2465 3199 2615 3269 νόμῳ
2648 3199 2860 3267 φύσεως
2890 3203 3056 3272 γεννᾷ
3082 3202 3143 3252 ἐν
3167 3203 3234 3272 τῇ
3264 3200 3594 3270 κολυμὸήθρᾳ,
3616 3197 3705 3251 ἀλλὰ

561 3277 844 3349 baptismi,
874 3282 967 3336 sed
1005 3283 1181 3351 gratia
1226 3283 1432 3339 divina.
1465 3284 1628 3342 Vides
1655 3289 1928 3358 quomodo
1953 3289 2123 3360 ﬁgura

2164 3277 2194 3280 Ψ
2227 3289 2415 3360 χάριτι
2451 3289 2592 3362 θεία.
2634 3291 2800 3362 Ὁρᾷς
2833 3291 2925 3344 τὸν
2949 3291 3119 3347 τύπον
3148 3295 3266 3356 πῶς
3295 3295 3425 3347 κατὰ
3464 3293 3603 3345 πάντα
3621 3295 3705 3361 ὁμο.

554 3381 652 3443 per
702 3370 890 3424 omnia
934 3371 1362 3442 correspondeat
1429 3375 1689 3441 veritati;
1748 3393 1766 3426 ι
1813 3375 2124 3432 Secundum

554 3466 730 3523 Isaac.
780 3487 798 3520 ›
826 3460 956 3522 Non
975 3465 1118 3524 enim
1166 3465 1463 3526 secundum
1496 3476 1772 3536 naturam,
1807 3469 2128 3530 sethecun-

554 3558 680 3611 dum
713 3561 940 3630 gratiam
971 3563 1082 3616 nati
1115 3579 1330 3630 sumus,
1371 3567 1517 3620 velut
1554 3565 1707 3621 lsaac
1755 3583 1854 3636 per
1892 3568 2128 3636 promis-

550 3649 783 3705 sionem.
825 3651 1012 3722 Neque
1046 3654 1148 3709 boc
1179 3672 1278 3711 nos
1306 3668 1467 3727 angat
1497 3658 1641 3726 quod
1671 3658 1852 3712 ﬁdeles
1903 3659 1972 3710 ab
2007 3657 2128 3711 inﬁ-

553 3741 768 3797 delibus
814 3753 1102 3801 vexantur.
1155 3747 1291 3803 Tale
1340 3751 1485 3804 enim
1515 3750 1793 3819 quippiam
1849 3750 1906 3804 in
1953 3749 2127 3819 ﬁgura

553 3847 769 3904 quoque
799 3836 1134 3903 invenimus,
1182 3840 1276 3894 sed
1331 3841 1424 3894 ille
1455 3856 1799 3910 nequaquam
1847 3840 2128 3911 praevaluit

545 3926 814 3984 adversus
841 3925 1014 3984 Isaac.
1045 3930 1211 3985 Juxta
1243 3931 1626 3995 imitationem,
1658 3933 1856 4002 inquit,
1887 3932 2040 3987 Isaac
2060 3947 2127 3987 ex

546 4019 918 4089 promissione
951 4021 1068 4074 nati
1115 4037 1328 4078 sumus.
1365 4022 1500 4077 Cum
1529 4024 1712 4093 itaque
1739 4040 1804 4078 ex
1839 4024 2006 4078 libera
2037 4024 2128 4079 si-

546 4127 696 4176 .mus,
717 4126 822 4165 non
852 4109 1116 4166 debemus
1141 4112 1245 4184 legi
1275 4112 1440 4168 Musis
1463 4114 1694 4169 servire.
1739 4131 1757 4164 ι
1797 4113 1902 4169 Sed
1931 4129 2128 4184 quem-

544 4203 843 4258 admodum
873 4212 1024 4260 tunc.
1062 4221 1080 4254 ι
1127 4204 1298 4258 Etiam
1334 4218 1398 4259 ex
1427 4218 1491 4259 eo
1531 4204 1677 4274 quod
1712 4203 1898 4258 ﬁdeles
1928 4219 2116 4274 perse-

544 4293 834 4348 cutionem
869 4292 1218 4348 sustinebant
1244 4308 1278 4355 a
1323 4292 1547 4356 Judaais,
1581 4292 1742 4362 757
1773 4293 1790 4363 (
1825 4307 1951 4347 nam
1977 4308 2128 4347 nunc

547 4385 990 4458 persecutionem
1039 4385 1406 4449 sustinebant)
1453 4384 1696 4438 ostendit
1730 4381 1954 4454 ﬁguram
1987 4399 2128 4453 quo-

548 4491 658 4543 que
684 4475 899 4529 veritati
919 4474 1270 4544 respondere.
1302 4474 1516 4529 Etenim
1557 4474 1774 4539 lsmael,
1802 4475 1896 4544 qui
1931 4489 2126 4529 secun-

2229 3384 2396 3450 φωνεῖ
2446 3384 2511 3453 τῇ
2563 3382 2820 3456 ἀληθείας
2879 3385 3064 3438 «κατὰ
3129 3386 3367 3438 Ἰσαάκ.»
3403 3387 3467 3439 Οὐ
3503 3386 3588 3455 γὰρ
3613 3382 3707 3436 κατὰ

2230 3470 2409 3543 φύσιν,
2459 3473 2603 3528 ἀλλὰ
2634 3473 2777 3527 κατὰ
2825 3475 2984 3545 χάριν
3025 3475 3354 3547 ἐτέχθημεν,
3383 3477 3450 3538 ὡς
3489 3474 3628 3527 Ἰσαὰκ
3649 3474 3707 3524 διὰ

2226 3567 2325 3635 τῆς
2375 3565 2730 3634 ἐπαγγελίας.
2778 3565 3112 3639 [ΘΕΟΔΩΡ.]
3153 3597 3224 3607 --
3267 3569 3410 3639 Μηδὲ
3451 3566 3578 3620 τοῦτο
3607 3566 3706 3635 ἡμεῖς

2229 3658 2452 3738 ἀνιάτω,
2489 3657 2568 3722 τδ,
2623 3660 2749 3722 τοὺς
2779 3661 3218 3722 πεπιστευκότας
3267 3661 3368 3713 ὑπὸ
3408 3661 3502 3713 τῶν
3540 3659 3708 3711 ἀπίστων

2227 3747 2566 3802 ἐλαύνεσθαι.
2596 3749 2847 3802 Τοιοῦτον
2869 3752 2978 3820 γάρ
3007 3767 3058 3802 τι
3097 3751 3196 3804 καὶ
3224 3752 3282 3803 ἐν
3307 3751 3382 3820 τῷ
3452 3749 3578 3819 τύπῳ
3610 3745 3706 3813 εὑρί-

2229 3854 2453 3907 σκομεν,
2509 3839 2694 3909 ἴσχυσε
2743 3839 2799 3892 δέ
2851 3840 3106 3909 οὐδαμῶς
3163 3840 3306 3894 κατὰ
3393 3840 3568 3892 Ἰσαάκ.
3605 3836 3707 3890 Κατᾶ

2232 3929 2488 3999 μίμησιν,
2545 3931 2718 4001 φησὶ,
2763 3932 2860 3984 τοῦ
2907 3931 3093 3985 Ἰσαὰκ
3145 3931 3207 3996 ἐξ
3258 3931 3557 4000 ἐπαγγελίας
3596 3926 3708 3993 ἐσμὲν

2228 4021 2607 4089 γεννηθέντες.
2641 4021 2805 4075 ’Ὥστε
2839 4021 2937 4090 τῆς
2973 4022 3272 4093 ἐλευθέρας
3312 4022 3470 4084 ὄντες,
3497 4021 3577 4072 οὐκ
3609 4014 3708 4083 632d-

2233 4109 2399 4181 λομεν
2427 4114 2575 4183 νόμῳ
2599 4113 2845 4176 Μωσέως
2874 4113 3166 4166 δουλεύειν.
3207 4133 3224 4165 ι
3249 4114 3382 4168 Ἀλλ’
3410 4107 3705 4180 ὦσπερ⁶τότε.ι

2228 4201 2339 4254 Καὶ
2384 4202 2444 4267 ἐξ
2465 4203 2631 4256 αἱ.τοῦ
2666 4201 2761 4256 τοῦ
2789 4201 3083 4256 διώκεσθαι
3111 4204 3246 4267 τοὺς
3272 4204 3479 4264 πιστοὶς
3516 4200 3595 4252 ὑπὸ
3624 4198 3707 4247 Ίουο

2228 4289 2414 4356 sum"!
2468 4293 2617 4363 (τότε
2670 4293 2778 4362 γὰρ
2825 4293 3160 4363 ὲδιώκοντο).
3213 4293 3442 4348 δείκνυσι
3487 4285 3710 4362 τδνίτὺπον

2229 4381 2584 4450 ἀληθεύοντα.
2638 4383 2748 4436 Καὶ
2797 4383 2906 4452 γὰρ
2947 4383 3173 4454 Ἱσμαὴλ
3215 4385 3243 4436 ὁ
3291 4381 3609 4449 κατάεσάρκα
3632 4392 3711 4442 γεν-

2230 4470 2451 4540 νηθεὶς,
2508 4471 2698 4526 ὲδίωκε
2757 4472 2848 4524 τδν
2896 4473 3078 4527 Ἰσαὰκ
3128 4472 3224 4525 τὸν
3279 4471 3414 4525 κατὰ
3452 4468 3624 4534 πνεῦμα
3651 4461 3709 4514 καὶ

549 4567 681 4620 dum
732 4580 954 4620 carnem
986 4575 1149 4620 natus
1177 4575 1318 4630 erat,
1349 4565 1786 4636 persequebatur
1819 4565 2000 4630 Isaac,
2031 4569 2111 4634 qui

2159 4560 2202 4616 D
2228 4561 2559 4631 ἐπαγγελίαν
2604 4562 2884 4632 τεχθέντα.
2939 4581 2958 4614 ι
2981 4561 3142 4617 Ἀλλὰ
3178 4563 3231 4616 τί
3268 4562 3462 4631 λέγειή
3507 4555 3705 4627 Γραφήν

551 4657 853 4712 secundum
889 4656 1140 4726 Spiritum
1173 4665 1227 4712 et
1266 4657 1689 4727 promissionem
1741 4657 1961 4728 genitus
1985 4666 2122 4712 erat.

556 4765 578 4800 ι
609 4746 676 4801 At
706 4748 835 4816 quid
865 4747 997 4802 dicit
1031 4747 1356 4817 Scriptura?
1403 4767 1424 4799 ο

621 4839 683 4893 ln
741 4840 1123 4910 superioribus
1155 4841 1222 4895 ad
1259 4839 1434 4910 partis
1479 4839 1630 4896 illius
1679 4839 2125 4905 declarationem,

551 4927 727 4984 Dicite
774 4931 904 4985 mihi
936 4932 1029 5002 qui
1070 4932 1174 4987 sub
1195 4931 1311 5000 lege
1360 4929 1528 4986 vultis
1590 4944 1734 4997 esse,
1791 4931 1961 5001 legem
2009 4946 2120 4985 non

552 5020 775 5084 auditis,
820 5021 1060 5077 diximus
1093 5025 1194 5078 hoc
1218 5022 1453 5094 probare
1509 5021 1765 5085 Paulum,
1811 5022 1976 5092 quod]
2010 5021 2128 5092 ipsa

549 5125 770 5188 quoque
827 5111 934 5173 lex,
978 5112 1031 5166 id
1071 5121 1175 5178 est,
1260 5113 1427 5170 Vetus
1466 5113 1930 5176 lnstrumentum,
1969 5119 2131 5167 antea

553 5201 873 5272 prteceperit
899 5202 1070 5272 legem
1093 5217 1156 5258 ac
1181 5201 1524 5259 Judaismum
1553 5203 1902 5274 relinquere:
1937 5210 2132 5258 etecce

547 5292 663 5365 jam
702 5292 754 5346 id
801 5299 1083 5348 ostensum
1135 5302 1242 5348 est.
1286 5292 1425 5349 Nam
1484 5304 1847 5365 posteaquam
1889 5293 2034 5365 Agar
2060 5295 2134 5361 ζει

551 5383 752 5445 lsmael
775 5392 930 5454 typus
948 5390 1068 5438 erat
1103 5380 1422 5439 Judaorum
1456 5399 1521 5438 ac
1555 5388 1763 5441 veteris
1788 5383 1924 5456 legis
1951 5401 1965 5439 :
1994 5381 2130 5437 Sara

553 5490 684 5529 vero
715 5480 768 5527 ct
797 5471 947 5527 Isaac
978 5472 1219 5528 ﬁdelium
1252 5487 1316 5527 ac
1342 5473 1486 5527 Novi
1526 5474 1866 5530 Testamenti
1891 5491 1905 5527 :
1931 5473 1988 5526 In
2011 5472 2130 5542 ipso

553 5573 738 5622 autem
776 5563 959 5618 Veteri
991 5564 1346 5620 Testamento
1375 5563 1550 5632 ejecta
1572 5572 1656 5619 est
1687 5566 1832 5636 Agar
1860 5576 1913 5620 et
1943 5563 2133 5618 lsmael

555 5654 704 5720 (nam
731 5655 889 5724 ejice,
915 5655 1010 5720 ait,
1031 5654 1285 5710 ancillam
1313 5661 1367 5708 et
1392 5653 1560 5707 ﬁlium
1579 5653 1722 5724 ejus)
1748 5662 1896 5709 certe
1917 5653 1969 5707 in
2001 5654 2119 5722 ipso

555 5758 774 5812 quoque
803 5745 984 5801 Veteri
1009 5745 1360 5800 Testamento
1391 5753 1517 5800 ante
1543 5745 1815 5813 descripta
1867 5752 1989 5798 erat
2019 5743 2133 5811 eje-

555 5835 666 5895 Clio
698 5835 1199 5896 JudreorutnNides
1230 5841 1375 5910 quod
1395 5853 1502 5893 non
1533 5843 1784 5908 oporteat
1813 5835 1916 5907 legi
1946 5835 2130 5892 adhae-

2315 4835 2594 4909 ’Ᾱνωτέρω
2622 4837 2748 4890 ἔνθα
2788 4835 2848 4889 τδ
2873 4835 3164 4904 κεφάλαιον
3193 4833 3531 4907 ἡρμηνεὺετο,
3558 4829 3622 4881 τόο
3645 4823 3712 4878 Λέ-

2231 4929 2358 4999 γετέ
2395 4946 2484 4999 μοι
2518 4930 2566 4982 Ol
2597 4929 2699 4981 ὑπὸ
2734 4929 2895 4997 νόμον
2927 4927 3170 4992 θέλοντες
3202 4925 3358 4989 εῖναι,
3388 4925 3469 4978 τὸν
3495 4923 3623 4989 νόμον
3639 4915 3706 4967 οὐκ

2232 5021 2482 5086 ἀκούετε,
2526 5018 2754 5089 εἴπομεν
2805 5017 2959 5072 τοῦτο
2991 5018 3416 5081 κατασκευάζειν
3443 5014 3521 5066 τὸν
3548 5006 3708 5063 Παῦλον.

2231 5110 2312 5164 ὅτι
2352 5109 2443 5164 καὶ
2474 5108 2633 5173 αὐτὸς
2658 5110 2686 5162 ὁ
2731 5109 2912 5178 νόμος,
2959 5107 3292 5178 τουτέστινή
3334 5104 3516 5159 παλαιὰ
3545 5094 3712 5168 προηγό-

2237 5215 2396 5270 ρευσε
2426 5199 2534 5252 δεῖν
2581 5199 2676 5268 ἐᾷν
2709 5198 2799 5252 τὸν
2844 5198 3006 5267 νόμον
3054 5199 3149 5251 καὶ
3201 5197 3292 5250 τδν
3336 5189 3628 5258 ἰουδαῖσμδν,
3651 5183 3712 5235 καὶ

2238 5291 2348 5345 ἰδοὺ
2374 5289 2768 5344 ἀποδέδεικται.
2837 5289 3026 5341 Ὁπότε
3071 5290 3178 5360 γὰρ
3219 5290 3253 5358 ἡ
3291 5288 3385 5359 μὲν
3415 5286 3567 5350 Ἀγαρ
3596 5275 3712 5332 τύπος

2233 5377 2301 5452 ἦν
2327 5381 2434 5435 τῶν
2476 5381 2746 5435 Ἰουδαίων
2779 5381 2992 5434 καὶτοῦ
3029 5381 3200 5435 πάλαι
3237 5381 3419 5450 νόμου,
3457 5378 3484 5445 ἡ
3518 5373 3563 5424 δὲ
3585 5367 3713 5435 Σάρρα

2234 5473 2329 5527 καὶ
2371 5475 2400 5526 6
2447 5472 2634 5526 Ἰσαὰκ
2679 5473 2788 5524 τῶν
2823 5472 3030 5525 πιστῶν
3073 5472 3164 5525 καί.
3199 5471 3298 5540 τῆς
3341 5469 3458 5529 νέας
3501 5459 3712 5528 διαθήκηῖο

2235 5566 2298 5617 ἐν
2329 5564 2464 5633 αὑτῇ
2508 5563 2564 5615 δέ
2615 5565 2680 5632 τῇ
2734 5563 2940 5634 παλαιᾷ
2979 5563 3303 5630 ἐκϐέϐληται
3335 5562 3366 5629 ή
3409 5559 3566 5622 ’Δγαρ
3600 5543 3714 5648 Kal-‘6

2247 5652 2489 5723 Ίσμαὴλ,
2533 5651 2752 5722 (ἐκόαλε
2784 5653 2912 5724 γὰρ,
2943 5654 3098 5724 φησὶ,
3132 5651 3231 5722 τὴν
3278 5649 3542 5714 παιδίσκην
3566 5637 3714 5692 καὶτὸν

2236 5741 2350 5795 υἱὸν
2380 5743 2593 5812 αὐτῆς),
2631 5742 2874 5812 δηλονότι
2906 5743 2998 5794 καὶ
3037 5743 3096 5794 ἐν
3143 5742 3278 5810 αὐτῇ
3312 5742 3371 5808 τῇ
3404 5732 3714 5824 παλαιᾷ-προίξ

2239 5833 2578 5906 ζωγραφεττο
2607 5835 2650 5903 ,ἡ
2684 5833 2790 5888 τῶν
2831 5833 3096 5888 Ἰουδαίων
3143 5831 3359 5901 ἐκῆολή.
3401 5825 3549 5898 Ὁρᾷς
3583 5820 3642 5872 ὅτι
3673 5820 3712 5864 ω
