3956 6552
192 461 338 527 1119

1178 451 1560 518 COMMENT.
1593 453 1672 515 IN
1699 453 1941 516 EPIST.
1976 453 2075 513 AD
2112 448 2382 513 GALAT.

3306 441 3443 509 1150

187 575 276 628 δεῖ
325 570 418 627 τοῦ
465 586 629 644 νομου
677 569 924 642 ἔχεσθαις
964 569 1066 624 Διὰ
1106 569 1167 622 τὸ
1212 569 1334 632 τοὺς
1373 570 1458 622 ἐπ’
1491 569 1639 638 αὑτῷ
1668 585 1764 620 πεο

1905 580 2016 629 ere,
2071 579 2197 620 cum
2251 561 2411 632 ejecti
2476 559 2586 616 sint
2633 560 2725 632 qui
2771 557 2877 616 sub
2923 557 3041 629 ipsa
3124 550 3441 610 obedientes

191 664 450 727 ποιθότας
481 661 876 732 ὲκϐεδλῆσθαι;
914 660 1049 714 Ἰδοὺ
1075 656 1168 714 οὖν
1199 661 1294 713 καὶ
1341 659 1477 728 αὐτὴ
1505 661 1538 728 η
1566 657 1768 711 παλαιὰ

191 760 264 828 τῇ
303 756 530 826 δυνάμει
561 753 950 808 συνεϐούλευσε
987 752 1062 822 μὴ
1087 751 1306 822 ἔχεσθαι
1335 750 1428 804 τοῦ
1459 751 1646 820 νόμου,
1690 749 1768 818 τῷ

193 850 450 904 ἐκϐαλεῖν
501 848 626 911 τοὺς
673 845 849 915 τούτῳ
902 844 1047 914 μόνῳ
1111 843 1476 912 στοιχοῦντας,
1517 841 1766 896 τουτέστι

192 942 326 1004 τοὺς
368 939 675 1002 Ἰουδαίους.
707 938 770 992 Ei
819 935 930 1008 γὰρ
977 937 1059 998 εἰς
1107 935 1192 988 ἀεὶ
1223 934 1389 1004 ἐχρῆν
1420 935 1650 1003 στοιχεῖν
1691 932 1770 1003 τῷ

191 1034 349 1103 νόμῳ
381 1031 477 1085 καὶ
502 1034 567 1102 τῇ
602 1030 826 1101 παλαιᾷ,
859 1028 957 1081 οὐκ
987 1025 1052 1080 ἂν
1082 1025 1345 1095 ἐξεϐλήθη
1386 1024 1484 1093 μὲν
1524 1026 1558 1091 η
1591 1025 1770 1094 Ἅγαρ

195 1128 296 1177 καὶ
345 1127 373 1178 ό
427 1126 553 1187 παῖς
587 1124 778 1192 αὐτῆς,
828 1122 877 1176 οἳ
920 1119 1062 1194 ἦσαν
1094 1121 1264 1182 τύπος
1317 1118 1424 1170 τῶν
1483 1116 1770 1170 Ἰουδαίων.

195 1217 380 1278 Μόνος
419 1216 476 1269 δὲ
526 1215 968 1286 ἐκληρονόμησεν
1019 1212 1224 1276 Ἰσαὰκ,
1262 1210 1320 1274 ὃς
1369 1205 1437 1280 ἦν
1469 1208 1640 1272 τύπος
1664 1207 1772 1260 τῶν

193 1307 282 1377 τῷ
337 1305 558 1376 Χριστῷ
589 1305 1056 1360 πεπιστευκότων.
1105 1303 1216 1357 Καὶ
1249 1302 1430 1366 πάλιν,
1481 1301 1541 1354 οὐ
1598 1297 1776 1353 διὰτὸ

194 1399 422 1452 διώκειν
469 1400 628 1470 μόνον
658 1398 1006 1468 ἐκϐέϐληται,
1052 1395 1169 1451 ἀλλ’
1199 1396 1286 1449 ῖνα
1323 1395 1419 1448 καὶ
1448 1393 1523 1462 μὴ
1551 1393 1776 1462 γένηται

197 1490 458 1553 κοινωνὸς
499 1492 600 1561 τῆς
645 1490 1028 1560 κληρονομίας.
1080 1507 1100 1540 ι
1165 1488 1330 1557 Ἀρα,
1393 1484 1632 1554 ἀδελφοὶ,
1677 1481 1778 1536 οῦκ

195 1583 374 1650 ἐσμεν
426 1581 717 1650 παιδίσκης
792 1579 958 1633 τέκνα
1004 1595 1026 1632 ι
1087 1578 1152 1632 El
1197 1577 1377 1631 τοίνυν
1437 1577 1538 1629 ούκ
1612 1574 1779 1645 ἐσμὲν

199 1670 501 1740 παιδίσκης
533 1671 719 1732 τέκνα,
756 1689 776 1722 ι
813 1670 934 1723 οὐδὲ
971 1667 1171 1734 δοῦλοι,
1211 1668 1325 1731 πῶς
1347 1669 1413 1738 τῇ
1439 1667 1656 1737 δουλείᾳ
1682 1664 1779 1720 τοῦ

199 1761 375 1831 νόμου
425 1761 648 1824 ἑαυτοὺς
695 1758 1111 1829 ύποόἁλλομενς
1146 1758 1262 1811 Οὐκ
1313 1757 1481 1827 ἐσμὲν
1521 1756 1600 1819 δὲ,
1655 1757 1780 1809 ἐπεὶ

203 1852 352 1921 μήτε
385 1849 539 1918 ήμῶν
570 1849 740 1912 τύπος
783 1849 1050 1920 ήἌγαρ,
1098 1846 1214 1901 ἀλλ’
1267 1844 1550 1900 Ἰουδαίων.
1597 1844 1782 1913 Ἣμῶν

202 1944 322 2011 γὰρ
361 1944 395 2014 η
431 1944 616 2015 Σάρρα
648 1943 836 2005 τύπος.
877 1961 896 1994 ι
921 1943 1001 2012 Τῇ
1029 1940 1310 2012 ἐλευθερίᾳ
1335 1939 1428 1993 οῦν
1549 1937 1782 2008 Χριστὸς

204 2035 363 2105 ἡμᾶς
415 2033 841 2104 ἠλευθέρωσεν.»
895 2033 954 2086 Ὀ
1004 2032 1168 2103 νόμος
1219 2029 1616 2091 κατεδούλου,ό
1649 2029 1785 2099 Χρι-

207 2127 340 2190 στὸς
366 2128 516 2196 ἡμᾶς
545 2125 927 2195 ἠλευθέρωσεν
971 2125 1035 2179 ἐκ
1065 2125 1163 2194 τῆς
1205 2122 1446 2193 κατάρας
1476 2120 1568 2174 τοῦ
1593 2119 1783 2190 νόμου.

205 2221 306 2272 Δεῖ
331 2216 446 2280 οὖν,
487 2218 673 2288 φησὶν,
709 2217 930 2271 ἑστάναι
959 2217 1017 2268 ὲν
1069 2217 1135 2285 τῇ
1169 2213 1274 2268 ὑπὸ
1302 2211 1538 2284 Χριστοῦ
1570 2209 1786 2280 δοθῖίσῃ

206 2311 520 2380 ἐλευθερίᾳ.
581 2309 654 2362 Τὸ
713 2308 770 2362 δὲ
835 2309 1116 2379 Sequere,
1175 2304 1564 2375 σαλευομένους
1615 2301 1782 2370 δηλοῖ.

212 2421 236 2454 ι
267 2402 384 2456 Καὶ
423 2401 498 2473 μὴ
539 2401 700 2455 πάλιν
757 2401 925 2470 ζυγῷ.
957 2418 976 2452 ι
1036 2400 1130 2463 Τὸ,
1187 2397 1371 2458 πάλιν,
1424 2393 1788 2464 ἀναισθησίαν

209 2494 402 2548 αὐτῶν
429 2492 598 2564 δηλοῖ.
632 2492 805 2560 Ζυγδν
831 2492 888 2546 δὲ
926 2489 1119 2555 εἰπὼν,
1150 2489 1214 2544 τὸ
1240 2488 1379 2560 βαρὺ
1405 2488 1502 2559 τῆς
1547 2485 1788 2550 δουλείας

206 2586 460 2641 δείκνυσι
485 2583 579 2638 τοῦ
605 2585 792 2656 νόμου.

825 2673 1077 2726 ΚΕΦΑΛ.
1127 2670 1186 2726 ι’.

210 2771 398 2838 ὀτιή
433 2767 654 2844 κλῆσις
686 2765 858 2844 ἡμῶν
890 2767 1007 2844 οὐχ
1031 2759 1657 2844 ὑπόκριταρᾼπεριτομῇ
1692 2759 1792 2815 καί

555 2832 840 2906 νόλιφήδιὰ
866 2837 933 2889 τὸ
960 2833 1218 2901 Χριστοῦ
1250 2832 1459 2897 πόθος.

302 2930 417 2985 Ἰδὲ
459 2928 575 2999 ἐγὼ
642 2927 889 2992 Παῦλος
961 2923 1116 2992 λέγω
1161 2922 1323 2994 ὑμῖν,
1381 2922 1472 2977 ὅτι
1525 2921 1634 2976 ἐὰν
1685 2938 1792 2976 πε-

203 3021 611 3089 ριτέμνησθε,
677 3015 936 3086 Χριστὸς
999 3013 1158 3084 ὑμᾶς
1237 3013 1422 3068 οὐδὲν
1472 3012 1793 3081 ὠφελήσει.

211 3113 601 3182 Μαρτύρομαι
664 3109 733 3163 δὲ
785 3109 973 3162 πάλιν
1047 3107 1228 3160 παντὶ
1289 3104 1580 3173 ἀνθρώπῳ
1637 3119 1798 3174 περι-

1865 658 2062 712 erant?
2092 656 2234 710 Ecce
2255 657 2432 726 ipsum
2463 654 2625 710 etiam
2651 654 2822 710 Vetus
2850 651 3280 710 lns'rutnentnm
3311 661 3409 700 sua

1868 751 1943 806 sit
1975 750 2028 803 in
2077 750 2276 803 virtute
2321 746 2424 816 legi
2478 747 2868 800 adhaerendum
2900 759 3010 798 non
3032 756 3178 805 esse,
3209 755 3303 810 per
3337 741 3440 793 hoc

1868 840 2013 910 quod
2034 839 2193 910 ejecti
2217 839 2327 894 sint
2349 837 2406 892 bi
2429 837 2522 907 qui
2550 838 2654 893 soli
2672 836 2800 891 huic
2825 833 3220 898 assentiebant,
3247 845 3442 896 nempe

1868 926 2064 984 Judaei.
2099 929 2157 983 Si
2193 927 2338 983 enim
2385 929 2721 998 oportuisset
2759 941 2976 995 semper
3024 921 3280 979 assentiri
3340 921 3438 988 legi

1871 1037 1936 1077 ac
1959 1021 2142 1078 Veteri
2175 1019 2556 1082 Testamento.
2612 1031 2958 1089 nequaquam
3009 1015 3184 1084 ejecta
3246 1011 3444 1066 fuisset

1871 1114 2015 1182 Agar
2059 1124 2184 1164 cum
2232 1108 2346 1163 filio
2378 1123 2502 1174 suo,
2555 1109 2647 1176 qui
2692 1115 2850 1162 erant
2897 1115 3056 1176 typus
3107 1101 3443 1163 Judaorutn,

1874 1204 1994 1262 solo
2042 1204 2195 1256 lsaac
2239 1200 2612 1256 baereditatem
2656 1199 2961 1269 accipiente
3006 1196 3095 1265 qui
3137 1205 3253 1250 erat
3287 1203 3447 1264 typus

1873 1293 2096 1350 Christo
2142 1291 2505 1347 credentium.
2554 1291 2623 1346 Et
2647 1305 2867 1345 rursum
2895 1303 3005 1342 non
3060 1286 3130 1340 ob
3171 1283 3224 1340 id
3261 1284 3439 1338 solum

1875 1383 2086 1453 ojectus
2137 1389 2222 1436 est
2260 1381 2406 1450 quod
2443 1380 2898 1452 persecutionem
2946 1375 3198 1439 referret,
3257 1387 3446 1427 verum

1877 1475 2043 1531 etiam
2098 1487 2169 1528 ne
2223 1473 2501 1542 particeps
2552 1472 2709 1527 fieret
2775 1468 3133 1524 htercditatis.
3180 1484 3198 1516 ι
3239 1455 3432 1533 Itaque

1878 1565 2079 1621 fratres
2118 1576 2230 1616 non
2270 1577 2464 1618 sumus
2495 1561 2706 1616 ancillae
2734 1559 2856 1615 filii.
2897 1577 2915 1611 ›
2951 1556 3010 1611 Si
3050 1571 3180 1625 ergo
3213 1570 3320 1608 non
3357 1569 3449 1606 sn-

1879 1672 2002 1712 ntus
2046 1655 2256 1711 ancilla:
2307 1653 2401 1708 filii
2431 1667 2609 1724 neque
2665 1650 2831 1715 servi,
2875 1649 3149 1719 quomodo
3206 1643 3454 1700 servituti

1880 1746 2015 1817 legis
2043 1760 2144 1802 nos
2171 1745 2320 1815 ipsos
2352 1741 2714 1812 subiicimus?
2737 1737 2853 1794 Non
2880 1750 3071 1792 smnus
3098 1743 3297 1794 autem,
3328 1729 3457 1817 quia

1884 1816 2057 1892 nostri
2095 1835 2268 1906 ﬁgura
2294 1847 2400 1888 non
2432 1838 2549 1887 erat
2595 1830 2764 1899 Agar,
2808 1826 2902 1883 sed
2946 1824 3287 1879 Judaeornm.
3321 1816 3455 1870 Nam

1887 1931 2023 1982 Sara
2048 1940 2148 1980 nos
2176 1922 2466 1996 ﬁgurabat.
2508 1939 2526 1971 ι
2561 1919 2621 1974 1η
2656 1919 2906 1972 libertate
2937 1929 3044 1984 qua
3064 1913 3316 1966 Christus
3345 1922 3456 1960 non

1884 2016 2159 2072 liberavit.
2207 2032 2225 2065 ι
2262 2012 2373 2068 Lex
2403 2008 2654 2066 servituti
2687 2003 3034 2078 snbjiciehat,
3059 2000 3318 2054 Christus
3348 2011 3452 2048 an-

1885 2115 1995 2164 tem
2041 2105 2110 2159 ab
2147 2100 2522 2159 exsecratione
2571 2095 2705 2166 legis
2752 2108 2856 2147 nos
2902 2087 3181 2144 liberavit.
3234 2083 3460 2152 Oportet

1887 2198 2071 2266 itaque
2100 2201 2248 2250 stare
2270 2194 2328 2246 in
2359 2190 2613 2244 libertate
2646 2200 2676 2238 a
2711 2182 2932 2239 Christo
2966 2181 3112 2234 data.
3145 2176 3344 2228 Dicens
3363 2187 3461 2224 an-

1889 2299 2016 2355 tem,
2049 2286 2224 2346 State,
2251 2282 2458 2338 indicat
2488 2294 2584 2335 eos
2615 2275 2956 2331 vacillantes.
2995 2289 3013 2322 ι
3058 2270 3120 2324 Et
3169 2282 3238 2322 ne
3271 2279 3464 2319 rursus

1884 2382 2036 2452 jugo.
2073 2399 2091 2432 s
2143 2377 2358 2432 Rursus
2391 2370 2667 2443 signiﬁcat
2701 2367 2920 2420 illorum
2966 2357 3459 2417 insensibilitatetn.

1887 2445 2061 2526 l’drro
2094 2467 2324 2524 dicendo
2366 2466 2583 2536 jugntn,
2620 2452 3251 2531 significatgravitatetn
3287 2445 3462 2504 servi-

1891 2563 2026 2618 tutis
2057 2561 2214 2632 legis.

2509 2665 2739 2724 CAPUT
2781 2662 2848 2718 X.

1895 2767 2047 2835 Quod
2083 2765 2250 2821 nostri
2301 2764 2509 2835 vacatio
2546 2759 2784 2835 subjecta
2823 2771 2931 2835 non
2970 2752 3038 2834 sit
3067 2746 3465 2804 circuntcisioni

2173 2851 2233 2888 ac
2273 2834 2370 2904 legi
2396 2840 2606 2900 propter
2633 2822 2834 2884 Christi
2863 2822 3184 2892 passionem.

1965 2927 2130 3000 758
2155 2924 2222 2985 ν.
2266 2926 2380 2981 l-8.
2421 2923 2555 2977 Ecce
2585 2937 2676 2990 ego
2722 2917 2928 2972 Paulus
2969 2914 3086 2966 dico
3118 2909 3283 2969 vobis.
3331 2906 3469 2978 quod

1896 3023 1944 3076 si
2003 3016 2481 3080 circumcidamiui,
2537 3012 2779 3070 Christus
2831 3006 2974 3063 vobis
3030 3003 3163 3058 nihil
3210 2999 3467 3072 proderit.

1897 3110 2176 3167 Contestor
2197 3117 2371 3161 autem
2394 3120 2595 3160 omnem
2629 3101 2887 3155 hominem
2919 3099 3010 3168 qui
3037 3093 3469 3150 circumciditur,

212 3202 596 3272 τεμνομένῳ,
686 3200 778 3254 ὅτι
860 3198 1178 3268 ὀφειλέτης
1258 3197 1432 3251 ἐστὶν
1487 3197 1638 3250 ὅλον
1685 3197 1792 3251 τὸν

1898 3203 2034 3273 quod
2074 3199 2282 3254 debitor
2314 3200 2384 3252 sit
2419 3197 2580 3251 totius
2620 3194 2746 3263 legis
2779 3191 3084 3247 servandis:
3126 3185 3288 3240 soluti
3337 3184 3470 3238 estis

213 3295 414 3363 νόμον
451 3291 722 3360 ποιῆσαι.
763 3289 1186 3360 Κατηργήθητε
1223 3286 1343 3343 ἀπὸ
1371 3286 1478 3341 τοῦ
1515 3287 1794 3357 Χριστοῦ.

219 3386 454 3450 Οῖτινες
498 3385 567 3438 ἐν
637 3385 800 3452 νόμῳ
843 3382 942 3436 καὶ
979 3379 1344 3440 δικαιοῦσθε,
1402 3377 1511 3445 τῆς
1560 3375 1801 3446 χάριτος

213 3475 565 3541 ἐξεπέσετε.
608 3474 795 3541 Ἡμεῖς
831 3473 941 3542 γὰρ
979 3473 1277 3540 πνεύματι
1317 3470 1386 3524 ἐκ
1414 3471 1675 3536 πίστεως
1699 3469 1801 3522 ἐλ-

218 3569 372 3623 πίδα
418 3567 806 3632 δικαιοσύνης
855 3565 1324 3632 ἀπεκδεχόμεθα.
1372 3563 1477 3616 Ἐν
1522 3561 1633 3631 γὰρ
1670 3564 1801 3630 Χρια

219 3659 354 3724 στῷ
397 3658 592 3726 Ἰησοῦ
637 3658 774 3710 οὕτε
803 3654 1086 3724 περιτομή
1124 3672 1177 3708 τι
1208 3655 1430 3723 ἰσχύει,
1459 3653 1597 3708 οὔτε
1624 3655 1803 3722 ἀκρο-

221 3752 466 3815 ϐυστία,
528 3748 689 3804 ἀλλὰ
733 3749 934 3814 πίστις
985 3746 1060 3800 δι’
1105 3745 1346 3814 ἀγάπης
1377 3744 1797 3815 ἐνεργουμένη.

233 3844 542 3911 Ἐτρέχετε
576 3841 794 3906 καλῶς,
821 3841 913 3904 τίς
942 3838 1098 3908 ὑμᾶς
1135 3838 1400 3906 ἀνέκοψε
1444 3836 1518 3905 τῇ
1553 3837 1803 3904 ἀληθείᾳ

214 3935 310 4005 μὴ
343 3937 652 3989 ,πείθεσθαι
667 3950 689 3999 ;
738 3933 806 3988 Ἡ
831 3929 1128 4001 πεισμονὴ
1155 3931 1266 3985 οὐκ
1293 3930 1362 3985 ἐκ
1407 3929 1512 3986 τοῦ
1542 3929 1802 3985 καλοῦν-

221 4042 332 4092 τος
357 4023 533 4093 ὑμᾶς.

305 4133 326 4168 ι
351 4117 446 4170 ‘lae
483 4115 592 4186 ἐγὼ
626 4115 890 4178 Παῦλος.»
935 4117 1014 4188 Τῇ
1042 4115 1354 4188 ἀξιοπιστίᾳ
1385 4113 1479 4168 τοῦ
1513 4113 1797 4185 ὀνόματος,

221 4211 353 4280 ἀντὶ
402 4209 582 4278 πάσης
625 4207 952 4272 ἀποδείξεως
999 4210 1288 4280 ἐχρήσατο.
1340 4226 1360 4260 ι
1386 4206 1620 4278 Χριστὸς
1659 4207 1803 4277 ὑμᾶς

221 4301 383 4355 οὐδὲν
409 4299 701 4381 ᾡφελήσει.
722 4316 740 4350 ι
774 4298 874 4351 Διὰ
901 4299 982 4365 τί;
1022 4299 1108 4352 ὅτι
1132 4301 1162 4352 ὁ
1201 4297 1680 4370 περιτεμνόμενος,
1709 4297 1806 4366 δῆ-

223 4395 322 4448 λον
349 4393 424 4455 ὡς
446 4392 543 4461 τὴν
567 4392 661 4444 τοῦ
691 4390 927 4461 Χριστοῦ
956 4393 1116 4462 χάριν
1155 4388 1443 4456 ὲξουθενεῖ,
1488 4391 1592 4444 ὑπὸ
1619 4390 1676 4444 δὲ
1710 4391 1804 4444 τοῦ

225 4486 399 4555 νόμου
456 4482 721 4546 σώζεσθαι
770 4482 1036 4536 πιστεύει.
1074 4483 1185 4535 Τὸν
1225 4481 1317 4535 οὖν
1358 4481 1434 4553 μὴ
1479 4481 1804 4534 πιστεύοντα

1901 3317 1931 3352 a
1955 3297 2189 3360 Christo,
2225 3295 2518 3364 quicunque
2541 3305 2633 3358 per
2660 3288 2820 3357 legent
2848 3279 3246 3350 iustiﬁcamini,
3275 3295 3304 3330 a
3343 3292 3470 3346 gra-

1898 3391 1975 3444 tia
2002 3388 2295 3443 excidistis.
2321 3384 2434 3438 Nos
2464 3383 2601 3436 enim
2633 3379 2826 3447 spiritu
2847 3391 2912 3431 ea:
2946 3374 3048 3444 ﬁde
3068 3387 3208 3441 spem
3235 3366 3475 3439 justitia:

1898 3487 2279 3546 exspectamus.
2326 3473 2468 3527 Nam
2509 3473 2564 3525 in
2593 3470 2804 3526 Christo
2848 3464 2977 3520 Jesu
3029 3477 3191 3533 neque
3241 3461 3468 3512 circum-

1900 3571 2031 3624 cisio
2057 3567 2341 3637 quidquam
2367 3564 2524 3624 volet,
2549 3576 2710 3630 neque
2732 3556 3069 3625 prteputium,
3088 3551 3177 3605 sed
3197 3549 3332 3618 ﬁdes
3359 3562 3478 3616 qua:

1899 3677 1992 3730 per
2026 3659 2358 3713 dilectionem
2389 3662 2660 3723 operatur.
2714 3645 3024 3702 Currebatis
3056 3642 3200 3706 bene,
3229 3639 3348 3710 quis
3387 3653 3475 3690 vos

1901 3751 2192 3820 impedivit,
2235 3759 2292 3802 ut
2320 3762 2420 3800 non
2456 3741 2736 3798 crederetis
2768 3736 3022 3793 ueritati?
3048 3747 3226 3802 nempe
3256 3746 3479 3801 persua-

1902 3843 1981 3897 sio
2013 3857 2116 3896 non
2141 3853 2207 3895 ea:
2239 3854 2298 3893 eo
2323 3835 2560 3906 profecta
2593 3833 2685 3905 qui
2723 3829 2941 3886 vocabat
2981 3842 3088 3882 vos.

1982 4134 2000 4166 ι
2038 4113 2175 4167 Ecce
2220 4126 2321 4184 ego
2377 4109 2604 4165 Paulus.
2645 4123 2664 4158 ι
2696 4103 2950 4160 Nominis
3005 4099 3094 4157 sui
3132 4097 3481 4160 auctoritate,

1903 4205 2024 4262 loco
2053 4202 2305 4271 cujusvis
2340 4195 2828 4255 demonstrationis
2859 4207 2992 4248 usus
3016 4198 3122 4245 est.
3163 4206 3183 4241 ι
3220 4187 3477 4242 Christus

1904 4295 2060 4351 vobis
2105 4292 2240 4346 nihil
2290 4287 2552 4360 proderit.
2594 4303 2614 4337 ι
2662 4281 3074 4350 Quamobrem?
3104 4277 3256 4345 .Quia
3288 4279 3335 4332 is
3385 4275 3480 4340 qui

1905 4383 2343 4446 circumciditur,
2374 4376 2665 4432 manifeste
2680 4375 2890 4429 videtur
2913 4380 3264 4427 contemnere
3283 4365 3484 4420 Christi

1912 4476 2172 4547 gratiam,
2207 4472 2438 4526 credens
2472 4484 2531 4525 se
2577 4483 2606 4521 a
2657 4469 2774 4536 lege
2813 4464 3030 4520 salvum
3075 4463 3343 4515 futurum.
3380 4455 3486 4522 Qui

224 4550 476 4648 Χριστῷ,
505 4573 628 4627 οὔτε
655 4573 814 4636 αὐτὸς
863 4573 1036 4626 ἕλοιτο
1069 4550 1371 4642 ὠφελῆσαι.
1413 4550 1569 4625 ιὍτι
1595 4571 1792 4640 ὀφειλέ-

1907 4583 2038 4637 ergo
2078 4564 2287 4620 Christi
2306 4578 2413 4618 non
2453 4561 2655 4624 credit,
2688 4561 2803 4628 ipse
2831 4556 2898 4610 ab
2930 4569 2995 4609 eo
3026 4550 3226 4608 salvari
3257 4565 3363 4604 non
3389 4563 3493 4617 po-

227 4686 332 4739 της
356 4667 502 4719 ἐστὶν
524 4666 642 4719 ὅλον
671 4665 764 4718 τὸν
791 4665 954 4734 νόμον
979 4664 1220 4734 ποιῆσαι.
1261 4683 1280 4715 ι
1314 4664 1456 4734 Πρὸς
1483 4664 1561 4736 τῷ
1589 4663 1803 4735 μηκέτι,

230 4756 394 4826 φησι,
427 4753 589 4822 μηδὲν
624 4751 774 4823 παρὰ
818 4749 1056 4822 Χριστοῦ
1097 4748 1448 4818 ὡφελεῖσθαι,
1475 4749 1610 4819 ὅπερ
1639 4748 1803 4819 χαλε-

226 4845 478 4916 πώτερον
515 4845 724 4914 μυρίων
756 4843 1011 4912 γεεννῶν.
1047 4843 1154 4896 Καὶ
1180 4840 1342 4912 βάρος
1373 4840 1648 4908 ἀνωφελὲς
1671 4841 1801 4893 ἑαυ-

226 4937 347 4996 τοῖς
378 4935 428 4986 οι
451 4934 681 4987 τοιοῦτοι
711 4933 1105 5004 περιτιθέασιν.
1151 4931 1208 4985 '0
1233 4930 1339 5000 γὰρ
1369 4931 1508 4983 κατὰ
1556 4930 1614 4982 ἓν
1639 4947 1690 4982 τι
1718 4930 1809 4982 τὸν

227 5027 404 5097 νόμον
429 5027 633 5100 τηρῶν,
667 5027 914 5096 ἀνάγκην
956 5023 1067 5088 ἔξει
1103 5025 1244 5078 κατὰ
1282 5023 1460 5078 πάντα
1492 5025 1680 5095 τηρεῖν
1710 5022 1810 5075 αύ-

227 5120 348 5184 τὸν,
383 5119 505 5172 lusi
536 5118 713 5171 πάντα
742 5118 1042 5186 οἰχήσεται.
1073 5115 1138 5168 Τί
1165 5115 1221 5167 δὲ
1251 5115 1551 5185 βαρύτερον
1577 5115 1684 5168 τῶν
1723 5131 1811 5167 νο-

225 5211 415 5280 μικῶν
474 5210 944 5281 παρατηρήσεων;
1019 5208 1474 5279 ιΚατηργήθητε
1543 5206 1650 5259 ἀπὸ
1711 5205 1808 5259 τοῦ

229 5300 530 5372 Χριστοῦ.)
581 5301 944 5370 Ἀπεκόπητε,
987 5301 1292 5352 ἀπεπέσετε
1318 5299 1413 5351 ἀπ’
1449 5297 1634 5357 αὐτοῦ.
1667 5298 1812 5350 ἀνω-

231 5391 378 5460 φελῆ
403 5392 532 5458 ὑμῖν
565 5391 749 5445 λοιπὸν
787 5392 856 5445 τὰ
904 5391 1046 5444 κατὰ
1083 5390 1174 5444 τὸν
1220 5389 1455 5459 Χριστὸν
1501 5389 1677 5442 πάντα
1713 5387 1809 5441 καὶ

231 5483 338 5552 τὴν
377 5482 540 5552 χάριν
582 5481 769 5536 αὑτοῦ.
819 5500 838 5533 ι
868 5483 1078 5544 Οἴτινες
1140 5483 1198 5534 ὲν
1226 5481 1376 5550 νόμῳ
1413 5477 1747 5532 δικαιοῦσθε.
1783 5497 1802 5530 ι

231 5572 390 5627 ’Λντὶ
437 5573 551 5637 τοῦ,
603 5575 944 5628 δικαιοῦσθαι
969 5574 1249 5638 σπεύδετε,
1298 5573 1430 5625 ὡσεὶ
1473 5573 1680 5641 ἔλεγεν.
1717 5573 1810 5625 Οἵ-

231 5679 382 5725 τινες
417 5663 740 5727 σπουδάζετε
765 5664 828 5716 ἐκ
860 5664 1026 5732 νόμου
1057 5663 1413 5728 δικαιοῦσθαι,
1458 5664 1557 5730 τῆς
1589 5663 1808 5733 χάριτος

237 5753 558 5818 ἐξεπέσατε.
613 5756 708 5807 καὶ
745 5753 855 5808 ἀπὸ
896 5753 991 5807 τοῦ
1040 5753 1206 5823 νόμου
1253 5753 1312 5805 οὐ
1358 5752 1804 5822 δικαιωθήσεσθε.

241 5844 480 5914 ιἮμεῖς
519 5844 624 5916 γὰρ
665 5842 956 5916 πνεύματι.
996 5864 1015 5898 ι
1069 5843 1258 5915 Ἡμεῖς
1309 5843 1417 5914 γὰρ
1479 5843 1530 5896 οἱ
1602 5845 1804 5909 πιστοί,

1916 4668 2047 4720 test,
2096 4676 2114 4702 ι
2157 4655 2311 4722 Quod
2359 4653 2575 4708 debitor
2623 4650 2695 4705 sit
2729 4662 2751 4702 t
2775 4648 2920 4702 otius
2950 4644 3084 4714 legis
3121 4639 3423 4698 servanda.
3461 4654 3494 4693 »ε

1917 4751 2121 4806 Prin-ter
2176 4747 2302 4812 hoc,
2356 4745 2552 4814 inquit,
2600 4741 2742 4810 quod
2803 4739 2860 4793 in
2919 4737 3069 4789 nullo
3117 4733 3177 4801 ju
3198 4739 3405 4785 ventur
3457 4745 3501 4782 a-

1915 4841 2161 4906 Cbristo,
2205 4835 2351 4903 quod
2401 4836 2579 4903 ipsum
2606 4830 2757 4886 mille
2786 4826 3056 4898 gehennis
3087 4823 3346 4878 miserius
3377 4828 3486 4882 est,

1916 4931 1968 4987 id
2007 4945 2223 4998 quoque
2264 4925 2468 4980 accidit
2500 4923 2640 4992 quod
2675 4916 2992 4991 hujusmodi
3024 4915 3352 4969 addiderunt
3381 4912 3487 4968 sibi

1918 5023 2074 5093 ipsis.
2111 5020 2214 5086 Qui
2259 5018 2404 5074 enim
2444 5016 2497 5070 in
2531 5030 2638 5068 uno
2669 5015 2854 5082 aliquo
2882 5010 3054 5078 legem
3084 5005 3482 5067 observaverit,

1917 5112 2297 5168 necessitatem
2321 5107 2425 5163 sibi
2453 5104 2676 5159 inducet
2699 5103 2753 5156 in
2791 5099 3052 5155 omnibus
3081 5111 3200 5152 eam
3231 5093 3486 5151 servandi

1916 5198 2359 5273 quandoquidem
2383 5197 2565 5250 omnia
2599 5201 2787 5247 mutuo
2813 5207 2871 5244 se
2886 5196 3192 5259 sequentur
3222 5195 3484 5254 tanquam

1915 5305 2184 5348 connexa.
2231 5287 2375 5354 Quid
2419 5294 2598 5340 autem
2636 5283 2856 5353 gravius
2908 5278 3176 5348 legalibus
3227 5275 3486 5329 observa--

1916 5381 2200 5439 tionibus?
2235 5399 2253 5432 ι
2285 5377 2461 5434 Soluti
2491 5375 2628 5433 estis
2678 5391 2707 5428 a
2744 5373 2988 5431 Christo.
3028 5391 3046 5422 ι
3083 5364 3361 5439 Amputati
3402 5377 3489 5417 cs-

1917 5473 2312 5547 tisexcidistis
2338 5469 2406 5524 ab
2454 5469 2606 5540 ipso:
2641 5467 2842 5520 nullam
2876 5465 3032 5518 vobis
3060 5459 3291 5515 afferent
3333 5454 3494 5509 dein-

1914 5543 2045 5636 ceps
2083 5564 2389 5627 utilitatem,
2421 5577 2540 5631 qua:
2569 5557 2776 5614 Christi
2807 5563 2937 5610 sunt
2962 5561 3016 5606 et
3046 5551 3231 5620 gratiae
3258 5543 3435 5614 ipsius
3463 5553 3488 5628 ’.τ

1921 5677 1940 5711 ι
1979 5656 2305 5724 Quicunque
2359 5643 2454 5723 per
2494 5652 2663 5722 legent
2700 5643 3101 5719 justiﬁeamini.
3164 5658 3182 5690 ι
3227 5636 3341 5692 Hoc
3378 5643 3488 5694 est;

1910 5749 2210 5821 justilicari
2240 5746 2511 5804 studetis:
2543 5754 2803 5813 tanquam
2837 5739 3081 5793 diceret:
3122 5731 3230 5799 Qui
3252 5727 3494 5786 sttnlctis

1916 5820 1978 5900 ex
2005 5845 2121 5913 lege
2142 5840 2450 5913 iustificari,
2485 5851 2512 5889 a
2549 5833 2724 5906 gratia
2754 5829 3064 5894 excitlistis,
3096 5836 3148 5881 et
3175 5839 3274 5880 nec
3297 5837 3326 5876 ε
3367 5820 3491 5888 lego
