3956 6548
482 380 615 444 1151

1564 378 1964 453 (ΕΟΗΜΕΝΙΙ
1993 379 2284 440 ΤΗΙΟΟᾸῖ
2327 379 2666 440 EPISCOPI

3598 380 3739 448 1152

469 494 877 567 jttstiﬁcamini.
917 512 937 546 ι
1001 491 1111 548 Nos
1150 490 1295 546 enim
1351 490 1573 561 spiritu";
1613 510 1630 543 ι
1668 491 1804 555 Nos,
1847 493 2044 561 inquit,

2158 493 2311 560 mal.
2351 492 2450 544 οὐκ
2497 495 2561 545 ἑκ
2601 491 2788 561 νόμου,
2831 491 3099 556 σώζεσθαι
3151 493 3564 568 προσδοκῶμεν,
3599 496 3738 547 ἀλλὰ

473 585 668 639 ﬁdeles
703 598 808 636 non
840 581 1004 652 759
1031 587 1416 650 exspectamus
1448 569 1515 633 ex
1558 580 1675 649 lege
1699 581 1924 646 salvari,
1949 580 2044 635 sed

473 692 575 745 per
611 676 1090 744 superventidnem
1147 673 1387 743 Spiritus
1423 675 1624 728 sancti.
1659 692 1678 724 ι
1731 672 1893 742 Spem
1929 675 2046 743 jus-

473 771 609 824 titiaa
644 776 1046 838 exspectamus.
1092 765 1198 820 Per
1246 767 1437 836 gratia:
1485 766 1790 834 portionem
1844 765 2048 819 salvari

474 866 881 926 exspectamus.
933 855 1075 910 Bene
1122 865 1304 908 autem
1346 854 1568 917 dicitur,
1623 870 1688 908 ex
1751 856 1871 908 ﬁde.
1914 853 2048 908 Nam

489 959 706 1018 oportet
736 958 980 1002 nostram
1010 947 1215 1002 afferre
1238 947 1422 1011 ﬁdem,
1455 955 1509 999 et
1539 949 1614 1000 ita
1648 959 1744 1017 per
1788 947 2048 1017 spiritum

478 1043 725 1112 accipere
751 1040 1047 1110 justitiam.

552 1151 571 1184 ι
613 1133 799 1202 Neque
838 1132 1188 1187 circumcisio
1223 1132 1520 1201 quidquam
1555 1131 1715 1186 valet.
1749 1149 1768 1182 ι
1805 1131 2055 1186 Circum-

475 1225 740 1279 cisionem
769 1225 898 1278 dicit
917 1239 1022 1277 non
1048 1240 1169 1292 quae
1191 1222 1592 1291 suscipiebatur
1613 1233 1738 1275 ante
1765 1221 1943 1277 ﬁdem.
1977 1224 2056 1278 Ac

476 1314 521 1366 si
573 1313 778 1366 diceret
815 1329 828 1364 :
863 1312 963 1376 Qui
1011 1327 1209 1365 nomen
1245 1311 1377 1365 dant
1417 1313 1466 1364 in
1496 1311 1649 1364 Novo
1679 1311 2055 1379 Testamento,

473 1403 610 1456 nihil
653 1403 964 1458 nocumenti
996 1417 1060 1455 ex
1092 1404 1356 1471 praeputio
1388 1402 1672 1471 accipient,
1709 1403 2058 1471 quemadmo-

474 1497 603 1549 dum
642 1511 817 1564 neque
853 1493 1104 1547 utilitatis
1140 1493 1224 1546 vel
1251 1493 1548 1561 adjumenti
1581 1508 1644 1546 ex
1677 1494 2055 1548 circumcisio-

471 1603 558 1640 ne.
617 1603 635 1637 ι
684 1584 790 1639 Sed
839 1585 972 1638 ﬁdes
1019 1600 1139 1654 qua:
1189 1599 1287 1650 per
1327 1585 1670 1638 dilectionem
1716 1593 1994 1654 operatur.
2029 1605 2049 1639 ι

469 1677 658 1746 Neque
694 1667 837 1730 enim
863 1677 997 1730 satis
1022 1674 1339 1730 estCltristo
1364 1674 1683 1740 credidisse,
1711 1675 1804 1730 sed
1841 1685 2057 1743 oportet

473 1765 616 1821 bane
648 1768 864 1836 operari
896 1775 949 1820 et
984 1766 1246 1820 custodiri
1293 1774 1346 1818 et
1381 1765 1550 1819 veluti
1581 1766 1808 1818 excitari
1846 1781 1944 1834 per
1975 1766 2057 1819 di-

2158 581 2223 634 5t‘
2281 583 2684 651 έπιφοιτήσεως
2739 576 3050 648 Πνεύματος
3106 583 3283 650 ἁγίου.
3335 585 3610 637 «Ἐλπίδα
3670 587 3734 637 δι·

2155 674 2450 743 καιοσύνης
2481 673 2948 744 ἀπεκδεχόμεθα.»
2993 677 3048 727 ὲν
3069 677 3291 744 χάριτος
3343 677 3502 747 μέρει
3537 678 3598 729 τὸ
3634 679 3738 729 mb-

2154 766 2342 830 ζεσθαι
2387 767 2814 836 προσδοκῶντες.
2855 767 3052 828 Καλῶς
3090 767 3144 819 δὲ
3185 771 3360 820 κεῖται
3390 769 3472 834 τὸ,
3520 770 3621 821 Ἐκ
3651 771 3738 821 πί·

2155 873 2350 919 στεως.
2409 861 2502 910 Δεῖ
2548 857 2656 928 γὰρ
2718 857 2816 930 τὴν
2867 857 3142 928 ἡμετέραν
3214 859 3465 927 ἡγεῖσθαι
3523 861 3735 923 πίστιν,

2157 947 2250 1001 καὶ
2298 947 2472 1012 οὕτως
2509 949 2608 1020 τὴν
2657 949 2748 1003 διὰ
2803 949 3110 1018 πνεύματος
3161 949 3458 1018 λαμϐάνειν
3513 951 3736 1003 δικαίω-

2157 1052 2262 1090 σιν.

2233 1147 2251 1180 t
2290 1127 2428 1183 Ούτε
2475 1131 2744 1199 περιτομή
2795 1149 2847 1183 τι
2889 1130 3080 1200 ῑσχύει.
3136 1151 3153 1182 ι
3199 1131 3507 1200 Περιτομὴν
3557 1133 3738 1198 λέγει,

2153 1219 2216 1272 ού
2263 1220 2364 1289 τὴν
2399 1222 2532 1290 πρὸς
2567 1223 2665 1290 τῆς
2715 1223 2950 1283 πίστεως
3001 1222 3184 1284 οὖσαν,
3233 1223 3368 1274 ὡσεὶ
3409 1224 3623 1288 ἔλεγεν·
3669 1224 3734 1275 0i

2154 1311 2602 1379 ἀπογραφόμενοι
2643 1313 2702 1363 ὲν
2755 1314 2820 1380 τῇ
2872 1312 2970 1381 νέα
3025 1312 3280 1381 διαθήκῃ,
3313 1312 3460 1364 οὐδὲν
3515 1314 3581 1363 ὲκ
3632 1311 3735 1379 τῆς

2155 1400 2523 1470 ἀκροϐυστίας
2563 1402 3087 1471 περιελαδὴσονται,
3137 1402 3330 1471 ὥσπερ
3378 1404 3500 1456 οὐδὲ
3536 1405 3600 1455 ὲκ
3635 1403 3738 1472 τῆς

2157 1493 2463 1562 περιτομῆς
2489 1492 2957 1563 ὠφεληθήσονται.
3002 1513 3020 1545 ι
3065 1494 3227 1548 Ἀλλὰ
3271 1495 3450 1557 πίστις
3486 1493 3558 1546 δι’
3595 1494 3734 1561 ἀτᾶο

2157 1601 2267 1653 πης
2319 1587 2706 1656 ἐνεργουμένη.
2760 1607 2775 1636 ι
2822 1588 2937 1638 Ούκ
2971 1589 3134 1656 ἀρκεῖ
3183 1588 3290 1657 γὰρ
3342 1589 3506 1657 μόνον
3549 1588 3610 1639 τὸ
3645 1605 3735 1639 πι-

2157 1677 2382 1730 στεῦσαι
2439 1677 2516 1747 τῷ
2572 1677 2814 1748 Χριστῷ,
2862 1677 2994 1738 ἀλλὰ
3032 1679 3114 1731 δεῖ
3148 1679 3248 1747 τὴν
3294 1679 3477 1732 πίστιν
3521 1680 3732 1747 ταύτην

2158 1768 2497 1838 ἑνεργεῖσθαι
2537 1771 2631 1820 καὶ
2674 1769 3126 1836 διαφυλάττεσθαι
3159 1770 3253 1823 καὶ
3281 1766 3391 1822 οἷον
3435 1769 3734 1831 ἀναζωπυο
3815 1783 3818 1786 ·

471 1831 763 1912 lectionem
787 1874 912 1928 erga
939 1855 1242 1910 Christum.
1266 1855 1359 1909 llis
1381 1863 1558 1909 autem
1583 1856 1877 1919 indicatur,
1905 1856 2051 1926 quod

2159 1831 2369 1928 ρεῖσθαι
2413 1859 2500 1911 διὰ
2529 1860 2627 1928 τῆς
2657 1860 2735 1922 εἰς
2768 1831 3000 1929 Ϊριστὺν
3034 1860 3274 1929 ἀγάπης.
3311 1860 3618 1912 Abit-natat
3654 1860 3735 1920 Et,

471 1951 562 2019 qui
589 1951 958 2014 crediderunt,
982 1951 1076 2006 sed
1101 1965 1206 2003 non
1235 1950 1464 2018 diligunt
1484 1946 1862 2011 Christum,ad
1881 1951 2052 2018 legem

468 2040 862 2110 transfugiunt.
924 2061 942 2094 (
974 2042 1106 2108 Quis
1151 2057 1248 2096 vos
1308 2040 1628 2110 impedivit?
1675 2059 1693 2092 ι
1751 2039 1905 2105 Quod
1946 2041 2048 2106 ait,

473 2129 632 2198 Quis,
681 2147 790 2185 non
835 2141 916 2186 est
956 2133 1369 2201 intet'mgantis,
1398 2134 1491 2186 sed
1533 2131 1887 2200 deplorantis,
1917 2145 1980 2184 ac
2005 2130 2048 2184 si

470 2223 677 2277 diceret
711 2224 1103 2293 :Pertigeratis
1146 2226 1210 2278 ad
1250 2224 1664 2294 perfectionem,
1699 2222 1827 2290 quid
1867 2229 2048 2274 actutn

469 2317 609 2370 est?
651 2315 784 2382 Quis
837 2326 1044 2370 tantum
1100 2318 1296 2387 potuit,
1353 2325 1408 2370 ut
1459 2315 1846 2386 impedimento
1895 2311 2054 2368 vobis

468 2415 617 2461 esset
660 2423 726 2461 ne
771 2409 982 2462 veritati
1017 2407 1290 2477 Evangelii
1330 2408 1646 2476 pareretis?
1699 2425 1718 2458 ‹
1754 2405 2051 2459 Persuasio

469 2512 687 2566 nempe,
730 2518 748 2549 ι
794 2496 907 2552 Hoc
955 2509 1058 2562 est,
1094 2501 1220 2570 quia
1249 2499 1505 2568 paruistis
1533 2499 1840 2552 dicentibus
1875 2497 2049 2562 vobis,

469 2599 526 2641 ut
568 2589 1101 2643 circumcideremini
1137 2609 1148 2644 :
1194 2608 1211 2640 t
1250 2589 1367 2644 Non
1416 2606 1478 2643 ex
1513 2588 1735 2643 Christo
1768 2587 2005 2657 profecta
2031 2628 2047 2652 ,

469 2678 563 2745 qui
596 2678 826 2731 vocabat
857 2694 950 2732 vos
984 2679 1049 2730 atl
1074 2694 1226 2732 suam
1248 2680 1426 2730 (idem.
1450 2697 1468 2729 ι
1491 2676 1772 2746 Tanquam
1807 2677 2045 2730 diceret:

470 2764 588 2820 Non
627 2767 746 2820 ideo
783 2769 956 2820 vocati
992 2769 1126 2823 estis
1159 2785 1186 2821 a
1220 2769 1462 2830 Christo,
1497 2777 1553 2820 ut
1586 2769 1670 2822 his
1701 2769 2048 2836 obtempere-

471 2859 542 2913 tis
569 2859 658 2928 qui
697 2860 821 2911 talia
855 2862 1106 2913 suadent.
1154 2860 1244 2913 Dei
1278 2876 1508 2929 namque
1538 2861 1814 2930 proprium
1846 2869 1929 2914 est
1959 2873 2051 2912 vo-

471 2964 619 3012 care,
652 2949 988 3003 audientium
1021 2965 1150 3004 vero
1192 2951 1592 3021 obtemperare.

2153 1951 2235 2002 ὃτι
2284 1950 2672 2014 πιστεύσαντες
2708 1951 2826 2019 μὲν,
2861 1950 2933 2020 μὴ
2959 1951 3347 2021 ἀγαπήσαντες
3379 1951 3435 2003 δὲ
3466 1953 3562 2002 τὸν
3593 1952 3735 2019 Χρι-

2155 2038 2302 2103 στδν,
2333 2040 2471 2110 πρὶς
2503 2040 2592 2093 τὸν
2637 2041 2800 2110 νόμον
2828 2041 3230 2109 ηὐτομόλησαν.
3281 2059 3300 2092 ι
3337 2042 3431 2102 Τις
3461 2043 3613 2108 ὑμᾶς
3643 2043 3733 2092 ἕνα

2153 2128 2337 2196 έκοψες
2383 2148 2401 2179 ο
2436 2130 2527 2194 Τὸ,
2555 2130 2670 2193 Τις,
2703 2133 2802 2183 οὐκ
2837 2131 2983 2183 ἔστιν
3014 2132 3346 2201 ἐρωτῶντος,
3380 2131 3495 2183 ἀλλ’
3529 2131 3734 2199 6179i:-

2155 2221 2405 2292 ρομένου,
2439 2222 2569 2272 ὡσεὶ
2605 2219 2786 2274 εἶπεν·
2837 2218 2974 2275 *Ηττ
3019 2225 3098 2286 εις
3130 2222 3441 2289 τελειότητα
3479 2223 3732 2290 φθάσαν-

2149 2328 2260 2375 τες,
2291 2311 2344 2363 τί
2375 2312 2598 2379 γέγονες
2641 2313 2735 2374 Τίς
2785 2313 3036 2366 τοσοῦτον
3067 2315 3286 2382 ῐσχυσεν
3327 2313 3464 2365 ὥστε
3503 2315 3735 2380 ἐμποδί-

2154 2417 2241 2463 σαι
2274 2403 2402 2470 ύμῖν
2441 2404 2506 2471 τῇ
2541 2402 2767 2472 ἀληθεία
2800 2403 2893 2454 τοῦ
2928 2404 3262 2470 Εύαγγελίου
3296 2402 3369 2471 μὴ
3403 2402 3729 2468 πείθεσθαις

2157 2505 2177 2539 t
2224 2489 2289 2540 Ἥ
2319 2491 2607 2559 πεισμονὴ,
2661 2509 2679 2541 ι
2718 2491 2987 2555 τουτέστι,
3046 2492 3106 2543 τὸ
3158 2492 3448 2559 πεισθῆναι
3495 2495 3610 2555 τοῖς
3641 2493 3731 2545 λέ-

2151 2595 2336 2646 γουσιν
2367 2581 2494 2648 ὑμῖν
2546 2583 2987 2650 περιτέμνεσθαι.
3035 2600 3054 2632 ι
3096 2583 3210 2634 Ούκ
3245 2585 3310 2634 ἐκ
3345 2582 3440 2635 τοῦ
3485 2583 3727 2650 Χριστοῦ

2149 2669 2244 2723 τοῦ
2283 2670 2578 2734 καλοῦντος
2609 2673 2753 2740 ὑμᾶς
2787 2673 2922 2743 πρὸς
2948 2673 3047 2742 τὴν
3076 2673 3243 2726 αὐτοῦ
3269 2674 3470 2727 πίστιν.
3518 2693 3536 2724 ι
3584 2675 3729 2726 Ὡσεὶ

2151 2760 2335 2828 ἔλεγεν
2353 2776 2368 2790 ⁸
2402 2763 2513 2814 Οὐκ
2547 2764 2638 2815 ἐπὶ
2667 2765 2842 2834 τούτῳ
2867 2765 3132 2836 κέκλησθε
3161 2767 3312 2834 παρὰ
3338 2767 3433 2818 τοῦ
3463 2768 3724 2835 Χριστοῦ,

2152 2852 2292 2905 ὥστε
2345 2857 2458 2914 τοῖς
2513 2856 2582 2908 τὰ
2640 2857 2866 2910 τοιαῦτα
2922 2859 3353 2927 συμϐουλεύουσι
3417 2859 3724 2913 πείθεσθαι.

2155 2945 2314 2999 Ἰδιον
2344 2946 2454 3016 γὰρ
2480 2947 2576 2999 τοῦ
2617 2947 2753 3000 Θεοῦ
2788 2948 2848 3002 τὸ
2879 2949 3084 3012 καλεῖν,
3125 2950 3186 3002 τὸ
3217 2949 3273 3002 δὲ
3306 2949 3589 3002 πείθεσθαι
3616 2951 3724 3001 τῶν

2153 3039 2483 3092 ἀκουόντων.

542 3129 609 3192 ν,
650 3131 805 3185 9-12.
859 3129 1086 3183 Paulum
1131 3131 1375 3198 {armenti
1424 3139 1588 3183 totam
1633 3131 2048 3199 conspersionem

2221 3129 2412 3197 Μικρὰ
2442 3128 2609 3196 ζύμη,
2637 3130 2784 3184 ὅλον
2814 3131 2878 3184 τὸ
2905 3132 3149 3201 φύραμα
3193 3132 3382 3201 ζυμοῖ.
3437 3132 3584 3197 ἐγὼ
3626 3131 3728 3185 πέ-

470 3223 774 3293 fermentat.
816 3221 924 3288 Ego
959 3223 1165 3290 conﬁdo
1196 3223 1258 3276 de
1297 3221 1434 3275 vobis
1462 3237 1552 3290 per
1581 3220 1878 3284 Dominum,
1917 3223 2052 3291 quod

470 3314 604 3367 nihil
632 3314 780 3365 aliud
810 3315 1065 3366 sentietis.
1095 3312 1355 3366 Caeterum
1386 3313 1475 3382 qui
1503 3311 1904 3376 conturbatvos,
1934 3328 2055 3379 por-

473 3405 602 3456 tabit
626 3405 893 3474 judicium
920 3406 1157 3474 quisquis
1191 3405 1373 3472 fuerit.
1403 3401 1510 3471 Ego
1539 3415 1736 3466 autent,
1768 3406 1984 3471 fratres,
2010 3405 2057 3456 si

470 3495 926 3548 circumcisionem
967 3497 1139 3548 adhuc
1183 3497 1434 3562 pra'dico,
1475 3512 1570 3547 cur
1602 3496 1773 3546 adhuc
1812 3511 2054 3562 persecu-

471 3585 664 3638 tionem
718 3587 894 3650 patior
939 3587 963 3637 ?
1009 3584 1277 3636 Abolitum
1327 3594 1404 3636 est
1470 3585 1632 3654 igitur
1681 3585 2052 3652 o/fcndiculum

469 3678 664 3731 crucis.
711 3674 924 3728 Utinam
966 3677 1125 3729 etiam
1181 3674 1559 3728 abscindantur
1599 3677 1688 3746 qui
1727 3693 1814 3730 vos
1851 3676 2052 3745 labefa-

467 3773 639 3820 ctanl.

541 3855 618 3911 Ne
667 3857 852 3912 dicant
889 3857 1295 3923 :Quamobrem
1325 3859 1460 3914 adeo
1513 3875 1610 3914 nos
1662 3859 1914 3930 abjurgas
1962 3863 2054 3931 qui

474 3966 645 4004 unum
675 3951 940 4005 duntaxat
977 3952 1111 4020 legis
1144 3961 1474 4021 prmeeptutn
1507 3959 1860 4008 observemus
1887 3955 1909 4007 ?
1935 3955 2010 4008 ait
2038 3972 2055 4012 :

470 4039 687 4095 Unum?
713 4051 766 4094 et
789 4041 919 4108 quid
952 4043 1053 4096 hoc
1091 4045 1156 4095 ad
1181 4044 1328 4097 rem?
1366 4062 1383 4094 ι
1416 4042 1640 4099 Paulum
1671 4045 1924 4100 fermcnti
1969 4054 2055 4100 to-

469 4136 579 4182 tam
599 4132 1046 4198 couspersionent
1067 4130 1375 4186 fermentat.
1391 4132 1886 4198 )Qllelltadlllodllm
1909 4137 2054 4190 enim

473 4219 612 4276 illud
644 4222 837 4275 miscet
881 4230 1048 4275 totam
1091 4223 1563 4291 eonspersionem,
1610 4224 1684 4278 ita
1729 4233 1784 4278 et
1826 4241 1924 4279 vos
1957 4228 2058 4282 cir-

473 4311 740 4365 eumcisio
776 4313 842 4365 ad
872 4313 1143 4381 integrum
1170 4314 1367 4369 reieret
1396 4314 1764 4383 Judaistuum,
1797 4319 1904 4373 nisi
1933 4335 2056 4374 cor-

469 4401 750 4469 rigamini.
794 4423 812 4454 ι
855 4401 966 4472 Ego
998 4403 1209 4458 conﬁdo
1256 4405 1323 4460 de
1361 4407 1517 4461 vobis
1549 4423 1644 4476 per
1681 4409 1990 4465 Dominum.
2029 4430 2048 4463 ›

2157 3225 2334 3275 ποιθα
2361 3223 2448 3287 εἰς
2471 3221 2625 3290 ὑμᾶς
2650 3223 2718 3275 ἐν
2741 3224 2954 3293 Κυρίῳ,
2987 3223 3077 3277 ὅτι
3111 3225 3293 3277 οὐδὲν
3330 3225 3482 3278 ἄλλο
3505 3225 3729 3293 φρει-ἠ·

2157 3327 2316 3366 σετε.
2355 3313 2416 3365 '0
2458 3313 2524 3365 δὲ
2562 3314 2883 3380 ταράσσων
2911 3312 3086 3382 ὑμᾶς,
3124 3315 3425 3377 βαστάσει
3457 3316 3520 3367 τὸ
3554 3314 3727 3381 κρῖμα

2155 3404 2313 3468 ὅςτις
2367 3403 2444 3456 ἂν
2471 3405 2586 3468 εἴη.
2631 3404 2772 3472 Ἐγὼ
2795 3403 2883 3466 δὲ,
2913 3404 3183 3472 ἀδελφοὶ,
3215 3407 3265 3457 ει
3298 3405 3618 3472 περιτομὴν
3643 3405 3729 3456 ἔτι

2155 3495 2464 3560 κηρύσσω,
2505 3495 2563 3547 τί
2591 3496 2676 3548 ἐτι
2721 3494 3039 3562 dicitnec/gat;
3091 3497 3231 3560 Ἀρα
3279 3494 3636 3561 κατήργηται
3663 3494 3726 3544 τὸ

2156 3585 2509 3638 σκάνδαλον
2536 3586 2641 3639 τοῦ
2664 3587 2950 3653 σταυροῦ.
2973 3585 3227 3654 Ὄφελον
3250 3587 3350 3639 καὶ
3388 3586 3723 3652 ἀποκόψον-

2157 3689 2249 3726 ται
2274 3676 2328 3726 οι
2352 3673 2840 3742 ἀναστατοῦντες
2869 3675 3050 3747 ὑμᾶς.

2229 3859 2348 3911 Ἵνα
2383 3858 2456 3929 μὴ
2479 3859 2712 3926 λέγωσι·
2748 3859 2814 3911 Τί
2843 3859 3096 3913 τοσοῦτον
3127 3860 3287 3929 ἡμῶν
3322 3859 3571 3928 metum,
3597 3859 3721 3927 μίαν

2157 3951 2374 4020 ἐντολὴν
2411 3949 2569 4019 μόνον
2602 3949 2700 4002 τοῦ
2738 3951 2898 4020 νόμου
2934 3951 3324 4020 φυλαξάντωνς
3358 3953 3487 4020 φησί
3508 3969 3520 3980 ·
3548 3952 3718 4016 Misy;

2158 4044 2254 4097 καὶ
2274 4043 2326 4094 τί
2356 4042 2544 4107 τοῦτο;
2589 4061 2606 4093 t
2638 4045 2825 4113 Μικρὰ
2853 4041 2997 4115 ζύμη
3022 4043 3141 4096 ὅλον
3164 4046 3225 4096 τὸ
3251 4044 3479 4114 φύραμα
3502 4044 3671 4112 ζυμοῖ.
3690 4060 3708 4092 ι

2161 4135 2370 4205 Ὠσπερ
2403 4137 2511 4204 γὰρ
2545 4135 2728 4203 ἐκείνη
2779 4135 2899 4188 ὅλον
2948 4135 3005 4188 τὸ
3055 4135 3285 4205 φύραμα
3316 4139 3496 4206 κιρνᾷ,
3543 4135 3717 4203 φησὶν,

2156 4225 2329 4290 οὕτως
2371 4230 2466 4279 καὶ
2505 4229 2648 4296 ὑμᾶς
2699 4229 2733 4297 ἡ
2784 4228 3054 4297 περιτομὴ
3105 4232 3184 4291 εἰς
3229 4231 3435 4282 τέλειον
3490 4231 3720 4295 ἐνεγκεῖν

2161 4317 2342 4388 μέλλει
2384 4319 2739 4386 Ἰουδαῖσμὸν,
2772 4321 2864 4372 ἐὰν
2899 4321 2972 4388 μὴ
3011 4321 3402 4390 διορθώσησθε.
3447 4339 3466 4371 t
3514 4320 3643 4387 Ἐγὼ
3665 4320 3718 4370 δὲ

2157 4405 2392 4458 πέποιθα
2424 4409 2502 4469 εις
2540 4407 2683 4476 ὑμᾶς
2728 4409 2784 4460 ὲν
2829 4409 3037 4478 Κυρίῳ.
3095 4428 3112 4459 ι
3149 4409 3352 4478 Bappo
3396 4411 3539 4476 ύμῖν,
3571 4410 3715 4476 φησὶ,

469 4492 794 4554 Audaciam,
837 4494 1034 4564 inquit,
1080 4497 1352 4552 sutno.de
1403 4499 1561 4555 vobis
1600 4516 1694 4570 per
1733 4501 2044 4566 Dominum,

2158 4493 2343 4566 θαρρῶ
2367 4497 2424 4546 ὲν
2466 4497 2656 4566 Κυρίῳ
2687 4497 2767 4549 ὅτι
2802 4496 3181 4568 διορθώσεσθε,
3220 4501 3316 4551 καὶ
3353 4499 3505 4551 οὐδὲν
3532 4499 3719 4566 φρονή-

470 4597 630 4638 sumo
679 4587 962 4639 audaciam
1003 4589 1147 4657 quod
1192 4591 1565 4660 corrigetnini,
1615 4593 1776 4664 760
1817 4603 1870 4649 et
1914 4595 2048 4649 nihil

471 4679 724 4733 sentietis
755 4689 952 4750 praeter
981 4682 1292 4737 doctrinam
1331 4700 1525 4741 meam.
1560 4686 1614 4739 Id
1647 4697 1825 4742 autem
1850 4687 2051 4743 dehor-

471 4772 637 4831 tautis
693 4781 800 4827 est.
859 4793 877 4824 t
914 4775 1182 4829 Caeterum
1230 4777 1324 4847 qui
1373 4780 1665 4833 conturbat
1707 4795 1824 4835 vos.
1868 4799 1886 4832 ι
1941 4781 2050 4838 Vos

468 4861 690 4931 quidem
719 4865 1089 4929 mutabimini,
1119 4874 1360 4924 attamen
1391 4885 1500 4923 non
1541 4871 1610 4923 ob
1640 4870 1692 4923 id
1726 4871 2050 4940 supplicium

471 4953 706 5006 evadent
736 4955 827 5023 qui
852 4973 950 5011 vos
974 4959 1038 5012 ad
1062 4960 1164 5014 hoc
1198 4961 1496 5024 adducunt,
1527 4963 1619 5016 sed
1651 4963 1958 5017 tolerabunt
1989 4978 2053 5018 ac

473 5046 827 5101 sustinebunt
857 5049 960 5104 hoc
987 5054 1341 5122 supplicium.
1385 5074 1404 5106 ι
1439 5054 1547 5124 Ego
1591 5064 1794 5120 autem,
1831 5056 2049 5122 fratres,

473 5139 520 5194 si
549 5139 1026 5198 circumcisionem
1054 5146 1232 5202 adhuc
1265 5146 1523 5217 praedico.
1566 5167 1584 5199 ι
1624 5146 1889 5213 Quoniam
1924 5163 2054 5202 con-

472 5232 611 5286 vicia
655 5232 926 5302 jactantes
962 5236 1016 5289 in
1059 5238 1210 5292 illum
1243 5239 1501 5295 dicebant
1536 5259 1548 5294 :
1605 5239 1899 5312 llypocrita
1948 5249 2050 5306 est,

471 5325 603 5377 alibi
646 5325 867 5393 quidem
909 5326 1385 5384 circumcisionem
1428 5333 1708 5400 prmdicat,
1759 5331 1889 5385 alibi
1921 5347 2052 5386 vero

469 5431 606 5481 non,
655 5417 776 5472 ait:
829 5417 1274 5476 Persecutionem
1320 5439 1348 5476 a
1398 5421 1603 5481 Judzeis
1657 5425 1857 5494 patior,
1890 5423 2054 5494 idque

468 5507 624 5564 vobis
652 5518 836 5564 notum
871 5518 955 5565 est
987 5527 1001 5564 :
1039 5511 1085 5566 si
1114 5527 1244 5581 ergo
1277 5513 1753 5570 circumcisionem
1796 5514 2050 5584 praedico,

468 5611 870 5666 supervacuum
899 5609 982 5656 est
999 5601 1144 5671 quod
1168 5618 1253 5656 me
1271 5611 1686 5672 persequantur.
1713 5605 1851 5670 Quid
1880 5605 2055 5674 ergo?

475 5688 673 5744 Annon
701 5692 1051 5750 circumcidit
1079 5694 1428 5748 Timotheum
1456 5695 1480 5746 ?
1507 5694 1609 5750 Sed
1642 5697 1741 5750 huc
1775 5697 2055 5766 dispensa-

471 5781 622 5836 tione
663 5783 897 5852 quadam
936 5782 1140 5840 factum
1173 5800 1294 5841 esse
1322 5783 1579 5849 dicimus,
1616 5796 1671 5838 ut
1719 5784 1874 5840 facile
1910 5785 2052 5854 apud

2157 4602 2276 4638 σετε
2311 4587 2462 4657 παρὰ
2497 4588 2595 4656 τὴν
2626 4587 2846 4657 διδαχὴν
2893 4605 3014 4657 μου.
3064 4589 3238 4642 Τοῦτο
3268 4589 3324 4641 δὲ
3375 4586 3719 4658 παραθαρῤύο

2151 4695 2357 4741 νοντος.
2397 4697 2416 4730 t
2477 4680 2534 4732 Ὀ
2568 4680 2622 4732 δὲ
2657 4681 2944 4749 ταράσσων
2987 4681 3150 4750 ὑμᾶς.
3194 4697 3214 4731 ι
3264 4680 3460 4750 Ὑμεῖς
3491 4683 3582 4748 μὲν
3623 4696 3716 4748 μευ

2154 4770 2500 4837 ταὸαλεῖσθε,
2548 4773 2697 4842 ὅμως
2738 4775 2797 4826 ού
2845 4774 2996 4843 παρὰ
3027 4770 3184 4824 τοῦτο
3209 4773 3258 4824 οἱ
3286 4774 3368 4835 εἰς
3403 4771 3555 4824 τοῦτο
3584 4771 3718 4838 ὑμᾶς

2154 4862 2454 4930 ἀγαγόντες
2511 4865 2922 4934 ἐλευθερωθεῖεν
2972 4864 3067 4933 τῆς
3097 4865 3397 4936 τιμωρίας,
3449 4864 3579 4917 ἀλλὰ
3620 4861 3715 4930 βα-

2157 4959 2411 5010 στάσουσι
2444 4959 2532 5010 καὶ
2559 4961 2874 5010 ύποξσουσιν
2896 4958 2953 5010 τὸ
2974 4959 3292 5028 κατάκριμα
3314 4957 3491 5010 τοῦτο.
3529 4976 3548 5007 ι
3585 4952 3716 5021 Ἐγὼ

2154 5048 2234 5111 δὲ,
2269 5049 2506 5118 ἀδελφοὶ,
2543 5053 2589 5103 ει
2637 5050 2940 5120 περιτομὴν
2975 5049 3052 5102 ἔτι
3099 5049 3382 5118 κηρύσσω.
3438 5067 3457 5100 ι
3511 5045 3715 5113 Ἐπειδὴ

2153 5139 2518 5210 λοιδοροῦντες
2559 5143 2718 5195 αὑτὸν
2749 5141 2956 5209 ἔλεγον,
2999 5141 3333 5211 ’Υποκριτής
3371 5144 3532 5201 ἐστιν,
3564 5138 3720 5192 ἀλλαο

2155 5233 2252 5302 χοῦ
2301 5235 2358 5286 δί
2409 5233 2471 5285 ού
2510 5251 2694 5303 φησιν,
2738 5234 2817 5286 ὅτι
2849 5232 3110 5302 διώκομαι
3152 5232 3260 5284 ὑπὸ
3315 5231 3597 5291 Ἰουδαίων,
3626 5229 3721 5280 καὶ

2157 5331 2315 5400 ὑμεῖς
2346 5330 2480 5382 ῐστε.
2512 5329 2574 5380 Εἰ
2611 5327 2702 5378 οὖν
2745 5327 3045 5396 περιτομὴν
3082 5324 3368 5395 κηρύσσω,
3397 5323 3635 5394 περιττὸν
3662 5319 3722 5372 τὸ

2154 5419 2449 5476 διώκεσθαί
2484 5437 2569 5490 με.
2599 5419 2662 5472 Τί
2697 5415 2828 5485 οὖνς
2868 5419 2940 5470 Ού
2980 5418 3271 5490 περιέτεμε
3311 5417 3402 5470 τὸν
3433 5415 3721 5488 Τιμόθεονς

2169 5511 2328 5566 Ἀλλὰ
2366 5511 2524 5564 τοῦτο
2575 5513 2672 5580 μέν
2702 5527 2884 5580 φαμεν
2939 5509 3078 5562 κατά
3131 5509 3465 5578 οἱκονομὶαν,
3507 5508 3588 5557 ἵνα
3631 5503 3722 5554 εύ-

2158 5603 2493 5674 παρὰδεκτος
2527 5601 2754 5669 γένηται
2800 5600 3092 5662 Ἰουδαίοις.
3128 5599 3272 5668 Ὅρα
3308 5599 3387 5661 δὲ,
3419 5597 3517 5648 οὐκ
3546 5590 3718 5654 εἶπεν,

2159 5693 2221 5745 Εἰ
2268 5691 2572 5763 περιτομὴν
2623 5690 2989 5761 εἰργασάμην,
3055 5688 3179 5742 ἀλλ’·
3222 5689 3283 5740 El
3323 5686 3598 5756 κηρύσσω.
3626 5680 3719 5746 Μὴ

2160 5784 2288 5855 γὰρ,
2326 5783 2480 5854 φησὶ,
2517 5783 2574 5834 τὸ
2611 5782 2731 5834 κατ’
2761 5779 3075 5850 οἰκονομίαν
3109 5780 3419 5849 γενόμενον,
3448 5779 3521 5840 εἰς
3549 5775 3716 5840 δόῖμᾶ
