3956 6550
528 367 665 431 Ῑιῦἷ

1632 359 2032 422 (ECUMENII
2070 357 2365 419 TRlCCAi
2406 362 2525 423 ΕΡ]
2536 362 2745 423 SCOH

3642 363 3773 429 1156

518 472 754 535 invidias,
792 469 980 535 credes,
1014 466 1312 530 ebrietates,
1343 464 1729 532 cavillationes,
1754 477 1801 521 et
1836 466 1918 521 his
1945 467 2093 521 simi-

2213 468 2475 537 tlpéasrc,
2531 475 2765 541 φθόνοι,
2801 476 2996 542 φόνοι,
3046 476 3243 543 μέθαι,
3293 474 3502 546 κῶμοι,
3561 477 3660 530 καὶ
3709 480 3773 531 τὰ

523 564 600 617 lia
630 583 642 618 :
678 565 741 617 de
769 562 957 631 quibus
980 560 1205 630 pmdico
1232 561 1397 626 vobis,
1421 559 1861 630 quemadmodum
1891 570 1939 613 et
1964 574 2103 627 prc-

524 656 661 720 dixi,
701 656 839 725 quod
882 654 973 724 qui
1014 652 1148 706 talia
1183 660 1367 722 agunt,
1404 651 1549 720 regni
1588 651 1685 706 Dei
1727 652 1957 707 Iiwredes
2000 667 2104 706 non

482 798 487 801 _
522 754 699 800 erunt.

597 835 757 906 762
789 853 806 886 ι
838 832 1043 903 Spiritu
1065 832 1360 888 ambulate.
1390 851 1408 885 ι
1432 832 1591 887 Juxta
1617 831 2103 904 spiritum,inquit,

523 934 578 982 et
599 942 665 981 ea
695 941 817 995 quae
842 925 1056 995 Spiritui
1087 926 1303 995 placent
1339 925 1517 996 degite
1541 940 1605 979 ac
1635 926 1820 989 vivite,
1842 937 1895 979 et
1921 924 2106 980 carnis

524 1018 1034 1088 concupiscentiam
1060 1031 1402 1087 nequaquam
1434 1017 1720 1087 expleatis.
1753 1035 1771 1068 s
1818 1013 1953 1070 Nam
1978 1029 2106 1071 caro

478 1168 483 1173 ,
522 1108 862 1178 concupiscit
888 1107 1153 1163 adversus
1186 1108 1463 1177 spiritum.
1510 1128 1529 1160 s
1574 1108 1806 1163 Carnem
1841 1106 1946 1162 hoc
1987 1107 2106 1164 loco

523 1199 655 1253 dicit
679 1200 1016 1255 carnales'et
1050 1214 1247 1269 pravas
1285 1201 1764 1269 concupiscentias
1800 1217 1814 1253 :
1853 1200 2105 1270 spiritum

527 1304 677 1355 vero,
711 1290 949 1360 Spiritus
973 1290 1150 1346 sancti
1172 1289 1405 1360 gratiam
1442 1305 1564 1361 quae
1594 1306 1688 1360 per
1722 1290 1975 1346 virtutem
2000 1302 2106 1361 est,

522 1390 578 1437 et
617 1382 692 1435 ait
729 1400 744 1436 :
795 1380 1001 1436 Vitium
1043 1381 1262 1451 quidem
1304 1382 1494 1435 virtuti
1538 1383 1895 1449 adversatur,
1934 1382 2108 1437 virtus

521 1490 655 1529 vero
698 1490 918 1530 rursum
964 1475 1287 1529 adversatur
1312 1474 1466 1538 vitio,
1505 1472 1735 1543 iungens
1770 1475 2109 1544 vicecujus-

522 1568 648 1621 dam
681 1566 985 1645 paedagogi,
1020 1582 1121 1621 nec
1151 1568 1339 1622 siueus
1360 1582 1458 1621 nos
1479 1566 1631 1635 juxta
1665 1580 1861 1635 pravas
1891 1576 2108 1637 nostras

523 1660 1007 1729 concupiscentias
1034 1660 1307 1715 incedere.
1334 1690 1401 1699 —
1421 1660 1542 1713 Alio
1567 1660 1742 1713 modo.
1770 1659 2109 1733 Adversatur

521 1754 699 1807 virtus
740 1752 895 1816 vitio,
944 1768 1012 1806 ne
1068 1753 1319 1808 irritante
1345 1752 1479 1807 vitio
1527 1753 1780 1821 protinus
1838 1752 2105 1808 dissoluta

518 1843 787 1914 frenoque
813 1861 1005 1900 carens
1043 1846 1295 1901 voluntas
1325 1844 1585 1909 carnalis,
1614 1843 2020 1915 praecipitanter
2037 1846 2102 1899 ad

517 1935 719 1987 vitium
758 1935 988 1991 feratur.
1024 1934 1265 1992 Rursum
1306 1935 1629 1991 adversatur
1668 1936 1855 1991 virtuti
1888 1936 2105 2002 vitium,

518 2040 593 2081 ne
622 2028 842 2083 virtutis
874 2029 1028 2083 labor
1070 2027 1245 2083 facilis
1285 2029 1511 2084 omnino
1543 2029 1620 2096 ﬁt,
1643 2038 1700 2085 ,ει
1724 2028 1973 2085 mercede
2013 2043 2109 2083 ca-

523 2128 658 2184 reat,
696 2135 759 2174 ac
790 2120 937 2176 velut
969 2136 1035 2176 ex
1063 2128 1256 2174 natura
1300 2132 1354 2176 et
1383 2122 1715 2177 necessitate
1750 2130 2104 2186 consecutus,

522 2217 576 2265 et
616 2217 879 2279 tauquam
921 2213 1037 2268 sola
1080 2213 1409 2283 cogitatione
1448 2212 1570 2269 sine
1597 2213 1746 2269 omni
1791 2212 1978 2268 studio
2011 2221 2108 2267 aut

522 2304 824 2357 certamine
842 2305 895 2358 in
916 2320 1054 2375 opus
1072 2304 1364 2359 deductus.
1398 2303 1520 2375 Ipse
1542 2312 1720 2360 autem
1749 2305 1984 2362 breviter
2000 2304 2108 2360 hoc

523 2398 628 2453 ait:
664 2417 682 2450 ι
708 2398 899 2454 Utnon
927 2398 1565 2470 qumounquevolueritis
1594 2399 1781 2454 eadem
1800 2398 2050 2455 faciatis:
2080 2416 2098 2451 s

524 2504 702 2559 neque
734 2492 898 2551 mala,
926 2492 1121 2560 inquit,
1158 2490 1316 2546 facile
1337 2500 1391 2546 et
1422 2493 1571 2546 nullo
1608 2491 1934 2561 prohibente
1972 2509 1986 2546 :
2020 2506 2110 2545 ne-

523 2594 633 2648 que
664 2580 805 2633 bona
836 2578 997 2633 facile
1041 2590 1095 2635 et
1138 2581 1364 2636 omnino
1403 2582 1742 2652 negligenter
1774 2599 1790 2636 :
1824 2580 1958 2635 Nam
1985 2597 2108 2651 qua:

524 2669 600 2724 ita
638 2669 793 2733 ﬁunt,
828 2686 896 2724 ne
930 2671 1069 2724 bona
1100 2670 1319 2741 quidem
1360 2686 1482 2726 esse
1513 2678 1762 2740 possent.
1807 2688 1826 2722 ι
1873 2668 2028 2736 Quod
2059 2671 2106 2725 si

524 2762 721 2832 spiritu
770 2761 1059 2818 ducimini.
1102 2782 1122 2814 ›
1182 2762 1265 2829 Si,
1315 2763 1515 2835 inquit,
1554 2763 1713 2833 juxta
1767 2764 2106 2819 voluntatem

522 2855 699 2908 sancti
739 2852 979 2925 Spiritus
1008 2855 1325 2919 ambulatis,
1347 2870 1457 2911 non
1484 2855 1763 2910 errabitis.
1792 2854 1894 2922 Qui
1925 2864 2108 2911 autem

525 2946 579 3000 in
610 2947 761 3002 nullo
797 2948 1021 3014 labitur,
1057 2963 1163 3003 non
1198 2957 1319 3020 eget
1357 2950 1475 3020 lege
1500 2960 1595 3004 aut
1624 2949 1860 3005 consilio
1890 2950 2036 3021 quod
2078 2965 2109 3004 a

523 3041 643 3111 lege
673 3049 911 3111 petatur.
940 3042 1040 3097 Cui
1068 3057 1195 3097 vero
1225 3043 1341 3112 lege
1369 3058 1477 3096 non
1505 3050 1591 3098 est
1613 3056 1771 3112 Opus,
1803 3057 1979 3113 neque
2008 3042 2110 3097 sub

2208 561 2381 630 ὅμοια
2406 564 2659 628 τούτοις.
2687 567 2747 619 Ἀ
2766 565 3033 636 προλέγω
3057 567 3220 636 ὑμῖν,
3240 568 3437 633 καθὼς
3449 567 3550 621 καί
3582 570 3769 637 xposi-

2207 668 2346 716 πον,
2374 652 2465 707 ὅτι
2511 656 2565 708 οι
2614 655 2687 708 τὰ
2721 655 2962 711 τοιαῦτα
3001 657 3407 726 πράσσοντες,
3453 659 3773 723 ,Βασιλείαν

2209 743 2359 798 Θεοῦ
2391 747 2463 799 οὐ
2502 747 3094 817 κληρονομήσουσιν.

2284 856 2301 886 ι
2334 840 2613 908 Πνεῦματι
2660 843 3033 910 περιπατεῖτε.
3076 862 3095 895 s
3134 842 3303 896 Rath
3346 843 3596 913 πνεῦμα,
3626 844 3771 913 qusi.

2207 927 2304 981 καὶ
2332 928 2401 981 τὰ
2425 928 2575 999 αὺτῷ
2613 928 2875 984 δοκοῦντα
2920 932 3135 1000 διάγετε
3179 933 3275 985 καὶ
3317 933 3528 1002 βιοῦτε,
3561 934 3656 986 καὶ
3682 934 3773 985 οὐκ

2206 1017 2275 1071 ἂν
2307 1017 2636 1090 πληρώσητε
2682 1020 2885 1090 σαρκὸς
2934 1023 3248 1093 ἐπιθυμίαν.
3299 1042 3345 1087 ι⁷
3389 1023 3457 1075 Ἢ
3506 1024 3617 1094 γὰρ
3646 1023 3775 1092 σὰρξ

2205 1107 2466 1177 ἐπιθυμεῖ
2496 1109 2637 1163 κατά
2663 1112 2758 1164 τοῦ
2792 1112 3158 1182 πνεύματος.»
3189 1114 3379 1185 Σάρκα
3400 1114 3660 1176 ἐνταῦθα,
3685 1116 3775 1176 τὰς

2210 1201 2481 1270 σαρκικάς
2515 1203 2611 1255 καὶ
2639 1203 2883 1274 πονηρὰς
2916 1204 3211 1275 ἐπιθυμίας
3250 1206 3423 1275 λέγει.
3454 1206 3680 1275 Πνεῦμα
3704 1206 3774 1268 δὲ.

2207 1293 2305 1363 τὴν
2336 1294 2430 1346 ἐπὶ
2456 1297 2521 1365 τῇ
2559 1296 2727 1367 ἀρετῇ
2769 1297 2927 1367 χάριν
2961 1297 3055 1351 τοῦ
3102 1299 3258 1366 ἁγίου
3302 1300 3645 1369 Πνεῦματος.
3676 1300 3775 1352 Καί

2208 1399 2395 1451 φησιν.
2418 1384 2480 1443 Ἡ
2506 1384 2603 1453 μὲν
2634 1385 2802 1447 κακία
2828 1388 3127 1442 ἀντίκειται
3156 1393 3222 1460 τῇ
3253 1390 3449 1461 ἀρετῇ,
3466 1394 3499 1461 ή
3530 1392 3588 1444 δὲ
3614 1391 3774 1461 ἀρετὴ

2208 1476 2394 1540 πάλιν,
2425 1477 2761 1532 ἐναντιοῦται
2800 1482 2865 1549 τῇ
2901 1480 3090 1551 κακίᾳ,
3134 1482 3487 1550 παιδαγωγοῦ
3516 1500 3661 1546 τινος
3691 1485 3775 1535 τά·

2210 1566 2292 1633 ξίν
2321 1569 2731 1640 ἀναπληροῦσα,
2763 1574 2858 1626 καὶ
2883 1571 2959 1643 μὴ
2986 1574 3132 1627 ὲῶσα
3159 1576 3311 1643 ἡμᾶς
3337 1575 3485 1627 κατά
3503 1576 3608 1637 τὰς
3646 1575 3774 1644 φαῦ-

2208 1661 2305 1726 λας
2339 1663 2634 1733 ἐπιθυμίας
2664 1664 3014 1734 πορεύεσθαι.
3055 1694 3127 1708 -
3163 1650 3415 1733 Ἄλλως.
3460 1668 3773 1720 ’Δντίκειται

2180 1784 2183 1785 ν
2210 1756 2247 1826 ὴ
2273 1756 2442 1827 ἀρετὴ
2469 1759 2534 1827 τῇ
2576 1757 2765 1828 κακίᾳ,
2810 1758 2897 1810 ἵνα
2936 1757 3033 1828 μὴ,
3062 1758 3163 1827 τῆς
3200 1760 3404 1821 κακίας
3434 1759 3771 1829 ὲρεθισάσης.

2210 1848 2414 1910 εὐθέως
2461 1847 2651 1920 ὥσπερ
2698 1848 2964 1902 ἀπόλυτον
3000 1852 3092 1904 καλ⁵
3133 1850 3468 1920 ἅχαλίνωτον
3509 1852 3603 1903 επὶ
3644 1868 3774 1919 πρα-

2211 1940 2334 2004 νοῦς
2367 1941 2602 2012 φέρηται
2628 1943 2688 1995 τὸ
2724 1943 2983 2012 σαρκικδν
3030 1944 3245 2012 θέλημα
3287 1943 3425 2013 πρὸς
3464 1943 3567 2013 τὴν
3605 1943 3775 2012 ἀμαρ-

2206 2035 2351 2088 τίαν.
2404 2034 2575 2089 Πάλιν
2624 2035 2926 2090 ἀντίκειται
2970 2039 3037 2107 τῇ
3070 2038 3240 2107 ἀρετῇ
3287 2038 3321 2105 ἡ
3351 2037 3541 2101 κακία,
3585 2036 3671 2088 ἵνα
3704 2038 3773 2104 μὴ

2207 2127 2309 2197 τῆς
2337 2128 2541 2199 ἀρετῆς
2570 2130 2605 2197 ἡ
2650 2128 2880 2199 ἐργασία
2909 2130 3291 2199 ἀταλαίπωρος
3316 2130 3491 2198 πάντη
3530 2130 3625 2180 καὶ
3654 2129 3773 2197 ἀμε-

2210 2221 2337 2285 σθος
2366 2222 2475 2293 εἴη,
2516 2222 2612 2276 καὶ
2653 2217 2763 2277 οἷον
2801 2225 2863 2276 ὲκ
2891 2225 3108 2291 φύσεως
3147 2224 3242 2276 καὶ
3289 2221 3349 2286 ἐξ
3378 2222 3623 2290 ἀνάγκης
3647 2222 3769 2290 ἡμῖν

2212 2310 2738 2383 συγκεκληρωμένη,
2765 2313 2860 2366 καὶ
2889 2312 2967 2375 ὼς
3005 2312 3151 2382 μόνῳ
3173 2311 3254 2381 τῷ
3278 2310 3623 2381 διανοηθῆναι
3645 2327 3768 2363 κατ-

2208 2402 2535 2474 ορθουμένη,
2581 2403 2753 2473 χωρὶς
2818 2402 3054 2473 σπουδῆς
3130 2402 3350 2471 ἀπάσης
3415 2401 3510 2453 καὶ
3551 2401 3767 2465 ἀγωνίσ-

2216 2509 2408 2562 ματος.
2459 2492 2632 2555 Αὐτὸς
2681 2492 2739 2545 δὲ
2785 2493 3068 2560 συντόμως
3099 2492 3234 2545 αὐτό
3275 2506 3471 2561 φησιν·
3508 2508 3529 2541 ι
3566 2489 3675 2541 Ἰνα
3702 2490 3766 2558 μὴ

2211 2586 2356 2656 ἅπερ
2402 2585 2469 2638 ἂν
2520 2584 2733 2654 θέλητε,
2770 2584 2946 2639 ταῦτα
2994 2584 3210 2653 ποιῆτε,
3250 2604 3268 2635 s
3309 2585 3451 2654 μήτε
3491 2583 3563 2636 τὰ
3613 2583 3763 2642 κακὲ,

2212 2679 2409 2748 φησὶν,
2463 2677 2705 2748 εὐχερῶς
2760 2677 2898 2740 ὅλως
2970 2678 3068 2731 καὶ
3142 2675 3463 2739 ἀκωλύτως,
3534 2676 3665 2744 μήτε
3705 2676 3764 2725 τὰ

2210 2768 2321 2838 γὰρ
2393 2767 2578 2837 ἀγαθά
2644 2766 2838 2838 ῥᾳδίως
2910 2766 3091 2833 πάντη
3164 2768 3261 2819 καῖ.
3336 2764 3638 2834 ὀλιγώρως.
3696 2764 3765 2818 τὰ

2211 2860 2354 2914 οὕτω
2386 2859 2759 2931 πραττόμενα,
2788 2858 2897 2911 οὐδ’
2933 2857 3117 2925 ἀγαθὰ
3143 2856 3208 2911 ἂν
3252 2858 3359 2927 εἴη.
3390 2877 3409 2908 ι
3451 2858 3512 2909 Ei
3540 2856 3599 2909 δὲ
3622 2855 3768 2908 πνεύ-

2216 2969 2347 3023 ματι
2370 2949 2593 3019 ἄγεσθε.
2632 2969 2650 3002 s
2684 2951 2747 3003 Ei
2776 2950 2919 3003 κατά
2945 2948 3044 3018 τὴν
3069 2948 3285 3019 βουλὴν,
3316 2952 3473 3018 φησὶ,
3505 2949 3599 3002 τοῦ
3626 2949 3767 3015 ἁγίου

2213 3043 2537 3112 Πνεύματος
2580 3043 2955 3113 περιπατεῖτε,
3003 3041 3066 3094 οὑ
3114 3040 3477 3111 σφαλήσεσθε.
3522 3040 3582 3093 ’0
3618 3040 3675 3093 δὲ
3703 3039 3771 3109 μὴ

524 3132 642 3202 lege
669 3142 753 3187 est
788 3152 802 3189 :
844 3134 988 3203 quod
1017 3133 1182 3188 etiam
1228 3133 1359 3188 alibi
1386 3133 1559 3201 dicit,
1588 3131 1747 3189 Justo
1773 3150 1883 3188 non
1910 3141 1996 3189 est
2025 3134 2107 3187 lex

2217 3135 2428 3188 πταίων
2471 3134 2528 3187 ἐν
2573 3152 2701 3197 τινι,
2729 3134 2789 3187 οὐ
2820 3132 3011 3204 χρῄζει
3035 3131 3131 3186 τοῦ
3161 3134 3329 3200 νόμου
3360 3132 3578 3200 καὶτῆς
3604 3130 3773 3183 ἐντεῦ-

522 3228 723 3295 posita.
762 3245 781 3279 ι
805 3225 976 3282 Porro
992 3226 1288 3282 manifesta
1317 3237 1464 3283 sunt.
1492 3245 1511 3278 ι
1543 3226 1827 3296 Tanquam
1859 3227 2067 3283 diceret
2094 3245 2108 3281 :

523 3316 601 3373 Ex
650 3318 788 3389 ipsis
829 3317 1104 3375 fructibus
1144 3319 1493 3390 cognoscetis
1538 3333 1763 3389 pravam
1806 3328 1861 3374 et
1912 3319 2112 3372 malam

522 3410 1023 3466 conversationem.
1052 3412 1287 3467 Rursum
1318 3420 1499 3467 autem
1521 3410 1717 3466 Carnis
1745 3411 1899 3475 dicit,
1931 3410 1984 3465 id
2005 3419 2113 3477 est,

521 3510 799 3570 corrupta:
833 3502 1209 3572 cogitationis,
1240 3513 1297 3556 et
1336 3510 1569 3557 terrena
1597 3516 1664 3558 ac
1690 3502 1931 3557 carnalis
1966 3503 2111 3557 vitae.

490 3641 495 3645 .
528 3611 551 3644 ι
575 3593 751 3663 Opera
774 3595 979 3651 carnis.
1001 3613 1021 3645 ›
1058 3593 1407 3649 Manifestum
1441 3602 1525 3649 est
1552 3609 1683 3665 ergo
1711 3595 1857 3663 quod
1875 3594 2112 3650 Carnem

519 3686 675 3741 dicat
705 3685 984 3741 carnalem
1013 3699 1260 3750 sensum,
1281 3686 1387 3740 hoc
1411 3694 1521 3752 est,
1556 3686 1968 3743 inclinationem
1997 3688 2113 3743 ani-

522 3791 631 3832 ma:
695 3775 762 3831 ad
815 3776 1117 3843 deteriora,
1156 3776 1414 3846 spiritum
1454 3791 1585 3833 vero
1630 3777 1821 3831 datam
1854 3776 2108 3847 gratiam.

524 3887 550 3920 ι
592 3868 967 3934 lmmunditia,
1012 3868 1261 3926 lascivia.
1306 3887 1325 3920 ι
1387 3868 1793 3926 lmmunditiam
1841 3883 1907 3923 ac
1949 3868 2114 3933 lasci-

520 3961 671 4015 viam
696 3961 828 4017 dicit
858 3969 1046 4031 turpes
1076 3962 1250 4032 stupri
1286 3962 1500 4019 modos.
1529 3982 1547 4015 ι
1569 3960 1897 4026 Inimicitiae,
1925 3978 1944 4013 ι
1970 3959 2115 4029 inju-

516 4058 627 4106 stas
663 4051 939 4107 videlicet.
984 4050 1117 4106 Nam
1164 4060 1296 4107 sunt
1324 4060 1380 4108 et
1413 4053 1578 4124 justas
1612 4050 1952 4113 inimicitias,
1990 4064 2114 4120 qua:

520 4150 753 4212 propter
801 4142 960 4197 tidem
1000 4153 1317 4199 sumuntur.
1359 4144 1418 4199 Si
1458 4143 1720 4215 possibile
1758 4152 1863 4208 est,
1892 4141 2108 4212 inquit,

515 4239 794 4300 quantum
816 4246 882 4288 ex
913 4232 1071 4290 vobis
1088 4242 1196 4300 est,
1221 4249 1347 4289 cum
1376 4234 1631 4289 omnibus
1662 4234 1717 4288 in
1744 4247 1876 4303 pace
1899 4232 2066 4287 vivite
2094 4249 2109 4286 :

484 4360 487 4363 -
522 4324 605 4378 ita
634 4334 692 4378 ut
720 4324 1070 4381 manifestum
1106 4327 1179 4382 sit
1211 4327 1493 4383 interdum
1526 4342 1636 4383 non
1664 4342 1788 4383 esse
1818 4323 2110 4397 possibile.

2216 3227 2309 3280 θεν
2338 3224 2670 3295 συμϐουλῆς.
2713 3224 2772 3277 '0
2802 3223 2860 3276 δέ
2890 3239 2953 3292 γε
2984 3223 3060 3292 μὴ
3090 3222 3330 3292 χρῄζων,
3364 3220 3485 3275 οὔτε
3506 3223 3601 3275 ὑπ’
3623 3222 3774 3275 αὐτόν

2218 3319 2387 3380 ἐστιν,
2411 3318 2550 3388 ὅπερ
2576 3316 2670 3371 καὶ
2702 3315 2936 3387 ἀλλαχοῦ
2968 3332 3124 3386 φησι,
3160 3314 3367 3383 Atuain
3395 3315 3560 3383 νόμος
3590 3314 3650 3367 οὗ
3673 3316 3776 3367 κεί-

2212 3425 2325 3462 ται.
2348 3428 2368 3460 ι
2393 3408 2608 3478 Φανερᾶ
2633 3408 2691 3460 δέ
2728 3409 2866 3463 ἐστι.
2894 3426 2912 3459 ι
2951 3407 3097 3460 Ὠσεὶ
3124 3406 3331 3474 ἔλεγεν·
3352 3406 3447 3472 Ἐξ
3474 3406 3652 3459 αὐτῶν
3676 3404 3776 3457 τῶν

2216 3501 2446 3570 καρπῶν
2482 3499 2853 3568 ἐπιγνώσεσθε
2895 3500 2995 3568 τὴν
3028 3501 3275 3571 πονηρὰν
3321 3500 3417 3553 καὶ
3454 3499 3663 3567 φαύλην
3691 3514 3776 3550 m-

2215 3592 2444 3650 λιτείαν.
2481 3592 2688 3663 Σαρκὺς
2732 3592 2789 3645 δὲ
2820 3591 2985 3645 πάλιν
3012 3592 3180 3659 λέγει,
3212 3589 3307 3644 τοῦ
3337 3590 3774 3660 διαφθειρομένου

2216 3684 2481 3755 λογισμοῦ
2506 3686 2600 3738 καὶ
2633 3684 2732 3752 τῆς
2758 3684 2994 3751 γεώδους
3022 3686 3115 3736 καὶ
3152 3687 3423 3753 σαρκικῆς
3453 3683 3622 3753 ζωῆς.
3658 3702 3677 3732 ι
3704 3682 3773 3735 τὲ

2217 3776 2355 3846 ἔργα
2376 3777 2474 3846 τῆς
2514 3776 2734 3845 σαρκός.
2770 3796 2789 3825 s
2824 3775 2994 3845 Δῆλον
3019 3776 3199 3828 τοίνυν
3227 3776 3304 3838 ὡς
3336 3777 3539 3846 σάρκα,
3568 3775 3627 3827 τὸ
3658 3791 3779 3843 σαρ-

2216 3868 2372 3921 κιχὸν
2411 3868 2666 3939 φρόνημα
2706 3867 2884 3930 καλεῖ,
2924 3866 3192 3933 τουτέστι,
3226 3867 3327 3937 τῆς
3354 3867 3535 3936 ψυχῆς
3562 3866 3656 3937 τὴν
3694 3868 3777 3917 ἐπὶ

2214 3959 2285 4014 τὰ
2337 3958 2505 4029 χείρω
2559 3958 2754 4029 ῥοπὴν,
2789 3956 3005 4026 πνεῦμα
3042 3957 3101 4011 δὲ
3146 3957 3245 4026 τὴν
3284 3957 3580 4028 δεδομένην
3607 3958 3775 4029 χάριν.

2222 4072 2240 4105 ι
2282 4052 2641 4123 ’Δκαθαρσία,
2692 4052 2969 4120 ἀσέλγεια.
3026 4069 3045 4103 s
3097 4050 3466 4121 ’Δκαθαρσίαν
3502 4053 3599 4103 καὶ
3631 4051 3778 4104 ἀσέλ-

2217 4162 2370 4215 γειαν
2401 4144 2557 4215 φησι,
2582 4144 2818 4215 τρόπους
2840 4144 3103 4213 αἰσχροὺς
3128 4145 3409 4214 πορνείας.
3434 4162 3455 4196 ι
3500 4143 3768 4213 Ἐχθραι.›

2216 4238 2282 4291 Ai
2309 4236 2509 4289 ἄδικοι.
2558 4236 2682 4289 Εἰσὶ
2709 4237 2818 4307 γὰρ
2862 4236 2959 4289 καὶ
2995 4235 3205 4290 δίκαιαι
3236 4234 3457 4306 ιχθραι,
3487 4235 3544 4288 al
3575 4235 3659 4287 διὰ
3686 4234 3774 4302 τὴν
3818 4256 3825 4263 ν

2216 4328 2401 4381 πίστιν
2434 4326 2743 4398 γινόμεναι.
2778 4326 2843 4380 Ei
2868 4327 3095 4381 δυνατὸν
3120 4327 3253 4397 γὰρ,
3272 4333 3429 4399 φησι,
3461 4329 3524 4381 τὸ
3545 4328 3605 4393 ἐξ
3632 4327 3773 4397 ὑμῶν

536 4432 556 4467 ι
584 4414 1005 4477 Ᾱίίιιιυισιὶοηεε.
1035 4437 1055 4471 ι
1092 4418 1278 4489 Neque
1301 4418 1447 4474 enim
1478 4427 1698 4489 oportet
1724 4417 1967 4473 simulari
1998 4416 2107 4473 sive

2219 4420 2358 4491 μετά
2396 4420 2617 4473 πάντων
2642 4416 2945 4489 ἀνθρώπων
2972 4417 3304 4488 είρηνεύετε,
3327 4419 3405 4481 ὡς
3448 4414 3584 4472 εἶναι
3605 4420 3769 4490 δῆλον,

518 4503 795 4573 invidere,
824 4506 919 4563 sed
943 4486 1327 4578 gaudere'cum
1357 4486 1722 4579 gaudentibus
1745 4516 1800 4564 et
1825 4507 1956 4563 ﬂere
1983 4522 2107 4562 cum

2214 4486 2297 4567 ότι
2345 4512 2496 4565 ἐστιν
2524 4512 2615 4565 ὅτε
2656 4486 2758 4564 οὐκ
2786 4509 2902 4565 εστι
2944 4486 3189 4565 δυνατόν.
3231 4529 3251 4563 ι
3292 4512 3475 4582 Ζῆλοι.
3519 4532 3539 4565 s
3574 4486 3770 4581 Οὖ-χρὴ

486 4636 490 4640 .
524 4591 807 4653 ﬂentibus.
848 4614 866 4648 ι
889 4596 1367 4654 Concertationes.
1394 4617 1414 4651 ι
1453 4598 1567 4655 Hoc
1599 4609 1704 4666 est,
1728 4598 2107 4655 contentiones

2216 4602 2326 4673 γὰρ
2359 4600 2632 4672 ζηλεόειν,
2686 4599 2825 4655 ἀλλὰ
2875 4600 3089 4671 χαίρειν
3132 4600 3272 4670 μετά
3321 4604 3641 4672 χαιρόντων,
3688 4603 3771 4654 καὶ

488 4730 491 4739 .
520 4702 558 4742 a
590 4686 682 4742 lite
703 4689 1034 4760 ortae.783
1052 4708 1073 4742 ι
1100 4690 1509 4748 Cavillationes.
1540 4711 1559 4746 ι
1588 4692 1683 4748 Est
1708 4699 1891 4746 autem
1911 4707 2107 4760 κωμω-

2213 4692 2424 4746 κλαίειν
2455 4690 2593 4762 μετά
2644 4689 2965 4745 κλαιόντων.
3016 4708 3036 4742 ι
3086 4690 3369 4761 Ἐρίθειαι.
3416 4711 3436 4744 ι
3473 4687 3597 4747 Οἷον
3639 4692 3770 4759 φιλο-

484 4827 493 4831 ,
524 4778 638 4830 δεῖν
662 4779 832 4847 (unde
864 4782 1089 4851 κῶμως,
1117 4782 1169 4836 id
1191 4791 1298 4849 est,
1332 4785 1610 4839 cavillatio
1641 4784 1945 4854 derivatur)
1981 4798 2107 4837 cum

525 4868 793 4923 ebrietate
824 4870 1059 4926 aliorum
1098 4872 1392 4943 opiniones
1437 4874 1706 4930 cavillari.
1748 4893 1767 4926 ι
1805 4874 1977 4945 Regni
2015 4872 2108 4932 Dei

529 4958 771 5017 heredes
800 4977 905 5017 non
944 4974 1128 5020 erunt.
1178 4984 1197 5017 ι
1245 4965 1433 5038 Regno
1466 4968 1686 5024 interim
1729 4982 1921 5023 omnes
1962 4968 2108 5024 exci-

523 5045 663 5101 dent
694 5066 707 5101 :
750 5051 855 5104 erit
886 5060 1069 5109 tamen
1098 5062 1152 5109 et
1187 5058 1584 5126 suppliciorum
1630 5058 1944 5116 diversitas.

600 5137 665 5206 ν,
704 5141 893 5197 22-26.
934 5145 1135 5200 Contra
1172 5148 1379 5217 fructus
1427 5150 1663 5221 Spiritus
1711 5166 1789 5211 est
1833 5156 2103 5226 charilas,

518 5231 805 5300 gaudium,
858 5249 984 5300 pax,
1035 5237 1248 5302 lenitas,
1309 5241 1627 5313 benignitas,
1676 5246 1906 5314 bonitas,
1950 5250 2103 5317 ﬁdes,

522 5324 901 5391 mansuetudo,
943 5334 1309 5395 temperantia.
1345 5335 1607 5394 Adrersus
1649 5337 1955 5406 hujusmodi
2003 5358 2105 5395 non

517 5426 606 5470 est
628 5418 714 5471 lex
743 5435 761 5472 :
797 5417 868 5471 Hi
904 5430 1081 5474 autem
1111 5421 1311 5478 Chr-isti
1330 5442 1548 5483 carnem
1578 5432 1958 5500 cruci/iurum
1984 5450 2103 5490 cum

520 5509 810 5577 aﬂectibus
834 5520 887 5565 et
907 5513 1377 5580 concupiscentiis.
1402 5517 1461 5572 Si
1492 5521 1683 5585 spiritu
1715 5524 1957 5590 vivimus,
1991 5526 2103 5591 spi-

524 5606 641 5655 ritu
675 5606 833 5657 etiam
872 5607 1198 5660 incedamus.
1247 5606 1328 5662 Ne
1373 5610 1659 5679 eﬁiciamur
1697 5616 1879 5672 inanis
1917 5618 2102 5687 glorise

523 5697 732 5765 umidi,
762 5699 979 5754 invicem
1011 5700 1321 5757 invidentes.

2216 4787 2415 4841 νεικίαι
2449 4787 2559 4840 ἀπὸ
2615 4785 2716 4857 τῆς
2747 4786 2941 4856 ἔριδος.
2996 4802 3018 4839 ι
3065 4785 3283 4854 Κῶμοι.
3322 4803 3342 4836 s
3385 4785 3462 4838 Τὸ
3496 4782 3770 4854 κωμῳδεῖν

2218 4883 2312 4933 καὶ
2338 4878 2730 4932 ἀποσκώπτειν
2760 4878 3047 4949 ἀλλοτρίας
3079 4876 3382 4948 ὑπολήψεις
3428 4878 3567 4948 μετά
3601 4876 3769 4947 μέθης.

2223 4993 2243 5024 ι
2278 4971 2566 5025 Βασιλείαν
2588 4970 2726 5023 Θεοῦ
2769 4972 2827 5023 οὐ
2866 4972 3359 5042 κληρονομήσουσι.
3395 4990 3414 5021 s
3453 4973 3601 5032 Τέως
3639 4969 3773 5039 βασι-

2215 5062 2367 5125 λείας
2399 5062 2695 5124 ἔκπτωσις.
2724 5063 2806 5115 re
2829 5064 2942 5131 γὰρ
2979 5062 3089 5115 τῶν
3118 5063 3406 5133 τιμωριῶν
3433 5052 3679 5129 διάξορα.

2298 5155 2352 5207 Ὀ
2404 5154 2473 5209 δὲ
2524 5155 2753 5222 καρπὲς
2796 5154 2902 5209 τοῦ
2960 5156 3307 5224 Πνεύματός
3350 5156 3523 5209 ἐστιν
3565 5154 3774 5221 ἀγάπη.

2214 5248 2387 5318 χαρὰν
2434 5247 2665 5316 clpam.
2712 5248 3111 5316 μακροθυμία,
3152 5249 3518 5316 χρηστότης.
3563 5247 3774 5315 ἀναθιυ·

2213 5343 2395 5407 σύνη,
2454 5342 2681 5406 πίστις,
2744 5342 3030 5409 πραότης,
3084 5340 3417 5409 ἐγκράτεια.
3474 5340 3633 5395 Κατὰ
3668 5335 3775 5392 τῶν

2212 5436 2498 5488 τοιούτων
2516 5436 2628 5488 οὐκ
2662 5434 2796 5489 ἐστι
2822 5435 3027 5502 νόμος.
3068 5437 3133 5488 οι
3157 5433 3230 5488 δὲ
3256 5435 3364 5489 τοῦ
3392 5433 3649 5501 Χριστοῦ
3673 5430 3775 5496 τὴν

2213 5525 2408 5593 σάρκα
2447 5526 2843 5592 ἐσταύρωσαν
2878 5526 3001 5580 σὺν
3024 5526 3157 5591 τοῖς
3194 5526 3507 5594 παθήμασι
3532 5525 3629 5578 καί
3658 5520 3774 5585 ταῖς

2211 5618 2571 5685 ἐπιθυμίαις.
2635 5620 2705 5672 Ei
2752 5616 2939 5686 ζῶμεν
2982 5620 3304 5688 πνεύματι.
3345 5620 3639 5687 πνεύματι
3683 5612 3767 5666 καί

2212 5706 2564 5774 στοιχῶμεν.
2611 5706 2707 5775 Μὴ
2740 5708 3033 5776 γινώμεθα
3085 5709 3419 5771 κενόδοξοι,
3475 5706 3767 5773 ἀλλήλους

2206 5799 2712 5869 προκαλούμενοι,
2745 5800 3063 5869 ἀλλήλους
3097 5798 3488 5871 φθονοῦντες.
