3956 6562
210 399 343 465 “.27

1224 398 1608 459 COMMENT.
1640 397 1731 457 -ΙΝ
1753 395 1991 458 EPIST.
2030 397 2130 458 AD
2163 397 2431 462 GALAT.

3323 392 3460 462 1158

275 507 504 579 Καρπδν
539 505 661 562 εἷπε
697 509 790 563 καὶ
832 510 930 563 οὐκ
969 509 1152 581 ἔργον.
1200 509 1290 562 ἶνα
1339 509 1486 580 δείξῃ
1545 508 1627 560 ὅτι
1679 508 1780 575 τῆς

1957 503 2222 560 Fructum
2251 507 2390 560 dixit
2421 516 2470 560 et
2505 519 2611 559 non
2645 515 2806 575 opus,
2835 510 2891 558 ut
2918 504 3172 561 ostendat
3203 503 3295 562 Dei
3326 524 3466 578 opus

202 600 300 653 τοῦ
327 601 462 653 Θεοῦ
484 600 656 654 δεῖται
679 601 930 672 βοηθείας
951 603 1030 665 είς
1063 601 1121 653 τὸ
1151 603 1593 670 καρποφορῆσαι.
1624 617 1642 649 ι
1674 596 1780 652 Τοῦ

203 689 547 758 Πνεύματος.
606 709 625 742 ι
682 691 744 742 Ἢ
785 690 952 744 αὐτοῦ
1009 690 1103 743 τοῦ
1156 689 1537 759 παρακλήτου,
1591 688 1624 758 ἢ
1687 687 1784 740 τοῦ

206 782 584 850 πνευματικοῦ
615 784 710 835 καὶ
753 783 1010 854 ἐναρέτου
1045 782 1185 852 βίου.
1226 801 1245 834 r
1288 782 1468 851 Xapi.
1501 801 1518 832 ι
1553 781 1626 832 Τὸ
1659 781 1784 850 χαί-

173 906 176 908 ~
208 889 325 941 ρειν
359 873 451 924 ἐπὶ
491 872 632 941 Θεῷ,
661 873 721 924 τὸ
751 874 1058 943 συνείδησιν
1099 872 1262 944 ἔχειν.
1303 875 1367 925 Ol.
1411 872 1520 942 γὰρ
1555 871 1786 924 τοιοῦτοι

201 962 474 1032 χαίρουσι.
512 981 534 1014 ‹
571 963 726 1016 Κατὰ
749 964 856 1016 τῶν
887 963 1148 1016 τοιούτων
1169 964 1272 1016 οὐκ
1299 963 1414 1016 ἐστι
1445 963 1625 1033 νόμος.
1668 982 1687 1014 ι
1727 961 1786 1016 '0

203 1055 317 1121 γὰρ
370 1053 544 1106 ταῦτα
585 1054 970 1122 κατωρθωκὼς
1013 1057 1073 1108 ού
1131 1056 1304 1109 δεῖται
1358 1055 1452 1109 τοῦ
1502 1055 1787 1123 παιδαγω-

207 1147 436 1212 γοῦντοε
472 1147 660 1216 νόμου.
701 1147 1062 1217 ’Υψηλότερος
1098 1150 1208 1218 γὰρ
1245 1149 1409 1202 αὐτοῦ
1451 1151 1618 1202 ἐστιν.
1666 1167 1685 1201 r
1723 1149 1788 1203 Ol

201 1239 262 1291 δὲ
300 1242 394 1292 τοῦ
427 1238 665 1308 Χριστοῦ
690 1238 788 1308 τὴν
820 1241 1016 1311 σάρκα.
1045 1260 1062 1291 ι
1090 1239 1218 1294 Εἶτα
1248 1242 1333 1294 ἴνα
1360 1243 1433 1312 μὴ
1464 1239 1650 1312 ἔχωσι,
1678 1241 1790 1296 Καὶ

204 1335 294 1396 τίς
313 1332 484 1386 ταῦτα
505 1335 683 1397 ποιεῖ;
719 1332 905 1402 φησίν.
936 1327 1098 1387 Οὗτοί
1128 1338 1268 1388 εἰσιν
1296 1337 1348 1388 οί
1375 1335 1549 1388 ταῦτα
1570 1333 1789 1386 ποιοῦν-

201 1439 326 1487 τες,
375 1421 573 1483 οἵτινες
627 1424 728 1491 τὴν
773 1422 952 1491 σάρκα
999 1422 1095 1476 τοῦ
1130 1424 1388 1492 Χριστοῦ,
1429 1423 1696 1488 τουτέστι,
1731 1423 1792 1477 τὸ

203 1516 414 1566 οἰκεῖον
464 1514 624 1582 σῶμα
656 1514 814 1585 (σὰρξ
850 1514 958 1583 γὰρ
1005 1515 1266 1586 Χριστοῦ,
1295 1515 1356 1568 τὸ
1394 1515 1660 1586 ἡμέτερον
1692 1515 1794 1569 σῶ-

206 1607 336 1673 μα),
375 1605 730 1676 ἐσταύρωσαν
764 1609 857 1659 καὶ
895 1601 1008 1660 οἷον
1061 1608 1372 1677 ἐνέκρωσαν
1401 1608 1509 1661 ἀπὸ
1535 1608 1648 1660 τῶν
1687 1625 1792 1662 σω·-

207 1696 461 1764 ματικῶν
492 1695 700 1748 παθῶν.
737 1695 846 1748 Καὶ
886 1697 945 1748 ού
982 1697 1142 1766 μόνον
1182 1697 1245 1749 τὸ
1283 1697 1464 1768 σῶμα,
1501 1699 1626 1751 ὅσον
1655 1693 1792 1771 ἦκεν

202 1789 295 1847 εἰς
323 1787 391 1840 τὰ
424 1786 573 1856 πάθη
609 1787 986 1856 ἐσταύρωσαν,
1015 1787 1154 1840 ἀλλά
1203 1789 1296 1840 καὶ
1339 1789 1480 1842 αύτὰ
1507 1789 1574 1841 τὰ
1617 1790 1788 1862 πάθη,

201 1877 336 1929 ὅσον
363 1871 495 1947 ἦκεν
533 1878 612 1938 είς
643 1877 701 1930 τὺ
729 1876 1094 1931 ἐπιτελεῖσθαι
1120 1878 1252 1950 παρ’
1275 1879 1455 1932 αὐτῶν
1477 1881 1791 1952 ἐσταύρων-
1821 1855 1864 1909 Β

175 1985 329 2034 πται,
364 1967 504 2022 κατὰ
531 1970 740 2037 ταύτην
780 1968 877 2039 τὴν
915 1969 1234 2039 ἑρμηνείαν,
1270 1971 1329 2024 τὸ
1387 1971 1465 2036 δὲ,
1517 1972 1792 2043 παρέλκε-

202 2077 324 2114 ται.
353 2089 422 2100 —
466 2062 535 2116 Ἢ
555 2061 762 2126 οὕτως.
799 2061 906 2113 Καὶ
951 2061 1003 2113 τί
1038 2061 1203 2128 λέγω,
1245 2063 1432 2133 φησὶν,
1469 2064 1528 2118 ἐν
1579 2065 1702 2118 καθ’
1733 2065 1792 2119 ἓν

205 2151 420 2222 ἀρετῆς
478 2148 650 2219 εἷδος;
700 2153 809 2206 είσὶ
852 2153 963 2224 γάρ
996 2171 1142 2217 τινες
1182 2154 1233 2208 οἳ
1291 2157 1386 2209 καὶ
1439 2155 1793 2228 ἐσταύρωσαν

207 2245 463 2308 ἑαυτοὺς,
497 2246 620 2298 ὅσον
647 2245 781 2315 πρὸς
803 2245 870 2299 τὰ
896 2245 1069 2316 πάθη,
1097 2247 1190 2300 καὶ
1214 2247 1282 2300 τὰ
1307 2248 1476 2319 πάθη,
1503 2250 1627 2302 ὅσον
1657 2250 1793 2320 πρὸς

207 2331 464 2395 ἑαυτούς.
513 2331 672 2384 Κατὰ
714 2331 918 2404 ταύτην
949 2333 1049 2404 τὴν
1080 2335 1398 2405 ἑρμηνείαν,
1432 2336 1492 2388 οὺ
1527 2335 1795 2406 παρέλκε-

205 2440 308 2478 ται
335 2423 416 2489 τὸ,
441 2421 529 2478 δέ.
565 2425 629 2477 Oi
669 2422 737 2476 δὲ
763 2426 868 2479 τοῦ
906 2425 1189 2493 Χριστοῦ,
1226 2426 1496 2490 τουτέστι,
1525 2428 1794 2491 τείνοντες

205 2514 316 2582 τὴν
356 2513 563 2566 ἑαυτῶν
600 2512 788 2572 σάρκα
835 2513 1215 2584 ἐσταύρωσαν.
1256 2513 1444 2578 Οὕτως
1488 2517 1516 2568 ό
1559 2516 1795 2588 Κλήμης

204 2606 277 2659 ἐν
315 2605 551 2675 πέμπτῳ
585 2604 1090 2659 ’Υποτυπώσεων.
1132 2607 1287 2660 Ἔστι
1319 2606 1376 2659 δέ
1405 2605 1486 2669 τὸ,
1522 2608 1572 2659 οἱ
1600 2607 1679 2670 δὲ,
1703 2607 1796 2660 καὶ

208 2699 342 2752 ἀντὶ⁸
372 2699 490 2760 τοῦ,
525 2718 543 2750 ι
585 2691 733 2751 οὗτοι
758 2697 837 2762 δέ,
885 2715 904 2748 ι
957 2697 1274 2762 ἐξακοῦσαι.
1299 2729 1368 2738 --
1403 2697 1602 2772 [ΦΩΤ.]
1635 2693 1796 2753 Οὗτοι

207 2791 275 2845 δέ
300 2794 437 2844 εἰσιν
470 2789 563 2852 οὓς
595 2786 768 2854 εἷπον,
808 2790 864 2842 οῖ
897 2806 1045 2854 τινες
1075 2790 1170 2843 τοῦ
1201 2791 1442 2862 Χριστοῦ
1490 2793 1590 2861 τὴν
1620 2795 1798 2862 cipue.

207 2879 594 2949 ἐσταύρωσαν.
636 2879 736 2932 καὶ
790 2879 943 2948 ἑξῆς.
1004 2897 1026 2932 t
1082 2881 1147 2933 Et
1192 2881 1375 2950 ζῶμεν
1441 2881 1733 2951 πνεύματι.
1772 2900 1791 2932 ι

224 2973 550 3042 Ὀφείλομεν
600 2967 694 3025 οὖν
743 2972 838 3024 κα)⁸
891 2973 1053 3042 ἡμεῖς
1100 2973 1244 3026 κατὰ
1299 2973 1399 3044 τὴν
1451 2973 1650 3044 βουλὴν
1699 2974 1796 3027 τοῦ

208 3065 526 3134 πνεύματος
546 3067 666 3136 ζῇν.
693 3065 877 3131 ’Δπαξ
905 3065 1171 3135 σταυροῦν
1195 3065 1476 3135 μέλλοντες
1503 3065 1601 3134 τὴν
1619 3066 1798 3135 σάρκα

211 3154 396 3223 ἡμῶν,
435 3173 455 3205 ι
497 3155 607 3207 Καὶ
644 3156 945 3224 Πνεύματι,
1000 3155 1171 3225 φησὶ,
1219 3155 1542 3225 στοιχῶμεν,
1577 3173 1594 3206 ι
1644 3173 1795 3208 τουτ⁹

210 3247 390 3310 ἐστιν,
425 3246 784 3318 ἀρκεσθῶμεν
833 3251 899 3320 τῇ
939 3247 1091 3318 παρὰ
1139 3246 1233 3300 τοῦ
1283 3247 1440 3314 ἁγίου
1476 3247 1796 3316 Πνεύματος

206 3337 435 3408 δοθείσῃ
483 3338 688 3408 χάριτι,
723 3338 818 3392 καὶ
850 3338 926 3410 μὴ
965 3339 1222 3409 ζητῶμεν
1255 3341 1317 3392 ἐκ
1347 3339 1511 3408 νόμου
1537 3339 1796 3408 σωθῆναι.

219 3447 242 3481 s
281 3430 374 3501 Μὴ
403 3430 684 3500 γινώμεθα
719 3430 1012 3496 κενόδοξοι.
1056 3451 1074 3484 ι
1126 3430 1300 3486 Τοῦτο
1332 3432 1441 3502 γὰρ
1471 3431 1536 3484 τὸ
1581 3431 1800 3484 πάντων

211 3520 396 3574 αἴτιον
423 3521 530 3574 τῶν
555 3521 762 3575 κακῶν.
797 3540 818 3574 ι
860 3521 1147 3592 Ἀλλήλους
1169 3521 1625 3592 προκαλούμενοι.
1657 3539 1675 3572 ›
1709 3523 1800 3585 Et;

211 3612 367 3682 ερεις
399 3612 663 3683 δηλονότι.
699 3632 719 3666 ι
776 3614 1066 3684 Ἀλλήλους
1095 3613 1436 3683 φθονοῦντες.
1467 3632 1486 3665 s
1525 3613 1661 3666 ’Δπό
1690 3613 1801 3684 γὰρ

212 3703 528 3769 κενοδοξίας
587 3706 616 3756 ό
667 3703 895 3773 φθόνος,
951 3704 1059 3758 ἀπὸ
1116 3702 1310 3774 φθόνου
1367 3703 1447 3768 δὲ,
1505 3703 1574 3756 τὰ
1629 3701 1800 3774 μυρία

213 3797 391 3850 κακά.

305 3889 592 3958 Ἀδελφοί,
632 3889 741 3942 ἐὰν
765 3887 863 3941 καί
893 3886 1214 3956 προληφθῇ
1246 3888 1556 3955 ἄνθρωπος
1586 3886 1658 3942 ἓν
1685 3905 1801 3941 τινι

214 3982 669 4051 παραπτώματι,
715 3980 887 4050 ὑμεῖς
921 3983 974 4033 ot
1015 3979 1404 4048 πνευματικοί
1436 3979 1800 4048 καταρτίζετε

214 4076 330 4129 τάν
375 4073 668 4139 τοιοῦτον,
701 4074 772 4127 ἐν
815 4073 1108 4140 πνεύματι
1149 4071 1503 4138 πρᾳότητος.
1552 4069 1804 4122 Σκοπῶν

215 4170 505 4235 σεαυτὸν,
555 4168 640 4238 μὴ
676 4167 775 4222 καὶ
815 4166 898 4221 σὺ
956 4162 1309 4232 πειρασθῇς.
1367 4163 1673 4230 Ἀλλήλων
1730 4161 1802 4216 τὰ

209 4258 382 4328 βάρη
407 4258 758 4322 βαστάζετε,
801 4259 901 4311 καί
947 4256 1137 4322 οὕτως
1191 4252 1670 4322 ἀναπληρώσατε
1695 4256 1803 4308 τὸν

197 4353 416 4422 ονόμον
438 4351 544 4405 τοῦ
563 4351 844 4420 Χριστοῦ.

296 4438 492 4492 Πολλοὶ
524 4443 602 4502 είς
629 4439 828 4501 αὐτοὺς
848 4437 1110 4509 φιλαρχίᾳ
1135 4439 1457 4509 ἡττημένοι,
1488 4437 1547 4491 ἐν
1570 4439 1638 4508 ’τῇ
1667 4437 1805 4508 πρὸς

1888 613 2013 652 esse
2041 598 2246 653 auxilio
2281 598 2348 652 ad
2386 597 2843 652 fruetilicandum.
2879 617 2898 650 ι
2931 597 3192 669 Spiritus,
3224 618 3243 651 ι
3279 597 3330 654 id
3361 613 3464 665 est,

1887 689 2066 759 ipsius
2113 690 2375 759 paraeleti
2431 709 2444 745 :
2494 696 2589 743 aut
2640 687 2946 757 spiritualis
2991 705 3054 744 ac
3102 691 3274 760 probe
3315 692 3465 746 vitm.

1894 799 1914 832 ι
1946 780 2240 835 Caudium.
2273 800 2291 833 ι
2345 780 2596 836 Gaudere
2643 781 2698 834 in
2743 780 2852 836 Deo
2888 790 2976 837 est
3020 781 3217 836 bonam
3265 783 3470 838 habere

1888 871 2284 926 conscientiam
2321 887 2336 924 :
2369 871 2507 926 tales
2533 870 2678 926 enim
2713 872 2975 940 gaudent.
3011 891 3028 925 ι
3053 873 3333 928 Adversus
3366 873 3469 929 hu-

1885 959 2124 1030 jusmodi
2161 975 2269 1014 non
2299 968 2383 1015 est
2413 961 2520 1015 lex.
2560 981 2581 1014 ›
2617 961 2898 1032 Siquidem
2927 964 3018 1033 qui
3048 964 3176 1018 talia
3208 974 3469 1035 operatus

1889 1059 1992 1116 est,
2029 1068 2137 1106 non
2187 1067 2329 1121 opus
2372 1051 2538 1108 habet
2568 1051 2703 1123 legis
2747 1054 3162 1120 moderatione;
3199 1064 3282 1109 est
3319 1057 3468 1110 enim

1890 1145 2183 1200 sublimior
2229 1160 2393 1215 quam
2448 1151 2520 1200 sit
2569 1146 2682 1202 illa.
2720 1167 2739 1200 ‹
2769 1147 2835 1202 Hi
2879 1159 3059 1203 autem
3100 1148 3308 1204 Christi
3347 1165 3472 1204 car-

1892 1251 2039 1290 nem.
2073 1255 2093 1288 s
2129 1236 2334 1292 Deinde
2374 1251 2442 1292 ne
2481 1237 2688 1305 dicant,
2724 1238 2790 1292 Et
2823 1240 2948 1310 quis
2986 1241 3089 1294 ista
3129 1241 3304 1297 facit?
3340 1242 3416 1297 ait
3448 1259 3464 1297 :

1891 1327 1956 1380 lli
1991 1335 2118 1383 sunt
2153 1331 2244 1398 qui
2280 1328 2395 1383 haec
2426 1339 2616 1398 agunt,
2650 1329 2743 1399 qui
2768 1345 2988 1384 carnem
3014 1331 3241 1400 Christi,
3270 1333 3321 1386 id
3358 1342 3467 1400 est,

1892 1421 2172 1490 proprium
2209 1436 2408 1490 corpus
2446 1419 2606 1493 (caro
2650 1425 2794 1476 enim
2838 1422 3041 1478 Christi
3085 1431 3170 1478 est
3212 1433 3470 1480 nostrum

1892 1514 2114 1578 corpus)
2147 1511 2555 1576 crueilixeruut,
2591 1520 2646 1566 et
2678 1511 2845 1565 veluti
2889 1511 3357 1568 mortilleaverunt
3400 1516 3469 1568 ab

1892 1599 2180 1658 affectibus
2217 1603 2548 1658 carnalibus.
2600 1603 2710 1658 Nec
2745 1604 2923 1658 solum
2958 1618 3162 1674 corpus
3194 1616 3468 1675 quantum

1893 1695 1960 1748 ad
2013 1694 2247 1749 allectus
2293 1695 2490 1750 attinet
2529 1696 2946 1760 erueilixerunt,
2989 1699 3343 1751 verumetiam
3385 1699 3472 1752 al-

1895 1783 2074 1840 lectus
2106 1787 2258 1857 ipsos
2287 1794 2556 1855 quantum
2593 1786 2658 1840 ad
2693 1787 2796 1842 hoc
2826 1795 2885 1842 ut
2915 1788 2984 1843 ab
3010 1789 3091 1844 eis
3121 1790 3470 1860 expleantur,

1892 1876 2309 1931 cruciﬁxerunt.
2361 1875 2524 1930 Juxta
2578 1877 2723 1931 hanc
2781 1877 3296 1947 interpretationem
3352 1890 3474 1935 tan-

1869 1982 2055 2036 »quam
2100 1966 2355 2034 parclcon
2405 1967 2772 2037 interponitur
2814 1967 2893 2032 δέ,
2936 1969 2989 2024 id
3030 1979 3135 2035 est,
3174 1978 3474 2027 autem.—

1893 2057 1999 2109 Aut
2020 2057 2128 2110 alio
2154 2056 2333 2112 modo.
2370 2057 2435 2110 Et
2457 2057 2588 2128 quid
2615 2059 2955 2129 singulatim,
2982 2061 3180 2130 inquit,
3206 2062 3470 2116 virtutum

1893 2148 2102 2217 species
2139 2149 2438 2203 recenseo?
2473 2147 2610 2203 Sunt
2651 2147 2796 2204 enim
2826 2149 3048 2219 quidam
3090 2150 3302 2220 seipsos
3334 2167 3465 2207 cru-

1892 2238 2183 2292 citixerunt
2209 2239 2388 2308 quoad
2416 2239 2664 2305 allectus,
2693 2247 2745 2294 et
2771 2239 2997 2297 allectus
3025 2243 3204 2312 quoad
3235 2245 3468 2312 seipsos.

1892 2327 2055 2384 Juxta
2090 2329 2232 2383 hanc
2265 2330 2798 2399 interpretationem,
2831 2329 2893 2384 δέ
2930 2348 3039 2386 non
3074 2340 3160 2387 est
3194 2333 3473 2401 parelcon,

1897 2419 1994 2475 sed
2028 2435 2228 2477 sensus
2261 2429 2346 2477 est
2378 2422 2428 2475 οἱ
2459 2421 2522 2474 δὲ
2549 2420 2646 2475 τοῦ
2681 2422 2941 2491 Χριστοῦ,
2978 2424 3031 2478 id
3069 2431 3176 2490 est,
3206 2425 3300 2494 qui
3335 2440 3469 2480 vero

1894 2510 2126 2565 tendunt
2167 2511 2234 2565 ad
2279 2510 2554 2565 Christum
2601 2526 2754 2566 suam
2791 2527 3010 2567 carnem
3048 2513 3470 2568 crueitixerunt.

1880 2597 1971 2653 -lta
2027 2600 2420 2670 interpretatur
2467 2600 2722 2657 Clemens
2767 2603 2960 2671 quinto
3028 2603 3473 2674 Informationum

1899 2689 2062 2744 libro.
2103 2689 2286 2744 Potest
2315 2690 2482 2744 etiam
2513 2692 2562 2744 οἱ
2593 2691 2652 2744 δέ
2692 2691 2920 2761 intelligi
2955 2700 3014 2746 ut
3045 2695 3316 2764 signiticet
3355 2716 3374 2747 ‹
3408 2695 3475 2749 lli

1895 2791 2104 2845 autem,
2142 2800 2162 2834 ι
2200 2780 2263 2834 Hi
2299 2791 2482 2836 autem
2513 2790 2644 2836 sunt
2671 2797 2812 2851 quos
2843 2783 2958 2838 dixi
2989 2784 3080 2854 qui
3115 2785 3320 2842 Christi
3351 2803 3477 2842 car-

1897 2887 2020 2926 netu
2050 2872 2468 2938 cruciﬁxerunt,
2496 2882 2605 2927 etc.
2643 2891 2661 2924 ι
2697 2872 2753 2927 Si
2788 2874 2982 2944 spiritu
3016 2876 3274 2932 vivimus.
3316 2898 3337 2931 ι
3372 2877 3478 2932 De-

1897 2961 2091 3017 bemus
2135 2963 2300 3032 igitur
2328 2972 2382 3016 et
2413 2978 2512 3016 nos
2541 2963 2698 3032 juxta
2739 2963 2968 3033 spiritus
3010 2965 3348 3020 voluntatem
3389 2969 3471 3021 vi-

1896 3070 2045 3116 vere,
2071 3063 2128 3110 ut
2159 3056 2328 3110 semel
2358 3055 2744 3123 crueillgamus
2771 3070 2992 3110 carnem
3029 3065 3294 3112 nostram.
3313 3059 3477 3130 764

1905 3162 1925 3195 s
1965 3143 2180 3215 Spiritu
2211 3145 2374 3200 etiam
2409 3145 2750 3202 incedamus.
2785 3164 2803 3197 ι
2837 3145 2952 3202 Hoc
2981 3158 3086 3211 est,
3115 3149 3345 3204 suﬂiciat
3374 3167 3476 3204 uo-

1900 3234 1985 3289 bis
2020 3234 2145 3289 data
2177 3249 2208 3288 a
2245 3233 2452 3304 Spiritu
2492 3243 2686 3290 sancto
2721 3234 2896 3306 gratia
2934 3244 2989 3290 et
3030 3253 3136 3291 non
3167 3253 3478 3308 quaeramus

1901 3341 1999 3397 per
2033 3327 2204 3397 legem
2256 3326 2482 3384 salvari.
2541 3345 2560 3378 ι
2601 3325 2680 3381 Ne
2722 3329 3022 3382 elliciamur
3066 3329 3250 3384 inanis
3293 3330 3479 3394 gloria:

1900 3416 2110 3486 cupidi.
2149 3435 2168 3469 ι
2216 3415 2274 3471 Id
2325 3417 2476 3478 enim
2525 3417 2770 3472 omnium
2822 3424 2905 3472 est
2956 3432 3123 3472 causa
3182 3418 3476 3473 malorum.

1908 3527 1928 3560 ι
1964 3508 2204 3562 Invicem
2251 3523 2351 3566 nos
2390 3517 2774 3578 provocantes.
2809 3526 2828 3560 ι
2863 3509 2943 3563 Ad
2979 3510 3102 3565 lites
3132 3509 3388 3566 videlioet
3419 3519 3477 3564 et

1902 3601 2307 3656 contentiones.
2374 3620 2392 3652 ι
2446 3601 2682 3656 Invicem
2738 3600 3065 3657 invidentes.
3118 3619 3138 3653 ι
3195 3601 3276 3656 Ab
3330 3600 3482 3658 inani

1901 3691 2076 3763 gloria
2123 3692 2303 3746 oritur
2353 3691 2586 3757 invidia,
2643 3695 2713 3748 ab
2761 3691 2962 3748 invidia
3012 3707 3143 3748 vero
3189 3692 3480 3751 innumera

1973 3867 2064 3934 VI,
2085 3870 2136 3935 ί,
2162 3870 2216 3923 2.
2260 3868 2509 3930 Fratres,
2540 3870 2702 3923 etiam
2741 3870 2789 3922 si
2821 3879 3106 3936 occupatus
3137 3871 3297 3938 fuerit
3325 3870 3480 3926 homo

1903 3963 1956 4015 in
1989 3962 2169 4032 aliqua
2199 3962 2414 4023 delicto,
2441 3978 2526 4014 vos
2556 3961 2645 4029 qui
2672 3961 2980 4027 spirituales
3006 3962 3156 4026 estis,
3184 3963 3482 4016 instaurate

1902 4053 2210 4117 huiusmodi
2253 4055 2308 4107 in
2363 4054 2556 4121 spiritu
2600 4054 3023 4106 mansuetudinis
3072 4068 3092 4106 .°
3135 4054 3478 4108 considerans

1906 4148 2256 4216 temetipsum,
2288 4163 2352 4200 ne
2384 4156 2434 4200 et
2479 4155 2533 4198 tu
2577 4146 2814 4200 lenteris.
2852 4143 3083 4198 Invicem
3121 4145 3220 4198 alii
3252 4145 3482 4198 aliorum

1905 4255 2068 4294 onera
2103 4249 2334 4308 portate,
2362 4247 2412 4292 et
2444 4238 2521 4292 sic
2551 4237 2803 4307 complete
2842 4236 3004 4308 legem
3033 4235 3255 4292 Christi.

1976 4446 2130 4503 Multi
2166 4446 2460 4502 ambitiosa
2490 4445 2835 4516 principatus
2878 4443 3226 4499 aﬂ‘ectatione
3258 4443 3490 4509 devicti,

215 4532 292 4586 τὰ
324 4532 701 4602 ἁμαρτήματα
733 4530 845 4584 τῶν
885 4530 1116 4600 πλησίον
1152 4530 1468 4601 ἐπιτιμήσει
1488 4570 1504 4596 ,
1538 4528 1600 4583 τὸ
1631 4528 1797 4592 πάθος

1915 4542 2170 4598 allectum
2202 4539 2496 4610 explebant
2528 4538 2584 4592 in
2621 4537 2995 4608 proximorum
3034 4536 3181 4592 circa
3216 4537 3344 4590 vitia
3377 4535 3481 4589 ob-

205 4623 518 4694 ἐπλήρουν.
574 4623 751 4692 Ὅπερ
795 4620 1130 4693 διορθοῦται.
1188 4621 1318 4674 Ἐὰν
1358 4623 1470 4691 γάρ
1511 4637 1618 4688 τις,
1649 4620 1805 4690 φησι,

222 4716 554 4786 συναρπαγῇ
590 4714 680 4767 ἐπὶ
711 4715 1091 4786 ἁμαρτήματι.
1126 4713 1302 4767 Τοῦτο
1328 4714 1439 4784 γὰρ
1465 4713 1547 4779 τὸ,
1580 4716 1806 4782 προλη-

220 4805 376 4876 φθῇ,
413 4823 433 4858 t
474 4806 664 4876 Ὑμεῖς
686 4807 737 4858 οἱ
767 4803 1151 4875 πνευματικοί.
1179 4806 1242 4859 Οἱ
1271 4805 1412 4859 κατὰ
1433 4805 1652 4876 πνεῦμα
1672 4805 1810 4868 ζῶν-

221 4915 342 4962 τες,
383 4915 402 4948 ι
464 4897 881 4968 Καταρτίζετε,
937 4915 956 4948 ι
1021 4897 1305 4961 τουτέστι,
1352 4896 1666 4968 διορθοῦσθε
1716 4896 1808 4950 τὸν

221 4989 494 5042 τοιοῦτον.
529 4985 660 5042 Εῐτα
686 4987 964 5042 ἐκϐάλλων
987 4986 1086 5058 τὴν
1109 4986 1422 5059 φιλαρχίαν,
1451 4987 1638 5058 φησὶν,
1677 5005 1696 5039 ι
1721 4988 1810 5041 Ἦν

207 5081 505 5150 πνεύματι
535 5083 863 5152 πρᾳότητος.
901 5099 921 5134 ›
957 5081 1268 5146 Τουτέστιν,
1292 5082 1351 5134 ἐν
1378 5083 1665 5152 πρᾳότητι,
1687 5081 1809 5152 ητις

223 5175 352 5227 ἐστὶ
376 5173 622 5243 χάρισμα
651 5174 743 5226 τοῦ
765 5173 924 5242 ἁγίου
951 5172 1290 5243 Πνεύματος.
1329 5190 1350 5224 r
1383 5173 1612 5226 Σκοπῶν
1643 5189 1809 5226 σεαυ-

221 5266 342 5319 τόν.
383 5284 404 5318 ι
438 5260 570 5318 Εἶτα
595 5265 683 5318 ἴνα
721 5264 795 5336 μὴ
829 5265 858 5317 ό
900 5263 1126 5334 διορθῶν
1150 5264 1388 5334 ἐπαρθῇ,
1415 5264 1569 5334 φησί·
1609 5264 1808 5316 Σκόπει

225 5364 330 5414 καὶ
362 5361 426 5414 σὺ
458 5361 552 5414 καὶ
580 5360 738 5430 τήρει
773 5358 990 5424 σαυτὸν,
1027 5359 1102 5428 μὴ
1132 5359 1244 5420 τοῖς
1276 5360 1414 5420 [σοις
1447 5357 1610 5428 ἁλῷς.
1643 5377 1661 5409 ι
1685 5358 1808 5409 Ἀλ-

226 5451 411 5522 λήλων
437 5442 506 5504 τὰ
557 5450 698 5522 βάρη
731 5449 1050 5520 βαστάζετε.
1085 5469 1104 5501 ›
1152 5450 1374 5520 Ἐπειδὴ
1425 5451 1534 5520 γὰρ
1572 5451 1672 5504 οὒκ
1728 5448 1808 5502 ἑνι

209 5540 378 5598 ¹εἶναι.
405 5543 690 5614 ἄνθρωπον
731 5543 898 5615 χωρὶς
937 5543 1232 5613 ἁμαρτίας,
1258 5543 1514 5611 παραινεῖ
1544 5541 1617 5611 μὴ
1649 5541 1808 5611 ἀκρι-

227 5636 577 5704 ϐολογεῖσθαι
611 5636 747 5708 πρὸς
783 5637 855 5690 τὰ
885 5635 980 5689 τοῦ
1017 5634 1244 5705 πλησίον
1288 5633 1688 5703 ἁμαρτήματα,
1732 5631 1808 5694 ὡς

228 5725 391 5790 εἰδὼς
420 5728 502 5781 ὅτι
530 5728 624 5782 καὶ⁹
658 5729 721 5780 σὺ
761 5725 904 5797 ἔχεις
942 5725 1240 5797 ἁμαρτίας,
1276 5723 1373 5776 καὶ
1401 5722 1506 5794 χρὴ
1535 5724 1683 5792 ἡμᾶς
1713 5723 1809 5776 ἁλ-

228 5821 419 5890 λήλοις
471 5819 999 5892 συμπεριφέρεσθαι.
1057 5838 1074 5873 t
1129 5817 1238 5872 Καὶ
1272 5815 1443 5878 οὕτως
1481 5813 1806 5885 ἀναπληρώ-

1907 4631 2270 4705 jurgatione;
2312 4628 2460 4700 quod
2511 4629 2742 4697 corrigit
2793 4625 2982 4682 dicens
3027 4646 3040 4681 :
3093 4625 3148 4680 Si
3191 4625 3316 4696 quis
3361 4641 3486 4680 cor-

1911 4735 2102 4795 reptus
2156 4721 2322 4777 luerit
2367 4734 2396 4773 a
2445 4728 2692 4790 peccato.
2750 4716 2884 4772 Nam
2937 4717 3039 4772 hoc
3086 4724 3171 4771 est
3217 4716 3363 4786 quod
3407 4719 3490 4770 ait.

1912 4811 2224 4886 πφληφθῆ,
2267 4811 2322 4866 id
2354 4818 2459 4876 est,
2495 4817 2795 4880 occupatus
2835 4808 3015 4864 fuerit.
3055 4827 3075 4860 τ
3099 4805 3210 4864 Vos
3243 4811 3335 4878 qui
3371 4809 3483 4879 spi-

1912 4908 2139 4963 rituales
2168 4905 2320 4960 estis.
2346 4923 2365 4956 ο
2395 4903 2499 4970 Qui
2528 4902 2686 4973 juxta
2717 4901 2968 4971 spiritum
2991 4900 3195 4955 vivitis.
3227 4919 3247 4951 ι
3269 4899 3487 4955 lnstau-
3557 4967 3560 4971 ‘

1912 5009 2051 5056 rate.
2078 5017 2099 5050 ι
2129 4995 2244 5052 Hoc
2269 5003 2374 5062 est,
2403 4993 2686 5051 emendate
2716 4993 2900 5047 talem.
2933 4991 3136 5047 Deinde
3163 4991 3338 5062 ejecta
3368 5008 3486 5046 am-

1912 5091 2120 5147 bitione
2150 5089 2419 5142 honorum
2453 5086 2530 5139 ait
2557 5102 2574 5140 :
2607 5103 2626 5136 ι
2650 5083 2708 5139 In
2739 5084 2935 5154 spiritu
2965 5083 3432 5150 mansuetudinis;
3459 5102 3482 5134 ι

1910 5184 2016 5238 hoc
2049 5188 2153 5244 est,
2197 5181 2250 5233 in
2300 5176 2724 5234 mansuetudine
2771 5189 2890 5245 quae
2936 5183 3023 5230 est
3058 5174 3260 5232 donum
3308 5173 3487 5228 sancti

1912 5272 2174 5344 Spiritus.
2224 5288 2243 5322 ι
2278 5267 2652 5324 Considerans
2699 5265 3067 5335 temetipsum.
3107 5281 3127 5316 ι
3176 5263 3378 5319 Deinde
3413 5275 3490 5315 ne

1911 5366 1961 5421 is
1995 5364 2090 5435 qui
2126 5361 2384 5418 emendat
2417 5359 2732 5425 extollatur,
2767 5359 2842 5412 ait
2877 5371 2892 5412 :
2932 5357 3226 5413 Considera
3261 5367 3486 5424 quoque

1910 5467 1970 5514 tu
1999 5468 2054 5513 et
2081 5457 2306 5511 observa
2350 5453 2608 5524 teipsum,
2638 5468 2708 5507 ne
2740 5451 3012 5507 similibus
3043 5448 3299 5517 capiaris.
3336 5463 3361 5497 r
3388 5444 3483 5497 ln-

1907 5549 2085 5605 vieem
2118 5547 2209 5600 alii
2241 5546 2472 5601 aliorum
2503 5558 2672 5598 onera
2707 5549 2944 5613 portate.
2977 5559 2996 5591 ›
3027 5535 3484 5605 Quandoquidem

1909 5639 2056 5693 enim
2088 5652 2195 5692 non
2228 5635 2499 5705 contingit
2527 5633 2804 5689 hominem
2836 5645 2960 5684 esse
2991 5629 3198 5697 absque
3231 5631 3489 5693 peccato,

1911 5727 2171 5782 admonet
2202 5741 2271 5781 ne
2297 5734 2486 5781 exacte
2518 5724 2609 5778 liat
2642 5721 2928 5790 inquisitio
2953 5717 3215 5772 adversus
3246 5717 3481 5785 promni

1908 5827 2159 5887 peccata,
2188 5826 2444 5888 tanquam
2482 5809 3066 5880 sciens,innuit,quod
3093 5818 3144 5864 ct
3172 5815 3228 5864 tu
3255 5814 3483 5878 peccata
