  <div class='ocr_page' id='page_1' title='image "/cluster/home/n/w/nwhite01/storage/ocr_20150623/118/hvd.32044019208149/670.png"; bbox 0 0 3956 6608; ppageno 0'>
   <div class='ocr_carea' id='block_1_1' title="bbox 254 481 388 544">
    <p class='ocr_par' dir='ltr' id='par_1_1' title="bbox 254 481 388 544">
     <span class='ocr_line' id='line_1_1' title="bbox 254 481 388 544; baseline -0.015 0"><span class='ocrx_word' id='word_1_1' title='bbox 254 481 388 544; x_wconf 73' lang='lat'><strong>1193</strong></span> 
     </span>
    </p>
   </div>
   <div class='ocr_carea' id='block_1_2' title="bbox 1235 477 2446 543">
    <p class='ocr_par' dir='ltr' id='par_1_2' title="bbox 1235 477 2446 543">
     <span class='ocr_line' id='line_1_2' title="bbox 1235 477 2446 543; baseline 0.003 -4"><span class='ocrx_word' id='word_1_2' title='bbox 1235 477 1620 541; x_wconf 83' lang='lat' dir='ltr'><strong>COMMENT.</strong></span> <span class='ocrx_word' id='word_1_3' title='bbox 1659 477 1735 538; x_wconf 86' lang='lat' dir='ltr'><strong>IN</strong></span> <span class='ocrx_word' id='word_1_4' title='bbox 1765 477 2007 540; x_wconf 77' lang='lat' dir='ltr'><strong>EPIST.</strong></span> <span class='ocrx_word' id='word_1_5' title='bbox 2045 481 2143 540; x_wconf 79' lang='lat' dir='ltr'><strong>AD</strong></span> <span class='ocrx_word' id='word_1_6' title='bbox 2182 481 2446 543; x_wconf 82' lang='lat' dir='ltr'><strong>EPHES.</strong></span> 
     </span>
    </p>
   </div>
   <div class='ocr_carea' id='block_1_3' title="bbox 3347 489 3480 547">
    <p class='ocr_par' dir='ltr' id='par_1_3' title="bbox 3347 489 3480 547">
     <span class='ocr_line' id='line_1_3' title="bbox 3347 489 3480 547; baseline 0 -3"><span class='ocrx_word' id='word_1_7' title='bbox 3347 489 3480 547; x_wconf 74' lang='grc' dir='ltr'>ιιιιι</span> 
     </span>
    </p>
   </div>
   <div class='ocr_carea' id='block_1_4' title="bbox 249 589 1809 668">
    <p class='ocr_par' dir='ltr' id='par_1_4' title="bbox 249 589 1809 663">
     <span class='ocr_line' id='line_1_4' title="bbox 249 589 1809 663; baseline -0.003 -17"><span class='ocrx_word' id='word_1_8' title='bbox 249 590 460 646; x_wconf 77' lang='grc' dir='ltr'>ἑαυτῶν</span> <span class='ocrx_word' id='word_1_9' title='bbox 487 589 941 663; x_wconf 81' lang='grc' dir='ltr'><strong>ἀπεστράφημεν,</strong></span> <span class='ocrx_word' id='word_1_10' title='bbox 990 590 1126 644; x_wconf 89' lang='grc' dir='ltr'><strong>ἀλλά</strong></span> <span class='ocrx_word' id='word_1_11' title='bbox 1170 592 1354 661; x_wconf 82' lang='grc' dir='ltr'>χάριτι</span> <span class='ocrx_word' id='word_1_12' title='bbox 1407 592 1500 644; x_wconf 74' lang='grc' dir='ltr'><strong>καὶ</strong></span> <span class='ocrx_word' id='word_1_13' title='bbox 1534 590 1809 661; x_wconf 80' lang='grc' dir='ltr'>δωρήματι</span> 
     </span>
    </p>
   </div>
   <div class='ocr_carea' id='block_1_5' title="bbox 1914 589 3484 668">
    <p class='ocr_par' dir='ltr' id='par_1_5' title="bbox 1923 594 3484 668">
     <span class='ocr_line' id='line_1_5' title="bbox 1923 594 3484 668; baseline 0.011 -27"><span class='ocrx_word' id='word_1_14' title='bbox 1923 605 2060 652; x_wconf 83' lang='lat' dir='ltr'><strong>mus,</strong></span> <span class='ocrx_word' id='word_1_15' title='bbox 2090 596 2182 647; x_wconf 87' lang='lat' dir='ltr'><strong>sed</strong></span> <span class='ocrx_word' id='word_1_16' title='bbox 2233 594 2288 648; x_wconf 84' lang='lat' dir='ltr'><strong>in</strong></span> <span class='ocrx_word' id='word_1_17' title='bbox 2325 595 2661 651; x_wconf 88' lang='lat' dir='ltr'><strong>contrarium</strong></span> <span class='ocrx_word' id='word_1_18' title='bbox 2715 599 2895 668; x_wconf 99' lang='lat' dir='ltr'><strong>potius</strong></span> <span class='ocrx_word' id='word_1_19' title='bbox 2951 600 3113 655; x_wconf 85' lang='lat' dir='ltr'><strong>delati</strong></span> <span class='ocrx_word' id='word_1_20' title='bbox 3143 616 3336 658; x_wconf 88' lang='lat' dir='ltr'><strong>sumus</strong></span> <span class='ocrx_word' id='word_1_21' title='bbox 3379 620 3392 656; x_wconf 89' lang='lat'><strong>:</strong></span> <span class='ocrx_word' id='word_1_22' title='bbox 3428 613 3484 658; x_wconf 86' lang='lat' dir='ltr'><strong>et</strong></span> 
     </span>
    </p>
   </div>
   <div class='ocr_carea' id='block_1_6' title="bbox 247 679 1815 753">
    <p class='ocr_par' dir='ltr' id='par_1_6' title="bbox 247 679 1815 753">
     <span class='ocr_line' id='line_1_6' title="bbox 247 679 1815 753; baseline 0.001 -21"><span class='ocrx_word' id='word_1_23' title='bbox 247 679 406 741; x_wconf 88' lang='grc' dir='ltr'>Θεοῦ,</span> <span class='ocrx_word' id='word_1_24' title='bbox 441 680 642 751; x_wconf 81' lang='grc' dir='ltr'>πηλίκη</span> <span class='ocrx_word' id='word_1_25' title='bbox 673 698 756 744; x_wconf 88' lang='grc' dir='ltr'><strong>τις</strong></span> <span class='ocrx_word' id='word_1_26' title='bbox 784 682 815 750; x_wconf 83' lang='grc' dir='ltr'><strong>ή</strong></span> <span class='ocrx_word' id='word_1_27' title='bbox 851 681 1167 752; x_wconf 74' lang='grc' dir='ltr'><strong>εὐχαριστία</strong></span> <span class='ocrx_word' id='word_1_28' title='bbox 1194 683 1322 753; x_wconf 88' lang='grc' dir='ltr'>παρ’</span> <span class='ocrx_word' id='word_1_29' title='bbox 1357 683 1513 752; x_wconf 79' lang='grc' dir='ltr'>ἡμῶν</span> <span class='ocrx_word' id='word_1_30' title='bbox 1542 681 1815 749; x_wconf 69' lang='grc' dir='ltr'>ὀφείλεται</span> 
     </span>
    </p>
   </div>
   <div class='ocr_carea' id='block_1_7' title="bbox 245 769 1814 842">
    <p class='ocr_par' dir='ltr' id='par_1_7' title="bbox 245 769 1814 842">
     <span class='ocr_line' id='line_1_7' title="bbox 245 769 1814 842; baseline 0.003 -22"><span class='ocrx_word' id='word_1_31' title='bbox 245 769 324 837; x_wconf 82' lang='grc' dir='ltr'><strong>τῷ</strong></span> <span class='ocrx_word' id='word_1_32' title='bbox 373 769 531 838; x_wconf 76' lang='grc' dir='ltr'><strong>Θεῷς</strong></span> <span class='ocrx_word' id='word_1_33' title='bbox 574 769 664 838; x_wconf 86' lang='grc' dir='ltr'>Τῷ</span> <span class='ocrx_word' id='word_1_34' title='bbox 691 770 770 834; x_wconf 83' lang='grc' dir='ltr'><strong>δὲ,</strong></span> <span class='ocrx_word' id='word_1_35' title='bbox 811 770 933 824; x_wconf 78' lang='grc' dir='ltr'>Ἐπὶ</span> <span class='ocrx_word' id='word_1_36' title='bbox 975 771 1156 842; x_wconf 76' lang='grc' dir='ltr'>ἔργοις</span> <span class='ocrx_word' id='word_1_37' title='bbox 1208 773 1431 840; x_wconf 82' lang='grc' dir='ltr'><strong>ἀγαθοῖς</strong></span> <span class='ocrx_word' id='word_1_38' title='bbox 1479 771 1814 835; x_wconf 80' lang='grc' dir='ltr'><strong>κτισθέντες,</strong></span> 
     </span>
    </p>
   </div>
   <div class='ocr_carea' id='block_1_8' title="bbox 247 860 1816 932">
    <p class='ocr_par' dir='ltr' id='par_1_8' title="bbox 247 860 1816 932">
     <span class='ocr_line' id='line_1_8' title="bbox 247 860 1816 932; baseline 0 -18"><span class='ocrx_word' id='word_1_39' title='bbox 247 860 366 929; x_wconf 73' lang='grc' dir='ltr'><strong>ἅμα</strong></span> <span class='ocrx_word' id='word_1_40' title='bbox 408 862 502 913; x_wconf 73' lang='grc' dir='ltr'>καὶ</span> <span class='ocrx_word' id='word_1_41' title='bbox 561 861 962 932; x_wconf 80' lang='grc' dir='ltr'>προτρέποντός</span> <span class='ocrx_word' id='word_1_42' title='bbox 997 865 1115 916; x_wconf 86' lang='grc' dir='ltr'>ὲστι</span> <span class='ocrx_word' id='word_1_43' title='bbox 1167 865 1258 916; x_wconf 73' lang='grc' dir='ltr'><strong>καὶ</strong></span> <span class='ocrx_word' id='word_1_44' title='bbox 1297 863 1674 926; x_wconf 84' lang='grc' dir='ltr'>διανιστῶντος</span> <span class='ocrx_word' id='word_1_45' title='bbox 1723 863 1816 915; x_wconf 71' lang='grc' dir='ltr'>ἐπὶ</span> 
     </span>
    </p>
   </div>
   <div class='ocr_carea' id='block_1_9' title="bbox 246 955 1815 1030">
    <p class='ocr_par' dir='ltr' id='par_1_9' title="bbox 246 955 1815 1030">
     <span class='ocr_line' id='line_1_9' title="bbox 246 955 1815 1030; baseline 0 -21"><span class='ocrx_word' id='word_1_46' title='bbox 246 955 479 1024; x_wconf 72' lang='grc' dir='ltr'>πράξεις</span> <span class='ocrx_word' id='word_1_47' title='bbox 508 956 740 1024; x_wconf 80' lang='grc' dir='ltr'>ἀγαθάς.</span> <span class='ocrx_word' id='word_1_48' title='bbox 772 957 889 1010; x_wconf 81' lang='grc' dir='ltr'>Ἵνα</span> <span class='ocrx_word' id='word_1_49' title='bbox 945 958 1104 1030; x_wconf 81' lang='grc' dir='ltr'>είπῃ·</span> <span class='ocrx_word' id='word_1_50' title='bbox 1152 959 1436 1028; x_wconf 84' lang='grc' dir='ltr'>Χρεῶσταί</span> <span class='ocrx_word' id='word_1_51' title='bbox 1486 960 1609 1011; x_wconf 78' lang='grc' dir='ltr'>ἐστε</span> <span class='ocrx_word' id='word_1_52' title='bbox 1643 959 1815 1010; x_wconf 85' lang='grc' dir='ltr'>ποιεῖν</span> 
     </span>
    </p>
   </div>
   <div class='ocr_carea' id='block_1_10' title="bbox 244 1045 1814 1118">
    <p class='ocr_par' dir='ltr' id='par_1_10' title="bbox 244 1045 1814 1118">
     <span class='ocr_line' id='line_1_10' title="bbox 244 1045 1814 1118; baseline 0 -20"><span class='ocrx_word' id='word_1_53' title='bbox 244 1045 310 1098; x_wconf 78' lang='grc' dir='ltr'>τὸ</span> <span class='ocrx_word' id='word_1_54' title='bbox 343 1046 565 1112; x_wconf 81' lang='grc' dir='ltr'>ἀγαθὸν,</span> <span class='ocrx_word' id='word_1_55' title='bbox 606 1047 698 1099; x_wconf 71' lang='grc' dir='ltr'>καὶ</span> <span class='ocrx_word' id='word_1_56' title='bbox 746 1046 977 1116; x_wconf 83' lang='grc' dir='ltr'>ἀρχαῖόν</span> <span class='ocrx_word' id='word_1_57' title='bbox 1008 1048 1122 1099; x_wconf 80' lang='grc' dir='ltr'>ἐστι</span> <span class='ocrx_word' id='word_1_58' title='bbox 1156 1048 1215 1100; x_wconf 81' lang='grc' dir='ltr'><strong>τὸ</strong></span> <span class='ocrx_word' id='word_1_59' title='bbox 1248 1050 1432 1118; x_wconf 76' lang='grc' dir='ltr'>χρέος.</span> <span class='ocrx_word' id='word_1_60' title='bbox 1472 1048 1593 1100; x_wconf 74' lang='grc' dir='ltr'><strong>Ἐπὶ</strong></span> <span class='ocrx_word' id='word_1_61' title='bbox 1638 1046 1814 1115; x_wconf 77' lang='grc' dir='ltr'>τούτῳ</span> 
     </span>
    </p>
   </div>
   <div class='ocr_carea' id='block_1_11' title="bbox 246 1138 1810 1210">
    <p class='ocr_par' dir='ltr' id='par_1_11' title="bbox 246 1138 1810 1210">
     <span class='ocr_line' id='line_1_11' title="bbox 246 1138 1810 1210; baseline 0 -18"><span class='ocrx_word' id='word_1_62' title='bbox 246 1140 357 1209; x_wconf 85' lang='grc' dir='ltr'>γὰρ</span> <span class='ocrx_word' id='word_1_63' title='bbox 385 1139 690 1210; x_wconf 78' lang='grc' dir='ltr'>ἐκτίσθητε,</span> <span class='ocrx_word' id='word_1_64' title='bbox 719 1139 856 1193; x_wconf 86' lang='grc' dir='ltr'><strong>ἀλλά</strong></span> <span class='ocrx_word' id='word_1_65' title='bbox 914 1141 1004 1192; x_wconf 76' lang='grc' dir='ltr'>καὶ</span> <span class='ocrx_word' id='word_1_66' title='bbox 1034 1140 1214 1204; x_wconf 80' lang='grc' dir='ltr'>τόκοις</span> <span class='ocrx_word' id='word_1_67' title='bbox 1252 1141 1382 1193; x_wconf 78' lang='grc' dir='ltr'>αὐτὸ</span> <span class='ocrx_word' id='word_1_68' title='bbox 1439 1139 1653 1202; x_wconf 78' lang='grc' dir='ltr'>πολλοῖς</span> <span class='ocrx_word' id='word_1_69' title='bbox 1682 1138 1810 1192; x_wconf 79' lang='grc' dir='ltr'>ἐϐα-</span> 
     </span>
    </p>
   </div>
   <div class='ocr_carea' id='block_1_12' title="bbox 243 1227 1814 1304">
    <p class='ocr_par' dir='ltr' id='par_1_12' title="bbox 243 1227 1814 1304">
     <span class='ocr_line' id='line_1_12' title="bbox 243 1227 1814 1304; baseline -0.003 -20"><span class='ocrx_word' id='word_1_70' title='bbox 243 1231 443 1300; x_wconf 76' lang='grc' dir='ltr'>ρύνατε</span> <span class='ocrx_word' id='word_1_71' title='bbox 476 1233 570 1284; x_wconf 74' lang='grc' dir='ltr'><strong>καὶ</strong></span> <span class='ocrx_word' id='word_1_72' title='bbox 602 1232 896 1301; x_wconf 76' lang='grc' dir='ltr'>ηὐξήσατε,</span> <span class='ocrx_word' id='word_1_73' title='bbox 942 1233 1110 1304; x_wconf 80' lang='grc' dir='ltr'>μηδὲν</span> <span class='ocrx_word' id='word_1_74' title='bbox 1151 1231 1512 1296; x_wconf 79' lang='grc' dir='ltr'>ἀποδιδόντες,</span> <span class='ocrx_word' id='word_1_75' title='bbox 1545 1230 1680 1284; x_wconf 88' lang='grc' dir='ltr'><strong>ἀλλά</strong></span> <span class='ocrx_word' id='word_1_76' title='bbox 1719 1227 1814 1281; x_wconf 81' lang='grc' dir='ltr'><strong>καὶ</strong></span> 
     </span>
    </p>
   </div>
   <div class='ocr_carea' id='block_1_13' title="bbox 242 1320 1812 1394">
    <p class='ocr_par' dir='ltr' id='par_1_13' title="bbox 242 1320 1812 1394">
     <span class='ocr_line' id='line_1_13' title="bbox 242 1320 1812 1394; baseline -0.001 -20"><span class='ocrx_word' id='word_1_77' title='bbox 242 1321 336 1374; x_wconf 83' lang='grc' dir='ltr'>διὰ</span> <span class='ocrx_word' id='word_1_78' title='bbox 383 1322 747 1392; x_wconf 78' lang='grc' dir='ltr'>παραϐάσεως</span> <span class='ocrx_word' id='word_1_79' title='bbox 796 1322 1199 1394; x_wconf 81' lang='grc' dir='ltr'>προστιθέντες.</span> <span class='ocrx_word' id='word_1_80' title='bbox 1243 1325 1415 1392; x_wconf 82' lang='grc' dir='ltr'>Χρεία</span> <span class='ocrx_word' id='word_1_81' title='bbox 1469 1320 1560 1374; x_wconf 79' lang='grc' dir='ltr'>οὖν</span> <span class='ocrx_word' id='word_1_82' title='bbox 1610 1320 1812 1390; x_wconf 84' lang='grc' dir='ltr'>πολλῆς</span> 
     </span>
    </p>
   </div>
   <div class='ocr_carea' id='block_1_14' title="bbox 244 1411 1814 1482">
    <p class='ocr_par' dir='ltr' id='par_1_14' title="bbox 244 1411 1814 1482">
     <span class='ocr_line' id='line_1_14' title="bbox 244 1411 1814 1482; baseline -0.001 -19"><span class='ocrx_word' id='word_1_83' title='bbox 244 1411 488 1480; x_wconf 80' lang='grc' dir='ltr'><strong>σπουδῆς</strong></span> <span class='ocrx_word' id='word_1_84' title='bbox 527 1411 618 1464; x_wconf 77' lang='grc' dir='ltr'>καὶ</span> <span class='ocrx_word' id='word_1_85' title='bbox 650 1413 990 1482; x_wconf 74' lang='grc' dir='ltr'>ἐπιμελείας,</span> <span class='ocrx_word' id='word_1_86' title='bbox 1022 1413 1101 1474; x_wconf 82' lang='grc' dir='ltr'><strong>είς</strong></span> <span class='ocrx_word' id='word_1_87' title='bbox 1138 1412 1198 1465; x_wconf 82' lang='grc' dir='ltr'><strong>τὸ</strong></span> <span class='ocrx_word' id='word_1_88' title='bbox 1229 1412 1296 1464; x_wconf 88' lang='grc' dir='ltr'><strong>τά</strong></span> <span class='ocrx_word' id='word_1_89' title='bbox 1326 1411 1652 1481; x_wconf 76' lang='grc' dir='ltr'>ὀφειλόμενα</span> <span class='ocrx_word' id='word_1_90' title='bbox 1677 1411 1814 1462; x_wconf 84' lang='grc' dir='ltr'>ἀπο-</span> 
     </span>
    </p>
   </div>
   <div class='ocr_carea' id='block_1_15' title="bbox 237 1502 1814 1576">
    <p class='ocr_par' dir='ltr' id='par_1_15' title="bbox 237 1502 1814 1576">
     <span class='ocr_line' id='line_1_15' title="bbox 237 1502 1814 1576; baseline 0.003 -22"><span class='ocrx_word' id='word_1_91' title='bbox 237 1502 414 1556; x_wconf 83' lang='grc' dir='ltr'>τίσαι.</span> <span class='ocrx_word' id='word_1_92' title='bbox 460 1522 476 1547; x_wconf 78' lang='grc' dir='ltr'><strong><em>σ</em></strong></span> <span class='ocrx_word' id='word_1_93' title='bbox 514 1504 840 1568; x_wconf 65' lang='grc' dir='ltr'>κτισθέντες</span> <span class='ocrx_word' id='word_1_94' title='bbox 876 1507 933 1557; x_wconf 79' lang='grc' dir='ltr'><strong>ἐν</strong></span> <span class='ocrx_word' id='word_1_95' title='bbox 975 1504 1195 1575; x_wconf 82' lang='grc' dir='ltr'>Χριστῷ</span> <span class='ocrx_word' id='word_1_96' title='bbox 1233 1504 1428 1576; x_wconf 81' lang='grc' dir='ltr'>Ἰησοῦ.</span> <span class='ocrx_word' id='word_1_97' title='bbox 1463 1525 1480 1557; x_wconf 78' lang='grc' dir='ltr'><strong>ι</strong></span> <span class='ocrx_word' id='word_1_98' title='bbox 1535 1503 1668 1560; x_wconf 88' lang='grc' dir='ltr'>Εἶτα</span> <span class='ocrx_word' id='word_1_99' title='bbox 1726 1506 1814 1559; x_wconf 83' lang='grc' dir='ltr'><strong>ἵνα</strong></span> 
     </span>
    </p>
   </div>
   <div class='ocr_carea' id='block_1_16' title="bbox 242 1594 1813 1668">
    <p class='ocr_par' dir='ltr' id='par_1_16' title="bbox 242 1594 1813 1668">
     <span class='ocr_line' id='line_1_16' title="bbox 242 1594 1813 1668; baseline 0.001 -20"><span class='ocrx_word' id='word_1_100' title='bbox 242 1594 325 1665; x_wconf 76' lang='grc' dir='ltr'>μὴ</span> <span class='ocrx_word' id='word_1_101' title='bbox 367 1595 697 1658; x_wconf 80' lang='grc' dir='ltr'>ἀκούσαντες</span> <span class='ocrx_word' id='word_1_102' title='bbox 733 1596 816 1649; x_wconf 84' lang='grc' dir='ltr'><strong>ὅτι</strong></span> <span class='ocrx_word' id='word_1_103' title='bbox 855 1596 956 1649; x_wconf 82' lang='grc' dir='ltr'><strong>οὐκ</strong></span> <span class='ocrx_word' id='word_1_104' title='bbox 995 1596 1053 1660; x_wconf 79' lang='grc' dir='ltr'>ἐξ</span> <span class='ocrx_word' id='word_1_105' title='bbox 1092 1596 1267 1665; x_wconf 78' lang='grc' dir='ltr'>ἔργων</span> <span class='ocrx_word' id='word_1_106' title='bbox 1308 1595 1630 1668; x_wconf 81' lang='grc' dir='ltr'>ἐσώθημεν,</span> <span class='ocrx_word' id='word_1_107' title='bbox 1673 1597 1813 1650; x_wconf 87' lang='grc' dir='ltr'><strong>ἀλλά</strong></span> 
     </span>
    </p>
   </div>
   <div class='ocr_carea' id='block_1_17' title="bbox 241 1686 1812 1758">
    <p class='ocr_par' dir='ltr' id='par_1_17' title="bbox 241 1686 1812 1758">
     <span class='ocr_line' id='line_1_17' title="bbox 241 1686 1812 1758; baseline 0.003 -21"><span class='ocrx_word' id='word_1_108' title='bbox 241 1687 450 1755; x_wconf 77' lang='grc' dir='ltr'>χάριτι,</span> <span class='ocrx_word' id='word_1_109' title='bbox 484 1687 846 1757; x_wconf 58' lang='grc' dir='ltr'>ρᾳθυμότεροι</span> <span class='ocrx_word' id='word_1_110' title='bbox 894 1686 1199 1756; x_wconf 83' lang='grc' dir='ltr'>γενώμεθα,</span> <span class='ocrx_word' id='word_1_111' title='bbox 1239 1688 1510 1742; x_wconf 88' lang='grc' dir='ltr'>δείκνυσιν</span> <span class='ocrx_word' id='word_1_112' title='bbox 1544 1689 1626 1742; x_wconf 83' lang='grc' dir='ltr'><strong>ὅτι</strong></span> <span class='ocrx_word' id='word_1_113' title='bbox 1674 1687 1812 1758; x_wconf 83' lang='grc' dir='ltr'><strong>μετά</strong></span> 
     </span>
    </p>
   </div>
   <div class='ocr_carea' id='block_1_18' title="bbox 238 1778 1809 1852">
    <p class='ocr_par' dir='ltr' id='par_1_18' title="bbox 238 1778 1809 1852">
     <span class='ocr_line' id='line_1_18' title="bbox 238 1778 1809 1852; baseline 0.003 -22"><span class='ocrx_word' id='word_1_114' title='bbox 238 1779 346 1847; x_wconf 79' lang='grc' dir='ltr'><strong>τὴν</strong></span> <span class='ocrx_word' id='word_1_115' title='bbox 380 1779 585 1842; x_wconf 86' lang='grc' dir='ltr'>πίστιν,</span> <span class='ocrx_word' id='word_1_116' title='bbox 618 1779 712 1832; x_wconf 72' lang='grc' dir='ltr'><strong>καὶ</strong></span> <span class='ocrx_word' id='word_1_117' title='bbox 741 1778 919 1850; x_wconf 76' lang='grc' dir='ltr'>ἔργων</span> <span class='ocrx_word' id='word_1_118' title='bbox 966 1779 1148 1850; x_wconf 85' lang='grc' dir='ltr'>χρεία.</span> <span class='ocrx_word' id='word_1_119' title='bbox 1185 1798 1203 1830; x_wconf 80' lang='grc' dir='ltr'><strong>ι</strong></span> <span class='ocrx_word' id='word_1_120' title='bbox 1244 1781 1420 1833; x_wconf 81' lang='grc' dir='ltr'>Αὐτοῦ</span> <span class='ocrx_word' id='word_1_121' title='bbox 1466 1781 1573 1851; x_wconf 81' lang='grc' dir='ltr'>γάρ</span> <span class='ocrx_word' id='word_1_122' title='bbox 1619 1782 1809 1852; x_wconf 71' lang='grc' dir='ltr'>ἐσμεν,</span> 
     </span>
    </p>
   </div>
   <div class='ocr_carea' id='block_1_19' title="bbox 242 1869 1808 1942">
    <p class='ocr_par' dir='ltr' id='par_1_19' title="bbox 242 1869 1808 1942">
     <span class='ocr_line' id='line_1_19' title="bbox 242 1869 1808 1942; baseline 0.001 -20"><span class='ocrx_word' id='word_1_123' title='bbox 242 1869 404 1939; x_wconf 77' lang='grc' dir='ltr'>φησὶ,</span> <span class='ocrx_word' id='word_1_124' title='bbox 443 1869 674 1940; x_wconf 82' lang='grc' dir='ltr'>ποίημα,</span> <span class='ocrx_word' id='word_1_125' title='bbox 701 1870 1014 1934; x_wconf 84' lang='grc' dir='ltr'>κτισθέντες</span> <span class='ocrx_word' id='word_1_126' title='bbox 1047 1870 1135 1924; x_wconf 90' lang='grc' dir='ltr'><strong>διά</strong></span> <span class='ocrx_word' id='word_1_127' title='bbox 1177 1869 1350 1942; x_wconf 83' lang='grc' dir='ltr'>Ἰησοῦ</span> <span class='ocrx_word' id='word_1_128' title='bbox 1380 1870 1638 1942; x_wconf 79' lang='grc' dir='ltr'>Χριστοῦ.</span> <span class='ocrx_word' id='word_1_129' title='bbox 1679 1889 1697 1922; x_wconf 72' lang='grc' dir='ltr'><strong>ι</strong></span> <span class='ocrx_word' id='word_1_130' title='bbox 1732 1872 1808 1924; x_wconf 85' lang='grc' dir='ltr'><strong>Οὐ</strong></span> 
     </span>
    </p>
   </div>
   <div class='ocr_carea' id='block_1_20' title="bbox 242 1961 1812 2035">
    <p class='ocr_par' dir='ltr' id='par_1_20' title="bbox 242 1961 1812 2035">
     <span class='ocr_line' id='line_1_20' title="bbox 242 1961 1812 2035; baseline 0.003 -22"><span class='ocrx_word' id='word_1_131' title='bbox 242 1961 346 2033; x_wconf 80' lang='grc' dir='ltr'>τὴν</span> <span class='ocrx_word' id='word_1_132' title='bbox 390 1965 614 2032; x_wconf 79' lang='grc' dir='ltr'>πρώτην</span> <span class='ocrx_word' id='word_1_133' title='bbox 667 1961 827 2032; x_wconf 80' lang='grc' dir='ltr'>ἡμῶν</span> <span class='ocrx_word' id='word_1_134' title='bbox 864 1963 1224 2034; x_wconf 81' lang='grc' dir='ltr'>δημιουργίαν</span> <span class='ocrx_word' id='word_1_135' title='bbox 1267 1964 1474 2032; x_wconf 82' lang='grc' dir='ltr'>λέγων,</span> <span class='ocrx_word' id='word_1_136' title='bbox 1531 1964 1666 2018; x_wconf 87' lang='grc' dir='ltr'><strong>ἀλλά</strong></span> <span class='ocrx_word' id='word_1_137' title='bbox 1713 1964 1812 2035; x_wconf 79' lang='grc' dir='ltr'><strong>τὴν</strong></span> 
     </span>
    </p>
   </div>
   <div class='ocr_carea' id='block_1_21' title="bbox 238 2052 1815 2124">
    <p class='ocr_par' dir='ltr' id='par_1_21' title="bbox 238 2052 1815 2124">
     <span class='ocr_line' id='line_1_21' title="bbox 238 2052 1815 2124; baseline 0.001 -18"><span class='ocrx_word' id='word_1_138' title='bbox 238 2052 506 2123; x_wconf 78' lang='grc' dir='ltr'>δευτέραν</span> <span class='ocrx_word' id='word_1_139' title='bbox 535 2052 631 2124; x_wconf 82' lang='grc' dir='ltr'>τὴν</span> <span class='ocrx_word' id='word_1_140' title='bbox 656 2055 712 2106; x_wconf 83' lang='grc' dir='ltr'>ὲν</span> <span class='ocrx_word' id='word_1_141' title='bbox 732 2053 809 2124; x_wconf 83' lang='grc' dir='ltr'>τῷ</span> <span class='ocrx_word' id='word_1_142' title='bbox 831 2053 1184 2124; x_wconf 85' lang='grc' dir='ltr'>βαπτίσματι.</span> <span class='ocrx_word' id='word_1_143' title='bbox 1225 2055 1582 2124; x_wconf 85' lang='grc' dir='ltr'>Ἐκτίσθημεν</span> <span class='ocrx_word' id='word_1_144' title='bbox 1613 2055 1689 2120; x_wconf 80' lang='grc' dir='ltr'>δὲ,</span> <span class='ocrx_word' id='word_1_145' title='bbox 1712 2071 1815 2124; x_wconf 78' lang='grc' dir='ltr'><strong>φη-</strong></span> 
     </span>
    </p>
   </div>
   <div class='ocr_carea' id='block_1_22' title="bbox 245 2140 1817 2217">
    <p class='ocr_par' dir='ltr' id='par_1_22' title="bbox 245 2140 1817 2217">
     <span class='ocr_line' id='line_1_22' title="bbox 245 2140 1817 2217; baseline 0 -19"><span class='ocrx_word' id='word_1_146' title='bbox 245 2146 357 2211; x_wconf 78' lang='grc' dir='ltr'>σὶν,</span> <span class='ocrx_word' id='word_1_147' title='bbox 381 2145 476 2199; x_wconf 75' lang='grc' dir='ltr'>ἐπὶ</span> <span class='ocrx_word' id='word_1_148' title='bbox 502 2145 684 2215; x_wconf 77' lang='grc' dir='ltr'>ἔργοις</span> <span class='ocrx_word' id='word_1_149' title='bbox 707 2146 951 2215; x_wconf 82' lang='grc' dir='ltr'>ἀγαθοῖς,</span> <span class='ocrx_word' id='word_1_150' title='bbox 969 2140 1050 2210; x_wconf 74' lang='grc' dir='ltr'>οἷς</span> <span class='ocrx_word' id='word_1_151' title='bbox 1083 2146 1483 2217; x_wconf 76' lang='grc' dir='ltr'>προητοίμασεν</span> <span class='ocrx_word' id='word_1_152' title='bbox 1511 2148 1538 2199; x_wconf 87' lang='grc' dir='ltr'><strong>ό</strong></span> <span class='ocrx_word' id='word_1_153' title='bbox 1567 2145 1718 2211; x_wconf 77' lang='grc' dir='ltr'>Θεὸς,</span> <span class='ocrx_word' id='word_1_154' title='bbox 1737 2147 1817 2210; x_wconf 84' lang='grc' dir='ltr'><strong>είς</strong></span> 
     </span>
    </p>
   </div>
   <div class='ocr_carea' id='block_1_23' title="bbox 241 2225 1814 2310">
    <p class='ocr_par' dir='ltr' id='par_1_23' title="bbox 241 2225 1814 2310">
     <span class='ocr_line' id='line_1_23' title="bbox 241 2225 1814 2310; baseline 0 -20"><span class='ocrx_word' id='word_1_155' title='bbox 241 2238 310 2290; x_wconf 76' lang='grc' dir='ltr'>τὸ</span> <span class='ocrx_word' id='word_1_156' title='bbox 341 2241 399 2292; x_wconf 79' lang='grc' dir='ltr'>ὲν</span> <span class='ocrx_word' id='word_1_157' title='bbox 437 2239 638 2303; x_wconf 80' lang='grc' dir='ltr'>αὐτοῖς,</span> <span class='ocrx_word' id='word_1_158' title='bbox 688 2225 842 2310; x_wconf 80' lang='grc' dir='ltr'>φησὶ,</span> <span class='ocrx_word' id='word_1_159' title='bbox 896 2239 1238 2310; x_wconf 84' lang='grc' dir='ltr'>περιπατεῖν.</span> <span class='ocrx_word' id='word_1_160' title='bbox 1271 2239 1491 2292; x_wconf 83' lang='grc' dir='ltr'>Ἕνεστι</span> <span class='ocrx_word' id='word_1_161' title='bbox 1539 2237 1594 2290; x_wconf 81' lang='grc' dir='ltr'>δὲ</span> <span class='ocrx_word' id='word_1_162' title='bbox 1643 2236 1814 2290; x_wconf 87' lang='grc' dir='ltr'>ταῦτα</span> 
     </span>
    </p>
   </div>
   <div class='ocr_carea' id='block_1_24' title="bbox 241 2326 1814 2403">
    <p class='ocr_par' dir='ltr' id='par_1_24' title="bbox 241 2326 1814 2403">
     <span class='ocr_line' id='line_1_24' title="bbox 241 2326 1814 2403; baseline -0.001 -20"><span class='ocrx_word' id='word_1_163' title='bbox 241 2331 496 2401; x_wconf 78' lang='grc' dir='ltr'>καὶπερὶ</span> <span class='ocrx_word' id='word_1_164' title='bbox 533 2331 633 2401; x_wconf 83' lang='grc' dir='ltr'><strong>τῆς</strong></span> <span class='ocrx_word' id='word_1_165' title='bbox 667 2329 890 2403; x_wconf 82' lang='grc' dir='ltr'>πρώτης</span> <span class='ocrx_word' id='word_1_166' title='bbox 919 2331 1282 2402; x_wconf 84' lang='grc' dir='ltr'>δημιουργίας</span> <span class='ocrx_word' id='word_1_167' title='bbox 1312 2333 1472 2383; x_wconf 88' lang='grc' dir='ltr'>νοεῖν.</span> <span class='ocrx_word' id='word_1_168' title='bbox 1514 2349 1532 2382; x_wconf 76' lang='grc' dir='ltr'><strong>ι</strong></span> <span class='ocrx_word' id='word_1_169' title='bbox 1555 2326 1650 2392; x_wconf 72' lang='grc' dir='ltr'><strong>Οἷς</strong></span> <span class='ocrx_word' id='word_1_170' title='bbox 1679 2347 1814 2400; x_wconf 87' lang='grc' dir='ltr'>προ-</span> 
     </span>
    </p>
   </div>
   <div class='ocr_carea' id='block_1_25' title="bbox 238 2418 1809 2493">
    <p class='ocr_par' dir='ltr' id='par_1_25' title="bbox 238 2418 1809 2493">
     <span class='ocr_line' id='line_1_25' title="bbox 238 2418 1809 2493; baseline 0.001 -20"><span class='ocrx_word' id='word_1_171' title='bbox 238 2421 545 2491; x_wconf 86' lang='grc' dir='ltr'>ητοίμασεν</span> <span class='ocrx_word' id='word_1_172' title='bbox 583 2421 786 2486; x_wconf 83' lang='grc' dir='ltr'>όΘεός.</span> <span class='ocrx_word' id='word_1_173' title='bbox 824 2441 843 2474; x_wconf 75' lang='grc' dir='ltr'><strong>ι</strong></span> <span class='ocrx_word' id='word_1_174' title='bbox 885 2418 983 2485; x_wconf 76' lang='grc' dir='ltr'><strong>Οἷς</strong></span> <span class='ocrx_word' id='word_1_175' title='bbox 1013 2423 1108 2476; x_wconf 74' lang='grc' dir='ltr'><strong>καὶ</strong></span> <span class='ocrx_word' id='word_1_176' title='bbox 1147 2422 1254 2493; x_wconf 78' lang='grc' dir='ltr'><strong>πρὸ</strong></span> <span class='ocrx_word' id='word_1_177' title='bbox 1288 2423 1380 2476; x_wconf 86' lang='grc' dir='ltr'><strong>τοῦ</strong></span> <span class='ocrx_word' id='word_1_178' title='bbox 1417 2421 1809 2492; x_wconf 80' lang='grc' dir='ltr'>βαπτίσματος,</span> 
     </span>
    </p>
   </div>
   <div class='ocr_carea' id='block_1_26' title="bbox 239 2514 1807 2584">
    <p class='ocr_par' dir='ltr' id='par_1_26' title="bbox 239 2514 1807 2584">
     <span class='ocr_line' id='line_1_26' title="bbox 239 2514 1807 2584; baseline 0 -18"><span class='ocrx_word' id='word_1_179' title='bbox 239 2515 430 2584; x_wconf 72' lang='grc' dir='ltr'>φησὶν,</span> <span class='ocrx_word' id='word_1_180' title='bbox 461 2515 776 2584; x_wconf 69' lang='grc' dir='ltr'>ἡτοίμασεν.</span> <span class='ocrx_word' id='word_1_181' title='bbox 807 2533 826 2566; x_wconf 75' lang='grc' dir='ltr'><strong>ι</strong></span> <span class='ocrx_word' id='word_1_182' title='bbox 854 2515 971 2568; x_wconf 81' lang='grc' dir='ltr'>Ἵνα</span> <span class='ocrx_word' id='word_1_183' title='bbox 1001 2517 1057 2569; x_wconf 76' lang='grc' dir='ltr'>ὲν</span> <span class='ocrx_word' id='word_1_184' title='bbox 1084 2514 1266 2576; x_wconf 80' lang='grc' dir='ltr'>αὐτοῖς</span> <span class='ocrx_word' id='word_1_185' title='bbox 1295 2515 1807 2584; x_wconf 75' lang='grc' dir='ltr'>περιπατήσωμεν.)</span> 
     </span>
    </p>
   </div>
   <div class='ocr_carea' id='block_1_27' title="bbox 240 2605 1418 2678">
    <p class='ocr_par' dir='ltr' id='par_1_27' title="bbox 240 2605 1418 2678">
     <span class='ocr_line' id='line_1_27' title="bbox 240 2605 1418 2678; baseline 0 -20"><span class='ocrx_word' id='word_1_186' title='bbox 240 2606 356 2678; x_wconf 76' lang='grc' dir='ltr'>Τὴν</span> <span class='ocrx_word' id='word_1_187' title='bbox 388 2605 472 2658; x_wconf 74' lang='grc' dir='ltr'><strong>ἐπ’</strong></span> <span class='ocrx_word' id='word_1_188' title='bbox 502 2606 685 2670; x_wconf 79' lang='grc' dir='ltr'>αὐτοῖς</span> <span class='ocrx_word' id='word_1_189' title='bbox 708 2606 985 2660; x_wconf 75' lang='grc' dir='ltr'>ἄπαυστον</span> <span class='ocrx_word' id='word_1_190' title='bbox 1019 2605 1204 2675; x_wconf 83' lang='grc' dir='ltr'>σχέσιν</span> <span class='ocrx_word' id='word_1_191' title='bbox 1249 2606 1418 2676; x_wconf 88' lang='grc' dir='ltr'>δηλοῖ.</span> 
     </span>
    </p>
   </div>
   <div class='ocr_carea' id='block_1_28' title="bbox 322 2788 1813 2860">
    <p class='ocr_par' dir='ltr' id='par_1_28' title="bbox 322 2788 1813 2860">
     <span class='ocr_line' id='line_1_28' title="bbox 322 2788 1813 2860; baseline 0 -18"><span class='ocrx_word' id='word_1_192' title='bbox 322 2791 411 2843; x_wconf 82' lang='grc' dir='ltr'><strong>Διὸ</strong></span> <span class='ocrx_word' id='word_1_193' title='bbox 457 2790 864 2860; x_wconf 80' lang='grc' dir='ltr'>μνημονεύετε</span> <span class='ocrx_word' id='word_1_194' title='bbox 915 2791 1003 2844; x_wconf 78' lang='grc' dir='ltr'>ὅτι</span> <span class='ocrx_word' id='word_1_195' title='bbox 1053 2788 1224 2858; x_wconf 81' lang='grc' dir='ltr'>ὑμεῖς</span> <span class='ocrx_word' id='word_1_196' title='bbox 1269 2803 1413 2843; x_wconf 80' lang='grc' dir='ltr'>ποτε</span> <span class='ocrx_word' id='word_1_197' title='bbox 1457 2789 1528 2842; x_wconf 86' lang='grc' dir='ltr'>τὰ</span> <span class='ocrx_word' id='word_1_198' title='bbox 1553 2789 1708 2858; x_wconf 66' lang='grc' dir='ltr'>ἔθνη</span> <span class='ocrx_word' id='word_1_199' title='bbox 1743 2790 1813 2842; x_wconf 79' lang='grc' dir='ltr'>ἐν</span> 
     </span>
    </p>
   </div>
   <div class='ocr_carea' id='block_1_29' title="bbox 235 2879 1811 2950">
    <p class='ocr_par' dir='ltr' id='par_1_29' title="bbox 235 2879 1811 2950">
     <span class='ocr_line' id='line_1_29' title="bbox 235 2879 1811 2950; baseline 0.001 -18"><span class='ocrx_word' id='word_1_200' title='bbox 235 2881 424 2947; x_wconf 73' lang='grc' dir='ltr'>σαρκὶ</span> <span class='ocrx_word' id='word_1_201' title='bbox 463 2882 522 2933; x_wconf 84' lang='lat' dir='ltr'><strong>oi</strong></span> <span class='ocrx_word' id='word_1_202' title='bbox 569 2882 880 2950; x_wconf 77' lang='grc' dir='ltr'>λεγόμενοι</span> <span class='ocrx_word' id='word_1_203' title='bbox 921 2881 1304 2949; x_wconf 78' lang='grc' dir='ltr'>ἀκροϐυστία,</span> <span class='ocrx_word' id='word_1_204' title='bbox 1334 2880 1454 2937; x_wconf 79' lang='grc' dir='ltr'><strong>ὑπὸ</strong></span> <span class='ocrx_word' id='word_1_205' title='bbox 1485 2879 1591 2948; x_wconf 84' lang='grc' dir='ltr'>τῆς</span> <span class='ocrx_word' id='word_1_206' title='bbox 1636 2885 1811 2950; x_wconf 70' lang='grc' dir='ltr'>λεγο-</span> 
     </span>
    </p>
   </div>
   <div class='ocr_carea' id='block_1_30' title="bbox 233 2965 1810 3043">
    <p class='ocr_par' dir='ltr' id='par_1_30' title="bbox 233 2965 1810 3043">
     <span class='ocr_line' id='line_1_30' title="bbox 233 2965 1810 3043; baseline 0.001 -18"><span class='ocrx_word' id='word_1_207' title='bbox 233 2973 427 3040; x_wconf 78' lang='grc' dir='ltr'>μένης</span> <span class='ocrx_word' id='word_1_208' title='bbox 457 2971 776 3042; x_wconf 80' lang='grc' dir='ltr'>περιτομῆς</span> <span class='ocrx_word' id='word_1_209' title='bbox 803 2973 874 3026; x_wconf 84' lang='grc' dir='ltr'>ἐν</span> <span class='ocrx_word' id='word_1_210' title='bbox 899 2965 1553 3041; x_wconf 63' lang='grc' dir='ltr'>σαρκϊχειροποιήτου,</span> <span class='ocrx_word' id='word_1_211' title='bbox 1585 2973 1674 3026; x_wconf 87' lang='grc' dir='ltr'>ὅτι</span> <span class='ocrx_word' id='word_1_212' title='bbox 1705 2970 1810 3043; x_wconf 84' lang='grc' dir='ltr'>ἦτε</span> 
     </span>
    </p>
   </div>
   <div class='ocr_carea' id='block_1_31' title="bbox 235 3062 1809 3135">
    <p class='ocr_par' dir='ltr' id='par_1_31' title="bbox 235 3062 1809 3135">
     <span class='ocr_line' id='line_1_31' title="bbox 235 3062 1809 3135; baseline 0.001 -17"><span class='ocrx_word' id='word_1_213' title='bbox 235 3067 313 3118; x_wconf 79' lang='grc' dir='ltr'>ἐν</span> <span class='ocrx_word' id='word_1_214' title='bbox 336 3065 412 3129; x_wconf 85' lang='grc' dir='ltr'>τῷ</span> <span class='ocrx_word' id='word_1_215' title='bbox 447 3062 626 3135; x_wconf 79' lang='grc' dir='ltr'>καιρῷ</span> <span class='ocrx_word' id='word_1_216' title='bbox 653 3065 863 3132; x_wconf 75' lang='grc' dir='ltr'>ἐκείνῳ</span> <span class='ocrx_word' id='word_1_217' title='bbox 899 3065 1075 3135; x_wconf 77' lang='grc' dir='ltr'>χωρὶς</span> <span class='ocrx_word' id='word_1_218' title='bbox 1112 3067 1367 3133; x_wconf 83' lang='grc' dir='ltr'>Χριστοῦ</span> <span class='ocrx_word' id='word_1_219' title='bbox 1396 3066 1809 3134; x_wconf 83' lang='grc' dir='ltr'>ἀπηλλοτριω-</span> 
     </span>
    </p>
   </div>
   <div class='ocr_carea' id='block_1_32' title="bbox 233 3156 1809 3225">
    <p class='ocr_par' dir='ltr' id='par_1_32' title="bbox 233 3156 1809 3225">
     <span class='ocr_line' id='line_1_32' title="bbox 233 3156 1809 3225; baseline 0.001 -15"><span class='ocrx_word' id='word_1_220' title='bbox 233 3157 409 3225; x_wconf 79' lang='grc' dir='ltr'>μένοι</span> <span class='ocrx_word' id='word_1_221' title='bbox 451 3157 559 3224; x_wconf 83' lang='grc' dir='ltr'>τῆς</span> <span class='ocrx_word' id='word_1_222' title='bbox 590 3159 892 3224; x_wconf 75' lang='grc' dir='ltr'>πολιτείας</span> <span class='ocrx_word' id='word_1_223' title='bbox 919 3157 1024 3211; x_wconf 86' lang='grc' dir='ltr'><strong>τοῦ</strong></span> <span class='ocrx_word' id='word_1_224' title='bbox 1063 3156 1330 3225; x_wconf 80' lang='grc' dir='ltr'>Ἰσραὴλ,</span> <span class='ocrx_word' id='word_1_225' title='bbox 1367 3157 1463 3210; x_wconf 78' lang='grc' dir='ltr'><strong>καὶ</strong></span> <span class='ocrx_word' id='word_1_226' title='bbox 1499 3157 1660 3221; x_wconf 80' lang='grc' dir='ltr'>ξένοι</span> <span class='ocrx_word' id='word_1_227' title='bbox 1689 3158 1809 3212; x_wconf 84' lang='grc' dir='ltr'>τῶν</span> 
     </span>
    </p>
   </div>
   <div class='ocr_carea' id='block_1_33' title="bbox 1919 682 3484 765">
    <p class='ocr_par' dir='ltr' id='par_1_33' title="bbox 1919 682 3484 765">
     <span class='ocr_line' id='line_1_33' title="bbox 1919 682 3484 765; baseline 0.008 -29"><span class='ocrx_word' id='word_1_228' title='bbox 1919 682 2107 746; x_wconf 83' lang='lat' dir='ltr'><strong>delati,</strong></span> <span class='ocrx_word' id='word_1_229' title='bbox 2135 699 2242 739; x_wconf 90' lang='lat' dir='ltr'><strong>non</strong></span> <span class='ocrx_word' id='word_1_230' title='bbox 2275 701 2340 740; x_wconf 74' lang='lat' dir='ltr'><strong>ex</strong></span> <span class='ocrx_word' id='word_1_231' title='bbox 2370 687 2533 744; x_wconf 88' lang='lat' dir='ltr'><strong>nobis</strong></span> <span class='ocrx_word' id='word_1_232' title='bbox 2569 689 2703 759; x_wconf 83' lang='lat' dir='ltr'><strong>ipsis</strong></span> <span class='ocrx_word' id='word_1_233' title='bbox 2727 693 2974 748; x_wconf 83' lang='lat' dir='ltr'><strong>conversi</strong></span> <span class='ocrx_word' id='word_1_234' title='bbox 3001 709 3212 759; x_wconf 89' lang='lat' dir='ltr'><strong>sumus,</strong></span> <span class='ocrx_word' id='word_1_235' title='bbox 3243 695 3337 749; x_wconf 87' lang='lat' dir='ltr'><strong>sed</strong></span> <span class='ocrx_word' id='word_1_236' title='bbox 3361 711 3484 765; x_wconf 55' lang='lat' dir='ltr'><strong>gra.</strong></span> 
     </span>
    </p>
   </div>
   <div class='ocr_carea' id='block_1_34' title="bbox 1921 773 3485 858">
    <p class='ocr_par' dir='ltr' id='par_1_34' title="bbox 1921 773 3485 858">
     <span class='ocr_line' id='line_1_34' title="bbox 1921 773 3485 858; baseline 0.011 -32"><span class='ocrx_word' id='word_1_237' title='bbox 1921 773 1995 827; x_wconf 86' lang='lat' dir='ltr'><strong>tia</strong></span> <span class='ocrx_word' id='word_1_238' title='bbox 2027 784 2080 828; x_wconf 89' lang='lat' dir='ltr'><strong>et</strong></span> <span class='ocrx_word' id='word_1_239' title='bbox 2109 776 2256 831; x_wconf 91' lang='lat' dir='ltr'><strong>dono</strong></span> <span class='ocrx_word' id='word_1_240' title='bbox 2295 779 2409 842; x_wconf 89' lang='lat' dir='ltr'><strong>Dei,</strong></span> <span class='ocrx_word' id='word_1_241' title='bbox 2443 791 2644 851; x_wconf 90' lang='lat' dir='ltr'><strong>quanta</strong></span> <span class='ocrx_word' id='word_1_242' title='bbox 2695 782 2926 840; x_wconf 81' lang='lat' dir='ltr'><strong>debetur</strong></span> <span class='ocrx_word' id='word_1_243' title='bbox 2952 799 2982 839; x_wconf 90' lang='lat' dir='ltr'><strong>a</strong></span> <span class='ocrx_word' id='word_1_244' title='bbox 3021 787 3178 842; x_wconf 89' lang='lat' dir='ltr'><strong>nobis</strong></span> <span class='ocrx_word' id='word_1_245' title='bbox 3221 787 3332 843; x_wconf 89' lang='lat' dir='ltr'><strong>Deo</strong></span> <span class='ocrx_word' id='word_1_246' title='bbox 3364 805 3485 858; x_wconf 81' lang='lat' dir='ltr'><strong>gra~</strong></span> 
     </span>
    </p>
   </div>
   <div class='ocr_carea' id='block_1_35' title="bbox 1919 862 3480 948">
    <p class='ocr_par' dir='ltr' id='par_1_35' title="bbox 1919 862 3480 948">
     <span class='ocr_line' id='line_1_35' title="bbox 1919 862 3480 948; baseline 0.011 -33"><span class='ocrx_word' id='word_1_247' title='bbox 1919 862 2122 917; x_wconf 88' lang='lat' dir='ltr'><strong>tiarum</strong></span> <span class='ocrx_word' id='word_1_248' title='bbox 2159 867 2342 922; x_wconf 81' lang='lat' dir='ltr'><strong>actio?</strong></span> <span class='ocrx_word' id='word_1_249' title='bbox 2391 869 2545 936; x_wconf 86' lang='lat' dir='ltr'><strong>Quod</strong></span> <span class='ocrx_word' id='word_1_250' title='bbox 2608 879 2788 927; x_wconf 88' lang='lat' dir='ltr'><strong>autem</strong></span> <span class='ocrx_word' id='word_1_251' title='bbox 2841 875 3069 930; x_wconf 79' lang='lat' dir='ltr'><strong>ait:Ad</strong></span> <span class='ocrx_word' id='word_1_252' title='bbox 3127 892 3291 948; x_wconf 86' lang='lat' dir='ltr'><strong>opera</strong></span> <span class='ocrx_word' id='word_1_253' title='bbox 3344 879 3480 933; x_wconf 86' lang='lat' dir='ltr'><strong>bona</strong></span> 
     </span>
    </p>
   </div>
   <div class='ocr_carea' id='block_1_36' title="bbox 1917 953 3484 1030">
    <p class='ocr_par' dir='ltr' id='par_1_36' title="bbox 1917 953 3484 1030">
     <span class='ocr_line' id='line_1_36' title="bbox 1917 953 3484 1030; baseline 0.01 -24"><span class='ocrx_word' id='word_1_254' title='bbox 1917 953 2146 1020; x_wconf 90' lang='lat' dir='ltr'><strong>conditi,</strong></span> <span class='ocrx_word' id='word_1_255' title='bbox 2177 956 2344 1010; x_wconf 88' lang='lat' dir='ltr'><strong>simul</strong></span> <span class='ocrx_word' id='word_1_256' title='bbox 2377 969 2426 1012; x_wconf 91' lang='lat' dir='ltr'><strong>et</strong></span> <span class='ocrx_word' id='word_1_257' title='bbox 2451 959 2797 1018; x_wconf 74' lang='lat' dir='ltr'><strong>adhortantis</strong></span> <span class='ocrx_word' id='word_1_258' title='bbox 2834 974 2937 1030; x_wconf 88' lang='lat' dir='ltr'><strong>est,</strong></span> <span class='ocrx_word' id='word_1_259' title='bbox 2965 972 3018 1019; x_wconf 91' lang='lat' dir='ltr'><strong>et</strong></span> <span class='ocrx_word' id='word_1_260' title='bbox 3043 965 3108 1020; x_wconf 83' lang='lat' dir='ltr'><strong>ad</strong></span> <span class='ocrx_word' id='word_1_261' title='bbox 3127 967 3296 1022; x_wconf 88' lang='lat' dir='ltr'><strong>bonas</strong></span> <span class='ocrx_word' id='word_1_262' title='bbox 3313 969 3484 1022; x_wconf 85' lang='lat' dir='ltr'><strong>actio-</strong></span> 
     </span>
    </p>
   </div>
   <div class='ocr_carea' id='block_1_37' title="bbox 1915 1047 3481 1116">
    <p class='ocr_par' dir='ltr' id='par_1_37' title="bbox 1915 1047 3481 1116">
     <span class='ocr_line' id='line_1_37' title="bbox 1915 1047 3481 1116; baseline 0.01 -16"><span class='ocrx_word' id='word_1_263' title='bbox 1915 1059 2015 1100; x_wconf 88' lang='lat' dir='ltr'><strong>nes</strong></span> <span class='ocrx_word' id='word_1_264' title='bbox 2054 1047 2345 1104; x_wconf 76' lang='lat' dir='ltr'><strong>ercitantis</strong></span> <span class='ocrx_word' id='word_1_265' title='bbox 2397 1065 2460 1105; x_wconf 87' lang='lat' dir='ltr'><strong>ac</strong></span> <span class='ocrx_word' id='word_1_266' title='bbox 2496 1053 2554 1107; x_wconf 61' lang='lat' dir='ltr'><strong>&#39;si</strong></span> <span class='ocrx_word' id='word_1_267' title='bbox 2601 1053 2804 1110; x_wconf 80' lang='lat' dir='ltr'><strong>diceret</strong></span> <span class='ocrx_word' id='word_1_268' title='bbox 2850 1073 2864 1111; x_wconf 90' lang='lat'><strong>:</strong></span> <span class='ocrx_word' id='word_1_269' title='bbox 2906 1057 3188 1116; x_wconf 89' lang='lat' dir='ltr'><strong>Debitores</strong></span> <span class='ocrx_word' id='word_1_270' title='bbox 3228 1061 3360 1115; x_wconf 80' lang='lat' dir='ltr'><strong>estis</strong></span> <span class='ocrx_word' id='word_1_271' title='bbox 3414 1058 3481 1116; x_wconf 86' lang='lat' dir='ltr'><strong>ad</strong></span> 
     </span>
    </p>
   </div>
   <div class='ocr_carea' id='block_1_38' title="bbox 1917 1139 3483 1211">
    <p class='ocr_par' dir='ltr' id='par_1_38' title="bbox 1917 1139 3483 1211">
     <span class='ocr_line' id='line_1_38' title="bbox 1917 1139 3483 1211; baseline 0.011 -21"><span class='ocrx_word' id='word_1_272' title='bbox 1917 1139 2258 1207; x_wconf 81' lang='lat' dir='ltr'><strong>operantium</strong></span> <span class='ocrx_word' id='word_1_273' title='bbox 2303 1141 2527 1211; x_wconf 90' lang='lat' dir='ltr'><strong>bonum,</strong></span> <span class='ocrx_word' id='word_1_274' title='bbox 2562 1155 2793 1203; x_wconf 82' lang='lat' dir='ltr'><strong>etvetus</strong></span> <span class='ocrx_word' id='word_1_275' title='bbox 2835 1159 2918 1205; x_wconf 92' lang='lat' dir='ltr'><strong>est</strong></span> <span class='ocrx_word' id='word_1_276' title='bbox 2957 1152 3198 1206; x_wconf 83' lang='lat' dir='ltr'><strong>debitum</strong></span> <span class='ocrx_word' id='word_1_277' title='bbox 3231 1170 3246 1208; x_wconf 89' lang='lat'><strong>:</strong></span> <span class='ocrx_word' id='word_1_278' title='bbox 3280 1153 3346 1207; x_wconf 90' lang='lat' dir='ltr'><strong>ad</strong></span> <span class='ocrx_word' id='word_1_279' title='bbox 3382 1156 3483 1208; x_wconf 90' lang='lat' dir='ltr'><strong>hoc</strong></span> 
     </span>
    </p>
   </div>
   <div class='ocr_carea' id='block_1_39' title="bbox 1915 1225 3480 1296">
    <p class='ocr_par' dir='ltr' id='par_1_39' title="bbox 1915 1225 3480 1296">
     <span class='ocr_line' id='line_1_39' title="bbox 1915 1225 3480 1296; baseline 0.009 -16"><span class='ocrx_word' id='word_1_280' title='bbox 1915 1225 2445 1286; x_wconf 49' lang='lat' dir='ltr'><strong>enim-conditionis</strong></span> <span class='ocrx_word' id='word_1_281' title='bbox 2483 1252 2498 1287; x_wconf 88' lang='lat'><strong>:</strong></span> <span class='ocrx_word' id='word_1_282' title='bbox 2531 1233 2624 1288; x_wconf 88' lang='lat' dir='ltr'><strong>sed</strong></span> <span class='ocrx_word' id='word_1_283' title='bbox 2672 1246 2727 1289; x_wconf 89' lang='lat' dir='ltr'><strong>et</strong></span> <span class='ocrx_word' id='word_1_284' title='bbox 2769 1239 2958 1293; x_wconf 88' lang='lat' dir='ltr'><strong>multis</strong></span> <span class='ocrx_word' id='word_1_285' title='bbox 2994 1240 3189 1295; x_wconf 80' lang='lat' dir='ltr'><strong>usuris</strong></span> <span class='ocrx_word' id='word_1_286' title='bbox 3235 1242 3480 1296; x_wconf 86' lang='lat' dir='ltr'><strong>debitum</strong></span> 
     </span>
    </p>
   </div>
   <div class='ocr_carea' id='block_1_40' title="bbox 1915 1316 3482 1394">
    <p class='ocr_par' dir='ltr' id='par_1_40' title="bbox 1915 1316 3482 1394">
     <span class='ocr_line' id='line_1_40' title="bbox 1915 1316 3482 1394; baseline 0.01 -23"><span class='ocrx_word' id='word_1_287' title='bbox 1915 1316 2018 1372; x_wconf 92' lang='lat' dir='ltr'><strong>hoc</strong></span> <span class='ocrx_word' id='word_1_288' title='bbox 2054 1321 2390 1391; x_wconf 84' lang='lat' dir='ltr'><strong>aggravastis</strong></span> <span class='ocrx_word' id='word_1_289' title='bbox 2411 1333 2463 1378; x_wconf 86' lang='lat' dir='ltr'><strong>et</strong></span> <span class='ocrx_word' id='word_1_290' title='bbox 2486 1327 2736 1394; x_wconf 84' lang='lat' dir='ltr'><strong>auxistis,</strong></span> <span class='ocrx_word' id='word_1_291' title='bbox 2765 1331 2899 1384; x_wconf 84' lang='lat' dir='ltr'><strong>nihil</strong></span> <span class='ocrx_word' id='word_1_292' title='bbox 2933 1333 3219 1389; x_wconf 77' lang='lat' dir='ltr'><strong>reddentes</strong></span> <span class='ocrx_word' id='word_1_293' title='bbox 3245 1343 3333 1387; x_wconf 87' lang='lat' dir='ltr'><strong>aut</strong></span> <span class='ocrx_word' id='word_1_294' title='bbox 3368 1334 3482 1389; x_wconf 84' lang='lat' dir='ltr'><strong>sol-</strong></span> 
     </span>
    </p>
   </div>
   <div class='ocr_carea' id='block_1_41' title="bbox 1914 1412 3478 1492">
    <p class='ocr_par' dir='ltr' id='par_1_41' title="bbox 1914 1412 3478 1492">
     <span class='ocr_line' id='line_1_41' title="bbox 1914 1412 3478 1492; baseline 0.01 -29"><span class='ocrx_word' id='word_1_295' title='bbox 1914 1419 2122 1474; x_wconf 75' lang='lat' dir='ltr'><strong>ventes,</strong></span> <span class='ocrx_word' id='word_1_296' title='bbox 2171 1412 2265 1467; x_wconf 91' lang='lat' dir='ltr'><strong>sed</strong></span> <span class='ocrx_word' id='word_1_297' title='bbox 2297 1419 2738 1485; x_wconf 79' lang='lat' dir='ltr'><strong>transgressione</strong></span> <span class='ocrx_word' id='word_1_298' title='bbox 2777 1423 2957 1489; x_wconf 86' lang='lat' dir='ltr'><strong>potius</strong></span> <span class='ocrx_word' id='word_1_299' title='bbox 3013 1424 3478 1492; x_wconf 78' lang='lat' dir='ltr'><strong>superaddentes:</strong></span> 
     </span>
    </p>
   </div>
   <div class='ocr_carea' id='block_1_42' title="bbox 1914 1503 3483 1581">
    <p class='ocr_par' dir='ltr' id='par_1_42' title="bbox 1914 1503 3483 1581">
     <span class='ocr_line' id='line_1_42' title="bbox 1914 1503 3483 1581; baseline 0.01 -26"><span class='ocrx_word' id='word_1_300' title='bbox 1914 1515 2053 1570; x_wconf 81' lang='lat' dir='ltr'><strong>Opus</strong></span> <span class='ocrx_word' id='word_1_301' title='bbox 2079 1512 2162 1559; x_wconf 89' lang='lat' dir='ltr'><strong>est</strong></span> <span class='ocrx_word' id='word_1_302' title='bbox 2196 1503 2362 1574; x_wconf 78' lang='lat' dir='ltr'><strong>igitur</strong></span> <span class='ocrx_word' id='word_1_303' title='bbox 2387 1508 2556 1562; x_wconf 88' lang='lat' dir='ltr'><strong>multo</strong></span> <span class='ocrx_word' id='word_1_304' title='bbox 2588 1510 2771 1565; x_wconf 86' lang='lat' dir='ltr'><strong>studio</strong></span> <span class='ocrx_word' id='word_1_305' title='bbox 2801 1526 2865 1566; x_wconf 88' lang='lat' dir='ltr'><strong>ac</strong></span> <span class='ocrx_word' id='word_1_306' title='bbox 2885 1513 3164 1581; x_wconf 73' lang='lat' dir='ltr'><strong>diligentis</strong></span> <span class='ocrx_word' id='word_1_307' title='bbox 3202 1516 3266 1568; x_wconf 87' lang='lat' dir='ltr'><strong>ad</strong></span> <span class='ocrx_word' id='word_1_308' title='bbox 3296 1516 3396 1571; x_wconf 88' lang='lat' dir='ltr'><strong>hoc</strong></span> <span class='ocrx_word' id='word_1_309' title='bbox 3421 1525 3483 1571; x_wconf 88' lang='lat' dir='ltr'><strong>ut</strong></span> 
     </span>
    </p>
   </div>
   <div class='ocr_carea' id='block_1_43' title="bbox 1911 1594 3475 1673">
    <p class='ocr_par' dir='ltr' id='par_1_43' title="bbox 1911 1594 3475 1673">
     <span class='ocr_line' id='line_1_43' title="bbox 1911 1594 3475 1673; baseline 0.006 -24"><span class='ocrx_word' id='word_1_310' title='bbox 1911 1594 2092 1650; x_wconf 84' lang='lat' dir='ltr'><strong>debita</strong></span> <span class='ocrx_word' id='word_1_311' title='bbox 2120 1598 2436 1654; x_wconf 77' lang='lat' dir='ltr'><strong>exsolvatis.</strong></span> <span class='ocrx_word' id='word_1_312' title='bbox 2474 1617 2493 1650; x_wconf 74' lang='grc' dir='ltr'><strong>ι</strong></span> <span class='ocrx_word' id='word_1_313' title='bbox 2531 1601 2750 1658; x_wconf 86' lang='lat' dir='ltr'><strong>Conditi</strong></span> <span class='ocrx_word' id='word_1_314' title='bbox 2782 1619 2876 1673; x_wconf 88' lang='lat' dir='ltr'><strong>per</strong></span> <span class='ocrx_word' id='word_1_315' title='bbox 2899 1603 3179 1660; x_wconf 87' lang='lat' dir='ltr'><strong>Christum</strong></span> <span class='ocrx_word' id='word_1_316' title='bbox 3202 1604 3413 1661; x_wconf 81' lang='lat' dir='ltr'><strong>Jesum.</strong></span> <span class='ocrx_word' id='word_1_317' title='bbox 3455 1625 3475 1659; x_wconf 76' lang='grc' dir='ltr'><strong>ι</strong></span> 
     </span>
    </p>
   </div>
   <div class='ocr_carea' id='block_1_44' title="bbox 1915 1685 3479 1767">
    <p class='ocr_par' dir='ltr' id='par_1_44' title="bbox 1915 1685 3479 1767">
     <span class='ocr_line' id='line_1_44' title="bbox 1915 1685 3479 1767; baseline 0.009 -29"><span class='ocrx_word' id='word_1_318' title='bbox 1915 1685 2119 1742; x_wconf 85' lang='lat' dir='ltr'><strong>Deinde</strong></span> <span class='ocrx_word' id='word_1_319' title='bbox 2145 1705 2215 1744; x_wconf 91' lang='lat' dir='ltr'><strong>ne</strong></span> <span class='ocrx_word' id='word_1_320' title='bbox 2241 1692 2528 1747; x_wconf 79' lang='lat' dir='ltr'><strong>audientes</strong></span> <span class='ocrx_word' id='word_1_321' title='bbox 2557 1695 2701 1764; x_wconf 88' lang='lat' dir='ltr'><strong>quod</strong></span> <span class='ocrx_word' id='word_1_322' title='bbox 2741 1712 2846 1749; x_wconf 92' lang='lat' dir='ltr'><strong>non</strong></span> <span class='ocrx_word' id='word_1_323' title='bbox 2881 1713 2945 1752; x_wconf 76' lang='lat' dir='ltr'><strong>ex</strong></span> <span class='ocrx_word' id='word_1_324' title='bbox 2976 1699 3234 1767; x_wconf 81' lang='lat' dir='ltr'><strong>operibus</strong></span> <span class='ocrx_word' id='word_1_325' title='bbox 3280 1698 3479 1753; x_wconf 85' lang='lat' dir='ltr'><strong>salvati</strong></span> 
     </span>
    </p>
   </div>
   <div class='ocr_carea' id='block_1_45' title="bbox 1913 1781 3485 1858">
    <p class='ocr_par' dir='ltr' id='par_1_45' title="bbox 1913 1781 3485 1858">
     <span class='ocr_line' id='line_1_45' title="bbox 1913 1781 3485 1858; baseline 0.008 -25"><span class='ocrx_word' id='word_1_326' title='bbox 1913 1781 2244 1844; x_wconf 82' lang='lat' dir='ltr'><strong>sumus,sed</strong></span> <span class='ocrx_word' id='word_1_327' title='bbox 2272 1799 2335 1835; x_wconf 76' lang='lat' dir='ltr'><strong>ex</strong></span> <span class='ocrx_word' id='word_1_328' title='bbox 2370 1786 2566 1854; x_wconf 81' lang='lat' dir='ltr'><strong>gratia,</strong></span> <span class='ocrx_word' id='word_1_329' title='bbox 2588 1788 2870 1858; x_wconf 75' lang='lat' dir='ltr'><strong>segniores</strong></span> <span class='ocrx_word' id='word_1_330' title='bbox 2897 1789 3212 1856; x_wconf 83' lang='lat' dir='ltr'><strong>eiliciamur,</strong></span> <span class='ocrx_word' id='word_1_331' title='bbox 3239 1790 3485 1846; x_wconf 64' lang='lat' dir='ltr'><strong>ostendit</strong></span> 
     </span>
    </p>
   </div>
   <div class='ocr_carea' id='block_1_46' title="bbox 1928 1870 3478 1950">
    <p class='ocr_par' dir='ltr' id='par_1_46' title="bbox 1928 1870 3478 1950">
     <span class='ocr_line' id='line_1_46' title="bbox 1928 1870 3478 1950; baseline 0.011 -29"><span class='ocrx_word' id='word_1_332' title='bbox 1928 1870 2073 1936; x_wconf 88' lang='lat' dir='ltr'><strong>quod</strong></span> <span class='ocrx_word' id='word_1_333' title='bbox 2101 1879 2222 1940; x_wconf 85' lang='lat' dir='ltr'><strong>post</strong></span> <span class='ocrx_word' id='word_1_334' title='bbox 2253 1872 2410 1928; x_wconf 87' lang='lat' dir='ltr'><strong>Iidem</strong></span> <span class='ocrx_word' id='word_1_335' title='bbox 2439 1878 2752 1933; x_wconf 86' lang='lat' dir='ltr'><strong>necessaria</strong></span> <span class='ocrx_word' id='word_1_336' title='bbox 2777 1889 2903 1933; x_wconf 87' lang='lat' dir='ltr'><strong>stmt</strong></span> <span class='ocrx_word' id='word_1_337' title='bbox 2921 1879 3064 1934; x_wconf 83' lang='lat' dir='ltr'><strong>bona</strong></span> <span class='ocrx_word' id='word_1_338' title='bbox 3089 1897 3272 1950; x_wconf 81' lang='lat' dir='ltr'><strong>opera.</strong></span> <span class='ocrx_word' id='word_1_339' title='bbox 3299 1901 3318 1934; x_wconf 74' lang='grc' dir='ltr'><strong>ι</strong></span> <span class='ocrx_word' id='word_1_340' title='bbox 3346 1882 3478 1938; x_wconf 87' lang='lat' dir='ltr'><strong>Nam</strong></span> 
     </span>
    </p>
   </div>
   <div class='ocr_carea' id='block_1_47' title="bbox 1920 1957 3480 2040">
    <p class='ocr_par' dir='ltr' id='par_1_47' title="bbox 1920 1957 3480 2040">
     <span class='ocr_line' id='line_1_47' title="bbox 1920 1957 3480 2040; baseline 0.01 -28"><span class='ocrx_word' id='word_1_341' title='bbox 1920 1957 2116 2028; x_wconf 85' lang='lat' dir='ltr'><strong>ipsius,</strong></span> <span class='ocrx_word' id='word_1_342' title='bbox 2169 1963 2368 2033; x_wconf 85' lang='lat' dir='ltr'><strong>inquit,</strong></span> <span class='ocrx_word' id='word_1_343' title='bbox 2425 1981 2616 2024; x_wconf 89' lang='lat' dir='ltr'><strong>sumus</strong></span> <span class='ocrx_word' id='word_1_344' title='bbox 2647 1983 2788 2039; x_wconf 89' lang='lat' dir='ltr'><strong>opus</strong></span> <span class='ocrx_word' id='word_1_345' title='bbox 2817 1972 3020 2025; x_wconf 88' lang='lat' dir='ltr'><strong>conditi</strong></span> <span class='ocrx_word' id='word_1_346' title='bbox 3054 1988 3148 2040; x_wconf 88' lang='lat' dir='ltr'><strong>per</strong></span> <span class='ocrx_word' id='word_1_347' title='bbox 3202 1973 3480 2029; x_wconf 75' lang='lat' dir='ltr'><strong>Christum</strong></span> 
     </span>
    </p>
   </div>
   <div class='ocr_carea' id='block_1_48' title="bbox 1915 2049 3473 2132">
    <p class='ocr_par' dir='ltr' id='par_1_48' title="bbox 1915 2049 3473 2132">
     <span class='ocr_line' id='line_1_48' title="bbox 1915 2049 3473 2132; baseline 0.01 -27"><span class='ocrx_word' id='word_1_348' title='bbox 1915 2049 2124 2108; x_wconf 81' lang='lat' dir='ltr'><strong>Jesum.</strong></span> <span class='ocrx_word' id='word_1_349' title='bbox 2166 2073 2186 2104; x_wconf 69' lang='grc' dir='ltr'><strong>ι</strong></span> <span class='ocrx_word' id='word_1_350' title='bbox 2225 2054 2342 2110; x_wconf 68' lang='lat' dir='ltr'><strong>Non</strong></span> <span class='ocrx_word' id='word_1_351' title='bbox 2397 2059 2626 2128; x_wconf 80' lang='lat' dir='ltr'><strong>primam</strong></span> <span class='ocrx_word' id='word_1_352' title='bbox 2665 2070 2906 2116; x_wconf 88' lang='lat' dir='ltr'><strong>nostram</strong></span> <span class='ocrx_word' id='word_1_353' title='bbox 2958 2067 3289 2120; x_wconf 84' lang='lat' dir='ltr'><strong>creationem</strong></span> <span class='ocrx_word' id='word_1_354' title='bbox 3322 2069 3473 2132; x_wconf 83' lang='lat' dir='ltr'><strong>dicit,</strong></span> 
     </span>
    </p>
   </div>
   <div class='ocr_carea' id='block_1_49' title="bbox 1917 2141 3476 2220">
    <p class='ocr_par' dir='ltr' id='par_1_49' title="bbox 1917 2141 3476 2220">
     <span class='ocr_line' id='line_1_49' title="bbox 1917 2141 3476 2220; baseline 0.01 -25"><span class='ocrx_word' id='word_1_355' title='bbox 1917 2141 2010 2196; x_wconf 83' lang='lat' dir='ltr'><strong>sed</strong></span> <span class='ocrx_word' id='word_1_356' title='bbox 2043 2144 2339 2199; x_wconf 74' lang='lat' dir='ltr'><strong>secundum</strong></span> <span class='ocrx_word' id='word_1_357' title='bbox 2374 2162 2495 2216; x_wconf 74' lang='lat' dir='ltr'><strong>quze</strong></span> <span class='ocrx_word' id='word_1_358' title='bbox 2533 2158 2616 2204; x_wconf 90' lang='lat' dir='ltr'><strong>est</strong></span> <span class='ocrx_word' id='word_1_359' title='bbox 2647 2150 2699 2202; x_wconf 90' lang='lat' dir='ltr'><strong>in</strong></span> <span class='ocrx_word' id='word_1_360' title='bbox 2742 2149 3093 2220; x_wconf 83' lang='lat' dir='ltr'><strong>baptismate.</strong></span> <span class='ocrx_word' id='word_1_361' title='bbox 3119 2153 3344 2208; x_wconf 83' lang='lat' dir='ltr'><strong>Conditi</strong></span> <span class='ocrx_word' id='word_1_362' title='bbox 3380 2174 3476 2212; x_wconf 84' lang='lat' dir='ltr'><strong>au-</strong></span> 
     </span>
    </p>
   </div>
   <div class='ocr_carea' id='block_1_50' title="bbox 1918 2237 3480 2316">
    <p class='ocr_par' dir='ltr' id='par_1_50' title="bbox 1918 2237 3480 2316">
     <span class='ocr_line' id='line_1_50' title="bbox 1918 2237 3480 2316; baseline 0.011 -30"><span class='ocrx_word' id='word_1_363' title='bbox 1918 2239 2024 2287; x_wconf 90' lang='lat' dir='ltr'><strong>tem</strong></span> <span class='ocrx_word' id='word_1_364' title='bbox 2050 2249 2264 2298; x_wconf 84' lang='lat' dir='ltr'><strong>sumus,</strong></span> <span class='ocrx_word' id='word_1_365' title='bbox 2291 2237 2485 2306; x_wconf 88' lang='lat' dir='ltr'><strong>inquit,</strong></span> <span class='ocrx_word' id='word_1_366' title='bbox 2514 2240 2579 2292; x_wconf 85' lang='lat' dir='ltr'><strong>ad</strong></span> <span class='ocrx_word' id='word_1_367' title='bbox 2610 2257 2776 2310; x_wconf 86' lang='lat' dir='ltr'><strong>opera</strong></span> <span class='ocrx_word' id='word_1_368' title='bbox 2808 2242 2970 2305; x_wconf 88' lang='lat' dir='ltr'><strong>bona,</strong></span> <span class='ocrx_word' id='word_1_369' title='bbox 3001 2261 3124 2314; x_wconf 69' lang='lat' dir='ltr'><strong>qum</strong></span> <span class='ocrx_word' id='word_1_370' title='bbox 3152 2251 3480 2316; x_wconf 69' lang='lat' dir='ltr'><strong>praeparavit</strong></span> 
     </span>
    </p>
   </div>
   <div class='ocr_carea' id='block_1_51' title="bbox 1917 2323 3478 2397">
    <p class='ocr_par' dir='ltr' id='par_1_51' title="bbox 1917 2323 3478 2397">
     <span class='ocr_line' id='line_1_51' title="bbox 1917 2323 3478 2397; baseline 0.013 -21"><span class='ocrx_word' id='word_1_371' title='bbox 1917 2323 2063 2382; x_wconf 86' lang='lat' dir='ltr'><strong>Deus</strong></span> <span class='ocrx_word' id='word_1_372' title='bbox 2090 2325 2160 2381; x_wconf 85' lang='lat' dir='ltr'><strong>ad</strong></span> <span class='ocrx_word' id='word_1_373' title='bbox 2196 2329 2580 2384; x_wconf 79' lang='lat' dir='ltr'><strong>ambulandum</strong></span> <span class='ocrx_word' id='word_1_374' title='bbox 2606 2331 2659 2386; x_wconf 93' lang='lat' dir='ltr'><strong>in</strong></span> <span class='ocrx_word' id='word_1_375' title='bbox 2683 2332 2822 2389; x_wconf 84' lang='lat' dir='ltr'><strong>illis.</strong></span> <span class='ocrx_word' id='word_1_376' title='bbox 2848 2333 3085 2390; x_wconf 88' lang='lat' dir='ltr'><strong>Possunt</strong></span> <span class='ocrx_word' id='word_1_377' title='bbox 3120 2347 3301 2392; x_wconf 88' lang='lat' dir='ltr'><strong>autem</strong></span> <span class='ocrx_word' id='word_1_378' title='bbox 3337 2348 3389 2395; x_wconf 83' lang='lat' dir='ltr'><strong>et</strong></span> <span class='ocrx_word' id='word_1_379' title='bbox 3411 2341 3478 2397; x_wconf 89' lang='lat' dir='ltr'><strong>de</strong></span> 
     </span>
    </p>
   </div>
   <div class='ocr_carea' id='block_1_52' title="bbox 1919 2415 3472 2496">
    <p class='ocr_par' dir='ltr' id='par_1_52' title="bbox 1919 2415 3472 2496">
     <span class='ocr_line' id='line_1_52' title="bbox 1919 2415 3472 2496; baseline 0.01 -27"><span class='ocrx_word' id='word_1_380' title='bbox 1919 2415 2090 2487; x_wconf 84' lang='lat' dir='ltr'><strong>prima</strong></span> <span class='ocrx_word' id='word_1_381' title='bbox 2112 2419 2390 2474; x_wconf 86' lang='lat' dir='ltr'><strong>creatione</strong></span> <span class='ocrx_word' id='word_1_382' title='bbox 2422 2421 2668 2494; x_wconf 73' lang='lat' dir='ltr'><strong>intelligi.</strong></span> <span class='ocrx_word' id='word_1_383' title='bbox 2697 2441 2717 2475; x_wconf 86' lang='grc'><strong>‹</strong></span> <span class='ocrx_word' id='word_1_384' title='bbox 2743 2423 2872 2490; x_wconf 75' lang='lat' dir='ltr'><strong>Quae</strong></span> <span class='ocrx_word' id='word_1_385' title='bbox 2902 2429 3228 2496; x_wconf 59' lang='lat' dir='ltr'><strong>pra-paravit</strong></span> <span class='ocrx_word' id='word_1_386' title='bbox 3253 2427 3418 2486; x_wconf 88' lang='lat' dir='ltr'><strong>Deus.</strong></span> <span class='ocrx_word' id='word_1_387' title='bbox 3451 2451 3472 2484; x_wconf 75' lang='grc' dir='ltr'><strong>ι</strong></span> 
     </span>
    </p>
   </div>
   <div class='ocr_carea' id='block_1_53' title="bbox 1917 2509 3473 2588">
    <p class='ocr_par' dir='ltr' id='par_1_53' title="bbox 1917 2509 3473 2588">
     <span class='ocr_line' id='line_1_53' title="bbox 1917 2509 3473 2588; baseline 0.011 -27"><span class='ocrx_word' id='word_1_388' title='bbox 1917 2509 2048 2576; x_wconf 72' lang='lat' dir='ltr'><strong>Quae</strong></span> <span class='ocrx_word' id='word_1_389' title='bbox 2075 2510 2238 2565; x_wconf 85' lang='lat' dir='ltr'><strong>etiam</strong></span> <span class='ocrx_word' id='word_1_390' title='bbox 2266 2521 2392 2567; x_wconf 87' lang='lat' dir='ltr'><strong>ante</strong></span> <span class='ocrx_word' id='word_1_391' title='bbox 2419 2512 2714 2583; x_wconf 82' lang='lat' dir='ltr'><strong>baptisma,</strong></span> <span class='ocrx_word' id='word_1_392' title='bbox 2743 2515 2941 2587; x_wconf 88' lang='lat' dir='ltr'><strong>inquit,</strong></span> <span class='ocrx_word' id='word_1_393' title='bbox 2963 2521 3286 2588; x_wconf 74' lang='lat' dir='ltr'><strong>praeparavit</strong></span> <span class='ocrx_word' id='word_1_394' title='bbox 3311 2523 3473 2578; x_wconf 78' lang='lat' dir='ltr'><strong>Deus.</strong></span> 
     </span>
    </p>
   </div>
   <div class='ocr_carea' id='block_1_54' title="bbox 1919 2603 3475 2674">
    <p class='ocr_par' dir='ltr' id='par_1_54' title="bbox 1919 2603 3475 2674">
     <span class='ocr_line' id='line_1_54' title="bbox 1919 2603 3475 2674; baseline 0.012 -18"><span class='ocrx_word' id='word_1_395' title='bbox 1919 2621 1940 2655; x_wconf 76' lang='grc' dir='ltr'><strong>ι</strong></span> <span class='ocrx_word' id='word_1_396' title='bbox 1972 2603 2039 2659; x_wconf 88' lang='lat' dir='ltr'><strong>Ut</strong></span> <span class='ocrx_word' id='word_1_397' title='bbox 2073 2605 2126 2660; x_wconf 91' lang='lat' dir='ltr'><strong>in</strong></span> <span class='ocrx_word' id='word_1_398' title='bbox 2150 2606 2230 2662; x_wconf 91' lang='lat' dir='ltr'><strong>eis</strong></span> <span class='ocrx_word' id='word_1_399' title='bbox 2265 2607 2691 2666; x_wconf 83' lang='lat' dir='ltr'><strong>ambularemus.</strong></span> <span class='ocrx_word' id='word_1_400' title='bbox 2727 2629 2747 2663; x_wconf 68' lang='grc' dir='ltr'><strong>ι</strong></span> <span class='ocrx_word' id='word_1_401' title='bbox 2783 2610 3036 2668; x_wconf 82' lang='lat' dir='ltr'><strong>Habitum</strong></span> <span class='ocrx_word' id='word_1_402' title='bbox 3058 2613 3125 2670; x_wconf 89' lang='lat' dir='ltr'><strong>ad</strong></span> <span class='ocrx_word' id='word_1_403' title='bbox 3155 2613 3268 2671; x_wconf 66' lang='lat' dir='ltr'><strong>haec</strong></span> <span class='ocrx_word' id='word_1_404' title='bbox 3303 2617 3475 2674; x_wconf 87' lang='lat' dir='ltr'><strong>deuo-</strong></span> 
     </span>
    </p>
   </div>
   <div class='ocr_carea' id='block_1_55' title="bbox 1919 2697 2702 2770">
    <p class='ocr_par' dir='ltr' id='par_1_55' title="bbox 1919 2697 2702 2770">
     <span class='ocr_line' id='line_1_55' title="bbox 1919 2697 2702 2770; baseline 0.011 -22"><span class='ocrx_word' id='word_1_405' title='bbox 1919 2702 1996 2749; x_wconf 86' lang='lat' dir='ltr'><strong>tat</strong></span> <span class='ocrx_word' id='word_1_406' title='bbox 2023 2697 2114 2764; x_wconf 89' lang='lat' dir='ltr'><strong>qui</strong></span> <span class='ocrx_word' id='word_1_407' title='bbox 2146 2713 2422 2768; x_wconf 80' lang='lat' dir='ltr'><strong>nunquam</strong></span> <span class='ocrx_word' id='word_1_408' title='bbox 2449 2701 2702 2770; x_wconf 85' lang='lat' dir='ltr'><strong>quiescit.</strong></span> 
     </span>
    </p>
   </div>
   <div class='ocr_carea' id='block_1_56' title="bbox 1994 2785 3475 2870">
    <p class='ocr_par' dir='ltr' id='par_1_56' title="bbox 1994 2785 3475 2870">
     <span class='ocr_line' id='line_1_56' title="bbox 1994 2785 3475 2870; baseline 0.01 -33"><span class='ocrx_word' id='word_1_409' title='bbox 1994 2785 2194 2855; x_wconf 76' lang='grc'><strong>1811,</strong></span> <span class='ocrx_word' id='word_1_410' title='bbox 2229 2787 2418 2845; x_wconf 78' lang='grc'><strong>11-15.</strong></span> <span class='ocrx_word' id='word_1_411' title='bbox 2458 2791 2794 2863; x_wconf 81' lang='lat' dir='ltr'><strong>Quapropter</strong></span> <span class='ocrx_word' id='word_1_412' title='bbox 2848 2807 3153 2854; x_wconf 81' lang='lat' dir='ltr'><strong>mementote</strong></span> <span class='ocrx_word' id='word_1_413' title='bbox 3203 2799 3341 2870; x_wconf 74' lang='lat' dir='ltr'><strong>quod</strong></span> <span class='ocrx_word' id='word_1_414' title='bbox 3389 2817 3475 2856; x_wconf 80' lang='lat' dir='ltr'><strong>vos</strong></span> 
     </span>
    </p>
   </div>
   <div class='ocr_carea' id='block_1_57' title="bbox 1913 2877 3470 2958">
    <p class='ocr_par' dir='ltr' id='par_1_57' title="bbox 1913 2877 3470 2958">
     <span class='ocr_line' id='line_1_57' title="bbox 1913 2877 3470 2958; baseline 0.01 -31"><span class='ocrx_word' id='word_1_415' title='bbox 1913 2877 2180 2942; x_wconf 85' lang='lat' dir='ltr'><strong>quondam</strong></span> <span class='ocrx_word' id='word_1_416' title='bbox 2212 2889 2386 2948; x_wconf 83' lang='lat' dir='ltr'><strong>gentes</strong></span> <span class='ocrx_word' id='word_1_417' title='bbox 2413 2879 2467 2932; x_wconf 86' lang='lat' dir='ltr'><strong>in</strong></span> <span class='ocrx_word' id='word_1_418' title='bbox 2501 2898 2660 2936; x_wconf 82' lang='lat' dir='ltr'><strong>carne</strong></span> <span class='ocrx_word' id='word_1_419' title='bbox 2685 2883 3015 2939; x_wconf 80' lang='lat' dir='ltr'><strong>vocabamini</strong></span> <span class='ocrx_word' id='word_1_420' title='bbox 3044 2890 3361 2958; x_wconf 67' lang='lat' dir='ltr'><strong>praeputium</strong></span> <span class='ocrx_word' id='word_1_421' title='bbox 3405 2891 3470 2942; x_wconf 85' lang='lat' dir='ltr'><strong>ab</strong></span> 
     </span>
    </p>
   </div>
   <div class='ocr_carea' id='block_1_58' title="bbox 1914 2972 3476 3048">
    <p class='ocr_par' dir='ltr' id='par_1_58' title="bbox 1914 2972 3476 3048">
     <span class='ocr_line' id='line_1_58' title="bbox 1914 2972 3476 3048; baseline 0.01 -28"><span class='ocrx_word' id='word_1_422' title='bbox 1914 2983 1976 3020; x_wconf 90' lang='lat' dir='ltr'><strong>ea</strong></span> <span class='ocrx_word' id='word_1_423' title='bbox 2003 2983 2119 3036; x_wconf 73' lang='lat' dir='ltr'><strong>qua:</strong></span> <span class='ocrx_word' id='word_1_424' title='bbox 2147 2979 2364 3025; x_wconf 85' lang='lat' dir='ltr'><strong>vocatur</strong></span> <span class='ocrx_word' id='word_1_425' title='bbox 2390 2972 2724 3029; x_wconf 66' lang='lat' dir='ltr'><strong>circumcisio</strong></span> <span class='ocrx_word' id='word_1_426' title='bbox 2758 2976 2812 3028; x_wconf 86' lang='lat' dir='ltr'><strong>in</strong></span> <span class='ocrx_word' id='word_1_427' title='bbox 2839 2992 3016 3043; x_wconf 83' lang='lat' dir='ltr'><strong>carne,</strong></span> <span class='ocrx_word' id='word_1_428' title='bbox 3042 2994 3160 3048; x_wconf 68' lang='lat' dir='ltr'><strong>qua</strong></span> <span class='ocrx_word' id='word_1_429' title='bbox 3193 2982 3447 3036; x_wconf 82' lang='lat' dir='ltr'><strong>circamci</strong></span> <span class='ocrx_word' id='word_1_430' title='bbox 3461 3010 3476 3021; x_wconf 85' lang='lat'><strong>-</strong></span> 
     </span>
    </p>
   </div>
   <div class='ocr_carea' id='block_1_59' title="bbox 1916 3058 3476 3141">
    <p class='ocr_par' dir='ltr' id='par_1_59' title="bbox 1916 3058 3476 3141">
     <span class='ocr_line' id='line_1_59' title="bbox 1916 3058 3476 3141; baseline 0.012 -32"><span class='ocrx_word' id='word_1_431' title='bbox 1916 3058 1996 3110; x_wconf 87' lang='lat' dir='ltr'><strong>sio</strong></span> <span class='ocrx_word' id='word_1_432' title='bbox 2039 3060 2282 3114; x_wconf 84' lang='lat' dir='ltr'><strong>manibus</strong></span> <span class='ocrx_word' id='word_1_433' title='bbox 2321 3063 2382 3130; x_wconf 80' lang='lat' dir='ltr'><strong>fit</strong></span> <span class='ocrx_word' id='word_1_434' title='bbox 2414 3078 2434 3117; x_wconf 90' lang='lat'><strong><em>:</em></strong></span> <span class='ocrx_word' id='word_1_435' title='bbox 2488 3063 2628 3133; x_wconf 87' lang='lat' dir='ltr'><strong>quod</strong></span> <span class='ocrx_word' id='word_1_436' title='bbox 2678 3066 2861 3131; x_wconf 87' lang='lat' dir='ltr'><strong>eratis,</strong></span> <span class='ocrx_word' id='word_1_437' title='bbox 2894 3067 3128 3137; x_wconf 82' lang='lat' dir='ltr'><strong>inquam,</strong></span> <span class='ocrx_word' id='word_1_438' title='bbox 3157 3071 3212 3124; x_wconf 88' lang='lat' dir='ltr'><strong>in</strong></span> <span class='ocrx_word' id='word_1_439' title='bbox 3251 3081 3476 3141; x_wconf 85' lang='lat' dir='ltr'><strong>tempore</strong></span> 
     </span>
    </p>
   </div>
   <div class='ocr_carea' id='block_1_60' title="bbox 1917 3148 3473 3228">
    <p class='ocr_par' dir='ltr' id='par_1_60' title="bbox 1917 3148 3473 3228">
     <span class='ocr_line' id='line_1_60' title="bbox 1917 3148 3473 3228; baseline 0.011 -26"><span class='ocrx_word' id='word_1_440' title='bbox 1917 3148 2015 3203; x_wconf 83' lang='lat' dir='ltr'><strong>illo</strong></span> <span class='ocrx_word' id='word_1_441' title='bbox 2057 3151 2169 3205; x_wconf 83' lang='lat' dir='ltr'><strong>sine</strong></span> <span class='ocrx_word' id='word_1_442' title='bbox 2216 3152 2428 3208; x_wconf 78' lang='lat' dir='ltr'><strong>Christo</strong></span> <span class='ocrx_word' id='word_1_443' title='bbox 2463 3154 2754 3209; x_wconf 66' lang='lat' dir='ltr'><strong>abalienati</strong></span> <span class='ocrx_word' id='word_1_444' title='bbox 2779 3161 3228 3216; x_wconf 74' lang='lat' dir='ltr'><strong>acontversatione</strong></span> <span class='ocrx_word' id='word_1_445' title='bbox 3275 3161 3473 3228; x_wconf 78' lang='lat' dir='ltr'><strong>Israel,</strong></span> 
     </span>
    </p>
   </div>
   <div class='ocr_carea' id='block_1_61' title="bbox 238 3241 1809 3318">
    <p class='ocr_par' dir='ltr' id='par_1_61' title="bbox 238 3245 1809 3316">
     <span class='ocr_line' id='line_1_61' title="bbox 238 3245 1809 3316; baseline 0.001 -16"><span class='ocrx_word' id='word_1_446' title='bbox 238 3245 544 3312; x_wconf 73' lang='grc' dir='ltr'>διαθηκῶν</span> <span class='ocrx_word' id='word_1_447' title='bbox 585 3246 694 3316; x_wconf 84' lang='grc' dir='ltr'>τῆς</span> <span class='ocrx_word' id='word_1_448' title='bbox 727 3249 1114 3316; x_wconf 70' lang='grc' dir='ltr'>ἐπαγγελίας,</span> <span class='ocrx_word' id='word_1_449' title='bbox 1166 3246 1384 3299; x_wconf 78' lang='grc' dir='ltr'>ἐλπίδα</span> <span class='ocrx_word' id='word_1_450' title='bbox 1431 3246 1518 3316; x_wconf 80' lang='grc' dir='ltr'>μὴ</span> <span class='ocrx_word' id='word_1_451' title='bbox 1568 3248 1809 3315; x_wconf 80' lang='grc' dir='ltr'>ἔχοντες</span> 
     </span>
    </p>
   </div>
   <div class='ocr_carea' id='block_1_62' title="bbox 1914 3241 3475 3318">
    <p class='ocr_par' dir='ltr' id='par_1_62' title="bbox 1915 3241 3475 3318">
     <span class='ocr_line' id='line_1_62' title="bbox 1915 3241 3475 3318; baseline 0.01 -26"><span class='ocrx_word' id='word_1_452' title='bbox 1915 3249 1962 3292; x_wconf 82' lang='grc' dir='ltr'><strong>ει</strong></span> <span class='ocrx_word' id='word_1_453' title='bbox 1993 3241 2232 3294; x_wconf 74' lang='lat' dir='ltr'><strong>extranei</strong></span> <span class='ocrx_word' id='word_1_454' title='bbox 2252 3258 2284 3295; x_wconf 88' lang='lat' dir='ltr'><strong>a</strong></span> <span class='ocrx_word' id='word_1_455' title='bbox 2312 3244 2636 3298; x_wconf 72' lang='lat' dir='ltr'><strong>testamentis</strong></span> <span class='ocrx_word' id='word_1_456' title='bbox 2657 3247 3047 3313; x_wconf 77' lang='lat' dir='ltr'><strong>promissionis,</strong></span> <span class='ocrx_word' id='word_1_457' title='bbox 3069 3265 3209 3318; x_wconf 76' lang='lat' dir='ltr'><strong>spem</strong></span> <span class='ocrx_word' id='word_1_458' title='bbox 3240 3268 3346 3306; x_wconf 88' lang='lat' dir='ltr'><strong>non</strong></span> <span class='ocrx_word' id='word_1_459' title='bbox 3375 3254 3475 3308; x_wconf 84' lang='lat' dir='ltr'><strong>ha—</strong></span> 
     </span>
    </p>
   </div>
   <div class='ocr_carea' id='block_1_63' title="bbox 240 3337 1810 3408">
    <p class='ocr_par' dir='ltr' id='par_1_63' title="bbox 240 3337 1810 3408">
     <span class='ocr_line' id='line_1_63' title="bbox 240 3337 1810 3408; baseline 0.004 -18"><span class='ocrx_word' id='word_1_460' title='bbox 240 3339 343 3391; x_wconf 77' lang='grc' dir='ltr'><strong>καὶ</strong></span> <span class='ocrx_word' id='word_1_461' title='bbox 367 3337 526 3392; x_wconf 80' lang='grc' dir='ltr'>ἄθεοι</span> <span class='ocrx_word' id='word_1_462' title='bbox 552 3340 621 3392; x_wconf 84' lang='grc' dir='ltr'>ἐν</span> <span class='ocrx_word' id='word_1_463' title='bbox 638 3339 714 3404; x_wconf 84' lang='grc' dir='ltr'>τῷ</span> <span class='ocrx_word' id='word_1_464' title='bbox 741 3342 965 3408; x_wconf 81' lang='grc' dir='ltr'>κόσμῳ.</span> <span class='ocrx_word' id='word_1_465' title='bbox 998 3339 1148 3393; x_wconf 77' lang='grc' dir='ltr'>Νυνὶ</span> <span class='ocrx_word' id='word_1_466' title='bbox 1177 3338 1243 3392; x_wconf 81' lang='grc' dir='ltr'>δὲ</span> <span class='ocrx_word' id='word_1_467' title='bbox 1259 3340 1326 3392; x_wconf 72' lang='grc' dir='ltr'>ἐν</span> <span class='ocrx_word' id='word_1_468' title='bbox 1346 3340 1575 3408; x_wconf 84' lang='grc' dir='ltr'>Χριστῷ</span> <span class='ocrx_word' id='word_1_469' title='bbox 1604 3341 1810 3408; x_wconf 89' lang='grc' dir='ltr'>Ἰησοῦ</span> 
     </span>
    </p>
   </div>
   <div class='ocr_carea' id='block_1_64' title="bbox 238 3428 1811 3500">
    <p class='ocr_par' dir='ltr' id='par_1_64' title="bbox 238 3428 1811 3500">
     <span class='ocr_line' id='line_1_64' title="bbox 238 3428 1811 3500; baseline 0.004 -19"><span class='ocrx_word' id='word_1_470' title='bbox 238 3428 414 3496; x_wconf 71' lang='grc' dir='ltr'>ὑμεῖς</span> <span class='ocrx_word' id='word_1_471' title='bbox 448 3430 504 3482; x_wconf 83' lang='grc' dir='ltr'>οἵ</span> <span class='ocrx_word' id='word_1_472' title='bbox 533 3444 676 3483; x_wconf 83' lang='grc' dir='ltr'>ποτε</span> <span class='ocrx_word' id='word_1_473' title='bbox 709 3429 879 3495; x_wconf 81' lang='grc' dir='ltr'>ὄντες</span> <span class='ocrx_word' id='word_1_474' title='bbox 914 3429 1170 3498; x_wconf 74' lang='grc' dir='ltr'>μακρὰν,</span> <span class='ocrx_word' id='word_1_475' title='bbox 1188 3429 1368 3500; x_wconf 78' lang='grc' dir='ltr'>ἐγγὺς</span> <span class='ocrx_word' id='word_1_476' title='bbox 1395 3431 1716 3499; x_wconf 73' lang='grc' dir='ltr'>ἐγενήθητε</span> <span class='ocrx_word' id='word_1_477' title='bbox 1742 3434 1811 3487; x_wconf 80' lang='grc' dir='ltr'>ἐν</span> 
     </span>
    </p>
   </div>
   <div class='ocr_carea' id='block_1_65' title="bbox 239 3520 1004 3589">
    <p class='ocr_par' dir='ltr' id='par_1_65' title="bbox 239 3520 1004 3589">
     <span class='ocr_line' id='line_1_65' title="bbox 239 3520 1004 3589; baseline 0.003 -16"><span class='ocrx_word' id='word_1_478' title='bbox 239 3520 323 3584; x_wconf 82' lang='grc' dir='ltr'>τῷ</span> <span class='ocrx_word' id='word_1_479' title='bbox 355 3521 556 3588; x_wconf 81' lang='grc' dir='ltr'>αἵματι</span> <span class='ocrx_word' id='word_1_480' title='bbox 588 3521 694 3575; x_wconf 86' lang='grc' dir='ltr'><strong>τοῦ</strong></span> <span class='ocrx_word' id='word_1_481' title='bbox 723 3521 1004 3589; x_wconf 83' lang='grc' dir='ltr'>Χριστοῦ.</span> 
     </span>
    </p>
   </div>
   <div class='ocr_carea' id='block_1_66' title="bbox 319 3609 1810 3686">
    <p class='ocr_par' dir='ltr' id='par_1_66' title="bbox 319 3609 1810 3686">
     <span class='ocr_line' id='line_1_66' title="bbox 319 3609 1810 3686; baseline 0.003 -22"><span class='ocrx_word' id='word_1_482' title='bbox 319 3631 340 3665; x_wconf 77' lang='grc' dir='ltr'><strong>ι</strong></span> <span class='ocrx_word' id='word_1_483' title='bbox 370 3615 462 3665; x_wconf 85' lang='grc' dir='ltr'>Διὸ</span> <span class='ocrx_word' id='word_1_484' title='bbox 504 3615 888 3684; x_wconf 85' lang='grc' dir='ltr'>μνημονεύετε.</span> <span class='ocrx_word' id='word_1_485' title='bbox 935 3633 955 3667; x_wconf 75' lang='grc' dir='ltr'><strong>ι</strong></span> <span class='ocrx_word' id='word_1_486' title='bbox 1001 3614 1152 3668; x_wconf 71' lang='grc' dir='ltr'>Ἐπεὶ</span> <span class='ocrx_word' id='word_1_487' title='bbox 1194 3609 1286 3668; x_wconf 83' lang='grc' dir='ltr'><strong>οῦν</strong></span> <span class='ocrx_word' id='word_1_488' title='bbox 1332 3615 1466 3679; x_wconf 82' lang='grc' dir='ltr'>ὅλως</span> <span class='ocrx_word' id='word_1_489' title='bbox 1505 3615 1599 3668; x_wconf 76' lang='grc' dir='ltr'>ἐπὶ</span> <span class='ocrx_word' id='word_1_490' title='bbox 1629 3615 1810 3686; x_wconf 79' lang='grc' dir='ltr'>ἔργοις</span> 
     </span>
    </p>
   </div>
   <div class='ocr_carea' id='block_1_67' title="bbox 240 3705 1809 3779">
    <p class='ocr_par' dir='ltr' id='par_1_67' title="bbox 240 3705 1809 3779">
     <span class='ocr_line' id='line_1_67' title="bbox 240 3705 1809 3779; baseline 0.002 -20"><span class='ocrx_word' id='word_1_491' title='bbox 240 3705 474 3773; x_wconf 79' lang='grc' dir='ltr'>ἀγαθοῖς</span> <span class='ocrx_word' id='word_1_492' title='bbox 499 3706 723 3776; x_wconf 78' lang='grc' dir='ltr'>ἐκτίσθη</span> <span class='ocrx_word' id='word_1_493' title='bbox 734 3723 854 3775; x_wconf 85' lang='grc' dir='ltr'>μεν,</span> <span class='ocrx_word' id='word_1_494' title='bbox 891 3722 995 3777; x_wconf 87' lang='grc' dir='ltr'><strong>μνη</strong></span> <span class='ocrx_word' id='word_1_495' title='bbox 1005 3708 1280 3776; x_wconf 63' lang='grc' dir='ltr'>μονφάετε.</span> <span class='ocrx_word' id='word_1_496' title='bbox 1299 3709 1407 3761; x_wconf 80' lang='grc' dir='ltr'>Καὶ</span> <span class='ocrx_word' id='word_1_497' title='bbox 1426 3710 1533 3779; x_wconf 74' lang='grc' dir='ltr'><strong>γὰρ</strong></span> <span class='ocrx_word' id='word_1_498' title='bbox 1558 3709 1676 3771; x_wconf 80' lang='grc' dir='ltr'>ἔθος</span> <span class='ocrx_word' id='word_1_499' title='bbox 1698 3711 1809 3771; x_wconf 87' lang='grc' dir='ltr'>τοῖς</span> 
     </span>
    </p>
   </div>
   <div class='ocr_carea' id='block_1_68' title="bbox 239 3796 1809 3872">
    <p class='ocr_par' dir='ltr' id='par_1_68' title="bbox 239 3796 1809 3872">
     <span class='ocr_line' id='line_1_68' title="bbox 239 3796 1809 3872; baseline 0.004 -24"><span class='ocrx_word' id='word_1_500' title='bbox 239 3796 354 3849; x_wconf 81' lang='grc' dir='ltr'>ἀπὸ</span> <span class='ocrx_word' id='word_1_501' title='bbox 405 3797 607 3867; x_wconf 81' lang='grc' dir='ltr'>πολλῆς</span> <span class='ocrx_word' id='word_1_502' title='bbox 639 3797 912 3862; x_wconf 79' lang='grc' dir='ltr'>εὐτελείας</span> <span class='ocrx_word' id='word_1_503' title='bbox 943 3799 1024 3861; x_wconf 88' lang='grc' dir='ltr'><strong>είς</strong></span> <span class='ocrx_word' id='word_1_504' title='bbox 1072 3797 1205 3867; x_wconf 78' lang='grc' dir='ltr'>ὕψος</span> <span class='ocrx_word' id='word_1_505' title='bbox 1247 3799 1638 3872; x_wconf 85' lang='grc' dir='ltr'>ἀναδραμοῦσι,</span> <span class='ocrx_word' id='word_1_506' title='bbox 1674 3802 1809 3871; x_wconf 83' lang='grc' dir='ltr'>μηδὲ</span> 
     </span>
    </p>
   </div>
   <div class='ocr_carea' id='block_1_69' title="bbox 247 3885 1809 3958">
    <p class='ocr_par' dir='ltr' id='par_1_69' title="bbox 247 3885 1809 3958">
     <span class='ocr_line' id='line_1_69' title="bbox 247 3885 1809 3958; baseline 0.001 -20"><span class='ocrx_word' id='word_1_507' title='bbox 247 3886 561 3957; x_wconf 84' lang='grc' dir='ltr'>μεμνῆσθαι</span> <span class='ocrx_word' id='word_1_508' title='bbox 605 3885 717 3938; x_wconf 84' lang='grc' dir='ltr'><strong>τῶν</strong></span> <span class='ocrx_word' id='word_1_509' title='bbox 747 3886 1044 3958; x_wconf 83' lang='grc' dir='ltr'>προτέρων.</span> <span class='ocrx_word' id='word_1_510' title='bbox 1078 3886 1201 3940; x_wconf 86' lang='grc' dir='ltr'>Ὅτι</span> <span class='ocrx_word' id='word_1_511' title='bbox 1243 3888 1398 3956; x_wconf 80' lang='grc' dir='ltr'>ὑμεῖς</span> <span class='ocrx_word' id='word_1_512' title='bbox 1448 3906 1598 3942; x_wconf 88' lang='grc' dir='ltr'>ποτε.</span> <span class='ocrx_word' id='word_1_513' title='bbox 1655 3889 1809 3941; x_wconf 84' lang='grc' dir='ltr'>Θέλει</span> 
     </span>
    </p>
   </div>
   <div class='ocr_carea' id='block_1_70' title="bbox 240 3975 1809 4058">
    <p class='ocr_par' dir='ltr' id='par_1_70' title="bbox 240 3975 1809 4058">
     <span class='ocr_line' id='line_1_70' title="bbox 240 3975 1809 4058; baseline 0.001 -28"><span class='ocrx_word' id='word_1_514' title='bbox 240 3980 420 4031; x_wconf 68' lang='grc' dir='ltr'>εἰπεῖν</span> <span class='ocrx_word' id='word_1_515' title='bbox 451 3978 534 4030; x_wconf 84' lang='grc' dir='ltr'>ὅτι</span> <span class='ocrx_word' id='word_1_516' title='bbox 563 3975 722 4046; x_wconf 79' lang='grc' dir='ltr'>ὑμεῖς</span> <span class='ocrx_word' id='word_1_517' title='bbox 751 3977 799 4030; x_wconf 75' lang='lat' dir='ltr'><strong>oi</strong></span> <span class='ocrx_word' id='word_1_518' title='bbox 849 3977 1200 4058; x_wconf 55' lang='lat' dir='ltr'><strong>a§p66ucrot,</strong></span> <span class='ocrx_word' id='word_1_519' title='bbox 1254 3979 1311 4030; x_wconf 83' lang='grc' dir='ltr'>ὲν</span> <span class='ocrx_word' id='word_1_520' title='bbox 1353 3981 1466 4042; x_wconf 85' lang='grc' dir='ltr'>τοῖς</span> <span class='ocrx_word' id='word_1_521' title='bbox 1501 3980 1809 4058; x_wconf 69' lang='grc' dir='ltr'>ξμπροσθεν</span> 
     </span>
    </p>
   </div>
   <div class='ocr_carea' id='block_1_71' title="bbox 242 4052 1808 4142">
    <p class='ocr_par' dir='ltr' id='par_1_71' title="bbox 242 4052 1808 4142">
     <span class='ocr_line' id='line_1_71' title="bbox 242 4052 1808 4142; baseline 0 -19"><span class='ocrx_word' id='word_1_522' title='bbox 242 4071 480 4142; x_wconf 75' lang='grc' dir='ltr'>χρόνοις,</span> <span class='ocrx_word' id='word_1_523' title='bbox 520 4070 792 4141; x_wconf 83' lang='grc' dir='ltr'>ἀλλότριοι</span> <span class='ocrx_word' id='word_1_524' title='bbox 831 4052 930 4141; x_wconf 64' lang='grc' dir='ltr'>ἦτε</span> <span class='ocrx_word' id='word_1_525' title='bbox 977 4069 1070 4122; x_wconf 86' lang='grc' dir='ltr'><strong>τοῦ</strong></span> <span class='ocrx_word' id='word_1_526' title='bbox 1100 4069 1236 4122; x_wconf 82' lang='grc' dir='ltr'>Θεοῦ</span> <span class='ocrx_word' id='word_1_527' title='bbox 1267 4069 1360 4122; x_wconf 77' lang='lat' dir='ltr'><strong>uati</strong></span> <span class='ocrx_word' id='word_1_528' title='bbox 1414 4052 1523 4123; x_wconf 78' lang='grc' dir='ltr'><strong>τῶν</strong></span> <span class='ocrx_word' id='word_1_529' title='bbox 1564 4073 1808 4138; x_wconf 76' lang='grc' dir='ltr'>ἐπαγγε-</span> 
     </span>
    </p>
   </div>
   <div class='ocr_carea' id='block_1_72' title="bbox 240 4160 1805 4234">
    <p class='ocr_par' dir='ltr' id='par_1_72' title="bbox 240 4160 1805 4234">
     <span class='ocr_line' id='line_1_72' title="bbox 240 4160 1805 4234; baseline 0.001 -19"><span class='ocrx_word' id='word_1_530' title='bbox 240 4162 397 4218; x_wconf 82' lang='grc' dir='ltr'>λιῶν.</span> <span class='ocrx_word' id='word_1_531' title='bbox 433 4161 570 4215; x_wconf 60' lang='grc' dir='ltr'><strong>Νυνὶ¹</strong></span> <span class='ocrx_word' id='word_1_532' title='bbox 604 4161 684 4229; x_wconf 76' lang='grc' dir='ltr'>δὲ,</span> <span class='ocrx_word' id='word_1_533' title='bbox 716 4160 764 4216; x_wconf 81' lang='lat' dir='ltr'><strong>oi</strong></span> <span class='ocrx_word' id='word_1_534' title='bbox 803 4161 925 4215; x_wconf 84' lang='grc' dir='ltr'>τότε</span> <span class='ocrx_word' id='word_1_535' title='bbox 973 4160 1125 4227; x_wconf 73' lang='grc' dir='ltr'>ὄντες</span> <span class='ocrx_word' id='word_1_536' title='bbox 1156 4160 1426 4232; x_wconf 82' lang='grc' dir='ltr'>ἀλλότριοι</span> <span class='ocrx_word' id='word_1_537' title='bbox 1461 4162 1556 4216; x_wconf 76' lang='grc' dir='ltr'><strong>καὶ</strong></span> <span class='ocrx_word' id='word_1_538' title='bbox 1595 4163 1805 4234; x_wconf 70' lang='grc' dir='ltr'>πόρρω,</span> 
     </span>
    </p>
   </div>
   <div class='ocr_carea' id='block_1_73' title="bbox 242 4253 1807 4325">
    <p class='ocr_par' dir='ltr' id='par_1_73' title="bbox 242 4253 1807 4325">
     <span class='ocr_line' id='line_1_73' title="bbox 242 4253 1807 4325; baseline 0.002 -20"><span class='ocrx_word' id='word_1_539' title='bbox 242 4254 413 4323; x_wconf 68' lang='grc' dir='ltr'>ἐγγὺς</span> <span class='ocrx_word' id='word_1_540' title='bbox 442 4253 715 4322; x_wconf 75' lang='grc' dir='ltr'>ἐγένεσθε.</span> <span class='ocrx_word' id='word_1_541' title='bbox 749 4253 1004 4306; x_wconf 82' lang='grc' dir='ltr'>Δείκνυσι</span> <span class='ocrx_word' id='word_1_542' title='bbox 1032 4253 1088 4307; x_wconf 84' lang='grc' dir='ltr'><strong>δὲ</strong></span> <span class='ocrx_word' id='word_1_543' title='bbox 1119 4255 1181 4306; x_wconf 78' lang='grc' dir='ltr'><strong>ἐκ</strong></span> <span class='ocrx_word' id='word_1_544' title='bbox 1211 4253 1422 4320; x_wconf 85' lang='grc' dir='ltr'>τούτου,</span> <span class='ocrx_word' id='word_1_545' title='bbox 1454 4255 1544 4308; x_wconf 88' lang='grc' dir='ltr'><strong>τοῦ</strong></span> <span class='ocrx_word' id='word_1_546' title='bbox 1574 4256 1807 4325; x_wconf 86' lang='grc' dir='ltr'>Χριστοῦ</span> 
     </span>
    </p>
   </div>
   <div class='ocr_carea' id='block_1_74' title="bbox 239 4344 1809 4417">
    <p class='ocr_par' dir='ltr' id='par_1_74' title="bbox 239 4344 1809 4417">
     <span class='ocr_line' id='line_1_74' title="bbox 239 4344 1809 4417; baseline 0.001 -19"><span class='ocrx_word' id='word_1_547' title='bbox 239 4345 342 4417; x_wconf 81' lang='grc' dir='ltr'>τὴν</span> <span class='ocrx_word' id='word_1_548' title='bbox 393 4344 754 4416; x_wconf 83' lang='grc' dir='ltr'>κηδεμονίαν,</span> <span class='ocrx_word' id='word_1_549' title='bbox 811 4346 891 4399; x_wconf 83' lang='grc' dir='ltr'>ὅτι</span> <span class='ocrx_word' id='word_1_550' title='bbox 949 4346 1075 4410; x_wconf 82' lang='grc' dir='ltr'>τοὺς</span> <span class='ocrx_word' id='word_1_551' title='bbox 1126 4345 1666 4416; x_wconf 81' lang='grc' dir='ltr'>ἀπηλλοτριωμένους</span> <span class='ocrx_word' id='word_1_552' title='bbox 1715 4349 1809 4400; x_wconf 73' lang='grc' dir='ltr'><strong>καὶ</strong></span> 
     </span>
    </p>
   </div>
   <div class='ocr_carea' id='block_1_75' title="bbox 241 4435 1809 4507">
    <p class='ocr_par' dir='ltr' id='par_1_75' title="bbox 241 4435 1809 4507">
     <span class='ocr_line' id='line_1_75' title="bbox 241 4435 1809 4507; baseline 0 -17"><span class='ocrx_word' id='word_1_553' title='bbox 241 4437 438 4490; x_wconf 75' lang='grc' dir='ltr'>ἐλπίδα</span> <span class='ocrx_word' id='word_1_554' title='bbox 495 4437 569 4507; x_wconf 79' lang='grc' dir='ltr'>μὴ</span> <span class='ocrx_word' id='word_1_555' title='bbox 609 4435 830 4507; x_wconf 78' lang='grc' dir='ltr'>ἔχοντας</span> <span class='ocrx_word' id='word_1_556' title='bbox 855 4436 1079 4492; x_wconf 80' lang='grc' dir='ltr'>ἔσωσεν.</span> <span class='ocrx_word' id='word_1_557' title='bbox 1131 4437 1272 4507; x_wconf 89' lang='grc' dir='ltr'>Ὅρα</span> <span class='ocrx_word' id='word_1_558' title='bbox 1317 4436 1375 4490; x_wconf 78' lang='grc' dir='ltr'>δὲ</span> <span class='ocrx_word' id='word_1_559' title='bbox 1431 4437 1646 4506; x_wconf 79' lang='grc' dir='ltr'>εὐφυῶς</span> <span class='ocrx_word' id='word_1_560' title='bbox 1692 4438 1809 4501; x_wconf 81' lang='grc' dir='ltr'><strong>πῶς</strong></span> 
     </span>
    </p>
   </div>
   <div class='ocr_carea' id='block_1_76' title="bbox 239 4526 1807 4598">
    <p class='ocr_par' dir='ltr' id='par_1_76' title="bbox 239 4526 1807 4598">
     <span class='ocr_line' id='line_1_76' title="bbox 239 4526 1807 4598; baseline 0.001 -17"><span class='ocrx_word' id='word_1_561' title='bbox 239 4526 697 4598; x_wconf 78' lang='grc' dir='ltr'>καταϐάλλειτὴν</span> <span class='ocrx_word' id='word_1_562' title='bbox 743 4526 1070 4598; x_wconf 82' lang='grc' dir='ltr'>περιτομὴν,</span> <span class='ocrx_word' id='word_1_563' title='bbox 1104 4526 1320 4589; x_wconf 75' lang='grc' dir='ltr'>δεικνὺς</span> <span class='ocrx_word' id='word_1_564' title='bbox 1363 4527 1419 4578; x_wconf 81' lang='grc' dir='ltr'>ἐν</span> <span class='ocrx_word' id='word_1_565' title='bbox 1466 4527 1609 4597; x_wconf 86' lang='grc' dir='ltr'>λόγῳ</span> <span class='ocrx_word' id='word_1_566' title='bbox 1647 4530 1807 4598; x_wconf 87' lang='grc' dir='ltr'>μόνον</span> 
     </span>
    </p>
   </div>
   <div class='ocr_carea' id='block_1_77' title="bbox 237 4617 1805 4693">
    <p class='ocr_par' dir='ltr' id='par_1_77' title="bbox 237 4617 1805 4693">
     <span class='ocr_line' id='line_1_77' title="bbox 237 4617 1805 4693; baseline 0.002 -21"><span class='ocrx_word' id='word_1_567' title='bbox 237 4620 337 4672; x_wconf 71' lang='grc' dir='ltr'>καὶ</span> <span class='ocrx_word' id='word_1_568' title='bbox 377 4619 477 4672; x_wconf 80' lang='grc' dir='ltr'><strong>οὐκ</strong></span> <span class='ocrx_word' id='word_1_569' title='bbox 511 4617 658 4689; x_wconf 78' lang='grc' dir='ltr'>ἔργῳ</span> <span class='ocrx_word' id='word_1_570' title='bbox 704 4621 812 4673; x_wconf 73' lang='grc' dir='ltr'>τινὶ</span> <span class='ocrx_word' id='word_1_571' title='bbox 841 4619 1106 4687; x_wconf 85' lang='grc' dir='ltr'>γενναίως</span> <span class='ocrx_word' id='word_1_572' title='bbox 1143 4617 1288 4689; x_wconf 75' lang='grc' dir='ltr'>ἔχειν</span> <span class='ocrx_word' id='word_1_573' title='bbox 1317 4617 1505 4690; x_wconf 80' lang='grc' dir='ltr'>αὐτὴν,</span> <span class='ocrx_word' id='word_1_574' title='bbox 1549 4621 1624 4684; x_wconf 84' lang='grc' dir='ltr'><strong>ὡς</strong></span> <span class='ocrx_word' id='word_1_575' title='bbox 1671 4622 1805 4693; x_wconf 79' lang='grc' dir='ltr'>πρὸς</span> 
     </span>
    </p>
   </div>
   <div class='ocr_carea' id='block_1_78' title="bbox 237 4711 1811 4784">
    <p class='ocr_par' dir='ltr' id='par_1_78' title="bbox 237 4711 1811 4784">
     <span class='ocr_line' id='line_1_78' title="bbox 237 4711 1811 4784; baseline 0.001 -19"><span class='ocrx_word' id='word_1_576' title='bbox 237 4712 342 4772; x_wconf 83' lang='grc' dir='ltr'>τὴν</span> <span class='ocrx_word' id='word_1_577' title='bbox 375 4711 743 4783; x_wconf 75' lang='grc' dir='ltr'>ἀκροϐυστίαν</span> <span class='ocrx_word' id='word_1_578' title='bbox 777 4711 838 4764; x_wconf 78' lang='grc' dir='ltr'><strong>τὸ</strong></span> <span class='ocrx_word' id='word_1_579' title='bbox 864 4711 1138 4780; x_wconf 77' lang='grc' dir='ltr'>διάφορον.</span> <span class='ocrx_word' id='word_1_580' title='bbox 1181 4711 1372 4782; x_wconf 85' lang='grc' dir='ltr'>Ὑμεῖς</span> <span class='ocrx_word' id='word_1_581' title='bbox 1397 4713 1528 4784; x_wconf 80' lang='grc' dir='ltr'>γὰρ,</span> <span class='ocrx_word' id='word_1_582' title='bbox 1561 4715 1713 4783; x_wconf 64' lang='grc' dir='ltr'>φησὶ,</span> <span class='ocrx_word' id='word_1_583' title='bbox 1742 4714 1811 4768; x_wconf 83' lang='grc' dir='ltr'><strong>τὰ</strong></span> 
     </span>
    </p>
   </div>
   <div class='ocr_carea' id='block_1_79' title="bbox 236 4805 1808 4878">
    <p class='ocr_par' dir='ltr' id='par_1_79' title="bbox 236 4805 1808 4878">
     <span class='ocr_line' id='line_1_79' title="bbox 236 4805 1808 4878; baseline 0.001 -18"><span class='ocrx_word' id='word_1_584' title='bbox 236 4807 369 4878; x_wconf 73' lang='grc' dir='ltr'>ἔθνη</span> <span class='ocrx_word' id='word_1_585' title='bbox 395 4807 445 4860; x_wconf 83' lang='grc' dir='ltr'>οῖ</span> <span class='ocrx_word' id='word_1_586' title='bbox 476 4808 534 4860; x_wconf 80' lang='grc' dir='ltr'>ὲν</span> <span class='ocrx_word' id='word_1_587' title='bbox 569 4806 754 4878; x_wconf 71' lang='grc' dir='ltr'>σαρκὶ,</span> <span class='ocrx_word' id='word_1_588' title='bbox 789 4805 904 4860; x_wconf 85' lang='grc' dir='ltr'>ἀλλ’</span> <span class='ocrx_word' id='word_1_589' title='bbox 931 4807 1030 4859; x_wconf 83' lang='grc' dir='ltr'>οὐκ</span> <span class='ocrx_word' id='word_1_590' title='bbox 1056 4807 1114 4859; x_wconf 81' lang='grc' dir='ltr'>ὲν</span> <span class='ocrx_word' id='word_1_591' title='bbox 1162 4805 1455 4877; x_wconf 80' lang='grc' dir='ltr'>πνεύματι,</span> <span class='ocrx_word' id='word_1_592' title='bbox 1488 4807 1583 4861; x_wconf 76' lang='grc' dir='ltr'>καὶ</span> <span class='ocrx_word' id='word_1_593' title='bbox 1623 4809 1672 4860; x_wconf 80' lang='grc' dir='ltr'><strong>οἱ</strong></span> <span class='ocrx_word' id='word_1_594' title='bbox 1720 4808 1808 4861; x_wconf 84' lang='grc' dir='ltr'>λε-</span> 
     </span>
    </p>
   </div>
   <div class='ocr_carea' id='block_1_80' title="bbox 235 4897 1806 4972">
    <p class='ocr_par' dir='ltr' id='par_1_80' title="bbox 235 4897 1806 4972">
     <span class='ocr_line' id='line_1_80' title="bbox 235 4897 1806 4972; baseline 0.001 -20"><span class='ocrx_word' id='word_1_595' title='bbox 235 4899 484 4969; x_wconf 83' lang='grc' dir='ltr'>γόμενοι.</span> <span class='ocrx_word' id='word_1_596' title='bbox 510 4899 606 4970; x_wconf 86' lang='grc' dir='ltr'><strong>(Οὐ</strong></span> <span class='ocrx_word' id='word_1_597' title='bbox 629 4901 734 4969; x_wconf 87' lang='grc' dir='ltr'>γὰρ</span> <span class='ocrx_word' id='word_1_598' title='bbox 757 4898 908 4962; x_wconf 70' lang='grc' dir='ltr'>ὄντες</span> <span class='ocrx_word' id='word_1_599' title='bbox 938 4897 1079 4952; x_wconf 85' lang='grc' dir='ltr'><strong>κατά</strong></span> <span class='ocrx_word' id='word_1_600' title='bbox 1104 4899 1194 4952; x_wconf 75' lang='grc' dir='ltr'>τὸν</span> <span class='ocrx_word' id='word_1_601' title='bbox 1219 4898 1584 4971; x_wconf 80' lang='grc' dir='ltr'>πνευματικὸν</span> <span class='ocrx_word' id='word_1_602' title='bbox 1605 4899 1806 4972; x_wconf 84' lang='grc' dir='ltr'>λόγον.)</span> 
     </span>
    </p>
   </div>
   <div class='ocr_carea' id='block_1_81' title="bbox 246 4987 1805 5061">
    <p class='ocr_par' dir='ltr' id='par_1_81' title="bbox 246 4987 1805 5061">
     <span class='ocr_line' id='line_1_81' title="bbox 246 4987 1805 5061; baseline -0.001 -15"><span class='ocrx_word' id='word_1_603' title='bbox 246 4992 398 5046; x_wconf 78' lang='grc' dir='ltr'>Ὤσεὶ</span> <span class='ocrx_word' id='word_1_604' title='bbox 425 4987 598 5057; x_wconf 74' lang='grc' dir='ltr'>εἶπεν,</span> <span class='ocrx_word' id='word_1_605' title='bbox 625 4991 681 5044; x_wconf 83' lang='grc' dir='ltr'>ὲν</span> <span class='ocrx_word' id='word_1_606' title='bbox 708 4990 874 5061; x_wconf 73' lang='grc' dir='ltr'>σαρκὶ</span> <span class='ocrx_word' id='word_1_607' title='bbox 900 4990 994 5043; x_wconf 78' lang='grc' dir='ltr'>καὶ</span> <span class='ocrx_word' id='word_1_608' title='bbox 1024 4991 1083 5042; x_wconf 81' lang='grc' dir='ltr'>ὲν</span> <span class='ocrx_word' id='word_1_609' title='bbox 1112 4989 1294 5059; x_wconf 87' lang='grc' dir='ltr'>’λόγοις</span> <span class='ocrx_word' id='word_1_610' title='bbox 1347 4990 1407 5043; x_wconf 83' lang='grc' dir='ltr'>τὸ</span> <span class='ocrx_word' id='word_1_611' title='bbox 1440 4991 1678 5056; x_wconf 82' lang='grc' dir='ltr'>ἔλαττον,</span> <span class='ocrx_word' id='word_1_612' title='bbox 1715 4992 1805 5044; x_wconf 86' lang='grc' dir='ltr'><strong>οὺ-</strong></span> 
     </span>
    </p>
   </div>
   <div class='ocr_carea' id='block_1_82' title="bbox 235 5077 1807 5155">
    <p class='ocr_par' dir='ltr' id='par_1_82' title="bbox 235 5077 1807 5155">
     <span class='ocr_line' id='line_1_82' title="bbox 235 5077 1807 5155; baseline 0.001 -18"><span class='ocrx_word' id='word_1_613' title='bbox 235 5082 417 5153; x_wconf 83' lang='grc' dir='ltr'>δαμοῦ</span> <span class='ocrx_word' id='word_1_614' title='bbox 456 5085 514 5137; x_wconf 82' lang='grc' dir='ltr'>ὲν</span> <span class='ocrx_word' id='word_1_615' title='bbox 536 5083 827 5154; x_wconf 81' lang='grc' dir='ltr'>πνεύματι.</span> <span class='ocrx_word' id='word_1_616' title='bbox 852 5077 986 5136; x_wconf 81' lang='grc' dir='ltr'>Εἶτα</span> <span class='ocrx_word' id='word_1_617' title='bbox 1027 5082 1188 5136; x_wconf 81' lang='grc' dir='ltr'>πάλιν</span> <span class='ocrx_word' id='word_1_618' title='bbox 1222 5085 1348 5154; x_wconf 73' lang='grc' dir='ltr'>περὶ</span> <span class='ocrx_word' id='word_1_619' title='bbox 1379 5083 1480 5154; x_wconf 83' lang='grc' dir='ltr'>τῆς</span> <span class='ocrx_word' id='word_1_620' title='bbox 1506 5085 1807 5155; x_wconf 82' lang='grc' dir='ltr'>περιτομῆς</span> 
     </span>
    </p>
   </div>
   <div class='ocr_carea' id='block_1_83' title="bbox 234 5172 1802 5247">
    <p class='ocr_par' dir='ltr' id='par_1_83' title="bbox 234 5172 1802 5247">
     <span class='ocr_line' id='line_1_83' title="bbox 234 5172 1802 5247; baseline 0 -19"><span class='ocrx_word' id='word_1_621' title='bbox 234 5175 414 5244; x_wconf 76' lang='grc' dir='ltr'>λέγων</span> <span class='ocrx_word' id='word_1_622' title='bbox 441 5173 625 5247; x_wconf 72' lang='grc' dir='ltr'>φησὶν,</span> <span class='ocrx_word' id='word_1_623' title='bbox 662 5175 766 5229; x_wconf 81' lang='grc' dir='ltr'><strong>ὑπὸ</strong></span> <span class='ocrx_word' id='word_1_624' title='bbox 799 5175 896 5245; x_wconf 85' lang='grc' dir='ltr'>τῆς</span> <span class='ocrx_word' id='word_1_625' title='bbox 929 5172 1226 5244; x_wconf 86' lang='grc' dir='ltr'>λεγομένης</span> <span class='ocrx_word' id='word_1_626' title='bbox 1276 5175 1371 5226; x_wconf 69' lang='grc' dir='ltr'>καὶ</span> <span class='ocrx_word' id='word_1_627' title='bbox 1403 5176 1802 5244; x_wconf 86' lang='grc' dir='ltr'>χειροποιήτου,</span> 
     </span>
    </p>
   </div>
   <div class='ocr_carea' id='block_1_84' title="bbox 232 5264 1802 5337">
    <p class='ocr_par' dir='ltr' id='par_1_84' title="bbox 232 5264 1802 5337">
     <span class='ocr_line' id='line_1_84' title="bbox 232 5264 1802 5337; baseline 0.001 -18"><span class='ocrx_word' id='word_1_628' title='bbox 232 5265 341 5335; x_wconf 77' lang='grc' dir='ltr'><strong>τὴν</strong></span> <span class='ocrx_word' id='word_1_629' title='bbox 372 5267 432 5318; x_wconf 83' lang='grc' dir='ltr'>ὲν</span> <span class='ocrx_word' id='word_1_630' title='bbox 482 5265 663 5335; x_wconf 85' lang='grc' dir='ltr'>λόγοις</span> <span class='ocrx_word' id='word_1_631' title='bbox 697 5265 858 5335; x_wconf 89' lang='grc' dir='ltr'>μόνον</span> <span class='ocrx_word' id='word_1_632' title='bbox 906 5265 998 5317; x_wconf 72' lang='grc' dir='ltr'><strong>καὶ</strong></span> <span class='ocrx_word' id='word_1_633' title='bbox 1045 5265 1210 5337; x_wconf 77' lang='grc' dir='ltr'>σαρκὶ</span> <span class='ocrx_word' id='word_1_634' title='bbox 1245 5264 1576 5335; x_wconf 87' lang='grc' dir='ltr'>προτίμησιν</span> <span class='ocrx_word' id='word_1_635' title='bbox 1606 5264 1802 5336; x_wconf 86' lang='grc' dir='ltr'>δηλῶν.</span> 
     </span>
    </p>
   </div>
   <div class='ocr_carea' id='block_1_85' title="bbox 243 5351 1806 5428">
    <p class='ocr_par' dir='ltr' id='par_1_85' title="bbox 243 5351 1806 5428">
     <span class='ocr_line' id='line_1_85' title="bbox 243 5351 1806 5428; baseline 0.001 -18"><span class='ocrx_word' id='word_1_636' title='bbox 243 5377 264 5410; x_wconf 78' lang='lat' dir='ltr'><strong>s</strong></span> <span class='ocrx_word' id='word_1_637' title='bbox 306 5358 432 5411; x_wconf 85' lang='grc' dir='ltr'>Ὅτι</span> <span class='ocrx_word' id='word_1_638' title='bbox 464 5353 586 5428; x_wconf 81' lang='grc' dir='ltr'>ἦτε.</span> <span class='ocrx_word' id='word_1_639' title='bbox 620 5377 639 5411; x_wconf 76' lang='grc' dir='ltr'><strong>ι</strong></span> <span class='ocrx_word' id='word_1_640' title='bbox 670 5357 734 5410; x_wconf 83' lang='grc' dir='ltr'><strong>Τί</strong></span> <span class='ocrx_word' id='word_1_641' title='bbox 761 5355 1151 5428; x_wconf 85' lang='grc' dir='ltr'>μνημονεύετε,</span> <span class='ocrx_word' id='word_1_642' title='bbox 1174 5357 1252 5409; x_wconf 85' lang='grc' dir='ltr'>ὅτι</span> <span class='ocrx_word' id='word_1_643' title='bbox 1277 5351 1397 5426; x_wconf 79' lang='grc' dir='ltr'>ἦτε,</span> <span class='ocrx_word' id='word_1_644' title='bbox 1429 5357 1614 5426; x_wconf 79' lang='grc' dir='ltr'>φησὶν,</span> <span class='ocrx_word' id='word_1_645' title='bbox 1646 5359 1703 5411; x_wconf 82' lang='grc' dir='ltr'>ὲν</span> <span class='ocrx_word' id='word_1_646' title='bbox 1729 5357 1806 5428; x_wconf 81' lang='grc' dir='ltr'>τῷ</span> 
     </span>
    </p>
   </div>
   <div class='ocr_carea' id='block_1_86' title="bbox 233 5442 1805 5519">
    <p class='ocr_par' dir='ltr' id='par_1_86' title="bbox 233 5442 1805 5519">
     <span class='ocr_line' id='line_1_86' title="bbox 233 5442 1805 5519; baseline -0.004 -16"><span class='ocrx_word' id='word_1_647' title='bbox 233 5448 440 5519; x_wconf 78' lang='grc' dir='ltr'>καιρῷτ</span> <span class='ocrx_word' id='word_1_648' title='bbox 468 5449 663 5518; x_wconf 78' lang='grc' dir='ltr'>ἐκείνῳ</span> <span class='ocrx_word' id='word_1_649' title='bbox 706 5448 874 5518; x_wconf 71' lang='grc' dir='ltr'>χωρὶς</span> <span class='ocrx_word' id='word_1_650' title='bbox 922 5446 1181 5517; x_wconf 86' lang='grc' dir='ltr'>Χριστοῦ.</span> <span class='ocrx_word' id='word_1_651' title='bbox 1231 5445 1402 5497; x_wconf 87' lang='grc' dir='ltr'>Τοῦτο</span> <span class='ocrx_word' id='word_1_652' title='bbox 1429 5442 1518 5517; x_wconf 81' lang='grc' dir='ltr'>ἦν,</span> <span class='ocrx_word' id='word_1_653' title='bbox 1560 5447 1710 5515; x_wconf 72' lang='grc' dir='ltr'>φησι,</span> <span class='ocrx_word' id='word_1_654' title='bbox 1743 5446 1805 5499; x_wconf 83' lang='grc' dir='ltr'><strong>τὸ</strong></span> 
     </span>
    </p>
   </div>
   <div class='ocr_carea' id='block_1_87' title="bbox 230 5536 1806 5608">
    <p class='ocr_par' dir='ltr' id='par_1_87' title="bbox 230 5536 1806 5608">
     <span class='ocr_line' id='line_1_87' title="bbox 230 5536 1806 5608; baseline -0.002 -15"><span class='ocrx_word' id='word_1_655' title='bbox 230 5539 431 5594; x_wconf 80' lang='grc' dir='ltr'>δεινόν.</span> <span class='ocrx_word' id='word_1_656' title='bbox 482 5539 557 5593; x_wconf 81' lang='grc' dir='ltr'><strong>Τὸ</strong></span> <span class='ocrx_word' id='word_1_657' title='bbox 610 5538 669 5590; x_wconf 71' lang='grc' dir='ltr'>δὲ</span> <span class='ocrx_word' id='word_1_658' title='bbox 709 5538 805 5608; x_wconf 83' lang='grc' dir='ltr'>τῆς</span> <span class='ocrx_word' id='word_1_659' title='bbox 839 5536 1236 5606; x_wconf 77' lang='grc' dir='ltr'>ἀκροϐυστίας,</span> <span class='ocrx_word' id='word_1_660' title='bbox 1295 5537 1421 5605; x_wconf 80' lang='grc' dir='ltr'>ἄχρι</span> <span class='ocrx_word' id='word_1_661' title='bbox 1465 5539 1668 5605; x_wconf 81' lang='grc' dir='ltr'>σαρκὸς</span> <span class='ocrx_word' id='word_1_662' title='bbox 1709 5537 1806 5590; x_wconf 73' lang='grc' dir='ltr'><strong>καὶ</strong></span> 
     </span>
    </p>
   </div>
   <div class='ocr_carea' id='block_1_88' title="bbox 233 5626 1803 5703">
    <p class='ocr_par' dir='ltr' id='par_1_88' title="bbox 233 5626 1803 5703">
     <span class='ocr_line' id='line_1_88' title="bbox 233 5626 1803 5703; baseline -0.003 -17"><span class='ocrx_word' id='word_1_663' title='bbox 233 5632 503 5703; x_wconf 85' lang='grc' dir='ltr'>ὀνόματος</span> <span class='ocrx_word' id='word_1_664' title='bbox 541 5626 610 5702; x_wconf 74' lang='grc' dir='ltr'>ἦν</span> <span class='ocrx_word' id='word_1_665' title='bbox 640 5630 819 5701; x_wconf 79' lang='grc' dir='ltr'>ψιλοῦ.</span> <span class='ocrx_word' id='word_1_666' title='bbox 866 5626 999 5682; x_wconf 80' lang='grc' dir='ltr'>Εἶτα</span> <span class='ocrx_word' id='word_1_667' title='bbox 1029 5629 1112 5680; x_wconf 87' lang='grc' dir='ltr'>ὅτι</span> <span class='ocrx_word' id='word_1_668' title='bbox 1159 5627 1254 5680; x_wconf 80' lang='grc' dir='ltr'><strong>καὶ</strong></span> <span class='ocrx_word' id='word_1_669' title='bbox 1295 5627 1803 5696; x_wconf 83' lang='grc' dir='ltr'>ἀπηλλοτριωμένοι</span> 
     </span>
    </p>
   </div>
   <div class='ocr_carea' id='block_1_89' title="bbox 231 5717 1803 5799">
    <p class='ocr_par' dir='ltr' id='par_1_89' title="bbox 231 5717 1803 5799">
     <span class='ocr_line' id='line_1_89' title="bbox 231 5717 1803 5799; baseline -0.005 -20"><span class='ocrx_word' id='word_1_670' title='bbox 231 5723 336 5799; x_wconf 76' lang='grc' dir='ltr'>ἦτε</span> <span class='ocrx_word' id='word_1_671' title='bbox 373 5728 473 5794; x_wconf 80' lang='grc' dir='ltr'><strong>τῆς</strong></span> <span class='ocrx_word' id='word_1_672' title='bbox 499 5723 772 5784; x_wconf 87' lang='grc' dir='ltr'>πολιτείας</span> <span class='ocrx_word' id='word_1_673' title='bbox 802 5721 895 5773; x_wconf 87' lang='grc' dir='ltr'><strong>τοῦ</strong></span> <span class='ocrx_word' id='word_1_674' title='bbox 938 5718 1176 5788; x_wconf 81' lang='grc' dir='ltr'>Ἰσραὴλ,</span> <span class='ocrx_word' id='word_1_675' title='bbox 1204 5719 1299 5771; x_wconf 76' lang='grc' dir='ltr'>καὶ</span> <span class='ocrx_word' id='word_1_676' title='bbox 1343 5718 1500 5770; x_wconf 88' lang='grc' dir='ltr'>τοῦτο</span> <span class='ocrx_word' id='word_1_677' title='bbox 1523 5717 1711 5771; x_wconf 82' lang='grc' dir='ltr'>δεινόν.</span> <span class='ocrx_word' id='word_1_678' title='bbox 1743 5721 1803 5772; x_wconf 83' lang='lat' dir='ltr'><strong>Ei</strong></span> 
     </span>
    </p>
   </div>
   <div class='ocr_carea' id='block_1_90' title="bbox 229 5807 1802 5886">
    <p class='ocr_par' dir='ltr' id='par_1_90' title="bbox 229 5807 1802 5886">
     <span class='ocr_line' id='line_1_90' title="bbox 229 5807 1802 5886; baseline -0.007 -15"><span class='ocrx_word' id='word_1_679' title='bbox 229 5817 348 5886; x_wconf 80' lang='grc' dir='ltr'>γὰρ</span> <span class='ocrx_word' id='word_1_680' title='bbox 385 5815 484 5870; x_wconf 78' lang='grc' dir='ltr'><strong>καὶ</strong></span> <span class='ocrx_word' id='word_1_681' title='bbox 521 5813 730 5877; x_wconf 78' lang='grc' dir='ltr'>ἀνάξιοι</span> <span class='ocrx_word' id='word_1_682' title='bbox 759 5810 1019 5880; x_wconf 74' lang='grc' dir='ltr'>ὤφθησαν</span> <span class='ocrx_word' id='word_1_683' title='bbox 1057 5810 1108 5861; x_wconf 79' lang='grc' dir='ltr'><strong>οἱ</strong></span> <span class='ocrx_word' id='word_1_684' title='bbox 1138 5807 1198 5871; x_wconf 69' lang='grc' dir='ltr'><strong>ἐξ</strong></span> <span class='ocrx_word' id='word_1_685' title='bbox 1246 5807 1484 5878; x_wconf 81' lang='grc' dir='ltr'>Ἰσραὴλ,</span> <span class='ocrx_word' id='word_1_686' title='bbox 1518 5807 1658 5876; x_wconf 82' lang='grc' dir='ltr'>πλὴν</span> <span class='ocrx_word' id='word_1_687' title='bbox 1687 5809 1802 5860; x_wconf 83' lang='grc' dir='ltr'>ἀλλ’</span> 
     </span>
    </p>
   </div>
   <div class='ocr_carea' id='block_1_91' title="bbox 231 5898 1804 5979">
    <p class='ocr_par' dir='ltr' id='par_1_91' title="bbox 231 5898 1804 5979">
     <span class='ocr_line' id='line_1_91' title="bbox 231 5898 1804 5979; baseline -0.006 -18"><span class='ocrx_word' id='word_1_688' title='bbox 231 5909 461 5979; x_wconf 68' lang='grc' dir='ltr'>ᾔδεισαν</span> <span class='ocrx_word' id='word_1_689' title='bbox 492 5905 645 5958; x_wconf 88' lang='grc' dir='ltr'>Θεόν.</span> <span class='ocrx_word' id='word_1_690' title='bbox 695 5919 715 5952; x_wconf 73' lang='grc' dir='ltr'><strong>ι</strong></span> <span class='ocrx_word' id='word_1_691' title='bbox 743 5904 855 5955; x_wconf 71' lang='grc' dir='ltr'><strong>Καὶ</strong></span> <span class='ocrx_word' id='word_1_692' title='bbox 890 5899 1028 5964; x_wconf 77' lang='grc' dir='ltr'>ξένοι</span> <span class='ocrx_word' id='word_1_693' title='bbox 1077 5899 1187 5952; x_wconf 84' lang='grc' dir='ltr'>τῶν</span> <span class='ocrx_word' id='word_1_694' title='bbox 1212 5898 1504 5966; x_wconf 83' lang='grc' dir='ltr'>διαθηκῶν.</span> <span class='ocrx_word' id='word_1_695' title='bbox 1548 5916 1564 5950; x_wconf 75' lang='grc' dir='ltr'><strong>ι</strong></span> <span class='ocrx_word' id='word_1_696' title='bbox 1614 5899 1683 5950; x_wconf 86' lang='grc' dir='ltr'><em>Ἢ</em></span> <span class='ocrx_word' id='word_1_697' title='bbox 1711 5899 1804 5952; x_wconf 86' lang='grc' dir='ltr'><strong>τοῦ</strong></span> 
     </span>
    </p>
   </div>
   <div class='ocr_carea' id='block_1_92' title="bbox 601 5997 1363 6062">
    <p class='ocr_par' dir='ltr' id='par_1_92' title="bbox 601 5997 1363 6062">
     <span class='ocr_line' id='line_1_92' title="bbox 601 5997 1363 6062; baseline -0.009 0"><span class='ocrx_word' id='word_1_698' title='bbox 601 6005 868 6062; x_wconf 60' lang='grc' dir='ltr'>Ρλτιιοῐι.</span> <span class='ocrx_word' id='word_1_699' title='bbox 913 6001 1030 6056; x_wconf 79' lang='lat' dir='ltr'><strong>Gn.</strong></span> <span class='ocrx_word' id='word_1_700' title='bbox 1078 5997 1363 6055; x_wconf 68' lang='lat' dir='ltr'><strong>CXVIII.</strong></span> 
     </span>
    </p>
   </div>
   <div class='ocr_carea' id='block_1_93' title="bbox 1915 3329 3475 3413">
    <p class='ocr_par' dir='ltr' id='par_1_93' title="bbox 1915 3329 3475 3413">
     <span class='ocr_line' id='line_1_93' title="bbox 1915 3329 3475 3413; baseline 0.01 -32"><span class='ocrx_word' id='word_1_701' title='bbox 1915 3329 2113 3396; x_wconf 84' lang='lat' dir='ltr'><strong>bentes,</strong></span> <span class='ocrx_word' id='word_1_702' title='bbox 2154 3329 2367 3402; x_wconf 81' lang='lat' dir='ltr'><strong>Deoque</strong></span> <span class='ocrx_word' id='word_1_703' title='bbox 2397 3343 2634 3388; x_wconf 76' lang='lat' dir='ltr'><strong>carentes</strong></span> <span class='ocrx_word' id='word_1_704' title='bbox 2673 3336 2726 3389; x_wconf 89' lang='lat' dir='ltr'><strong>in</strong></span> <span class='ocrx_word' id='word_1_705' title='bbox 2754 3337 2968 3394; x_wconf 83' lang='lat' dir='ltr'><strong>munde.</strong></span> <span class='ocrx_word' id='word_1_706' title='bbox 3000 3340 3156 3393; x_wconf 81' lang='lat' dir='ltr'><strong>Nunc</strong></span> <span class='ocrx_word' id='word_1_707' title='bbox 3183 3351 3359 3396; x_wconf 89' lang='lat' dir='ltr'><strong>autem</strong></span> <span class='ocrx_word' id='word_1_708' title='bbox 3384 3359 3475 3413; x_wconf 76' lang='lat' dir='ltr'><strong>per</strong></span> 
     </span>
    </p>
   </div>
   <div class='ocr_carea' id='block_1_94' title="bbox 1913 3420 3473 3506">
    <p class='ocr_par' dir='ltr' id='par_1_94' title="bbox 1913 3420 3473 3506">
     <span class='ocr_line' id='line_1_94' title="bbox 1913 3420 3473 3506; baseline 0.006 -29"><span class='ocrx_word' id='word_1_709' title='bbox 1913 3420 2184 3477; x_wconf 76' lang='lat' dir='ltr'><strong>Christum</strong></span> <span class='ocrx_word' id='word_1_710' title='bbox 2223 3422 2406 3479; x_wconf 75' lang='lat' dir='ltr'><strong>Iesum</strong></span> <span class='ocrx_word' id='word_1_711' title='bbox 2439 3441 2526 3479; x_wconf 83' lang='lat' dir='ltr'><strong>vos</strong></span> <span class='ocrx_word' id='word_1_712' title='bbox 2561 3426 2650 3496; x_wconf 88' lang='lat' dir='ltr'><strong>qui</strong></span> <span class='ocrx_word' id='word_1_713' title='bbox 2693 3427 2958 3496; x_wconf 83' lang='lat' dir='ltr'><strong>quondam</strong></span> <span class='ocrx_word' id='word_1_714' title='bbox 2988 3432 3151 3485; x_wconf 82' lang='lat' dir='ltr'><strong>eratis</strong></span> <span class='ocrx_word' id='word_1_715' title='bbox 3182 3433 3473 3506; x_wconf 72' lang='lat' dir='ltr'><strong>longinqui,</strong></span> 
     </span>
    </p>
   </div>
   <div class='ocr_carea' id='block_1_95' title="bbox 1913 3515 3156 3588">
    <p class='ocr_par' dir='ltr' id='par_1_95' title="bbox 1913 3515 3156 3588">
     <span class='ocr_line' id='line_1_95' title="bbox 1913 3515 3156 3588; baseline 0.009 -22"><span class='ocrx_word' id='word_1_716' title='bbox 1913 3515 2044 3582; x_wconf 81' lang='lat' dir='ltr'><strong>[acti</strong></span> <span class='ocrx_word' id='word_1_717' title='bbox 2067 3516 2189 3570; x_wconf 83' lang='lat' dir='ltr'><strong>estis</strong></span> <span class='ocrx_word' id='word_1_718' title='bbox 2209 3517 2490 3586; x_wconf 77' lang='lat' dir='ltr'><strong>prqpinqui</strong></span> <span class='ocrx_word' id='word_1_719' title='bbox 2512 3533 2603 3586; x_wconf 82' lang='lat' dir='ltr'><strong>per</strong></span> <span class='ocrx_word' id='word_1_720' title='bbox 2625 3519 2929 3588; x_wconf 76' lang='lat' dir='ltr'><strong>sanguinem</strong></span> <span class='ocrx_word' id='word_1_721' title='bbox 2952 3519 3156 3576; x_wconf 78' lang='lat' dir='ltr'><strong>Christi</strong></span> 
     </span>
    </p>
   </div>
   <div class='ocr_carea' id='block_1_96' title="bbox 1987 3607 3471 3686">
    <p class='ocr_par' dir='ltr' id='par_1_96' title="bbox 1987 3607 3471 3686">
     <span class='ocr_line' id='line_1_96' title="bbox 1987 3607 3471 3686; baseline 0.013 -30"><span class='ocrx_word' id='word_1_722' title='bbox 1987 3623 2008 3656; x_wconf 84' lang='grc'><strong>‹</strong></span> <span class='ocrx_word' id='word_1_723' title='bbox 2041 3607 2388 3678; x_wconf 82' lang='lat' dir='ltr'><strong>Quapropter</strong></span> <span class='ocrx_word' id='word_1_724' title='bbox 2419 3619 2769 3665; x_wconf 90' lang='lat' dir='ltr'><strong>mementote.</strong></span> <span class='ocrx_word' id='word_1_725' title='bbox 2810 3630 2832 3664; x_wconf 69' lang='grc' dir='ltr'>θ</span> <span class='ocrx_word' id='word_1_726' title='bbox 2862 3611 3133 3678; x_wconf 81' lang='lat' dir='ltr'><strong>Quoniam</strong></span> <span class='ocrx_word' id='word_1_727' title='bbox 3162 3616 3331 3686; x_wconf 79' lang='lat' dir='ltr'><strong>igitur</strong></span> <span class='ocrx_word' id='word_1_728' title='bbox 3357 3633 3471 3674; x_wconf 81' lang='lat' dir='ltr'><strong>om-</strong></span> 
     </span>
    </p>
   </div>
   <div class='ocr_carea' id='block_1_97' title="bbox 1915 3698 3475 3770">
    <p class='ocr_par' dir='ltr' id='par_1_97' title="bbox 1915 3698 3475 3770">
     <span class='ocr_line' id='line_1_97' title="bbox 1915 3698 3475 3770; baseline 0.011 -18"><span class='ocrx_word' id='word_1_729' title='bbox 1915 3699 2044 3752; x_wconf 88' lang='lat' dir='ltr'><strong>nino</strong></span> <span class='ocrx_word' id='word_1_730' title='bbox 2076 3698 2145 3753; x_wconf 90' lang='lat' dir='ltr'><strong>ad</strong></span> <span class='ocrx_word' id='word_1_731' title='bbox 2193 3715 2358 3769; x_wconf 85' lang='lat' dir='ltr'><strong>opera</strong></span> <span class='ocrx_word' id='word_1_732' title='bbox 2397 3701 2542 3756; x_wconf 86' lang='lat' dir='ltr'><strong>bona</strong></span> <span class='ocrx_word' id='word_1_733' title='bbox 2593 3702 2799 3757; x_wconf 90' lang='lat' dir='ltr'><strong>conditi</strong></span> <span class='ocrx_word' id='word_1_734' title='bbox 2833 3718 3050 3770; x_wconf 80' lang='lat' dir='ltr'><strong>sumus,</strong></span> <span class='ocrx_word' id='word_1_735' title='bbox 3120 3717 3475 3769; x_wconf 72' lang='lat' dir='ltr'><strong>mementote.</strong></span> 
     </span>
    </p>
   </div>
   <div class='ocr_carea' id='block_1_98' title="bbox 1913 3789 3474 3868">
    <p class='ocr_par' dir='ltr' id='par_1_98' title="bbox 1913 3789 3474 3868">
     <span class='ocr_line' id='line_1_98' title="bbox 1913 3789 3474 3868; baseline 0.008 -24"><span class='ocrx_word' id='word_1_736' title='bbox 1913 3789 2124 3846; x_wconf 84' lang='lat' dir='ltr'><strong>Etenim</strong></span> <span class='ocrx_word' id='word_1_737' title='bbox 2172 3793 2344 3848; x_wconf 90' lang='lat' dir='ltr'><strong>moris</strong></span> <span class='ocrx_word' id='word_1_738' title='bbox 2389 3801 2474 3849; x_wconf 85' lang='lat' dir='ltr'><strong>est</strong></span> <span class='ocrx_word' id='word_1_739' title='bbox 2513 3793 2599 3848; x_wconf 89' lang='lat' dir='ltr'><strong>his</strong></span> <span class='ocrx_word' id='word_1_740' title='bbox 2633 3794 2724 3864; x_wconf 87' lang='lat' dir='ltr'><strong>qui</strong></span> <span class='ocrx_word' id='word_1_741' title='bbox 2758 3811 2787 3849; x_wconf 88' lang='lat' dir='ltr'><strong>a</strong></span> <span class='ocrx_word' id='word_1_742' title='bbox 2829 3797 3002 3851; x_wconf 87' lang='lat' dir='ltr'><strong>multa</strong></span> <span class='ocrx_word' id='word_1_743' title='bbox 3059 3798 3362 3868; x_wconf 87' lang='lat' dir='ltr'><strong>abjectione</strong></span> <span class='ocrx_word' id='word_1_744' title='bbox 3410 3803 3474 3856; x_wconf 73' lang='lat' dir='ltr'><strong>ad</strong></span> 
     </span>
    </p>
   </div>
   <div class='ocr_carea' id='block_1_99' title="bbox 1915 3884 3473 3954">
    <p class='ocr_par' dir='ltr' id='par_1_99' title="bbox 1915 3884 3473 3954">
     <span class='ocr_line' id='line_1_99' title="bbox 1915 3884 3473 3954; baseline 0.008 -17"><span class='ocrx_word' id='word_1_745' title='bbox 1915 3884 2312 3939; x_wconf 87' lang='lat' dir='ltr'><strong>sublimitatem</strong></span> <span class='ocrx_word' id='word_1_746' title='bbox 2343 3886 2526 3941; x_wconf 87' lang='lat' dir='ltr'><strong>subito</strong></span> <span class='ocrx_word' id='word_1_747' title='bbox 2575 3886 2970 3954; x_wconf 88' lang='lat' dir='ltr'><strong>ascenderunt,</strong></span> <span class='ocrx_word' id='word_1_748' title='bbox 3021 3905 3129 3944; x_wconf 91' lang='lat' dir='ltr'><strong>non</strong></span> <span class='ocrx_word' id='word_1_749' title='bbox 3169 3894 3473 3949; x_wconf 88' lang='lat' dir='ltr'><strong>meminisci</strong></span> 
     </span>
    </p>
   </div>
   <div class='ocr_carea' id='block_1_100' title="bbox 1913 3975 3476 4056">
    <p class='ocr_par' dir='ltr' id='par_1_100' title="bbox 1913 3975 3476 4056">
     <span class='ocr_line' id='line_1_100' title="bbox 1913 3975 3476 4056; baseline 0.008 -28"><span class='ocrx_word' id='word_1_750' title='bbox 1913 3976 2184 4045; x_wconf 88' lang='lat' dir='ltr'><strong>priorum.</strong></span> <span class='ocrx_word' id='word_1_751' title='bbox 2230 3975 2360 4031; x_wconf 84' lang='lat' dir='ltr'><strong>Vult</strong></span> <span class='ocrx_word' id='word_1_752' title='bbox 2393 3977 2577 4033; x_wconf 84' lang='lat' dir='ltr'><strong>dicere</strong></span> <span class='ocrx_word' id='word_1_753' title='bbox 2603 3994 2618 4032; x_wconf 91' lang='lat'><strong>:</strong></span> <span class='ocrx_word' id='word_1_754' title='bbox 2650 3978 2762 4036; x_wconf 77' lang='lat' dir='ltr'><strong>Vos</strong></span> <span class='ocrx_word' id='word_1_755' title='bbox 2787 3981 3099 4051; x_wconf 66' lang='lat' dir='ltr'><strong>praeputiati</strong></span> <span class='ocrx_word' id='word_1_756' title='bbox 3129 3985 3296 4040; x_wconf 87' lang='lat' dir='ltr'><strong>eratis</strong></span> <span class='ocrx_word' id='word_1_757' title='bbox 3326 3987 3476 4056; x_wconf 89' lang='lat' dir='ltr'><strong>prio-</strong></span> 
     </span>
    </p>
   </div>
   <div class='ocr_carea' id='block_1_101' title="bbox 1911 4059 3466 4146">
    <p class='ocr_par' dir='ltr' id='par_1_101' title="bbox 1911 4059 3466 4146">
     <span class='ocr_line' id='line_1_101' title="bbox 1911 4059 3466 4146; baseline 0.005 -20"><span class='ocrx_word' id='word_1_758' title='bbox 1911 4071 2066 4126; x_wconf 87' lang='lat' dir='ltr'><strong>ribus</strong></span> <span class='ocrx_word' id='word_1_759' title='bbox 2091 4059 2451 4140; x_wconf 86' lang='lat' dir='ltr'><strong>temporibus,</strong></span> <span class='ocrx_word' id='word_1_760' title='bbox 2479 4071 2641 4126; x_wconf 84' lang='lat' dir='ltr'><strong>alieni</strong></span> <span class='ocrx_word' id='word_1_761' title='bbox 2675 4087 2705 4125; x_wconf 92' lang='lat' dir='ltr'><strong>a</strong></span> <span class='ocrx_word' id='word_1_762' title='bbox 2731 4071 2844 4128; x_wconf 86' lang='lat' dir='ltr'><strong>Deo</strong></span> <span class='ocrx_word' id='word_1_763' title='bbox 2875 4083 2928 4129; x_wconf 89' lang='lat' dir='ltr'><strong>et</strong></span> <span class='ocrx_word' id='word_1_764' title='bbox 2951 4076 3414 4144; x_wconf 85' lang='lat' dir='ltr'><strong>promissionibus</strong></span> <span class='ocrx_word' id='word_1_765' title='bbox 3451 4098 3466 4146; x_wconf 89' lang='lat'><strong>;</strong></span> 
     </span>
    </p>
   </div>
   <div class='ocr_carea' id='block_1_102' title="bbox 1912 4162 3470 4239">
    <p class='ocr_par' dir='ltr' id='par_1_102' title="bbox 1912 4162 3470 4239">
     <span class='ocr_line' id='line_1_102' title="bbox 1912 4162 3470 4239; baseline 0.003 -20"><span class='ocrx_word' id='word_1_766' title='bbox 1912 4178 2062 4219; x_wconf 87' lang='lat' dir='ltr'><strong>nunc</strong></span> <span class='ocrx_word' id='word_1_767' title='bbox 2097 4169 2282 4218; x_wconf 78' lang='lat' dir='ltr'><strong>autem</strong></span> <span class='ocrx_word' id='word_1_768' title='bbox 2313 4162 2410 4232; x_wconf 87' lang='lat' dir='ltr'><strong>qui</strong></span> <span class='ocrx_word' id='word_1_769' title='bbox 2463 4171 2594 4218; x_wconf 90' lang='lat' dir='ltr'><strong>tunc</strong></span> <span class='ocrx_word' id='word_1_770' title='bbox 2619 4163 2790 4219; x_wconf 89' lang='lat' dir='ltr'><strong>eratis</strong></span> <span class='ocrx_word' id='word_1_771' title='bbox 2845 4165 3008 4220; x_wconf 86' lang='lat' dir='ltr'><strong>alieni</strong></span> <span class='ocrx_word' id='word_1_772' title='bbox 3058 4175 3111 4221; x_wconf 89' lang='lat' dir='ltr'><strong>et</strong></span> <span class='ocrx_word' id='word_1_773' title='bbox 3162 4166 3470 4239; x_wconf 82' lang='lat' dir='ltr'><strong>longinqui,</strong></span> 
     </span>
    </p>
   </div>
   <div class='ocr_carea' id='block_1_103' title="bbox 1909 4251 3467 4322">
    <p class='ocr_par' dir='ltr' id='par_1_103' title="bbox 1909 4251 3467 4322">
     <span class='ocr_line' id='line_1_103' title="bbox 1909 4251 3467 4322; baseline 0.003 -16"><span class='ocrx_word' id='word_1_774' title='bbox 1909 4252 2040 4308; x_wconf 78' lang='lat' dir='ltr'><strong>facti</strong></span> <span class='ocrx_word' id='word_1_775' title='bbox 2071 4253 2208 4308; x_wconf 84' lang='lat' dir='ltr'><strong>estis</strong></span> <span class='ocrx_word' id='word_1_776' title='bbox 2244 4251 2558 4322; x_wconf 89' lang='lat' dir='ltr'><strong>propinqui.</strong></span> <span class='ocrx_word' id='word_1_777' title='bbox 2593 4251 2841 4308; x_wconf 89' lang='lat' dir='ltr'><strong>Ostendit</strong></span> <span class='ocrx_word' id='word_1_778' title='bbox 2871 4261 3048 4308; x_wconf 90' lang='lat' dir='ltr'><strong>autem</strong></span> <span class='ocrx_word' id='word_1_779' title='bbox 3075 4269 3139 4308; x_wconf 79' lang='lat' dir='ltr'><strong>ex</strong></span> <span class='ocrx_word' id='word_1_780' title='bbox 3181 4256 3288 4311; x_wconf 91' lang='lat' dir='ltr'><strong>hoc</strong></span> <span class='ocrx_word' id='word_1_781' title='bbox 3311 4257 3467 4311; x_wconf 89' lang='lat' dir='ltr'><strong>Chri-</strong></span> 
     </span>
    </p>
   </div>
   <div class='ocr_carea' id='block_1_104' title="bbox 1912 4344 3470 4416">
    <p class='ocr_par' dir='ltr' id='par_1_104' title="bbox 1912 4344 3470 4416">
     <span class='ocr_line' id='line_1_104' title="bbox 1912 4344 3470 4416; baseline 0.001 -16"><span class='ocrx_word' id='word_1_782' title='bbox 1912 4345 1984 4400; x_wconf 90' lang='lat' dir='ltr'><strong>sti</strong></span> <span class='ocrx_word' id='word_1_783' title='bbox 2023 4344 2504 4416; x_wconf 76' lang='lat' dir='ltr'><strong>gubernationem,</strong></span> <span class='ocrx_word' id='word_1_784' title='bbox 2533 4345 2660 4414; x_wconf 89' lang='lat' dir='ltr'><strong>quia</strong></span> <span class='ocrx_word' id='word_1_785' title='bbox 2693 4358 2788 4399; x_wconf 91' lang='lat' dir='ltr'><strong>eos</strong></span> <span class='ocrx_word' id='word_1_786' title='bbox 2829 4344 2920 4414; x_wconf 90' lang='lat' dir='ltr'><strong>qui</strong></span> <span class='ocrx_word' id='word_1_787' title='bbox 2964 4344 3259 4399; x_wconf 80' lang='lat' dir='ltr'><strong>abalienati</strong></span> <span class='ocrx_word' id='word_1_788' title='bbox 3299 4355 3351 4401; x_wconf 91' lang='lat' dir='ltr'><strong>et</strong></span> <span class='ocrx_word' id='word_1_789' title='bbox 3375 4364 3470 4416; x_wconf 85' lang='lat' dir='ltr'><strong>spe</strong></span> 
     </span>
    </p>
   </div>
   <div class='ocr_carea' id='block_1_105' title="bbox 1914 4435 3474 4506">
    <p class='ocr_par' dir='ltr' id='par_1_105' title="bbox 1914 4435 3474 4506">
     <span class='ocr_line' id='line_1_105' title="bbox 1914 4435 3474 4506; baseline 0 -14"><span class='ocrx_word' id='word_1_790' title='bbox 1914 4445 2168 4492; x_wconf 89' lang='lat' dir='ltr'><strong>carentes</strong></span> <span class='ocrx_word' id='word_1_791' title='bbox 2199 4446 2378 4502; x_wconf 89' lang='lat' dir='ltr'><strong>erant,</strong></span> <span class='ocrx_word' id='word_1_792' title='bbox 2408 4435 2659 4491; x_wconf 68' lang='lat' dir='ltr'><strong>saltavit.</strong></span> <span class='ocrx_word' id='word_1_793' title='bbox 2703 4435 3003 4491; x_wconf 83' lang='lat' dir='ltr'><strong>Considera</strong></span> <span class='ocrx_word' id='word_1_794' title='bbox 3031 4450 3161 4490; x_wconf 86' lang='lat' dir='ltr'><strong>vero</strong></span> <span class='ocrx_word' id='word_1_795' title='bbox 3199 4441 3474 4506; x_wconf 81' lang='lat' dir='ltr'><strong>quomodo</strong></span> 
     </span>
    </p>
   </div>
   <div class='ocr_carea' id='block_1_106' title="bbox 1912 4525 3468 4595">
    <p class='ocr_par' dir='ltr' id='par_1_106' title="bbox 1912 4525 3468 4595">
     <span class='ocr_line' id='line_1_106' title="bbox 1912 4525 3468 4595; baseline 0.001 -16"><span class='ocrx_word' id='word_1_796' title='bbox 1912 4525 2195 4595; x_wconf 79' lang='lat' dir='ltr'><strong>ingeniose</strong></span> <span class='ocrx_word' id='word_1_797' title='bbox 2229 4526 2501 4595; x_wconf 83' lang='lat' dir='ltr'><strong>deprimat</strong></span> <span class='ocrx_word' id='word_1_798' title='bbox 2525 4525 3003 4581; x_wconf 84' lang='lat' dir='ltr'><strong>circumcisionem</strong></span> <span class='ocrx_word' id='word_1_799' title='bbox 3031 4525 3327 4580; x_wconf 88' lang='lat' dir='ltr'><strong>ostendens</strong></span> <span class='ocrx_word' id='word_1_800' title='bbox 3351 4529 3468 4580; x_wconf 86' lang='lat' dir='ltr'><strong>solo</strong></span> 
     </span>
    </p>
   </div>
   <div class='ocr_carea' id='block_1_107' title="bbox 1913 4614 3466 4686">
    <p class='ocr_par' dir='ltr' id='par_1_107' title="bbox 1913 4614 3466 4686">
     <span class='ocr_line' id='line_1_107' title="bbox 1913 4614 3466 4686; baseline -0.001 -14"><span class='ocrx_word' id='word_1_801' title='bbox 1913 4631 2166 4672; x_wconf 87' lang='lat' dir='ltr'><strong>sermone</strong></span> <span class='ocrx_word' id='word_1_802' title='bbox 2217 4625 2271 4672; x_wconf 90' lang='lat' dir='ltr'><strong>et</strong></span> <span class='ocrx_word' id='word_1_803' title='bbox 2301 4631 2410 4672; x_wconf 92' lang='lat' dir='ltr'><strong>non</strong></span> <span class='ocrx_word' id='word_1_804' title='bbox 2459 4631 2622 4686; x_wconf 87' lang='lat' dir='ltr'><strong>opere</strong></span> <span class='ocrx_word' id='word_1_805' title='bbox 2652 4616 2798 4671; x_wconf 89' lang='lat' dir='ltr'><strong>illam</strong></span> <span class='ocrx_word' id='word_1_806' title='bbox 2848 4615 3107 4685; x_wconf 84' lang='lat' dir='ltr'><strong>praeclare</strong></span> <span class='ocrx_word' id='word_1_807' title='bbox 3139 4630 3198 4670; x_wconf 90' lang='lat' dir='ltr'><strong>se</strong></span> <span class='ocrx_word' id='word_1_808' title='bbox 3244 4614 3466 4680; x_wconf 87' lang='lat' dir='ltr'><strong>habere,</strong></span> 
     </span>
    </p>
   </div>
   <div class='ocr_carea' id='block_1_108' title="bbox 1913 4701 3474 4776">
    <p class='ocr_par' dir='ltr' id='par_1_108' title="bbox 1913 4701 3474 4776">
     <span class='ocr_line' id='line_1_108' title="bbox 1913 4701 3474 4776; baseline -0.001 -17"><span class='ocrx_word' id='word_1_809' title='bbox 1913 4713 2171 4776; x_wconf 86' lang='lat' dir='ltr'><strong>tanquam</strong></span> <span class='ocrx_word' id='word_1_810' title='bbox 2203 4704 2406 4775; x_wconf 90' lang='lat' dir='ltr'><strong>aliquid</strong></span> <span class='ocrx_word' id='word_1_811' title='bbox 2434 4703 2706 4759; x_wconf 82' lang='lat' dir='ltr'><strong>excellens</strong></span> <span class='ocrx_word' id='word_1_812' title='bbox 2765 4717 2929 4773; x_wconf 87' lang='lat' dir='ltr'><strong>supra</strong></span> <span class='ocrx_word' id='word_1_813' title='bbox 2981 4701 3329 4772; x_wconf 66' lang='lat' dir='ltr'><strong>praeputium.</strong></span> <span class='ocrx_word' id='word_1_814' title='bbox 3365 4702 3474 4758; x_wconf 84' lang='lat' dir='ltr'><strong>Vos</strong></span> 
     </span>
    </p>
   </div>
   <div class='ocr_carea' id='block_1_109' title="bbox 1910 4794 3470 4868">
    <p class='ocr_par' dir='ltr' id='par_1_109' title="bbox 1910 4794 3470 4868">
     <span class='ocr_line' id='line_1_109' title="bbox 1910 4794 3470 4868; baseline -0.003 -15"><span class='ocrx_word' id='word_1_815' title='bbox 1910 4799 2080 4864; x_wconf 88' lang='lat' dir='ltr'><strong>enim,</strong></span> <span class='ocrx_word' id='word_1_816' title='bbox 2115 4797 2310 4868; x_wconf 90' lang='lat' dir='ltr'><strong>inquit,</strong></span> <span class='ocrx_word' id='word_1_817' title='bbox 2340 4796 2435 4867; x_wconf 89' lang='lat' dir='ltr'><strong>qui</strong></span> <span class='ocrx_word' id='word_1_818' title='bbox 2475 4794 2646 4852; x_wconf 87' lang='lat' dir='ltr'><strong>eratis</strong></span> <span class='ocrx_word' id='word_1_819' title='bbox 2679 4803 2868 4865; x_wconf 73' lang='lat' dir='ltr'><strong>gentes</strong></span> <span class='ocrx_word' id='word_1_820' title='bbox 2901 4795 2955 4848; x_wconf 92' lang='lat' dir='ltr'><strong>in</strong></span> <span class='ocrx_word' id='word_1_821' title='bbox 2988 4808 3176 4860; x_wconf 89' lang='lat' dir='ltr'><strong>carne,</strong></span> <span class='ocrx_word' id='word_1_822' title='bbox 3219 4795 3315 4851; x_wconf 91' lang='lat' dir='ltr'><strong>sed</strong></span> <span class='ocrx_word' id='word_1_823' title='bbox 3363 4811 3470 4848; x_wconf 91' lang='lat' dir='ltr'><strong>non</strong></span> 
     </span>
    </p>
   </div>
   <div class='ocr_carea' id='block_1_110' title="bbox 1910 4884 3473 4960">
    <p class='ocr_par' dir='ltr' id='par_1_110' title="bbox 1910 4884 3473 4960">
     <span class='ocr_line' id='line_1_110' title="bbox 1910 4884 3473 4960; baseline -0.001 -15"><span class='ocrx_word' id='word_1_824' title='bbox 1910 4891 1966 4945; x_wconf 87' lang='lat' dir='ltr'><strong>in</strong></span> <span class='ocrx_word' id='word_1_825' title='bbox 2031 4891 2250 4960; x_wconf 88' lang='lat' dir='ltr'><strong>spiritu,</strong></span> <span class='ocrx_word' id='word_1_826' title='bbox 2279 4895 2333 4943; x_wconf 93' lang='lat' dir='ltr'><strong>et</strong></span> <span class='ocrx_word' id='word_1_827' title='bbox 2388 4889 2483 4958; x_wconf 90' lang='lat' dir='ltr'><strong>qui</strong></span> <span class='ocrx_word' id='word_1_828' title='bbox 2516 4887 2843 4942; x_wconf 88' lang='lat' dir='ltr'><strong>dicebamini</strong></span> <span class='ocrx_word' id='word_1_829' title='bbox 2882 4884 3082 4956; x_wconf 90' lang='lat' dir='ltr'><strong>(neque</strong></span> <span class='ocrx_word' id='word_1_830' title='bbox 3116 4886 3259 4942; x_wconf 91' lang='lat' dir='ltr'><strong>enim</strong></span> <span class='ocrx_word' id='word_1_831' title='bbox 3306 4888 3473 4943; x_wconf 89' lang='lat' dir='ltr'><strong>cratis</strong></span> 
     </span>
    </p>
   </div>
   <div class='ocr_carea' id='block_1_111' title="bbox 1905 4977 3528 5054">
    <p class='ocr_par' dir='ltr' id='par_1_111' title="bbox 1905 4977 3528 5054">
     <span class='ocr_line' id='line_1_111' title="bbox 1905 4977 3528 5054; baseline -0.002 -18"><span class='ocrx_word' id='word_1_832' title='bbox 1905 4981 2061 5054; x_wconf 82' lang='lat' dir='ltr'><strong>juxta</strong></span> <span class='ocrx_word' id='word_1_833' title='bbox 2087 4981 2425 5052; x_wconf 88' lang='lat' dir='ltr'><strong>spiritualem</strong></span> <span class='ocrx_word' id='word_1_834' title='bbox 2447 4977 2779 5048; x_wconf 88' lang='lat' dir='ltr'><strong>sermonem)</strong></span> <span class='ocrx_word' id='word_1_835' title='bbox 2802 4978 3146 5047; x_wconf 82' lang='lat' dir='ltr'><strong>praeputium.</strong></span> <span class='ocrx_word' id='word_1_836' title='bbox 3169 4977 3246 5033; x_wconf 84' lang='lat' dir='ltr'><strong>Ac</strong></span> <span class='ocrx_word' id='word_1_837' title='bbox 3265 4977 3308 5034; x_wconf 92' lang='lat' dir='ltr'><strong>si</strong></span> <span class='ocrx_word' id='word_1_838' title='bbox 3328 4977 3474 5033; x_wconf 87' lang='lat' dir='ltr'><strong>dice-</strong></span> <span class='ocrx_word' id='word_1_839' title='bbox 3525 5003 3528 5008; x_wconf 67' lang='grc' dir='ltr'><strong>ι</strong></span> 
     </span>
    </p>
   </div>
   <div class='ocr_carea' id='block_1_112' title="bbox 1909 5067 3473 5136">
    <p class='ocr_par' dir='ltr' id='par_1_112' title="bbox 1909 5067 3473 5136">
     <span class='ocr_line' id='line_1_112' title="bbox 1909 5067 3473 5136; baseline -0.004 -6"><span class='ocrx_word' id='word_1_840' title='bbox 1909 5086 1992 5130; x_wconf 89' lang='lat' dir='ltr'><strong>ret</strong></span> <span class='ocrx_word' id='word_1_841' title='bbox 2018 5095 2032 5129; x_wconf 84' lang='lat'><strong>:</strong></span> <span class='ocrx_word' id='word_1_842' title='bbox 2060 5076 2118 5130; x_wconf 91' lang='lat' dir='ltr'><strong>In</strong></span> <span class='ocrx_word' id='word_1_843' title='bbox 2146 5089 2311 5129; x_wconf 87' lang='lat' dir='ltr'><strong>carne</strong></span> <span class='ocrx_word' id='word_1_844' title='bbox 2339 5081 2393 5128; x_wconf 87' lang='lat' dir='ltr'><strong>et</strong></span> <span class='ocrx_word' id='word_1_845' title='bbox 2410 5071 2756 5127; x_wconf 87' lang='lat' dir='ltr'><strong>sermonibus</strong></span> <span class='ocrx_word' id='word_1_846' title='bbox 2779 5076 2862 5122; x_wconf 86' lang='lat' dir='ltr'><strong>est</strong></span> <span class='ocrx_word' id='word_1_847' title='bbox 2883 5069 2929 5123; x_wconf 92' lang='lat' dir='ltr'><strong>si</strong></span> <span class='ocrx_word' id='word_1_848' title='bbox 2954 5067 3083 5136; x_wconf 91' lang='lat' dir='ltr'><strong>quid</strong></span> <span class='ocrx_word' id='word_1_849' title='bbox 3113 5069 3265 5123; x_wconf 86' lang='lat' dir='ltr'><strong>vobis</strong></span> <span class='ocrx_word' id='word_1_850' title='bbox 3289 5069 3473 5124; x_wconf 91' lang='lat' dir='ltr'><strong>minus</strong></span> 
     </span>
    </p>
   </div>
   <div class='ocr_carea' id='block_1_113' title="bbox 1908 5158 3470 5236">
    <p class='ocr_par' dir='ltr' id='par_1_113' title="bbox 1908 5158 3470 5236">
     <span class='ocr_line' id='line_1_113' title="bbox 1908 5158 3470 5236; baseline -0.007 -14"><span class='ocrx_word' id='word_1_851' title='bbox 1908 5175 2045 5233; x_wconf 88' lang='lat' dir='ltr'><strong>erat,</strong></span> <span class='ocrx_word' id='word_1_852' title='bbox 2079 5179 2422 5236; x_wconf 86' lang='lat' dir='ltr'><strong>nequaquam</strong></span> <span class='ocrx_word' id='word_1_853' title='bbox 2452 5165 2506 5217; x_wconf 89' lang='lat' dir='ltr'><strong>in</strong></span> <span class='ocrx_word' id='word_1_854' title='bbox 2537 5161 2750 5229; x_wconf 90' lang='lat' dir='ltr'><strong>spiritu.</strong></span> <span class='ocrx_word' id='word_1_855' title='bbox 2788 5158 2991 5214; x_wconf 87' lang='lat' dir='ltr'><strong>Deinde</strong></span> <span class='ocrx_word' id='word_1_856' title='bbox 3021 5174 3236 5214; x_wconf 89' lang='lat' dir='ltr'><strong>rursum</strong></span> <span class='ocrx_word' id='word_1_857' title='bbox 3270 5159 3338 5213; x_wconf 89' lang='lat' dir='ltr'><strong>de</strong></span> <span class='ocrx_word' id='word_1_858' title='bbox 3367 5160 3470 5213; x_wconf 88' lang='lat' dir='ltr'><strong>eir-</strong></span> 
     </span>
    </p>
   </div>
   <div class='ocr_carea' id='block_1_114' title="bbox 1909 5251 3471 5326">
    <p class='ocr_par' dir='ltr' id='par_1_114' title="bbox 1909 5251 3471 5326">
     <span class='ocr_line' id='line_1_114' title="bbox 1909 5251 3471 5326; baseline -0.008 -11"><span class='ocrx_word' id='word_1_859' title='bbox 1909 5258 2242 5316; x_wconf 89' lang='lat' dir='ltr'><strong>cumcisione</strong></span> <span class='ocrx_word' id='word_1_860' title='bbox 2269 5259 2515 5326; x_wconf 86' lang='lat' dir='ltr'><strong>loquens,</strong></span> <span class='ocrx_word' id='word_1_861' title='bbox 2547 5253 2623 5307; x_wconf 87' lang='lat' dir='ltr'><strong>ait</strong></span> <span class='ocrx_word' id='word_1_862' title='bbox 2650 5271 2663 5307; x_wconf 91' lang='lat'><strong>:</strong></span> <span class='ocrx_word' id='word_1_863' title='bbox 2694 5252 2777 5307; x_wconf 86' lang='lat' dir='ltr'><strong>Ab</strong></span> <span class='ocrx_word' id='word_1_864' title='bbox 2795 5267 2858 5307; x_wconf 88' lang='lat' dir='ltr'><strong>ea</strong></span> <span class='ocrx_word' id='word_1_865' title='bbox 2883 5266 3001 5322; x_wconf 72' lang='lat' dir='ltr'><strong>quae</strong></span> <span class='ocrx_word' id='word_1_866' title='bbox 3023 5251 3244 5316; x_wconf 88' lang='lat' dir='ltr'><strong>dicitur,</strong></span> <span class='ocrx_word' id='word_1_867' title='bbox 3273 5259 3326 5305; x_wconf 87' lang='lat' dir='ltr'><strong>et</strong></span> <span class='ocrx_word' id='word_1_868' title='bbox 3352 5265 3471 5318; x_wconf 66' lang='lat' dir='ltr'><strong>quas</strong></span> 
     </span>
    </p>
   </div>
   <div class='ocr_carea' id='block_1_115' title="bbox 1907 5339 3469 5411">
    <p class='ocr_par' dir='ltr' id='par_1_115' title="bbox 1907 5339 3469 5411">
     <span class='ocr_line' id='line_1_115' title="bbox 1907 5339 3469 5411; baseline -0.01 -4"><span class='ocrx_word' id='word_1_869' title='bbox 1907 5351 2159 5407; x_wconf 85' lang='lat' dir='ltr'><strong>manibus</strong></span> <span class='ocrx_word' id='word_1_870' title='bbox 2191 5347 2249 5400; x_wconf 85' lang='lat' dir='ltr'><strong>Iit</strong></span> <span class='ocrx_word' id='word_1_871' title='bbox 2285 5365 2300 5402; x_wconf 88' lang='lat'><strong>:</strong></span> <span class='ocrx_word' id='word_1_872' title='bbox 2343 5345 2591 5400; x_wconf 88' lang='lat' dir='ltr'><strong>indicans</strong></span> <span class='ocrx_word' id='word_1_873' title='bbox 2618 5341 2790 5397; x_wconf 85' lang='lat' dir='ltr'><strong>solum</strong></span> <span class='ocrx_word' id='word_1_874' title='bbox 2832 5357 2956 5396; x_wconf 90' lang='lat' dir='ltr'><strong>eum</strong></span> <span class='ocrx_word' id='word_1_875' title='bbox 2982 5341 3271 5411; x_wconf 87' lang='lat' dir='ltr'><strong>primatum</strong></span> <span class='ocrx_word' id='word_1_876' title='bbox 3298 5339 3389 5409; x_wconf 93' lang='lat' dir='ltr'><strong>qui</strong></span> <span class='ocrx_word' id='word_1_877' title='bbox 3415 5339 3469 5392; x_wconf 90' lang='lat' dir='ltr'><strong>in</strong></span> 
     </span>
    </p>
   </div>
   <div class='ocr_carea' id='block_1_116' title="bbox 1907 5429 3470 5499">
    <p class='ocr_par' dir='ltr' id='par_1_116' title="bbox 1907 5429 3470 5499">
     <span class='ocr_line' id='line_1_116' title="bbox 1907 5429 3470 5499; baseline -0.012 0"><span class='ocrx_word' id='word_1_878' title='bbox 1907 5441 2252 5499; x_wconf 88' lang='lat' dir='ltr'><strong>sermonibus</strong></span> <span class='ocrx_word' id='word_1_879' title='bbox 2293 5444 2454 5491; x_wconf 89' lang='lat' dir='ltr'><strong>estet</strong></span> <span class='ocrx_word' id='word_1_880' title='bbox 2482 5435 2536 5489; x_wconf 93' lang='lat' dir='ltr'><strong>in</strong></span> <span class='ocrx_word' id='word_1_881' title='bbox 2584 5447 2768 5488; x_wconf 89' lang='lat' dir='ltr'><strong>carne.</strong></span> <span class='ocrx_word' id='word_1_882' title='bbox 2813 5451 2832 5484; x_wconf 80' lang='grc' dir='ltr'><strong>ι</strong></span> <span class='ocrx_word' id='word_1_883' title='bbox 2873 5431 3026 5497; x_wconf 86' lang='lat' dir='ltr'><strong>Quod</strong></span> <span class='ocrx_word' id='word_1_884' title='bbox 3049 5431 3238 5486; x_wconf 87' lang='lat' dir='ltr'><strong>eratis.</strong></span> <span class='ocrx_word' id='word_1_885' title='bbox 3270 5447 3291 5481; x_wconf 73' lang='grc' dir='ltr'><strong>ι</strong></span> <span class='ocrx_word' id='word_1_886' title='bbox 3330 5429 3470 5492; x_wconf 85' lang='lat' dir='ltr'><strong>Quid</strong></span> 
     </span>
    </p>
   </div>
   <div class='ocr_carea' id='block_1_117' title="bbox 1907 5517 3469 5600">
    <p class='ocr_par' dir='ltr' id='par_1_117' title="bbox 1907 5517 3469 5600">
     <span class='ocr_line' id='line_1_117' title="bbox 1907 5517 3469 5600; baseline -0.011 -13"><span class='ocrx_word' id='word_1_887' title='bbox 1907 5532 2039 5588; x_wconf 89' lang='lat' dir='ltr'><strong>illud</strong></span> <span class='ocrx_word' id='word_1_888' title='bbox 2068 5528 2320 5600; x_wconf 91' lang='lat' dir='ltr'><strong>estquod</strong></span> <span class='ocrx_word' id='word_1_889' title='bbox 2350 5541 2490 5598; x_wconf 89' lang='lat' dir='ltr'><strong>opus</strong></span> <span class='ocrx_word' id='word_1_890' title='bbox 2531 5531 2616 5581; x_wconf 89' lang='lat' dir='ltr'><strong>est</strong></span> <span class='ocrx_word' id='word_1_891' title='bbox 2675 5531 2735 5579; x_wconf 91' lang='lat' dir='ltr'><strong>ut</strong></span> <span class='ocrx_word' id='word_1_892' title='bbox 2791 5520 3245 5578; x_wconf 86' lang='lat' dir='ltr'><strong>meminerimus?</strong></span> <span class='ocrx_word' id='word_1_893' title='bbox 3314 5517 3469 5582; x_wconf 85' lang='lat' dir='ltr'><strong>Quod</strong></span> 
     </span>
    </p>
   </div>
   <div class='ocr_carea' id='block_1_118' title="bbox 1905 5609 3468 5689">
    <p class='ocr_par' dir='ltr' id='par_1_118' title="bbox 1905 5609 3468 5689">
     <span class='ocr_line' id='line_1_118' title="bbox 1905 5609 3468 5689; baseline -0.013 -10"><span class='ocrx_word' id='word_1_894' title='bbox 1905 5622 2094 5685; x_wconf 87' lang='lat' dir='ltr'><strong>eratis,</strong></span> <span class='ocrx_word' id='word_1_895' title='bbox 2119 5619 2315 5689; x_wconf 89' lang='lat' dir='ltr'><strong>inquit,</strong></span> <span class='ocrx_word' id='word_1_896' title='bbox 2337 5619 2392 5673; x_wconf 91' lang='lat' dir='ltr'><strong>in</strong></span> <span class='ocrx_word' id='word_1_897' title='bbox 2419 5627 2659 5687; x_wconf 89' lang='lat' dir='ltr'><strong>tempore</strong></span> <span class='ocrx_word' id='word_1_898' title='bbox 2685 5615 2778 5670; x_wconf 90' lang='lat' dir='ltr'><strong>illo</strong></span> <span class='ocrx_word' id='word_1_899' title='bbox 2806 5615 2923 5669; x_wconf 89' lang='lat' dir='ltr'><strong>sine</strong></span> <span class='ocrx_word' id='word_1_900' title='bbox 2946 5611 3181 5666; x_wconf 83' lang='lat' dir='ltr'><strong>Christo.</strong></span> <span class='ocrx_word' id='word_1_901' title='bbox 3211 5609 3347 5674; x_wconf 81' lang='lat' dir='ltr'><strong>Hoc,</strong></span> <span class='ocrx_word' id='word_1_902' title='bbox 3373 5609 3468 5670; x_wconf 85' lang='lat' dir='ltr'><strong>ait,</strong></span> 
     </span>
    </p>
   </div>
   <div class='ocr_carea' id='block_1_119' title="bbox 1906 5700 3471 5775">
    <p class='ocr_par' dir='ltr' id='par_1_119' title="bbox 1906 5700 3471 5775">
     <span class='ocr_line' id='line_1_119' title="bbox 1906 5700 3471 5775; baseline -0.008 -8"><span class='ocrx_word' id='word_1_903' title='bbox 1906 5713 2165 5768; x_wconf 87' lang='lat' dir='ltr'><strong>miserum</strong></span> <span class='ocrx_word' id='word_1_904' title='bbox 2197 5719 2358 5765; x_wconf 88' lang='lat' dir='ltr'><strong>erat:</strong></span> <span class='ocrx_word' id='word_1_905' title='bbox 2401 5723 2527 5763; x_wconf 86' lang='lat' dir='ltr'><strong>nam</strong></span> <span class='ocrx_word' id='word_1_906' title='bbox 2571 5723 2695 5763; x_wconf 87' lang='lat' dir='ltr'><strong>esse</strong></span> <span class='ocrx_word' id='word_1_907' title='bbox 2751 5705 3096 5775; x_wconf 66' lang='lat' dir='ltr'><strong>prmputium,</strong></span> <span class='ocrx_word' id='word_1_908' title='bbox 3141 5707 3256 5755; x_wconf 89' lang='lat' dir='ltr'><strong>erat</strong></span> <span class='ocrx_word' id='word_1_909' title='bbox 3286 5700 3471 5754; x_wconf 87' lang='lat' dir='ltr'><strong>carnis</strong></span> 
     </span>
    </p>
   </div>
   <div class='ocr_carea' id='block_1_120' title="bbox 1903 5788 3470 5861">
    <p class='ocr_par' dir='ltr' id='par_1_120' title="bbox 1903 5788 3470 5861">
     <span class='ocr_line' id='line_1_120' title="bbox 1903 5788 3470 5861; baseline -0.012 -2"><span class='ocrx_word' id='word_1_910' title='bbox 1903 5806 2169 5861; x_wconf 79' lang='lat' dir='ltr'><strong>duntaxat</strong></span> <span class='ocrx_word' id='word_1_911' title='bbox 2221 5811 2272 5856; x_wconf 88' lang='lat' dir='ltr'><strong>et</strong></span> <span class='ocrx_word' id='word_1_912' title='bbox 2302 5801 2431 5856; x_wconf 90' lang='lat' dir='ltr'><strong>nudi</strong></span> <span class='ocrx_word' id='word_1_913' title='bbox 2473 5798 2729 5854; x_wconf 87' lang='lat' dir='ltr'><strong>nominis.</strong></span> <span class='ocrx_word' id='word_1_914' title='bbox 2783 5794 2986 5848; x_wconf 88' lang='lat' dir='ltr'><strong>Deinde</strong></span> <span class='ocrx_word' id='word_1_915' title='bbox 3001 5792 3146 5861; x_wconf 87' lang='lat' dir='ltr'><strong>quod</strong></span> <span class='ocrx_word' id='word_1_916' title='bbox 3175 5791 3337 5847; x_wconf 86' lang='lat' dir='ltr'><strong>etiam</strong></span> <span class='ocrx_word' id='word_1_917' title='bbox 3367 5788 3470 5842; x_wconf 79' lang='lat' dir='ltr'><strong>ab-</strong></span> 
     </span>
    </p>
   </div>
   <div class='ocr_carea' id='block_1_121' title="bbox 1915 5882 3471 5952">
    <p class='ocr_par' dir='ltr' id='par_1_121' title="bbox 1915 5882 3471 5952">
     <span class='ocr_line' id='line_1_121' title="bbox 1915 5882 3471 5952; baseline -0.013 0"><span class='ocrx_word' id='word_1_918' title='bbox 1915 5897 2134 5952; x_wconf 86' lang='lat' dir='ltr'><strong>alienati</strong></span> <span class='ocrx_word' id='word_1_919' title='bbox 2164 5894 2333 5949; x_wconf 87' lang='lat' dir='ltr'><strong>eratis</strong></span> <span class='ocrx_word' id='word_1_920' title='bbox 2357 5909 2371 5946; x_wconf 87' lang='lat'><strong>:</strong></span> <span class='ocrx_word' id='word_1_921' title='bbox 2395 5899 2448 5948; x_wconf 90' lang='lat' dir='ltr'><strong>et</strong></span> <span class='ocrx_word' id='word_1_922' title='bbox 2470 5891 2573 5946; x_wconf 89' lang='lat' dir='ltr'><strong>hoc</strong></span> <span class='ocrx_word' id='word_1_923' title='bbox 2599 5887 2801 5942; x_wconf 85' lang='lat' dir='ltr'><strong>malum</strong></span> <span class='ocrx_word' id='word_1_924' title='bbox 2832 5892 2970 5940; x_wconf 89' lang='lat' dir='ltr'><strong>erat.</strong></span> <span class='ocrx_word' id='word_1_925' title='bbox 2997 5882 3130 5936; x_wconf 85' lang='lat' dir='ltr'><strong>Nam</strong></span> <span class='ocrx_word' id='word_1_926' title='bbox 3158 5893 3471 5952; x_wconf 85' lang='lat' dir='ltr'><strong>quanquam</strong></span> 
     </span>
    </p>
   </div>
   <div class='ocr_carea' id='block_1_122' title="bbox 3045 5977 3116 6037">
    <p class='ocr_par' dir='ltr' id='par_1_122' title="bbox 3045 5977 3116 6037">
     <span class='ocr_line' id='line_1_122' title="bbox 3045 5977 3116 6037; baseline -0.028 0"><span class='ocrx_word' id='word_1_927' title='bbox 3045 5977 3116 6037; x_wconf 92' lang='lat'><strong>38</strong></span> 
     </span>
    </p>
   </div>
  </div>
