3956 6586
365 511 500 574 1197

1275 511 1662 572 COMMENT.
1695 511 1775 570 IN
1812 511 2047 570 EPIST.
2089 512 2186 570 AD
2233 511 2493 574 EPHES.

3464 515 3602 582 1198

361 625 698 694 εὔχαριστεῖν
721 619 1028 691 ὀφείλομεν,
1061 621 1280 692 δσῳκαὶ
1313 622 1546 692 μάλιστα
1581 621 1722 686 ξένοι
1761 617 1922 693 μενῆ.

2035 623 2242 692 gratias
2272 638 2435 692 agere
2461 622 2749 684 debemus,
2780 630 2986 692 quanto
3014 623 3186 692 magis
3214 627 3458 680 extranei
3485 641 3604 682 era-

367 733 385 765 ι
402 716 502 768 Keil
529 714 589 767 τὸ
631 714 944 784 μεσότοιχον
973 715 1070 766 τοῦ
1096 714 1407 784 φραγμοῦ.»
1430 714 1759 783 Μεσότοιχον
1785 729 1924 784 φρα-

358 804 523 876 γμοῦ,
555 807 708 875 φησὶ,
767 804 865 876 τὴν
904 804 1104 876 ἔχθραν
1141 806 1240 876 τὴν
1296 805 1432 874 πρὸς
1483 805 1638 870 Θεὸν,
1679 805 1836 875 ἡμῶν
1863 821 1922 856 τε

359 898 454 950 καὶ
492 896 776 961 Ἰουδαίων,
807 897 926 966 ἥτις
955 898 1019 949 ὲκ
1056 895 1162 948 τῶν
1200 896 1480 967 ἡμετέρων
1507 895 1715 964 ἐγίνετο
1743 913 1924 967 παρα-

361 988 690 1057 πτωμάτων,
748 989 824 1052 ὡς
865 989 956 1042 καὶ
988 989 1149 1052 αὐτός
1183 1006 1314 1058 φησι
1341 989 1429 1042 διὰ
1473 989 1565 1042 τοῦ
1599 990 1878 1060 προφήτου
1905 1005 1920 1019 ’

372 1100 392 1131 ι
417 1081 551 1150 Οὐχὶ
585 1083 640 1133 αἱ
670 1082 939 1151 ἁμαρτίαι
963 1081 1116 1152 ὑμῶν
1169 1081 1444 1133 διιστῶσιν
1467 1081 1739 1150 ἀνάμεσον
1772 1079 1924 1151 ὑμῶν

356 1172 456 1225 καὶ
488 1173 621 1242 ἐμοῦ
642 1191 690 1239 ;ι
729 1175 890 1228 Ποῖον
923 1173 978 1226 δὲ
1013 1173 1326 1242 μεσότοιχον
1351 1190 1365 1239 ;
1393 1172 1505 1242 Τὴν
1544 1171 1744 1242 ἔχθραν
1767 1171 1922 1241 φησὶ,

355 1264 456 1334 τὴν
489 1265 623 1336 πρὸς
665 1265 818 1319 Θεόν.
877 1283 897 1317 ι
919 1266 1010 1317 Ἐν
1037 1268 1103 1336 τῇ
1138 1264 1318 1337 σαρκί·
1345 1284 1362 1316 ι
1396 1264 1667 1329 τουτέστι,
1708 1263 1796 1317 διὰ
1829 1264 1925 1333 τῆς

361 1356 563 1425 σαρκὸς
598 1356 782 1410 αὐτοῦ.
818 1358 880 1409 Et
907 1357 1014 1429 7&9
1056 1357 1129 1428 μὴ
1154 1356 1422 1410 ἀπέθανεν
1447 1356 1588 1426 ὑπὲρ
1616 1358 1646 1425 ἡ
1657 1355 1795 1423 μῶν,
1823 1357 1923 1409 οὐκ

361 1439 430 1494 ἂν
461 1440 619 1510 ἐλύθη
651 1445 683 1512 ἡ
717 1443 960 1514 ἁμαρτία
1013 1446 1046 1514 ἡ
1074 1444 1382 1515 χωρίζουσα
1433 1446 1579 1514 ἡμᾶς
1634 1445 1740 1498 ἀπὸ
1767 1444 1923 1500 Θεοῦ.

360 1531 634 1605 -[ΦΩ’1“.]
665 1535 834 1606 Διπλῆ
891 1531 958 1606 ἦν
989 1537 1020 1605 ἡ
1055 1536 1247 1606 ἔχθρα,
1280 1538 1371 1589 καὶ
1419 1536 1639 1591 διπλοῦν
1665 1536 1724 1590 τὸ
1763 1538 1926 1606 μεσό-

355 1643 558 1696 τοιχον,
611 1626 809 1696 μᾶλλον
831 1627 886 1680 δὲ
905 1629 1000 1681 καὶ⁵
1034 1629 1252 1699 τριπλῆ.
1296 1628 1458 1681 ’Δλλά
1483 1630 1578 1682 καί
1609 1629 1744 1700 πρὸς
1765 1623 1928 1698 ἀγγέ-

357 1716 485 1781 λους
524 1717 900 1787 ὲξεπολέμωτο
925 1718 985 1772 τὸ
1015 1717 1372 1789 ἀνθρώπινον.
1408 1718 1522 1773 Νῦν
1549 1719 1606 1772 δὲ
1633 1721 1769 1783 τέως
1797 1721 1931 1791 περὶ

357 1808 471 1861 τῶν
501 1809 594 1862 δύο
620 1809 995 1880 διαλαμϐάνει,
1015 1812 1080 1881 ἢν
1113 1806 1257 1881 εἶχον
1279 1811 1328 1864 οἱ
1357 1811 1414 1877 ἐξ
1444 1811 1612 1864 ἐθνῶν
1636 1812 1770 1882 πρὸς
1807 1812 1934 1875 τοὺς

358 1900 422 1966 ἐξ
456 1900 742 1966 Ἰουδαίων,
769 1902 865 1955 καὶ
895 1903 960 1973 ἢν
986 1903 1153 1972 ἄμφω
1178 1903 1312 1973 πρὸς
1343 1902 1433 1955 τὸν
1452 1902 1587 1955 Θεὸν
1631 1903 1741 1955 τῶν
1772 1903 1930 1966 ὅλων,

356 1991 477 2046 ἀλλ’
511 1992 779 2064 ἑκατέραν
809 1971 1008 2064 ἔχθραν
1031 1971 1125 2046 καὶ
1157 1971 1420 2065 ἑκάτερον
1449 1994 1784 2064 μεσότοιχον,
1815 1994 1930 2048 ἐλυ-
1965 1971 2005 2026 Β

363 2099 427 2134 σε
458 2083 691 2154 Χριστὸς
710 2085 737 2138 ὁ
759 2083 890 2148 Θεὸς
919 2083 1096 2155 ἡμῶν.
1142 2103 1160 2136 ι
1185 2085 1286 2138 Τὸν
1307 2086 1468 2154 νόμον
1496 2086 1603 2138 τῶν
1633 2085 1882 2140 ἐντολῶν.
1905 2106 1923 2136 ι

370 2174 592 2247 Ἐπειδὴ
613 2175 780 2229 ἔδωκε
799 2175 892 2230 τὸν
913 2179 1095 2247 νόμον,
1117 2177 1550 2247 ἀσφαλιζόμενον
1573 2181 1742 2248 ἡμᾶς,
1769 2180 1930 2249 ἡμεῖς

353 2266 416 2318 δὲ
453 2267 773 2338 παρέϐημεν
805 2269 970 2322 αὐτὸν
1009 2272 1056 2322 οἱ
1107 2270 1405 2341 ἄνθρωποι,
1432 2269 1585 2324 ἔλυσε
1614 2271 1710 2324 καὶ
1763 2270 1930 2325 αὑτὸν

353 2362 454 2414 τὸν
482 2363 668 2430 νόμον.
707 2361 918 2433 Ὠσπερ
953 2364 1016 2416 ἂν
1048 2363 1102 2416 εἴ
1121 2381 1207 2426 τις
1245 2363 1594 2432 παιδαγωγὸν
1624 2363 1748 2426 δοὺς
1798 2378 1930 2417 παι-

352 2457 478 2528 δίῳ,
515 2458 636 2511 ἐπεὶ
662 2457 735 2528 μὴ
753 2460 918 2522 ἦκουε
943 2458 1035 2509 τοῦ
1062 2457 1434 2526 παιδαγωγοῦ,
1465 2457 1750 2528 ἐλεύθερον
1776 2457 1927 2512 εἴασε

355 2549 460 2601 καὶ
489 2548 583 2602 τοῦ
618 2547 991 2618 παιδαγωγοῦ,
1019 2548 1137 2601 δέον
1170 2549 1416 2603 κολάσαι.
1435 2549 1806 2619 Καταργήσας
1839 2547 1918 2616 δὲ,

353 2641 518 2711 φησὶ,
546 2641 635 2694 τὸν
666 2641 828 2713 νόμον
850 2643 909 2693 ἐν
934 2641 1219 2711 δόγμασιν,
1244 2641 1277 2712 ἢ
1306 2643 1372 2711 τῇ
1407 2640 1605 2704 πίστει,
1646 2640 1678 2710 ἢ
1713 2637 1794 2703 οἷς
1827 2642 1926 2694 αὐ-

352 2733 452 2798 τὸς
501 2733 686 2786 εἶπενο
745 2750 764 2785 ι
799 2732 942 2801 Ἐγὼ
971 2734 1046 2796 δὲ,
1085 2733 1238 2803 φησὶ,
1293 2732 1435 2801 λέγω
1477 2733 1780 2803 ὑμῖν.ι-ι
1811 2733 1928 2785 Ἵνα

353 2826 490 2888 τοὺς
519 2825 612 2879 δύο
647 2826 828 2898 κτίσῃ.
869 2845 886 2878 ι
933 2828 1095 2897 Ὀρᾷς
1143 2826 1225 2880 ὅτι
1256 2826 1353 2896 οὐχ
1395 2827 1424 2878 ὁ
1456 2825 1656 2895 Ἕλλην
1707 2825 1927 2893 γέγονεν

370 2916 646 2980 Ἰουδαῖος,
680 2918 813 2970 ἀλλά
839 2920 932 2972 καὶ
960 2910 1114 2992 οὗτος
1131 2918 1383 2980 κάκεῖνος
1413 2917 1494 2979 είς
1522 2917 1729 2987 ἀμείνω
1760 2917 1927 2968 κατά-

359 3025 553 3060 στασιν
578 3004 772 3080 ἦλθον;
811 3010 968 3079 κτίσῃ
997 3049 1010 3074 ,
1055 3009 1208 3078 φησὶ,
1241 3008 1452 3071 δεικνὺς
1486 3009 1584 3071 τὴν
1619 3006 1918 3076 ἀναγέννη-

359 3115 472 3154 σιν.
505 3100 596 3162 Εἰς
628 3099 722 3154 ἕνα
761 3102 870 3171 γὰρ
903 3101 1100 3164 πάντες
1132 3100 1270 3155 εἰσὶν
1297 3100 1609 3169 ὲκτισμένοι
1657 3099 1774 3153 νέον
1807 3099 1928 3152 τινὰ

357 3193 458 3244 καὶ
487 3192 675 3244 πιστὸν
709 3193 1013 3262 ἄνθρωπον,
1038 3192 1132 3245 καὶ
1163 3191 1255 3246 τοῦ
1283 3194 1468 3261 γήρως
1496 3190 1605 3244 τῶν
1635 3191 1923 3264 ἁμαρτιῶν

358 3279 661 3350 ἀλλότριον.
699 3300 717 3331 ι
759 3281 848 3334 Ἐν
882 3281 1074 3351 ἑαυτῷ.
1094 3299 1113 3332 ι
1139 3275 1264 3334 Οἷον
1295 3280 1362 3332 δι’
1391 3281 1608 3345 ἐαυτοῦ,
1633 3282 1692 3334 οὺ
1729 3281 1798 3334 δι’
1823 3284 1927 3350 ἀγ-

357 3371 613 3443 γέλων,ῆ
648 3372 822 3425 ἄλλων
849 3373 1010 3425 τινῶν
1031 3372 1330 3440 δυνάμεων,
1355 3371 1492 3424 ἀλλὰ
1524 3370 1588 3424 δι’
1614 3373 1831 3426 ἐαυτοῦ.
1859 3374 1930 3426 Ἦ

357 3461 468 3524 ὃτι,
493 3462 647 3531 φησὶ.
699 3461 855 3516 τοῦτο
889 3462 1104 3533 πρῶτον
1155 3461 1470 3531 γενόμενος,
1497 3461 1592 3515 καὶ
1632 3461 1800 3515 τύπον
1838 3463 1932 3515 καὶ

358 3555 674 3624 ὑπόδειγμα
707 3555 1024 3627 παρασχών.
1068 3572 1090 3606 ι
1112 3555 1223 3608 Καὶ
1255 3552 1699 3624 ἀποκαταλλάξῃ.
1734 3571 1751 3605 ι
1789 3553 1931 3623 Πρὸς

359 3646 457 3699 τὸν
479 3645 610 3700 Θεὸν
640 3649 764 3711 τοὺς
788 3647 1126 3719 ἀνθρώπους.
1158 3646 1232 3700 Οὐ
1266 3647 1374 3716 γὰρ
1401 3645 1469 3698 ἀν
1498 3661 1629 3697 ποτε
1665 3643 1932 3713 κατηλλά-

361 3753 544 3807 γησαν
568 3736 646 3808 τῷ
664 3736 802 3807 Θεῷ,
832 3737 1082 3807 μένοντες
1117 3737 1358 3791 Ἰουδαῖοι
1379 3737 1472 3788 καὶ
1493 3735 1774 3804 Ἕλληνες.
1810 3734 1932 3787 Ὀτι

363 3830 478 3902 7&9
511 3829 618 3902 πρὸ
645 3828 842 3883 τούτου
865 3828 1069 3901 σφόδρα
1090 3826 1230 3900 ἦσαν
1249 3827 1648 3883 ἀκατάλλακτοι
1682 3827 1818 3898 πρὸς
1842 3828 1932 3881 τὸν

363 3922 518 3988 Θεὸν,
546 3923 814 3976 δείκνυσιν
835 3925 865 3992 ὴ
883 3922 1119 3992 ἔμφασις
1144 3921 1260 3986 τοῦ,
1276 3920 1771 3990 ἀποκαταλλάξῃ.
1804 3939 1822 3974 ι
1845 3919 1933 3973 Ἐν

364 4014 450 4066 ἐνὶ
483 4012 696 4083 σώματι
729 4014 808 4084 τῷ
835 4013 975 4086 Θεῷ.
997 4031 1018 4066 ι
1057 4009 1182 4067 Οῖον
1212 4012 1534 4082 γινομένους
1568 4012 1626 4068 ἓν
1664 4013 1845 4084 σῶμα,
1869 4005 1933 4066 οὗ

365 4103 529 4167 αὑτός
573 4105 688 4158 ἐστι
742 4101 1252 4176 κεφαλή.-[ΦΩΤ.]
1271 4104 1370 4156 Διά
1407 4103 1506 4174 μὲν
1546 4103 1666 4168 τοῦ,
1715 4103 1805 4156 Ἐν
1853 4103 1935 4156 ἐνὶ

366 4195 604 4266 σώματι,
638 4196 738 4269 τὴν
777 4196 914 4267 πρὸς
964 4195 1226 4268 ἀλλήλους
1252 4194 1507 4266 ἐμφαίνει
1562 4194 1928 4266 καταλλαγήν.

363 4290 468 4343 Διά
514 4289 570 4342 δὲ
599 4289 714 4355 τοῦ,
758 4289 836 4356 τῷ
884 4289 1024 4360 Θεῷ,
1081 4288 1180 4360 τὴν
1233 4287 1370 4360 πρὸς
1415 4287 1550 4341 Θεὸν
1585 4286 1930 4358 ἀμφοτέραιν.

372 4379 504 4433 «Διά
533 4378 628 4432 τοῦ
663 4378 898 4450 σταυροῦ
951 4377 1297 4440 ἀποκτείνας.
1326 4395 1344 4429 ι
1383 4376 1510 4441 Πῶς
1539 4376 1594 4430 δὲ
1624 4376 1936 4446 ἀποκατήλ-

361 4470 495 4536 λαξε
537 4471 618 4543 τῷ
650 4473 769 4542 Θεῷ
809 4469 1196 4535 ςάποκτείνας,
1248 4469 1402 4540 φησι,
1463 4470 1564 4539 τὴν
1614 4468 1816 4540 ἔχθραν
1868 4467 1935 4522 δι’

364 4561 556 4618 αὐτοῦ.
614 4563 716 4615 Διὰ
781 4560 874 4614 τοῦ
933 4559 1163 4630 σταυροῦ
1223 4559 1331 4629 γὰρ
1387 4559 1555 4622 λύσας
1601 4559 1680 4629 τῷ
1723 4557 1938 4629 θανάτῳ

2027 727 2168 766 mus.
2203 730 2221 762 ι
2259 712 2323 765 Ει
2362 712 2717 766 interstitium
2760 713 3029 767 maceriae.
3057 731 3076 766 ι
3105 711 3464 769 lntcrstitium
3493 733 3607 771 ma-

2025 803 2686 858 ceritedicitsimultatem
2705 818 2832 873 erga
2865 802 3032 858 Deum
3063 813 3116 859 et
3149 820 3249 860 nos
3270 821 3332 861 ac
3361 807 3603 876 Judteos,

2024 911 2144 967 quae
2171 912 2236 952 ex
2261 899 2466 954 nostris
2489 897 2838 968 proveniebat
2859 897 3092 962 delictis,
3127 900 3268 954 sicut
3297 901 3460 956 etiam
3491 903 3607 973 ipse
3679 917 3689 931 -·

2023 988 2156 1044 dicit
2176 1005 2269 1060 per
2293 993 2644 1060 prophetam:
2665 1009 2684 1042 ι
2716 989 3237 1061 Nonneiniquitates
3256 1004 3450 1049 vestrae
3464 997 3608 1050 divi-

2027 1083 2238 1137 sionem
2273 1085 2519 1137 fecerunt
2555 1085 2697 1138 inter
2735 1101 2832 1141 vos
2861 1094 2913 1138 et
2940 1102 3024 1141 me
3051 1087 3134 1140 "?
3167 1103 3186 1137 ι
3222 1087 3391 1152 Quale
3423 1097 3603 1143 autem

2027 1167 2426 1228 interstiiium?
2453 1174 2782 1228 simultatem
2835 1175 3014 1244 inquit
3043 1190 3172 1245 erga
3207 1176 3398 1230 Deum.
3441 1197 3459 1229 ι
3494 1176 3597 1232 Per

2026 1280 2250 1320 carnem
2283 1280 2461 1320 suam.
2500 1283 2522 1318 ι
2559 1265 2693 1321 Nam
2729 1269 2787 1321 ἐν
2812 1283 2908 1338 pro
2933 1268 3023 1322 διά
3049 1269 3282 1338 capitur,
3316 1269 3367 1324 id
3416 1280 3522 1335 est,
3551 1271 3608 1324 in

2026 1369 2126 1426 pro
2176 1372 2285 1425 per.
2329 1355 2445 1412 Nisi
2490 1359 2635 1413 enim
2682 1370 2933 1417 mortuus
2976 1371 3120 1417 esset
3153 1378 3252 1433 pro
3297 1364 3478 1426 nobis,
3509 1379 3607 1418 ne-

2026 1459 2300 1515 quaquam
2328 1448 2565 1502 solntum
2609 1457 2752 1504 esset
2785 1460 3069 1520 peccatum
3105 1451 3247 1520 quod
3289 1467 3391 1506 nos
3431 1467 3460 1505 a
3493 1451 3605 1508 Deo

2029 1536 2336 1604 separabat.
2361 1565 2433 1576 -—
2475 1537 2678 1608 Duplex
2727 1555 2962 1611 namque
2991 1541 3244 1598 simultas
3267 1552 3387 1596 erat
3419 1553 3471 1598 et
3501 1543 3605 1598 du-

2038 1625 2159 1694 plex
2197 1617 2581 1694 in'terStitium,
2602 1629 2712 1682 imo
2739 1631 2920 1698 potius
2942 1630 3100 1684 etiam
3129 1631 3363 1700 triplex:
3391 1633 3608 1702 quando

2032 1714 2251 1783 quidem
2301 1717 2465 1770 etiam
2527 1717 2790 1775 adversus
2845 1722 3066 1789 angelos
3118 1723 3316 1778 bellum
3370 1725 3608 1780 humana

2036 1816 2234 1860 natura
2275 1809 2498 1878 gerebat
2549 1826 2564 1864 :
2612 1826 2761 1865 nunc
2815 1822 2994 1868 tamen
3027 1815 3093 1869 de
3126 1815 3342 1871 duabus
3391 1815 3607 1870 interim

2035 1897 2279 1966 disserit,
2313 1910 2442 1970 puta
2471 1916 2633 1971 quam
2685 1903 2957 1958 habebant
2998 1906 3138 1959 inter
3180 1920 3240 1961 se
3295 1917 3484 1961 mutuo
3515 1908 3609 1976 qui

2035 2005 2100 2046 ex
2127 1989 2328 2046 Judaeis
2362 2002 2522 2047 erant
2565 2003 2619 2048 et
2649 1996 2740 2065 qui
2771 2011 2834 2050 ex
2867 1997 3140 2066 gentibus,
3175 2007 3226 2052 et
3271 2015 3432 2069 quam
3469 2002 3607 2054 utri-

2033 2096 2140 2150 que
2188 2082 2461 2138 habcbant
2501 2085 2766 2141 adversus
2823 2088 2986 2142 Deum
3040 2091 3418 2146 universorum
3458 2112 3468 2146 :
3510 2094 3606 2148 sed

2035 2183 2325 2243 utramque
2391 2175 2724 2231 simultatem
2791 2189 2843 2232 et
2898 2187 3190 2250 utrumque
3250 2183 3605 2239 interstitium

2035 2264 2197 2319 solvit
2249 2267 2502 2323 Christus
2562 2267 2702 2324 Deus
2741 2279 2948 2326 noster.
3010 2289 3028 2322 ι
3061 2270 3258 2341 Legem
3321 2273 3610 2328 mandato-

2035 2370 2178 2411 rum.
2222 2376 2240 2408 ι
2277 2356 2730 2428 Quandoquidem
2765 2360 2931 2430 legem
2955 2361 3177 2416 dederat
3207 2376 3325 2431 quae
3358 2377 3455 2416 nos
3481 2379 3606 2416 ntu—

2033 2448 2198 2514 niret,
2232 2465 2333 2506 nos
2365 2461 2546 2505 autem
2582 2451 2834 2506 homines
2868 2452 3014 2506 illam
3043 2455 3367 2524 transgressi
3391 2471 3602 2522 sumus,

2031 2540 2191 2596 solvit
2213 2549 2266 2596 et
2293 2545 2463 2611 ipsam
2511 2545 2704 2614 legem.
2740 2544 3211 2609 Quemadmodum
3243 2547 3288 2599 si
3327 2549 3451 2616 quis
3479 2563 3605 2603 cum

2033 2647 2204 2702 puero
2237 2634 2450 2688 dederit
2502 2634 2874 2705 pmdagogum,
2909 2637 3036 2706 quia
3077 2653 3182 2691 non
3229 2640 3382 2691 audit
3429 2640 3606 2710 pmda-

2029 2739 2248 2794 gogum,
2283 2726 2510 2780 liberum
2539 2743 2662 2782 esse
2693 2731 2970 2798 permittat
3004 2731 3169 2783 etiam
3219 2747 3248 2784 a
3285 2735 3606 2804 paeJagogo,

2030 2830 2154 2870 cum
2193 2817 2388 2885 punire
2417 2825 2715 2886 oporteret.
2747 2819 3032 2890 Abrogans
3065 2830 3268 2884 autem,
3302 2823 3400 2884 ait,
3432 2824 3604 2894 legem

2031 2904 2084 2960 in
2106 2906 2340 2962 decretis
2367 2907 2527 2961 sitam
2561 2926 2576 2962 :
2609 2917 2702 2963 aut
2735 2921 2952 2980 prOpter
2980 2913 3160 2980 ﬁdem,
3187 2924 3280 2968 aut
3302 2924 3521 2986 propter
3542 2931 3604 2971 ea

2031 3013 2152 3068 quae
2196 2999 2311 3070 ipse
2344 3001 2635 3055 tradebat:
2677 3019 2696 3052 ι
2737 3001 2848 3072 Ego
2892 3011 3093 3070 autem,
3123 3005 3317 3074 inquit,
3353 3007 3475 3061 dico
3513 3023 3608 3063 vo-

2031 3088 2200 3145 bis”.
2241 3110 2259 3142 ι
2300 3123 2368 3134 —
2410 3110 2429 3144 ι
2466 3091 2537 3148 Ut
2569 3092 2704 3148 duos
2735 3094 3020 3170 conderet.
3054 3115 3074 3147 ι
3110 3094 3272 3150 Vides
3293 3099 3433 3166 quod
3459 3097 3608 3153 Grze-

2033 3195 2130 3237 cus
2179 3197 2289 3238 non
2331 3183 2403 3238 sit
2452 3183 2629 3240 factus
2660 3183 2901 3251 Judaeus,
2951 3185 3044 3240 sed
3080 3193 3133 3241 et
3171 3187 3260 3241 hic
3307 3195 3362 3242 et
3413 3189 3502 3244 ille
3535 3191 3602 3246 ad

2033 3273 2316 3330 meliorem
2347 3283 2546 3329 statum
2575 3277 2861 3331 venerint?
2887 3276 3158 3332 Conderet
3187 3279 3282 3340 ait.
3311 3283 3603 3336 ostendens

2033 3367 2518 3437 regenerationem.
2548 3367 2751 3423 Omnes
2775 3369 2920 3423 enim
2953 3367 3006 3422 in
3040 3384 3208 3423 unum
3230 3371 3440 3426 conditi
3473 3385 3604 3428 sunt

2033 3472 2234 3513 novum
2266 3457 2557 3528 quemdam
2592 3469 2644 3512 et
2689 3458 2898 3514 ﬁdelem
2937 3449 3234 3527 hominem,
3274 3476 3336 3516 ac
3368 3462 3604 3518 alienum

2033 3565 2064 3605 a
2094 3559 2364 3606 vetustate
2395 3557 2769 3621 peccatorum.
2798 3570 2818 3603 ‹
2839 3549 2896 3605 1η
2929 3553 3247 3623 semetipso.
3296 3573 3314 3606 ι
3355 3553 3468 3611 Hoc
3496 3563 3602 3622 est,

2036 3658 2134 3714 per
2159 3644 2511 3713 semetipsum
2551 3660 2659 3699 non
2695 3659 2792 3714 per
2817 3645 3038 3714 angelos
3070 3653 3164 3698 aut
3200 3646 3337 3700 alias
3383 3649 3604 3716 quasvis

2036 3745 2359 3808 potestates.
2408 3737 2501 3792 sed
2537 3753 2634 3807 per
2692 3737 2957 3807 seipsum.
2997 3737 3104 3790 Aut
3149 3738 3282 3792 dicit
3311 3739 3458 3808 quod
3500 3740 3605 3796 hoc

2037 3829 2273 3900 primum
2311 3830 2519 3893 fecerit,
2553 3838 2738 3900 typum
2779 3843 2843 3883 ac
2876 3829 3149 3898 specimen
3181 3830 3448 3898 praebens.
3490 3850 3508 3884 ι
3538 3832 3606 3888 Et

2035 3919 2441 3974 reconciliaret.
2479 3936 2499 3970 ι
2533 3917 2792 3972 Homines
2828 3931 2957 3986 erga
3011 3916 3202 3973 Deum.
3236 3917 3423 3990 Neque
3455 3922 3602 3976 enim

2035 4008 2382 4064 reconciliari
2409 4023 2649 4078 unquam
2682 4008 2793 4062 Deo
2840 4015 3093 4078 poterant
3117 4017 3403 4066 manentes
3428 4009 3601 4068 Judaei

2036 4106 2133 4153 aut
2159 4097 2355 4155 Graeci.
2396 4099 2551 4165 Quod
2579 4100 2722 4153 enim
2751 4108 2880 4154 ante
2922 4099 3025 4154 hoc
3067 4099 3414 4158 vehementer
3435 4104 3602 4160 dissi-

2036 4193 2229 4249 derent
2277 4208 2308 4246 a
2361 4193 2491 4258 Deo,
2550 4193 2651 4263 21
2710 4194 2947 4250 ostendit
3007 4197 3284 4266 emphasis
3345 4197 3604 4259 dictionis

2035 4282 2457 4358 ἀποκαταλλάξῃ
2481 4285 2874 4341 reconciliaret.
2907 4305 2927 4338 ι
2959 4285 3013 4342 In
3036 4304 3145 4344 uno
3167 4305 3395 4362 corpore
3420 4293 3548 4351 Deo.
3579 4314 3598 4348 ι

2038 4373 2156 4430 Hoc
2201 4385 2283 4431 est
2312 4374 2486 4431 factos
2519 4391 2688 4430 unum
2725 4390 2926 4446 corpus
2955 4379 3112 4449 cujus
3141 4381 3259 4452 ipse
3298 4391 3378 4440 est
3419 4395 3603 4456 caput.

2037 4493 2104 4506 —-
2133 4467 2239 4522 Per
2274 4466 2378 4522 hoc
2403 4466 2548 4536 quod
2589 4466 2720 4520 dicit
2748 4483 2765 4521 :
2793 4465 2851 4521 ln
2901 4483 3012 4523 uno
3067 4484 3318 4542 corpore,
3369 4478 3606 4532 ostendit

2039 4556 2478 4612 conciliationem
2524 4573 2646 4625 quae
2675 4556 2816 4612 facta
2849 4565 2935 4613 est
2976 4559 3121 4615 inter
3158 4577 3218 4618 se
3256 4573 3465 4620 mutuo.
3506 4566 3607 4622 Per

364 4654 534 4708 αὑτοῦ
579 4653 677 4726 τὴν
709 4653 1002 4724 ἁμαρτίαν,
1053 4650 1148 4704 καὶ
1201 4651 1298 4720 τὴν
1347 4649 1546 4720 ἔχθραν
1589 4650 1796 4703 ἔλυσεν.
1825 4650 1928 4702 Οὐ-

2037 4649 2140 4702 hoc
2167 4656 2347 4704 autem
2379 4647 2524 4718 quod
2569 4649 2664 4712 ait,
2697 4649 2828 4714 Deo,
2868 4651 3152 4730 amborum
3194 4658 3601 4714 reconciliatio-

362 4744 454 4798 δὲν
491 4743 549 4797 δὲ
603 4741 1078 4814 ἐμφαντικώτερον
1130 4740 1244 4802 τοῦ,
1281 4740 1662 4805 ἀποκτείνας.
1706 4739 1778 4792 Τὸ
1823 4740 1930 4809 γὰρ

367 4840 670 4894 ἀσάλευτον
718 4841 819 4909 τῆς
862 4838 1068 4902 λύσεως
1121 4837 1291 4906 δηλοῖ.
1343 4835 1465 4900 Πῶς
1525 4833 1619 4890 οὗν
1644 4836 1759 4900 νῦν,
1799 4837 1932 4906 φαίη

367 4949 475 4996 τις,
499 4931 660 4986 πάλιν
709 4933 1114 5003 ἁμαρτάνομεν,
1160 4933 1350 5002 ἐτέρας
1379 4930 1652 5000 ἁμαρτίας
1699 4929 1934 4996 γεννῶν-

367 5039 500 5088 τες;
554 5021 622 5074 At
663 5023 774 5092 7&9
805 5023 1063 5092 πρότεραι
1086 5020 1530 5090 ἀπεκτάνθησαν.
1565 5037 1584 5068 ι
1623 5020 1730 5073 Καὶ
1766 5016 1935 5070 ἐλθὼν

367 5112 781 5183 εὐηγγελίσατο.
808 5131 828 5164 ›
863 5113 1082 5184 Μηδένα
1115 5112 1357 5183 πέμψας,
1421 5111 1534 5164 ἀλλ’
1557 5110 1715 5174 αὐτὸς
1762 5107 1936 5178 ἐαυτῷ

367 5204 848 5276 διακονησάμενος.
885 5205 1118 5276 Μακράν
1149 5205 1227 5269 δὲ,
1258 5204 1328 5257 τά
1353 5203 1480 5272 ἐθνη
1509 5203 1683 5267 καλεῖ,
1722 5203 1816 5256 καὶ
1842 5205 1935 5270 ἐγ-

369 5297 476 5361 γὺς
508 5295 634 5358 τοὺς
685 5294 990 5359 Ἰουδαίους.
1032 5315 1049 5348 ι
1072 5297 1314 5367 Ἔχομεν
1353 5295 1452 5366 τὴν
1489 5297 1876 5365 προσαγωγὴν.
1911 5313 1929 5345 ι

370 5387 487 5457 Τὴν
529 5386 897 5459 καταλλαγὴν,
931 5388 1026 5441 καὶ
1086 5387 1184 5458 τὴν
1229 5387 1454 5456 εἰρήνην
1505 5385 1604 5454 τὴν
1659 5385 1796 5455 πρὸς
1843 5387 1932 5437 τὸν

370 5478 528 5533 Θεόν.
560 5480 636 5534 οὐ
669 5479 778 5550 γὰρ
804 5480 898 5550 ἀφ’
938 5480 1146 5534 ἑαυτῶν
1173 5477 1512 5550 ἀπήλθομεν,
1531 5475 1644 5530 ἀλλ’
1681 5475 1786 5528 ὑπὸ
1804 5477 1938 5545 Χρι-

373 5571 503 5626 στοῦ
538 5572 946 5644 προσήχθημεν.
987 5590 1007 5624 ι
1055 5572 1143 5626 Ἐν
1176 5571 1256 5624 ἐν)⁴
1287 5570 1580 5639 πνεύματι.
1602 5586 1620 5620 ι
1650 5567 1764 5620 Οὐκ
1793 5567 1940 5619 ἐκεῖ-

368 5679 453 5715 νοι
507 5662 606 5730 μὲν
679 5663 775 5715 an
821 5662 986 5730 ἐγγὺς
1041 5660 1212 5724 ὄντες,
1273 5661 1328 5711 ἐν
1385 5657 1626 5727 μείζονι,
1672 5657 1832 5727 ἡμεῖς
1887 5655 1941 5708 δέ

371 5755 450 5818 ὡς
495 5753 736 5824 μακρὰν,
784 5755 839 5806 ἐν
881 5752 1146 5806 ἐλάσσονι.
1191 5751 1290 5804 Διά
1347 5755 1454 5820 γὰρ
1486 5749 1575 5802 τοῦ
1627 5747 1936 5817 πνεύματος

443 5933 548 5984 lsa.
583 5948 690 5996 ιιι,
733 5933 787 5988 9.
869 5933 1126 5986 “Matth.
1192 5951 1243 5997 v,
1273 5971 1275 5973 ι
1305 5933 1375 5987 22
1435 5947 1584 6000 seqq.

2037 4754 2160 4793 nem
2201 4752 2329 4809 erga
2365 4739 2555 4794 Deum.
2590 4757 2609 4790 ι
2652 4737 2757 4795 Per
2797 4756 3016 4796 crucem
3052 4759 3174 4797 cum
3208 4748 3544 4814 peremisset.
3577 4769 3596 4803 ι

2037 4833 2320 4898 Quomodo
2347 4841 2528 4885 autem
2552 4833 2944 4888 reconciliavit
2989 4836 3096 4891 Deo
3116 4835 3140 4888 ?
3163 4836 3300 4892 Cum
3343 4842 3609 4909 peremis-

2037 4927 2140 4984 set,
2166 4920 2364 4990 inquit,
2408 4921 2750 4976 inimicitiam
2791 4937 2884 4991 per
2917 4937 3059 4980 eam.
3090 4924 3194 4980 Per
3215 4941 3431 4983 crucem
3459 4931 3606 4986 enim

2039 5009 2216 5064 soluto
2243 5019 2418 5066 morte
2447 5025 2543 5066 sua
2578 5020 2819 5081 peccato,
2851 5013 3013 5067 etiam
3046 5015 3204 5070 solvit
3234 5017 3603 5078 inimicitiam.

2039 5101 2387 5158 Nihilautem
2421 5103 2681 5172 majorem
2738 5103 2903 5159 habet
2947 5105 3254 5175 emphasim
3281 5125 3442 5180 quam
3471 5114 3610 5167 ἀπο-

2042 5195 2279 5255 κτείνας.
2301 5194 2358 5249 ld
2393 5200 2498 5257 est,
2535 5209 2658 5248 cum
2695 5195 3038 5265 peremisset,
3069 5197 3292 5255 denotat
3337 5204 3477 5258 enim
3515 5207 3610 5258 tir-

2043 5289 2287 5343 mitatem
2341 5286 2651 5341 solutionis.
2697 5286 2982 5353 Quomodo
3036 5305 3168 5361 ergo
3217 5305 3363 5346 nunc
3423 5292 3646 5348 adhuc-

2036 5377 2368 5447 peccamus?
2393 5377 2539 5432 dicet
2568 5377 2792 5444 aliquis,
2822 5379 2926 5433 alia
2959 5379 3322 5450 producentes
3349 5391 3602 5451 peccata:

2041 5483 2162 5522 nam
2196 5469 2374 5535 priora
2399 5477 2676 5538 perempta
2715 5479 2864 5524 sunt.
2901 5489 2919 5522 ι
2957 5469 3022 5525 Et
3051 5472 3274 5528 veniens
3313 5477 3607 5527 annuntia-

2038 5561 2138 5616 vit.
2169 5579 2186 5612 ι
2237 5558 2393 5614 Nullo
2425 5561 2614 5626 misso,
2671 5561 2767 5617 sed
2819 5562 2920 5617 sibi
2952 5563 3055 5631 ipsi
3107 5562 3284 5618 lactus
3335 5563 3604 5622 minister.

2043 5652 2239 5706 Procul
2263 5663 2441 5707 autem
2476 5651 2645 5709 fuisse
2673 5653 2810 5708 dicit
2837 5661 3047 5724 gentes,
3079 5662 3134 5708 et
3161 5670 3327 5725 prope
3366 5654 3604 5714 Iudaeos.

2053 5765 2070 5796 ι
2109 5743 2383 5799 Habemus
2426 5743 2652 5799 aditum.
2691 5763 2709 5796 ι
2756 5743 3276 5800 Reconciliationem
3321 5753 3377 5802 et
3421 5761 3606 5816 pach
