3956 6558
457 343 597 407 1203

1507 349 1898 410 (ECUMENII
1939 355 2224 417 TRICCE
2265 358 2603 420 EPISCOPI

3525 367 3636 435 120i

455 455 755 512 revelatum
801 457 933 512 est?
987 476 1005 510 ι
1057 456 1199 524 Quid
1243 459 1416 530 ergo?
1447 474 1514 513 an
1564 462 1696 515 olim
1751 465 2022 534 prophetae

2129 470 2184 522 αἱ
2215 486 2333 540 μοι;
2365 489 2384 522 ι
2420 471 2526 523 Καί
2555 488 2735 541 φαμεν
2755 487 2768 500 ·
2801 473 2869 525 Ἥ
2894 471 3052 526 τοῦτο
3073 467 3242 537 εἶπεν,
3265 473 3345 526 ὅτι
3375 477 3536 530 πᾶσιν
3557 481 3637 532 ἁν-

457 564 565 605 non
599 549 921 604 noverunt?
983 549 1268 616 Quomodo
1322 560 1451 621 ergo
1516 551 1652 606 dicit
1718 554 2022 612 Christus:

462 658 482 692 ι
524 640 734 714 Moyses
765 649 817 697 et
848 641 1122 712 pr0phetaa
1160 641 1274 696 haec
1303 641 1369 696 de
1407 656 1491 697 me
1525 643 1865 713 scripserunt
1886 648 1968 701 "?
2001 666 2020 700 ο

457 730 807 801 Rursumque
863 732 938 786 ait
992 731 1058 786 de
1097 730 1396 802 Seripturis
1438 751 1502 786 ιι
1559 733 1665 789 illae
1727 747 1854 791 sunt
1907 754 2026 807 quae

457 825 833 880 testimonium
883 824 1172 894 perhibent
1217 825 1285 880 de
1336 826 1531 881 me”?
1570 845 1588 878 ›
1629 826 1696 882 Et
1742 828 2021 885 dicimus:

457 915 554 970 Vel
597 917 696 972 hoc
726 916 861 970 dixit
901 917 1043 987 quod
1075 933 1184 970 non
1214 917 1468 972 omnibus
1518 917 1828 974 hominibus
1868 920 2026 975 inno-

459 1006 580 1059 tuit.
615 1006 702 1059 Ait
730 1007 872 1060 enim
908 1024 920 1060 :
949 1007 1144 1061 Coram
1170 1008 1297 1063 ﬁliis
1320 1009 1598 1062 hominum
1629 1025 1642 1060 :
1671 1026 1817 1064 nunc
1848 1013 2022 1076 siqui-

456 1094 575 1148 dem
602 1104 723 1164 post
757 1096 1187 1151 incarnationem
1225 1112 1416 1152 omnes
1450 1099 1698 1154 homines
1731 1095 1904 1170 ipsum
1941 1102 2024 1155 in-

459 1187 581 1240 tuiti
643 1196 790 1242 sunt.
854 1189 958 1242 Aut
1009 1189 1154 1260 quod
1214 1205 1390 1260 neque
1434 1191 1710 1261 propheta:
1757 1203 2024 1248 noverunt

459 1279 602 1334 sicut
635 1295 781 1334 nunc
843 1281 1017 1337 visum
1071 1291 1178 1349 est,
1228 1282 1330 1337 hoc
1367 1291 1469 1347 est,
1499 1285 1882 1354 corporaliter.
1915 1287 2022 1341 Aut

458 1371 602 1441 quod
667 1373 923 1443 gentibus
981 1375 1116 1429 nulli
1174 1373 1247 1429 ita
1303 1375 1575 1441 innotuit;
1635 1392 1827 1445 nempe
1871 1378 2017 1447 quod

457 1461 540 1516 ha:
596 1463 909 1519 cohu-redes
962 1474 1170 1529 essent,
1231 1475 1285 1520 et
1338 1466 1581 1530 eiusdem
1644 1468 1892 1538 corporis
1956 1485 2021 1524 ac

2131 561 2366 630 θρώποις
2396 563 2495 616 οὐκ
2524 563 2846 633 ἐγνωρίσθη.
2875 563 3007 617 Eine
3038 564 3166 634 γὰρ.
3198 565 3526 634 Ἐμπροσθεν
3545 572 3638 633 τοῖς

2130 654 2396 716 υίοῖςντῶν
2424 655 2746 726 ἀνθρώπων.
2781 655 2895 708 Νῦν
2922 655 3028 726 γὰρ
3060 655 3196 724 μετὰ
3214 657 3311 724 τὴν
3330 657 3640 730 ἐνανθρὼπη-

2129 759 2235 808 σιν,
2262 743 2461 808 πάντες
2479 747 2640 799 αὐτὸν
2669 747 2982 802 ἐθεάσαντο.
3014 749 3084 800 Ἢ
3111 747 3192 799 ὅτι
3222 746 3340 800 οὐδὲ
3371 748 3418 800 oi
3457 751 3638 819 προφῆ-

2125 850 2209 886 ται
2243 830 2382 888 εἶδον
2405 835 2479 900 ὠς
2530 836 2624 890 νῦν
2664 833 2872 908 ῶράθη,
2901 838 3148 892 τουτέστι
3168 875 3182 897 ,
3227 839 3551 906 σωματικῶς.
3584 843 3640 894 Ἦ

2125 927 2208 979 ὅτι
2240 927 2368 997 περὶ
2422 927 2530 981 τῶν
2587 927 2756 982 ἐθνῶν
2813 928 2988 983 οὐδενὶ
3019 926 3187 990 οὕτως
3237 927 3474 999 ἐγνώσθη
3523 926 3638 985 εἶναι

2124 1015 2296 1071 ταῦτα
2339 1018 2751 1090 συγκληρονόμα
2788 1022 2881 1074 καὶ
2916 1019 3179 1089 σύσσωμα
3226 1019 3321 1073 καὶ
3367 1022 3640 1091 συμμέτοχα

2125 1111 2224 1179 τῆς
2250 1113 2598 1180 ἐπαγγελίας.
2661 1133 2680 1165 ι
2711 1114 2823 1168 Καὶ
2873 1115 3182 1185 προφήταις
3228 1115 3286 1166 ἐν
3335 1112 3632 1183 πνεύματι.»

2125 1204 2220 1258 Διὰ
2244 1206 2551 1276 πνεύματος
2575 1207 2685 1279 γὰρ
2712 1209 2805 1260 καὶ
2821 1208 2916 1261 νῦν
2941 1211 2973 1278 ή
3001 1208 3339 1276 ἀποκάλυψις
3372 1207 3474 1260 τῶν
3499 1209 3640 1261 τοιού-

2121 1313 2229 1349 των
2249 1337 2261 1351 .
2281 1297 2556 1366 Ἀμέλειοί
2584 1299 2937 1369 ἐστερημένοι
2963 1299 3056 1352 τοῦ
3084 1299 3410 1368 πνεύματος,
3456 1299 3537 1352 καὶ
3565 1299 3639 1352 νῦν

2124 1387 2449 1443 πλανῶνται.
2469 1389 2591 1442 Ὀτι
2617 1391 2715 1458 μὲν
2741 1391 2847 1460 γὰρ
2881 1389 3290 1461 κληθήσεταιτὰ
3313 1390 3456 1460 ἔθνη,
3473 1389 3640 1460 ᾔδεσαν

2123 1483 2172 1536 oi
2205 1483 2498 1552 προφῆται.
2549 1483 2668 1536 Ὅτι
2705 1483 2760 1536 δέ
2799 1483 3214 1552 συγκληρονόμα
3243 1482 3339 1534 καὶ
3361 1482 3639 1552 συμμέτοχα

458 1555 751 1645 Pani”???
783 1557 1184 1624 βτοπιίεείοηίεο
1231 1575 1248 1608 ⁸
1289 1557 1352 1609 Et
1385 1557 1666 1628 [ηὀΡιλθιῙδ
1716 1573 1809 1628 Per
1847 1560 2008 1628 εβίΐῖο
2122 1573 2295 1640 ἔσται,
2323 1575 2422 1627 οὑκ
2475 1574 2691 1645 ᾔδεσαν.
2743 1594 2762 1626 ι
2788 1576 2894 1628 Καὶ
2923 1574 3210 1643 σύσσωμα.
3251 1592 3270 1624 ι
3304 1573 3377 1625 Τὸ
3428 1572 3481 1625 ἓν
3522 1572 3641 1641 ἐχειν

459 1653 595 1698 tum.
636 1662 656 1696 ι
691 1644 823 1698 Nam
855 1654 911 1700 et
944 1660 1088 1700 nunc
1126 1662 1220 1716 per
1249 1648 1503 1716 spiritum
1539 1656 1624 1702 est
1655 1648 1779 1704 talis
1813 1650 2022 1704 revela-

2124 1667 2340 1738 Χριστῷ
2367 1644 2544 1736 σῶμα,
2579 1668 2666 1721 διὰ
2702 1667 2762 1720 τὸ
2791 1663 2930 1720 εἶναι
2953 1665 3116 1720 αὑτοῦ
3152 1664 3311 1733 μέλη.
3349 1665 3482 1733 (Τῆς
3505 1665 3645 1731 ἐπαγ.

455 1733 555 1786 ιίο.
588 1730 750 1789 Ccrte
780 1734 871 1802 qui
909 1734 1100 1803 spiritu
1128 1736 1411 1805 privautur
1452 1736 1616 1789 etiam
1642 1752 1786 1792 nunc
1811 1747 2019 1792 errant.

2124 1730 2504 1826 veliac'au'toﬁ
2533 1730 2612 1810 ἐν
2655 1758 2733 1828 τῷ
2791 1757 3030 1828 Χριστῷ.
3076 1777 3094 1807 ι
3134 1730 3390 1809 Βασιλεία
3424 1730 3514 1822 μὲν
3555 1730 3643 1824 γὰρ

457 1823 663 1879 Etenim
725 1825 867 1895 quod
927 1826 1188 1880 vocandae
1241 1835 1424 1882 essent
1492 1837 1704 1896 gentes,
1758 1836 2022 1882 noverant

2485 1808 2638 1919 παρὰ
2668 1808 3060 1919 -ξοῡ--ἧξτρᾇιᾲ
3100 1808 3200 1902 Δια
3225 1808 3454 1918 Χριστοιῖ
3497 1808 3641 1899 δὲιτδ

455 1917 753 1988 Ρηδρδθῑεῗ»
783 1920 926 1989 (Ιυοά
975 1929 1157 1975 amem
1201 1921 1513 1977 εοιιωνεάθε
1558 1921 1736 1977 forem
1780 1932 1834 1978 ει
1875 1938 2018 1979 οοῑη·
2127 1917 2254 2009 ἔθνη
2287 1941 2380 1992 καὶ
2407 1940 2506 2008 τῆς
2531 1917 2610 2002 είς
2631 1941 2793 1993 αὑτὸν
2827 1917 3085 2003 πίστεως,
3114 1941 3212 2008 τῆς
3249 1917 3492 2003 τοιαύτης
3523 1937 3643 1989 ἐστὶν

456 2008 771 2078 participes,
813 2025 920 2064 non
954 2020 1239 2066 noverant.
1273 2030 1292 2064 ι
1329 2012 1391 2066 Et
1415 2011 1662 2082 ejusdem
1693 2013 1961 2083 corporis.
1997 2032 2016 2066 ι

2127 2008 2461 2100 ἐπαγγελίας
2486 2033 2822 2102 συμμέτοχα.
2857 2050 2875 2084 t
2908 2033 3004 2086 Διὰ
3031 2031 3125 2086 τοῦ
3153 2029 3496 2099 Εὐαγγελίου.
3523 2028 3644 2096 »Τῆς

458 2096 526 2152 Ut
560 2115 726 2155 unum
779 2101 1045 2157 haberent
1091 2099 1214 2158 eum
1261 2103 1478 2160 Christo
1520 2119 1719 2174 corpus
1765 2119 1831 2159 eo
1877 2106 2022 2176 quod

2125 2096 2358 2189 πίστειυς
2388 2096 2570 2187 αὐτοῖς
2597 2096 2835 2194 ιρησιμτδ
2853 2123 3179 2192 Εὑαγγέλιον
3214 2096 3406 2192 ὁδηγὸν
3425 2119 3510 2174 καὶ
3542 2118 3644 2190 πρό-

455 2199 642 2248 essent
674 2193 913 2250 membra
945 2195 1084 2266 ejus.
1129 2213 1148 2248 ι
1193 2195 1579 2252 Promissionis
1616 2197 1736 2267 ejus
1781 2197 1834 2252 in
1861 2195 2022 2252 Chri-
2127 2217 2294 2282 ξενον,

454 2315 562 2361 sto.
595 2304 876 2378 sRegnum
897 2311 1097 2364 etenim
1134 2311 1463 2380 promissum
1495 2319 1578 2366 est
1607 2325 1636 2365 u
1660 2309 1816 2367 Patre
1843 2327 1974 2381 :per
2005 2310 2278 2366 Christum
2317 2318 2496 2364 autem
2522 2318 2575 2363 et
2599 2308 2756 2363 [idem
2793 2322 2913 2378 quae
2937 2307 2989 2361 in
3014 2320 3193 2376 .psum
3225 2314 3330 2365 est,
3359 2311 3529 2374 gentes
3543 2308 3641 2354 sunt

454 2400 765 2468 huiusmodi
791 2401 1172 2472 promissionis
1190 2404 1504 2474 participes.
1531 2423 1548 2456 ι
1570 2403 1669 2460 Per
1685 2405 2053 2478 Evangelium.
2083 2421 2101 2454 ι
2115 2401 2485 2470 Erangelium,
2510 2401 2705 2470 inquit,
2733 2399 2986 2454 conciliat
3008 2408 3060 2453 et
3077 2398 3298 2453 deducit
3312 2412 3400 2451 eos
3419 2396 3477 2449 ad
3495 2393 3640 2448 ﬁdem.

528 2490 613 2556 HI,
644 2492 798 2548 7-H.
845 2493 1012 2564 Cujus
1059 2495 1232 2564 factus
1284 2513 1402 2549 sum
1443 2497 1684 2550 minister
1738 2499 2020 2551 secundum

457 2580 653 2636 donum
686 2584 876 2652 gratiae
907 2583 1026 2648 Dei,
1055 2583 1194 2654 quod
1223 2584 1409 2638 datum
1442 2594 1521 2640 est
1567 2584 1696 2639 mihi
1738 2573 2040 2640 secundum.

454 2674 739 2744 tﬂ'icaciam
768 2677 1227 2744 potentialillius.
1261 2676 1397 2731 Mihi
1431 2679 1666 2732 omnium
1719 2688 2025 2732 sanctorum

459 2768 678 2820 minimo
705 2767 836 2822 data
863 2778 939 2823 est
961 2767 1134 2839 gratia
1165 2768 1292 2835 hac,
1331 2779 1387 2823 ut
1423 2771 1558 2824 inter
1602 2778 1777 2840 gentes
1818 2785 2025 2824 annun-

464 2860 587 2914 ticm
627 2861 1120 2932 impervestigabiles
1164 2863 1377 2916 divitias
1415 2861 1637 2926 Christi,
1686 2870 1734 2916 et
1766 2863 1820 2916 in
1858 2861 2025 2915 lucem

459 2950 728 3019 proferam
769 2951 1011 3005 omnibus
1037 2968 1154 3022 qua
1180 2953 1249 3006 sit
1289 2951 1395 3021 25
1435 2951 1762 3019 dispensatio
1792 2951 2024 3021 mysterii

455 3043 594 3107 quod
641 3049 752 3094 erat
797 3042 1159 3095 absconditum
1210 3059 1244 3095 a
1285 3043 1493 3097 saeculis
1533 3044 1586 3096 in
1619 3041 1749 3107 Deo,
1781 3043 1868 3112 qui
1903 3042 2022 3095 uni-

456 3145 606 3185 ursa
639 3133 872 3186 condidit
903 3150 994 3202 per
1024 3133 1290 3188 Christum
1322 3133 1528 3190 Iesum.

528 3309 730 3366 Paetus
763 3325 906 3376 sum,
935 3312 1135 3380 inquit,
1167 3311 1444 3382 Evangelii
1476 3315 1748 3382 minister,
1800 3326 2022 3385 accepto

455 3407 564 3461 hoc
618 3407 672 3462 in
707 3405 908 3460 donum
944 3409 1170 3477 gratiae:
1225 3410 1430 3464 uullum
1479 3411 1622 3465 enim
1653 3425 1791 3482 Opus
1843 3427 2021 3466 meum

455 3498 667 3553 contuli
700 3498 766 3553 ad
795 3499 936 3553 hanc
962 3500 1215 3569 gratiam.
1258 3503 1649 3557 Animadverte
1677 3505 1821 3573 quod
1881 3504 2022 3558 Pau-

457 3590 546 3642 lus
578 3587 691 3641 haac
715 3587 860 3640 dicat
903 3589 999 3657 qui
1059 3589 1307 3658 quotidie
1355 3591 1713 3646 moriebatur.
1768 3611 1787 3644 ι
1819 3593 2025 3648 Secun-

457 3677 587 3734 dum
626 3676 921 3734 eﬂieaciam
958 3681 1237 3748 potentiae.
1275 3698 1294 3731 ι
1330 3679 1443 3737 Nec
1471 3682 1648 3737 solum
1670 3681 1793 3737 data
1820 3691 1905 3738 est
1930 3683 2027 3738 tui-

459 3770 906 3840 hi.iuquit,haec
937 3771 1136 3843 gratia,
1195 3771 1290 3828 sed
1344 3781 1540 3843 praeter
1593 3773 1797 3828 donum
1859 3775 2022 3830 etiam

455 3865 744 3920 ellicaeiter
781 3866 893 3934 agit
922 3865 975 3919 in
1005 3880 1091 3920 me
1127 3865 1448 3934 potentiam,
1487 3873 1545 3920 ut
1573 3874 1767 3936 potens
1820 3865 1922 3922 sim
1955 3867 2023 3922 ad

457 3955 820 4014 ministerium
857 3955 1159 4026 Evangelii.
1193 3975 1212 4009 ι
1250 3956 1380 4011 Mihi
1411 3957 1663 4014 minimo.
1701 3977 1719 4010 ι
1759 3957 2025 4017 Conside-

457 4061 523 4104 ra
547 4046 898 4104 excellentem
919 4049 1092 4103 animi
1129 4048 1471 4107 modestiam.
1494 4049 1633 4107 Alibi
1659 4051 1878 4124 quidem
1903 4069 2024 4109 sese

458 4157 570 4196 non
599 4157 722 4198 esse
774 4143 1030 4197 idoneum
1065 4143 1285 4217 dicebat
1331 4143 1401 4198 ad
1433 4147 1815 4213 apostolatum,
1877 4160 2025 4200 nunc

456 4246 588 4288 vero
619 4233 786 4286 etiam
815 4233 1061 4287 omnium
1090 4241 1414 4289 sanctorum
1447 4233 1734 4288 minimum
1791 4233 1924 4289 dicit
1956 4235 2022 4288 η.

452 4322 587 4378 libi
609 4339 760 4394 ergo,
793 4325 994 4395 inquit,
1020 4325 1146 4380 data
1174 4333 1260 4382 est
1313 4327 1492 4398 gratia
1535 4327 1672 4382 tunc.
1703 4327 1771 4381 Et
1826 4326 2024 4382 merito

2201 2489 2282 2550 Οὗ
2314 2494 2608 2562 ἐγενόμην
2630 2491 2930 2556 διάκονος,
2959 2490 3108 2544 κατὰ
3142 2488 3259 2556 τὴν
3309 2488 3517 2554 δωρεὰν
3561 2485 3643 2552 τῆς

2127 2585 2366 2655 χάριτος
2397 2585 2501 2638 τοῦ
2537 2584 2708 2649 Θεοῦ,
2764 2583 2880 2650 τὴν
2926 2580 3214 2636 δοθεῖσάν
3229 2595 3351 2649 μοι,
3379 2577 3513 2630 κατὰ
3556 2577 3644 2640 τὴν

2107 2678 2428 2758 κέγέργειαν
2457 2674 2562 2742 τῆς
2614 2673 2920 2744 δυνάμεως
2951 2671 3157 2736 αὑτοῦ,
3219 2670 3345 2740 ἐμοὶ
3378 2669 3450 2735 τῷ
3483 2669 3639 2737 ἐλαχι-

2126 2767 2385 2834 στοτέρῳ
2426 2770 2666 2820 πάντων
2705 2767 2889 2836 ἁγίων
2933 2765 3109 2831 ἐδόθη
3134 2763 3174 2831 ἠ
3218 2763 3387 2830 χάρις
3435 2761 3564 2825 αὕτη
3591 2761 3645 2811 ἐν

2124 2860 2247 2926 τοῖς
2275 2860 2515 2914 ἔθνεσιν
2541 2859 3047 2928 εὐαγγελίσασθαι
3090 2855 3200 2910 τὸν
3232 2853 3645 2921 ἀνεξιχνίαστον

2125 2951 2395 3005 πλοῦτον
2461 2951 2568 3005 τοῦ
2623 2949 2924 3018 Χριστοῦ,
2979 2949 3077 3002 καί
3131 2949 3389 3017 φωτίσαι
3457 2943 3644 3005 πάντας

2125 3045 2217 3108 τίς
2245 3045 2282 3109 ἠ
2309 3044 2616 3110 οἰκονομία
2657 3042 2762 3095 τοῦ
2796 3042 3138 3110 μυστηρίου
3181 3039 3292 3092 τοῦ
3325 3039 3643 3103 ἀποκεκρυμ·

2122 3134 2306 3204 μένου
2339 3133 2454 3188 ἀπὸ
2485 3132 2602 3185 τῶν
2645 3132 2875 3185 αἰώνων
2909 3132 2978 3184 ἐν
3011 3130 3090 3195 τῷ
3128 3129 3274 3195 Θεῷ,
3306 3129 3380 3195 τῷ
3405 3127 3466 3181 τὰ
3487 3127 3643 3180 πάντα

2123 3223 2396 3276 κτίσαντι
2425 3221 2522 3275 διὰ
2559 3222 2760 3288 Ἰησοῦ
2787 3220 3064 3288 Χριστοῦ.

2207 3315 2523 3384 Ἐγενήθην,
2573 3314 2739 3382 φησι,
2787 3312 2879 3366 τοῦ
2932 3311 3268 3378 Εὐαγγελίου
3315 3310 3563 3370 διάκονος,
3599 3307 3641 3358 ἐν

2123 3407 2304 3478 δωρεᾷ
2345 3407 2567 3476 χάριτος
2611 3404 2769 3457 τοῦτο
2811 3401 3010 3458 λαϐὼν.
3053 3403 3221 3455 Οὐδὲν
3254 3403 3361 3472 γὰρ
3391 3398 3490 3468 ἐγὼ
3517 3398 3641 3466 ἔργον

2123 3498 2256 3566 ἐμὸν
2296 3497 2688 3567 συνεισήνεγκα
2736 3497 2803 3565 τῇ
2833 3494 3020 3565 χάριτι
3067 3491 3267 3565 ταύτῃ.
3303 3493 3435 3562 Ὀρα
3474 3487 3641 3543 Παῦλον

2123 3591 2294 3646 ταῦτα
2341 3590 2590 3659 λέγοντα,
2643 3589 2732 3642 τὸν
2786 3587 2911 3642 καθ’
2970 3587 3187 3658 ἡμέραν
3255 3585 3638 3654 ἀποθνήσκοντα.

2128 3703 2149 3737 ι
2181 3683 2338 3740 Κατὰ
2356 3683 2454 3755 τὴν
2483 3686 2763 3753 ἐνέργειαν
2787 3685 2887 3754 τῆς
2916 3683 3223 3753 δυνάμεως.
3250 3700 3270 3734 ι
3297 3683 3399 3734 Καὶ
3417 3682 3469 3732 οὐ
3494 3677 3639 3748 μόνον,

2125 3778 2309 3848 φησιν,
2368 3776 2613 3848 ἐδωρήθη
2653 3794 2744 3845 μοι
2777 3778 2811 3847 ἠ
2847 3776 3008 3849 χάρις
3065 3773 3230 3848 αὕτη,
3277 3772 3406 3830 ἀλλὰ
3449 3769 3563 3842 πρὸς
3588 3767 3639 3838 τῇ

2123 3869 2300 3940 δωρεᾷ
2335 3867 2431 3924 καὶ
2456 3871 2671 3941 ἐνεργεῖ
2711 3887 2800 3939 μοι
2831 3870 3062 3940 δύναμιν
3094 3870 3176 3931 είς
3216 3868 3279 3922 τὺ
3322 3865 3508 3937 ἰσχύειν
3533 3859 3637 3930 πρὸς

2122 3961 2222 4032 τὴν
2253 3961 2530 4016 διακονίαν
2561 3961 2655 4015 τοῦ
2688 3961 3046 4030 Εὐαγγελίου.
3087 3978 3107 4012 ι
3129 3959 3287 4031 Ἐμοὶ
3311 3957 3385 4028 τῷ
3409 3956 3638 4023 ἐλαχιστο-

2124 4055 2291 4123 τέρῳ.
2325 4071 2344 4105 ›
2379 4053 2525 4124 Ὅρα
2557 4052 2863 4124 ὑπερϐολὴν
2893 4049 3411 4122 ταπεινοφροσύνης.
3429 4039 3638 4110 Ἀλλαχοῦ

2129 4145 2252 4216 μὲν,
2279 4145 2353 4216 μὴ
2387 4141 2528 4198 εἶναι
2574 4143 2760 4198 ικανδν
2812 4145 2893 4206 είς
2925 4143 3232 4212 ἀποστολὴν
3265 4141 3438 4206 ἔλεγεν
3466 4133 3637 4195 ἑαυτὸν,

2125 4235 2221 4290 νῦν
2247 4236 2327 4300 δέ,
2357 4235 2452 4290 καὶ
2479 4237 2698 4290 πάντων
2725 4233 2836 4288 τῶν
2878 4233 3050 4302 ἁγίων
3081 4233 3480 4302 ἐλαχιστότερον
3503 4227 3635 4292 λέγει.

2137 4325 2290 4395 Ἐμοὶ
2319 4320 2432 4390 οὖν,
2463 4325 2662 4394 φησίν⁸
2689 4322 2845 4393 ἐδόθη
2877 4325 2910 4394 ἡ
2939 4323 3099 4394 χάρις
3130 4321 3292 4390 αὕτη.
3330 4320 3432 4372 Καὶ
3454 4314 3638 4372 εἰκότως

451 4417 652 4488 gratia,
678 4419 728 4472 si
763 4416 987 4472 minimo
1005 4426 1064 4472 ut
1081 4418 1484 4476 aitsanctorum
1501 4420 1748 4476 omnium
1762 4420 2022 4474 cummis.

2125 4415 2304 4487 χάρις.
2333 4415 2386 4468 εἴ
2413 4432 2477 4484 γε
2506 4413 2584 4484 τῷ
2611 4413 2853 4478 πάντων,
2873 4413 2949 4477 ὥς
2977 4429 3164 4483 φησιν,
3186 4408 3568 4502 ἐλαχιστοτέρῳ,
3591 4401 3638 4453 τὸ

452 4515 516 4558 sa
544 4510 630 4558 est
659 4502 974 4575 praedicatio
1006 4506 1272 4574 gentium.
1320 4525 1338 4559 ι
1383 4505 1515 4562 Mihi
1577 4509 1822 4563 omnium
1855 4508 2021 4562 mini-

454 4607 627 4660 mo...
656 4593 822 4649 Deest
879 4595 1014 4664 γάρ.
1053 4596 1106 4650 id
1170 4605 1256 4653 est
1283 4598 1468 4652 enim:
1507 4606 1564 4652 ut
1619 4599 1856 4663 dicatur,
1893 4598 2023 4654 Mihi

455 4685 628 4740 enim.
685 4686 795 4740 Aut
827 4688 1019 4755 potius
1075 4689 1212 4743 nihil
1251 4689 1459 4752 deﬁcit,
1505 4690 1598 4745 sed
1659 4700 1719 4745 ut
1769 4692 1819 4746 ei
1875 4691 2021 4761 quod

456 4777 738 4846 praeessit
770 4779 1085 4849 respondet,
1108 4795 1305 4851 nempe
1332 4781 1498 4851 hujus
1529 4783 1737 4851 gratia:
1772 4792 1834 4837 ut
1867 4783 2021 4839 dica-

453 4875 568 4932 tur,
600 4867 767 4937 hujus
793 4869 966 4938 gratia
998 4870 1132 4924 mihi
1188 4872 1434 4925 omnium
1474 4881 1790 4927 sanctorum
1854 4875 2019 4928 mini-

449 4970 566 5020 mo,
625 4963 734 5011 etc.
795 4957 1098 5013 Considera
1151 4975 1280 5014 vero
1334 4960 1476 5028 quod
1534 4976 1660 5014 eum
1733 4962 2017 5030 periodum

448 5047 607 5116 juxta
643 5055 850 5101 rectum
873 5051 1094 5104 schema
1122 5052 1456 5118 iucboasset,
1480 5051 1550 5107 ad
1578 5052 1680 5107 hoc
1699 5053 2018 5120 declinavit,

457 5145 519 5193 ut
550 5139 600 5193 ei
634 5137 780 5207 quod
819 5143 1100 5208 prtecessit
1149 5145 1507 5213 responderet
1540 5159 1744 5209 sermo,
1788 5145 2018 5215 figurata

453 5236 621 5283 utens
666 5227 943 5284 sertnouis
996 5233 1353 5297 responsione
1376 5233 1444 5288 ad
1503 5243 1687 5304 typum
1736 5232 2019 5287 circuitio-

451 5333 606 5373 num.
635 5317 715 5372 lta
743 5328 800 5373 et
837 5316 1186 5388 Thucydides
1211 5329 1265 5373 et
1303 5315 1700 5378 Demosthenes
1745 5324 1934 5378 multis
1962 5325 2016 5380 in

450 5406 614 5461 lucis.
646 5404 823 5475 Hujus
874 5417 1054 5462 autem
1109 5407 1306 5478 gratia,
1367 5409 1562 5479 inquit,
1597 5428 1792 5483 nempe
1829 5423 1886 5466 ut
1920 5430 2016 5467 vos

452 5496 866 5552 cozdiiicemini
897 5497 956 5551 in
1005 5497 1378 5553 habitaculum
1427 5497 1517 5554 Dei
1565 5500 1691 5554 data
1738 5511 1826 5557 est
1882 5503 2014 5556 mihi

451 5595 630 5658 gratia
671 5587 812 5644 haec.
870 5587 1131 5654 Quaenam
1187 5587 1408 5658 gratia?
1444 5590 1773 5658 praedicandi
1829 5594 1905 5646 ait
1963 5593 2016 5646 in

523 5759 565 5791 “
596 5759 728 5816 Luc.
759 5777 904 5828 xxiv,
940 5763 1030 5818 Η.
1109 5763 1328 5818 "Joan.
1351 5778 1404 5829 ν,
1435 5763 1523 5818 9.9.

2127 4508 2392 4576 κήρυγμα
2406 4504 2516 4558 τῶν
2535 4504 2706 4557 ἐθνῶν
2731 4503 3040 4574 ἐπετράπη.
3067 4521 3084 4554 ι
3109 4502 3270 4572 Ἐμοὶ
3300 4501 3375 4570 τῷ
3403 4499 3633 4566 ἐλαχιστο-

2125 4598 2274 4669 τέρῳ
2303 4597 2544 4651 πάντων.
2575 4614 2596 4648 ι
2652 4595 2844 4650 Λεεπει
2888 4595 2950 4648 τὸ
2980 4595 3109 4664 τάρ.
3153 4589 3300 4658 Οἷον,
3332 4591 3448 4662 ἐμοὶ
3481 4583 3632 4654 rimi

2127 4689 2327 4761 μᾶλλον
2358 4688 2510 4742 οὐδὲν
2537 4688 2795 4751 ἐλλείπει,
2821 4687 2955 4740 ἀλλὰ
2978 4685 3334 4748 ἁνταπόὃοσὲς
3354 4687 3458 4738 ἐστι
3480 4680 3634 4733 τούτου

2125 4781 2306 4852 χάριν.
2361 4773 2487 4834 Οἴον
2533 4781 2724 4832 τούτου
2773 4778 2936 4850 χάριν
2985 4779 3108 4849 ἐμοὶ
3163 4778 3244 4848 τῷ
3296 4769 3631 4845 ἐλαχιστοτέρῳ

2126 4873 2346 4927 πάντων
2377 4870 2548 4940 ἁγίων
2573 4869 2732 4938 ἐδόθη
2758 4909 2772 4933 ,
2807 4869 2900 4922 καὶ
2927 4868 3073 4938 ἑξῆς.
3100 4870 3299 4921 Σκόπει
3327 4867 3380 4920 δὲ
3409 4867 3482 4916 ὅτι
3505 4859 3632 4930 ἀρξά-

2129 4982 2288 5034 μενος
2319 4967 2419 5034 τῆς
2453 4964 2704 5033 περιόδου
2756 4963 2899 5018 κατὰ
2933 4962 2994 5014 τὸ
3027 4960 3186 5032 ὀρθὸν
3244 4959 3440 5028 σχῆμα,
3492 4957 3540 5006 ἐν
3583 4949 3631 5015 τῇ

2085 5121 2089 5126 ί
2124 5055 2478 5107 ἀνταποδόσει
2514 5053 2846 5121 ἐπλαγίωσε,
2895 5052 3238 5122 σχηματίσας
3267 5050 3360 5118 τὴν
3387 5039 3631 5100 ἀνταπόδο-

2126 5161 2233 5208 σιν,
2283 5144 2419 5214 πρὸς
2478 5145 2572 5197 τὸν
2628 5145 2738 5197 τῶν
2791 5144 3090 5214 περισυλῶν
3141 5142 3329 5195 τύπον.
3380 5138 3538 5196 Οὕτως
3563 5132 3630 5184 καὶ

2125 5235 2452 5304 Θουκυδίδης
2485 5235 2578 5288 καὶ
2606 5234 2957 5305 Δημοσθένης
2995 5233 3288 5303 πολλαχοῦ.
3315 5231 3385 5283 Τὸ
3407 5229 3456 5282 δὲ
3479 5227 3629 5278 τούτου

2124 5325 2285 5395 χάριν
2315 5327 2501 5396 φησὶν,
2538 5321 2650 5378 οἷον
2677 5327 2840 5396 χάριν
2874 5324 2970 5378 τοῦ
3001 5323 3500 5394 συνοικοδομηθῆναι
3519 5313 3629 5383 ὑμᾶς

2127 5418 2206 5476 τίς
2234 5416 2655 5485 κατοικητήριον
2684 5414 2844 5468 Θεοῦ.
2886 5415 3072 5486 Ἐδόθη
3109 5417 3142 5486 ἡ
3169 5417 3324 5486 χάρις
3352 5412 3493 5478 αὕτη.
3529 5403 3629 5458 Ποία

2125 5507 2321 5576 χάριςς
2361 5505 2434 5558 Τὸ
2479 5509 2538 5559 ἐν
2580 5510 2692 5570 τοῖς
2728 5507 2927 5574 ἔθνεσι,
2975 5510 3161 5578 φησιν,
3219 5498 3626 5575 εὐαγγελίζεσθαι.

2132 5615 2150 5648 ι
2186 5597 2288 5649 Τὸν
2317 5598 2723 5668 ἀνεξιχνίαστον
2753 5600 3006 5656 πλοῦτον.
3045 5619 3064 5654 ι
3108 5601 3174 5655 Ei
3200 5601 3228 5654 ὁ
3260 5599 3470 5656 πλοῦτος
3496 5585 3626 5648 αὐτοῦ

1641 5765 1683 5796 ια
1717 5765 1733 5817 l
1759 5766 1886 5821 Cor.
1944 5785 2034 5835 xv,
2082 5772 2132 5838 s,
2163 5774 2216 5831 9.
