3956 6552
336 351 474 416 1209

1359 356 1748 419 COMMENT.
1791 360 1871 421 IN
1906 362 2141 423 EPIST.
2175 365 2273 423 AD
2313 364 2576 426 EPHES.

3424 362 3564 424 1210
3597 403 3612 417 .

325 466 581 535 οικῆσαι.
607 482 626 516 ι
659 464 754 526 Εἰς
780 463 842 517 τὸ
870 465 1218 535 κατοικῆσαι,
1249 467 1408 535 φησὶ,
1430 465 1522 519 τὸν
1550 466 1787 537 Χριστὸν
1813 471 1886 532 εἰς

1996 472 2258 529 adversus
2283 473 2604 529 amictiones
2627 473 2889 544 intellige.
2926 470 3036 527 «Ad
3081 470 3355 526 internum
3389 471 3562 524 homi-

324 559 419 613 τὸν
441 557 550 611 ἐσω
577 555 881 625 ἄνθρωπον,
907 556 994 609 ἴνα
1012 554 1125 627 δῴη
1155 556 1284 625 ὑμῖν
1312 556 1391 620 είς
1420 557 1513 610 τὸν
1542 558 1652 611 ἔσω
1683 559 1894 630 ἄνθρω-

324 665 427 702 πον
449 645 773 714 κατοικῆσαι
805 644 898 698 τὸν
940 644 1194 714 Χριστόν.
1227 645 1366 708 Ἵνα,
1397 646 1554 716 φησὶ,
1600 648 1727 710 ναὸς
1758 649 1891 702 Θεοῦ

323 737 580 809 γένησθε,
612 738 707 790 καὶ
748 736 846 807 ούχ
896 735 1083 799 ἁπλῶς
1116 736 1483 807 κατοικῆσαι,
1535 737 1672 792 ἀλλὰ
1709 740 1805 792 καὶ
1834 740 1892 792 ἐν

321 834 446 896 ταῖς
485 830 737 902 καρδίαις
788 828 963 898 ὑμῶν.
995 828 1197 898 Μηδὲν,
1230 830 1418 898 φησιν,
1451 830 1790 884 ἐπιπόλαιον.
1837 830 1895 885 '0

232 921 249 927 ’
322 922 436 993 γὰρ
469 920 578 975 έσω
610 920 913 993 ἄνθρωπως
960 919 1055 973 καὶ
1097 920 1154 972 al
1192 920 1432 991 καρδίαι,
1479 922 1581 992 τὴν
1613 921 1755 976 κατὰ
1792 922 1892 993 βά.

323 1014 450 1077 θους
478 1013 752 1081 ἐνοίκησιν
789 1013 882 1064 καὶ
921 1011 1019 1081 τὴν
1048 1005 1159 1064 οἷον
1188 1013 1415 1081 συμφυῆ
1449 1013 1542 1066 καὶ
1576 1013 1888 1084 ἐρριζωμέ-

325 1123 425 1176 νην
449 1104 618 1174 δηλοῖ.
653 1121 673 1155 ι
701 1102 800 1156 Διὰ
822 1102 921 1171 τῆς
948 1101 1204 1166 πίστεως.
1237 1122 1257 1156 s
1290 1103 1413 1167 Πῶς
1440 1105 1498 1157 δὲ
1518 1102 1673 1158 ἐσται
1691 1104 1889 1172 τοῦτο;

323 1198 424 1250 Διὰ
455 1198 554 1265 τῆς
588 1196 863 1258 πίστεως,
910 1195 1066 1264 φησι,
1123 1196 1219 1248 καὶ
1271 1193 1365 1248 τοῦ
1411 1196 1471 1248 ὲν
1497 1194 1689 1265 ἀγάπῃ
1748 1190 1892 1248 εἶναι

321 1288 466 1355 ὑμᾶς
509 1285 909 1358 ἐρῤιζωμένους
950 1286 1045 1337 καὶ
1085 1284 1615 1354 τεθεμελιωμένους,
1646 1284 1751 1338 ὑπὸ
1789 1300 1896 1355 μη-

319 1377 472 1440 sava;
519 1377 890 1444 κινουμένους.
949 1394 968 1428 t
1019 1377 1109 1431 Ἐν
1165 1376 1356 1448 ἀγάπῃ
1383 1375 1766 1448 ἐρριζωμένοι.
1796 1394 1892 1427 s—

322 1469 557 1543 [ΦΩΤ.]
608 1472 703 1534 Τὸ,
745 1470 1136 1543 Ἐῥριζωμένοι
1187 1472 1284 1525 καὶ
1325 1470 1810 1541 τεθεμελιωμένοι,
1855 1468 1890 1540 ἢ

323 1564 549 1631 σφάλμα
572 1564 687 1617 ἐστὶ
714 1566 1005 1634 γραφικόν,
1050 1563 1171 1618 δέον
1200 1563 1321 1617 κατ’
1350 1562 1658 1633 αἰτιατικὴν
1679 1562 1891 1634 γράψαι

319 1651 745 1721 ἐρριζωμένους
821 1653 917 1707 καὶ
988 1652 1545 1722 τεθεμελιωμένους.
1587 1653 1658 1706 Ἢ
1713 1652 1763 1705 ει
1816 1650 1891 1722 μὴ

320 1744 502 1808 τοῦτο,
552 1743 673 1799 κατ’
724 1744 844 1808 ἔθος
889 1745 1162 1815 ἀρχαϊκῆς
1214 1746 1518 1812 συντάξεως
1549 1745 1826 1815 ἐχρήσατο
1862 1746 1891 1798 ὁ

1999 578 2121 617 nem
2172 564 2610 618 inhabitandum.
2668 583 2688 616 ι
2737 564 2820 619 Ad
2868 562 3315 628 inhabitandam,
3361 562 3560 632 inquit,

1992 651 2273 709 Christum
2330 655 2385 710 in
2435 658 2709 709 internum
2762 655 3078 711 hominem:
3131 662 3189 709 ιιι
3242 654 3333 707 det
3402 653 3560 706 vobis

1995 759 2105 813 quo
2169 746 2435 800 inhabitet
2503 745 2758 802 Christus
2813 746 3090 800 internum
3147 745 3445 807 hominem,
3504 751 3562 796 ut

1993 836 2257 907 templum
2288 836 2379 892 Dei
2408 837 2757 894 eﬂiciamini:
2787 853 2888 893 nec
2909 845 3189 907 utcunque
3221 835 3559 898 etiiciamini,

1995 927 2352 982 verumetiam
2387 929 2441 983 in
2467 929 2728 984 cordibus
2759 929 2980 985 vestris.
3026 927 3173 982 Nihil
3202 928 3281 982 ait
3318 927 3551 997 superﬁ-

1992 1015 2152 1070 ciale.
2202 1013 2337 1069 Nam
2385 1017 2616 1073 interior
2670 1021 2835 1074 homo
2872 1025 2928 1074 et
2985 1019 3177 1081 corda,
3230 1018 3559 1089 profundam

1994 1104 2452 1163 inhabitationem
2492 1117 2548 1163 et
2579 1117 2839 1178 tanquam
2871 1110 3316 1175 conn’aturalem,
3353 1118 3408 1164 et
3438 1124 3561 1180 quae

1996 1196 2137 1253 lixas
2184 1198 2381 1253 habeat
2441 1200 2656 1255 radices
2713 1202 3028 1270 designant.
3069 1221 3087 1254 ι
3127 1204 3229 1259 Per
3292 1202 3471 1257 (idem.
3526 1218 3546 1252 ι

1998 1286 2287 1354 Quomodo
2315 1298 2495 1344 autem
2525 1293 2623 1347 erit
2659 1292 2800 1346 hoc?
2825 1292 2941 1348 Per‘
2962 1293 3147 1358 tidem,
3197 1293 3395 1363 inquit,
3422 1299 3476 1346 et
3512 1290 3557 1345 si

1992 1377 2116 1434 lixis
2144 1379 2195 1434 in
2223 1380 2493 1435 charitate
2527 1382 2805 1437 radicibus
2842 1383 3097 1453 jaetoque
3124 1383 3497 1445 fundamento,
3529 1395 3559 1433 a

1994 1470 2148 1526 nullo
2181 1485 2523 1539 moveamur.
2564 1490 2582 1524 ι
2617 1472 2769 1526 Fixis
2805 1473 2859 1526 in
2886 1474 3154 1530 charitatc
3191 1474 3489 1532 radicibus.
3534 1492 3554 1526 ι

1993 1559 2153 1627 Quod
2215 1565 2323 1618 ait:
2354 1560 2509 1618 Fixis
2561 1563 2843 1619 radicibus
2872 1563 3133 1633 jactoque
3184 1564 3558 1631 fundamento,

1991 1660 2088 1707 aut
2138 1653 2422 1722 scriptoris
2482 1653 2671 1723 lapsus
2727 1662 2814 1709 est
2851 1654 2997 1724 quod
3032 1670 3126 1724 per
3177 1655 3288 1724 29
3317 1656 3562 1711 nomina-

1995 1744 2165 1799 tivum
2198 1744 2408 1815 legatur
2428 1745 2789 1816 ἐρριζωμένοι
2806 1747 2901 1800 καὶ
2917 1745 3392 1817 τεθεμελιωμένοι,
3435 1762 3557 1802 cum

322 1834 468 1897 θεῖος
499 1834 731 1898 Παῦλος,
757 1836 876 1887 ἀντὶ
898 1836 1208 1897 αἰτιατικῆς
1237 1837 1493 1905 μετοχικῇ
1520 1835 1724 1906 εὐθείᾳ.
1747 1836 1886 1889 Πολὺ

2002 1851 2097 1905 per
2136 1836 2510 1893 accusativum
2570 1838 2759 1894 dicere
2805 1839 3182 1909 oportuisset:
3215 1850 3310 1895 aut
3348 1841 3394 1895 si
3450 1855 3559 1896 non

318 1925 381 1980 δὲ
406 1926 502 1979 καὶ⁵
533 1924 687 1996 παρὰ
714 1927 826 1987 τοῖς
854 1923 960 1989 ἐξω
996 1925 1055 1977 τὸ
1082 1924 1322 1978 τοιοῦτον
1355 1924 1565 1995 σχῆμα,
1597 1925 1694 1979 καὶ
1727 1925 1886 1995 μάλι-

320 2034 425 2071 στα
452 2018 602 2089 παρὰ
623 2016 944 2089 Θουκυδίδῃ.
967 2018 1030 2071 Εἰ
1061 2017 1120 2070 δὲ
1145 2017 1226 2070 δεῖ
1255 2017 1349 2071 καὶ
1378 2016 1476 2088 τὴν
1506 2016 1726 2070 εὐθεῖαν
1752 2016 1891 2087 πρὸς

319 2109 559 2172 εὐθεῖαν,
603 2109 740 2163 ἀλλὰ
791 2108 864 2179 μὴ
910 2108 1053 2162 κατὰ
1098 2107 1428 2161 ἀντίπτωσιν
1479 2108 1753 2173 ἐκλαϐεῖν,
1794 2110 1889 2162 καὶ

320 2200 493 2264 οῦτως
523 2201 586 2253 τὸ
614 2199 904 2277 ἀκόλουθον
931 2199 1358 2269 φυλαχθήσεται,
1406 2200 1530 2253 καθ’
1577 2199 1887 2272 ὑπερϐατὸν

320 2293 423 2364 τὴν
453 2293 702 2357 σύνταξιν
735 2291 1094 2362 ποιουμένων,
1132 2283 1181 2359 ᾧ
1230 2290 1325 2346 καὶ
1373 2291 1606 2360 μάλιστα
1648 2292 1887 2362 σχήματι

320 2386 568 2455 φαίνεται
616 2385 955 2459 κεχρημένος
1001 2385 1030 2437 ὁ
1080 2383 1230 2446 θεῖος
1278 2382 1531 2449 Παῦλος,
1575 2377 1689 2437 οἷον
1724 2382 1813 2437 ἵνα

323 2478 755 2547 συντεταγμένον
784 2477 844 2530 τὸ
868 2477 1029 2548 ῥητὸν
1048 2474 1245 2539 οὕτως.
1276 2476 1396 2529 ’Ὶνα
1429 2477 1488 2529 ἐν
1514 2476 1703 2547 ἀγάπῃ
1733 2476 1884 2547 spei.

320 2570 559 2639 ζωμένοι
608 2571 701 2624 καὶ
758 2567 1234 2639 τεθεμελιωμένοι,
1276 2567 1600 2637 ἐξισχύσητε
1646 2567 1885 2622 καταλα-

319 2664 514 2718 ϐέσθαι
539 2664 636 2717 σῦν
667 2664 799 2717 πᾶσι
819 2664 928 2724 τοῖς
957 2659 1155 2729 ἁγίοις,
1173 2660 1226 2713 τί
1250 2658 1312 2714 τὸ
1329 2658 1528 2722 πλάτος
1557 2660 1650 2714 καὶ
1681 2661 1879 2729 μῆκος,

317 2758 412 2811 καὶ
441 2755 591 2824 ἑξῆς.

1997 1927 2101 1982 hoc
2144 1928 2464 1997 recipiatur,
2505 1943 2660 1984 more
2692 1931 2894 1986 veteris
2948 1930 3314 1987 ordinationis
3344 1932 3561 1995 litterae.

1990 2033 2123 2073 usus
2150 2027 2236 2074 est
2263 2019 2427 2075 divus
2453 2019 2658 2076 Paulus
2703 2022 3033 2091 participiali
3094 2022 3432 2079 nominativo
3464 2039 3564 2093 pro

1998 2112 2337 2167 accusativo.
2364 2111 2645 2183 Frequens
2677 2121 2762 2169 est
2789 2122 2970 2169 autem
3025 2125 3079 2170 et
3108 2115 3252 2185 apud
3303 2124 3563 2172 externos

1996 2204 2294 2272 scriptores
2323 2192 2647 2273 huiusmodi
2672 2206 2921 2269 schema,
2975 2215 3028 2261 et
3075 2207 3380 2276 praesertim
3412 2208 3561 2278 apud

1997 2293 2391 2365 Thucydidem.
2420 2293 2575 2360 Quod
2607 2294 2653 2350 si
2682 2289 2846 2350 etiam
2872 2304 3124 2366 oporteat
3152 2298 3555 2353 nominativum

1993 2385 2059 2439 ad
2092 2384 2492 2439 nominativum
2537 2385 2789 2456 accipere
2819 2394 2873 2441 et
2919 2402 3031 2442 non
3085 2402 3183 2457 per
3218 2390 3562 2457 antiptosim,

1992 2474 2096 2530 hoc
2118 2490 2337 2545 quoque
2353 2475 2516 2530 modo
2527 2477 2843 2532 consecutio
2860 2477 3249 2543 servabitur,'si
3269 2479 3563 2536 reddamus

1988 2569 2182 2624 litterae
2203 2568 2452 2623 ordinem
2501 2584 2599 2639 per
2651 2569 2988 2641 hyperbaton
3017 2586 3032 2624 :
3060 2586 3168 2641 quo
3206 2573 3375 2627 etaim
3404 2571 3565 2629 sche-

1994 2672 2141 2719 male
2172 2661 2411 2717 maxime
2446 2677 2580 2719 usus
2605 2661 2775 2718 fuisse
2796 2662 3223 2732 deprehenditur
3243 2665 3402 2721 divus
3424 2665 3567 2720 Pau-

1988 2748 2111 2804 lus:
2145 2758 2270 2820 puta
2298 2757 2360 2804 ut
2389 2752 2490 2805 hoc
2513 2749 2675 2805 modo
2697 2752 3012 2806 ordinatum
3041 2752 3115 2808 sit
3131 2752 3375 2808 dictum:
3410 2751 3483 2808 Ut
3506 2753 3564 2809 in

315 2848 587 2903 charitate
621 2849 757 2902 lixas
826 2846 1097 2903 habentes
1134 2848 1348 2904 radices
1394 2847 1717 2918 jactumque
1770 2844 2208 2909 fundamentum,
2252 2843 2479 2898 valeatis
2517 2843 2734 2913 assequi
2762 2858 2885 2898 cum
2920 2844 3177 2900 omnibus
3211 2845 3417 2903 sanctis
3444 2860 3565 2917 quae

315 2944 386 2995 sit
417 2941 668 3005 latitudo,
696 2950 805 2996 etc.

298 3060 301 3061 ν
388 3036 520 3090 Ἵνα
542 3035 908 3105 ἐξισχύσητε
935 3037 1377 3092 καταλαϐέσθαι
1422 3036 1548 3092 σὺν
1569 3035 1722 3092 πᾶσι
1754 3035 1880 3101 τοῖς

2061 3030 2153 3097 lll,
2188 3030 2373 3085 {8-21.
2414 3030 2481 3085 Ut
2506 3031 2726 3086 valeatis
2759 3033 2971 3100 assequi
2993 3049 3111 3086 cum
3130 3034 3370 3090 omnibus
3433 3051 3564 3089 san-

320 3127 533 3195 ἀγιοις,
576 3127 672 3181 καί
702 3129 760 3181 τί
787 3129 853 3181 τὸ
883 3128 1136 3194 πλάτος,
1168 3129 1265 3183 καὶ
1282 3129 1501 3198 μῆκος,
1543 3128 1643 3183 καὶ
1670 3128 1882 3194 βάθος,

1995 3124 2092 3178 etis
2121 3137 2236 3193 qua:
2262 3123 2332 3177 sit
2367 3123 2618 3189 latitudo,
2653 3135 2702 3177 et
2736 3124 3036 3194 longitudo;
3065 3135 3115 3179 et
3137 3124 3479 3193 profunditas
3509 3134 3562 3181 et

316 3220 418 3272 καὶ
456 3220 633 3289 ὕψος,
684 3221 911 3288 γνῶναι
946 3237 1011 3274 τε
1060 3220 1176 3289 τὴν
1220 3220 1733 3289 ὑπερϐάλλουσαν
1778 3220 1891 3289 τῆς

316 3310 591 3381 γνώσεως
637 3310 880 3379 ἀγάπην
923 3314 1033 3366 τοῦ
1084 3313 1365 3381 Χριστοῦ,
1406 3314 1508 3367 ἵνα
1535 3310 1890 3383 πληρωθῆτε

313 3405 406 3468 εἰς
425 3401 549 3456 πᾶν
576 3402 640 3455 τὸ
671 3402 964 3472 πλήρωμα
1002 3403 1109 3457 τοῦ
1141 3403 1312 3458 Θεοῦ.
1356 3403 1441 3469 Τῷ
1472 3404 1541 3457 δὲ
1571 3404 1890 3473 δυναμένῳ

312 3492 468 3561 ὑπὲρ
497 3492 693 3546 πάντα
725 3492 975 3561 ποιῆσαι
1015 3493 1535 3562 ὑπερεκπερισσοῦ
1565 3488 1654 3548 ὧν
1683 3494 1888 3549 σιτού-

310 3589 466 3657 μεθα
491 3584 533 3655 ἢ
551 3586 833 3653 νοοῦμεν,
863 3586 1015 3638 κατὰ
1037 3585 1153 3651 τὴν
1173 3585 1433 3655 δύναμιν
1458 3585 1575 3653 τὴν
1601 3587 1883 3656 ἐνεργου-

308 3679 505 3749 μένην
539 3679 610 3732 ἐν
637 3677 802 3747 ἡμῖν,
822 3676 983 3743 αὐτῷ
1005 3679 1044 3745 ἠ
1071 3677 1222 3742 δόξα
1254 3678 1323 3733 ἐν
1353 3678 1430 3747 τῇ
1460 3679 1789 3745 Ἐκκλησία
1811 3679 1884 3733 ἐν

312 3770 545 3839 Χριστῷ
584 3770 803 3838 Ἰησοῦ,
828 3773 915 3837 είς
938 3770 1139 3837 πάσας
1159 3771 1266 3837 τὰς
1288 3772 1498 3842 γενεὰς
1529 3770 1636 3824 τοῦ
1674 3769 1888 3836 αἰῶνος

310 3859 435 3915 τῶν
457 3858 713 3916 αιώνων.
746 3858 955 3929 ’Δμήν.

386 3952 572 4005 Ταῦτα
604 3951 662 4004 δὲ
698 3951 827 4022 ὑμῖν
856 3951 1185 4021 ἐπεύχομαι,
1217 3952 1405 4021 φησὶν,
1441 3951 1528 4005 ἵνα
1560 3951 1886 4024 ἐξισχύσητε

312 4040 744 4095 καταλαϐέσθαι.
781 4039 957 4095 Πολὺν
981 4040 1037 4093 δέ
1082 4040 1254 4104 ἔδειξε
1285 4041 1378 4094 τὸν
1423 4042 1691 4112 κάματον,
1724 4044 1800 4112 τῷ
1827 4061 1886 4096 τε

312 4129 618 4199 ἐξισχῦσαι,
680 4131 776 4184 καὶ
817 4129 897 4201 τῷ
956 4129 1361 4185 καταλαὸέσθαι
1408 4131 1607 4186 εἰπεῖν.
1669 4151 1688 4185 t
1724 4133 1789 4187 Τί
1827 4133 1887 4187 τὸ

310 4219 517 4284 πλάτος
565 4219 661 4272 καὶ
709 4219 902 4289 μῆκος.
930 4237 951 4271 ι
1005 4220 1349 4289 Σωματικοίς
1402 4220 1710 4289 ὑπογράφει
1758 4224 1888 4292 σχή-

314 4325 453 4379 μασι
475 4308 537 4361 τδ
558 4306 653 4362 τοῦ
678 4308 982 4379 μυστηρίου
1015 4308 1249 4378 μέγεθος
1279 4309 1374 4362 τοῦ
1405 4309 1549 4381 ὑπὲρ
1581 4309 1689 4363 τῶν
1710 4310 1881 4365 ἐθνῶν

308 4398 784 4469 οἰκονομηθέντος.
807 4427 879 4438 -
1131 4400 1291 4463 Τίνος
1326 4401 1529 4464 πλάτος
1576 4401 1669 4454 καὶ
1700 4401 1882 4471 μῆκος

1994 3214 2334 3269 sublimitas:
2386 3223 2435 3267 et
2494 3230 2802 3285 cognoscere
2853 3216 3186 3271 excellentem
3244 3217 3561 3287 cognitionis

1998 3304 2312 3359 charitatem
2343 3304 2565 3372 Christi,
2597 3315 2654 3359 ut
2680 3307 3008 3375 impleamini
3069 3309 3125 3361 in
3160 3324 3366 3361 omnem
3385 3308 3561 3377 pleni-

1995 3400 2229 3453 tudinem
2259 3397 2379 3452 Dei.
2410 3398 2479 3451 Εἰ
2505 3414 2625 3453 vero
2652 3399 2744 3468 qui
2776 3407 2941 3466 potest
2972 3399 3239 3453 cumulate
3267 3398 3441 3468 facere
3467 3415 3563 3454 stt-

1996 3508 2089 3560 per
2134 3491 2311 3544 omnia
2367 3506 2482 3559 qua:
2513 3490 2736 3560 petimus
2769 3500 2862 3544 aut
2920 3492 3232 3562 cogitamus,
3264 3491 3425 3560 juxta
3458 3491 3560 3546 uim

1989 3594 2227 3653 agentem
2255 3584 2309 3639 in
2367 3583 2539 3648 nobis,
2582 3584 2685 3653 ipsi
2740 3583 2812 3637 sit
2863 3584 3035 3652 gloria
3082 3584 3141 3637 in
3191 3581 3444 3641 Ecclesia
3503 3582 3560 3637 in

1992 3674 2207 3729 Christo
2249 3674 2383 3731 Jesu
2420 3675 2476 3731 in
2531 3691 2710 3731 omnes
2755 3683 2941 3731 artam
2987 3674 3174 3730 surculi
3218 3677 3557 3731 seculorum.

1990 3767 2177 3824 Amen.

2062 3947 2188 4003 Haec
2233 3957 2416 4002 autem
2476 3947 2660 4012 vobis,
2715 3947 2919 4017 inquit,
2975 3960 3173 4016 precor
3226 3955 3285 3998 ut
3334 3943 3563 4000 valeatis

1994 4039 2240 4107 assequi.
2273 4037 2500 4092 Multum
2530 4044 2712 4093 autem
2744 4037 2983 4092 laborem
3015 4035 3256 4091 ostendit
3313 4049 3409 4103 per
3458 4033 3562 4090 hoc

1987 4131 2133 4200 quod
2157 4131 2257 4198 ait,
2306 4129 2378 4186 Ut
2408 4130 2638 4186 valeatis
2668 4135 2725 4184 et
2757 4128 3013 4198 Assequi.
3049 4145 3071 4180 ι
3106 4126 3238 4194 Quae
3270 4127 3341 4181 sit
3370 4126 3561 4181 latitu-

2001 4224 2071 4277 do
2126 4229 2182 4276 et
2238 4220 2543 4292 longitudo.
2585 4239 2606 4274 ι
2639 4220 3028 4290 Corporalibus
3081 4218 3313 4274 deliniat
3370 4217 3562 4287 ﬁguris

1999 4312 2246 4384 mysterii
2279 4311 2705 4382 magnitudinem
2732 4311 2876 4380 quod
2909 4324 3006 4380 pro
3046 4309 3302 4380 gentibus
3333 4307 3559 4379 dispen-

1986 4405 2199 4459 satione
2253 4404 2488 4473 quadam
2544 4402 2749 4459 factum
2794 4409 2900 4456 est.
2928 4399 3323 4468 -Cujusnam
3345 4406 3431 4452 est
3458 4397 3555 4451 illa

308 4491 409 4544 καὶ
453 4490 614 4560 βάθος
662 4492 756 4546 καὶ
785 4489 953 4561 ὕψοςς
998 4492 1032 4562 ἢ
1077 4490 1171 4545 τοῦ
1204 4492 1528 4564 μυστηρίου,
1580 4493 1667 4547 ἵνα
1758 4493 1883 4548 κατ’

1995 4494 2230 4550 latitudo
2274 4502 2331 4549 et
2356 4493 2670 4565 longitudo,
2707 4500 2762 4549 et
2800 4491 3147 4564 profunditas
3180 4504 3246 4545 ac
3307 4488 3560 4545 sublimi-

308 4581 549 4652 ἔλλειψιν
589 4583 898 4654 εἰρημένον.
931 4585 1003 4637 Ἢ
1044 4584 1138 4637 καὶ
1184 4586 1353 4656 χωρὶς
1398 4585 1710 4656 ἐλλείψεως,
1760 4588 1883 4640 καθ’

309 4677 622 4747 ὑπερϐατὸν
645 4678 728 4744 δὲ,
754 4678 845 4732 ἶνα
885 4679 1229 4750 ἐξισχύσητε,
1269 4681 1424 4750 φησὶ,
1460 4682 1884 4749 καταλαϐέσθαι,

306 4766 366 4821 τί
392 4767 458 4821 τὸ
482 4766 684 4830 πλάτος
730 4769 826 4822 καὶ
885 4767 1063 4838 μῆκος
1121 4770 1217 4823 καὶ
1265 4769 1429 4841 βάθος
1477 4773 1568 4825 καὶ
1622 4770 1757 4839 ὕψος
1786 4773 1886 4840 τῆς

306 4857 568 4927 γνώσεως
592 4858 686 4913 τοῦ
711 4859 976 4931 Χριστοῦ,
999 4859 1203 4928 γνῶναί
1220 4877 1281 4914 τε
1313 4861 1414 4931 τὴν
1435 4861 1880 4932 ὑπερϐάλλουσαι

307 4950 393 5013 εις
425 4951 577 5020 ἡμᾶς
603 4950 828 5021 ἀγάπην
855 4950 1046 5005 αὑτοῦ.
1077 4952 1236 5004 Ἐστι
1275 4951 1332 5004 δὲ
1376 4952 1579 5019 γνῶσις
1624 4952 1722 5022 μὲν
1744 4954 1881 5024 Χρι-

308 5042 466 5107 στοῦ,
487 5042 522 5113 ἡ
551 5044 651 5111 τῆς
679 5043 806 5111 περὶ
838 5044 986 5112 ἡμᾶς
1015 5041 1179 5097 αὐτοῦ
1205 5042 1518 5110 οῑκονομίας
1548 5043 1876 5113 φανέρωσις.

307 5134 520 5196 Γνῶσις
548 5133 605 5186 δέ
630 5135 747 5186 ἐστι
771 5132 1032 5203 Χριστοῦ,
1056 5135 1139 5187 ὅτι
1164 5150 1226 5187 τε
1249 5133 1350 5201 τὴν
1372 5133 1573 5203 πρᾶξιν
1591 5134 1762 5201 αὐτὴν
1783 5134 1882 5203 τὴν

309 5220 793 5291 ὑπερθαύμαστον,
846 5221 1009 5284 αὐτὸς
1057 5222 1153 5276 καὶ⁹
1196 5222 1298 5275 οὐκ
1345 5221 1504 5285 ἄλλος
1550 5222 1691 5292 ὑπὲρ
1726 5221 1882 5292 ἡμῶν

309 5313 630 5381 εἰργάσατο,
657 5310 752 5366 καὶ
777 5314 860 5365 ὅτι
884 5310 1049 5374 αὐτός
1079 5313 1232 5365 ἐστιν
1254 5313 1392 5381 ἡμῖν
1416 5313 1652 5382 χορηγὸς
1676 5312 1881 5383 ταύτης

305 5404 412 5471 τῆς
446 5400 724 5469 γνώσεως,
762 5401 858 5453 καὶ
888 5401 970 5453 ὅτι
997 5400 1066 5451 δι’
1102 5398 1271 5467 αὐτῆς
1303 5399 1536 5469 μάλιστα
1564 5398 1882 5467 ἐπέγνωμεν

310 5492 408 5544 τὸν
441 5491 705 5561 Χριστόν.
743 5490 907 5545 ’Δλλὰ
932 5490 1132 5559 γνῶσις
1167 5490 1267 5560 μὲν
1299 5490 1541 5559 Χριστοῦ
1568 5489 1728 5558 αῦτη.
1758 5490 1882 5560 Μῆ-

310 5598 411 5646 κος
442 5582 499 5635 δέ
524 5584 671 5641 ἐστιν
700 5581 893 5652 αὐτῆς,
923 5583 984 5634 τδ
1019 5582 1129 5634 άπὸ
1166 5580 1275 5633 τῶν
1300 5579 1514 5633 αἰώνων
1546 5580 1718 5651 αὐτὴν
1747 5597 1882 5650 προ-

308 5672 566 5742 ωρίσθαιρ
599 5674 807 5737 Πλάτος
834 5673 914 5740 δὲ,
940 5673 1023 5727 ὅτι
1045 5672 1127 5735 εἰς
1156 5672 1366 5736 πάντας
1396 5672 1570 5741 αὐτῆς
1596 5674 1630 5742 ἡ
1659 5674 1883 5744 εὐεργε-

313 5765 405 5825 σειι
440 5763 795 5835 ἐξαπλοῦται,
836 5766 916 5830 είς
975 5764 1100 5830 τοὺς
1147 5765 1254 5839 πρὸ
1286 5765 1479 5838 νόμου,
1515 5766 1599 5829 είς,
1640 5765 1768 5830 τοὺς
1821 5767 1880 5828 ἐν

1991 4585 2125 4638 tas?
2174 4592 2268 4640 aut
2319 4584 2590 4656 mysterii,
2643 4593 2704 4639 ut
2747 4584 2953 4639 dictum
2999 4583 3072 4638 sit
3105 4597 3201 4653 per
3233 4580 3506 4637 defectum
3535 4599 3554 4637 :

1987 4685 2083 4730 aut
2111 4676 2278 4731 etiam
2313 4677 2437 4733 sine
2500 4674 2737 4742 defectu,
2769 4674 2864 4731 sed
2891 4689 2986 4745 per
3042 4673 3384 4744 hyperbaton
3431 4689 3447 4727 :
3481 4672 3555 4729 Ut

1985 4766 2240 4831 valeatis,
2276 4765 2477 4836 inquit,
2513 4765 2736 4834 assequi
2765 4779 2888 4835 qua
2914 4766 2989 4819 sit
3014 4764 3248 4819 latitudo
3279 4778 3344 4819 ac
3372 4763 3552 4836 longi-

1994 4856 2152 4922 tudo,
2183 4822 2239 4911 et
2294 4822 2606 4911 su'blimitas
2660 4822 2737 4910 lac
2782 4822 3165 4924 .profunditas
3219 4822 3552 4925 eognﬁionis

1987 4946 2217 5013 Christi,
2239 4959 2294 5002 et
2319 4961 2651 5018 cognoscere
2681 4947 3039 5002 excellentem
3060 4961 3192 5017 erga
3221 4961 3331 5002 nos
3361 4946 3556 5002 chari-

1990 5040 2375 5109 tatemipsius.
2410 5038 2508 5095 Est
2552 5047 2732 5094 autem
2768 5038 2975 5095 Christi
3011 5040 3252 5110 cognitio
3313 5037 3549 5095 manil'e-

1989 5129 2154 5185 statio
2175 5127 2600 5199 dispensationis
2624 5129 2796 5197 ipsius
2820 5128 2965 5184 circa
2994 5143 3131 5184 nos:
3157 5130 3395 5184 charitas
3420 5142 3550 5183 vero

1995 5219 2202 5275 Christi
2237 5220 2386 5289 quod
2415 5219 2549 5274 illud
2577 5220 2758 5291 ipsum
2789 5219 3173 5275 admirandum
3231 5234 3396 5290 opus,
3437 5219 3555 5287 ipse

1991 5320 2047 5365 et
2080 5324 2192 5381 non
2254 5309 2395 5365 alius
2459 5325 2559 5380 pro
2593 5310 2752 5366 nobis
2805 5318 3068 5380 operatus
3100 5311 3206 5365 sit:
3271 5307 3551 5378 quodque,

1991 5401 2110 5469 ipse
2137 5402 2246 5455 dux
2272 5400 2344 5455 sit
2386 5398 2455 5454 ad
2511 5400 2655 5455 hanc
2710 5400 3100 5472 cognitionem,
3155 5405 3210 5452 et
3264 5395 3409 5464 quod
3454 5410 3554 5465 per

1991 5495 2168 5563 ipsam
2223 5492 2570 5564 potissimum
2622 5492 3040 5562 cognoverimus
3098 5487 3400 5544 Christum.
3443 5486 3551 5542 Sed

1990 5584 2105 5639 hac
2127 5583 2346 5655 quidem
2376 5585 2616 5656 cognitio
2639 5583 2845 5639 Christi
2907 5590 3011 5645 est,
3047 5580 3154 5650 30
3210 5578 3331 5647 ejus
3370 5583 3552 5633 autem

1996 5675 2285 5747 longitudo
2310 5683 2396 5733 est
2426 5677 2603 5747 ipsam
2634 5683 2764 5729 ante
2793 5672 2997 5730 secula
3021 5670 3298 5725 deﬁnitam
3334 5668 3505 5723 fuisse
3538 5684 3554 5724 τ

1992 5767 2226 5831 latitudo
2255 5783 2407 5836 vero,
2444 5766 2592 5839 quod
2635 5766 2701 5820 ad
2731 5764 3015 5820 universos
3048 5760 3167 5832 ejus
3195 5759 3552 5817 beneficentia
