3956 6574
445 412 457 423 .
521 364 653 430 1211
1572 369 1969 431 (ECUMENII
1998 367 2287 429 TRICCE
2315 368 2652 428 EPISCOPI
3576 375 3677 445 1212

513 478 887 534 extendatur:
927 475 993 533 ad
1048 493 1143 533 eos
1176 479 1267 549 qui
1304 477 1525 535 fuerunt
1587 489 1715 535 ante
1771 481 1972 552 legem,
2013 482 2069 535 in

2118 480 2156 540 Α
2183 480 2334 550 νόμῳ
2356 482 2455 535 καὶ
2483 482 2621 553 μετά
2649 481 2740 534 τὸν
2764 480 2947 552 νόμον,
2979 482 3060 545 είς
3093 485 3219 548 τοὺς
3248 483 3468 554 ζῶντας,
3495 493 3565 556 εἰς
3583 498 3680 561 «δοὺς

517 568 636 638 lege
662 575 717 621 et
751 574 875 637 post
906 569 1102 639 legem,
1147 569 1212 622 ad
1270 569 1422 623 vivos
1448 578 1502 624 et
1555 577 1823 633 mortuos,
1882 568 1948 623 ad
1990 566 2079 622 Ju-

2190 572 2666 644 τετελευτηκότας,
2693 575 2774 637 εἰς
2803 575 2930 637 τοὺς
2970 574 3276 643 Ἰουδαίους,
3311 580 3389 642 εἰς
3410 582 3684 658 τοὺςἜλλη.

516 659 688 726 dans,
715 660 933 716 Gnaeos
953 670 1002 716 et
1022 661 1314 726 Barbaros,
1345 662 1411 716 ad
1434 676 1625 716 omnes
1643 671 1854 732 gentes.
1881 663 1947 716 ad
1976 675 2078 717 ca!-

2191 680 2311 730 νας,
2346 666 2430 729 εἰς
2460 666 2587 727 τοὺς
2616 665 2965 737 Βαρϐἀρους,
2993 669 3075 731 εἰς
3099 668 3275 722 πάντα
3305 670 3370 724 τὰ
3392 670 3525 743 εθνη,
3551 678 3617 741 εἰς
3637 681 3685 732 τὰ

521 753 679 807 lestia
711 768 775 808 ac
804 762 1022 808 terrena
1051 769 1280 824 ;pacem
1313 769 1548 824 namque
1600 754 1745 809 inter
1778 756 1927 821 ipsos
1958 769 2083 825 ope-

2191 756 2439 825 οὑράνια,
2469 755 2550 819 εἰς
2587 755 2657 809 τὰ
2692 756 2932 826 επίγεια.
2968 758 3210 829 Εἰρήνην
3240 758 3349 831 γὰρ
3375 762 3627 832 εἰργάσατο
3645 770 3686 822 ἐν

517 855 672 901 ratus
706 855 788 900 est
808 845 1082 910 Christus,
1104 862 1227 901 cum
1290 847 1524 916 primum
1584 846 1920 902 dissidereut
1950 848 2079 902 intet

2191 849 2377 911 αὑτοῖς
2409 849 2439 903 ό
2464 848 2721 917 Χριστὸς,
2742 849 3009 921 πρότερον
3039 849 3559 923 ικπεπολεμωμένοις
3575 857 3687 914 οὖσιν

526 953 586 993 se
617 948 806 992 mutuo
839 940 1015 1009 angeli
1039 948 1090 994 et
1122 939 1390 995 humines.
1421 938 1684 994 Precatur
1711 954 1841 1011 ergo
1869 940 2007 1010 ipsis
2033 949 2088 994 ut

2191 942 2271 1002 εἰς
2296 938 2558 1011 ἀλλήλους
2586 943 2697 1003 τοίς
2727 940 2981 1009 ἀγγέλοις
3009 942 3102 994 καὶ
3142 946 3255 1005 τοῖς
3293 944 3585 1015 ἀνθρώποις,
3613 951 3687 1004 εὖ.

524 1030 639 1083 haec
669 1040 1038 1101 assequamur
1067 1051 1079 1085 :
1107 1041 1160 1087 et
1197 1047 1306 1087 uou
1337 1034 1452 1087 haec
1486 1040 1717 1098 tantum,
1753 1031 1848 1087 sed
1880 1040 1935 1086 et
1963 1044 2086 1101 pro-

2190 1046 2348 1100 χεται
2377 1026 2473 1083 οὖν
2503 1031 2686 1094 αὐτοῖς
2708 1030 2884 1086 ταῦτα
2911 1032 3337 1100 καταλαϐέσθαι,
3361 1038 3451 1090 καὶ
3473 1040 3528 1091 οὑ
3553 1042 3683 1096 ταῦτα

519 1121 847 1176 [nuditatem
882 1123 1003 1191 ejus
1043 1138 1108 1177 ac
1146 1125 1539 1179 sublimitatem
1571 1144 1584 1178 :
1611 1124 1877 1194 quoniam
1916 1139 2081 1193 usque

2195 1123 2380 1192 μόνον,
2411 1122 2548 1177 ἀλλά
2581 1124 2675 1176 καὶ
2702 1123 2764 1177 τὸ
2792 1123 2955 1194 βάθος
3003 1125 3173 1196 αὑτῆς
3230 1129 3324 1181 καὶ
3369 1127 3427 1181 τὸ
3467 1129 3595 1198 ὑψος,
3625 1134 3685 1186 ὅτι

521 1215 586 1267 ad
621 1216 819 1269 inferni
863 1218 1161 1285 penetralia
1191 1216 1523 1272 ineffabilem
1553 1233 1708 1272 suam
1775 1218 2078 1287 potentiam

2195 1215 2359 1285 μέχρι
2412 1214 2520 1268 τῶν
2552 1213 2645 1269 τοῦ
2678 1214 2804 1286 ᾅδου
2834 1217 3098 1287 ταμιείων
3127 1216 3226 1289 τὴν
3256 1218 3453 1287 ἄφατον
3465 1222 3687 1277 αὑτοῦδὺ-

522 1313 577 1358 et
617 1305 1032 1359 beneﬁcentiam
1061 1307 1331 1368 exhibuit,
1371 1306 1465 1359 illo
1489 1306 1710 1374 quidem
1762 1315 1991 1359 evocato
2029 1312 2084 1358 et

2192 1321 2361 1377 ναμιν
2390 1307 2486 1361 καὶ
2532 1308 2856 1377 εὐεργεσίαν
2880 1309 3213 1376 mtuam,
3249 1299 3447 1366 ἐκεῖνον
3480 1312 3564 1382 μὲν
3593 1332 3689 1370 κατ-

524 1398 827 1464 captivitati
865 1398 1178 1467 subjugato,
1220 1399 1456 1467 captivis
1493 1408 1669 1453 autem
1702 1397 1998 1467 redemptis
2028 1413 2086 1453 ac

2193 1398 2440 1467 αργήσα,
2497 1401 2592 1451 καὶ
2641 1398 3072 1469 αἰχμαλωτίσας,
3119 1402 3249 1465 τοὺς
3278 1401 3336 1455 δὲ
3375 1404 3687 1473 αἰχμαλώτους

525 1489 763 1541 libertati
830 1491 1115 1544 restitutis.
1182 1489 1386 1545 Deinde
1442 1490 1604 1545 etiam
1663 1490 2087 1556 sublimitatem,

2192 1487 2647 1560 ἀναρρυσάμενος
2680 1490 2776 1544 καὶ
2803 1489 3197 1561 ἐλευθερώσας.
3234 1487 3364 1546 Εῐτα
3390 1495 3475 1546 καὶ
3493 1498 3544 1547 τὸ
3572 1494 3685 1566 iam,

523 1581 785 1649 quoniam
817 1582 862 1635 is
892 1583 982 1649 qui
1015 1581 1301 1636 descendit
1339 1583 1457 1652 ipse
1486 1591 1568 1636 est
1594 1591 1645 1635 et
1678 1582 1772 1651 qui
1799 1583 2085 1639 ascendit:

2191 1578 2274 1631 δτι
2300 1582 2327 1631 ό
2352 1577 2598 1642 καταϐὰς
2620 1580 2780 1643 αὑτός
2809 1581 2927 1634 ἐστι
2955 1584 3049 1634 καὶ
3076 1583 3104 1634 ό
3134 1582 3366 1647 ἀναϐὰς,
3390 1584 3466 1637 ὅτι
3489 1585 3688 1655 ὑπεράνω

522 1676 784 1741 quoniam
815 1686 982 1742 super
1027 1672 1195 1728 tmlos
1231 1674 1488 1727 subduxit
1540 1673 1811 1743 primitias
1848 1682 2084 1741 nostras,

2191 1667 2303 1721 τῶν
2328 1667 2577 1740 οὐρανῶν
2601 1670 2851 1740 ἀνήγαγε
2877 1670 2982 1741 τὴν
3012 1671 3271 1743 ἀπαρχήν
3301 1673 3549 1743 ήμῶν,δτι
3572 1676 3690 1747 ὑπερ·

523 1765 783 1833 qnoniam
820 1779 984 1834 super
1015 1775 1230 1819 omnem
1263 1766 1621 1834 principatum
1646 1780 1710 1819 ac
1743 1775 2067 1835 potestatem

2192 1758 2306 1813 άνω
2348 1758 2529 1830 πάσης
2574 1761 2750 1831 ἀρχῆς
2794 1763 2890 1816 καὶ
2918 1762 3166 1828 ἔξουσίας
3199 1767 3296 1818 καὶ
3344 1764 3593 1837 δυνάμεως
3620 1770 3690 1823 καὶ

523 1868 578 1911 et
644 1857 899 1911 virtutem
957 1871 1021 1909 ac
1069 1855 1525 1910 dominationem.
1562 1858 1727 1913 Vides
1758 1859 2085 1914 ineﬂ‘abilem

2129 1839 2166 1895 Β
2195 1851 2537 1921 κυριότητος.
2602 1853 2766 1925 Ὁρᾷς
2833 1853 2970 1925 ὕψος
3035 1857 3245 1924 ἄφατον
3297 1860 3395 1928 τῆς
3443 1860 3691 1931 οἰκονομίας

525 1948 918 2001 sublimitatem
945 1947 1377 2017 dispensationis
1398 1947 1603 2003 Christi
1646 1957 1701 2004 et
1757 1950 2087 2019 cognitionis

2191 1941 2433 2011 Χριστοῦ
2478 1943 2574 1996 καὶ
2613 1944 2714 2014 τῆς
2744 1943 3002 2014 γνώσεως
3026 1946 3222 2001 αὑτοῦ.
3258 1946 3438 2002 Ταῦτα
3462 1950 3690 2019 ἐπεύχεται

527 2037 721 2105 ipsius.
749 2037 874 2091 llaec
900 2047 1159 2108 precatur
1183 2040 1266 2095 eis
1289 2038 1494 2095 Paulus
1530 2049 1586 2094 ttt
1616 2042 1921 2113 intelligant
1950 2043 2088 2111 haec,

2190 2033 2377 2098 αὐτοῖς
2418 2036 2447 2088 ό
2491 2035 2707 2101 Παῦλος
2736 2038 3092 2109 κατανοῆσαι,
3128 2039 3307 2094 ταῦτα
3335 2041 3688 2097 καταλαϐέσθαι.

523 2136 578 2182 et
608 2138 992 2199 assequamur.
1017 2130 1172 2197 Quod
1206 2133 1251 2185 si
1286 2133 1670 2213 ltmc_assecuti
1691 2133 1911 2198 fuerint,
1931 2135 2085 2205 quid-

2192 2127 2290 2181 ’Δν
2317 2126 2373 2180 δδ
2404 2127 2581 2183 ταῦτα
2608 2130 3046 2196 καταλάϐωνται,
3077 2132 3131 2185 τί
3147 2149 3165 2200 ;
3187 2133 3323 2186 Τότε
3344 2133 3691 2205 γνὼσονταιτήν

520 2237 644 2274 nam
674 2223 780 2276 erit
805 2223 829 2276 ’ί
858 2221 1014 2278 Tunc
1047 2231 1382 2293 cognoscent
1412 2227 1769 2282 excellentem
1810 2227 1931 2297 ejus
1960 2243 2082 2299 erga

2190 2218 2272 2281 εις
2322 2220 2475 2299 una;
2529 2220 2977 2293 ὑπερϐάλλουσαν
3049 2225 3277 2293 ἀγάπην
3317 2223 3491 2279 αὑτοῦ.
3535 2226 3614 2278 ’Δν
3650 2224 3690 2279 ιι

522 2328 624 2367 nos
656 2314 1006 2370 charitatem.
1038 2316 1102 2369 Et
1129 2316 1259 2386 quid
1292 2317 1337 2371 si
1394 2318 1535 2373 hanc
1563 2294 1921 2374 noverimus?
1949 2294 2084 2387 Quis

2189 2310 2430 2383 γνῶμεν,
2444 2294 2552 2380 ’τίς
2587 2311 2690 2378 Τίς
2716 2315 2934 2385 ἀντερεῖ
2962 2315 3023 2369 τὸ
3047 2318 3121 2386 μή
3152 2316 3280 2387 οὑχὶ
3319 2316 3568 2385 χρεώστας
3587 2313 3687 2370 εἰναι

520 2408 855 2462 οοιιιταιίἱςοι
885 2409 1017 2478 quin
1043 2409 1343 2465 debeamus
1383 2410 1599 2480 impleri
1634 2410 1687 2465 in
1721 2413 1871 2465 omni
1913 2414 2082 2483 pleni-

2193 2404 2552 2475 πληρωθῆναι
2601 2407 2660 2459 ιν
2693 2410 2858 2462 παντὶ
2904 2407 3240 2479 πληρώματι
3270 2408 3436 2474 Θεοῦς
3464 2405 3571 2463 Οἰον
3602 2410 3688 2462 ὅλον

522 2499 711 2553 tudine
730 2499 823 2553 Dei
843 2500 869 2553 ?
896 2516 1089 2568 nempe
1118 2490 1367 2555 uttotum
1400 2503 1581 2571 ipsum
1609 2505 1869 2573 operibus
1914 2505 2084 2560 susci-

2192 2495 2359 2548 αὑτὸν
2384 2496 2473 2550 διὰ
2501 2497 2612 2551 τῶν
2640 2497 2820 2569 ἔργων
2846 2500 2938 2553 τὸν
2979 2499 3155 2564 οὑτως
3200 2502 3543 2572 ἀγαπήσαντα
3564 2501 3688 2554 εἰσδέ-

521 2588 739 2657 piamus
768 2589 860 2657 qni
887 2602 984 2642 nos
1004 2590 1076 2643 ita
1113 2589 1323 2645 dilexit.
1363 2590 1465 2645 Per
1499 2593 1847 2648 latitudinem
1885 2605 2083 2661 autem,

2194 2585 2421 2656 ξασθαι;
2451 2588 2518 2642 Τί
2555 2588 2613 2643 δὲ
2656 2589 2719 2643 τὸ
2757 2590 2958 2654 πλάτος
3004 2592 3104 2663 τῆς
3146 2594 3508 2663 γεγενημένης
3539 2593 3688 2646 sittese-

519 2679 684 2735 [θρίω
734 2680 1170 2751 dispensationis
1248 2687 1683 2755 magnitudinem
1744 2688 2081 2758 signiﬁcavit,

2195 2678 2344 2749 μίας,
2367 2679 2429 2733 τὸ
2459 2680 2690 2751 μέγεθος
2712 2681 3118 2754 παρεδήλωσεν,
3170 2683 3358 2755 ἐπειδὴ
3398 2684 3551 2738 ταῦτα
3576 2682 3688 2753 μιγία

519 2772 779 2839 quouiam
811 2771 923 2825 haec
953 2780 1082 2826 sunt
1112 2774 1506 2844 magnitudinis
1535 2775 1921 2848 signiﬁcativa.
1965 2796 1986 2831 ι
2024 2777 2081 2834 ΕΙ

2193 2769 2320 2834 θους
2348 2770 2646 2841 δηλωτικὰ.
2691 2791 2711 2826 ι
2741 2775 2850 2828 Καὶ
2878 2772 3034 2845 ὕψος.
3069 2792 3089 2826 ι
3135 2768 3271 2828 Οἷον
3315 2774 3405 2828 τοῦ
3436 2774 3684 2845 μυστηρίου.

524 2861 856 2927 sublimitas,
896 2881 916 2914 ι
957 2874 1084 2933 puta
1117 2867 1383 2936 mysterii.
1422 2884 1441 2918 ι
1494 2866 1561 2921 Et
1600 2884 1952 2940 cognoscere.
1995 2888 2015 2922 ι
2044 2870 2086 2923 Α

2197 2879 2218 2915 ε
2248 2861 2459 2917 Γνῶναί
2493 2880 2578 2918 τε.
2608 2881 2627 2915 ν
2672 2865 2805 2918 Ἀπὸ
2825 2864 3007 2919 κοινοῦ
3036 2865 3119 2931 τὸ,
3153 2866 3247 2919 ῐνα
3270 2862 3579 2937 ἐξισχύσητε,
3592 2861 3684 2928 οἷον,

521 2957 796 3007 cmumuni
821 2970 986 3010 sensu
1010 2956 1327 3024 subaudito,
1352 2958 1422 3014 Ut
1449 2961 1706 3027 valeatis;
1734 2977 1799 3016 ac
1825 2964 1871 3019 si
1895 2965 2043 3018 dicat
2069 2981 2083 3019 :

2192 2953 2281 3007 ινα
2314 2955 2635 3026 ἐξισχύσητε
2659 2956 3061 3011 καταλαϐέσθαι
3082 2959 3182 3011 καὶ
3205 2959 3421 3027 γνῶναι.
3447 2957 3549 3027 Τὴν
3560 2960 3687 3025 ὑπερ-

520 3045 592 3100 Ut
622 3047 1087 3119 valeatisadipisci
1114 3058 1168 3104 et
1198 3052 1959 3120 cognoscere.«Excellentem
1991 3070 2082 3111 co-

2193 3044 2553 3101 ϐάλλουσαν
2572 3046 2679 3115 τῆς
2706 3048 3004 3117 γνώσεως.
3032 3050 3142 3103 Καὶ
3170 3051 3284 3118 ἵνα,
3307 3050 3604 3121 φησί,γνῶτε
3620 3049 3686 3119 τήν

514 3142 776 3207 gnitionis
791 3143 1134 3213 charitatem;
1148 3146 1604 3202 iautcharitatem
1621 3148 1975 3205 excedentem
1990 3163 2076 3204 co-

2125 3187 2157 3213 "
2196 3134 2645 3203 ὑπερϐάλλουσαν
2696 3139 2878 3191 πᾶσαν
2915 3138 3271 3210 ἀνθρωπίνην
3306 3140 3496 3208 γνῶσιν
3524 3140 3687 3209 ἀγάπην

516 3232 840 3301 guitionem,
887 3234 986 3306 τήν
1005 3236 1449 3308 ὑπερϐάλλουσαν
1462 3239 1558 3309 τῆς
1571 3238 1825 3307 γνώσεως
1844 3240 2084 3312 ἀγάπην.
2112 3222 2159 3253 “
2191 3224 2288 3278 τοῦ
2312 3226 2575 3296 Χριστοῦ·
2604 3227 2717 3281 Καὶ
2742 3222 2853 3281 οἷον
2884 3229 2985 3299 τῆς
3007 3228 3270 3298 γνώσεως
3300 3230 3547 3301 ὑπεράναι
3574 3230 3686 3283 ἐπι

518 3319 581 3375 Et
607 3331 665 3377 ut
696 3327 1065 3394 cognoscatis,
1094 3328 1295 3397 inquit.
1328 3330 1649 3384 charitatem
1679 3331 1887 3388 Christi
1919 3348 2080 3389 exce-

2191 3318 2292 3388 μὲν
2347 3318 2480 3390 γὰρ,
2537 3320 2725 3390 φησὶν,
2778 3320 3036 3389 ὑπεράνω
3080 3320 3360 3389 γνώσεως,
3403 3321 3527 3393 πλὴν
3571 3321 3685 3390 lipsi;

513 3412 730 3468 dentem
755 3431 971 3470 ntnnem
998 3418 1291 3474 humanam
1341 3422 1733 3491 cognitionem,
1763 3434 1816 3479 et
1855 3439 1975 3493 quae
2002 3434 2075 3480 esl

2188 3408 2487 3478 γνώσεσθε,
2521 3414 2570 3465 εἰ
2621 3412 2714 3465 τδν
2760 3413 2997 3483 Χριστὸν
3050 3414 3277 3486 σχοίητε
3308 3414 3596 3479 ἐνοικοῦντα,
3625 3413 3685 3465 is:

517 3507 684 3560 veluti
723 3523 888 3577 super
918 3510 1305 3578 cognitionem.
1366 3512 1648 3582 Siquidem
1700 3529 1868 3585 super
1897 3517 2079 3585 cogni-

2189 3506 2253 3557 ἐκ
2275 3503 2471 3558 τούτου
2497 3504 2826 3577 πληρωθῆτε
2854 3510 2936 3571 εἰς
2960 3508 3068 3561 πᾶν
3095 3508 3157 3560 τὸ
3190 3510 3454 3579 πλήρωμα
3477 3507 3553 3560 τοῦ
3570 3503 3682 3559 θεοῦ.

513 3597 719 3653 tionem
751 3608 835 3653 est
866 3599 981 3653 ait:
1019 3609 1258 3656 attamen
1291 3617 1390 3657 Vos
1422 3607 1772 3673 cognoscetis
1834 3607 1882 3660 si
1930 3608 2075 3661 Chri-

2190 3596 2472 3669 Πλήρωμα
2507 3597 2563 3652 δὲ
2599 3598 2692 3652 τοῦ
2724 3598 2859 3652 Θεοῦ
2893 3601 3061 3664 ἔστιν,
3088 3599 3123 3669 ἢ
3154 3601 3222 3654 τὸ
3250 3601 3441 3669 γνῶναι
3465 3600 3530 3662 ὡς
3551 3601 3596 3652 ἰν
3608 3599 3685 3651 Πε-

515 3699 666 3744 stum
699 3691 1096 3745 inltabitautem
1129 3694 1398 3757 habeatis,
1432 3702 1490 3747 ttt
1528 3711 1592 3748 ex
1614 3695 1715 3750 hoc
1750 3698 2077 3766 iutpleamini

2188 3691 2278 3762 τρὶ
2308 3692 2402 3744 καὶ
2437 3689 2553 3759 Υἰῷ
2582 3691 2673 3743 καὶ
2703 3689 2983 3758 Πνεύματι
3036 3690 3186 3761 ἀγὲῳ
3220 3691 3570 3762 προσκυνεῖται
3592 3687 3683 3757 ήμίν

515 3781 572 3841 in
603 3797 821 3838 omnem
853 3783 1246 3853 plenitudinem
1305 3784 1420 3841 Dei.
1472 3785 1762 3842 Plenitudo
1820 3803 1957 3845 vero
1989 3791 2077 3848 Dei

2189 3784 2218 3836 ό
2244 3782 2397 3843 Θεὸς,
2431 3780 2463 3850 ἢ
2492 3781 2579 3833 ἴνα
2608 3776 2730 3851 ἦτε,
2759 3781 2915 3851 φησί,
2950 3780 3375 3852 πεπληρωμένοι
3418 3780 3570 3848 πάσης
3593 3780 3684 3848 ἄρι-

514 3881 598 3928 est
633 3882 729 3928 aut
762 3887 929 3929 nosse
957 3872 1103 3944 quod
1139 3874 1193 3929 in
1228 3873 1388 3929 Patre
1439 3884 1491 3928 et
1532 3874 1689 3943 Filio,
1750 3894 1813 3934 ac
1873 3878 2076 3950 Spiritu

2187 3874 2306 3944 τῆς,
2332 3868 2399 3945 ἧς
2417 3873 2629 3945 πλήρης
2662 3872 2851 3935 όΘεός.
2872 3891 2891 3924 ι
2922 3872 3012 3945 Τῷ
3026 3874 3084 3928 δὲ
3108 3875 3412 3945 δυναμένῳ.
3435 3891 3453 3923 ι
3479 3870 3684 3941 Τῴδὲδυ-

513 3975 726 4031 sancto,
765 3967 1027 4022 adoretur
1051 3980 1079 4021 a
1111 3970 1271 4024 nobis
1305 3984 1448 4024 unus
1509 3969 1693 4025 Deus:
1726 3980 1821 4027 aut
1856 3981 1912 4026 ut
1939 3974 2075 4041 sitis,

2215 3967 2405 4045 ‘apéth
2438 3966 2560 4036 Θεῷ
2589 3967 2651 4019 οὑ
2684 3966 2844 4036 μόνον
2868 3965 3011 4021 καθά
3035 3967 3298 4038 λέγομεν,
3319 3967 3446 4021 ἀλλά
3463 3968 3542 4020 καὶ
3560 3966 3683 4032 ὑπερ·
3752 3992 3777 4023 λ

514 4056 715 4126 inquit,
743 4059 934 4126 repleti
964 4060 1112 4113 omni
1144 4062 1368 4127 virtute,
1401 4075 1508 4131 qua
1537 4062 1735 4132 plenus
1794 4073 1875 4119 est
1914 4063 2076 4121 Deus.

2185 4057 2518 4129 εκπερισσοῦ
2566 4061 2792 4126 ποιῆσαι
2848 4059 3050 4125 πάντα,
3100 4061 3200 4114 καὶ
3228 4061 3291 4114 οὑ
3341 4059 3487 4130 μόνον
3534 4056 3679 4114 πάντας

522 4163 544 4198 ι
580 4145 683 4213 Qui
712 4156 915 4218 potest.
959 4168 985 4202 ›
1014 4147 1126 4205 Deo
1151 4150 1244 4220 qui
1278 4159 1461 4221 potest
1491 4166 1603 4207 non
1642 4153 1819 4207 solum
1846 4153 2000 4223 juxta
2030 4155 2084 4209 id

2185 4150 2321 4204 ἀλλά
2350 4152 2446 4204 καὶ
2474 4150 2614 4221 ὑπὲρ
2640 4150 2881 4216 ἅπαντα,
2908 4152 3080 4221 αὐτῷ,
3112 4154 3306 4223 φησίν,
3342 4146 3678 4221 ήδόξα,⁹Δμήν.

513 4240 659 4310 quod
718 4241 971 4305 dicimus,
1035 4246 1393 4298 verumetiam
1463 4246 1832 4301 exuberanter
1901 4246 2075 4301 facere

2187 4239 2333 4307 Ὅρα
2353 4239 2413 4293 δὶ
2445 4239 2542 4292 δύο
2572 4238 2901 4307 ὑπερϐολάς.
2935 4240 3011 4293 Τὸ
3040 4240 3185 4309 ὑπὲρ
3211 4244 3385 4295 πάντα
3417 4239 3606 4308 ποιῆσαι
3632 4234 3679 4288 τὰ

513 4331 731 4384 Omnia:
759 4346 857 4387 nec
873 4332 1050 4387 solum
1075 4334 1277 4398 omnia,
1309 4334 1413 4405 31
1444 4337 1540 4391 sed
1590 4344 1646 4391 et
1673 4351 1840 4407 super
1863 4337 2075 4393 omnia:

2185 4333 2473 4403 εἰρημένα,
2507 4333 2600 4384 καὶ
2631 4332 3112 4404 ὑπερεκπερισσοῦ
3139 4335 3369 4403 ποιῆσαι
3394 4331 3429 4387 ἃ
3453 4329 3678 4385 ποιεΞ.Ἕνι

516 4421 652 4490 Ipsi,
714 4421 916 4491 inquit,
980 4424 1174 4493 gloria,
1215 4425 1411 4480 Amen.
1464 4426 1856 4483 Animadverte
1901 4437 2078 4483 autem

2184 4426 2294 4492 γὰρ
2326 4424 2419 4476 καὶ
2461 4423 2681 4476 πλείονα
2724 4421 2985 4478 ποιοῦντα
3027 4424 3137 4476 τῶν
3197 4425 3510 4494 αἰτηθέντων
3556 4417 3680 4486 κεφά-

512 4515 652 4569 duas
703 4514 1068 4584 hyperboles:
1126 4524 1256 4585 puta
1290 4532 1454 4586 super
1476 4520 1659 4589 omnia
1722 4520 1901 4574 facere
1962 4535 2074 4589 quae

2115 4525 2157 4581 ι)
2186 4515 2336 4578 λαια,
2370 4513 2444 4584 μή
2477 4514 2748 4576 πλουσίως
2780 4516 2914 4584 μήτε
2936 4512 3177 4583 δαψιλῶς
3226 4512 3450 4569 ικαστον
3489 4512 3677 4579 ποιῆσαι.

512 4607 659 4662 dicta
687 4616 836 4671 sunt,
874 4615 931 4662 et
960 4610 1235 4664 cumulate
1265 4624 1329 4665 ac
1361 4611 1726 4666 exuberanter
1758 4612 1940 4668 facere
1960 4628 2074 4683 qum

2188 4624 2208 4657 ι
2250 4606 2406 4658 Κατά
2437 4604 2537 4676 τὴν
2566 4604 2799 4675 δύναμιν
2842 4605 2947 4675 τὴν
3000 4606 3424 4676 ἐνεργουμένην.
3453 4624 3472 4656 ι
3508 4604 3595 4657 Καὶ
3621 4600 3676 4652 ὅτι

510 4700 657 4755 facit.
697 4699 890 4754 Posset
916 4701 1062 4753 enim
1102 4701 1264 4755 etiam
1304 4703 1463 4772 plura
1519 4706 1834 4757 summatim
1871 4705 2072 4761 faciens

2180 4695 2510 4765 ἐκπερισσοῦ
2544 4687 2619 4748 ὧν
2669 4694 2971 4763 αἰτούμεθα
3012 4696 3045 4766 ἢ
3099 4695 3331 4764 νοοῦμεν
3370 4693 3565 4755 δυνατός
3592 4691 3676 4742 ἐστι

510 4806 674 4860 quam
714 4791 879 4861 petita
913 4791 1043 4855 sint,
1078 4808 1186 4846 non
1224 4793 1439 4848 abunde
1470 4809 1533 4847 ac
1561 4796 1847 4863 splendide
1890 4797 2072 4867 singu-

2180 4788 2427 4854 ποιῆσαι,
2449 4786 2605 4857 δῆλον
2638 4788 2702 4839 ὲκ
2732 4781 2831 4856 τῆς
2856 4788 3187 4856 ἐνεργούσης
3212 4788 3271 4842 ἐν
3297 4789 3426 4857 ήμίν
3451 4784 3671 4848 δυνάμεως

511 4881 562 4933 Ia
596 4880 794 4935 lacere.
840 4899 858 4931 ι
898 4880 1062 4935 Juxta
1094 4882 1201 4935 vim
1239 4893 1511 4953 agentem.
1555 4902 1575 4935 ι
1610 4884 1673 4937 Et
1703 4884 1847 4953 quod
1874 4887 2073 4941 exube-

2178 4877 2368 4931 αὑτοῦ.
2409 4878 2506 4941 Τίς
2533 4879 2642 4947 γὰρ
2677 4878 2838 4931 τοῦτο
2876 4878 3251 4948 προσεδόκησε
3276 4878 3402 4946 περὶ
3420 4874 3516 4930 τῶν
3535 4870 3672 4926 thin.

511 4982 698 5024 rauter
728 4971 793 5024 ad
826 4986 889 5024 ea
922 4985 1042 5041 qua.-
1074 4974 1334 5040 petimus.
1377 4987 1440 5027 ac
1492 4974 1845 5044 intelligimus
1884 4983 2073 5045 potens

2177 4969 2262 5023 δτι
2283 4971 2332 5023 οἰ
2364 4969 2620 5022 τοσοῦτον
2646 4970 3040 5040 ἀπερρωγότες
3065 4968 3224 5034 Θεοῦ,
3262 4971 3321 5023 ἑν
3349 4970 3452 5030 τοῖς
3490 4963 3673 5029 υἰοθετη·

511 5063 584 5117 sit
615 5061 815 5126 facere,
854 5065 1205 5118 manifestum
1261 5075 1431 5119 estex
1487 5077 1682 5134 agente
1715 5067 1770 5120 in
1833 5067 1993 5122 nobis
2023 5068 2073 5123 vi

2179 5062 2351 5116 θείσίν
2394 5065 2565 5128 εἰσιν;
2622 5080 2642 5114 ι
2670 5061 2829 5130 Αὐτῷ
2879 5063 2912 5132 ή
2956 5062 3082 5127 δόξα
3129 5065 3189 5114 ὲν
3239 5065 3304 5133 τῇ
3359 5055 3667 5127 Ἐκκλησία.»

507 5153 707 5221 ipsius.
765 5152 900 5217 Quis
936 5156 1079 5207 enim
1119 5157 1221 5210 hoc
1253 5165 1627 5227 exspectasset
1673 5159 1741 5213 de
1799 5160 2069 5229 gentibus,

2189 5152 2407 5223 Ἐπειδὴ
2450 5154 2532 5206 δεῖ
2557 5153 2650 5206 τὸν
2697 5153 2938 5206 τοσαῦτα
2985 5153 3373 5224 δωρησάμενον
3399 5146 3667 5215 δοξάζεσθαι.

511 5244 658 5313 quod
700 5246 791 5315 qui
828 5252 1049 5307 tantum,
1073 5262 1099 5297 a
1138 5246 1247 5301 Deo
1277 5250 1493 5319 abrupti
1538 5259 1591 5304 et
1628 5251 1871 5306 distracti
1896 5260 2073 5318 erant,

2178 5246 2344 5299 Ὥστε
2374 5245 2470 5297 καὶ
2497 5246 2530 5315 ἠ
2556 5243 2840 5312 δοξολογία
2862 5246 3061 5315 δεῖγμα
3083 5246 3319 5316 ὑπάρχει
3350 5242 3437 5297 τοῦ
3469 5236 3666 5311 μεγέθους

512 5339 654 5391 inter
686 5337 977 5406 ad0ptatos
999 5339 1378 5394 invenirentur
1407 5342 1433 5396 τ
1465 5360 1484 5395 ι
1516 5342 1623 5413 Ipsi
1655 5337 1754 5399 sit'
1793 5345 1964 5413 gloria
2016 5345 2074 5400 in

2174 5343 2283 5397 τῶν
2307 5341 2676 5411 ὑπηργμένων
2704 5343 2838 5412 ἡμῖν
2867 5342 2998 5411 περί
3026 5343 3208 5395 πᾶσαν
3239 5339 3421 5393 ἐλπίδα
3447 5338 3527 5389 καί
3547 5344 3669 5401 προσ·

509 5428 779 5485 Ecclesia.
822 5449 840 5482 ι
872 5429 1325 5499 Quandoquidem
1361 5442 1577 5503 oportet
1625 5451 1747 5490 eum
1773 5436 1868 5505 qui
1923 5444 2071 5491 tanta

2174 5432 2360 5487 δοκίαν
2393 5432 2744 5502 ἀνθρωπίνην
2764 5432 3008 5500 ἀγαθῶν.
3034 5432 3229 5495 Καλῶς
3256 5432 3333 5492 δὲ,
3356 5432 3389 5499 ή
3417 5427 3527 5492 δόξα
3543 5417 3667 5477 αὑτοῦ

507 5522 679 5589 gratis
705 5520 853 5574 dedit
887 5520 1208 5589 glorificari.
1236 5521 1422 5591 Itaque
1452 5525 1779 5593 gloriﬁcatio
1806 5526 2069 5581 indicium

2174 5528 2234 5580 δν
2276 5527 2397 5589 ταῖς
2438 5524 2809 5594 Ἐκκλησίαις.
2845 5524 3066 5595 Ἐπειδὴ
3110 5523 3218 5592 γὰρ
3261 5516 3417 5576 αὗται
3461 5510 3667 5584 διηνεκῶς

508 5621 592 5664 cst
619 5612 1018 5681 magnitudinis
1049 5614 1317 5667 bonorum
1355 5628 1476 5681 qua:
1510 5615 1563 5666 in
1618 5618 1776 5671 nobis
1800 5626 1920 5672 acta
1945 5627 2070 5674 sunt

2178 5619 2454 5687 μένουσιν,
2486 5617 2545 5667 ὲν
2585 5613 2814 5677 ταύταις
2851 5615 2959 5683 εἴη,
2988 5614 3169 5685 φησὶν,
3202 5614 3236 5682 ή
3262 5611 3384 5675 δόξα
3425 5605 3507 5662 τοῦ
3545 5596 3662 5660 Θεοῧι

513 5712 678 5766 super
707 5715 924 5753 omnem
967 5716 1118 5770 spem
1151 5710 1202 5755 et
1229 5702 1697 5769 exspectationem
1752 5705 2068 5762 humanam.

2174 5709 2261 5762 τνα
2312 5709 2446 5779 ἡμῖν
2490 5702 2525 5780 ᾗ
2573 5705 2838 5776 διηνεκῶς
2881 5704 3255 5776 tetanum.
3296 5704 3386 5758 καὶ
3424 5703 3496 5762 εις
3530 5694 3665 5749 κάσις

509 5789 673 5846 Ret-te
703 5800 883 5844 autem
908 5792 1081 5861 gloria
1105 5792 1225 5863 ejus
1251 5801 1332 5846 est
1357 5793 1408 5846 in
1445 5791 1722 5848 Ecclesiis.
1752 5794 1892 5859 Quia
1922 5796 2067 5850 enim

2172 5796 2301 5867 ἔλθῃ
2326 5794 2485 5849 τοῦτο
2513 5795 2725 5864 γενεάς.
2750 5822 2820 5838 -
2841 5792 3175 5865 [OIKOTMJ
3211 5795 3287 5847 Ἦ
3307 5796 3386 5849 ὅτι
3411 5793 3470 5860 τῇ
3487 5782 3661 5847 Ἐκκλη-
