3956 6548
188 347 330 417 1Ξ13

1201 354 1586 414 COMMENT.
1617 358 1696 417 IN
1731 358 1969 419 EPIST.
2006 360 2105 419 AD
2133 360 2392 426 EPHES.

3298 357 3434 423 1214

185 462 279 532 σία
307 459 598 532 ἐπεύχεται
628 460 770 515 ὥστε
791 461 1067 534 διατηρεῖν
1089 463 1177 517 ἀεὶ
1208 466 1305 535 τὴν
1333 466 1640 535 δοξολογίαν
1662 463 1755 517 τοῦ

1884 480 1994 533 psa?
2028 467 2287 522 continue
2315 477 2663 536 permanent,
2694 467 2746 523 in
2775 468 2885 533 his,
2922 466 3121 538 inquit,
3157 465 3228 522 sit
3258 468 3431 539 gloria

182 553 344 618 Θεοῦ,
373 553 467 607 καὶ
500 555 574 623 μή
606 571 734 608 ποτε
764 560 1217 628 παρατραπῆναι.
1248 559 1319 612 Τὸ
1352 559 1430 622 δὲ,
1458 560 1513 612 ὲν
1538 555 1759 628 Χριστῷ

195 643 400 714 Ἰησοῦ,
445 642 501 713 ἦ,
556 642 660 697 Σὺν
692 645 917 715 Χριστῷ
952 645 1131 716 Ἰησοῦ
1178 648 1308 713 νόει,
1358 648 1391 720 ἢ
1440 649 1488 701 εἰ
1522 649 1758 717 νοήσεις,

184 735 287 811 Διά
325 734 502 805 Ἰησοῦ
533 735 797 806 Χριστοῦ,
839 736 928 791 διὰ
975 737 1074 809 τὴν
1109 739 1289 810 σάρκα
1332 739 1493 793 τοῦτο
1534 738 1644 792 νόει
1683 737 1762 791 ei-

186 825 256 896 ρῆ
265 826 410 880 σθαι.

1865 554 1983 616 Dei,
2021 566 2081 610 ut
2125 573 2155 612 a
2207 559 2370 613 nobis
2414 560 2678 616 continue
2730 560 3102 632 gloriﬁcetur:
3158 558 3322 627 idque
3368 559 3435 613 ad

1862 660 2054 702 omnes
2090 652 2372 717 perveniat
2410 661 2623 710 aetates.
2682 683 2755 696 -—
2778 654 2890 707 Aut
2927 651 3073 722 quod
3103 650 3207 721 ipsi
3244 652 3435 704 Eccle-

1864 735 1959 789 siae
1993 748 2254 805 precatur
2278 752 2335 795 ut
2362 742 2618 799 observet
2651 758 2868 812 semper
2930 741 3024 797 Dei
3084 739 3438 810 glorilicatio-

1865 841 2010 892 nem,
2037 840 2088 882 et
2110 846 2385 901 nunquam
2419 835 2486 889 ab
2507 850 2570 891 ea
2596 845 2905 889 avertatur.
2929 833 3083 899 Quod
3112 841 3294 888 autem
3325 832 3437 884 ait:

185 917 246 972 lu
280 918 505 975 Christo
529 918 696 987 Jesu;
728 928 825 975 aut
858 920 1102 992 iutellige
1126 939 1147 977 :
1177 921 1312 979 Cum
1333 921 1566 979 Christo
1587 917 1756 984 Jesu;
1797 924 1892 971 aut
1922 919 1969 973 si
2005 921 2372 980 intellexeris:
2440 926 2542 983 Per
2590 924 2780 982 Jesum
2833 924 3140 990 Christum,
3215 929 3444 994 propter

184 1024 413 1065 carnem
447 1010 548 1065 hoe
574 1010 783 1066 dictum
817 1027 944 1068 esse
975 1028 1268 1083 cognosce.

789 1128 1041 1181 ιιΕοΑΑ.
1084 1130 1178 1195 ς’.

182 1219 549 1285 Παραίνεσις
573 1219 703 1285 περὶ
726 1219 964 1287 ἀγάπης
983 1219 1271 1285 ἐνωτικῆς
1293 1221 1344 1273 ει
1367 1218 1465 1273 καὶ
1500 1218 1571 1272 τὰ
1600 1220 1764 1288 χαρί-

291 1303 492 1355 σματα
539 1288 871 1355 διῄρηνται,
908 1290 1057 1356 πρὸς
1085 1289 1381 1359 ὠφέλειαν
1418 1288 1653 1357 κοινήν.

256 1377 595 1444 Παρακαλῶ
637 1374 750 1431 οὖν
781 1375 938 1447 ὑμᾶς
977 1378 1093 1447 ἐγὼ
1124 1381 1156 1433 ὀ
1185 1377 1428 1448 δέσμιος
1449 1378 1519 1432 ἐν
1545 1380 1761 1447 Κυρίῳ,

180 1470 372 1535 ἀξίως
434 1470 840 1538 περιπατῆσαι
882 1470 995 1536 τῆς
1040 1469 1320 1537 κλήσεως
1363 1466 1439 1540 ἧς
1467 1470 1764 1538 ἐκλήθητε

176 1562 336 1633 μετὰ
388 1562 592 1630 πάσης
646 1563 1210 1632 ταπεινοφροσύνης
1259 1562 1358 1616 καὶ
1410 1563 1762 1631 πρᾳότητος.

181 1654 352 1709 Μετὰ
412 1654 861 1723 μακροθυμίας,
930 1653 1282 1723 ἀνεχόμενοι
1340 1652 1630 1721 ἀλλήλων·
1695 1652 1767 1708 ἐν

183 1747 415 1817 ἀγάπη,
455 1744 897 1811 σπουδάζοντες
950 1746 1151 1815 τηρεῖν
1196 1746 1312 1815 τὴν
1359 1746 1614 1815 ἑνότητα
1648 1744 1766 1799 ’τοῦ

2466 1122 2695 1178 CAPUT
2745 1122 2836 1178 Vl.

1873 1212 2192 1269 Exhortatio
2228 1229 2324 1282 pro
2353 1213 2613 1269 rltaritate
2650 1217 2872 1278 unitiva,
2907 1215 3146 1283 quamvis
3176 1214 3318 1269 dona
3345 1215 3430 1267 dt-

2131 1285 2380 1338 vidantur
2408 1285 2477 1338 ad
2511 1302 2835 1339 communem
2860 1287 3169 1339 utilitatem.

1945 1375 2036 1443 IV,
2080 1377 2191 1433 1-6.
2239 1376 2440 1433 Hortor
2491 1379 2668 1448 itaque
2716 1393 2802 1432 vos
2837 1393 2929 1447 ego
2983 1378 3184 1430 vinctus
3229 1377 3282 1430 in
3338 1375 3443 1431 Do-

1871 1471 2036 1535 mino,
2066 1480 2125 1526 ut
2156 1470 2436 1526 ambuletis
2468 1473 2545 1525 ita
2574 1479 2633 1524 ut
2675 1470 2893 1539 dignum
2925 1478 3002 1524 est
3043 1470 3312 1523 vocatione
3338 1484 3442 1537 qua

1872 1566 2046 1621 vocati
2068 1565 2218 1627 estis,
2238 1579 2355 1618 cum
2378 1563 2519 1617 omni
2541 1561 2897 1617 submissione
2925 1577 2986 1614 ac
3010 1561 3442 1626 mansuetudine,

1873 1674 1992 1712 cum
2013 1657 2438 1727 longanimitate,
2471 1656 2755 1709 tolerantes
2783 1671 2872 1707 vos
2899 1654 3117 1708 invicem
3139 1668 3231 1721 per
3264 1652 3439 1706 chari-

1875 1758 2074 1803 tatem:
2114 1747 2379 1801 studentes
2410 1759 2619 1798 servare
2650 1744 2909 1797 unitatem
2937 1743 3160 1810 spiritus
3204 1756 3297 1808 per
3328 1742 3444 1795 uin-

185 1835 557 1908 πνεύματος,
605 1837 675 1890 ἐν
714 1836 795 1903 τῷ
842 1836 1170 1905 συνδέσμῳ
1218 1836 1327 1904 τῆς
1353 1836 1619 1904 εἰρήνης.
1655 1838 1764 1890 Ἕν

1879 1838 2046 1893 culum
2077 1837 2319 1907 spiritus,
2343 1852 2504 1890 unum
2532 1851 2723 1905 corpus
2754 1845 2803 1889 et
2832 1851 2964 1888 unus
2995 1834 3238 1901 spiritus,
3262 1850 3447 1904 quem-

184 1927 364 1998 σῶμα
394 1928 493 1983 καὶ
528 1927 600 1982 ἐν
627 1928 885 1997 πνεῦμα,
909 1925 1103 1992 καθὼς
1131 1927 1229 1980 καὶ
1251 1926 1550 1995 ἐκλήθητε
1569 1927 1640 1980 ἐν
1661 1924 1768 1995 μιᾷ

183 2019 392 2077 ἐλπίδι
449 2019 560 2087 τῆς
613 2018 887 2085 κλήσεως
917 2014 1104 2085 ὑμῶν.
1138 2010 1245 2081 Εἷς
1269 2016 1505 2083 Κύριος,
1537 2015 1647 2084 μία
1674 2014 1772 2067 κιο

187 2126 363 2178 στις,
394 2110 466 2164 ἐν
488 2109 839 2179 βάπτισμα,
870 2103 958 2175 εἷς
986 2107 1130 2174 Θεὸς
1158 2108 1256 2161 καὶ
1292 2106 1492 2174 Πατὴρ
1528 2105 1772 2160 πάντων

191 2208 230 2261 ὀ
256 2203 362 2258 ἐπι
393 2202 638 2258 πάντων
661 2202 759 2257 καὶ
781 2201 879 2257 διὰ
909 2200 1153 2255 πάντων
1174 2199 1272 2255 καὶ
1293 2199 1362 2255 ἐν
1382 2197 1574 2254 πᾶσιν
1601 2197 1766 2267 ὑμῖν.

277 2296 339 2349 Ὀ
367 2295 455 2350 διὰ
480 2295 571 2349 τὸν
603 2293 826 2366 Κύριον,
865 2293 1021 2363 φησι,
1053 2291 1294 2360 δέσμιος.
1332 2291 1528 2356 Βαδαὶ,
1558 2290 1681 2343 ὅσον
1709 2289 1772 2344 τὸ

188 2388 436 2459 ἀξίωμα,
453 2387 514 2440 τὸ
529 2386 771 2440 δεδέσθαι
791 2384 878 2443 διὰ
895 2384 988 2438 τὸν
1005 2382 1240 2455 Χριστόν
1257 2382 1269 2435 l
1289 2382 1486 2447 Βασαὶ,
1499 2383 1600 2437 ὅσα
1620 2377 1772 2435 εἶπεν

188 2482 222 2533 ό
261 2481 536 2550 μακάριος
578 2478 830 2545 Ἰωάννης
870 2480 948 2540 εἰς
980 2478 1078 2547 τὴν
1128 2476 1319 2531 ἅλυσιν
1372 2474 1467 2528 τοῦ
1510 2474 1767 2529 Παύλουι

191 2574 309 2628 Καὶ
340 2571 506 2636 αὐτὸς
547 2570 655 2642 γὰρ
700 2572 731 2624 ό
769 2568 1088 2634 ’Δπόστολος
1132 2564 1339 2638 ταύτην
1386 2566 1770 2639 προϐάλλεται,

192 2665 271 2728 ὡς
290 2663 381 2717 διὰ
402 2661 608 2732 ταύτης
628 2661 969 2731 δυσωπήσων
996 2658 1214 2723 αὐτούς.
1248 2676 1269 2712 ε
1295 2659 1408 2729 Τῆς
1431 2657 1677 2729 κλήσεως
1705 2652 1775 2730 ἦς

191 2751 484 2823 ἐκλήθητε.
513 2770 533 2803 ι
551 2753 778 2822 Μεγάλη
805 2750 915 2822 γὰρ
949 2751 983 2821 ἡ
1011 2749 1222 2820 κλῆσις,
1252 2751 1350 2804 καὶ
1373 2750 1466 2802 ἐπὶ
1493 2748 1772 2820 μεγάλοις,

192 2846 292 2897 ἐπὶ
313 2842 393 2914 τῷ
427 2843 573 2915 εχειν
595 2844 834 2916 κεφαλήν
859 2844 951 2898 τὸν
981 2844 1240 2915 Χριστὸν,
1271 2844 1365 2897 ἐπὶ
1393 2842 1471 2914 τῷ
1502 2844 1580 2907 εἰς
1623 2842 1775 2904 υἱοὺς

194 2933 340 2992 εἶναι
363 2937 523 2993 Θεοῦ.
558 2955 577 2988 ε
611 2938 766 2993 Μετὰ
797 2936 981 3007 πάσης
1000 2934 1526 3005 ταπεινοφροσύνης.
1549 2953 1567 2988 ι
1601 2934 1775 2988 Τουτ-

191 3030 368 3093 ιστιν,
423 3031 483 3082 ἑν
541 3028 702 3081 παντὶ
737 3026 1046 3098 πράγματι,
1093 3025 1188 3078 ἐπὶ
1223 3024 1424 3088 παντὸς
1454 3022 1771 3095 προσώπου.

195 3120 362 3176 Οὕτω
391 3122 500 3191 γάρ
545 3121 692 3175 ὲστιν
722 3118 888 3184 ἀξίως
932 3120 1032 3190 τῆς
1074 3118 1321 3189 κλήσεως
1376 3115 1772 3188 περιπατῆσαι,

198 3216 344 3286 μετὰ
366 3212 868 3285 ταπεινοφροσύνης
895 3213 990 3268 καὶ
1033 3212 1340 3283 πρᾳότητος
1370 3210 1465 3263 καὶ
1492 3208 1772 3280 μακροθυ-

200 3308 357 3378 μίας,
386 3307 482 3360 καὶ
508 3305 604 3359 τοῦ
632 3303 924 3375 ἀνέχεσθαι
964 3303 1233 3373 ἀλλήλων.
1261 3329 1329 3341 -
1362 3298 1562 3371 [ΦΩΤ.]
1606 3299 1774 3353 Ἔνθα.

194 3396 307 3465 γάρ
329 3395 479 3447 ἔστιν
507 3393 718 3462 ἀγάπη,
754 3392 933 3447 πάντα
951 3391 1097 3445 εστὶν
1119 3391 1341 3445 ἀνεκτά.
1379 3408 1399 3442 ι
1436 3387 1773 3455 Σπουδάζον-

195 3504 289 3551 τες
321 3489 511 3557 τηρεῖν
540 3485 638 3557 τὴν
662 3486 894 3553 ἑνότητα
918 3483 1015 3538 τοῦ
1039 3482 1374 3550 πνεύματος,
1405 3500 1423 3534 ι
1464 3484 1523 3536 ὲν
1547 3481 1626 3551 τῷ
1650 3498 1775 3535 συν-

193 3579 445 3633 δεδέσθαι
466 3578 717 3649 ἀλλήλοις
745 3576 1060 3648 εἰρηνικῶς,
1095 3575 1220 3629 καθ’
1251 3574 1313 3628 ἓν
1344 3574 1506 3645 σῶμα
1535 3575 1631 3628 καὶ
1651 3572 1774 3628 καθ’

196 3670 257 3724 ἐν
303 3669 542 3740 πνεῦμα.
577 3670 750 3723 Τοῦτο
775 3669 886 3739 γὰρ
916 3671 951 3736 ή
980 3668 1169 3737 ἑνότης
1211 3665 1305 3720 τοῦ
1344 3666 1676 3736 πνεύματος,
1706 3665 1776 3737 ἠν

196 3764 409 3832 ἥνωσεν
440 3763 590 3832 ἡμᾶς
611 3762 809 3830 ἐκεῖνο,
836 3760 934 3814 καὶ
964 3758 1137 3823 οὕτως
1163 3758 1453 3830 ἐκλήθητε.
1496 3760 1565 3812 Ἦ
1612 3775 1779 3812 σπου-

196 3853 454 3917 δάζοντες
482 3852 744 3922 ἀλλήλους
772 3853 960 3924 τηρεῖν
983 3851 1078 3905 καὶ
1106 3850 1398 3921 φυλάττειν
1419 3850 1477 3927 ἓν
1501 3849 1662 3921 σῶμα
1683 3850 1779 3915 καὶ

198 3942 260 3996 ἓν
296 3943 517 4013 πνεῦμα
535 3944 676 3999 κατὰ
703 3942 804 4014 τὴν
845 3944 1075 4013 ἑνότητα
1108 3942 1205 3996 τοῦ
1234 3942 1565 4013 πνεύματος,
1595 3939 1779 4006 καθὼς

196 4036 352 4106 ἡμᾶς
381 4035 442 4088 τὸ
467 4034 621 4103 ἅγιον
651 4035 830 4107 ήνωσε
868 4034 1117 4105 Πνεῦμα,
1144 4034 1327 4099 καθὼς
1354 4036 1449 4089 καὶ
1487 4035 1775 4107 ἐκλήθητε.

200 4130 317 4200 Τὴν
335 4129 594 4199 τοιαύτην
621 4129 679 4183 δὲ
706 4129 965 4198 φυλάττει
994 4129 1191 4183 ἕνωσιν
1218 4130 1247 4182 ό
1278 4128 1379 4198 τῆς
1403 4128 1627 4198 ἀγάπης
1652 4129 1781 4182 σύν-

196 4223 421 4291 δεσμός.
468 4220 610 4274 Ἀλλ’
626 4222 675 4275 et
707 4221 827 4292 μὲν,
858 4223 935 4285 ὡς
958 4220 1021 4276 τὸ
1046 4220 1334 4292 πρότερον,
1366 4218 1681 4290 ὲλλειπτικὴ
1713 4218 1779 4274 ἂν

199 4312 291 4383 εἴη
340 4312 502 4383 μόνον
531 4314 566 4383 ή
614 4310 891 4380 σύνταξις,
943 4310 1242 4383 λειπούσης
1280 4312 1400 4383 τῆς,
1441 4311 1615 4377 κατὰ,
1647 4328 1783 4383 προ-

198 4405 426 4468 θέσεως.
471 4397 584 4469 οἷον
637 4403 759 4458 καθ’
823 4402 882 4459 ἓν
931 4403 1091 4474 σῶμα
1137 4404 1236 4457 καὶ
1289 4403 1414 4461 καθ’
1444 4403 1503 4457 ἓν
1534 4403 1776 4474 πνεῦμα.

1873 1928 2158 1983 admodum
2189 1927 2362 1982 vocati
2389 1926 2514 1980 estis
2553 1926 2608 1979 in
2646 1942 2753 1979 una
2782 1940 2874 1993 spe
2911 1922 3199 1977 vocationis
3234 1932 3441 1981 vestrae.

1870 2021 1979 2092 32
2008 2019 2152 2074 Unus
2179 2019 2457 2084 Dominus,
2479 2034 2585 2071 una
2614 2017 2767 2088 ﬁdes,
2789 2032 2947 2069 unum
2978 2015 3238 2083 baptisma
3265 2031 3283 2068 :
3306 2030 3444 2069 unus

1872 2112 2016 2167 Dens
2045 2120 2094 2167 et
2144 2110 2306 2165 Pater
2334 2112 2571 2164 omnium
2614 2109 2706 2179 qui
2748 2118 2824 2163 est
2856 2121 3013 2175 super
3044 2122 3220 2161 omnes
3260 2115 3309 2160 et
3353 2122 3447 2176 per

1872 2217 2076 2269 Omnes,
2104 2212 2155 2257 et
2178 2203 2233 2256 in
2263 2204 2504 2257 omnibus
2525 2202 2693 2257 nobis.

1948 2297 2198 2362 Vinctus,
2221 2297 2419 2368 inquit,
2448 2304 2670 2367 propter
2686 2294 2998 2350 Dominum.
3029 2290 3216 2364 Papae!
3241 2297 3449 2362 quanta

1874 2389 2116 2460 dignitas
2164 2389 2408 2445 vinctum
2469 2403 2594 2445 esse
2621 2396 2846 2459 propter
2900 2387 3207 2444 Christum.
3254 2383 3442 2456 Papae!

1875 2489 2080 2550 quanta
2124 2479 2263 2535 dixit
2302 2481 2499 2536 beatus
2547 2479 2790 2536 Joannes
2859 2479 2915 2532 in
2975 2477 3192 2533 laudem
3241 2483 3448 2531 catena:

1874 2570 2052 2626 Pauli.
2079 2569 2216 2625 Nam
2236 2579 2290 2625 et
2326 2571 2441 2640 ipse
2466 2570 2762 2640 Apostolus
2797 2570 2939 2623 hanc
2969 2569 3026 2624 in
3053 2567 3291 2622 medium
3324 2580 3451 2636 pro-

1876 2663 1978 2720 l'ert
2017 2672 2278 2734 tanquam
2320 2677 2414 2731 per
2443 2677 2564 2716 eam
2594 2661 2819 2717 ﬂectens
2863 2662 3035 2731 ipsos.
3081 2677 3099 2710 ι
3144 2656 3444 2713 Vocatione

1876 2771 1981 2827 qua
2015 2755 2190 2809 vocati
2231 2753 2392 2808 estis.
2434 2771 2454 2806 ι
2505 2751 2698 2822 Magna
2739 2752 2886 2805 enim
2922 2757 3007 2805 est
3042 2748 3259 2805 vocatio
3291 2758 3344 2802 et
3378 2746 3445 2800 ad

1878 2861 2104 2918 magna:
2139 2844 2449 2899 uthabeant
2472 2853 2635 2914 caput
2658 2843 2965 2906 Christum,
2988 2853 3044 2895 ut
3065 2842 3177 2896 sint
3205 2839 3298 2894 filii
3328 2838 3448 2894 Dei.

1882 2961 1900 2993 ε
1934 2942 2066 2995 Cum
2094 2939 2243 2995 omni
2291 2937 2683 2994 submissione.
2719 2955 2738 2989 ι
2787 2934 2901 2990 Hoc
2946 2943 3052 2998 est,
3084 2933 3140 2988 in
3185 2930 3335 2987 omni
3365 2944 3450 2996 re,

1876 3038 1930 3085 et
1957 3031 2024 3084 ad
2054 3043 2273 3085 omnem
2304 3042 2619 3099 personam.
2653 3025 2731 3080 lla
2763 3028 2907 3082 enim
2945 3023 3219 3094 contingit
3253 3023 3446 3075 ambu-

1882 3124 1993 3179 lare
2027 3132 2087 3177 ut
2119 3122 2346 3192 dignum
2377 3129 2463 3176 est
2486 3121 2793 3189 vocatione,
2828 3110 3024 3190 nempe
3048 3132 3172 3173 cuin
3207 3114 3450 3171 subtilis—

1878 3215 2032 3270 sione
2063 3214 2140 3284 ac|
2160 3213 2585 3269 mansuetudine
2626 3222 2680 3269 et
2720 3212 3132 3282 longanimitate
3167 3209 3447 3263 tolerando

1879 3308 2136 3362 invicem.
2170 3304 2274 3362 Ubi
2316 3305 2462 3360 enim
2497 3311 2580 3358 est
2618 3303 2859 3358 charitas
2891 3302 3073 3355 omnia
3116 3300 3276 3354 facile
3315 3300 3451 3352 tole-

1880 3406 2123 3452 rantur.t
2156 3396 2452 3451 Studentes
2488 3408 2711 3450 servare
2733 3394 3000 3448 unitatem
3031 3392 3277 3461 spiritus,
3300 3407 3320 3441 ι
3350 3404 3447 3458 per

1876 3490 1982 3543 hoc
2026 3489 2171 3558 quod
2224 3495 2425 3545 ,mutuo
2479 3482 2704 3555 paciﬁce
2753 3482 3086 3551 colligemini
3146 3482 3447 3535 secundum

1878 3597 2047 3637 unum
2075 3595 2277 3652 corpus
2302 3590 2356 3635 et
2384 3577 2689 3634 secundum
2716 3590 2883 3629 unum
2911 3574 3188 3643 spiritum.
3215 3570 3275 3624 ιιι
3301 3571 3449 3625 enim

1875 3688 1961 3734 est
1994 3676 2180 3732 unitas
2197 3674 2429 3745 spiritus
2456 3686 2563 3743 qua
2600 3670 2689 3725 ille
2723 3684 2821 3723 vus
2847 3667 3043 3732 univit,
3077 3672 3132 3722 et
3166 3665 3241 3719 ita
3272 3661 3461 3718 vocati

1877 3770 2036 3827 estis.
2072 3772 2179 3823 Aut
2226 3767 2515 3823 studentes
2555 3762 2789 3817 invicem
2817 3772 3037 3815 servare
3063 3765 3117 3811 et
3166 3753 3447 3810 custodire

1878 3878 2047 3920 unum
2084 3874 2286 3931 corpus
2334 3868 2389 3915 et
2419 3861 2605 3913 'unum
2634 3854 2889 3925 spiritum
2924 3849 3225 3906 secundum
3259 3847 3449 3901 unita-

1876 3966 1986 4013 tem
2025 3953 2301 4024 Spiritus,
2335 3949 2482 4006 sicut
2510 3949 2675 4004 etiam
2705 3944 2886 4000 vocati
2923 3944 3082 3999 estis.
3117 3936 3459 4009 llujnsmodi

1878 4023 2339 4106 autemiunio'nem
2368 4046 2552 4099 servat
2582 4038 2862 4094 vinculum
2894 4032 3206 4091 charitatis.
3248 4029 3453 4086 Verum

1878 4143 1925 4197 si
1950 4140 2118 4212 priori
2148 4137 2311 4194 modo
2346 4134 2708 4204 intelligatur,
2739 4127 3048 4186 deiectivus
3085 4132 3304 4179 tantum
3343 4121 3452 4176 erit

1878 4244 2084 4297 sermo,
2117 4229 2409 4286 deﬁciente
2442 4223 2830 4298 prapositione
2858 4217 3023 4284 κατά,
3050 4215 3103 4272 id
3132 4224 3240 4281 est,
3266 4227 3455 4269 secum

1879 4326 2028 4392 dum,
2053 4327 2158 4382 hoc
2179 4332 2285 4391 est,
2312 4320 2619 4382 secundum
2648 4332 2817 4374 unutn
2834 4329 3038 4385 corpus
3060 4319 3117 4370 et
3145 4309 3459 4367 secundum

1881 4431 2053 4473 unum
2086 4417 2380 4486 spiritum:
2419 4414 2467 4470 si
2491 4425 2619 4467 vero
2645 4409 2802 4481 juxta
2824 4405 3187 4478 posteriorem
3207 4400 3497 4463 modum.
3516 4458 3557 4465 ,ί

199 4498 265 4552 Ei
287 4497 356 4561 δ’,
378 4495 456 4561 ὠς
475 4495 536 4551 τὸ
558 4494 835 4567 δεύτερον,
856 4497 1006 4564 τρεῖς
1027 4495 1142 4567 ἔχει
1163 4495 1422 4566 τρόπους,
1445 4496 1547 4548 ύπε
1557 4496 1772 4566 ρδατὸν,

1882 4524 1996 4567 tres
2021 4511 2186 4565 habet
2218 4516 2444 4577 tropos:
2476 4518 2671 4574 nempe
2696 4499 3059 4572 hyperbaton,
3095 4503 3184 4551 et:
3219 4493 3265 4547 A
3297 4506 3448 4548 com.-

197 4589 321 4655 καὶ,
363 4589 497 4644 um
526 4587 708 4643 κοινοῦ
739 4588 879 4660 μετὰ
923 4586 1254 4658 ζεύγματος,
1287 4587 1383 4642 καὶ
1412 4588 1617 4657 τρίτον,
1660 4588 1778 4640 Ἐλ-

196 4682 505 4746 λειπτικδν,
537 4680 817 4737 κάνταῦθα
870 4680 966 4750 τῆς
997 4678 1173 4749 αὐτῆς
1202 4682 1302 4749 μὲν
1348 4679 1662 4747 προθέσεως
1693 4678 1778 4733 ἐλ-

197 4773 520 4843 λειπούσης,
536 4766 671 4837 οῖον,
693 4772 851 4827 Κατὰ
876 4771 973 4844 τὴν
999 4770 1251 4842 ἑνότητα,
1268 4770 1365 4824 τοῦ
1385 4770 1463 4837 δὲ,
1487 4770 1774 4841 ἀλλήλους,

193 4867 310 4920 άπὸ
364 4864 544 4919 κοινοῦ
600 4864 740 4935 μετὰ
771 4864 1081 4935 ζεύγματος
1110 4862 1546 4934 λαμϐανομένου.
1593 4863 1778 4935 Ἀλλή-

192 4959 327 5019 λους
356 4957 468 5026 γὰρ
493 4954 970 5025 ὲξακουσθήσεται.
1002 4956 1077 5008 Τὸ
1099 4956 1156 5009 δὲ
1192 4956 1501 5026 ὑπερϐατὸν
1533 4954 1770 5027 εὔδηλον.

202 5065 223 5101 ε
258 5047 373 5118 Τὴν
398 5046 627 5116 ἑνότητα
678 5044 771 5099 τοῦ
810 5044 1142 5115 πνεύματος.
1188 5063 1208 5097 ι
1242 5045 1511 5114 Καθάπερ
1548 5046 1658 5116 γὰρ
1683 5046 1778 5101 ἐπὶ

191 5139 307 5193 τῶν
337 5140 626 5210 ἡμετέρων
656 5139 946 5209 σωμάτων,
975 5138 1092 5192 εστι
1121 5138 1182 5191 τὸ
1200 5137 1361 5208 ήμῶν
1388 5140 1609 5209 πνεῦμα
1627 5142 1780 5210 ἐνερ-

192 5231 332 5299 γοῦν
380 5234 440 5284 ὲν
466 5233 602 5286 πᾶσι
646 5232 759 5293 τοῖς
783 5229 972 5299 μέλεσι
995 5228 1091 5281 καὶ
1122 5228 1305 5284 πάντα
1332 5229 1599 5300 συνέχων,
1630 5229 1776 5284 οὕτω

196 5323 296 5381 καὶ
320 5321 382 5373 τὸ
410 5320 637 5390 Πνεῦμα
689 5320 751 5375 τὸ
793 5320 948 5389 ἅγιον
977 5322 1113 5392 ήμῖν
1138 5321 1319 5392 ἐδόθη,
1347 5322 1474 5386 τοὺς
1504 5325 1652 5393 γένει
1683 5324 1777 5379 καὶ

193 5414 386 5486 τρόπῳ
443 5414 537 5468 καὶ
568 5413 723 5483 ήοεσι
776 5414 1195 5479 διαλλάσσοντας
1243 5414 1400 5469 ἑνοῦν
1450 5418 1547 5471 καὶ
1589 5418 1777 5472 ποιοῦν

195 5512 347 5581 ἡμᾶς
373 5508 434 5562 ἓν
461 5508 642 5578 σῶμα.
661 5508 878 5580 Ταύτην
923 5510 1248 5579 φυλάξωμεν
1274 5512 1374 5582 τὴν
1403 5512 1654 5583 ἑνότητα,
1676 5513 1777 5586 τήν

191 5600 289 5655 διὰ
303 5600 401 5655 τοῦ
442 5599 596 5667 ἁγίου
608 5599 852 5653 δοθεῖσαν
874 5601 1008 5669 ἡμῖν
1028 5600 1365 5670 Πνεύματος.
1393 5602 1578 5669 Ἦτις,
1618 5605 1773 5673 φησὶ,

193 5692 413 5761 γίνεται
435 5692 527 5747 διὰ
543 5691 639 5745 τοῦ
664 5690 967 5760 συνδέσμου
982 5691 1081 5761 τῆς
1101 5694 1345 5765 εἰρήνης.
1379 5713 1399 5746 ι
1434 5696 1530 5749 Ἐν
1556 5695 1769 5764 σῶμα.»

197 5786 456 5851 Ιῖινεσθε,
484 5784 668 5856 φησιν,
705 5783 847 5837 οὕτω
882 5785 1272 5856 συνηνωμένοι,
1318 5785 1488 5851 οὕτως
1529 5787 1774 5856 ἀλλήλων

1883 4603 2037 4658 muni
2084 4617 2249 4658 sensu
2303 4597 2840 4656 subintellectionem
2876 4606 3001 4648 cum
3037 4597 3343 4659 zeugmate,
3389 4600 3460 4640 ae

1882 4697 2047 4752 tertio
2071 4693 2318 4765 eclipsim
2360 4692 2477 4747 sive
2508 4686 2807 4751 defectum,
2836 4684 3129 4741 deﬁciente
3157 4680 3320 4736 etiam
3362 4676 3453 4731 hic

1882 4788 2075 4842 eadem
2103 4782 2513 4856 praepositione,
2540 4792 2736 4850 nempe
2768 4776 3072 4833 secundum
3098 4773 3382 4829 unitatem.
3405 4767 3452 4825 Δ

1882 4874 2163 4933 communi
2206 4881 2389 4927 autem
2437 4882 2607 4925 sensu
2646 4860 3114 4933 subintelligendo
3144 4874 3269 4915 cum
3309 4874 3453 4913 zeu-

1882 4973 2085 5039 gmate,
2109 4958 2431 5032 accipiendo
2456 4957 2725 5012 invicem:
2753 4950 3113 5008 subaudietur
3140 4948 3285 5004 enim
3306 4946 3452 5001 luvi-

1883 5073 2024 5114 cem.
2062 5054 2231 5109 Porro
2249 5050 2590 5123 hyperbaton
2624 5041 2976 5099 manifestum
3006 5049 3143 5096 est.t
3170 5039 3450 5095 Unitatem

1884 5148 2133 5219 spiritus.
2170 5161 2191 5195 ι
2222 5137 2694 5209 Quemadmodum
2736 5136 2881 5191 enim
2920 5132 2977 5188 in
3008 5132 3215 5188 nostris
3251 5146 3450 5200 corpo-

1883 5241 2037 5297 ribus
2075 5246 2161 5294 est
2207 5243 2393 5292 noster
2419 5230 2651 5302 spiritus
2683 5243 2853 5298 agens
2887 5227 2943 5281 in
2974 5224 3236 5280 omnibus
3271 5235 3444 5276 mem-

1884 5335 2019 5399 bris,
2051 5340 2108 5388 et
2131 5329 2315 5384 omnia
2363 5325 2697 5381 continens:
2746 5322 2824 5375 ita
2860 5325 2915 5374 et
2954 5317 3194 5389 Spiritus
3222 5320 3449 5369 sanctus

1884 5428 2042 5484 nobis
2070 5426 2231 5480 datus
2261 5430 2364 5485 est,
2384 5434 2482 5474 eos
2510 5416 2606 5487 qui
2636 5430 2835 5485 genere
2858 5421 2914 5468 et
2942 5411 3101 5465 modo
3123 5423 3186 5461 ac
3205 5404 3451 5460 moribus

1881 5516 2228 5575 diﬂ‘erebant,
2265 5511 2458 5566 aniens
2510 5515 2604 5562 :et
2660 5506 2867 5559 faciens
2899 5516 2998 5555 nos
3024 5512 3188 5553 unum
3222 5507 3452 5562 corpus.

1882 5604 2036 5661 Hanc
2061 5601 2405 5661 servabimus
2430 5597 2692 5651 unitatem
2715 5606 2838 5663 quae
2871 5587 3030 5643 nobis
3059 5599 3155 5656 per
3181 5582 3443 5651 Spiritum

1885 5703 2138 5753 sanctum
2174 5693 2300 5748 data
2332 5698 2436 5747 est.
2472 5690 2605 5755 Quae
2641 5689 2717 5751 tit,
2767 5680 2962 5751 inquit,
3016 5691 3112 5747 per
3159 5672 3436 5728 vinculum

1885 5788 2059 5858 pacis.
2098 5807 2115 5837 ι
2155 5786 2330 5843 Uuutn
2364 5796 2586 5851 corpus.
2635 5796 2653 5828 ι
2697 5776 2770 5830 Ita
2808 5770 2973 5826 simul
3002 5765 3292 5831 nniamini,
3341 5764 3439 5828 ait.
