3956 6560
579 369 721 434 1215

1622 368 2022 429 (ECUMENU
2057 366 2350 427 TRICCE
2387 363 2728 425 EPISCOPI

3617 373 3712 440 1216

488 549 490 556 Ι
577 481 680 550 33
727 481 801 532 ita
831 479 1061 533 inricem
1095 489 1314 534 curate:
1348 493 1472 534 nam
1496 493 1559 533 ex
1591 479 1694 533 hoc
1723 493 1941 548 quoque
1975 492 2140 532 unum

2248 475 2557 546 κηδόμενοι.
2603 475 2696 526 Ἕκ
2761 472 2950 526 τούτου
2999 473 3128 546 γάρ,
3177 475 3358 546 φησὶν,
3408 477 3566 534 ἔσεσθε
3597 485 3718 540 καὶέν

579 571 850 625 habebitis
884 571 1164 640 spiritum,
1207 572 1309 625 hoc
1339 577 1447 633 est,
1491 570 1725 626 similem
1760 571 1993 639 gratiam
2029 569 2146 638 spi-

579 665 741 720 ritus.
776 665 882 718 Aut
908 663 1034 734 quia
1061 655 1329 736 contingit
1354 680 1520 721 unum
1549 680 1748 735 corpus
1785 665 2006 730 habere,
2039 678 2149 717 non

577 767 758 811 tamen
806 757 1054 810 eumdem
1102 757 1380 826 spiritum,
1416 758 1560 812 sicut
1594 757 1814 826 quando
1856 757 2148 811 haeretico-

577 863 698 900 rum
735 847 1004 916 quispiam
1046 848 1256 904 amicus
1294 846 1480 902 fuerit.
1509 849 1614 903 Aut
1648 851 1792 918 quod
1827 849 1929 903 hoc
1961 849 2145 903 dicat:

576 937 712 992 Cum
756 955 921 992 unum
952 940 1276 1008 acceperitis
1305 941 1584 1010 spiritum,
1622 956 1728 995 non
1769 941 1981 996 debetis
2033 941 2146 996 dis-

579 1029 778 1092 sidere,
815 1030 908 1084 sed
948 1046 1114 1084 unum
1158 1047 1278 1086 esse
1309 1047 1529 1102 corpus.
1554 1034 1662 1086 Aut
1713 1033 1840 1102 quia
1883 1032 2140 1102 spiritum

577 1117 681 1171 hoc
741 1121 859 1171 loro
901 1129 1057 1173 vocat
1085 1121 1250 1175 animi
1285 1124 1800 1192 promptitudinem.
1844 1123 1953 1176 Aut
1986 1123 2158 1198 quasi

577 1229 718 1265 unus
764 1213 887 1266 sitis
922 1213 1150 1282 spiritus
1189 1223 1242 1268 ct
1274 1230 1443 1268 unum
1476 1229 1720 1286 corpus:
1765 1217 1837 1269 ita
1866 1216 2013 1269 enim
2047 1231 2146 1268 vo-

575 1304 682 1354 Cati
720 1305 874 1356 estis.

648 1411 665 1442 ι
707 1393 760 1444 ln
791 1409 894 1445 una
928 1408 1043 1460 spe.
1090 1413 1108 1446 ι
1146 1391 1311 1457 Deus,
1366 1395 1563 1464 inquit,
1605 1411 1704 1450 nos
1740 1394 1803 1449 ad
1827 1395 2015 1449 eadem
2047 1411 2143 1450 vo-

574 1485 736 1547 cavit,
773 1486 903 1538 nulli
938 1487 1173 1553 amplius
1210 1487 1546 1541 distribuens
1596 1505 1607 1540 :
1643 1489 1896 1540 omnibus
1926 1488 2145 1542 immor-

576 1573 840 1625 talitatem
863 1615 876 1635 ,
908 1575 1161 1628 Omnibus
1198 1577 1358 1628 vitam
1390 1577 1640 1645 promisit
1663 1586 1946 1641 aeternam,
1971 1579 2146 1632 muni-

575 1661 678 1715 bus
722 1663 948 1730 gloriam
991 1664 1375 1727 immortalem,
1417 1666 1669 1720 omnibus
1715 1665 2138 1734 fraternitatem,

578 1755 834 1807 omnibus
888 1754 1298 1809 haereditatem:
1349 1757 1626 1810 communi
1675 1758 1838 1812 modo
1891 1759 2137 1812 omnium

2253 567 2470 636 πνεῦμα
2495 567 2733 636 ἔχοντες,
2764 564 3066 630 τουτέστιν,
3114 567 3365 638 ὁμότιμον
3392 570 3482 640 τὴν
3503 573 3630 644 χάριν
3658 580 3720 632 τοῦ

2250 659 2580 730 πνεύματος.
2608 659 2676 711 Ἢ
2731 658 2814 712 ὅτι
2852 657 2969 710 ἐστι
3010 657 3108 728 μιν
3139 658 3195 711 ’ἐν
3232 659 3380 730 σῶμα
3411 657 3562 728 εἶναι,
3590 667 3663 736 οὐχ
3685 670 3722 722 ἓν

2255 749 2310 802 δὲ
2336 749 2572 819 πνεῦμα,
2606 749 2680 812 ὡς
2709 749 2838 802 ὅταν
2884 766 2970 812 τις
3018 749 3314 820 αίρητικῶν
3343 750 3482 820 φίλος
3579 755 3634 808 Ἦ
3653 759 3724 823 ἔτι,

2247 839 2405 895 τοῦτό
2459 856 2645 910 φησιν,
2689 840 2784 892 Ἐν
2844 839 3066 904 πνεῦμα
3123 839 3392 907 λαϐόντες,
3421 844 3510 896 οὐκ
3547 845 3722 914 ὀφείλετε

2247 932 2521 1000 διχονοεῖν,
2564 930 2678 983 ἀλλ’
2705 932 2762 983 ἓν
2784 925 2924 984 εἶναι
2949 931 3129 1000 σῶμα.
3149 931 3219 984 Ἦ
3239 933 3319 985 ὅτι
3345 932 3536 1005 πνεῦμα
3555 939 3722 993 hastili:

2246 1028 2347 1099 τὴν
2373 1027 2682 1098 προθυμίαν
2710 1026 2886 1080 καλεῖ.
2921 1027 2993 1079 Ἢ
3025 1026 3100 1090 ὡς
3124 1025 3181 1080 ἓν
3215 1027 3362 1090 ὅντες
3389 1027 3576 1098 πνεῦμα
3596 1033 3667 1084 καὶ
3684 1033 3722 1086 ἓν

2249 1117 2439 1187 σῶμαο
2472 1116 2646 1178 οὕτως
2674 1115 2783 1186 γάρ
2807 1115 3096 1186 ἐκλήθητε.

2323 1405 2341 1438 ι
2391 1385 2478 1438 Ἐν
2506 1385 2602 1456 μιᾷ
2627 1383 2820 1437 ἑλπίδι.
2863 1402 2880 1435 ι
2927 1383 2987 1436 '0
3021 1382 3159 1445 Θεὸς
3189 1385 3355 1453 ἡμᾶς,
3388 1385 3552 1455 φησὶν,
3571 1388 3725 1455 inlisi;

2248 1479 2435 1541 αὐτοῖς
2462 1477 2741 1540 ἐκάλεσεν,
2772 1475 2947 1528 οὐδενὶ
2971 1475 3155 1529 πλεῖον
3183 1479 3472 1546 ἀπονείμας
3487 1480 3618 1532 πᾶσιν
3640 1482 3727 1536 ἀθαρ

2245 1570 2459 1633 νασίαν,
2481 1570 2620 1621 πᾶσι
2650 1567 2793 1638 ζωὴν
2822 1565 3040 1619 αίώνιον
3079 1568 3452 1638 ἐπηγγείλατο,
3489 1572 3597 1623 πᾶσι
3619 1572 3725 1636 δόξαν

2245 1661 2539 1721 ἀθάνατον,
2587 1661 2753 1712 πᾶσιν
2815 1656 3154 1726 ἀδελφότητα
3183 1695 3198 1719 ,
3258 1659 3389 1711 πᾶσι
3434 1659 3725 1732 κληρονομίαν.

2246 1751 2416 1820 Κοινὴ
2435 1749 2654 1803 πάντων
2671 1748 2889 1816 ἐγένετο
2909 1749 3141 1818 κεφαλή.
3165 1749 3380 1813 Πάντας
3404 1753 3643 1822 συνήγειρε
3662 1755 3726 1807 καὶ

573 1841 752 1894 factus
774 1851 857 1896 est
898 1852 1088 1912 caput:
1127 1860 1318 1900 omnes
1354 1848 1708 1915 congregavit
1752 1856 1804 1901 et
1845 1848 2140 1903 consedere

2246 1842 2617 1896 συνεκάθισεν.
2651 1841 2713 1893 Εἰ
2746 1839 2927 1893 τοίνυν
2985 1842 3044 1892 ὲν
3087 1841 3202 1902 τοῖς
3218 1845 3586 1909 πνευματικοῖς,
3621 1847 3726 1914 φησι,

573 1933 724 1988 fecit.
761 1934 815 1987 Si
856 1951 984 2005 ergo
1020 1937 1072 1990 in
1109 1937 1511 2006 spiritualibus,
1563 1939 1763 2009 inquit,
1807 1947 2011 1993 tantam
2049 1941 2144 1994 ha-

572 2023 716 2077 betis
775 2028 1356 2096 communicationem,
1414 2029 1628 2083 debetis
1681 2037 1734 2083 et
1791 2045 1960 2083 unum
2018 2046 2141 2085 esse

574 2131 775 2186 corpus
836 2119 888 2170 in
945 2118 1232 2174 charitatis
1279 2120 1684 2175 commistione.
1739 2137 1757 2171 ι
1823 2119 2142 2175 Vocationis

571 2217 786 2263 vestrm.
827 2227 844 2258 ι
889 2207 1022 2262 Nam
1059 2212 1244 2264 omnia
1299 2227 1419 2281 quae
1468 2212 1613 2265 dicta
1662 2221 1790 2266 sunt
1829 2213 2142 2267 communis

571 2296 725 2350 vobis
772 2313 896 2366 spes
937 2309 1021 2353 est
1065 2317 1131 2355 ex
1187 2303 1474 2354 vocatione
1527 2303 1874 2371 proveniens.
1929 2321 1946 2353 ι
1983 2302 2142 2358 Unus

571 2385 855 2451 Dominus,
883 2406 990 2443 una
1031 2392 1162 2446 lides
1186 2411 1232 2446 ,ι
1260 2393 1400 2448 Ecce
1438 2401 1492 2446 et
1515 2393 1621 2447 alia
1671 2397 2136 2450 communicatio:

571 2495 712 2533 unus
762 2483 918 2538 nobis
970 2494 1053 2538 est
1091 2484 1399 2552 Dominus,
1454 2504 1561 2542 una
1614 2487 1784 2552 lides,
1833 2505 1998 2542 unum
2045 2489 2142 2542 ba-

571 2573 771 2640 ptisma
813 2590 827 2626 :
871 2591 976 2630 non
1012 2585 1226 2646 oportet
1282 2595 1411 2649 ergo
1450 2597 1550 2637 nos
1601 2581 1890 2638 dissidere.
1942 2599 1962 2632 ι
1991 2579 2140 2636 limis

572 2662 713 2715 Deus
768 2674 820 2718 et
873 2666 1056 2722 Pater.
1104 2687 1123 2720 ι
1178 2668 1318 2725 Ecce
1347 2683 1397 2726 et
1451 2673 1557 2726 alia
1613 2671 2042 2727 communicatio
2087 2679 2142 2726 et

573 2759 780 2807 amoris
835 2757 1075 2820 occasio,
1110 2759 1256 2829 quod
1297 2761 1368 2816 sit
1402 2763 1561 2817 nobis
1597 2778 1736 2817 unus
1781 2762 1943 2818 Pater
1975 2762 2134 2816 Deus.

580 2865 598 2896 ι
641 2842 701 2898 Ει
733 2862 900 2917 super
937 2865 1148 2907 omnes.
1181 2871 1198 2904 ι
1246 2851 1377 2907 Nam
1411 2855 1504 2907 ἐπί
1540 2871 1636 2924 pro
1664 2856 1847 2908 ἐπάνω
1899 2857 2132 2924 capitur.

2249 1933 2519 2002 τοσαύτην
2542 1932 2693 2002 ἔχετε
2719 1931 3022 1992 κοινωνίαν,
3044 1931 3288 1999 ὀφείλετε
3319 1933 3407 1985 καὶ
3425 1933 3476 1984 ἓν
3496 1935 3622 2001 σῶμα
3634 1931 3728 1987 εἶναι

2249 2023 2306 2073 ὲν
2333 2024 2397 2092 τῇ
2421 2020 2522 2090 τῆς
2537 2021 2757 2089 ἀγάπης
2787 2021 3110 2090 ἀνακράσει.
3133 2039 3151 2070 ι
3183 2019 3300 2088 Τῆς
3323 2019 3542 2090 κλήσεως
3563 2022 3692 2091 ὑμῶν.
3713 2044 3725 2075 ι

2250 2113 2438 2167 Πάντα
2450 2112 2636 2183 γὰρτά
2663 2110 2930 2183 εἰρημένα
2947 2112 3098 2181 κοινή
3131 2111 3281 2164 ἐστιν
3294 2113 3326 2182 ἡ
3335 2111 3444 2182 μῶν
3461 2113 3588 2176 ἐλπὶς
3603 2114 3650 2166 ὲκ
3662 2115 3728 2184 τῆς

2246 2207 2490 2278 κλήσεως
2521 2205 2811 2274 γενομένη.
2844 2221 2862 2254 ι
2887 2199 2983 2266 Εἷς
3006 2203 3235 2276 Κύριος,
3273 2206 3368 2275 μία
3393 2205 3569 2269 πίστις.
3598 2225 3611 2257 ι
3639 2207 3728 2260 Ἰδοὺ

2249 2298 2345 2352 καὶ
2367 2297 2498 2367 άλλη
2528 2295 2802 2349 κοινωνία.
2835 2289 2930 2357 Εἷς
2962 2295 3095 2365 ἡμῖν
3126 2295 3354 2364 Κύριος,
3381 2297 3470 2368 μία
3503 2297 3659 2361 πίστις,
3685 2299 3725 2351 ἒν

2255 2390 2558 2459 βάπτισμα.
2586 2388 2661 2440 Οὐ
2687 2388 2770 2440 δεῖ
2793 2381 2884 2440 οὖν
2911 2387 3058 2457 ἡμᾶς
3076 2387 3370 2442 διεστάναι.
3401 2408 3418 2440 ι
3445 2384 3526 2452 Εἷς
3554 2389 3652 2453 Θεὸς
3665 2391 3727 2442 καὶ

2250 2480 2462 2550 Πατήρ.
2489 2497 2508 2529 ι
2543 2477 2674 2530 Ἰδοὺ
2689 2479 2781 2530 καὶ
2809 2476 2945 2547 άλλη
2962 2477 3242 2544 κοινωνία,
3260 2480 3352 2532 καὶ
3377 2480 3569 2550 ἀγάπης
3581 2482 3727 2550 πρόφα-

2250 2593 2354 2638 σις,
2373 2576 2432 2628 τὸ
2453 2569 2736 2644 εἴναιήμῖν
2750 2573 2845 2626 ἕνα
2872 2573 3089 2643 Πατέρα
3100 2574 3197 2628 τὸν
3218 2573 3374 2631 Θεόν.
3399 2594 3416 2627 ι
3443 2575 3536 2628 Kal
3550 2576 3725 2645 ἑπὶιιάν-

2245 2685 2375 2732 των,
2403 2685 2421 2717 ι
2445 2665 2780 2729 τουτέστιν,ό
2796 2664 2982 2717 ἐπάνω
3002 2665 3245 2719 πάντων.
3272 2667 3407 2720 (Καὶ
3418 2666 3495 2720 διὰ
3518 2666 3712 2728 πάντων.»

2246 2757 2547 2821 τουτέστιν,
2582 2757 2610 2809 6
2661 2757 2906 2827 προνοῶν
2953 2757 3041 2811 διὰ
3091 2757 3314 2812 πάντων
3353 2759 3512 2827 ἡμῶν.
3543 2776 3559 2809 ι
3590 2759 3722 2811 Καὶίν

2243 2851 2408 2904 πᾶσιν
2440 2849 2593 2918 ἡμῖν,
2630 2865 2648 2898 ι
2674 2849 2970 2915 τουτέστιν,
3000 2851 3028 2903 6
3056 2850 3288 2906 ἑνοικῶν
3309 2851 3365 2904 ὲν
3387 2853 3534 2905 πᾶσιν
3554 2851 3668 2921 ἡμῖν.

575 2954 596 2986 ι
631 2937 695 2991 Ει
741 2955 836 3009 per
871 2955 1082 2997 omnes.
1116 2961 1136 2994 ι
1191 2941 1302 2997 Hoc
1340 2954 1444 3010 est,
1491 2945 1886 3016 providentiam
1943 2961 2110 3018 agens
2147 2956 2244 3014 per
2297 2953 2489 3003 omnes
2544 2951 2664 2992 nos.
2700 2956 2721 2990 ι
2760 2940 2826 2993 Et
2859 2940 2914 2993 in
2944 2939 3204 2998 omnibus
3274 2941 3448 2998 nobis.
3477 2960 3495 2995 ι
3527 2940 3614 2998 Hoc
3655 2948 3722 3003 ett,

571 3033 885 3104 inhabitans
916 3035 969 3088 in
1003 3036 1258 3092 omnibus
1283 3039 1462 3092 nobis.

643 3123 730 3186 IV,
789 3125 946 3183 7-15.
1007 3127 1198 3182 Verum
1245 3131 1523 3201 unicuique
1577 3141 1816 3186 nostrum
1866 3134 1995 3183 data
2063 3135 2213 3194 estC

570 3220 748 3284 gratia
784 3215 948 3284 juxta
1005 3236 1306 3274 mensuram
1353 3221 1658 3276 donationis
1714 3223 1933 3275 Christi.
1987 3222 2134 3286 Qua-

566 3315 782 3374 prOpter
823 3308 991 3364 dicit:
1027 3309 1156 3366 Cum
1193 3313 1496 3366 ascenderet
1549 3313 1601 3365 in
1647 3312 1841 3375 altum,
1875 3313 2137 3379 captivam

567 3399 1093 3468 duxitcaptivitatem
1118 3414 1166 3457 et
1191 3404 1334 3457 dedit
1365 3404 1505 3458 dona
1529 3405 1848 3458 hominibus.
1877 3403 2138 3458 Ceterum

568 3488 706 3541 illud
743 3494 980 3546 ascendit
1010 3494 1137 3564 quid
1172 3505 1250 3548 est
1281 3497 1384 3549 nisi
1419 3497 1556 3566 quod
1590 3497 1749 3549 etiam
1795 3497 2139 3549 descenderat

568 3583 715 3647 prius
754 3588 808 3637 in
835 3587 1048 3653 inﬁmas
1092 3596 1268 3653 partes
1316 3589 1506 3642 terrw?
1536 3588 1639 3654 Qui
1691 3589 1958 3642 descendit
2000 3590 2140 3642 idem

571 3671 662 3725 ille
707 3684 785 3727 est
849 3678 939 3736 qui
992 3679 1154 3730 etiam
1197 3680 1428 3732 ascendit
1476 3697 1639 3748 supra
1699 3697 1878 3734 omnes
1942 3681 2137 3743 caelos,

571 3772 628 3815 ut
695 3765 929 3833 impleret
992 3769 1188 3821 omnia.
1233 3768 1305 3822 Et
1367 3769 1500 3824 idem
1547 3770 1688 3825 dedit
1743 3772 1877 3826 alios
1929 3773 2138 3842 quidem

568 3859 855 3924 apostolos,
881 3859 1016 3913 alios
1047 3877 1163 3914 vero
1183 3861 1482 3930 prophetas,
1506 3847 1642 3917 alios
1673 3873 1856 3917 autem
1882 3865 2141 3935 evangeli-

570 3959 684 4002 stas
703 3991 716 4011 ,
751 3951 886 4006 alios
927 3969 1045 4005 vero
1072 3964 1312 4022 pastores
1347 3971 1409 4008 ac
1437 3957 1675 4009 doctores
1702 3957 1772 4009 ad
1799 3957 2142 4010 instauratio-

567 4059 683 4096 nem
715 4055 1040 4108 sanctorum,
1087 4045 1141 4097 in
1172 4061 1302 4114 opus
1332 4047 1837 4111 administrationis,
1885 4049 1938 4102 in
1967 4049 2138 4114 trdi/i-

565 4131 821 4184 cntionem
845 4131 1078 4200 corporis
1109 4130 1331 4194 Christi,
1357 4133 1520 4186 donec
1543 4136 1908 4200 perveniamus
1956 4153 2137 4190 omnes

565 4219 622 4270 in
651 4219 904 4273 unitatem
941 4221 1070 4287 ﬁdei
1123 4229 1172 4275 et
1214 4224 1566 4291 cognitionem
1619 4223 1752 4278 Filii
1806 4225 1926 4290 Dei,
1976 4227 2032 4279 in
2062 4226 2137 4280 vi-

565 4327 684 4363 rum
732 4312 1038 4381 perfectum,
1083 4315 1140 4366 in
1196 4331 1499 4368 mensuram
1545 4317 1722 4370 (etatis
1790 4318 2137 4385 plenitudinis

567 4403 786 4458 Christi.

2325 3125 2441 3178 Ἕν)
2467 3125 2537 3178 δὲ
2571 3125 2812 3190 ἑκάστῳ
2853 3125 3026 3194 ἡμῶν
3064 3126 3250 3195 ἐδόθη
3291 3128 3328 3194 ἡ
3359 3127 3513 3196 χάρις
3543 3127 3654 3180 κατὰ
3673 3124 3717 3178 τὸ

2235 3216 2455 3287 μέτρον
2469 3215 2578 3285 τῆς
2595 3217 2820 3286 δωρεᾶς
2836 3217 2942 3271 τοῦ
2959 3218 3241 3287 Χριστοῦ.
3263 3219 3359 3272 Διὸ
3375 3215 3726 3287 λέγει-Ἀναζὰς

2245 3310 2331 3373 εὶς
2354 3307 2532 3375 ὕψος,
2559 3308 3034 3377 ᾐχμαλώτευσεν
3055 3311 3481 3378 αιχμαλωσιάν,
3501 3308 3580 3362 καί
3601 3307 3727 3360 ἔδωκε

2239 3395 2467 3465 δόματα
2497 3397 2620 3463 τοῖς
2643 3398 2996 3466 ἀνθρώποις.
3044 3400 3113 3452 Τὸ
3145 3399 3218 3452 δὲ
3249 3399 3426 3468 ἀνέϐη
3447 3400 3498 3452 τί
3527 3399 3671 3460 ἐστιν,
3691 3397 3726 3448 εί

2235 3488 2322 3559 μὴ
2339 3490 2428 3543 ὅτι
2453 3491 2549 3544 καί
2569 3493 2786 3560 κατέϐη
2815 3494 2901 3558 εἰς
2932 3494 3005 3546 τὰ
3027 3493 3328 3561 κατώτερα
3345 3492 3482 3563 μέρη
3517 3493 3603 3559 τῆς
3624 3489 3724 3559 τῆςῖ

2241 3585 2275 3636 d
2291 3583 2551 3649 καταϐὰς
2565 3584 2748 3650 αὐτός
2773 3586 2905 3638 ἐστι
2934 3586 3032 3638 καὶ
3067 3588 3102 3640 ὁ
3129 3587 3362 3653 ἀναϐὰς
3379 3584 3610 3656 ὑπεράνω
3627 3582 3725 3636 xa’r-

2241 3691 2359 3727 των
2390 3675 2512 3727 τῶν
2566 3675 2862 3743 οὐρανῶν,
2890 3678 2990 3730 ἵνα
3031 3679 3328 3748 πληρώσῃ
3363 3677 3432 3732 τὰ
3461 3676 3634 3730 πάντα.
3653 3672 3722 3727 Kal

2239 3768 2425 3834 αὐτὸς
2453 3767 2640 3822 ἔδωκε
2671 3768 2814 3835 τοὺς
2847 3769 2967 3839 μὲν
2991 3770 3397 3836 ἀποστόλους,
3412 3769 3534 3834 τοὺς
3559 3767 3613 3821 δὲ
3631 3781 3725 3832 apo-

2240 3859 2457 3928 φήτας,
2491 3859 2633 3926 τοὺς
2679 3860 2747 3913 δὲ
2792 3861 3250 3931 εὐαγγελιστάς,
3274 3863 3410 3927 τοὺς
3434 3861 3494 3914 δὲ
3519 3858 3724 3927 ποιμένας

2241 3950 2338 4003 καί
2397 3950 2828 4017 διδασκάλους,
2882 3952 3037 4019 πρὸς
3087 3953 3199 4006 τὸν
3250 3950 3613 4020 καταρτισμὸν
3647 3944 3726 3999 τῶν

2240 4043 2443 4112 ἁγίων,
2493 4045 2581 4108 εἰς
2631 4043 2811 4112 ἔργον
2848 4043 3181 4110 διακονίας,
3230 4049 3318 4112 εἰς
3347 4043 3625 4113 οἰκοδομὴν
3655 4036 3726 4093 τοῦ

2239 4133 2516 4202 σώματος
2545 4134 2652 4188 τοῦ
2696 4135 2979 4202 Χριστοῦ,
3021 4137 3205 4206 μέχρι
3262 4135 3666 4202 καταντήσωμεν
3690 4130 3727 4182 οἱ

2240 4224 2462 4291 πάντες
2507 4227 2595 4290 είς
2643 4227 2758 4292 τὴν
2811 4226 3068 4294 ἑνότητα
3120 4227 3232 4297 τῆς
3285 4230 3522 4292 πίστεως
3549 4225 3624 4277 καί
3652 4220 3726 4287 τῆς

2238 4314 2620 4382 ἐπιγνώσεως
2644 4315 2750 4369 τοῦ
2775 4316 2910 4370 Υιοῦ
2926 4317 3031 4371 τοῦ
3055 4319 3226 4382 Θεοῦ,
3248 4321 3332 4385 εἰς
3360 4318 3528 4386 ἄνδρα
3542 4315 3724 4375 τέλειον,

2240 4409 2327 4473 εὶς
2346 4407 2568 4475 μέτρον
2592 4409 2836 4477 ἡλικίας
2866 4409 2974 4462 τοῦ
2993 4410 3388 4480 πληρώματος
3408 4411 3502 4463 τοῦ
3519 4405 3724 4477 Χριστοῦ.

637 4495 746 4568 34
774 4494 830 4551 Si
854 4499 1040 4553 omnia
1059 4507 1117 4554 ut
1141 4501 1282 4554 dicis
1309 4501 1622 4556 communia
1648 4509 1798 4568 sunt,
1833 4501 1980 4558 uude
2006 4518 2136 4573 pro-

2304 4471 2374 4552 VE'i
2407 4471 2583 4553 πάντα
2616 4471 2762 4552 ἐστὶν
2797 4471 2872 4562 ei);
2898 4501 3077 4568 λέγεις
3103 4471 3288 4566 κοινὰ,
3321 4471 3474 4555 πόθεν
3498 4503 3521 4555 6
3549 4471 3625 4571 μὲν
3646 4497 3725 4567 μεῖ-

569 4590 720 4643 venit
763 4598 821 4643 ut
850 4590 940 4645 hic
975 4592 1192 4659 quidem
1231 4593 1521 4662 majorem,
1566 4593 1658 4648 ille
1684 4609 1814 4649 vero
1863 4595 2129 4649 minorem

567 4681 731 4735 habet
785 4683 1062 4752 gratiam?
1120 4699 1245 4737 nam
1313 4685 1418 4740 hoc
1458 4686 1807 4753 potissimum
1860 4685 2011 4755 ipsos
2068 4685 2136 4738 ad

565 4773 828 4828 invidiam
872 4773 1140 4828 ducebat:
1171 4782 1227 4829 et
1258 4775 1370 4840 ait;
1401 4775 1707 4846 Unicuique
1737 4776 1861 4830 data
1886 4785 1971 4830 est
2013 4791 2139 4844 gra-

565 4865 680 4929 tia,
732 4864 782 4917 id
829 4875 937 4926 est,
989 4866 1190 4919 donum
1247 4866 1402 4935 juxta
1459 4882 1771 4920 mensuram
1820 4867 2135 4922 donationis

565 4955 771 5010 Clu-isti
806 4973 870 5012 ac
899 4959 944 5013 si
978 4959 1226 5013 diceret:
1276 4957 1334 5011 Si
1385 4958 1501 5027 ipse
1547 4974 1768 5012 mensus
1791 4966 1876 5013 est
1910 4958 2134 5010 omnino

565 5055 713 5101 recte
740 5064 962 5104 mensus
984 5062 1088 5115 est,
1121 5053 1342 5106 omnino
1366 5062 1420 5107 et
1448 5051 1674 5104 utiliter.
1700 5051 1765 5104 Et
1795 5051 1839 5105 si
1869 5049 1998 5104 doni
2026 5057 2131 5113 est,

567 5139 830 5208 quidquid
876 5142 1007 5196 illud
1058 5155 1140 5198 est
1181 5146 1325 5214 quod
1379 5143 1660 5214 accepisti,
1699 5157 1796 5212 pro
1833 5158 1898 5198 eo
1927 5143 2135 5213 gratias

567 5247 667 5302 age
693 5249 705 5283 :
753 5247 849 5300 pro
869 5247 936 5286 eo
959 5248 1088 5288 vero
1111 5237 1255 5304 quod
1291 5252 1395 5290 non
1424 5235 1711 5306 accepisti,
1749 5251 1816 5289 ne
1846 5233 2094 5289 invideas
2119 5250 2132 5288 :

569 5323 772 5377 (lentim
807 5324 952 5379 enim
981 5333 1064 5379 est
1092 5343 1105 5379 :
1145 5335 1397 5396 tanquam
1425 5329 1666 5383 diceret:
1713 5326 1874 5382 Novit
1897 5326 1990 5396 qui
2018 5326 2135 5381 dis-

571 5416 765 5470 tribuit
795 5431 860 5470 ac
911 5417 1154 5481 donavit,
1199 5420 1472 5486 quomodo
1507 5427 1655 5474 recte
1703 5426 1759 5473 et
1791 5419 2002 5473 utiliter
2032 5417 2135 5471 hoc

570 5507 781 5562 fecerit.
833 5509 952 5561 Alia
986 5508 1254 5578 siquidem
1307 5512 1675 5564 communiter
1723 5518 2131 5579 proponuntur,

571 5598 712 5653 dona
746 5616 875 5656 vero
923 5602 1048 5656 data
1077 5609 1206 5656 sum
1231 5601 1386 5669 juxta
1421 5601 1831 5669 proportionem
1876 5601 2136 5670 puritatis

570 5691 1026 5763 uniuscujusque.
1071 5693 1418 5764 Quapropter
1458 5691 1595 5747 dicit
1637 5709 1651 5746 :
1699 5711 1716 5743 ι
1746 5691 1879 5746 Cum
1933 5707 2135 5749 ascen—

571 5783 722 5839 deret
762 5787 814 5840 in
852 5787 1043 5840 altum.
1079 5805 1096 5838 ι
1134 5785 1200 5841 Ει
1247 5786 1390 5857 quod
1434 5783 1633 5858 gratia,
1681 5783 1877 5855 inquit,
1928 5785 2132 5841 donum

2243 4590 2357 4655 ζον,
2391 4591 2419 4642 6
2441 4590 2498 4642 δὲ
2531 4589 2752 4642 ἔλαττον
2808 4591 2920 4660 ἔχει
2966 4591 3244 4662 χάρισμα;
3278 4592 3443 4645 Τοῦτο
3466 4592 3558 4661 γὰρ
3587 4586 3724 4644 αὐτοὺς

2238 4684 2318 4744 εἰς
2347 4681 2540 4749 φθόνον
2575 4682 2812 4752 μάλιστα
2839 4677 2962 4752 ἦγε,
3005 4683 3100 4735 καί
3143 4702 3329 4753 φησιν.
3375 4683 3592 4751 Ἐκάστῳ
3615 4676 3721 4744 ἐδόθη

2235 4773 2467 4843 ήχάρις,
2493 4774 2765 4837 τουτέστι,
2803 4773 2863 4826 τὸ
2915 4774 3184 4843 χάρισμα,
3217 4777 3360 4829 κατὰ
3398 4775 3455 4827 τὸ
3480 4776 3637 4844 μέτρον
3657 4768 3722 4831 τῆς

2233 4864 2442 4933 δωρεᾶς
2469 4862 2561 4917 τοῦ
2591 4863 2852 4934 Χριστοῦ,
2883 4863 3014 4915 ὡσεὶ
3032 4861 3184 4918 εἶπεν
3203 4881 3218 4896 ·
3252 4866 3318 4920 Εἰ
3346 4865 3492 4926 αὐτὸς
3506 4862 3718 4931 ἐμέτρησεν

2238 4955 2456 5018 πάντως
2514 4955 2595 5006 ὄτι
2654 4953 2838 5016 καλῶς
2888 4953 3182 5024 ὲμέτρησε,
3214 4956 3428 5015 πάντως
3472 4952 3554 5004 καὶ
3575 4960 3720 5015 συμφε-

2241 5046 2466 5116 ρόντως.
2500 5046 2612 5099 Kal
2657 5047 2706 5097 εἰ
2751 5045 2960 5115 δωρεᾶς
2999 5048 3118 5099 ἐστι
3162 5047 3226 5100 τὸ
3262 5051 3389 5113 πᾶν,
3427 5045 3550 5114 ὑπὲρ
3577 5041 3650 5111 μὲν
3678 5025 3718 5088 οὗ

2239 5136 2432 5201 ἔλαϐες
2455 5139 2794 5209 εὐχαρίστει,
2818 5138 2957 5207 ὑπὲρ
2985 5137 3043 5190 δὲ
3070 5133 3130 5192 οὗ
3157 5139 3256 5191 οὐκ
3280 5137 3481 5200 ἔλαόες,
3498 5135 3561 5203 μὴ
3573 5131 3716 5202 φθόνει·

2239 5231 2428 5301 Δωρεὰ
2453 5231 2562 5300 γάρ
2591 5231 2760 5295 ἐστιν,
2793 5229 2923 5282 ὡσεὶ
2954 5226 3108 5285 εἷπεν
3132 5247 3147 5264 θ
3177 5228 3317 5284 οίδεν
3345 5232 3373 5282 ό
3405 5227 3637 5298 μετρήσας
3655 5215 3718 5270 καὶ

2239 5322 2649 5393 δωρησάμενος,
2705 5322 2822 5384 πῶς
2852 5321 3033 5386 καλῶς
3075 5324 3168 5376 καὶ
3216 5322 3572 5394 συμφερόντως
3606 5310 3717 5364 τοῦτο

2243 5413 2532 5483 πεποίηκε.
2573 5413 2653 5466 Τά
2706 5414 2804 5482 μὲν
2849 5413 2957 5482 γὰρ
3014 5414 3168 5479 ἄλλα,
3197 5414 3352 5467 κοινὰ
3396 5411 3648 5481 πρόκειται,
3670 5398 3716 5451 τὰ

2241 5506 2298 5560 δὲ
2328 5506 2642 5576 χαρίσματα
2698 5505 2906 5558 δέδοται
2934 5506 3077 5559 κατά
3100 5507 3196 5578 τήν
3237 5505 3510 5572 ἀναλογίαν
3527 5501 3606 5564 τῆς
3627 5491 3716 5548 ἐκάη

2243 5616 2369 5653 στου
2404 5597 2799 5668 καθαρότητος.
2842 5597 2932 5649 Διὸ
2954 5596 3124 5666 λέγει,
3161 5617 3180 5650 ι
3223 5597 3443 5658 ’Δναὸἀς
3465 5596 3534 5656 εἰς
3557 5587 3708 5655 ὕψοςι³

2241 5692 2353 5747 Καὶ
2383 5692 2486 5757 ὅτι,
2539 5689 2738 5759 φησιν,
2774 5689 2808 5758 ἡ
2857 5689 3016 5759 χάρις
3059 5690 3234 5760 δωρεά
3268 5691 3383 5743 ἐστι
3405 5685 3490 5740 τοῦ
3519 5670 3709 5749 Χριστοῦ,

2242 5787 2334 5838 ml
2362 5785 2522 5846 αὐτῆς
2552 5781 2830 5853 μετρήσας
2863 5781 3082 5849 ἔδωκεν,
3103 5781 3286 5848 ἄκουε,
3313 5779 3456 5853 φησὶ,
3478 5774 3558 5832 τοῦ
3579 5762 3708 5824 Anuli.
