3956 6562
199 453 343 523 1217

1223 439 1607 504 COMMENT.
1649 434 1727 496 ΙΝ
1768 431 2002 492 EPIST.
2037 432 2138 490 AD
2177 430 2441 490 EPHES.

3302 415 3442 480 1218

201 572 279 626 Τὸ
305 569 383 632 δὲ,
423 585 442 618 ι
483 564 714 629 ’Δναϐἀς
776 566 854 628 εις
917 561 1074 632 ὕψος,
1114 579 1132 612 ι
1171 556 1405 627 ἀλλαχοῦ
1449 555 1620 623 λέγει,
1667 550 1770 613 ὅτι,

1895 544 1950 597 iit
1968 542 2192 606 Christi,
2225 549 2278 594 et
2302 545 2418 610 ipse
2439 532 2825 604 distribuendo
2841 530 3074 596 dederit,
3091 529 3216 584 audi
3243 527 3436 583 David:

210 681 230 716 ι
265 661 512 733 Ἑτηῄρθη
544 661 576 730 ή
605 655 1052 729 μεγαλοπρέπειά
1073 670 1168 706 σου
1191 648 1446 718 ὑπεράνω
1477 646 1586 699 τῶν
1612 643 1773 712 οὐρα-

205 753 336 808 νῶν.
375 732 396 804 ι
433 751 566 805 Τίνα
615 750 674 802 δὲ
707 747 1166 820 ᾐχμαλώτευσεν;
1197 743 1346 814 ἡμᾶς
1389 737 1650 808 δηλονότι,
1675 732 1772 804 τὴν

206 843 381 916 καλὴν
408 842 502 896 καὶ
557 841 940 910 συμφέρουσαν
975 831 1374 908 αἰχμαλωσίαν.
1407 826 1640 896 Πολέμῳ
1664 823 1773 892 γὰρ

203 937 384 1007 νοητῷ
397 935 626 1002 νικήσας
642 933 734 987 τὸν
748 931 1013 994 διάϐολον,
1032 925 1410 998 αἰχμαλώτους
1429 916 1572 974 εἷλεν
1601 919 1771 988 ἡμᾶς,

207 1030 309 1100 οὐχ
366 1028 452 1082 ἴνα
496 1023 970 1095 καταδουλώσηται
1020 1020 1160 1092 (πῶς
1193 1017 1321 1081 τοὺς
1358 1015 1516 1076 ὄντας
1557 1008 1775 1071 δούλους

207 1121 305 1174 καὶ
336 1118 558 1188 πάλαι),
601 1116 714 1170 ἀλλ’
750 1114 836 1169 ἵνα
881 1113 982 1182 τῆς
1009 1111 1212 1182 πικρᾶς
1249 1103 1530 1177 ἀπαλλάξῃ
1569 1117 1774 1172 τυραν-

207 1217 352 1279 νίδος
378 1214 471 1268 τοῦ
507 1214 764 1281 πονηροῦ.
798 1207 956 1271 Τινὲς
1013 1205 1070 1260 δὲ
1103 1205 1195 1260 ἐπὶ
1236 1202 1332 1258 τοῦ
1363 1198 1596 1271 σταυροῦ
1619 1197 1776 1250 τοῦτο

204 1305 459 1374 ἐνόησαν.
511 1301 740 1364 ’Δναϐἀς
785 1299 880 1353 ἐπὶ
909 1296 1004 1352 τοῦ
1041 1295 1298 1366 σταυροῦ,
1332 1292 1772 1365 ᾐχμαλώτευσεν.

201 1393 500 1468 -ίΦΩΤ.]
547 1390 962 1464 ᾘχμαλώτευσε
1015 1388 1113 1459 μὲν
1148 1387 1240 1441 τὸν
1269 1384 1534 1438 διάϐολον.
1567 1382 1775 1434 Ἔδωκε

201 1487 264 1542 δὲ
294 1486 418 1541 ἀντὶ
445 1483 711 1554 τιμωρίας
733 1482 940 1547 δόματα
973 1480 1070 1533 καὶ
1090 1478 1403 1550 χαρίσματα
1436 1476 1548 1536 τοῖς
1575 1475 1778 1542 αἰχμα-

205 1578 539 1634 λωτισθεῖσι.
575 1593 594 1626 ι
630 1576 736 1629 Kal
765 1573 930 1626 ἔδωκε
977 1573 1209 1642 δόματα.
1244 1588 1262 1622 ι
1309 1569 1472 1621 Ὥστε
1510 1565 1604 1619 τοῦ
1637 1566 1775 1636 Χρι-

208 1671 343 1726 στοῦ
370 1670 595 1740 δόματα.
621 1667 687 1722 Τί
713 1662 806 1721 οὖν
833 1665 1124 1734 ἀδημονεῖς
1145 1663 1279 1716 πολὺ
1304 1661 1378 1732 μὴ
1407 1659 1566 1729 ἔχων,
1589 1657 1622 1728 ἢ
1650 1656 1777 1727 φθο-

206 1763 323 1824 νεῖς
379 1761 458 1830 τῷ
497 1758 706 1829 ἐχοντις
744 1756 856 1810 Kal
883 1749 984 1809 ὦδε
1019 1753 1138 1824 μὲν,
1168 1749 1361 1814 οὕτως.
1412 1745 1776 1819 Παρακατιὼν

207 1853 268 1907 δὲ
296 1851 568 1906 δείκνυσιν
591 1849 673 1903 ὅτι
707 1846 845 1919 πρὸς
872 1844 1136 1915 ὠφέλειαν
1154 1843 1254 1912 τῆς
1290 1839 1616 1910 Ἑκκλησίας
1643 1837 1778 1891 ’ἐκα-

213 1962 339 2008 στος
366 1943 527 1998 ελαϐε
555 1942 615 1996 τὺ
643 1940 908 2012 χάρισμα,
944 1938 1039 1991 καὶ
1066 1936 1094 1988 ό
1122 1936 1182 1988 τὸ
1219 1934 1360 2005 μέγα
1385 1930 1568 1986 λαϐὼν
1607 1928 1704 1982 καὶ
1751 1929 1780 1982 6

210 2036 274 2089 τὸ
299 2034 374 2105 μὴ
399 2033 664 2097 τοιοῦτον,
682 2031 777 2086 καὶ
797 2029 859 2083 οὐ
880 2027 968 2082 διὰ
993 2027 1062 2081 τά
1079 2027 1255 2080 οίκεϊα
1284 2023 1443 2093 ἔργα,
1466 2020 1588 2105 οὐδὲ
1604 2018 1692 2073 διὰ
1720 2017 1782 2070 τὸ

211 2128 364 2194 ἀξιον
397 2123 535 2180 εἷναί
594 2142 715 2180 τινα
765 2121 860 2176 τοῦ
890 2119 1094 2175 λαϐεῖν.
1137 2117 1234 2180 Τίς
1265 2111 1359 2170 οὖν
1387 2100 1674 2183 φθονήσειε
1703 2111 1782 2182 σιῷ

213 2218 302 2274 διά
327 2236 379 2272 τι
405 2217 671 2287 εἰληφότι,
729 2214 824 2268 καὶ
857 2213 992 2284 πρὸς
1035 2209 1238 2281 ἑτέρων
1282 2206 1588 2277 ώφέλειαν;
1619 2205 1784 2258 Ὅσον

215 2312 327 2383 γὰρ
359 2310 540 2378 μεῖζον
558 2307 619 2363 τὸ
639 2305 901 2378 χάρισμα,
925 2304 1176 2359 τοσοῦτον
1195 2299 1582 2371 ἀκριϐέστεραι
1604 2297 1662 2350 ai
1691 2295 1781 2349 εὐ-

211 2401 394 2458 θύναι.
423 2420 443 2453 ι
467 2400 574 2454 Kal
600 2397 768 2452 ἔδωκε
797 2396 1058 2466 δόματα.»
1090 2390 1286 2448 Λαϐὼν
1311 2389 1420 2461 γάρ
1449 2387 1548 2459 τήν
1577 2386 1782 2454 πίστιν,

215 2494 524 2550 ἀντιδίδωσι
556 2492 656 2563 τὴν
696 2488 876 2563 χάριν.
907 2487 982 2542 Τὸ
1008 2486 1088 2552 δὲ,
1122 2503 1142 2538 ι
1184 2483 1402 2553 Ἀνέϐη,
1451 2481 1504 2536 τί
1534 2481 1720 2546 tactv;
1760 2497 1780 2532 ι

217 2587 335 2641 Οὐκ
383 2583 450 2638 ἂν
475 2582 553 2649 δὲ,
585 2580 770 2652 φησὶν,
815 2577 1010 2651 ὲδεήθη
1038 2579 1066 2631 6
1104 2574 1388 2647 προφήτης
1447 2571 1542 2628 τοῦ
1587 2571 1784 2633 εἰπεῖν,

230 2678 447 2749 Ἀνέϐη.
479 2679 526 2732 εί
560 2675 634 2748 μὴ
657 2673 773 2746 ᾔδει
804 2673 887 2727 δτι
907 2670 1111 2742 κατέϐη
1142 2665 1538 2742 πρῶτον.Περὶ
1559 2664 1668 2737 γὰρ
1689 2661 1784 2718 τοῦ

217 2770 576 2831 καταϐάντος,
609 2767 691 2832 τὸ,
723 2763 914 2834 ἀνέϐη,
934 2763 1081 2831 λέγει
1106 2778 1214 2823 τις.
1243 2790 1308 2800 -
1345 2757 1546 2832 [ΦΩΤ.]
1571 2755 1787 2828 Ἐπειδὴ

219 2867 249 2918 6
285 2859 661 2930 ἀναϐαίνων,ἢ
683 2860 740 2910 ἐν
760 2857 839 2929 τῷ
859 2856 1169 2911 ἀναϐαίνειν
1198 2852 1462 2924 λαμϐάνει
1489 2850 1588 2922 τὴν
1614 2849 1789 2922 ἀρχὴν

220 2954 316 3009 τοῦ
343 2955 454 3010 ἀνω
475 2951 748 3020 γενέσθαι,
781 2949 970 3018 ὥσπερ
997 2949 1088 3002 ὅτε
1115 2965 1200 3011 τις
1226 2945 1535 3016 ἀπάρχεται
1559 2942 1787 2998 ἀναϐαί-

223 3060 336 3097 νειν
374 3040 447 3112 μὴ
479 3041 554 3094 ὢν
611 3039 671 3103 ἐξ
723 3037 896 3110 ἀρχῆς
925 3035 1060 3100 ἀνω,
1095 3033 1130 3105 ἢ
1160 3035 1222 3088 οὐ
1265 3032 1361 3087 νῦν
1389 3031 1660 3103 λαμϐάνει
1689 3029 1790 3103 τὴν

221 3133 402 3206 ἀρχὴν
425 3131 520 3200 τῆς
545 3129 755 3195 ἀνόδου,
777 3127 894 3182 ἀλλ’
919 3125 1014 3182 ἀπ’
1041 3125 1217 3198 ἀρχῆς
1241 3125 1340 3195 μὲν
1359 3119 1426 3197 ἦν
1452 3125 1585 3192 ἀνω,
1616 3139 1787 3177 κατα-

1873 633 2028 698 Quod
2078 640 2260 687 autem
2302 631 2412 687 ait:
2474 646 2493 679 ι
2533 627 2668 682 Cum
2715 623 3040 681 ascenderet
3070 623 3125 676 in
3179 621 3373 684 altum,
3415 639 3434 672 ι

1873 725 2006 777 alibi
2038 722 2212 776 dicit:
2255 721 2515 776 «Elevata
2565 726 2650 774 est
2694 713 3097 786 magniﬁcentia
3151 721 3242 766 tua
3275 726 3441 780 super

1872 813 2041 869 caios
2072 812 2185 879 ".{i
2219 809 2393 877 Quem
2425 817 2608 863 autem
2636 807 2789 862 duxit
2813 804 3088 874 captivum
3110 803 3134 857 τ
3159 819 3261 856 nos
3293 803 3442 856 vide-

1873 906 2021 968 licet,
2045 903 2330 972 pulchram
2359 910 2414 955 et
2447 901 2636 955 utilem
2673 897 3072 967 captivitatem.
3123 894 3258 950 Cum
3289 895 3435 947 enim

1874 995 2149 1067 spirituali
2190 993 2334 1048 bello
2372 992 2596 1048 vicisset
2642 988 2948 1054 diabolum,
3005 1002 3105 1042 nos
3151 987 3274 1039 tulit
3311 1000 3441 1054 cap-

1873 1089 2015 1143 tivos
2039 1127 2055 1152 ,
2092 1100 2200 1140 non
2232 1091 2293 1138 ut
2321 1082 2577 1139 servituti
2617 1082 2932 1150 subjiceret.
2962 1077 3261 1149 (quomodo
3292 1077 3435 1132 enim

1875 1180 1978 1234 hoc
2002 1178 2226 1233 fecisset
2251 1190 2375 1231 cum
2395 1174 2507 1244 jam
2543 1174 2672 1236 olim
2708 1171 2849 1228 servi
2879 1169 3208 1240 essemus?)
3255 1168 3348 1224 sed
3381 1179 3441 1222 ut

1875 1271 1942 1326 ab
1982 1284 2169 1324 amara
2212 1267 2362 1322 illius
2398 1265 2644 1336 perversi
2677 1262 2967 1334 tyrannide
3001 1261 3275 1316 liberaret.
3309 1259 3443 1326 Qui-

1875 1364 1999 1419 dam
2028 1378 2158 1416 vero
2191 1359 2260 1415 de
2311 1373 2477 1414 cruce
2509 1357 2616 1412 hoc
2647 1357 3054 1417 intellexerunt,
3087 1367 3212 1407 cum
3248 1367 3459 1424 ascen--

1876 1457 2030 1511 deret
2053 1455 2105 1508 in
2129 1467 2371 1516 crucem,
2406 1451 2673 1520 captivam
2703 1448 2875 1502 duxit.
2899 1476 2972 1486 —
2997 1445 3282 1514 Captivum
3317 1444 3442 1512 qui-

1877 1546 2004 1603 dem
2037 1545 2194 1600 duxit
2247 1543 2522 1599 diabolum
2556 1558 2572 1596 :
2607 1541 2731 1594 loco
2762 1547 2941 1592 autem
2995 1537 3246 1606 supplicii
3292 1535 3442 1588 dedit

1878 1639 2023 1692 dona
2055 1645 2108 1690 et
2131 1636 2334 1707 gratias
2369 1633 2456 1687 his
2483 1633 2574 1701 qui
2606 1629 2803 1697 captivi
2831 1629 3042 1682 fuerant
3065 1625 3288 1680 detenti.
3323 1643 3342 1675 ι
3377 1624 3442 1677 Et

1877 1730 2028 1786 dedit
2056 1731 2218 1784 dona.
2260 1746 2278 1779 ι
2309 1725 2510 1781 Christi
2536 1724 2721 1792 itaque
2762 1722 2902 1775 dona
2941 1727 3107 1773 sunt:
3135 1718 3257 1786 quid
3283 1717 3447 1784 igitur

1884 1822 2192 1892 indignaris
2221 1818 2368 1889 quod
2401 1817 2629 1871 multum
2673 1829 2778 1869 non
2839 1813 3040 1866 habeas
3086 1817 3178 1864 aut
3228 1807 3441 1863 invides

1882 1913 2102 1969 habenti
2130 1912 2152 1964 τ
2183 1910 2248 1963 Εῑ
2277 1909 2368 1962 hic
2413 1905 2631 1976 quidem
2669 1904 2743 1958 ita
2776 1911 2881 1957 est.
2917 1903 3183 1958 Caeterum
3216 1898 3448 1950 ulterius

1882 2003 2268 2063 descendendo
2301 1998 2543 2056 ostendit
2571 1996 2718 2067 quod
2760 1996 2824 2048 ad
2861 1995 3154 2048 utilitatem
3189 1989 3448 2044 Ecclesiae

1882 2100 2114 2172 quisque
2137 2098 2340 2152 donum
2377 2091 2671 2160 acceperit,
2707 2097 2761 2144 et
2799 2087 2892 2158 qui
2934 2099 3188 2153 magnum
3211 2082 3446 2151 accepit,

1884 2200 1936 2249 et
1959 2191 2050 2263 qui
2095 2205 2201 2243 non
2235 2188 2365 2251 tale,
2401 2195 2456 2241 et
2486 2199 2594 2257 non
2626 2190 2848 2253 propter
2883 2177 3100 2249 propria
3135 2187 3321 2244 opera,
3352 2188 3450 2226 ne-

1883 2298 1990 2356 que
2017 2281 2160 2354 quod
2201 2281 2398 2350 dignus
2429 2284 2582 2333 esset
2611 2273 2882 2344 quispiam
2933 2269 3001 2324 ad
3043 2265 3446 2336 accipiendum.

1885 2379 2020 2447 Quis
2060 2389 2190 2447 ergo
2225 2371 2469 2428 invidere
2496 2367 2692 2440 poterit
2721 2366 2768 2418 ei
2800 2363 2892 2432 qui
2942 2367 3162 2431 propter
3209 2357 3444 2426 aliquam

1887 2483 2111 2527 causam
2135 2478 2188 2522 et
2211 2465 2276 2520 ad
2310 2463 2539 2518 aliorum
2575 2455 2923 2514 commodum
2966 2449 3218 2520 accepit?
3244 2456 3452 2519 quanto

1887 2564 2036 2620 enim
2089 2557 2268 2628 majus
2318 2561 2403 2611 est
2436 2552 2663 2614 donum,
2704 2554 2859 2601 tanto
2898 2543 3146 2598 exactius
3177 2539 3286 2594 erit
3321 2538 3448 2592 red-

1887 2653 2065 2711 denda
2109 2649 2272 2706 ratio.
2325 2665 2345 2699 ι
2381 2643 2449 2699 Ει
2475 2643 2622 2698 dedit
2643 2642 2803 2694 dona.
2835 2656 2854 2690 ι
2884 2635 3019 2690 Nam
3052 2633 3145 2697 qui
3172 2632 3329 2686 {idem
3359 2646 3448 2683 ae-

1889 2747 2034 2818 cepit
2066 2743 2246 2799 reddit
2283 2738 2541 2811 gratiam.
2594 2753 2611 2785 ι
2659 2733 2928 2788 Caeterum
2964 2726 3134 2781 illud:
3186 2721 3450 2776 Ascendit

1887 2814 2018 2910 quid
2049 2835 2174 2892 est?
2198 2853 2216 2885 ι
2251 2831 2430 2896 Nihil,
2453 2827 2650 2898 inquit,
2686 2835 2913 2877 necesse
2953 2819 3144 2873 fuisset
3173 2814 3452 2886 propheta:

1890 2906 2104 2984 dicere:
2140 2922 2422 2984 Ascendit,
2457 2918 2561 2973 nisi
2604 2913 2848 2969 novisset
2881 2926 3001 2964 eum
3032 2907 3185 2976 prius
3221 2906 3448 2959 descen-

1891 3022 2064 3079 disse.
2087 3017 2223 3073 Nam
2255 3015 2321 3069 de
2353 3029 2418 3067 eo
2438 3009 2528 3081 qni
2562 3008 2712 3078 prius
2739 3002 3100 3058 descenderat
3132 2997 3270 3053 solet
3298 2995 3454 3065 quis-

1894 3115 2039 3186 piam
2071 3109 2282 3166 dicere:
2317 3099 2683 3158 Ascendit.-—
2707 3094 2976 3162 Quoniam
3007 3091 3056 3145 is
3083 3090 3173 3158 qui
3209 3085 3462 3142 ascendit

221 3181 334 3290 6ἀὲ
357 3181 420 3279 δὲ
477 3181 848 3290 iasiﬂevxvt'iv
873 3181 1044 3276 νπάλιν
1082 3181 1318 3284 ’ἄξειαν
1363 3181 1533 3272 έίπὼν
1561 3181 1790 3282 ἀναϐὰς,

1895 3181 1994 3264 aut
2040 3207 2094 3260 in
2135 3215 2200 3258 eo
2227 3195 2372 3269 quod
2399 3191 2668 3255 ascendit,
2705 3187 2920 3242 initium
2964 3183 3138 3240 sumit
3166 3193 3225 3236 ut
3252 3183 3305 3235 in
3334 3181 3456 3234 loco

226 3315 519 3390 ἑρμηνεύει
579 3314 697 3378 πῶς
743 3314 826 3369 δεῖ
866 3314 1008 3368 νοεῖν
1039 3312 1101 3366 τὸ
1150 3309 1376 3373 ἀναϐάς.
1423 3309 1546 3362 Ὅτι
1584 3307 1682 3378 οὐχ
1719 3307 1796 3374 ὡς

227 3410 346 3475 νῦν,
381 3408 567 3478 φησὶν,
597 3405 902 3478 ἀρξάμενος
934 3402 1249 3458 ἀναϐαίνειν
1271 3397 1361 3471 (ἦν
1390 3398 1500 3469 γάρ
1537 3397 1594 3465 ἐξ
1620 3398 1798 3470 ἀρχῆς

228 3505 290 3559 ὲν
320 3501 398 3572 τῷ
427 3499 550 3567 ὕψει
598 3500 697 3570 τῆς
741 3498 926 3568 θεῖκῆς
957 3495 1111 3561 ἀξίας
1138 3493 1234 3548 καὶ
1260 3493 1360 3562 τῆς
1398 3491 1670 3561 πατρικῆς
1706 3491 1796 3544 δό-

229 3595 376 3667 ξης),
401 3595 516 3650 ἀλλ’
550 3592 627 3657 ὡς
653 3591 762 3648 ἀπὸ
784 3589 887 3661 τῆς
934 3587 1077 3643 κατὰ
1106 3586 1206 3656 τὴν
1236 3583 1551 3653 οἰκονομίαν
1585 3598 1797 3647 συγκα-

227 3689 535 3751 ταϐάσιως,
566 3689 660 3739 καὶ
707 3683 869 3756 μέχρι
895 3680 994 3752 τῆς
1031 3679 1112 3743 είς
1151 3677 1280 3750 ᾅδου
1309 3675 1559 3740 καθόδου,
1592 3676 1674 3738 εἰς
1699 3673 1800 3743 τὴν

232 3777 552 3850 πρέπουσαν
606 3773 699 3828 τοῦ
759 3769 940 3826 θεῖκοῦ
992 3768 1162 3838 ὕψους
1208 3766 1518 3837 φανέρωσιν
1560 3765 1800 3821 ἀνελθὼν

233 3870 420 3936 πάλιν,
449 3867 689 3936 λέγεται,
719 3865 901 3935 φησὶν,
919 3863 1000 3917 ὅτι
1027 3860 1216 3926 ἀνέϐη.
1245 3878 1264 3911 ι
1304 3860 1397 3922 Εἰς
1427 3859 1496 3935 τὰ
1516 3858 1801 3927 κατώτερα

237 3963 384 4034 μέρη
416 3962 513 4031 τῆς
540 3963 663 4030 γῆς.
705 3975 724 4008 ι
763 3957 1040 4017 Τουτέστι,
1066 3953 1181 4022 μεθ’
1205 3951 1234 4006 ὃ
1253 3953 1354 4006 οὐκ
1381 3951 1460 4003 ἔνι
1493 3948 1798 4019 κατώτερα.

236 4055 404 4122 Λέγει
431 4052 493 4105 δὲ
527 4051 618 4104 τὸν
671 4047 822 4120 ᾅδην,
870 4045 946 4110 ὡς
979 4044 1115 4115 πρὸς
1143 4043 1243 4113 τὴν
1287 4041 1472 4111 κοινὴν
1513 4040 1802 4111 συνήθειαν

237 4145 482 4218 ἀφορῶν.
541 4142 725 4204 οὕτως
768 4139 875 4208 γὰρ
932 4137 1112 4205 λέγειν
1146 4132 1438 4204 εἰώθαμεν.
1499 4131 1591 4185 Διὸ
1649 4129 1745 4184 καὶ
1776 4131 1804 4183 6

250 4233 448 4290 Ἰακώϐ
504 4248 656 4302 φησι.
705 4248 724 4281 ι
781 4228 894 4282 Kal
937 4223 1202 4288 κατάξετε
1236 4222 1301 4275 τὸ
1341 4221 1517 4293 γῆράς
1551 4236 1652 4289 μου
1684 4218 1804 4289 μετ’

238 4325 433 4396 ὀδύνης
463 4324 544 4386 εἰς
565 4321 714 4393 ᾅδου.
755 4338 774 4371 ι
807 4317 915 4372 Καὶ
939 4316 968 4368 ό
989 4314 1182 4370 Δαυίδ·
1215 4331 1234 4365 ι
1267 4312 1379 4367 Καὶ
1397 4311 1805 4383 ὀμοιωθήσομαι

239 4422 356 4482 τοῖς
405 4414 822 4471 καταϐαίνουσιν
876 4411 953 4472 είς
1003 4407 1226 4462 λάκκον.
1282 4421 1302 4457 ι
1359 4403 1658 4473 Κατώτερα
1697 4405 1807 4473 γὰρ

246 4513 392 4583 μέρη
415 4509 512 4578 τῆς
535 4507 637 4575 γῆς
699 4501 792 4558 τὸν
840 4502 1066 4556 θάνατον
1117 4497 1397 4552 ἐκάλεσεν.

243 4580 342 4656 καί
385 4602 414 4653 6
453 4595 677 4657 ἀναϐάς.
714 4612 734 4644 ι
773 4591 942 4644 Τοῦτο
989 4589 1086 4658 τὴν
1138 4585 1431 4656 Νεστορίου
1480 4580 1807 4636 καταϐάλλει

248 4690 617 4766 βλασφημίαν.
659 4687 717 4739 '0
748 4683 928 4745 αὐτὸς,
981 4681 1164 4752 φησιν,
1198 4679 1347 4730 ἐστὶν
1378 4679 1407 4730 6
1429 4673 1690 4739 ,καταϐὰς
1716 4674 1811 4726 καὶ

245 4763 277 4840 6
301 4782 532 4846 ἀναϐάς.
563 4776 895 4832 Καταϐαίνει
922 4773 1021 4843 μὲν
1050 4771 1160 4840 γὰρ
1187 4769 1268 4832 είς
1295 4766 1393 4837 τὴν
1430 4766 1706 4836 σάρκωσιν
1735 4763 1812 4827 ὡς

247 4877 408 4941 Θεὸς,
463 4870 740 4940 ἀναϐαίνει
768 4866 824 4919 δὲ
870 4864 945 4921 ὡς
986 4861 1290 4932 ἄνθρωπος.
1347 4855 1456 4912 Kal
1494 4853 1813 4909 καταϐαίνει

252 4970 354 5038 μὲν
389 4967 468 5028 είς
499 4964 590 5017 τὸν
629 4960 764 5032 ᾅδην
823 4957 896 5020 ὡς
947 4954 1252 5023 ἄνθρωπος,
1299 4949 1579 5006 ἀνίσταται
1627 4947 1686 5000 δὲ
1739 4947 1814 5008 ώς

249 5060 407 5122 Θεός.
455 5057 531 5112 Οὐ
570 5055 730 5125 μόνον
776 5050 853 5114 δὲ,
890 5046 1027 5100 ἀ).λά
1057 5044 1152 5097 καὶ
1198 5043 1453 5113 ὑπεράνω
1475 5039 1680 5109 γίνεται
1707 5038 1816 5092 τῶν

250 5147 518 5220 οὐρανῶν,
551 5144 646 5198 καὶ
693 5143 791 5211 οὐχ
846 5137 1056 5199 ἁπλῶς,
1087 5134 1220 5189 ἀλλά
1248 5135 1487 5196 πάντων,
1518 5131 1614 5198 τῆς
1639 5131 1816 5184 ἐκεῖσε

251 5217 460 5310 λήξεως
511 5236 603 5288 xal
651 5231 942 5299 καθέδρας,
989 5227 1048 5278 τὸ
1080 5223 1409 5295 πρόσλημμα
1440 5217 1594 5287 ήμῶν
1630 5218 1816 5282 ἀξιῶν.

267 5327 556 5398 ’Υπεράνω
605 5323 822 5376 πάντων
853 5319 959 5371 τῶν
990 5314 1253 5385 οὐρανῶν.
1311 5310 1482 5364 Τοῦτό
1526 5327 1709 5380 φησιν,
1740 5309 1821 5359 ὃτι

249 5421 409 5478 οὐδὲν
453 5415 603 5487 αὑτῷ
653 5416 791 5488 πρὸς
839 5413 938 5481 τὴν
990 5407 1177 5464 ἄνοδον
1224 5403 1530 5458 ὲνεπόδισεν
1577 5401 1714 5472 ήείς
1756 5398 1824 5452 τὰ

256 5513 550 5568 κατώτατα
603 5507 848 5568 κάθοδος.
884 5504 1070 5566 Ὥστε,
1116 5499 1272 5569 φησὶ,
1325 5495 1418 5548 καὶ
1453 5493 1609 5564 ήμῶν
1633 5493 1740 5562 ὅσῳ
1760 5490 1825 5544 ἄν

261 5621 340 5667 τις
384 5598 805 5668 ταπεινοφρονῇ,
858 5590 1096 5658 τοσούτῳ
1120 5586 1318 5655 μᾶλλον
1363 5582 1610 5652 ὑψοῦται.
1647 5596 1666 5630 ι
1708 5579 1823 5631 ’Ίνα

258 5693 525 5765 πληρώσῃ
551 5689 618 5744 τά
645 5688 841 5740 πάντα.
868 5702 885 5734 ι
911 5681 1019 5736 Kal
1048 5678 1155 5748 γὰρ
1189 5675 1282 5729 καὶ
1312 5675 1490 5742 γυμνῇ
1520 5674 1586 5742 τῇ
1613 5670 1825 5740 θεότητι

335 5889 376 5920 ¹¹
413 5885 549 5942 Gen.
586 5897 720 5947 nu,
769 5879 858 5935 38.
939 5879 984 5910 ’ί
1037 5872 1184 5929 Psal.
1234 5883 1408 5931 XXV”,
1465 5866 1518 5920 i.

1899 3294 2169 3369 superiori
2195 3290 2301 3348 sit:
2333 3280 2794 3358 quemadmodum
2827 3277 2916 3332 ubi
2961 3275 3152 3344 incipit
3185 3271 3456 3342 quispiam

1897 3363 2218 3447 ascendere,
2247 3395 2371 3436 cum
2405 3376 2478 3432 ab
2509 3374 2667 3430 initio
2705 3385 2814 3426 non
2849 3374 2995 3423 esset
3023 3363 3291 3434 superiori
3316 3364 3458 3415 loco.

1897 3479 2005 3551 35
2043 3478 2150 3530 Aut
2182 3487 2290 3528 non
2329 3477 2480 3524 nunc
2527 3463 2728 3532 accipit
2765 3455 3030 3515 ascensus
3084 3453 3320 3515 initium,
3364 3449 3462 3504 sed

1899 3546 2149 3626 ab'initio
2177 3561 2398 3634 quidem
2443 3557 2500 3611 in
2546 3554 2666 3609 loco
2696 3546 2971 3620 superiori
3007 3551 3162 3598 erat:
3213 3557 3337 3596 cum
3369 3555 3467 3593 au-

1900 3672 2008 3719 tem
2039 3659 2167 3716 inde
2195 3631 2596 3712 descendisset,
2626 3658 2775 3699 nunc
2798 3654 3018 3696 rursum
3053 3635 3320 3693 ascendit.
3353 3631 3460 3686 Ita-

1901 3768 2008 3824 que
2031 3750 2125 3805 uhi
2161 3747 2335 3802 dixit:
2360 3744 2497 3799 Cum
2526 3737 2871 3798 ascenderet,
2916 3733 3308 3798 interpretatur
3325 3740 3466 3793 quo-

1901 3813 2062 3897 modo
2093 3837 2396 3906 intelligere
2424 3839 2712 3902 oporteat:
2749 3827 2884 3882 Cum
2915 3821 3276 3878 ascenderet:
3314 3813 3463 3884 quod

1901 3949 2012 3990 non
2038 3931 2190 4000 quasi
2223 3940 2372 3982 nunc
2403 3921 2700 3978 ascendere
2727 3915 2995 3986 inceperit
3023 3929 3036 3966 :
3069 3918 3188 3965 erat
3212 3909 3357 3963 enim
3393 3905 3465 3960 ab

1902 4025 2062 4081 initio
2089 4022 2143 4076 in
2182 4017 2521 4074 sublimitate
2566 4012 2764 4066 divina:
2799 4004 3083 4078 dignitatis
3127 4015 3190 4054 ac
3230 4005 3471 4069 paternm

1904 4114 2130 4187 glorias:
2165 4109 2260 4165 sed
2297 4106 2442 4178 quod
2474 4118 2504 4157 a
2533 4102 2618 4156 sui
2663 4101 2818 4170 juxta
2868 4091 3336 4164 dispensationem
3375 4087 3472 4141 de-

1905 4183 2172 4264 missioue
2197 4211 2251 4259 et
2270 4201 2540 4256 descensu
2569 4207 2743 4264 usque
2765 4190 2832 4245 ad
2859 4187 3089 4252 inferos,
3109 4186 3165 4239 in
3189 4183 3470 4237 decentem

1907 4303 2105 4358 divinae
2134 4291 2489 4354 sublimitatis
2515 4283 3017 4343 manifestationem
3039 4289 3259 4332 rursum
3283 4287 3473 4328 ascen-

1907 4397 2045 4452 dens
2067 4435 2082 4458 ,
2114 4389 2335 4452 dicitur,
2381 4384 2601 4454 inquit,
2630 4376 2776 4449 quod
2810 4371 3076 4429 ascendit.
3117 4386 3136 4420 ι
3169 4366 3226 4419 in
3258 4363 3474 4418 inﬁmas

1439 4512 1459 4546 ι
1497 4459 1668 4557 Αὐτός
1692 4459 1793 4546 ἐστι

1911 4493 2098 4560 partes
2148 4491 2331 4536 terrm.
2370 4494 2388 4527 ι
2444 4461 2576 4528 Post
2625 4482 2788 4538 quem
2832 4461 3091 4518 videlicet
3136 4459 3316 4510 locum
3365 4467 3474 4505 non

1843 4555 1889 4612 θ
1914 4540 2045 4635 sunt
2082 4573 2202 4628 alia:
2242 4567 2558 4624 inferiores.
2604 4560 2744 4614 Dicit
2773 4564 2952 4610 autem
2998 4549 3270 4604 infernum
3313 4540 3478 4596 veluti

1915 4669 1983 4723 ad
2030 4674 2371 4721 communem
2421 4652 2679 4724 loquendi
2727 4648 2950 4704 modum
2997 4638 3346 4709 respiciens:
3404 4632 3479 4685 ita

1917 4758 2064 4814 enim
2121 4752 2305 4806 dicere
2345 4743 2747 4802 consuevimus.
2811 4737 3104 4804 Propterea
3140 4725 3310 4783 Jacob
3342 4736 3482 4791 quo-

1920 4861 2027 4918 que
2077 4845 2190 4898 ait:
2238 4859 2256 4892 ι
2294 4839 2360 4892 Et
2407 4833 2692 4889 deducetis
2740 4831 3078 4884 senectutem
3136 4833 3309 4875 meam
3357 4829 3483 4870 cum

1923 4906 2108 4995 dolore
2130 4934 2194 4987 ad
2229 4931 2437 4984 inferos
2479 4927 2542 4978 ἰ.
2583 4943 2602 4975 ι
2639 4921 2702 4975 Ει
2735 4917 2941 4975 David:
2987 4933 3005 4966 ι
3042 4913 3109 4966 Ει
3139 4906 3486 4964 assimilabor

1923 5023 2384 5086 descendentibus
2409 5021 2462 5074 in
2495 5019 2669 5070 lacum
2695 5014 2762 5064 ".
2804 5029 2821 5061 ι
2857 5007 3107 5062 lnlirmas
3134 5002 3278 5057 enim
3304 5008 3486 5070 partes

1927 5132 2086 5178 terra:
2145 5124 2376 5172 mortem
2409 5107 2645 5167 vocavit.
2710 5123 2727 5156 ι
2767 5103 2910 5157 Idem
2947 5099 3035 5152 ille
3078 5103 3162 5149 est
3191 5092 3281 5163 qni
3320 5091 3484 5144 etiam

1926 5209 2191 5269 ascendit.
2236 5225 2254 5258 ι
2294 5204 2408 5259 Hoc
2433 5197 2670 5257 Nestorii
2693 5193 2878 5264 dejicit
2907 5187 3320 5255 blasphemiam.
3342 5180 3488 5233 Idem

1928 5304 2124 5374 inquit,
2158 5297 2348 5367 estqui
2381 5289 2662 5350 descendit
2695 5295 2748 5342 et
2773 5286 2866 5356 qui
2892 5279 3159 5337 ascendit.
3199 5269 3490 5328 Descendit
3559 5283 3565 5312 :

1932 5370 2198 5464 siquidem
2233 5389 2299 5442 ad
2341 5382 2772 5440 incarnationem
2807 5384 3065 5444 tanquam
3099 5370 3261 5427 Deus,
3297 5375 3489 5415 ascen-

1932 5448 2014 5541 dit
2037 5491 2216 5536 autem
2255 5487 2516 5547 tanquam
2544 5473 2732 5528 homo.
2773 5467 3012 5523 Rursum
3048 5448 3494 5547 descendiiqui-

1933 5577 2054 5631 dem
2085 5574 2154 5629 ad
2189 5571 2467 5627 internum
2507 5574 2565 5621 ut
2597 5565 2782 5624 homo,
2808 5553 3046 5622 resurgit
3073 5559 3203 5601 vero
3233 5549 3291 5596 ut
3317 5538 3490 5594 Deus.

1934 5668 2043 5722 Nec
2072 5666 2124 5720 id
2146 5665 2346 5720 solum.
2375 5675 2564 5718 verum
2593 5657 2756 5713 etiam
2782 5659 2948 5717 supra
2971 5639 3142 5695 ccelos
3163 5633 3494 5689 collocatur:
