4000 6614
593 455 734 520 1Ξ19

1644 441 2036 504 (ECUMENII
2078 438 2366 498 Tl’thCzE
2407 437 2743 500 EPISCOPI

3634 434 3730 500 1220

578 580 681 621 nec
699 565 750 619 id
779 573 1072 631 utcunque,
1093 560 1185 614 sed
1211 573 1374 628 super
1395 572 1584 611 omnes
1608 574 1621 609 :
1657 571 1749 624 per
1772 556 2004 623 quietem
2024 565 2144 621 qua:

2173 555 2217 611 Α
2249 549 2414 602 πάλαι
2459 551 2526 602 τὰ
2578 549 2754 603 πάντα
2800 546 3058 616 ἐπλήρου.
3109 544 3220 597 Καὶ
3273 542 3552 613 σαρκωῦεὶς
3591 545 3661 598 ἵνα
3688 554 3734 604 τὰ

579 659 655 714 ibi
707 670 791 713 est
834 667 889 711 et
919 655 1240 708 cathedram
1290 650 1586 719 designans
1637 656 1877 700 nostram
1932 659 2143 698 assum-

579 750 841 818 ptionem.
876 746 1049 814 Supra
1084 759 1276 798 omnes
1304 743 1475 796 caelos
1519 758 1532 795 :
1571 739 1680 793 Hoc
1704 739 1800 801 ait,
1834 738 1977 807 quod
2009 734 2142 787 nihil

585 839 658 892 illi
692 838 757 890 ad
790 852 1080 892 ascensum
1123 836 1226 889 fuit
1261 834 1652 904 intpedimento
1683 832 1799 900 ipsa
1832 830 1894 881 ad
1926 828 2170 881 inﬁrma-

583 928 890 981 descensio.
936 927 1123 996 Itaque
1166 933 1391 994 quanto,
1450 922 1646 990 inquit,
1687 922 1848 973 etiam
1897 927 2143 970 nostrum

583 1019 786 1088 aliquis
821 1018 994 1087 magis
1027 1032 1085 1072 se
1117 1014 1457 1078 submiserit,
1493 1020 1642 1064 tanto
1678 1010 1848 1080 magis
1880 1008 2145 1062 sublima-

583 1115 692 1161 tur.
723 1126 741 1158 ι
775 1105 847 1160 Ut
890 1103 1140 1173 impleret
1180 1100 1387 1156 omnia.
1427 1119 1444 1152 ι
1491 1098 1704 1152 Etenim
1750 1097 1894 1148 nuda
1930 1109 2146 1164 quoque

583 1196 868 1250 divinitate
907 1194 1033 1246 olim
1076 1192 1259 1247 omnia
1309 1189 1588 1259 implebat,
1638 1195 1690 1240 et
1742 1186 2059 1238 incarnatus
2089 1191 2148 1237 ut

583 1289 768 1342 omnia
815 1283 1272 1353 carneimpleret,
1300 1278 1587 1336 descendit
1619 1285 1672 1331 et
1703 1277 1972 1331 ascendit.
2023 1292 2041 1326 ι
2081 1273 2147 1326 Ει

584 1379 727 1433 idem
759 1378 926 1432 dedit.
963 1395 981 1426 ι
1019 1375 1125 1441 Qui
1179 1387 1285 1426 non
1331 1370 1629 1432 recusavit,
1675 1367 1872 1434 inquit,
1924 1374 2147 1436 propter

584 1476 829 1522 nostram
857 1466 1084 1520 salutem
1121 1463 1186 1517 ad
1225 1462 1441 1514 inlirma
1471 1459 1824 1520 descendere,
1855 1456 1996 1509 idem
2033 1455 2170 1524 ipse,

585 1556 1038 1612 distributionem
1084 1554 1214 1608 fecit
1256 1552 1649 1607 charismatum
1690 1547 1803 1602 sive
1853 1552 2146 1599 donorum.

583 1647 703 1703 Non
761 1655 976 1718 oportet
1034 1645 1216 1713 itaque
1266 1643 1338 1698 ob
1386 1641 1710 1695 divisionem
1752 1637 2042 1706 indignari.
2091 1635 2147 1689 Si

588 1739 737 1792 enim
766 1737 886 1807 ipse
919 1737 1090 1800 dedit,
1138 1749 1308 1804 quare
1343 1730 1675 1787 contradicis
1699 1729 1719 1783 ?
1745 1729 1888 1783 Alibi
1921 1742 2047 1783 vero
2071 1727 2150 1780 di-

585 1832 663 1885 cit
717 1830 968 1900 spiritum
1018 1827 1148 1882 dare
1199 1827 1379 1881 dona:
1451 1845 1471 1879 ι
1517 1826 1735 1891 Omnia,
1783 1823 1986 1891 inquit,
2037 1822 2150 1876 haec

589 1929 850 1990 operatur
879 1933 1023 1973 unus
1057 1917 1311 1986 idemque
1348 1916 1575 1986 spiritus
1599 1916 1665 1968 ”.
1701 1913 1896 1967 ».Alibi
1934 1911 2149 1964 Patrem

589 2012 743 2081 dicit,
776 2017 836 2064 ut
870 2025 992 2065 cum
1017 2010 1132 2062 ait:
1167 2025 1186 2059 ι
1223 2008 1336 2078 Ego
1370 2009 1632 2078 plantavi.
1669 2004 1890 2075 Apollos
1936 2001 2154 2070 rigavit,

590 2104 686 2159 sed
719 2103 860 2157 Deus
885 2102 1278 2156 incrementum
1303 2100 1454 2154 dedit
1479 2102 1564 2163 ";
1603 2117 1622 2150 ι
1653 2098 1755 2151 hoc
1785 2095 1905 2149 loco
1934 2091 2154 2147 Filium.

589 2195 724 2249 Nam
757 2197 938 2249 omnia
989 2201 1199 2248 sanctae
1227 2206 1291 2246 ac
1337 2192 1508 2248 bene
1546 2190 1802 2244 Trinitati
1837 2195 1968 2244 sunt
2005 2200 2158 2239 com-

593 2288 778 2343 munia
808 2304 822 2340 :
858 2306 878 2339 ι
904 2287 1056 2341 Alios
1085 2287 1306 2356 quidem
1338 2284 1640 2355 apostolos,
1687 2283 1825 2337 alios
1857 2296 1988 2336 vero
2033 2294 2162 2350 pro-

593 2381 806 2450 phetas.
840 2398 858 2431 ι
893 2379 1003 2449 36
1029 2377 1274 2449 Apostoli
1325 2392 1562 2446 namque
1603 2377 1768 2431 etiam
1821 2372 2160 2443 prephetiam

596 2471 891 2536 habebant,
943 2469 1036 2539 qui
1070 2484 1201 2523 vero
1229 2481 1364 2523 tunc
1395 2467 1668 2537 prophetae
1699 2465 2021 2521 dicebantur
2053 2480 2160 2518 non

597 2563 866 2617 habebant
891 2562 1280 2630 apostolatum.
1307 2577 1326 2611 ι
1360 2561 1508 2614 Alios
1531 2573 1714 2614 autem
1737 2559 2158 2628 evangelistas.»

597 2655 694 2723 qui
741 2653 1095 2723 Evangelium
1141 2653 1611 2720 conscripserunt.
1663 2670 1681 2704 ι
1723 2655 1875 2708 Alios
1915 2673 2045 2714 vero
2075 2675 2166 2730 pa-

587 2755 778 2802 stores
812 2761 878 2802 ac
927 2747 1237 2802 doctores.»
1275 2747 1575 2815 Episcopos
1615 2745 1749 2802 dicit
1799 2749 1996 2817 quibus
2043 2767 2164 2806 cre-

599 2841 725 2894 dita;
749 2849 906 2895 erant
934 2840 1217 2900 Ecclesia),
1251 2839 1432 2908 qualis
1463 2848 1581 2892 erat
1609 2838 1956 2909 Timotheus,
1989 2845 2167 2912 qualis

598 2928 779 2985 Titus.
837 2949 856 2983 ι
899 2929 982 2987 Ad
1027 2929 1488 2985 instaurationem
1541 2938 1880 2985 sanctormn.
1920 2950 1938 2984 ι
2003 2931 2168 2990 Vides

599 3036 820 3075 causam
874 3035 975 3075 cur
1015 3019 1144 3074 data
1197 3018 1309 3074 sint
1333 3017 1524 3072 ἀοιιαῖ
1565 3017 1645 3070 Ad
1688 3018 2165 3080 instaurationem.

597 3113 798 3184 inquit,
825 3111 926 3167 hoc
954 3117 1061 3172 est.
1092 3109 1159 3163 ad
1191 3107 1604 3179 perfectionem,
1637 3108 1702 3161 ad
1722 3109 2167 3178 completionem,

2244 640 2422 693 πάντα
2475 639 2616 708 μετὰ
2671 637 2871 708 σαρκὸς
2923 634 3210 705 πληρώσῃ,
3239 631 3442 701 κατέϐη
3473 634 3556 685 καὶ
3597 636 3734 709 ἀνὲόη⁴

2251 754 2270 786 ι
2300 736 2408 788 Καὶ
2429 733 2589 796 αὐτὸς
2618 734 2834 787 ἔδωκεν.
2877 750 2897 783 ι
2935 732 2992 783 '0
3023 729 3096 800 μὴ
3127 728 3602 800 παραιτησάμενος,
3626 736 3735 800 φησὶ,

2243 827 2331 880 διὰ
2359 827 2456 897 τὴν
2480 824 2640 896 ἡμῶν
2672 820 2948 893 σωτηρίαν
2975 822 3054 884 εἰς
3091 820 3161 873 τὰ
3195 820 3479 873 κατώτατα
3505 819 3736 886 κατελθεῖν,

2245 919 2407 980 αὐτὸς
2431 918 2526 986 τὴν
2552 913 2810 985 διανομὴν
2842 913 2952 966 τῶν
2988 910 3352 982 χαρισμάτων
3379 909 3739 983 ὲποίησεν.’Δρα

2245 1011 2338 1064 οῦν
2363 1013 2422 1063 οὺ
2471 1009 2576 1080 χρὴ
2638 1009 2964 1076 ἀγανακτεῖν
2996 1005 3129 1075 πρὸς
3169 1005 3271 1074 τὴν
3313 1003 3572 1072 διανομήν.
3595 1005 3740 1076 Είγέφ

2247 1103 2407 1166 αὐτὸς
2444 1102 2631 1165 ἔδωκε,
2683 1101 2734 1152 τί
2767 1099 3105 1165 ἁντιλέγεις;
3161 1094 3422 1164 ’Δλλαχοῦ
3451 1094 3520 1160 δὲ,
3561 1100 3738 1165 equini

2248 1193 2466 1262 πνεῦμα
2493 1191 2692 1246 διδόναι
2716 1191 2784 1244 τὰ
2813 1191 3149 1260 χαρίσματα.
3195 1208 3214 1240 ι
3249 1188 3432 1240 Πάντα
3477 1186 3572 1257 γὰρ
3599 1189 3739 1254 ταῦτα,

2249 1291 2438 1355 φησιν,
2464 1284 2693 1353 ἐνεργεῖ,
2724 1282 2783 1334 τὸ
2821 1281 2878 1335 ἓν
2900 1281 2994 1334 καὶ
3048 1283 3107 1332 τὸ
3139 1279 3275 1332 αὐτὸ
3302 1277 3524 1346 πνεῦμα.
3555 1296 3574 1330 ι
3609 1279 3740 1334 ’Δλλα-

2247 1378 2343 1448 χοῦ
2403 1377 2491 1429 τὸν
2545 1375 2759 1444 Πατέρα
2827 1372 3014 1442 φησὶν,
3053 1373 3128 1435 ὡς
3168 1372 3251 1431 τὸ,
3285 1389 3306 1422 ι
3351 1368 3488 1438 Ἐγὼ
3519 1370 3739 1436 satiram,

2261 1466 2530 1531 ’Λπολλὼς
2552 1466 2822 1531 ἐπότισεν,
2851 1465 2966 1518 ἀλλ’
2993 1466 3021 1517 ὁ
3041 1463 3170 1526 Θεὸς
3199 1461 3449 1533 ηὔξανεν.
3486 1479 3502 1512 ι
3550 1462 3740 1517 Ἐνταῦθα

2247 1562 2338 1615 τὸν
2365 1561 2496 1620 υίόν.
2527 1558 2698 1613 Κοινὰ
2717 1557 2826 1627 γὰρ
2853 1559 2921 1611 τὰ
2946 1558 3119 1612 πάντα
3148 1558 3217 1626 τῇ
3271 1556 3401 1625 ἁγία
3439 1556 3525 1607 καὶ
3559 1557 3740 1624 μακαρίᾳ

2251 1652 2464 1722 Τριάδι.
2502 1669 2523 1704 ι
2563 1651 2703 1714 Τοὺς
2733 1651 2830 1720 μὲν
2860 1649 3216 1711 ἀποστόλους,
3248 1647 3374 1710 τοὺς
3397 1647 3450 1699 δὲ
3478 1649 3736 1717 προφήτας.»

2251 1745 2316 1797 Ol
2371 1745 2468 1814 μὲν
2508 1743 2619 1814 γὰρ
2659 1741 2948 1796 ἀπόστολοι
2988 1738 3084 1792 καὶ
3118 1737 3460 1810 προφητείαν
3487 1733 3626 1807 εἶχον,
3653 1740 3742 1790 οἱδὶ

2256 1836 2374 1889 τότε
2407 1836 2700 1908 προφῆται,
2731 1836 2831 1889 οὐκ
2853 1829 2997 1902 εἶχον
3014 1831 3344 1899 ἀποστολήν.
3376 1847 3396 1881 ι
3423 1829 3546 1891 Τοὺς
3565 1829 3611 1882 δὲ
3631 1830 3742 1896 εὐαγ-

2256 1928 2528 1996 γελιστάς.
2564 1946 2584 1981 ι
2616 1928 2754 1990 Τοὺς
2799 1927 2860 1980 τὸ
2893 1923 3226 1992 Εὑαγγέλιον
3273 1921 3584 1991 γράψαντας.
3609 1940 3625 1973 ί
3646 1920 3742 1984 Τοὺς

2255 2021 2312 2074 δὲ
2341 2020 2606 2090 ποιμένας
2635 2021 2730 2075 καὶ
2751 2017 3126 2080 διδασκάλους.
3168 2033 3188 2068 ι
3215 2014 3357 2076 Τοὺς
3385 2012 3476 2076 τὰς
3492 2014 3742 2082 Ἕκκλησίσς

2260 2094 2808 2184 ἐμπεπιστευμένους
2858 2111 3030 2180 λέγει,
3089 2110 3220 2172 τοὺς
3257 2108 3581 2171 ἐπισκόπους,
3605 2102 3689 2168 οἷος
3723 2108 3742 2157 6

2259 2207 2542 2276 Τιμόθεος,
2571 2201 2682 2268 οἷος
2710 2207 2738 2258 ὁ
2766 2206 2922 2267 Τίτος
2966 2199 3056 2274 ἦν.
3093 2220 3110 2254 ι
3151 2200 3298 2272 Πρὸς
3335 2200 3424 2254 τὸν
3453 2199 3740 2268 καταρτισμὸν

2261 2300 2367 2354 τῶν
2394 2301 2585 2369 ἁγίων.
2629 2320 2649 2354 ι
2686 2300 2854 2371 ὐρᾷς
2876 2299 2974 2368 τὴν
3001 2298 3184 2350 αἰτίαν
3202 2299 3303 2365 τῆς
3323 2295 3507 2354 δόσεως.-
3532 2293 3739 2360 τῶνχσρι-

2264 2393 2516 2462 σμάτωνς
2539 2392 2681 2460 Πρὸς
2703 2391 2794 2444 τδν
2810 2389 3206 2459 καταρτισμὸν,
3236 2386 3391 2455 φησι,
3407 2382 3633 2446 τουτέστι,
3647 2383 3739 2451 πρὸς

2265 2485 2634 2556 ἀπαρτισμὸν,
2667 2483 2796 2554 πρὸς
2823 2482 3122 2553 πλήρωσιν,
3156 2480 3238 2541 είς
3260 2478 3320 2531 τὸ
3341 2480 3398 2530 ἐν
3424 2476 3736 2537 τούτοιςδιακοο

2265 2582 2377 2632 νεῖν
2401 2581 2462 2649 τῇ
2487 2576 2786 2648 Ἐκκλησία
2815 2577 2909 2630 καὶ
2934 2576 3242 2644 οἰκοδομεῖν
3271 2567 3668 2656 αὑτήνςοσῳοῦν
3685 2582 3736 2627 τις

2269 2671 2451 2741 μεῖζον
2468 2669 2624 2723 ἔλαϐε
2647 2670 2912 2742 χάρισμα,
2934 2669 3174 2736 τοσούτῳ
3191 2665 3376 2735 μεῖζον
3391 2665 3493 2730 ἔχει
3505 2661 3554 2713 τδ
3570 2660 3732 2727 φορτίον.

2266 2761 2452 2816 Ταῦτα
2477 2762 2533 2815 δέ
2553 2777 2682 2832 φησι
2698 2760 2834 2832 πρὸς
2848 2761 2976 2824 τοὺς
2996 2757 3076 2829 τῷ
3104 2757 3289 2827 φθόνῳ
3309 2756 3414 2807 τῶν
3441 2752 3654 2822 μειζόνων
3669 2766 3734 2817 κσ-

2272 2853 2547 2924 ρισμάτων
2581 2850 3058 2922 ἅποκεκομμένους
3081 2849 3178 2902 τοῦ
3221 2848 3458 2916 σώματος
3474 2843 3733 2912 τῆςἝκιληο

2271 2941 2411 3004 σίας,
2427 2941 2642 3005 δεικνὺς
2657 2941 2739 2994 ὅτι
2769 2940 2988 2994 πάντων
3005 2939 3064 2990 τὸ
3082 2940 3247 3007 ἔργον
3264 2939 3342 2999 εἰς
3360 2936 3416 2988 ἓν
3430 2936 3520 3004 ὁρᾷ
3531 2934 3661 2996 τέλος,
3677 2931 3734 2981 τὸν

2273 3033 2643 3104 καταρτισμὸν
2658 3032 2766 3085 τῶν
2779 3027 3086 3099 ἁγίων.ῐ1οῦ
3099 3027 3199 3083 οὖν
3225 3027 3564 3099 χρείαφθὸνου
3577 3043 3588 3089 ;
3603 3023 3734 3090 Ἁγίων

2270 3125 2327 3178 δὲ
2350 3126 2456 3178 τῶν
2469 3126 2696 3178 πιστῶν.
2715 3142 2734 3176 ι
2761 3124 3214 3194 Καταντήσωμεν
3234 3139 3254 3174 ι
3273 3121 3584 3190 φθάσωμεν,ι
3598 3114 3735 3180 Είςτὴν

601 3213 663 3260 ut
705 3205 758 3258 in
806 3207 892 3258 his
934 3203 1316 3258 ministrarent
1361 3201 1642 3268 Ecclesim,
1685 3200 1970 3271 ipsamque
1999 3203 2168 3258 aediﬁ-

2155 3234 2168 3245 '
2193 3228 2239 3288 ς,
2271 3217 2497 3288 ἑνότητα
2515 3216 2612 3286 τῆς
2637 3217 2893 3280 πίστεως.
2940 3232 2960 3267 ι
2989 3214 3305 3279 Τουτέστιν,
3335 3212 3432 3274 ἕως
3457 3210 3518 3263 ἂν
3533 3210 3572 3262 οἱ
3598 3209 3735 3265 πάντες

599 3304 810 3352 carent.
847 3293 1068 3362 Quanto
1100 3295 1272 3363 igitur
1297 3293 1576 3364 quispiam
1607 3294 1790 3362 majus
1824 3296 2036 3364 accepit
2065 3296 2167 3352 do-

603 3405 766 3454 num,
807 3395 963 3443 tanto
1011 3387 1190 3459 majus
1219 3387 1454 3442 sustinet
1487 3401 1648 3443 onus.
1695 3384 1820 3442 Haec
1867 3397 2051 3443 autem
2087 3390 2170 3444 eis

604 3478 738 3533 dicit
785 3480 880 3549 qui
931 3477 1134 3532 invidia
1181 3477 1454 3546 majorum
1507 3477 1778 3532 donorum
1812 3478 1880 3533 ab
1922 3478 2168 3535 Ecclesia

603 3570 867 3639 amputati
906 3577 1084 3635 erant,
1122 3573 1418 3624 ostendens
1454 3569 1601 3637 quod
1642 3570 1888 3624 omnium
1919 3585 2060 3638 opus
2103 3573 2170 3626 ad

605 3675 776 3716 unum
818 3661 1045 3730 respicit
1095 3661 1282 3726 ﬁnem,
1333 3675 1532 3730 nempe
1589 3661 1653 3715 ad
1707 3661 2169 3719 instaurationem

607 3764 944 3810 sanctorum.
973 3753 1118 3820 Quid
1157 3753 1324 3824 igitur
1354 3753 1560 3807 invidia
1611 3767 1751 3823 opus
1787 3753 1909 3810 est?
1941 3754 2172 3810 Sancto-

609 3860 733 3900 rum
789 3855 994 3913 autem,
1041 3844 1095 3900 id
1141 3854 1246 3910 est,
1299 3843 1563 3900 ﬁdelium.
1629 3862 1649 3896 ι
1689 3844 2102 3900 Perveniamus.
2147 3863 2165 3898 ι

605 3936 740 3992 Nam
773 3939 1222 4010 καταντήσωμεν,
1269 3937 1322 3992 id
1374 3945 1482 4003 est,
1532 3951 1914 4002 occurramus,
1958 3939 2174 4008 capitur

610 4045 710 4098 pro
742 4029 1057 4100 φθάσωμεν,
1093 4030 1146 4084 id
1178 4038 1264 4086 est
1305 4029 1711 4100 perveniamus.
1749 4046 1770 4081 ι
1813 4027 1872 4084 In
1906 4029 2170 4085 unitatem

607 4121 756 4175 ﬁdei.
791 4139 810 4174 ι
857 4119 970 4175 Hoc
995 4129 1105 4183 est,
1153 4121 1326 4175 donec
1350 4133 1542 4175 omnes
1575 4134 1738 4174 unam
1770 4117 1930 4174 ﬁdem
1967 4119 2174 4174 habea-

613 4225 736 4265 mus
783 4213 1162 4281 unusquisque
1211 4211 1426 4266 laborat
1467 4218 1522 4264 et
1588 4211 1974 4281 unusquisque
2011 4213 2176 4268 mini-

608 4311 750 4358 strat
778 4321 790 4357 :
822 4306 1006 4359 unitas
1033 4305 1178 4360 enim
1207 4303 1332 4358 ﬁdei
1359 4311 1443 4358 est
1467 4318 1577 4358 non
1607 4301 1875 4359 dissidere
1896 4303 2044 4358 circa
2075 4304 2176 4358 do-

611 4405 815 4466 gmata.
841 4394 898 4449 ld
933 4410 1170 4464 namque
1200 4395 1444 4466 cognitio
1474 4401 1560 4450 est
1607 4393 1731 4449 Filii
1766 4393 1884 4460 Dei,
1918 4402 1975 4450 ut
2008 4395 2076 4450 de
2109 4410 2175 4451 eo

609 4502 718 4542 non
751 4487 1142 4543 dissideamus.
1199 4485 1386 4541 Virum
1421 4492 1601 4540 autem
1647 4484 1971 4556 perfectum,
2015 4501 2174 4542 men-

2273 3309 2402 3379 μίαν
2442 3307 2624 3361 πίστιν
2649 3306 2886 3378 σχῶμεν,
2922 3307 3154 3369 ἕκαστος
3193 3305 3409 3373 κάμνει,
3443 3301 3528 3355 καὶ
3576 3299 3735 3355 ἕκαστος

2269 3399 2526 3454 διακονεῖ.
2565 3399 2787 3468 Ἐνότης
2809 3398 2915 3469 γὰρ
2944 3398 3179 3459 πίστεως
3206 3397 3268 3450 τδ
3302 3396 3373 3467 μὴ
3396 3393 3632 3461 διαφωνεῖν
3651 3388 3734 3455 περὶ

2269 3495 2339 3547 τὰ
2365 3492 2631 3562 δόγματα.
2663 3489 2834 3544 Τοῦτο
2853 3491 2962 3562 γὰρ
2980 3491 3281 3558 ἐπίγνωσις
3295 3489 3385 3541 τοῦ
3413 3485 3526 3539 Υίοῦ
3547 3478 3732 3541 τοῦθιοῦ.

2269 3584 2334 3636 τὸ
2363 3583 2440 3654 μὴ
2457 3583 2748 3651 διαφωνεῖν
2792 3581 2921 3653 περὶ
2957 3579 3146 3635 αὐτοῦ.
3186 3579 3388 3648 Ἀνδρα
3420 3577 3470 3630 δὲ
3491 3573 3653 3627 τέλειον
3674 3570 3732 3622 καί

2277 3677 2472 3748 μέτρον
2497 3675 2710 3741 ἡλικίας
2727 3674 2875 3744 λέγει
2895 3673 2995 3745 τὴν
3025 3672 3240 3727 τελείαν
3252 3672 3346 3726 τοῦ
3366 3666 3570 3740 Χριστοῦ
3592 3667 3733 3717 ἔννοιαν

2274 3771 2368 3822 καὶ
2399 3767 2627 3838 εἴδησιν.
2665 3785 2685 3819 ι
2717 3764 2828 3819 Τοῦ
2876 3763 3246 3836 πληρώματος
3287 3762 3378 3815 τοῦ
3417 3756 3626 3829 Χριστοῦ.
3655 3771 3730 3805 ι·-

2275 3857 2617 3932 [ΟΙΚΟΥΜ.]
2647 3858 2924 3930 Πλήρωμα
2953 3856 3193 3927 Χριστοῦ
3232 3871 3381 3926 φησι,
3411 3852 3498 3919 τὴν
3530 3845 3732 3919 aspllit-vt-

2274 3952 2401 4006 στοῦ
2428 3952 2646 4022 ὁλοτελῆ
2687 3951 2887 4022 γνῶσιν
2912 3950 3006 4004 καὶ
3026 3950 3233 4012 πίστιν,
3251 3942 3359 4001 οἷον
3381 3947 3454 3999 ὅτι
3472 3945 3526 3997 ὲκ
3539 3939 3728 4010 παρθένον

2277 4045 2456 4114 σάρκα
2504 4041 2715 4108 ἔλασεν,
2757 4043 2838 4096 ὅτι
2885 4043 2951 4094 ὲκ
2987 4039 3242 4110 θεότητος
3290 4037 3382 4092 καὶ
3422 4033 3732 4104 ἀνθρωπέητκ

2275 4137 2354 4199 εἱς
2393 4135 2521 4204 μίαν
2572 4132 2813 4206 ὑπῆρξεν
2857 4133 3176 4187 ὑπόστασιν.
3213 4130 3329 4186 Ἵνα
3360 4128 3458 4199 γὰρ
3477 4129 3539 4196 μὴ
3566 4121 3730 4177 ἀπούσας

2275 4227 2442 4298 ἄνδρα
2487 4225 2694 4281 τέλειον
2739 4225 2836 4279 καὶ
2863 4225 3064 4299 μέτρον
3117 4224 3356 4295 ἡλικίας,
3388 4222 3476 4290 τὴν
3501 4209 3731 4284 σωματικὴν

2275 4321 2496 4392 νοήσῃς,
2553 4321 2824 4388 ἐπήγαγε,
2884 4317 2978 4370 τοῦ
3025 4315 3389 4388 πληρώματος
3432 4309 3513 4364 τοῦ
3547 4302 3728 4377 Χριστοῦ,

2275 4413 2410 4467 ὡσεὶ
2445 4412 2597 4480 ἔλεγε
2615 4428 2630 4442 ο
2663 4412 2874 4481 Μέχρις
2895 4404 2956 4464 οὺ
2981 4411 3061 4472 εἰς
3087 4409 3394 4478 τελειότητα
3419 4403 3654 4475 φθάσωμεν
3667 4396 3730 4459 τῆς

2274 4505 2556 4567 ὀλοτελοῦς
2601 4505 2694 4558 τοῦ
2740 4502 2976 4574 Χριστοῦ
3030 4503 3266 4565 πίστεως
3314 4499 3402 4554 καὶ
3451 4483 3728 4564 γνώσεως-ί)ὑ

607 4593 906 4649 suramque
933 4579 1110 4634 aetatis
1133 4579 1266 4633 dicit
1289 4577 1587 4648 perfectam
1620 4593 1747 4648 erga
1776 4578 2057 4634 Christum
2089 4581 2173 4634 di-

2147 4607 2173 4620 ⁸
2205 4575 2247 4631 D
2278 4599 2388 4670 γὰρ
2430 4599 2459 4651 ὁ
2503 4594 2682 4667 τυχὼν
2730 4595 2937 4664 γίνεται
2980 4594 3143 4664 μέρος
3169 4593 3265 4645 τοῦ
3293 4593 3408 4646 ὅλου
3442 4583 3727 4670 πληρώματος,

607 4673 899 4726 lectionem
940 4679 996 4726 et
1023 4671 1090 4726 de
1114 4672 1231 4740 ipso
1257 4671 1534 4725 notitiam.
1566 4688 1583 4723 ι
1624 4670 1988 4726 Plenitudinis
2009 4672 2171 4727 Chri-

607 4763 750 4817 sti.»
822 4761 1226 4817 Plenitudinem
1297 4761 1508 4816 Christi
1553 4761 1689 4817 dicit
1754 4762 2052 4832 perfectam
2106 4764 2173 4820 de

607 4853 828 4909 Christo
859 4853 1227 4923 cognitionem
1263 4867 1326 4906 ac
1358 4851 1543 4918 ﬁdem,
1579 4859 1639 4906 ut
1684 4852 1832 4922 quod
1868 4869 1934 4909 ex
1960 4854 2172 4926 virgine

2280 4665 2398 4762 ἤτοι
2430 4688 2524 4742 τοῦ
2557 4665 2808 4758 σώματος
2841 4687 2936 4740 τοῦ
2977 4685 3235 4757 Χριστοῦ,
3269 4684 3377 4740 ἀλλ’
3403 4682 3428 4733 6
3449 4682 3516 4741 είς
3533 4672 3655 4741 ἄνδρα
3669 4665 3726 4762 τί-

2279 4783 2420 4837 λειον
2451 4783 2548 4852 τῆς
2599 4778 2954 4849 ἐπιγνώσεως
2987 4777 3174 4831 ,αὐτοῦ
3216 4773 3549 4842 καταντήσας,
3583 4763 3650 4817 καί
3677 4759 3725 4856 είς

2283 4875 2482 4948 μέτρον
2510 4872 2729 4945 ἡλικίας
2759 4871 2917 4937 ἀξίας
2949 4870 3044 4923 τοῦ
3069 4869 3423 4941 πληρώματος
3449 4862 3525 4917 τοῦ
3545 4860 3723 4948 Χρισξέν·

607 4979 826 5020 carnem
854 4965 1141 5035 acceperit,
1163 4965 1308 5034 quod
1340 4980 1405 5020 ex
1434 4965 1721 5020 divinitate
1747 4975 1801 5020 et
1827 4967 2167 5028 humanitate
2203 4973 2256 5028 in
2285 4941 2470 5025 tunam
2530 4941 2851 5024 convenerit
2903 4979 3215 5034 personam.
3300 4960 3373 5015 Ne
3420 4957 3541 5012 enim
3602 4941 3724 5035 audiui

502 5047 522 5074 ’
610 5058 729 5112 viro
760 5056 1005 5126 perfecto
1037 5069 1090 5112 et
1121 5073 1382 5114 mensura
1430 5057 1627 5121 aetatis,
1664 5059 1995 5129 corporalem
2029 5064 2302 5134 intelligas
2332 5070 2570 5121 aetatem.
2603 5057 2892 5126 subjunxit
2929 5070 2941 5105 :
2986 5053 3344 5109 Plcnitudinis
3381 5041 3582 5104 Christi;
3611 5049 3668 5136 ac.
3693 5041 3723 5136 ξι

610 5154 858 5208 diceres:
883 5153 1064 5210 Donec
1091 5155 1158 5209 ad
1183 5155 1569 5225 perfectionem
1603 5155 1886 5211 veniamus
1919 5157 2175 5227 perfectae
2213 5160 2268 5213 in
2299 5157 2578 5212 Christum
2611 5154 2734 5208 ﬁdei
2780 5159 2834 5206 et
2869 5150 3218 5220 cognitionis.
3291 5144 3397 5200 Non
3440 5141 3558 5196 enim
3605 5128 3722 5226 qui?

607 5247 841 5305 edicitur
890 5261 1019 5318 pars
1076 5249 1244 5305 totius
1317 5247 1679 5318 plenitudinis
1735 5249 1850 5304 sive
1921 5252 2170 5320 corporis
2206 5250 2460 5306 Christi:
2499 5248 2592 5304 sed
2635 5249 2729 5317 qui
2783 5247 2838 5300 in
2875 5246 3053 5299 virum
3135 5244 3419 5313 perfectum
3487 5227 3721 5299 cognitio'nls

607 5345 726 5417 ejus
754 5345 1081 5414 pervenerit,
1115 5354 1168 5399 et
1203 5345 1258 5398 in
1282 5358 1595 5398 mensuram
1633 5345 1808 5414 digna:
1838 5346 2016 5401 aetatis
2054 5346 2414 5415 plenitudinis
2439 5344 2665 5401 Christi.
2757 5375 2766 5387 ι

681 5434 774 5500 ιν,
806 5434 991 5490 14-16.
1030 5433 1098 5488 Ut
1138 5451 1242 5488 non
1281 5434 1510 5502 amplius
1550 5435 1720 5487 simus
1777 5437 1928 5503 pueri
1960 5437 2049 5506 qui
2080 5437 2177 5504 ﬂu-

608 5535 843 5580 ctuemus
861 5527 1002 5579 omni
1021 5535 1171 5580 vetuo
1189 5525 1450 5578 doctrinm
1469 5539 1561 5591 per
1577 5527 1858 5578 versutiam
1881 5527 2173 5591 hominum,

613 5633 709 5686 per
737 5619 987 5669 astutiam
1010 5617 1080 5670 ad
1121 5616 1345 5671 insidias
1382 5615 1737 5680 deceptionis:
1779 5616 1869 5668 sed
1905 5619 2175 5673 veritatem

610 5719 874 5762 servantes
899 5709 949 5761 in
980 5707 1258 5772 charitate,
1281 5722 1578 5760 crescamus
1612 5707 1664 5758 in
1694 5706 1845 5758 illum
1878 5723 1968 5773 per
1997 5711 2174 5763 omnia

713 5883 756 5915 ³⁸
799 5882 973 5940 ICor.
1005 5901 1098 5949 xu,
1136 5885 1221 5938 ll.
1303 5885 1348 5916 "
1390 5885 1408 5937 l
1448 5883 1575 5939 Cor.
1611 5898 1694 5947 Ill,
1733 5880 1786 5936 6.

2356 5438 2489 5491 Ἵνα
2519 5434 2732 5505 μηκέτι
2765 5425 2924 5502 ὦμεν
2963 5433 3168 5499 νήπιοι
3221 5419 3634 5486 κλυδωνιζόμενοι
3659 5403 3720 5504 καί

2285 5529 2729 5598 περιφερόμενοι
2751 5526 2929 5580 παντί
2949 5525 3144 5594 ἀνέμῳ
3160 5522 3266 5591 τῆς
3281 5510 3611 5605 διδασκαλίας
3621 5505 3718 5605 ί-νςῑὶ

2282 5621 2487 5687 κιιϐείᾳ
2544 5619 2662 5672 τῶν
2715 5619 3058 5688 ἀνθρώπιον,
3085 5619 3153 5670 ἐν
3201 5609 3498 5679 πανουργίᾳ
3525 5600 3719 5692 πρῦςᾳτίίξ

2278 5686 2593 5778 μεθοδίείαν
2624 5708 2732 5778 τῆς
2765 5686 3023 5778 πάἁνης.
3070 5708 3462 5777 ’Λληθεύοντες
3487 5695 3544 5751 δὲ
3563 5692 3612 5744 ἐν
3627 5686 3715 5750 dra"
