4000 6560
388 422 518 490 ιελι

1440 435 1822 498 ΟΟΜΜΕΝΤ.
1860 439 1937 498 IN
1964 439 2202 502 EPIST.
2234 445 2333 504 AD
2380 416 2644 508 EPHES.

3489 452 3624 517 1222

383 575 489 629 πῃ,
543 560 906 632 αὐξήσωμεν
949 566 1035 630 εἱς
1080 565 1265 619 αὑτὸν
1298 565 1370 619 τὰ
1401 566 1618 632 πάντα,
1649 567 1717 633 ὅς
1783 568 1920 620 ἐστι

2023 595 2036 626 ι
2061 552 2247 618 quiest
2269 563 2449 622 caput,
2469 572 2649 618 nempe
2676 556 2940 613 Christum
2971 561 3113 631 :37
3135 578 3166 614 a
3192 579 3292 631 quo
3315 573 3477 617 totum
3503 583 3617 620 eor-

384 652 424 721 ἠ
455 653 690 721 κεφαλὴ
721 657 754 707 ό
790 657 1063 722 Χριστός.
1122 656 1224 720 Ἐξ
1245 651 1317 712 οὗ
1362 654 1487 712 πᾶν
1520 655 1692 724 σῶμα
1724 672 1950 725 συναρ-

378 746 834 815 μολογούμενον
888 746 987 800 καὶ
1036 746 1562 816 συμϐιϐαζόμενον,
1612 748 1709 800 διὰ
1747 747 1951 815 πάσης

382 832 542 901 ἁφῆς
571 832 681 900 τῆς
705 834 1109 904 ἐπιχορηγίας,
1140 836 1267 890 κατ’
1300 837 1606 906 ἐνέργειαν
1653 837 1724 890 ἐν
1751 838 1950 906 μέτρῳ

381 923 518 990 ἐνὸς
552 924 810 980 ἑκάστου
837 927 1059 995 μέρους
1109 928 1224 995 τὴν
1255 927 1517 996 αὔξησιν
1544 929 1650 983 τοῦ
1676 928 1949 999 σώματος

379 1015 628 1069 ποιεῖται
655 1019 740 1083 εἰς
768 1018 1090 1088 οἰκοδομὴν
1114 1019 1332 1074 ἑαυτοῦ
1357 1019 1426 1073 ἐν
1452 1018 1674 1089 ἀγάπῃ.

455 1123 474 1156 ι
498 1106 614 1160 Ἵνα
673 1109 868 1179 μηκέτι
901 1103 1050 1180 ὦμεν
1078 1110 1282 1181 νήπιοι.
1307 1128 1326 1163 ο
1377 1109 1634 1164 Δείκνυσι
1670 1111 1946 1176 παθόντας

374 1196 574 1261 αὐτοὺς
620 1197 781 1252 τοῦτο
837 1200 1025 1266 πάλαι,
1089 1201 1184 1255 καὶ
1209 1202 1286 1266 ὡς
1320 1202 1377 1256 ἐν
1411 1203 1751 1274 διηγήματος
1790 1204 1942 1269 τάξει

374 1289 769 1360 ἐπανορθοῦται
819 1291 1035 1358 αὐτοὺς,
1071 1293 1162 1346 καὶ
1188 1293 1380 1347 ἑαυτὸν
1415 1294 1722 1348 συντάττων
1771 1294 1859 1350 διὰ
1882 1294 1943 1349 τὸ

371 1385 700 1454 ἀνεπαχθὲς.
757 1385 1002 1456 Νηπίους
1056 1387 1144 1454 δὲ,
1207 1392 1272 1461 τῇ
1326 1387 1504 1442 πίστει
1564 1388 1718 1459 φησί.
1792 1390 1942 1444 «Καὶ

370 1478 849 1547 περιφερόμενοι.»
877 1479 1106 1550 Νηπίων
1133 1479 1242 1552 γὰρ
1267 1481 1503 1545 δντωςτὸ
1522 1481 1938 1553 περιφέρεσθαι,

369 1566 467 1620 καὶ
488 1567 547 1619 οὐ
575 1566 882 1640 βεϐηκότων
914 1570 1008 1623 καὶ
1031 1572 1290 1643 στεῤῥῶν.
1325 1590 1342 1624 ι
1377 1573 1546 1626 Παντὶ
1570 1572 1776 1642 ἀνέμῳ.
1799 1590 1817 1624 ι
1851 1573 1942 1626 Εἰ-

373 1659 494 1714 πὼν
519 1659 995 1732 κλυδωνιζόμενοι,
1030 1665 1286 1735 ἐπέμεινε
1320 1668 1386 1736 τῇ
1407 1665 1709 1737 τροπῇ,καὶ
1736 1663 1937 1734 ἄνεμον

366 1753 715 1818 διδασκαλίας
747 1755 1110 1824 προσειπών.ι
1148 1757 1235 1812 Ἐν
1265 1760 1330 1829 τῇ
1366 1757 1561 1828 κυϐείᾳ
1589 1757 1700 1811 τῶν
1726 1755 1936 1828 ἀνθρώ-

366 1861 509 1900 πων.
541 1865 562 1903 )
598 1845 876 1902 Κυϐευταὶ
895 1847 1070 1917 λόγων
1095 1847 1365 1918 λέγονται,
1385 1851 1435 1902 οἱ
1467 1849 1598 1903 ποτὲ
1626 1849 1724 1919 μὲν
1750 1849 1934 1913 τοῦτο,

2057 653 2176 704 pus,
2202 643 2340 709 quod
2355 654 2640 710 coaptatur
2655 656 2702 699 et
2723 650 3073 718 compingitur
3085 666 3178 718 per
3196 669 3398 707 omnem
3420 663 3618 710 tactum

2057 728 2590 802 subministrationis,
2624 737 2786 804 juxta
2830 741 3112 807 efﬁcaciam
3185 744 3256 796 ad
3312 761 3615 799 mensuram

2056 824 2467 894 uniuscujusque
2485 829 2654 896 partis
2685 833 3065 886 incrementum
3107 837 3352 902 corporis
3383 837 3512 906 facit
3547 838 3614 893 ad

2054 914 2462 983 mdi/icationem
2495 922 2576 974 sui
2605 922 2770 988 ipsius
2805 940 2896 993 per
2925 925 3263 984 ch'aritatem.

2125 1109 2146 1144 ι
2184 1091 2254 1146 Ut
2284 1107 2391 1147 non
2426 1095 2658 1163 amplius
2693 1096 2864 1153 simus
2891 1099 3062 1167 pueri.
3097 1119 3116 1150 ι
3157 1100 3412 1157 Ostendit
3444 1120 3601 1174 Ipsos

2048 1181 2178 1237 olim
2211 1183 2285 1238 ita
2319 1183 2491 1240 fuisse
2527 1185 2773 1257 allectos,
2805 1199 2857 1243 et
2885 1205 2982 1258 per
3015 1193 3232 1246 modum
3281 1199 3611 1254 narrationis

2049 1275 2276 1347 corrigit
2303 1291 2423 1342 eos,
2455 1291 2518 1333 ac
2553 1279 2793 1348 seipsum
2825 1282 3107 1352 conjungit
3135 1299 3203 1338 ne
3239 1285 3466 1343 odiosus
3519 1290 3612 1345 liat

2047 1378 2249 1421 sermo.
2310 1368 2518 1422 Pueros
2553 1377 2732 1423 autem
2764 1369 2897 1426 dicit
2933 1371 3058 1427 ﬁde.
3098 1393 3116 1426 ι
3157 1374 3222 1430 Ει
3252 1376 3611 1434 circumfera-

2046 1471 2190 1511 mur.
2234 1475 2253 1509 ι
2286 1456 2494 1514 Revera
2521 1460 2669 1515 cnim
2701 1477 2999 1531 puerorum
3023 1473 3106 1520 est
3137 1467 3482 1526 circumferri
3515 1473 3608 1541 qui

2046 1548 2187 1604 ﬁrmi
2225 1556 2280 1605 et
2335 1551 2563 1608 stabiles
2592 1568 2700 1608 non
2761 1563 2909 1612 sunt.
2953 1575 2971 1608 ι
3009 1557 3168 1612 Omni
3200 1570 3382 1616 vento.
3418 1582 3438 1614 ι
3473 1565 3606 1618 Cum

2041 1640 2398 1710 praemisisset
2443 1659 2457 1696 :
2486 1642 2589 1709 Qui
2623 1644 2976 1710 ﬂuctuemus.
3010 1648 3063 1702 in
3099 1657 3256 1719 trapo
3283 1657 3604 1721 permansit,

2041 1732 2404 1804 subjungens,
2449 1743 2505 1789 et
2533 1745 2757 1791 ventum
2801 1738 3089 1796 doctrinm.
3122 1759 3141 1793 ι
3175 1743 3277 1797 Per
3309 1747 3605 1802 versutiam

2039 1825 2347 1882 hominum.
2387 1845 2406 1879 ι
2439 1828 2655 1884 Versuti
2682 1830 2736 1884 iu
2772 1833 2953 1888 verbis
2985 1833 3265 1903 dicuntur,
3303 1839 3397 1908 qui
3435 1840 3605 1892 inter-

365 1939 500 1992 ποτέ
519 1938 576 1992 δὲ
593 1941 770 1994 ἐκεῖνο
797 1940 1158 2007 διδάσκοντες,
1183 1941 1278 1995 καὶ
1295 1941 1710 2011 μεταϐαίνοντες
1733 1941 1818 1993 ἀεὶ
1832 1939 1920 1993 ἁπί

2040 1924 2166 1977 dum
2219 1923 2437 1994 quidem
2475 1924 2597 1991 hoc,
2636 1926 2911 1982 interdum
2948 1945 3076 1985 vero
3126 1932 3261 1986 illud
3301 1935 3515 1998 docent,
3551 1945 3606 1990 et

363 2033 556 2086 τούτου
584 2033 663 2095 είς
688 2031 843 2086 τοῦτο
897 2032 1239 2106 πανούργως.
1293 2032 1534 2086 Τοιοῦτοι
1566 2034 1613 2086 οἱ
1645 2030 1932 2103 αίρετικοί.

363 2123 430 2176 Οἱ
451 2123 506 2175 δὲ
539 2123 787 2188 τοιοῦτοι,
823 2125 978 2194 φησι,
1005 2127 1098 2177 καὶ
1129 2123 1425 2196 πανοῦργοι
1454 2123 1590 2194 πρὸς
1618 2123 1678 2176 τὸ
1714 2121 1936 2193 μέθοδον

362 2214 548 2284 εὑρεῖν
611 2214 707 2267 καὶ
764 2214 1036 2284 πρόφασιν
1072 2213 1301 2284 πλάνης,
1337 2214 1516 2268 πάντα
1540 2212 1676 2286 πρὸς
1702 2213 1760 2266 τὸ
1787 2212 1932 2266 ἀπαο

360 2306 524 2374 τῆσαι
578 2303 982 2375 μηχανώμενοι.
1030 2307 1286 2360 κυϐείαν
1321 2306 1421 2376 τὴν
1459 2304 1799 2374 πανουργίαν
1827 2321 1932 2359 κα-

359 2393 463 2448 λεῖ.
493 2396 792 2465 Πεποίηται
822 2397 878 2449 δὲ
915 2397 1023 2450 ἀπὸ
1048 2396 1140 2450 τοῦ
1171 2397 1443 2450 κυϐεύειν
1468 2395 1529 2450 τὸ
1555 2395 1746 2466 ὄνομα,
1770 2397 1931 2449 Ἵδιον

359 2484 417 2540 δὲ
451 2485 673 2553 τούτου,
704 2485 792 2550 τὸ,
823 2487 949 2558 τῇδε
983 2488 1203 2540 κάκεῖσε
1238 2485 1561 2556 μεταφέρειν
1595 2488 1690 2549 τὰς
1719 2485 1929 2556 ψήφους

361 2578 924 2649 πανουργευομένους.
991 2597 1010 2631 ι
1051 2579 1430 2649 Ἀληθεύοντες
1474 2578 1531 2631 δὲ
1576 2580 1632 2632 ἐν
1661 2578 1874 2650 ἀγάπῃ.
1902 2595 1921 2629 ι

374 2671 600 2726 Ἐκεῖνοι
627 2673 722 2741 μὲν
757 2670 906 2734 νόθα,
941 2672 1096 2742 φησι,
1128 2673 1223 2724 καὶ
1250 2670 1420 2740 ψευδῆ
1445 2669 1757 2724 διδάσκουσι
1801 2669 1929 2742 περὶ

362 2758 440 2818 ὧν
475 2767 502 2817 ό
529 2763 706 2833 λόγος,
737 2765 896 2834 ἡμεῖς
917 2763 975 2816 δὲ
1014 2762 1372 2832 ἀληθεύοντες
1400 2761 1458 2815 ἐν
1486 2779 1546 2814 τε
1575 2761 1806 2832 δόγμασι
1831 2761 1926 2814 καὶ

360 2853 462 2924 βίῳ
515 2853 611 2907 καὶ
669 2853 812 2925 λόγῳ
842 2855 899 2909 ἐν
941 2853 1151 2926 ἀγάπῃ.
1179 2853 1388 2917 Ἀλλως
1411 2850 1520 2921 γὰρ
1551 2853 1650 2906 οὐκ
1681 2852 1760 2904 ἔνι
1794 2851 1926 2922 ἀλη-

358 2945 558 2998 θεύειν.
605 2944 940 3014 Αὐξήσωμεν
998 2946 1091 2998 καὶ
1151 2944 1666 3016 ἐποικοδομήσωμεν
1701 2946 1781 3008 είς
1832 2945 1924 2998 τὸν

354 3036 592 3107 Χριστὸν
645 3036 744 3107 τὴν
793 3035 1032 3107 κεφαλὴν
1089 3037 1360 3107 ἡμῶν,τὰ
1381 3037 1560 3090 πάντα
1617 3037 1793 3106 ἡμῶν,
1827 3038 1921 3090 καὶ

356 3126 490 3200 βίον,
548 3129 643 3182 καὶ
701 3128 879 3196 λόγον,
936 3129 1032 3182 καὶ
1086 3127 1351 3199 δόγματα.
1419 3147 1439 3180 ι
1475 3128 1564 3195 Ἐξ
1602 3127 1662 3182 οὗ
1724 3131 1831 3184 πᾶν
1860 3129 1922 3183 τδ

356 3218 538 3291 σῶμα.
560 3239 578 3271 ι
635 3218 903 3291 Καθάπερ
937 3219 1031 3272 ἐπὶ
1092 3219 1200 3274 τῶν
1245 3221 1531 3291 ἡμετέρων
1563 3221 1830 3290 σωμάτων
1858 3221 1919 3275 τὸ
1943 3247 1990 3312 C

350 3310 572 3380 πνεῦμα
601 3309 660 3363 τὸ
684 3307 908 3372 ζωτικὸν
930 3308 990 3361 τὸ
1011 3307 1106 3363 ἀπ’
1135 3310 1437 3378 ἐγκεφάλου
1462 3311 1549 3364 διὰ
1573 3310 1679 3364 τῶν
1709 3309 1916 3382 νεύρων

348 3404 658 3473 κατιὸν,ούχ
675 3403 861 3467 ἁπλῶς
888 3404 1060 3456 πᾶσιν
1078 3404 1275 3472 ἐμπνεῖ
1304 3407 1418 3468 τοῖς
1446 3403 1634 3473 μέλεσι
1651 3403 1912 3474 δύναμιν,

347 3495 482 3550 ἀλλὰ
529 3497 589 3550 τὸ
639 3495 736 3564 μὲν
791 3495 974 3550 πλεῖόν
1033 3513 1084 3548 τι
1129 3495 1383 3560 δέξασθαι
1410 3494 1691 3567 δυναμένῳ
1732 3496 1916 3550 πλεῖον

347 3587 553 3653 δίδωσι,
583 3586 659 3658 τῷ
687 3587 742 3640 δὲ
780 3587 1022 3652 έλαττον,
1041 3585 1284 3652 ἔλαττον,
1303 3585 1447 3641 οὕτω
1475 3588 1568 3642 καὶ⁵
1601 3588 1629 3641 ό
1658 3587 1912 3658 Χριστὸς,

347 3676 599 3748 καθάπερ
631 3675 808 3748 μελῶν
834 3678 943 3731 τῶν
977 3676 1267 3746 ἡμετέρων
1289 3675 1478 3746 ψυχῶν
1503 3676 1560 3743 ἐξ
1613 3676 1781 3729 αὑτοῦ
1821 3677 1915 3730 καὶ

345 3767 428 3831 είς
482 3767 643 3820 αὐτὸν
703 3767 1204 3838 ἀποκρεμαμένων,
1255 3771 1287 3838 ή
1356 3768 1703 3838 πνευματικὴ
1745 3769 1911 3822 αὑτοῦ

345 3856 573 3929 δύναμις
597 3859 689 3912 καὶ
717 3859 751 3929 ή
787 3858 894 3911 τῶν
929 3859 1280 3930 χαρισμάτων
1311 3859 1561 3929 διανομὴ,
1594 3859 1736 3913 κατὰ
1777 3861 1911 3914 ἀνα-

343 3952 529 4022 λογίαν
579 3953 696 4016 ἐνὸς
753 3953 983 4006 ἑκάστου
1010 3953 1205 4024 μέλους
1243 3951 1409 4006 αὐτοῦ
1460 3955 1908 4024 προσαπτομένη,

343 4041 442 4116 τὴν
494 4043 719 4114 αὕξησιν
791 4045 1028 4096 ποιεῖται
1077 4041 1177 4113 τῆς
1243 4042 1620 4112 πνευματικῆς
1669 4042 1906 4113 ἡλικίας.

349 4136 486 4188 «Διά
513 4135 612 4204 τῆς
641 4133 808 4204 ἁφῆς,
846 4135 1001 4204 φησι,
1041 4133 1141 4205 τῆς
1174 4133 1552 4204 ἐπιχορηγίας,
1583 4151 1602 4185 ι
1640 4135 1906 4201 τουτέστι,

341 4225 431 4280 διὰ
481 4225 579 4294 τῆς
608 4227 665 4278 ἐν
693 4227 756 4295 τῇ
796 4226 931 4295 ἁφῇ,
954 4224 1050 4278 καλ⁸
1079 4217 1192 4278 οἷον
1248 4222 1453 4296 ἐρεύνῃ
1483 4224 1576 4277 τοῦ
1604 4225 1908 4294 ἐπιτηδείου

341 4317 703 4388 ἐπιχορηγίας
765 4315 1078 4386 γινομένης.
1144 4315 1358 4386 Ἐκείνη
1405 4316 1517 4384 γὰρ
1563 4317 1596 4386 ἠ
1653 4315 1760 4368 ἀπὸ
1812 4315 1906 4369 τοῦ

340 4409 577 4480 Χριστοῦ
613 4408 878 4461 κατιοῦσα
900 4408 1250 4479 πνευματικὴ
1277 4406 1527 4478 δύναμις,
1544 4407 1658 4471 ἐνὸς
1677 4407 1906 4461 ἑκάστου

342 4501 536 4570 μέλους
568 4499 730 4553 αὑτοῦ
765 4499 1071 4570 ἁπτομένη,
1097 4497 1270 4561 οὕτως
1295 4500 1528 4568 ἐνεργεῖ,
1569 4498 1642 4562 ὡς
1674 4499 1738 4552 ἂν
1771 4498 1908 4575 εῖξρῃ

2039 2013 2264 2070 val‘ricie
2316 2031 2416 2070 sua
2451 2033 2667 2087 semper
2721 2019 2789 2074 ab
2839 2020 2944 2075 hoc
2985 2023 3051 2077 ad
3105 2023 3236 2077 illud
3289 2034 3600 2083 transeunt.

2036 2102 2361 2175 Huiusmodi
2391 2116 2519 2161 sunt
2556 2109 2821 2165 lueretici.
2865 2111 3196 2182 Hujusmodi
3226 2123 3405 2168 autem
3437 2117 3599 2172 etiam

2035 2195 2203 2249 astuti
2241 2194 2418 2265 inquit
2492 2197 2558 2252 ad
2592 2197 2984 2254 inveniendum
3035 2203 3245 2256 semina
3266 2211 3319 2257 ct
3350 2204 3599 2258 occasio-

2035 2302 2154 2342 nem
2179 2288 2536 2359 deceptionis,
2567 2293 2750 2347 omnia
2779 2293 3170 2349 machinantur
3207 2307 3266 2350 ut
3300 2296 3489 2352 fallant
3535 2315 3600 2354 ac

2032 2380 2334 2450 imponant,
2375 2381 2602 2436 κυϐείαν
2628 2393 2808 2439 autem
2856 2385 2991 2440 dicit
3023 2388 3318 2442 versutiam
3361 2397 3412 2443 el
3445 2401 3600 2446 astu-

2033 2473 2186 2527 tiam.
2217 2472 2444 2529 Factum
2473 2483 2558 2530 est
2589 2484 2771 2531 autem
2807 2491 3004 2533 nomen
3039 2495 3066 2532 a
3095 2481 3365 2550 κυϐεύειν,
3401 2482 3452 2538 id
3489 2493 3594 2551 est,

2030 2564 2234 2618 taxillis
2259 2564 2446 2620 ludere
2489 2583 2504 2620 :
2546 2567 2690 2636 quod
2723 2567 2796 2623 ibi
2820 2570 3060 2626 versutis
3091 2570 3360 2628 familiare
3384 2575 3455 2629 sit
3479 2576 3595 2629 cal-
3668 2615 3671 2617 -

2029 2656 2181 2711 culos
2210 2657 2311 2712 hac
2333 2667 2386 2712 et
2424 2658 2547 2713 illac
2577 2668 2998 2718 transmutare.¢
3040 2662 3144 2717 Sed
3168 2667 3449 2720 veritatem
3475 2683 3594 2720 ser-

2031 2757 2228 2804 vantes
2251 2754 2304 2802 in
2339 2749 2629 2805 charitate.
2659 2749 2971 2821 tSiquidem
2993 2755 3064 2808 illi
3092 2755 3159 2810 de
3176 2758 3375 2826 quibus
3409 2775 3592 2816 sermo

2025 2850 2130 2908 est,
2162 2842 2470 2896 adulterina
2506 2853 2559 2897 et
2591 2842 2722 2897 falsa
2741 2843 2960 2909 docent,
2986 2862 3084 2901 nos
3107 2856 3288 2902 autem
3311 2852 3592 2907 veritatem

2025 2943 2306 2990 servantes
2328 2934 2384 2988 in
2404 2933 2672 3005 dOgmatis
2703 2947 2756 2990 et
2785 2936 2892 2991 vita
2925 2952 2987 2992 ac
3012 2953 3284 3006 sermone,
3313 2943 3366 2996 in
3409 2944 3592 2998 chari-

2024 3033 2168 3093 tate;
2196 3027 2438 3096 alioquin
2461 3028 2601 3082 enim
2624 3043 2732 3082 non
2753 3030 3020 3100 contingit
3042 3046 3260 3088 servare
3284 3035 3587 3105 veritatem,

2022 3134 2341 3176 crescamus
2362 3127 2415 3175 et
2437 3118 2773 3175 tedilicemur
2793 3121 2846 3175 in
2861 3121 3138 3177 Christum
3155 3135 3318 3194 caput
3340 3137 3587 3182 nostrum

2023 3226 2123 3280 per
2145 3212 2332 3266 omnia
2366 3221 2555 3268 nostra
2575 3221 2629 3268 et
2647 3213 2815 3267 vitam
2845 3222 2897 3268 et
2929 3230 3212 3271 sermones
3230 3232 3293 3272 ac
3315 3219 3588 3289 dogmata.

2029 3321 2049 3355 ‹
2087 3301 2162 3357 Ex
2191 3319 2299 3374 quo
2330 3312 2502 3360 totum
2551 3321 2772 3374 corpus.
2811 3326 2829 3359 ι
2874 3305 3344 3372 Quemadmodum
3378 3311 3431 3364 in
3486 3327 3586 3364 uo-

2022 3396 2153 3452 stris
2184 3398 2512 3467 corporibus
2545 3398 2770 3467 Spiritus
2798 3398 2977 3454 vitalis
3011 3413 3038 3452 a
3071 3400 3298 3455 cerebro
3332 3417 3426 3471 per
3458 3418 3584 3456 ner-

2020 3501 2120 3542 vos
2165 3487 2532 3556 descendens,
2566 3505 2674 3544 non
2706 3490 2990 3560 aequaliter
3015 3491 3273 3545 omnibus
3327 3493 3589 3551 membris

2021 3578 2256 3650 inspirat
2287 3581 2545 3637 virtutem
2578 3597 2594 3636 :
2625 3581 2722 3637 sed
2752 3582 2882 3637 huic
2913 3582 3138 3652 quidem
3193 3584 3430 3653 amplius
3483 3600 3586 3654 po-

2020 3672 2156 3726 tenti
2188 3673 2488 3742 suscipere,
2522 3673 2646 3743 plus
2683 3674 2897 3738 tribuit,
2928 3675 2977 3728 ei
3003 3682 3184 3729 autem
3220 3676 3364 3745 quod
3405 3675 3588 3730 minus

2020 3774 2219 3835 potest,
2254 3766 2435 3822 minus
2458 3765 2758 3837 elargitur:
2787 3767 2860 3820 ita
2888 3774 2942 3822 et
2985 3767 3262 3823 Christus.
3299 3765 3582 3838 Tanquam

2018 3858 2164 3912 enim
2201 3858 2461 3912 membris
2484 3859 2790 3912 animarum
2819 3867 3134 3912 nostrarum
3165 3876 3230 3915 ex
3273 3860 3392 3929 ipso
3419 3870 3472 3914 et
3528 3864 3584 3916 in

2019 3950 2198 4020 ipsum
2250 3950 2644 4020 pendentibus,
2695 3950 3004 4018 spiritualis
3033 3952 3153 4021 ejus
3191 3953 3364 4006 virtus
3391 3967 3454 4007 ac
3487 3954 3586 4007 do-

2016 4057 2212 4097 norum
2246 4043 2461 4108 divisio,
2484 4043 2636 4113 juxta
2677 4043 3084 4113 proportionem
3121 4044 3582 4116 cujusqueipsius

2017 4135 2247 4189 membri
2297 4134 2588 4204 applicata,
2643 4144 2994 4204 augmentum
3066 4134 3230 4189 efﬁcit
3276 4137 3582 4206 spiritualis

2015 4225 2211 4280 aetatis.
2250 4244 2270 4278 ι
2313 4226 2414 4280 Per
2446 4232 2649 4280 tactum
2679 4225 3236 4282 snbministrationis.
3270 4243 3290 4280 ι
3329 4227 3442 4282 lloc
3472 4239 3578 4295 est,

2017 4335 2113 4390 per
2135 4327 2316 4388 aptam
2351 4319 2917 4375 subministrationem
2944 4335 3066 4390 quae
3088 4321 3142 4375 ﬁt
3171 4321 3226 4374 in
3259 4331 3582 4378 contrecta-

2016 4412 2165 4465 tione
2199 4417 2254 4465 et
2284 4411 2431 4466 velut
2469 4410 2525 4464 in
2561 4410 2923 4466 scrutatione.
2963 4410 3276 4481 Spiritualis
3307 4412 3450 4468 enim
3488 4413 3580 4468 illa

2013 4503 2189 4558 virtus
2240 4517 2362 4571 qure
2394 4517 2422 4555 a
2478 4500 2698 4557 Christo
2757 4501 3044 4558 descendit
3087 4503 3286 4573 cuique
3335 4505 3582 4559 membro

339 4592 462 4644 τινὰ
523 4591 660 4658 πρὸς
719 4591 985 4661 ὑποδοχὴν
1037 4591 1365 4661 ἐπιτήδειον,
1419 4592 1493 4656 ὡς
1518 4593 1566 4645 εί
1608 4593 1781 4661 ἔλεγε⁹
1825 4594 1904 4646 Τὰ

2023 4591 2189 4660 ipsius
2212 4592 2302 4660 zita
2332 4591 2441 4645 vim
2470 4592 2666 4657 exerit,
2697 4591 2810 4666 38
2838 4594 2982 4648 sicut
3024 4595 3280 4665 quodque
3311 4595 3581 4652 invenerit

341 4682 482 4752 μέ-λη
510 4681 604 4734 τοῦ
663 4680 902 4750 Χριστοῦ
933 4681 1120 4751 ἡμεῖς,
1160 4681 1348 4751 φησιν,
1381 4684 1431 4734 ol.
1463 4682 1740 4752 ἄνθρωποι
1768 4682 1910 4736 κατὰ

337 4774 438 4842 τὴν
493 4773 783 4840 ἀναλογίαν
841 4771 936 4824 τοῦ
985 4771 1188 4824 οἰκείου
1257 4773 1630 4843 πνευματικοῦ
1702 4774 1903 4844 μέτρου

336 4863 618 4933 δεχόμενοι
658 4861 757 4932 τὴν
789 4862 897 4915 ἀπὸ
926 4861 1019 4915 τοῦ
1048 4861 1288 4932 Χριστοῦ
1320 4865 1702 4936 ἐπιχορηγίαν,
1740 4864 1904 4932 a550-

339 4972 464 5022 μεν.
492 4953 564 5006 Τὸ
593 4953 700 5025 γὰρ
726 4952 946 5022 πνεῦμα.
975 4951 1181 5008 ἄνωθεν
1212 4955 1470 5026 ἐπιρρέον
1511 4957 1622 5011 ἀπὸ
1649 4957 1742 5010 τοῦ
1769 4959 1904 5027 Χρι-

337 5045 466 5099 στοῦ
516 5045 759 5113 ἀφθόνως
801 5045 896 5104 καὶ
947 5042 1372 5114 χορηγούμενον,
1405 5045 1623 5098 πάντων
1662 5047 1904 5114 ἐφαπτό-

335 5153 501 5206 μενον
556 5135 664 5188 τῶν
694 5135 772 5198 είς
800 5135 938 5205 μέλη
1002 5134 1299 5190 τελούντων
1343 5135 1436 5188 τοῦ
1470 5136 1730 5205 Χριστοῦ,
1767 5137 1903 5207 πρὸς

341 5228 431 5298 τὴν
475 5227 766 5296 ἀναλογίαν
817 5227 916 5296 τῆς
959 5227 1189 5280 έκάστου
1245 5227 1526 5292 δυνάμεως
1550 5228 1648 5298 τὴν
1676 5226 1902 5297 αὔξησιν

338 5323 588 5374 ποιεῖται.
637 5351 707 5362 --
753 5318 1098 5392 [ΟΙΚΟΥΜ.]
1154 5320 1296 5390 Ὅρα
1325 5319 1376 5372 τί
1421 5319 1578 5389 κάγὼ
1651 5321 1896 5391 ἐνόμισα.

325 5410 468 5470 Οὔτε
531 5411 639 5481 γὰρ
694 5411 945 5481 ὲχώρησα
981 5411 1049 5466 τὰ
1106 5410 1200 5465 τοῦ
1262 5411 1534 5482 μακαρίου
1586 5415 1794 5482 νοῆσαι.
1829 5441 1900 5451 -

323 5497 558 5575 [MAN]
609 5500 702 5566 Ἐξ
729 5498 802 5567 ,οὗ
837 5502 1073 5571 Χριστοῦ
1113 5505 1217 5556 πᾶν
1251 5503 1312 5556 τὸ
1339 5503 1498 5572 σῶμα
1529 5503 1630 5573 τῆς
1665 5504 1897 5574 Ἐκκλη-

327 5597 449 5658 σίας
485 5593 1058 5664 συναρμολογούμενον
1083 5594 1230 5664 αὐτῷ
1270 5595 1365 5647 καὶ
1402 5594 1893 5666 συμϐιόαζόμενον,

322 5685 594 5753 τουτέστι,
630 5684 1133 5755 συγκεκολλημένον
1155 5684 1303 5755 αὐτῷ
1335 5686 1426 5737 καὶ
1451 5687 1892 5756 προσηνωμένον,

325 5785 402 5839 ὡς
440 5774 544 5847 ἰδίᾳ
606 5775 839 5846 κεφαλῇ.
885 5775 975 5840 Ἐξ
1002 5774 1164 5830 αὑτοῦ
1212 5774 1322 5848 γὰρ
1371 5775 1502 5845 ἡμῖν
1534 5775 1595 5828 τὸ
1637 5775 1896 5846 κεκολλῆ-

327 5865 451 5916 σθαι
499 5863 664 5929 αὐτῷ.
728 5863 1142 5930 Κεκολλημένον
1185 5864 1284 5931 δὲ,
1346 5863 1432 5919 διὰ
1485 5864 1666 5932 πάσης
1727 5865 1888 5933 ἁφῆς,

2014 4691 2200 4752 aptum
2236 4683 2304 4737 ad
2341 4684 2773 4753 susceptionem,
2814 4699 2877 4739 ac
2904 4685 2950 4738 si
2982 4684 3187 4739 diceret
3218 4700 3232 4736 :
3262 4683 3375 4740 Nos
3404 4687 3580 4741 homi-

2010 4791 2108 4829 nes
2166 4774 2259 4844 qui
2313 4773 2556 4829 membra
2604 4773 2808 4828 Christi
2857 4789 3069 4839 sumus,
3121 4776 3275 4845 juxta
3301 4781 3572 4846 prapriam

2011 4863 2317 4932 spiritualis
2359 4877 2634 4917 mensurae
2700 4864 3136 4934 proportionem,
3208 4866 3577 4935 suscipientes

2008 4968 2128 5023 qum-
2175 4969 2206 5007 a
2257 4952 2478 5008 Christo
2519 4963 2604 5008 est
2657 4953 3243 5018 subministrationem,
3288 4971 3572 5027 augemur,

2007 5043 2235 5113 spiritus
2258 5058 2497 5112 namque
2525 5059 2761 5113 superne
2793 5060 2823 5098 a
2843 5044 3060 5099 Christo
3083 5045 3317 5102 inﬂuens
3352 5049 3570 5104 abunde

2004 5144 2056 5190 et
2074 5133 2543 5199 subministratus,
2570 5135 2824 5189 omnibus
2855 5134 3140 5205 adaptatus
3161 5140 3250 5209 qui
3287 5141 3341 5195 in
3369 5141 3573 5198 Christi

2005 5223 2247 5278 membra
2274 5223 2650 5293 perﬁciuntur,
2692 5224 2848 5294 juxta
2907 5228 3315 5296 proportionem
3353 5230 3573 5285 virtutis

2003 5315 2434 5384 uniuscujusque
2455 5313 2586 5369 facit
2601 5319 3358 5386 augmentuni.Animadverte
3375 5322 3502 5389 quid
3517 5332 3570 5377 et

2003 5407 2132 5460 mihi
2156 5406 2331 5461 visum
2365 5408 2438 5462 sit
2475 5423 2488 5460 :
2529 5422 2704 5476 neque
2744 5409 2888 5464 enim
2918 5424 2983 5466 eo
3010 5425 3331 5480 progressus
3357 5427 3476 5466 sum
3509 5422 3569 5466 ut

1998 5497 2399 5552 considerarem
2423 5512 2486 5552 ac
2504 5498 2859 5571 intelligerent
2881 5518 3000 5572 quae
3025 5503 3196 5572 ipsius
3219 5503 3394 5557 sancti
3418 5514 3567 5560 sunt.

1998 5591 2036 5642 A
2072 5603 2183 5660 quo
2250 5589 2471 5647 Christo
2510 5605 2672 5647 onme
2715 5607 2915 5662 corpus
2967 5593 3222 5647 Ecclesia:
3275 5595 3418 5662 quod
3464 5595 3569 5665 ipsi

1997 5688 2278 5748 (captatur
2309 5684 2759 5752 etcompingitur,
2807 5683 2909 5736 hoc
2939 5691 3040 5748 est,
3082 5684 3486 5754 conglutinatur
3514 5694 3572 5742 et

1996 5773 2060 5826 ad
2108 5787 2228 5827 eum
2271 5775 2457 5828 unitur
2513 5781 2769 5842 tanquam
2825 5771 2892 5825 ad
2948 5772 3228 5842 proprium
3261 5782 3423 5844 caput
3454 5791 3466 5826 :
3499 5775 3572 5832 ab

1996 5865 2115 5934 ipso
2146 5867 2290 5921 enim
2314 5867 2574 5920 habemus
2607 5870 2666 5918 ut
2693 5863 2743 5917 ei
2775 5861 3152 5918 adhaereamus
3201 5864 3314 5918 sive
3336 5864 3570 5931 aggluti-
