4000 6606
317 440 453 508 12’5

1337 445 1721 509 COMMENT.
1762 445 1842 506 IN
1880 444 2118 505 EPIST.
2148 442 2247 506 AD
2288 443 2558 504 EPHES.

3443 446 3582 513 lii-26

398 557 600 629 Ἐχρῆν
625 557 699 630 μὴ
729 559 888 630 μόνον
919 558 1009 613 διὰ
1029 556 1124 613 τοῦ
1154 561 1463 629 παραινεῖν,
1490 557 1628 612 ἀλλά
1680 555 1892 611 καὶλδιά

2064 554 2324 624 Oportuit
2362 568 2470 609 non
2499 553 2681 609 solum
2702 555 3070 621 exhortando,
3109 559 3204 614 sed
3239 568 3292 616 ct
3324 566 3583 619 terrendo

314 646 413 702 τοῦ
470 648 658 717 φοϐεῖν
705 649 801 703 καὶ
833 651 911 721 τῷ
942 646 1085 721 ΘεῷΔ
1112 650 1484 721 παραδιδόναι,
1513 650 1613 722 τὴν
1640 650 1901 702 διδασκα-

315 741 439 794 λίαν
494 742 842 811 ἐργάζεσθαι.
887 743 1280 815 Μαρτύρομαι,
1332 745 1520 813 φησὶν,
1576 743 1633 796 ὲν
1683 742 1897 814 Κυρίῳ.

318 833 587 899 τουτέστι,
614 837 868 907 μάρτυρα
890 837 981 891 τὸν
1006 816 1409 908 Κύριονίκαλῶ,
1441 838 1524 890 ὅτι
1551 832 1707 889 εἷπον
1736 835 1790 888 τί
1821 834 1902 886 δεῖ

320 926 464 993 ὑμᾶς
497 928 780 996 πράττειν.
815 928 960 999 Ὅρα
988 929 1043 983 δὲ
1092 929 1306 997 σοφίαν.
1353 929 1467 982 Οὐκ
1505 924 1648 991 εἷπε,
1684 924 1899 995 Μηκέτι

321 1018 465 1087 ὑμᾶς
493 1020 839 1088 περιπατεῖν,
869 1021 1053 1085 καθὼς
1093 1023 1471 1092 περιπατεῖτε.
1499 1020 1765 1093 (Ἐπληξε
1789 1020 1899 1090 γὰρ

323 1107 435 1176 ἄν.)
502 1108 665 1162 Ἃ).λά
715 1109 873 1162 τοῦτο
934 1110 1033 1179 μὲν
1085 1112 1377 1181 ἐδήλωσεν,
1422 1111 1531 1164 ἀπὸ
1580 1111 1640 1164 δὲ
1693 1110 1900 1181 ἑτέρων

322 1200 496 1270 ἧγαγε
535 1198 597 1252 τὸ
655 1200 1026 1271 παράδειγμα.
1091 1220 1110 1254 ι
1150 1204 1237 1257 Ἑν
1269 1204 1589 1274 ματαιότητι
1649 1202 1742 1257 τοῦ
1781 1203 1901 1266 νοὸς

320 1290 521 1345 αὐτῶν.
557 1309 577 1342 ι
610 1323 681 1333 -
712 1290 1025 1364 [ΦΩΤ.]Εἱς
1044 1293 1107 1347 τὸ
1139 1294 1214 1366 μὴ
1251 1295 1379 1366 περὶ
1403 1296 1473 1349 τὰ
1507 1294 1716 1365 μάταια
1738 1295 1903 1364 ἀσχο-

320 1385 530 1439 λεῖσθαι
574 1386 666 1439 τὸν
710 1386 834 1439 νοῦν
885 1386 1160 1456 ὑμῶν.οῠ
1181 1388 1252 1440 τὰ
1275 1386 1377 1458 τῆς
1438 1387 1696 1458 ἀληθείας
1769 1401 1904 1458 φρο-

325 1474 541 1538 νοῦντες
611 1475 708 1528 καὶ
754 1476 1106 1539 πιστεύοντες
1164 1476 1262 1531 καὶ
1321 1476 1735 1547 ἀποδεχόμενοι,
1783 1476 1900 1531 ἀλλ’

322 1566 468 1638 ἀπερ
506 1565 571 1621 ἂν
599 1567 628 1619 ὁ
660 1566 787 1630 νοῦς
838 1566 1020 1621 αὐτῶν
1080 1567 1257 1639 μάτην
1308 1566 1597 1639 ἀναπλάσῃ
1635 1570 1729 1621 καὶ
1752 1566 1902 1635 λογί-

323 1676 507 1730 σηται.
544 1660 610 1713 Τί
641 1658 685 1711 δ’
713 1658 780 1713 ἂν
809 1660 904 1713 καὶ
952 1658 1225 1729 λογίσοιτο
1276 1659 1386 1713 τῶν
1440 1660 1644 1725 καλῶν,
1676 1662 1704 1712 ὁ
1739 1661 1902 1714 ἐσκο-

320 1751 587 1821 τισμένην
641 1748 779 1820 ἔχων
832 1749 935 1821 τὴν
985 1750 1265 1818 διάνοιαν;
1307 1767 1326 1802 ι
1389 1750 1898 1822 Ἐσκοτισμένοιτῇ

321 1841 549 1913 διανοίᾳ.
578 1859 598 1891 ι
632 1841 706 1894 Τὸ
736 1841 847 1910 γὰρ
883 1840 1088 1912 πλῆθος
1120 1840 1231 1894 τῶν
1284 1840 1558 1912 βιωτικῶν
1590 1840 1899 1912 ἁμαρτιῶν,

2000 656 2055 701 et
2083 645 2193 702 Deo
2221 647 2521 712 tradendo,
2566 645 2838 704 doctrinm
2902 664 3124 720 operam
3158 651 3310 708 dare.
3363 652 3582 719 Testor,

2001 737 2202 807 inquit,
2229 753 2327 807 per
2362 739 2675 804 Dominum,
2696 743 2797 797 hoc
2828 750 2915 798 est
2946 751 3140 801 testem
3169 746 3367 802 invoco
3400 747 3584 804 Domi-

2002 846 2156 895 num,
2185 831 2329 900 quod
2391 831 2625 887 dixerim
2674 834 2808 903 quid
2866 851 2965 890 vos
3013 846 3264 907 oporteat
3308 841 3586 912 agere.Et

2002 921 2381 977 animadverte
2397 926 2745 994 sapientiam.
2770 925 2888 981 Non
2904 928 3041 982 dixit
3065 944 3079 981 :
3106 929 3190 986 Ne
3220 933 3446 1001 posthac
3467 949 3587 988 am-

2004 1013 2200 1068 bulctis
2224 1013 2368 1069 sicut
2408 1016 2811 1075 ambulabatis:
2851 1021 2955 1075 boc
2981 1021 3127 1077 enim
3161 1022 3323 1079 modo
3347 1022 3586 1082 feriisset

2002 1119 2137 1160 eos:
2172 1099 2283 1177 40
2313 1105 2418 1161 hoc
2448 1115 2630 1163 tamen
2681 1110 2966 1177 indicavit,
2999 1113 3094 1168 sed
3145 1114 3214 1170 ab
3265 1116 3389 1172 aliis
3427 1117 3587 1172 duxit

2004 1200 2337 1269 exemplum.
2377 1219 2395 1255 ι
2433 1201 2493 1257 in
2539 1205 2783 1260 vanitate
2811 1207 3013 1262 mentis
3036 1222 3171 1264 suae.
3204 1227 3224 1260 ι
3264 1239 3333 1249 —
3364 1208 3436 1265 Ut
3476 1226 3585 1265 nou

2000 1299 2304 1360 occupetur
2326 1294 2474 1347 circa
2497 1308 2639 1348 vana
2667 1310 2823 1352 mens
2855 1295 3058 1352 vestra’.
3094 1299 3468 1370 Intelligentes
3532 1312 3588 1357 et

2004 1384 2293 1439 credentes
2322 1399 2388 1440 ac
2441 1386 2808 1455 suscipientes
2837 1403 2946 1442 non
2986 1405 3109 1459 quae
3145 1392 3397 1448 veritatis
3435 1404 3587 1458 sunt,

2004 1472 2101 1527 Sed
2148 1488 2499 1546 quaecunque
2534 1490 2690 1533 mens
2722 1477 2971 1547 ipsorum
3034 1496 3174 1537 vane
3222 1491 3590 1539 commentata

2004 1563 2168 1619 fuerit
2209 1580 2274 1620 ac
2322 1568 2735 1638 excogitaverit.
2759 1570 2899 1636 Quid
2922 1572 3066 1627 enim
3085 1587 3279 1629 eorum
3301 1591 3420 1644 quae
3442 1583 3590 1631 tettt

2005 1664 2135 1713 sunt
2168 1657 2410 1728 cogitare
2431 1670 2617 1729 posset
2649 1662 2745 1731 qui
2785 1671 3025 1720 mentem
3052 1666 3217 1721 habet
3260 1668 3591 1725 obtenehra-

2007 1751 2160 1805 tam?
2217 1768 2238 1804 ι
2302 1750 2658 1809 Obtenebrati
2725 1765 2927 1812 mente.
2972 1776 2992 1809 ι
3032 1757 3325 1815 Multitudo
3357 1777 3593 1833 namque

2008 1840 2412 1899 mundanorum
2457 1852 2809 1913 peccatorum
2905 1848 3080 1902 aciem
3130 1851 3332 1906 mentis
3375 1851 3595 1908 obteneo

321 1935 385 1988 τὺ
412 1933 723 2005 διορατικδν
764 1933 867 2004 τῆς
887 1934 1126 1997 διανοίας
1157 1931 1525 1999 ὲπισκοτίζον,
1552 1934 1681 1987 ἰδεῖν
1709 1934 1811 1987 οὐκ
1839 1934 1903 2004 ἐᾷ

2010 1932 2176 1989 brans
2205 1949 2316 1988 non
2348 1934 2478 1989 sinit
2511 1936 2712 1992 intueri
2774 1937 2957 1992 Solem
3018 1939 3252 2008 iustitia!
3282 1939 3592 2009 Christum,

321 2024 416 2078 τὸν
448 2025 640 2078 Ἥλιον
672 2025 773 2095 τῆς
812 2025 1165 2095 δικαιοσύνης
1191 2025 1448 2098 Χριστόν.
1476 2024 1671 2081 Ἔνθεν
1692 2026 1905 2094 γίνεται

323 2121 358 2189 ἠ
389 2120 650 2191 πώρωσις
682 2120 780 2189 τῆς
827 2120 1074 2191 καρδίας,
1116 2101 1254 2191 ὅπερ
1300 2119 1682 2192 παρακατιὼν,
1714 2123 1903 2191 φησιν,

322 2213 490 2265 οίονεὶ
531 2211 792 2284 πώρωσίς
841 2229 927 2277 τις
974 2207 1110 2265 οὖσα
1168 2213 1264 2266 καὶ
1316 2213 1668 2283 ἀναισθησία.
1694 2214 1770 2267 Τὸ
1796 2213 1906 2284 γὰρ

323 2305 737 2374 ὲσκοτισμένον,
790 2305 1137 2377 ἀναίσθητον.
1203 2308 1345 2362 «Διά
1390 2307 1487 2379 τὴν
1527 2308 1753 2376 ἄγνοιαν
1808 2307 1908 2379 τὴν

319 2393 495 2453 οὖσαν
527 2398 584 2449 ὲν
613 2398 818 2460 αὐτοῖς.
844 2417 864 2450 ›
897 2399 959 2451 Ei
993 2399 1086 2452 οὖν
1112 2400 1391 2468 ἀγνοοῦσι,
1427 2401 1653 2471 φήσειέν
1677 2416 1781 2466 τις,
1814 2401 1909 2454 καὶ

322 2490 373 2542 εί
418 2489 811 2561 πεπώρωνται,
856 2491 958 2544 οὐκ
1008 2491 1152 2556 ἄξιοι
1214 2493 1584 2564 ἐγκλημάτων
1643 2496 1753 2549 εἰσὶ
1812 2494 1910 2548 καὶ

323 2580 628 2651 τιμωριῶν,
670 2579 808 2633 ἀλλὰ
837 2580 1039 2650 μᾶλλον
1059 2582 1155 2636 τοῦ
1220 2583 1437 2653 μαθεῖν.
1474 2583 1617 2638 Ἀλλ’
1650 2585 1754 2655 ὅρα
1787 2585 1906 2649 πῶς

321 2671 511 2726 αὐτῶν
564 2673 879 2742 ἀφαιρεῖται
931 2673 1031 2743 τὴν
1057 2674 1413 2751 συγγνώμην.
1449 2675 1683 2739 Οϊτινες,
1718 2677 1906 2748 φησῖν,

321 2762 708 2833 ἀπηλγηκότες
756 2764 988 2828 ἑαυτοὺς
1043 2765 1372 2836 παρέδωκαν
1420 2769 1487 2837 τῇ
1516 2766 1779 2840 ἀσελγείᾳ
1829 2768 1909 2830 είς

324 2856 594 2925 ἐργασίαν
639 2857 985 2929 ἀκαθαρσίας
1046 2860 1251 2929 πάσης.
1279 2860 1533 2913 Δείκνυσι
1572 2860 1682 2931 γὰρ
1701 2861 1785 2912 ὅτι
1809 2860 1910 2928 τῆς

324 2947 552 3016 ἀγνοίας
602 2951 698 3003 καὶ
754 2950 871 3020 τῆς.
909 2948 1225 3019 πωρώσεως
1255 2952 1284 3005 ὁ
1334 2951 1450 3021 βίος
1489 2953 1677 3015 αὐτοῖς
1710 2950 1908 3014 αἴτιος.

336 3042 401 3096 '0
428 3042 484 3093 δὲ
519 3040 653 3111 βίος,
688 3041 745 3106 ἐξ
771 3042 977 3107 οίκείας
1006 3043 1200 3112 γέγονε
1258 3043 1534 3115 ῥᾳθυμίας
1599 3045 1696 3097 καὶ
1744 3044 1912 3097 ἀναλ-

323 3135 549 3204 γησίας.
586 3133 856 3197 Ἑαυτοὺς
881 3135 1011 3207 γὰρ,
1047 3135 1202 3204 φησι,
1231 3135 1579 3206 παρέδωκαν.
1611 3135 1787 3190 Ὅταν
1815 3131 1910 3189 οὖν

2011 2023 2157 2078 unde
2186 2024 2484 2082 obstinatio
2527 2027 2703 2081 oritur
2752 2028 2960 2094 cordis,
2993 2030 3142 2100 quod
3199 2032 3252 2086 in
3298 2050 3592 2107 progressu

2009 2112 2144 2169 dicit
2174 2123 2439 2186 tanquam
2496 2119 2717 2175 caacitas
2767 2120 3022 2191 quaedam
3057 2132 3112 2177 et
3163 2124 3589 2187 insensibilitas.

2010 2205 2408 2265 Obtenebratio
2459 2209 2606 2265 enim
2652 2211 3053 2270 insensibilitas
3117 2225 3228 2271 est.
3277 2234 3296 2268 ι
3360 2217 3594 2289 Propter

2010 2300 2374 2371 ignorantiam
2426 2316 2549 2373 quae
2618 2311 2703 2358 est
2761 2304 2817 2358 in
2848 2304 2979 2361 illis.
3017 2324 3036 2359 ι
3088 2306 3143 2364 Si
3200 2307 3366 2380 igitur
3429 2312 3591 2383 igno-

2009 2400 2156 2457 rant,
2208 2393 2355 2448 dicet
2409 2395 2709 2465 quispiam,
2745 2400 3005 2454 excatcati
3066 2408 3219 2465 sunt,
3257 2403 3594 2473 reprehendi

2010 2500 2121 2541 non
2147 2496 2427 2542 merentur
2442 2502 2544 2542 nec
2578 2487 2782 2557 puniri,
2809 2488 2906 2545 sed
2940 2492 3116 2561 magis
3144 2491 3351 2547 doceri.
3385 2492 3591 2550 Verum

2009 2578 2381 2634 animadverte
2418 2580 2698 2649 quomodo
2728 2582 2942 2637 veniam
2972 2582 3042 2637 ab
3089 2582 3170 2639 eis
3204 2585 3404 2641 aufert.
3447 2587 3579 2654 Qui,

2011 2671 2214 2742 inquit,
2237 2671 2333 2727 ubi
2347 2671 2532 2728 dolere
2551 2673 2859 2739 desierunt,
2887 2669 3216 2746 semetipsos
3249 2680 3594 2735 tradiderunt

2009 2764 2252 2820 lasciviae
2334 2766 2406 2820 ad
2476 2767 2803 2837 patrandum
2868 2784 3085 2824 onmem
3164 2772 3591 2827 immunditiam.

2010 2853 2267 2909 Ostendit
2312 2871 2550 2926 namque
2593 2856 2741 2927 quod
2807 2857 3133 2928 ignorantiae
3202 2875 3268 2916 ac
3323 2863 3593 2919 caecitatis

2010 2958 2178 3000 causa
2236 2944 2374 3013 ipsis
2410 2943 2590 3000 fuerit-
2611 2945 2746 3011 vita,
2804 2962 2970 3016 porro
3001 2949 3113 3004 vita
3148 2964 3214 3005 ex
3250 2952 3470 3021 propria
3498 2968 3593 3008 se-

2009 3036 2183 3106 gnitie
2207 3037 2459 3106 provenit
2482 3044 2536 3094 et
2564 3038 2868 3094 indolentia
2903 3040 3019 3097 sive
3044 3050 3287 3112 stupore.
3322 3042 3463 3099 Nam
3492 3060 3584 3101 ιον

2011 3128 2297 3197 metipsos,
2324 3127 2424 3194 ait,
2464 3128 2831 3184 tradiderunt.
2856 3130 2994 3185 Cum
3031 3131 3199 3201 igitur
3226 3132 3281 3187 in
3311 3148 3435 3189 eum
3461 3134 3592 3206 Epi.

321 3229 408 3289 εἰς
427 3224 526 3295 τῆν
557 3226 692 3296 πρὸς
742 3226 1049 3296 Ῥωμαίους
1079 3224 1269 3297 εὕρῃς,
1307 3244 1325 3276 ι
1349 3227 1674 3298 Παρέδωκεν
1711 3227 1905 3290 αὐτοὺς

2013 3220 2169 3276 stola:
2198 3221 2266 3275 ad
2293 3219 2573 3278 Romanos
2612 3222 2795 3277 locum
2822 3222 3104 3291 incideris,
3143 3242 3163 3276 ι
3196 3224 3447 3281 Tradidit
3494 3241 3593 3284 eos

322 3321 356 3374 ό
381 3320 513 3382 Θεὸς
549 3321 630 3382 είς
672 3319 935 3390 ἀδόκιμον
986 3320 1134 3386 νοῦν,
1161 3338 1181 3370 ι
1220 3319 1365 3373 κατά
1399 3319 1498 3390 τὴν
1526 3318 1764 3373 ἐνταῦθα
1793 3319 1910 3372 διάο

323 3428 479 3464 νοιαν
511 3412 645 3464 αὐτὸ
664 3410 796 3464 νόει.
854 3410 1208 3482 Συνεχώρησε
1237 3412 1347 3481 γάρ
1376 3413 1405 3464 ό
1433 3411 1567 3474 Θεὸς
1596 3412 1911 3482 παραδοθῆ-

324 3522 418 3561 ναι
444 3505 663 3569 αὐτοὺς,
697 3504 887 3573 ἐπειδὴ
916 3504 1106 3558 τούτου
1139 3504 1323 3569 ἀξίους
1362 3504 1590 3567 ἑαυτοὺς
1623 3505 1907 3574 ἐποίησαν.

330 3617 353 3651 ι
374 3597 478 3651 Διά
523 3598 623 3669 τὴν
677 3597 956 3669 πώρωσιν.
986 3617 1005 3649 ι
1034 3598 1137 3651 Διά
1173 3598 1273 3669 τὴν
1307 3598 1691 3677 ἀναισθησίαν.
1733 3600 1911 3656 Ἀναιυ-

325 3690 562 3761 σθησίαν
607 3689 718 3760 γάρ
771 3692 930 3760 φέρει
973 3689 1069 3744 τοῦ
1123 3688 1358 3760 φωτδςὴ
1403 3690 1692 3758 σκότωσις,
1723 3692 1801 3763 τῷ
1835 3692 1911 3763 μὴ

320 3784 475 3853 εχειν
503 3784 561 3836 ὲν
595 3784 813 3844 ἑαυτοῖς
856 3782 1020 3850 φόϐον
1082 3781 1241 3836 Θεοῦ.
1299 3801 1320 3834 ι
1345 3783 1576 3849 Οἴτινες.
1600 3803 1621 3836 ι
1685 3785 1781 3848 Είς
1816 3785 1911 3837 τὸν

325 3874 650 3944 παράνομον
722 3872 1095 3937 ἐξοκείλαντες
1172 3873 1287 3943 βίον
1330 3913 1347 3938 ,
1434 3874 1752 3946 καταϐραχὺ
1811 3876 1911 3946 τὴν

324 3964 669 4034 ἀναλγησίαν
731 3964 1021 4034 ἐνόσησαν.
1113 3982 1133 4016 ι
1187 3964 1622 4034 ’Δπηλγηκότες.
1674 3983 1694 4018 ι
1784 3959 1910 4019 Οἷον

324 4054 654 4125 ἀναλγήτως
679 4054 975 4124 ἐσχηκότες
998 4053 1093 4107 καὶ
1126 4052 1566 4125 ρᾳθυμήσαντες,
1600 4054 1696 4106 καὶ
1708 4057 1909 4120 καμεῖν

323 4149 406 4219 μὴ
448 4146 801 4217 βουληθέντες
826 4149 963 4218 πρὸς
984 4146 1204 4219 εὕρεσιν
1239 4146 1335 4199 τοῦ
1363 4145 1555 4201 καλοῦ.
1593 4165 1611 4197 t
1647 4145 1910 4209 Ἑαυτοὺς

323 4238 658 4309 παρέδωκαν
713 4240 780 4308 τῇ
834 4238 1157 4310 ἀσελγείᾳ.»
1218 4238 1343 4302 Πῶς
1373 4237 1485 4309 γὰρ
1514 4240 1542 4292 ό
1567 4239 1624 4290 ὲν
1650 4237 1910 4307 ἀσελγείᾳ

322 4329 718 4398 ἐξεταζόμενος
781 4329 1039 4400 δυνηθείη
1089 4329 1295 4399 γνῶναι
1324 4329 1487 4398 Θεόν;
1526 4329 1739 4384 Οὐκοῦν
1765 4331 1798 4401 ἡ
1828 4330 1911 4382 αί-

319 4420 418 4473 τία
476 4421 575 4489 τῆς
628 4421 876 4488 ἀγνοίας,
913 4422 1257 4492 ήάσέλγεια,
1287 4422 1323 4493 ἥ
1349 4440 1435 4486 τις
1491 4422 1633 4477 κατά
1680 4422 1910 4492 γνώμην

322 4511 724 4583 ἁμαρτάνεται.
790 4533 808 4566 ι
855 4515 949 4587 Εἰς
1000 4515 1266 4585 ἐργασίαν
1318 4514 1686 4585 ἀκαθαρσίας.
1722 4532 1741 4565 ι
1820 4513 1908 4577 Ὡς

2013 3311 2158 3367 Deus
2212 3312 2267 3367 in
2313 3316 2603 3383 reprobam
2641 3322 2885 3370 mentem
2909 3317 2977 3381 ",
3024 3334 3044 3368 υ
3073 3316 3232 3386 juxta
3266 3331 3595 3387 praesentem

2008 3402 2450 3461 declarationem
2478 3406 2611 3461 illud
2645 3407 2891 3478 iutellige
2923 3425 2937 3463 :
2971 3410 3224 3479 permisit
3262 3410 3410 3466 enim
3450 3413 3593 3473 Deus

2014 3498 2166 3567 ipsos
2213 3499 2376 3561 tradi.
2413 3498 2864 3569 quandoquidem
2927 3515 3047 3557 sese
3105 3501 3305 3572 dignos
3344 3503 3598 3558 reddide-

2016 3595 2163 3643 raut.
2201 3608 2220 3643 ι
2256 3588 2493 3658 Propter
2525 3590 2973 3645 excaecationem.
3001 3609 3022 3643 ι
3060 3589 3292 3662 Propter
3350 3594 3594 3650 insensi—

2014 3678 2307 3734 bilitatem.
2349 3679 2630 3750 Siquidem
2663 3680 2804 3735 lucis
2834 3681 3213 3737 obtenebratio
3269 3682 3427 3739 affert
3468 3700 3598 3739 sen-

2014 3789 2112 3829 sus
2164 3775 2496 3839 carentiam,
2526 3790 2590 3829 eo
2618 3776 2767 3846 quod
2829 3792 2939 3831 non
2989 3776 3228 3832 habeant
3285 3779 3338 3832 iu
3395 3779 3596 3849 seipsis

2014 3866 2110 3920 Dei
2147 3867 2421 3923 timorem.
2465 3885 2485 3918 ι
2541 3867 2643 3932 Qui
2672 3867 2764 3922 ubi
2798 3866 2985 3923 dolere
3014 3868 3322 3924 desierunt.
3374 3889 3395 3922 ι
3440 3871 3598 3926 Post-

2012 3972 2179 4027 quam
2211 3957 2271 4011 in
2298 3959 2465 4012 vitam
2502 3957 2747 4026 iniquam
2780 3967 2838 4014 et
2862 3960 3172 4031 divinarum
3224 3961 3405 4032 legum
3458 3978 3595 4018 con-

2017 4051 2365 4120 temptricem
2414 4053 2784 4123 impcgerunt,
2819 4054 3104 4123 {paulatim
3154 4063 3484 4124 wgrotantes
3525 4058 3597 4112 ad

2017 4142 2378 4197 indolentiam
2414 4158 2479 4197 ac
2502 4154 2783 4211 stuporem
2817 4143 3180 4199 devenerunt.
3220 4164 3238 4196 ι
3267 4144 3368 4200 Ubi
3409 4148 3597 4204 dolere

2013 4233 2346 4289 desierunt.»
2373 4232 2486 4289 Hoc
2504 4242 2611 4299 est,
2633 4233 2980 4295 insensibiles
3005 4244 3136 4290 sunt
3157 4236 3356 4302 ell‘ecti,
3382 4248 3599 4308 postea-

2011 4343 2178 4398 quam
2233 4343 2346 4397 prae
2401 4328 2636 4398 segnitie
2672 4328 2928 4384 laborare
2975 4329 3276 4385 noluerunt
3332 4332 3400 4386 ad
3458 4334 3598 4387 recti

2013 4419 2403 4474 inventionem.
2444 4437 2466 4471 ι
2504 4418 2842 4490 Semetipsos
2879 4421 3229 4483 tradiderunt
3270 4422 3531 4478 lasciviat.
3568 4442 3590 4477 ι

2016 4512 2303 4577 Quomodo
2327 4513 2474 4567 enim
2502 4512 2549 4567 is
2571 4512 2663 4582 qui
2691 4513 2746 4567 in
2773 4498 2994 4569 lascivia
3013 4515 3182 4584 degit,
3207 4524 3392 4584 posset
3422 4514 3595 4571 Deum

319 4601 497 4673 ἔργῳ,
558 4604 715 4675 φησὶ,
753 4605 831 4676 τῷ
857 4606 1201 4674 ἀσελγαίνειν
1273 4608 1577 4677 ἐχρήσαντο
1619 4606 1719 4661 καὶ
1748 4605 1905 4660 πλεο-

2018 4605 2396 4677 cognoscere?
2428 4605 2609 4660 Causa
2648 4604 2832 4675 itaque
2876 4607 3198 4676 ignorantiae
3247 4607 3472 4661 lascivia
3504 4614 3591 4661 est

322 4698 559 4750 νεκτεῖν.
623 4692 769 4767 Ἀρι
829 4698 931 4751 οὐκ
986 4699 1112 4769 ἐξῆν
1164 4699 1355 4762 αὐτοῖς
1385 4700 1461 4768 μὴ
1517 4699 1899 4767 ἀσελγαίνειν;

319 4786 401 4855 μὴ
441 4785 825 4855 πλεονεκτεῖνς
863 4789 1028 4842 παντί
1063 4806 1165 4844 που
1212 4790 1395 4860 δῆλον.
1439 4790 1602 4859 Ὁρᾷς
1642 4791 1724 4843 ὅτι
1772 4791 1901 4859 παρ’

315 4878 505 4930 αὐτῶν
578 4881 801 4949 γέγονεν
849 4883 884 4953 ή
912 4882 1221 4950 τύφλωσιςς
1260 4903 1279 4934 ι
1320 4884 1410 4937 Ἓν
1441 4882 1747 4953 πλεονεξίᾳ.
1775 4901 1795 4934 ι
1832 4884 1902 4937 Ἦ

313 4971 403 5025 ὅτι
451 4970 879 5038 δυσὶνηὲαυτοὺς
938 4974 1265 5044 παρέδωκαν
1326 4974 1579 5038 πάθεσιν,
1642 4975 1900 5045 ἀσελγείᾳ

312 5064 416 5115 καὶ
477 5063 784 5134 πλεονεξίᾳ,
820 5067 856 5120 ἀ
885 5067 1034 5120 ἐστιν
1079 5067 1479 5132 ἐπιπολάζοντα
1538 5068 1738 5139 μᾶλλον
1788 5068 1899 5121 τῶν

312 5152 498 5208 ἄλλων
542 5155 861 5226 ἁμαρτιῶν,
899 5157 932 5227 ἢ
963 5160 1048 5211 ὅτι
1074 5140 1176 5228 την
1221 5159 1510 5227 ἀσέλγειαν
1534 5161 1628 5212 καὶ
1657 5159 1901 5229 ἀκαθαρ-

314 5247 444 5299 σίαν
464 5245 652 5312 ἀπλῶς
704 5250 763 5301 ὲν
804 5249 1108 5321 πλεονεξίᾳ,
1137 5249 1408 5316 τουτέστι,
1437 5248 1562 5306 καθ’
1592 5248 1899 5320 ὑπερϐολὴν

313 5340 415 5391 καὶ
443 5340 738 5405 ἀνενδότως
773 5344 1126 5414 είργάσαντο.

2014 4711 2123 4768 qua
2156 4696 2465 4752 secundum
2495 4700 2733 4750 mentem
2752 4698 2881 4766 quis
2904 4705 3075 4751 errat.
3102 4715 3120 4749 ι
3158 4697 3237 4751 Ad
3268 4698 3598 4768 patrandum

2015 4790 2446 4846 immunditiam.
2493 4807 2514 4842 ι
2559 4787 2650 4844 Sic
2681 4798 2747 4843 ut
2767 4804 2954 4859 Opere,
2986 4790 3185 4859 inquit,
3248 4790 3439 4845 lascivi
3472 4806 3600 4846 esse

2015 4879 2363 4936 decreverint
2378 4878 2614 4933 etavidi.
2635 4879 2830 4932 Annon
2848 4886 3098 4948 poterant
3134 4894 3241 4933 non
3254 4893 3379 4935 esse
3402 4880 3597 4935 lascivi

2010 4981 2067 5029 et
2091 4972 2272 5027 avidi?
2292 4970 2489 5041 Utique
2505 4970 2857 5024 manifestum
2873 4978 2955 5024 est
2978 4970 3126 5039 quod
3152 4972 3428 5027 sic.Vidcs
3445 4973 3595 5042 quod

2009 5066 2063 5120 in
2092 5080 2253 5119 manu
2287 5078 2479 5119 eorum
2507 5062 2676 5117 fuerit
2705 5062 2971 5118 caecitas?
3014 5079 3034 5114 ι
3093 5062 3229 5118 Cum
3255 5065 3537 5120 aviditate.
3573 5086 3593 5117 ι

2008 5160 2114 5213 Aut
2130 5157 2274 5226 quod
2296 5155 2513 5210 duabus
2538 5168 2660 5209 sese
2690 5153 3021 5209 tradiderint
3046 5154 3455 5223 aﬂectionibus,
3488 5157 3592 5227 41

2008 5262 2206 5317 nempe
2242 5245 2481 5300 lasciviae
2513 5252 2569 5298 et
2596 5243 2832 5300 habendi
2857 5246 3133 5311 aviditati,
3164 5262 3285 5317 qua:
3317 5252 3492 5317 magis
3537 5250 3599 5303 in

2008 5346 2262 5411 promptu
2287 5346 2596 5407 suntquam
2618 5346 2815 5393 caetera
2840 5338 3007 5395 vitia:
3034 5341 3295 5411 aut'quod
3316 5340 3596 5394 lasciviam

312 5441 374 5488 et
398 5431 803 5488 immunditiam
829 5435 1152 5505 simpliciter
1178 5450 1304 5491 cum
1335 5435 1618 5502 aviditate,
1640 5433 1744 5489 hoc
1774 5443 1879 5498 est,
1921 5435 2062 5488 ultra
2098 5431 2322 5489 modum
2350 5439 2405 5485 et
2464 5430 2616 5487 omni
2674 5445 2802 5489 cum
2869 5432 3146 5491 desiderio
3211 5442 3268 5489 et
3332 5432 3597 5489 aviditate

312 5539 729 5599 perpetrarunt.

399 5623 599 5691 Ὑμεῖς
657 5624 724 5677 δὲ
758 5627 873 5693 οὺχ
932 5625 1122 5691 οὕτως
1176 5625 1423 5693 ἐμάθετε
1476 5625 1584 5680 τὸν
1612 5624 1898 5692 Χριστὸν,

310 5715 371 5768 sl
401 5731 471 5787 γε
508 5714 698 5769 αὐτὸν
742 5716 1069 5783 ἠκούσατε,
1128 5718 1225 5773 καί
1250 5718 1318 5772 ἐν
1337 5718 1499 5783 αὐτῷ
1525 5715 1900 5788 ἐδιδάχθητε,

383 5892 434 5927 ³⁵
485 5895 647 5950 Rom.
705 5910 745 5959 ι,
805 5895 899 5951 28.

574 5986 829 6046 ΡΑτιιοι,
889 5986 1006 6047 Gn.
1072 5988 1334 6049 CXVI”

2081 5614 2382 5679 IV,20-2&.
2428 5614 2526 5669 Vos
2556 5622 2858 5670 autemnon
2888 5617 2963 5668 sic
2978 5614 3243 5668 didicistis
3274 5612 3543 5668 Christum
3578 5616 3593 5657 δ

2015 5710 2272 5783 siquidem
2293 5706 2449 5761 illum
2469 5706 2724 5771 audistis,
2756 5716 2807 5759 et
2849 5706 2905 5759 in
2929 5720 2988 5758 eo
3018 5704 3161 5760 docti
3193 5704 3397 5773 fuistis,
3417 5717 3603 5775 quem.

3170 5978 3248 6045 39
