4000 6568
497 421 636 487 i227

1611 402 1779 463 (ECU
1792 400 1978 461 MENI
1990 399 2015 456 l
2057 396 2349 456 TRICC
2388 392 2730 454 EPISCOPI

3575 389 3674 454 1238

497 534 782 592 admodum
835 539 912 586 est
956 529 1148 584 veritas
1183 526 1238 579 in
1272 521 1406 577 leui
1440 518 1700 589 deponere
1725 517 1890 586 juxta
1929 513 2073 582 prio-

2183 509 2377 575 καθώς
2439 508 2612 561 ἐστιν
2658 503 2913 572 ἀλήθεια
2941 501 3011 555 ἐν
3043 499 3121 566 τῷ
3179 498 3374 566 Ἰησοῦ
3415 499 3673 557 ἀποθέσθαι

499 644 609 683 rem
640 623 1091 680 conversationem
1122 630 1344 674 veterem
1382 615 1674 679 hominem,
1709 613 1801 682 qui
1832 625 2076 665 corrum-

2177 604 2332 673 ὐμᾱς
2356 603 2504 657 κατὰ
2529 601 2643 670 τὴν
2659 596 2955 667 προτέραν
2973 591 3356 662 ἀναστροφὴν
3373 595 3465 645 τεν
3478 597 3680 648 παλαιὰ·

497 723 644 792 pitur
675 722 837 790 juxta
887 713 1338 782 concupiscentias
1395 708 1775 778 deceptionis:
1827 702 2077 758 renovari

2183 692 2498 760 ἄνθρωπον
2527 689 2634 745 τὸν
2666 687 3061 758 φθειρόμενον
3101 681 3250 737 κατὰ
3311 685 3410 748 τὰς
3428 683 3680 753 ἐπιθυμίας

501 826 679 869 autem
730 813 922 881 spiritu
955 809 1144 864 mentis
1184 815 1394 869 vestrae,
1441 813 1489 857 et
1512 801 1729 857 induere
1762 814 1952 853 norum
1984 797 2077 850 ho-

503 911 719 970 minem,
755 906 845 976 qui
892 905 1055 974 juxta
1091 900 1258 955 Deum
1300 897 1454 954 condi

496 1013 551 1055 et
587 1001 924 1054 sanctitatem
958 995 1220 1050 veritatis.

581 1202 600 1234 ι
640 1180 748 1234 Vos
795 1187 977 1232 autem
1018 1191 1128 1231 non
1179 1174 1260 1229 sic
1291 1171 1583 1227 didicistis.
1622 1187 1639 1220 ι
1676 1165 1793 1220 Non
1827 1164 1881 1218 in
1911 1161 2081 1227 hunc,

504 1276 709 1345 inquit,
747 1274 907 1326 finem
953 1277 1012 1324 ut
1059 1268 1168 1322 illis
1221 1265 1422 1320 similia
1459 1257 1871 1332 pcrpetrarelis.
1928 1253 2082 1320 Quod

507 1381 690 1423 autem
745 1366 823 1419 ait
862 1383 874 1420 :
911 1359 1195 1432 Siquidem
1247 1358 1402 1412 illum
1435 1352 1693 1414 audistis,
1735 1349 1895 1402 divus
1922 1343 2085 1400 Joan-

506 1477 606 1515 nes
630 1473 730 1530 pro
762 1454 1182 1512 confirmatione
1217 1449 1428 1519 accepit
1469 1465 1484 1502 :
1515 1439 1988 1510 Quemadmodum
2021 1436 2086 1490 il-

505 1555 621 1606 lum
663 1549 916 1612 audistis,
952 1544 1154 1614 inquit.
1188 1541 1377 1596 Potest
1402 1547 1584 1594 tamen
1610 1534 1882 1607 quispiam
1905 1539 1959 1587 et
1983 1543 2082 1600 per

508 1642 910 1699 dubitationem
943 1637 1076 1692 illud
1105 1635 1374 1704 accipere,
1399 1646 1508 1701 quo
1531 1629 1707 1698 magis
1731 1629 1878 1698 ipsos
1902 1625 2082 1680 feriat:

509 1751 574 1791 ac
603 1735 650 1788 si
678 1734 882 1788 diceret
910 1750 923 1785 :
951 1728 1154 1783 l‘laesito
1177 1727 1345 1787 enim,
1385 1739 1515 1776 num
1553 1721 1598 1775 is
1654 1719 1746 1789 qui
1798 1716 2086 1773 Christum

511 1827 720 1883 audivit
751 1836 804 1880 et
836 1828 892 1878 in
929 1838 994 1877 eo
1047 1822 1248 1875 doctus
1275 1826 1380 1882 est,
1438 1813 1756 1884 huiusmodi
1805 1816 2084 1880 operetur.

2180 781 2292 850 τῆς
2338 779 2596 848 ἀπάτης.
2654 775 3084 833 Ἀνανεοῦσθαι
3126 773 3194 826 δὲ
3229 772 3306 837 τῷ
3328 775 3581 842 πνεύματι
3603 777 3679 829 τοῦ

1461 907 1544 951 tus
1592 905 1668 950 est
1699 910 1791 964 per
1814 890 2081 962 justitiam
2182 876 2326 942 νιῖπὸς
2362 873 2554 944 ὑμῶν,
2587 872 2685 926 καί
2715 871 3092 925 ἐνδύσασθαι
3123 867 3230 920 τὸν
3282 866 3476 919 καινὸν
3513 865 3680 933 ἄνθρω-

2183 986 2302 1023 πον
2342 970 2450 1021 τὸν
2481 965 2632 1022 κατὰ
2661 965 2812 1020 Θεὸν
2834 961 3155 1017 κτισθέντα
3181 959 3249 1011 ἐν
3273 957 3586 1025 δικαιοσύνῃ
3610 960 3680 1010 καί

2187 1061 2463 1126 ὁσιότητι
2493 1058 2603 1127 τῆς
2631 1055 2938 1124 ἀληθείας.

2261 1173 2280 1206 ι
2327 1154 2518 1224 Ὑμεῖς
2541 1153 2597 1205 δε
2627 1153 2725 1223 οὐχ
2753 1148 2928 1211 οὕτως
2965 1145 3254 1218 ἐμάθετε.)
3290 1143 3399 1197 Οὐκ
3427 1144 3508 1196 ἐπὶ
3536 1145 3681 1213 τούτῳ,

2188 1246 2344 1316 φησὶ,
2397 1245 2476 1316 τῷ
2505 1246 2639 1315 ὅρῳ,
2704 1243 2846 1296 ὥστε
2875 1241 2944 1294 τὰ
2994 1241 3155 1310 ὃμοια
3193 1239 3364 1290 ποιεῖν
3406 1234 3611 1297 ἐκείνοις.
3634 1235 3684 1287 Τὸ

2187 1339 2266 1402 δὲ,
2295 1338 2361 1391 Εἰ
2397 1354 2460 1405 γε
2491 1338 2654 1390 αὑτὸν
2685 1334 2978 1405 ἠκούσατε,
2999 1335 3027 1385 ὁ
3057 1332 3213 1400 ἅγιος
3257 1329 3491 1397 Ἰωάννης
3511 1328 3684 1398 psam

2187 1430 2340 1484 τικὸν
2379 1428 2616 1494 ἐδέξατο,
2653 1427 2876 1491 Καθὼς,
2918 1425 3106 1495 φησιν,
3133 1422 3294 1476 αὑτὸν
3338 1421 3588 1492 ἠκούσατε.
3613 1421 3685 1474 Ai-

2189 1539 2345 1576 ναται
2382 1521 2440 1576 δέ
2469 1538 2553 1586 τις
2618 1522 2719 1576 καὶ
2745 1521 2802 1575 ἐν
2837 1517 3140 1590 ἀμφιϐολίᾳ
3196 1516 3328 1569 αὐτὸ
3376 1513 3685 1578 δέξασθαιήια

2191 1615 2286 1668 καὶ
2327 1613 2528 1684 μᾶλλον
2552 1613 2751 1675 αὐτοὺς
2801 1611 3001 1682 πλήξῃ,
3037 1609 3170 1662 ὼσεὶ
3202 1603 3374 1660 εἶπεν·
3413 1604 3689 1673 Ἀμφιδάλλω

2189 1708 2322 1778 γὰρ,
2356 1707 2411 1760 εί
2447 1725 2533 1771 τις
2560 1707 2654 1761 τὸν
2697 1707 2933 1778 Χριστὸν
2990 1707 3230 1766 ἀκούσας
3275 1704 3366 1756 καὶ
3414 1703 3690 1771 διδαχθείςέν

2191 1800 2362 1870 αὐτῷ,
2391 1800 2618 1855 τοιαῦτα
2633 1799 2917 1870 «partem
2946 1797 3145 1860 Καθὼς
3177 1797 3322 1851 ἐστιν
3343 1795 3559 1864 ἁλήθιια.
3577 1814 3592 1845 ι
3621 1794 3689 1855 Τὸ,

519 1941 538 1974 ι
578 1916 1051 1987 Quemadmodum
1085 1922 1170 1968 est
1229 1913 1451 1966 veritas.
1509 1925 1528 1960 ι
1563 1906 1710 1961 Istud
1770 1922 1832 1958 ει
1887 1902 2092 1970 Quem-

2202 1911 2220 1944 ι
2251 1892 2451 1956 Καθὼς
2510 1894 2657 1947 ἐστιν
2690 1891 2918 1963 ἀλήθεια
2944 1890 3096 1960 ἐντῷ
3131 1890 3331 1960 Ἰησοῦ,
3363 1907 3381 1939 ι
3412 1887 3527 1960 δίινῃ
3547 1888 3619 1938 καὶ
3639 1888 3692 1955 τῷ

527 2014 824 2069 admodum
910 2015 993 2062 est
1061 2007 1268 2061 veritas
1334 2005 1388 2058 in
1462 2001 1626 2064 Jesu,
1675 2017 1692 2050 ι
1740 2007 1896 2068 potes
1965 2009 2088 2051 cum

514 2107 774 2177 superius
839 2104 1004 2158 dictis
1059 2110 1269 2170 aptare,
1315 2097 1547 2161 scilicet,
1585 2111 1605 2144 ι
1650 2093 1714 2146 Ει
1752 2092 1805 2144 in
1840 2104 1906 2144 eo
1945 2086 2091 2142 docti

519 2201 725 2256 fuistis.
774 2216 793 2250 ι
847 2190 990 2262 Quid
1048 2193 1196 2248 docti
1241 2187 1487 2243 fuimus?
1515 2180 1974 2256 quemadmodum
2009 2186 2094 2232 est

515 2291 725 2346 veritas
779 2289 833 2342 in
911 2285 1046 2345 illo,
1090 2282 1382 2336 veritatem
1433 2275 1738 2346 appellans,
1798 2269 2092 2337 justitiam.

519 2379 861 2437 Mendacium
919 2377 1064 2432 enim
1112 2382 1196 2428 est
1246 2381 1556 2441 peccatum.
1620 2361 2092 2432 Quemadmodum

523 2477 690 2544 igitur
725 2482 810 2527 est
862 2473 919 2524 in
975 2484 1042 2523 eo
1070 2468 1300 2527 veritas,
1345 2465 1417 2517 ita
1451 2471 1503 2516 et
1543 2474 1640 2514 vos
1666 2457 1814 2513 docti
1877 2454 2092 2516 fuistis;

519 2570 676 2637 juxta
715 2580 836 2621 eam
866 2563 1094 2634 .qttippe
1136 2557 1377 2614 instituti
1427 2554 1583 2609 estis.
1638 2553 1822 2605 Potest
1851 2559 1906 2604 et
1949 2545 2096 2601 istud

526 2675 655 2714 cum
693 2656 835 2712 infra
876 2654 1036 2709 dictis
1075 2648 1390 2713 convenire,
1424 2647 1489 2700 Et
1516 2645 1568 2698 in
1606 2644 1725 2713 ipso
1756 2639 1900 2696 docti
1938 2639 2096 2694 estis.

532 2776 550 2809 ι
602 2751 1074 2822 Quemadmodum
1125 2755 1212 2804 est
1244 2747 1452 2800 veritas
1507 2743 1562 2798 in
1591 2741 1720 2798 Jesu
1745 2741 2039 2809 deponere.
2075 2755 2094 2788 ι

524 2847 661 2901 Nam
717 2844 824 2898 hoc
856 2841 1003 2896 docti
1054 2840 1260 2904 fuistis,
1287 2847 1340 2893 et
1383 2838 1499 2892 haec
1525 2842 1606 2892 est
1641 2835 1842 2889 veritas
1873 2833 1928 2886 in
1969 2830 2100 2885 Jesu

524 2940 800 3009 deponere
857 2934 1013 3006 juxta
1079 2933 1322 3004 priorem
1359 2929 1834 2986 conversationem
1860 2934 2101 2980 veterem

527 3028 806 3100 hominem
847 3025 940 3094 qui
979 3032 1064 3079 est
1097 3025 1152 3078 in
1179 3023 1442 3094 peccatis.
1499 3020 1617 3074 Non
1663 3021 1811 3075 enim
1861 3025 2100 3071 veterem

525 3118 808 3174 hominem
851 3114 1146 3186 appellavit
1201 3122 1477 3178 naturam,
1538 3110 1632 3165 sed
1670 3108 1880 3181 peccati
1921 3106 2104 3162 effica-

524 3214 666 3265 ciam
725 3217 781 3262 et
842 3207 1246 3276 operationem.
1305 3223 1322 3256 ι
1358 3203 1462 3269 Qui
1520 3200 1895 3266 corrumpitur
1948 3198 2177 3300 juxtac

530 3299 1033 3370 concupiscentias.
1086 3315 1106 3350 ι
1166 3295 1276 3350 Aut
1313 3310 1327 3348 :
1363 3292 1527 3348 Juxta
1591 3289 2102 3360 concupiscentias.

527 3394 752 3464 ponitur
786 3408 883 3462 pro
903 3406 970 3446 eo
992 3389 1137 3461 quod
1173 3396 1280 3453 est,
1303 3388 1409 3442 Per
1433 3384 1938 3456 concupiscentias.
1979 3381 2106 3453 (Per

529 3500 623 3538 eas
690 3498 926 3552 namque
965 3482 1348 3552 corrumpitur
1395 3480 1580 3542 homo,
1627 3479 1772 3534 sicut
1821 3477 1944 3530 lana
2011 3491 2108 3546 per

532 3579 686 3647 ipsas
717 3592 857 3646 quas
893 3575 1070 3646 gignit
1103 3575 1300 3628 tineas.
1333 3572 1725 3642 Corrumpitur
1761 3580 1942 3624 autem
1980 3580 2029 3623 et
2053 3570 2106 3623 in

533 3670 805 3740 gehenna,
833 3677 887 3721 et
921 3667 974 3719 in
1008 3663 1268 3734 priest-nti
1297 3663 1428 3717 vita.
1470 3663 1920 3732 lntemperantia:
1960 3661 2108 3714 enim

533 3777 596 3814 ac
653 3758 895 3813 lasciviae
938 3773 1047 3812 non
1104 3757 1303 3809 animae
1338 3755 1543 3818 solum,
1595 3754 1690 3810 sed
1742 3761 1798 3808 et
1857 3753 2109 3822 corporis

534 3851 865 3919 corruptivm
886 3849 1057 3918 sunt.)
1080 3848 1218 3902 Aut:
1243 3845 1740 3914 Quemadmodum,
1763 3845 1962 3915 inquit,
1983 3859 2113 3898 con-

533 3943 891 4015 cupiscentia:
941 3940 1398 4010 corrumpuntur)
1461 3937 1625 4007 idque
1685 3947 1738 3992 et
1804 3936 1998 3992 morbo
2057 3945 2114 3991 et

536 4046 787 4106 tempore
827 4050 890 4090 ac
936 4036 1156 4088 tandem
1211 4033 1431 4101 morte),
1462 4032 1534 4084 ita
1576 4039 1632 4086 et
1663 4032 1780 4100 ipse
1832 4030 1994 4084 homo
2017 4028 2111 4098 qui

535 4125 1009 4196 concupiscentias
1041 4121 1318 4194 producit.
1349 4111 1465 4194 52'
1502 4119 1670 4175 Recte
1706 4131 1886 4174 autem
1919 4133 2113 4189 pecca-

536 4231 655 4275 tum
682 4216 831 4288 quod
870 4231 932 4270 ex
969 4213 1442 4283 concupiscentiis
1470 4211 1775 4282 perficitur,
1829 4211 2113 4280 deceptio-

537 4327 665 4366 nem
708 4308 946 4364 vocavit.
987 4305 1270 4376 Siquidem
1303 4319 1460 4358 error
1511 4311 1677 4358 estet
1733 4317 1840 4356 non
1895 4300 2114 4371 proprie

534 4406 842 4472 voluptasu
866 4399 1139 4456 Renovari
1159 4405 1342 4453 autem
1363 4396 1582 4467 spiritu.
1609 4395 1912 4451 inenovari
1928 4405 2112 4450 autem

538 4511 636 4562 per
687 4495 956 4564 Spiritum
1004 4499 1287 4554 sanctum,
1335 4490 1541 4559 quiest
1603 4489 1658 4542 iu
1693 4498 1876 4544 mente
1909 4497 2111 4544 vestra.

2192 1984 2306 2038 ἄνω
2356 1985 2618 2056 ἁρμόσαι,
2681 1978 2819 2047 οἷον,
2885 2001 2904 2035 ι
2935 1983 3045 2036 Kal.
3089 1984 3146 2034 ἐν
3201 1981 3349 2051 αὐτῷ
3379 1979 3690 2049 ὲδιδάχθητει

2194 2079 2260 2132 Τί
2298 2078 2690 2150 ἐδιδάχθημενς
2751 2075 2951 2140 Καθὼς
3003 2078 3152 2130 ἐστιν
3212 2074 3432 2145 ἀλήθεια
3477 2076 3528 2126 ἐν
3558 2073 3692 2139 αὐτῷ,

2194 2173 2456 2243 ἀλήθειαν
2508 2172 2681 2240 λέγων
2742 2171 2840 2243 τὴν
2897 2169 3268 2240 δικαιοσύνην.
3312 2169 3384 2220 Τὸ
3425 2167 3520 2236 γὰρ
3552 2165 3693 2234 ψεῦδός

2197 2266 2345 2318 ἐστιν
2397 2264 2662 2337 ἁμαρτία.
2711 2262 2906 2326 Καθὼς
2935 2259 3030 2316 οὖν
3079 2265 3228 2315 ἐστιν
3257 2261 3314 2313 ἐν
3350 2260 3483 2328 αὐτῷ
3508 2258 3692 2328 ἀλήθεια,

2197 2357 2370 2420 οὕτως
2426 2358 2522 2410 καὶ
2568 2357 2727 2428 ὑμεῖς
2775 2356 3118 2426 ἐδιδάχθητε.
3151 2353 3312 2408 Κατὰ
3332 2351 3432 2421 γὰρ
3471 2349 3696 2417 abripiat-

2198 2451 2452 2521 δᾶχθητε.
2513 2451 2655 2522 Δύνῃ
2711 2451 2766 2503 δὲ
2813 2450 2908 2503 καὶ
2938 2448 3016 2518 τῷ
3051 2447 3309 2518 ἑπομένῳ
3357 2444 3566 2516 ἁρμόσαι
3587 2441 3694 2502 οὔτὸ,

2202 2545 2310 2598 Καὶ
2359 2545 2416 2597 ἐν
2462 2543 2613 2614 αὐτῷ
2656 2543 2991 2614 ἐδιδάχθητε.
3039 2561 3058 2594 ι
3100 2540 3304 2602 Καθὼς
3365 2540 3499 2590 ἐστιν
3532 2535 3696 2604 ἀλήθεια.

2203 2638 2258 2689 ἐν
2293 2636 2370 2708 τῷ
2421 2636 2596 2707 Ἰησοῦ
2655 2635 2958 2690 ἀποθέσθαι
2996 2636 3170 2704 ὑμᾶς.
3203 2651 3221 2684 ι
3268 2631 3431 2684 Τοῦτο
3454 2631 3545 2699 γὰρ
3576 2627 3696 2679 icitici-

2203 2729 2392 2801 χθητε,
2433 2732 2530 2783 καὶ
2585 2730 2717 2782 αὐτό
2745 2731 2946 2799 ἐστινὴ
3005 2730 3063 2782 ἐν
3091 2729 3174 2798 τῷ
3216 2724 3385 2797 Ἰησοῦ
3434 2723 3636 2791 ἀλήθεια,
3656 2716 3696 2769 τὸ

2203 2819 2507 2873 ἀποθέσθαι
2533 2819 2602 2888 ὑί]
2615 2820 2679 2882 ἃς
2709 2817 2800 2872 τὸν
2828 2817 2975 2872 κατὰ
3005 2817 3104 2886 τὴν
3140 2813 3414 2886 προτέραν
3432 2805 3696 2878 ἁναστροςὴν

2204 2912 2430 2966 παλαιὸν
2458 2911 2746 2982 ἄνθρωπον
2806 2910 2898 2963 τὸν
2930 2911 2988 2960 ἐν
3021 2907 3346 2978 ἁμαρτίαις.
3392 2900 3593 2956 Παλαιὸν
3621 2911 3695 2964 γαρ

2203 3005 2514 3076 ἁιθρωπον,
2574 3004 2635 3057 οὑ
2672 3002 2770 3074 τὴν
2805 3000 2970 3068 φύσιν
3021 3000 3334 3068 ὠνόμασεν,
3367 2992 3490 3048 ἀλλὰ
3523 2991 3602 3062 τὴν
3630 2992 3697 3055 τῇς

2206 3097 2482 3168 ἁμαρτίας
2537 3096 2846 3167 ἐνέργειαν.
2892 3093 3039 3145 «Τὸν
3087 3089 3442 3160 φθειρόμενον
3489 3082 3599 3137 κατὰ
3629 3080 3699 3140 τὰς

2205 3188 2522 3259 ἐπιθυμίας.
2545 3207 2564 3240 ι
2602 3189 2673 3242 Ἦ
2702 3187 2785 3250 τὸ,
2820 3185 2980 3239 Κατὰ
3005 3183 3106 3246 τὰς
3159 3181 3466 3251 ἐπιθυμίας,
3492 3175 3588 3231 ἀντὶ
3619 3171 3701 3232 τοῦ,

2209 3283 2310 3336 Διὰ
2335 3281 2444 3335 τῶν
2470 3280 2776 3351 ἐπιθυμιῶν
2803 3282 3001 3333 κεῖται.
3032 3277 3132 3349 (Δι’
3169 3275 3350 3352 αὐτῶν
3373 3274 3473 3342 γὰρ
3494 3268 3702 3338 eosdem

2206 3379 2236 3430 ὁ
2258 3376 2565 3446 ἄνθρωπος,
2631 3373 2820 3445 ὥσπερ
2849 3373 2910 3426 τὸ
2944 3371 3089 3441 ἔριον
3147 3371 3222 3424 δι’
3269 3362 3344 3423 ὧν
3380 3366 3532 3420 τίκτει
3558 3357 3702 3429 σητών.

2207 3471 2496 3540 Φθείρεται
2522 3470 2577 3522 δέ
2602 3469 2699 3522 καὶ
2746 3469 2804 3521 ἐν
2835 3469 2902 3538 τῇ
2939 3467 3163 3536 γεέννῃ,
3208 3462 3302 3517 καὶ
3331 3465 3384 3514 ἐν
3404 3459 3472 3529 τῷ
3503 3457 3579 3510 νῦν
3617 3454 3700 3522 βίῳ.

2209 3564 2276 3616 Δί
2314 3562 2424 3633 γὰρ
2443 3561 2752 3627 ἀκολασίαι,
2797 3561 2889 3613 καὶ
2919 3557 3086 3612 αὑτοῦ
3113 3557 3214 3610 τοῦ
3256 3553 3490 3624 σώματος
3512 3550 3562 3602 οὐ
3590 3547 3703 3618 μόνον

2209 3657 2311 3726 τῆς
2367 3654 2548 3724 ψυχῆς
2573 3654 2678 3707 εἰσι
2707 3649 3067 3722 φθαρτικαί.)
3112 3649 3193 3703 Ἦ
3215 3665 3232 3682 ο
3267 3648 3483 3716 Ὠσπερ,
3505 3639 3704 3712 mansi

2211 3747 2498 3816 ἐπιθυμίαι
2545 3747 2862 3817 φθείρονται
2906 3745 3251 3814 (φθείρονται
3293 3741 3348 3795 δὲ
3381 3739 3467 3795 καὶ
3493 3738 3607 3806 νόσῳ
3642 3731 3706 3786 καὶ

2211 3842 2412 3912 χρόνῳ,
2474 3841 2570 3892 καὶ
2601 3838 2915 3892 τελευταῖον
2965 3835 3239 3907 θανάτῳ),
3274 3835 3410 3889 οὕτω
3440 3835 3522 3885 καὶ
3545 3826 3704 3888 αὐτὸςὸ

2211 3933 2311 3994 τὰς
2355 3930 2654 4000 ἐπιθυμίας
2692 3929 2896 3982 τίκτων
2946 3929 3264 3999 ἄνθρωπος.
3298 3927 3479 3990 Καλῶς
3505 3925 3550 3978 δὲ
3578 3922 3707 3990 ripis

2211 4021 2322 4073 τῶν
2373 4020 2678 4089 ἐπιθυμιῶν
2737 4019 3185 4089 ἁποτελουμένην
3234 4018 3511 4089 ἁμαρτίαν,
3550 4013 3706 4074 nam

2214 4112 2496 4166 ἐκάλεσεν.
2565 4112 2774 4181 ’Δπάτη
2855 4113 3004 4180 γὰρ,
3065 4111 3162 4164 καὶ
3226 4110 3287 4163 οὐ
3344 4107 3525 4179 κυρίως
3577 4103 3707 4174 ἡδονή·

2221 4225 2240 4258 ι
2283 4205 2666 4260 Ἀνανεοῦσθαι
2719 4205 2776 4258 δὲ
2827 4205 2907 4275 τῷ
2970 4203 3272 4272 πνεύματι.
3318 4222 3337 4256 ι
3405 4197 3708 4263 Ἀνανεοῦσθιιι

2214 4301 2271 4356 δὲ
2301 4302 2389 4355 διὰ
2441 4301 2537 4354 τοῦ
2587 4298 2746 4368 ἁγίου
2797 4298 3140 4368 Πνεύματος,
3192 4298 3288 4351 τοῦ
3323 4299 3463 4360 ὄντος
3506 4298 3554 4347 ἐν
3579 4288 3708 4361 τῷνῷ

2218 4397 2393 4466 ὑμῶν.
2432 4395 2506 4449 Τὸ
2540 4396 2650 4463 γὰρ
2686 4393 2908 4462 πνεῦμα
2944 4393 3194 4447 παλαιῶν
3220 4394 3319 4446 οὐκ
3351 4392 3569 4461 ἀνέχεται
3615 4384 3712 4454 πρά-

2221 4489 2378 4555 ξεων.
2415 4487 2610 4549 Καλῶς
2634 4486 2692 4538 δὲ
2733 4485 2833 4555 τὴν
2876 4484 3136 4554 τοιαύτην
3171 4483 3503 4544 ἁνακαίνισιν
3531 4483 3577 4534 ὲν
3597 4473 3712 4530 msti-

538 4587 781 4658 Spiritus
808 4585 954 4638 enim
991 4592 1201 4638 veteres
1234 4597 1343 4636 non
1382 4582 1486 4635 fert
1519 4581 1788 4636 actiones.
1823 4583 1990 4636 ltecte
2020 4597 2103 4635 au-

2183 4592 2188 4627 t
2220 4599 2348 4654 ματι
2377 4578 2623 4648 γίνεσθαι
2672 4576 2840 4644 λέγει.
2883 4576 2956 4628 Οὐ
2988 4574 3097 4645 γὰρ
3125 4575 3451 4644 σωματικῶς
3485 4572 3607 4626 ἄλλοι
3630 4564 3710 4620 ἀντ’

536 4691 646 4735 tem
676 4674 993 4748 hujusmodi
1024 4674 1431 4729 renovationem
1465 4672 1600 4728 dicit
1631 4673 1684 4727 in
1713 4674 1912 4742 spiritu
1944 4673 2060 4728 fieri
2095 4688 2108 4725 :

539 4773 902 4844 corporaliter
959 4784 1068 4822 non
1129 4769 1396 4822 cﬂicimur
1456 4769 1546 4822 alii
1595 4786 1660 4824 ex
1691 4768 1833 4832 aliis,
1867 4769 1963 4823 sed
2021 4783 2114 4840 per

543 4868 803 4938 spiritum
857 4872 944 4920 est
970 4862 1278 4929 renovatio,
1326 4862 1586 4916 ducatum
1621 4862 1900 4933 praebente
1947 4861 2117 4932 poeni-

541 4960 735 5020 tentia,
773 4966 827 5013 ct
861 4964 1214 5027 peccatorqu
1256 4964 1584 5012 vetustatem
1631 4955 1949 5010 abradente.
1987 4973 2006 5005 ι
2050 4953 2116 5006 Ει

543 5053 799 5106 induere.
865 5069 883 5103 ›
940 5049 1094 5103 Docti
1157 5048 1346 5105 fuistis
1385 5050 1706 5120 deponere,
1749 5047 2002 5102 renovari
2063 5057 2117 5100 et

542 5145 797 5199 induere.
887 5142 1018 5197 Nam
1083 5159 1112 5197 a
1178 5143 1455 5199 communi
1545 5156 1712 5196 sensu
1785 5137 2114 5193 sumendum

541 5245 646 5301 cst,
692 5233 844 5289 Docti
903 5233 1106 5289 fuistis.
1146 5261 1218 5276 -—
1253 5236 1374 5288 Alio
1408 5233 1583 5288 modo.
1634 5231 1865 5286 Induere
1899 5230 2032 5285 dicit
2061 5231 2115 5283 in

541 5327 878 5397 baptismate
926 5324 1213 5380 :induere
1248 5335 1301 5380 et
1359 5341 1454 5394 per
1489 5321 1872 5394 paenitentiam
1919 5328 1974 5375 et
2023 5333 2117 5388 per

541 5425 739 5475 tionam
765 5419 1267 5474 conversationem.
1304 5434 1322 5468 ι
1362 5417 1572 5472 Novum
1613 5417 1914 5470 hominem.
1950 5432 1969 5464 ι
2029 5411 2114 5466 Vi-

545 5514 642 5566 des
676 5509 821 5580 quod
857 5508 1228 5565 voluntarium
1251 5507 1323 5561 sit
1353 5521 1492 5576 opus
1540 5507 1820 5576 magisque
1849 5506 1903 5559 in
1932 5518 2117 5574 prom-

541 5614 636 5674 ptu
655 5606 677 5658 ἲ
699 5604 909 5660 Novum
931 5612 1114 5658 autem
1135 5602 1269 5657 dicit
1298 5600 1393 5670 qui
1426 5600 1480 5653 in
1514 5598 1717 5653 virtute
1743 5599 1910 5668 degit,
1932 5615 2118 5667 quem-

545 5695 844 5749 admodum
903 5702 1065 5749 vetus
1119 5693 1173 5747 in
1231 5689 1496 5760 peccatis.
1543 5706 1562 5738 ι
1606 5685 1707 5754 Qui
1751 5687 1909 5757 juxta
1950 5688 2118 5742 Deum

550 5787 806 5841 conditus
856 5793 962 5840 est.
1009 5803 1028 5836 ι
1058 5784 1162 5850 Qui
1215 5783 1360 5838 enim
1401 5781 1454 5835 in
1495 5780 1697 5835 virtute
1751 5779 1906 5843 vivit,
1965 5778 2121 5847 juxta

551 5879 714 5934 ticum
765 5876 1024 5932 conditus
1057 5884 1161 5940 est,
1205 5883 1256 5930 et
1308 5874 1461 5946 juxta
1524 5873 1690 5927 Deum
1739 5880 2118 5928 conversatur.

2220 4676 2397 4730 ἄλλων
2457 4670 2746 4741 γινόμεθα,
2775 4669 2910 4723 ἀλλὰ
2959 4669 3049 4722 διὰ
3081 4668 3395 4739 πνεύματός
3419 4665 3595 4734 ἐστινὴ
3621 4665 3710 4715 ἁνα-

2222 4767 2478 4830 καίνισις,
2544 4763 2832 4832 μετανοίας
2895 4761 3230 4832 ἡγουμένης,
3265 4763 3355 4814 καὶ
3391 4761 3445 4813 τὸ
3475 4760 3619 4828 γῆρας
3637 4753 3710 4805 τῶν

2224 4857 2509 4928 ἁμαρτιῶν
2561 4854 2924 4924 ἁποξυούσης.
2987 4855 3141 4910 «Καὶ
3185 4853 3568 4908 ἐνδύσασθαι.»
3616 4845 3712 4899 Ἐδε-

2221 4950 2454 5020 δάχθητε
2501 4947 2838 5012 ἀποθέσθαι,
2895 4947 3208 5018 ἐδιδάχθητε
3252 4945 3569 5000 ἐνδύσασθαι.
3621 4937 3711 4993 Ἀπὸ

2225 5041 2407 5095 κοινοῦ
2459 5040 2570 5111 γὰρ
2599 5039 2660 5093 τὸ
2709 5039 3079 5110 Ἐδιδὰχθητε.
3131 5041 3385 5106 Ἄλλως.
3433 5029 3711 5092 Ἐνὸύσασθαξ

2226 5151 2390 5203 φησιν
2420 5134 2477 5185 ὲν
2508 5132 2586 5204 τῷ
2622 5129 2982 5201 βαπτίσματι,
3022 5131 3350 5185 ἐνδύσασθαι
3384 5132 3471 5184 καὶ
3499 5129 3572 5180 διὰ
3599 5138 3714 5194 μετα·

2227 5227 2378 5288 νοίας
2430 5226 2526 5278 καὶ
2579 5224 2856 5287 πολιτείας
2887 5224 3154 5294 χρηστῆς.
3198 5241 3218 5274 ι
3250 5223 3355 5276 Τὸν
3379 5221 3545 5275 καινὸν
3562 5215 3714 5282 ἄνθρω-

2227 5335 2346 5370 πον.
2381 5336 2399 5367 ι
2447 5316 2610 5387 Ὁρᾷς
2630 5318 2712 5370 ὅτι
2759 5316 3005 5369 ἑκούσιόν
3035 5317 3150 5368 ἐστι
3177 5314 3240 5366 τὸ
3269 5316 3490 5385 πρᾶγμα
3518 5311 3593 5363 καὶ
3621 5303 3716 5374 μᾶλ-

2227 5409 2318 5462 λον
2340 5409 2564 5479 εὐχερές
2587 5426 2602 5472 ;
2629 5407 2834 5462 Καινὸν
2847 5407 2906 5462 δὲ
2929 5407 3219 5479 ἄνθρωπόν
3241 5423 3395 5477 φησι,
3425 5403 3508 5457 τὸν
3524 5404 3571 5455 ἐν
3591 5393 3712 5468 ἀρετῇ

2227 5501 2518 5566 διαζῶντα,
2572 5500 2760 5571 ὥσπερ
2815 5500 3068 5565 παλαιὸν,
3099 5500 3188 5553 τὸν
3211 5503 3267 5553 ἐν
3299 5497 3586 5569 ἁμαρτίαις.
3612 5487 3718 5540 «Τδν

2229 5596 2371 5648 κατὰ
2400 5593 2534 5649 Θεὸν
2571 5592 2881 5647 κτισθέντα.
2908 5612 2927 5644 ι
2973 5593 3032 5646 '0
3065 5595 3171 5666 γὰρ
3195 5594 3255 5646 ἐν
3288 5592 3447 5664 ἀρετῇ
3474 5587 3583 5652 ζὼν,
3619 5576 3717 5632 κατὰ

2229 5687 2361 5740 θεὸν
2417 5685 2687 5749 ἔκτισται,
2727 5686 2820 5738 καὶ
2851 5687 2992 5739 κατὰ
3034 5687 3168 5739 Θεὸν
3192 5683 3537 5739 πολιτεύεται.
3560 5679 3720 5729 Δικαιο-

2233 5779 2365 5848 σὺνη
2398 5777 2452 5829 δὲ
2482 5779 2513 5846 ἡ
2549 5777 2817 5846 καθολικὴ
2875 5778 3095 5844 λέγεται
3141 5777 3330 5848 ἀρετὴ,
3392 5772 3582 5839 ὁσιότης
3614 5757 3716 5824 δέιίί

2232 5863 2562 5943 καθαρότηί
2639 5872 2794 5925 (Καὶ
2871 5871 3110 5942 θειότητι
3173 5872 3268 5940 τῆς
3317 5867 3604 5939 ἀληθείας-ι
3643 5849 3716 5903 Ἦν
