  <div class='ocr_page' id='page_1' title='image "/cluster/home/n/w/nwhite01/storage/ocr_20150623/118/hvd.32044019208149/688.png"; bbox 0 0 4000 6602; ppageno 0'>
   <div class='ocr_carea' id='block_1_1' title="bbox 330 403 472 482">
    <p class='ocr_par' dir='ltr' id='par_1_1' title="bbox 330 403 472 482">
     <span class='ocr_line' id='line_1_1' title="bbox 330 403 472 482; baseline -0.042 0"><span class='ocrx_word' id='word_1_1' title='bbox 330 403 472 482; x_wconf 69' lang='lat'><strong>1229</strong></span> 
     </span>
    </p>
   </div>
   <div class='ocr_carea' id='block_1_2' title="bbox 1300 409 2561 478">
    <p class='ocr_par' dir='ltr' id='par_1_2' title="bbox 1300 409 2561 478">
     <span class='ocr_line' id='line_1_2' title="bbox 1300 409 2561 478; baseline -0.003 -5"><span class='ocrx_word' id='word_1_2' title='bbox 1300 411 1689 478; x_wconf 44' lang='lat' dir='ltr'><strong>COMMEN‘I‘.</strong></span> <span class='ocrx_word' id='word_1_3' title='bbox 1734 415 1816 476; x_wconf 75' lang='lat' dir='ltr'><strong>IN</strong></span> <span class='ocrx_word' id='word_1_4' title='bbox 1854 413 2097 475; x_wconf 81' lang='lat' dir='ltr'><strong>EPIST.</strong></span> <span class='ocrx_word' id='word_1_5' title='bbox 2141 412 2240 472; x_wconf 85' lang='lat' dir='ltr'><strong>AD</strong></span> <span class='ocrx_word' id='word_1_6' title='bbox 2288 409 2561 471; x_wconf 83' lang='lat' dir='ltr'><strong>EPHES.</strong></span> 
     </span>
    </p>
   </div>
   <div class='ocr_carea' id='block_1_3' title="bbox 3468 405 3605 471">
    <p class='ocr_par' dir='ltr' id='par_1_3' title="bbox 3468 405 3605 471">
     <span class='ocr_line' id='line_1_3' title="bbox 3468 405 3605 471; baseline 0.022 -3"><span class='ocrx_word' id='word_1_7' title='bbox 3468 405 3605 471; x_wconf 74' lang='lat'><strong>1230</strong></span> 
     </span>
    </p>
   </div>
   <div class='ocr_carea' id='block_1_4' title="bbox 328 519 1942 599">
    <p class='ocr_par' dir='ltr' id='par_1_4' title="bbox 328 525 1919 599">
     <span class='ocr_line' id='line_1_4' title="bbox 328 525 1919 599; baseline -0.001 -17"><span class='ocrx_word' id='word_1_8' title='bbox 328 528 426 583; x_wconf 71' lang='grc' dir='ltr'>καὶ</span> <span class='ocrx_word' id='word_1_9' title='bbox 481 528 633 599; x_wconf 79' lang='grc' dir='ltr'><strong>παρά</strong></span> <span class='ocrx_word' id='word_1_10' title='bbox 683 527 958 590; x_wconf 79' lang='grc' dir='ltr'><strong>Ἰουδαίοις</strong></span> <span class='ocrx_word' id='word_1_11' title='bbox 991 525 1312 598; x_wconf 77' lang='grc' dir='ltr'><strong>δικαιοσύνη</strong></span> <span class='ocrx_word' id='word_1_12' title='bbox 1357 527 1453 582; x_wconf 70' lang='grc' dir='ltr'><strong>καὶ</strong></span> <span class='ocrx_word' id='word_1_13' title='bbox 1498 527 1736 598; x_wconf 81' lang='grc' dir='ltr'>ὁσιότης,</span> <span class='ocrx_word' id='word_1_14' title='bbox 1783 526 1919 581; x_wconf 86' lang='grc' dir='ltr'><strong>ἀλλά</strong></span> 
     </span>
    </p>
   </div>
   <div class='ocr_carea' id='block_1_5' title="bbox 2050 519 3604 599">
    <p class='ocr_par' dir='ltr' id='par_1_5' title="bbox 2057 519 3604 582">
     <span class='ocr_line' id='line_1_5' title="bbox 2057 519 3604 582; baseline -0.008 0"><span class='ocrx_word' id='word_1_15' title='bbox 2057 527 2243 582; x_wconf 89' lang='lat' dir='ltr'><strong>ustitia</strong></span> <span class='ocrx_word' id='word_1_16' title='bbox 2277 541 2409 580; x_wconf 73' lang='lat' dir='ltr'><strong>vero</strong></span> <span class='ocrx_word' id='word_1_17' title='bbox 2444 523 2652 579; x_wconf 91' lang='lat' dir='ltr'><strong>dicitur</strong></span> <span class='ocrx_word' id='word_1_18' title='bbox 2692 521 2868 577; x_wconf 87' lang='lat' dir='ltr'><strong>virtus</strong></span> <span class='ocrx_word' id='word_1_19' title='bbox 2925 519 3258 575; x_wconf 74' lang='lat' dir='ltr'><strong>universalis</strong></span> <span class='ocrx_word' id='word_1_20' title='bbox 3291 535 3306 574; x_wconf 91' lang='lat'>:</span> <span class='ocrx_word' id='word_1_21' title='bbox 3336 529 3604 574; x_wconf 78' lang='lat' dir='ltr'><strong>sanctitas</strong></span> 
     </span>
    </p>
   </div>
   <div class='ocr_carea' id='block_1_6' title="bbox 327 616 1914 691">
    <p class='ocr_par' dir='ltr' id='par_1_6' title="bbox 327 616 1914 691">
     <span class='ocr_line' id='line_1_6' title="bbox 327 616 1914 691; baseline -0.002 -16"><span class='ocrx_word' id='word_1_22' title='bbox 327 620 564 691; x_wconf 86' lang='grc' dir='ltr'>τυπική.</span> <span class='ocrx_word' id='word_1_23' title='bbox 619 619 757 690; x_wconf 75' lang='grc' dir='ltr'>Περὶ</span> <span class='ocrx_word' id='word_1_24' title='bbox 795 617 902 690; x_wconf 79' lang='grc' dir='ltr'>γὰρ</span> <span class='ocrx_word' id='word_1_25' title='bbox 963 620 1216 690; x_wconf 84' lang='grc' dir='ltr'>σώματος</span> <span class='ocrx_word' id='word_1_26' title='bbox 1270 617 1545 689; x_wconf 80' lang='grc' dir='ltr'>κάθαρσιν</span> <span class='ocrx_word' id='word_1_27' title='bbox 1591 616 1914 688; x_wconf 71' lang='grc' dir='ltr'>ἠσχόληντο.</span> 
     </span>
    </p>
   </div>
   <div class='ocr_carea' id='block_1_7' title="bbox 339 708 1919 783">
    <p class='ocr_par' dir='ltr' id='par_1_7' title="bbox 339 708 1919 783">
     <span class='ocr_line' id='line_1_7' title="bbox 339 708 1919 783; baseline -0.004 -16"><span class='ocrx_word' id='word_1_28' title='bbox 339 712 507 767; x_wconf 61' lang='lat' dir='ltr'><strong>nam</strong></span> <span class='ocrx_word' id='word_1_29' title='bbox 542 712 620 783; x_wconf 84' lang='grc' dir='ltr'><strong>μὴ</strong></span> <span class='ocrx_word' id='word_1_30' title='bbox 653 711 882 781; x_wconf 83' lang='grc' dir='ltr'>ταύτην,</span> <span class='ocrx_word' id='word_1_31' title='bbox 963 710 1100 766; x_wconf 83' lang='grc' dir='ltr'>ἀλλὰ</span> <span class='ocrx_word' id='word_1_32' title='bbox 1138 710 1238 782; x_wconf 80' lang='grc' dir='ltr'><strong>τὴν</strong></span> <span class='ocrx_word' id='word_1_33' title='bbox 1265 710 1322 764; x_wconf 80' lang='grc' dir='ltr'>ὲν</span> <span class='ocrx_word' id='word_1_34' title='bbox 1378 709 1525 782; x_wconf 75' lang='grc' dir='ltr'>ψυχῇ</span> <span class='ocrx_word' id='word_1_35' title='bbox 1571 708 1919 779; x_wconf 84' lang='grc' dir='ltr'>δικαιοσύνην</span> 
     </span>
    </p>
   </div>
   <div class='ocr_carea' id='block_1_8' title="bbox 328 799 1916 873">
    <p class='ocr_par' dir='ltr' id='par_1_8' title="bbox 328 799 1916 873">
     <span class='ocr_line' id='line_1_8' title="bbox 328 799 1916 873; baseline -0.001 -17"><span class='ocrx_word' id='word_1_36' title='bbox 328 805 427 858; x_wconf 69' lang='grc' dir='ltr'><strong>καὶ</strong></span> <span class='ocrx_word' id='word_1_37' title='bbox 454 802 712 872; x_wconf 79' lang='grc' dir='ltr'><strong>ὁσιότητα</strong></span> <span class='ocrx_word' id='word_1_38' title='bbox 742 802 1061 856; x_wconf 79' lang='grc' dir='ltr'>ἐνδύσασθε.</span> <span class='ocrx_word' id='word_1_39' title='bbox 1104 800 1258 872; x_wconf 81' lang='grc' dir='ltr'>Αὕτη</span> <span class='ocrx_word' id='word_1_40' title='bbox 1291 801 1400 872; x_wconf 85' lang='grc' dir='ltr'><strong>γὰρ</strong></span> <span class='ocrx_word' id='word_1_41' title='bbox 1428 802 1462 873; x_wconf 84' lang='grc' dir='ltr'><strong>ή</strong></span> <span class='ocrx_word' id='word_1_42' title='bbox 1497 799 1600 870; x_wconf 85' lang='grc' dir='ltr'>τῆς</span> <span class='ocrx_word' id='word_1_43' title='bbox 1637 799 1916 872; x_wconf 80' lang='grc' dir='ltr'><strong>ἀληθείας.</strong></span> 
     </span>
    </p>
   </div>
   <div class='ocr_carea' id='block_1_9' title="bbox 333 891 1922 967">
    <p class='ocr_par' dir='ltr' id='par_1_9' title="bbox 333 891 1922 967">
     <span class='ocr_line' id='line_1_9' title="bbox 333 891 1922 967; baseline -0.004 -18"><span class='ocrx_word' id='word_1_44' title='bbox 333 896 410 949; x_wconf 88' lang='grc' dir='ltr'><strong><em>Ἦ</em></strong></span> <span class='ocrx_word' id='word_1_45' title='bbox 439 895 792 966; x_wconf 86' lang='grc' dir='ltr'>δικαιοσύνην</span> <span class='ocrx_word' id='word_1_46' title='bbox 861 893 1118 965; x_wconf 77' lang='grc' dir='ltr'><strong>ἀληθείας</strong></span> <span class='ocrx_word' id='word_1_47' title='bbox 1142 893 1314 967; x_wconf 82' lang='grc' dir='ltr'><strong>λέγει,</strong></span> <span class='ocrx_word' id='word_1_48' title='bbox 1346 893 1483 957; x_wconf 82' lang='grc' dir='ltr'>ποὺς</span> <span class='ocrx_word' id='word_1_49' title='bbox 1514 891 1922 961; x_wconf 79' lang='grc' dir='ltr'>ἀντιδιαστολὴν</span> 
     </span>
    </p>
   </div>
   <div class='ocr_carea' id='block_1_10' title="bbox 327 986 863 1059">
    <p class='ocr_par' dir='ltr' id='par_1_10' title="bbox 327 986 863 1059">
     <span class='ocr_line' id='line_1_10' title="bbox 327 986 863 1059; baseline -0.004 -17"><span class='ocrx_word' id='word_1_50' title='bbox 327 986 437 1059; x_wconf 77' lang='grc' dir='ltr'>τῆς</span> <span class='ocrx_word' id='word_1_51' title='bbox 473 988 529 1040; x_wconf 78' lang='grc' dir='ltr'><strong>έν</strong></span> <span class='ocrx_word' id='word_1_52' title='bbox 548 986 863 1058; x_wconf 81' lang='grc' dir='ltr'>ὑποκρίσει.</span> 
     </span>
    </p>
   </div>
   <div class='ocr_carea' id='block_1_11' title="bbox 409 1255 1926 1327">
    <p class='ocr_par' dir='ltr' id='par_1_11' title="bbox 409 1255 1926 1327">
     <span class='ocr_line' id='line_1_11' title="bbox 409 1255 1926 1327; baseline 0.002 -16"><span class='ocrx_word' id='word_1_53' title='bbox 409 1256 507 1311; x_wconf 85' lang='grc' dir='ltr'><strong>Διό</strong></span> <span class='ocrx_word' id='word_1_54' title='bbox 542 1255 902 1327; x_wconf 76' lang='grc' dir='ltr'><strong>ἀποθέμενοι</strong></span> <span class='ocrx_word' id='word_1_55' title='bbox 929 1257 996 1312; x_wconf 87' lang='grc' dir='ltr'><strong>τὸ</strong></span> <span class='ocrx_word' id='word_1_56' title='bbox 1033 1256 1285 1327; x_wconf 68' lang='grc' dir='ltr'>ψεῦδος,</span> <span class='ocrx_word' id='word_1_57' title='bbox 1351 1257 1595 1312; x_wconf 72' lang='grc' dir='ltr'>λαλεῖτε</span> <span class='ocrx_word' id='word_1_58' title='bbox 1633 1257 1926 1326; x_wconf 70' lang='grc' dir='ltr'>ἀλήθειαν</span> 
     </span>
    </p>
   </div>
   <div class='ocr_carea' id='block_1_12' title="bbox 330 1349 1927 1423">
    <p class='ocr_par' dir='ltr' id='par_1_12' title="bbox 330 1349 1927 1423">
     <span class='ocr_line' id='line_1_12' title="bbox 330 1349 1927 1423; baseline 0.002 -20"><span class='ocrx_word' id='word_1_59' title='bbox 330 1349 598 1416; x_wconf 76' lang='grc' dir='ltr'>ἕκαστος</span> <span class='ocrx_word' id='word_1_60' title='bbox 646 1349 798 1419; x_wconf 85' lang='grc' dir='ltr'><strong>μετὰ</strong></span> <span class='ocrx_word' id='word_1_61' title='bbox 849 1349 956 1404; x_wconf 88' lang='grc' dir='ltr'><strong>τοῦ</strong></span> <span class='ocrx_word' id='word_1_62' title='bbox 1011 1351 1285 1418; x_wconf 80' lang='grc' dir='ltr'><strong>πλησίον</strong></span> <span class='ocrx_word' id='word_1_63' title='bbox 1342 1353 1555 1417; x_wconf 82' lang='grc' dir='ltr'>αὐτοῦ,</span> <span class='ocrx_word' id='word_1_64' title='bbox 1607 1355 1696 1409; x_wconf 82' lang='grc' dir='ltr'><strong>ὅτι</strong></span> <span class='ocrx_word' id='word_1_65' title='bbox 1733 1352 1927 1423; x_wconf 82' lang='grc' dir='ltr'>ἐσμὲν</span> 
     </span>
    </p>
   </div>
   <div class='ocr_carea' id='block_1_13' title="bbox 331 1441 1925 1516">
    <p class='ocr_par' dir='ltr' id='par_1_13' title="bbox 331 1441 1925 1516">
     <span class='ocr_line' id='line_1_13' title="bbox 331 1441 1925 1516; baseline 0.004 -19"><span class='ocrx_word' id='word_1_66' title='bbox 331 1441 631 1508; x_wconf 70' lang='grc' dir='ltr'>ἀλλήλων</span> <span class='ocrx_word' id='word_1_67' title='bbox 685 1441 866 1512; x_wconf 76' lang='grc' dir='ltr'>μέλη.</span> <span class='ocrx_word' id='word_1_68' title='bbox 911 1443 1238 1514; x_wconf 73' lang='grc' dir='ltr'>Ὀργίζεστθε</span> <span class='ocrx_word' id='word_1_69' title='bbox 1285 1444 1382 1498; x_wconf 77' lang='grc' dir='ltr'><strong>καί</strong></span> <span class='ocrx_word' id='word_1_70' title='bbox 1415 1445 1502 1515; x_wconf 82' lang='grc' dir='ltr'><em>μὴ</em></span> <span class='ocrx_word' id='word_1_71' title='bbox 1529 1446 1925 1516; x_wconf 76' lang='grc' dir='ltr'><strong>ἁμαρτάνετε.</strong></span> 
     </span>
    </p>
   </div>
   <div class='ocr_carea' id='block_1_14' title="bbox 349 1535 1925 1611">
    <p class='ocr_par' dir='ltr' id='par_1_14' title="bbox 349 1535 1925 1611">
     <span class='ocr_line' id='line_1_14' title="bbox 349 1535 1925 1611; baseline 0.006 -21"><span class='ocrx_word' id='word_1_72' title='bbox 349 1535 417 1590; x_wconf 84' lang='lat'><strong>&#39;0</strong></span> <span class='ocrx_word' id='word_1_73' title='bbox 448 1536 623 1604; x_wconf 76' lang='grc' dir='ltr'>ἥλιος</span> <span class='ocrx_word' id='word_1_74' title='bbox 641 1536 730 1606; x_wconf 77' lang='grc' dir='ltr'>μὴ</span> <span class='ocrx_word' id='word_1_75' title='bbox 759 1535 1051 1591; x_wconf 74' lang='grc' dir='ltr'><strong>ἐπιδυέτω</strong></span> <span class='ocrx_word' id='word_1_76' title='bbox 1077 1537 1177 1591; x_wconf 79' lang='grc' dir='ltr'><strong>ἐπὶ</strong></span> <span class='ocrx_word' id='word_1_77' title='bbox 1214 1537 1294 1604; x_wconf 86' lang='grc' dir='ltr'><strong>τῷ</strong></span> <span class='ocrx_word' id='word_1_78' title='bbox 1322 1540 1708 1611; x_wconf 75' lang='grc' dir='ltr'><strong>παροργισμῷ</strong></span> <span class='ocrx_word' id='word_1_79' title='bbox 1737 1539 1925 1610; x_wconf 77' lang='grc' dir='ltr'>ὑμῶν.</span> 
     </span>
    </p>
   </div>
   <div class='ocr_carea' id='block_1_15' title="bbox 337 1624 1930 1694">
    <p class='ocr_par' dir='ltr' id='par_1_15' title="bbox 337 1624 1930 1694">
     <span class='ocr_line' id='line_1_15' title="bbox 337 1624 1930 1694; baseline 0.001 -12"><span class='ocrx_word' id='word_1_80' title='bbox 337 1625 514 1694; x_wconf 78' lang='grc' dir='ltr'>Μηδὲ</span> <span class='ocrx_word' id='word_1_81' title='bbox 571 1625 771 1680; x_wconf 82' lang='grc' dir='ltr'><strong>δίδοτε</strong></span> <span class='ocrx_word' id='word_1_82' title='bbox 822 1628 1016 1681; x_wconf 81' lang='grc' dir='ltr'><em>τόπον</em></span> <span class='ocrx_word' id='word_1_83' title='bbox 1062 1624 1144 1692; x_wconf 85' lang='grc' dir='ltr'><strong>τῷ</strong></span> <span class='ocrx_word' id='word_1_84' title='bbox 1195 1625 1474 1694; x_wconf 76' lang='grc' dir='ltr'>διαϐόλῳ.</span> <span class='ocrx_word' id='word_1_85' title='bbox 1537 1629 1600 1683; x_wconf 84' lang='lat'><strong>&#39;0</strong></span> <span class='ocrx_word' id='word_1_86' title='bbox 1651 1630 1930 1684; x_wconf 73' lang='grc' dir='ltr'>κλέπτων</span> 
     </span>
    </p>
   </div>
   <div class='ocr_carea' id='block_1_16' title="bbox 333 1716 1929 1794">
    <p class='ocr_par' dir='ltr' id='par_1_16' title="bbox 333 1716 1929 1794">
     <span class='ocr_line' id='line_1_16' title="bbox 333 1716 1929 1794; baseline 0.003 -23"><span class='ocrx_word' id='word_1_87' title='bbox 333 1717 552 1789; x_wconf 80' lang='grc' dir='ltr'><strong>μηκέτι</strong></span> <span class='ocrx_word' id='word_1_88' title='bbox 600 1716 926 1785; x_wconf 76' lang='grc' dir='ltr'><strong>κλεπτέτω,</strong></span> <span class='ocrx_word' id='word_1_89' title='bbox 988 1718 1236 1788; x_wconf 76' lang='grc' dir='ltr'>μᾶλλον</span> <span class='ocrx_word' id='word_1_90' title='bbox 1260 1718 1329 1773; x_wconf 81' lang='grc' dir='ltr'>δὲ</span> <span class='ocrx_word' id='word_1_91' title='bbox 1373 1721 1636 1776; x_wconf 81' lang='grc' dir='ltr'><em>κοπιάτω</em></span> <span class='ocrx_word' id='word_1_92' title='bbox 1690 1719 1929 1794; x_wconf 78' lang='grc' dir='ltr'>ἐργαζό-</span> 
     </span>
    </p>
   </div>
   <div class='ocr_carea' id='block_1_17' title="bbox 333 1810 1930 1886">
    <p class='ocr_par' dir='ltr' id='par_1_17' title="bbox 333 1810 1930 1886">
     <span class='ocr_line' id='line_1_17' title="bbox 333 1810 1930 1886; baseline 0.004 -22"><span class='ocrx_word' id='word_1_93' title='bbox 333 1827 523 1881; x_wconf 82' lang='grc' dir='ltr'><em>μενος</em></span> <span class='ocrx_word' id='word_1_94' title='bbox 553 1812 620 1864; x_wconf 65' lang='lat' dir='ltr'><strong>re</strong></span> <span class='ocrx_word' id='word_1_95' title='bbox 651 1810 879 1880; x_wconf 77' lang='grc' dir='ltr'>ἀγαθὸν</span> <span class='ocrx_word' id='word_1_96' title='bbox 922 1810 1053 1875; x_wconf 84' lang='grc' dir='ltr'>ταῖς</span> <span class='ocrx_word' id='word_1_97' title='bbox 1111 1811 1346 1880; x_wconf 70' lang='grc' dir='ltr'>χερσίν,</span> <span class='ocrx_word' id='word_1_98' title='bbox 1385 1814 1487 1868; x_wconf 79' lang='grc' dir='ltr'><strong>ἵνα</strong></span> <span class='ocrx_word' id='word_1_99' title='bbox 1539 1816 1652 1885; x_wconf 75' lang='grc' dir='ltr'><strong>ἔχῃ</strong></span> <span class='ocrx_word' id='word_1_100' title='bbox 1687 1817 1930 1886; x_wconf 82' lang='grc' dir='ltr'>μεταδι-</span> 
     </span>
    </p>
   </div>
   <div class='ocr_carea' id='block_1_18' title="bbox 337 1903 1927 1979">
    <p class='ocr_par' dir='ltr' id='par_1_18' title="bbox 337 1903 1927 1979">
     <span class='ocr_line' id='line_1_18' title="bbox 337 1903 1927 1979; baseline 0.004 -21"><span class='ocrx_word' id='word_1_101' title='bbox 337 1904 515 1958; x_wconf 83' lang='grc' dir='ltr'>δόναι</span> <span class='ocrx_word' id='word_1_102' title='bbox 580 1903 660 1969; x_wconf 85' lang='grc' dir='ltr'><strong>τῷ</strong></span> <span class='ocrx_word' id='word_1_103' title='bbox 705 1904 918 1972; x_wconf 78' lang='grc' dir='ltr'>χρείαν</span> <span class='ocrx_word' id='word_1_104' title='bbox 973 1904 1196 1974; x_wconf 77' lang='grc' dir='ltr'><strong>ἔχοντι.</strong></span> <span class='ocrx_word' id='word_1_105' title='bbox 1221 1905 1348 1973; x_wconf 89' lang='grc' dir='ltr'><strong>Πᾶς</strong></span> <span class='ocrx_word' id='word_1_106' title='bbox 1380 1907 1564 1978; x_wconf 75' lang='grc' dir='ltr'>λόγος</span> <span class='ocrx_word' id='word_1_107' title='bbox 1595 1909 1832 1979; x_wconf 81' lang='grc' dir='ltr'>σαπρὸς</span> <span class='ocrx_word' id='word_1_108' title='bbox 1857 1910 1927 1964; x_wconf 73' lang='grc' dir='ltr'>ἐκ</span> 
     </span>
    </p>
   </div>
   <div class='ocr_carea' id='block_1_19' title="bbox 340 1993 1930 2069">
    <p class='ocr_par' dir='ltr' id='par_1_19' title="bbox 340 1993 1930 2069">
     <span class='ocr_line' id='line_1_19' title="bbox 340 1993 1930 2069; baseline 0.003 -20"><span class='ocrx_word' id='word_1_109' title='bbox 340 1995 450 2049; x_wconf 85' lang='grc' dir='ltr'><em>τοῦ</em></span> <span class='ocrx_word' id='word_1_110' title='bbox 483 1994 784 2063; x_wconf 84' lang='grc' dir='ltr'>στόματος</span> <span class='ocrx_word' id='word_1_111' title='bbox 814 1993 982 2065; x_wconf 80' lang='grc' dir='ltr'><strong>ὑμῶν</strong></span> <span class='ocrx_word' id='word_1_112' title='bbox 1009 1995 1097 2065; x_wconf 77' lang='grc' dir='ltr'><strong>μὴ</strong></span> <span class='ocrx_word' id='word_1_113' title='bbox 1125 1995 1566 2066; x_wconf 80' lang='grc' dir='ltr'>ἐκπορευέσθω,</span> <span class='ocrx_word' id='word_1_114' title='bbox 1589 1999 1730 2056; x_wconf 74' lang='grc' dir='ltr'>ἀλλ’</span> <span class='ocrx_word' id='word_1_115' title='bbox 1760 2001 1930 2069; x_wconf 82' lang='grc' dir='ltr'>εἴτις</span> 
     </span>
    </p>
   </div>
   <div class='ocr_carea' id='block_1_20' title="bbox 339 2085 1930 2162">
    <p class='ocr_par' dir='ltr' id='par_1_20' title="bbox 339 2085 1930 2162">
     <span class='ocr_line' id='line_1_20' title="bbox 339 2085 1930 2162; baseline 0.004 -22"><span class='ocrx_word' id='word_1_116' title='bbox 339 2085 566 2155; x_wconf 76' lang='grc' dir='ltr'>ἀγαθὸς</span> <span class='ocrx_word' id='word_1_117' title='bbox 596 2086 748 2154; x_wconf 74' lang='grc' dir='ltr'>πρὸς</span> <span class='ocrx_word' id='word_1_118' title='bbox 799 2086 1130 2159; x_wconf 71' lang='grc' dir='ltr'><strong>οἰκοδομὴν</strong></span> <span class='ocrx_word' id='word_1_119' title='bbox 1156 2089 1267 2157; x_wconf 87' lang='grc' dir='ltr'><strong>τῆς</strong></span> <span class='ocrx_word' id='word_1_120' title='bbox 1291 2090 1496 2158; x_wconf 81' lang='grc' dir='ltr'>χρείας</span> <span class='ocrx_word' id='word_1_121' title='bbox 1518 2091 1618 2146; x_wconf 82' lang='grc' dir='ltr'><strong>ἵνα</strong></span> <span class='ocrx_word' id='word_1_122' title='bbox 1633 2091 1719 2158; x_wconf 81' lang='grc' dir='ltr'>δῷ</span> <span class='ocrx_word' id='word_1_123' title='bbox 1750 2091 1930 2162; x_wconf 78' lang='grc' dir='ltr'>χάριν</span> 
     </span>
    </p>
   </div>
   <div class='ocr_carea' id='block_1_21' title="bbox 341 2176 845 2243">
    <p class='ocr_par' dir='ltr' id='par_1_21' title="bbox 341 2176 845 2243">
     <span class='ocr_line' id='line_1_21' title="bbox 341 2176 845 2243; baseline 0.006 -13"><span class='ocrx_word' id='word_1_124' title='bbox 341 2176 469 2243; x_wconf 85' lang='grc' dir='ltr'><strong>τοῖς</strong></span> <span class='ocrx_word' id='word_1_125' title='bbox 490 2177 845 2233; x_wconf 81' lang='grc' dir='ltr'>ἀκούουσιν.</span> 
     </span>
    </p>
   </div>
   <div class='ocr_carea' id='block_1_22' title="bbox 417 2266 1930 2345">
    <p class='ocr_par' dir='ltr' id='par_1_22' title="bbox 417 2266 1930 2345">
     <span class='ocr_line' id='line_1_22' title="bbox 417 2266 1930 2345; baseline 0.004 -21"><span class='ocrx_word' id='word_1_126' title='bbox 417 2266 554 2324; x_wconf 69' lang='lat' dir='ltr'><strong>Eine</strong></span> <span class='ocrx_word' id='word_1_127' title='bbox 583 2269 676 2324; x_wconf 76' lang='grc' dir='ltr'><strong>τὸν</strong></span> <span class='ocrx_word' id='word_1_128' title='bbox 735 2269 966 2326; x_wconf 76' lang='grc' dir='ltr'>παλαιὸν</span> <span class='ocrx_word' id='word_1_129' title='bbox 1017 2274 1306 2345; x_wconf 85' lang='grc' dir='ltr'>ἄνθρωπον</span> <span class='ocrx_word' id='word_1_130' title='bbox 1366 2275 1696 2340; x_wconf 82' lang='grc' dir='ltr'><strong>καθολικῶς,</strong></span> <span class='ocrx_word' id='word_1_131' title='bbox 1742 2274 1930 2330; x_wconf 77' lang='grc' dir='ltr'>λοιπὸν</span> 
     </span>
    </p>
   </div>
   <div class='ocr_carea' id='block_1_23' title="bbox 343 2363 1932 2440">
    <p class='ocr_par' dir='ltr' id='par_1_23' title="bbox 343 2363 1932 2440">
     <span class='ocr_line' id='line_1_23' title="bbox 343 2363 1932 2440; baseline 0.003 -23"><span class='ocrx_word' id='word_1_132' title='bbox 343 2364 441 2417; x_wconf 75' lang='grc' dir='ltr'>καὶ</span> <span class='ocrx_word' id='word_1_133' title='bbox 498 2363 682 2428; x_wconf 82' lang='grc' dir='ltr'>ίδικῶς</span> <span class='ocrx_word' id='word_1_134' title='bbox 739 2364 904 2419; x_wconf 77' lang='grc' dir='ltr'>αὐτὸν</span> <span class='ocrx_word' id='word_1_135' title='bbox 959 2365 1274 2439; x_wconf 71' lang='grc' dir='ltr'>διαγράφει.</span> <span class='ocrx_word' id='word_1_136' title='bbox 1335 2370 1446 2424; x_wconf 76' lang='grc' dir='ltr'>Καὶ</span> <span class='ocrx_word' id='word_1_137' title='bbox 1498 2368 1716 2440; x_wconf 84' lang='grc' dir='ltr'>πρῶτον</span> <span class='ocrx_word' id='word_1_138' title='bbox 1765 2364 1932 2423; x_wconf 73' lang='grc' dir='ltr'>αὐτοῦ</span> 
     </span>
    </p>
   </div>
   <div class='ocr_carea' id='block_1_24' title="bbox 342 2453 1935 2529">
    <p class='ocr_par' dir='ltr' id='par_1_24' title="bbox 342 2453 1935 2529">
     <span class='ocr_line' id='line_1_24' title="bbox 342 2453 1935 2529; baseline 0.002 -20"><span class='ocrx_word' id='word_1_139' title='bbox 342 2453 407 2509; x_wconf 80' lang='grc' dir='ltr'>τὸ</span> <span class='ocrx_word' id='word_1_140' title='bbox 431 2454 626 2524; x_wconf 73' lang='grc' dir='ltr'>ψεῦδος</span> <span class='ocrx_word' id='word_1_141' title='bbox 678 2455 1005 2522; x_wconf 81' lang='grc' dir='ltr'>ἀποκόπτει,</span> <span class='ocrx_word' id='word_1_142' title='bbox 1049 2458 1125 2523; x_wconf 80' lang='grc' dir='ltr'>ὡς</span> <span class='ocrx_word' id='word_1_143' title='bbox 1164 2459 1272 2513; x_wconf 82' lang='grc' dir='ltr'><strong>ἀπὸ</strong></span> <span class='ocrx_word' id='word_1_144' title='bbox 1334 2460 1552 2514; x_wconf 76' lang='grc' dir='ltr'>οἰκείων</span> <span class='ocrx_word' id='word_1_145' title='bbox 1579 2459 1778 2529; x_wconf 79' lang='grc' dir='ltr'>μελῶν,</span> <span class='ocrx_word' id='word_1_146' title='bbox 1803 2459 1935 2516; x_wconf 72' lang='grc' dir='ltr'>ὡσεὶ</span> 
     </span>
    </p>
   </div>
   <div class='ocr_carea' id='block_1_25' title="bbox 345 2544 1935 2626">
    <p class='ocr_par' dir='ltr' id='par_1_25' title="bbox 345 2544 1935 2626">
     <span class='ocr_line' id='line_1_25' title="bbox 345 2544 1935 2626; baseline 0.003 -24"><span class='ocrx_word' id='word_1_147' title='bbox 345 2544 494 2602; x_wconf 82' lang='grc' dir='ltr'>εἷπε·</span> <span class='ocrx_word' id='word_1_148' title='bbox 536 2549 628 2621; x_wconf 82' lang='grc' dir='ltr'>Μὴ</span> <span class='ocrx_word' id='word_1_149' title='bbox 674 2550 954 2623; x_wconf 71' lang='grc' dir='ltr'>ὀφθαλμὸς</span> <span class='ocrx_word' id='word_1_150' title='bbox 991 2551 1116 2606; x_wconf 84' lang='grc' dir='ltr'>ίδὼν</span> <span class='ocrx_word' id='word_1_151' title='bbox 1169 2552 1380 2626; x_wconf 85' lang='grc' dir='ltr'>θηρίον,</span> <span class='ocrx_word' id='word_1_152' title='bbox 1432 2554 1492 2606; x_wconf 84' lang='grc' dir='ltr'><strong>οὐ</strong></span> <span class='ocrx_word' id='word_1_153' title='bbox 1524 2552 1712 2607; x_wconf 80' lang='grc' dir='ltr'>δίδωσι</span> <span class='ocrx_word' id='word_1_154' title='bbox 1741 2555 1935 2622; x_wconf 81' lang='grc' dir='ltr'>φυγεῖν</span> 
     </span>
    </p>
   </div>
   <div class='ocr_carea' id='block_1_26' title="bbox 346 2641 1932 2717">
    <p class='ocr_par' dir='ltr' id='par_1_26' title="bbox 346 2641 1932 2717">
     <span class='ocr_line' id='line_1_26' title="bbox 346 2641 1932 2717; baseline 0.003 -23"><span class='ocrx_word' id='word_1_155' title='bbox 346 2645 460 2705; x_wconf 82' lang='grc' dir='ltr'>τοῖς</span> <span class='ocrx_word' id='word_1_156' title='bbox 511 2643 710 2710; x_wconf 85' lang='grc' dir='ltr'>ποσίν;</span> <span class='ocrx_word' id='word_1_157' title='bbox 746 2641 780 2714; x_wconf 81' lang='grc' dir='ltr'>ἢ</span> <span class='ocrx_word' id='word_1_158' title='bbox 823 2644 944 2717; x_wconf 69' lang='grc' dir='ltr'>χεὶρ</span> <span class='ocrx_word' id='word_1_159' title='bbox 983 2643 1359 2716; x_wconf 72' lang='grc' dir='ltr'>ψηλαφήσασά</span> <span class='ocrx_word' id='word_1_160' title='bbox 1398 2663 1448 2699; x_wconf 87' lang='grc' dir='ltr'><strong>τι</strong></span> <span class='ocrx_word' id='word_1_161' title='bbox 1486 2645 1746 2717; x_wconf 75' lang='grc' dir='ltr'>πονηρὸν,</span> <span class='ocrx_word' id='word_1_162' title='bbox 1798 2645 1932 2716; x_wconf 72' lang='grc' dir='ltr'>ψεύ-</span> 
     </span>
    </p>
   </div>
   <div class='ocr_carea' id='block_1_27' title="bbox 342 2733 1934 2812">
    <p class='ocr_par' dir='ltr' id='par_1_27' title="bbox 342 2733 1934 2812">
     <span class='ocr_line' id='line_1_27' title="bbox 342 2733 1934 2812; baseline 0.009 -25"><span class='ocrx_word' id='word_1_163' title='bbox 342 2733 500 2788; x_wconf 87' lang='grc' dir='ltr'>δεται</span> <span class='ocrx_word' id='word_1_164' title='bbox 528 2735 597 2788; x_wconf 77' lang='grc' dir='ltr'>τὰ</span> <span class='ocrx_word' id='word_1_165' title='bbox 629 2735 796 2790; x_wconf 83' lang='grc' dir='ltr'>λοιπά</span> <span class='ocrx_word' id='word_1_166' title='bbox 850 2736 1028 2809; x_wconf 86' lang='grc' dir='ltr'>μέλη;</span> <span class='ocrx_word' id='word_1_167' title='bbox 1071 2737 1280 2804; x_wconf 83' lang='grc' dir='ltr'>Ούτως,</span> <span class='ocrx_word' id='word_1_168' title='bbox 1330 2740 1489 2810; x_wconf 76' lang='grc' dir='ltr'>φησὶ,</span> <span class='ocrx_word' id='word_1_169' title='bbox 1520 2741 1617 2794; x_wconf 72' lang='grc' dir='ltr'>καὶ</span> <span class='ocrx_word' id='word_1_170' title='bbox 1646 2740 1792 2812; x_wconf 79' lang='grc' dir='ltr'>ὑμᾶς</span> <span class='ocrx_word' id='word_1_171' title='bbox 1827 2739 1934 2812; x_wconf 81' lang='grc' dir='ltr'>χρὴ</span> 
     </span>
    </p>
   </div>
   <div class='ocr_carea' id='block_1_28' title="bbox 348 2825 1926 2904">
    <p class='ocr_par' dir='ltr' id='par_1_28' title="bbox 348 2825 1926 2904">
     <span class='ocr_line' id='line_1_28' title="bbox 348 2825 1926 2904; baseline 0.001 -22"><span class='ocrx_word' id='word_1_172' title='bbox 348 2825 682 2882; x_wconf 80' lang='grc' dir='ltr'>διακεῖσθαι.</span> <span class='ocrx_word' id='word_1_173' title='bbox 769 2848 787 2881; x_wconf 81' lang='grc' dir='ltr'><strong>ι</strong></span> <span class='ocrx_word' id='word_1_174' title='bbox 841 2830 1187 2900; x_wconf 79' lang='grc' dir='ltr'>Ὀργίζεσθε,</span> <span class='ocrx_word' id='word_1_175' title='bbox 1241 2833 1338 2886; x_wconf 72' lang='grc' dir='ltr'>καὶ</span> <span class='ocrx_word' id='word_1_176' title='bbox 1385 2831 1461 2903; x_wconf 82' lang='grc' dir='ltr'>μὴ</span> <span class='ocrx_word' id='word_1_177' title='bbox 1515 2832 1926 2904; x_wconf 81' lang='grc' dir='ltr'>ἁμαρτάνετε.»</span> 
     </span>
    </p>
   </div>
   <div class='ocr_carea' id='block_1_29' title="bbox 351 2915 1936 2997">
    <p class='ocr_par' dir='ltr' id='par_1_29' title="bbox 351 2915 1936 2997">
     <span class='ocr_line' id='line_1_29' title="bbox 351 2915 1936 2997; baseline 0.005 -25"><span class='ocrx_word' id='word_1_178' title='bbox 351 2915 509 2986; x_wconf 83' lang='grc' dir='ltr'>Εῐπε,</span> <span class='ocrx_word' id='word_1_179' title='bbox 554 2920 648 2992; x_wconf 80' lang='grc' dir='ltr'><strong>Μὴ</strong></span> <span class='ocrx_word' id='word_1_180' title='bbox 685 2921 970 2993; x_wconf 72' lang='grc' dir='ltr'>ψεύδεσθε.</span> <span class='ocrx_word' id='word_1_181' title='bbox 1015 2923 1170 2978; x_wconf 74' lang='grc' dir='ltr'>Ἐπεὶ</span> <span class='ocrx_word' id='word_1_182' title='bbox 1198 2921 1290 2980; x_wconf 78' lang='grc' dir='ltr'><strong>οὖν</strong></span> <span class='ocrx_word' id='word_1_183' title='bbox 1316 2925 1576 2990; x_wconf 85' lang='grc' dir='ltr'>πολλάκις</span> <span class='ocrx_word' id='word_1_184' title='bbox 1601 2944 1686 2990; x_wconf 88' lang='grc' dir='ltr'><strong>τις</strong></span> <span class='ocrx_word' id='word_1_185' title='bbox 1745 2925 1936 2997; x_wconf 78' lang='grc' dir='ltr'>ψευδό-</span> 
     </span>
    </p>
   </div>
   <div class='ocr_carea' id='block_1_30' title="bbox 353 3011 1934 3089">
    <p class='ocr_par' dir='ltr' id='par_1_30' title="bbox 353 3011 1934 3089">
     <span class='ocr_line' id='line_1_30' title="bbox 353 3011 1934 3089; baseline 0.006 -27"><span class='ocrx_word' id='word_1_186' title='bbox 353 3027 538 3077; x_wconf 68' lang='grc' dir='ltr'>μενος,</span> <span class='ocrx_word' id='word_1_187' title='bbox 586 3011 758 3084; x_wconf 80' lang='grc' dir='ltr'>ὀργῆς</span> <span class='ocrx_word' id='word_1_188' title='bbox 801 3014 1078 3085; x_wconf 77' lang='grc' dir='ltr'>πρόφασιν</span> <span class='ocrx_word' id='word_1_189' title='bbox 1135 3019 1390 3086; x_wconf 83' lang='grc' dir='ltr'>παρεῖχε,</span> <span class='ocrx_word' id='word_1_190' title='bbox 1420 3018 1578 3088; x_wconf 80' lang='grc' dir='ltr'>φησί.</span> <span class='ocrx_word' id='word_1_191' title='bbox 1615 3017 1798 3072; x_wconf 79' lang='grc' dir='ltr'>Καλὸν</span> <span class='ocrx_word' id='word_1_192' title='bbox 1835 3019 1934 3089; x_wconf 78' lang='grc' dir='ltr'><strong>μὲν</strong></span> 
     </span>
    </p>
   </div>
   <div class='ocr_carea' id='block_1_31' title="bbox 351 3101 1938 3181">
    <p class='ocr_par' dir='ltr' id='par_1_31' title="bbox 351 3101 1938 3181">
     <span class='ocr_line' id='line_1_31' title="bbox 351 3101 1938 3181; baseline 0.007 -27"><span class='ocrx_word' id='word_1_193' title='bbox 351 3101 414 3155; x_wconf 77' lang='grc' dir='ltr'>τὸ</span> <span class='ocrx_word' id='word_1_194' title='bbox 443 3104 519 3174; x_wconf 80' lang='grc' dir='ltr'>μὴ</span> <span class='ocrx_word' id='word_1_195' title='bbox 550 3103 1144 3175; x_wconf 76' lang='grc' dir='ltr'>όργίζεσθαικαθόλου.</span> <span class='ocrx_word' id='word_1_196' title='bbox 1172 3109 1236 3162; x_wconf 84' lang='grc' dir='ltr'>Εἰ</span> <span class='ocrx_word' id='word_1_197' title='bbox 1263 3108 1322 3162; x_wconf 86' lang='grc' dir='ltr'>δὲ</span> <span class='ocrx_word' id='word_1_198' title='bbox 1353 3107 1488 3181; x_wconf 79' lang='grc' dir='ltr'>ἄρα,</span> <span class='ocrx_word' id='word_1_199' title='bbox 1542 3108 1646 3164; x_wconf 87' lang='grc' dir='ltr'><strong>κᾶν</strong></span> <span class='ocrx_word' id='word_1_200' title='bbox 1689 3109 1766 3181; x_wconf 80' lang='grc' dir='ltr'>μὴ</span> <span class='ocrx_word' id='word_1_201' title='bbox 1801 3109 1938 3179; x_wconf 69' lang='grc' dir='ltr'>πρὸς</span> 
     </span>
    </p>
   </div>
   <div class='ocr_carea' id='block_1_32' title="bbox 2023 610 3600 688">
    <p class='ocr_par' dir='ltr' id='par_1_32' title="bbox 2023 610 3600 688">
     <span class='ocr_line' id='line_1_32' title="bbox 2023 610 3600 688; baseline -0.008 -15"><span class='ocrx_word' id='word_1_202' title='bbox 2023 629 2207 675; x_wconf 88' lang='lat' dir='ltr'><strong>autem</strong></span> <span class='ocrx_word' id='word_1_203' title='bbox 2265 625 2354 675; x_wconf 88' lang='lat' dir='ltr'><strong>est</strong></span> <span class='ocrx_word' id='word_1_204' title='bbox 2403 617 2637 688; x_wconf 88' lang='lat' dir='ltr'><strong>puritas.</strong></span> <span class='ocrx_word' id='word_1_205' title='bbox 2682 633 2701 666; x_wconf 80' lang='grc' dir='ltr'><strong>ι</strong></span> <span class='ocrx_word' id='word_1_206' title='bbox 2746 612 2815 668; x_wconf 87' lang='grc' dir='ltr'>Ει</span> <span class='ocrx_word' id='word_1_207' title='bbox 2876 613 3230 668; x_wconf 73' lang='lat' dir='ltr'><strong>sanctitatem</strong></span> <span class='ocrx_word' id='word_1_208' title='bbox 3263 610 3534 666; x_wconf 81' lang='lat' dir='ltr'><strong>veritatis.</strong></span> <span class='ocrx_word' id='word_1_209' title='bbox 3581 626 3600 660; x_wconf 75' lang='grc' dir='ltr'><strong>ι</strong></span> 
     </span>
    </p>
   </div>
   <div class='ocr_carea' id='block_1_33' title="bbox 2027 700 3611 780">
    <p class='ocr_par' dir='ltr' id='par_1_33' title="bbox 2027 700 3611 780">
     <span class='ocr_line' id='line_1_33' title="bbox 2027 700 3611 780; baseline -0.008 -15"><span class='ocrx_word' id='word_1_210' title='bbox 2027 710 2157 765; x_wconf 83' lang='lat' dir='ltr'><strong>Erat</strong></span> <span class='ocrx_word' id='word_1_211' title='bbox 2179 720 2234 766; x_wconf 87' lang='lat' dir='ltr'><strong>et</strong></span> <span class='ocrx_word' id='word_1_212' title='bbox 2263 709 2404 780; x_wconf 81' lang='lat' dir='ltr'><strong>apud</strong></span> <span class='ocrx_word' id='word_1_213' title='bbox 2431 707 2653 762; x_wconf 73' lang='lat' dir='ltr'><strong>Judazos</strong></span> <span class='ocrx_word' id='word_1_214' title='bbox 2682 705 2898 776; x_wconf 84' lang='lat' dir='ltr'><strong>justitia</strong></span> <span class='ocrx_word' id='word_1_215' title='bbox 2921 712 2976 759; x_wconf 89' lang='lat' dir='ltr'><strong>et</strong></span> <span class='ocrx_word' id='word_1_216' title='bbox 3016 703 3308 768; x_wconf 82' lang='lat' dir='ltr'><strong>sanctitas,</strong></span> <span class='ocrx_word' id='word_1_217' title='bbox 3341 701 3438 757; x_wconf 87' lang='lat' dir='ltr'><strong>sed</strong></span> <span class='ocrx_word' id='word_1_218' title='bbox 3471 700 3611 770; x_wconf 79' lang='lat' dir='ltr'><strong>ligu-</strong></span> 
     </span>
    </p>
   </div>
   <div class='ocr_carea' id='block_1_34' title="bbox 2026 797 3612 873">
    <p class='ocr_par' dir='ltr' id='par_1_34' title="bbox 2026 797 3612 873">
     <span class='ocr_line' id='line_1_34' title="bbox 2026 797 3612 873; baseline -0.008 -15"><span class='ocrx_word' id='word_1_219' title='bbox 2026 805 2200 861; x_wconf 88' lang='lat' dir='ltr'><strong>ralis:</strong></span> <span class='ocrx_word' id='word_1_220' title='bbox 2227 819 2367 873; x_wconf 71' lang='lat' dir='ltr'><strong>Jiam</strong></span> <span class='ocrx_word' id='word_1_221' title='bbox 2399 802 2550 859; x_wconf 89' lang='lat' dir='ltr'><strong>circa</strong></span> <span class='ocrx_word' id='word_1_222' title='bbox 2581 801 2831 871; x_wconf 88' lang='lat' dir='ltr'><strong>corporis</strong></span> <span class='ocrx_word' id='word_1_223' title='bbox 2882 797 3326 870; x_wconf 67' lang='lat' dir='ltr'><strong>purificationem</strong></span> <span class='ocrx_word' id='word_1_224' title='bbox 3372 807 3612 863; x_wconf 87' lang='lat' dir='ltr'><strong>occupa-</strong></span> 
     </span>
    </p>
   </div>
   <div class='ocr_carea' id='block_1_35' title="bbox 2030 889 3611 962">
    <p class='ocr_par' dir='ltr' id='par_1_35' title="bbox 2030 889 3611 962">
     <span class='ocr_line' id='line_1_35' title="bbox 2030 889 3611 962; baseline -0.008 -10"><span class='ocrx_word' id='word_1_225' title='bbox 2030 897 2235 952; x_wconf 82' lang='lat' dir='ltr'><strong>bantur</strong></span> <span class='ocrx_word' id='word_1_226' title='bbox 2272 914 2287 952; x_wconf 89' lang='lat'><strong>:</strong></span> <span class='ocrx_word' id='word_1_227' title='bbox 2335 910 2527 952; x_wconf 88' lang='lat' dir='ltr'><strong>verum</strong></span> <span class='ocrx_word' id='word_1_228' title='bbox 2569 910 2680 950; x_wconf 92' lang='lat' dir='ltr'><strong>non</strong></span> <span class='ocrx_word' id='word_1_229' title='bbox 2712 895 2876 958; x_wconf 76' lang='lat' dir='ltr'><strong>lianc,</strong></span> <span class='ocrx_word' id='word_1_230' title='bbox 2917 893 3011 949; x_wconf 89' lang='lat' dir='ltr'><strong>sed</strong></span> <span class='ocrx_word' id='word_1_231' title='bbox 3043 890 3240 962; x_wconf 70' lang='lat' dir='ltr'><strong>qutein</strong></span> <span class='ocrx_word' id='word_1_232' title='bbox 3292 889 3482 944; x_wconf 89' lang='lat' dir='ltr'><strong>anima</strong></span> <span class='ocrx_word' id='word_1_233' title='bbox 3523 893 3611 941; x_wconf 84' lang='lat' dir='ltr'><strong>est</strong></span> 
     </span>
    </p>
   </div>
   <div class='ocr_carea' id='block_1_36' title="bbox 2027 979 3614 1058">
    <p class='ocr_par' dir='ltr' id='par_1_36' title="bbox 2027 979 3614 1058">
     <span class='ocr_line' id='line_1_36' title="bbox 2027 979 3614 1058; baseline -0.008 -12"><span class='ocrx_word' id='word_1_234' title='bbox 2027 989 2381 1046; x_wconf 88' lang='lat' dir='ltr'><strong>sanctitatem</strong></span> <span class='ocrx_word' id='word_1_235' title='bbox 2409 1004 2473 1044; x_wconf 92' lang='lat' dir='ltr'><strong>ac</strong></span> <span class='ocrx_word' id='word_1_236' title='bbox 2500 988 2777 1058; x_wconf 85' lang='lat' dir='ltr'><strong>justitiam</strong></span> <span class='ocrx_word' id='word_1_237' title='bbox 2810 986 3048 1042; x_wconf 87' lang='lat' dir='ltr'><strong>induite.</strong></span> <span class='ocrx_word' id='word_1_238' title='bbox 3105 985 3234 1039; x_wconf 66' lang='lat' dir='ltr'><strong>Haec</strong></span> <span class='ocrx_word' id='word_1_239' title='bbox 3263 982 3410 1038; x_wconf 81' lang='lat' dir='ltr'><strong>enim</strong></span> <span class='ocrx_word' id='word_1_240' title='bbox 3468 979 3614 1035; x_wconf 84' lang='lat' dir='ltr'><strong>veri-</strong></span> 
     </span>
    </p>
   </div>
   <div class='ocr_carea' id='block_1_37' title="bbox 2029 1073 3614 1154">
    <p class='ocr_par' dir='ltr' id='par_1_37' title="bbox 2029 1073 3614 1154">
     <span class='ocr_line' id='line_1_37' title="bbox 2029 1073 3614 1154; baseline -0.008 -16"><span class='ocrx_word' id='word_1_241' title='bbox 2029 1081 2168 1138; x_wconf 87' lang='lat' dir='ltr'><strong>tatis</strong></span> <span class='ocrx_word' id='word_1_242' title='bbox 2201 1092 2304 1138; x_wconf 90' lang='lat' dir='ltr'><strong>est.</strong></span> <span class='ocrx_word' id='word_1_243' title='bbox 2331 1080 2730 1154; x_wconf 78' lang='lat' dir='ltr'><strong>Autjustitiam</strong></span> <span class='ocrx_word' id='word_1_244' title='bbox 2763 1079 3014 1136; x_wconf 84' lang='lat' dir='ltr'><strong>veritatis</strong></span> <span class='ocrx_word' id='word_1_245' title='bbox 3033 1078 3169 1135; x_wconf 89' lang='lat' dir='ltr'><strong>dicit</strong></span> <span class='ocrx_word' id='word_1_246' title='bbox 3198 1077 3268 1132; x_wconf 91' lang='lat' dir='ltr'><strong>ad</strong></span> <span class='ocrx_word' id='word_1_247' title='bbox 3295 1073 3614 1130; x_wconf 82' lang='lat' dir='ltr'><strong>distinetio-</strong></span> 
     </span>
    </p>
   </div>
   <div class='ocr_carea' id='block_1_38' title="bbox 2029 1167 3467 1244">
    <p class='ocr_par' dir='ltr' id='par_1_38' title="bbox 2029 1167 3467 1244">
     <span class='ocr_line' id='line_1_38' title="bbox 2029 1167 3467 1244; baseline -0.004 -16"><span class='ocrx_word' id='word_1_248' title='bbox 2029 1189 2152 1230; x_wconf 89' lang='lat' dir='ltr'><strong>nem</strong></span> <span class='ocrx_word' id='word_1_249' title='bbox 2184 1175 2306 1244; x_wconf 87' lang='lat' dir='ltr'><strong>ejus</strong></span> <span class='ocrx_word' id='word_1_250' title='bbox 2340 1189 2463 1243; x_wconf 74' lang='lat' dir='ltr'><strong>qua:</strong></span> <span class='ocrx_word' id='word_1_251' title='bbox 2491 1183 2575 1228; x_wconf 91' lang='lat' dir='ltr'><strong>est</strong></span> <span class='ocrx_word' id='word_1_252' title='bbox 2598 1174 2652 1227; x_wconf 90' lang='lat' dir='ltr'><strong>in</strong></span> <span class='ocrx_word' id='word_1_253' title='bbox 2688 1171 3046 1228; x_wconf 80' lang='lat' dir='ltr'><strong>simulatione</strong></span> <span class='ocrx_word' id='word_1_254' title='bbox 3066 1181 3120 1227; x_wconf 88' lang='lat' dir='ltr'><strong>et</strong></span> <span class='ocrx_word' id='word_1_255' title='bbox 3152 1167 3467 1241; x_wconf 80' lang='lat' dir='ltr'><strong>hypocrisi.</strong></span> 
     </span>
    </p>
   </div>
   <div class='ocr_carea' id='block_1_39' title="bbox 2101 1256 3615 1335">
    <p class='ocr_par' dir='ltr' id='par_1_39' title="bbox 2101 1256 3615 1335">
     <span class='ocr_line' id='line_1_39' title="bbox 2101 1256 3615 1335; baseline -0.007 -15"><span class='ocrx_word' id='word_1_256' title='bbox 2101 1263 2196 1332; x_wconf 85' lang='lat' dir='ltr'><strong>1V,</strong></span> <span class='ocrx_word' id='word_1_257' title='bbox 2228 1265 2422 1321; x_wconf 71' lang='lat'><strong>25-29.</strong></span> <span class='ocrx_word' id='word_1_258' title='bbox 2465 1265 2805 1334; x_wconf 71' lang='lat' dir='ltr'><strong>Quapropter</strong></span> <span class='ocrx_word' id='word_1_259' title='bbox 2831 1263 3073 1335; x_wconf 84' lang='lat' dir='ltr'><strong>deposito</strong></span> <span class='ocrx_word' id='word_1_260' title='bbox 3111 1261 3386 1316; x_wconf 86' lang='lat' dir='ltr'><strong>mendacio</strong></span> <span class='ocrx_word' id='word_1_261' title='bbox 3435 1256 3615 1328; x_wconf 61' lang='lat' dir='ltr'><strong>loqui-</strong></span> 
     </span>
    </p>
   </div>
   <div class='ocr_carea' id='block_1_40' title="bbox 2031 1351 3616 1430">
    <p class='ocr_par' dir='ltr' id='par_1_40' title="bbox 2031 1351 3616 1430">
     <span class='ocr_line' id='line_1_40' title="bbox 2031 1351 3616 1430; baseline -0.008 -16"><span class='ocrx_word' id='word_1_262' title='bbox 2031 1360 2166 1414; x_wconf 83' lang='lat' dir='ltr'><strong>mini</strong></span> <span class='ocrx_word' id='word_1_263' title='bbox 2207 1360 2485 1414; x_wconf 78' lang='lat' dir='ltr'><strong>veritatem</strong></span> <span class='ocrx_word' id='word_1_264' title='bbox 2535 1360 2755 1430; x_wconf 77' lang='lat' dir='ltr'><strong>quisque</strong></span> <span class='ocrx_word' id='word_1_265' title='bbox 2783 1375 2901 1412; x_wconf 82' lang='lat' dir='ltr'><strong>cum</strong></span> <span class='ocrx_word' id='word_1_266' title='bbox 2928 1357 3172 1427; x_wconf 76' lang='lat' dir='ltr'><strong>proximo</strong></span> <span class='ocrx_word' id='word_1_267' title='bbox 3203 1370 3299 1409; x_wconf 79' lang='lat' dir='ltr'><strong>suo</strong></span> <span class='ocrx_word' id='word_1_268' title='bbox 3321 1393 3336 1419; x_wconf 92' lang='lat'><strong>,</strong></span> <span class='ocrx_word' id='word_1_269' title='bbox 3362 1351 3616 1423; x_wconf 83' lang='lat' dir='ltr'><strong>quoniam</strong></span> 
     </span>
    </p>
   </div>
   <div class='ocr_carea' id='block_1_41' title="bbox 2030 1443 3614 1510">
    <p class='ocr_par' dir='ltr' id='par_1_41' title="bbox 2030 1443 3614 1510">
     <span class='ocr_line' id='line_1_41' title="bbox 2030 1443 3614 1510; baseline -0.008 -5"><span class='ocrx_word' id='word_1_270' title='bbox 2030 1467 2212 1505; x_wconf 76' lang='lat' dir='ltr'><strong>sumus</strong></span> <span class='ocrx_word' id='word_1_271' title='bbox 2245 1451 2464 1504; x_wconf 78' lang='lat' dir='ltr'><strong>invicem</strong></span> <span class='ocrx_word' id='word_1_272' title='bbox 2498 1451 2753 1506; x_wconf 84' lang='lat' dir='ltr'><strong>membra.</strong></span> <span class='ocrx_word' id='word_1_273' title='bbox 2824 1446 3128 1502; x_wconf 80' lang='lat' dir='ltr'><strong>lrascimini</strong></span> <span class='ocrx_word' id='word_1_274' title='bbox 3145 1455 3198 1500; x_wconf 81' lang='lat' dir='ltr'><strong>et</strong></span> <span class='ocrx_word' id='word_1_275' title='bbox 3229 1460 3333 1498; x_wconf 81' lang='lat' dir='ltr'><strong>non</strong></span> <span class='ocrx_word' id='word_1_276' title='bbox 3363 1443 3614 1510; x_wconf 79' lang='lat' dir='ltr'><strong>peccetis.</strong></span> 
     </span>
    </p>
   </div>
   <div class='ocr_carea' id='block_1_42' title="bbox 2033 1523 3619 1612">
    <p class='ocr_par' dir='ltr' id='par_1_42' title="bbox 2033 1523 3619 1612">
     <span class='ocr_line' id='line_1_42' title="bbox 2033 1523 3619 1612; baseline -0.008 -15"><span class='ocrx_word' id='word_1_277' title='bbox 2033 1540 2126 1597; x_wconf 85' lang='lat' dir='ltr'><strong>Sol</strong></span> <span class='ocrx_word' id='word_1_278' title='bbox 2156 1558 2218 1596; x_wconf 85' lang='lat' dir='ltr'><strong>ne</strong></span> <span class='ocrx_word' id='word_1_279' title='bbox 2248 1523 2457 1596; x_wconf 79' lang='lat' dir='ltr'><strong>occidat</strong></span> <span class='ocrx_word' id='word_1_280' title='bbox 2489 1557 2648 1612; x_wconf 84' lang='lat' dir='ltr'><strong>super</strong></span> <span class='ocrx_word' id='word_1_281' title='bbox 2682 1540 2820 1594; x_wconf 87' lang='lat' dir='ltr'><strong>iram</strong></span> <span class='ocrx_word' id='word_1_282' title='bbox 2848 1547 3101 1593; x_wconf 83' lang='lat' dir='ltr'><strong>vestram.</strong></span> <span class='ocrx_word' id='word_1_283' title='bbox 3156 1534 3240 1589; x_wconf 89' lang='lat' dir='ltr'><strong>Ne</strong></span> <span class='ocrx_word' id='word_1_284' title='bbox 3264 1534 3399 1588; x_wconf 77' lang='lat' dir='ltr'><strong>detis</strong></span> <span class='ocrx_word' id='word_1_285' title='bbox 3446 1539 3619 1586; x_wconf 79' lang='lat' dir='ltr'><strong>locum</strong></span> 
     </span>
    </p>
   </div>
   <div class='ocr_carea' id='block_1_43' title="bbox 2031 1624 3617 1704">
    <p class='ocr_par' dir='ltr' id='par_1_43' title="bbox 2031 1624 3617 1704">
     <span class='ocr_line' id='line_1_43' title="bbox 2031 1624 3617 1704; baseline -0.007 -16"><span class='ocrx_word' id='word_1_286' title='bbox 2031 1634 2264 1690; x_wconf 82' lang='lat' dir='ltr'><strong>diabolo.</strong></span> <span class='ocrx_word' id='word_1_287' title='bbox 2297 1635 2404 1701; x_wconf 79' lang='lat' dir='ltr'><strong>Qui</strong></span> <span class='ocrx_word' id='word_1_288' title='bbox 2458 1634 2747 1704; x_wconf 74' lang='lat' dir='ltr'><strong>[urebatur</strong></span> <span class='ocrx_word' id='word_1_289' title='bbox 2773 1649 2835 1686; x_wconf 77' lang='lat' dir='ltr'><strong>ne</strong></span> <span class='ocrx_word' id='word_1_290' title='bbox 2871 1632 3101 1700; x_wconf 76' lang='lat' dir='ltr'><strong>amplius</strong></span> <span class='ocrx_word' id='word_1_291' title='bbox 3137 1631 3349 1700; x_wconf 82' lang='lat' dir='ltr'><strong>furetur</strong></span> <span class='ocrx_word' id='word_1_292' title='bbox 3386 1643 3404 1681; x_wconf 92' lang='lat'><strong><em>:</em></strong></span> <span class='ocrx_word' id='word_1_293' title='bbox 3442 1624 3617 1696; x_wconf 78' lang='lat' dir='ltr'><strong>magis</strong></span> 
     </span>
    </p>
   </div>
   <div class='ocr_carea' id='block_1_44' title="bbox 2031 1721 3620 1797">
    <p class='ocr_par' dir='ltr' id='par_1_44' title="bbox 2031 1721 3620 1797">
     <span class='ocr_line' id='line_1_44' title="bbox 2031 1721 3620 1797; baseline -0.008 -14"><span class='ocrx_word' id='word_1_294' title='bbox 2031 1737 2214 1783; x_wconf 85' lang='lat' dir='ltr'><strong>autem</strong></span> <span class='ocrx_word' id='word_1_295' title='bbox 2267 1727 2470 1782; x_wconf 84' lang='lat' dir='ltr'><strong>laboret</strong></span> <span class='ocrx_word' id='word_1_296' title='bbox 2515 1725 2782 1797; x_wconf 80' lang='lat' dir='ltr'><strong>operando</strong></span> <span class='ocrx_word' id='word_1_297' title='bbox 2814 1724 3059 1780; x_wconf 82' lang='lat' dir='ltr'><strong>manibus</strong></span> <span class='ocrx_word' id='word_1_298' title='bbox 3104 1721 3244 1793; x_wconf 84' lang='lat' dir='ltr'><strong>quod</strong></span> <span class='ocrx_word' id='word_1_299' title='bbox 3274 1722 3468 1775; x_wconf 85' lang='lat' dir='ltr'><strong>bonum</strong></span> <span class='ocrx_word' id='word_1_300' title='bbox 3517 1726 3620 1785; x_wconf 86' lang='lat' dir='ltr'><strong>est,</strong></span> 
     </span>
    </p>
   </div>
   <div class='ocr_carea' id='block_1_45' title="bbox 2038 1811 3622 1891">
    <p class='ocr_par' dir='ltr' id='par_1_45' title="bbox 2038 1811 3622 1891">
     <span class='ocr_line' id='line_1_45' title="bbox 2038 1811 3622 1891; baseline -0.008 -16"><span class='ocrx_word' id='word_1_301' title='bbox 2038 1831 2097 1874; x_wconf 85' lang='lat' dir='ltr'><strong>ut</strong></span> <span class='ocrx_word' id='word_1_302' title='bbox 2124 1820 2292 1891; x_wconf 79' lang='lat' dir='ltr'><strong>possit</strong></span> <span class='ocrx_word' id='word_1_303' title='bbox 2312 1820 2581 1886; x_wconf 89' lang='lat' dir='ltr'><strong>impartiri</strong></span> <span class='ocrx_word' id='word_1_304' title='bbox 2607 1819 2655 1873; x_wconf 87' lang='lat' dir='ltr'><strong>ei</strong></span> <span class='ocrx_word' id='word_1_305' title='bbox 2683 1818 2774 1888; x_wconf 84' lang='lat' dir='ltr'><strong>qui</strong></span> <span class='ocrx_word' id='word_1_306' title='bbox 2802 1834 2934 1886; x_wconf 77' lang='lat' dir='ltr'><strong>opus</strong></span> <span class='ocrx_word' id='word_1_307' title='bbox 2969 1815 3237 1888; x_wconf 75' lang='lat' dir='ltr'><strong>habuerit.</strong></span> <span class='ocrx_word' id='word_1_308' title='bbox 3284 1811 3473 1868; x_wconf 81' lang='lat' dir='ltr'><strong>Omnis</strong></span> <span class='ocrx_word' id='word_1_309' title='bbox 3509 1824 3622 1864; x_wconf 81' lang='lat' dir='ltr'><strong>ser-</strong></span> 
     </span>
    </p>
   </div>
   <div class='ocr_carea' id='block_1_46' title="bbox 2035 1904 3623 1984">
    <p class='ocr_par' dir='ltr' id='par_1_46' title="bbox 2035 1904 3623 1984">
     <span class='ocr_line' id='line_1_46' title="bbox 2035 1904 3623 1984; baseline -0.009 -16"><span class='ocrx_word' id='word_1_310' title='bbox 2035 1931 2119 1969; x_wconf 88' lang='lat' dir='ltr'><strong>mo</strong></span> <span class='ocrx_word' id='word_1_311' title='bbox 2145 1930 2368 1984; x_wconf 84' lang='lat' dir='ltr'><strong>spurcus</strong></span> <span class='ocrx_word' id='word_1_312' title='bbox 2393 1928 2459 1967; x_wconf 78' lang='lat' dir='ltr'><strong>ea:</strong></span> <span class='ocrx_word' id='word_1_313' title='bbox 2489 1929 2579 1967; x_wconf 90' lang='lat' dir='ltr'><strong>ore</strong></span> <span class='ocrx_word' id='word_1_314' title='bbox 2622 1920 2794 1967; x_wconf 81' lang='lat' dir='ltr'><strong>vestro</strong></span> <span class='ocrx_word' id='word_1_315' title='bbox 2817 1927 2880 1965; x_wconf 86' lang='lat' dir='ltr'><strong>ne</strong></span> <span class='ocrx_word' id='word_1_316' title='bbox 2904 1907 3181 1978; x_wconf 80' lang='lat' dir='ltr'><strong>procedat,</strong></span> <span class='ocrx_word' id='word_1_317' title='bbox 3207 1905 3298 1962; x_wconf 83' lang='lat' dir='ltr'><strong>sed</strong></span> <span class='ocrx_word' id='word_1_318' title='bbox 3324 1907 3374 1961; x_wconf 83' lang='lat' dir='ltr'><strong>si</strong></span> <span class='ocrx_word' id='word_1_319' title='bbox 3399 1904 3518 1974; x_wconf 81' lang='lat' dir='ltr'><strong>quis</strong></span> <span class='ocrx_word' id='word_1_320' title='bbox 3541 1909 3623 1958; x_wconf 81' lang='lat' dir='ltr'><strong>est</strong></span> 
     </span>
    </p>
   </div>
   <div class='ocr_carea' id='block_1_47' title="bbox 2037 1998 3624 2077">
    <p class='ocr_par' dir='ltr' id='par_1_47' title="bbox 2037 1998 3624 2077">
     <span class='ocr_line' id='line_1_47' title="bbox 2037 1998 3624 2077; baseline -0.008 -15"><span class='ocrx_word' id='word_1_321' title='bbox 2037 2007 2202 2062; x_wconf 79' lang='lat' dir='ltr'><strong>bonus</strong></span> <span class='ocrx_word' id='word_1_322' title='bbox 2236 2006 2304 2061; x_wconf 86' lang='lat' dir='ltr'><strong>ad</strong></span> <span class='ocrx_word' id='word_1_323' title='bbox 2331 2006 2740 2077; x_wconf 78' lang='lat' dir='ltr'><strong>wdiﬁcationem</strong></span> <span class='ocrx_word' id='word_1_324' title='bbox 2776 2001 2971 2072; x_wconf 80' lang='lat' dir='ltr'><strong>negotii</strong></span> <span class='ocrx_word' id='word_1_325' title='bbox 3013 2010 3070 2056; x_wconf 87' lang='lat' dir='ltr'><strong>ut</strong></span> <span class='ocrx_word' id='word_1_326' title='bbox 3115 2000 3208 2056; x_wconf 81' lang='lat' dir='ltr'><strong>det</strong></span> <span class='ocrx_word' id='word_1_327' title='bbox 3233 1998 3467 2071; x_wconf 86' lang='lat' dir='ltr'><strong>gratiam</strong></span> <span class='ocrx_word' id='word_1_328' title='bbox 3518 2011 3624 2050; x_wconf 57' lang='lat' dir='ltr'><strong>auc</strong></span> 
     </span>
    </p>
   </div>
   <div class='ocr_carea' id='block_1_48' title="bbox 2034 2099 2324 2156">
    <p class='ocr_par' dir='ltr' id='par_1_48' title="bbox 2034 2099 2324 2156">
     <span class='ocr_line' id='line_1_48' title="bbox 2034 2099 2324 2156; baseline -0.007 -2"><span class='ocrx_word' id='word_1_329' title='bbox 2034 2099 2324 2156; x_wconf 84' lang='lat' dir='ltr'><strong>dientibus.</strong></span> 
     </span>
    </p>
   </div>
   <div class='ocr_carea' id='block_1_49' title="bbox 2105 2273 3624 2349">
    <p class='ocr_par' dir='ltr' id='par_1_49' title="bbox 2105 2273 3624 2349">
     <span class='ocr_line' id='line_1_49' title="bbox 2105 2273 3624 2349; baseline -0.007 -12"><span class='ocrx_word' id='word_1_330' title='bbox 2105 2277 2740 2349; x_wconf 62' lang='lat' dir='ltr'><strong>Universaliterjdixcrat</strong></span> <span class='ocrx_word' id='word_1_331' title='bbox 2757 2286 2991 2333; x_wconf 84' lang='lat' dir='ltr'><strong>veterem</strong></span> <span class='ocrx_word' id='word_1_332' title='bbox 3018 2275 3336 2332; x_wconf 83' lang='lat' dir='ltr'><strong>hominem:</strong></span> <span class='ocrx_word' id='word_1_333' title='bbox 3357 2273 3624 2328; x_wconf 72' lang='lat' dir='ltr'><strong>caeterum</strong></span> 
     </span>
    </p>
   </div>
   <div class='ocr_carea' id='block_1_50' title="bbox 2040 2362 3626 2441">
    <p class='ocr_par' dir='ltr' id='par_1_50' title="bbox 2040 2362 3626 2441">
     <span class='ocr_line' id='line_1_50' title="bbox 2040 2362 3626 2441; baseline -0.008 -12"><span class='ocrx_word' id='word_1_334' title='bbox 2040 2373 2210 2429; x_wconf 88' lang='lat' dir='ltr'><strong>etiam</strong></span> <span class='ocrx_word' id='word_1_335' title='bbox 2247 2371 2561 2441; x_wconf 84' lang='lat' dir='ltr'><strong>specialiter</strong></span> <span class='ocrx_word' id='word_1_336' title='bbox 2583 2371 2761 2441; x_wconf 87' lang='lat' dir='ltr'><strong>ipsum</strong></span> <span class='ocrx_word' id='word_1_337' title='bbox 2792 2369 3076 2425; x_wconf 86' lang='lat' dir='ltr'><strong>describit.</strong></span> <span class='ocrx_word' id='word_1_338' title='bbox 3100 2366 3165 2420; x_wconf 90' lang='lat' dir='ltr'><strong>Et</strong></span> <span class='ocrx_word' id='word_1_339' title='bbox 3188 2366 3368 2438; x_wconf 90' lang='lat' dir='ltr'><strong>primo</strong></span> <span class='ocrx_word' id='word_1_340' title='bbox 3400 2362 3626 2419; x_wconf 80' lang='lat' dir='ltr'><strong>menda-</strong></span> 
     </span>
    </p>
   </div>
   <div class='ocr_carea' id='block_1_51' title="bbox 2038 2459 3623 2535">
    <p class='ocr_par' dir='ltr' id='par_1_51' title="bbox 2038 2459 3623 2535">
     <span class='ocr_line' id='line_1_51' title="bbox 2038 2459 3623 2535; baseline -0.008 -13"><span class='ocrx_word' id='word_1_341' title='bbox 2038 2468 2184 2522; x_wconf 91' lang='lat' dir='ltr'><strong>cium</strong></span> <span class='ocrx_word' id='word_1_342' title='bbox 2221 2465 2343 2534; x_wconf 85' lang='lat' dir='ltr'><strong>ejus</strong></span> <span class='ocrx_word' id='word_1_343' title='bbox 2375 2474 2642 2535; x_wconf 85' lang='lat' dir='ltr'><strong>amputat,</strong></span> <span class='ocrx_word' id='word_1_344' title='bbox 2671 2464 2820 2519; x_wconf 87' lang='lat' dir='ltr'><strong>velut</strong></span> <span class='ocrx_word' id='word_1_345' title='bbox 2855 2480 2883 2517; x_wconf 89' lang='lat' dir='ltr'><strong>a</strong></span> <span class='ocrx_word' id='word_1_346' title='bbox 2929 2461 3166 2534; x_wconf 88' lang='lat' dir='ltr'><strong>propriis</strong></span> <span class='ocrx_word' id='word_1_347' title='bbox 3213 2459 3500 2521; x_wconf 84' lang='lat' dir='ltr'><strong>membris,</strong></span> <span class='ocrx_word' id='word_1_348' title='bbox 3557 2471 3623 2510; x_wconf 87' lang='lat' dir='ltr'><strong>ac</strong></span> 
     </span>
    </p>
   </div>
   <div class='ocr_carea' id='block_1_52' title="bbox 2041 2548 3627 2630">
    <p class='ocr_par' dir='ltr' id='par_1_52' title="bbox 2041 2548 3627 2630">
     <span class='ocr_line' id='line_1_52' title="bbox 2041 2548 3627 2630; baseline -0.009 -13"><span class='ocrx_word' id='word_1_349' title='bbox 2041 2561 2086 2617; x_wconf 90' lang='lat' dir='ltr'><strong>si</strong></span> <span class='ocrx_word' id='word_1_350' title='bbox 2132 2560 2375 2616; x_wconf 87' lang='lat' dir='ltr'><strong>diceret:</strong></span> <span class='ocrx_word' id='word_1_351' title='bbox 2408 2557 2668 2629; x_wconf 83' lang='lat' dir='ltr'><strong>Nunquid</strong></span> <span class='ocrx_word' id='word_1_352' title='bbox 2692 2555 2890 2612; x_wconf 87' lang='lat' dir='ltr'><strong>oculus</strong></span> <span class='ocrx_word' id='word_1_353' title='bbox 2932 2554 3022 2610; x_wconf 88' lang='lat' dir='ltr'><strong>ubi</strong></span> <span class='ocrx_word' id='word_1_354' title='bbox 3048 2552 3222 2609; x_wconf 88' lang='lat' dir='ltr'><strong>feram</strong></span> <span class='ocrx_word' id='word_1_355' title='bbox 3257 2550 3364 2630; x_wconf 61' lang='lat'><strong>43</strong></span> <span class='ocrx_word' id='word_1_356' title='bbox 3391 2548 3627 2603; x_wconf 88' lang='lat' dir='ltr'><strong>intuitus</strong></span> 
     </span>
    </p>
   </div>
   <div class='ocr_carea' id='block_1_53' title="bbox 2041 2644 3629 2722">
    <p class='ocr_par' dir='ltr' id='par_1_53' title="bbox 2041 2644 3629 2722">
     <span class='ocr_line' id='line_1_53' title="bbox 2041 2644 3629 2722; baseline -0.01 -13"><span class='ocrx_word' id='word_1_357' title='bbox 2041 2661 2146 2718; x_wconf 87' lang='lat' dir='ltr'><strong>est.</strong></span> <span class='ocrx_word' id='word_1_358' title='bbox 2178 2668 2288 2708; x_wconf 92' lang='lat' dir='ltr'><strong>non</strong></span> <span class='ocrx_word' id='word_1_359' title='bbox 2319 2651 2414 2706; x_wconf 89' lang='lat' dir='ltr'><strong>dat</strong></span> <span class='ocrx_word' id='word_1_360' title='bbox 2444 2651 2676 2722; x_wconf 88' lang='lat' dir='ltr'><strong>pedibus</strong></span> <span class='ocrx_word' id='word_1_361' title='bbox 2707 2664 2931 2719; x_wconf 87' lang='lat' dir='ltr'><strong>operam</strong></span> <span class='ocrx_word' id='word_1_362' title='bbox 2978 2658 3037 2702; x_wconf 88' lang='lat' dir='ltr'><strong>ut</strong></span> <span class='ocrx_word' id='word_1_363' title='bbox 3072 2644 3324 2718; x_wconf 81' lang='lat' dir='ltr'><strong>fugiant?</strong></span> <span class='ocrx_word' id='word_1_364' title='bbox 3355 2649 3449 2698; x_wconf 91' lang='lat' dir='ltr'><strong>aut</strong></span> <span class='ocrx_word' id='word_1_365' title='bbox 3509 2655 3629 2696; x_wconf 78' lang='lat' dir='ltr'><strong>ma-</strong></span> 
     </span>
    </p>
   </div>
   <div class='ocr_carea' id='block_1_54' title="bbox 2045 2737 3627 2816">
    <p class='ocr_par' dir='ltr' id='par_1_54' title="bbox 2045 2737 3627 2816">
     <span class='ocr_line' id='line_1_54' title="bbox 2045 2737 3627 2816; baseline -0.009 -15"><span class='ocrx_word' id='word_1_366' title='bbox 2045 2763 2150 2802; x_wconf 90' lang='lat' dir='ltr'><strong>nus</strong></span> <span class='ocrx_word' id='word_1_367' title='bbox 2191 2745 2318 2800; x_wconf 92' lang='lat' dir='ltr'><strong>mali</strong></span> <span class='ocrx_word' id='word_1_368' title='bbox 2380 2745 2664 2816; x_wconf 88' lang='lat' dir='ltr'><strong>quippiam</strong></span> <span class='ocrx_word' id='word_1_369' title='bbox 2696 2751 3075 2808; x_wconf 85' lang='lat' dir='ltr'><strong>contrectans,</strong></span> <span class='ocrx_word' id='word_1_370' title='bbox 3145 2737 3393 2794; x_wconf 81' lang='lat' dir='ltr'><strong>ludiﬁcat</strong></span> <span class='ocrx_word' id='word_1_371' title='bbox 3427 2744 3627 2791; x_wconf 74' lang='lat' dir='ltr'><strong>caetera</strong></span> 
     </span>
    </p>
   </div>
   <div class='ocr_carea' id='block_1_55' title="bbox 2047 2831 3626 2908">
    <p class='ocr_par' dir='ltr' id='par_1_55' title="bbox 2047 2831 3626 2908">
     <span class='ocr_line' id='line_1_55' title="bbox 2047 2831 3626 2908; baseline -0.005 -13"><span class='ocrx_word' id='word_1_372' title='bbox 2047 2839 2336 2895; x_wconf 83' lang='lat' dir='ltr'><strong>membra?</strong></span> <span class='ocrx_word' id='word_1_373' title='bbox 2366 2839 2467 2902; x_wconf 93' lang='lat' dir='ltr'><strong>lta,</strong></span> <span class='ocrx_word' id='word_1_374' title='bbox 2495 2836 2700 2908; x_wconf 87' lang='lat' dir='ltr'><strong>inquit,</strong></span> <span class='ocrx_word' id='word_1_375' title='bbox 2734 2843 2789 2891; x_wconf 93' lang='lat' dir='ltr'><strong>et</strong></span> <span class='ocrx_word' id='word_1_376' title='bbox 2814 2850 2911 2890; x_wconf 88' lang='lat' dir='ltr'><strong>vos</strong></span> <span class='ocrx_word' id='word_1_377' title='bbox 2936 2841 3158 2906; x_wconf 73' lang='lat' dir='ltr'><strong>Oportet</strong></span> <span class='ocrx_word' id='word_1_378' title='bbox 3195 2831 3421 2886; x_wconf 76' lang='lat' dir='ltr'><strong>allectos</strong></span> <span class='ocrx_word' id='word_1_379' title='bbox 3477 2844 3626 2887; x_wconf 83' lang='lat' dir='ltr'><strong>esse.</strong></span> 
     </span>
    </p>
   </div>
   <div class='ocr_carea' id='block_1_56' title="bbox 2054 2921 3631 2998">
    <p class='ocr_par' dir='ltr' id='par_1_56' title="bbox 2054 2921 3631 2998">
     <span class='ocr_line' id='line_1_56' title="bbox 2054 2921 3631 2998; baseline -0.006 -15"><span class='ocrx_word' id='word_1_380' title='bbox 2054 2949 2072 2983; x_wconf 76' lang='grc' dir='ltr'><strong>ι</strong></span> <span class='ocrx_word' id='word_1_381' title='bbox 2106 2929 2440 2996; x_wconf 81' lang='lat' dir='ltr'><strong>lt‘ascimini,</strong></span> <span class='ocrx_word' id='word_1_382' title='bbox 2473 2937 2528 2983; x_wconf 90' lang='lat' dir='ltr'><strong>et</strong></span> <span class='ocrx_word' id='word_1_383' title='bbox 2550 2943 2658 2982; x_wconf 92' lang='lat' dir='ltr'><strong>non</strong></span> <span class='ocrx_word' id='word_1_384' title='bbox 2693 2927 2954 2998; x_wconf 91' lang='lat' dir='ltr'><strong>peccetis.</strong></span> <span class='ocrx_word' id='word_1_385' title='bbox 2987 2945 3005 2978; x_wconf 74' lang='grc' dir='ltr'><strong>ι</strong></span> <span class='ocrx_word' id='word_1_386' title='bbox 3047 2924 3230 2979; x_wconf 83' lang='lat' dir='ltr'><strong>Dixit:</strong></span> <span class='ocrx_word' id='word_1_387' title='bbox 3262 2921 3340 2978; x_wconf 86' lang='lat' dir='ltr'><strong>Ne</strong></span> <span class='ocrx_word' id='word_1_388' title='bbox 3390 2921 3631 2976; x_wconf 64' lang='lat' dir='ltr'><strong>mentiao</strong></span> 
     </span>
    </p>
   </div>
   <div class='ocr_carea' id='block_1_57' title="bbox 2048 3015 3632 3090">
    <p class='ocr_par' dir='ltr' id='par_1_57' title="bbox 2048 3015 3632 3090">
     <span class='ocr_line' id='line_1_57' title="bbox 2048 3015 3632 3090; baseline -0.005 -15"><span class='ocrx_word' id='word_1_389' title='bbox 2048 3020 2202 3076; x_wconf 88' lang='lat' dir='ltr'><strong>mini.</strong></span> <span class='ocrx_word' id='word_1_390' title='bbox 2233 3018 2504 3086; x_wconf 88' lang='lat' dir='ltr'><strong>Quoniam</strong></span> <span class='ocrx_word' id='word_1_391' title='bbox 2532 3034 2665 3090; x_wconf 79' lang='lat' dir='ltr'><strong>ergo</strong></span> <span class='ocrx_word' id='word_1_392' title='bbox 2701 3017 3016 3089; x_wconf 85' lang='lat' dir='ltr'><strong>frequenter</strong></span> <span class='ocrx_word' id='word_1_393' title='bbox 3049 3015 3322 3088; x_wconf 82' lang='lat' dir='ltr'><strong>quispiam</strong></span> <span class='ocrx_word' id='word_1_394' title='bbox 3356 3016 3632 3069; x_wconf 74' lang='lat' dir='ltr'><strong>mentien-</strong></span> 
     </span>
    </p>
   </div>
   <div class='ocr_carea' id='block_1_58' title="bbox 2047 3105 3629 3180">
    <p class='ocr_par' dir='ltr' id='par_1_58' title="bbox 2047 3105 3629 3180">
     <span class='ocr_line' id='line_1_58' title="bbox 2047 3105 3629 3180; baseline -0.004 -14"><span class='ocrx_word' id='word_1_395' title='bbox 2047 3111 2118 3166; x_wconf 93' lang='lat' dir='ltr'><strong>do</strong></span> <span class='ocrx_word' id='word_1_396' title='bbox 2148 3112 2240 3166; x_wconf 76' lang='lat' dir='ltr'><strong>ira:</strong></span> <span class='ocrx_word' id='word_1_397' title='bbox 2265 3125 2458 3166; x_wconf 86' lang='lat' dir='ltr'><strong>ansam</strong></span> <span class='ocrx_word' id='word_1_398' title='bbox 2485 3110 2742 3180; x_wconf 80' lang='lat' dir='ltr'><strong>praebuit,</strong></span> <span class='ocrx_word' id='word_1_399' title='bbox 2765 3109 2976 3164; x_wconf 87' lang='lat' dir='ltr'><strong>idcirco</strong></span> <span class='ocrx_word' id='word_1_400' title='bbox 3006 3107 3084 3162; x_wconf 90' lang='lat' dir='ltr'><strong>ait</strong></span> <span class='ocrx_word' id='word_1_401' title='bbox 3127 3127 3141 3164; x_wconf 90' lang='lat'><strong>:</strong></span> <span class='ocrx_word' id='word_1_402' title='bbox 3173 3105 3474 3161; x_wconf 80' lang='lat' dir='ltr'><strong>Pulchrum</strong></span> <span class='ocrx_word' id='word_1_403' title='bbox 3504 3105 3629 3176; x_wconf 52' lang='lat' dir='ltr'><strong>qui.</strong></span> 
     </span>
    </p>
   </div>
   <div class='ocr_carea' id='block_1_59' title="bbox 354 3195 1942 3281">
    <p class='ocr_par' dir='ltr' id='par_1_59' title="bbox 354 3195 1937 3275">
     <span class='ocr_line' id='line_1_59' title="bbox 354 3195 1937 3275; baseline 0.004 -24"><span class='ocrx_word' id='word_1_404' title='bbox 354 3195 631 3269; x_wconf 79' lang='grc' dir='ltr'>ἁμαρτίαν</span> <span class='ocrx_word' id='word_1_405' title='bbox 655 3199 943 3270; x_wconf 79' lang='grc' dir='ltr'>ἑξαχθῆτε,</span> <span class='ocrx_word' id='word_1_406' title='bbox 965 3201 1100 3272; x_wconf 87' lang='grc' dir='ltr'>μηδὲ</span> <span class='ocrx_word' id='word_1_407' title='bbox 1124 3203 1493 3274; x_wconf 86' lang='grc' dir='ltr'>παραμενέτω</span> <span class='ocrx_word' id='word_1_408' title='bbox 1520 3203 1648 3275; x_wconf 85' lang='grc' dir='ltr'>ύμῖν</span> <span class='ocrx_word' id='word_1_409' title='bbox 1684 3205 1779 3256; x_wconf 76' lang='grc' dir='ltr'><strong>ἐπὶ</strong></span> <span class='ocrx_word' id='word_1_410' title='bbox 1801 3204 1937 3258; x_wconf 79' lang='grc' dir='ltr'>πολὺ</span> 
     </span>
    </p>
   </div>
   <div class='ocr_carea' id='block_1_60' title="bbox 2050 3195 3633 3281">
    <p class='ocr_par' dir='ltr' id='par_1_60' title="bbox 2050 3197 3633 3259">
     <span class='ocr_line' id='line_1_60' title="bbox 2050 3197 3633 3259; baseline -0.003 0"><span class='ocrx_word' id='word_1_411' title='bbox 2050 3203 2172 3259; x_wconf 86' lang='lat' dir='ltr'><strong>dem</strong></span> <span class='ocrx_word' id='word_1_412' title='bbox 2227 3210 2311 3259; x_wconf 88' lang='lat' dir='ltr'><strong>est</strong></span> <span class='ocrx_word' id='word_1_413' title='bbox 2356 3202 2582 3259; x_wconf 90' lang='lat' dir='ltr'><strong>omnino</strong></span> <span class='ocrx_word' id='word_1_414' title='bbox 2633 3218 2742 3257; x_wconf 92' lang='lat' dir='ltr'><strong>non</strong></span> <span class='ocrx_word' id='word_1_415' title='bbox 2804 3201 2970 3257; x_wconf 89' lang='lat' dir='ltr'><strong>irasci</strong></span> <span class='ocrx_word' id='word_1_416' title='bbox 3029 3215 3268 3256; x_wconf 87' lang='lat' dir='ltr'><strong>:verum</strong></span> <span class='ocrx_word' id='word_1_417' title='bbox 3323 3199 3370 3256; x_wconf 89' lang='lat' dir='ltr'><strong>si</strong></span> <span class='ocrx_word' id='word_1_418' title='bbox 3412 3197 3466 3253; x_wconf 92' lang='lat' dir='ltr'><strong>id</strong></span> <span class='ocrx_word' id='word_1_419' title='bbox 3517 3213 3633 3255; x_wconf 85' lang='lat' dir='ltr'><strong>non</strong></span> 
     </span>
    </p>
   </div>
   <div class='ocr_carea' id='block_1_61' title="bbox 350 3288 1942 3367">
    <p class='ocr_par' dir='ltr' id='par_1_61' title="bbox 350 3288 1937 3367">
     <span class='ocr_line' id='line_1_61' title="bbox 350 3288 1937 3367; baseline 0.003 -23"><span class='ocrx_word' id='word_1_420' title='bbox 350 3288 414 3344; x_wconf 82' lang='grc' dir='ltr'><strong>τὸ</strong></span> <span class='ocrx_word' id='word_1_421' title='bbox 450 3289 644 3354; x_wconf 79' lang='grc' dir='ltr'>πάθος.</span> <span class='ocrx_word' id='word_1_422' title='bbox 677 3292 800 3347; x_wconf 85' lang='grc' dir='ltr'><strong>Ἐνι</strong></span> <span class='ocrx_word' id='word_1_423' title='bbox 838 3293 969 3364; x_wconf 78' lang='grc' dir='ltr'>γὰρ,</span> <span class='ocrx_word' id='word_1_424' title='bbox 997 3295 1073 3357; x_wconf 80' lang='grc' dir='ltr'>ὡς</span> <span class='ocrx_word' id='word_1_425' title='bbox 1107 3294 1254 3364; x_wconf 81' lang='grc' dir='ltr'>λέγει</span> <span class='ocrx_word' id='word_1_426' title='bbox 1309 3311 1413 3360; x_wconf 90' lang='grc' dir='ltr'>τις,</span> <span class='ocrx_word' id='word_1_427' title='bbox 1485 3295 1657 3367; x_wconf 79' lang='grc' dir='ltr'>ὀργῆς</span> <span class='ocrx_word' id='word_1_428' title='bbox 1718 3295 1937 3360; x_wconf 80' lang='grc' dir='ltr'>δικαίας</span> 
     </span>
    </p>
   </div>
   <div class='ocr_carea' id='block_1_62' title="bbox 2050 3288 3631 3367">
    <p class='ocr_par' dir='ltr' id='par_1_62' title="bbox 2050 3291 3631 3364">
     <span class='ocr_line' id='line_1_62' title="bbox 2050 3291 3631 3364; baseline -0.003 -16"><span class='ocrx_word' id='word_1_429' title='bbox 2050 3292 2355 3364; x_wconf 75' lang='lat' dir='ltr'><strong>contingat,</strong></span> <span class='ocrx_word' id='word_1_430' title='bbox 2405 3293 2599 3349; x_wconf 88' lang='lat' dir='ltr'><strong>saltem</strong></span> <span class='ocrx_word' id='word_1_431' title='bbox 2652 3308 2721 3348; x_wconf 89' lang='lat' dir='ltr'><strong>ne</strong></span> <span class='ocrx_word' id='word_1_432' title='bbox 2777 3292 2846 3348; x_wconf 90' lang='lat' dir='ltr'><strong>ad</strong></span> <span class='ocrx_word' id='word_1_433' title='bbox 2876 3297 3198 3364; x_wconf 69' lang='lat' dir='ltr'><strong>{peccatum</strong></span> <span class='ocrx_word' id='word_1_434' title='bbox 3254 3291 3631 3359; x_wconf 79' lang='lat' dir='ltr'><strong>exagitemini.</strong></span> 
     </span>
    </p>
   </div>
   <div class='ocr_carea' id='block_1_63' title="bbox 357 3383 1938 3462">
    <p class='ocr_par' dir='ltr' id='par_1_63' title="bbox 357 3383 1938 3462">
     <span class='ocr_line' id='line_1_63' title="bbox 357 3383 1938 3462; baseline 0.005 -26"><span class='ocrx_word' id='word_1_435' title='bbox 357 3384 498 3454; x_wconf 73' lang='grc' dir='ltr'>πρὸς</span> <span class='ocrx_word' id='word_1_436' title='bbox 527 3383 680 3456; x_wconf 83' lang='grc' dir='ltr'>ὥραν</span> <span class='ocrx_word' id='word_1_437' title='bbox 704 3386 1108 3458; x_wconf 79' lang='grc' dir='ltr'>ἐμπλησθῆναι.</span> <span class='ocrx_word' id='word_1_438' title='bbox 1133 3387 1312 3442; x_wconf 79' lang='grc' dir='ltr'>Λῦσον</span> <span class='ocrx_word' id='word_1_439' title='bbox 1345 3389 1403 3442; x_wconf 86' lang='grc' dir='ltr'><strong>δὲ</strong></span> <span class='ocrx_word' id='word_1_440' title='bbox 1437 3389 1609 3462; x_wconf 73' lang='grc' dir='ltr'>αὐτὴν</span> <span class='ocrx_word' id='word_1_441' title='bbox 1643 3389 1750 3462; x_wconf 82' lang='grc' dir='ltr'>πρὸ</span> <span class='ocrx_word' id='word_1_442' title='bbox 1783 3391 1938 3462; x_wconf 80' lang='grc' dir='ltr'>ἡλίου</span> 
     </span>
    </p>
   </div>
   <div class='ocr_carea' id='block_1_64' title="bbox 355 3473 1944 3550">
    <p class='ocr_par' dir='ltr' id='par_1_64' title="bbox 355 3473 1944 3550">
     <span class='ocr_line' id='line_1_64' title="bbox 355 3473 1944 3550; baseline 0.005 -20"><span class='ocrx_word' id='word_1_443' title='bbox 355 3473 588 3542; x_wconf 84' lang='grc' dir='ltr'>δύσεως,</span> <span class='ocrx_word' id='word_1_444' title='bbox 636 3477 724 3531; x_wconf 68' lang='grc' dir='ltr'>διὰ</span> <span class='ocrx_word' id='word_1_445' title='bbox 748 3495 807 3531; x_wconf 90' lang='grc' dir='ltr'><strong>τε</strong></span> <span class='ocrx_word' id='word_1_446' title='bbox 838 3478 899 3532; x_wconf 80' lang='grc' dir='ltr'><strong>τὸ</strong></span> <span class='ocrx_word' id='word_1_447' title='bbox 936 3480 1011 3550; x_wconf 82' lang='grc' dir='ltr'>μὴ</span> <span class='ocrx_word' id='word_1_448' title='bbox 1043 3480 1196 3548; x_wconf 79' lang='grc' dir='ltr'>δόξαι</span> <span class='ocrx_word' id='word_1_449' title='bbox 1234 3481 1330 3535; x_wconf 69' lang='grc' dir='ltr'><strong>ἐπὶ</strong></span> <span class='ocrx_word' id='word_1_450' title='bbox 1368 3481 1614 3546; x_wconf 81' lang='grc' dir='ltr'>ἀναξίοις</span> <span class='ocrx_word' id='word_1_451' title='bbox 1645 3483 1944 3538; x_wconf 87' lang='grc' dir='ltr'>ἀνατεταλ-</span> 
     </span>
    </p>
   </div>
   <div class='ocr_carea' id='block_1_65' title="bbox 357 3568 1943 3646">
    <p class='ocr_par' dir='ltr' id='par_1_65' title="bbox 357 3568 1943 3646">
     <span class='ocr_line' id='line_1_65' title="bbox 357 3568 1943 3646; baseline 0.006 -24"><span class='ocrx_word' id='word_1_452' title='bbox 357 3568 516 3622; x_wconf 83' lang='grc' dir='ltr'>κέναι</span> <span class='ocrx_word' id='word_1_453' title='bbox 572 3569 664 3623; x_wconf 77' lang='grc' dir='ltr'><strong>τὸν</strong></span> <span class='ocrx_word' id='word_1_454' title='bbox 715 3571 889 3643; x_wconf 78' lang='grc' dir='ltr'>ἥλιον,</span> <span class='ocrx_word' id='word_1_455' title='bbox 943 3574 1037 3625; x_wconf 71' lang='grc' dir='ltr'>καὶ</span> <span class='ocrx_word' id='word_1_456' title='bbox 1070 3574 1154 3628; x_wconf 83' lang='grc' dir='ltr'><strong>ἵνα</strong></span> <span class='ocrx_word' id='word_1_457' title='bbox 1180 3573 1254 3645; x_wconf 81' lang='grc' dir='ltr'><strong>μὴ</strong></span> <span class='ocrx_word' id='word_1_458' title='bbox 1285 3576 1318 3646; x_wconf 78' lang='grc' dir='ltr'>ἡ</span> <span class='ocrx_word' id='word_1_459' title='bbox 1353 3575 1448 3642; x_wconf 75' lang='grc' dir='ltr'><strong>νὺξ</strong></span> <span class='ocrx_word' id='word_1_460' title='bbox 1480 3574 1570 3629; x_wconf 78' lang='grc' dir='ltr'>διὰ</span> <span class='ocrx_word' id='word_1_461' title='bbox 1594 3575 1702 3630; x_wconf 85' lang='grc' dir='ltr'>τῶν</span> <span class='ocrx_word' id='word_1_462' title='bbox 1724 3575 1943 3632; x_wconf 75' lang='grc' dir='ltr'>ἐννοιῶν</span> 
     </span>
    </p>
   </div>
   <div class='ocr_carea' id='block_1_66' title="bbox 358 3662 1447 3740">
    <p class='ocr_par' dir='ltr' id='par_1_66' title="bbox 358 3662 1447 3740">
     <span class='ocr_line' id='line_1_66' title="bbox 358 3662 1447 3740; baseline 0.005 -23"><span class='ocrx_word' id='word_1_463' title='bbox 358 3662 750 3735; x_wconf 81' lang='grc' dir='ltr'>χαλεπωτέραν</span> <span class='ocrx_word' id='word_1_464' title='bbox 780 3665 1088 3736; x_wconf 76' lang='grc' dir='ltr'>ἐργάσηται</span> <span class='ocrx_word' id='word_1_465' title='bbox 1114 3667 1212 3737; x_wconf 79' lang='grc' dir='ltr'>τὴν</span> <span class='ocrx_word' id='word_1_466' title='bbox 1245 3669 1447 3740; x_wconf 84' lang='grc' dir='ltr'>πυράν.</span> 
     </span>
    </p>
   </div>
   <div class='ocr_carea' id='block_1_67' title="bbox 431 3923 1944 4000">
    <p class='ocr_par' dir='ltr' id='par_1_67' title="bbox 431 3923 1944 4000">
     <span class='ocr_line' id='line_1_67' title="bbox 431 3923 1944 4000; baseline 0.005 -21"><span class='ocrx_word' id='word_1_467' title='bbox 431 3923 778 4000; x_wconf 50' lang='grc' dir='ltr'><strong>[ΟῘΚΟΥΜᾸ</strong></span> <span class='ocrx_word' id='word_1_468' title='bbox 812 3926 1062 3979; x_wconf 80' lang='grc' dir='ltr'>Ἤκουσά</span> <span class='ocrx_word' id='word_1_469' title='bbox 1084 3943 1246 3981; x_wconf 88' lang='grc' dir='ltr'>τινων</span> <span class='ocrx_word' id='word_1_470' title='bbox 1289 3928 1765 3998; x_wconf 82' lang='grc' dir='ltr'>έρμηνευσάντων·</span> <span class='ocrx_word' id='word_1_471' title='bbox 1808 3933 1944 3998; x_wconf 80' lang='grc' dir='ltr'>Μία,</span> 
     </span>
    </p>
   </div>
   <div class='ocr_carea' id='block_1_68' title="bbox 363 4018 1948 4093">
    <p class='ocr_par' dir='ltr' id='par_1_68' title="bbox 363 4018 1948 4093">
     <span class='ocr_line' id='line_1_68' title="bbox 363 4018 1948 4093; baseline 0.002 -19"><span class='ocrx_word' id='word_1_472' title='bbox 363 4020 552 4091; x_wconf 78' lang='grc' dir='ltr'>φησὶν,</span> <span class='ocrx_word' id='word_1_473' title='bbox 586 4021 974 4092; x_wconf 81' lang='grc' dir='ltr'>ἀναμάρτητος</span> <span class='ocrx_word' id='word_1_474' title='bbox 1032 4018 1254 4092; x_wconf 83' lang='grc' dir='ltr'>ὀργὴ,ή</span> <span class='ocrx_word' id='word_1_475' title='bbox 1311 4021 1449 4091; x_wconf 83' lang='grc' dir='ltr'>πρὸς</span> <span class='ocrx_word' id='word_1_476' title='bbox 1509 4022 1635 4085; x_wconf 79' lang='grc' dir='ltr'>τοὺς</span> <span class='ocrx_word' id='word_1_477' title='bbox 1688 4022 1948 4093; x_wconf 83' lang='grc' dir='ltr'>δαίμονας</span> 
     </span>
    </p>
   </div>
   <div class='ocr_carea' id='block_1_69' title="bbox 362 4117 1947 4190">
    <p class='ocr_par' dir='ltr' id='par_1_69' title="bbox 362 4117 1947 4190">
     <span class='ocr_line' id='line_1_69' title="bbox 362 4117 1947 4190; baseline 0.003 -20"><span class='ocrx_word' id='word_1_478' title='bbox 362 4117 550 4170; x_wconf 78' lang='grc' dir='ltr'>καὶτὰ</span> <span class='ocrx_word' id='word_1_479' title='bbox 591 4117 760 4189; x_wconf 81' lang='grc' dir='ltr'>πάθη.</span> <span class='ocrx_word' id='word_1_480' title='bbox 807 4137 826 4170; x_wconf 83' lang='grc' dir='ltr'><strong>ι</strong></span> <span class='ocrx_word' id='word_1_481' title='bbox 864 4117 1014 4190; x_wconf 69' lang='grc' dir='ltr'>Μηδὲ</span> <span class='ocrx_word' id='word_1_482' title='bbox 1058 4117 1228 4172; x_wconf 86' lang='grc' dir='ltr'>δίδοτε</span> <span class='ocrx_word' id='word_1_483' title='bbox 1284 4118 1469 4173; x_wconf 83' lang='grc' dir='ltr'>τόπον.</span> <span class='ocrx_word' id='word_1_484' title='bbox 1516 4139 1534 4171; x_wconf 74' lang='grc' dir='ltr'><strong>ι</strong></span> <span class='ocrx_word' id='word_1_485' title='bbox 1600 4119 1670 4173; x_wconf 88' lang='grc' dir='ltr'><em>Ἢ</em></span> <span class='ocrx_word' id='word_1_486' title='bbox 1721 4122 1803 4174; x_wconf 80' lang='grc' dir='ltr'><strong>ὅτι</strong></span> <span class='ocrx_word' id='word_1_487' title='bbox 1852 4119 1947 4174; x_wconf 78' lang='grc' dir='ltr'>τοῦ</span> 
     </span>
    </p>
   </div>
   <div class='ocr_carea' id='block_1_70' title="bbox 362 4210 1950 4288">
    <p class='ocr_par' dir='ltr' id='par_1_70' title="bbox 362 4210 1950 4288">
     <span class='ocr_line' id='line_1_70' title="bbox 362 4210 1950 4288; baseline 0.001 -24"><span class='ocrx_word' id='word_1_488' title='bbox 362 4210 478 4264; x_wconf 74' lang='grc' dir='ltr'>ἄνω</span> <span class='ocrx_word' id='word_1_489' title='bbox 509 4211 774 4283; x_wconf 70' lang='grc' dir='ltr'>ἢρτηταιο</span> <span class='ocrx_word' id='word_1_490' title='bbox 815 4210 902 4283; x_wconf 74' lang='grc' dir='ltr'><strong>Μὴ</strong></span> <span class='ocrx_word' id='word_1_491' title='bbox 931 4211 1219 4278; x_wconf 76' lang='grc' dir='ltr'>ἐπιδυέτω,</span> <span class='ocrx_word' id='word_1_492' title='bbox 1255 4213 1440 4286; x_wconf 76' lang='grc' dir='ltr'>φησὶν,</span> <span class='ocrx_word' id='word_1_493' title='bbox 1486 4213 1514 4267; x_wconf 86' lang='grc' dir='ltr'><strong>δ</strong></span> <span class='ocrx_word' id='word_1_494' title='bbox 1554 4213 1704 4285; x_wconf 78' lang='grc' dir='ltr'>ἥλιος</span> <span class='ocrx_word' id='word_1_495' title='bbox 1745 4213 1842 4268; x_wconf 71' lang='grc' dir='ltr'>ἐπὶ</span> <span class='ocrx_word' id='word_1_496' title='bbox 1870 4213 1950 4288; x_wconf 84' lang='grc' dir='ltr'>τῷ</span> 
     </span>
    </p>
   </div>
   <div class='ocr_carea' id='block_1_71' title="bbox 365 4304 1950 4381">
    <p class='ocr_par' dir='ltr' id='par_1_71' title="bbox 365 4304 1950 4381">
     <span class='ocr_line' id='line_1_71' title="bbox 365 4304 1950 4381; baseline 0.004 -25"><span class='ocrx_word' id='word_1_497' title='bbox 365 4304 733 4375; x_wconf 80' lang='grc' dir='ltr'>παροργισμῷ</span> <span class='ocrx_word' id='word_1_498' title='bbox 765 4304 942 4373; x_wconf 81' lang='grc' dir='ltr'>ὑμῶν,</span> <span class='ocrx_word' id='word_1_499' title='bbox 967 4304 1053 4359; x_wconf 76' lang='grc' dir='ltr'>ἵνα</span> <span class='ocrx_word' id='word_1_500' title='bbox 1087 4305 1162 4378; x_wconf 79' lang='grc' dir='ltr'>μὴ</span> <span class='ocrx_word' id='word_1_501' title='bbox 1189 4304 1326 4358; x_wconf 81' lang='grc' dir='ltr'>δῶτε</span> <span class='ocrx_word' id='word_1_502' title='bbox 1352 4306 1538 4378; x_wconf 84' lang='grc' dir='ltr'>χώραν</span> <span class='ocrx_word' id='word_1_503' title='bbox 1589 4306 1667 4377; x_wconf 83' lang='grc' dir='ltr'>τῷ</span> <span class='ocrx_word' id='word_1_504' title='bbox 1720 4307 1950 4381; x_wconf 74' lang='grc' dir='ltr'>διαϐόλῳ</span> 
     </span>
    </p>
   </div>
   <div class='ocr_carea' id='block_1_72' title="bbox 364 4396 1944 4471">
    <p class='ocr_par' dir='ltr' id='par_1_72' title="bbox 364 4396 1944 4471">
     <span class='ocr_line' id='line_1_72' title="bbox 364 4396 1944 4471; baseline 0.003 -21"><span class='ocrx_word' id='word_1_505' title='bbox 364 4396 456 4450; x_wconf 81' lang='grc' dir='ltr'><strong>διά</strong></span> <span class='ocrx_word' id='word_1_506' title='bbox 482 4397 590 4449; x_wconf 85' lang='grc' dir='ltr'><strong>τῶν</strong></span> <span class='ocrx_word' id='word_1_507' title='bbox 639 4397 780 4451; x_wconf 82' lang='grc' dir='ltr'>κατὰ</span> <span class='ocrx_word' id='word_1_508' title='bbox 821 4396 919 4467; x_wconf 86' lang='grc' dir='ltr'>τὴν</span> <span class='ocrx_word' id='word_1_509' title='bbox 953 4397 1123 4450; x_wconf 80' lang='grc' dir='ltr'>νύκτα</span> <span class='ocrx_word' id='word_1_510' title='bbox 1171 4397 1447 4467; x_wconf 80' lang='grc' dir='ltr'>λογισμῶν</span> <span class='ocrx_word' id='word_1_511' title='bbox 1481 4439 1496 4463; x_wconf 91' lang='grc'><strong>,</strong></span> <span class='ocrx_word' id='word_1_512' title='bbox 1558 4398 1743 4452; x_wconf 86' lang='grc' dir='ltr'>πλεῖον</span> <span class='ocrx_word' id='word_1_513' title='bbox 1797 4401 1944 4471; x_wconf 76' lang='grc' dir='ltr'>ὑμᾶς</span> 
     </span>
    </p>
   </div>
   <div class='ocr_carea' id='block_1_73' title="bbox 365 4488 1950 4562">
    <p class='ocr_par' dir='ltr' id='par_1_73' title="bbox 365 4488 1950 4562">
     <span class='ocr_line' id='line_1_73' title="bbox 365 4488 1950 4562; baseline 0.005 -22"><span class='ocrx_word' id='word_1_514' title='bbox 365 4489 613 4542; x_wconf 76' lang='grc' dir='ltr'>ἐκκαίειν</span> <span class='ocrx_word' id='word_1_515' title='bbox 636 4489 776 4542; x_wconf 75' lang='grc' dir='ltr'>κατὰ</span> <span class='ocrx_word' id='word_1_516' title='bbox 797 4488 907 4541; x_wconf 85' lang='grc' dir='ltr'><strong>τῶν</strong></span> <span class='ocrx_word' id='word_1_517' title='bbox 935 4488 1200 4559; x_wconf 73' lang='grc' dir='ltr'>ἀδελφῶν.</span> <span class='ocrx_word' id='word_1_518' title='bbox 1252 4509 1271 4543; x_wconf 81' lang='grc' dir='ltr'><strong>ι</strong></span> <span class='ocrx_word' id='word_1_519' title='bbox 1312 4489 1400 4560; x_wconf 84' lang='grc' dir='ltr'><strong>Τῷ</strong></span> <span class='ocrx_word' id='word_1_520' title='bbox 1421 4490 1674 4562; x_wconf 75' lang='grc' dir='ltr'>διαϐόλῳ.</span> <span class='ocrx_word' id='word_1_521' title='bbox 1715 4511 1735 4546; x_wconf 66' lang='grc' dir='ltr'><strong>ι</strong></span> <span class='ocrx_word' id='word_1_522' title='bbox 1771 4491 1869 4556; x_wconf 85' lang='grc' dir='ltr'>Ὣς</span> <span class='ocrx_word' id='word_1_523' title='bbox 1889 4510 1950 4548; x_wconf 81' lang='grc' dir='ltr'><strong>τε</strong></span> 
     </span>
    </p>
   </div>
   <div class='ocr_carea' id='block_1_74' title="bbox 365 4581 1952 4658">
    <p class='ocr_par' dir='ltr' id='par_1_74' title="bbox 365 4581 1952 4658">
     <span class='ocr_line' id='line_1_74' title="bbox 365 4581 1952 4658; baseline 0.004 -24"><span class='ocrx_word' id='word_1_524' title='bbox 365 4583 429 4636; x_wconf 73' lang='grc' dir='ltr'>τὸ</span> <span class='ocrx_word' id='word_1_525' title='bbox 453 4581 706 4652; x_wconf 86' lang='grc' dir='ltr'>ἀλλήλοις</span> <span class='ocrx_word' id='word_1_526' title='bbox 732 4583 1010 4654; x_wconf 84' lang='grc' dir='ltr'>πολεμεῖν,</span> <span class='ocrx_word' id='word_1_527' title='bbox 1043 4584 1212 4637; x_wconf 83' lang='grc' dir='ltr'>τόπον</span> <span class='ocrx_word' id='word_1_528' title='bbox 1237 4585 1354 4638; x_wconf 78' lang='grc' dir='ltr'>ἐστὶ</span> <span class='ocrx_word' id='word_1_529' title='bbox 1384 4584 1583 4638; x_wconf 87' lang='grc' dir='ltr'>διδόναι</span> <span class='ocrx_word' id='word_1_530' title='bbox 1621 4585 1699 4656; x_wconf 85' lang='grc' dir='ltr'>τῷ</span> <span class='ocrx_word' id='word_1_531' title='bbox 1718 4586 1952 4658; x_wconf 75' lang='grc' dir='ltr'>διαϐόλῳ</span> 
     </span>
    </p>
   </div>
   <div class='ocr_carea' id='block_1_75' title="bbox 367 4675 1948 4749">
    <p class='ocr_par' dir='ltr' id='par_1_75' title="bbox 367 4675 1948 4749">
     <span class='ocr_line' id='line_1_75' title="bbox 367 4675 1948 4749; baseline 0.003 -19"><span class='ocrx_word' id='word_1_532' title='bbox 367 4675 493 4730; x_wconf 78' lang='grc' dir='ltr'>καθ’</span> <span class='ocrx_word' id='word_1_533' title='bbox 520 4676 678 4748; x_wconf 85' lang='grc' dir='ltr'>ἡμῶν</span> <span class='ocrx_word' id='word_1_534' title='bbox 699 4677 900 4732; x_wconf 78' lang='grc' dir='ltr'>αὐτῶν.</span> <span class='ocrx_word' id='word_1_535' title='bbox 939 4695 960 4724; x_wconf 81' lang='grc' dir='ltr'><strong>ι</strong></span> <span class='ocrx_word' id='word_1_536' title='bbox 1003 4677 1064 4732; x_wconf 88' lang='grc' dir='ltr'>Ὁ</span> <span class='ocrx_word' id='word_1_537' title='bbox 1086 4678 1333 4733; x_wconf 82' lang='grc' dir='ltr'>κλέπτων</span> <span class='ocrx_word' id='word_1_538' title='bbox 1366 4678 1564 4749; x_wconf 80' lang='grc' dir='ltr'>μηκέτι</span> <span class='ocrx_word' id='word_1_539' title='bbox 1597 4679 1895 4735; x_wconf 84' lang='grc' dir='ltr'>κλεπτέτω.</span> <span class='ocrx_word' id='word_1_540' title='bbox 1927 4698 1948 4734; x_wconf 73' lang='grc' dir='ltr'><strong>ι</strong></span> 
     </span>
    </p>
   </div>
   <div class='ocr_carea' id='block_1_76' title="bbox 381 4770 1958 4842">
    <p class='ocr_par' dir='ltr' id='par_1_76' title="bbox 381 4770 1958 4842">
     <span class='ocr_line' id='line_1_76' title="bbox 381 4770 1958 4842; baseline 0.003 -18"><span class='ocrx_word' id='word_1_541' title='bbox 381 4771 519 4824; x_wconf 70' lang='grc' dir='ltr'>Ἰδοὺ</span> <span class='ocrx_word' id='word_1_542' title='bbox 549 4770 616 4823; x_wconf 73' lang='grc' dir='ltr'>τὰ</span> <span class='ocrx_word' id='word_1_543' title='bbox 642 4770 780 4840; x_wconf 82' lang='grc' dir='ltr'>μέλη</span> <span class='ocrx_word' id='word_1_544' title='bbox 807 4770 902 4824; x_wconf 81' lang='grc' dir='ltr'>τοῦ</span> <span class='ocrx_word' id='word_1_545' title='bbox 930 4770 1162 4825; x_wconf 81' lang='grc' dir='ltr'>παλαιοῦ</span> <span class='ocrx_word' id='word_1_546' title='bbox 1191 4770 1504 4842; x_wconf 87' lang='grc' dir='ltr'>ἀνθρώπου.</span> <span class='ocrx_word' id='word_1_547' title='bbox 1524 4771 1633 4825; x_wconf 76' lang='grc' dir='ltr'><strong>Ποῦ</strong></span> <span class='ocrx_word' id='word_1_548' title='bbox 1655 4773 1711 4827; x_wconf 84' lang='grc' dir='ltr'><strong>δέ</strong></span> <span class='ocrx_word' id='word_1_549' title='bbox 1728 4773 1837 4828; x_wconf 84' lang='grc' dir='ltr'>είσι</span> <span class='ocrx_word' id='word_1_550' title='bbox 1862 4771 1958 4828; x_wconf 78' lang='grc' dir='ltr'>νῦν</span> 
     </span>
    </p>
   </div>
   <div class='ocr_carea' id='block_1_77' title="bbox 368 4862 1959 4934">
    <p class='ocr_par' dir='ltr' id='par_1_77' title="bbox 368 4862 1959 4934">
     <span class='ocr_line' id='line_1_77' title="bbox 368 4862 1959 4934; baseline 0.001 -19"><span class='ocrx_word' id='word_1_551' title='bbox 368 4863 421 4916; x_wconf 88' lang='grc' dir='ltr'><strong>οἱ</strong></span> <span class='ocrx_word' id='word_1_552' title='bbox 455 4862 629 4934; x_wconf 78' lang='grc' dir='ltr'>ῥύπου</span> <span class='ocrx_word' id='word_1_553' title='bbox 661 4863 943 4934; x_wconf 81' lang='grc' dir='ltr'>γέμοντες,</span> <span class='ocrx_word' id='word_1_554' title='bbox 971 4862 1198 4927; x_wconf 73' lang='grc' dir='ltr'>ἑαυτοὺς</span> <span class='ocrx_word' id='word_1_555' title='bbox 1226 4862 1283 4916; x_wconf 81' lang='grc' dir='ltr'>δὲ</span> <span class='ocrx_word' id='word_1_556' title='bbox 1321 4863 1596 4934; x_wconf 82' lang='grc' dir='ltr'>καθαροὺς</span> <span class='ocrx_word' id='word_1_557' title='bbox 1637 4863 1959 4918; x_wconf 78' lang='grc' dir='ltr'>ἐπικαλοῦν-</span> 
     </span>
    </p>
   </div>
   <div class='ocr_carea' id='block_1_78' title="bbox 370 4954 1959 5029">
    <p class='ocr_par' dir='ltr' id='par_1_78' title="bbox 370 4954 1959 5029">
     <span class='ocr_line' id='line_1_78' title="bbox 370 4954 1959 5029; baseline 0.002 -21"><span class='ocrx_word' id='word_1_558' title='bbox 370 4973 490 5022; x_wconf 85' lang='grc' dir='ltr'>τες,</span> <span class='ocrx_word' id='word_1_559' title='bbox 539 4957 587 5008; x_wconf 83' lang='grc' dir='ltr'><strong>οί</strong></span> <span class='ocrx_word' id='word_1_560' title='bbox 638 4957 713 5029; x_wconf 83' lang='grc' dir='ltr'>μὴ</span> <span class='ocrx_word' id='word_1_561' title='bbox 772 4956 1053 5029; x_wconf 84' lang='grc' dir='ltr'>δεχόμενοι</span> <span class='ocrx_word' id='word_1_562' title='bbox 1099 4955 1198 5026; x_wconf 80' lang='grc' dir='ltr'>τὴν</span> <span class='ocrx_word' id='word_1_563' title='bbox 1255 4954 1583 5025; x_wconf 84' lang='grc' dir='ltr'>μετάνοιαν;</span> <span class='ocrx_word' id='word_1_564' title='bbox 1655 4956 1788 5009; x_wconf 79' lang='grc' dir='ltr'>Ἰδοὺ</span> <span class='ocrx_word' id='word_1_565' title='bbox 1849 4955 1959 5028; x_wconf 75' lang='grc' dir='ltr'>γὰρ</span> 
     </span>
    </p>
   </div>
   <div class='ocr_carea' id='block_1_79' title="bbox 373 5047 1958 5120">
    <p class='ocr_par' dir='ltr' id='par_1_79' title="bbox 373 5047 1958 5120">
     <span class='ocr_line' id='line_1_79' title="bbox 373 5047 1958 5120; baseline 0.001 -17"><span class='ocrx_word' id='word_1_566' title='bbox 373 5048 631 5119; x_wconf 76' lang='grc' dir='ltr'>φανερῶς</span> <span class='ocrx_word' id='word_1_567' title='bbox 656 5047 970 5110; x_wconf 85' lang='grc' dir='ltr'>ἀκούουσιν.</span> <span class='ocrx_word' id='word_1_568' title='bbox 1014 5047 1074 5102; x_wconf 84' lang='grc' dir='ltr'>Ὀ</span> <span class='ocrx_word' id='word_1_569' title='bbox 1110 5047 1362 5102; x_wconf 85' lang='grc' dir='ltr'>κλέπτων</span> <span class='ocrx_word' id='word_1_570' title='bbox 1427 5048 1622 5120; x_wconf 79' lang='grc' dir='ltr'>μηκέτι</span> <span class='ocrx_word' id='word_1_571' title='bbox 1656 5048 1958 5104; x_wconf 82' lang='grc' dir='ltr'>κλεπτέτω.</span> 
     </span>
    </p>
   </div>
   <div class='ocr_carea' id='block_1_80' title="bbox 377 5139 1962 5212">
    <p class='ocr_par' dir='ltr' id='par_1_80' title="bbox 377 5139 1962 5212">
     <span class='ocr_line' id='line_1_80' title="bbox 377 5139 1962 5212; baseline 0.001 -20"><span class='ocrx_word' id='word_1_572' title='bbox 377 5159 399 5192; x_wconf 74' lang='grc' dir='ltr'><strong>ι</strong></span> <span class='ocrx_word' id='word_1_573' title='bbox 442 5141 661 5196; x_wconf 81' lang='grc' dir='ltr'>Μᾶλλον</span> <span class='ocrx_word' id='word_1_574' title='bbox 690 5141 746 5195; x_wconf 80' lang='grc' dir='ltr'>δὲ</span> <span class='ocrx_word' id='word_1_575' title='bbox 790 5141 1057 5196; x_wconf 85' lang='grc' dir='ltr'>κοπιάτω.</span> <span class='ocrx_word' id='word_1_576' title='bbox 1089 5159 1110 5194; x_wconf 81' lang='grc'><strong><em>›</em></strong></span> <span class='ocrx_word' id='word_1_577' title='bbox 1147 5140 1220 5193; x_wconf 80' lang='grc' dir='ltr'><strong>Οὐ</strong></span> <span class='ocrx_word' id='word_1_578' title='bbox 1259 5140 1369 5212; x_wconf 83' lang='grc' dir='ltr'>γὰρ</span> <span class='ocrx_word' id='word_1_579' title='bbox 1426 5141 1590 5212; x_wconf 85' lang='grc' dir='ltr'>ἀρκεῖ</span> <span class='ocrx_word' id='word_1_580' title='bbox 1647 5139 1962 5194; x_wconf 87' lang='grc' dir='ltr'>παύσασθαι</span> 
     </span>
    </p>
   </div>
   <div class='ocr_carea' id='block_1_81' title="bbox 374 5231 1963 5307">
    <p class='ocr_par' dir='ltr' id='par_1_81' title="bbox 374 5231 1963 5307">
     <span class='ocr_line' id='line_1_81' title="bbox 374 5231 1963 5307; baseline -0.003 -17"><span class='ocrx_word' id='word_1_581' title='bbox 374 5236 655 5307; x_wconf 81' lang='grc' dir='ltr'>ἁμαρτίας</span> <span class='ocrx_word' id='word_1_582' title='bbox 691 5235 784 5289; x_wconf 79' lang='grc' dir='ltr'><strong>τὸν</strong></span> <span class='ocrx_word' id='word_1_583' title='bbox 813 5232 1203 5306; x_wconf 79' lang='grc' dir='ltr'>μετανοοῦντα,</span> <span class='ocrx_word' id='word_1_584' title='bbox 1241 5231 1378 5286; x_wconf 87' lang='grc' dir='ltr'><strong>ἀλλά</strong></span> <span class='ocrx_word' id='word_1_585' title='bbox 1403 5234 1498 5286; x_wconf 73' lang='grc' dir='ltr'>καὶ</span> <span class='ocrx_word' id='word_1_586' title='bbox 1545 5232 1646 5304; x_wconf 72' lang='grc' dir='ltr'>τὴν</span> <span class='ocrx_word' id='word_1_587' title='bbox 1710 5231 1963 5290; x_wconf 73' lang='grc' dir='ltr'>ἐναντίαν</span> 
     </span>
    </p>
   </div>
   <div class='ocr_carea' id='block_1_82' title="bbox 377 5323 1966 5400">
    <p class='ocr_par' dir='ltr' id='par_1_82' title="bbox 377 5323 1966 5400">
     <span class='ocr_line' id='line_1_82' title="bbox 377 5323 1966 5400; baseline -0.003 -17"><span class='ocrx_word' id='word_1_588' title='bbox 377 5329 522 5400; x_wconf 81' lang='grc' dir='ltr'>αὐτῇ</span> <span class='ocrx_word' id='word_1_589' title='bbox 553 5327 797 5382; x_wconf 85' lang='grc' dir='ltr'>ὁδευτέον</span> <span class='ocrx_word' id='word_1_590' title='bbox 829 5326 999 5398; x_wconf 81' lang='grc' dir='ltr'>αὐτῷ.</span> <span class='ocrx_word' id='word_1_591' title='bbox 1029 5326 1292 5381; x_wconf 84' lang='grc' dir='ltr'>Κοπιάτω</span> <span class='ocrx_word' id='word_1_592' title='bbox 1321 5324 1402 5389; x_wconf 83' lang='grc' dir='ltr'><strong>δὲ,</strong></span> <span class='ocrx_word' id='word_1_593' title='bbox 1429 5323 1624 5388; x_wconf 79' lang='grc' dir='ltr'>εἰπὼν,</span> <span class='ocrx_word' id='word_1_594' title='bbox 1661 5323 1725 5378; x_wconf 84' lang='grc' dir='ltr'><strong>τὸ</strong></span> <span class='ocrx_word' id='word_1_595' title='bbox 1768 5324 1966 5379; x_wconf 79' lang='grc' dir='ltr'>ἐπίπο-</span> 
     </span>
    </p>
   </div>
   <div class='ocr_carea' id='block_1_83' title="bbox 381 5417 1969 5493">
    <p class='ocr_par' dir='ltr' id='par_1_83' title="bbox 381 5417 1969 5493">
     <span class='ocr_line' id='line_1_83' title="bbox 381 5417 1969 5493; baseline -0.003 -19"><span class='ocrx_word' id='word_1_596' title='bbox 381 5437 474 5474; x_wconf 90' lang='grc' dir='ltr'><strong>νον</strong></span> <span class='ocrx_word' id='word_1_597' title='bbox 505 5419 599 5474; x_wconf 83' lang='grc' dir='ltr'>τοῦ</span> <span class='ocrx_word' id='word_1_598' title='bbox 631 5419 797 5493; x_wconf 74' lang='grc' dir='ltr'>ἔργου</span> <span class='ocrx_word' id='word_1_599' title='bbox 822 5419 1085 5492; x_wconf 77' lang='grc' dir='ltr'>ἐδήλωσε.</span> <span class='ocrx_word' id='word_1_600' title='bbox 1114 5420 1189 5473; x_wconf 83' lang='grc' dir='ltr'>Τὸ</span> <span class='ocrx_word' id='word_1_601' title='bbox 1221 5419 1450 5488; x_wconf 83' lang='grc' dir='ltr'>ἀγαθὸν,</span> <span class='ocrx_word' id='word_1_602' title='bbox 1504 5417 1661 5490; x_wconf 78' lang='grc' dir='ltr'>φησί.</span> <span class='ocrx_word' id='word_1_603' title='bbox 1714 5417 1826 5470; x_wconf 72' lang='grc' dir='ltr'><strong>Καὶ</strong></span> <span class='ocrx_word' id='word_1_604' title='bbox 1859 5417 1969 5490; x_wconf 85' lang='grc' dir='ltr'>γὰρ</span> 
     </span>
    </p>
   </div>
   <div class='ocr_carea' id='block_1_84' title="bbox 382 5510 1970 5587">
    <p class='ocr_par' dir='ltr' id='par_1_84' title="bbox 382 5510 1970 5587">
     <span class='ocr_line' id='line_1_84' title="bbox 382 5510 1970 5587; baseline -0.004 -18"><span class='ocrx_word' id='word_1_605' title='bbox 382 5515 482 5569; x_wconf 76' lang='grc' dir='ltr'>καὶ</span> <span class='ocrx_word' id='word_1_606' title='bbox 508 5515 537 5568; x_wconf 87' lang='grc' dir='ltr'><strong>ό</strong></span> <span class='ocrx_word' id='word_1_607' title='bbox 567 5514 818 5569; x_wconf 84' lang='grc' dir='ltr'>κλέπτων</span> <span class='ocrx_word' id='word_1_608' title='bbox 849 5511 1166 5587; x_wconf 71' lang='grc' dir='ltr'>ἐργάζεται.</span> <span class='ocrx_word' id='word_1_609' title='bbox 1193 5513 1331 5567; x_wconf 83' lang='grc' dir='ltr'><strong>ἀλλά</strong></span> <span class='ocrx_word' id='word_1_610' title='bbox 1359 5513 1550 5566; x_wconf 89' lang='grc' dir='ltr'>κακόν.</span> <span class='ocrx_word' id='word_1_611' title='bbox 1585 5529 1604 5562; x_wconf 77' lang='grc' dir='ltr'><strong>ι</strong></span> <span class='ocrx_word' id='word_1_612' title='bbox 1664 5512 1780 5574; x_wconf 79' lang='grc' dir='ltr'><strong>Πᾶς</strong></span> <span class='ocrx_word' id='word_1_613' title='bbox 1813 5510 1970 5582; x_wconf 77' lang='grc' dir='ltr'>λόγος</span> 
     </span>
    </p>
   </div>
   <div class='ocr_carea' id='block_1_85' title="bbox 385 5597 1970 5678">
    <p class='ocr_par' dir='ltr' id='par_1_85' title="bbox 385 5597 1970 5678">
     <span class='ocr_line' id='line_1_85' title="bbox 385 5597 1970 5678; baseline -0.006 -15"><span class='ocrx_word' id='word_1_614' title='bbox 385 5607 620 5678; x_wconf 83' lang='grc' dir='ltr'>σαπρός.</span> <span class='ocrx_word' id='word_1_615' title='bbox 651 5625 669 5658; x_wconf 73' lang='grc' dir='ltr'><strong>ι</strong></span> <span class='ocrx_word' id='word_1_616' title='bbox 702 5607 968 5675; x_wconf 82' lang='grc' dir='ltr'>Σαπρὸν,</span> <span class='ocrx_word' id='word_1_617' title='bbox 1000 5607 1034 5678; x_wconf 78' lang='grc' dir='ltr'><strong>ἢ</strong></span> <span class='ocrx_word' id='word_1_618' title='bbox 1071 5606 1163 5658; x_wconf 80' lang='grc' dir='ltr'>τὸν</span> <span class='ocrx_word' id='word_1_619' title='bbox 1188 5605 1357 5677; x_wconf 83' lang='grc' dir='ltr'>ἀργὸν</span> <span class='ocrx_word' id='word_1_620' title='bbox 1403 5597 1502 5658; x_wconf 67' lang='grc' dir='ltr'>καῖ</span> <span class='ocrx_word' id='word_1_621' title='bbox 1530 5605 1736 5656; x_wconf 86' lang='grc' dir='ltr'>είκαίον</span> <span class='ocrx_word' id='word_1_622' title='bbox 1793 5602 1970 5667; x_wconf 86' lang='grc' dir='ltr'>καλεῖ,</span> 
     </span>
    </p>
   </div>
   <div class='ocr_carea' id='block_1_86' title="bbox 383 5693 1972 5771">
    <p class='ocr_par' dir='ltr' id='par_1_86' title="bbox 383 5693 1972 5771">
     <span class='ocr_line' id='line_1_86' title="bbox 383 5693 1972 5771; baseline -0.007 -15"><span class='ocrx_word' id='word_1_623' title='bbox 383 5702 419 5771; x_wconf 81' lang='grc' dir='ltr'>ἦ</span> <span class='ocrx_word' id='word_1_624' title='bbox 456 5699 548 5754; x_wconf 84' lang='grc' dir='ltr'><strong>τὸν</strong></span> <span class='ocrx_word' id='word_1_625' title='bbox 580 5700 857 5770; x_wconf 82' lang='grc' dir='ltr'>σεσηπότα</span> <span class='ocrx_word' id='word_1_626' title='bbox 877 5700 972 5752; x_wconf 74' lang='grc' dir='ltr'><strong>καὶ</strong></span> <span class='ocrx_word' id='word_1_627' title='bbox 1001 5696 1236 5766; x_wconf 82' lang='grc' dir='ltr'>δυσώδη.</span> <span class='ocrx_word' id='word_1_628' title='bbox 1269 5697 1336 5752; x_wconf 86' lang='grc' dir='ltr'>Τί</span> <span class='ocrx_word' id='word_1_629' title='bbox 1366 5697 1474 5766; x_wconf 86' lang='grc' dir='ltr'><strong>γὰρ</strong></span> <span class='ocrx_word' id='word_1_630' title='bbox 1518 5693 1810 5766; x_wconf 88' lang='grc' dir='ltr'>λοιδορίας,</span> <span class='ocrx_word' id='word_1_631' title='bbox 1868 5711 1972 5747; x_wconf 86' lang='grc' dir='ltr'>κα-</span> 
     </span>
    </p>
   </div>
   <div class='ocr_carea' id='block_1_87' title="bbox 383 5781 1975 5861">
    <p class='ocr_par' dir='ltr' id='par_1_87' title="bbox 383 5781 1975 5861">
     <span class='ocr_line' id='line_1_87' title="bbox 383 5781 1975 5861; baseline -0.005 -15"><span class='ocrx_word' id='word_1_632' title='bbox 383 5791 644 5854; x_wconf 82' lang='grc' dir='ltr'>ταλαλιᾶς</span> <span class='ocrx_word' id='word_1_633' title='bbox 667 5833 682 5859; x_wconf 90' lang='grc'><strong>,</strong></span> <span class='ocrx_word' id='word_1_634' title='bbox 717 5788 1116 5861; x_wconf 75' lang='grc' dir='ltr'>αἰσχρολογίας,</span> <span class='ocrx_word' id='word_1_635' title='bbox 1167 5786 1547 5858; x_wconf 84' lang='grc' dir='ltr'>εὐτραπελίας,</span> <span class='ocrx_word' id='word_1_636' title='bbox 1578 5781 1975 5855; x_wconf 79' lang='grc' dir='ltr'>δυσωδέστερον</span> 
     </span>
    </p>
   </div>
   <div class='ocr_carea' id='block_1_88' title="bbox 387 5876 1977 5956">
    <p class='ocr_par' dir='ltr' id='par_1_88' title="bbox 387 5876 1977 5956">
     <span class='ocr_line' id='line_1_88' title="bbox 387 5876 1977 5956; baseline -0.006 -17"><span class='ocrx_word' id='word_1_637' title='bbox 387 5882 424 5956; x_wconf 73' lang='grc' dir='ltr'>ᾖ</span> <span class='ocrx_word' id='word_1_638' title='bbox 462 5881 626 5938; x_wconf 85' lang='grc' dir='ltr'>πλέον</span> <span class='ocrx_word' id='word_1_639' title='bbox 684 5881 974 5952; x_wconf 82' lang='grc' dir='ltr'>σεσηπός;</span> <span class='ocrx_word' id='word_1_640' title='bbox 1032 5900 1050 5933; x_wconf 83' lang='grc' dir='ltr'><strong>ι</strong></span> <span class='ocrx_word' id='word_1_641' title='bbox 1088 5878 1233 5951; x_wconf 73' lang='grc' dir='ltr'>Πρὸς</span> <span class='ocrx_word' id='word_1_642' title='bbox 1277 5877 1568 5948; x_wconf 79' lang='grc' dir='ltr'>οίκοδομὴν</span> <span class='ocrx_word' id='word_1_643' title='bbox 1629 5876 1728 5949; x_wconf 84' lang='grc' dir='ltr'>τῆς</span> <span class='ocrx_word' id='word_1_644' title='bbox 1786 5877 1977 5948; x_wconf 81' lang='grc' dir='ltr'>χρείας</span> 
     </span>
    </p>
   </div>
   <div class='ocr_carea' id='block_1_89' title="bbox 2047 3383 3634 3458">
    <p class='ocr_par' dir='ltr' id='par_1_89' title="bbox 2047 3383 3634 3458">
     <span class='ocr_line' id='line_1_89' title="bbox 2047 3383 3634 3458; baseline -0.003 -16"><span class='ocrx_word' id='word_1_645' title='bbox 2047 3401 2227 3458; x_wconf 89' lang='lat' dir='ltr'><strong>neque</strong></span> <span class='ocrx_word' id='word_1_646' title='bbox 2261 3385 2471 3440; x_wconf 83' lang='lat' dir='ltr'><strong>diutius</strong></span> <span class='ocrx_word' id='word_1_647' title='bbox 2530 3392 2853 3457; x_wconf 83' lang='lat' dir='ltr'><strong>permaneat</strong></span> <span class='ocrx_word' id='word_1_648' title='bbox 2901 3385 3045 3456; x_wconf 89' lang='lat' dir='ltr'><strong>apud</strong></span> <span class='ocrx_word' id='word_1_649' title='bbox 3106 3399 3204 3440; x_wconf 89' lang='lat' dir='ltr'><strong>vos</strong></span> <span class='ocrx_word' id='word_1_650' title='bbox 3253 3384 3347 3438; x_wconf 76' lang='lat' dir='ltr'><strong>ira:</strong></span> <span class='ocrx_word' id='word_1_651' title='bbox 3376 3383 3634 3443; x_wconf 81' lang='lat' dir='ltr'><strong>affectus.</strong></span> 
     </span>
    </p>
   </div>
   <div class='ocr_carea' id='block_1_90' title="bbox 2045 3475 3637 3549">
    <p class='ocr_par' dir='ltr' id='par_1_90' title="bbox 2045 3475 3637 3549">
     <span class='ocr_line' id='line_1_90' title="bbox 2045 3475 3637 3549; baseline -0.002 -17"><span class='ocrx_word' id='word_1_652' title='bbox 2045 3477 2331 3549; x_wconf 79' lang='lat' dir='ltr'><strong>Contingit</strong></span> <span class='ocrx_word' id='word_1_653' title='bbox 2363 3478 2611 3542; x_wconf 89' lang='lat' dir='ltr'><strong>enim,ut</strong></span> <span class='ocrx_word' id='word_1_654' title='bbox 2641 3477 2776 3532; x_wconf 78' lang='lat' dir='ltr'><strong>dicit</strong></span> <span class='ocrx_word' id='word_1_655' title='bbox 2803 3477 3102 3548; x_wconf 89' lang='lat' dir='ltr'><strong>quispiam,</strong></span> <span class='ocrx_word' id='word_1_656' title='bbox 3127 3475 3277 3547; x_wconf 88' lang='lat' dir='ltr'><strong>justa</strong></span> <span class='ocrx_word' id='word_1_657' title='bbox 3311 3475 3391 3532; x_wconf 88' lang='lat' dir='ltr'><strong>ira</strong></span> <span class='ocrx_word' id='word_1_658' title='bbox 3431 3475 3497 3530; x_wconf 91' lang='lat' dir='ltr'><strong>ad</strong></span> <span class='ocrx_word' id='word_1_659' title='bbox 3533 3475 3637 3529; x_wconf 82' lang='lat' dir='ltr'><strong>bo-</strong></span> 
     </span>
    </p>
   </div>
   <div class='ocr_carea' id='block_1_91' title="bbox 2049 3569 3635 3641">
    <p class='ocr_par' dir='ltr' id='par_1_91' title="bbox 2049 3569 3635 3641">
     <span class='ocr_line' id='line_1_91' title="bbox 2049 3569 3635 3641; baseline -0.003 -15"><span class='ocrx_word' id='word_1_660' title='bbox 2049 3587 2164 3626; x_wconf 91' lang='lat' dir='ltr'><strong>ram</strong></span> <span class='ocrx_word' id='word_1_661' title='bbox 2199 3571 2418 3641; x_wconf 88' lang='lat' dir='ltr'><strong>impleri</strong></span> <span class='ocrx_word' id='word_1_662' title='bbox 2455 3571 2642 3628; x_wconf 89' lang='lat' dir='ltr'><strong>:solve</strong></span> <span class='ocrx_word' id='word_1_663' title='bbox 2670 3579 2854 3627; x_wconf 90' lang='lat' dir='ltr'><strong>autem</strong></span> <span class='ocrx_word' id='word_1_664' title='bbox 2887 3570 3062 3640; x_wconf 89' lang='lat' dir='ltr'><strong>ipsam</strong></span> <span class='ocrx_word' id='word_1_665' title='bbox 3095 3579 3227 3625; x_wconf 87' lang='lat' dir='ltr'><strong>ante</strong></span> <span class='ocrx_word' id='word_1_666' title='bbox 3275 3569 3412 3625; x_wconf 88' lang='lat' dir='ltr'><strong>solis</strong></span> <span class='ocrx_word' id='word_1_667' title='bbox 3466 3583 3635 3625; x_wconf 78' lang='lat' dir='ltr'><strong>occa-</strong></span> 
     </span>
    </p>
   </div>
   <div class='ocr_carea' id='block_1_92' title="bbox 2050 3662 3633 3736">
    <p class='ocr_par' dir='ltr' id='par_1_92' title="bbox 2050 3662 3633 3736">
     <span class='ocr_line' id='line_1_92' title="bbox 2050 3662 3633 3736; baseline -0.003 -14"><span class='ocrx_word' id='word_1_668' title='bbox 2050 3681 2197 3730; x_wconf 89' lang='lat' dir='ltr'><strong>sum,</strong></span> <span class='ocrx_word' id='word_1_669' title='bbox 2233 3673 2287 3721; x_wconf 87' lang='lat' dir='ltr'><strong>ct</strong></span> <span class='ocrx_word' id='word_1_670' title='bbox 2312 3681 2382 3720; x_wconf 89' lang='lat' dir='ltr'><strong>ne</strong></span> <span class='ocrx_word' id='word_1_671' title='bbox 2413 3666 2494 3721; x_wconf 91' lang='lat' dir='ltr'><strong>sol</strong></span> <span class='ocrx_word' id='word_1_672' title='bbox 2526 3681 2694 3736; x_wconf 88' lang='lat' dir='ltr'><strong>super</strong></span> <span class='ocrx_word' id='word_1_673' title='bbox 2724 3664 2981 3734; x_wconf 80' lang='lat' dir='ltr'><strong>indignos</strong></span> <span class='ocrx_word' id='word_1_674' title='bbox 3006 3671 3164 3718; x_wconf 88' lang='lat' dir='ltr'><strong>ortus</strong></span> <span class='ocrx_word' id='word_1_675' title='bbox 3189 3662 3360 3720; x_wconf 88' lang='lat' dir='ltr'><strong>fuisse</strong></span> <span class='ocrx_word' id='word_1_676' title='bbox 3391 3665 3633 3730; x_wconf 78' lang='lat' dir='ltr'><strong>dicatur,</strong></span> 
     </span>
    </p>
   </div>
   <div class='ocr_carea' id='block_1_93' title="bbox 2051 3735 3634 3827">
    <p class='ocr_par' dir='ltr' id='par_1_93' title="bbox 2051 3735 3634 3827">
     <span class='ocr_line' id='line_1_93' title="bbox 2051 3735 3634 3827; baseline -0.005 -12"><span class='ocrx_word' id='word_1_677' title='bbox 2051 3769 2105 3815; x_wconf 84' lang='lat' dir='ltr'><strong>et</strong></span> <span class='ocrx_word' id='word_1_678' title='bbox 2135 3773 2204 3814; x_wconf 88' lang='lat' dir='ltr'><strong>ne</strong></span> <span class='ocrx_word' id='word_1_679' title='bbox 2234 3771 2339 3811; x_wconf 81' lang='lat' dir='ltr'><strong>nox</strong></span> <span class='ocrx_word' id='word_1_680' title='bbox 2375 3735 2811 3827; x_wconf 82' lang='lat' dir='ltr'><strong>cogitationibus</strong></span> <span class='ocrx_word' id='word_1_681' title='bbox 2841 3753 3207 3809; x_wconf 84' lang='lat' dir='ltr'><strong>inleliciorem</strong></span> <span class='ocrx_word' id='word_1_682' title='bbox 3241 3753 3440 3810; x_wconf 77' lang='lat' dir='ltr'><strong>efficiat</strong></span> <span class='ocrx_word' id='word_1_683' title='bbox 3479 3735 3634 3810; x_wconf 49' lang='lat' dir='ltr'><strong>llam?-</strong></span> 
     </span>
    </p>
   </div>
   <div class='ocr_carea' id='block_1_94' title="bbox 2053 3866 2222 3904">
    <p class='ocr_par' dir='ltr' id='par_1_94' title="bbox 2053 3866 2222 3904">
     <span class='ocr_line' id='line_1_94' title="bbox 2053 3866 2222 3904; baseline 0 0"><span class='ocrx_word' id='word_1_684' title='bbox 2053 3866 2222 3904; x_wconf 88' lang='lat' dir='ltr'><strong>mam.</strong></span> 
     </span>
    </p>
   </div>
   <div class='ocr_carea' id='block_1_95' title="bbox 2105 3937 3640 4008">
    <p class='ocr_par' dir='ltr' id='par_1_95' title="bbox 2105 3937 3640 4008">
     <span class='ocr_line' id='line_1_95' title="bbox 2105 3937 3640 4008; baseline 0 -14"><span class='ocrx_word' id='word_1_685' title='bbox 2105 3939 2382 4008; x_wconf 83' lang='lat' dir='ltr'><strong>Quosdam</strong></span> <span class='ocrx_word' id='word_1_686' title='bbox 2404 3941 2474 3992; x_wconf 87' lang='lat' dir='ltr'><strong>ita</strong></span> <span class='ocrx_word' id='word_1_687' title='bbox 2497 3937 3126 4008; x_wconf 86' lang='lat' dir='ltr'><strong>audiviinterpretantes</strong></span> <span class='ocrx_word' id='word_1_688' title='bbox 3155 3957 3168 3992; x_wconf 92' lang='lat'>:</span> <span class='ocrx_word' id='word_1_689' title='bbox 3200 3937 3323 3994; x_wconf 88' lang='lat' dir='ltr'><strong>Una</strong></span> <span class='ocrx_word' id='word_1_690' title='bbox 3339 3937 3434 4003; x_wconf 89' lang='lat' dir='ltr'><strong>ait,</strong></span> <span class='ocrx_word' id='word_1_691' title='bbox 3459 3937 3640 3994; x_wconf 84' lang='lat' dir='ltr'><strong>incul-</strong></span> 
     </span>
    </p>
   </div>
   <div class='ocr_carea' id='block_1_96' title="bbox 2054 4030 3640 4105">
    <p class='ocr_par' dir='ltr' id='par_1_96' title="bbox 2054 4030 3640 4105">
     <span class='ocr_line' id='line_1_96' title="bbox 2054 4030 3640 4105; baseline 0.001 -19"><span class='ocrx_word' id='word_1_692' title='bbox 2054 4040 2178 4105; x_wconf 88' lang='lat' dir='ltr'><strong>pata</strong></span> <span class='ocrx_word' id='word_1_693' title='bbox 2211 4033 2292 4085; x_wconf 91' lang='lat' dir='ltr'><strong>ira</strong></span> <span class='ocrx_word' id='word_1_694' title='bbox 2326 4038 2433 4095; x_wconf 89' lang='lat' dir='ltr'><strong>est,</strong></span> <span class='ocrx_word' id='word_1_695' title='bbox 2475 4045 2671 4100; x_wconf 90' lang='lat' dir='ltr'><strong>nempe</strong></span> <span class='ocrx_word' id='word_1_696' title='bbox 2695 4045 2818 4101; x_wconf 81' lang='lat' dir='ltr'><strong>quae</strong></span> <span class='ocrx_word' id='word_1_697' title='bbox 2841 4045 2970 4102; x_wconf 79' lang='lat' dir='ltr'><strong>erga</strong></span> <span class='ocrx_word' id='word_1_698' title='bbox 3001 4030 3279 4086; x_wconf 71' lang='lat' dir='ltr'><strong>dtemones</strong></span> <span class='ocrx_word' id='word_1_699' title='bbox 3306 4040 3362 4086; x_wconf 91' lang='lat' dir='ltr'><strong>et</strong></span> <span class='ocrx_word' id='word_1_700' title='bbox 3412 4030 3640 4087; x_wconf 73' lang='lat' dir='ltr'><strong>allectus</strong></span> 
     </span>
    </p>
   </div>
   <div class='ocr_carea' id='block_1_97' title="bbox 2055 4119 3642 4193">
    <p class='ocr_par' dir='ltr' id='par_1_97' title="bbox 2055 4119 3642 4193">
     <span class='ocr_line' id='line_1_97' title="bbox 2055 4119 3642 4193; baseline -0.001 -14"><span class='ocrx_word' id='word_1_701' title='bbox 2055 4123 2394 4180; x_wconf 90' lang='lat' dir='ltr'><strong>concitatur.</strong></span> <span class='ocrx_word' id='word_1_702' title='bbox 2424 4139 2443 4174; x_wconf 77' lang='grc' dir='ltr'><strong>ι</strong></span> <span class='ocrx_word' id='word_1_703' title='bbox 2477 4119 2554 4177; x_wconf 81' lang='lat' dir='ltr'><strong>Ne</strong></span> <span class='ocrx_word' id='word_1_704' title='bbox 2583 4121 2722 4176; x_wconf 90' lang='lat' dir='ltr'><strong>detis</strong></span> <span class='ocrx_word' id='word_1_705' title='bbox 2758 4122 2964 4176; x_wconf 91' lang='lat' dir='ltr'><strong>locum.</strong></span> <span class='ocrx_word' id='word_1_706' title='bbox 3015 4139 3034 4173; x_wconf 76' lang='grc' dir='ltr'><strong>ι</strong></span> <span class='ocrx_word' id='word_1_707' title='bbox 3069 4123 3179 4176; x_wconf 85' lang='lat' dir='ltr'><strong>Aut</strong></span> <span class='ocrx_word' id='word_1_708' title='bbox 3202 4135 3326 4176; x_wconf 91' lang='lat' dir='ltr'><strong>cum</strong></span> <span class='ocrx_word' id='word_1_709' title='bbox 3352 4122 3642 4193; x_wconf 88' lang='lat' dir='ltr'><strong>superiore</strong></span> 
     </span>
    </p>
   </div>
   <div class='ocr_carea' id='block_1_98' title="bbox 2055 4211 3643 4286">
    <p class='ocr_par' dir='ltr' id='par_1_98' title="bbox 2055 4211 3643 4286">
     <span class='ocr_line' id='line_1_98' title="bbox 2055 4211 3643 4286; baseline -0.003 -13"><span class='ocrx_word' id='word_1_710' title='bbox 2055 4215 2413 4286; x_wconf 82' lang='lat' dir='ltr'><strong>conjungitur</strong></span> <span class='ocrx_word' id='word_1_711' title='bbox 2433 4213 2705 4270; x_wconf 87' lang='lat' dir='ltr'><strong>sententia</strong></span> <span class='ocrx_word' id='word_1_712' title='bbox 2728 4231 2740 4268; x_wconf 96' lang='lat'>:</span> <span class='ocrx_word' id='word_1_713' title='bbox 2762 4211 2839 4269; x_wconf 88' lang='lat' dir='ltr'><strong>Ne</strong></span> <span class='ocrx_word' id='word_1_714' title='bbox 2873 4212 3107 4279; x_wconf 88' lang='lat' dir='ltr'><strong>occidat,</strong></span> <span class='ocrx_word' id='word_1_715' title='bbox 3138 4213 3342 4284; x_wconf 91' lang='lat' dir='ltr'><strong>inquit,</strong></span> <span class='ocrx_word' id='word_1_716' title='bbox 3367 4214 3450 4270; x_wconf 89' lang='lat' dir='ltr'><strong>sol</strong></span> <span class='ocrx_word' id='word_1_717' title='bbox 3475 4229 3643 4284; x_wconf 85' lang='lat' dir='ltr'><strong>super</strong></span> 
     </span>
    </p>
   </div>
   <div class='ocr_carea' id='block_1_99' title="bbox 2055 4306 3642 4378">
    <p class='ocr_par' dir='ltr' id='par_1_99' title="bbox 2055 4306 3642 4378">
     <span class='ocr_line' id='line_1_99' title="bbox 2055 4306 3642 4378; baseline -0.003 -12"><span class='ocrx_word' id='word_1_718' title='bbox 2055 4311 2192 4366; x_wconf 87' lang='lat' dir='ltr'><strong>iram</strong></span> <span class='ocrx_word' id='word_1_719' title='bbox 2224 4318 2484 4374; x_wconf 77' lang='lat' dir='ltr'><strong>vestram,</strong></span> <span class='ocrx_word' id='word_1_720' title='bbox 2515 4315 2576 4362; x_wconf 88' lang='lat' dir='ltr'><strong>ut</strong></span> <span class='ocrx_word' id='word_1_721' title='bbox 2604 4322 2714 4362; x_wconf 92' lang='lat' dir='ltr'><strong>non</strong></span> <span class='ocrx_word' id='word_1_722' title='bbox 2749 4306 2889 4362; x_wconf 86' lang='lat' dir='ltr'><strong>dctis</strong></span> <span class='ocrx_word' id='word_1_723' title='bbox 2917 4306 3096 4362; x_wconf 87' lang='lat' dir='ltr'><strong>locum</strong></span> <span class='ocrx_word' id='word_1_724' title='bbox 3126 4307 3344 4362; x_wconf 90' lang='lat' dir='ltr'><strong>diabolo</strong></span> <span class='ocrx_word' id='word_1_725' title='bbox 3368 4323 3466 4378; x_wconf 89' lang='lat' dir='ltr'><strong>per</strong></span> <span class='ocrx_word' id='word_1_726' title='bbox 3487 4308 3642 4378; x_wconf 67' lang='lat' dir='ltr'><strong>cogi~</strong></span> 
     </span>
    </p>
   </div>
   <div class='ocr_carea' id='block_1_100' title="bbox 2057 4398 3642 4469">
    <p class='ocr_par' dir='ltr' id='par_1_100' title="bbox 2057 4398 3642 4469">
     <span class='ocr_line' id='line_1_100' title="bbox 2057 4398 3642 4469; baseline -0.004 -11"><span class='ocrx_word' id='word_1_727' title='bbox 2057 4401 2292 4458; x_wconf 83' lang='lat' dir='ltr'><strong>taliones</strong></span> <span class='ocrx_word' id='word_1_728' title='bbox 2322 4407 2627 4455; x_wconf 89' lang='lat' dir='ltr'><strong>nocturnas</strong></span> <span class='ocrx_word' id='word_1_729' title='bbox 2654 4398 2893 4469; x_wconf 86' lang='lat' dir='ltr'><strong>amplius</strong></span> <span class='ocrx_word' id='word_1_730' title='bbox 2924 4414 3020 4455; x_wconf 91' lang='lat' dir='ltr'><strong>vos</strong></span> <span class='ocrx_word' id='word_1_731' title='bbox 3045 4399 3419 4454; x_wconf 83' lang='lat' dir='ltr'><strong>inflammandi</strong></span> <span class='ocrx_word' id='word_1_732' title='bbox 3442 4399 3642 4454; x_wconf 68' lang='lat' dir='ltr'><strong>adven</strong></span> 
     </span>
    </p>
   </div>
   <div class='ocr_carea' id='block_1_101' title="bbox 2057 4487 3644 4563">
    <p class='ocr_par' dir='ltr' id='par_1_101' title="bbox 2057 4487 3644 4563">
     <span class='ocr_line' id='line_1_101' title="bbox 2057 4487 3644 4563; baseline -0.001 -13"><span class='ocrx_word' id='word_1_733' title='bbox 2057 4509 2153 4550; x_wconf 83' lang='lat' dir='ltr'><strong>sus</strong></span> <span class='ocrx_word' id='word_1_734' title='bbox 2183 4493 2402 4548; x_wconf 78' lang='lat' dir='ltr'><strong>fratres.</strong></span> <span class='ocrx_word' id='word_1_735' title='bbox 2438 4510 2457 4543; x_wconf 82' lang='grc' dir='ltr'><strong>ι</strong></span> <span class='ocrx_word' id='word_1_736' title='bbox 2491 4490 2736 4547; x_wconf 88' lang='lat' dir='ltr'><strong>Diabolo.</strong></span> <span class='ocrx_word' id='word_1_737' title='bbox 2779 4508 2800 4542; x_wconf 67' lang='grc' dir='ltr'><strong>ι</strong></span> <span class='ocrx_word' id='word_1_738' title='bbox 2835 4487 3072 4545; x_wconf 77' lang='lat' dir='ltr'><strong>invicem</strong></span> <span class='ocrx_word' id='word_1_739' title='bbox 3103 4506 3232 4561; x_wconf 76' lang='lat' dir='ltr'><strong>ergo</strong></span> <span class='ocrx_word' id='word_1_740' title='bbox 3267 4505 3514 4563; x_wconf 75' lang='lat' dir='ltr'><strong>pugnare</strong></span> <span class='ocrx_word' id='word_1_741' title='bbox 3558 4498 3644 4548; x_wconf 84' lang='lat' dir='ltr'><strong>est</strong></span> 
     </span>
    </p>
   </div>
   <div class='ocr_carea' id='block_1_102' title="bbox 1990 4574 3645 4655">
    <p class='ocr_par' dir='ltr' id='par_1_102' title="bbox 1990 4574 3645 4655">
     <span class='ocr_line' id='line_1_102' title="bbox 1990 4574 3645 4655; baseline -0.002 -13"><span class='ocrx_word' id='word_1_742' title='bbox 1990 4574 2029 4626; x_wconf 74' lang='grc' dir='ltr'>ί)</span> <span class='ocrx_word' id='word_1_743' title='bbox 2059 4586 2192 4642; x_wconf 89' lang='lat' dir='ltr'><strong>dare</strong></span> <span class='ocrx_word' id='word_1_744' title='bbox 2211 4587 2392 4642; x_wconf 88' lang='lat' dir='ltr'><strong>locum</strong></span> <span class='ocrx_word' id='word_1_745' title='bbox 2427 4585 2645 4641; x_wconf 88' lang='lat' dir='ltr'><strong>diabolo</strong></span> <span class='ocrx_word' id='word_1_746' title='bbox 2667 4585 2937 4640; x_wconf 87' lang='lat' dir='ltr'><strong>adversus</strong></span> <span class='ocrx_word' id='word_1_747' title='bbox 2967 4600 3066 4640; x_wconf 91' lang='lat' dir='ltr'><strong>nos</strong></span> <span class='ocrx_word' id='word_1_748' title='bbox 3120 4585 3294 4655; x_wconf 90' lang='lat' dir='ltr'><strong>ipsos.</strong></span> <span class='ocrx_word' id='word_1_749' title='bbox 3352 4603 3371 4635; x_wconf 77' lang='grc' dir='ltr'><strong>ι</strong></span> <span class='ocrx_word' id='word_1_750' title='bbox 3417 4583 3521 4651; x_wconf 90' lang='lat' dir='ltr'><strong>Qui</strong></span> <span class='ocrx_word' id='word_1_751' title='bbox 3557 4584 3645 4638; x_wconf 86' lang='lat' dir='ltr'><strong>fu-</strong></span> 
     </span>
    </p>
   </div>
   <div class='ocr_carea' id='block_1_103' title="bbox 2062 4666 3751 4748">
    <p class='ocr_par' dir='ltr' id='par_1_103' title="bbox 2062 4666 3751 4748">
     <span class='ocr_line' id='line_1_103' title="bbox 2062 4666 3751 4748; baseline -0.001 -16"><span class='ocrx_word' id='word_1_752' title='bbox 2062 4680 2310 4744; x_wconf 85' lang='lat' dir='ltr'><strong>rabatur,</strong></span> <span class='ocrx_word' id='word_1_753' title='bbox 2383 4692 2495 4732; x_wconf 90' lang='lat' dir='ltr'><strong>non</strong></span> <span class='ocrx_word' id='word_1_754' title='bbox 2551 4677 2788 4748; x_wconf 88' lang='lat' dir='ltr'><strong>amplius</strong></span> <span class='ocrx_word' id='word_1_755' title='bbox 2854 4675 3087 4732; x_wconf 89' lang='lat' dir='ltr'><strong>furetur.</strong></span> <span class='ocrx_word' id='word_1_756' title='bbox 3132 4695 3152 4729; x_wconf 75' lang='grc' dir='ltr'><strong>ι</strong></span> <span class='ocrx_word' id='word_1_757' title='bbox 3216 4676 3358 4733; x_wconf 79' lang='lat' dir='ltr'><strong>Ecce</strong></span> <span class='ocrx_word' id='word_1_758' title='bbox 3399 4678 3645 4732; x_wconf 83' lang='lat' dir='ltr'><strong>membra</strong></span> <span class='ocrx_word' id='word_1_759' title='bbox 3747 4666 3751 4671; x_wconf 69' lang='grc'><em>’</em></span> 
     </span>
    </p>
   </div>
   <div class='ocr_carea' id='block_1_104' title="bbox 2060 4768 3643 4842">
    <p class='ocr_par' dir='ltr' id='par_1_104' title="bbox 2060 4768 3643 4842">
     <span class='ocr_line' id='line_1_104' title="bbox 2060 4768 3643 4842; baseline -0.001 -16"><span class='ocrx_word' id='word_1_760' title='bbox 2060 4772 2262 4828; x_wconf 84' lang='lat' dir='ltr'><strong>veteris</strong></span> <span class='ocrx_word' id='word_1_761' title='bbox 2321 4769 2584 4825; x_wconf 84' lang='lat' dir='ltr'><strong>hominis.</strong></span> <span class='ocrx_word' id='word_1_762' title='bbox 2638 4768 2740 4824; x_wconf 91' lang='lat' dir='ltr'><strong>Ubi</strong></span> <span class='ocrx_word' id='word_1_763' title='bbox 2772 4780 2955 4825; x_wconf 89' lang='lat' dir='ltr'><strong>autem</strong></span> <span class='ocrx_word' id='word_1_764' title='bbox 3002 4785 3148 4826; x_wconf 91' lang='lat' dir='ltr'><strong>nunc</strong></span> <span class='ocrx_word' id='word_1_765' title='bbox 3180 4782 3310 4826; x_wconf 91' lang='lat' dir='ltr'><strong>sunt</strong></span> <span class='ocrx_word' id='word_1_766' title='bbox 3339 4772 3430 4842; x_wconf 90' lang='lat' dir='ltr'><strong>qui</strong></span> <span class='ocrx_word' id='word_1_767' title='bbox 3455 4771 3643 4828; x_wconf 85' lang='lat' dir='ltr'><strong>sordi-</strong></span> 
     </span>
    </p>
   </div>
   <div class='ocr_carea' id='block_1_105' title="bbox 2062 4862 3644 4934">
    <p class='ocr_par' dir='ltr' id='par_1_105' title="bbox 2062 4862 3644 4934">
     <span class='ocr_line' id='line_1_105' title="bbox 2062 4862 3644 4934; baseline -0.003 -13"><span class='ocrx_word' id='word_1_768' title='bbox 2062 4866 2164 4921; x_wconf 92' lang='lat' dir='ltr'><strong>bus</strong></span> <span class='ocrx_word' id='word_1_769' title='bbox 2189 4863 2418 4934; x_wconf 86' lang='lat' dir='ltr'><strong>oppleti,</strong></span> <span class='ocrx_word' id='word_1_770' title='bbox 2449 4863 2665 4931; x_wconf 85' lang='lat' dir='ltr'><strong>seipsos</strong></span> <span class='ocrx_word' id='word_1_771' title='bbox 2695 4872 2877 4916; x_wconf 88' lang='lat' dir='ltr'><strong>tamen</strong></span> <span class='ocrx_word' id='word_1_772' title='bbox 2922 4877 3088 4932; x_wconf 89' lang='lat' dir='ltr'><strong>puros</strong></span> <span class='ocrx_word' id='word_1_773' title='bbox 3121 4862 3336 4927; x_wconf 90' lang='lat' dir='ltr'><strong>dicunt,</strong></span> <span class='ocrx_word' id='word_1_774' title='bbox 3365 4879 3477 4918; x_wconf 93' lang='lat' dir='ltr'><strong>non</strong></span> <span class='ocrx_word' id='word_1_775' title='bbox 3512 4878 3644 4918; x_wconf 86' lang='lat' dir='ltr'><strong>sus-</strong></span> 
     </span>
    </p>
   </div>
   <div class='ocr_carea' id='block_1_106' title="bbox 2063 4953 3647 5028">
    <p class='ocr_par' dir='ltr' id='par_1_106' title="bbox 2063 4953 3647 5028">
     <span class='ocr_line' id='line_1_106' title="bbox 2063 4953 3647 5028; baseline -0.002 -15"><span class='ocrx_word' id='word_1_776' title='bbox 2063 4958 2330 5028; x_wconf 81' lang='lat' dir='ltr'><strong>cipientes</strong></span> <span class='ocrx_word' id='word_1_777' title='bbox 2381 4954 2800 5025; x_wconf 62' lang='lat' dir='ltr'><strong>paenitentiam?</strong></span> <span class='ocrx_word' id='word_1_778' title='bbox 2837 4953 2982 5010; x_wconf 87' lang='lat' dir='ltr'><strong>Ecce</strong></span> <span class='ocrx_word' id='word_1_779' title='bbox 3038 4956 3186 5012; x_wconf 90' lang='lat' dir='ltr'><strong>enim</strong></span> <span class='ocrx_word' id='word_1_780' title='bbox 3223 4955 3517 5012; x_wconf 85' lang='lat' dir='ltr'><strong>manifeste</strong></span> <span class='ocrx_word' id='word_1_781' title='bbox 3548 4973 3647 5010; x_wconf 67' lang='lat' dir='ltr'><strong>au-</strong></span> 
     </span>
    </p>
   </div>
   <div class='ocr_carea' id='block_1_107' title="bbox 2063 5029 3646 5118">
    <p class='ocr_par' dir='ltr' id='par_1_107' title="bbox 2063 5029 3646 5118">
     <span class='ocr_line' id='line_1_107' title="bbox 2063 5029 3646 5118; baseline -0.002 -13"><span class='ocrx_word' id='word_1_782' title='bbox 2063 5049 2223 5105; x_wconf 89' lang='lat' dir='ltr'><strong>diunt</strong></span> <span class='ocrx_word' id='word_1_783' title='bbox 2259 5066 2274 5102; x_wconf 91' lang='lat'><strong>:</strong></span> <span class='ocrx_word' id='word_1_784' title='bbox 2307 5046 2408 5114; x_wconf 84' lang='lat' dir='ltr'><strong>Qui</strong></span> <span class='ocrx_word' id='word_1_785' title='bbox 2431 5047 2723 5102; x_wconf 89' lang='lat' dir='ltr'><strong>furabatur</strong></span> <span class='ocrx_word' id='word_1_786' title='bbox 2759 5061 2868 5100; x_wconf 91' lang='lat' dir='ltr'><strong>non</strong></span> <span class='ocrx_word' id='word_1_787' title='bbox 2895 5046 3129 5116; x_wconf 88' lang='lat' dir='ltr'><strong>amplius</strong></span> <span class='ocrx_word' id='word_1_788' title='bbox 3165 5047 3396 5102; x_wconf 83' lang='lat' dir='ltr'><strong>furatur.</strong></span> <span class='ocrx_word' id='word_1_789' title='bbox 3435 5029 3646 5118; x_wconf 71' lang='lat' dir='ltr'><strong>«Magis</strong></span> 
     </span>
    </p>
   </div>
   <div class='ocr_carea' id='block_1_108' title="bbox 2065 5135 3647 5210">
    <p class='ocr_par' dir='ltr' id='par_1_108' title="bbox 2065 5135 3647 5210">
     <span class='ocr_line' id='line_1_108' title="bbox 2065 5135 3647 5210; baseline 0 -14"><span class='ocrx_word' id='word_1_790' title='bbox 2065 5150 2246 5196; x_wconf 89' lang='lat' dir='ltr'><strong>autem</strong></span> <span class='ocrx_word' id='word_1_791' title='bbox 2279 5138 2512 5196; x_wconf 87' lang='lat' dir='ltr'><strong>laboret.</strong></span> <span class='ocrx_word' id='word_1_792' title='bbox 2549 5157 2568 5192; x_wconf 71' lang='grc' dir='ltr'><strong>ι</strong></span> <span class='ocrx_word' id='word_1_793' title='bbox 2602 5135 2792 5208; x_wconf 86' lang='lat' dir='ltr'><strong>Neque</strong></span> <span class='ocrx_word' id='word_1_794' title='bbox 2821 5136 2967 5192; x_wconf 90' lang='lat' dir='ltr'><strong>enim</strong></span> <span class='ocrx_word' id='word_1_795' title='bbox 2993 5139 3128 5195; x_wconf 90' lang='lat' dir='ltr'><strong>satis</strong></span> <span class='ocrx_word' id='word_1_796' title='bbox 3174 5148 3259 5196; x_wconf 80' lang='lat' dir='ltr'><strong>est</strong></span> <span class='ocrx_word' id='word_1_797' title='bbox 3311 5157 3342 5194; x_wconf 90' lang='lat' dir='ltr'><strong>a</strong></span> <span class='ocrx_word' id='word_1_798' title='bbox 3406 5142 3647 5210; x_wconf 85' lang='lat' dir='ltr'><strong>peccatis</strong></span> 
     </span>
    </p>
   </div>
   <div class='ocr_carea' id='block_1_109' title="bbox 2065 5230 3647 5302">
    <p class='ocr_par' dir='ltr' id='par_1_109' title="bbox 2065 5230 3647 5302">
     <span class='ocr_line' id='line_1_109' title="bbox 2065 5230 3647 5302; baseline -0.006 -10"><span class='ocrx_word' id='word_1_799' title='bbox 2065 5248 2320 5292; x_wconf 87' lang='lat' dir='ltr'><strong>cessasse</strong></span> <span class='ocrx_word' id='word_1_800' title='bbox 2347 5247 2474 5288; x_wconf 86' lang='lat' dir='ltr'><strong>eum</strong></span> <span class='ocrx_word' id='word_1_801' title='bbox 2515 5231 2610 5300; x_wconf 87' lang='lat' dir='ltr'><strong>qui</strong></span> <span class='ocrx_word' id='word_1_802' title='bbox 2656 5230 2955 5300; x_wconf 87' lang='lat' dir='ltr'><strong>resipiscit,</strong></span> <span class='ocrx_word' id='word_1_803' title='bbox 2988 5230 3080 5286; x_wconf 90' lang='lat' dir='ltr'><strong>sed</strong></span> <span class='ocrx_word' id='word_1_804' title='bbox 3117 5240 3172 5287; x_wconf 89' lang='lat' dir='ltr'><strong>et</strong></span> <span class='ocrx_word' id='word_1_805' title='bbox 3222 5232 3390 5302; x_wconf 89' lang='lat' dir='ltr'><strong>priori</strong></span> <span class='ocrx_word' id='word_1_806' title='bbox 3422 5241 3647 5288; x_wconf 85' lang='lat' dir='ltr'><strong>contra-</strong></span> 
     </span>
    </p>
   </div>
   <div class='ocr_carea' id='block_1_110' title="bbox 2067 5322 3650 5392">
    <p class='ocr_par' dir='ltr' id='par_1_110' title="bbox 2067 5322 3650 5392">
     <span class='ocr_line' id='line_1_110' title="bbox 2067 5322 3650 5392; baseline -0.002 -11"><span class='ocrx_word' id='word_1_807' title='bbox 2067 5328 2150 5382; x_wconf 88' lang='lat' dir='ltr'><strong>ria</strong></span> <span class='ocrx_word' id='word_1_808' title='bbox 2185 5323 2552 5381; x_wconf 86' lang='lat' dir='ltr'><strong>incedendum</strong></span> <span class='ocrx_word' id='word_1_809' title='bbox 2584 5331 2670 5378; x_wconf 89' lang='lat' dir='ltr'><strong>est</strong></span> <span class='ocrx_word' id='word_1_810' title='bbox 2694 5322 2795 5392; x_wconf 88' lang='lat' dir='ltr'><strong>ipsi</strong></span> <span class='ocrx_word' id='word_1_811' title='bbox 2819 5322 2928 5380; x_wconf 88' lang='lat' dir='ltr'><strong>via.</strong></span> <span class='ocrx_word' id='word_1_812' title='bbox 2967 5322 3163 5380; x_wconf 77' lang='lat' dir='ltr'><strong>Dicens</strong></span> <span class='ocrx_word' id='word_1_813' title='bbox 3197 5334 3376 5379; x_wconf 88' lang='lat' dir='ltr'><strong>autem</strong></span> <span class='ocrx_word' id='word_1_814' title='bbox 3417 5342 3430 5378; x_wconf 92' lang='lat'><strong>:</strong></span> <span class='ocrx_word' id='word_1_815' title='bbox 3469 5324 3650 5378; x_wconf 89' lang='lat' dir='ltr'><strong>Labo-</strong></span> 
     </span>
    </p>
   </div>
   <div class='ocr_carea' id='block_1_111' title="bbox 2069 5413 3648 5485">
    <p class='ocr_par' dir='ltr' id='par_1_111' title="bbox 2069 5413 3648 5485">
     <span class='ocr_line' id='line_1_111' title="bbox 2069 5413 3648 5485; baseline -0.003 -13"><span class='ocrx_word' id='word_1_816' title='bbox 2069 5426 2174 5483; x_wconf 87' lang='lat' dir='ltr'><strong>ret,</strong></span> <span class='ocrx_word' id='word_1_817' title='bbox 2213 5415 2398 5483; x_wconf 82' lang='lat' dir='ltr'><strong>operis</strong></span> <span class='ocrx_word' id='word_1_818' title='bbox 2434 5413 2815 5468; x_wconf 88' lang='lat' dir='ltr'><strong>dillicultatem</strong></span> <span class='ocrx_word' id='word_1_819' title='bbox 2860 5414 3206 5485; x_wconf 77' lang='lat' dir='ltr'><strong>significavit.</strong></span> <span class='ocrx_word' id='word_1_820' title='bbox 3251 5414 3406 5482; x_wconf 86' lang='lat' dir='ltr'><strong>Quod</strong></span> <span class='ocrx_word' id='word_1_821' title='bbox 3445 5416 3648 5469; x_wconf 87' lang='lat' dir='ltr'><strong>bonum</strong></span> 
     </span>
    </p>
   </div>
   <div class='ocr_carea' id='block_1_112' title="bbox 2070 5505 3650 5577">
    <p class='ocr_par' dir='ltr' id='par_1_112' title="bbox 2070 5505 3650 5577">
     <span class='ocr_line' id='line_1_112' title="bbox 2070 5505 3650 5577; baseline -0.002 -14"><span class='ocrx_word' id='word_1_822' title='bbox 2070 5517 2178 5576; x_wconf 84' lang='lat' dir='ltr'><strong>est,</strong></span> <span class='ocrx_word' id='word_1_823' title='bbox 2210 5508 2408 5577; x_wconf 89' lang='lat' dir='ltr'><strong>inquit.</strong></span> <span class='ocrx_word' id='word_1_824' title='bbox 2433 5505 2715 5576; x_wconf 87' lang='lat' dir='ltr'><strong>Siquidem</strong></span> <span class='ocrx_word' id='word_1_825' title='bbox 2742 5517 3004 5576; x_wconf 89' lang='lat' dir='ltr'><strong>operatur</strong></span> <span class='ocrx_word' id='word_1_826' title='bbox 3029 5509 3191 5563; x_wconf 89' lang='lat' dir='ltr'><strong>etiam</strong></span> <span class='ocrx_word' id='word_1_827' title='bbox 3224 5507 3270 5561; x_wconf 91' lang='lat' dir='ltr'><strong>is</strong></span> <span class='ocrx_word' id='word_1_828' title='bbox 3289 5507 3380 5577; x_wconf 89' lang='lat' dir='ltr'><strong>qui</strong></span> <span class='ocrx_word' id='word_1_829' title='bbox 3411 5507 3650 5571; x_wconf 88' lang='lat' dir='ltr'><strong>furatur,</strong></span> 
     </span>
    </p>
   </div>
   <div class='ocr_carea' id='block_1_113' title="bbox 2073 5597 3644 5669">
    <p class='ocr_par' dir='ltr' id='par_1_113' title="bbox 2073 5597 3644 5669">
     <span class='ocr_line' id='line_1_113' title="bbox 2073 5597 3644 5669; baseline -0.001 -12"><span class='ocrx_word' id='word_1_830' title='bbox 2073 5601 2168 5657; x_wconf 92' lang='lat' dir='ltr'><strong>sed</strong></span> <span class='ocrx_word' id='word_1_831' title='bbox 2219 5600 2368 5667; x_wconf 87' lang='lat' dir='ltr'><strong>quod</strong></span> <span class='ocrx_word' id='word_1_832' title='bbox 2409 5600 2610 5654; x_wconf 90' lang='lat' dir='ltr'><strong>malum</strong></span> <span class='ocrx_word' id='word_1_833' title='bbox 2666 5607 2771 5656; x_wconf 87' lang='lat' dir='ltr'><strong>est.</strong></span> <span class='ocrx_word' id='word_1_834' title='bbox 2820 5617 2840 5650; x_wconf 81' lang='grc' dir='ltr'><strong>ι</strong></span> <span class='ocrx_word' id='word_1_835' title='bbox 2882 5597 3075 5655; x_wconf 89' lang='lat' dir='ltr'><strong>Omnis</strong></span> <span class='ocrx_word' id='word_1_836' title='bbox 3095 5614 3278 5655; x_wconf 91' lang='lat' dir='ltr'><strong>sermo</strong></span> <span class='ocrx_word' id='word_1_837' title='bbox 3324 5615 3581 5669; x_wconf 89' lang='lat' dir='ltr'><strong>spurcus.</strong></span> <span class='ocrx_word' id='word_1_838' title='bbox 3624 5621 3644 5662; x_wconf 71' lang='grc' dir='ltr'><strong><em>ρ</em></strong></span> 
     </span>
    </p>
   </div>
   <div class='ocr_carea' id='block_1_114' title="bbox 2075 5690 3648 5763">
    <p class='ocr_par' dir='ltr' id='par_1_114' title="bbox 2075 5690 3648 5763">
     <span class='ocr_line' id='line_1_114' title="bbox 2075 5690 3648 5763; baseline 0.003 -19"><span class='ocrx_word' id='word_1_839' title='bbox 2075 5690 2292 5763; x_wconf 84' lang='grc' dir='ltr'>Σαπρόν</span> <span class='ocrx_word' id='word_1_840' title='bbox 2332 5690 2467 5746; x_wconf 87' lang='lat' dir='ltr'><strong>dicit</strong></span> <span class='ocrx_word' id='word_1_841' title='bbox 2507 5700 2600 5746; x_wconf 90' lang='lat' dir='ltr'><strong>aut</strong></span> <span class='ocrx_word' id='word_1_842' title='bbox 2631 5693 2872 5748; x_wconf 91' lang='lat' dir='ltr'><strong>otiosum</strong></span> <span class='ocrx_word' id='word_1_843' title='bbox 2901 5699 2956 5746; x_wconf 89' lang='lat' dir='ltr'><strong>et</strong></span> <span class='ocrx_word' id='word_1_844' title='bbox 2991 5704 3213 5750; x_wconf 91' lang='lat' dir='ltr'><strong>vanum,</strong></span> <span class='ocrx_word' id='word_1_845' title='bbox 3245 5698 3341 5744; x_wconf 92' lang='lat' dir='ltr'><strong>aut</strong></span> <span class='ocrx_word' id='word_1_846' title='bbox 3371 5691 3648 5761; x_wconf 81' lang='lat' dir='ltr'><strong>putridum</strong></span> 
     </span>
    </p>
   </div>
   <div class='ocr_carea' id='block_1_115' title="bbox 2075 5781 3652 5856">
    <p class='ocr_par' dir='ltr' id='par_1_115' title="bbox 2075 5781 3652 5856">
     <span class='ocr_line' id='line_1_115' title="bbox 2075 5781 3652 5856; baseline -0.001 -17"><span class='ocrx_word' id='word_1_847' title='bbox 2075 5792 2130 5839; x_wconf 92' lang='lat' dir='ltr'><strong>ct</strong></span> <span class='ocrx_word' id='word_1_848' title='bbox 2158 5783 2502 5856; x_wconf 76' lang='lat' dir='ltr'><strong>graveolens.</strong></span> <span class='ocrx_word' id='word_1_849' title='bbox 2544 5782 2684 5850; x_wconf 90' lang='lat' dir='ltr'><strong>Quid</strong></span> <span class='ocrx_word' id='word_1_850' title='bbox 2713 5787 2856 5838; x_wconf 91' lang='lat' dir='ltr'><strong>cnim</strong></span> <span class='ocrx_word' id='word_1_851' title='bbox 2889 5781 3064 5853; x_wconf 80' lang='lat' dir='ltr'><strong>magis</strong></span> <span class='ocrx_word' id='word_1_852' title='bbox 3100 5782 3385 5850; x_wconf 86' lang='lat' dir='ltr'><strong>putridum</strong></span> <span class='ocrx_word' id='word_1_853' title='bbox 3425 5791 3512 5839; x_wconf 89' lang='lat' dir='ltr'><strong>est</strong></span> <span class='ocrx_word' id='word_1_854' title='bbox 3557 5793 3652 5838; x_wconf 87' lang='lat' dir='ltr'><strong>aut</strong></span> 
     </span>
    </p>
   </div>
   <div class='ocr_carea' id='block_1_116' title="bbox 2079 5875 3649 5948">
    <p class='ocr_par' dir='ltr' id='par_1_116' title="bbox 2079 5875 3649 5948">
     <span class='ocr_line' id='line_1_116' title="bbox 2079 5875 3649 5948; baseline 0.003 -15"><span class='ocrx_word' id='word_1_855' title='bbox 2079 5877 2302 5948; x_wconf 78' lang='lat' dir='ltr'><strong>gravius</strong></span> <span class='ocrx_word' id='word_1_856' title='bbox 2325 5877 2434 5934; x_wconf 84' lang='lat' dir='ltr'><strong>olet</strong></span> <span class='ocrx_word' id='word_1_857' title='bbox 2455 5891 2620 5947; x_wconf 88' lang='lat' dir='ltr'><strong>quam</strong></span> <span class='ocrx_word' id='word_1_858' title='bbox 2644 5876 2986 5944; x_wconf 85' lang='lat' dir='ltr'><strong>convicium,</strong></span> <span class='ocrx_word' id='word_1_859' title='bbox 3005 5875 3297 5945; x_wconf 86' lang='lat' dir='ltr'><strong>detractio,</strong></span> <span class='ocrx_word' id='word_1_860' title='bbox 3327 5877 3649 5937; x_wconf 69' lang='lat' dir='ltr'><strong>obscoenum</strong></span> 
     </span>
    </p>
   </div>
  </div>
