4000 6628
276 566 410 632 1233
1295 566 1682 629 COMMENT.
1709 568 1791 628 1N
1828 568 2067 631 EPIST.
2110 570 2209 629 AD
2244 562 2515 627 EPIIES.
3380 562 3521 629 1934'

268 683 757 755 ἁφεθήσεταιῦμῖν.
799 702 817 735 ι
865 680 1011 736 Ἀλλ’
1038 682 1227 755 ἐπειδὴ
1278 684 1464 738 πολλοὶ
1495 685 1556 738 ού
1628 687 1832 757 σφόδρα
1865 699 1885 753 ,Δ

1988 686 2232 742 imodqu
2266 694 2320 740 et
2366 685 2510 739 Deus
2545 699 2643 755 per
2678 680 2987 740 Christum.
3024 703 3043 737 ι
3094 682 3345 740 Maxima
3395 681 3519 752 qui-

265 780 375 842 τοϊς
405 776 656 847 μέλλουσι
694 775 1062 840 πιστεύουσιν,
1125 778 1233 831 ἀπὸ
1272 778 1383 830 τῶν
1438 780 1835 850 προϋπηργμέο

1988 794 2057 831 3m
2099 777 2413 833 exhortatio
2446 776 2511 830 ad
2558 775 2877 832 donandum
2902 775 3139 831 invicem
3189 783 3276 831 est
3316 773 3522 829 dixisse

268 885 371 923 νων
437 870 658 938 ποιῆται
715 867 817 939 τὴν
870 868 1239 938 παράκλησιν.
1284 869 1650 940 Χαριζόμενοι
1705 871 1836 941 γὰρ,

1988 869 2220 924 hrislum
2264 887 2279 924 :
2349 890 2366 922 ι
2398 868 2680 924 Remittite
2738 877 2791 924 et
2834 869 3144 924 remittetur
3180 867 3337 922 vobis
3384 867 3450 917 ’⁷.
3496 884 3515 915 ο

271 959 452 1030 φησὶν,
490 960 723 1021 ἑαυτοῖς,
759 958 941 1021 καθὼς
974 959 1068 1011 καὶ
1095 961 1122 1012 6
1155 959 1287 1023 Θεὸς
1320 961 1375 1012 ἐν
1435 960 1656 1032 Χριστῷ
1710 963 1838 1032 ἐχαμ

1988 961 2049 1016 γι]
2081 962 2343 1032 quoniam
2371 963 2526 1016 multi
2560 976 2667 1016 non
2704 960 3001 1016 admodum
3031 959 3269 1015 credunt
3290 958 3375 1012 his
3394 972 3518 1025 quae

272 1052 459 1123 ρῐσατο
506 1052 654 1121 ὑμῖν.
695 1051 760 1103 Τί
790 1054 935 1104 ἐστιν
980 1052 1069 1105 Ἐν
1114 1051 1368 1123 Χριστῷς
1408 1055 1667 1108 Τουτέστι
1707 1055 1842 1123 μετὰ

1988 1057 2124 1102 Itnra
2159 1057 2307 1113 sunt,
2369 1049 2437 1104 ab
2469 1050 2555 1103 his
2586 1065 2705 1120 quae
2740 1059 3138 1119 praecesserunt
3168 1048 3300 1102 facit
3336 1045 3525 1101 admo-

273 1144 518 1197 κινδύνου
543 1143 638 1196 τοῦ
663 1142 796 1196 Υἱοῦ
822 1143 1009 1206 αὐτοῦ,
1040 1144 1131 1196 διὰ
1156 1145 1255 1213 τῆς
1286 1144 1501 1214 σφαγῆς
1539 1144 1702 1198 αὑτοῦ
1750 1148 1843 1199 καὶ

1988 1138 2206 1194 itionem
2245 1157 2259 1194 :
2296 1138 2596 1204 Donantcs,
2631 1139 2833 1210 inquit,
2860 1140 3018 1194 vobis
3045 1139 3305 1201 invicem,
3330 1152 3526 1208 quem-

272 1236 361 1288 τοῦ
393 1234 647 1303 σταυροῦ,
680 1234 787 1288 Καὶ
813 1235 877 1287 σὺ
906 1235 1024 1305 μὲν,
1068 1237 1253 1305 φησὶν,
1285 1236 1580 1300 ἀκινδύνως
1612 1237 1840 1308 χαρίζῃ,

1988 1230 2238 1287 dmodum
2280 1238 2333 1284 et
2378 1230 2519 1287 Deus
2581 1247 2676 1302 per
2723 1231 3005 1287 Christum
3061 1230 3288 1287 donavit
3343 1228 3524 1284 vobis.

278 1327 308 1376 ὁ
359 1326 415 1377 δὲ
444 1324 578 1388 Θεὸς
631 1325 767 1394 μετὰ
797 1325 890 1378 τοῦ
922 1325 1153 1380 θανάτου
1178 1327 1272 1381 τοῦ
1299 1329 1638 1397 Μονογενοῦς
1679 1329 1843 1382 αὐτοῦ

1988 1322 2087 1386 {uid
2122 1332 2206 1378 est
2236 1321 2341 1378 Per
2371 1322 2692 1378 Christum?
2740 1323 2843 1380 hoc
2898 1330 2983 1378 est
3040 1338 3163 1377 cum
3203 1319 3446 1391 periculo
3474 1327 3531 1372 ct

276 1415 566 1486 δχαρίσατο
603 1417 751 1486 ὑμῖν.
790 1416 953 1488 Ὁρᾷς
1002 1419 1352 1488 ὑπερδολήν;
1385 1438 1404 1470 ι
1464 1418 1687 1472 Γίνεσθε
1749 1415 1846 1472 οὖν

1988 1428 2149 1467 amno
2173 1411 2296 1467 Filii
2333 1413 2442 1478 sui,
2473 1428 2569 1482 per
2595 1411 2796 1468 caedem
2826 1420 2879 1466 et
2922 1412 3233 1484 passionem
3276 1410 3417 1480 ejus.
3465 1406 3532 1462 Et

282 1509 517 1578 μιμηταὶ
553 1508 648 1560 τοῦ
673 1506 862 1562 Θεοῦ.»
916 1509 1102 1580 Ἀρκεί
1142 1510 1302 1564 τοῦτο
1358 1511 1496 1582 πρὸς
1541 1512 1729 1582 μισθὸν
1772 1510 1850 1580 τῷ

1991 1522 2003 1558 ι
2023 1506 2241 1575 quidem
2257 1506 2376 1560 sine
2394 1505 2657 1575 periculo,
2677 1504 2874 1574 inquit,
2894 1503 3147 1567 donabis,
3175 1502 3317 1557 Deus
3342 1510 3527 1557 autem

280 1590 641 1669 χαριζομένῳ,
667 1599 728 1652 τὸ
775 1599 1028 1668 γενέσθαι
1063 1601 1306 1672 μιμητὴν
1339 1600 1432 1655 τοῦ
1473 1602 1630 1658 Θεοῦ.
1695 1621 1714 1653 ι
1760 1602 1849 1666 Ὦς

1988 1614 2075 1651 ιιιη
2117 1606 2292 1653 morte
2312 1597 2596 1668 Unigeniti
2625 1596 2714 1652 sui
2754 1594 2983 1651 donavit
3004 1596 3178 1650 vobis.
3202 1592 3366 1649 Vides
3396 1607 3536 1663 prae-

281 1691 444 1744 τέκνα
473 1692 752 1761 ἀγαπητά.
785 1709 804 1745 ι
849 1692 980 1746 ’1δοῦ
1003 1695 1096 1747 καὶ
1125 1693 1425 1765 ἄλληῑπρδς
1447 1695 1506 1747 τὸ
1532 1693 1851 1765 χαρίζεσθαι

1988 1690 2300 1744 minentiam
2335 1704 2397 1743 ac
2412 1690 2813 1745 excellentiam.
2840 1708 2858 1741 ι
2885 1688 3073 1744 Estote
3094 1688 3260 1757 igitur
3289 1686 3534 1740 imitato-

285 1784 592 1856 προτροπὴ,
621 1784 823 1851 μᾶλλον
855 1785 914 1839 δὲ
950 1786 1183 1855 ἀνάγκη.
1221 1787 1495 1856 Ἀνάγκην
1525 1789 1632 1860 γὰρ
1676 1787 1851 1855 ἔχετε,

1988 1798 2043 1838 es
2081 1783 2198 1837 Dei.
2240 1801 2260 1834 ι
2293 1781 2440 1838 Satis
2465 1783 2635 1838 estad
2689 1782 2996 1838 mercedem
3025 1782 3071 1836 ei
3101 1782 3193 1853 qui
3257 1781 3428 1837 donat
3475 1785 3538 1834 ut

288 1874 443 1942 φησὶ,
480 1871 767 1942 μιμεῖσθαι
811 1874 901 1926 τὸν
929 1874 1149 1944 Πατέρα
1176 1875 1349 1944 ὑμῶν.
1385 1870 1519 1927 Εἶτα
1556 1874 1745 1944 ἐπειδὴ
1781 1874 1854 1943 μὴ

1988 1877 2026 1929 it
2069 1874 2165 1929 Dei
2197 1875 2460 1930 imitator.
2501 1896 2518 1928 ι
2556 1875 2840 1946 Tanquam
2876 1874 2971 1929 filii
3002 1875 3209 1930 dilecti.
3258 1893 3287 1925 ι
3314 1874 3453 1929 Ecce
3484 1881 3540 1927 et

288 1965 468 2017 πάντα
490 1962 562 2016 τὰ
585 1962 749 2017 τέκνα
769 1966 1018 2034 μιμεῖται
1047 1964 1139 2017 τὸν
1162 1965 1395 2035 πατέρα,
1434 1966 1742 2034 προσέθηκε
1773 1965 1859 2029 τὸ,

1995 1970 2062 2022 lia
2120 1970 2187 2023 ad
2253 1968 2675 2024 condonandum
2727 1968 3057 2033 exhortatio,
3117 1967 3292 2036 magis
3350 1974 3539 2020 autem

301 2054 607 2124 ’Δγαπητά.
638 2030 899 2126 Τιτιξγὰρ
937 2055 1206 2119 τοιούτοις
1251 2030 1317 2122 ἐξ.
1372 2030 1617 2126 ἀνάλίκης
1643 2030 1786 2118 τινὸς
1825 2058 1857 2126 ἡ

1988 2059 2283 2114 necessitas.
2309 2057 2543 2114 Necesse
2573 2068 2657 2116 est
2701 2060 2878 2124 vobis,
2912 2059 3112 2128 inquit,
3142 2070 3199 2111 ut
3245 2055 3555 2111 imitemini-

297 2146 549 2216 μίμησις.
582 2163 605 2197 ι
632 2146 740 2199 Καὶ
762 2148 1113 2217 περιπατεῖτε
1135 2149 1194 2200 ὲν
1232 2147 1440 2219 ἀγάπῃ.
1484 2166 1502 2199 ι
1540 2147 1672 2201 Ἰδοὺ
1722 2148 1860 2199 πάν-

1988 2154 2176 2206 'atrem
2202 2159 2466 2207 vestrum.
2500 2152 2703 2205 Deinde
2743 2152 2869 2221 quia
2904 2166 3013 2205 non
3050 2166 3242 2205 omnes
3289 2148 3386 2202 ﬁlii
3438 2162 3540 2217 pa-

290 2254 400 2291 των
418 2237 529 2290 τῶν
556 2236 735 2291 καλῶν
778 2239 814 2306 ἡ
844 2236 988 2308 ῥίζα.
1051 2238 1268 2310 Ταύτης
1301 2240 1411 2311 γὰρ
1451 2238 1640 2308 οὔσης,
1684 2240 1776 2293 καὶ
1827 2241 1859 2309 ὴ

1990 2259 2100 2299 rem
2134 2244 2439 2308 imitantur,
2479 2244 2688 2298 addidit
2741 2242 2933 2298 Dilecti
2969 2259 2984 2297 :
3024 2243 3228 2297 talibus
3288 2241 3435 2296 enim
3473 2254 3541 2295 ex

293 2327 441 2397 φυγὴ
474 2326 586 2381 τῶν
609 2327 818 2392 κακῶν,
850 2329 999 2398 καὶὴ
1037 2326 1252 2398 ποίησις
1275 2329 1384 2382 τῶν
1428 2329 1670 2397 ἀγαθῶν,
1711 2330 1864 2399 εὐχε-

1988 2336 2296 2391 lecessitate
2328 2336 2566 2406 quadam
2600 2335 2868 2389 incumbit
2902 2335 3159 2389 imitatio.
3199 2351 3217 2384 ι
3244 2330 3309 2386 Et
3338 2332 3538 2387 ambu-

298 2417 408 2489 ρῶς
442 2417 823 2489 κατορθοῦται.
872 2418 1091 2484 Καθὼς,
1122 2421 1308 2490 φησὶν,
1348 2422 1376 2474 ὁ
1412 2420 1649 2491 Χριστὸς
1721 2420 1864 2490 ἠγά-

1988 2436 2073 2481 ate
2105 2427 2161 2481 in
2201 2428 2518 2482 dilectione.
2562 2446 2579 2479 ι
2611 2425 2751 2482 Ecce
2785 2427 3031 2480 omnium
3055 2426 3321 2482 bonorum
3358 2423 3541 2478 radix.

294 2524 468 2578 πησεν
491 2508 661 2579 ἡμᾶς.
693 2508 886 2564 Καίτοι
948 2509 1047 2564 οὐκ
1067 2510 1214 2564 ἔστιν
1237 2511 1421 2581 ὅμοιον
1444 2512 1544 2581 τῆς
1602 2510 1695 2563 τοῦ
1727 2512 1865 2581 Χρι-

1988 2514 2174 2573 {auulsi
2212 2518 2326 2573 haec
2355 2518 2518 2583 adsit,
2585 2524 2639 2572 ct
2670 2516 2797 2588 fuga
2844 2517 3152 2580 malorum,
3185 2523 3240 2570 et
3293 2513 3542 2583 operatio

297 2599 425 2654 στοῦ
454 2600 673 2669 ἀγάπης
699 2600 763 2654 τὸ
789 2601 1079 2671 ἡμέτερον.
1126 2600 1184 2655 '0
1213 2601 1314 2671 μὲν
1336 2602 1446 2673 γὰρ
1495 2600 1725 2673 ἐχθροὺς
1779 2603 1868 2656 6v-

293 2710 393 2757 τας
416 2695 563 2763 ἡμᾶς
592 2695 869 2764 ἠγάπησε,
901 2695 963 2747 σὺ
991 2693 1069 2760 δὲ,
1106 2694 1267 2764 φησὶ,
1293 2695 1585 2749 τοῦτο-κᾶν
1622 2697 1700 2758 εἰς
1743 2698 1867 2759 τοὺς

298 2782 528 2854 πλησίον
557 2782 843 2848 ἐπίδειξον.
885 2783 944 2837 Ὀ
974 2784 1072 2852 μὲν
1093 2784 1325 2853 Χριστὸς
1353 2784 1544 2837 ἑαυτὸν
1568 2787 1650 2848 εἰς
1698 2784 1866 2838 θάνα-

298 2895 392 2933 τον
415 2877 720 2948 παρέδωκε,
747 2878 831 2930 σοὶ
859 2877 917 2929 δὲ
949 2874 1230 2941 ἀκίνδυνος
1260 2878 1352 2930 καὶ
1377 2877 1609 2948 ἀζήμιος
1656 2877 1808 2932 ἔσται
1838 2880 1870 2948 ὴ

301 2969 437 3040 πρὸς
470 2968 560 3023 τὸν
588 2967 816 3038 πλησίον
837 2969 1049 3037 ἀγάπη.
1081 2969 1142 3021 Εἰ
1162 2968 1219 3021 δὲ
1279 2967 1506 3038 ἐχθροὺς
1565 2968 1873 3038 ἀγαπήσεις

301 3061 444 3117 κατὰ
478 3061 708 3131 μίμησιν
733 3059 829 3113 τοῦ
862 3059 1124 3131 Χριστοῦ,
1147 3061 1353 3131 γενήσῃ
1392 3060 1486 3112 καὶ
1519 3060 1584 3112 σὺ
1613 3057 1773 3111 θυσία
1796 3059 1874 3131 τῷ

300 3152 421 3223 Θεῷ
456 3152 550 3206 καὶ
582 3152 889 3223 προσφορὰ,
920 3153 1001 3215 εἰς
1023 3153 1200 3221 ὀσμὴν
1244 3150 1471 3214 εὐωδίας
1528 3149 1872 3220 λογιζομένη.

300 3241 490 3305 οὕτως
510 3243 538 3296 ὁ
556 3242 788 3313 Χριστὸς
812 3242 1020 3312 γέγονε,
1044 3241 1302 3296 οὕτωκαὶ
1323 3242 1506 3312 ἡμεῖς,
1528 3241 1626 3295 ἐὰν
1641 3241 1879 3314 θελήσω-

304 3350 430 3405 μεν,
454 3333 719 3404 ἐσόμεθα.

374 3606 629 3676 Πορνεία
656 3604 726 3659 δὲ
759 3604 857 3660 καὶ
887 3604 1057 3662 πᾶσα
1084 3605 1422 3675 ἀκαθαρσία
1460 3605 1499 3675 ἢ
1531 3604 1875 3670 πλεονεξία,

296 3699 455 3771 μηδὲ
493 3699 873 3770 ὀνομαζέσθω
891 3699 962 3754 ἐν
998 3698 1163 3769 ὑμῖν,
1189 3699 1385 3765 καθὼς
1413 3698 1626 3767 πρέπει
1664 3699 1875 3768 ἁγίοις.

305 3789 416 3845 Καὶ
443 3791 777 3859 αἰσχρότης
808 3789 909 3843 καὶ
958 3790 1319 3858 μωρολογία.
1374 3789 1414 3857 ἢ
1462 3789 1878 3858 εὑτραπέλεια,

307 3881 382 3936 τὰ
425 3884 538 3937 οὐκ
586 3880 912 3947 ἀνήκοντα.
992 3880 1170 3935 Ἀλλὰ
1226 3879 1471 3950 μᾶλλον
1514 3879 1883 3951 εὐχαριστία.

311 3975 494 4029 Τοῦτο
518 3972 627 4044 γὰρ
648 3974 779 4027 lare
809 3973 1229 4043 γινώσκοντες,
1265 3971 1361 4024 ὅτι
1411 3970 1534 4036 πᾶς
1574 3972 1800 4038 πόρνος
1844 3970 1896 4040 ἣ.

306 4065 662 4133 ἀκάθαρτος,
684 4064 722 4133 ἢ
743 4063 1129 4131 πλεονέκτης,
1153 4061 1221 4128 ὅς
1235 4063 1405 4117 ἐστιν
1423 4061 1897 4129 εἰδωλολάτρης,

307 4158 423 4210 οὐκ
458 4156 583 4224 ἔχει
616 4155 1024 4226 κληρονομίαν
1051 4154 1121 4208 ὲν
1151 4152 1225 4222 τῇ
1267 4152 1559 4219 βασιλείᾳ
1588 4152 1697 4206 τοῦ
1750 4155 1855 4220 Χρι
1874 4183 1886 4194 -

307 4247 461 4302 στοῦ
490 4247 589 4301 καὶ
633 4247 800 4301 Θεοῦ.
863 4245 1085 4314 Μηδεὶς
1135 4245 1291 4314 ὑμᾶς
1348 4242 1629 4299 ἀπατάτω
1682 4242 1883 4310 κενοῖς

308 4339 538 4406 λόγοις.
570 4337 673 4392 Διά
703 4337 887 4391 ταῦτα
923 4338 1034 4405 γὰρ
1062 4338 1293 4406 ἔρχεται
1322 4337 1359 4404 ἡ
1400 4335 1545 4404 ὀργὴ
1580 4336 1686 4389 τοῦ
1740 4336 1888 4389 Θεοῦ

308 4426 409 4479 ἐπὶ
446 4425 588 4491 τοὺς
620 4427 788 4492 υἱοὺς
820 4425 926 4493 τῆς
959 4426 1283 4491 ἀπειθείας.
1326 4424 1421 4493 Μὴ
1479 4419 1592 4480 οὖν
1645 4424 1890 4492 γίνεσθε

313 4521 683 4591 συμμέτοχοι
723 4518 939 4575 αὐτῶν.
995 4516 1135 4580 ’Ἦτε
1160 4520 1268 4590 γάρ
1307 4537 1450 4575 ποτε
1473 4521 1719 4585 σκότος,
1775 4520 1894 4575 νῦν

311 4610 384 4666 δὲ
432 4611 552 4681 φῶς
579 4614 650 4668 ἐν
678 4614 890 4681 Κυρίῳ.

1967 2609 2234 2665 bonorum
2259 2609 2419 2665 facile
2437 2611 2785 2680 attinguntur
2816 2607 3332 2676 ac‘subsequuntur.
3363 2605 3543 2670 Sicut,

1969 2702 2172 2773 inquit,
2203 2701 2460 2757 Christus
2493 2700 2678 2756 dilexit
2719 2716 2841 2756 nos.
2879 2701 3042 2771 Atqui
3076 2699 3223 2755 nulla
3253 2708 3336 2755 est
3391 2700 3547 2757 sitni-

1971 2794 2149 2849 litudo
2196 2794 2339 2848 inter
2382 2792 2592 2849 Christi
2633 2791 2983 2848 dilectionem
3020 2798 3074 2847 et
3137 2802 3406 2849 nostram.
3452 2790 3547 2848 Ille

1973 2901 2227 2958 namque,
2260 2898 2386 2942 eum
2420 2886 2630 2941 inimici
2659 2900 2930 2952 essemus,
2964 2885 3156 2941 dilexit
3186 2899 3307 2947 nos,
3329 2892 3385 2938 tu
3418 2895 3548 2936 vero

1948 2979 2079 3034 'boc
2125 2980 2319 3034 saltem
2378 2992 2506 3048 erga
2563 2978 2869 3047 proximum
2899 2973 3116 3031 exhibe.
3152 2971 3551 3042 Christusqui:

1975 3069 2096 3124 dem
2142 3069 2386 3140 seipsum
2411 3069 2467 3123 in
2497 3076 2728 3122 mortem
2761 3066 3010 3131 tradidit,
3048 3065 3145 3121 tibi
3181 3080 3311 3119 vero
3341 3065 3553 3133 absque

1976 3159 2222 3228 periculo
2263 3168 2317 3213 et
2369 3158 2573 3214 damno
2619 3158 2725 3214 erit
2780 3172 2907 3228 erga
2960 3156 3267 3228 proximum
3306 3152 3548 3210 dilectio.

1978 3249 2136 3316 Quod
2178 3251 2227 3306 si
2264 3250 2523 3306 inimicos
2571 3250 2637 3305 ad
2694 3248 2896 3304 Christi
2951 3247 3312 3303 imitationem
3354 3246 3556 3301 dilexe-

1900 3366 1948 3428 C
1980 3341 2077 3408 ris,
2121 3342 2235 3396 eris
2260 3351 2313 3395 tu
2355 3341 2464 3396 Deo
2495 3341 2716 3397 victima
2751 3349 2805 3396 et
2834 3339 3039 3395 oblatio
3072 3339 3125 3392 in
3151 3338 3371 3393 odorem
3398 3338 3554 3391 bona:

1977 3431 2290 3504 fragrantia:
2321 3442 2600 3505 reputate.
2648 3433 2726 3488 lta
2762 3433 3014 3490 Christus
3036 3431 3216 3487 factus
3239 3440 3342 3498 est,
3377 3428 3450 3485 ita
3499 3440 3556 3485 et

1980 3540 2079 3580 nos
2109 3510 2317 3580 erimus
2340 3527 2386 3580 si
2415 3525 2779 3580 voluerimus.

2051 3616 2116 3683 V,
2155 3615 2271 3671 5.8.
2300 3614 2563 3670 Craterum
2593 3615 2848 3670 scortatio
2886 3625 2934 3669 et
3002 3614 3171 3667 omnis
3222 3607 3564 3665 immunditia

1981 3716 2075 3763 aut
2109 3708 2344 3762 avaritia
2402 3723 2466 3762 ne
2496 3709 2797 3762 nominetur
2846 3707 3055 3777 quidem
3110 3705 3248 3758 inter
3276 3718 3384 3769 vos,
3422 3699 3563 3754 sicut

1980 3801 2125 3855 decet
2156 3809 2386 3866 sanctos,
2416 3808 2509 3853 aut
2539 3798 2872 3864 obScwnitas,
2906 3807 2999 3850 aut
3027 3795 3434 3864 stultiloquium,
3467 3800 3562 3846 aut

1983 3892 2263 3945 urbanitas
2305 3889 2462 3961 τις
2511 3906 2630 3958 qua:
2687 3905 2790 3942 non
2848 3888 3183 3952 conueniunt,
3243 3886 3335 3938 sed
3392 3881 3562 3951 magis

1995 3983 2296 4053 gratiarum
2323 3982 2484 4034 actio.
2521 3978 2782 4033 Namhoc
2811 3980 3001 4032 scitote
3028 3976 3393 4046 cognoscetttes
3425 3973 3563 4043 quod

1987 4075 2159 4130 omnis
2194 4081 2463 4128 scortator
2495 4082 2592 4125 aut
2639 4069 2941 4127 immundus
2975 4077 3066 4122 aut
3115 4083 3307 4121 avarus
3347 4066 3436 4136 qui
3485 4073 3567 4120 est

1988 4166 2252 4221 idolorum
2287 4164 2480 4231 cultor,
2533 4181 2637 4217 non
2692 4163 2846 4217 habet
2893 4159 3258 4215 haereditate»:
3309 4157 3363 4210 in
3407 4171 3564 4225 regno

1990 4256 2190 4311 Christi
2230 4266 2280 4310 et
2319 4255 2433 4312 Dei.
2472 4253 2555 4309 Ne
2573 4256 2853 4323 quisquam
2913 4270 3001 4307 vos
3051 4249 3275 4320 decipiat
3316 4247 3566 4303 inanibus

1990 4348 2336 4402 sermonibus.
2382 4345 2608 4414 Propter
2634 4345 2744 4398 haec
2767 4346 2905 4399 enim
2929 4343 3063 4397 venit
3105 4342 3188 4394 ira
3222 4339 3317 4393 Dei
3342 4339 3397 4392 in
3423 4338 3565 4407 ﬁlios

1991 4437 2378 4493 inobedientiw.
2400 4435 2484 4491 Ne
2499 4437 2616 4490 sitis
2635 4437 2797 4505 igitur
2825 4445 3093 4488 consortes
3116 4431 3351 4485 illorum.
3384 4427 3566 4501 Eratis

1991 4529 2132 4583 enim
2162 4527 2429 4598 quondam
2458 4525 2684 4581 tenebrat
2714 4540 2734 4579 :
2794 4539 2934 4578 nunc
2964 4531 3141 4577 autem
3210 4520 3305 4574 tua:
3353 4519 3407 4573 in
3459 4510 3569 4571 Du-

1995 4636 2160 4676 mmo.

388 4702 523 4757 Εἷπε
548 4706 673 4774 περὶ
700 4710 792 4758 τοῦ
825 4704 1056 4775 θυμικοῦ
1082 4702 1308 4769 πάθους,
1337 4703 1435 4759 τοῦ
1465 4704 1639 4774 θυμοῦ
1670 4706 1763 4759 καὶ
1788 4705 1885 4775 τῆς

2064 4711 2139 4767 De
2192 4712 2492 4767 iracundiae
2543 4710 2682 4766 dixit
2731 4707 2947 4773 ati‘ectu,
3007 4693 3483 4763 excandescentia!
3517 4711 3579 4757 ct

995 4814 1013 4824 .
1075 4792 1100 4815 τ

313 4796 510 4868 ὀργῆς,
541 4797 754 4867 καὶτῆς
787 4797 1031 4867 πικρίας.
1075 4795 1248 4849 ἾΙλθε
1279 4796 1467 4851 λοιπὸν
1493 4799 1574 4859 εις
1604 4798 1664 4848 τὸ
1689 4795 1887 4848 ἐπιθυ-

318 4888 575 4958 μητικὸν,
603 4887 662 4941 τὸ
686 4889 784 4958 τῆς
806 4888 1081 4959 πορνείας.
1107 4888 1217 4943 Καὶ
1244 4889 1352 4959 γὰρ
1375 4889 1468 4941 καὶ
1489 4890 1517 4942 ὁ
1543 4887 1708 4959 νόμος
1739 4888 1894 4959 πρῶ-

314 4995 410 5032 τον
439 4976 629 5046 εἰπὼν,
667 4997 687 5032 ι
744 4981 821 5034 Οὐ
888 4980 1194 5050 φονεύσεις,
1243 4999 1262 5032 ι
1310 4981 1449 5051 ὅπερ
1506 4981 1599 5033 τοῦ
1657 4979 1892 5050 θυμικοῦ

317 5069 528 5132 πάθους
557 5070 815 5140 ὑπάρχει,
877 5071 1000 5125 τότε
1062 5066 1236 5134 εἶπεν,
1294 5091 1313 5125 ι
1371 5072 1448 5126 Οὐ
1512 5072 1840 5143 μοιχεύσεις,
1870 5090 1891 5124 ι

317 5160 463 5230 ὅπερ
496 5159 589 5212 τοῦ
646 5161 1047 5231 ἐπιθυμητικοῦ
1089 5160 1416 5231 καθέστηκε.
1466 5162 1734 5234 Καθάπερ
1786 5162 1893 5232 γὰρ

317 5253 355 5320 ἡ
398 5251 595 5321 πικρία
619 5251 713 5304 καὶ
749 5253 782 5322 ή
811 5252 1031 5322 κραυγὴ
1064 5253 1157 5306 καὶ⁵
1182 5253 1216 5322 ἠ
1268 5251 1436 5305 κακία
1465 5254 1559 5306 καὶ
1587 5255 1620 5323 ἡ
1658 5252 1898 5323 βλασφη-

324 5339 432 5410 μία
466 5339 563 5393 τοῦ
587 5340 820 5411 θυμικοῦ
858 5342 1063 5405 πάθους
1092 5342 1263 5407 ἐστὶν,
1294 5342 1438 5395 οὕτω
1489 5342 1582 5396 τοῦ
1620 5342 1896 5413 ἐπιθυμη-

319 5432 503 5499 τικοῦ,
540 5433 789 5504 πορνεία,
828 5434 1065 5505 μοιχεία,
1114 5434 1445 5506 ἀκαθαρσία,
1490 5432 1790 5498 πλεονεξία.
1828 5436 1888 5487 Et

321 5525 436 5594 γὰρ
467 5524 561 5576 καὶ
593 5523 668 5595 μὴ
697 5526 986 5594 σωμάτων,
1027 5526 1329 5599 χρημάτων
1375 5526 1559 5597 μέντοι
1623 5525 1899 5595 ἐπιθυμεῖ.

328 5635 345 5665 ι
381 5615 534 5686 Μηδὲ
563 5616 937 5685 ὀνομαζέσθω.
979 5635 998 5668 ι
1066 5613 1188 5670 Οἶδε
1218 5618 1326 5689 γὰρ
1360 5619 1487 5682 τοὺς
1518 5616 1647 5688 περὶ
1696 5617 1902 5672 τούτων

319 5706 547 5773 λόγους,
577 5692 912 5778 ὑπέκκαυμα
949 5710 1041 5762 καὶ
1072 5709 1385 5780 προτροπὰς
1416 5710 1523 5762 τῶν
1578 5711 1755 5781 ἔργων
1811 5727 1901 5775 γι-

321 5799 611 5869 νομένους.
654 5818 674 5851 ι
751 5799 948 5863 Καθὼς
1002 5800 1201 5872 πρέπει
1258 5802 1455 5871 ἁγίοις.
1506 5821 1525 5854 ›
1579 5800 1747 5855 Οὕτω
1794 5802 1902 5875 γὰρ

402 5973 450 6005 ⁸⁷
494 5973 630 6030 an.
660 5990 733 6042 vr,
765 5975 856 6030 57.
932 5975 976 6008 ³⁸
1024 5974 1200 6030 Exod.
1246 5990 1335 6041 xx,
1381 5974 1465 6031 l5.
1544 5978 1587 6008 ’θ
1615 5973 1746 6042 ibid,
1788 5976 1869 6031 lli.

1994 4803 2078 4860 ira
2105 4819 2168 4858 ac
2197 4803 2559 4859 amarulentia
2595 4818 2611 4857 :
2646 4801 2800 4858 venit
2848 4800 3109 4869 deinceps
3167 4797 3232 4850 ad
3278 4793 3571 4864 concupis-

1996 4895 2186 4951 centiae
2227 4892 2566 4949 atfectionem
2624 4908 2746 4963 quae
2782 4899 2868 4947 est
2922 4890 2997 4945 sd-
3032 4885 3444 4944 scortationem.
3486 4883 3573 4939 Si-

1995 4986 2216 5057 quidem
2264 4987 2350 5041 lex
2407 5000 2628 5056 quoque
2677 4984 2917 5055 primum
2969 4980 3128 5045 dixit,
3171 4998 3189 5032 (
3236 4978 3355 5034 Non
3426 4979 3575 5033 occi-

1997 5078 2243 5140 dens“,i
2264 5077 2412 5146 quod
2423 5077 2489 5131 ad
2505 5075 2755 5131 aﬂ'ectum
2775 5081 2988 5143 spectat
3010 5070 3332 5135 iracundiae,
3379 5068 3578 5125 deinde

2004 5167 2296 5236 subiunxit
2325 5183 2385 5222 ιι
2418 5166 2537 5222 Non
2566 5165 2876 5221 committas
2915 5164 3244 5219 adulterium
3268 5163 3339 5227 ⁸⁷,
3379 5180 3398 5214 ι
3432 5159 3577 5230 quod

2007 5273 2035 5309 a
2068 5254 2532 5324 concupiscentiae
2561 5252 2755 5307 aﬁectu
2792 5253 3038 5321 procedit
3058 5292 3074 5308 .
3105 5247 3577 5319 Quemadmodum

2010 5347 2156 5400 enim
2182 5344 2543 5399 amarulentia
2598 5352 2652 5400 et
2716 5343 3039 5399 vociferatio
3080 5359 3145 5399 ac
3197 5339 3577 5397 maledicentia

2006 5444 2237 5491 suntex
2282 5433 2567 5492 affectione
2617 5434 2919 5489 iracundiae
2947 5450 2963 5488 :
2996 5434 3069 5488 ita
3125 5427 3577 5500 concupiscentiae

2010 5535 2140 5586 sunt
2170 5527 2454 5593 scortatio,
2506 5528 2862 5591 adulterium,
2912 5524 3279 5587 immunditia,
3343 5518 3575 5574 avaritia

2008 5635 2130 5688 quae
2168 5633 2485 5689 quanquam
2519 5635 2627 5674 non
2652 5633 2881 5689 corpora
2905 5658 2920 5684 ,
2973 5615 3191 5671 divitias
3235 5621 3417 5667 tamen
3441 5623 3577 5664 con-

2010 5712 2266 5780 cupiscit.
2305 5711 2432 5767 rNe
2452 5715 2765 5768 nominetur
2790 5710 3032 5779 quidem.
3069 5725 3086 5757 ι
3114 5702 3435 5760 Novitenim
3479 5715 3575 5758 eos

2009 5805 2102 5874 Qui
2131 5804 2198 5863 de
2231 5805 2315 5864 bis
2341 5806 2504 5862 rebus
2532 5806 2667 5860 ﬁunt
2698 5815 2995 5865 sermones,
3032 5797 3270 5855 fomitem
3295 5804 3345 5852 et
3374 5794 3576 5851 exhor-
