4000 6554
496 471 643 541 1235

1529 475 1926 539 (ECUMENII
1965 478 2255 540 TRICC/E
2287 475 2628 539 EPISCOPI

3630 477 3778 544 123G

488 585 754 640 tationem
799 583 916 640 ﬁeri
970 583 1038 639 ad
1069 598 1256 655 opera.
1290 603 1308 637 ι
1357 583 1514 639 Sicut
1549 584 1715 642 decet
1764 595 2006 651 sanctos,
2049 605 2068 640 ι

2181 585 2380 659 πρέπει
2403 589 2516 651 τοῖς
2551 585 2726 656 ἁγίοις
2752 579 2894 639 εἶναι
2935 583 3350 650 σπουδάζουσιν.
3415 603 3436 637 s
3499 585 3612 639 Καὶ
3679 585 3776 639 αι-

489 674 571 732 lta
603 691 839 747 namque
869 678 1022 731 decet
1040 691 1135 732 eos
1161 675 1252 746 qui
1285 677 1458 732 sancti
1515 693 1638 734 esse
1680 679 1925 735 student.
1956 698 1974 731 ι
2011 680 2076 735 Et

491 770 856 825 obsemnitas.
884 787 903 820 ι
927 767 1401 835 Quemadmodum
1445 777 1603 826 antea
1629 770 2074 828 vociferationem

494 861 725 916 abstulit
783 869 1045 932 tanquam
1082 861 1392 917 vehiculum
1419 862 1484 917 ad
1523 863 1680 928 iram,
1707 864 1782 919 ita
1831 873 1885 920 et
1927 881 2076 922 nunc

464 955 466 957 ’
493 953 913 1009 obscaenitatem
933 963 988 1009 et
1015 955 1381 1010 urbanitatem
1401 970 1462 1009 ac
1484 957 1908 1027 stultiloquium,
1927 958 2074 1028 quod

493 1043 669 1100 fomes
714 1047 825 1101 sint
909 1044 977 1100 ad
1043 1047 1506 1102 scortationen1.t
1543 1046 1674 1114 Quae
1711 1064 1819 1104 non
1869 1065 2072 1106 conve-

493 1137 677 1190 niunt.
711 1155 730 1188 ι
769 1136 846 1192 Ne
876 1138 1102 1194 odiosus
1143 1154 1399 1195 sermone
1433 1141 1706 1204 videatur,
1735 1141 1883 1211 quod
1906 1143 2072 1196 etiam

492 1227 860 1284 urbanitatem
887 1231 1312 1300 amputarerint,
1337 1247 1560 1288 causam
1594 1233 1878 1304 subiungit
1901 1253 1914 1290 :
1941 1233 2075 1302 Quae

492 1334 602 1374 non
625 1321 978 1388 conveniunt,
1010 1322 1208 1392 inquit.
1244 1321 1384 1390 Quid
1418 1325 1561 1378 enim
1595 1324 1709 1379 hate
1737 1325 1804 1380 ad
1837 1340 1936 1380 nos
1955 1340 2076 1395 per-

499 1413 718 1467 tinent?
749 1414 884 1467 nihil
907 1415 1064 1470 nobis
1100 1431 1226 1469 cum
1265 1416 1348 1470 his
1396 1432 1688 1472 commune
1737 1425 1842 1477 est.
1889 1417 2076 1488 Neque

495 1502 642 1557 enitn
680 1503 827 1559 risus
885 1512 979 1557 aut
1027 1505 1357 1562 urbanitatis
1395 1520 1491 1561 seu
1537 1507 1862 1562 facetiarum
1928 1523 2075 1564 nunc

494 1605 714 1666 tempus
747 1602 853 1662 est,
899 1595 995 1651 sed
1027 1598 1305 1666 passionis
1329 1613 1392 1653 ac
1420 1600 1762 1656 certaminis.
1791 1601 1869 1656 Ac
1913 1601 1960 1656 si
1989 1601 2073 1656 di-

475 1691 644 1744 'ceret
680 1689 888 1760 :Urget
942 1691 1189 1760 undique
1237 1689 1490 1746 diabolus
1543 1691 1779 1748 stridens
1817 1691 2074 1748 dentibus

493 1780 784 1836 adversum
822 1797 922 1838 nos
947 1797 1010 1838 ac
1035 1783 1282 1854 rugiens,
1316 1791 1371 1838 et
1403 1791 1459 1838 tu
1489 1783 1634 1840 ludis
1681 1801 1745 1840 ac
1782 1784 1957 1841 faceta
1983 1786 2070 1843 lo-

489 1874 804 1943 querisiet
861 1875 1140 1945 quomodo
1197 1876 1266 1931 ab
1301 1891 1366 1931 eo
1434 1876 1801 1932 liberabor-is?
1850 1877 2074 1934 Difﬁcile

485 1977 726 2034 namque
756 1974 840 2020 est
863 1974 1165 2021 certantem
1197 1967 1265 2022 ab
1297 1981 1362 2021 eo
1394 1966 1864 2040 liberari,qnanto
1896 1970 2072 2041 magis

483 2057 788 2112 ludentem.
844 2075 864 2110 ι
906 2056 1012 2114 Sed
1047 2059 1224 2132 magis
1259 2059 1562 2129 gratiarum
1630 2062 1796 2117 actio.
1858 2062 1967 2118 Pro
2007 2077 2075 2119 eo

483 2149 632 2202 enim
699 2150 842 2219 quod
874 2151 1051 2206 aliena
1083 2160 1192 2207 ate
1239 2168 1347 2206 non
1402 2152 1665 2222 loqueris,
1719 2153 1832 2210 Deo
1871 2155 2074 2226 gratias

483 2254 606 2311 age.
647 2238 784 2296 Nam
820 2242 921 2298 hoc
946 2245 1162 2300 scitote.
1232 2243 1406 2300 Erant
1455 2246 1711 2303 fortassis
1778 2248 1922 2304 inter
1975 2262 2074 2304 eos

481 2337 738 2391 nonnulli
771 2337 865 2407 qui
893 2337 1140 2393 dicerent
1169 2339 1334 2394 Deum
1369 2349 1629 2410 tanquam
1659 2349 1872 2396 terrere
1891 2339 2074 2396 volen-

481 2436 592 2481 tem
663 2429 779 2483 haac
820 2428 1084 2496 vetuisse,
1126 2446 1235 2500 quo
1310 2430 1588 2502 perfectos
1640 2433 1939 2489 redderet:
1978 2438 2074 2487 aut

485 2520 652 2574 etiam
677 2521 830 2591 parvi
853 2521 1126 2576 ducebant
1155 2523 1496 2593 hujusmodi,
1517 2524 1624 2597 47
1648 2526 1805 2596 quasi
1835 2541 1948 2581 non
1981 2539 2074 2582 εει

483 2613 560 2668 tis
589 2621 776 2667 essent
830 2623 890 2668 ut
917 2615 970 2668 in
1004 2615 1313 2686 gehennam
1377 2618 1717 2688 conjicerent
1758 2635 1774 2674 :
1809 2617 2074 2689 quemad-

481 2701 706 2758 modum
738 2715 793 2760 et
819 2717 967 2760 nunc
1019 2703 1238 2776 quoque
1294 2708 1516 2763 accidit.
1573 2707 1708 2762 Nam
1743 2723 1906 2778 quam
1970 2709 2072 2764 ab-

481 2793 710 2846 surdum
735 2804 840 2861 est,
885 2795 1164 2864 inquiunt,
1199 2798 1246 2853 si
1271 2815 1290 2848 ι
1318 2796 1366 2853 is
1385 2799 1477 2868 qui
1502 2799 1636 2853 dicit
1669 2813 1683 2852 :
1718 2797 1912 2864 Fatue.
1936 2816 2072 2858 reus

481 2887 588 2942 erit
625 2888 886 2956 gehennae
919 2890 991 2945 '°?
1027 2911 1045 2943 υ
1083 2901 1137 2947 et
1158 2893 1435 2960 quomodo
1459 2894 1693 2948 avaritia
1723 2902 1808 2951 est
1837 2895 2071 2951 idolola-

483 2979 590 3034 tria
622 2980 738 3036 sive
775 2981 1049 3038 idolorum
1078 2985 1296 3040 cultus?
1321 2986 1634 3056 llositaque
1657 2987 2070 3060 designatApo-

477 3072 680 3129 stolus.
723 3072 858 3128 Nam
896 3075 1000 3131 hoc
1039 3076 1355 3134 manifestat
1387 3079 1440 3134 id
1473 3078 1619 3150 quod
1669 3079 2064 3153 subjungitur:

477 3159 562 3216 Ne
609 3164 904 3234 quisquam
947 3180 1046 3222 vos
1098 3168 1334 3239 decipiat
1389 3168 1650 3225 inanibus
1689 3172 2064 3228 sermonibus.

2181 679 2436 750 σχρότης.
2470 699 2489 731 ι
2521 678 2734 746 ’Ὠσπερ
2761 677 2874 732 ἄνω
2895 676 2994 748 τὴν
3017 675 3266 748 κραυγὴν
3285 677 3559 748 περιεῖλεν
3573 677 3778 746 ὃχημα

2175 774 2274 843 τῆς
2307 771 2478 842 ὀργῆς
2508 771 2882 842 ὑπάρχουσαν,
2910 768 3054 822 οὕτω
3082 768 3178 823 νῦν
3218 768 3314 840 τὴν
3361 767 3770 838 αἰσχρολογίαν

2177 862 2274 918 καὶ
2293 862 2392 934 τὴν
2435 862 2830 933 εὐτραπέλειαν
2854 863 2949 914 καὶ
2991 861 3356 932 μωρολογίαν,
3422 861 3780 929 ὑπέκκαυμα

2176 955 2275 1026 τῆς
2290 955 2547 1026 πορνείας
2580 955 2975 1026 τυγχάνουσαν.
3005 953 3133 1024 «fre
3159 954 3262 1007 οὐκ
3287 953 3619 1022 ἀνήκοντα.»
3647 953 3782 1004 Ἵνα

2181 1050 2256 1121 μὴ
2278 1048 2406 1123 δόξῃ
2439 1049 2697 1120 φορτικὸς
2748 1043 2890 1101 εἶναι
2915 1048 3011 1102 καὶ
3057 1047 3155 1118 τὴν
3181 1045 3581 1115 εὐτραπέλειαν
3603 1045 3784 1099 ἐκκό-

2177 1156 2351 1207 πτων,
2399 1138 2499 1210 τὴν
2540 1138 2719 1192 αἰτίαν
2766 1138 2984 1207 ἐπάγει.
3019 1138 3100 1191 Τὰ
3145 1137 3221 1207 μὴ
3267 1138 3560 1207 ἀνήκοντα,
3601 1138 3775 1208 φησί.

2177 1232 2244 1286 Τί
2273 1233 2382 1304 γὰρ
2411 1230 2548 1302 πρὸς
2591 1231 2740 1301 ἡμᾶς
2765 1229 2974 1295 satira;
3019 1230 3172 1282 οὐδὲν
3212 1229 3392 1282 κοινὸν
3448 1230 3584 1299 ἡμῖν
3623 1231 3778 1298 πρὸς

2177 1325 2337 1379 αὐτὰ.
2373 1325 2450 1378 Ού
2469 1324 2580 1396 γὰρ
2605 1323 2843 1392 γέλωτος
2869 1321 2902 1395 ἢ
2933 1321 3326 1394 εὐτραπελείας
3353 1324 3381 1376 ό
3416 1321 3611 1393 παρὼν
3640 1339 3779 1374 xm-

2177 1417 2290 1488 ρδς,
2308 1415 2445 1470 ἀλλὰ
2469 1414 2675 1478 πάθους
2699 1418 2795 1468 καὶ
2821 1414 3052 1482 ἀγῶνος,
3083 1412 3216 1466 ὡσεὶ
3238 1413 3448 1482 ἔλεγεν,
3493 1414 3776 1483 Ἑφέστη-

2175 1526 2270 1564 κεν
2297 1507 2587 1572 ὁδιάὁολος
2626 1507 2909 1573 πάντοθεν,
2936 1504 3138 1576 τρίξων
3176 1507 3303 1567 τοὺς
3355 1505 3578 1568 ὀδόντας
3637 1505 3774 1558 καθ’

2175 1600 2358 1673 ἡμῶν,
2389 1599 2483 1653 καὶ
2528 1597 2866 1670 ὠρυόμενος,
2929 1596 3022 1650 καὶ⁵
3072 1598 3137 1650 σὺ
3195 1594 3418 1659 παίζεις
3447 1597 3545 1649 καὶ
3569 1597 3775 1649 ἀστεῖα

2175 1693 2391 1758 λαλείς;
2427 1691 2538 1745 Καὶ
2593 1690 2709 1754 πῶς
2764 1688 2932 1744 αὑτοῦ
2986 1687 3270 1761 neptim;
3319 1686 3592 1758 Δυσχερές
3653 1688 3775 1757 γὰρ

2177 1785 2583 1855 ἀγωνιζόμενον
2636 1782 2802 1836 αὐτοῦ
2855 1781 3268 1855 περιγενέσθαι,
3326 1781 3457 1851 μήτι
3513 1798 3582 1849 γε
3635 1780 3778 1834 παι-

2176 1879 2355 1945 ζοντα.
2390 1898 2409 1930 ι
2461 1875 2625 1929 Ἀλλὰ
2653 1875 2854 1948 μᾶλλον
2880 1873 3224 1945 εὐχαριστία.
3262 1892 3283 1928 s
3346 1873 3488 1927 ‘AVO‘
3514 1866 3594 1928 ὧν
3652 1873 3775 1944 γὰρ

2177 1969 2244 2022 τὰ
2269 1966 2524 2037 ἀλλότρια
2573 1981 2666 2018 σου
2708 1965 2783 2036 μὴ
2834 1964 3070 2036 φθέγγῃ,
3116 1963 3433 2034 εὐχαρίστει
3486 1961 3570 2033 τῷ
3618 1961 3771 2031 Θεῷ.

2177 2062 2350 2117 Τοῦτο
2383 2062 2492 2133 γὰρ
2516 2061 2655 2116 ἴστε.
2684 2055 2868 2114 ’Ἦσαν
2897 2057 3026 2123 ἴσως
3056 2059 3200 2122 τινές
3221 2057 3553 2130 παράύτοῐς
3578 2058 3629 2109 ot
3676 2055 3772 2108 λέ-

2175 2171 2382 2224 γοντες,
2423 2155 2506 2208 ὅτι
2540 2153 2776 2224 φοϐῆσαι
2807 2151 2976 2206 θέλων
3006 2149 3185 2213 όΘεδς
3212 2147 3386 2203 ταῦτα
3410 2148 3767 2220 ἀπηγόρευσε

2174 2247 2246 2304 τὰ
2315 2247 2534 2318 ἐκτελῆ,
2594 2244 2628 2318 ἢ
2679 2247 2772 2299 καὶ
2825 2241 3178 2313 ἐξεφαύλιζον
3222 2241 3293 2296 τὰ
3347 2240 3596 2307 τοιαῦτα,
3655 2240 3765 2311 οὐχ

2177 2341 2340 2395 ίκανὰ
2372 2339 2502 2394 ὄντα
2530 2339 2610 2402 είς
2650 2338 2878 2407 γέενναν
2909 2336 3192 2407 ἐμϐαλεῖν,
3233 2329 3323 2389 οἷα
3346 2335 3441 2389 καὶ
3471 2333 3572 2390 νῦν
3611 2335 3764 2404 γίνε-

2173 2450 2286 2488 ται.
2325 2432 2391 2486 Τί
2424 2431 2563 2503 γὰρ,
2597 2431 2752 2500 φασὶ,
2814 2429 2876 2484 τὸ
2921 2429 3142 2496 ἄτοπον,
3176 2430 3224 2483 εί
3271 2448 3290 2480 ι
3329 2427 3522 2492 εἰπὼν,
3567 2427 3760 2498 Μωρέ,

2174 2523 2355 2593 ἔνοχος
2393 2523 2687 2592 γενήσεται
2714 2522 2938 2590 γεέννης
2968 2537 2984 2587 ;
3013 2539 3032 2571 ι
3075 2522 3190 2575 Καὶ
3231 2519 3351 2583 πῶς
3376 2521 3410 2591 ἠ
3447 2518 3758 2585 πλεονεξία,

2173 2613 2588 2682 είδωλολατρεία
2614 2628 2629 2677 ;
2679 2610 2916 2674 Τούτους
2936 2609 3028 2665 οὖν
3059 2611 3357 2666 αἰνίττεται
3389 2611 3418 2663 ό
3489 2609 3755 2663 ’Δπόπο-

2173 2707 2284 2769 λος.
2317 2705 2478 2774 Δηλοί
2507 2704 2666 2775 γὰρὴ
2691 2703 2984 2772 ἐπαγωγήο
3009 2701 3216 2773 Μηδεὶς
3231 2701 3381 2772 ὑμᾶς
3407 2699 3754 2767 ἐξαπατάτω,

2175 2797 2329 2868 φησι,
2364 2798 2542 2859 κενοῖς
2573 2793 2775 2864 λόγοις.
2811 2794 3004 2858 Κενοῐς
3027 2793 3106 2860 δὲ,
3144 2795 3256 2857 τοῖς
3317 2792 3392 2864 μὴ
3453 2791 3642 2863 έχουσι
3693 2789 3758 2844 τὸ

2174 2889 2428 2945 ἐλπισθὲν
2458 2889 2639 2952 αὐτοῖς
2673 2887 2847 2959 πέρας
2882 2888 3018 2960 μηδὲ
3065 2887 3145 2950 είς
3195 2885 3358 2958 ἔργον
3414 2884 3750 2939 ἐκϐαίνουσι.

2179 3003 2199 3036 ι
2250 2981 2452 3053 Μηδεὶς
2483 2983 2627 3052 ὑμᾶς
2657 2981 2944 3035 ἀπατάτω.
2994 2999 3013 3033 s
3059 2981 3202 3050 'Apa
3241 2979 3460 3050 ἀπάτης
3502 2977 3641 3041 ἐστὶ,
3695 2977 3753 3030 τὸ

2172 3076 2240 3130 τὰ.
2267 3074 2490 3129 τοιαῦτα
2521 3074 2722 3128 λαλεῖν.
2756 3091 2776 3126 ι
2818 3072 2916 3125 Διὰ
2943 3071 3114 3126 ταῦτα
3138 3070 3248 3143 γὰρ
3271 3069 3493 3141 ἔρχεται
3531 3070 3566 3139 ἡ
3618 3068 3752 3137 ὀργὴ

2171 3169 2265 3223 τοῦ
2295 3167 2452 3223 θεοῦ.
2487 3186 2506 3219 ι
2538 3167 2635 3220 Διὰ
2667 3165 2766 3237 τὴν
2808 3164 3068 3238 πορνείαν
3123 3165 3219 3218 καὶ
3259 3162 3608 3234 ἀκαθαρσίαν
3662 3161 3753 3214 καὶ

478 3253 745 3311 lnanibus
778 3267 985 3323 autem,
1028 3267 1089 3314 ut
1120 3261 1210 3330 qui
1239 3276 1349 3316 non
1389 3260 1596 3318 habent
1628 3263 1923 3317 terminum
1968 3265 2061 3334 qui

2176 3265 2237 3318 τὰ
2264 3263 2449 3327 λοιπὰ,
2479 3263 2513 3333 ἢ
2537 3261 2627 3316 διὰ
2654 3261 2780 3326 τοὺς
2807 3258 3086 3324 τοιούτους
3149 3259 3362 3328 λόγους.
3437 3257 3753 3321 ’Δπειθείας

481 3345 550 3401 ab
575 3347 712 3418 ipsis
777 3361 1148 3422 exspectatur,
1205 3369 1384 3425 neque
1417 3354 1484 3409 ad
1527 3371 1666 3426 opus
1715 3359 2062 3426 perveniunt.

2167 3357 2226 3411 δέ
2257 3355 2430 3418 υἱοὺς.
2461 3357 2586 3418 τοὺς
2619 3354 2984 3417 ἀπειθοῦντας
3027 3355 3141 3413 τοῖς
3198 3352 3465 3414 τοιούτοις
3519 3349 3753 3418 δόγμασι

483 3457 504 3491 s
543 3440 623 3495 Ne
645 3442 938 3512 quisquam
978 3461 1078 3501 vos
1122 3445 1386 3518 decipiat.
1421 3467 1440 3500 ι
1489 3447 1837 3520 Deeeptiouis
1881 3451 2064 3520 itaque

2176 3445 2336 3516 λέγει.
2388 3441 2526 3498 Ἧτε
2549 3445 2656 3515 γάρ
2684 3461 2811 3497 ποτε
2839 3443 3048 3507 σκότος.
3099 3442 3535 3512 ’Δναμιμνήσκει
3557 3439 3752 3502 αὐτοὺς

477 3540 564 3585 est
607 3530 756 3602 loqui
797 3533 1200 3602 hujuscemodi.
1232 3556 1251 3589 ι
1285 3536 1518 3610 Propter
1573 3539 1690 3594 haec
1722 3542 1869 3596 enim
1915 3542 2066 3597 venit

479 3624 564 3677 ira
612 3621 728 3680 Dei.
769 3643 791 3677 ι
843 3625 1047 3697 Nempe
1096 3638 1321 3699 propter
1374 3634 1791 3698 scortationem,
1823 3634 2064 3690 immun-

477 3716 671 3772 ditiam
693 3757 709 3783 ,
744 3728 800 3775 et
825 3729 1022 3776 caetera
1052 3729 1067 3775 :
1119 3730 1234 3786 aut,
1261 3732 1491 3795 propter
1518 3725 1902 3796 hujuscemodi
1945 3741 2066 3784 ser-

2164 3540 2265 3610 τῆς
2292 3539 2566 3610 προτέρας
2615 3537 2914 3601 πολιτείας.
2950 3536 3148 3599 Σκότος
3206 3531 3330 3606 ἦτε,
3363 3534 3522 3605 φησί.
3559 3534 3754 3596 Σκότος

2165 3634 2223 3688 δὲ
2270 3634 2420 3702 λέγει
2466 3632 2558 3687 τόν
2599 3634 2656 3686 ἐν
2689 3633 2869 3704 πλάνῃ
2906 3630 3041 3704 βίον.
3089 3631 3181 3702 Μὴ
3223 3631 3405 3684 τοίνυν
3459 3628 3751 3700 παλινδρο-

2171 3725 2383 3797 μήσητε
2412 3725 2550 3797 πρὸς
2586 3726 2649 3780 τὸ
2673 3726 2886 3788 σκότος.

476 3825 693 3867 mones.
720 3809 1108 3868 lnobedientiae
1140 3822 1323 3868 autem
1354 3815 1497 3872 ﬁlios
1527 3815 1662 3870 dicit
1687 3830 1784 3873 eos
1812 3817 1906 3887 qui
1939 3831 2050 3872 non
2088 3824 2286 3886 parent
2312 3814 2592 3871 similibus
2621 3815 2917 3888 dogmatis.
2957 3833 2976 3866 ι
3010 3813 3191 3871 Eratis
3255 3813 3402 3869 enim
3473 3827 3750 3885 quondam

477 3905 738 3961 tenebrae.
781 3925 802 3957 ι
849 3907 928 3962 Ad
968 3908 1285 3964 memoriam
1335 3910 1468 3980 ipsis
1498 3923 1721 3970 revocat
1749 3913 1986 3982 priorem
2046 3910 2547 3971 conversationem.
2578 3907 2860 3976 Tenebrze,
2897 3911 3095 3981 inquit,
3135 3910 3321 3966 eratis.
3373 3909 3521 3964 Dicit
3574 3919 3750 3963 autem

477 4001 737 4057 tenebras
777 4001 942 4057 vitam
974 4017 1096 4073 quae
1143 4004 1201 4058 in
1237 4019 1426 4062 errore
1451 4007 1740 4079 agebatur.
1791 4007 1871 4063 Ne
1901 4007 2068 4078 igitur
2103 4020 2329 4062 rursum
2361 4005 2602 4062 curratis
2629 4005 2696 4060 ad
2726 4006 3004 4062 tenebras.

1037 4121 1268 4178 CAPUT
1317 4123 1454 4181 Vlll.

473 4229 628 4310 Quod
652 4229 820 4286 vivere
857 4231 1078 4289 debeant
1109 4236 1313 4310 decenti
1338 4235 1492 4293 modo
1522 4240 1688 4310 juxta
1740 4242 2051 4310 sanctiﬁca-

545 4303 742 4381 tionem
772 4317 1054 4381 arguentes
1084 4308 1213 4381 vitia
1251 4312 1493 4377 operibus
1522 4303 1656 4365 'non
1697 4303 2050 4381 sermonibus,

541 4374 730 4442 repleti
752 4375 946 4442 spiritu
970 4392 1065 4445 per
1088 4374 1347 4447 psalmos,
1371 4397 1473 4435 non
1501 4383 1641 4438 vino.

541 4465 609 4531 ν,
640 4465 793 4521 9-H.
823 4465 890 4521 Ut
929 4469 1034 4538 ﬁlii
1097 4472 1230 4526 lucis
1289 4473 1580 4530 ambulate.
1643 4473 1790 4530 Nam
1843 4477 2050 4545 fructus

2796 4123 3034 4178 ΚΕΦΔΛ
3067 4123 3146 4176 H'.

2155 4236 2295 4306 Περὶ
2325 4235 2433 4290 τοῦ
2469 4231 2576 4305 ζῇν
2601 4234 2862 4301 ἐπαξίως
2899 4234 3007 4290 τοῦ
3064 4234 3385 4306 ἁγιασμοῦ,
3412 4239 3615 4303 ἔργοις
3647 4235 3754 4303 τὴν

2226 4307 2445 4393 κακίαν
2521 4307 2914 4393 ξυλεῖ-κοίτας,
2986 4308 3091 4393 ὀύ,
3151 4307 3377 4393 λόγοις,
3462 4308 3751 4377 πνεύματι

2225 4373 2696 4447 πληρουμένους
2725 4375 2826 4430 διὰ
2877 4373 3154 4446 ψαλμῶν,
3173 4373 3261 4447 μὴ
3298 4376 3465 4444 οϊνῳ.

2236 4471 2336 4535 Ὠς
2369 4469 2552 4523 τέκνα
2575 4467 2774 4538 φωτὸς
2800 4468 3198 4537 περιπατεῖτε.
3243 4467 3306 4522 '0
3353 4469 3466 4538 γὰρ
3514 4469 3741 4537 καρπὸς

472 4561 702 4631 spiritus
727 4561 862 4615 situs
891 4572 970 4616 est
1003 4563 1058 4616 in
1101 4565 1246 4618 omni
1267 4565 1501 4621 bonitate
1535 4577 1585 4623 et
1601 4569 1820 4638 justitia
1851 4580 1900 4625 et
1923 4572 2058 4625 veri-

2176 4562 2270 4616 τοῦ
2299 4562 2645 4630 πνεύματος
2676 4561 2746 4616 ὲν
2767 4560 2936 4631 πάσῃ
2967 4562 3331 4632 ἀγαθωσύνῃ
3351 4561 3448 4616 καί
3478 4564 3744 4631 ἀληθείᾳ,

474 4663 607 4718 tate,
653 4653 941 4723 probantes
981 4659 1108 4727 quid
1161 4659 1230 4712 sit
1263 4669 1534 4730 acceptum
1570 4662 1816 4718 Domino.
1880 4663 1952 4718 Et
1993 4681 2056 4720 ne

2176 4652 2582 4723 Βοκιμάζοντες
2609 4654 2668 4708 τί
2685 4653 2862 4708 ἐστιν
2898 4653 3233 4724 εὐάρεστον
3263 4653 3345 4720 τῷ
3387 4657 3609 4725 Κιῳὶῳ.
3642 4656 3744 4711 Καὶ

474 4743 848 4797 commercium
908 4743 1203 4801 habueritis
1247 4761 1367 4802 cum
1421 4753 1662 4820 operibus
1721 4753 2057 4824 infrugiferis

2176 4746 2246 4815 μὴ
2275 4744 2736 4815 συνκοινωνεῖτε
2757 4747 2884 4812 τοῖς
2908 4745 3104 4817 ἔργοις
3162 4745 3264 4800 toi
3290 4747 3591 4817 ἀκάρποις
3645 4745 3746 4802 τοῦ

476 4833 835 4900 tenebrarum,
863 4837 988 4906 quin
1022 4853 1084 4892 ea
1101 4840 1280 4907 potius
1313 4842 1477 4896 etiam
1509 4845 1740 4914 arguite.
1772 4845 1917 4900 Nam
1936 4862 2055 4917 qute

2176 4839 2445 4905 γκότους.
2475 4837 2733 4894 Μᾶλλον
2765 4838 2834 4893 δὲ
2854 4840 2953 4895 καί
2975 4839 3279 4911 ἐλέγχετε.
3318 4841 3399 4894 Τὰ
3422 4841 3535 4909 γὰρ
3552 4837 3746 4909 κρινρῇ

475 4933 680 4978 secreto
709 4925 847 4995 ﬁunt
867 4928 932 4980 ab
965 4928 1106 4991 istis.
1132 4942 1284 5001 turpe
1299 4941 1378 4986 est
1410 4934 1488 4988 vel
1515 4933 1694 4990 dicere
1719 4953 1738 4991 :
1760 4937 1852 4991 sed
1876 4941 2056 4994 omnia

473 5013 602 5066 dum
641 5016 938 5082 probantur
979 5034 1013 5072 a
1054 5018 1172 5075 luce
1221 5022 1510 5092 manifesta
1563 5025 1719 5093 ﬁunt.
1784 5027 2055 5096 Quidquid

471 5102 615 5156 enim
639 5103 978 5174 manifestum
1002 5108 1246 5165 redditur
1276 5112 1370 5166 tua:
1396 5124 1496 5168 est.
1529 5114 1864 5186 Quapropter
1887 5117 2055 5176 dicit:

474 5192 860 5264 Expergiscere
879 5197 971 5266 qui
985 5197 1189 5257 dormis
1206 5211 1256 5257 et
1290 5221 1448 5276 surge
1477 5223 1510 5260 α
1563 5209 1807 5274 mortuis,
1838 5226 1901 5263 ac
1921 5209 2053 5264 iliu-

471 5284 700 5340 minabit
731 5294 781 5340 te
811 5284 1083 5344 Christus.

541 5375 658 5466 48
689 5395 708 5428 ‹
736 5374 809 5433 Ut
830 5376 928 5432 ﬁlii
969 5377 1132 5436 lucis.
1169 5400 1189 5435 ι
1247 5383 1359 5442 Hoc
1403 5397 1488 5442 est
1525 5389 1775 5446 honeste.
1821 5391 1879 5447 In
1933 5393 2056 5449 luce

473 5471 624 5526 enim
655 5471 894 5543 quisque
925 5469 1271 5530 honestatem
1309 5489 1590 5547 procurat.
1625 5481 1788 5537 «Nam
1842 5483 2056 5542 fructus

2176 5485 2260 5540 Ἐν
2283 5488 2400 5559 γὰρ
2430 5488 2573 5558 φωτὶ
2620 5489 2731 5551 πᾶς
2772 5505 2855 5552 τις
2905 5487 3000 5542 τοῦ
3051 5490 3330 5559 εύσχήμου
3381 5487 3620 5556 προνοεῖ.
3649 5485 3740 5536 ιὈ

471 5563 727 5632 spiritus.
774 5582 794 5616 ι
835 5563 1168 5635 Huiusmodi
1200 5566 1412 5624 fructus
1467 5573 1676 5641 profert
1731 5575 1961 5644 spiritus
1991 5591 2057 5633 ac

2176 5581 2268 5652 γὰρ
2300 5581 2513 5651 καρπὸς
2548 5580 2644 5634 τοῦ
2679 5582 2993 5652 πνεύματος
3021 5623 3035 5637 .
3075 5601 3093 5635 ι
3135 5581 3375 5636 Τοιαῦτα
3407 5578 3740 5652 καρποφορεῖ

468 5653 832 5726 spirituales:
872 5656 966 5712 alii
1021 5673 1154 5728 ergo
1215 5659 1428 5717 fruetus
1467 5673 1598 5718 sunt
1651 5663 1885 5722 Satanae.
1942 5686 1962 5720 ι
1996 5669 2053 5724 1η

2176 5673 2225 5726 εδ
2256 5671 2492 5742 πνεῦμα.
2522 5674 2618 5728 καὶ
2658 5676 2708 5727 oi
2764 5677 3149 5746 πνευματικοὶ,
3199 5676 3276 5740 ὡς
3313 5675 3382 5728 τά
3433 5691 3499 5742 γε
3561 5673 3733 5738 ἕτερα,

476 5747 628 5801 omni
661 5745 932 5802 bonitate.
975 5768 993 5800 ι
1049 5749 1160 5806 Hoc
1203 5751 1369 5808 veluti
1423 5753 1490 5810 ad
1546 5755 1842 5815 iracundos
1881 5766 1936 5816 ct
1970 5759 2060 5834 ad

2176 5762 2264 5818 τοῦ
2295 5763 2511 5820 Σατανᾶ
2538 5765 2642 5818 είσι
2666 5767 2886 5836 καρποί.
2943 5786 2960 5820 ι
3011 5767 3098 5820 Ἐν
3140 5767 3290 5837 πάσῃ
3329 5763 3676 5836 ἀγαθωσύνῃ.
3708 5780 3725 5811 ο

2159 4933 2446 5003 γινόμενα
2475 4931 2576 4988 ὑπ’
2601 4932 3106 5004 αὐτῶν,αίσχρόν
3125 4935 3258 4988 ἐστι
3288 4932 3391 4988 καί
3419 4935 3644 5003 λέγειν.
3675 4931 3744 4987 Τὰ

2157 5023 2228 5078 δὲ
2243 5024 2442 5079 πάντα
2469 5025 2844 5097 ἐλεγχόμενα
2901 5026 3022 5083 ὑπὸ
3054 5026 3163 5081 τοῦ
3194 5029 3396 5096 φωτὸς
3455 5025 3744 5096 φανεροῦ-

2158 5132 2274 5170 ται.
2296 5115 2429 5171 Πᾶν
2459 5115 2571 5186 τὰρ
2599 5117 2668 5172 τὸ
2695 5118 3155 5188 φανερούμενον
3179 5115 3309 5186 φῶς
3338 5117 3496 5170 ἐστι.
3525 5120 3622 5170 Διὸ
3648 5115 3742 5170 .té-

2153 5223 2262 5277 γει,
2283 5207 2474 5278 ἔγειρε
2492 5210 2526 5262 ό
2549 5210 2858 5264 καθεύδων
2873 5209 2970 5264 καὶ
2989 5210 3227 5265 ἀνάστα
3247 5209 3317 5263 ἐκ
3344 5207 3467 5262 τῶν
3496 5209 3739 5278 νεκρῶν,

2157 5301 2256 5356 καί
2287 5302 2614 5370 ἐπιφαύσει
2641 5319 2742 5356 σοι
2775 5303 3105 5371 δΧριστός.

2233 5413 2254 5448 ι
2301 5395 2392 5458 Ὦς
2443 5395 2614 5449 τέκνα
2686 5397 2908 5464 φωτόςο
2949 5417 2968 5448 ι
3031 5397 3334 5463 τουτέστιν,
3369 5395 3740 5468 εὐσχημόνως-

543 5919 591 5959 ⁸υ
625 5919 818 5984 Matth.
843 5943 899 5997 ν,
921 5925 1012 5982 22.

510 6025 540 6042 Α
