4000 6550
329 458 468 530 1131

1344 455 1727 518 COMMENT.
1769 455 1846 515 ια
1890 455 2126 516 EPIST.
2170 415 2573 519 AD'EPIIES.

3458 454 3608 522 1238

327 584 501 640 Τοῦτο
556 582 630 645 ὡς
663 581 802 651 πρὸς
831 580 958 644 τοὺς
994 578 1405 651 ὀργιζομένους,
1464 577 1601 648 πρὸς
1648 575 1775 639 τοὺς
1820 592 1906 629 πι-

2014 573 2386 632 amarulentos
2437 575 2693 630 refertur.
2727 574 2882 642 Quod
2912 582 3094 630 autem
3124 573 3275 630 addit
3302 592 3315 629 :
3339 572 3594 641 iustitia,

327 675 516 749 κρούς.
558 675 633 730 Tb
664 674 745 739 δὲ,
779 672 1133 744 Δικαιοσύνη,
1182 672 1260 735 ὡς
1297 671 1435 742 πρὸς
1498 671 1627 733 τοὺς
1683 669 1907 723 πλεονέ-

327 787 485 833 κτας.
518 767 593 823 Tb
610 768 693 830 δὲ,
729 765 1005 838 Ἀληθείᾳ,
1037 765 1115 829 ὡς
1145 765 1279 836 πρὸς
1313 765 1443 827 τοὺς
1464 763 1565 834 τὴν
1589 761 1763 835 ψευδῆ
1808 762 1909 833 τῆς

325 862 626 923 ἀκολασίας
653 861 746 915 καὶ
776 858 1054 931 ἁμαρτίας
1082 856 1378 922 διώκοντας
1424 857 1639 929 ἡδονήν.
1694 875 1713 909 ι
1750 858 1909 911 Δοκι-

328 953 594 1026 μάζοντες
620 951 673 1007 τί
712 952 860 1005 ἐστιν
891 950 1183 1021 εὐάρεστον
1208 949 1291 1023 τῷ
1326 949 1537 1021 Κυρίῳ.
1569 968 1588 1002 ι
1624 949 1768 1021 Ἀρα
1789 950 1910 1003 ἀδο-

325 1048 491 1119 κίμου
514 1047 611 1101 καὶ
643 1047 903 1117 παιδικῆς
962 1046 1200 1112 διανοίας
1258 1046 1324 1101 τά
1391 1046 1547 1103 ἄλλα.
1604 1064 1624 1100 ι
1670 1046 1780 1101 Καὶ
1833 1045 1908 1117 μὴ

326 1142 742 1211 συγκοινωνεῖτε
775 1141 887 1203 τοῖς
913 1140 1115 1210 ἔργοις.
1143 1139 1446 1214 »-[ΦΩΤ.]
1479 1139 1653 1212 Ἔργα
1685 1139 1910 1204 σκότους

324 1227 445 1286 εἶπε
474 1230 708 1301 γενικῶς
734 1231 1011 1301 ὀνομάσας
1043 1233 1226 1287 πᾶσαν
1249 1232 1552 1304 ἁμαρτίαν.
1579 1232 1678 1286 Διά
1727 1231 1781 1286 τί
1825 1231 1905 1295 δὲ,

323 1324 516 1392 φησὶν,
542 1324 643 1377 οὐκ
673 1321 972 1396 ἐπεξῆλθον
1002 1325 1241 1395 ἑκάστην
1266 1325 1446 1379 αὐτῶν
1478 1325 1739 1394 ὀνομαστὶ
1770 1326 1910 1396 πρᾶ-

324 1414 446 1482 ξιν·;
494 1416 577 1469 ὅτι
617 1415 713 1470 καὶ
744 1417 801 1469 ἐν
840 1415 992 1487 αὐτῷ
1022 1415 1101 1488 τῷ
1135 1417 1318 1486 λέγειν
1373 1417 1566 1482 αύτὰς,
1617 1420 1910 1490 αἰσχρότη-

318 1525 415 1569 τος
474 1507 778 1580 πληροῦται
810 1509 908 1563 καὶ
952 1513 981 1565 ὁ
1010 1509 1243 1577 ἐπεξιὼν
1267 1511 1459 1576 αὐτάς.
1506 1542 1565 1555 -—
1595 1515 1674 1569 Ἦ
1694 1514 1905 1579 οὕτως.

332 1599 638 1670 Ἐλέγχετε,
662 1604 817 1670 φησὶ,
840 1604 907 1671 τῇ
934 1603 1236 1674 παραθέσει
1262 1603 1355 1659 τοῦ
1381 1607 1585 1662 οἰκείου
1614 1607 1752 1679 βίου’
1788 1608 1910 1664 ούδέ

323 1692 437 1764 γάρ
465 1693 609 1762 λέγω
640 1694 882 1765 ἐλέγχειν
904 1697 1121 1761 αὐτοὺς,
1139 1697 1236 1762 τὰς
1257 1697 1487 1768 πράξεις
1503 1700 1684 1755 αὐτῶν
1743 1703 1909 1771 ἐπεξ-

323 1785 508 1850 ιόντας
533 1786 730 1852 αὐτοὺς
747 1788 840 1844 καὶ
852 1788 1363 1856 ὁνειδίζοντας.οἷδα
1387 1794 1497 1866 γὰρ
1525 1794 1605 1849 ὃτι
1623 1798 1731 1861 τοῖς
1745 1815 1913 1852 σπου-

321 1877 495 1943 δαίοις
519 1880 611 1934 καὶ
626 1880 686 1934 τὸ
696 1880 832 1946 ὅλως
860 1882 1217 1954 μνημονεύειν
1234 1885 1434 1953 αὐτῶν,
1454 1887 1909 1963 αίσχρότηςνομί-

2014 666 2080 720 ad
2115 681 2311 724 avaros
2339 685 2353 724 :
2382 667 2628 724 Veritate
2668 683 2818 735 vero,
2848 676 3111 738 tanquam
3142 667 3210 724 ad
3240 682 3337 724 eos
3361 667 3453 739 qui
3489 666 3597 722 fal-

2016 759 2442 817 samveritalem
2475 769 2895 832 prosequuntur
2949 776 3072 831 qua:
3131 767 3216 816 cst
3255 760 3309 815 in
3366 759 3596 816 lascivia

2014 857 2071 903 et
2099 859 2343 920 peccato.
2378 869 2398 904 ι
2422 851 2724 908 Prohantes
2740 850 2870 922 quid
2900 849 2973 907 sit
3005 857 3289 921 acceptum
3303 849 3595 904 Domino.»

2015 940 2223 997 Caetera
2252 941 2434 1013 itaque
2470 942 2703 1015 reproba
2723 952 2854 999 sunt
2883 943 3192 1014 mentisque
3220 941 3468 1013 puerilis.
3498 941 3598 997 «Et

2016 1047 2086 1088 ne
2108 1035 2500 1090 commercium
2534 1036 2975 1094 habueritiscum
3013 1035 3294 1108 operibus.
3340 1053 3360 1088 ι
3417 1034 3597 1105 Opera

2017 1125 2156 1180 dixit
2209 1127 2467 1183 tenebras
2499 1130 2741 1200 generali
2799 1129 3066 1186 vocabulo
3093 1128 3383 1184 nominans
3433 1141 3598 1183 omne

2019 1224 2324 1285 peccatum.
2356 1217 2539 1285 Quare
2562 1229 2742 1274 autem
2770 1234 2881 1274 non
2921 1217 3198 1285 recensni,
3255 1215 3454 1286 inquit,
3491 1231 3596 1270 no-

2016 1309 2262 1364 minatim
2287 1310 2532 1381 singulas
2578 1311 2819 1381 ipsorum
2854 1309 3137 1367 actiones?
3181 1309 3310 1381 quia
3343 1308 3508 1363 etiam
3538 1306 3596 1361 in

2017 1399 2137 1470 ipso
2190 1411 2316 1456 actu
2358 1402 2681 1459 recensendi
2738 1403 2862 1459 illas
2915 1401 3258 1473 turpitudine
3315 1399 3594 1470 oppletur,

2014 1495 2178 1550 etiam
2202 1495 2250 1551 is
2271 1495 2364 1567 qui
2394 1504 2645 1554 recenset
2665 1511 2856 1552 eas.—
2871 1494 2975 1550 Aut
3005 1495 3103 1551 hoc
3136 1493 3313 1551 modo.
3336 1493 3594 1564 Arguite,

2017 1587 2217 1659 inquit,
2266 1589 2681 1660 comparatione
2711 1588 2951 1660 propria
3002 1590 3128 1643 vitae.
3162 1597 3179 1640 :
3217 1600 3396 1657 neque
3447 1583 3597 1640 enim

2017 1678 2143 1734 dico
2162 1687 2221 1734 ut
2249 1681 2496 1752 arguatis
2519 1696 2615 1737 eos
2651 1679 2992 1737 recensendo
3039 1679 3175 1751 ipsis
3221 1694 3286 1735 ac
3319 1678 3601 1749 imprope-

2017 1769 2190 1825 rando
2224 1784 2354 1825 suas
2383 1770 2653 1827 actiones.
2692 1769 2822 1826 Scio
2849 1785 3088 1840 namque
3110 1773 3257 1840 quod
3288 1768 3479 1839 probis
3509 1766 3597 1823 vel

2016 1862 2180 1918 etiam
2196 1863 2476 1918 minimam
2493 1863 2674 1920 facere
2689 1862 2907 1919 illarum
2934 1864 3291 1928 mentionem,
3310 1860 3599 1933 turpitudo

324 1972 500 2035 ζεται.
540 1972 708 2028 Οὐδὲν
727 1972 837 2047 γάρ
859 1949 1101 2040 ἐλαττον,
1128 1978 1283 2047 φησὶ,
1305 1949 1716 2051 τῶν-ὑμετέρων
1732 1949 1906 2055 ἐργων

2014 1952 2249 2008 dicatur.
2313 1951 2595 2024 Siquidem
2656 1968 2768 2009 non
2805 1952 3013 2019 minus,
3057 1954 3255 2024 inquit,
3298 1951 3597 2008 virtutibus

323 2066 445 2127 ταῖς
500 2065 725 2133 ἀρεταῖς
787 2068 1218 2139 ἀστραπτόντων
1290 2071 1738 2145 ἐλεγχθήσονται,
1785 2075 1818 2147 ἢ
1861 2079 1909 2131 εί

323 2156 414 2210 διὰ
457 2157 631 2226 λόγων
676 2176 761 2225 τις
791 2160 990 2225 αὐτοὺς
1011 2161 1403 2220 ἀνεκάλυπτεν·
1429 2166 1564 2222 ἀλλὰ
1597 2168 1911 2241 καὶμᾶλλον

325 2246 541 2301 ἅπαντα
569 2247 636 2302 τά
661 2247 798 2319 ἔργα
822 2250 1002 2305 αὐτῶν
1056 2250 1147 2305 διὰ
1171 2252 1267 2306 τοῦ
1299 2252 1479 2320 φωτὺς
1509 2253 1605 2310 τοῦ
1639 2254 1906 2329 ὑμετέρου

329 2338 448 2407 βίου
477 2339 758 2411 ἐλέγχεται
786 2343 881 2397 καὶ
940 2344 1505 2409 ἀποκαλύπτεταικαὶ
1528 2360 1533 2371 ’
1557 2347 1906 2421 φανεροῦται.

327 2431 711 2502 Φ.νερούμενα
766 2434 821 2488 δὲ
852 2436 1147 2505 φωτίζεται
1176 2436 1273 2490 καὶ¹
1309 2439 1392 2502 είς
1423 2437 1483 2492 rb
1516 2440 1742 2511 ἄμεινον
1781 2459 1911 2513 μετ-

326 2526 526 2593 άγεται
561 2530 653 2583 καὶ
681 2536 1079 2601 μεταποιεῖται.
1117 2533 1182 2587 Ἦ
1224 2533 1333 2606 γὰρ
1381 2535 1492 2590 τῶν
1522 2536 1769 2609 κρυφίων
1820 2537 1911 2592 διὰ

323 2622 427 2690 τῆς
474 2622 728 2691 ἐναρέτου
782 2625 1061 2691 πολιτείας
1094 2625 1400 2698 φανέρωσις
1453 2629 1533 2693 είς
1564 2629 1910 2700 κατάγνωσιν

321 2712 720 2782 προτρέπεται.
765 2716 830 2771 Ἡ
866 2717 924 2770 δὲ
950 2718 1090 2790 ἀρχὴ
1120 2722 1330 2790 γίνεται
1372 2723 1731 2795 ἐπιστροφῆς.
1755 2722 1907 2797 Αὕτη

321 2802 384 2856 δέ
402 2804 485 2867 είς
515 2806 778 2874 ἐργασίαν
811 2809 1014 2880 ἀρετῆς
1037 2814 1362 2884 καταλήγει,
1412 2814 1552 2887 ὅπερ
1592 2815 1709 2870 ἐστὶ
1766 2816 1906 2885 φῶς,

323 2890 405 2955 ὡς
434 2892 696 2963 πρόξενον
729 2896 824 2950 τοῦ
849 2900 1063 2955 ἐκεῖθεν
1097 2903 1298 2970 φωτός.
1327 2902 1438 2958 Καὶ
1462 2902 1578 2972 φῶς
1605 2904 1791 2972 πάλιν,
1825 2908 1909 2961 ὅτι

323 2983 642 3053 τυφλῶττον
680 2989 737 3044 ἐν
765 2991 896 3059 ἡμῖν
926 2992 1193 3064 πρότερον
1229 2993 1358 3065 περὶ
1415 2996 1485 3049 τὰ
1539 2996 1712 3066 πάθη,
1767 2994 1906 3068 αὕτη

322 3075 738 3147 καταλάμψασα
763 3080 825 3134 rb
858 3083 1213 3154 ἡγεμονικὸν,
1263 3088 1413 3140 ποιεῖ
1462 3087 1597 3141 αὐτὸ
1663 3087 1908 3160 καθορᾷν

322 3166 425 3236 τὴν
451 3168 510 3222 ἐν
542 3171 609 3240 τῇ
640 3170 887 3245 ἁμαρτία
926 3174 1316 3246 ἀσχημοσύνην
1346 3178 1440 3231 καὶ
1456 3179 1786 3250 αἰσχρότητα
1814 3182 1909 3234 καὶ

321 3259 628 3328 ἀμορφίαν.
661 3260 736 3315 Tb
761 3263 837 3329 δὲ,
875 3264 990 3319 Πᾶν
1044 3269 1153 3341 γὰρ
1203 3266 1264 3322 rb
1301 3270 1729 3342 φανερούμενον,
1793 3273 1908 3342 φῶς

327 3350 499 3418 ἐστιν,
527 3353 582 3424 ἢ,
620 3354 696 3420 ὡς
719 3358 937 3427 εἴρηται
963 3360 1221 3432 ληπτέον,
1279 3363 1311 3435 ἢ
1376 3367 1902 3433 κατασκευαστικὸν,

321 3443 421 3496 τοῦ
452 3443 710 3503 δύνασθαι
749 3450 995 3521 ἐλέγχειν
1026 3453 1155 3517 τοὺς
1185 3455 1535 3523 σπουδαίους,
1573 3457 1662 3513 διὰ
1693 3457 1787 3511 τοῦ
1821 3459 1906 3512 οἰ-

324 3536 476 3589 κείου
516 3537 657 3608 βίου,
682 3541 782 3612 τὴν
804 3543 914 3595 τῶν
944 3544 1166 3613 φαύλων
1230 3546 1529 3604 πολιτείαν.
1573 3549 1905 3621 Φανεροῦται

330 3628 432 3695 μὲν
460 3631 567 3700 γὰρ
586 3632 614 3685 6
641 3631 735 3685 τοῦ
762 3635 1052 3689 σπουδαίου
1097 3636 1232 3708 βίος,
1268 3639 1427 3711 φησί.
1496 3642 1905 3714 Φανερούμενος

323 3717 405 3781 δέ,
438 3719 554 3787 φῶς
587 3722 724 3778 ἐστι.
775 3726 958 3790 Φωτὺς
972 3728 1028 3781 δὲ
1058 3727 1390 3800 λάμποντος,
1425 3732 1487 3786 rb
1502 3734 1691 3798 σκότος
1743 3734 1900 3805 ἐλέγ-

324 3828 503 3882 χεται,
529 3814 666 3886 ὅπερ
695 3817 842 3871 ἐστὶν
874 3822 902 3873 ὁ
924 3821 1032 3874 τῶν
1059 3822 1278 3891 φαύλων
1307 3823 1441 3895 βίος.
1485 3844 1505 3878 ι
1536 3827 1661 3889 Τοῖς
1712 3828 1891 3898 ἀκάρ-

327 3917 476 3966 ποις.
514 3923 533 3956 ι
599 3907 754 3971 Ποῖος
784 3910 894 3981 γὰρ
923 3912 1156 3983 καρπὸς,
1211 3917 1362 3969 ποῖον
1413 3914 1606 3985 ὄφελος
1651 3915 1712 3984 ἐξ
1763 3918 1907 3972 ἐκεί-

327 4010 440 4047 νων
471 4013 485 4061 ;
517 3995 749 4065 θάνατος
781 4003 881 4071 μὲν
923 3998 1037 4059 οὖν.
1079 4004 1312 4071 Σκότους
1370 4006 1427 4061 δὲ
1476 4008 1623 4078 λέγει
1681 4009 1791 4062 τῶν
1845 4010 1905 4065 ἐν

329 4083 509 4157 πλάνῃ
541 4087 637 4141 καὶ
671 4090 970 4162 ἁμαρτίαις
1001 4092 1326 4166 ἀνθρώπων.
1361 4097 1474 4151 Καὶ
1499 4097 1552 4150 τί
1608 4097 1777 4166 λέγω,
1812 4098 1904 4171 Μὴ

328 4183 745 4245 συγκοινωνεῖτε
771 4199 786 4245 ;
809 4183 1071 4252 ίΜᾶλλον,
1102 4185 1261 4257 φησὶ,
1298 4187 1395 4241 καλ⁵
1441 4187 1718 4259 ἐλέγχετε,
1784 4208 1910 4243 παι-

325 4267 575 4334 δεύοντες
615 4273 811 4339 αύτοὺς
864 4275 950 4330 διὰ
987 4277 1094 4331 τῶν
1148 4278 1407 4350 ἐλέγχων.
1480 4279 1653 4333 Τοῦτο
1692 4278 1753 4333 δέ
1804 4283 1907 4335 οὐκ

328 4358 477 4414 ἔστιν
534 4365 772 4419 ἐναντίον
792 4367 891 4438 τῷ,
940 4386 960 4420 ‹
1022 4371 1114 4441 Μὴ
1172 4371 1407 4442 κρίνετε.
1464 4392 1483 4425 ι
1518 4367 1646 4428 Ὧδε
1679 4374 1788 4446 γὰρ
1820 4375 1905 4440 rb,

324 4451 629 4522 ἐλέγχετε,
670 4458 794 4512 ἀντὶ
833 4460 965 4529 τοῦ,
1008 4462 1347 4532 παιδεύετε,
1383 4467 1580 4520 κεῖται.
1653 4466 1802 4521 Ἐκεῖ
1839 4464 1907 4522 δὲ

321 4542 406 4607 rb,
435 4546 813 4619 κατακρίνετε.
1758 4544 1761 4545 ν

410 4812 476 4867 Ἦ
527 4813 737 4882 οὕτως.
792 4813 995 4890 [oon]
1090 4818 1373 4891 Ἐλέγχετε
1434 4820 1589 4874 αὐτοὶ
1648 4821 1737 4876 διὰ
1807 4823 1901 4878 τοῦ

319 4905 594 4978 ὑμετέρου
617 4907 872 4981 λαμπροῦ
906 4912 1003 4964 καὶ
1034 4912 1326 4966 σπουδαίου
1354 4912 1497 4984 βίου,
1528 4912 1624 4967 καὶ
1663 4894 1903 4985 μὴάνα-

322 4998 517 5067 μένετε
543 4999 806 5069 ἐκείνους,
841 5002 1071 5068 ἑαυτοὺς
1096 5005 1553 5075 προσαγγέλλειν,
1580 5007 1673 5060 καὶ
1698 5023 1904 5078 κωμῳ-

316 5089 434 5141 δεῖν
458 5090 527 5144 τὰ
559 5094 752 5156 οἰκεῖα,
788 5097 996 5159 καὶ·είς
1027 5097 1193 5167 μέσον
1224 5096 1401 5167 ἄγειν,
1426 5098 1522 5153 καὶ
1580 5098 1752 5160 οὕτως
1778 5098 1905 5170 βελ-

320 5184 595 5240 τιοῦσθαι.
628 5186 817 5257 Είγὰρ
848 5191 942 5243 καὶ
977 5191 1311 5262 πράττουσιν
1354 5192 1391 5246 ἃ
1419 5191 1493 5264 μὴ
1550 5192 1730 5262 Θέμις,
1784 5192 1902 5246 ἀλλ’

317 5271 414 5325 οὖν
448 5273 553 5326 ὑπὸ
580 5275 679 5346 τῆς
707 5277 950 5347 ἐμφύτου
1010 5279 1265 5348 γνώσεως
1326 5280 1526 5344 εἰδότες
1579 5281 1759 5334 αὐτῶν
1804 5281 1902 5352 τὴν

321 5365 653 5438 αίσχρὸτητα
683 5408 699 5434 ,
755 5370 1104 5441 αἰσχύνονται
1137 5413 1154 5439 ,
1212 5371 1388 5426 καίτοι
1450 5370 1569 5426 δέον
1626 5372 1900 5427 ἀνακαλύο

321 5472 482 5510 πτειν
536 5457 635 5530 τὴν
681 5461 1072 5535 ἀσχημοσύνην
1136 5464 1362 5518 ἑαυτῶν.
1420 5480 1439 5515 ι
1472 5464 1553 5516 Τά
1603 5462 1663 5517 δὲ
1730 5464 1904 5519 πάντα

323 5549 685 5620 ἐλεγχόμενα.
718 5572 736 5605 ι
773 5553 1087 5623 Τουτὲστιν,
1115 5555 1183 5610 ἂν
1220 5550 1323 5628 ἦτε
1350 5556 1509 5625 ὑμεῖς
1539 5554 1811 5626 ἐνάρετοι,
1842 5557 1904 5610 ού

319 5637 581 5695 δύνανται
619 5642 906 5699 λανθάνειν
931 5647 982 5700 oi
1025 5650 1275 5720 πονηροὶ,
1327 5646 1442 5702 ἀλλ’
1472 5645 1632 5707 αὐτὸς
1683 5645 1837 5716 ὑμῶν
1877 5648 1905 5701 6

325 5731 443 5800 βίος
494 5734 584 5788 καὶ
615 5736 752 5807 πρὸς
776 5738 886 5793 τῶν
917 5740 1199 5813 ὑμετέρων
1219 5740 1392 5811 λόγων
1430 5738 1736 5812 κατήγορός
1764 5741 1901 5809 ἐστι»

403 5907 445 5944 ι’
465 5909 656 5970 Matth.
687 5929 781 5981 vn,
808 5914 858 5971 ι.
1120 5902 1123 5907 λ
1729 5926 1833 5991 ut?

2015 2053 2325 2102 vestrorum
2365 2061 2592 2117 operum
2616 2045 3015 2117 refulgentibus
3045 2053 3368 2116 arguentur,
3429 2056 3595 2113 quam

2016 2143 2061 2194 si
2098 2138 2374 2211 quispiam
2434 2139 2584 2211 ipsos
2651 2138 3003 2196 sermonibus
3071 2139 3403 2208 detegeret:
3460 2138 3598 2207 quin

2018 2230 2191 2302 magis
2216 2230 2624 2302 potius‘cuncta
2654 2231 2874 2287 illorum
2906 2245 3073 2302 opera
3103 2229 3226 2284 luce
3256 2228 3382 2283 vita:
3400 2236 3597 2284 vestrae

2015 2333 2318 2394 arguuntur
2365 2339 2431 2379 ac
2449 2324 2788 2395 deteguntur
2833 2331 2888 2379 et
2920 2320 3349 2378 manifestantur
3379 2319 3597 2384 ;mani-

2017 2414 2212 2472 festata
2243 2415 2801 2483 veroilluminantur,
2823 2422 2879 2470 et
2899 2414 2968 2469 ad
3003 2413 3201 2469 melius
3227 2410 3595 2467 traducuntur

2016 2522 2079 2561 ac
2118 2516 2556 2565 commutantur.
2579 2507 2938 2565 Occultorum
2970 2507 3117 2562 enim
3140 2520 3241 2577 per
3272 2504 3441 2559 vitam
3464 2518 3595 2574 pro-

2017 2601 2140 2654 bam
2194 2597 2570 2656 manifestatio
2592 2599 2661 2654 ad
2685 2600 2898 2655 illarum
2929 2596 3444 2654 coudemnationem
3470 2610 3597 2666 pro-

2018 2699 2195 2756 vocat,
2224 2691 2394 2762 tltque
2412 2691 2746 2765 principium
2767 2692 3149 2749 conversionis
3200 2709 3216 2747 :
3261 2690 3379 2745 haec
3412 2696 3595 2744 autem

2015 2782 2070 2837 in
2100 2784 2321 2839 virtutis
2349 2784 2727 2854 operationem
2759 2784 2981 2851 desinit,
3030 2798 3154 2854 qua
3198 2790 3283 2839 est
3331 2782 3447 2848 lux,
3471 2787 3597 2836 tan-

2014 2890 2179 2945 quam
2207 2876 2553 2931 conciliativa
2586 2875 2726 2932 lucis
2749 2875 2875 2931 inde
2900 2875 3259 2931 suborientis.
3318 2873 3593 2928 Rursum‘

2014 2989 2120 3043 que
2156 2973 2246 3028 lux
2276 2972 2479 3028 dicitur
2507 2971 2638 3043 quia
2683 2972 2813 3028 dum
2854 2972 3009 3044 prius
3067 2971 3214 3026 circa
3280 2968 3602 3024 alfectioms

2014 3064 2370 3127 caecout-etis,
2422 3063 2515 3118 ubi
2565 3063 2681 3118 haec
2729 3071 2968 3118 mentem
3054 3059 3371 3121 illustravit,
3417 3058 3594 3130 ipsam

2016 3156 2338 3227 conspicere
2360 3157 2648 3219 laciteam,
2675 3169 2808 3227 quae
2833 3156 2887 3210 in
2912 3161 3138 3225 peccato
3166 3162 3271 3220 est,
3297 3152 3597 3224 turpitudi-

2016 3266 2139 3306 nem
2170 3257 2225 3305 et
2263 3249 2681 3306 obscaenitatem
2715 3263 2782 3304 ac
2827 3244 3252 3304 deformitatem.
3286 3245 3343 3302 ω
3375 3252 3593 3310 autem;

1938 3312 1983 3371 c
2015 3342 2291 3414 Quidquid
2329 3343 2475 3400 enim
2494 3340 2849 3398 manifestum
2883 3340 3154 3405 redditur,
3198 3339 3289 3394 lux
3344 3349 3450 3406 est,
3496 3349 3599 3394 aut

2014 3431 2395 3508 accipiendum
2428 3441 2490 3491 ut
2530 3433 2739 3491 dictum
2770 3443 2875 3501 est,
2924 3440 3020 3488 aut
3055 3442 3115 3488 ut
3152 3431 3595 3488 COnﬁrmativum

2012 3530 2085 3586 sit
2113 3527 2261 3601 quod
2294 3530 2523 3600 possint
2556 3528 2709 3600 probi
2738 3542 2839 3585 sua
2874 3527 2987 3583 vita
3044 3540 3275 3598 arguere
3296 3541 3603 3596 pravorum

2011 3624 2511 3681 conversationem.
2562 3621 2843 3694 Siquidem
2910 3620 3317 3684 manifestatur,
3377 3619 3590 3691 inquit,

2012 3714 2169 3786 probi
2202 3714 2442 3770 hominis
2469 3715 2617 3771 vita:
2646 3712 2995 3769 manifestata
3013 3728 3145 3768 vero
3170 3712 3262 3767 lux
3287 3719 3403 3767 est:
3426 3727 3594 3782 porro

2013 3809 2136 3863 luce
2177 3806 2496 3878 splendente
2545 3813 2860 3876 arguuntur
2887 3805 3125 3859 tenebrae
3154 3820 3278 3875 qua:
3307 3812 3439 3859 sunt
3460 3804 3593 3860 vitia

2012 3912 2326 3969 pravorum.
2397 3915 2418 3950 ι
2474 3895 2841 3967 lnfrugiferis.
2894 3913 2914 3947 ι
2981 3894 3116 3961 Quis
3161 3895 3309 3949 enim
3355 3896 3592 3965 fructus,

2013 3997 2251 4059 antqua:
2285 3990 2354 4044 ab
2382 3988 2717 4043 illisntilitas
2741 3988 2769 4042 ?
2816 4002 2968 4044 mors
3020 3977 3291 4058 profecto.
3331 3988 3445 4059 49
3486 3991 3595 4045 Te-

2012 4079 2217 4135 nebras
2249 4094 2379 4133 vero
2393 4077 2531 4133 dicit
2559 4076 2842 4133 hominum
2863 4076 3030 4132 vitam
3060 4078 3153 4148 qui
3182 4077 3236 4132 in
3286 4092 3479 4134 errore
3528 4095 3594 4136 ae

2012 4171 2254 4243 peccatis
2285 4177 2593 4226 versantur.
2635 4169 2844 4241 thuid
2878 4171 3005 4227 dico
3031 4186 3048 4224 ε
3075 4168 3154 4226 Ne
3186 4171 3589 4228 commercium

2015 4263 2359 4320 habueritis?
2386 4262 2579 4335 Magis.
2612 4264 2811 4334 inquit,
2840 4263 3006 4320 etiam
3032 4264 3270 4336 arguite,
3308 4265 3589 4322 instruen-

2011 4366 2097 4413 tes
2118 4371 2214 4412 eos
2284 4372 2382 4426 per
2449 4357 2924 4426 reprehensiones.
2961 4357 3079 4413 lloe
3131 4366 3313 4413 autem
3359 4373 3469 4412 non
3509 4367 3594 4415 est

2012 4450 2351 4506 contrarium
2396 4448 2446 4504 ei
2493 4448 2640 4519 quod
2672 4448 2918 4504 dicitur:
2956 4467 2975 4501 ι
3034 4447 3114 4505 Ne
3147 4449 3406 4519 jndicetis
3457 4450 3526 4506 ⁸¹.
3566 4470 3587 4503 ι

2014 4542 2127 4598 Hoc
2162 4544 2307 4599 enim
2358 4542 2481 4598 loco
2535 4542 2743 4613 arguitc
2781 4543 3005 4613 ponitur
3055 4557 3155 4613 pro
3206 4542 3472 4600 instruite.
3509 4543 3591 4598 lbi

2014 4650 2142 4690 vero
2193 4632 2527 4689 tantumdem
2573 4644 2657 4690 est
2693 4648 2760 4689 ac
2820 4633 2868 4692 si
2921 4632 3136 4690 dicatur
3169 4632 3591 4706 :gNezcondem-

2011 4727 2175 4784 netis.

2081 4822 2186 4874 Aut
2224 4818 2323 4873 hoc
2349 4817 2525 4873 modo.
2559 4815 2787 4886 Arguite
2832 4831 2928 4871 vos
2983 4814 3085 4885 ipsi
3116 4830 3213 4886 per
3244 4815 3480 4871 lucidam
3526 4832 3594 4873 ac

2009 4912 2239 4982 probam
2299 4911 2467 4965 vitam
2526 4916 2763 4965 vestram
2809 4922 3031 4976 :neque
3089 4908 3424 4977 exspectetis
3464 4907 3590 4964 illos

2010 5004 2187 5060 donec
2223 5003 2438 5072 seipsos
2470 5001 2823 5063 annuntient,
2850 5012 2917 5053 ac
2948 5012 3048 5053 sua
3073 4998 3481 5069 reprehendant
3530 5008 3590 5056 et

2006 5098 2062 5151 in
2099 5090 2335 5151 medium
2370 5092 2689 5164 proferant,
2736 5093 2928 5163 sicque
2981 5089 3235 5146 meliores
3263 5091 3585 5147 reddantur.

2008 5188 2332 5256 Quanquam
2366 5185 2511 5240 enim
2546 5190 2864 5255 perpetrent
2908 5196 2972 5237 ea
2999 5197 3121 5252 qua:
3164 5183 3247 5238 fas
3275 5198 3385 5238 non
3419 5195 3523 5247 est,
3552 5198 3587 5236 a

2008 5279 2245 5334 naturali
2264 5287 2441 5331 tamen
2475 5276 2665 5332 notitia
2686 5291 2842 5331 suam
2873 5284 3267 5349 cognoscentes
3288 5275 3584 5345 turpitudi-

2007 5384 2133 5425 nem
2190 5367 2494 5439 pudefiunt.
2545 5367 2712 5439 Atqui
2786 5376 3068 5439 oporteret
3116 5382 3272 5421 suam
3339 5366 3583 5421 revelare

2006 5459 2449 5532 turpitudinemu
2481 5458 2587 5516 Sed
2613 5459 2796 5515 omnia
2817 5461 2943 5516 dum
2970 5459 3329 5531 produntur.»
3357 5455 3470 5512 Hec
3494 5465 3582 5512 est

2005 5554 2052 5610 si
2086 5568 2182 5608 vos
2230 5552 2387 5624 probi
2411 5552 2554 5619 sitis,
2587 5568 2698 5607 non
2734 5560 2967 5624 possunt
2994 5548 3257 5605 occultari
3291 5548 3443 5609 mali,
3485 5548 3582 5604 sed

2004 5645 2122 5716 ipsa
2170 5646 2279 5700 vita
2303 5653 2484 5700 vestra
2511 5645 2672 5700 etiam
2717 5652 2843 5698 ante
2871 5656 3153 5699 sermones
3180 5651 3388 5696 vestros
3419 5655 3581 5695 accu-

2004 5748 2155 5799 sator
2179 5750 2264 5799 est
2304 5748 2357 5797 et
2382 5744 2760 5812 argumentum
2807 5736 2930 5793 illos
2970 5731 3323 5791 convincens.
3371 5730 3505 5787 Nam
3530 5733 3579 5788 si
