  <div class='ocr_page' id='page_1' title='image "/cluster/home/n/w/nwhite01/storage/ocr_20150623/118/hvd.32044019208149/699.png"; bbox 0 0 4000 6580; ppageno 0'>
   <div class='ocr_carea' id='block_1_1' title="bbox 579 348 3732 424">
    <p class='ocr_par' dir='ltr' id='par_1_1' title="bbox 579 348 3732 424">
     <span class='ocr_line' id='line_1_1' title="bbox 579 348 3732 424; baseline 0.006 -20"><span class='ocrx_word' id='word_1_1' title='bbox 579 357 715 424; x_wconf 63' lang='lat'><strong>1:251</strong></span> <span class='ocrx_word' id='word_1_2' title='bbox 1647 351 2048 414; x_wconf 71' lang='lat' dir='ltr'><strong>(ECUMENII</strong></span> <span class='ocrx_word' id='word_1_3' title='bbox 2081 349 2374 409; x_wconf 65' lang='lat' dir='ltr'><strong>TllICCJE</strong></span> <span class='ocrx_word' id='word_1_4' title='bbox 2406 348 2749 408; x_wconf 80' lang='lat' dir='ltr'><strong>EPISCOPI</strong></span> <span class='ocrx_word' id='word_1_5' title='bbox 3639 357 3732 423; x_wconf 68' lang='lat'><strong>125?.</strong></span> 
     </span>
    </p>
   </div>
   <div class='ocr_carea' id='block_1_2' title="bbox 581 464 2161 544">
    <p class='ocr_par' dir='ltr' id='par_1_2' title="bbox 581 468 2160 541">
     <span class='ocr_line' id='line_1_2' title="bbox 581 468 2160 541; baseline -0.008 -10"><span class='ocrx_word' id='word_1_6' title='bbox 581 476 743 531; x_wconf 83' lang='lat' dir='ltr'><strong>nobis</strong></span> <span class='ocrx_word' id='word_1_7' title='bbox 767 473 1030 528; x_wconf 81' lang='lat' dir='ltr'><strong>adversus</strong></span> <span class='ocrx_word' id='word_1_8' title='bbox 1057 471 1158 528; x_wconf 90' lang='lat' dir='ltr'><strong>hos</strong></span> <span class='ocrx_word' id='word_1_9' title='bbox 1187 473 1355 537; x_wconf 87' lang='lat' dir='ltr'><strong>lucta,</strong></span> <span class='ocrx_word' id='word_1_10' title='bbox 1389 486 1496 527; x_wconf 87' lang='lat' dir='ltr'><strong>non</strong></span> <span class='ocrx_word' id='word_1_11' title='bbox 1529 471 1596 526; x_wconf 88' lang='lat' dir='ltr'><strong>de</strong></span> <span class='ocrx_word' id='word_1_12' title='bbox 1632 471 1816 541; x_wconf 83' lang='lat' dir='ltr'><strong>parvis</strong></span> <span class='ocrx_word' id='word_1_13' title='bbox 1838 468 2160 539; x_wconf 82' lang='lat' dir='ltr'><strong>quibusdam</strong></span> 
     </span>
    </p>
   </div>
   <div class='ocr_carea' id='block_1_3' title="bbox 2153 464 3733 544">
    <p class='ocr_par' dir='ltr' id='par_1_3' title="bbox 2153 464 3733 544">
     <span class='ocr_line' id='line_1_3' title="bbox 2153 464 3733 544; baseline 0.006 -25"><span class='ocrx_word' id='word_1_14' title='bbox 2153 485 2160 519; x_wconf 89' lang='lat' dir='ltr'><strong>I</strong></span> <span class='ocrx_word' id='word_1_15' title='bbox 2191 471 2239 528; x_wconf 79' lang='grc' dir='ltr'>Α</span> <span class='ocrx_word' id='word_1_16' title='bbox 2279 466 2425 518; x_wconf 73' lang='grc' dir='ltr'>Ὡσεὶ</span> <span class='ocrx_word' id='word_1_17' title='bbox 2476 465 2696 533; x_wconf 72' lang='grc' dir='ltr'>ἔλεγενο</span> <span class='ocrx_word' id='word_1_18' title='bbox 2742 464 2899 518; x_wconf 78' lang='grc' dir='ltr'>Ἔστι</span> <span class='ocrx_word' id='word_1_19' title='bbox 2928 464 2984 517; x_wconf 75' lang='grc' dir='ltr'>δὲ</span> <span class='ocrx_word' id='word_1_20' title='bbox 3025 465 3116 518; x_wconf 70' lang='grc' dir='ltr'><strong>καὶ</strong></span> <span class='ocrx_word' id='word_1_21' title='bbox 3146 466 3278 535; x_wconf 75' lang='grc' dir='ltr'>ἡμῖν</span> <span class='ocrx_word' id='word_1_22' title='bbox 3328 467 3358 535; x_wconf 85' lang='grc' dir='ltr'><strong>ή</strong></span> <span class='ocrx_word' id='word_1_23' title='bbox 3418 471 3533 538; x_wconf 63' lang='grc' dir='ltr'>πρδς</span> <span class='ocrx_word' id='word_1_24' title='bbox 3574 476 3733 544; x_wconf 69' lang='grc' dir='ltr'>τούτους</span> 
     </span>
    </p>
   </div>
   <div class='ocr_carea' id='block_1_4' title="bbox 580 556 2160 634">
    <p class='ocr_par' dir='ltr' id='par_1_4' title="bbox 580 558 2159 634">
     <span class='ocr_line' id='line_1_4' title="bbox 580 558 2159 634; baseline -0.006 -13"><span class='ocrx_word' id='word_1_25' title='bbox 580 567 767 628; x_wconf 86' lang='lat' dir='ltr'><strong>rebus,</strong></span> <span class='ocrx_word' id='word_1_26' title='bbox 804 565 896 619; x_wconf 91' lang='lat' dir='ltr'><strong>sed</strong></span> <span class='ocrx_word' id='word_1_27' title='bbox 931 580 1030 634; x_wconf 90' lang='lat' dir='ltr'><strong>pro</strong></span> <span class='ocrx_word' id='word_1_28' title='bbox 1063 567 1228 616; x_wconf 85' lang='lat' dir='ltr'><strong>rebus</strong></span> <span class='ocrx_word' id='word_1_29' title='bbox 1261 578 1383 632; x_wconf 69' lang='lat' dir='ltr'><strong>quaa</strong></span> <span class='ocrx_word' id='word_1_30' title='bbox 1413 570 1543 616; x_wconf 89' lang='lat' dir='ltr'><strong>sunt</strong></span> <span class='ocrx_word' id='word_1_31' title='bbox 1572 562 1626 616; x_wconf 91' lang='grc'><strong>111</strong></span> <span class='ocrx_word' id='word_1_32' title='bbox 1654 561 1972 616; x_wconf 72' lang='grc' dir='ltr'>οωιεειίὺυε</span> <span class='ocrx_word' id='word_1_33' title='bbox 2002 576 2015 613; x_wconf 94' lang='lat'><strong>:</strong></span> <span class='ocrx_word' id='word_1_34' title='bbox 2055 558 2159 612; x_wconf 87' lang='lat' dir='ltr'><strong>hoc</strong></span> 
     </span>
    </p>
   </div>
   <div class='ocr_carea' id='block_1_5' title="bbox 2154 556 3734 634">
    <p class='ocr_par' dir='ltr' id='par_1_5' title="bbox 2154 556 3734 634">
     <span class='ocr_line' id='line_1_5' title="bbox 2154 556 3734 634; baseline 0.008 -25"><span class='ocrx_word' id='word_1_35' title='bbox 2154 576 2159 609; x_wconf 89' lang='lat'><strong>:</strong></span> <span class='ocrx_word' id='word_1_36' title='bbox 2267 558 2434 627; x_wconf 76' lang='grc' dir='ltr'>πάλη,</span> <span class='ocrx_word' id='word_1_37' title='bbox 2459 559 2522 610; x_wconf 78' lang='grc' dir='ltr'>οὐ</span> <span class='ocrx_word' id='word_1_38' title='bbox 2555 557 2682 627; x_wconf 76' lang='grc' dir='ltr'>περὶ</span> <span class='ocrx_word' id='word_1_39' title='bbox 2722 556 2932 626; x_wconf 82' lang='grc' dir='ltr'><strong>μικρῶν</strong></span> <span class='ocrx_word' id='word_1_40' title='bbox 2971 573 3154 616; x_wconf 78' lang='grc' dir='ltr'>τινων,</span> <span class='ocrx_word' id='word_1_41' title='bbox 3186 557 3298 610; x_wconf 75' lang='grc' dir='ltr'>ἀλλ’</span> <span class='ocrx_word' id='word_1_42' title='bbox 3328 558 3456 628; x_wconf 61' lang='grc' dir='ltr'>ὑπὲρ</span> <span class='ocrx_word' id='word_1_43' title='bbox 3483 563 3573 616; x_wconf 81' lang='grc' dir='ltr'><strong>τῶν</strong></span> <span class='ocrx_word' id='word_1_44' title='bbox 3600 568 3734 634; x_wconf 63' lang='lat' dir='ltr'><strong>ivssi;</strong></span> 
     </span>
    </p>
   </div>
   <div class='ocr_carea' id='block_1_6' title="bbox 578 643 2158 726">
    <p class='ocr_par' dir='ltr' id='par_1_6' title="bbox 578 651 2158 726">
     <span class='ocr_line' id='line_1_6' title="bbox 578 651 2158 726; baseline -0.003 -16"><span class='ocrx_word' id='word_1_45' title='bbox 578 667 664 712; x_wconf 86' lang='lat' dir='ltr'><strong>est</strong></span> <span class='ocrx_word' id='word_1_46' title='bbox 691 671 790 726; x_wconf 91' lang='lat' dir='ltr'><strong>pro</strong></span> <span class='ocrx_word' id='word_1_47' title='bbox 814 670 982 723; x_wconf 87' lang='lat' dir='ltr'><strong>regno</strong></span> <span class='ocrx_word' id='word_1_48' title='bbox 1005 656 1266 708; x_wconf 67' lang='lat' dir='ltr'><strong>caelorum</strong></span> <span class='ocrx_word' id='word_1_49' title='bbox 1297 665 1349 708; x_wconf 90' lang='lat' dir='ltr'><strong>et</strong></span> <span class='ocrx_word' id='word_1_50' title='bbox 1373 653 1684 723; x_wconf 90' lang='lat' dir='ltr'><strong>adoptione.</strong></span> <span class='ocrx_word' id='word_1_51' title='bbox 1713 653 1921 706; x_wconf 84' lang='lat' dir='ltr'><strong>Idcirco</strong></span> <span class='ocrx_word' id='word_1_52' title='bbox 1946 651 2158 705; x_wconf 78' lang='lat' dir='ltr'><strong>sobrios</strong></span> 
     </span>
    </p>
   </div>
   <div class='ocr_carea' id='block_1_7' title="bbox 2154 643 3734 726">
    <p class='ocr_par' dir='ltr' id='par_1_7' title="bbox 2154 643 3734 726">
     <span class='ocr_line' id='line_1_7' title="bbox 2154 643 3734 726; baseline 0.001 -21"><span class='ocrx_word' id='word_1_53' title='bbox 2154 667 2163 705; x_wconf 82' lang='lat' dir='ltr'><strong>t</strong></span> <span class='ocrx_word' id='word_1_54' title='bbox 2267 651 2609 721; x_wconf 74' lang='grc' dir='ltr'><strong>ἐπουρανίοις</strong></span> <span class='ocrx_word' id='word_1_55' title='bbox 2655 650 3018 720; x_wconf 74' lang='grc' dir='ltr'><strong>πραγμάτων,</strong></span> <span class='ocrx_word' id='word_1_56' title='bbox 3071 643 3182 702; x_wconf 77' lang='grc' dir='ltr'>οἷον</span> <span class='ocrx_word' id='word_1_57' title='bbox 3240 649 3496 717; x_wconf 75' lang='grc' dir='ltr'><strong>βασιλείας</strong></span> <span class='ocrx_word' id='word_1_58' title='bbox 3541 655 3734 726; x_wconf 65' lang='grc' dir='ltr'>οὖρανῶν,</span> 
     </span>
    </p>
   </div>
   <div class='ocr_carea' id='block_1_8' title="bbox 580 741 2160 816">
    <p class='ocr_par' dir='ltr' id='par_1_8' title="bbox 580 743 2160 816">
     <span class='ocr_line' id='line_1_8' title="bbox 580 743 2160 816; baseline -0.004 -14"><span class='ocrx_word' id='word_1_59' title='bbox 580 764 705 802; x_wconf 84' lang='lat' dir='ltr'><strong>esse</strong></span> <span class='ocrx_word' id='word_1_60' title='bbox 735 763 798 800; x_wconf 86' lang='lat' dir='ltr'><strong>ac</strong></span> <span class='ocrx_word' id='word_1_61' title='bbox 837 745 1064 816; x_wconf 86' lang='lat' dir='ltr'><strong>vigilare</strong></span> <span class='ocrx_word' id='word_1_62' title='bbox 1098 754 1334 815; x_wconf 89' lang='lat' dir='ltr'><strong>oportet.</strong></span> <span class='ocrx_word' id='word_1_63' title='bbox 1368 745 1463 800; x_wconf 87' lang='lat' dir='ltr'><strong>Est</strong></span> <span class='ocrx_word' id='word_1_64' title='bbox 1498 753 1677 799; x_wconf 87' lang='lat' dir='ltr'><strong>autem</strong></span> <span class='ocrx_word' id='word_1_65' title='bbox 1709 743 1930 813; x_wconf 83' lang='lat' dir='ltr'><strong>prapria</strong></span> <span class='ocrx_word' id='word_1_66' title='bbox 1962 743 2160 798; x_wconf 88' lang='lat' dir='ltr'><strong>dictio-</strong></span> 
     </span>
    </p>
   </div>
   <div class='ocr_carea' id='block_1_9' title="bbox 2157 741 3737 816">
    <p class='ocr_par' dir='ltr' id='par_1_9' title="bbox 2157 741 3737 816">
     <span class='ocr_line' id='line_1_9' title="bbox 2157 741 3737 816; baseline 0.001 -20"><span class='ocrx_word' id='word_1_67' title='bbox 2157 772 2164 782; x_wconf 89' lang='lat'><strong><em>-</em></strong></span> <span class='ocrx_word' id='word_1_68' title='bbox 2267 746 2362 796; x_wconf 64' lang='lat' dir='ltr'><strong>xa‘.</strong></span> <span class='ocrx_word' id='word_1_69' title='bbox 2422 741 2715 804; x_wconf 74' lang='grc' dir='ltr'>υἱοθεσίας.</span> <span class='ocrx_word' id='word_1_70' title='bbox 2774 741 2865 794; x_wconf 60' lang='lat' dir='ltr'><strong>Aw</strong></span> <span class='ocrx_word' id='word_1_71' title='bbox 2894 742 3087 810; x_wconf 71' lang='grc' dir='ltr'>νήφειν</span> <span class='ocrx_word' id='word_1_72' title='bbox 3127 742 3258 812; x_wconf 78' lang='grc' dir='ltr'>χρή.</span> <span class='ocrx_word' id='word_1_73' title='bbox 3337 742 3396 795; x_wconf 84' lang='grc' dir='ltr'><strong>Ἦ</strong></span> <span class='ocrx_word' id='word_1_74' title='bbox 3441 744 3492 796; x_wconf 79' lang='grc' dir='ltr'>δὲ</span> <span class='ocrx_word' id='word_1_75' title='bbox 3543 748 3737 816; x_wconf 75' lang='grc' dir='ltr'>ἀντίὶεξις</span> 
     </span>
    </p>
   </div>
   <div class='ocr_carea' id='block_1_10' title="bbox 584 834 2164 907">
    <p class='ocr_par' dir='ltr' id='par_1_10' title="bbox 584 834 2163 907">
     <span class='ocr_line' id='line_1_10' title="bbox 584 834 2163 907; baseline -0.005 -13"><span class='ocrx_word' id='word_1_76' title='bbox 584 855 714 894; x_wconf 84' lang='grc'><strong>1111111</strong></span> <span class='ocrx_word' id='word_1_77' title='bbox 747 838 1257 907; x_wconf 82' lang='lat' dir='ltr'><strong>corrcspondcutia.</strong></span> <span class='ocrx_word' id='word_1_78' title='bbox 1285 838 1512 906; x_wconf 80' lang='lat' dir='ltr'><strong>Propter</strong></span> <span class='ocrx_word' id='word_1_79' title='bbox 1535 834 2004 904; x_wconf 54' lang='lat' dir='ltr'><strong>cmlestiajuquit.</strong></span> <span class='ocrx_word' id='word_1_80' title='bbox 2029 834 2163 887; x_wconf 81' lang='lat' dir='ltr'><strong>Nam</strong></span> 
     </span>
    </p>
   </div>
   <div class='ocr_carea' id='block_1_11' title="bbox 2158 834 3738 907">
    <p class='ocr_par' dir='ltr' id='par_1_11' title="bbox 2158 834 3738 905">
     <span class='ocr_line' id='line_1_11' title="bbox 2158 834 3738 905; baseline 0.006 -18"><span class='ocrx_word' id='word_1_81' title='bbox 2158 852 2163 886; x_wconf 82' lang='lat'>|</span> <span class='ocrx_word' id='word_1_82' title='bbox 2269 835 2474 897; x_wconf 80' lang='grc' dir='ltr'>ίδικῶς.</span> <span class='ocrx_word' id='word_1_83' title='bbox 2516 835 2615 887; x_wconf 80' lang='grc' dir='ltr'><strong>Διά</strong></span> <span class='ocrx_word' id='word_1_84' title='bbox 2655 834 2721 887; x_wconf 73' lang='grc' dir='ltr'>τὰ</span> <span class='ocrx_word' id='word_1_85' title='bbox 2769 834 3069 905; x_wconf 73' lang='grc' dir='ltr'>ἐπουράνια</span> <span class='ocrx_word' id='word_1_86' title='bbox 3098 851 3252 905; x_wconf 77' lang='grc' dir='ltr'>φησι.</span> <span class='ocrx_word' id='word_1_87' title='bbox 3303 835 3372 886; x_wconf 87' lang='grc' dir='ltr'>Τδ</span> <span class='ocrx_word' id='word_1_88' title='bbox 3415 837 3510 905; x_wconf 82' lang='grc' dir='ltr'>γὰρ</span> <span class='ocrx_word' id='word_1_89' title='bbox 3556 840 3628 902; x_wconf 76' lang='grc' dir='ltr'>ἐν,</span> <span class='ocrx_word' id='word_1_90' title='bbox 3675 843 3738 898; x_wconf 73' lang='grc' dir='ltr'>διὰ</span> 
     </span>
    </p>
   </div>
   <div class='ocr_carea' id='block_1_12' title="bbox 588 925 2168 1005">
    <p class='ocr_par' dir='ltr' id='par_1_12' title="bbox 588 927 2168 1001">
     <span class='ocr_line' id='line_1_12' title="bbox 588 927 2168 1001; baseline -0.003 -18"><span class='ocrx_word' id='word_1_91' title='bbox 588 934 668 996; x_wconf 83' lang='grc' dir='ltr'>ὲν,</span> <span class='ocrx_word' id='word_1_92' title='bbox 701 932 752 985; x_wconf 89' lang='lat' dir='ltr'><strong>id</strong></span> <span class='ocrx_word' id='word_1_93' title='bbox 789 931 976 996; x_wconf 83' lang='lat' dir='ltr'><strong>estin,</strong></span> <span class='ocrx_word' id='word_1_94' title='bbox 1009 931 1340 1001; x_wconf 71' lang='lat' dir='ltr'><strong>capitur-pro</strong></span> <span class='ocrx_word' id='word_1_95' title='bbox 1367 930 1476 992; x_wconf 80' lang='grc' dir='ltr'>διά,</span> <span class='ocrx_word' id='word_1_96' title='bbox 1505 930 1556 982; x_wconf 87' lang='lat' dir='ltr'><strong>id</strong></span> <span class='ocrx_word' id='word_1_97' title='bbox 1589 937 1672 982; x_wconf 90' lang='lat' dir='ltr'><strong>est</strong></span> <span class='ocrx_word' id='word_1_98' title='bbox 1698 937 1930 996; x_wconf 79' lang='lat' dir='ltr'><strong>propter.</strong></span> <span class='ocrx_word' id='word_1_99' title='bbox 1975 945 1992 976; x_wconf 80' lang='grc' dir='ltr'><strong>ι</strong></span> <span class='ocrx_word' id='word_1_100' title='bbox 2021 927 2168 991; x_wconf 83' lang='lat' dir='ltr'><strong>Qua-</strong></span> 
     </span>
    </p>
   </div>
   <div class='ocr_carea' id='block_1_13' title="bbox 2155 925 3735 1005">
    <p class='ocr_par' dir='ltr' id='par_1_13' title="bbox 2155 925 3735 1005">
     <span class='ocr_line' id='line_1_13' title="bbox 2155 925 3735 1005; baseline 0.001 -24"><span class='ocrx_word' id='word_1_101' title='bbox 2155 957 2168 967; x_wconf 92' lang='lat'><strong>-</strong></span> <span class='ocrx_word' id='word_1_102' title='bbox 2267 929 2435 981; x_wconf 83' lang='grc' dir='ltr'>ὲστίν.</span> <span class='ocrx_word' id='word_1_103' title='bbox 2489 945 2507 978; x_wconf 78' lang='grc' dir='ltr'>ι</span> <span class='ocrx_word' id='word_1_104' title='bbox 2545 927 2643 980; x_wconf 71' lang='grc' dir='ltr'><strong>Διὰ</strong></span> <span class='ocrx_word' id='word_1_105' title='bbox 2697 925 2854 980; x_wconf 79' lang='grc' dir='ltr'>τοῦτο</span> <span class='ocrx_word' id='word_1_106' title='bbox 2914 927 3232 981; x_wconf 76' lang='grc' dir='ltr'>ἀναλάϐετε.</span> <span class='ocrx_word' id='word_1_107' title='bbox 3265 946 3282 978; x_wconf 97' lang='grc'><strong>1</strong></span> <span class='ocrx_word' id='word_1_108' title='bbox 3351 929 3581 1002; x_wconf 77' lang='grc' dir='ltr'>Ἐπειδὴ,</span> <span class='ocrx_word' id='word_1_109' title='bbox 3630 940 3735 1005; x_wconf 66' lang='grc' dir='ltr'>φηςι,</span> 
     </span>
    </p>
   </div>
   <div class='ocr_carea' id='block_1_14' title="bbox 584 1015 2164 1094">
    <p class='ocr_par' dir='ltr' id='par_1_14' title="bbox 584 1017 2162 1090">
     <span class='ocr_line' id='line_1_14' title="bbox 584 1017 2162 1090; baseline -0.003 -17"><span class='ocrx_word' id='word_1_110' title='bbox 584 1028 805 1090; x_wconf 85' lang='lat' dir='ltr'><strong>pr0ptcr</strong></span> <span class='ocrx_word' id='word_1_111' title='bbox 851 1021 1138 1075; x_wconf 81' lang='lat' dir='ltr'><strong>assumitc.</strong></span> <span class='ocrx_word' id='word_1_112' title='bbox 1181 1039 1200 1071; x_wconf 88' lang='grc'><strong>1</strong></span> <span class='ocrx_word' id='word_1_113' title='bbox 1252 1020 1522 1088; x_wconf 81' lang='lat' dir='ltr'><strong>Quoniam</strong></span> <span class='ocrx_word' id='word_1_114' title='bbox 1553 1061 1568 1086; x_wconf 93' lang='lat'><strong>,</strong></span> <span class='ocrx_word' id='word_1_115' title='bbox 1624 1019 1820 1090; x_wconf 89' lang='lat' dir='ltr'><strong>inqttit,</strong></span> <span class='ocrx_word' id='word_1_116' title='bbox 1874 1017 2162 1085; x_wconf 74' lang='lat' dir='ltr'><strong>periculosi</strong></span> 
     </span>
    </p>
   </div>
   <div class='ocr_carea' id='block_1_15' title="bbox 2168 1015 3748 1094">
    <p class='ocr_par' dir='ltr' id='par_1_15' title="bbox 2266 1015 3748 1094">
     <span class='ocr_line' id='line_1_15' title="bbox 2266 1015 3748 1094; baseline 0.004 -24"><span class='ocrx_word' id='word_1_117' title='bbox 2266 1017 2495 1087; x_wconf 70' lang='grc' dir='ltr'>χαλεποὶ</span> <span class='ocrx_word' id='word_1_118' title='bbox 2539 1017 2588 1069; x_wconf 78' lang='grc' dir='ltr'>οἱ</span> <span class='ocrx_word' id='word_1_119' title='bbox 2639 1015 2843 1087; x_wconf 80' lang='grc' dir='ltr'>ἐχθροί.</span> <span class='ocrx_word' id='word_1_120' title='bbox 2889 1035 2906 1068; x_wconf 85' lang='grc' dir='ltr'>ι</span> <span class='ocrx_word' id='word_1_121' title='bbox 2952 1016 3042 1068; x_wconf 84' lang='grc' dir='ltr'>Ἐν</span> <span class='ocrx_word' id='word_1_122' title='bbox 3077 1018 3144 1087; x_wconf 76' lang='grc' dir='ltr'><strong>τῇ</strong></span> <span class='ocrx_word' id='word_1_123' title='bbox 3200 1016 3378 1087; x_wconf 73' lang='grc' dir='ltr'>ἡμέρα</span> <span class='ocrx_word' id='word_1_124' title='bbox 3421 1021 3478 1089; x_wconf 81' lang='grc' dir='ltr'>τῇ</span> <span class='ocrx_word' id='word_1_125' title='bbox 3520 1027 3696 1094; x_wconf 74' lang='grc' dir='ltr'>πονηρᾷ.</span> <span class='ocrx_word' id='word_1_126' title='bbox 3721 1034 3748 1078; x_wconf 77' lang='grc'><strong>1“</strong></span> 
     </span>
    </p>
   </div>
   <div class='ocr_carea' id='block_1_16' title="bbox 580 1109 2160 1181">
    <p class='ocr_par' dir='ltr' id='par_1_16' title="bbox 580 1110 2160 1166">
     <span class='ocr_line' id='line_1_16' title="bbox 580 1110 2160 1166; baseline -0.003 -2"><span class='ocrx_word' id='word_1_127' title='bbox 580 1120 708 1164; x_wconf 83' lang='lat' dir='ltr'><strong>sunt</strong></span> <span class='ocrx_word' id='word_1_128' title='bbox 762 1111 970 1166; x_wconf 80' lang='lat' dir='ltr'><strong>hostes.</strong></span> <span class='ocrx_word' id='word_1_129' title='bbox 1024 1129 1042 1163; x_wconf 80' lang='grc' dir='ltr'>ι</span> <span class='ocrx_word' id='word_1_130' title='bbox 1085 1110 1142 1164; x_wconf 90' lang='lat' dir='ltr'><strong>ln</strong></span> <span class='ocrx_word' id='word_1_131' title='bbox 1178 1110 1264 1165; x_wconf 88' lang='lat' dir='ltr'><strong>die</strong></span> <span class='ocrx_word' id='word_1_132' title='bbox 1298 1110 1458 1165; x_wconf 88' lang='lat' dir='ltr'><strong>malo.</strong></span> <span class='ocrx_word' id='word_1_133' title='bbox 1499 1129 1520 1164; x_wconf 87' lang='grc'><strong>1</strong></span> <span class='ocrx_word' id='word_1_134' title='bbox 1562 1110 1713 1164; x_wconf 87' lang='lat' dir='ltr'><strong>Dicm</strong></span> <span class='ocrx_word' id='word_1_135' title='bbox 1761 1110 1964 1164; x_wconf 85' lang='lat' dir='ltr'><strong>malum</strong></span> <span class='ocrx_word' id='word_1_136' title='bbox 2010 1113 2160 1161; x_wconf 86' lang='lat' dir='ltr'><strong>vocat</strong></span> 
     </span>
    </p>
   </div>
   <div class='ocr_carea' id='block_1_17' title="bbox 2156 1109 3736 1181">
    <p class='ocr_par' dir='ltr' id='par_1_17' title="bbox 2156 1109 3736 1181">
     <span class='ocr_line' id='line_1_17' title="bbox 2156 1109 3736 1181; baseline 0.008 -23"><span class='ocrx_word' id='word_1_137' title='bbox 2156 1114 2166 1158; x_wconf 81' lang='grc'><strong>1</strong></span> <span class='ocrx_word' id='word_1_138' title='bbox 2277 1109 2525 1181; x_wconf 78' lang='grc' dir='ltr'>Ἠμέραν</span> <span class='ocrx_word' id='word_1_139' title='bbox 2570 1109 2814 1180; x_wconf 81' lang='grc' dir='ltr'>πονηρὰν</span> <span class='ocrx_word' id='word_1_140' title='bbox 2843 1109 2937 1163; x_wconf 74' lang='grc' dir='ltr'><strong>τὸν</strong></span> <span class='ocrx_word' id='word_1_141' title='bbox 2975 1110 3218 1179; x_wconf 75' lang='grc' dir='ltr'>παρόντα</span> <span class='ocrx_word' id='word_1_142' title='bbox 3251 1111 3400 1163; x_wconf 80' lang='grc' dir='ltr'>καλεῖ</span> <span class='ocrx_word' id='word_1_143' title='bbox 3443 1111 3556 1181; x_wconf 81' lang='grc' dir='ltr'>βίον,</span> <span class='ocrx_word' id='word_1_144' title='bbox 3591 1115 3657 1168; x_wconf 64' lang='grc' dir='ltr'><strong>διὰ</strong></span> <span class='ocrx_word' id='word_1_145' title='bbox 3693 1119 3736 1171; x_wconf 71' lang='grc' dir='ltr'><strong>τὰ</strong></span> 
     </span>
    </p>
   </div>
   <div class='ocr_carea' id='block_1_18' title="bbox 581 1200 2161 1274">
    <p class='ocr_par' dir='ltr' id='par_1_18' title="bbox 581 1200 2161 1274">
     <span class='ocr_line' id='line_1_18' title="bbox 581 1200 2161 1274; baseline -0.002 -19"><span class='ocrx_word' id='word_1_146' title='bbox 581 1213 905 1270; x_wconf 66' lang='lat' dir='ltr'><strong>praesentem</strong></span> <span class='ocrx_word' id='word_1_147' title='bbox 947 1204 1136 1266; x_wconf 84' lang='lat' dir='ltr'><strong>vitam,</strong></span> <span class='ocrx_word' id='word_1_148' title='bbox 1191 1212 1412 1273; x_wconf 80' lang='lat' dir='ltr'><strong>propter</strong></span> <span class='ocrx_word' id='word_1_149' title='bbox 1450 1217 1649 1274; x_wconf 85' lang='lat' dir='ltr'><strong>pravas</strong></span> <span class='ocrx_word' id='word_1_150' title='bbox 1675 1201 1922 1256; x_wconf 88' lang='lat' dir='ltr'><strong>actiones</strong></span> <span class='ocrx_word' id='word_1_151' title='bbox 1955 1215 2077 1270; x_wconf 71' lang='lat' dir='ltr'><strong>qua:</strong></span> <span class='ocrx_word' id='word_1_152' title='bbox 2111 1200 2161 1253; x_wconf 81' lang='lat' dir='ltr'><strong>ir.</strong></span> 
     </span>
    </p>
   </div>
   <div class='ocr_carea' id='block_1_19' title="bbox 2157 1200 3737 1274">
    <p class='ocr_par' dir='ltr' id='par_1_19' title="bbox 2157 1200 3737 1272">
     <span class='ocr_line' id='line_1_19' title="bbox 2157 1200 3737 1272; baseline 0.003 -20"><span class='ocrx_word' id='word_1_153' title='bbox 2157 1218 2164 1252; x_wconf 79' lang='lat' dir='ltr'><strong>i</strong></span> <span class='ocrx_word' id='word_1_154' title='bbox 2269 1203 2325 1255; x_wconf 79' lang='grc' dir='ltr'>ὲν</span> <span class='ocrx_word' id='word_1_155' title='bbox 2355 1201 2503 1270; x_wconf 85' lang='grc' dir='ltr'><strong>αὑτῷ</strong></span> <span class='ocrx_word' id='word_1_156' title='bbox 2533 1200 2748 1270; x_wconf 81' lang='grc' dir='ltr'>πονηρὰ</span> <span class='ocrx_word' id='word_1_157' title='bbox 2783 1200 3108 1271; x_wconf 82' lang='grc' dir='ltr'>πράγματα,</span> <span class='ocrx_word' id='word_1_158' title='bbox 3141 1200 3352 1263; x_wconf 75' lang='grc' dir='ltr'>δεικνὺς</span> <span class='ocrx_word' id='word_1_159' title='bbox 3387 1201 3566 1272; x_wconf 78' lang='grc' dir='ltr'>βραχὺν</span> <span class='ocrx_word' id='word_1_160' title='bbox 3589 1207 3654 1256; x_wconf 59' lang='grc' dir='ltr'><strong>τὸ,</strong></span> <span class='ocrx_word' id='word_1_161' title='bbox 3676 1209 3737 1260; x_wconf 71' lang='grc' dir='ltr'>τοῦ</span> 
     </span>
    </p>
   </div>
   <div class='ocr_carea' id='block_1_20' title="bbox 580 1292 2160 1365">
    <p class='ocr_par' dir='ltr' id='par_1_20' title="bbox 580 1292 2160 1365">
     <span class='ocr_line' id='line_1_20' title="bbox 580 1292 2160 1365; baseline -0.003 -16"><span class='ocrx_word' id='word_1_162' title='bbox 580 1310 644 1349; x_wconf 86' lang='lat' dir='ltr'><strong>ea</strong></span> <span class='ocrx_word' id='word_1_163' title='bbox 679 1303 805 1348; x_wconf 88' lang='lat' dir='ltr'><strong>sunt</strong></span> <span class='ocrx_word' id='word_1_164' title='bbox 841 1311 854 1348; x_wconf 89' lang='lat'><strong>:</strong></span> <span class='ocrx_word' id='word_1_165' title='bbox 889 1294 998 1365; x_wconf 76' lang='lat'><strong>58</strong></span> <span class='ocrx_word' id='word_1_166' title='bbox 1041 1295 1338 1350; x_wconf 85' lang='lat' dir='ltr'><strong>ostendens</strong></span> <span class='ocrx_word' id='word_1_167' title='bbox 1381 1296 1542 1348; x_wconf 85' lang='lat' dir='ltr'><strong>breve</strong></span> <span class='ocrx_word' id='word_1_168' title='bbox 1584 1308 1704 1348; x_wconf 87' lang='lat' dir='ltr'><strong>esse</strong></span> <span class='ocrx_word' id='word_1_169' title='bbox 1746 1292 1872 1346; x_wconf 88' lang='lat' dir='ltr'><strong>belli</strong></span> <span class='ocrx_word' id='word_1_170' title='bbox 1928 1302 2160 1361; x_wconf 80' lang='lat' dir='ltr'><strong>tempus.</strong></span> 
     </span>
    </p>
   </div>
   <div class='ocr_carea' id='block_1_21' title="bbox 2154 1292 3734 1365">
    <p class='ocr_par' dir='ltr' id='par_1_21' title="bbox 2154 1292 3734 1364">
     <span class='ocr_line' id='line_1_21' title="bbox 2154 1292 3734 1364; baseline 0.003 -20"><span class='ocrx_word' id='word_1_171' title='bbox 2154 1329 2164 1351; x_wconf 85' lang='lat'><em>.</em></span> <span class='ocrx_word' id='word_1_172' title='bbox 2269 1293 2506 1362; x_wconf 80' lang='grc' dir='ltr'>πολέμου</span> <span class='ocrx_word' id='word_1_173' title='bbox 2539 1292 2753 1363; x_wconf 75' lang='grc' dir='ltr'>καιρὸν,</span> <span class='ocrx_word' id='word_1_174' title='bbox 2781 1294 2874 1346; x_wconf 76' lang='grc' dir='ltr'><strong>καὶ</strong></span> <span class='ocrx_word' id='word_1_175' title='bbox 2901 1292 3072 1364; x_wconf 79' lang='grc' dir='ltr'>ταύτῃ</span> <span class='ocrx_word' id='word_1_176' title='bbox 3105 1292 3406 1363; x_wconf 78' lang='grc' dir='ltr'>προθυμίαν</span> <span class='ocrx_word' id='word_1_177' title='bbox 3428 1294 3583 1357; x_wconf 82' lang='grc' dir='ltr'>αὐτοῖς</span> <span class='ocrx_word' id='word_1_178' title='bbox 3601 1296 3734 1360; x_wconf 65' lang='grc' dir='ltr'>διδούς.</span> 
     </span>
    </p>
   </div>
   <div class='ocr_carea' id='block_1_22' title="bbox 580 1383 2160 1458">
    <p class='ocr_par' dir='ltr' id='par_1_22' title="bbox 580 1384 2160 1458">
     <span class='ocr_line' id='line_1_22' title="bbox 580 1384 2160 1458; baseline -0.003 -16"><span class='ocrx_word' id='word_1_179' title='bbox 580 1389 742 1442; x_wconf 85' lang='lat' dir='ltr'><strong>etiam</strong></span> <span class='ocrx_word' id='word_1_180' title='bbox 785 1386 889 1440; x_wconf 90' lang='lat' dir='ltr'><strong>hoc</strong></span> <span class='ocrx_word' id='word_1_181' title='bbox 939 1386 1097 1440; x_wconf 88' lang='lat' dir='ltr'><strong>modo</strong></span> <span class='ocrx_word' id='word_1_182' title='bbox 1132 1394 1445 1458; x_wconf 87' lang='lat' dir='ltr'><strong>promptum</strong></span> <span class='ocrx_word' id='word_1_183' title='bbox 1493 1387 1600 1441; x_wconf 86' lang='lat' dir='ltr'><strong>illis</strong></span> <span class='ocrx_word' id='word_1_184' title='bbox 1635 1384 1846 1439; x_wconf 83' lang='lat' dir='ltr'><strong>addens</strong></span> <span class='ocrx_word' id='word_1_185' title='bbox 1897 1385 2160 1437; x_wconf 87' lang='lat' dir='ltr'><strong>animum.</strong></span> 
     </span>
    </p>
   </div>
   <div class='ocr_carea' id='block_1_23' title="bbox 2154 1383 3734 1458">
    <p class='ocr_par' dir='ltr' id='par_1_23' title="bbox 2154 1383 3734 1454">
     <span class='ocr_line' id='line_1_23' title="bbox 2154 1383 3734 1454; baseline 0.003 -17"><span class='ocrx_word' id='word_1_186' title='bbox 2154 1421 2165 1437; x_wconf 92' lang='lat'><strong>.</strong></span> <span class='ocrx_word' id='word_1_187' title='bbox 2275 1385 2416 1438; x_wconf 72' lang='grc' dir='ltr'><strong>«Καὶ</strong></span> <span class='ocrx_word' id='word_1_188' title='bbox 2465 1383 2679 1439; x_wconf 76' lang='grc' dir='ltr'>ἅπαντα</span> <span class='ocrx_word' id='word_1_189' title='bbox 2729 1385 3200 1454; x_wconf 70' lang='grc' dir='ltr'><strong>κατεργασάμενοι</strong></span> <span class='ocrx_word' id='word_1_190' title='bbox 3241 1385 3440 1453; x_wconf 71' lang='grc' dir='ltr'>στῆναι.</span> <span class='ocrx_word' id='word_1_191' title='bbox 3476 1405 3492 1435; x_wconf 97' lang='grc'><strong>1</strong></span> <span class='ocrx_word' id='word_1_192' title='bbox 3541 1387 3734 1452; x_wconf 67' lang='lat' dir='ltr'><strong>&quot;Atta-na,</strong></span> 
     </span>
    </p>
   </div>
   <div class='ocr_carea' id='block_1_24' title="bbox 588 1471 2168 1548">
    <p class='ocr_par' dir='ltr' id='par_1_24' title="bbox 588 1479 2168 1547">
     <span class='ocr_line' id='line_1_24' title="bbox 588 1479 2168 1547; baseline -0.001 -15"><span class='ocrx_word' id='word_1_193' title='bbox 588 1499 606 1532; x_wconf 82' lang='grc' dir='ltr'><strong>ι</strong></span> <span class='ocrx_word' id='word_1_194' title='bbox 649 1481 716 1536; x_wconf 83' lang='grc' dir='ltr'>Ει</span> <span class='ocrx_word' id='word_1_195' title='bbox 763 1481 1021 1535; x_wconf 86' lang='lat' dir='ltr'><strong>omnibus</strong></span> <span class='ocrx_word' id='word_1_196' title='bbox 1075 1480 1306 1535; x_wconf 75' lang='lat' dir='ltr'><strong>devictis</strong></span> <span class='ocrx_word' id='word_1_197' title='bbox 1361 1489 1529 1536; x_wconf 87' lang='lat' dir='ltr'><strong>stare.</strong></span> <span class='ocrx_word' id='word_1_198' title='bbox 1574 1500 1593 1532; x_wconf 85' lang='grc'><strong>1</strong></span> <span class='ocrx_word' id='word_1_199' title='bbox 1657 1479 1923 1534; x_wconf 88' lang='lat' dir='ltr'><strong>Omnibus</strong></span> <span class='ocrx_word' id='word_1_200' title='bbox 1978 1492 2168 1547; x_wconf 91' lang='lat' dir='ltr'><strong>nempe</strong></span> 
     </span>
    </p>
   </div>
   <div class='ocr_carea' id='block_1_25' title="bbox 2155 1471 3735 1548">
    <p class='ocr_par' dir='ltr' id='par_1_25' title="bbox 2155 1471 3735 1548">
     <span class='ocr_line' id='line_1_25' title="bbox 2155 1471 3735 1548; baseline 0.003 -18"><span class='ocrx_word' id='word_1_201' title='bbox 2155 1493 2170 1530; x_wconf 74' lang='lat'><strong>3</strong></span> <span class='ocrx_word' id='word_1_202' title='bbox 2268 1471 2380 1531; x_wconf 74' lang='grc' dir='ltr'>οἷον</span> <span class='ocrx_word' id='word_1_203' title='bbox 2441 1475 2541 1540; x_wconf 85' lang='grc' dir='ltr'><strong>τὰς</strong></span> <span class='ocrx_word' id='word_1_204' title='bbox 2602 1475 2770 1546; x_wconf 85' lang='grc' dir='ltr'>πάθη,</span> <span class='ocrx_word' id='word_1_205' title='bbox 2810 1477 2910 1541; x_wconf 81' lang='grc' dir='ltr'>τὰς</span> <span class='ocrx_word' id='word_1_206' title='bbox 2931 1476 3247 1546; x_wconf 80' lang='grc' dir='ltr'><strong>ἐπιθυμίας.</strong></span> <span class='ocrx_word' id='word_1_207' title='bbox 3303 1480 3735 1548; x_wconf 75' lang='grc' dir='ltr'>Κατερτασάμενα,</span> 
     </span>
    </p>
   </div>
   <div class='ocr_carea' id='block_1_26' title="bbox 583 1562 2163 1639">
    <p class='ocr_par' dir='ltr' id='par_1_26' title="bbox 583 1567 2163 1637">
     <span class='ocr_line' id='line_1_26' title="bbox 583 1567 2163 1637; baseline -0.001 -14"><span class='ocrx_word' id='word_1_208' title='bbox 583 1570 985 1634; x_wconf 76' lang='grc' dir='ltr'><strong>ι11Ῑοο11011111118,</strong></span> <span class='ocrx_word' id='word_1_209' title='bbox 1006 1570 1488 1637; x_wconf 82' lang='lat' dir='ltr'><strong>concupiscentiis.</strong></span> <span class='ocrx_word' id='word_1_210' title='bbox 1515 1589 1533 1621; x_wconf 83' lang='grc' dir='ltr'><strong>ι</strong></span> <span class='ocrx_word' id='word_1_211' title='bbox 1563 1569 1816 1624; x_wconf 81' lang='lat' dir='ltr'><strong>Devictis.</strong></span> <span class='ocrx_word' id='word_1_212' title='bbox 1841 1587 1858 1619; x_wconf 94' lang='grc'><strong>1</strong></span> <span class='ocrx_word' id='word_1_213' title='bbox 1881 1567 2014 1621; x_wconf 83' lang='lat' dir='ltr'><strong>Nam</strong></span> <span class='ocrx_word' id='word_1_214' title='bbox 2042 1583 2163 1622; x_wconf 86' lang='grc' dir='ltr'>κατ-</span> 
     </span>
    </p>
   </div>
   <div class='ocr_carea' id='block_1_27' title="bbox 2153 1562 3733 1639">
    <p class='ocr_par' dir='ltr' id='par_1_27' title="bbox 2153 1562 3733 1639">
     <span class='ocr_line' id='line_1_27' title="bbox 2153 1562 3733 1639; baseline 0.003 -19"><span class='ocrx_word' id='word_1_215' title='bbox 2153 1598 2172 1608; x_wconf 93' lang='lat'><strong>-</strong></span> <span class='ocrx_word' id='word_1_216' title='bbox 2270 1562 2420 1632; x_wconf 76' lang='grc' dir='ltr'>οἷον,</span> <span class='ocrx_word' id='word_1_217' title='bbox 2506 1571 3132 1635; x_wconf 77' lang='grc' dir='ltr'>Καταπολεμησαντες</span> <span class='ocrx_word' id='word_1_218' title='bbox 3219 1567 3406 1635; x_wconf 80' lang='grc' dir='ltr'>στῆναι</span> <span class='ocrx_word' id='word_1_219' title='bbox 3437 1608 3452 1633; x_wconf 93' lang='grc'>,</span> <span class='ocrx_word' id='word_1_220' title='bbox 3527 1572 3733 1639; x_wconf 66' lang='grc' dir='ltr'>νικηνςρόροι</span> 
     </span>
    </p>
   </div>
   <div class='ocr_carea' id='block_1_28' title="bbox 580 1658 3737 1732">
    <p class='ocr_par' dir='ltr' id='par_1_28' title="bbox 580 1658 3737 1732">
     <span class='ocr_line' id='line_1_28' title="bbox 580 1658 3737 1732; baseline 0.001 -18"><span class='ocrx_word' id='word_1_221' title='bbox 580 1663 949 1732; x_wconf 82' lang='grc' dir='ltr'>εργοισάμενοι</span> <span class='ocrx_word' id='word_1_222' title='bbox 1001 1661 1219 1730; x_wconf 82' lang='lat' dir='ltr'><strong>capitur</strong></span> <span class='ocrx_word' id='word_1_223' title='bbox 1273 1675 1371 1731; x_wconf 92' lang='lat' dir='ltr'><strong>pro</strong></span> <span class='ocrx_word' id='word_1_224' title='bbox 1415 1659 1966 1732; x_wconf 78' lang='grc' dir='ltr'>καταπολεμήσαντες</span> <span class='ocrx_word' id='word_1_225' title='bbox 1992 1701 2008 1724; x_wconf 84' lang='grc'><strong>,</strong></span> <span class='ocrx_word' id='word_1_226' title='bbox 2068 1659 2172 1714; x_wconf 89' lang='lat' dir='ltr'><strong>hoc</strong></span> <span class='ocrx_word' id='word_1_227' title='bbox 2269 1661 2414 1723; x_wconf 73' lang='grc' dir='ltr'>τινὲς</span> <span class='ocrx_word' id='word_1_228' title='bbox 2446 1661 2539 1714; x_wconf 70' lang='grc' dir='ltr'><strong>καὶ</strong></span> <span class='ocrx_word' id='word_1_229' title='bbox 2571 1659 2817 1730; x_wconf 74' lang='grc' dir='ltr'>λαμπροὶ</span> <span class='ocrx_word' id='word_1_230' title='bbox 2845 1659 2924 1730; x_wconf 82' lang='grc' dir='ltr'>τῷ</span> <span class='ocrx_word' id='word_1_231' title='bbox 2961 1660 3234 1731; x_wconf 85' lang='grc' dir='ltr'>τροπαίῳ.</span> <span class='ocrx_word' id='word_1_232' title='bbox 3262 1658 3445 1712; x_wconf 72' lang='grc' dir='ltr'>Πολλοὶ</span> <span class='ocrx_word' id='word_1_233' title='bbox 3470 1661 3559 1731; x_wconf 81' lang='grc' dir='ltr'><strong>γὰρ</strong></span> <span class='ocrx_word' id='word_1_234' title='bbox 3579 1664 3679 1730; x_wconf 77' lang='grc' dir='ltr'>μετά</span> <span class='ocrx_word' id='word_1_235' title='bbox 3699 1663 3737 1716; x_wconf 70' lang='grc' dir='ltr'>τὸ</span> 
     </span>
    </p>
   </div>
   <div class='ocr_carea' id='block_1_29' title="bbox 578 1750 2158 1824">
    <p class='ocr_par' dir='ltr' id='par_1_29' title="bbox 578 1752 2158 1822">
     <span class='ocr_line' id='line_1_29' title="bbox 578 1752 2158 1822; baseline -0.005 -10"><span class='ocrx_word' id='word_1_236' title='bbox 578 1769 682 1822; x_wconf 86' lang='lat' dir='ltr'><strong>est,</strong></span> <span class='ocrx_word' id='word_1_237' title='bbox 714 1755 966 1812; x_wconf 78' lang='lat' dir='ltr'><strong>coniecto</strong></span> <span class='ocrx_word' id='word_1_238' title='bbox 999 1756 1139 1810; x_wconf 86' lang='lat' dir='ltr'><strong>bello</strong></span> <span class='ocrx_word' id='word_1_239' title='bbox 1169 1769 1231 1808; x_wconf 90' lang='lat' dir='ltr'><strong>ac</strong></span> <span class='ocrx_word' id='word_1_240' title='bbox 1264 1753 1492 1808; x_wconf 80' lang='lat' dir='ltr'><strong>devictis</strong></span> <span class='ocrx_word' id='word_1_241' title='bbox 1518 1752 1770 1807; x_wconf 84' lang='lat' dir='ltr'><strong>hostibus</strong></span> <span class='ocrx_word' id='word_1_242' title='bbox 1815 1763 1984 1814; x_wconf 86' lang='lat' dir='ltr'><strong>stare,</strong></span> <span class='ocrx_word' id='word_1_243' title='bbox 2041 1759 2158 1805; x_wconf 67' lang='grc'><strong>11111⁴</strong></span> 
     </span>
    </p>
   </div>
   <div class='ocr_carea' id='block_1_30' title="bbox 2154 1750 3734 1824">
    <p class='ocr_par' dir='ltr' id='par_1_30' title="bbox 2154 1750 3734 1824">
     <span class='ocr_line' id='line_1_30' title="bbox 2154 1750 3734 1824; baseline 0.002 -21"><span class='ocrx_word' id='word_1_244' title='bbox 2154 1779 2166 1792; x_wconf 75' lang='grc' dir='ltr'><strong>ι</strong></span> <span class='ocrx_word' id='word_1_245' title='bbox 2271 1753 2512 1821; x_wconf 80' lang='grc' dir='ltr'>νικῆσαι,</span> <span class='ocrx_word' id='word_1_246' title='bbox 2551 1751 2712 1805; x_wconf 82' lang='grc' dir='ltr'>πάλιν</span> <span class='ocrx_word' id='word_1_247' title='bbox 2747 1753 2960 1806; x_wconf 74' lang='grc' dir='ltr'>ἔπεσον.</span> <span class='ocrx_word' id='word_1_248' title='bbox 3008 1750 3149 1804; x_wconf 76' lang='grc' dir='ltr'>Ἀλλ’</span> <span class='ocrx_word' id='word_1_249' title='bbox 3205 1751 3293 1804; x_wconf 81' lang='grc' dir='ltr'>ἵνα</span> <span class='ocrx_word' id='word_1_250' title='bbox 3339 1753 3536 1820; x_wconf 75' lang='grc' dir='ltr'>ὲνστῆτε</span> <span class='ocrx_word' id='word_1_251' title='bbox 3568 1755 3734 1824; x_wconf 65' lang='grc' dir='ltr'>τῇνὶιῃ.</span> 
     </span>
    </p>
   </div>
   <div class='ocr_carea' id='block_1_31' title="bbox 579 1845 3738 1918">
    <p class='ocr_par' dir='ltr' id='par_1_31' title="bbox 579 1845 3738 1918">
     <span class='ocr_line' id='line_1_31' title="bbox 579 1845 3738 1918; baseline 0.001 -18"><span class='ocrx_word' id='word_1_252' title='bbox 579 1863 744 1918; x_wconf 90' lang='lat' dir='ltr'><strong>quam</strong></span> <span class='ocrx_word' id='word_1_253' title='bbox 774 1848 940 1918; x_wconf 90' lang='lat' dir='ltr'><strong>biqui</strong></span> <span class='ocrx_word' id='word_1_254' title='bbox 967 1848 1247 1902; x_wconf 83' lang='lat' dir='ltr'><strong>victoriam</strong></span> <span class='ocrx_word' id='word_1_255' title='bbox 1278 1854 1724 1917; x_wconf 87' lang='lat' dir='ltr'><strong>rcportarunt,et</strong></span> <span class='ocrx_word' id='word_1_256' title='bbox 1751 1847 1995 1917; x_wconf 72' lang='lat' dir='ltr'><strong>trOphzeo</strong></span> <span class='ocrx_word' id='word_1_257' title='bbox 2014 1847 2151 1902; x_wconf 89' lang='lat' dir='ltr'><strong>clari</strong></span> <span class='ocrx_word' id='word_1_258' title='bbox 2194 1854 2345 1901; x_wconf 88' lang='lat' dir='ltr'><strong>sunt.</strong></span> <span class='ocrx_word' id='word_1_259' title='bbox 2384 1845 2535 1901; x_wconf 74' lang='lat' dir='ltr'><strong>Multi</strong></span> <span class='ocrx_word' id='word_1_260' title='bbox 2566 1847 2715 1900; x_wconf 85' lang='lat' dir='ltr'><strong>enim</strong></span> <span class='ocrx_word' id='word_1_261' title='bbox 2747 1855 3036 1916; x_wconf 84' lang='lat' dir='ltr'><strong>postquam</strong></span> <span class='ocrx_word' id='word_1_262' title='bbox 3081 1846 3350 1911; x_wconf 85' lang='lat' dir='ltr'><strong>vicerunt,</strong></span> <span class='ocrx_word' id='word_1_263' title='bbox 3411 1861 3595 1901; x_wconf 78' lang='lat' dir='ltr'><strong>rursum</strong></span> <span class='ocrx_word' id='word_1_264' title='bbox 3643 1849 3738 1902; x_wconf 82' lang='lat' dir='ltr'><strong>ceci-</strong></span> 
     </span>
    </p>
   </div>
   <div class='ocr_carea' id='block_1_32' title="bbox 579 1939 1730 2008">
    <p class='ocr_par' dir='ltr' id='par_1_32' title="bbox 579 1939 1730 2008">
     <span class='ocr_line' id='line_1_32' title="bbox 579 1939 1730 2008; baseline 0 -14"><span class='ocrx_word' id='word_1_265' title='bbox 579 1940 798 1994; x_wconf 86' lang='lat' dir='ltr'><strong>derunt.</strong></span> <span class='ocrx_word' id='word_1_266' title='bbox 834 1939 937 1992; x_wconf 84' lang='lat' dir='ltr'><strong>Sed</strong></span> <span class='ocrx_word' id='word_1_267' title='bbox 968 1947 1026 1992; x_wconf 92' lang='lat' dir='ltr'><strong>ut</strong></span> <span class='ocrx_word' id='word_1_268' title='bbox 1062 1940 1112 1991; x_wconf 90' lang='grc'><strong>111</strong></span> <span class='ocrx_word' id='word_1_269' title='bbox 1144 1939 1366 1993; x_wconf 78' lang='lat' dir='ltr'><strong>victoria</strong></span> <span class='ocrx_word' id='word_1_270' title='bbox 1396 1939 1730 2008; x_wconf 84' lang='lat' dir='ltr'><strong>persistatis.</strong></span> 
     </span>
    </p>
   </div>
   <div class='ocr_carea' id='block_1_33' title="bbox 651 2025 2231 2102">
    <p class='ocr_par' dir='ltr' id='par_1_33' title="bbox 651 2031 2231 2102">
     <span class='ocr_line' id='line_1_33' title="bbox 651 2031 2231 2102; baseline -0.001 -14"><span class='ocrx_word' id='word_1_271' title='bbox 651 2033 742 2099; x_wconf 80' lang='lat' dir='ltr'><strong>Vl,</strong></span> <span class='ocrx_word' id='word_1_272' title='bbox 787 2034 974 2088; x_wconf 74' lang='lat' dir='ltr'><strong>M-l8.</strong></span> <span class='ocrx_word' id='word_1_273' title='bbox 1010 2031 1160 2087; x_wconf 85' lang='lat' dir='ltr'><strong>State</strong></span> <span class='ocrx_word' id='word_1_274' title='bbox 1192 2033 1358 2102; x_wconf 82' lang='lat' dir='ltr'><strong>igitur</strong></span> <span class='ocrx_word' id='word_1_275' title='bbox 1395 2032 1587 2086; x_wconf 83' lang='lat' dir='ltr'><strong>lumbis</strong></span> <span class='ocrx_word' id='word_1_276' title='bbox 1627 2033 1810 2086; x_wconf 78' lang='lat' dir='ltr'><strong>vestris</strong></span> <span class='ocrx_word' id='word_1_277' title='bbox 1851 2033 2162 2086; x_wconf 81' lang='lat' dir='ltr'><strong>circumein-</strong></span> <span class='ocrx_word' id='word_1_278' title='bbox 2196 2041 2231 2095; x_wconf 77' lang='lat' dir='ltr'>ﬂ</span> 
     </span>
    </p>
   </div>
   <div class='ocr_carea' id='block_1_34' title="bbox 2158 2025 3738 2102">
    <p class='ocr_par' dir='ltr' id='par_1_34' title="bbox 2158 2025 3738 2098">
     <span class='ocr_line' id='line_1_34' title="bbox 2158 2025 3738 2098; baseline 0.001 -16"><span class='ocrx_word' id='word_1_279' title='bbox 2158 2062 2162 2070; x_wconf 70' lang='grc' dir='ltr'><strong>ι</strong></span> <span class='ocrx_word' id='word_1_280' title='bbox 2196 2041 2236 2095; x_wconf 78' lang='grc' dir='ltr'><strong><em>Β</em></strong></span> <span class='ocrx_word' id='word_1_281' title='bbox 2334 2030 2524 2098; x_wconf 78' lang='grc' dir='ltr'>Στῆτε</span> <span class='ocrx_word' id='word_1_282' title='bbox 2558 2025 2671 2096; x_wconf 81' lang='grc' dir='ltr'><strong>οὖν</strong></span> <span class='ocrx_word' id='word_1_283' title='bbox 2709 2026 3170 2097; x_wconf 79' lang='grc' dir='ltr'><strong>περιζωσάμενοι</strong></span> <span class='ocrx_word' id='word_1_284' title='bbox 3203 2025 3316 2092; x_wconf 83' lang='grc' dir='ltr'><strong>τὴν</strong></span> <span class='ocrx_word' id='word_1_285' title='bbox 3343 2026 3521 2095; x_wconf 53' lang='grc' dir='ltr'><strong>ὀσφὺν</strong></span> <span class='ocrx_word' id='word_1_286' title='bbox 3550 2027 3738 2096; x_wconf 73' lang='grc' dir='ltr'><strong>ὐμῶνέν</strong></span> 
     </span>
    </p>
   </div>
   <div class='ocr_carea' id='block_1_35' title="bbox 582 2119 2162 2196">
    <p class='ocr_par' dir='ltr' id='par_1_35' title="bbox 582 2125 2162 2196">
     <span class='ocr_line' id='line_1_35' title="bbox 582 2125 2162 2196; baseline -0.003 -14"><span class='ocrx_word' id='word_1_287' title='bbox 582 2130 680 2182; x_wconf 86' lang='lat' dir='ltr'><strong>etis</strong></span> <span class='ocrx_word' id='word_1_288' title='bbox 711 2127 916 2182; x_wconf 82' lang='lat' dir='ltr'><strong>baltlteo</strong></span> <span class='ocrx_word' id='word_1_289' title='bbox 948 2143 1038 2196; x_wconf 85' lang='lat' dir='ltr'><strong>per</strong></span> <span class='ocrx_word' id='word_1_290' title='bbox 1069 2127 1370 2192; x_wconf 80' lang='lat' dir='ltr'><strong>veritatem,</strong></span> <span class='ocrx_word' id='word_1_291' title='bbox 1410 2135 1458 2180; x_wconf 81' lang='lat' dir='ltr'><strong>et</strong></span> <span class='ocrx_word' id='word_1_292' title='bbox 1495 2125 1668 2179; x_wconf 87' lang='lat' dir='ltr'><strong>induti</strong></span> <span class='ocrx_word' id='word_1_293' title='bbox 1705 2127 1971 2179; x_wconf 82' lang='lat' dir='ltr'><strong>thoracem</strong></span> <span class='ocrx_word' id='word_1_294' title='bbox 2000 2125 2162 2193; x_wconf 85' lang='lat' dir='ltr'><strong>justi-</strong></span> 
     </span>
    </p>
   </div>
   <div class='ocr_carea' id='block_1_36' title="bbox 2154 2119 3734 2196">
    <p class='ocr_par' dir='ltr' id='par_1_36' title="bbox 2154 2119 3734 2192">
     <span class='ocr_line' id='line_1_36' title="bbox 2154 2119 3734 2192; baseline -0.009 -13"><span class='ocrx_word' id='word_1_295' title='bbox 2154 2152 2172 2169; x_wconf 91' lang='lat'><strong>-</strong></span> <span class='ocrx_word' id='word_1_296' title='bbox 2267 2125 2541 2192; x_wconf 70' lang='grc' dir='ltr'>ἀληθείᾳ,</span> <span class='ocrx_word' id='word_1_297' title='bbox 2580 2123 2676 2176; x_wconf 76' lang='grc' dir='ltr'><strong>καὶ</strong></span> <span class='ocrx_word' id='word_1_298' title='bbox 2712 2119 3111 2190; x_wconf 75' lang='grc' dir='ltr'><strong>ἐνδυσάμενοι</strong></span> <span class='ocrx_word' id='word_1_299' title='bbox 3158 2119 3265 2173; x_wconf 80' lang='grc' dir='ltr'><strong>τὸν</strong></span> <span class='ocrx_word' id='word_1_300' title='bbox 3313 2120 3523 2187; x_wconf 79' lang='grc' dir='ltr'>θώρακα</span> <span class='ocrx_word' id='word_1_301' title='bbox 3567 2120 3651 2188; x_wconf 79' lang='grc' dir='ltr'><strong>τῆς</strong></span> <span class='ocrx_word' id='word_1_302' title='bbox 3677 2122 3734 2174; x_wconf 74' lang='grc' dir='ltr'><strong>δι.</strong></span> 
     </span>
    </p>
   </div>
   <div class='ocr_carea' id='block_1_37' title="bbox 580 2211 2160 2287">
    <p class='ocr_par' dir='ltr' id='par_1_37' title="bbox 580 2215 2160 2287">
     <span class='ocr_line' id='line_1_37' title="bbox 580 2215 2160 2287; baseline -0.004 -13"><span class='ocrx_word' id='word_1_303' title='bbox 580 2221 689 2284; x_wconf 75' lang='lat' dir='ltr'><strong>tite,</strong></span> <span class='ocrx_word' id='word_1_304' title='bbox 719 2228 769 2275; x_wconf 87' lang='lat' dir='ltr'><strong>et</strong></span> <span class='ocrx_word' id='word_1_305' title='bbox 802 2218 1026 2273; x_wconf 73' lang='lat' dir='ltr'><strong>calceati</strong></span> <span class='ocrx_word' id='word_1_306' title='bbox 1057 2217 1566 2287; x_wconf 85' lang='lat' dir='ltr'><strong>pedibus,utparati</strong></span> <span class='ocrx_word' id='word_1_307' title='bbox 1596 2217 1713 2270; x_wconf 86' lang='lat' dir='ltr'><strong>sitis</strong></span> <span class='ocrx_word' id='word_1_308' title='bbox 1734 2217 1801 2268; x_wconf 82' lang='lat' dir='ltr'><strong>ad</strong></span> <span class='ocrx_word' id='word_1_309' title='bbox 1820 2215 2160 2286; x_wconf 83' lang='lat' dir='ltr'><strong>Evangelium</strong></span> 
     </span>
    </p>
   </div>
   <div class='ocr_carea' id='block_1_38' title="bbox 2156 2211 3736 2287">
    <p class='ocr_par' dir='ltr' id='par_1_38' title="bbox 2156 2211 3736 2283">
     <span class='ocr_line' id='line_1_38' title="bbox 2156 2211 3736 2283; baseline -0.001 -14"><span class='ocrx_word' id='word_1_310' title='bbox 2156 2232 2166 2269; x_wconf 89' lang='grc'><strong>1</strong></span> <span class='ocrx_word' id='word_1_311' title='bbox 2269 2217 2622 2283; x_wconf 78' lang='grc' dir='ltr'>καιοσύνης,</span> <span class='ocrx_word' id='word_1_312' title='bbox 2679 2213 2777 2268; x_wconf 79' lang='grc' dir='ltr'><strong>καὶ</strong></span> <span class='ocrx_word' id='word_1_313' title='bbox 2833 2211 3286 2279; x_wconf 74' lang='grc' dir='ltr'>ὑποδυσάμενοι</span> <span class='ocrx_word' id='word_1_314' title='bbox 3335 2211 3467 2277; x_wconf 82' lang='grc' dir='ltr'>τοὺς</span> <span class='ocrx_word' id='word_1_315' title='bbox 3507 2212 3653 2277; x_wconf 70' lang='grc' dir='ltr'>πόδας</span> <span class='ocrx_word' id='word_1_316' title='bbox 3690 2215 3736 2267; x_wconf 82' lang='grc' dir='ltr'>ἐν</span> 
     </span>
    </p>
   </div>
   <div class='ocr_carea' id='block_1_39' title="bbox 577 2304 2157 2382">
    <p class='ocr_par' dir='ltr' id='par_1_39' title="bbox 577 2307 2157 2382">
     <span class='ocr_line' id='line_1_39' title="bbox 577 2307 2157 2382; baseline -0.002 -18"><span class='ocrx_word' id='word_1_317' title='bbox 577 2313 750 2382; x_wconf 78' lang='lat' dir='ltr'><strong>pacis,</strong></span> <span class='ocrx_word' id='word_1_318' title='bbox 781 2327 936 2378; x_wconf 83' lang='lat' dir='ltr'><strong>super</strong></span> <span class='ocrx_word' id='word_1_319' title='bbox 959 2312 1140 2364; x_wconf 85' lang='lat' dir='ltr'><strong>omnia</strong></span> <span class='ocrx_word' id='word_1_320' title='bbox 1168 2319 1442 2378; x_wconf 85' lang='lat' dir='ltr'><strong>assumpto</strong></span> <span class='ocrx_word' id='word_1_321' title='bbox 1477 2316 1628 2362; x_wconf 87' lang='lat' dir='ltr'><strong>scuto</strong></span> <span class='ocrx_word' id='word_1_322' title='bbox 1652 2307 1796 2376; x_wconf 81' lang='lat' dir='ltr'><strong>ﬁdei,</strong></span> <span class='ocrx_word' id='word_1_323' title='bbox 1823 2324 1924 2378; x_wconf 86' lang='lat' dir='ltr'><strong>quo</strong></span> <span class='ocrx_word' id='word_1_324' title='bbox 1953 2309 2157 2374; x_wconf 72' lang='lat' dir='ltr'><strong>possitis</strong></span> 
     </span>
    </p>
   </div>
   <div class='ocr_carea' id='block_1_40' title="bbox 2154 2304 3734 2382">
    <p class='ocr_par' dir='ltr' id='par_1_40' title="bbox 2154 2304 3734 2378">
     <span class='ocr_line' id='line_1_40' title="bbox 2154 2304 3734 2378; baseline -0.002 -17"><span class='ocrx_word' id='word_1_325' title='bbox 2154 2323 2165 2361; x_wconf 86' lang='grc'><strong>1</strong></span> <span class='ocrx_word' id='word_1_326' title='bbox 2267 2309 2578 2378; x_wconf 77' lang='grc' dir='ltr'><strong>ἑτοιμασίᾳ</strong></span> <span class='ocrx_word' id='word_1_327' title='bbox 2636 2307 2742 2362; x_wconf 82' lang='grc' dir='ltr'>τοῦ</span> <span class='ocrx_word' id='word_1_328' title='bbox 2795 2306 3170 2374; x_wconf 68' lang='grc' dir='ltr'>Εὑαγγελιόυ</span> <span class='ocrx_word' id='word_1_329' title='bbox 3226 2304 3334 2373; x_wconf 81' lang='grc' dir='ltr'><strong>τῆς</strong></span> <span class='ocrx_word' id='word_1_330' title='bbox 3383 2305 3605 2372; x_wconf 72' lang='grc' dir='ltr'><strong>είρήνης.</strong></span> <span class='ocrx_word' id='word_1_331' title='bbox 3649 2307 3734 2359; x_wconf 75' lang='grc' dir='ltr'><strong>Ἐπι</strong></span> 
     </span>
    </p>
   </div>
   <div class='ocr_carea' id='block_1_41' title="bbox 581 2396 2161 2472">
    <p class='ocr_par' dir='ltr' id='par_1_41' title="bbox 581 2399 2161 2472">
     <span class='ocr_line' id='line_1_41' title="bbox 581 2399 2161 2472; baseline -0.003 -15"><span class='ocrx_word' id='word_1_332' title='bbox 581 2406 761 2457; x_wconf 83' lang='lat' dir='ltr'><strong>omnia</strong></span> <span class='ocrx_word' id='word_1_333' title='bbox 789 2402 978 2472; x_wconf 84' lang='lat' dir='ltr'><strong>jacula</strong></span> <span class='ocrx_word' id='word_1_334' title='bbox 1007 2401 1137 2456; x_wconf 86' lang='lat' dir='ltr'><strong>mali</strong></span> <span class='ocrx_word' id='word_1_335' title='bbox 1163 2401 1306 2455; x_wconf 81' lang='lat' dir='ltr'><strong>illius</strong></span> <span class='ocrx_word' id='word_1_336' title='bbox 1339 2401 1506 2469; x_wconf 87' lang='lat' dir='ltr'><strong>ignita</strong></span> <span class='ocrx_word' id='word_1_337' title='bbox 1536 2400 1868 2470; x_wconf 75' lang='lat' dir='ltr'><strong>exstinguere</strong></span> <span class='ocrx_word' id='word_1_338' title='bbox 1895 2399 2161 2470; x_wconf 87' lang='lat' dir='ltr'><strong>:galeam-</strong></span> 
     </span>
    </p>
   </div>
   <div class='ocr_carea' id='block_1_42' title="bbox 2155 2396 3735 2472">
    <p class='ocr_par' dir='ltr' id='par_1_42' title="bbox 2155 2396 3735 2464">
     <span class='ocr_line' id='line_1_42' title="bbox 2155 2396 3735 2464; baseline -0.001 -10"><span class='ocrx_word' id='word_1_339' title='bbox 2155 2429 2168 2440; x_wconf 92' lang='lat'><strong><em>-</em></strong></span> <span class='ocrx_word' id='word_1_340' title='bbox 2269 2401 2462 2456; x_wconf 80' lang='grc' dir='ltr'>πᾶσιν</span> <span class='ocrx_word' id='word_1_341' title='bbox 2495 2401 2902 2463; x_wconf 71' lang='grc' dir='ltr'><strong>ἀναλαϐόντες</strong></span> <span class='ocrx_word' id='word_1_342' title='bbox 2933 2398 3043 2450; x_wconf 70' lang='grc' dir='ltr'><strong>τὸν</strong></span> <span class='ocrx_word' id='word_1_343' title='bbox 3082 2398 3302 2464; x_wconf 78' lang='grc' dir='ltr'>θυρεὸν</span> <span class='ocrx_word' id='word_1_344' title='bbox 3332 2396 3433 2463; x_wconf 83' lang='grc' dir='ltr'><strong>τῆς</strong></span> <span class='ocrx_word' id='word_1_345' title='bbox 3458 2399 3672 2464; x_wconf 71' lang='grc' dir='ltr'>πίστεως,</span> <span class='ocrx_word' id='word_1_346' title='bbox 3691 2401 3735 2452; x_wconf 79' lang='grc' dir='ltr'>ἐγ</span> 
     </span>
    </p>
   </div>
   <div class='ocr_carea' id='block_1_43' title="bbox 580 2484 2160 2565">
    <p class='ocr_par' dir='ltr' id='par_1_43' title="bbox 580 2491 2160 2565">
     <span class='ocr_line' id='line_1_43' title="bbox 580 2491 2160 2565; baseline -0.003 -18"><span class='ocrx_word' id='word_1_347' title='bbox 580 2511 679 2565; x_wconf 84' lang='lat' dir='ltr'><strong>que</strong></span> <span class='ocrx_word' id='word_1_348' title='bbox 702 2495 959 2547; x_wconf 86' lang='lat' dir='ltr'><strong>salutaris</strong></span> <span class='ocrx_word' id='word_1_349' title='bbox 990 2491 1318 2560; x_wconf 86' lang='lat' dir='ltr'><strong>accipiendo,</strong></span> <span class='ocrx_word' id='word_1_350' title='bbox 1351 2502 1398 2546; x_wconf 87' lang='lat' dir='ltr'><strong>et</strong></span> <span class='ocrx_word' id='word_1_351' title='bbox 1421 2491 1659 2561; x_wconf 77' lang='lat' dir='ltr'><strong>gladium</strong></span> <span class='ocrx_word' id='word_1_352' title='bbox 1691 2491 1910 2558; x_wconf 85' lang='lat' dir='ltr'><strong>spiritus</strong></span> <span class='ocrx_word' id='word_1_353' title='bbox 1935 2491 2072 2560; x_wconf 85' lang='lat' dir='ltr'><strong>quod</strong></span> <span class='ocrx_word' id='word_1_354' title='bbox 2088 2498 2160 2544; x_wconf 86' lang='lat' dir='ltr'><strong>est</strong></span> 
     </span>
    </p>
   </div>
   <div class='ocr_carea' id='block_1_44' title="bbox 2153 2484 3733 2565">
    <p class='ocr_par' dir='ltr' id='par_1_44' title="bbox 2153 2484 3733 2560">
     <span class='ocr_line' id='line_1_44' title="bbox 2153 2484 3733 2560; baseline 0 -18"><span class='ocrx_word' id='word_1_355' title='bbox 2153 2497 2166 2542; x_wconf 90' lang='lat' dir='ltr'><strong>t</strong></span> <span class='ocrx_word' id='word_1_356' title='bbox 2268 2484 2318 2560; x_wconf 80' lang='grc' dir='ltr'>ᾧ</span> <span class='ocrx_word' id='word_1_357' title='bbox 2368 2490 2712 2556; x_wconf 78' lang='grc' dir='ltr'>δυνήσεσθε</span> <span class='ocrx_word' id='word_1_358' title='bbox 2757 2488 2954 2542; x_wconf 80' lang='grc' dir='ltr'>πάντα</span> <span class='ocrx_word' id='word_1_359' title='bbox 2985 2488 3057 2542; x_wconf 82' lang='grc' dir='ltr'>τὰ</span> <span class='ocrx_word' id='word_1_360' title='bbox 3103 2487 3264 2555; x_wconf 76' lang='grc' dir='ltr'><strong>βέλη</strong></span> <span class='ocrx_word' id='word_1_361' title='bbox 3305 2489 3403 2542; x_wconf 81' lang='grc' dir='ltr'>τοῦ</span> <span class='ocrx_word' id='word_1_362' title='bbox 3449 2491 3659 2556; x_wconf 76' lang='grc' dir='ltr'>πονηροῦ</span> <span class='ocrx_word' id='word_1_363' title='bbox 3690 2491 3733 2542; x_wconf 81' lang='grc' dir='ltr'>τὰ</span> 
     </span>
    </p>
   </div>
   <div class='ocr_carea' id='block_1_45' title="bbox 580 2579 2160 2651">
    <p class='ocr_par' dir='ltr' id='par_1_45' title="bbox 580 2583 2090 2649">
     <span class='ocr_line' id='line_1_45' title="bbox 580 2583 2090 2649; baseline -0.005 -7"><span class='ocrx_word' id='word_1_364' title='bbox 580 2587 791 2642; x_wconf 72' lang='lat' dir='ltr'><strong>verbum</strong></span> <span class='ocrx_word' id='word_1_365' title='bbox 830 2586 944 2647; x_wconf 85' lang='lat' dir='ltr'><strong>Dei,</strong></span> <span class='ocrx_word' id='word_1_366' title='bbox 981 2587 1033 2638; x_wconf 90' lang='lat' dir='ltr'><strong>in</strong></span> <span class='ocrx_word' id='word_1_367' title='bbox 1071 2585 1214 2638; x_wconf 85' lang='lat' dir='ltr'><strong>omni</strong></span> <span class='ocrx_word' id='word_1_368' title='bbox 1239 2585 1600 2649; x_wconf 82' lang='lat' dir='ltr'><strong>deprecatione</strong></span> <span class='ocrx_word' id='word_1_369' title='bbox 1628 2593 1677 2637; x_wconf 89' lang='lat' dir='ltr'><strong>et</strong></span> <span class='ocrx_word' id='word_1_370' title='bbox 1708 2583 2090 2638; x_wconf 86' lang='lat' dir='ltr'><strong>obsecratione.</strong></span> 
     </span>
    </p>
   </div>
   <div class='ocr_carea' id='block_1_46' title="bbox 2152 2579 3732 2651">
    <p class='ocr_par' dir='ltr' id='par_1_46' title="bbox 2269 2579 3732 2651">
     <span class='ocr_line' id='line_1_46' title="bbox 2269 2579 3732 2651; baseline -0.001 -15"><span class='ocrx_word' id='word_1_371' title='bbox 2269 2582 2664 2651; x_wconf 73' lang='grc' dir='ltr'><strong>πεπυρωμένα</strong></span> <span class='ocrx_word' id='word_1_372' title='bbox 2700 2581 2937 2643; x_wconf 80' lang='grc' dir='ltr'>σϐέσαι,</span> <span class='ocrx_word' id='word_1_373' title='bbox 2971 2580 3068 2634; x_wconf 75' lang='grc' dir='ltr'>καί</span> <span class='ocrx_word' id='word_1_374' title='bbox 3100 2579 3218 2644; x_wconf 80' lang='grc' dir='ltr'><strong>τὴν</strong></span> <span class='ocrx_word' id='word_1_375' title='bbox 3247 2584 3649 2649; x_wconf 65' lang='grc' dir='ltr'>περικεφαλαίαν</span> <span class='ocrx_word' id='word_1_376' title='bbox 3669 2580 3732 2634; x_wconf 74' lang='lat' dir='ltr'><strong>rei</strong></span> 
     </span>
    </p>
   </div>
   <div class='ocr_carea' id='block_1_47' title="bbox 579 2678 3731 2754">
    <p class='ocr_par' dir='ltr' id='par_1_47' title="bbox 579 2678 3731 2754">
     <span class='ocr_line' id='line_1_47' title="bbox 579 2678 3731 2754; baseline -0.001 -16"><span class='ocrx_word' id='word_1_377' title='bbox 579 2683 878 2749; x_wconf 85' lang='grc' dir='ltr'><strong>σωτηρίου</strong></span> <span class='ocrx_word' id='word_1_378' title='bbox 911 2681 1220 2748; x_wconf 83' lang='grc' dir='ltr'>δέξασθαι,</span> <span class='ocrx_word' id='word_1_379' title='bbox 1254 2681 1488 2752; x_wconf 79' lang='grc' dir='ltr'><strong>καὶτὴν</strong></span> <span class='ocrx_word' id='word_1_380' title='bbox 1509 2681 1816 2754; x_wconf 75' lang='grc' dir='ltr'>μάχαιραν</span> <span class='ocrx_word' id='word_1_381' title='bbox 1840 2683 1947 2737; x_wconf 80' lang='grc' dir='ltr'>τοῦ</span> <span class='ocrx_word' id='word_1_382' title='bbox 1980 2683 2338 2754; x_wconf 81' lang='grc' dir='ltr'>πνεύματος,</span> <span class='ocrx_word' id='word_1_383' title='bbox 2379 2683 2412 2736; x_wconf 87' lang='grc' dir='ltr'><em>ὅ</em></span> <span class='ocrx_word' id='word_1_384' title='bbox 2441 2683 2572 2738; x_wconf 83' lang='grc' dir='ltr'>ἐστι</span> <span class='ocrx_word' id='word_1_385' title='bbox 2625 2681 2795 2752; x_wconf 68' lang='grc' dir='ltr'>ῥῆμα</span> <span class='ocrx_word' id='word_1_386' title='bbox 2849 2681 3020 2748; x_wconf 84' lang='grc' dir='ltr'><strong>Θεοῦ,</strong></span> <span class='ocrx_word' id='word_1_387' title='bbox 3078 2681 3178 2736; x_wconf 79' lang='grc' dir='ltr'>διὰ</span> <span class='ocrx_word' id='word_1_388' title='bbox 3247 2683 3440 2750; x_wconf 82' lang='grc' dir='ltr'><strong>πάσης</strong></span> <span class='ocrx_word' id='word_1_389' title='bbox 3486 2678 3731 2749; x_wconf 74' lang='grc' dir='ltr'><strong>προσευχῆς</strong></span> 
     </span>
    </p>
   </div>
   <div class='ocr_carea' id='block_1_48' title="bbox 585 2779 997 2848">
    <p class='ocr_par' dir='ltr' id='par_1_48' title="bbox 585 2779 997 2848">
     <span class='ocr_line' id='line_1_48' title="bbox 585 2779 997 2848; baseline -0.002 -12"><span class='ocrx_word' id='word_1_390' title='bbox 585 2782 687 2836; x_wconf 75' lang='grc' dir='ltr'><strong>καὶ</strong></span> <span class='ocrx_word' id='word_1_391' title='bbox 708 2779 997 2848; x_wconf 75' lang='grc' dir='ltr'>δεήσεως.</span> 
     </span>
    </p>
   </div>
   <div class='ocr_carea' id='block_1_49' title="bbox 653 2861 2233 2939">
    <p class='ocr_par' dir='ltr' id='par_1_49' title="bbox 653 2867 2161 2939">
     <span class='ocr_line' id='line_1_49' title="bbox 653 2867 2161 2939; baseline -0.001 -15"><span class='ocrx_word' id='word_1_392' title='bbox 653 2868 736 2924; x_wconf 78' lang='lat' dir='ltr'><strong>Ad</strong></span> <span class='ocrx_word' id='word_1_393' title='bbox 767 2868 967 2923; x_wconf 84' lang='lat' dir='ltr'><strong>bellum</strong></span> <span class='ocrx_word' id='word_1_394' title='bbox 1001 2868 1323 2929; x_wconf 80' lang='lat' dir='ltr'><strong>exhortans.</strong></span> <span class='ocrx_word' id='word_1_395' title='bbox 1370 2868 1609 2938; x_wconf 84' lang='lat' dir='ltr'><strong>primum</strong></span> <span class='ocrx_word' id='word_1_396' title='bbox 1639 2867 1896 2924; x_wconf 86' lang='lat' dir='ltr'><strong>admonet</strong></span> <span class='ocrx_word' id='word_1_397' title='bbox 1935 2881 2161 2939; x_wconf 87' lang='lat' dir='ltr'><strong>compo-</strong></span> 
     </span>
    </p>
   </div>
   <div class='ocr_carea' id='block_1_50' title="bbox 2150 2861 3730 2939">
    <p class='ocr_par' dir='ltr' id='par_1_50' title="bbox 2150 2861 3730 2937">
     <span class='ocr_line' id='line_1_50' title="bbox 2150 2861 3730 2937; baseline -0.009 -11"><span class='ocrx_word' id='word_1_398' title='bbox 2150 2895 2161 2909; x_wconf 88' lang='lat'><strong>-</strong></span> <span class='ocrx_word' id='word_1_399' title='bbox 2347 2867 2470 2924; x_wconf 74' lang='grc' dir='ltr'><strong>Ἐπὶ</strong></span> <span class='ocrx_word' id='word_1_400' title='bbox 2502 2865 2736 2937; x_wconf 87' lang='grc' dir='ltr'>πόλεμον</span> <span class='ocrx_word' id='word_1_401' title='bbox 2762 2863 3105 2936; x_wconf 76' lang='grc' dir='ltr'><strong>προτρέπων,</strong></span> <span class='ocrx_word' id='word_1_402' title='bbox 3131 2861 3197 2915; x_wconf 85' lang='grc' dir='ltr'><strong>τδ</strong></span> <span class='ocrx_word' id='word_1_403' title='bbox 3227 2863 3432 2932; x_wconf 83' lang='grc' dir='ltr'>πρῶτον</span> <span class='ocrx_word' id='word_1_404' title='bbox 3462 2862 3512 2913; x_wconf 72' lang='grc' dir='ltr'>ἑν</span> <span class='ocrx_word' id='word_1_405' title='bbox 3555 2863 3637 2923; x_wconf 78' lang='grc' dir='ltr'>τοῖς</span> <span class='ocrx_word' id='word_1_406' title='bbox 3673 2876 3730 2912; x_wconf 75' lang='grc' dir='ltr'>τσ-</span> 
     </span>
    </p>
   </div>
   <div class='ocr_carea' id='block_1_51' title="bbox 581 2946 2161 3029">
    <p class='ocr_par' dir='ltr' id='par_1_51' title="bbox 581 2959 2161 3017">
     <span class='ocr_line' id='line_1_51' title="bbox 581 2959 2161 3017; baseline -0.001 -1"><span class='ocrx_word' id='word_1_407' title='bbox 581 2963 684 3017; x_wconf 84' lang='lat' dir='ltr'><strong>site</strong></span> <span class='ocrx_word' id='word_1_408' title='bbox 729 2977 791 3015; x_wconf 89' lang='lat' dir='ltr'><strong>ac</strong></span> <span class='ocrx_word' id='word_1_409' title='bbox 839 2960 1025 3014; x_wconf 89' lang='lat' dir='ltr'><strong>debito</strong></span> <span class='ocrx_word' id='word_1_410' title='bbox 1056 2960 1250 3015; x_wconf 89' lang='lat' dir='ltr'><strong>ordine</strong></span> <span class='ocrx_word' id='word_1_411' title='bbox 1290 2959 1346 3014; x_wconf 91' lang='lat' dir='ltr'><strong>in</strong></span> <span class='ocrx_word' id='word_1_412' title='bbox 1389 2960 1510 3014; x_wconf 86' lang='lat' dir='ltr'><strong>acie</strong></span> <span class='ocrx_word' id='word_1_413' title='bbox 1539 2970 1706 3016; x_wconf 83' lang='lat' dir='ltr'><strong>stare.</strong></span> <span class='ocrx_word' id='word_1_414' title='bbox 1734 2959 1937 3014; x_wconf 88' lang='lat' dir='ltr'><strong>Deinde</strong></span> <span class='ocrx_word' id='word_1_415' title='bbox 1965 2974 2161 3014; x_wconf 85' lang='lat' dir='ltr'><strong>conse-</strong></span> 
     </span>
    </p>
   </div>
   <div class='ocr_carea' id='block_1_52' title="bbox 2150 2946 3730 3029">
    <p class='ocr_par' dir='ltr' id='par_1_52' title="bbox 2150 2946 3730 3029">
     <span class='ocr_line' id='line_1_52' title="bbox 2150 2946 3730 3029; baseline -0.01 -14"><span class='ocrx_word' id='word_1_416' title='bbox 2150 2987 2161 2999; x_wconf 93' lang='lat'><strong><em>-</em></strong></span> <span class='ocrx_word' id='word_1_417' title='bbox 2267 2960 2474 3022; x_wconf 84' lang='grc' dir='ltr'>κτικοῖς</span> <span class='ocrx_word' id='word_1_418' title='bbox 2507 2957 2762 3029; x_wconf 77' lang='grc' dir='ltr'>παραινεῖ</span> <span class='ocrx_word' id='word_1_419' title='bbox 2811 2955 2872 3008; x_wconf 83' lang='grc' dir='ltr'>τὸ</span> <span class='ocrx_word' id='word_1_420' title='bbox 2923 2958 3120 3024; x_wconf 82' lang='grc' dir='ltr'>στῆναι</span> <span class='ocrx_word' id='word_1_421' title='bbox 3165 2953 3446 3014; x_wconf 79' lang='grc' dir='ltr'><strong>εὐτάκτως.</strong></span> <span class='ocrx_word' id='word_1_422' title='bbox 3473 2946 3578 3003; x_wconf 79' lang='grc' dir='ltr'>Εἶτα</span> <span class='ocrx_word' id='word_1_423' title='bbox 3612 2949 3730 3000; x_wconf 65' lang='lat' dir='ltr'><strong>insit</strong></span> 
     </span>
    </p>
   </div>
   <div class='ocr_carea' id='block_1_53' title="bbox 584 3042 2164 3125">
    <p class='ocr_par' dir='ltr' id='par_1_53' title="bbox 584 3050 2162 3125">
     <span class='ocr_line' id='line_1_53' title="bbox 584 3050 2162 3125; baseline -0.003 -18"><span class='ocrx_word' id='word_1_424' title='bbox 584 3062 820 3125; x_wconf 82' lang='lat' dir='ltr'><strong>quenter</strong></span> <span class='ocrx_word' id='word_1_425' title='bbox 836 3058 1017 3106; x_wconf 83' lang='lat' dir='ltr'><strong>armat</strong></span> <span class='ocrx_word' id='word_1_426' title='bbox 1045 3069 1058 3106; x_wconf 92' lang='lat'><strong>:</strong></span> <span class='ocrx_word' id='word_1_427' title='bbox 1092 3066 1156 3106; x_wconf 87' lang='lat' dir='ltr'><strong>ac</strong></span> <span class='ocrx_word' id='word_1_428' title='bbox 1184 3050 1361 3120; x_wconf 90' lang='lat' dir='ltr'><strong>primo</strong></span> <span class='ocrx_word' id='word_1_429' title='bbox 1391 3052 1559 3122; x_wconf 80' lang='lat' dir='ltr'><strong>cingit</strong></span> <span class='ocrx_word' id='word_1_430' title='bbox 1585 3051 1812 3106; x_wconf 83' lang='lat' dir='ltr'><strong>militem</strong></span> <span class='ocrx_word' id='word_1_431' title='bbox 1831 3052 2162 3106; x_wconf 82' lang='lat' dir='ltr'><strong>dtlllueutem</strong></span> 
     </span>
    </p>
   </div>
   <div class='ocr_carea' id='block_1_54' title="bbox 2146 3042 3726 3125">
    <p class='ocr_par' dir='ltr' id='par_1_54' title="bbox 2146 3042 3726 3118">
     <span class='ocr_line' id='line_1_54' title="bbox 2146 3042 3726 3118; baseline -0.008 -15"><span class='ocrx_word' id='word_1_432' title='bbox 2146 3064 2162 3103; x_wconf 88' lang='grc'><strong>1</strong></span> <span class='ocrx_word' id='word_1_433' title='bbox 2269 3050 2611 3116; x_wconf 78' lang='grc' dir='ltr'>καθοπλίζει,</span> <span class='ocrx_word' id='word_1_434' title='bbox 2647 3049 2742 3101; x_wconf 80' lang='grc' dir='ltr'>καὶ</span> <span class='ocrx_word' id='word_1_435' title='bbox 2796 3047 3012 3118; x_wconf 85' lang='grc' dir='ltr'>πρῶτον</span> <span class='ocrx_word' id='word_1_436' title='bbox 3062 3045 3299 3111; x_wconf 79' lang='grc' dir='ltr'>ζὼννυσι</span> <span class='ocrx_word' id='word_1_437' title='bbox 3343 3043 3427 3096; x_wconf 80' lang='grc' dir='ltr'>τὸν</span> <span class='ocrx_word' id='word_1_438' title='bbox 3485 3042 3726 3112; x_wconf 73' lang='grc' dir='ltr'>διαρῤἐοντιι,</span> 
     </span>
    </p>
   </div>
   <div class='ocr_carea' id='block_1_55' title="bbox 579 3133 2159 3211">
    <p class='ocr_par' dir='ltr' id='par_1_55' title="bbox 579 3140 2156 3210">
     <span class='ocr_line' id='line_1_55' title="bbox 579 3140 2156 3210; baseline -0.001 -14"><span class='ocrx_word' id='word_1_439' title='bbox 579 3160 644 3198; x_wconf 89' lang='lat' dir='ltr'><strong>ac</strong></span> <span class='ocrx_word' id='word_1_440' title='bbox 679 3141 937 3198; x_wconf 68' lang='lat' dir='ltr'><strong>dill‘usum</strong></span> <span class='ocrx_word' id='word_1_441' title='bbox 972 3140 1456 3210; x_wconf 79' lang='lat' dir='ltr'><strong>concupiscentiis,</strong></span> <span class='ocrx_word' id='word_1_442' title='bbox 1483 3147 1538 3196; x_wconf 90' lang='lat' dir='ltr'><strong>et</strong></span> <span class='ocrx_word' id='word_1_443' title='bbox 1565 3141 1854 3197; x_wconf 88' lang='lat' dir='ltr'><strong>habentem</strong></span> <span class='ocrx_word' id='word_1_444' title='bbox 1880 3140 2156 3209; x_wconf 83' lang='lat' dir='ltr'><strong>cogitatio-</strong></span> 
     </span>
    </p>
   </div>
   <div class='ocr_carea' id='block_1_56' title="bbox 2150 3133 3730 3211">
    <p class='ocr_par' dir='ltr' id='par_1_56' title="bbox 2150 3133 3730 3211">
     <span class='ocr_line' id='line_1_56' title="bbox 2150 3133 3730 3211; baseline -0.011 -12"><span class='ocrx_word' id='word_1_445' title='bbox 2150 3170 2156 3180; x_wconf 66' lang='grc' dir='ltr'>ι</span> <span class='ocrx_word' id='word_1_446' title='bbox 2269 3144 2364 3197; x_wconf 73' lang='grc' dir='ltr'><strong>καὶ</strong></span> <span class='ocrx_word' id='word_1_447' title='bbox 2396 3140 2789 3211; x_wconf 80' lang='grc' dir='ltr'><strong>διακεχυμένον</strong></span> <span class='ocrx_word' id='word_1_448' title='bbox 2821 3141 2942 3201; x_wconf 76' lang='grc' dir='ltr'>ταῖς</span> <span class='ocrx_word' id='word_1_449' title='bbox 2974 3137 3298 3208; x_wconf 78' lang='grc' dir='ltr'><strong>ἐπιθυμίαις</strong></span> <span class='ocrx_word' id='word_1_450' title='bbox 3350 3136 3436 3188; x_wconf 71' lang='grc' dir='ltr'>καὶ</span> <span class='ocrx_word' id='word_1_451' title='bbox 3480 3136 3616 3205; x_wconf 73' lang='grc' dir='ltr'>χαμαὶ</span> <span class='ocrx_word' id='word_1_452' title='bbox 3651 3133 3730 3193; x_wconf 65' lang='grc' dir='ltr'>τοὺς</span> 
     </span>
    </p>
   </div>
   <div class='ocr_carea' id='block_1_57' title="bbox 580 3224 2160 3304">
    <p class='ocr_par' dir='ltr' id='par_1_57' title="bbox 580 3231 2160 3303">
     <span class='ocr_line' id='line_1_57' title="bbox 580 3231 2160 3303; baseline -0.002 -14"><span class='ocrx_word' id='word_1_453' title='bbox 580 3250 680 3289; x_wconf 89' lang='lat' dir='ltr'><strong>nes</strong></span> <span class='ocrx_word' id='word_1_454' title='bbox 713 3234 768 3287; x_wconf 91' lang='lat' dir='ltr'><strong>in</strong></span> <span class='ocrx_word' id='word_1_455' title='bbox 791 3233 1017 3287; x_wconf 87' lang='lat' dir='ltr'><strong>humqu</strong></span> <span class='ocrx_word' id='word_1_456' title='bbox 1051 3231 1350 3297; x_wconf 88' lang='lat' dir='ltr'><strong>detractas,</strong></span> <span class='ocrx_word' id='word_1_457' title='bbox 1382 3246 1447 3287; x_wconf 87' lang='lat' dir='ltr'><strong>ac</strong></span> <span class='ocrx_word' id='word_1_458' title='bbox 1478 3233 1725 3303; x_wconf 81' lang='lat' dir='ltr'><strong>reprimit</strong></span> <span class='ocrx_word' id='word_1_459' title='bbox 1759 3232 2028 3302; x_wconf 87' lang='lat' dir='ltr'><strong>spirituali</strong></span> <span class='ocrx_word' id='word_1_460' title='bbox 2064 3231 2160 3286; x_wconf 89' lang='lat' dir='ltr'><strong>hoc</strong></span> 
     </span>
    </p>
   </div>
   <div class='ocr_carea' id='block_1_58' title="bbox 2150 3224 3730 3304">
    <p class='ocr_par' dir='ltr' id='par_1_58' title="bbox 2150 3224 3730 3304">
     <span class='ocr_line' id='line_1_58' title="bbox 2150 3224 3730 3304; baseline -0.008 -18"><span class='ocrx_word' id='word_1_461' title='bbox 2150 3247 2168 3286; x_wconf 79' lang='lat'><strong>3</strong></span> <span class='ocrx_word' id='word_1_462' title='bbox 2271 3233 2568 3304; x_wconf 78' lang='grc' dir='ltr'>λογισμοὺς</span> <span class='ocrx_word' id='word_1_463' title='bbox 2597 3229 2931 3302; x_wconf 81' lang='grc' dir='ltr'>συρομένους</span> <span class='ocrx_word' id='word_1_464' title='bbox 2962 3229 3160 3299; x_wconf 74' lang='grc' dir='ltr'>ἔχοντα</span> <span class='ocrx_word' id='word_1_465' title='bbox 3195 3226 3524 3298; x_wconf 80' lang='grc' dir='ltr'><strong>στρατιώτην,</strong></span> <span class='ocrx_word' id='word_1_466' title='bbox 3551 3226 3620 3277; x_wconf 77' lang='grc' dir='ltr'>καὶ</span> <span class='ocrx_word' id='word_1_467' title='bbox 3645 3224 3730 3276; x_wconf 70' lang='lat' dir='ltr'><strong>tiva-</strong></span> 
     </span>
    </p>
   </div>
   <div class='ocr_carea' id='block_1_59' title="bbox 579 3315 2159 3396">
    <p class='ocr_par' dir='ltr' id='par_1_59' title="bbox 579 3323 2159 3390">
     <span class='ocr_line' id='line_1_59' title="bbox 579 3323 2159 3390; baseline -0.002 -10"><span class='ocrx_word' id='word_1_468' title='bbox 579 3325 818 3380; x_wconf 89' lang='lat' dir='ltr'><strong>baltheo.</strong></span> <span class='ocrx_word' id='word_1_469' title='bbox 852 3343 870 3376; x_wconf 81' lang='grc' dir='ltr'><strong>ι</strong></span> <span class='ocrx_word' id='word_1_470' title='bbox 911 3323 1139 3379; x_wconf 87' lang='lat' dir='ltr'><strong>Lumbis</strong></span> <span class='ocrx_word' id='word_1_471' title='bbox 1168 3325 1390 3380; x_wconf 82' lang='lat' dir='ltr'><strong>vestris.</strong></span> <span class='ocrx_word' id='word_1_472' title='bbox 1429 3343 1447 3377; x_wconf 81' lang='grc'><strong>1</strong></span> <span class='ocrx_word' id='word_1_473' title='bbox 1485 3324 1954 3390; x_wconf 83' lang='lat' dir='ltr'><strong>Quemadmodum</strong></span> <span class='ocrx_word' id='word_1_474' title='bbox 1983 3325 2037 3378; x_wconf 91' lang='lat' dir='ltr'><strong>in</strong></span> <span class='ocrx_word' id='word_1_475' title='bbox 2067 3339 2159 3378; x_wconf 87' lang='lat' dir='ltr'><strong>na-</strong></span> 
     </span>
    </p>
   </div>
   <div class='ocr_carea' id='block_1_60' title="bbox 2145 3315 3725 3396">
    <p class='ocr_par' dir='ltr' id='par_1_60' title="bbox 2145 3315 3725 3396">
     <span class='ocr_line' id='line_1_60' title="bbox 2145 3315 3725 3396; baseline -0.01 -16"><span class='ocrx_word' id='word_1_476' title='bbox 2145 3351 2166 3366; x_wconf 91' lang='lat'><strong><em>-</em></strong></span> <span class='ocrx_word' id='word_1_477' title='bbox 2273 3325 2483 3379; x_wconf 77' lang='grc' dir='ltr'>στέλλει</span> <span class='ocrx_word' id='word_1_478' title='bbox 2515 3327 2579 3396; x_wconf 79' lang='grc' dir='ltr'><strong>τῇ</strong></span> <span class='ocrx_word' id='word_1_479' title='bbox 2609 3326 2772 3394; x_wconf 76' lang='grc' dir='ltr'>νοητῇ</span> <span class='ocrx_word' id='word_1_480' title='bbox 2800 3321 2972 3392; x_wconf 80' lang='grc' dir='ltr'>ταύτῃ</span> <span class='ocrx_word' id='word_1_481' title='bbox 3009 3320 3198 3384; x_wconf 81' lang='grc' dir='ltr'><strong>ζώσει.</strong></span> <span class='ocrx_word' id='word_1_482' title='bbox 3228 3337 3247 3370; x_wconf 81' lang='grc' dir='ltr'>ι</span> <span class='ocrx_word' id='word_1_483' title='bbox 3287 3319 3393 3388; x_wconf 81' lang='grc' dir='ltr'><strong>Τὴν</strong></span> <span class='ocrx_word' id='word_1_484' title='bbox 3413 3319 3556 3386; x_wconf 68' lang='grc' dir='ltr'>ὀσφὺν</span> <span class='ocrx_word' id='word_1_485' title='bbox 3577 3315 3725 3384; x_wconf 51' lang='lat' dir='ltr'><strong>suum</strong></span> 
     </span>
    </p>
   </div>
   <div class='ocr_carea' id='block_1_61' title="bbox 579 3406 2159 3488">
    <p class='ocr_par' dir='ltr' id='par_1_61' title="bbox 579 3416 2159 3488">
     <span class='ocr_line' id='line_1_61' title="bbox 579 3416 2159 3488; baseline 0.001 -17"><span class='ocrx_word' id='word_1_486' title='bbox 579 3417 737 3474; x_wconf 86' lang='lat' dir='ltr'><strong>vibus</strong></span> <span class='ocrx_word' id='word_1_487' title='bbox 775 3417 962 3472; x_wconf 81' lang='lat' dir='ltr'><strong>carina</strong></span> <span class='ocrx_word' id='word_1_488' title='bbox 1009 3432 1130 3487; x_wconf 69' lang='lat' dir='ltr'><strong>quae</strong></span> <span class='ocrx_word' id='word_1_489' title='bbox 1175 3417 1295 3473; x_wconf 93' lang='lat' dir='ltr'><strong>loco</strong></span> <span class='ocrx_word' id='word_1_490' title='bbox 1345 3416 1682 3472; x_wconf 76' lang='lat' dir='ltr'><strong>fundamenti</strong></span> <span class='ocrx_word' id='word_1_491' title='bbox 1729 3417 2013 3488; x_wconf 87' lang='lat' dir='ltr'><strong>cujusdam</strong></span> <span class='ocrx_word' id='word_1_492' title='bbox 2059 3425 2159 3482; x_wconf 83' lang='lat' dir='ltr'><strong>est.</strong></span> 
     </span>
    </p>
   </div>
   <div class='ocr_carea' id='block_1_62' title="bbox 2149 3406 3729 3488">
    <p class='ocr_par' dir='ltr' id='par_1_62' title="bbox 2149 3406 3729 3488">
     <span class='ocr_line' id='line_1_62' title="bbox 2149 3406 3729 3488; baseline -0.011 -15"><span class='ocrx_word' id='word_1_493' title='bbox 2149 3458 2164 3482; x_wconf 91' lang='lat'><strong>,</strong></span> <span class='ocrx_word' id='word_1_494' title='bbox 2194 3465 2236 3488; x_wconf 63' lang='grc' dir='ltr'><strong><em>η</em></strong></span> <span class='ocrx_word' id='word_1_495' title='bbox 2273 3419 2484 3487; x_wconf 83' lang='grc' dir='ltr'>Ὠσπερ</span> <span class='ocrx_word' id='word_1_496' title='bbox 2506 3417 2600 3470; x_wconf 66' lang='grc' dir='ltr'><strong>ἐπ)⁸</strong></span> <span class='ocrx_word' id='word_1_497' title='bbox 2622 3416 2729 3470; x_wconf 87' lang='grc' dir='ltr'><strong>τῶν</strong></span> <span class='ocrx_word' id='word_1_498' title='bbox 2761 3415 2906 3484; x_wconf 85' lang='grc' dir='ltr'>νηῶν</span> <span class='ocrx_word' id='word_1_499' title='bbox 2949 3416 2982 3484; x_wconf 79' lang='grc' dir='ltr'><strong>ἡ</strong></span> <span class='ocrx_word' id='word_1_500' title='bbox 3014 3414 3212 3482; x_wconf 78' lang='grc' dir='ltr'>τρόπις</span> <span class='ocrx_word' id='word_1_501' title='bbox 3250 3413 3310 3465; x_wconf 81' lang='grc' dir='ltr'><strong>τὺ</strong></span> <span class='ocrx_word' id='word_1_502' title='bbox 3341 3413 3438 3466; x_wconf 80' lang='grc' dir='ltr'><strong>πᾶν</strong></span> <span class='ocrx_word' id='word_1_503' title='bbox 3476 3409 3654 3476; x_wconf 80' lang='grc' dir='ltr'>συνέχει,</span> <span class='ocrx_word' id='word_1_504' title='bbox 3675 3406 3729 3457; x_wconf 76' lang='grc' dir='ltr'><strong>ϐε·</strong></span> 
     </span>
    </p>
   </div>
   <div class='ocr_carea' id='block_1_63' title="bbox 579 3495 2159 3583">
    <p class='ocr_par' dir='ltr' id='par_1_63' title="bbox 579 3507 2159 3571">
     <span class='ocr_line' id='line_1_63' title="bbox 579 3507 2159 3571; baseline 0 -9"><span class='ocrx_word' id='word_1_505' title='bbox 579 3507 871 3562; x_wconf 57' lang='lat' dir='ltr'><strong>editicium</strong></span> <span class='ocrx_word' id='word_1_506' title='bbox 899 3523 1058 3562; x_wconf 85' lang='lat' dir='ltr'><strong>omne</strong></span> <span class='ocrx_word' id='word_1_507' title='bbox 1089 3510 1354 3571; x_wconf 85' lang='lat' dir='ltr'><strong>continet.</strong></span> <span class='ocrx_word' id='word_1_508' title='bbox 1389 3509 1462 3561; x_wconf 89' lang='lat' dir='ltr'><strong>ita</strong></span> <span class='ocrx_word' id='word_1_509' title='bbox 1496 3517 1549 3563; x_wconf 90' lang='lat' dir='ltr'><strong>et</strong></span> <span class='ocrx_word' id='word_1_510' title='bbox 1579 3510 1747 3564; x_wconf 90' lang='lat' dir='ltr'><strong>lumbi</strong></span> <span class='ocrx_word' id='word_1_511' title='bbox 1773 3509 1826 3562; x_wconf 91' lang='lat' dir='ltr'><strong>in</strong></span> <span class='ocrx_word' id='word_1_512' title='bbox 1859 3508 2032 3563; x_wconf 83' lang='lat' dir='ltr'><strong>vobis.</strong></span> <span class='ocrx_word' id='word_1_513' title='bbox 2059 3507 2159 3562; x_wconf 90' lang='lat' dir='ltr'><strong>lta-</strong></span> 
     </span>
    </p>
   </div>
   <div class='ocr_carea' id='block_1_64' title="bbox 2149 3495 3729 3583">
    <p class='ocr_par' dir='ltr' id='par_1_64' title="bbox 2149 3495 3729 3583">
     <span class='ocr_line' id='line_1_64' title="bbox 2149 3495 3729 3583; baseline -0.013 -16"><span class='ocrx_word' id='word_1_514' title='bbox 2149 3538 2166 3548; x_wconf 89' lang='lat'><strong>-</strong></span> <span class='ocrx_word' id='word_1_515' title='bbox 2193 3495 2235 3523; x_wconf 60' lang='grc' dir='ltr'>υ</span> <span class='ocrx_word' id='word_1_516' title='bbox 2271 3511 2454 3583; x_wconf 78' lang='grc' dir='ltr'>μέλιός</span> <span class='ocrx_word' id='word_1_517' title='bbox 2480 3528 2562 3573; x_wconf 77' lang='grc' dir='ltr'>τις</span> <span class='ocrx_word' id='word_1_518' title='bbox 2595 3505 2754 3574; x_wconf 83' lang='grc' dir='ltr'>οὖσα,</span> <span class='ocrx_word' id='word_1_519' title='bbox 2781 3507 2952 3570; x_wconf 77' lang='grc' dir='ltr'>οὕτως</span> <span class='ocrx_word' id='word_1_520' title='bbox 2974 3506 3060 3573; x_wconf 76' lang='grc' dir='ltr'><strong>ἐφ’</strong></span> <span class='ocrx_word' id='word_1_521' title='bbox 3085 3505 3245 3575; x_wconf 82' lang='grc' dir='ltr'>ὑμῶν</span> <span class='ocrx_word' id='word_1_522' title='bbox 3295 3505 3326 3574; x_wconf 77' lang='grc' dir='ltr'><strong>ἡ</strong></span> <span class='ocrx_word' id='word_1_523' title='bbox 3376 3499 3540 3571; x_wconf 80' lang='grc' dir='ltr'>ὀσφύς.</span> <span class='ocrx_word' id='word_1_524' title='bbox 3580 3501 3625 3550; x_wconf 85' lang='lat' dir='ltr'><strong>0i</strong></span> <span class='ocrx_word' id='word_1_525' title='bbox 3646 3495 3729 3564; x_wconf 76' lang='grc' dir='ltr'>γοῦν</span> 
     </span>
    </p>
   </div>
   <div class='ocr_carea' id='block_1_65' title="bbox 580 3591 2160 3674">
    <p class='ocr_par' dir='ltr' id='par_1_65' title="bbox 580 3595 2160 3669">
     <span class='ocr_line' id='line_1_65' title="bbox 580 3595 2160 3669; baseline 0.003 -19"><span class='ocrx_word' id='word_1_526' title='bbox 580 3612 688 3666; x_wconf 85' lang='lat' dir='ltr'><strong>que</strong></span> <span class='ocrx_word' id='word_1_527' title='bbox 731 3597 823 3666; x_wconf 90' lang='lat' dir='ltr'><strong>qui</strong></span> <span class='ocrx_word' id='word_1_528' title='bbox 859 3596 1047 3651; x_wconf 87' lang='lat' dir='ltr'><strong>labore</strong></span> <span class='ocrx_word' id='word_1_529' title='bbox 1067 3595 1348 3668; x_wconf 73' lang='lat' dir='ltr'><strong>defatigati</strong></span> <span class='ocrx_word' id='word_1_530' title='bbox 1381 3605 1532 3663; x_wconf 92' lang='lat' dir='ltr'><strong>sunt,</strong></span> <span class='ocrx_word' id='word_1_531' title='bbox 1569 3598 1880 3668; x_wconf 76' lang='lat' dir='ltr'><strong>frequenter</strong></span> <span class='ocrx_word' id='word_1_532' title='bbox 1904 3600 2160 3669; x_wconf 85' lang='lat' dir='ltr'><strong>appositis</strong></span> 
     </span>
    </p>
   </div>
   <div class='ocr_carea' id='block_1_66' title="bbox 2145 3591 3725 3674">
    <p class='ocr_par' dir='ltr' id='par_1_66' title="bbox 2145 3591 3725 3674">
     <span class='ocr_line' id='line_1_66' title="bbox 2145 3591 3725 3674; baseline -0.003 -19"><span class='ocrx_word' id='word_1_533' title='bbox 2145 3615 2166 3655; x_wconf 75' lang='grc' dir='ltr'><em>ε</em></span> <span class='ocrx_word' id='word_1_534' title='bbox 2267 3604 2646 3674; x_wconf 82' lang='grc' dir='ltr'>ἀποκαμόντες</span> <span class='ocrx_word' id='word_1_535' title='bbox 2704 3601 2964 3664; x_wconf 79' lang='grc' dir='ltr'><strong>πολλάκις</strong></span> <span class='ocrx_word' id='word_1_536' title='bbox 3017 3599 3214 3668; x_wconf 82' lang='grc' dir='ltr'>ὥσπερ</span> <span class='ocrx_word' id='word_1_537' title='bbox 3269 3599 3344 3661; x_wconf 78' lang='lat' dir='ltr'><strong>sl;</strong></span> <span class='ocrx_word' id='word_1_538' title='bbox 3393 3612 3500 3650; x_wconf 82' lang='grc' dir='ltr'>τινα</span> <span class='ocrx_word' id='word_1_539' title='bbox 3539 3591 3725 3660; x_wconf 69' lang='grc' dir='ltr'>θεμέλιον.</span> 
     </span>
    </p>
   </div>
   <div class='ocr_carea' id='block_1_67' title="bbox 582 3677 2162 3761">
    <p class='ocr_par' dir='ltr' id='par_1_67' title="bbox 582 3687 2162 3759">
     <span class='ocr_line' id='line_1_67' title="bbox 582 3687 2162 3759; baseline 0.001 -16"><span class='ocrx_word' id='word_1_540' title='bbox 582 3688 659 3743; x_wconf 80' lang='lat' dir='ltr'><strong>ibi</strong></span> <span class='ocrx_word' id='word_1_541' title='bbox 707 3687 958 3742; x_wconf 82' lang='lat' dir='ltr'><strong>manibus</strong></span> <span class='ocrx_word' id='word_1_542' title='bbox 990 3693 1250 3756; x_wconf 86' lang='lat' dir='ltr'><strong>tanquam</strong></span> <span class='ocrx_word' id='word_1_543' title='bbox 1301 3688 1368 3742; x_wconf 90' lang='lat' dir='ltr'><strong>ad</strong></span> <span class='ocrx_word' id='word_1_544' title='bbox 1413 3688 1829 3744; x_wconf 79' lang='lat' dir='ltr'><strong>liitidamentum</strong></span> <span class='ocrx_word' id='word_1_545' title='bbox 1868 3691 2162 3759; x_wconf 89' lang='lat' dir='ltr'><strong>quoddam,</strong></span> 
     </span>
    </p>
   </div>
   <div class='ocr_carea' id='block_1_68' title="bbox 2146 3677 3726 3761">
    <p class='ocr_par' dir='ltr' id='par_1_68' title="bbox 2147 3677 3726 3761">
     <span class='ocr_line' id='line_1_68' title="bbox 2147 3677 3726 3761; baseline -0.013 -14"><span class='ocrx_word' id='word_1_546' title='bbox 2147 3731 2164 3757; x_wconf 98' lang='lat'><strong>,</strong></span> <span class='ocrx_word' id='word_1_547' title='bbox 2267 3693 2386 3746; x_wconf 75' lang='grc' dir='ltr'><strong>ἐκεῖ</strong></span> <span class='ocrx_word' id='word_1_548' title='bbox 2430 3691 2527 3754; x_wconf 71' lang='grc' dir='ltr'>τὰς</span> <span class='ocrx_word' id='word_1_549' title='bbox 2560 3692 2751 3761; x_wconf 79' lang='grc' dir='ltr'>χεῖρας</span> <span class='ocrx_word' id='word_1_550' title='bbox 2806 3687 3168 3753; x_wconf 72' lang='grc' dir='ltr'>ἐπιτιθέντες,</span> <span class='ocrx_word' id='word_1_551' title='bbox 3218 3684 3618 3740; x_wconf 74' lang='grc' dir='ltr'>ὲπαναπαύοντιι.</span> <span class='ocrx_word' id='word_1_552' title='bbox 3657 3677 3726 3743; x_wconf 68' lang='grc' dir='ltr'><strong>Τὴν</strong></span> 
     </span>
    </p>
   </div>
   <div class='ocr_carea' id='block_1_69' title="bbox 582 3771 2162 3855">
    <p class='ocr_par' dir='ltr' id='par_1_69' title="bbox 582 3779 2162 3854">
     <span class='ocr_line' id='line_1_69' title="bbox 582 3779 2162 3854; baseline 0.004 -18"><span class='ocrx_word' id='word_1_553' title='bbox 582 3780 958 3850; x_wconf 82' lang='lat' dir='ltr'><strong>requiescunt.</strong></span> <span class='ocrx_word' id='word_1_554' title='bbox 988 3779 1248 3836; x_wconf 83' lang='lat' dir='ltr'><strong>Nostrum</strong></span> <span class='ocrx_word' id='word_1_555' title='bbox 1278 3781 1443 3853; x_wconf 81' lang='lat' dir='ltr'><strong>igitur</strong></span> <span class='ocrx_word' id='word_1_556' title='bbox 1471 3783 1799 3853; x_wconf 89' lang='lat' dir='ltr'><strong>principium</strong></span> <span class='ocrx_word' id='word_1_557' title='bbox 1836 3785 2009 3854; x_wconf 88' lang='lat' dir='ltr'><strong>primo</strong></span> <span class='ocrx_word' id='word_1_558' title='bbox 2033 3801 2162 3842; x_wconf 89' lang='lat' dir='ltr'><strong>con-</strong></span> 
     </span>
    </p>
   </div>
   <div class='ocr_carea' id='block_1_70' title="bbox 2145 3771 3725 3855">
    <p class='ocr_par' dir='ltr' id='par_1_70' title="bbox 2145 3771 3725 3855">
     <span class='ocr_line' id='line_1_70' title="bbox 2145 3771 3725 3855; baseline -0.013 -15"><span class='ocrx_word' id='word_1_559' title='bbox 2145 3813 2169 3826; x_wconf 86' lang='lat'><strong>-</strong></span> <span class='ocrx_word' id='word_1_560' title='bbox 2265 3785 2445 3839; x_wconf 76' lang='grc' dir='ltr'>τοίνυν</span> <span class='ocrx_word' id='word_1_561' title='bbox 2489 3783 2664 3855; x_wconf 77' lang='grc' dir='ltr'>ἀρχὴν</span> <span class='ocrx_word' id='word_1_562' title='bbox 2713 3781 2868 3853; x_wconf 75' lang='grc' dir='ltr'>ἡμῶν</span> <span class='ocrx_word' id='word_1_563' title='bbox 2903 3782 3121 3848; x_wconf 74' lang='grc' dir='ltr'>πρῶτον</span> <span class='ocrx_word' id='word_1_564' title='bbox 3187 3779 3475 3849; x_wconf 54' lang='grc' dir='ltr'>συσξίγγει,</span> <span class='ocrx_word' id='word_1_565' title='bbox 3505 3771 3594 3828; x_wconf 77' lang='grc' dir='ltr'>οἷον</span> <span class='ocrx_word' id='word_1_566' title='bbox 3613 3772 3673 3824; x_wconf 69' lang='grc' dir='ltr'><strong>τὸν</strong></span> <span class='ocrx_word' id='word_1_567' title='bbox 3689 3771 3725 3820; x_wconf 79' lang='grc' dir='ltr'>ὲν</span> 
     </span>
    </p>
   </div>
   <div class='ocr_carea' id='block_1_71' title="bbox 583 3865 2163 3947">
    <p class='ocr_par' dir='ltr' id='par_1_71' title="bbox 583 3873 2163 3945">
     <span class='ocr_line' id='line_1_71' title="bbox 583 3873 2163 3945; baseline 0.005 -20"><span class='ocrx_word' id='word_1_568' title='bbox 583 3873 825 3938; x_wconf 81' lang='lat' dir='ltr'><strong>stringit,</strong></span> <span class='ocrx_word' id='word_1_569' title='bbox 855 3879 1112 3943; x_wconf 85' lang='lat' dir='ltr'><strong>tanquam</strong></span> <span class='ocrx_word' id='word_1_570' title='bbox 1155 3873 1350 3927; x_wconf 72' lang='lat' dir='ltr'><strong>anima:</strong></span> <span class='ocrx_word' id='word_1_571' title='bbox 1377 3875 1615 3945; x_wconf 89' lang='lat' dir='ltr'><strong>vigorem</strong></span> <span class='ocrx_word' id='word_1_572' title='bbox 1658 3876 1752 3945; x_wconf 88' lang='lat' dir='ltr'><strong>qui</strong></span> <span class='ocrx_word' id='word_1_573' title='bbox 1799 3878 1851 3930; x_wconf 89' lang='lat' dir='ltr'><strong>in</strong></span> <span class='ocrx_word' id='word_1_574' title='bbox 1894 3878 2051 3932; x_wconf 89' lang='lat' dir='ltr'><strong>nobis</strong></span> <span class='ocrx_word' id='word_1_575' title='bbox 2081 3887 2163 3934; x_wconf 70' lang='lat' dir='ltr'><strong>est</strong></span> 
     </span>
    </p>
   </div>
   <div class='ocr_carea' id='block_1_72' title="bbox 2144 3865 3724 3947">
    <p class='ocr_par' dir='ltr' id='par_1_72' title="bbox 2148 3865 3724 3947">
     <span class='ocr_line' id='line_1_72' title="bbox 2148 3865 3724 3947; baseline -0.014 -14"><span class='ocrx_word' id='word_1_576' title='bbox 2148 3887 2168 3933; x_wconf 89' lang='lat' dir='ltr'><strong>t</strong></span> <span class='ocrx_word' id='word_1_577' title='bbox 2265 3879 2399 3947; x_wconf 82' lang='grc' dir='ltr'>ἡμῖν</span> <span class='ocrx_word' id='word_1_578' title='bbox 2429 3877 2581 3931; x_wconf 85' lang='grc' dir='ltr'>τόνον</span> <span class='ocrx_word' id='word_1_579' title='bbox 2609 3876 2704 3946; x_wconf 83' lang='grc' dir='ltr'><strong>τῆς</strong></span> <span class='ocrx_word' id='word_1_580' title='bbox 2726 3874 2928 3946; x_wconf 73' lang='grc' dir='ltr'>ψυχῆς,</span> <span class='ocrx_word' id='word_1_581' title='bbox 2972 3875 3030 3927; x_wconf 84' lang='grc' dir='ltr'>ὃν</span> <span class='ocrx_word' id='word_1_582' title='bbox 3068 3873 3341 3942; x_wconf 51' lang='grc' dir='ltr'>τροπικὰ</span> <span class='ocrx_word' id='word_1_583' title='bbox 3384 3869 3530 3936; x_wconf 64' lang='grc' dir='ltr'>ὀσφὺν</span> <span class='ocrx_word' id='word_1_584' title='bbox 3555 3865 3724 3918; x_wconf 62' lang='lat' dir='ltr'><strong>istiisti.</strong></span> 
     </span>
    </p>
   </div>
   <div class='ocr_carea' id='block_1_73' title="bbox 581 3954 2161 4038">
    <p class='ocr_par' dir='ltr' id='par_1_73' title="bbox 581 3963 2161 4035">
     <span class='ocr_line' id='line_1_73' title="bbox 581 3963 2161 4035; baseline 0.006 -18"><span class='ocrx_word' id='word_1_585' title='bbox 581 3966 726 4033; x_wconf 91' lang='lat' dir='ltr'><strong>quod</strong></span> <span class='ocrx_word' id='word_1_586' title='bbox 761 3963 989 4034; x_wconf 70' lang='lat' dir='ltr'><strong>ﬁgurate</strong></span> <span class='ocrx_word' id='word_1_587' title='bbox 1041 3964 1259 4020; x_wconf 87' lang='lat' dir='ltr'><strong>lumbos</strong></span> <span class='ocrx_word' id='word_1_588' title='bbox 1293 3968 1620 4035; x_wconf 82' lang='lat' dir='ltr'><strong>appellavit,</strong></span> <span class='ocrx_word' id='word_1_589' title='bbox 1653 3967 1754 4024; x_wconf 91' lang='lat' dir='ltr'><strong>hos</strong></span> <span class='ocrx_word' id='word_1_590' title='bbox 1800 3969 2024 4024; x_wconf 86' lang='lat' dir='ltr'><strong>veritate</strong></span> <span class='ocrx_word' id='word_1_591' title='bbox 2054 3970 2161 4026; x_wconf 78' lang='lat' dir='ltr'><strong>cir-</strong></span> 
     </span>
    </p>
   </div>
   <div class='ocr_carea' id='block_1_74' title="bbox 2144 3954 3724 4038">
    <p class='ocr_par' dir='ltr' id='par_1_74' title="bbox 2144 3954 3724 4038">
     <span class='ocr_line' id='line_1_74' title="bbox 2144 3954 3724 4038; baseline -0.015 -13"><span class='ocrx_word' id='word_1_592' title='bbox 2144 4000 2165 4012; x_wconf 90' lang='lat'><strong>-</strong></span> <span class='ocrx_word' id='word_1_593' title='bbox 2266 3968 2466 4023; x_wconf 79' lang='grc' dir='ltr'>Τοῦτον</span> <span class='ocrx_word' id='word_1_594' title='bbox 2519 3970 2584 4038; x_wconf 79' lang='grc' dir='ltr'>τῇ</span> <span class='ocrx_word' id='word_1_595' title='bbox 2639 3966 2870 4037; x_wconf 78' lang='grc' dir='ltr'><strong>ἀληθείᾳ</strong></span> <span class='ocrx_word' id='word_1_596' title='bbox 2910 3963 3327 4034; x_wconf 79' lang='grc' dir='ltr'>περιζώννυσιν.</span> <span class='ocrx_word' id='word_1_597' title='bbox 3389 3962 3446 4015; x_wconf 82' lang='grc' dir='ltr'><strong>Ἠ</strong></span> <span class='ocrx_word' id='word_1_598' title='bbox 3489 3960 3534 4012; x_wconf 80' lang='grc' dir='ltr'>δὲ</span> <span class='ocrx_word' id='word_1_599' title='bbox 3572 3954 3724 4022; x_wconf 67' lang='grc' dir='ltr'>ἀλήθεια</span> 
     </span>
    </p>
   </div>
   <div class='ocr_carea' id='block_1_75' title="bbox 583 4045 2163 4129">
    <p class='ocr_par' dir='ltr' id='par_1_75' title="bbox 583 4053 2159 4129">
     <span class='ocr_line' id='line_1_75' title="bbox 583 4053 2159 4129; baseline 0.006 -23"><span class='ocrx_word' id='word_1_600' title='bbox 583 4055 902 4125; x_wconf 86' lang='lat' dir='ltr'><strong>cumciugit.</strong></span> <span class='ocrx_word' id='word_1_601' title='bbox 956 4053 1128 4109; x_wconf 86' lang='lat' dir='ltr'><strong>Porro</strong></span> <span class='ocrx_word' id='word_1_602' title='bbox 1177 4057 1378 4110; x_wconf 85' lang='lat' dir='ltr'><strong>veritas</strong></span> <span class='ocrx_word' id='word_1_603' title='bbox 1426 4055 1493 4110; x_wconf 93' lang='lat' dir='ltr'><strong>ad</strong></span> <span class='ocrx_word' id='word_1_604' title='bbox 1552 4059 1722 4114; x_wconf 83' lang='lat' dir='ltr'><strong>multa</strong></span> <span class='ocrx_word' id='word_1_605' title='bbox 1774 4060 2098 4129; x_wconf 84' lang='lat' dir='ltr'><strong>intelligitur</strong></span> <span class='ocrx_word' id='word_1_606' title='bbox 2145 4081 2159 4116; x_wconf 90' lang='lat'><strong>:</strong></span> 
     </span>
    </p>
   </div>
   <div class='ocr_carea' id='block_1_76' title="bbox 2146 4045 3726 4129">
    <p class='ocr_par' dir='ltr' id='par_1_76' title="bbox 2146 4045 3726 4128">
     <span class='ocr_line' id='line_1_76' title="bbox 2146 4045 3726 4128; baseline -0.011 -13"><span class='ocrx_word' id='word_1_607' title='bbox 2146 4081 2159 4116; x_wconf 91' lang='lat'><strong>:</strong></span> <span class='ocrx_word' id='word_1_608' title='bbox 2266 4061 2345 4125; x_wconf 76' lang='lat' dir='ltr'><strong>ei;</strong></span> <span class='ocrx_word' id='word_1_609' title='bbox 2367 4059 2536 4113; x_wconf 77' lang='grc' dir='ltr'>πολλὰ</span> <span class='ocrx_word' id='word_1_610' title='bbox 2565 4061 2790 4112; x_wconf 83' lang='grc' dir='ltr'>νοεῖται.</span> <span class='ocrx_word' id='word_1_611' title='bbox 2841 4057 3098 4128; x_wconf 82' lang='grc' dir='ltr'>Ἀλήθεια</span> <span class='ocrx_word' id='word_1_612' title='bbox 3127 4056 3428 4127; x_wconf 81' lang='grc' dir='ltr'>δογμάτων,</span> <span class='ocrx_word' id='word_1_613' title='bbox 3455 4049 3632 4118; x_wconf 77' lang='grc' dir='ltr'>ἀλήθεια</span> <span class='ocrx_word' id='word_1_614' title='bbox 3650 4045 3726 4116; x_wconf 76' lang='grc' dir='ltr'>βίον</span> 
     </span>
    </p>
   </div>
   <div class='ocr_carea' id='block_1_77' title="bbox 582 4137 2162 4222">
    <p class='ocr_par' dir='ltr' id='par_1_77' title="bbox 582 4148 2162 4222">
     <span class='ocr_line' id='line_1_77' title="bbox 582 4148 2162 4222; baseline 0.006 -21"><span class='ocrx_word' id='word_1_615' title='bbox 582 4149 786 4202; x_wconf 88' lang='lat' dir='ltr'><strong>veritas</strong></span> <span class='ocrx_word' id='word_1_616' title='bbox 817 4148 1155 4217; x_wconf 82' lang='lat' dir='ltr'><strong>degmatum,</strong></span> <span class='ocrx_word' id='word_1_617' title='bbox 1187 4149 1391 4203; x_wconf 84' lang='lat' dir='ltr'><strong>veritas</strong></span> <span class='ocrx_word' id='word_1_618' title='bbox 1419 4149 1540 4204; x_wconf 72' lang='lat' dir='ltr'><strong>vitae</strong></span> <span class='ocrx_word' id='word_1_619' title='bbox 1564 4151 1771 4206; x_wconf 81' lang='lat' dir='ltr'><strong>Christi</strong></span> <span class='ocrx_word' id='word_1_620' title='bbox 1799 4161 2064 4222; x_wconf 68' lang='lat' dir='ltr'><strong>separata:</strong></span> <span class='ocrx_word' id='word_1_621' title='bbox 2095 4152 2162 4210; x_wconf 86' lang='lat' dir='ltr'><strong>ab</strong></span> 
     </span>
    </p>
   </div>
   <div class='ocr_carea' id='block_1_78' title="bbox 2144 4137 3724 4222">
    <p class='ocr_par' dir='ltr' id='par_1_78' title="bbox 2144 4137 3724 4222">
     <span class='ocr_line' id='line_1_78' title="bbox 2144 4137 3724 4222; baseline -0.015 -14"><span class='ocrx_word' id='word_1_622' title='bbox 2144 4167 2164 4208; x_wconf 79' lang='grc'><strong>1</strong></span> <span class='ocrx_word' id='word_1_623' title='bbox 2265 4148 2530 4220; x_wconf 77' lang='grc' dir='ltr'>χρηστοῦ,</span> <span class='ocrx_word' id='word_1_624' title='bbox 2553 4147 2898 4222; x_wconf 82' lang='grc' dir='ltr'><strong>ὑποκρίσεως</strong></span> <span class='ocrx_word' id='word_1_625' title='bbox 2915 4146 3344 4218; x_wconf 79' lang='grc' dir='ltr'>κεχωρισμένον.</span> <span class='ocrx_word' id='word_1_626' title='bbox 3374 4141 3580 4210; x_wconf 71' lang='grc' dir='ltr'>Ἀλήθεια</span> <span class='ocrx_word' id='word_1_627' title='bbox 3595 4137 3724 4203; x_wconf 78' lang='grc' dir='ltr'>λόγων,</span> 
     </span>
    </p>
   </div>
   <div class='ocr_carea' id='block_1_79' title="bbox 584 4227 2164 4311">
    <p class='ocr_par' dir='ltr' id='par_1_79' title="bbox 584 4237 2161 4310">
     <span class='ocr_line' id='line_1_79' title="bbox 584 4237 2161 4310; baseline 0.002 -17"><span class='ocrx_word' id='word_1_628' title='bbox 584 4238 861 4310; x_wconf 78' lang='lat' dir='ltr'><strong>hypocrisi</strong></span> <span class='ocrx_word' id='word_1_629' title='bbox 931 4237 1046 4293; x_wconf 88' lang='lat' dir='ltr'><strong>sive</strong></span> <span class='ocrx_word' id='word_1_630' title='bbox 1116 4237 1469 4295; x_wconf 83' lang='lat' dir='ltr'><strong>simulatione</strong></span> <span class='ocrx_word' id='word_1_631' title='bbox 1505 4279 1521 4306; x_wconf 92' lang='lat'><strong>,</strong></span> <span class='ocrx_word' id='word_1_632' title='bbox 1583 4241 1790 4297; x_wconf 88' lang='lat' dir='ltr'><strong>veritas</strong></span> <span class='ocrx_word' id='word_1_633' title='bbox 1845 4255 2161 4296; x_wconf 88' lang='lat' dir='ltr'><strong>sermonum</strong></span> 
     </span>
    </p>
   </div>
   <div class='ocr_carea' id='block_1_80' title="bbox 2146 4227 3726 4311">
    <p class='ocr_par' dir='ltr' id='par_1_80' title="bbox 2146 4227 3726 4311">
     <span class='ocr_line' id='line_1_80' title="bbox 2146 4227 3726 4311; baseline -0.011 -15"><span class='ocrx_word' id='word_1_634' title='bbox 2146 4257 2161 4296; x_wconf 88' lang='lat' dir='ltr'><strong>I</strong></span> <span class='ocrx_word' id='word_1_635' title='bbox 2263 4243 2326 4295; x_wconf 83' lang='grc' dir='ltr'><strong>τὸ</strong></span> <span class='ocrx_word' id='word_1_636' title='bbox 2349 4240 2570 4311; x_wconf 81' lang='grc' dir='ltr'>δολερὸν</span> <span class='ocrx_word' id='word_1_637' title='bbox 2601 4239 2976 4308; x_wconf 80' lang='grc' dir='ltr'>ἀρνουμένων.</span> <span class='ocrx_word' id='word_1_638' title='bbox 3012 4237 3269 4308; x_wconf 80' lang='grc' dir='ltr'>Ἀλήθεια</span> <span class='ocrx_word' id='word_1_639' title='bbox 3292 4235 3606 4305; x_wconf 74' lang='grc' dir='ltr'><strong>ἐνθυμήσεως,</strong></span> <span class='ocrx_word' id='word_1_640' title='bbox 3630 4227 3726 4280; x_wconf 57' lang='grc' dir='ltr'>οὐδὲν</span> 
     </span>
    </p>
   </div>
   <div class='ocr_carea' id='block_1_81' title="bbox 582 4316 2162 4403">
    <p class='ocr_par' dir='ltr' id='par_1_81' title="bbox 582 4329 2162 4403">
     <span class='ocr_line' id='line_1_81' title="bbox 582 4329 2162 4403; baseline 0 -17"><span class='ocrx_word' id='word_1_641' title='bbox 582 4329 1010 4386; x_wconf 69' lang='grc' dir='ltr'>Ῑιοιιυιὶιιιειιιίοηι</span> <span class='ocrx_word' id='word_1_642' title='bbox 1043 4344 1108 4383; x_wconf 89' lang='lat' dir='ltr'><strong>ac</strong></span> <span class='ocrx_word' id='word_1_643' title='bbox 1139 4331 1323 4385; x_wconf 88' lang='lat' dir='ltr'><strong>dolum</strong></span> <span class='ocrx_word' id='word_1_644' title='bbox 1358 4331 1989 4401; x_wconf 86' lang='lat' dir='ltr'><strong>abnegautium,veritas</strong></span> <span class='ocrx_word' id='word_1_645' title='bbox 2013 4333 2162 4403; x_wconf 88' lang='lat' dir='ltr'><strong>cogi-</strong></span> 
     </span>
    </p>
   </div>
   <div class='ocr_carea' id='block_1_82' title="bbox 2146 4316 3726 4403">
    <p class='ocr_par' dir='ltr' id='par_1_82' title="bbox 2146 4316 3726 4398">
     <span class='ocr_line' id='line_1_82' title="bbox 2146 4316 3726 4398; baseline -0.011 -15"><span class='ocrx_word' id='word_1_646' title='bbox 2146 4361 2164 4373; x_wconf 94' lang='lat'><em>-</em></span> <span class='ocrx_word' id='word_1_647' title='bbox 2264 4327 2494 4398; x_wconf 74' lang='grc' dir='ltr'><strong>ἐχούσης</strong></span> <span class='ocrx_word' id='word_1_648' title='bbox 2526 4326 2620 4380; x_wconf 82' lang='grc' dir='ltr'>τοῦ</span> <span class='ocrx_word' id='word_1_649' title='bbox 2651 4327 2806 4381; x_wconf 87' lang='grc' dir='ltr'>νόθου</span> <span class='ocrx_word' id='word_1_650' title='bbox 2846 4327 2939 4380; x_wconf 82' lang='grc' dir='ltr'><strong>καὶ</strong></span> <span class='ocrx_word' id='word_1_651' title='bbox 2969 4327 3226 4398; x_wconf 69' lang='grc' dir='ltr'>κιϐδήλου</span> <span class='ocrx_word' id='word_1_652' title='bbox 3255 4325 3358 4379; x_wconf 88' lang='grc' dir='ltr'><strong>τῶν</strong></span> <span class='ocrx_word' id='word_1_653' title='bbox 3396 4322 3612 4393; x_wconf 80' lang='grc' dir='ltr'>δαιμόνων</span> <span class='ocrx_word' id='word_1_654' title='bbox 3639 4316 3726 4369; x_wconf 74' lang='grc' dir='ltr'>στί-</span> 
     </span>
    </p>
   </div>
   <div class='ocr_carea' id='block_1_83' title="bbox 583 4408 2163 4491">
    <p class='ocr_par' dir='ltr' id='par_1_83' title="bbox 583 4419 2163 4491">
     <span class='ocr_line' id='line_1_83' title="bbox 583 4419 2163 4491; baseline 0 -15"><span class='ocrx_word' id='word_1_655' title='bbox 583 4423 810 4477; x_wconf 89' lang='lat' dir='ltr'><strong>tationis</strong></span> <span class='ocrx_word' id='word_1_656' title='bbox 833 4436 955 4491; x_wconf 70' lang='lat' dir='ltr'><strong>quae</strong></span> <span class='ocrx_word' id='word_1_657' title='bbox 994 4421 1131 4474; x_wconf 89' lang='lat' dir='ltr'><strong>nihil</strong></span> <span class='ocrx_word' id='word_1_658' title='bbox 1179 4419 1342 4474; x_wconf 85' lang='lat' dir='ltr'><strong>habet</strong></span> <span class='ocrx_word' id='word_1_659' title='bbox 1377 4421 1667 4476; x_wconf 70' lang='lat' dir='ltr'><strong>adulter-ini</strong></span> <span class='ocrx_word' id='word_1_660' title='bbox 1720 4431 1815 4476; x_wconf 91' lang='lat' dir='ltr'><strong>aut</strong></span> <span class='ocrx_word' id='word_1_661' title='bbox 1857 4422 2020 4476; x_wconf 79' lang='lat' dir='ltr'><strong>fucati</strong></span> <span class='ocrx_word' id='word_1_662' title='bbox 2055 4423 2163 4476; x_wconf 70' lang='lat' dir='ltr'><strong>dae-</strong></span> 
     </span>
    </p>
   </div>
   <div class='ocr_carea' id='block_1_84' title="bbox 2147 4408 3727 4491">
    <p class='ocr_par' dir='ltr' id='par_1_84' title="bbox 2147 4408 3727 4491">
     <span class='ocr_line' id='line_1_84' title="bbox 2147 4408 3727 4491; baseline -0.006 -18"><span class='ocrx_word' id='word_1_663' title='bbox 2147 4451 2164 4463; x_wconf 89' lang='lat'><strong>-</strong></span> <span class='ocrx_word' id='word_1_664' title='bbox 2267 4437 2384 4491; x_wconf 84' lang='grc' dir='ltr'>ρου.</span> <span class='ocrx_word' id='word_1_665' title='bbox 2420 4420 2563 4491; x_wconf 82' lang='grc' dir='ltr'><strong>Δύνῃ</strong></span> <span class='ocrx_word' id='word_1_666' title='bbox 2587 4419 2642 4471; x_wconf 76' lang='grc' dir='ltr'>δὲ</span> <span class='ocrx_word' id='word_1_667' title='bbox 2667 4417 2742 4482; x_wconf 83' lang='grc' dir='ltr'><strong>ὡς</strong></span> <span class='ocrx_word' id='word_1_668' title='bbox 2766 4417 2904 4489; x_wconf 83' lang='grc' dir='ltr'>πρὸς</span> <span class='ocrx_word' id='word_1_669' title='bbox 2933 4417 3024 4472; x_wconf 84' lang='grc' dir='ltr'>τὸν</span> <span class='ocrx_word' id='word_1_670' title='bbox 3055 4417 3292 4489; x_wconf 79' lang='grc' dir='ltr'>Χριστὸν</span> <span class='ocrx_word' id='word_1_671' title='bbox 3313 4416 3502 4486; x_wconf 86' lang='grc' dir='ltr'>νοῆσαι,</span> <span class='ocrx_word' id='word_1_672' title='bbox 3526 4410 3594 4464; x_wconf 69' lang='grc' dir='ltr'><strong>τὸν</strong></span> <span class='ocrx_word' id='word_1_673' title='bbox 3616 4408 3727 4464; x_wconf 72' lang='grc' dir='ltr'>ὅντως</span> 
     </span>
    </p>
   </div>
   <div class='ocr_carea' id='block_1_85' title="bbox 581 4497 2161 4583">
    <p class='ocr_par' dir='ltr' id='par_1_85' title="bbox 581 4511 2161 4583">
     <span class='ocr_line' id='line_1_85' title="bbox 581 4511 2161 4583; baseline -0.001 -13"><span class='ocrx_word' id='word_1_674' title='bbox 581 4530 806 4570; x_wconf 81' lang='lat' dir='ltr'><strong>molium</strong></span> <span class='ocrx_word' id='word_1_675' title='bbox 833 4513 1080 4569; x_wconf 89' lang='lat' dir='ltr'><strong>seminis.</strong></span> <span class='ocrx_word' id='word_1_676' title='bbox 1103 4511 1265 4568; x_wconf 88' lang='lat' dir='ltr'><strong>Potes</strong></span> <span class='ocrx_word' id='word_1_677' title='bbox 1295 4521 1474 4567; x_wconf 86' lang='lat' dir='ltr'><strong>autem</strong></span> <span class='ocrx_word' id='word_1_678' title='bbox 1502 4523 1760 4583; x_wconf 89' lang='lat' dir='ltr'><strong>tanquam</strong></span> <span class='ocrx_word' id='word_1_679' title='bbox 1793 4515 1859 4568; x_wconf 90' lang='lat' dir='ltr'><strong>ad</strong></span> <span class='ocrx_word' id='word_1_680' title='bbox 1884 4513 2161 4569; x_wconf 85' lang='lat' dir='ltr'><strong>Christum</strong></span> 
     </span>
    </p>
   </div>
   <div class='ocr_carea' id='block_1_86' title="bbox 2144 4497 3724 4583">
    <p class='ocr_par' dir='ltr' id='par_1_86' title="bbox 2144 4497 3724 4582">
     <span class='ocr_line' id='line_1_86' title="bbox 2144 4497 3724 4582; baseline -0.009 -16"><span class='ocrx_word' id='word_1_681' title='bbox 2144 4528 2162 4566; x_wconf 90' lang='grc'><strong>1</strong></span> <span class='ocrx_word' id='word_1_682' title='bbox 2263 4512 2542 4582; x_wconf 79' lang='grc' dir='ltr'>ἀλήθειαν.</span> <span class='ocrx_word' id='word_1_683' title='bbox 2573 4511 2747 4581; x_wconf 75' lang='grc' dir='ltr'><strong>(Ἐγὼ</strong></span> <span class='ocrx_word' id='word_1_684' title='bbox 2767 4512 2876 4582; x_wconf 81' lang='grc' dir='ltr'>γάρ</span> <span class='ocrx_word' id='word_1_685' title='bbox 2897 4513 3033 4581; x_wconf 78' lang='grc' dir='ltr'>εἰμι,</span> <span class='ocrx_word' id='word_1_686' title='bbox 3056 4512 3243 4581; x_wconf 75' lang='grc' dir='ltr'>φησὶν,</span> <span class='ocrx_word' id='word_1_687' title='bbox 3263 4507 3552 4581; x_wconf 82' lang='grc' dir='ltr'>ήάλήθεια.1</span> <span class='ocrx_word' id='word_1_688' title='bbox 3577 4504 3646 4554; x_wconf 83' lang='grc' dir='ltr'>’ον</span> <span class='ocrx_word' id='word_1_689' title='bbox 3666 4497 3724 4548; x_wconf 78' lang='grc' dir='ltr'><strong>καὶ</strong></span> 
     </span>
    </p>
   </div>
   <div class='ocr_carea' id='block_1_87' title="bbox 580 4589 2160 4675">
    <p class='ocr_par' dir='ltr' id='par_1_87' title="bbox 580 4603 2159 4674">
     <span class='ocr_line' id='line_1_87' title="bbox 580 4603 2159 4674; baseline -0.002 -13"><span class='ocrx_word' id='word_1_690' title='bbox 580 4606 788 4661; x_wconf 82' lang='lat' dir='ltr'><strong>referre</strong></span> <span class='ocrx_word' id='word_1_691' title='bbox 844 4604 939 4674; x_wconf 90' lang='lat' dir='ltr'><strong>qui</strong></span> <span class='ocrx_word' id='word_1_692' title='bbox 974 4618 1105 4658; x_wconf 88' lang='lat' dir='ltr'><strong>vero</strong></span> <span class='ocrx_word' id='word_1_693' title='bbox 1147 4603 1352 4658; x_wconf 85' lang='lat' dir='ltr'><strong>veritas</strong></span> <span class='ocrx_word' id='word_1_694' title='bbox 1389 4611 1495 4658; x_wconf 92' lang='lat' dir='ltr'><strong>est.</strong></span> <span class='ocrx_word' id='word_1_695' title='bbox 1549 4622 1568 4655; x_wconf 83' lang='grc' dir='ltr'>ι</span> <span class='ocrx_word' id='word_1_696' title='bbox 1607 4603 1720 4674; x_wconf 84' lang='lat' dir='ltr'><strong>Ego</strong></span> <span class='ocrx_word' id='word_1_697' title='bbox 1759 4620 1907 4669; x_wconf 87' lang='lat' dir='ltr'><strong>sum,</strong></span> <span class='ocrx_word' id='word_1_698' title='bbox 1963 4604 2159 4674; x_wconf 87' lang='lat' dir='ltr'><strong>inquit,</strong></span> 
     </span>
    </p>
   </div>
   <div class='ocr_carea' id='block_1_88' title="bbox 2146 4589 3726 4675">
    <p class='ocr_par' dir='ltr' id='par_1_88' title="bbox 2146 4589 3726 4675">
     <span class='ocr_line' id='line_1_88' title="bbox 2146 4589 3726 4675; baseline -0.006 -16"><span class='ocrx_word' id='word_1_699' title='bbox 2146 4644 2159 4670; x_wconf 87' lang='lat'><strong>,</strong></span> <span class='ocrx_word' id='word_1_700' title='bbox 2265 4605 2599 4669; x_wconf 84' lang='grc' dir='ltr'>ὲνδεδῦσθαι,</span> <span class='ocrx_word' id='word_1_701' title='bbox 2628 4605 2687 4658; x_wconf 80' lang='grc' dir='ltr'>οὐ</span> <span class='ocrx_word' id='word_1_702' title='bbox 2717 4604 2874 4675; x_wconf 80' lang='grc' dir='ltr'>μόνον</span> <span class='ocrx_word' id='word_1_703' title='bbox 2892 4604 3263 4674; x_wconf 74' lang='grc' dir='ltr'>περιεζῶσθαι</span> <span class='ocrx_word' id='word_1_704' title='bbox 3298 4605 3401 4665; x_wconf 77' lang='grc' dir='ltr'>τοῖς</span> <span class='ocrx_word' id='word_1_705' title='bbox 3423 4589 3726 4667; x_wconf 71' lang='grc' dir='ltr'><strong>ἀνθρώποεςδεν</strong></span> 
     </span>
    </p>
   </div>
   <div class='ocr_carea' id='block_1_89' title="bbox 581 4684 2161 4768">
    <p class='ocr_par' dir='ltr' id='par_1_89' title="bbox 581 4694 2160 4766">
     <span class='ocr_line' id='line_1_89' title="bbox 581 4694 2160 4766; baseline 0.001 -17"><span class='ocrx_word' id='word_1_706' title='bbox 581 4698 782 4752; x_wconf 84' lang='lat' dir='ltr'><strong>veritas</strong></span> <span class='ocrx_word' id='word_1_707' title='bbox 804 4695 869 4761; x_wconf 73' lang='lat'><strong>“,</strong></span> <span class='ocrx_word' id='word_1_708' title='bbox 897 4715 916 4748; x_wconf 86' lang='grc'><strong>1</strong></span> <span class='ocrx_word' id='word_1_709' title='bbox 949 4710 1109 4764; x_wconf 90' lang='lat' dir='ltr'><strong>quem</strong></span> <span class='ocrx_word' id='word_1_710' title='bbox 1142 4695 1305 4748; x_wconf 87' lang='lat' dir='ltr'><strong>etiam</strong></span> <span class='ocrx_word' id='word_1_711' title='bbox 1343 4694 1497 4749; x_wconf 91' lang='lat' dir='ltr'><strong>indui</strong></span> <span class='ocrx_word' id='word_1_712' title='bbox 1528 4710 1636 4750; x_wconf 89' lang='lat' dir='ltr'><strong>non</strong></span> <span class='ocrx_word' id='word_1_713' title='bbox 1669 4697 2021 4766; x_wconf 80' lang='lat' dir='ltr'><strong>circumcingi</strong></span> <span class='ocrx_word' id='word_1_714' title='bbox 2061 4699 2160 4751; x_wconf 85' lang='lat' dir='ltr'><strong>da-</strong></span> 
     </span>
    </p>
   </div>
   <div class='ocr_carea' id='block_1_90' title="bbox 2141 4684 3721 4768">
    <p class='ocr_par' dir='ltr' id='par_1_90' title="bbox 2141 4684 3721 4768">
     <span class='ocr_line' id='line_1_90' title="bbox 2141 4684 3721 4768; baseline -0.006 -17"><span class='ocrx_word' id='word_1_715' title='bbox 2141 4726 2160 4736; x_wconf 94' lang='lat'><em>-</em></span> <span class='ocrx_word' id='word_1_716' title='bbox 2263 4697 2722 4768; x_wconf 63' lang='grc' dir='ltr'>δὼρηταιΑὊσοι</span> <span class='ocrx_word' id='word_1_717' title='bbox 2748 4697 2877 4767; x_wconf 82' lang='grc' dir='ltr'>γὰρ,</span> <span class='ocrx_word' id='word_1_718' title='bbox 2901 4696 3088 4767; x_wconf 74' lang='grc' dir='ltr'>φησὶν,</span> <span class='ocrx_word' id='word_1_719' title='bbox 3107 4698 3186 4759; x_wconf 85' lang='grc' dir='ltr'>εἰς</span> <span class='ocrx_word' id='word_1_720' title='bbox 3205 4693 3426 4765; x_wconf 76' lang='grc' dir='ltr'>Χριστὸν</span> <span class='ocrx_word' id='word_1_721' title='bbox 3443 4684 3721 4750; x_wconf 55' lang='lat' dir='ltr'><strong>“amiseris.</strong></span> 
     </span>
    </p>
   </div>
   <div class='ocr_carea' id='block_1_91' title="bbox 580 4769 2160 4862">
    <p class='ocr_par' dir='ltr' id='par_1_91' title="bbox 580 4787 2160 4858">
     <span class='ocr_line' id='line_1_91' title="bbox 580 4787 2160 4858; baseline 0 -15"><span class='ocrx_word' id='word_1_722' title='bbox 580 4799 694 4844; x_wconf 89' lang='lat' dir='ltr'><strong>tum</strong></span> <span class='ocrx_word' id='word_1_723' title='bbox 727 4801 812 4844; x_wconf 87' lang='lat' dir='ltr'><strong>est</strong></span> <span class='ocrx_word' id='word_1_724' title='bbox 835 4788 1170 4844; x_wconf 89' lang='lat' dir='ltr'><strong>hominibus.</strong></span> <span class='ocrx_word' id='word_1_725' title='bbox 1219 4807 1238 4841; x_wconf 83' lang='grc' dir='ltr'>ι</span> <span class='ocrx_word' id='word_1_726' title='bbox 1275 4787 1408 4842; x_wconf 86' lang='lat' dir='ltr'><strong>Nam</strong></span> <span class='ocrx_word' id='word_1_727' title='bbox 1445 4796 1736 4858; x_wconf 89' lang='lat' dir='ltr'><strong>quotquot,</strong></span> <span class='ocrx_word' id='word_1_728' title='bbox 1759 4788 1854 4853; x_wconf 88' lang='lat' dir='ltr'><strong>ait,</strong></span> <span class='ocrx_word' id='word_1_729' title='bbox 1903 4789 1956 4841; x_wconf 92' lang='lat' dir='ltr'><strong>in</strong></span> <span class='ocrx_word' id='word_1_730' title='bbox 1997 4789 2160 4843; x_wconf 86' lang='lat' dir='ltr'><strong>Chri-</strong></span> 
     </span>
    </p>
   </div>
   <div class='ocr_carea' id='block_1_92' title="bbox 2143 4769 3723 4862">
    <p class='ocr_par' dir='ltr' id='par_1_92' title="bbox 2143 4769 3723 4862">
     <span class='ocr_line' id='line_1_92' title="bbox 2143 4769 3723 4862; baseline -0.015 -17"><span class='ocrx_word' id='word_1_731' title='bbox 2143 4818 2160 4829; x_wconf 92' lang='lat'><strong>-</strong></span> <span class='ocrx_word' id='word_1_732' title='bbox 2199 4809 2238 4862; x_wconf 79' lang='grc' dir='ltr'>ο</span> <span class='ocrx_word' id='word_1_733' title='bbox 2263 4790 2496 4860; x_wconf 80' lang='grc' dir='ltr'>Χριστὸν</span> <span class='ocrx_word' id='word_1_734' title='bbox 2513 4789 2887 4843; x_wconf 74' lang='grc' dir='ltr'>ἐνεδύσασθε.»</span> <span class='ocrx_word' id='word_1_735' title='bbox 2906 4817 2974 4827; x_wconf 93' lang='grc'><strong><em>-</em></strong></span> <span class='ocrx_word' id='word_1_736' title='bbox 2998 4806 3016 4838; x_wconf 82' lang='grc' dir='ltr'><strong>ι</strong></span> <span class='ocrx_word' id='word_1_737' title='bbox 3039 4789 3142 4840; x_wconf 78' lang='grc' dir='ltr'>Τὸν</span> <span class='ocrx_word' id='word_1_738' title='bbox 3176 4786 3393 4858; x_wconf 82' lang='grc' dir='ltr'>θώρακα</span> <span class='ocrx_word' id='word_1_739' title='bbox 3422 4785 3507 4850; x_wconf 81' lang='grc' dir='ltr'><strong>τῆς</strong></span> <span class='ocrx_word' id='word_1_740' title='bbox 3533 4769 3723 4830; x_wconf 65' lang='grc' dir='ltr'>δικαιοσύ-</span> 
     </span>
    </p>
   </div>
   <div class='ocr_carea' id='block_1_93' title="bbox 579 4868 2159 4959">
    <p class='ocr_par' dir='ltr' id='par_1_93' title="bbox 579 4879 2159 4959">
     <span class='ocr_line' id='line_1_93' title="bbox 579 4879 2159 4959; baseline -0.003 -23"><span class='ocrx_word' id='word_1_741' title='bbox 579 4889 726 4936; x_wconf 85' lang='lat' dir='ltr'><strong>stum</strong></span> <span class='ocrx_word' id='word_1_742' title='bbox 771 4881 1026 4951; x_wconf 86' lang='lat' dir='ltr'><strong>baptizati</strong></span> <span class='ocrx_word' id='word_1_743' title='bbox 1093 4880 1249 4946; x_wconf 84' lang='lat' dir='ltr'><strong>estis,</strong></span> <span class='ocrx_word' id='word_1_744' title='bbox 1307 4879 1587 4936; x_wconf 88' lang='lat' dir='ltr'><strong>Christum</strong></span> <span class='ocrx_word' id='word_1_745' title='bbox 1636 4879 1894 4959; x_wconf 76' lang='lat' dir='ltr'><strong>induistis</strong></span> <span class='ocrx_word' id='word_1_746' title='bbox 1916 4879 1984 4932; x_wconf 74' lang='lat'><strong>“.</strong></span> <span class='ocrx_word' id='word_1_747' title='bbox 2028 4899 2046 4931; x_wconf 91' lang='grc'><strong>1</strong></span> <span class='ocrx_word' id='word_1_748' title='bbox 2091 4911 2159 4923; x_wconf 89' lang='lat'><strong>-—</strong></span> 
     </span>
    </p>
   </div>
   <div class='ocr_carea' id='block_1_94' title="bbox 2141 4868 3721 4959">
    <p class='ocr_par' dir='ltr' id='par_1_94' title="bbox 2141 4868 3721 4959">
     <span class='ocr_line' id='line_1_94' title="bbox 2141 4868 3721 4959; baseline -0.012 -24"><span class='ocrx_word' id='word_1_749' title='bbox 2141 4911 2162 4921; x_wconf 93' lang='lat'><strong>-</strong></span> <span class='ocrx_word' id='word_1_750' title='bbox 2265 4899 2381 4951; x_wconf 76' lang='grc' dir='ltr'>νης.</span> <span class='ocrx_word' id='word_1_751' title='bbox 2397 4882 2527 4934; x_wconf 77' lang='grc' dir='ltr'><strong>1Τὸν</strong></span> <span class='ocrx_word' id='word_1_752' title='bbox 2541 4879 2769 4934; x_wconf 88' lang='grc' dir='ltr'>καθόλου</span> <span class='ocrx_word' id='word_1_753' title='bbox 2787 4880 2950 4952; x_wconf 81' lang='grc' dir='ltr'>φησὶν</span> <span class='ocrx_word' id='word_1_754' title='bbox 2966 4880 3222 4951; x_wconf 76' lang='grc' dir='ltr'>ἐνάρετον</span> <span class='ocrx_word' id='word_1_755' title='bbox 3238 4877 3367 4950; x_wconf 78' lang='grc' dir='ltr'>βίον.</span> <span class='ocrx_word' id='word_1_756' title='bbox 3383 4871 3546 4943; x_wconf 75' lang='grc' dir='ltr'>Θώραξ</span> <span class='ocrx_word' id='word_1_757' title='bbox 3559 4868 3599 4921; x_wconf 82' lang='grc' dir='ltr'>δέ</span> <span class='ocrx_word' id='word_1_758' title='bbox 3611 4868 3721 4959; x_wconf 58' lang='grc' dir='ltr'>ἐστιν,</span> 
     </span>
    </p>
   </div>
   <div class='ocr_carea' id='block_1_95' title="bbox 585 4953 2165 5047">
    <p class='ocr_par' dir='ltr' id='par_1_95' title="bbox 585 4953 2163 5043">
     <span class='ocr_line' id='line_1_95' title="bbox 585 4953 2163 5043; baseline 0.003 -20"><span class='ocrx_word' id='word_1_759' title='bbox 585 4991 603 5023; x_wconf 83' lang='grc' dir='ltr'><strong>ι</strong></span> <span class='ocrx_word' id='word_1_760' title='bbox 638 4970 936 5027; x_wconf 86' lang='lat' dir='ltr'><strong>Thoracem</strong></span> <span class='ocrx_word' id='word_1_761' title='bbox 963 4971 1217 5043; x_wconf 72' lang='lat' dir='ltr'><strong>iustitiae.</strong></span> <span class='ocrx_word' id='word_1_762' title='bbox 1248 4991 1266 5024; x_wconf 90' lang='grc'><strong>1</strong></span> <span class='ocrx_word' id='word_1_763' title='bbox 1297 4971 1406 5042; x_wconf 82' lang='lat'><strong>59</strong></span> <span class='ocrx_word' id='word_1_764' title='bbox 1429 4971 1598 5027; x_wconf 74' lang='lat' dir='ltr'><strong>Vitam</strong></span> <span class='ocrx_word' id='word_1_765' title='bbox 1633 4953 1767 5027; x_wconf 87' lang='lat' dir='ltr'><strong>dicit</strong></span> <span class='ocrx_word' id='word_1_766' title='bbox 1797 4972 2163 5042; x_wconf 87' lang='lat' dir='ltr'><strong>uudequaque</strong></span> 
     </span>
    </p>
   </div>
   <div class='ocr_carea' id='block_1_96' title="bbox 2141 4953 3721 5047">
    <p class='ocr_par' dir='ltr' id='par_1_96' title="bbox 2141 4953 3721 5047">
     <span class='ocr_line' id='line_1_96' title="bbox 2141 4953 3721 5047; baseline -0.019 -4"><span class='ocrx_word' id='word_1_767' title='bbox 2141 4988 2163 5027; x_wconf 68' lang='grc' dir='ltr'><strong><em>Β</em></strong></span> <span class='ocrx_word' id='word_1_768' title='bbox 2262 4977 2291 5028; x_wconf 74' lang='grc' dir='ltr'>ὁ</span> <span class='ocrx_word' id='word_1_769' title='bbox 2314 4972 2565 5047; x_wconf 73' lang='grc' dir='ltr'><strong>σιδηροῦς</strong></span> <span class='ocrx_word' id='word_1_770' title='bbox 2580 4973 2764 5044; x_wconf 84' lang='grc' dir='ltr'>χιτών.</span> <span class='ocrx_word' id='word_1_771' title='bbox 2790 4991 2808 5026; x_wconf 83' lang='lat' dir='ltr'><strong>t</strong></span> <span class='ocrx_word' id='word_1_772' title='bbox 2821 4975 2930 5027; x_wconf 79' lang='lat' dir='ltr'><strong>Kal.</strong></span> <span class='ocrx_word' id='word_1_773' title='bbox 2947 4972 3340 5044; x_wconf 79' lang='grc' dir='ltr'>ὑποδυσάμενοι</span> <span class='ocrx_word' id='word_1_774' title='bbox 3356 4969 3468 5030; x_wconf 80' lang='grc' dir='ltr'>τοὺς</span> <span class='ocrx_word' id='word_1_775' title='bbox 3481 4963 3623 5022; x_wconf 66' lang='grc' dir='ltr'>πόδας.</span> <span class='ocrx_word' id='word_1_776' title='bbox 3648 4953 3721 5047; x_wconf 52' lang='grc' dir='ltr'><strong>ξἮ</strong></span> 
     </span>
    </p>
   </div>
   <div class='ocr_carea' id='block_1_97' title="bbox 579 5041 2159 5134">
    <p class='ocr_par' dir='ltr' id='par_1_97' title="bbox 579 5041 2159 5133">
     <span class='ocr_line' id='line_1_97' title="bbox 579 5041 2159 5133; baseline 0.003 -17"><span class='ocrx_word' id='word_1_777' title='bbox 579 5063 829 5133; x_wconf 83' lang='lat' dir='ltr'><strong>probam.</strong></span> <span class='ocrx_word' id='word_1_778' title='bbox 894 5041 986 5116; x_wconf 81' lang='lat' dir='ltr'><strong>Est</strong></span> <span class='ocrx_word' id='word_1_779' title='bbox 1042 5075 1224 5119; x_wconf 87' lang='lat' dir='ltr'><strong>autem</strong></span> <span class='ocrx_word' id='word_1_780' title='bbox 1275 5041 1471 5118; x_wconf 81' lang='lat' dir='ltr'><strong>thorax</strong></span> <span class='ocrx_word' id='word_1_781' title='bbox 1530 5063 1708 5119; x_wconf 80' lang='lat' dir='ltr'><strong>ferrea</strong></span> <span class='ocrx_word' id='word_1_782' title='bbox 1764 5067 1971 5118; x_wconf 83' lang='lat' dir='ltr'><strong>tunica.</strong></span> <span class='ocrx_word' id='word_1_783' title='bbox 2035 5041 2159 5120; x_wconf 73' lang='lat' dir='ltr'><strong>«Et</strong></span> 
     </span>
    </p>
   </div>
   <div class='ocr_carea' id='block_1_98' title="bbox 2140 5041 3720 5134">
    <p class='ocr_par' dir='ltr' id='par_1_98' title="bbox 2140 5041 3720 5134">
     <span class='ocr_line' id='line_1_98' title="bbox 2140 5041 3720 5134; baseline -0.006 -16"><span class='ocrx_word' id='word_1_784' title='bbox 2140 5074 2160 5118; x_wconf 92' lang='lat' dir='ltr'><strong>t</strong></span> <span class='ocrx_word' id='word_1_785' title='bbox 2260 5041 2624 5134; x_wconf 35' lang='lat' dir='ltr'><strong>roﬁrdutpnctv,</strong></span> <span class='ocrx_word' id='word_1_786' title='bbox 2653 5064 2735 5118; x_wconf 84' lang='grc' dir='ltr'>ὅτι</span> <span class='ocrx_word' id='word_1_787' title='bbox 2768 5063 2874 5134; x_wconf 83' lang='grc' dir='ltr'>χρὴ</span> <span class='ocrx_word' id='word_1_788' title='bbox 2899 5065 3026 5126; x_wconf 81' lang='grc' dir='ltr'>τοὺς</span> <span class='ocrx_word' id='word_1_789' title='bbox 3053 5041 3214 5124; x_wconf 61' lang='grc' dir='ltr'>πόδαξ</span> <span class='ocrx_word' id='word_1_790' title='bbox 3247 5060 3395 5132; x_wconf 78' lang='grc' dir='ltr'>ἡμῶν</span> <span class='ocrx_word' id='word_1_791' title='bbox 3419 5057 3616 5124; x_wconf 70' lang='grc' dir='ltr'>ἑτοίμους</span> <span class='ocrx_word' id='word_1_792' title='bbox 3630 5041 3720 5134; x_wconf 57' lang='lat' dir='ltr'><strong>Elui</strong></span> 
     </span>
    </p>
   </div>
   <div class='ocr_carea' id='block_1_99' title="bbox 577 5133 2157 5226">
    <p class='ocr_par' dir='ltr' id='par_1_99' title="bbox 577 5151 2157 5224">
     <span class='ocr_line' id='line_1_99' title="bbox 577 5151 2157 5224; baseline 0.001 -15"><span class='ocrx_word' id='word_1_793' title='bbox 577 5153 805 5209; x_wconf 77' lang='lat' dir='ltr'><strong>cnlocati</strong></span> <span class='ocrx_word' id='word_1_794' title='bbox 858 5151 1112 5221; x_wconf 86' lang='lat' dir='ltr'><strong>pedibus.</strong></span> <span class='ocrx_word' id='word_1_795' title='bbox 1174 5173 1193 5206; x_wconf 90' lang='grc'><strong>1</strong></span> <span class='ocrx_word' id='word_1_796' title='bbox 1254 5158 1363 5208; x_wconf 83' lang='lat' dir='ltr'><strong>Aut</strong></span> <span class='ocrx_word' id='word_1_797' title='bbox 1401 5154 1502 5208; x_wconf 88' lang='lat' dir='ltr'><strong>hoc</strong></span> <span class='ocrx_word' id='word_1_798' title='bbox 1550 5153 1682 5209; x_wconf 84' lang='lat' dir='ltr'><strong>dicit</strong></span> <span class='ocrx_word' id='word_1_799' title='bbox 1727 5153 1872 5224; x_wconf 89' lang='lat' dir='ltr'><strong>quod</strong></span> <span class='ocrx_word' id='word_1_800' title='bbox 1914 5162 2157 5222; x_wconf 82' lang='lat' dir='ltr'><strong>Oporteat</strong></span> 
     </span>
    </p>
   </div>
   <div class='ocr_carea' id='block_1_100' title="bbox 2140 5133 3720 5226">
    <p class='ocr_par' dir='ltr' id='par_1_100' title="bbox 2141 5133 3720 5226">
     <span class='ocr_line' id='line_1_100' title="bbox 2141 5133 3720 5226; baseline -0.012 -16"><span class='ocrx_word' id='word_1_801' title='bbox 2141 5166 2162 5210; x_wconf 89' lang='lat' dir='ltr'><strong>t</strong></span> <span class='ocrx_word' id='word_1_802' title='bbox 2263 5155 2397 5226; x_wconf 81' lang='grc' dir='ltr'>πρὸς</span> <span class='ocrx_word' id='word_1_803' title='bbox 2417 5155 2476 5208; x_wconf 83' lang='grc' dir='ltr'><strong>τὸ</strong></span> <span class='ocrx_word' id='word_1_804' title='bbox 2493 5133 2990 5223; x_wconf 61' lang='grc' dir='ltr'>εὐαγγελίζεσθιω</span> <span class='ocrx_word' id='word_1_805' title='bbox 3014 5153 3102 5217; x_wconf 74' lang='grc' dir='ltr'><strong>Ὠς</strong></span> <span class='ocrx_word' id='word_1_806' title='bbox 3115 5154 3300 5224; x_wconf 81' lang='grc' dir='ltr'>ὡραῖοι</span> <span class='ocrx_word' id='word_1_807' title='bbox 3316 5150 3432 5220; x_wconf 80' lang='grc' dir='ltr'>γὰρ,</span> <span class='ocrx_word' id='word_1_808' title='bbox 3453 5133 3720 5215; x_wconf 69' lang='grc' dir='ltr'>φησιν,οἰπῦ·</span> 
     </span>
    </p>
   </div>
   <div class='ocr_carea' id='block_1_101' title="bbox 577 5229 2157 5320">
    <p class='ocr_par' dir='ltr' id='par_1_101' title="bbox 577 5247 2157 5318">
     <span class='ocr_line' id='line_1_101' title="bbox 577 5247 2157 5318; baseline 0.002 -19"><span class='ocrx_word' id='word_1_809' title='bbox 577 5250 745 5318; x_wconf 63' lang='lat' dir='ltr'><strong>petes</strong></span> <span class='ocrx_word' id='word_1_810' title='bbox 785 5253 1004 5299; x_wconf 90' lang='lat' dir='ltr'><strong>nostros</strong></span> <span class='ocrx_word' id='word_1_811' title='bbox 1034 5257 1252 5314; x_wconf 82' lang='lat' dir='ltr'><strong>paratos</strong></span> <span class='ocrx_word' id='word_1_812' title='bbox 1284 5262 1404 5302; x_wconf 91' lang='lat' dir='ltr'><strong>esse</strong></span> <span class='ocrx_word' id='word_1_813' title='bbox 1441 5247 1506 5300; x_wconf 88' lang='lat' dir='ltr'><strong>ad</strong></span> <span class='ocrx_word' id='word_1_814' title='bbox 1538 5247 1943 5316; x_wconf 73' lang='lat' dir='ltr'><strong>prthicandum</strong></span> <span class='ocrx_word' id='word_1_815' title='bbox 1979 5247 2157 5302; x_wconf 82' lang='lat' dir='ltr'><strong>Eran-</strong></span> 
     </span>
    </p>
   </div>
   <div class='ocr_carea' id='block_1_102' title="bbox 2140 5229 3720 5320">
    <p class='ocr_par' dir='ltr' id='par_1_102' title="bbox 2140 5229 3720 5320">
     <span class='ocr_line' id='line_1_102' title="bbox 2140 5229 3720 5320; baseline -0.013 -20"><span class='ocrx_word' id='word_1_816' title='bbox 2140 5277 2158 5290; x_wconf 94' lang='lat'><strong>-</strong></span> <span class='ocrx_word' id='word_1_817' title='bbox 2257 5247 2346 5312; x_wconf 81' lang='grc' dir='ltr'>δες</span> <span class='ocrx_word' id='word_1_818' title='bbox 2369 5248 2478 5302; x_wconf 87' lang='grc' dir='ltr'><strong>τῶν</strong></span> <span class='ocrx_word' id='word_1_819' title='bbox 2507 5247 3008 5320; x_wconf 74' lang='grc' dir='ltr'>εὐαγγελιζομένων</span> <span class='ocrx_word' id='word_1_820' title='bbox 3036 5248 3308 5319; x_wconf 79' lang='grc' dir='ltr'>εἰρήνην.1</span> <span class='ocrx_word' id='word_1_821' title='bbox 3333 5243 3396 5296; x_wconf 87' lang='grc' dir='ltr'><strong><em>Ἦ</em></strong></span> <span class='ocrx_word' id='word_1_822' title='bbox 3417 5241 3488 5294; x_wconf 86' lang='grc' dir='ltr'>ὅτι</span> <span class='ocrx_word' id='word_1_823' title='bbox 3513 5239 3559 5289; x_wconf 81' lang='grc' dir='ltr'>ἐν</span> <span class='ocrx_word' id='word_1_824' title='bbox 3585 5229 3720 5295; x_wconf 71' lang='grc' dir='ltr'>ἑτοίμῳ</span> 
     </span>
    </p>
   </div>
   <div class='ocr_carea' id='block_1_103' title="bbox 575 5320 2155 5420">
    <p class='ocr_par' dir='ltr' id='par_1_103' title="bbox 575 5335 2155 5409">
     <span class='ocr_line' id='line_1_103' title="bbox 575 5335 2155 5409; baseline 0.001 -17"><span class='ocrx_word' id='word_1_825' title='bbox 575 5339 804 5409; x_wconf 78' lang='lat' dir='ltr'><strong>gelium.</strong></span> <span class='ocrx_word' id='word_1_826' title='bbox 839 5339 930 5392; x_wconf 90' lang='lat' dir='ltr'><strong>Ait</strong></span> <span class='ocrx_word' id='word_1_827' title='bbox 957 5340 1099 5390; x_wconf 87' lang='lat' dir='ltr'><strong>enim</strong></span> <span class='ocrx_word' id='word_1_828' title='bbox 1133 5351 1146 5388; x_wconf 92' lang='lat'>:</span> <span class='ocrx_word' id='word_1_829' title='bbox 1191 5353 1210 5386; x_wconf 74' lang='grc' dir='ltr'>ι</span> <span class='ocrx_word' id='word_1_830' title='bbox 1245 5335 1417 5402; x_wconf 85' lang='lat' dir='ltr'><strong>Quam</strong></span> <span class='ocrx_word' id='word_1_831' title='bbox 1457 5337 1668 5403; x_wconf 85' lang='lat' dir='ltr'><strong>pulchri</strong></span> <span class='ocrx_word' id='word_1_832' title='bbox 1702 5342 1863 5407; x_wconf 87' lang='lat' dir='ltr'><strong>pedes</strong></span> <span class='ocrx_word' id='word_1_833' title='bbox 1885 5339 2155 5408; x_wconf 88' lang='lat' dir='ltr'><strong>evangeli-</strong></span> 
     </span>
    </p>
   </div>
   <div class='ocr_carea' id='block_1_104' title="bbox 2138 5320 3718 5420">
    <p class='ocr_par' dir='ltr' id='par_1_104' title="bbox 2138 5320 3718 5420">
     <span class='ocr_line' id='line_1_104' title="bbox 2138 5320 3718 5420; baseline -0.013 -24"><span class='ocrx_word' id='word_1_834' title='bbox 2138 5368 2160 5380; x_wconf 93' lang='lat'><strong>-</strong></span> <span class='ocrx_word' id='word_1_835' title='bbox 2261 5339 2550 5410; x_wconf 77' lang='grc' dir='ltr'>ὀφείλομεν</span> <span class='ocrx_word' id='word_1_836' title='bbox 2596 5335 2736 5394; x_wconf 79' lang='grc' dir='ltr'>εἷναι</span> <span class='ocrx_word' id='word_1_837' title='bbox 2786 5341 2882 5394; x_wconf 77' lang='grc' dir='ltr'><strong>καὶ</strong></span> <span class='ocrx_word' id='word_1_838' title='bbox 2938 5339 3053 5410; x_wconf 86' lang='grc' dir='ltr'>βίον</span> <span class='ocrx_word' id='word_1_839' title='bbox 3093 5339 3256 5410; x_wconf 78' lang='grc' dir='ltr'>ἔχειν,</span> <span class='ocrx_word' id='word_1_840' title='bbox 3289 5337 3360 5396; x_wconf 82' lang='grc' dir='ltr'>ὡς</span> <span class='ocrx_word' id='word_1_841' title='bbox 3401 5323 3454 5385; x_wconf 63' lang='grc' dir='ltr'>τι</span> <span class='ocrx_word' id='word_1_842' title='bbox 3483 5320 3718 5420; x_wconf 37' lang='lat' dir='ltr'><strong>Eia-nili?!</strong></span> 
     </span>
    </p>
   </div>
   <div class='ocr_carea' id='block_1_105' title="bbox 575 5414 2155 5502">
    <p class='ocr_par' dir='ltr' id='par_1_105' title="bbox 575 5426 2155 5501">
     <span class='ocr_line' id='line_1_105' title="bbox 575 5426 2155 5501; baseline -0.001 -15"><span class='ocrx_word' id='word_1_843' title='bbox 575 5432 818 5486; x_wconf 82' lang='lat' dir='ltr'><strong>zautium</strong></span> <span class='ocrx_word' id='word_1_844' title='bbox 849 5444 1037 5501; x_wconf 89' lang='lat' dir='ltr'><strong>pacem</strong></span> <span class='ocrx_word' id='word_1_845' title='bbox 1069 5426 1138 5481; x_wconf 73' lang='lat'><strong>“.</strong></span> <span class='ocrx_word' id='word_1_846' title='bbox 1178 5445 1197 5479; x_wconf 90' lang='grc'><strong>1</strong></span> <span class='ocrx_word' id='word_1_847' title='bbox 1243 5430 1350 5480; x_wconf 85' lang='lat' dir='ltr'><strong>Aut</strong></span> <span class='ocrx_word' id='word_1_848' title='bbox 1389 5428 1530 5496; x_wconf 87' lang='lat' dir='ltr'><strong>quod</strong></span> <span class='ocrx_word' id='word_1_849' title='bbox 1569 5429 1801 5499; x_wconf 90' lang='lat' dir='ltr'><strong>prompti</strong></span> <span class='ocrx_word' id='word_1_850' title='bbox 1844 5445 1966 5485; x_wconf 88' lang='lat' dir='ltr'><strong>esse</strong></span> <span class='ocrx_word' id='word_1_851' title='bbox 1992 5431 2155 5485; x_wconf 84' lang='lat' dir='ltr'><strong>debe-</strong></span> 
     </span>
    </p>
   </div>
   <div class='ocr_carea' id='block_1_106' title="bbox 2139 5414 3719 5502">
    <p class='ocr_par' dir='ltr' id='par_1_106' title="bbox 2139 5414 3719 5502">
     <span class='ocr_line' id='line_1_106' title="bbox 2139 5414 3719 5502; baseline -0.032 6"><span class='ocrx_word' id='word_1_852' title='bbox 2139 5458 2157 5470; x_wconf 86' lang='grc'><em>’</em></span> <span class='ocrx_word' id='word_1_853' title='bbox 2263 5429 2578 5498; x_wconf 75' lang='grc' dir='ltr'><strong>ὑφηγεῖταιο</strong></span> <span class='ocrx_word' id='word_1_854' title='bbox 2628 5447 2647 5481; x_wconf 73' lang='grc'><strong><em>⁸</em></strong></span> <span class='ocrx_word' id='word_1_855' title='bbox 2684 5430 2799 5500; x_wconf 70' lang='grc' dir='ltr'><strong>Τὴν</strong></span> <span class='ocrx_word' id='word_1_856' title='bbox 2847 5431 2957 5502; x_wconf 75' lang='grc' dir='ltr'>γὰρ</span> <span class='ocrx_word' id='word_1_857' title='bbox 2995 5427 3310 5499; x_wconf 78' lang='grc' dir='ltr'>ἑτοιμασίαν</span> <span class='ocrx_word' id='word_1_858' title='bbox 3335 5425 3426 5494; x_wconf 80' lang='grc' dir='ltr'><strong>τῆς</strong></span> <span class='ocrx_word' id='word_1_859' title='bbox 3458 5414 3636 5489; x_wconf 61' lang='grc' dir='ltr'>καρδίας</span> <span class='ocrx_word' id='word_1_860' title='bbox 3654 5414 3719 5459; x_wconf 71' lang='lat' dir='ltr'><strong>ait-</strong></span> 
     </span>
    </p>
   </div>
   <div class='ocr_carea' id='block_1_107' title="bbox 577 5504 2157 5597">
    <p class='ocr_par' dir='ltr' id='par_1_107' title="bbox 577 5519 2157 5591">
     <span class='ocr_line' id='line_1_107' title="bbox 577 5519 2157 5591; baseline -0.001 -15"><span class='ocrx_word' id='word_1_861' title='bbox 577 5538 722 5584; x_wconf 89' lang='lat' dir='ltr'><strong>mus,</strong></span> <span class='ocrx_word' id='word_1_862' title='bbox 759 5523 1036 5591; x_wconf 87' lang='lat' dir='ltr'><strong>vitamque</strong></span> <span class='ocrx_word' id='word_1_863' title='bbox 1085 5519 1290 5574; x_wconf 87' lang='lat' dir='ltr'><strong>habere</strong></span> <span class='ocrx_word' id='word_1_864' title='bbox 1328 5520 1471 5574; x_wconf 92' lang='lat' dir='ltr'><strong>sicut</strong></span> <span class='ocrx_word' id='word_1_865' title='bbox 1505 5519 1756 5574; x_wconf 90' lang='lat' dir='ltr'><strong>hortatur</strong></span> <span class='ocrx_word' id='word_1_866' title='bbox 1781 5521 2157 5591; x_wconf 82' lang='lat' dir='ltr'><strong>Evangelium.</strong></span> 
     </span>
    </p>
   </div>
   <div class='ocr_carea' id='block_1_108' title="bbox 2136 5504 3716 5597">
    <p class='ocr_par' dir='ltr' id='par_1_108' title="bbox 2143 5504 3716 5597">
     <span class='ocr_line' id='line_1_108' title="bbox 2143 5504 3716 5597; baseline 0.013 -28"><span class='ocrx_word' id='word_1_867' title='bbox 2143 5559 2157 5574; x_wconf 91' lang='lat'><strong>.</strong></span> <span class='ocrx_word' id='word_1_868' title='bbox 2261 5520 2391 5584; x_wconf 90' lang='grc' dir='ltr'>τῶν,</span> <span class='ocrx_word' id='word_1_869' title='bbox 2427 5522 2591 5590; x_wconf 64' lang='grc' dir='ltr'>φησιν</span> <span class='ocrx_word' id='word_1_870' title='bbox 2638 5523 2666 5574; x_wconf 82' lang='lat'><em>6</em></span> <span class='ocrx_word' id='word_1_871' title='bbox 2721 5522 3036 5592; x_wconf 78' lang='grc' dir='ltr'><strong>Προφήτης,</strong></span> <span class='ocrx_word' id='word_1_872' title='bbox 3091 5521 3374 5592; x_wconf 71' lang='grc' dir='ltr'>προσέσχεν</span> <span class='ocrx_word' id='word_1_873' title='bbox 3419 5512 3472 5566; x_wconf 78' lang='grc' dir='ltr'><strong>τδ</strong></span> <span class='ocrx_word' id='word_1_874' title='bbox 3513 5504 3716 5597; x_wconf 39' lang='grc' dir='ltr'><strong>οὖς-σωκ,</strong></span> 
     </span>
    </p>
   </div>
   <div class='ocr_carea' id='block_1_109' title="bbox 587 5595 2167 5686">
    <p class='ocr_par' dir='ltr' id='par_1_109' title="bbox 587 5613 2154 5685">
     <span class='ocr_line' id='line_1_109' title="bbox 587 5613 2154 5685; baseline 0.002 -20"><span class='ocrx_word' id='word_1_875' title='bbox 587 5633 606 5665; x_wconf 80' lang='grc' dir='ltr'><strong>ι</strong></span> <span class='ocrx_word' id='word_1_876' title='bbox 660 5613 1114 5685; x_wconf 68' lang='grc' dir='ltr'><strong>Ρτιεριιτειίοηριη</strong></span> <span class='ocrx_word' id='word_1_877' title='bbox 1177 5614 1360 5668; x_wconf 90' lang='lat' dir='ltr'><strong>cordis</strong></span> <span class='ocrx_word' id='word_1_878' title='bbox 1416 5626 1646 5677; x_wconf 88' lang='lat' dir='ltr'><strong>eorum,</strong></span> <span class='ocrx_word' id='word_1_879' title='bbox 1707 5613 1784 5668; x_wconf 90' lang='lat' dir='ltr'><strong>ait</strong></span> <span class='ocrx_word' id='word_1_880' title='bbox 1838 5616 2154 5685; x_wconf 82' lang='lat' dir='ltr'><strong>Propheta,</strong></span> 
     </span>
    </p>
   </div>
   <div class='ocr_carea' id='block_1_110' title="bbox 2139 5595 3719 5686">
    <p class='ocr_par' dir='ltr' id='par_1_110' title="bbox 2139 5595 3719 5686">
     <span class='ocr_line' id='line_1_110' title="bbox 2139 5595 3719 5686; baseline -0.036 14"><span class='ocrx_word' id='word_1_881' title='bbox 2139 5654 2154 5680; x_wconf 73' lang='grc' dir='ltr'><strong>ν</strong></span> <span class='ocrx_word' id='word_1_882' title='bbox 2261 5632 2357 5664; x_wconf 71' lang='grc' dir='ltr'><strong>-ί</strong></span> <span class='ocrx_word' id='word_1_883' title='bbox 2391 5613 2498 5666; x_wconf 69' lang='grc' dir='ltr'><strong>Τοῦ</strong></span> <span class='ocrx_word' id='word_1_884' title='bbox 2533 5612 2869 5681; x_wconf 75' lang='grc' dir='ltr'>Εὐαγγελίου</span> <span class='ocrx_word' id='word_1_885' title='bbox 2898 5614 2997 5685; x_wconf 78' lang='grc' dir='ltr'>τῆς</span> <span class='ocrx_word' id='word_1_886' title='bbox 3031 5614 3272 5686; x_wconf 78' lang='grc' dir='ltr'>εἰρήνης.</span> <span class='ocrx_word' id='word_1_887' title='bbox 3303 5628 3319 5662; x_wconf 91' lang='grc'><strong>1</strong></span> <span class='ocrx_word' id='word_1_888' title='bbox 3350 5605 3416 5662; x_wconf 68' lang='grc'><strong>11</strong></span> <span class='ocrx_word' id='word_1_889' title='bbox 3436 5601 3524 5672; x_wconf 82' lang='grc' dir='ltr'><strong>γὰρ</strong></span> <span class='ocrx_word' id='word_1_890' title='bbox 3549 5595 3719 5657; x_wconf 65' lang='grc' dir='ltr'>ιςῡιγγε·</span> 
     </span>
    </p>
   </div>
   <div class='ocr_carea' id='block_1_111' title="bbox 676 5780 2199 5860">
    <p class='ocr_par' dir='ltr' id='par_1_111' title="bbox 676 5780 2199 5860">
     <span class='ocr_line' id='line_1_111' title="bbox 676 5780 2199 5860; baseline 0.006 -24"><span class='ocrx_word' id='word_1_891' title='bbox 676 5780 894 5838; x_wconf 74' lang='lat' dir='ltr'><strong>“Jonn.</strong></span> <span class='ocrx_word' id='word_1_892' title='bbox 926 5787 1108 5855; x_wconf 79' lang='lat' dir='ltr'><strong>xtv,6.</strong></span> <span class='ocrx_word' id='word_1_893' title='bbox 1223 5789 1267 5820; x_wconf 76' lang='lat'><em>“</em></span> <span class='ocrx_word' id='word_1_894' title='bbox 1299 5786 1474 5845; x_wconf 80' lang='lat' dir='ltr'><strong>Calat.</strong></span> <span class='ocrx_word' id='word_1_895' title='bbox 1511 5804 1582 5860; x_wconf 37' lang='grc'><strong>111,</strong></span> <span class='ocrx_word' id='word_1_896' title='bbox 1619 5789 1708 5844; x_wconf 70' lang='lat'><strong>27.</strong></span> <span class='ocrx_word' id='word_1_897' title='bbox 1789 5791 1830 5822; x_wconf 55' lang='lat' dir='ltr'><strong>i’</strong></span> <span class='ocrx_word' id='word_1_898' title='bbox 1882 5790 1984 5846; x_wconf 63' lang='lat' dir='ltr'><strong>lsa.</strong></span> <span class='ocrx_word' id='word_1_899' title='bbox 2016 5806 2111 5856; x_wconf 80' lang='grc' dir='ltr'>ιιι,</span> <span class='ocrx_word' id='word_1_900' title='bbox 2149 5791 2199 5845; x_wconf 92' lang='grc'>7.</span> 
     </span>
    </p>
   </div>
  </div>
