4000 6554
247 365 389 429 12ὃῖ

1273 358 1663 421 COMMENT.
1694 357 1774 418 IN
1813 357 2053 417 El’IST.
2092 357 2192 417 AD
2231 354 2503 416 EPIIES.

3364 343 3506 410 12M

236 482 380 546 λιον,
414 477 640 551 είρήνην
686 475 786 548 μὲν
824 475 963 547 πρὸς
998 472 1088 529 τὸν
1119 472 1252 527 Θεὸν
1284 476 1450 539 ποιεῖ,
1493 471 1733 543 πόλεμον
1760 471 1817 524 δὲ

1960 470 2299 526 udivitauris
2327 479 2418 524 tua
2442 468 2510 523 “.
2544 484 2564 518 ι
2592 495 2654 508 --
2678 483 2696 518 ι
2734 460 3089 535 Evangelium
3123 460 3295 532 pacis.
3329 461 3505 514 mam

242 573 386 647 πρὸς
427 571 557 630 τοὺς
603 568 882 639 δαίμονας.
928 583 948 619 ι
990 567 1113 620 Ἐπὶ
1151 567 1320 620 πᾶσιν
1374 563 1757 626 ἀναλαϐόντες.
1799 580 1818 613 ι

243 667 341 719 Δεῖ
388 660 501 732 γὰρ
549 663 734 715 ικεῖνα
779 656 1165 730 προηγεῖσθαι.
1198 658 1390 711 Πίστιν
1418 656 1476 710 δέ
1510 673 1667 726 φησι,
1723 654 1825 724 τὴν

243 754 519 826 εἰλικρινῆ
574 752 671 809 καὶ
721 751 1008 822 διάπυρον,
1060 748 1191 819 περὶ
1227 741 1296 819 ἦς
1330 749 1359 800 ὁ
1400 745 1604 817 Κύριός
1636 759 1822 816 φησιν,

253 869 275 902 ι
323 849 451 903 Ἐὰν
493 847 657 918 ἔχητε
715 846 898 898 πίστιν
932 843 1010 907 ὡς
1033 842 1234 896 κόκκον
1295 840 1591 904 σινάπεως,
1648 840 1827 909 ἐρεῖτε

243 938 328 1010 τῷ
347 938 463 1008 ὅρει
484 936 682 1007 τούτῳ,
702 933 1009 1003 Μετάϐηθι,
1038 932 1135 987 καὶ
1168 929 1560 1002 μεταϐήσεται.
1597 946 1720 981 ι--ι
1745 926 1829 980 Τὰ

249 1028 382 1101 βέλη
430 1025 526 1082 τοῦ
577 1026 843 1096 πονηροῦ.
878 1044 898 1079 ι
961 1023 1101 1094 Βέλη
1151 1023 1306 1093 φησὶ,
1359 1022 1460 1085 τὰς
1505 1019 1825 1089 ἐπιθυμίας,

245 1122 377 1185 τοὺς
417 1119 739 1189 λογισμοὺς,
796 1116 924 1179 τοὺς
962 1113 1327 1187 πειρασμούς.
1381 1111 1582 1174 Καλῶς
1629 1111 1688 1165 δὲ
1743 1109 1824 1177 τδ,

249 1204 660 1283 Πεπυρωμένα.
715 1208 977 1263 Τοιαῦται
1023 1207 1134 1278 γὰρ
1180 1208 1237 1260 al.
1275 1206 1466 1260 ἄτοποι
1515 1201 1826 1272 ἐπιθυμίαι.

255 1325 277 1358 ι
312 1304 422 1360 Καὶ
454 1305 555 1375 τὴν
589 1302 1025 1374 περικεφαλαίαν
1049 1300 1146 1355 τοῦ
1177 1296 1469 1371 σωτηρίου.
1514 1316 1534 1349 s
1577 1295 1688 1365 Τῆς
1724 1312 1827 1347 σω-

249 1400 450 1469 τηρίας
482 1397 659 1469 ὑμῶν,
692 1396 960 1460 τουτέστι,
1015 1396 1115 1462 τῆς
1160 1391 1394 1454 ἑλπίδος.
1440 1389 1514 1442 Τὸ
1566 1389 1647 1453 δὲ,
1681 1407 1700 1439 ι
1736 1386 1833 1440 Δέ-

251 1492 520 1558 ξασθαι,›
584 1483 700 1544 οἷον
747 1489 977 1558 φορέσαι
1025 1487 1118 1542 καὶ
1170 1484 1429 1550 δέξασθαι
1476 1484 1542 1552 τῇ
1592 1480 1826 1550 κεφαλῇ.

256 1602 278 1636 ι
316 1585 429 1637 Καὶ
465 1582 566 1653 τὴν
603 1580 878 1652 μάχαιραν
904 1578 1001 1632 τοῦ
1034 1577 1364 1646 πνεύματος.
1403 1592 1423 1625 s
1458 1571 1527 1625 Ἦ
1556 1571 1617 1625 τδ
1659 1569 1829 1625 πνεῦ-

256 1695 334 1748 μα
358 1673 810 1747 περιφραστικῶς
839 1672 1053 1743 εἴρηκε,
1105 1671 1194 1724 διὰ
1240 1669 1300 1721 τὸ
1347 1666 1513 1738 τομὸν
1549 1666 1644 1720 καὶ
1678 1680 1831 1735 μερι-

1929 563 2284 633 Evangelium
2320 576 2506 632 pacem
2539 558 2758 630 quidem
2783 572 2912 628 crga
2926 556 3096 611 Deum
3126 554 3277 618 facit,
3305 554 3506 609 bellum

1928 669 2059 709 vero
2080 654 2374 709 adversum
2409 651 2708 708 daemones.
2739 669 2758 701 ι
2779 648 2956 718 Super
2971 647 3155 703 omnia
3170 652 3452 715 assumpto
3487 663 3507 696 ι

1928 743 2156 815 Oportet
2169 745 2312 798 enim
2332 744 2423 797 illa
2439 741 2779 811 praecedere.
2812 739 3000 796 Fidem
3019 747 3201 795 autem
3233 739 3365 793 dicit
3392 737 3513 793 sin-

1929 849 2111 892 ceram
2126 849 2191 890 ac
2217 833 2537 898 ferventem,
2568 832 2636 888 de
2658 847 2765 902 qua
2780 834 2857 886 ait
2879 830 3141 887 Dominus
3168 846 3215 884 ιι
3234 829 3294 883 Si
3309 829 3515 884 habea-

1933 929 2001 982 tis
2029 926 2188 981 ﬁdem
2217 926 2360 981 sicut
2395 940 2625 996 granum
2655 923 2890 993 sinapis,
2919 923 3116 978 dicetis
3150 922 3323 977 monti
3344 922 3472 975 huic
3498 942 3512 975 :

1930 1018 2150 1083 Transi,
2171 1025 2228 1074 et
2244 1015 2917 1073 transibit“.i—-dacula
2937 1015 3060 1069 mali
3094 1015 3263 1070 illius.
3288 1033 3306 1065 ι
3327 1014 3516 1069 Jacula

1928 1117 2088 1163 vocat
2133 1108 2615 1177 concupiscentias
2644 1148 2660 1173 ,
2718 1107 3122 1178 cogitationes,
3162 1107 3512 1160 tentationcs.

1931 1200 1999 1255 Et
2031 1211 2181 1257 recte
2210 1201 2312 1265 ait,
2339 1199 2535 1269 lgnita.
2574 1199 2732 1254 Tales
2770 1200 2917 1255 enim
2953 1206 3083 1253 sunt
3118 1197 3365 1251 absurda:
3389 1211 3520 1250 cou-

1930 1294 2306 1364 cupiscentiae.
2342 1313 2359 1346 ι
2378 1291 2711 1362 Galeamque
2729 1292 3041 1348 salutaris»
3070 1289 3273 1345 Salutis
3295 1298 3518 1350 nostrm,

1932 1385 2036 1442 hoc
2060 1397 2145 1443 est
2172 1386 2311 1457 spei.
2342 1386 2507 1453 Quod
2534 1397 2719 1445 autem
2752 1385 2849 1450 ait,
2887 1403 2905 1436 ι
2945 1384 3332 1455 Suscipiendo,
3371 1403 3388 1435 ι
3414 1383 3520 1435 huc

1929 1487 2035 1543 est,
2061 1477 2381 1548 accipiendo
2410 1484 2464 1530 et
2502 1475 2771 1548 gestando
2797 1477 2852 1530 in
2876 1476 3072 1545 capite.
3138 1494 3155 1526 ι
3187 1474 3250 1528 Ει
3281 1474 3521 1545 gladium

1932 1569 2181 1639 spiritus.
2225 1586 2245 1619 ι
2282 1567 2394 1622 Aut
2441 1565 2747 1637 periphrasi
2793 1565 2932 1621 dixit
2991 1565 3245 1635 spiritum
3299 1564 3521 1634 ipsum,

1934 1666 2161 1729 prapter
2200 1657 2525 1712 incisionem
2576 1672 2675 1710 seu
2732 1655 3060 1711 divisionem
3113 1656 3522 1710 contrariorum

254 1746 443 1820 στικὸν
477 1746 587 1818 τῶν
639 1761 899 1816 ἐναντίων
956 1761 1147 1825 ἕξεων,
1205 1758 1239 1828 ἢ
1301 1754 1400 1827 τὴν
1452 1751 1830 1823 πνευματικήν

1958 1751 2226 1804 ιοιιίιιιυιη
2263 1765 2276 1803 :
2336 1756 2430 1803 aut
2464 1748 2808 1818 spiritualem
2842 1747 3009 1801 vitam
3043 1760 3108 1802 ac
3147 1746 3529 1802 conversatio-

256 1856 404 1927 ζωὴν
433 1856 529 1910 καὶ
574 1854 874 1920 πολιτείαν,
922 1853 1047 1923 ἥτις
1102 1850 1177 1911 ὡς
1231 1848 1477 1920 μάχαιρα
1525 1845 1833 1916 ἐνεργήσει,

255 1951 416 2021 φησι,
448 1949 591 2005 κατᾶ
618 1948 729 2001 τῶν
762 1945 968 2016 νοητῶν
999 1945 1229 2016 ἐχθρῶν.
1277 1943 1350 1997 Ἢ
1378 1943 1459 1995 ὅτι
1502 1941 1571 1995 τὰ
1592 1955 1836 2007 πνευμα-

252 2043 387 2095 τικὰ
404 2082 422 2110 ,
463 2040 637 2111 φησὶ,
693 2039 1027 2110 χαρίσματα,
1062 2034 1207 2104 ἆπερ
1227 2034 1344 2088 ἐστὶ
1366 2032 1455 2088 διὰ
1481 2035 1722 2105 ῥήματος
1744 2029 1837 2084 καὶ

254 2132 679 2202 προστάγματος
704 2129 864 2184 Θεοῦ.
891 2158 958 2170 -
975 2125 1309 2201 [OIKOYAL]
1326 2127 1393 2179 "H
1422 2122 1695 2195 tb,"01rsp
1721 2120 1838 2176 ἐστὶ

257 2224 413 2295 ῥῆμα
443 2221 600 2287 Θεοῦ,
634 2219 713 2290 τῷ
735 2222 886 2274 κάτω
915 2217 1263 2283 συζευκτέον,
1294 2217 1381 2269 ἵνα
1460 2213 1837 2283 οῦτως,”οπερ

257 2312 379 2364 ἐστὶ
408 2311 562 2381 ῥῆμα
591 2308 729 2364 Θεοῦ
781 2308 876 2363 καὶ
925 2308 1277 2379 πρόσταγμα,
1312 2305 1492 2370 τοῦτο,
1532 2305 1687 2374 φησι,
1719 2320 1839 2358 ποι-

257 2408 394 2460 εῖτε.
456 2407 654 2469 Ποῖονς
705 2402 805 2455 Διὰ
862 2400 1045 2467 πάσης
1073 2399 1386 2470 προσευχῆς
1445 2398 1540 2450 καὶ
1598 2397 1839 2467 δεήσεως

260 2496 693 2568 προσευχόμενοι
727 2494 816 2548 ἴνα
841 2489 962 2565 ἦτε,
994 2492 1179 2562 φησιν.
1222 2491 1295 2544 Ἦ
1327 2492 1471 2545 κατὰ
1504 2488 1565 2543 τδ
1598 2490 1840 2559 ἐνεργεῖν

260 2591 363 2645 καὶ
393 2589 616 2659 τέμνειν
643 2588 712 2642 τὰ
759 2584 1109 2654 πνευματικὰ
1139 2583 1478 2656 χαρίσματα,
1524 2580 1677 2651 ῥῆμά
1722 2581 1838 2636 ἐστι

257 2679 420 2734 Θεοῦ.
448 2677 726 2749 Τμητικδν
755 2677 863 2748 γὰρ
892 2676 955 2729 τὸ
990 2676 1143 2747 ῥῆμα
1166 2659 1259 2728 τοῦ
1295 2673 1452 2728 Θεοῦ.
1472 2674 1671 2738 Ὀὕτως
1701 2676 1835 2744 μᾶλ-

258 2774 355 2826 λον
391 2773 485 2827 καὶ
518 2773 546 2824 ὁ
608 2771 884 2843 μακάριος
951 2768 1226 2837 Ἰωάννης.
1279 2767 1377 2821 Διὰ
1429 2768 1538 2837 γὰρ
1595 2768 1841 2838 ῥήματος

259 2863 402 2916 θεοῦ
441 2862 748 2915 ἐπετελεῖτο
803 2861 873 2914 τὰ
909 2859 1244 2929 χαρίσματα.
1303 2875 1322 2909 ι
1353 2859 1468 2912 Πᾶν
1507 2858 1616 2928 γὰρ
1666 2858 1694 2910 ὃ
1746 2858 1841 2910 ὲὰν

261 2956 551 3026 αἰτήσητε,
580 2952 766 3024 φησὶν,
786 2952 842 3005 ὲν
888 2950 966 3022 τῷ
1017 2949 1243 3021 ὀνόματί
1287 2967 1410 3020 μου,
1442 2948 1602 3003 δώσει
1634 2951 1785 3019 ὑμῖν,
1817 2967 1835 3001 ι

262 3046 434 3118 φησὶν
471 3048 500 3099 ὁ
535 3044 793 3117 Χριστός.

340 3140 820 3208 Προσευχόμενοι
861 3136 931 3190 ἐν
973 3133 1152 3190 παντὶ
1200 3132 1382 3202 καιρῷ
1421 3132 1492 3187 ἐν
1527 3132 1840 3201 πνεύματι,
1881 3169 1926 3229 c

262 3231 366 3286 καί
391 3232 481 3295 είς
502 3230 648 3283 αὐτὸ
676 3227 851 3283 τοῦτο
879 3225 1330 3296 ἀγρυπνοῦντες
1355 3223 1426 3277 ἐν
1453 3222 1622 3290 πάσῃ
1666 3234 1856 3291 προσ-

263 3322 623 3391 καρτερήσει
686 3320 782 3373 καί
815 3318 1021 3386 δεήσει
1066 3318 1199 3386 περί
1232 3314 1476 3370 πάντων
1518 3314 1637 3368 τῶν
1673 3315 1858 3379 ἁγίων

267 3418 371 3473 καὶ
397 3415 545 3483 ὑπὲρ
578 3414 746 3484 ἐμοῦ,
777 3414 877 3466 ἵνα
899 3428 1002 3482 μοι
1040 3412 1242 3477 δοθείη
1289 3410 1473 3477 λόγος
1516 3407 1586 3461 ἐν
1627 3407 1857 3471 ἀνοίξει

267 3511 380 3568 τοῦ
410 3508 709 3578 στόματός
743 3523 864 3576 μου
906 3505 976 3561 ἐν
1003 3502 1314 3573 παρρησίᾳ
1343 3502 1631 3571 γνωρίσαι
1648 3501 1719 3565 ,τὸ
1743 3518 1858 3569 μυ-

268 3604 529 3671 στήριον
572 3599 681 3655 τοῦ
709 3600 1105 3669 Εὐαγγρλίου,
1138 3595 1293 3663 ὑπὲρ
1338 3591 1412 3652 οὗ
1445 3594 1754 3664 πρεσϐεύω
1790 3592 1860 3648 ἐν

271 3698 516 3760 ἁλύσει,
548 3694 650 3749 ἵνα
676 3693 747 3747 ἐν
777 3690 939 3759 αὐτῷ
983 3688 1490 3759 παρρησιάσωμαι
1538 3687 1621 3753 ὡς
1660 3683 1755 3739 δεῖ
1782 3700 1860 3755 με

268 3788 570 3859 λαλῆσαι.

349 3882 504 3937 Μετὰ
536 3878 597 3934 τὸ
627 3874 956 3933 καθοπλίσαι
975 3873 1069 3928 τδν
1094 3872 1340 3944 βασιλέα,
1373 3870 1564 3924 λοιπὸν
1587 3869 1746 3923 καλεῖ
1773 3868 1860 3922 ἵνα

273 3975 356 4046 δῷ
407 3979 586 4045 χεῖρα.
648 3990 667 4023 ι
714 3970 802 4022 Ἐν
851 3967 1146 4037 πνεύματι.
1189 3983 1207 4017 ι
1246 3963 1339 4033 Μὴ
1371 3964 1428 4017 ὲν
1462 3960 1857 4031 βαττολογίαις.

284 4087 306 4120 ι
350 4066 460 4122 Καὶ
494 4068 574 4126 εἰς
618 4061 748 4116 αὐτὸ
777 4056 1206 4130 ἀγρυπνοῦντες.
1246 4074 1265 4108 ›
1303 4054 1507 4123 Μηδὲν,
1569 4052 1726 4121 φησι,
1765 4050 1863 4125 ῥᾴ-

278 4158 458 4228 Θυμον
488 4157 520 4227 ἢ
553 4152 922 4225 ἠμελημένον.
959 4169 978 4203 ι
1021 4148 1133 4203 Καὶ
1185 4146 1328 4216 ὑπὲρ
1375 4142 1563 4215 ἐμοῦ.»
1611 4143 1721 4195 Καὶ
1754 4143 1862 4211 γὰρ

278 4252 379 4307 καὶ
397 4251 490 4304 τὸν
515 4250 739 4319 Πέτρον,
773 4245 967 4315 φησιν,
1001 4244 1036 4315 ή
1065 4239 1199 4311 εὐχή
1219 4239 1316 4308 τῆς
1354 4233 1678 4306 Ἐκκλησίας
1707 4233 1860 4286 ἔλυσε

276 4343 391 4398 τῶν
437 4340 677 4409 δεσμῶν.
734 4356 754 4389 ι
799 4337 888 4389 Ἐν
948 4332 1152 4399 ἀνοίξει
1199 4328 1294 4384 τοῦ
1352 4329 1621 4399 στόματός
1679 4343 1801 4396 μου.
1837 4343 1856 4375 ι

278 4433 481 4496 Καλῶς
515 4432 597 4497 τὸ,
638 4428 887 4493 Ἀνοίξει.
920 4425 1056 4480 Οὐδὲ
1088 4424 1197 4494 γὰρ
1264 4418 1609 4491 προεμελέτα
1665 4416 1717 4471 τί
1768 4415 1863 4468 λα-

278 4528 461 4598 λήσει,
507 4520 730 4594 Χριστῷ
776 4518 1118 4589 πειθόμενος,
1155 4514 1270 4568 at):
1300 4513 1359 4577 ἐξ
1388 4509 1650 4578 ὑπογυίου
1680 4506 1777 4560 καὶ
1809 4507 1865 4560 ὲν
1899 4500 1941 4555 D

276 4616 529 4689 αὐτῷτῷ
554 4613 766 4679 ἀνοῖξαι
791 4612 852 4665 τὸ
882 4610 1074 4678 στόμα,
1093 4606 1293 4675 ὀλόγος
1321 4602 1539 4674 προῄει.
1577 4600 1695 4654 «Ἐν
1724 4600 1870 4669 παρο

282 4710 455 4783 ῥησίᾳ
479 4704 770 4777 γνωρίσαι.
809 4700 938 4770 »ΑἪ
968 4698 1060 4752 ἵνα
1091 4699 1149 4751 ὲν
1181 4692 1471 4783 παρρησίᾳ.
1517 4689 1872 4783 ἀπολογήσω-

285 4774 442 4873 μαι.-
479 4774 549 4851 Ἦ
598 4774 687 4850 ίνα
749 4789 1211 4860 εὐαγγελίζωμαι.
1288 4804 1307 4837 ι
1354 4782 1527 4854 ’Υπὲρ
1581 4774 1643 4835 οὗ
1739 4795 1875 4849 πρε-

284 4870 520 4950 σϐεύω.»
572 4889 743 4958 ’Υπὲρ
775 4880 837 4941 οῦ
872 4882 1206 4951 Εὐαγγελίου
1236 4875 1528 4950 πρεσϐεύω
1566 4873 1704 4943 πρὸς
1746 4870 1874 4933 τοὺς

282 4984 635 5056 ἀνθρώπως,
695 4979 806 5044 ἵνα,
855 4975 1045 5046 φησὶν,
1104 4970 1255 5039 αὑτῷ
1305 4970 1402 5023 καὶ
1452 4968 1566 5029 τοῖς
1613 4965 1670 5018 ὲν
1723 4960 1872 5029 αὐτῷ

283 5055 728 5144 καταλλαγῶσιν.
756 5088 775 5124 ι
824 5068 995 5137 ’Υπὲρ
1036 5061 1278 5136 Χριστοῦ
1316 5061 1425 5131 γὰρ
1451 5098 1467 5124 ,
1522 5055 1657 5127 φησι
1684 5095 1699 5121 ,
1748 5069 1876 5124 πρε-

287 5170 581 5241 σϐεύομεν.
608 5185 629 5221 s
649 5195 718 5208 --
747 5182 766 5217 ι
790 5163 908 5217 Ἵνα
937 5162 993 5214 ὲν
1028 5156 1176 5227 αὐτῷ
1212 5150 1707 5225 παρρησιάσωμαι,
1745 5166 1765 5199 ι
1786 5146 1875 5241 ἐν

285 5237 511 5337 δεσμοίς
548 5259 639 5335 ἦν,
666 5261 761 5316 καὶ
790 5252 1181 5324 ἀπολογεῖσθαι
1208 5246 1435 5337 ἔμελλεν
1458 5244 1546 5337 ίνα
1570 5241 1685 5308 οῦν,
1718 5237 1878 5337 φησι,

289 5330 432 5430 μετα
464 5330 801 5427 παρρησίας,
832 5347 928 5403 καὶ
968 5342 1143 5406 οὕτως
1180 5341 1254 5404 ὡς
1295 5336 1404 5410 χρὴ
1431 5336 1522 5389 τὸν
1549 5334 1689 5403 ὑπὲρ
1713 5330 1868 5401 τηλια

287 5449 504 5508 κούτων
524 5444 999 5516 ἀπολογούμενον,
1026 5435 1481 5505 ἀπολογήσωμαι.

363 5627 490 5681 Ἵνα
509 5624 577 5678 δὲ
592 5621 789 5692 είδῆτε
819 5617 917 5674 καί
939 5614 1099 5686 ὑμεῖς
1133 5611 1206 5665 τὰ
1235 5607 1364 5662 κατ’
1392 5603 1499 5675 ἐμὲ
1516 5603 1573 5657 τί
1592 5600 1866 5679 πράσσω,

287 5826 343 5876 v,
368 5809 459 5865 ει).

1912 1857 2089 1913 ⁷ιιοιιι,
2122 1855 2243 1911 qua:
2272 1839 2420 1895 velut
2440 1838 2655 1909 gla.tius
2684 1836 2980 1892 clﬁcaciam
3018 1837 3235 1893 habebit
3265 1838 3529 1892 adversus

1943 1933 2264 2004 spirituales
2313 1931 2570 1988 inimicos
2605 1949 2619 1986 :
2661 1939 2756 1985 aut
2780 1930 3101 1999 spiritualia
3138 1926 3318 2000 inquit
3361 1931 3527 1992 dona,

1943 2039 2064 2094 quae
2095 2032 2226 2080 sunt
2258 2038 2355 2094 per
2384 2021 2608 2078 verbum
2634 2034 2699 2077 ac
2718 2020 2933 2091 iussum
2969 2019 3085 2075 Dei.
3110 2049 3182 2063 η-
3204 2022 3331 2076 Aut.
3368 2019 3449 2087 Qu
3492 2020 3528 2075 d

1941 2124 2027 2173 est
2053 2116 2277 2172 verbum
2312 2114 2428 2180 Dei,
2458 2113 2794 2184 jungendum
2823 2123 2909 2168 est
2947 2112 3325 2183 sequentibus,
3358 2123 3417 2166 ut
3451 2113 3525 2167 sit

1943 2225 2180 2265 sensus:
2232 2208 2389 2274 Quod
2419 2216 2503 2264 est
2538 2208 2760 2262 verbum
2790 2221 2854 2260 ac
2892 2213 3222 2275 praeceptum
3263 2206 3375 2270 Dei,
3426 2206 3528 2261 hoc

1945 2305 2128 2359 facim.
2154 2302 2439 2369 Quodnam
2465 2300 2596 2355 illud
2623 2298 2749 2355 est?
2775 2297 2848 2354 Ut
2878 2298 3003 2354 sitis
3033 2307 3254 2352 orantes
3288 2313 3383 2366 per
3412 2313 3530 2350 om-

1945 2413 2066 2452 nem
2103 2394 2541 2466 deprecationem
2571 2399 2629 2447 et
2655 2392 2990 2447 orationem.
3020 2390 3126 2443 Aut
3180 2389 3233 2443 in
3285 2403 3350 2443 co
3381 2388 3529 2460 quod

1942 2496 2029 2542 est
2071 2486 2369 2541 cllicaciam
2407 2484 2611 2540 habere
2642 2498 2706 2538 ac
2745 2497 2934 2538 secare
2970 2482 3277 2550 spiritualia
3333 2482 3473 2534 dolia
3512 2519 3528 2543 ,

1945 2580 2170 2634 verbum
2201 2588 2284 2633 est
2314 2576 2408 2633 Dei
2436 2583 2553 2632 :est
2579 2576 2724 2631 enim
2750 2576 2975 2629 verhum
3004 2573 3094 2628 Dei
3121 2574 3530 2627 divisit"!me

1945 2672 2126 2738 potius
2183 2667 2440 2739 intelligit
2489 2680 2708 2736 quoque
2746 2665 2938 2719 beatus
2969 2662 3231 2718 Joannes.
3264 2661 3399 2717 Nam
3440 2677 3536 2732 per

1944 2759 2169 2814 verbum
2203 2758 2291 2813 Dei
2310 2756 2932 2830 perﬁciebmturdona.t
2958 2754 3012 2809 Si
3031 2755 3249 2825 quidem
3270 2752 3533 2825 quidquid

1948 2848 2215 2920 petieritis
2234 2863 2332 2920 per
2379 2862 2576 2902 nomen
2620 2860 2801 2901 meum
2827 2845 2979 2926 dabit
3006 2843 3186 2909 vobis,
3218 2861 3239 2896 ι
3274 2845 3351 2913 ait
3373 2843 3532 2899 Chri-

1948 2948 2068 2997 stus
2093 2940 2160 2996 “.

2027 3116 2115 3182 Vl,
2152 3116 2337 3173 l8-20.
2370 3115 2598 3172 Orontes
2634 3116 2778 3170 omni
2806 3125 3032 3185 tempore
3066 3113 3120 3168 in
3141 3114 3354 3183 spiritu,
3386 3122 3435 3168 et
3467 3114 3537 3167 ad

1956 3211 2053 3265 hoc
2084 3217 2257 3280 ipsum
2286 3210 2561 3280 vigilantes
2591 3223 2709 3262 cum
2741 3208 2884 3261 omni
2910 3206 3193 3261 sedulitate
3215 3215 3262 3260 et
3293 3205 3541 3274 depreca—

1958 3306 2096 3359 tione
2134 3319 2232 3374 pro
2268 3302 2509 3357 omnibus
2542 3303 2743 3355 sanctis
2770 3309 2819 3354 et
2855 3315 2950 3365 pro
2983 3316 3084 3358 me.
3121 3309 3178 3352 ιιι
3221 3298 3352 3351 mihi
3387 3299 3541 3351 detur

1956 3412 2128 3451 sermo
2164 3396 2221 3448 in
2264 3394 2535 3463 apertione
2576 3393 2684 3446 oris
2716 3392 2818 3445 mei
2850 3406 2870 3445 :
2918 3401 2974 3443 ut
3005 3405 3125 3445 cum
3164 3388 3407 3443 libertate
3431 3389 3543 3460 ϐο

1958 3495 2136 3540 notum
2165 3484 2362 3558 faciam
2394 3482 2704 3553 mysterium
2733 3478 3029 3552 Evangelii,
3061 3496 3156 3547 pro
3188 3495 3290 3547 quo
3314 3477 3544 3547 legatio-

1959 3593 2022 3631 ne
2065 3578 2258 3645 [ungor
2300 3576 2357 3628 in
2401 3584 2612 3639 catena,
2668 3584 2725 3628 ut
2773 3573 2829 3628 in
2867 3589 2927 3628 ea
2975 3572 3138 3625 libere
3184 3571 3375 3641 loquar
3406 3569 3544 3623 sicut

1961 3681 2161 3742 oportet
2197 3686 2278 3723 me
2303 3668 2473 3739 loqui.

2032 3849 2329 3918 Postquam
2354 3843 2589 3899 armavit
2616 3857 2819 3913 regem,
2858 3848 3261 3909 consequenter
3286 3844 3447 3894 vocat
3485 3845 3546 3891 ut

1961 3940 2049 3996 det
2076 3955 2320 3994 manum.
2362 3955 2380 3988 ι
2416 3935 2472 3989 lu
2508 3935 2726 4004 spiritu.
2768 3951 2787 3983 ›
2824 3931 2944 3985 Non
2975 3931 3027 3984 in
3054 3929 3369 4000 battologiis
3397 3967 3412 3994 ,
3448 3937 3545 3982 aut

1960 4032 2251 4088 verborum
2277 4025 2644 4096 multiloquio.
2702 4041 2722 4075 ι
2758 4021 2825 4075 Et
2861 4022 3056 4077 adhoc
3099 4021 3275 4091 ipsum
3315 4020 3549 4089 vigilan-

1962 4132 2065 4179 tes.
2096 4141 2114 4175 ι
2138 4121 2302 4184 Nihil,
2325 4118 2522 4186 inquit,
2560 4130 2727 4186 segne
2766 4124 2858 4171 aut
2904 4112 3231 4181 neglectum.
3286 4128 3306 4161 ι
3344 4108 3408 4162 Et
3450 4124 3550 4179 pro

1963 4231 2069 4269 me.
2109 4232 2127 4265 ι
2168 4212 2381 4269 Etenim
2416 4191 2634 4264 Petrum
2691 4220 2911 4276 quoque
2938 4202 3197 4257 Ecclesia:
3226 4202 3403 4254 oratio
3437 4201 3550 4255 sol-

1962 4307 2042 4360 vit
2081 4321 2110 4359 a
2153 4304 2390 4359 vinculis
2415 4302 2484 4355 “.
2534 4319 2554 4353 ι
2587 4302 2647 4353 ln
2686 4298 2972 4369 apertione
3001 4294 3116 4350 oris
3153 4292 3280 4348 mei.
3312 4311 3332 4344 ι
3380 4291 3551 4346 Recte

1967 4401 2041 4452 ait
2072 4415 2085 4452 :
2120 4397 2174 4451 ln
2200 4395 2501 4467 apertione.
2528 4392 2717 4462 Neque
2734 4389 2880 4445 enim
2908 4384 3392 4457 praemeditabatur
3419 4383 3549 4454 quid

1969 4489 2255 4544 locuturus
2306 4490 2473 4549 esset,
2517 4481 2743 4537 Christo
2796 4478 3183 4545 obtemperans
3214 4473 3258 4505 "
3293 4490 3309 4527 :
3358 4474 3453 4528 sed
3483 4486 3552 4527 ex

1971 4579 2225 4650 proximo
2252 4583 2308 4630 et
2344 4577 2396 4629 in
2428 4588 2492 4628 eo
2522 4574 2643 4642 ipso
2676 4583 2786 4640 quo
2824 4582 2887 4623 os
2922 4566 3184 4637 aperiret,
3222 4577 3404 4619 sermo
3427 4576 3557 4633 pro-

1973 4670 2220 4726 cedebat.
2255 4685 2277 4720 ι
2312 4665 2384 4722 Ut
2423 4680 2547 4720 cum
2592 4662 2840 4717 libertate
2880 4666 3069 4712 notum
3105 4654 3324 4709 faciam.
3369 4672 3389 4707 ι
3420 4653 3552 4717 Aut,

1977 4762 2049 4818 Ut
2085 4775 2212 4817 eum
2263 4759 2512 4813 libertate
2544 4767 2646 4826 pro
2695 4769 2783 4810 me
2820 4763 3042 4807 causam
3080 4747 3300 4809 dicam;
3333 4757 3425 4801 aut
3453 4745 3557 4802 :Et

1975 4853 2265 4928 praedicent
2309 4848 2684 4918 Evangelium.
2733 4861 2754 4897 ι
2798 4842 2904 4898 Pro
2955 4855 3067 4912 quo
3116 4839 3388 4909 legatione
3427 4837 3558 4891 l’un-

1976 4966 2091 5022 gor.
2136 4968 2153 5001 ι
2190 4947 2295 5002 Pro
2327 4960 2437 5016 quo
2465 4940 2759 5015 Evangelio
2803 4938 3075 5008 legatione
3114 4934 3312 5005 iungor
3355 4933 3423 4987 ad
3459 4934 3559 4987 ho-

1976 5045 2156 5098 mines
2196 5050 2254 5096 ut
2297 5040 2399 5110 ipsi
2448 5046 2503 5095 et
2541 5038 2627 5092 bis
2657 5049 2778 5106 quae
2806 5034 2861 5088 in
2895 5047 2962 5088 eo
2990 5030 3281 5094 habentur,
3310 5026 3560 5083 reconci-

1976 5139 2199 5195 lientur.
2264 5152 2282 5185 ι
2334 5131 2470 5187 Nam
2520 5145 2620 5200 pro
2677 5126 2937 5191 Christo,
3001 5122 3220 5192 inquit,
3288 5120 3560 5190 legatione

1976 5229 2259 5301 fungimur
2288 5225 2356 5279 ⁸⁸.
2396 5242 2415 5276 ι
2459 5252 2530 5263 -
2570 5239 2590 5273 ι
2647 5218 2714 5274 Ut
2757 5218 2811 5272 in
2858 5232 2923 5273 eo
2960 5216 3130 5271 libere
3178 5214 3391 5285 loquar.
3434 5228 3455 5262 ι
3499 5209 3557 5263 lu

1979 5321 2219 5378 vinculis
2239 5327 2359 5374 erat
2387 5326 2440 5372 et
2472 5330 2571 5384 pro
2598 5328 2656 5370 se
2691 5324 3079 5381 responsurus.
3122 5305 3195 5362 Ut
3236 5304 3402 5374 igitur
3432 5314 3558 5354 cum

1977 5417 2249 5477 libertate,
2275 5409 2484 5480 inquit,
2510 5420 2595 5461 me
2623 5420 2844 5475 purgem
2870 5443 2884 5467 ,
2915 5410 2969 5457 et
2995 5402 3065 5454 ita
3095 5409 3155 5452 ut
3184 5400 3395 5466 oportet
3432 5404 3558 5447 eum

1977 5507 2070 5579 qui
2106 5501 2417 5573 hujusmodi
2449 5499 2517 5555 de
2551 5498 2718 5553 rebus
2741 5510 2965 5549 causam
2998 5492 3244 5546 dicturus
3275 5491 3380 5579 est.

2055 5592 2142 5656 VI,
2168 5589 2361 5646 ει-ὶι.
2392 5585 2458 5643 Ut
2483 5595 2660 5642 autem
2694 5583 2878 5639 sciatis
2902 5590 2949 5635 et
2977 5594 3065 5633 vos
3091 5590 3206 5645 quae
3237 5573 3305 5626 ad
3338 5587 3414 5624 me
3438 5584 3563 5640 ρει·-

360 5739 409 5770 ⁸³
447 5738 591 5796 Psal.
630 5683 763 5803 x,:7.
806 5732 857 5766 “
879 5683 1072 5787 Matth.
1100 5740 1233 5789 xvii,
1278 5721 1365 5776 l9.
1442 5718 1486 5751 "
1520 5715 1677 5773 Joan.
1710 5730 1823 5782 xvi,

2009 5710 2076 5787 f‘
2096 5712 2218 5767 Act.
2260 5723 2354 5774 xu,
2389 5704 2476 5763 ll.
2551 5699 2596 5733 ⁸⁷
2623 5698 2758 5756 Luc.
2785 5712 2899 5759 xxi,
2935 5692 3000 5749 Η
3030 5703 3183 5760 seqq.
3286 5683 3332 5719 ⁸⁸
3361 5684 3399 5739 ll
3432 5683 3559 5769 Cor.
