4000 6586
573 355 709 422 teat
1641 350 2041 414 CECUMENII
2075 348 2368 409 Tomos
2401 348 2744 408 EPISCOPI
3643 355 3737 422 me

575 474 736 529 nobis
761 471 1024 527 adversus
1051 470 1152 527 bos
1181 471 1348 536 lucta,
1383 485 1490 526 non
1523 470 1588 525 de
1625 471 1809 540 parvis
1831 467 2153 538 quibusdam

2184 471 2232 528 Α
2272 465 2418 518 Ὠσεὶ
2470 465 2690 532 ἔλεγε-ι’
2735 464 2893 518 Ἔστι
2922 465 2978 517 δὲ
3019 465 3114 518 καὶ
3143 466 3271 535 ἡμῖν
3323 467 3354 535 ὴ
3415 470 3533 537 πρὸς
3575 475 3739 543 τούτους

573 564 760 626 rebus.
798 564 890 618 sed
925 578 1024 632 pro
1057 565 1221 615 rebus
1254 577 1377 631 qua:
1406 569 1536 615 sunt
1565 561 1618 615 in
1647 560 1964 616 cmlestihus
1995 575 2008 612 :
2048 557 2151 611 hoc

2260 558 2427 627 πάλη,
2452 559 2516 610 οὐ
2549 557 2676 626 περὶ
2715 556 2926 626 μικρῶν
2965 573 3150 616 τινων.
3180 557 3293 610 ἀλλ’
3323 558 3454 628 ὑπὶρ
3483 562 3574 614 τῶν
3601 567 3740 634 ἐντοῖς

572 665 658 710 est
685 668 784 724 pro
808 668 975 722 regno
999 654 1260 706 caelorum
1290 663 1342 707 et
1367 652 1678 722 adoptione.
1705 651 1914 706 Idcirco
1939 650 2152 704 sobrios

2260 651 2603 720 ἐπουρανίοις
2648 650 3012 720 πραγμάτιον,
3066 644 3176 702 οἷον
3233 649 3496 718 βασιλείας
3542 655 3739 724 copem,

574 762 699 800 esse
729 760 792 798 ac
830 743 1058 814 vigilare
1092 753 1327 814 oportet.
1360 743 1456 798 Est
1491 751 1669 798 autem
1702 742 1923 812 propria
1955 742 2154 796 dictio-

2259 745 2356 796 καὶ
2415 741 2708 804 υἱοθεσίας.
2767 741 2858 794 Διδ
2887 742 3082 810 νήφειν
3124 743 3251 812 χρή.
3332 742 3392 795 Ἠ
3439 744 3492 796 δὲ
3545 747 3742 814 ἀντίλεξις

579 853 707 892 num
740 837 1250 906 correspondentia.
1278 836 1505 904 Propter
1527 833 1998 903 cmicstiajnquit.
2022 833 2156 886 Nam

2261 834 2467 898 ίδικῶς.
2509 834 2608 887 Διὰ
2647 835 2714 888 τὰ
2761 834 3062 906 ἐπουράνιά
3093 851 3244 904 φησι.
3297 835 3369 887 Τὸ
3412 837 3510 905 γὰρ
3557 839 3631 902 ἐν,
3679 843 3743 896 διὰ

582 931 661 994 ὲν,
695 930 744 984 id
783 935 866 984 est
893 930 970 995 in,
1002 930 1218 1000 Capitur
1235 944 1333 999 pro
1360 929 1469 992 διά,
1499 929 1548 982 id
1582 935 1664 982 est
1690 937 1923 994 propter.
1968 944 1986 976 ι
2013 926 2160 991 Qua-

2260 928 2428 980 ὲστίν.
2482 945 2500 978 ι
2539 927 2636 980 Διὰ
2690 926 2847 980 τοῦτο
2907 927 3224 982 ἀναλάϐετε.
3258 946 3276 978 ι
3347 929 3583 1001 Ἐπειδὴ,
3634 939 3740 1004 επεὶ,

577 1027 798 1088 pr0pter
844 1020 1131 1074 assumite.
1174 1038 1192 1070 ι
1245 1019 1560 1087 Quoniam,
1617 1019 1814 1089 inquit,
1867 1016 2155 1084 periculosi

573 1118 702 1163 sunt
755 1109 964 1164 hostes.
1017 1128 1036 1162 ι
1078 1109 1135 1163 In
1171 1109 1257 1164 die
1291 1109 1452 1164 malo.
1493 1128 1511 1163 ι
1554 1109 1705 1163 Diem
1755 1109 1956 1164 malum
2002 1113 2159 1160 vocat

574 1211 898 1268 praesentem
941 1203 1129 1266 vitam,
1183 1211 1405 1272 propter
1443 1217 1642 1272 pravas
1667 1201 1915 1255 actiones
1948 1214 2069 1269 qua:
2103 1200 2156 1253 in

573 1307 637 1347 ea
672 1301 798 1346 sunt
834 1309 847 1346 :
882 1292 990 1364 58
1034 1294 1330 1348 ostendens
1374 1294 1535 1347 breve
1577 1307 1697 1346 esse
1738 1291 1864 1346 belli
1921 1301 2156 1361 tempus,

573 1387 736 1440 etiam
778 1385 882 1438 hoc
931 1385 1090 1438 modo
1125 1393 1438 1456 promptum
1486 1385 1592 1440 illis
1628 1383 1838 1438 addens
1889 1384 2157 1437 animum.

581 1496 599 1531 ι
641 1479 708 1535 Ει
756 1479 1014 1534 omnibus
1068 1479 1298 1534 devictis
1354 1488 1522 1535 stare.
1567 1499 1585 1531 ι
1649 1477 1916 1533 Omnibus
1970 1492 2162 1547 nempe

575 1569 978 1632 aﬂectionibus,
999 1569 1480 1636 concupiscentiis.
1507 1587 1524 1620 ι
1555 1568 1808 1622 Devietis.
1833 1586 1851 1618 ι
1874 1567 2007 1621 Nam
2034 1583 2163 1622 κατ-

573 1661 943 1730 εργασάμενοι
995 1659 1212 1728 capitur
1266 1674 1364 1730 pro
1407 1658 1958 1731 καταπολεμήσαντες
1984 1701 2000 1723 ,
2060 1659 2164 1713 hoc
2261 1661 2406 1723 τινὲς
2438 1661 2531 1714 καὶ
2564 1659 2809 1730 λαμπροὶ⁵
2837 1659 2916 1730 τῷ
2953 1660 3226 1732 τροπαίῳ.
3255 1659 3442 1712 Πολλοὶ
3468 1661 3560 1732 γάρ
3581 1663 3684 1732 μετὰ
3704 1663 3743 1716 τὸ

571 1767 675 1820 est,
707 1753 959 1810 confecto
991 1754 1132 1808 bello
1161 1767 1224 1807 ac
1256 1751 1484 1806 devictis
1510 1752 1763 1806 hostibus
1807 1762 1976 1813 stare,
2033 1759 2151 1804 tan-

2263 1753 2504 1821 νικήσαι,
2543 1751 2705 1805 πάλιν
2740 1753 2953 1806 ἔπεσον.
3000 1751 3139 1804 Ἀλλ’
3197 1751 3287 1804 ⁶ιῖνα
3333 1753 3536 1821 ὲνστῆτε
3570 1756 3740 1824 τῇνϋιῃ.

572 1861 736 1916 quam
767 1847 817 1900 lii
840 1846 933 1916 qui
959 1846 1239 1900 victoriam
1271 1853 1644 1916 reportarunt,
1662 1855 1716 1902 et
1743 1847 1987 1916 trophaeo
2007 1846 2143 1901 clari
2186 1854 2337 1901 sunt.
2376 1846 2527 1901 Multi
2559 1847 2704 1900 enim
2739 1855 3028 1916 postquam
3072 1847 3345 1911 vicerunt,
3408 1862 3597 1902 rursum
3646 1849 3743 1902 ceci-

571 1938 791 1992 derunt.
826 1936 930 1990 Sed
961 1945 1018 1990 ut
1053 1937 1104 1990 in
1137 1937 1358 1992 victoria
1389 1937 1722 2007 persistatis.

644 2031 734 2097 Vl,
780 2032 966 2087 M-l8.
1002 2029 1152 2086 State
1184 2031 1350 2101 igitur
1387 2031 1580 2085 lumbis
1619 2032 1802 2086 vestris
1842 2032 2154 2085 circumein-
2188 2041 2224 2095 Β

2188 2041 2228 2095 Β
2327 2030 2515 2098 Eri-“its
2550 2025 2662 2086 οὖν
2702 2027 3160 2098 περιζωσάμενοι
3195 2025 3310 2093 τὴν
3338 2026 3520 2096 ὀσφὺν
3552 2027 3744 2097 ὐμῶν-ἐν

574 2128 673 2180 ctis
703 2125 908 2180 baltheo
940 2141 1030 2194 per
1062 2125 1362 2190 veritatem,
1402 2133 1450 2179 et
1487 2124 1660 2178 induti
1697 2125 1962 2178 thoracem
1992 2124 2154 2192 justi.

2160 2153 2164 2167 ν
2259 2125 2532 2192 ἀληθείᾳ,
2572 2124 2668 2176 καί
2704 2120 3103 2190 ἐνδυσάμενοι
3147 2119 3257 2174 τὸν
3308 2121 3523 2188 θώρακα
3569 2121 3654 2190 τῆς
3682 2122 3740 2175 δι.

572 2219 682 2282 tite,
711 2226 761 2273 et
794 2217 1018 2271 calceoli
1049 2216 1557 2284 pedibus,utparati
1588 2216 1704 2269 sitis
1726 2216 1793 2267 ad
1812 2213 2152 2286 Evangelium

2260 2216 2614 2284 xatoodmc,
2671 2214 2770 2268 καί
2825 2212 3279 2281 ὑποδυσάμενοι
3330 2212 3465 2278 τοὺς
3507 2213 3656 2278 πόδας
3695 2215 3742 2268 ἐν

569 2311 742 2380 pacis,
773 2325 928 2376 super
951 2310 1132 2362 omnia
1160 2318 1434 2376 assumpto
1469 2315 1619 2361 scuto
1644 2307 1788 2375 ﬁdei,
1815 2323 1916 2377 quo
1944 2308 2149 2374 possitis

2259 2309 2571 2378 ἑτοιμασίᾳ
2628 2308 2734 2362 τοῦ
2787 2307 3159 2374 Εὑαγγελιόυ
3218 2305 3329 2373 τῆς
3379 2306 3607 2373 είρήνης.
3653 2307 3741 2360 Ἐπί

573 2404 754 2455 omnia
781 2401 970 2470 jacula
999 2399 1129 2454 mali
1155 2400 1298 2453 illius
1330 2399 1497 2468 ignita
1527 2399 1860 2469 exstinguere
1887 2399 2153 2469 :galeam-

2261 2400 2454 2456 πᾶσιν
2487 2401 2894 2464 ἀναλαϐόντες
2924 2399 3035 2452 τόν
3073 2398 3296 2466 θυρεὸν
3325 2397 3430 2464 τῆς
3455 2399 3677 2465 πίστεως,
3696 2401 3741 2452 ἐν

2259 2484 2309 2561 ᾧ
2359 2490 2704 2556 δυνήσεσθε
2750 2489 2946 2542 πάντα
2976 2489 3049 2542 τὰ
3093 2488 3256 2556 ,βέλη
3299 2489 3400 2544 τοῦ
3447 2491 3662 2557 πονηροῦ
3693 2493 3738 2543 τὰ

2260 2582 2656 2652 πεπυρωμένα
2691 2582 2929 2644 σϐέσαι,
2962 2580 3060 2635 καί
3090 2580 3209 2646 τὴν
3239 2585 3652 2650 περικεφαλαίαν
3672 2581 3738 2635 τοῦ

2271 1109 2517 1182 Ἦμέραν
2562 1110 2807 1180 πονηράν
2836 1109 2930 1163 τὸν
2968 1111 3210 1180 παρόντα
3244 1110 3397 1164 καλεῖ
3440 1110 3557 1180 βίον,
3593 1115 3660 1168 διὰ
3698 1119 3742 1171 τὰ

2261 1203 2318 1255 ὲν
2348 1201 2496 1270 αὐτῷ
2525 1200 2742 1271 πονηρά
2775 1200 3102 1271 πράγματα.
3134 1201 3348 1263 δεικνὺς
3383 1201 3568 1272 βραχὺν
3591 1205 3658 1256 τὸ.
3681 1209 3742 1260 τοῦ

2261 1292 2499 1362 πολέμου
2532 1293 2746 1363 καιρὸν,
2774 1295 2866 1346 καὶ
2893 1293 3065 1363 ταύτῃ
3099 1292 3404 1363 προθυμίαν
3426 1295 3585 1357 αὐτοῖς
3604 1296 3741 1361 διδούς.

2267 1385 2408 1438 (Καὶ
2458 1383 2672 1438 ἅπαντα
2721 1385 3192 1454 κατεργασάμενοι
3233 1385 3437 1453 στῆναι.
3475 1404 3491 1436 ι
3541 1387 3741 1450 Ἀπαντι,

2261 1470 2372 1530 οἷον
2434 1476 2533 1540 τὰς
2595 1475 2763 1546 πάθη,
2803 1477 2902 1541 τὰς
2924 1476 3240 1546 ἐπιθυμίας.
3297 1480 3741 1549 Κιιτεργασάμεγει,

2263 1561 2412 1631 οἷον,
2497 1571 3124 1635 Κίιταπολεμησαντες
3210 1567 3403 1636 στῆναι
3435 1608 3450 1632 ,
3529 1572 3739 1639 “malim:

572 2509 671 2563 que
694 2494 951 2545 salutaris
981 2489 1310 2559 accipiendo,
1342 2500 1389 2546 et
1413 2490 1650 2560 gladium
1683 2491 1902 2558 spiritus
1927 2491 2064 2560 quod
2079 2497 2158 2543 est

571 2585 783 2640 verbum
822 2585 936 2645 Dei,
972 2585 1025 2636 in
1064 2583 1205 2637 omni
1231 2583 1592 2648 deprecatione
1620 2591 1669 2636 et
1699 2582 2082 2638 obsecratione.

571 2681 869 2747 σωτηρίου
903 2679 1212 2746 δέξασθαι,
1245 2680 1807 2752 καὶτὴνμάχαιραν
1832 2682 1939 2736 τοῦ
1971 2683 2330 2754 πνεύματος,
2371 2683 2404 2736 ὅ
2433 2683 2564 2738 ἐστι
2618 2682 2787 2753 ῥῆμα
2841 2682 3012 2748 Θεοῦ,
3070 2681 3166 2737 διὰ
3239 2683 3437 2750 πάσης
3485 2679 3736 2750 προσευχῆς

577 2780 678 2835 καὶ
700 2777 988 2847 δεήσεως.

645 2866 727 2922 Ad
759 2867 959 2921 bellum
993 2867 1315 2928 exhortans.
1361 2867 1600 2938 primum
1631 2865 1888 2923 admonet
1926 2881 2152 2938 compo-

2338 2866 2462 2924 Ἐπὶ
2493 2865 2727 2938 πόλεμον
2754 2863 3094 2936 προτρέπων,
3120 2862 3184 2916 τὸ
3219 2864 3428 2933 πρῶτον
3460 2864 3511 2914 ὲν
3555 2865 3640 2924 τοῖς
3677 2878 3735 2914 τι

572 2961 674 3014 site
720 2975 783 3013 ac
831 2959 1016 3013 debito
1047 2959 1241 3014 ordine
1281 2958 1336 3012 in
1381 2959 1501 3014 acie
1530 2969 1698 3016 stare.
1725 2958 1928 3014 Deinde
1955 2973 2152 3014 conse-

2258 2961 2465 3021 κτικοῖς
2498 2957 2754 3029 παραινεῖ
2803 2956 2864 3008 τὸ
2915 2958 3108 3025 στῆναι
3152 2954 3444 3015 εὐτάκτως.
3472 2947 3579 3004 Εἶτα
3614 2951 3736 3003 λοιποί

575 3061 811 3123 quenter
827 3057 1008 3104 armat
1035 3068 1049 3104 :
1083 3065 1148 3105 ac
1174 3049 1352 3119 primo
1381 3051 1551 3121 cingit
1575 3051 1803 3106 militem
1821 3051 2153 3105 dtﬂluentcm

2152 3095 2153 3100 η
2260 3050 2602 3116 καθοπλίξει,
2638 3048 2734 3102 καί⁹
2788 3047 3004 3118 πρῶτον
3054 3046 3293 3111 ζὼννυσι
3338 3044 3424 3098 τὸν
3483 3034 3732 3114 διαρρἔντα,

571 3157 635 3196 ac
670 3140 929 3197 diffusum
963 3139 1447 3209 concupiscentiis,
1474 3147 1529 3195 et
1557 3139 1845 3196 habentem
1871 3139 2146 3209 cositatio-

2260 3144 2355 3197 καὶ
2387 3141 2780 3211 διακεχυμένον
2812 3142 2933 3202 ταῖς
2965 3137 3291 3209 ἐπιθυμίαις
3345 3138 3434 3190 καὶ
3479 3138 3618 3206 χαμαὶ
3655 3134 3735 3195 τοὺς

571 3248 670 3288 nes
704 3232 758 3286 in
783 3231 1008 3286 humum
1041 3230 1340 3296 detractas,
1373 3245 1438 3286 ac
1469 3231 1716 3302 reprimit
1750 3232 2019 3302 spirituali
2055 3231 2151 3286 hoc

2155 3251 2158 3282 ι
2261 3233 2559 3304 λογισμοὺς
2589 3230 2922 3302 συρομένους
2953 3229 3147 3300 ἔχοντα
3182 3228 3524 3298 στρατιώτην,
3552 3227 3622 3280 καὶ
3648 3226 3735 3278 ἀνα·

570 3323 810 3378 baitlieo.
843 3341 862 3374 ι
902 3321 1130 3378 Lumbis
1159 3323 1381 3378 vestris.
1419 3342 1438 3376 ι
1476 3323 1945 3389 Quemadmodum
1974 3324 2028 3378 in
2059 3338 2150 3378 na-

2151 3350 2156 3363 ι
2264 3325 2474 3379 στέλλει
2505 3327 2570 3396 τῇ
2600 3326 2763 3395 νοητῇ
2791 3321 2963 3393 ταύτῃ
3000 3321 3186 3385 ζώσει.
3219 3338 3239 3371 ι
3281 3320 3389 3389 Τήν
3409 3320 3557 3387 ὀσφὺν
3577 3317 3731 3386 ipf-im

570 3415 728 3472 vibus
766 3415 952 3470 carina
999 3431 1121 3486 qua:
1166 3415 1286 3472 loco
1337 3415 1673 3471 fundamenti
1719 3417 2004 3487 cujusdam
2049 3425 2150 3482 est,

2185 3464 2227 3488 η
2263 3419 2475 3488 Ὥσπερ
2497 3417 2590 3470 ἐπὶ
2613 3416 2720 3470 τῶν
2752 3416 2897 3485 νηῶν
2940 3417 2972 3484 ή
3005 3415 3200 3483 τρόπις
3243 3414 3304 3466 τὸ
3335 3413 3436 3467 πᾶν
3475 3410 3657 3478 συνέχει,
3678 3407 3735 3460 θε-

570 3505 862 3560 :editicium
889 3521 1049 3560 omne
1081 3508 1346 3568 continet,
1380 3508 1452 3560 ita
1487 3516 1540 3562 et
1569 3509 1738 3563 lumbi
1763 3509 1817 3562 in
1850 3508 2023 3562 vobis.
2050 3507 2150 3562 Ita-

2154 3539 2156 3546 -
2183 3497 2226 3523 ’⁸
2261 3511 2444 3583 μέλιός
2471 3528 2552 3573 τις
2586 3505 2744 3575 οὖσα,
2772 3507 2943 3571 οὕτως
2965 3507 3050 3573 ἐφ’
3076 3505 3238 3576 ὑμῶν
3288 3507 3320 3574 ἡ
3372 3501 3540 3572 ὀσφύς.
3581 3502 3627 3553 Οἱ
3649 3497 3734 3566 γοῦν

570 3610 679 3664 que
721 3595 813 3665 qui
850 3595 1038 3650 labore
1057 3594 1339 3668 defatigati
1371 3605 1523 3663 sunt,
1559 3597 1871 3667 frequenter
1894 3600 2150 3668 appositis

2150 3617 2157 3653 ι
2258 3604 2637 3673 ἁποκαμόντες
2695 3601 2955 3665 πολλάκις
3009 3600 3202 3668 ῶσπερ
3261 3599 3338 3662 είς
3389 3615 3498 3651 τινα
3539 3593 3730 3662 θεμέλιον.

573 3686 649 3742 ibi
696 3685 949 3741 manibus
980 3691 1240 3756 tanquam
1291 3687 1359 3741 ad
1403 3687 1820 3743 fiiiidamentum
1859 3690 2153 3758 quoddam,

2152 3736 2154 3746 .
2257 3691 2376 3746 ἐκεῖ
2420 3691 2518 3754 τὰς
2550 3693 2742 3761 χεῖρας
2797 3687 3155 3753 ἐπιτιθέντες,
3206 3687 3620 3742 ὲπαναπαύονται.
3661 3681 3732 3746 Τὴν

572 3779 949 3849 requiescunt.
979 3778 1238 3834 Nostrum
1268 3781 1433 3853 igitur
1461 3783 1790 3852 principium
1826 3785 1999 3853 primo
2024 3800 2152 3840 con-

2151 3813 2159 3825 -
2255 3785 2436 3839 τοίνυν
2480 3783 2654 3855 ἀρχὴν
2704 3782 2859 3854 ήμῶν
2893 3782 3110 3849 πρῶτον
3173 3781 3473 3850 συσφίγγει,
3504 3773 3594 3831 οἷον
3615 3775 3677 3826 τὸν
3693 3773 3731 3823 ὲν

573 3872 816 3936 stringit,
845 3878 1102 3942 tanquam
1145 3872 1340 3926 anima:
1367 3873 1606 3944 vigorem
1649 3875 1742 3944 qui
1788 3876 1841 3930 in
1884 3877 2041 3932 nobis
2071 3887 2153 3934 est

2151 3892 2158 3932 ι
2255 3879 2389 3947 ἡμῖν
2419 3877 2571 3932 τόνον
2601 3876 2695 3946 τῆς
2716 3874 2918 3947 ψυχῆς,
2963 3875 3020 3928 δν
3059 3874 3336 3944 τροπικῶς
3379 3871 3530 3939 ὀσφὺν
3557 3868 3731 3920 ἐκάλεις.

571 3965 716 4032 quod
751 3961 979 4033 ﬁgurate
1031 3963 1249 4019 lumbos
1283 3966 1610 4034 appellavit,
1643 3967 1744 4023 hos
1789 3969 2014 4024 veritate
2045 3969 2151 4026 cir-

2150 3999 2156 4012 ›
2256 3968 2456 4022 Τοῦτον
2509 3971 2574 4039 τῇ
2629 3967 2861 4038 ἀληθείᾳ
2900 3965 3321 4035 περιζώννυσιν.
3385 3964 3444 4017 Ἡ
3488 3962 3534 4015 δὲ
3573 3956 3730 4025 ἀλήθεια

573 4055 892 4124 cumciugit.
946 4052 1118 4108 Porro
1167 4056 1368 4109 veritas
1416 4054 1483 4110 ad
1543 4058 1712 4113 multa
1764 4059 2089 4129 intelligitur
2135 4080 2150 4116 :

2256 4062 2336 4125 είς
2357 4059 2527 4114 πολλᾶ
2555 4062 2781 4113 νοεῖται.
2831 4058 3088 4129 Ἀλήθεια
3117 4057 3425 4129 δογμάτων,
3452 4051 3634 4121 ἀλήθεια
3654 4048 3732 4119 βίον

571 4147 776 4200 veritas
807 4146 1145 4216 dogmatum,
1177 4148 1381 4202 veritas
1408 4148 1531 4202 vitae
1553 4149 1760 4204 Christi
1788 4160 2055 4221 separata:
2085 4152 2151 4210 ab

2150 4175 2155 4201 ι
2255 4148 2494 4220 χρηστοῦ
2508 4189 2520 4211 ,
2542 4147 2888 4222 ὑποκρίσεως
2905 4164 2965 4199 κε
2972 4147 3338 4218 χωρισμένου.
3369 4143 3582 4213 Ἀλήθεια
3596 4140 3730 4206 λόγων,

573 4237 851 4308 hypocrisi
921 4236 1037 4292 sive
1106 4236 1460 4294 simulatione
1494 4278 1510 4304 ,
1574 4241 1779 4296 veritas
1835 4255 2152 4296 sermonum

2253 4243 2316 4295 τὸ
2339 4241 2560 4312 δολερὸν
2591 4239 2966 4309 ἀρνουμένων.
3002 4239 3260 4309 Ἀλήθεια
3284 4237 3608 4307 ἐνθυμήσεως,
3633 4231 3731 4283 οὐδὲν

571 4328 1000 4385 ft'aiidulentiam
1033 4343 1098 4382 ac
1128 4329 1312 4384 dolum
1347 4330 1979 4400 abnegautium,veritas
2004 4333 2151 4403 cogi-

2151 4362 2155 4374 ›
2254 4327 2484 4398 ἐχούσης
2515 4327 2609 4381 τοῦ
2640 4327 2796 4382 νόθου
2836 4328 2929 4381 καὶ
2960 4327 3215 4398 κιϐδήλου
3247 4327 3352 4380 τῶν
3392 4325 3614 4402 δαιμόνων
3643 4319 3731 4372 σπί-

572 4422 799 4476 tationis
823 4435 944 4490 quae
983 4419 1120 4473 nihil
1169 4419 1332 4473 habet
1367 4419 1657 4475 adulterini
1710 4431 1805 4476 aut
1847 4422 2010 4476 fucati
2045 4423 2152 4476 dae-

2257 4436 2374 4491 ρου.
2409 4420 2553 4492 Δύνῃ
2577 4419 2632 4472 δὲ
2657 4418 2732 4482 ὡς
2756 4418 2894 4490 πρὸς
2922 4419 3015 4473 τὸν
3045 4418 3284 4489 Χριστδν
3306 4418 3500 4488 νοῆσαι,
3525 4413 3596 4467 τὸν
3618 4412 3734 4468 ὅντως

571 4529 796 4568 monum
823 4512 1070 4568 seminis.
1092 4510 1255 4566 Potes
1285 4520 1464 4566 autem
1492 4521 1751 4582 tanquam
1783 4515 1849 4568 ad
1874 4512 2151 4569 Christum

2150 4559 2152 4566 ι
2253 4513 2531 4583 ἀλήθειαν.
2562 4511 2737 4582 «Ἐγὼ
2757 4513 2865 4582 γάρ
2886 4513 3023 4582 είμι,
3046 4512 3234 4582 φησὶν,
3254 4509 3552 4583 ήάλήθεια.»
3578 4508 3649 4556 “Ov
3669 4501 3730 4553 καὶ

570 4605 778 4660 referre
834 4602 928 4673 qui
963 4616 1094 4657 vero
1136 4602 1342 4657 veritas
1379 4609 1486 4656 est.
1539 4620 1558 4654 ι
1599 4602 1710 4674 Ego
1750 4619 1897 4669 sum,
1951 4603 2148 4674 inquit,

2254 4605 2589 4669 ὲνδεδῦσθαι,
2618 4605 2677 4659 οὐ
2707 4605 2864 4676 μόνον
2881 4605 3254 4675 περιεζῶσθαι
3290 4607 3396 4667 τοῖς
3419 4593 3732 4671 hepta-soni:-

571 4696 771 4750 veritas
794 4694 859 4759 δ’,
887 4713 905 4746 ι
939 4709 1099 4763 quem
1131 4694 1295 4747 etiam
1333 4693 1487 4748 indui
1518 4709 1627 4748 non
1659 4696 2011 4766 circumcingi
2051 4698 2150 4751 da-

2146 4726 2150 4735 -
2253 4697 2712 4768 δὼρηται.ι”οσοι
2738 4698 2866 4767 γὰρ,
2891 4697 3078 4768 φησιν,
3097 4699 3174 4760 είς
3193 4696 3421 4767 Χριστὸν
3439 4687 3726 4753 Numisiis;

569 4798 684 4842 tum
716 4799 801 4842 est
824 4787 1160 4843 hominibus.
1209 4805 1228 4840 ι
1264 4785 1398 4841 Nam
1435 4795 1726 4857 quotquot,
1749 4787 1844 4853 ait,
1893 4789 1946 4841 in
1987 4788 2149 4843 Chri-

2188 4809 2228 4862 D
2253 4789 2486 4861 Χριστδν
2503 4789 2877 4842 ὲνεδύεῒτισθε.»
2895 4817 2964 4828 --
2988 4807 3006 4840 ι
3029 4789 3132 4842 Τὸν
3165 4787 3387 4859 θώρακα
3418 4787 3505 4854 τῆς
3531 4773 3729 4833 δικαιοεύ-

568 4887 715 4934 stuin
761 4879 1016 4949 haptizati
1083 4880 1239 4944 estis,
1296 4878 1577 4935 Christum
1625 4879 1883 4959 induistis
1905 4880 1973 4932 “.
2017 4899 2035 4931 ι
2080 4910 2148 4923 --

2146 4911 2151 4920 -
2254 4899 2371 4951 νης.
2387 4883 2516 4934 »Τὸν
2531 4880 2758 4934 καθόλου
2777 4881 2940 4952 φησὶν
2957 4881 3210 4952 ἐνάρετον
3228 4879 3360 4951 βίον.
3377 4874 3546 4945 Θώραξ
3557 4873 3600 4924 δέ
3613 4872 3726 4959 ἐστιν,

573 4989 592 5021 ι
627 4968 926 5026 Tlioracem
952 4971 1206 5041 iustitiae.
1237 4989 1255 5023 ι
1287 4970 1395 5042 59
1417 4970 1588 5026 Vitam
1623 4957 1756 5026 dicit
1786 4971 2152 5042 undequaque

2146 4992 2152 5024 ι
2251 4977 2280 5028 ὁ
2303 4972 2554 5048 σιδηροῦς
2570 4973 2754 5045 χιτών.
2780 4975 2920 5027 «Καὶ
2937 4973 3332 5045 ὑποδυσάμενοι
3349 4971 3466 5033 τοὺς
3477 4967 3625 5026 πόδας.
3651 4957 3726 5048 ιἭ

568 5061 818 5132 probam.
883 5063 976 5115 Est
1031 5075 1213 5119 autem
1265 5064 1460 5117 thorax
1519 5063 1697 5119 ferrea
1753 5067 1960 5117 tunica.
2024 5081 2042 5114 ι
2080 5065 2148 5120 Ει

2146 5105 2149 5115 .
2249 5063 2408 5117 τοῦτό
2431 5045 2614 5134 φησιν,
2643 5065 2724 5118 ὅτι
2758 5064 2864 5136 χρὴ
2889 5065 3015 5128 τοὺς
3042 5064 3204 5126 πόδας
3237 5062 3389 5134 ἡμῶν
3414 5045 3726 5128 ἑτοίμουςεῖνπι

565 5152 794 5208 calceati
847 5150 1101 5220 pedibus.
1163 5172 1182 5204 ι
1243 5157 1352 5207 Aut
1389 5153 1491 5208 hoc
1539 5152 1672 5208 dicit
1717 5153 1861 5223 quod
1903 5162 2145 5222 oporteat

2146 5174 2150 5208 μ
2252 5156 2386 5226 πρὸς
2407 5155 2465 5208 τδ
2483 5155 2980 5223 εὐαγγελίζεσθιω
3003 5153 3091 5218 Ὠς
3105 5155 3291 5225 ὡραῖοι
3307 5153 3428 5222 γὰρ,
3449 5143 3649 5219 meimei
3663 5137 3726 5190 166’

565 5250 734 5318 petes
774 5252 993 5298 nostros
1023 5257 1241 5314 paratos
1273 5262 1393 5301 esse
1429 5247 1494 5300 ad
1527 5247 1932 5316 praedicandum
1968 5247 2145 5302 Evan-

2144 5279 2147 5289 ι
2246 5248 2334 5313 δες
2359 5248 2468 5302 τῶν
2497 5247 2997 5320 εὐαγγελιζομένων
3026 5249 3299 5320 εἰρήνην.»
3325 5246 3391 5298 Ἠ
3412 5244 3484 5297 ὅτι
3511 5243 3558 5293 ἐν
3585 5233 3724 5299 ἑτοίμῳ

563 5339 792 5409 gelium.
827 5339 918 5392 Ait
945 5340 1088 5390 enim
1122 5352 1135 5388 :
1180 5353 1198 5386 ι
1234 5334 1406 5401 Quam
1446 5337 1656 5403 pulchri
1691 5342 1851 5407 pedes
1874 5339 2143 5408 evangeli-

2143 5368 2149 5380 ι
2250 5339 2540 5411 ὀφείλομεν
2585 5335 2726 5394 εἶναι
2776 5342 2872 5394 καὶ
2927 5339 3042 5411 βίον
3082 5340 3245 5411 ἔχειν,
3279 5338 3352 5398 ὡς
3395 5327 3450 5388 τι
3479 5325 3723 5411 munitiet

562 5432 806 5486 zautiuin
837 5444 1025 5502 pacein
1058 5426 1127 5481 δ’.
1167 5445 1186 5479 ›
1232 5429 1339 5480 Aut
1378 5428 1519 5496 quod
1557 5429 1789 5499 prompti
1832 5445 1955 5485 esse
1981 5431 2142 5485 debe-

2144 5462 2146 5468 -
2253 5409 2567 5499 ὑφηγείται.
2617 5448 2636 5481 ι
2674 5430 2788 5500 Τὴν
2837 5409 2946 5502 γὰρ
2985 5409 3301 5500 ἑτοιμασίαν
3327 5427 3420 5497 τῆς
3454 5409 3724 5493 καρδία,ςαῦ-

565 5539 710 5584 mus,
745 5523 1024 5591 vitamque
1073 5519 1278 5574 habere
1317 5520 1459 5574 sicut
1494 5519 1744 5574 hortatur
1770 5520 2145 5591 Evangelium.

2141 5560 2146 5573 ι
2249 5521 2380 5585 τῶν,
2415 5523 2580 5591 φησὶν
2627 5523 2655 5574 ὁ
2709 5523 3026 5593 Προφήτης,
3080 5522 3368 5594 προσέσχε,
3414 5515 3468 5569 τὺ
3510 5508 3586 5571 οὖς
3604 5518 3721 5594 σου.)

573 5634 592 5667 ι
646 5614 1102 5686 Praeparationem
1165 5613 1348 5668 cordis
1405 5626 1634 5678 eorum,
1695 5613 1772 5668 ait
1827 5616 2142 5686 Propheta,

2250 5633 2346 5665 -‹
2380 5590 2486 5667 Τοῦ
2522 5590 2859 5682 Εὐαγγελίου
3021 5590 3261 5686 εἰρήνης.
3294 5630 3310 5663 ι
3343 5608 3411 5665 Τὸ
3431 5604 3522 5674 γὰρ
3547 5590 3724 5663 Εὖπγῖέ⁹

661 5783 880 5842 “Joztn.
913 5803 1022 5857 xiv,
1043 5789 1096 5844 6.

1212 5791 1254 5822 “
1286 5787 1462 5847 Galat.
1499 5806 1569 5861 ιιι,
1607 5790 1696 5845 27.
1777 5790 1818 5822 "
1869 5791 1972 5848 lsa.
2005 5808 2099 5857 LII,
2137 5792 2188 5846 7.

2259 1017 2488 1087 χαλεποὶ
2531 1017 2581 1069 oi
2632 1015 2836 1087 ἐχθροί.
2881 1035 2900 1068 ι
2945 1017 3034 1069 Ἑν
3071 1018 3138 1088 τῇ
3191 1016 3374 1088 ἡμέρᾳ
3418 1021 3477 1089 τῇ
3520 1026 3700 1092 πονηρᾷ.
3726 1033 3752 1077 ι·
