  <div class='ocr_page' id='page_1' title='image "/cluster/home/n/w/nwhite01/storage/ocr_20150623/118/hvd.32044019208149/704.png"; bbox 0 0 4000 6606; ppageno 0'>
   <div class='ocr_carea' id='block_1_1' title="bbox 286 378 425 441">
    <p class='ocr_par' dir='ltr' id='par_1_1' title="bbox 286 378 425 441">
     <span class='ocr_line' id='line_1_1' title="bbox 286 378 425 441; baseline -0.007 -1"><span class='ocrx_word' id='word_1_1' title='bbox 286 378 425 441; x_wconf 71' lang='grc' dir='ltr'><strong>12ὗῖ</strong></span> 
     </span>
    </p>
   </div>
   <div class='ocr_carea' id='block_1_2' title="bbox 1309 379 2539 443">
    <p class='ocr_par' dir='ltr' id='par_1_2' title="bbox 1309 379 2539 443">
     <span class='ocr_line' id='line_1_2' title="bbox 1309 379 2539 443; baseline 0.004 -5"><span class='ocrx_word' id='word_1_2' title='bbox 1309 379 1698 443; x_wconf 74' lang='lat' dir='ltr'><strong>COMMENT.</strong></span> <span class='ocrx_word' id='word_1_3' title='bbox 1730 381 1809 440; x_wconf 72' lang='lat' dir='ltr'><strong>IN</strong></span> <span class='ocrx_word' id='word_1_4' title='bbox 1850 381 2088 441; x_wconf 84' lang='lat' dir='ltr'><strong>El’IST.</strong></span> <span class='ocrx_word' id='word_1_5' title='bbox 2128 383 2228 442; x_wconf 80' lang='lat' dir='ltr'><strong>AD</strong></span> <span class='ocrx_word' id='word_1_6' title='bbox 2268 383 2539 443; x_wconf 85' lang='lat' dir='ltr'><strong>EPIIES.</strong></span> 
     </span>
    </p>
   </div>
   <div class='ocr_carea' id='block_1_3' title="bbox 3401 381 3542 446">
    <p class='ocr_par' dir='ltr' id='par_1_3' title="bbox 3401 381 3542 446">
     <span class='ocr_line' id='line_1_3' title="bbox 3401 381 3542 446; baseline 0 -2"><span class='ocrx_word' id='word_1_7' title='bbox 3401 381 3542 446; x_wconf 67' lang='grc' dir='ltr'>ιεει</span> 
     </span>
    </p>
   </div>
   <div class='ocr_carea' id='block_1_4' title="bbox 275 491 1862 567">
    <p class='ocr_par' dir='ltr' id='par_1_4' title="bbox 275 491 1851 564">
     <span class='ocr_line' id='line_1_4' title="bbox 275 491 1851 564; baseline 0.001 -18"><span class='ocrx_word' id='word_1_8' title='bbox 275 496 416 558; x_wconf 78' lang='grc' dir='ltr'>λιον,</span> <span class='ocrx_word' id='word_1_9' title='bbox 451 492 674 563; x_wconf 85' lang='grc' dir='ltr'>είρήνην</span> <span class='ocrx_word' id='word_1_10' title='bbox 721 491 821 563; x_wconf 72' lang='grc' dir='ltr'>μὲν</span> <span class='ocrx_word' id='word_1_11' title='bbox 860 491 998 564; x_wconf 79' lang='grc' dir='ltr'>πρδς</span> <span class='ocrx_word' id='word_1_12' title='bbox 1034 491 1122 544; x_wconf 87' lang='grc' dir='ltr'>τὸν</span> <span class='ocrx_word' id='word_1_13' title='bbox 1154 491 1287 546; x_wconf 83' lang='grc' dir='ltr'>Θεὸν</span> <span class='ocrx_word' id='word_1_14' title='bbox 1320 497 1486 559; x_wconf 87' lang='grc' dir='ltr'>ποιεῖ,</span> <span class='ocrx_word' id='word_1_15' title='bbox 1529 493 1765 564; x_wconf 85' lang='grc' dir='ltr'>πόλεμον</span> <span class='ocrx_word' id='word_1_16' title='bbox 1795 494 1851 548; x_wconf 88' lang='grc' dir='ltr'>δὲ</span> 
     </span>
    </p>
   </div>
   <div class='ocr_carea' id='block_1_5' title="bbox 1972 491 3540 567">
    <p class='ocr_par' dir='ltr' id='par_1_5' title="bbox 1972 495 3540 567">
     <span class='ocr_line' id='line_1_5' title="bbox 1972 495 3540 567; baseline 0.001 -19"><span class='ocrx_word' id='word_1_17' title='bbox 1972 497 2334 552; x_wconf 83' lang='lat' dir='ltr'><strong>tudivitauris</strong></span> <span class='ocrx_word' id='word_1_18' title='bbox 2364 507 2454 552; x_wconf 90' lang='lat' dir='ltr'><strong>tua</strong></span> <span class='ocrx_word' id='word_1_19' title='bbox 2480 498 2545 552; x_wconf 67' lang='grc'><strong>⁸³.</strong></span> <span class='ocrx_word' id='word_1_20' title='bbox 2581 515 2599 548; x_wconf 77' lang='grc' dir='ltr'><strong>ι</strong></span> <span class='ocrx_word' id='word_1_21' title='bbox 2629 526 2690 537; x_wconf 87' lang='grc'><strong><em>-</em></strong></span> <span class='ocrx_word' id='word_1_22' title='bbox 2714 515 2732 548; x_wconf 83' lang='grc' dir='ltr'><strong>ι</strong></span> <span class='ocrx_word' id='word_1_23' title='bbox 2770 495 3124 567; x_wconf 84' lang='lat' dir='ltr'><strong>Evangelium</strong></span> <span class='ocrx_word' id='word_1_24' title='bbox 3159 496 3330 566; x_wconf 86' lang='lat' dir='ltr'><strong>pacis.</strong></span> <span class='ocrx_word' id='word_1_25' title='bbox 3364 517 3384 550; x_wconf 76' lang='grc' dir='ltr'><strong>ι</strong></span> <span class='ocrx_word' id='word_1_26' title='bbox 3405 497 3540 550; x_wconf 78' lang='lat' dir='ltr'><strong>Nam</strong></span> 
     </span>
    </p>
   </div>
   <div class='ocr_carea' id='block_1_6' title="bbox 279 583 1852 658">
    <p class='ocr_par' dir='ltr' id='par_1_6' title="bbox 279 583 1852 658">
     <span class='ocr_line' id='line_1_6' title="bbox 279 583 1852 658; baseline -0.001 -20"><span class='ocrx_word' id='word_1_27' title='bbox 279 586 420 658; x_wconf 74' lang='grc' dir='ltr'>πρὸς</span> <span class='ocrx_word' id='word_1_28' title='bbox 463 585 590 644; x_wconf 81' lang='grc' dir='ltr'>τοὺς</span> <span class='ocrx_word' id='word_1_29' title='bbox 637 583 916 654; x_wconf 87' lang='grc' dir='ltr'>δαίμονας.</span> <span class='ocrx_word' id='word_1_30' title='bbox 963 601 982 635; x_wconf 81' lang='grc' dir='ltr'><strong>ι</strong></span> <span class='ocrx_word' id='word_1_31' title='bbox 1025 585 1147 637; x_wconf 74' lang='grc' dir='ltr'><strong>Ἐπὶ</strong></span> <span class='ocrx_word' id='word_1_32' title='bbox 1186 586 1354 638; x_wconf 83' lang='grc' dir='ltr'>πᾶσιν</span> <span class='ocrx_word' id='word_1_33' title='bbox 1409 585 1791 649; x_wconf 80' lang='grc' dir='ltr'>ἀναλαϐόντες.</span> <span class='ocrx_word' id='word_1_34' title='bbox 1833 605 1852 636; x_wconf 72' lang='grc' dir='ltr'><strong>ι</strong></span> 
     </span>
    </p>
   </div>
   <div class='ocr_carea' id='block_1_7' title="bbox 279 674 1859 748">
    <p class='ocr_par' dir='ltr' id='par_1_7' title="bbox 279 674 1859 748">
     <span class='ocr_line' id='line_1_7' title="bbox 279 674 1859 748; baseline -0.001 -17"><span class='ocrx_word' id='word_1_35' title='bbox 279 680 374 731; x_wconf 76' lang='grc' dir='ltr'><strong>Δεῖ</strong></span> <span class='ocrx_word' id='word_1_36' title='bbox 422 674 534 745; x_wconf 73' lang='grc' dir='ltr'><strong>γὰρ</strong></span> <span class='ocrx_word' id='word_1_37' title='bbox 583 678 768 729; x_wconf 77' lang='grc' dir='ltr'>ἐκεῖνα</span> <span class='ocrx_word' id='word_1_38' title='bbox 813 674 1198 746; x_wconf 77' lang='grc' dir='ltr'><strong>προηγεῖσθαι.</strong></span> <span class='ocrx_word' id='word_1_39' title='bbox 1233 678 1424 730; x_wconf 84' lang='grc' dir='ltr'>Πίστιν</span> <span class='ocrx_word' id='word_1_40' title='bbox 1453 677 1509 730; x_wconf 89' lang='grc' dir='ltr'><strong>δέ</strong></span> <span class='ocrx_word' id='word_1_41' title='bbox 1545 695 1700 748; x_wconf 86' lang='grc' dir='ltr'>φησι,</span> <span class='ocrx_word' id='word_1_42' title='bbox 1758 679 1859 748; x_wconf 84' lang='grc' dir='ltr'>τὴν</span> 
     </span>
    </p>
   </div>
   <div class='ocr_carea' id='block_1_8' title="bbox 279 762 1855 839">
    <p class='ocr_par' dir='ltr' id='par_1_8' title="bbox 279 762 1855 839">
     <span class='ocr_line' id='line_1_8' title="bbox 279 762 1855 839; baseline -0.001 -17"><span class='ocrx_word' id='word_1_43' title='bbox 279 769 552 839; x_wconf 77' lang='grc' dir='ltr'><strong>εἰλικρινῆ</strong></span> <span class='ocrx_word' id='word_1_44' title='bbox 608 767 703 822; x_wconf 71' lang='grc' dir='ltr'>καὶ</span> <span class='ocrx_word' id='word_1_45' title='bbox 755 767 1040 839; x_wconf 83' lang='grc' dir='ltr'><strong>διάπυρον,</strong></span> <span class='ocrx_word' id='word_1_46' title='bbox 1093 767 1224 837; x_wconf 75' lang='grc' dir='ltr'>περὶ</span> <span class='ocrx_word' id='word_1_47' title='bbox 1260 762 1328 838; x_wconf 82' lang='grc' dir='ltr'><strong>ἧς</strong></span> <span class='ocrx_word' id='word_1_48' title='bbox 1363 769 1392 820; x_wconf 86' lang='grc' dir='ltr'>ὁ</span> <span class='ocrx_word' id='word_1_49' title='bbox 1434 767 1637 837; x_wconf 80' lang='grc' dir='ltr'>Κύριός</span> <span class='ocrx_word' id='word_1_50' title='bbox 1670 783 1855 838; x_wconf 81' lang='grc' dir='ltr'>φησιν,</span> 
     </span>
    </p>
   </div>
   <div class='ocr_carea' id='block_1_9' title="bbox 286 860 1858 931">
    <p class='ocr_par' dir='ltr' id='par_1_9' title="bbox 286 860 1858 931">
     <span class='ocr_line' id='line_1_9' title="bbox 286 860 1858 931; baseline -0.002 -17"><span class='ocrx_word' id='word_1_51' title='bbox 286 881 308 914; x_wconf 74' lang='grc' dir='ltr'><strong>ι</strong></span> <span class='ocrx_word' id='word_1_52' title='bbox 358 863 483 915; x_wconf 82' lang='grc' dir='ltr'>Ἐὰν</span> <span class='ocrx_word' id='word_1_53' title='bbox 527 861 688 931; x_wconf 81' lang='grc' dir='ltr'><strong>ἔχητε</strong></span> <span class='ocrx_word' id='word_1_54' title='bbox 747 862 929 914; x_wconf 87' lang='grc' dir='ltr'>πίστιν</span> <span class='ocrx_word' id='word_1_55' title='bbox 965 860 1042 924; x_wconf 84' lang='grc' dir='ltr'>ὡς</span> <span class='ocrx_word' id='word_1_56' title='bbox 1066 860 1266 914; x_wconf 78' lang='grc' dir='ltr'><strong>κόκκον</strong></span> <span class='ocrx_word' id='word_1_57' title='bbox 1327 861 1622 925; x_wconf 80' lang='grc' dir='ltr'><strong>σινάπεως,</strong></span> <span class='ocrx_word' id='word_1_58' title='bbox 1681 863 1858 931; x_wconf 81' lang='grc' dir='ltr'>ἐρεῖτε</span> 
     </span>
    </p>
   </div>
   <div class='ocr_carea' id='block_1_10' title="bbox 277 949 1860 1022">
    <p class='ocr_par' dir='ltr' id='par_1_10' title="bbox 277 949 1860 1022">
     <span class='ocr_line' id='line_1_10' title="bbox 277 949 1860 1022; baseline -0.001 -18"><span class='ocrx_word' id='word_1_59' title='bbox 277 951 360 1022; x_wconf 82' lang='grc' dir='ltr'>τῷ</span> <span class='ocrx_word' id='word_1_60' title='bbox 380 951 494 1020; x_wconf 77' lang='grc' dir='ltr'>ὄρει</span> <span class='ocrx_word' id='word_1_61' title='bbox 517 951 712 1021; x_wconf 82' lang='grc' dir='ltr'>τούτῳ,</span> <span class='ocrx_word' id='word_1_62' title='bbox 734 950 1040 1019; x_wconf 75' lang='grc' dir='ltr'>Μετάϐηθι,</span> <span class='ocrx_word' id='word_1_63' title='bbox 1070 951 1166 1004; x_wconf 77' lang='grc' dir='ltr'>καὶ</span> <span class='ocrx_word' id='word_1_64' title='bbox 1201 949 1591 1020; x_wconf 79' lang='grc' dir='ltr'>μεταϐήσεται.</span> <span class='ocrx_word' id='word_1_65' title='bbox 1629 969 1752 1003; x_wconf 74' lang='grc' dir='ltr'>ι-ι</span> <span class='ocrx_word' id='word_1_66' title='bbox 1777 949 1860 1003; x_wconf 82' lang='grc' dir='ltr'><strong>Τὰ</strong></span> 
     </span>
    </p>
   </div>
   <div class='ocr_carea' id='block_1_11' title="bbox 282 1039 1856 1112">
    <p class='ocr_par' dir='ltr' id='par_1_11' title="bbox 282 1039 1856 1112">
     <span class='ocr_line' id='line_1_11' title="bbox 282 1039 1856 1112; baseline 0.002 -19"><span class='ocrx_word' id='word_1_67' title='bbox 282 1041 414 1112; x_wconf 72' lang='grc' dir='ltr'>βέλη</span> <span class='ocrx_word' id='word_1_68' title='bbox 462 1039 557 1094; x_wconf 86' lang='grc' dir='ltr'><strong>τοῦ</strong></span> <span class='ocrx_word' id='word_1_69' title='bbox 608 1042 872 1111; x_wconf 87' lang='grc' dir='ltr'>πονηροῦ.</span> <span class='ocrx_word' id='word_1_70' title='bbox 910 1061 928 1095; x_wconf 74' lang='grc' dir='ltr'><strong>ι</strong></span> <span class='ocrx_word' id='word_1_71' title='bbox 993 1041 1131 1111; x_wconf 82' lang='grc' dir='ltr'>Βέλη</span> <span class='ocrx_word' id='word_1_72' title='bbox 1182 1042 1336 1112; x_wconf 75' lang='grc' dir='ltr'>φησὶ,</span> <span class='ocrx_word' id='word_1_73' title='bbox 1391 1043 1490 1105; x_wconf 86' lang='grc' dir='ltr'><strong>τὰς</strong></span> <span class='ocrx_word' id='word_1_74' title='bbox 1537 1043 1856 1112; x_wconf 71' lang='grc' dir='ltr'>ἐπιθυμίας,</span> 
     </span>
    </p>
   </div>
   <div class='ocr_carea' id='block_1_12' title="bbox 278 1133 1854 1204">
    <p class='ocr_par' dir='ltr' id='par_1_12' title="bbox 278 1133 1854 1204">
     <span class='ocr_line' id='line_1_12' title="bbox 278 1133 1854 1204; baseline 0.001 -18"><span class='ocrx_word' id='word_1_75' title='bbox 278 1135 408 1197; x_wconf 79' lang='grc' dir='ltr'>τοὺς</span> <span class='ocrx_word' id='word_1_76' title='bbox 449 1133 767 1203; x_wconf 80' lang='grc' dir='ltr'>λογισμοὺς,</span> <span class='ocrx_word' id='word_1_77' title='bbox 826 1133 954 1196; x_wconf 83' lang='grc' dir='ltr'>τοὺς</span> <span class='ocrx_word' id='word_1_78' title='bbox 993 1133 1356 1204; x_wconf 82' lang='grc' dir='ltr'>πειρασμούς.</span> <span class='ocrx_word' id='word_1_79' title='bbox 1412 1133 1612 1196; x_wconf 82' lang='grc' dir='ltr'>Καλῶς</span> <span class='ocrx_word' id='word_1_80' title='bbox 1660 1134 1718 1186; x_wconf 85' lang='grc' dir='ltr'>δὲ</span> <span class='ocrx_word' id='word_1_81' title='bbox 1774 1133 1854 1200; x_wconf 74' lang='grc' dir='ltr'><strong>τὸ,</strong></span> 
     </span>
    </p>
   </div>
   <div class='ocr_carea' id='block_1_13' title="bbox 281 1217 1855 1297">
    <p class='ocr_par' dir='ltr' id='par_1_13' title="bbox 281 1217 1855 1297">
     <span class='ocr_line' id='line_1_13' title="bbox 281 1217 1855 1297; baseline 0 -19"><span class='ocrx_word' id='word_1_82' title='bbox 281 1217 688 1297; x_wconf 82' lang='grc' dir='ltr'>Πεπυρωμένα.</span> <span class='ocrx_word' id='word_1_83' title='bbox 745 1224 1005 1278; x_wconf 78' lang='grc' dir='ltr'><strong>Τοιαῦται</strong></span> <span class='ocrx_word' id='word_1_84' title='bbox 1053 1225 1162 1295; x_wconf 80' lang='grc' dir='ltr'><strong>γὰρ</strong></span> <span class='ocrx_word' id='word_1_85' title='bbox 1210 1227 1266 1278; x_wconf 80' lang='grc' dir='ltr'>αἱ</span> <span class='ocrx_word' id='word_1_86' title='bbox 1305 1225 1495 1279; x_wconf 82' lang='grc' dir='ltr'>ἄτοποι</span> <span class='ocrx_word' id='word_1_87' title='bbox 1545 1224 1855 1295; x_wconf 79' lang='grc' dir='ltr'>ἐπιθυμίαι.</span> 
     </span>
    </p>
   </div>
   <div class='ocr_carea' id='block_1_14' title="bbox 285 1317 1856 1390">
    <p class='ocr_par' dir='ltr' id='par_1_14' title="bbox 285 1317 1856 1390">
     <span class='ocr_line' id='line_1_14' title="bbox 285 1317 1856 1390; baseline 0 -20"><span class='ocrx_word' id='word_1_88' title='bbox 285 1337 306 1370; x_wconf 73' lang='grc' dir='ltr'><strong>ι</strong></span> <span class='ocrx_word' id='word_1_89' title='bbox 343 1317 450 1372; x_wconf 78' lang='grc' dir='ltr'><strong>Καὶ</strong></span> <span class='ocrx_word' id='word_1_90' title='bbox 484 1319 583 1388; x_wconf 81' lang='grc' dir='ltr'>τὴν</span> <span class='ocrx_word' id='word_1_91' title='bbox 619 1319 1053 1389; x_wconf 63' lang='grc' dir='ltr'>περικεφαλαίαν</span> <span class='ocrx_word' id='word_1_92' title='bbox 1077 1318 1174 1372; x_wconf 87' lang='grc' dir='ltr'>τοῦ</span> <span class='ocrx_word' id='word_1_93' title='bbox 1207 1317 1498 1390; x_wconf 84' lang='grc' dir='ltr'>σωτηρίου.</span> <span class='ocrx_word' id='word_1_94' title='bbox 1543 1338 1562 1370; x_wconf 78' lang='grc' dir='ltr'><strong>ι</strong></span> <span class='ocrx_word' id='word_1_95' title='bbox 1606 1317 1716 1387; x_wconf 82' lang='grc' dir='ltr'><strong>Τῆς</strong></span> <span class='ocrx_word' id='word_1_96' title='bbox 1753 1336 1856 1370; x_wconf 84' lang='grc' dir='ltr'>σω-</span> 
     </span>
    </p>
   </div>
   <div class='ocr_carea' id='block_1_15' title="bbox 278 1411 1860 1482">
    <p class='ocr_par' dir='ltr' id='par_1_15' title="bbox 278 1411 1860 1482">
     <span class='ocr_line' id='line_1_15' title="bbox 278 1411 1860 1482; baseline -0.001 -18"><span class='ocrx_word' id='word_1_97' title='bbox 278 1413 478 1482; x_wconf 86' lang='grc' dir='ltr'>τηρίας</span> <span class='ocrx_word' id='word_1_98' title='bbox 511 1411 687 1482; x_wconf 84' lang='grc' dir='ltr'>ὑμῶν,</span> <span class='ocrx_word' id='word_1_99' title='bbox 719 1413 988 1477; x_wconf 72' lang='grc' dir='ltr'><strong>τουτέστι,</strong></span> <span class='ocrx_word' id='word_1_100' title='bbox 1043 1415 1143 1480; x_wconf 82' lang='grc' dir='ltr'>τῆς</span> <span class='ocrx_word' id='word_1_101' title='bbox 1189 1411 1422 1474; x_wconf 70' lang='grc' dir='ltr'>ἐλπίδος.</span> <span class='ocrx_word' id='word_1_102' title='bbox 1469 1411 1542 1463; x_wconf 85' lang='grc' dir='ltr'><strong>Τὸ</strong></span> <span class='ocrx_word' id='word_1_103' title='bbox 1595 1411 1674 1475; x_wconf 78' lang='grc' dir='ltr'>δὲ,</span> <span class='ocrx_word' id='word_1_104' title='bbox 1710 1430 1728 1462; x_wconf 84' lang='grc' dir='ltr'><strong>ι</strong></span> <span class='ocrx_word' id='word_1_105' title='bbox 1764 1411 1860 1463; x_wconf 84' lang='grc' dir='ltr'><strong>Δέ-</strong></span> 
     </span>
    </p>
   </div>
   <div class='ocr_carea' id='block_1_16' title="bbox 279 1499 1853 1575">
    <p class='ocr_par' dir='ltr' id='par_1_16' title="bbox 279 1499 1853 1575">
     <span class='ocr_line' id='line_1_16' title="bbox 279 1499 1853 1575; baseline -0.001 -16"><span class='ocrx_word' id='word_1_106' title='bbox 279 1505 547 1570; x_wconf 53' lang='lat' dir='ltr'><strong>halitu,»</strong></span> <span class='ocrx_word' id='word_1_107' title='bbox 613 1499 727 1558; x_wconf 74' lang='grc' dir='ltr'>οἷον</span> <span class='ocrx_word' id='word_1_108' title='bbox 774 1506 1003 1575; x_wconf 79' lang='grc' dir='ltr'>φορέσαι</span> <span class='ocrx_word' id='word_1_109' title='bbox 1052 1506 1145 1560; x_wconf 76' lang='grc' dir='ltr'>καὶ</span> <span class='ocrx_word' id='word_1_110' title='bbox 1198 1505 1456 1569; x_wconf 83' lang='grc' dir='ltr'>δέξασθαι</span> <span class='ocrx_word' id='word_1_111' title='bbox 1504 1506 1569 1573; x_wconf 81' lang='grc' dir='ltr'>τῇ</span> <span class='ocrx_word' id='word_1_112' title='bbox 1620 1504 1853 1574; x_wconf 84' lang='grc' dir='ltr'><strong>κεφαλῇ.</strong></span> 
     </span>
    </p>
   </div>
   <div class='ocr_carea' id='block_1_17' title="bbox 285 1593 1856 1667">
    <p class='ocr_par' dir='ltr' id='par_1_17' title="bbox 285 1593 1856 1667">
     <span class='ocr_line' id='line_1_17' title="bbox 285 1593 1856 1667; baseline -0.001 -19"><span class='ocrx_word' id='word_1_113' title='bbox 285 1614 306 1648; x_wconf 76' lang='grc' dir='ltr'><strong>ε</strong></span> <span class='ocrx_word' id='word_1_114' title='bbox 345 1598 454 1649; x_wconf 79' lang='grc' dir='ltr'><strong>Καὶ</strong></span> <span class='ocrx_word' id='word_1_115' title='bbox 493 1596 593 1667; x_wconf 86' lang='grc' dir='ltr'>τὴν</span> <span class='ocrx_word' id='word_1_116' title='bbox 631 1595 905 1666; x_wconf 80' lang='grc' dir='ltr'>μάχαιραν</span> <span class='ocrx_word' id='word_1_117' title='bbox 931 1596 1027 1648; x_wconf 88' lang='grc' dir='ltr'><strong>τοῦ</strong></span> <span class='ocrx_word' id='word_1_118' title='bbox 1060 1596 1390 1665; x_wconf 82' lang='grc' dir='ltr'>πνεύματος.</span> <span class='ocrx_word' id='word_1_119' title='bbox 1430 1613 1448 1646; x_wconf 75' lang='grc' dir='ltr'><strong>ι</strong></span> <span class='ocrx_word' id='word_1_120' title='bbox 1485 1593 1552 1646; x_wconf 83' lang='grc' dir='ltr'><strong>Ἦ</strong></span> <span class='ocrx_word' id='word_1_121' title='bbox 1584 1593 1644 1646; x_wconf 74' lang='grc' dir='ltr'>τὸ</span> <span class='ocrx_word' id='word_1_122' title='bbox 1687 1593 1856 1648; x_wconf 84' lang='grc' dir='ltr'>πνεῦ-</span> 
     </span>
    </p>
   </div>
   <div class='ocr_carea' id='block_1_18' title="bbox 283 1688 1858 1761">
    <p class='ocr_par' dir='ltr' id='par_1_18' title="bbox 283 1688 1858 1761">
     <span class='ocr_line' id='line_1_18' title="bbox 283 1688 1858 1761; baseline -0.001 -20"><span class='ocrx_word' id='word_1_123' title='bbox 283 1708 360 1760; x_wconf 84' lang='grc' dir='ltr'><strong>μα</strong></span> <span class='ocrx_word' id='word_1_124' title='bbox 384 1689 836 1761; x_wconf 81' lang='grc' dir='ltr'>περιφραστικῶς</span> <span class='ocrx_word' id='word_1_125' title='bbox 866 1689 1078 1759; x_wconf 73' lang='grc' dir='ltr'>εἴρηκε,</span> <span class='ocrx_word' id='word_1_126' title='bbox 1131 1689 1219 1742; x_wconf 73' lang='grc' dir='ltr'>διὰ</span> <span class='ocrx_word' id='word_1_127' title='bbox 1267 1689 1326 1740; x_wconf 79' lang='grc' dir='ltr'><strong>τὸ</strong></span> <span class='ocrx_word' id='word_1_128' title='bbox 1374 1688 1538 1759; x_wconf 78' lang='grc' dir='ltr'>τομὸν</span> <span class='ocrx_word' id='word_1_129' title='bbox 1576 1690 1669 1742; x_wconf 70' lang='grc' dir='ltr'>καὶ</span> <span class='ocrx_word' id='word_1_130' title='bbox 1703 1705 1858 1758; x_wconf 82' lang='grc' dir='ltr'>μερι-</span> 
     </span>
    </p>
   </div>
   <div class='ocr_carea' id='block_1_19' title="bbox 282 1775 1855 1848">
    <p class='ocr_par' dir='ltr' id='par_1_19' title="bbox 282 1775 1855 1848">
     <span class='ocr_line' id='line_1_19' title="bbox 282 1775 1855 1848; baseline -0.002 -17"><span class='ocrx_word' id='word_1_131' title='bbox 282 1779 466 1832; x_wconf 73' lang='grc' dir='ltr'>στικόν</span> <span class='ocrx_word' id='word_1_132' title='bbox 504 1779 612 1831; x_wconf 83' lang='grc' dir='ltr'><strong>τῶν</strong></span> <span class='ocrx_word' id='word_1_133' title='bbox 665 1778 924 1832; x_wconf 80' lang='grc' dir='ltr'>ἐναντίων</span> <span class='ocrx_word' id='word_1_134' title='bbox 981 1779 1170 1842; x_wconf 74' lang='grc' dir='ltr'>ἕξεων,</span> <span class='ocrx_word' id='word_1_135' title='bbox 1231 1777 1263 1847; x_wconf 84' lang='grc' dir='ltr'>ἢ</span> <span class='ocrx_word' id='word_1_136' title='bbox 1326 1775 1424 1848; x_wconf 79' lang='grc' dir='ltr'>τὴν</span> <span class='ocrx_word' id='word_1_137' title='bbox 1479 1776 1855 1847; x_wconf 76' lang='grc' dir='ltr'>πνευματικήν</span> 
     </span>
    </p>
   </div>
   <div class='ocr_carea' id='block_1_20' title="bbox 282 1868 1857 1940">
    <p class='ocr_par' dir='ltr' id='par_1_20' title="bbox 282 1868 1857 1940">
     <span class='ocr_line' id='line_1_20' title="bbox 282 1868 1857 1940; baseline -0.002 -17"><span class='ocrx_word' id='word_1_138' title='bbox 282 1869 428 1940; x_wconf 74' lang='grc' dir='ltr'>ζωήν</span> <span class='ocrx_word' id='word_1_139' title='bbox 459 1871 553 1923; x_wconf 74' lang='grc' dir='ltr'>καὶ</span> <span class='ocrx_word' id='word_1_140' title='bbox 600 1870 898 1936; x_wconf 79' lang='grc' dir='ltr'>πολιτείαν,</span> <span class='ocrx_word' id='word_1_141' title='bbox 947 1871 1070 1940; x_wconf 72' lang='grc' dir='ltr'>ἥτις</span> <span class='ocrx_word' id='word_1_142' title='bbox 1127 1869 1201 1930; x_wconf 75' lang='grc' dir='ltr'>ὡς</span> <span class='ocrx_word' id='word_1_143' title='bbox 1255 1869 1501 1939; x_wconf 81' lang='grc' dir='ltr'>μάχαιρα</span> <span class='ocrx_word' id='word_1_144' title='bbox 1550 1868 1857 1938; x_wconf 75' lang='grc' dir='ltr'>ἐνεργήσει,</span> 
     </span>
    </p>
   </div>
   <div class='ocr_carea' id='block_1_21' title="bbox 280 1962 1860 2034">
    <p class='ocr_par' dir='ltr' id='par_1_21' title="bbox 280 1962 1860 2034">
     <span class='ocr_line' id='line_1_21' title="bbox 280 1962 1860 2034; baseline -0.001 -18"><span class='ocrx_word' id='word_1_145' title='bbox 280 1964 440 2034; x_wconf 69' lang='grc' dir='ltr'>φησὶ,</span> <span class='ocrx_word' id='word_1_146' title='bbox 473 1964 614 2018; x_wconf 68' lang='grc' dir='ltr'>κατα</span> <span class='ocrx_word' id='word_1_147' title='bbox 642 1964 752 2016; x_wconf 84' lang='grc' dir='ltr'><strong>τῶν</strong></span> <span class='ocrx_word' id='word_1_148' title='bbox 786 1962 992 2032; x_wconf 82' lang='grc' dir='ltr'>νοητῶν</span> <span class='ocrx_word' id='word_1_149' title='bbox 1023 1963 1252 2033; x_wconf 75' lang='grc' dir='ltr'>ἐχθρῶν.</span> <span class='ocrx_word' id='word_1_150' title='bbox 1301 1964 1374 2017; x_wconf 84' lang='grc' dir='ltr'>’Ἡ</span> <span class='ocrx_word' id='word_1_151' title='bbox 1402 1964 1482 2016; x_wconf 85' lang='grc' dir='ltr'><strong>ὅτι</strong></span> <span class='ocrx_word' id='word_1_152' title='bbox 1525 1964 1594 2016; x_wconf 77' lang='grc' dir='ltr'><strong>τὰ</strong></span> <span class='ocrx_word' id='word_1_153' title='bbox 1616 1979 1860 2030; x_wconf 83' lang='grc' dir='ltr'>πνευμα-</span> 
     </span>
    </p>
   </div>
   <div class='ocr_carea' id='block_1_22' title="bbox 278 2053 1859 2126">
    <p class='ocr_par' dir='ltr' id='par_1_22' title="bbox 278 2053 1859 2126">
     <span class='ocr_line' id='line_1_22' title="bbox 278 2053 1859 2126; baseline -0.001 -18"><span class='ocrx_word' id='word_1_154' title='bbox 278 2057 410 2108; x_wconf 82' lang='grc' dir='ltr'>τικὰ</span> <span class='ocrx_word' id='word_1_155' title='bbox 429 2095 444 2122; x_wconf 94' lang='grc'><strong>,</strong></span> <span class='ocrx_word' id='word_1_156' title='bbox 488 2055 622 2124; x_wconf 75' lang='grc' dir='ltr'>φησὶ</span> <span class='ocrx_word' id='word_1_157' title='bbox 644 2097 660 2120; x_wconf 93' lang='grc'><strong>,</strong></span> <span class='ocrx_word' id='word_1_158' title='bbox 716 2055 1048 2125; x_wconf 81' lang='grc' dir='ltr'>χαρίσματα,</span> <span class='ocrx_word' id='word_1_159' title='bbox 1085 2053 1229 2123; x_wconf 72' lang='grc' dir='ltr'>ἅπερ</span> <span class='ocrx_word' id='word_1_160' title='bbox 1251 2055 1367 2108; x_wconf 66' lang='grc' dir='ltr'>ιετι</span> <span class='ocrx_word' id='word_1_161' title='bbox 1391 2054 1477 2108; x_wconf 82' lang='grc' dir='ltr'><strong>διὰ</strong></span> <span class='ocrx_word' id='word_1_162' title='bbox 1504 2057 1745 2126; x_wconf 78' lang='grc' dir='ltr'><strong>ῥήματος</strong></span> <span class='ocrx_word' id='word_1_163' title='bbox 1768 2055 1859 2108; x_wconf 73' lang='grc' dir='ltr'>καὶ</span> 
     </span>
    </p>
   </div>
   <div class='ocr_carea' id='block_1_23' title="bbox 279 2144 1860 2219">
    <p class='ocr_par' dir='ltr' id='par_1_23' title="bbox 279 2144 1860 2219">
     <span class='ocr_line' id='line_1_23' title="bbox 279 2144 1860 2219; baseline 0.001 -23"><span class='ocrx_word' id='word_1_164' title='bbox 279 2145 702 2214; x_wconf 83' lang='grc' dir='ltr'>προστάγματος</span> <span class='ocrx_word' id='word_1_165' title='bbox 728 2146 886 2200; x_wconf 88' lang='grc' dir='ltr'>Θεοῦ.</span> <span class='ocrx_word' id='word_1_166' title='bbox 913 2175 979 2186; x_wconf 89' lang='lat'><strong>--</strong></span> <span class='ocrx_word' id='word_1_167' title='bbox 998 2144 1330 2219; x_wconf 81' lang='grc' dir='ltr'>[ΟΙΚΟΥΜ.]</span> <span class='ocrx_word' id='word_1_168' title='bbox 1349 2149 1415 2199; x_wconf 87' lang='grc' dir='ltr'><em>Ἢ</em></span> <span class='ocrx_word' id='word_1_169' title='bbox 1444 2145 1716 2218; x_wconf 75' lang='grc' dir='ltr'>τὸ,”οπερ</span> <span class='ocrx_word' id='word_1_170' title='bbox 1745 2145 1860 2198; x_wconf 77' lang='grc' dir='ltr'>ἐστὶ</span> 
     </span>
    </p>
   </div>
   <div class='ocr_carea' id='block_1_24' title="bbox 280 2233 1858 2308">
    <p class='ocr_par' dir='ltr' id='par_1_24' title="bbox 280 2233 1858 2308">
     <span class='ocr_line' id='line_1_24' title="bbox 280 2233 1858 2308; baseline 0.001 -22"><span class='ocrx_word' id='word_1_171' title='bbox 280 2237 435 2306; x_wconf 78' lang='grc' dir='ltr'>ρῆμα</span> <span class='ocrx_word' id='word_1_172' title='bbox 465 2235 622 2300; x_wconf 83' lang='grc' dir='ltr'>Θεοῦ,</span> <span class='ocrx_word' id='word_1_173' title='bbox 657 2235 734 2305; x_wconf 80' lang='grc' dir='ltr'><strong>τῷ</strong></span> <span class='ocrx_word' id='word_1_174' title='bbox 757 2238 908 2289; x_wconf 73' lang='grc' dir='ltr'>κάτω</span> <span class='ocrx_word' id='word_1_175' title='bbox 937 2237 1284 2301; x_wconf 74' lang='grc' dir='ltr'>συζευκτέον,</span> <span class='ocrx_word' id='word_1_176' title='bbox 1316 2237 1401 2288; x_wconf 76' lang='grc' dir='ltr'><strong>ἵνα</strong></span> <span class='ocrx_word' id='word_1_177' title='bbox 1482 2235 1858 2306; x_wconf 79' lang='grc' dir='ltr'>οὖτως,”οπερ</span> 
     </span>
    </p>
   </div>
   <div class='ocr_carea' id='block_1_25' title="bbox 279 2323 1859 2397">
    <p class='ocr_par' dir='ltr' id='par_1_25' title="bbox 279 2323 1859 2397">
     <span class='ocr_line' id='line_1_25' title="bbox 279 2323 1859 2397; baseline 0.004 -22"><span class='ocrx_word' id='word_1_178' title='bbox 279 2325 400 2376; x_wconf 78' lang='grc' dir='ltr'>ἐστὶ</span> <span class='ocrx_word' id='word_1_179' title='bbox 430 2325 583 2394; x_wconf 78' lang='grc' dir='ltr'>ῥῆμα</span> <span class='ocrx_word' id='word_1_180' title='bbox 613 2323 750 2379; x_wconf 87' lang='grc' dir='ltr'>Θεοῦ</span> <span class='ocrx_word' id='word_1_181' title='bbox 802 2325 897 2378; x_wconf 79' lang='grc' dir='ltr'>καὶ</span> <span class='ocrx_word' id='word_1_182' title='bbox 946 2327 1298 2397; x_wconf 77' lang='grc' dir='ltr'>πρόσταγμα,</span> <span class='ocrx_word' id='word_1_183' title='bbox 1333 2326 1512 2392; x_wconf 85' lang='grc' dir='ltr'>τοῦτο,</span> <span class='ocrx_word' id='word_1_184' title='bbox 1554 2328 1707 2396; x_wconf 61' lang='grc' dir='ltr'>φησι,</span> <span class='ocrx_word' id='word_1_185' title='bbox 1740 2343 1859 2381; x_wconf 81' lang='grc' dir='ltr'>ποι-</span> 
     </span>
    </p>
   </div>
   <div class='ocr_carea' id='block_1_26' title="bbox 279 2417 1858 2489">
    <p class='ocr_par' dir='ltr' id='par_1_26' title="bbox 279 2417 1858 2489">
     <span class='ocr_line' id='line_1_26' title="bbox 279 2417 1858 2489; baseline 0 -19"><span class='ocrx_word' id='word_1_186' title='bbox 279 2421 414 2473; x_wconf 84' lang='grc' dir='ltr'>εῖτε.</span> <span class='ocrx_word' id='word_1_187' title='bbox 477 2421 674 2484; x_wconf 77' lang='grc' dir='ltr'>Ποῖονς</span> <span class='ocrx_word' id='word_1_188' title='bbox 726 2417 824 2471; x_wconf 81' lang='grc' dir='ltr'><strong>Διὰ</strong></span> <span class='ocrx_word' id='word_1_189' title='bbox 883 2417 1065 2484; x_wconf 82' lang='grc' dir='ltr'>πάσης</span> <span class='ocrx_word' id='word_1_190' title='bbox 1094 2420 1406 2489; x_wconf 81' lang='grc' dir='ltr'>προσευχῆς</span> <span class='ocrx_word' id='word_1_191' title='bbox 1466 2420 1560 2471; x_wconf 78' lang='grc' dir='ltr'>καὶ</span> <span class='ocrx_word' id='word_1_192' title='bbox 1619 2419 1858 2489; x_wconf 80' lang='grc' dir='ltr'>δεήσεως</span> 
     </span>
    </p>
   </div>
   <div class='ocr_carea' id='block_1_27' title="bbox 281 2505 1860 2582">
    <p class='ocr_par' dir='ltr' id='par_1_27' title="bbox 281 2505 1860 2582">
     <span class='ocr_line' id='line_1_27' title="bbox 281 2505 1860 2582; baseline 0.001 -20"><span class='ocrx_word' id='word_1_193' title='bbox 281 2511 712 2582; x_wconf 76' lang='grc' dir='ltr'>προσευχόμενοι</span> <span class='ocrx_word' id='word_1_194' title='bbox 748 2510 835 2562; x_wconf 81' lang='grc' dir='ltr'>ἵνα</span> <span class='ocrx_word' id='word_1_195' title='bbox 860 2505 980 2580; x_wconf 77' lang='grc' dir='ltr'>ἦτε,</span> <span class='ocrx_word' id='word_1_196' title='bbox 1014 2511 1198 2579; x_wconf 83' lang='grc' dir='ltr'>φησίν.</span> <span class='ocrx_word' id='word_1_197' title='bbox 1242 2512 1314 2564; x_wconf 81' lang='lat' dir='ltr'><strong>&quot;H</strong></span> <span class='ocrx_word' id='word_1_198' title='bbox 1348 2513 1490 2564; x_wconf 76' lang='grc' dir='ltr'>κατὰ</span> <span class='ocrx_word' id='word_1_199' title='bbox 1525 2510 1584 2564; x_wconf 81' lang='grc' dir='ltr'>τὸ</span> <span class='ocrx_word' id='word_1_200' title='bbox 1617 2513 1860 2581; x_wconf 75' lang='grc' dir='ltr'>ἐνεργεῖν</span> 
     </span>
    </p>
   </div>
   <div class='ocr_carea' id='block_1_28' title="bbox 280 2603 1857 2674">
    <p class='ocr_par' dir='ltr' id='par_1_28' title="bbox 280 2603 1857 2674">
     <span class='ocr_line' id='line_1_28' title="bbox 280 2603 1857 2674; baseline 0 -18"><span class='ocrx_word' id='word_1_201' title='bbox 280 2605 383 2656; x_wconf 75' lang='grc' dir='ltr'>καὶ</span> <span class='ocrx_word' id='word_1_202' title='bbox 414 2603 634 2672; x_wconf 78' lang='grc' dir='ltr'>τέμνειν</span> <span class='ocrx_word' id='word_1_203' title='bbox 663 2604 730 2656; x_wconf 70' lang='grc' dir='ltr'>τὰ</span> <span class='ocrx_word' id='word_1_204' title='bbox 778 2603 1127 2671; x_wconf 77' lang='grc' dir='ltr'>πνευματικὰ</span> <span class='ocrx_word' id='word_1_205' title='bbox 1158 2603 1496 2674; x_wconf 82' lang='grc' dir='ltr'>χαρίσματα,</span> <span class='ocrx_word' id='word_1_206' title='bbox 1544 2604 1695 2672; x_wconf 75' lang='grc' dir='ltr'>ῥῆμά</span> <span class='ocrx_word' id='word_1_207' title='bbox 1742 2605 1857 2660; x_wconf 79' lang='grc' dir='ltr'>ἐστι</span> 
     </span>
    </p>
   </div>
   <div class='ocr_carea' id='block_1_29' title="bbox 279 2679 1853 2767">
    <p class='ocr_par' dir='ltr' id='par_1_29' title="bbox 279 2679 1853 2767">
     <span class='ocr_line' id='line_1_29' title="bbox 279 2679 1853 2767; baseline 0.004 -21"><span class='ocrx_word' id='word_1_208' title='bbox 279 2693 438 2748; x_wconf 69' lang='grc' dir='ltr'>Θεοῦ.</span> <span class='ocrx_word' id='word_1_209' title='bbox 467 2693 743 2763; x_wconf 82' lang='grc' dir='ltr'>Τμητικδν</span> <span class='ocrx_word' id='word_1_210' title='bbox 774 2694 881 2764; x_wconf 83' lang='grc' dir='ltr'><strong>γὰρ</strong></span> <span class='ocrx_word' id='word_1_211' title='bbox 911 2694 971 2745; x_wconf 81' lang='grc' dir='ltr'>τὸ</span> <span class='ocrx_word' id='word_1_212' title='bbox 1010 2695 1160 2764; x_wconf 77' lang='grc' dir='ltr'>ῥῆμα</span> <span class='ocrx_word' id='word_1_213' title='bbox 1185 2679 1277 2748; x_wconf 88' lang='grc' dir='ltr'>τοῦ</span> <span class='ocrx_word' id='word_1_214' title='bbox 1313 2695 1468 2750; x_wconf 87' lang='grc' dir='ltr'>Θεοῦ.</span> <span class='ocrx_word' id='word_1_215' title='bbox 1490 2697 1689 2761; x_wconf 76' lang='grc' dir='ltr'>Ὀὕτως</span> <span class='ocrx_word' id='word_1_216' title='bbox 1719 2701 1853 2767; x_wconf 82' lang='grc' dir='ltr'>μᾶλ-</span> 
     </span>
    </p>
   </div>
   <div class='ocr_carea' id='block_1_30' title="bbox 278 2787 1858 2861">
    <p class='ocr_par' dir='ltr' id='par_1_30' title="bbox 278 2787 1858 2861">
     <span class='ocr_line' id='line_1_30' title="bbox 278 2787 1858 2861; baseline 0.004 -23"><span class='ocrx_word' id='word_1_217' title='bbox 278 2787 373 2838; x_wconf 86' lang='grc' dir='ltr'><strong>λον</strong></span> <span class='ocrx_word' id='word_1_218' title='bbox 410 2787 502 2841; x_wconf 71' lang='grc' dir='ltr'>καὶ</span> <span class='ocrx_word' id='word_1_219' title='bbox 535 2787 562 2838; x_wconf 79' lang='grc' dir='ltr'>ὁ</span> <span class='ocrx_word' id='word_1_220' title='bbox 625 2787 899 2859; x_wconf 72' lang='grc' dir='ltr'>μακάριος</span> <span class='ocrx_word' id='word_1_221' title='bbox 968 2787 1244 2856; x_wconf 66' lang='grc' dir='ltr'>Ἰωάννης.</span> <span class='ocrx_word' id='word_1_222' title='bbox 1297 2788 1394 2841; x_wconf 81' lang='grc' dir='ltr'><strong>Διὰ</strong></span> <span class='ocrx_word' id='word_1_223' title='bbox 1447 2790 1554 2858; x_wconf 76' lang='grc' dir='ltr'><strong>γὰρ</strong></span> <span class='ocrx_word' id='word_1_224' title='bbox 1613 2791 1858 2861; x_wconf 76' lang='grc' dir='ltr'>ῥήματος</span> 
     </span>
    </p>
   </div>
   <div class='ocr_carea' id='block_1_31' title="bbox 279 2877 1857 2951">
    <p class='ocr_par' dir='ltr' id='par_1_31' title="bbox 279 2877 1857 2951">
     <span class='ocr_line' id='line_1_31' title="bbox 279 2877 1857 2951; baseline 0.004 -23"><span class='ocrx_word' id='word_1_225' title='bbox 279 2877 418 2929; x_wconf 80' lang='grc' dir='ltr'>Θεοῦ</span> <span class='ocrx_word' id='word_1_226' title='bbox 458 2878 765 2930; x_wconf 77' lang='grc' dir='ltr'>ἐπετελεῖτο</span> <span class='ocrx_word' id='word_1_227' title='bbox 821 2877 888 2930; x_wconf 70' lang='grc' dir='ltr'>τὰ</span> <span class='ocrx_word' id='word_1_228' title='bbox 926 2877 1260 2946; x_wconf 83' lang='grc' dir='ltr'>χαρίσματα.</span> <span class='ocrx_word' id='word_1_229' title='bbox 1321 2896 1338 2929; x_wconf 82' lang='grc' dir='ltr'><strong>ι</strong></span> <span class='ocrx_word' id='word_1_230' title='bbox 1370 2881 1484 2932; x_wconf 80' lang='grc' dir='ltr'>Πᾶν</span> <span class='ocrx_word' id='word_1_231' title='bbox 1523 2881 1632 2951; x_wconf 73' lang='grc' dir='ltr'>γὰρ</span> <span class='ocrx_word' id='word_1_232' title='bbox 1683 2881 1710 2934; x_wconf 86' lang='grc' dir='ltr'><strong>ὃ</strong></span> <span class='ocrx_word' id='word_1_233' title='bbox 1764 2883 1857 2934; x_wconf 74' lang='grc' dir='ltr'>ἐὰν</span> 
     </span>
    </p>
   </div>
   <div class='ocr_carea' id='block_1_32' title="bbox 279 2967 1850 3043">
    <p class='ocr_par' dir='ltr' id='par_1_32' title="bbox 279 2967 1850 3043">
     <span class='ocr_line' id='line_1_32' title="bbox 279 2967 1850 3043; baseline 0.004 -24"><span class='ocrx_word' id='word_1_234' title='bbox 279 2969 566 3039; x_wconf 78' lang='grc' dir='ltr'>αἰτήσητε,</span> <span class='ocrx_word' id='word_1_235' title='bbox 596 2967 781 3038; x_wconf 65' lang='grc' dir='ltr'>φησιν,</span> <span class='ocrx_word' id='word_1_236' title='bbox 803 2969 858 3020; x_wconf 82' lang='grc' dir='ltr'>ἐν</span> <span class='ocrx_word' id='word_1_237' title='bbox 904 2968 981 3038; x_wconf 85' lang='grc' dir='ltr'>τῷ</span> <span class='ocrx_word' id='word_1_238' title='bbox 1033 2968 1258 3039; x_wconf 80' lang='grc' dir='ltr'>ὀνόματί</span> <span class='ocrx_word' id='word_1_239' title='bbox 1303 2988 1426 3040; x_wconf 88' lang='grc' dir='ltr'>μου,</span> <span class='ocrx_word' id='word_1_240' title='bbox 1458 2971 1617 3025; x_wconf 83' lang='grc' dir='ltr'>δώσει</span> <span class='ocrx_word' id='word_1_241' title='bbox 1651 2974 1801 3043; x_wconf 85' lang='grc' dir='ltr'>ὑμῖν,</span> <span class='ocrx_word' id='word_1_242' title='bbox 1834 2993 1850 3025; x_wconf 75' lang='grc' dir='ltr'><strong>ι</strong></span> 
     </span>
    </p>
   </div>
   <div class='ocr_carea' id='block_1_33' title="bbox 280 3060 807 3131">
    <p class='ocr_par' dir='ltr' id='par_1_33' title="bbox 280 3060 807 3131">
     <span class='ocr_line' id='line_1_33' title="bbox 280 3060 807 3131; baseline 0.008 -20"><span class='ocrx_word' id='word_1_243' title='bbox 280 3060 449 3130; x_wconf 74' lang='grc' dir='ltr'>φησὶν</span> <span class='ocrx_word' id='word_1_244' title='bbox 486 3062 514 3113; x_wconf 87' lang='grc' dir='ltr'>ὁ</span> <span class='ocrx_word' id='word_1_245' title='bbox 550 3060 807 3131; x_wconf 84' lang='grc' dir='ltr'>Χριστός.</span> 
     </span>
    </p>
   </div>
   <div class='ocr_carea' id='block_1_34' title="bbox 355 3153 1854 3225">
    <p class='ocr_par' dir='ltr' id='par_1_34' title="bbox 355 3153 1854 3225">
     <span class='ocr_line' id='line_1_34' title="bbox 355 3153 1854 3225; baseline 0 -19"><span class='ocrx_word' id='word_1_246' title='bbox 355 3155 833 3222; x_wconf 80' lang='grc' dir='ltr'>Προσευχόμενοι</span> <span class='ocrx_word' id='word_1_247' title='bbox 876 3153 945 3206; x_wconf 74' lang='grc' dir='ltr'><strong>ἐν</strong></span> <span class='ocrx_word' id='word_1_248' title='bbox 987 3153 1167 3207; x_wconf 73' lang='grc' dir='ltr'>παντὶ</span> <span class='ocrx_word' id='word_1_249' title='bbox 1215 3153 1396 3222; x_wconf 83' lang='grc' dir='ltr'>καιρῷ</span> <span class='ocrx_word' id='word_1_250' title='bbox 1436 3154 1506 3208; x_wconf 80' lang='grc' dir='ltr'><strong>ἐν</strong></span> <span class='ocrx_word' id='word_1_251' title='bbox 1542 3156 1854 3225; x_wconf 77' lang='grc' dir='ltr'>πνεύματι,</span> 
     </span>
    </p>
   </div>
   <div class='ocr_carea' id='block_1_35' title="bbox 278 3243 1869 3314">
    <p class='ocr_par' dir='ltr' id='par_1_35' title="bbox 278 3243 1869 3314">
     <span class='ocr_line' id='line_1_35' title="bbox 278 3243 1869 3314; baseline 0.002 -17"><span class='ocrx_word' id='word_1_252' title='bbox 278 3245 379 3298; x_wconf 77' lang='grc' dir='ltr'><strong>καί</strong></span> <span class='ocrx_word' id='word_1_253' title='bbox 405 3246 493 3308; x_wconf 83' lang='grc' dir='ltr'>εις</span> <span class='ocrx_word' id='word_1_254' title='bbox 515 3246 660 3297; x_wconf 85' lang='grc' dir='ltr'><strong>αὑτύ</strong></span> <span class='ocrx_word' id='word_1_255' title='bbox 690 3243 865 3299; x_wconf 85' lang='grc' dir='ltr'>τοῦτο</span> <span class='ocrx_word' id='word_1_256' title='bbox 893 3244 1344 3313; x_wconf 72' lang='grc' dir='ltr'><strong>ἀγρυπνοῦντες</strong></span> <span class='ocrx_word' id='word_1_257' title='bbox 1370 3245 1439 3297; x_wconf 75' lang='grc' dir='ltr'><strong>ἐν</strong></span> <span class='ocrx_word' id='word_1_258' title='bbox 1467 3245 1634 3312; x_wconf 75' lang='grc' dir='ltr'>πάσῃ</span> <span class='ocrx_word' id='word_1_259' title='bbox 1680 3259 1869 3314; x_wconf 85' lang='grc' dir='ltr'>προσ-</span> 
     </span>
    </p>
   </div>
   <div class='ocr_carea' id='block_1_36' title="bbox 278 3335 1870 3404">
    <p class='ocr_par' dir='ltr' id='par_1_36' title="bbox 278 3335 1870 3404">
     <span class='ocr_line' id='line_1_36' title="bbox 278 3335 1870 3404; baseline 0.001 -13"><span class='ocrx_word' id='word_1_260' title='bbox 278 3337 634 3404; x_wconf 76' lang='grc' dir='ltr'>καρτερήσει</span> <span class='ocrx_word' id='word_1_261' title='bbox 698 3337 794 3389; x_wconf 78' lang='grc' dir='ltr'>καὶ</span> <span class='ocrx_word' id='word_1_262' title='bbox 828 3335 1034 3403; x_wconf 79' lang='grc' dir='ltr'>δεήσει</span> <span class='ocrx_word' id='word_1_263' title='bbox 1079 3338 1212 3404; x_wconf 79' lang='grc' dir='ltr'>περὶ</span> <span class='ocrx_word' id='word_1_264' title='bbox 1245 3335 1488 3390; x_wconf 80' lang='grc' dir='ltr'><strong>πάντων</strong></span> <span class='ocrx_word' id='word_1_265' title='bbox 1532 3336 1649 3390; x_wconf 82' lang='grc' dir='ltr'>τῶν</span> <span class='ocrx_word' id='word_1_266' title='bbox 1686 3339 1870 3402; x_wconf 70' lang='grc' dir='ltr'>ἁγίων</span> 
     </span>
    </p>
   </div>
   <div class='ocr_carea' id='block_1_37' title="bbox 282 3430 1868 3499">
    <p class='ocr_par' dir='ltr' id='par_1_37' title="bbox 282 3430 1868 3499">
     <span class='ocr_line' id='line_1_37' title="bbox 282 3430 1868 3499; baseline 0 -15"><span class='ocrx_word' id='word_1_267' title='bbox 282 3432 383 3486; x_wconf 76' lang='grc' dir='ltr'><strong>καί</strong></span> <span class='ocrx_word' id='word_1_268' title='bbox 410 3430 556 3498; x_wconf 80' lang='grc' dir='ltr'><strong>ὑπὲρ</strong></span> <span class='ocrx_word' id='word_1_269' title='bbox 589 3430 757 3499; x_wconf 83' lang='grc' dir='ltr'>ἐμοῦ,</span> <span class='ocrx_word' id='word_1_270' title='bbox 789 3431 888 3482; x_wconf 79' lang='grc' dir='ltr'>ἵνα</span> <span class='ocrx_word' id='word_1_271' title='bbox 911 3446 1013 3498; x_wconf 83' lang='grc' dir='ltr'><strong>μοι</strong></span> <span class='ocrx_word' id='word_1_272' title='bbox 1053 3431 1254 3497; x_wconf 81' lang='grc' dir='ltr'>δοθείη</span> <span class='ocrx_word' id='word_1_273' title='bbox 1302 3432 1484 3498; x_wconf 77' lang='grc' dir='ltr'><em>λόγος</em></span> <span class='ocrx_word' id='word_1_274' title='bbox 1528 3430 1598 3484; x_wconf 76' lang='grc' dir='ltr'>ἐν</span> <span class='ocrx_word' id='word_1_275' title='bbox 1639 3431 1868 3495; x_wconf 74' lang='grc' dir='ltr'>ἀνοίξει</span> 
     </span>
    </p>
   </div>
   <div class='ocr_carea' id='block_1_38' title="bbox 281 3523 1868 3594">
    <p class='ocr_par' dir='ltr' id='par_1_38' title="bbox 281 3523 1868 3594">
     <span class='ocr_line' id='line_1_38' title="bbox 281 3523 1868 3594; baseline -0.002 -13"><span class='ocrx_word' id='word_1_276' title='bbox 281 3525 392 3581; x_wconf 78' lang='grc' dir='ltr'><strong>τοῦ</strong></span> <span class='ocrx_word' id='word_1_277' title='bbox 421 3524 720 3592; x_wconf 80' lang='grc' dir='ltr'>στόματός</span> <span class='ocrx_word' id='word_1_278' title='bbox 754 3540 874 3592; x_wconf 83' lang='grc' dir='ltr'><strong>μου</strong></span> <span class='ocrx_word' id='word_1_279' title='bbox 917 3523 986 3577; x_wconf 81' lang='grc' dir='ltr'><strong>ἐν</strong></span> <span class='ocrx_word' id='word_1_280' title='bbox 1015 3523 1324 3591; x_wconf 65' lang='grc' dir='ltr'>παρρησίᾳ</span> <span class='ocrx_word' id='word_1_281' title='bbox 1355 3524 1641 3592; x_wconf 76' lang='grc' dir='ltr'>γνωρίσαι</span> <span class='ocrx_word' id='word_1_282' title='bbox 1664 3525 1730 3578; x_wconf 82' lang='grc' dir='ltr'>τὸ</span> <span class='ocrx_word' id='word_1_283' title='bbox 1754 3543 1868 3594; x_wconf 82' lang='grc' dir='ltr'>μυ-</span> 
     </span>
    </p>
   </div>
   <div class='ocr_carea' id='block_1_39' title="bbox 283 3613 1870 3686">
    <p class='ocr_par' dir='ltr' id='par_1_39' title="bbox 283 3613 1870 3686">
     <span class='ocr_line' id='line_1_39' title="bbox 283 3613 1870 3686; baseline 0 -16"><span class='ocrx_word' id='word_1_284' title='bbox 283 3618 538 3684; x_wconf 79' lang='grc' dir='ltr'>στήριον</span> <span class='ocrx_word' id='word_1_285' title='bbox 584 3615 690 3670; x_wconf 80' lang='grc' dir='ltr'><strong>τοῦ</strong></span> <span class='ocrx_word' id='word_1_286' title='bbox 719 3618 1115 3685; x_wconf 72' lang='grc' dir='ltr'>Εὐαγγελίου,</span> <span class='ocrx_word' id='word_1_287' title='bbox 1149 3616 1304 3682; x_wconf 85' lang='grc' dir='ltr'>ὑπὲρ</span> <span class='ocrx_word' id='word_1_288' title='bbox 1350 3613 1422 3673; x_wconf 85' lang='grc' dir='ltr'>οὗ</span> <span class='ocrx_word' id='word_1_289' title='bbox 1457 3618 1764 3686; x_wconf 77' lang='grc' dir='ltr'>πρεσϐεύω</span> <span class='ocrx_word' id='word_1_290' title='bbox 1801 3617 1870 3673; x_wconf 81' lang='grc' dir='ltr'>ὲν</span> 
     </span>
    </p>
   </div>
   <div class='ocr_carea' id='block_1_40' title="bbox 283 3708 1870 3780">
    <p class='ocr_par' dir='ltr' id='par_1_40' title="bbox 283 3708 1870 3780">
     <span class='ocr_line' id='line_1_40' title="bbox 283 3708 1870 3780; baseline -0.001 -14"><span class='ocrx_word' id='word_1_291' title='bbox 283 3711 525 3774; x_wconf 63' lang='grc' dir='ltr'>ἁλύσει,</span> <span class='ocrx_word' id='word_1_292' title='bbox 558 3710 658 3764; x_wconf 77' lang='grc' dir='ltr'>ἵνα</span> <span class='ocrx_word' id='word_1_293' title='bbox 686 3710 756 3763; x_wconf 83' lang='grc' dir='ltr'><strong>ἐν</strong></span> <span class='ocrx_word' id='word_1_294' title='bbox 787 3708 948 3776; x_wconf 79' lang='grc' dir='ltr'><strong>αὐτῷ</strong></span> <span class='ocrx_word' id='word_1_295' title='bbox 993 3708 1499 3780; x_wconf 73' lang='grc' dir='ltr'>παρρησιάσωμαι</span> <span class='ocrx_word' id='word_1_296' title='bbox 1549 3710 1630 3776; x_wconf 85' lang='grc' dir='ltr'><strong>ὡς</strong></span> <span class='ocrx_word' id='word_1_297' title='bbox 1671 3708 1765 3764; x_wconf 74' lang='grc' dir='ltr'>δεῖ</span> <span class='ocrx_word' id='word_1_298' title='bbox 1792 3727 1870 3780; x_wconf 86' lang='grc' dir='ltr'><strong>με</strong></span> 
     </span>
    </p>
   </div>
   <div class='ocr_carea' id='block_1_41' title="bbox 281 3802 578 3873">
    <p class='ocr_par' dir='ltr' id='par_1_41' title="bbox 281 3802 578 3873">
     <span class='ocr_line' id='line_1_41' title="bbox 281 3802 578 3873; baseline -0.01 -15"><span class='ocrx_word' id='word_1_299' title='bbox 281 3802 578 3873; x_wconf 70' lang='grc' dir='ltr'>λαλῆσαι.</span> 
     </span>
    </p>
   </div>
   <div class='ocr_carea' id='block_1_42' title="bbox 357 3893 1868 3964">
    <p class='ocr_par' dir='ltr' id='par_1_42' title="bbox 357 3893 1868 3964">
     <span class='ocr_line' id='line_1_42' title="bbox 357 3893 1868 3964; baseline -0.003 -14"><span class='ocrx_word' id='word_1_300' title='bbox 357 3897 512 3950; x_wconf 79' lang='grc' dir='ltr'>Μετὰ</span> <span class='ocrx_word' id='word_1_301' title='bbox 545 3894 604 3948; x_wconf 82' lang='grc' dir='ltr'><strong>τὸ</strong></span> <span class='ocrx_word' id='word_1_302' title='bbox 636 3893 962 3949; x_wconf 83' lang='grc' dir='ltr'>καθοπλίσαι</span> <span class='ocrx_word' id='word_1_303' title='bbox 984 3893 1076 3947; x_wconf 74' lang='grc' dir='ltr'><strong>τὸν</strong></span> <span class='ocrx_word' id='word_1_304' title='bbox 1103 3893 1349 3964; x_wconf 81' lang='grc' dir='ltr'>βασιλέα,</span> <span class='ocrx_word' id='word_1_305' title='bbox 1383 3893 1572 3946; x_wconf 76' lang='grc' dir='ltr'>λοιπὸν</span> <span class='ocrx_word' id='word_1_306' title='bbox 1595 3894 1754 3946; x_wconf 85' lang='grc' dir='ltr'><strong>καλεῖ</strong></span> <span class='ocrx_word' id='word_1_307' title='bbox 1783 3893 1868 3946; x_wconf 80' lang='grc' dir='ltr'>ἵνα</span> 
     </span>
    </p>
   </div>
   <div class='ocr_carea' id='block_1_43' title="bbox 285 3983 1864 4059">
    <p class='ocr_par' dir='ltr' id='par_1_43' title="bbox 285 3983 1864 4059">
     <span class='ocr_line' id='line_1_43' title="bbox 285 3983 1864 4059; baseline -0.003 -17"><span class='ocrx_word' id='word_1_308' title='bbox 285 3989 363 4058; x_wconf 82' lang='grc' dir='ltr'>δῷ</span> <span class='ocrx_word' id='word_1_309' title='bbox 415 3994 592 4059; x_wconf 78' lang='grc' dir='ltr'>χεῖρα.</span> <span class='ocrx_word' id='word_1_310' title='bbox 656 4006 673 4038; x_wconf 86' lang='grc' dir='ltr'><strong>ι</strong></span> <span class='ocrx_word' id='word_1_311' title='bbox 722 3987 809 4039; x_wconf 86' lang='grc' dir='ltr'>Ἑν</span> <span class='ocrx_word' id='word_1_312' title='bbox 859 3985 1153 4054; x_wconf 82' lang='grc' dir='ltr'>πνεύματι.</span> <span class='ocrx_word' id='word_1_313' title='bbox 1196 4004 1214 4037; x_wconf 74' lang='grc' dir='ltr'>ι</span> <span class='ocrx_word' id='word_1_314' title='bbox 1255 3985 1346 4054; x_wconf 83' lang='grc' dir='ltr'><strong>Μὴ</strong></span> <span class='ocrx_word' id='word_1_315' title='bbox 1379 3986 1436 4037; x_wconf 87' lang='grc' dir='ltr'>ὲν</span> <span class='ocrx_word' id='word_1_316' title='bbox 1471 3983 1864 4053; x_wconf 72' lang='grc' dir='ltr'>βαττοὶογίαις.</span> 
     </span>
    </p>
   </div>
   <div class='ocr_carea' id='block_1_44' title="bbox 295 4075 1870 4149">
    <p class='ocr_par' dir='ltr' id='par_1_44' title="bbox 295 4075 1870 4149">
     <span class='ocr_line' id='line_1_44' title="bbox 295 4075 1870 4149; baseline -0.005 -17"><span class='ocrx_word' id='word_1_317' title='bbox 295 4101 313 4132; x_wconf 78' lang='grc' dir='ltr'><strong>ι</strong></span> <span class='ocrx_word' id='word_1_318' title='bbox 358 4081 466 4135; x_wconf 73' lang='grc' dir='ltr'><strong>Καὶ</strong></span> <span class='ocrx_word' id='word_1_319' title='bbox 501 4083 580 4141; x_wconf 78' lang='grc' dir='ltr'>εἰς</span> <span class='ocrx_word' id='word_1_320' title='bbox 625 4078 754 4132; x_wconf 83' lang='grc' dir='ltr'>αὐτὸ</span> <span class='ocrx_word' id='word_1_321' title='bbox 784 4075 1213 4148; x_wconf 83' lang='grc' dir='ltr'>ἀγρυπνοῦντες.</span> <span class='ocrx_word' id='word_1_322' title='bbox 1253 4095 1272 4128; x_wconf 71' lang='grc' dir='ltr'><strong>ι</strong></span> <span class='ocrx_word' id='word_1_323' title='bbox 1311 4077 1514 4145; x_wconf 84' lang='grc' dir='ltr'>Μηδὲν,</span> <span class='ocrx_word' id='word_1_324' title='bbox 1577 4077 1733 4144; x_wconf 74' lang='grc' dir='ltr'>φησὶ,</span> <span class='ocrx_word' id='word_1_325' title='bbox 1773 4076 1870 4149; x_wconf 78' lang='grc' dir='ltr'><strong>ῥᾴ-</strong></span> 
     </span>
    </p>
   </div>
   <div class='ocr_carea' id='block_1_45' title="bbox 289 4165 1868 4242">
    <p class='ocr_par' dir='ltr' id='par_1_45' title="bbox 289 4165 1868 4242">
     <span class='ocr_line' id='line_1_45' title="bbox 289 4165 1868 4242; baseline -0.003 -18"><span class='ocrx_word' id='word_1_326' title='bbox 289 4171 464 4242; x_wconf 80' lang='grc' dir='ltr'>θυμον</span> <span class='ocrx_word' id='word_1_327' title='bbox 494 4172 525 4241; x_wconf 83' lang='grc' dir='ltr'>ἢ</span> <span class='ocrx_word' id='word_1_328' title='bbox 559 4170 927 4241; x_wconf 73' lang='grc' dir='ltr'>ἠμελημένον.</span> <span class='ocrx_word' id='word_1_329' title='bbox 966 4188 983 4221; x_wconf 85' lang='grc' dir='ltr'><strong>ι</strong></span> <span class='ocrx_word' id='word_1_330' title='bbox 1028 4169 1138 4221; x_wconf 63' lang='grc' dir='ltr'><strong>Καὶ</strong></span> <span class='ocrx_word' id='word_1_331' title='bbox 1192 4167 1334 4238; x_wconf 82' lang='grc' dir='ltr'>ὑπὲρ</span> <span class='ocrx_word' id='word_1_332' title='bbox 1381 4165 1570 4237; x_wconf 71' lang='grc' dir='ltr'>ἐμοῦ.»</span> <span class='ocrx_word' id='word_1_333' title='bbox 1618 4167 1727 4219; x_wconf 76' lang='grc' dir='ltr'><strong>Καὶ</strong></span> <span class='ocrx_word' id='word_1_334' title='bbox 1762 4169 1868 4237; x_wconf 80' lang='grc' dir='ltr'>γὰρ</span> 
     </span>
    </p>
   </div>
   <div class='ocr_carea' id='block_1_46' title="bbox 287 4258 1866 4335">
    <p class='ocr_par' dir='ltr' id='par_1_46' title="bbox 287 4258 1866 4335">
     <span class='ocr_line' id='line_1_46' title="bbox 287 4258 1866 4335; baseline -0.004 -16"><span class='ocrx_word' id='word_1_335' title='bbox 287 4267 384 4319; x_wconf 72' lang='grc' dir='ltr'>καὶ</span> <span class='ocrx_word' id='word_1_336' title='bbox 404 4266 495 4318; x_wconf 62' lang='grc' dir='ltr'>τὸν</span> <span class='ocrx_word' id='word_1_337' title='bbox 520 4265 743 4335; x_wconf 81' lang='grc' dir='ltr'>Πέτρον,</span> <span class='ocrx_word' id='word_1_338' title='bbox 779 4263 972 4332; x_wconf 71' lang='grc' dir='ltr'>φησὶν,</span> <span class='ocrx_word' id='word_1_339' title='bbox 1007 4264 1040 4333; x_wconf 88' lang='grc' dir='ltr'><strong>ή</strong></span> <span class='ocrx_word' id='word_1_340' title='bbox 1071 4259 1204 4331; x_wconf 82' lang='grc' dir='ltr'>εὐχὴ</span> <span class='ocrx_word' id='word_1_341' title='bbox 1225 4260 1322 4329; x_wconf 77' lang='grc' dir='ltr'>τῆς</span> <span class='ocrx_word' id='word_1_342' title='bbox 1360 4258 1684 4330; x_wconf 82' lang='grc' dir='ltr'>Ἐκκλησίας</span> <span class='ocrx_word' id='word_1_343' title='bbox 1714 4259 1866 4312; x_wconf 72' lang='grc' dir='ltr'>ἔλυσε</span> 
     </span>
    </p>
   </div>
   <div class='ocr_carea' id='block_1_47' title="bbox 285 4351 1861 4425">
    <p class='ocr_par' dir='ltr' id='par_1_47' title="bbox 285 4351 1861 4425">
     <span class='ocr_line' id='line_1_47' title="bbox 285 4351 1861 4425; baseline -0.006 -13"><span class='ocrx_word' id='word_1_344' title='bbox 285 4358 396 4412; x_wconf 81' lang='grc' dir='ltr'><strong>τῶν</strong></span> <span class='ocrx_word' id='word_1_345' title='bbox 443 4357 680 4425; x_wconf 82' lang='grc' dir='ltr'>δεσμῶν.</span> <span class='ocrx_word' id='word_1_346' title='bbox 739 4373 758 4406; x_wconf 80' lang='grc' dir='ltr'><strong>ι</strong></span> <span class='ocrx_word' id='word_1_347' title='bbox 804 4355 892 4407; x_wconf 85' lang='grc' dir='ltr'>Ἑν</span> <span class='ocrx_word' id='word_1_348' title='bbox 953 4353 1156 4419; x_wconf 78' lang='grc' dir='ltr'>ἀνοίξει</span> <span class='ocrx_word' id='word_1_349' title='bbox 1203 4351 1298 4406; x_wconf 88' lang='grc' dir='ltr'><strong>τοῦ</strong></span> <span class='ocrx_word' id='word_1_350' title='bbox 1358 4353 1626 4422; x_wconf 79' lang='grc' dir='ltr'>στόματός</span> <span class='ocrx_word' id='word_1_351' title='bbox 1685 4369 1806 4420; x_wconf 88' lang='grc' dir='ltr'>μου.</span> <span class='ocrx_word' id='word_1_352' title='bbox 1843 4370 1861 4402; x_wconf 75' lang='grc' dir='ltr'><strong>ι</strong></span> 
     </span>
    </p>
   </div>
   <div class='ocr_carea' id='block_1_48' title="bbox 287 4442 1868 4514">
    <p class='ocr_par' dir='ltr' id='par_1_48' title="bbox 287 4442 1868 4514">
     <span class='ocr_line' id='line_1_48' title="bbox 287 4442 1868 4514; baseline -0.006 -12"><span class='ocrx_word' id='word_1_353' title='bbox 287 4449 484 4511; x_wconf 82' lang='grc' dir='ltr'>Καλῶς</span> <span class='ocrx_word' id='word_1_354' title='bbox 519 4449 600 4514; x_wconf 80' lang='grc' dir='ltr'>τὸ,</span> <span class='ocrx_word' id='word_1_355' title='bbox 641 4446 890 4510; x_wconf 75' lang='grc' dir='ltr'>Ἀνοίξει.</span> <span class='ocrx_word' id='word_1_356' title='bbox 924 4445 1060 4498; x_wconf 76' lang='grc' dir='ltr'>Οὐδὲ</span> <span class='ocrx_word' id='word_1_357' title='bbox 1092 4445 1200 4514; x_wconf 81' lang='grc' dir='ltr'>γὰρ</span> <span class='ocrx_word' id='word_1_358' title='bbox 1270 4442 1613 4513; x_wconf 85' lang='grc' dir='ltr'>προεμελέτα</span> <span class='ocrx_word' id='word_1_359' title='bbox 1670 4442 1721 4496; x_wconf 88' lang='grc' dir='ltr'>τί</span> <span class='ocrx_word' id='word_1_360' title='bbox 1773 4443 1868 4494; x_wconf 78' lang='grc' dir='ltr'>λα-</span> 
     </span>
    </p>
   </div>
   <div class='ocr_carea' id='block_1_49' title="bbox 1965 588 3539 660">
    <p class='ocr_par' dir='ltr' id='par_1_49' title="bbox 1965 588 3539 660">
     <span class='ocr_line' id='line_1_49' title="bbox 1965 588 3539 660; baseline 0.001 -18"><span class='ocrx_word' id='word_1_361' title='bbox 1965 588 2319 658; x_wconf 85' lang='lat' dir='ltr'><strong>Evangeliutn</strong></span> <span class='ocrx_word' id='word_1_362' title='bbox 2356 605 2540 660; x_wconf 81' lang='lat' dir='ltr'><strong>pacein</strong></span> <span class='ocrx_word' id='word_1_363' title='bbox 2575 590 2793 659; x_wconf 88' lang='lat' dir='ltr'><strong>quidetu</strong></span> <span class='ocrx_word' id='word_1_364' title='bbox 2819 606 2946 660; x_wconf 74' lang='lat' dir='ltr'><strong>rrga</strong></span> <span class='ocrx_word' id='word_1_365' title='bbox 2963 589 3130 644; x_wconf 91' lang='lat' dir='ltr'><strong>Deum</strong></span> <span class='ocrx_word' id='word_1_366' title='bbox 3163 590 3312 654; x_wconf 81' lang='lat' dir='ltr'><strong>facit,</strong></span> <span class='ocrx_word' id='word_1_367' title='bbox 3341 591 3539 645; x_wconf 84' lang='lat' dir='ltr'><strong>bellum</strong></span> 
     </span>
    </p>
   </div>
   <div class='ocr_carea' id='block_1_50' title="bbox 1963 680 3540 752">
    <p class='ocr_par' dir='ltr' id='par_1_50' title="bbox 1963 680 3540 752">
     <span class='ocr_line' id='line_1_50' title="bbox 1963 680 3540 752; baseline 0.002 -22"><span class='ocrx_word' id='word_1_368' title='bbox 1963 695 2093 734; x_wconf 88' lang='lat' dir='ltr'><strong>vero</strong></span> <span class='ocrx_word' id='word_1_369' title='bbox 2115 681 2408 735; x_wconf 87' lang='lat' dir='ltr'><strong>adversum</strong></span> <span class='ocrx_word' id='word_1_370' title='bbox 2444 680 2741 738; x_wconf 65' lang='lat' dir='ltr'><strong>daemones.</strong></span> <span class='ocrx_word' id='word_1_371' title='bbox 2774 701 2792 732; x_wconf 79' lang='grc' dir='ltr'><strong>ι</strong></span> <span class='ocrx_word' id='word_1_372' title='bbox 2815 680 2990 751; x_wconf 85' lang='lat' dir='ltr'><strong>Super</strong></span> <span class='ocrx_word' id='word_1_373' title='bbox 3007 682 3189 736; x_wconf 86' lang='lat' dir='ltr'><strong>omnia</strong></span> <span class='ocrx_word' id='word_1_374' title='bbox 3205 690 3486 752; x_wconf 83' lang='lat' dir='ltr'><strong>assumpto</strong></span> <span class='ocrx_word' id='word_1_375' title='bbox 3522 702 3540 733; x_wconf 71' lang='grc' dir='ltr'><strong>ι</strong></span> 
     </span>
    </p>
   </div>
   <div class='ocr_carea' id='block_1_51' title="bbox 1962 769 3546 840">
    <p class='ocr_par' dir='ltr' id='par_1_51' title="bbox 1962 769 3546 840">
     <span class='ocr_line' id='line_1_51' title="bbox 1962 769 3546 840; baseline 0.003 -16"><span class='ocrx_word' id='word_1_376' title='bbox 1962 769 2345 839; x_wconf 87' lang='lat' dir='ltr'><strong>Oportetcnim</strong></span> <span class='ocrx_word' id='word_1_377' title='bbox 2367 773 2813 840; x_wconf 68' lang='lat' dir='ltr'><strong>illajprteeedcre.</strong></span> <span class='ocrx_word' id='word_1_378' title='bbox 2848 772 3034 829; x_wconf 83' lang='lat' dir='ltr'><strong>Fidem</strong></span> <span class='ocrx_word' id='word_1_379' title='bbox 3055 783 3234 830; x_wconf 87' lang='lat' dir='ltr'><strong>autem</strong></span> <span class='ocrx_word' id='word_1_380' title='bbox 3267 775 3398 828; x_wconf 91' lang='lat' dir='ltr'><strong>dicit</strong></span> <span class='ocrx_word' id='word_1_381' title='bbox 3427 775 3546 829; x_wconf 89' lang='lat' dir='ltr'><strong>sin-</strong></span> 
     </span>
    </p>
   </div>
   <div class='ocr_carea' id='block_1_52' title="bbox 1961 861 3546 933">
    <p class='ocr_par' dir='ltr' id='par_1_52' title="bbox 1961 861 3546 933">
     <span class='ocr_line' id='line_1_52' title="bbox 1961 861 3546 933; baseline 0 -16"><span class='ocrx_word' id='word_1_382' title='bbox 1961 876 2142 917; x_wconf 88' lang='lat' dir='ltr'><strong>ceram</strong></span> <span class='ocrx_word' id='word_1_383' title='bbox 2159 876 2224 916; x_wconf 88' lang='lat' dir='ltr'><strong>ac</strong></span> <span class='ocrx_word' id='word_1_384' title='bbox 2250 861 2570 928; x_wconf 73' lang='lat' dir='ltr'><strong>ferventem,</strong></span> <span class='ocrx_word' id='word_1_385' title='bbox 2601 863 2669 918; x_wconf 92' lang='lat' dir='ltr'><strong>de</strong></span> <span class='ocrx_word' id='word_1_386' title='bbox 2692 879 2797 933; x_wconf 86' lang='lat' dir='ltr'><strong>qua</strong></span> <span class='ocrx_word' id='word_1_387' title='bbox 2813 867 2890 917; x_wconf 88' lang='lat' dir='ltr'><strong>ait</strong></span> <span class='ocrx_word' id='word_1_388' title='bbox 2913 864 3173 921; x_wconf 87' lang='lat' dir='ltr'><strong>Dominus</strong></span> <span class='ocrx_word' id='word_1_389' title='bbox 3202 881 3246 919; x_wconf 76' lang='grc' dir='ltr'>ιι</span> <span class='ocrx_word' id='word_1_390' title='bbox 3269 866 3325 919; x_wconf 88' lang='lat' dir='ltr'><strong>Si</strong></span> <span class='ocrx_word' id='word_1_391' title='bbox 3343 866 3546 920; x_wconf 86' lang='lat' dir='ltr'><strong>habea-</strong></span> 
     </span>
    </p>
   </div>
   <div class='ocr_carea' id='block_1_53' title="bbox 1965 952 3544 1025">
    <p class='ocr_par' dir='ltr' id='par_1_53' title="bbox 1965 952 3544 1025">
     <span class='ocr_line' id='line_1_53' title="bbox 1965 952 3544 1025; baseline 0.004 -20"><span class='ocrx_word' id='word_1_392' title='bbox 1965 955 2032 1006; x_wconf 92' lang='lat' dir='ltr'><strong>tis</strong></span> <span class='ocrx_word' id='word_1_393' title='bbox 2063 952 2220 1006; x_wconf 82' lang='lat' dir='ltr'><strong>fidem</strong></span> <span class='ocrx_word' id='word_1_394' title='bbox 2250 953 2392 1008; x_wconf 90' lang='lat' dir='ltr'><strong>sicut</strong></span> <span class='ocrx_word' id='word_1_395' title='bbox 2428 971 2657 1024; x_wconf 86' lang='lat' dir='ltr'><strong>granum</strong></span> <span class='ocrx_word' id='word_1_396' title='bbox 2689 956 2922 1025; x_wconf 84' lang='lat' dir='ltr'><strong>sinapis,</strong></span> <span class='ocrx_word' id='word_1_397' title='bbox 2952 957 3147 1011; x_wconf 81' lang='lat' dir='ltr'><strong>dicetis</strong></span> <span class='ocrx_word' id='word_1_398' title='bbox 3183 958 3354 1011; x_wconf 89' lang='lat' dir='ltr'><strong>monti</strong></span> <span class='ocrx_word' id='word_1_399' title='bbox 3377 959 3503 1011; x_wconf 81' lang='lat' dir='ltr'><strong>huic</strong></span> <span class='ocrx_word' id='word_1_400' title='bbox 3531 980 3544 1012; x_wconf 91' lang='lat'><strong>:</strong></span> 
     </span>
    </p>
   </div>
   <div class='ocr_carea' id='block_1_54' title="bbox 1962 1043 3548 1110">
    <p class='ocr_par' dir='ltr' id='par_1_54' title="bbox 1962 1043 3548 1110">
     <span class='ocr_line' id='line_1_54' title="bbox 1962 1043 3548 1110; baseline 0.004 -13"><span class='ocrx_word' id='word_1_401' title='bbox 1962 1043 2181 1110; x_wconf 79' lang='lat' dir='ltr'><strong>Transi,</strong></span> <span class='ocrx_word' id='word_1_402' title='bbox 2203 1053 2258 1100; x_wconf 88' lang='lat' dir='ltr'><strong>et</strong></span> <span class='ocrx_word' id='word_1_403' title='bbox 2279 1046 2948 1102; x_wconf 69' lang='lat' dir='ltr'><strong>transibit“.r—-tlacula</strong></span> <span class='ocrx_word' id='word_1_404' title='bbox 2970 1049 3092 1102; x_wconf 85' lang='lat' dir='ltr'><strong>mali</strong></span> <span class='ocrx_word' id='word_1_405' title='bbox 3126 1050 3294 1104; x_wconf 84' lang='lat' dir='ltr'><strong>illius.</strong></span> <span class='ocrx_word' id='word_1_406' title='bbox 3321 1069 3338 1100; x_wconf 78' lang='grc' dir='ltr'><strong>ι</strong></span> <span class='ocrx_word' id='word_1_407' title='bbox 3359 1050 3548 1104; x_wconf 80' lang='lat' dir='ltr'><strong>Jacula</strong></span> 
     </span>
    </p>
   </div>
   <div class='ocr_carea' id='block_1_55' title="bbox 1959 1137 3542 1210">
    <p class='ocr_par' dir='ltr' id='par_1_55' title="bbox 1959 1137 3542 1210">
     <span class='ocr_line' id='line_1_55' title="bbox 1959 1137 3542 1210; baseline 0.006 -28"><span class='ocrx_word' id='word_1_408' title='bbox 1959 1143 2118 1188; x_wconf 88' lang='lat' dir='ltr'><strong>vocat</strong></span> <span class='ocrx_word' id='word_1_409' title='bbox 2165 1137 2644 1205; x_wconf 88' lang='lat' dir='ltr'><strong>coucupiscentias</strong></span> <span class='ocrx_word' id='word_1_410' title='bbox 2676 1179 2690 1202; x_wconf 95' lang='lat'><strong>,</strong></span> <span class='ocrx_word' id='word_1_411' title='bbox 2750 1139 3152 1210; x_wconf 82' lang='lat' dir='ltr'><strong>cogitationes,</strong></span> <span class='ocrx_word' id='word_1_412' title='bbox 3193 1143 3542 1195; x_wconf 83' lang='lat' dir='ltr'><strong>tentationes.</strong></span> 
     </span>
    </p>
   </div>
   <div class='ocr_carea' id='block_1_56' title="bbox 1962 1226 3549 1297">
    <p class='ocr_par' dir='ltr' id='par_1_56' title="bbox 1962 1226 3549 1297">
     <span class='ocr_line' id='line_1_56' title="bbox 1962 1226 3549 1297; baseline 0.004 -19"><span class='ocrx_word' id='word_1_413' title='bbox 1962 1226 2029 1279; x_wconf 86' lang='lat' dir='ltr'><strong>Et</strong></span> <span class='ocrx_word' id='word_1_414' title='bbox 2063 1238 2210 1283; x_wconf 87' lang='lat' dir='ltr'><strong>recte</strong></span> <span class='ocrx_word' id='word_1_415' title='bbox 2241 1229 2340 1292; x_wconf 91' lang='lat' dir='ltr'><strong>ait,</strong></span> <span class='ocrx_word' id='word_1_416' title='bbox 2369 1229 2565 1297; x_wconf 76' lang='lat' dir='ltr'><strong>lgnita.</strong></span> <span class='ocrx_word' id='word_1_417' title='bbox 2605 1229 2762 1284; x_wconf 83' lang='lat' dir='ltr'><strong>Tales</strong></span> <span class='ocrx_word' id='word_1_418' title='bbox 2801 1233 2946 1285; x_wconf 91' lang='lat' dir='ltr'><strong>enim</strong></span> <span class='ocrx_word' id='word_1_419' title='bbox 2984 1241 3112 1286; x_wconf 90' lang='lat' dir='ltr'><strong>sunt</strong></span> <span class='ocrx_word' id='word_1_420' title='bbox 3148 1232 3395 1286; x_wconf 65' lang='lat' dir='ltr'><strong>absurdm</strong></span> <span class='ocrx_word' id='word_1_421' title='bbox 3419 1249 3549 1286; x_wconf 83' lang='lat' dir='ltr'><strong>cen-</strong></span> 
     </span>
    </p>
   </div>
   <div class='ocr_carea' id='block_1_57' title="bbox 1960 1320 3547 1392">
    <p class='ocr_par' dir='ltr' id='par_1_57' title="bbox 1960 1320 3547 1392">
     <span class='ocr_line' id='line_1_57' title="bbox 1960 1320 3547 1392; baseline 0.002 -19"><span class='ocrx_word' id='word_1_422' title='bbox 1960 1321 2335 1389; x_wconf 65' lang='lat' dir='ltr'><strong>cnpiseentiw.</strong></span> <span class='ocrx_word' id='word_1_423' title='bbox 2372 1341 2388 1374; x_wconf 84' lang='grc' dir='ltr'><strong>ι</strong></span> <span class='ocrx_word' id='word_1_424' title='bbox 2409 1320 2740 1392; x_wconf 86' lang='lat' dir='ltr'><strong>Galeamque</strong></span> <span class='ocrx_word' id='word_1_425' title='bbox 2759 1325 3035 1379; x_wconf 86' lang='lat' dir='ltr'><strong>salutaris.</strong></span> <span class='ocrx_word' id='word_1_426' title='bbox 3051 1343 3070 1376; x_wconf 71' lang='grc' dir='ltr'><strong>ι</strong></span> <span class='ocrx_word' id='word_1_427' title='bbox 3099 1323 3301 1381; x_wconf 87' lang='lat' dir='ltr'><strong>Salutis</strong></span> <span class='ocrx_word' id='word_1_428' title='bbox 3324 1335 3547 1387; x_wconf 66' lang='lat' dir='ltr'><strong>nostras,</strong></span> 
     </span>
    </p>
   </div>
   <div class='ocr_carea' id='block_1_58' title="bbox 1961 1411 3548 1489">
    <p class='ocr_par' dir='ltr' id='par_1_58' title="bbox 1961 1411 3548 1489">
     <span class='ocr_line' id='line_1_58' title="bbox 1961 1411 3548 1489; baseline 0.004 -24"><span class='ocrx_word' id='word_1_429' title='bbox 1961 1411 2064 1467; x_wconf 85' lang='lat' dir='ltr'><strong>hoc</strong></span> <span class='ocrx_word' id='word_1_430' title='bbox 2090 1425 2173 1469; x_wconf 89' lang='lat' dir='ltr'><strong>est</strong></span> <span class='ocrx_word' id='word_1_431' title='bbox 2201 1415 2340 1484; x_wconf 76' lang='lat' dir='ltr'><strong>Spei.</strong></span> <span class='ocrx_word' id='word_1_432' title='bbox 2372 1415 2530 1481; x_wconf 87' lang='lat' dir='ltr'><strong>Quod</strong></span> <span class='ocrx_word' id='word_1_433' title='bbox 2563 1428 2746 1475; x_wconf 87' lang='lat' dir='ltr'><strong>autem</strong></span> <span class='ocrx_word' id='word_1_434' title='bbox 2780 1417 2878 1482; x_wconf 87' lang='lat' dir='ltr'><strong>ait,</strong></span> <span class='ocrx_word' id='word_1_435' title='bbox 2917 1436 2933 1468; x_wconf 83' lang='grc' dir='ltr'><strong>ι</strong></span> <span class='ocrx_word' id='word_1_436' title='bbox 2974 1419 3360 1489; x_wconf 82' lang='lat' dir='ltr'><strong>Suscipiendo,</strong></span> <span class='ocrx_word' id='word_1_437' title='bbox 3401 1440 3417 1471; x_wconf 78' lang='grc' dir='ltr'><strong>ι</strong></span> <span class='ocrx_word' id='word_1_438' title='bbox 3444 1420 3548 1472; x_wconf 79' lang='lat' dir='ltr'><strong>huc</strong></span> 
     </span>
    </p>
   </div>
   <div class='ocr_carea' id='block_1_59' title="bbox 1958 1505 3548 1580">
    <p class='ocr_par' dir='ltr' id='par_1_59' title="bbox 1958 1505 3548 1580">
     <span class='ocr_line' id='line_1_59' title="bbox 1958 1505 3548 1580; baseline 0.004 -24"><span class='ocrx_word' id='word_1_439' title='bbox 1958 1512 2062 1568; x_wconf 87' lang='lat' dir='ltr'><strong>est,</strong></span> <span class='ocrx_word' id='word_1_440' title='bbox 2090 1505 2408 1574; x_wconf 85' lang='lat' dir='ltr'><strong>accipiendo</strong></span> <span class='ocrx_word' id='word_1_441' title='bbox 2438 1513 2492 1559; x_wconf 89' lang='lat' dir='ltr'><strong>et</strong></span> <span class='ocrx_word' id='word_1_442' title='bbox 2530 1507 2797 1577; x_wconf 85' lang='lat' dir='ltr'><strong>gestando</strong></span> <span class='ocrx_word' id='word_1_443' title='bbox 2826 1509 2879 1561; x_wconf 91' lang='lat' dir='ltr'><strong>in</strong></span> <span class='ocrx_word' id='word_1_444' title='bbox 2905 1510 3100 1578; x_wconf 78' lang='lat' dir='ltr'><strong>capite.</strong></span> <span class='ocrx_word' id='word_1_445' title='bbox 3166 1529 3182 1560; x_wconf 83' lang='grc' dir='ltr'><strong>ι</strong></span> <span class='ocrx_word' id='word_1_446' title='bbox 3215 1510 3278 1563; x_wconf 86' lang='grc' dir='ltr'>Ει</span> <span class='ocrx_word' id='word_1_447' title='bbox 3309 1511 3548 1580; x_wconf 89' lang='lat' dir='ltr'><strong>gladium</strong></span> 
     </span>
    </p>
   </div>
   <div class='ocr_carea' id='block_1_60' title="bbox 1959 1595 3548 1669">
    <p class='ocr_par' dir='ltr' id='par_1_60' title="bbox 1959 1595 3548 1669">
     <span class='ocr_line' id='line_1_60' title="bbox 1959 1595 3548 1669; baseline 0.001 -21"><span class='ocrx_word' id='word_1_448' title='bbox 1959 1595 2208 1663; x_wconf 83' lang='lat' dir='ltr'><strong>spiritus.</strong></span> <span class='ocrx_word' id='word_1_449' title='bbox 2253 1613 2272 1647; x_wconf 76' lang='grc' dir='ltr'><strong>ι</strong></span> <span class='ocrx_word' id='word_1_450' title='bbox 2309 1595 2420 1650; x_wconf 86' lang='lat' dir='ltr'><strong>Aut</strong></span> <span class='ocrx_word' id='word_1_451' title='bbox 2469 1597 2774 1666; x_wconf 81' lang='lat' dir='ltr'><strong>periphrasi</strong></span> <span class='ocrx_word' id='word_1_452' title='bbox 2821 1598 2958 1652; x_wconf 80' lang='lat' dir='ltr'><strong>dixit</strong></span> <span class='ocrx_word' id='word_1_453' title='bbox 3019 1600 3270 1668; x_wconf 88' lang='lat' dir='ltr'><strong>spiritum</strong></span> <span class='ocrx_word' id='word_1_454' title='bbox 3327 1600 3548 1669; x_wconf 90' lang='lat' dir='ltr'><strong>ipsum,</strong></span> 
     </span>
    </p>
   </div>
   <div class='ocr_carea' id='block_1_61' title="bbox 1961 1685 3548 1754">
    <p class='ocr_par' dir='ltr' id='par_1_61' title="bbox 1961 1685 3548 1754">
     <span class='ocr_line' id='line_1_61' title="bbox 1961 1685 3548 1754; baseline 0.004 -18"><span class='ocrx_word' id='word_1_455' title='bbox 1961 1693 2187 1754; x_wconf 85' lang='lat' dir='ltr'><strong>propter</strong></span> <span class='ocrx_word' id='word_1_456' title='bbox 2229 1685 2551 1740; x_wconf 89' lang='lat' dir='ltr'><strong>incisionem</strong></span> <span class='ocrx_word' id='word_1_457' title='bbox 2603 1703 2701 1740; x_wconf 89' lang='lat' dir='ltr'><strong>seu</strong></span> <span class='ocrx_word' id='word_1_458' title='bbox 2759 1688 3086 1743; x_wconf 81' lang='lat' dir='ltr'><strong>divisionem</strong></span> <span class='ocrx_word' id='word_1_459' title='bbox 3140 1692 3548 1744; x_wconf 83' lang='lat' dir='ltr'><strong>contrariorum</strong></span> 
     </span>
    </p>
   </div>
   <div class='ocr_carea' id='block_1_62' title="bbox 1965 1777 3554 1847">
    <p class='ocr_par' dir='ltr' id='par_1_62' title="bbox 1965 1777 3554 1847">
     <span class='ocr_line' id='line_1_62' title="bbox 1965 1777 3554 1847; baseline 0.005 -18"><span class='ocrx_word' id='word_1_460' title='bbox 1965 1777 2252 1830; x_wconf 83' lang='lat' dir='ltr'><strong>habituum</strong></span> <span class='ocrx_word' id='word_1_461' title='bbox 2289 1793 2302 1830; x_wconf 90' lang='lat'><strong>:</strong></span> <span class='ocrx_word' id='word_1_462' title='bbox 2363 1786 2454 1831; x_wconf 87' lang='lat' dir='ltr'><strong>aut</strong></span> <span class='ocrx_word' id='word_1_463' title='bbox 2490 1778 2833 1847; x_wconf 87' lang='lat' dir='ltr'><strong>spiritualem</strong></span> <span class='ocrx_word' id='word_1_464' title='bbox 2869 1780 3034 1834; x_wconf 88' lang='lat' dir='ltr'><strong>vitam</strong></span> <span class='ocrx_word' id='word_1_465' title='bbox 3069 1795 3133 1835; x_wconf 88' lang='lat' dir='ltr'><strong>ac</strong></span> <span class='ocrx_word' id='word_1_466' title='bbox 3173 1783 3554 1837; x_wconf 83' lang='lat' dir='ltr'><strong>conversatio-</strong></span> 
     </span>
    </p>
   </div>
   <div class='ocr_carea' id='block_1_63' title="bbox 1965 1868 3553 1938">
    <p class='ocr_par' dir='ltr' id='par_1_63' title="bbox 1965 1868 3553 1938">
     <span class='ocr_line' id='line_1_63' title="bbox 1965 1868 3553 1938; baseline 0.004 -16"><span class='ocrx_word' id='word_1_467' title='bbox 1965 1884 2113 1931; x_wconf 88' lang='lat' dir='ltr'><strong>nem,</strong></span> <span class='ocrx_word' id='word_1_468' title='bbox 2148 1883 2268 1937; x_wconf 65' lang='lat' dir='ltr'><strong>quae</strong></span> <span class='ocrx_word' id='word_1_469' title='bbox 2298 1869 2444 1922; x_wconf 86' lang='lat' dir='ltr'><strong>velut</strong></span> <span class='ocrx_word' id='word_1_470' title='bbox 2465 1868 2679 1938; x_wconf 64' lang='lat' dir='ltr'><strong>glaiius</strong></span> <span class='ocrx_word' id='word_1_471' title='bbox 2709 1869 3004 1924; x_wconf 72' lang='lat' dir='ltr'><strong>efﬁcaciam</strong></span> <span class='ocrx_word' id='word_1_472' title='bbox 3043 1871 3259 1927; x_wconf 85' lang='lat' dir='ltr'><strong>habebit</strong></span> <span class='ocrx_word' id='word_1_473' title='bbox 3290 1874 3553 1928; x_wconf 83' lang='lat' dir='ltr'><strong>adversus</strong></span> 
     </span>
    </p>
   </div>
   <div class='ocr_carea' id='block_1_64' title="bbox 1967 1960 3551 2035">
    <p class='ocr_par' dir='ltr' id='par_1_64' title="bbox 1967 1960 3551 2035">
     <span class='ocr_line' id='line_1_64' title="bbox 1967 1960 3551 2035; baseline 0.004 -21"><span class='ocrx_word' id='word_1_474' title='bbox 1967 1960 2288 2030; x_wconf 82' lang='lat' dir='ltr'><strong>spirituales</strong></span> <span class='ocrx_word' id='word_1_475' title='bbox 2338 1961 2594 2016; x_wconf 88' lang='lat' dir='ltr'><strong>inimicos</strong></span> <span class='ocrx_word' id='word_1_476' title='bbox 2630 1981 2642 2016; x_wconf 90' lang='lat'><strong>:</strong></span> <span class='ocrx_word' id='word_1_477' title='bbox 2687 1971 2780 2016; x_wconf 83' lang='lat' dir='ltr'><strong>aut</strong></span> <span class='ocrx_word' id='word_1_478' title='bbox 2805 1963 3124 2031; x_wconf 67' lang='lat' dir='ltr'><strong>Spiritualia</strong></span> <span class='ocrx_word' id='word_1_479' title='bbox 3163 1965 3342 2035; x_wconf 84' lang='lat' dir='ltr'><strong>inquit</strong></span> <span class='ocrx_word' id='word_1_480' title='bbox 3385 1967 3551 2029; x_wconf 88' lang='lat' dir='ltr'><strong>dona,</strong></span> 
     </span>
    </p>
   </div>
   <div class='ocr_carea' id='block_1_65' title="bbox 1966 2051 3551 2123">
    <p class='ocr_par' dir='ltr' id='par_1_65' title="bbox 1966 2051 3551 2123">
     <span class='ocr_line' id='line_1_65' title="bbox 1966 2051 3551 2123; baseline 0.005 -19"><span class='ocrx_word' id='word_1_481' title='bbox 1966 2066 2086 2119; x_wconf 67' lang='lat' dir='ltr'><strong>qua:</strong></span> <span class='ocrx_word' id='word_1_482' title='bbox 2119 2059 2249 2106; x_wconf 90' lang='lat' dir='ltr'><strong>sunt</strong></span> <span class='ocrx_word' id='word_1_483' title='bbox 2282 2067 2377 2121; x_wconf 91' lang='lat' dir='ltr'><strong>per</strong></span> <span class='ocrx_word' id='word_1_484' title='bbox 2409 2052 2630 2106; x_wconf 87' lang='lat' dir='ltr'><strong>verbum</strong></span> <span class='ocrx_word' id='word_1_485' title='bbox 2659 2065 2722 2107; x_wconf 87' lang='lat' dir='ltr'><strong>ac</strong></span> <span class='ocrx_word' id='word_1_486' title='bbox 2742 2051 2956 2122; x_wconf 90' lang='lat' dir='ltr'><strong>jussum</strong></span> <span class='ocrx_word' id='word_1_487' title='bbox 2993 2053 3108 2108; x_wconf 87' lang='lat' dir='ltr'><strong>Dei.</strong></span> <span class='ocrx_word' id='word_1_488' title='bbox 3135 2085 3205 2095; x_wconf 89' lang='lat'><strong><em>—</em></strong></span> <span class='ocrx_word' id='word_1_489' title='bbox 3229 2057 3354 2111; x_wconf 82' lang='lat' dir='ltr'><strong>Aut.</strong></span> <span class='ocrx_word' id='word_1_490' title='bbox 3393 2056 3473 2123; x_wconf 92' lang='lat' dir='ltr'><strong>Qu</strong></span> <span class='ocrx_word' id='word_1_491' title='bbox 3517 2058 3551 2113; x_wconf 93' lang='lat' dir='ltr'><strong>d</strong></span> 
     </span>
    </p>
   </div>
   <div class='ocr_carea' id='block_1_66' title="bbox 1964 2143 3548 2216">
    <p class='ocr_par' dir='ltr' id='par_1_66' title="bbox 1964 2143 3548 2216">
     <span class='ocr_line' id='line_1_66' title="bbox 1964 2143 3548 2216; baseline 0.004 -19"><span class='ocrx_word' id='word_1_492' title='bbox 1964 2150 2050 2198; x_wconf 90' lang='lat' dir='ltr'><strong>est</strong></span> <span class='ocrx_word' id='word_1_493' title='bbox 2077 2143 2300 2198; x_wconf 83' lang='lat' dir='ltr'><strong>verbum</strong></span> <span class='ocrx_word' id='word_1_494' title='bbox 2335 2143 2450 2209; x_wconf 89' lang='lat' dir='ltr'><strong>Dei,</strong></span> <span class='ocrx_word' id='word_1_495' title='bbox 2481 2143 2817 2214; x_wconf 86' lang='lat' dir='ltr'><strong>jungendum</strong></span> <span class='ocrx_word' id='word_1_496' title='bbox 2847 2156 2931 2200; x_wconf 90' lang='lat' dir='ltr'><strong>est</strong></span> <span class='ocrx_word' id='word_1_497' title='bbox 2971 2148 3348 2216; x_wconf 84' lang='lat' dir='ltr'><strong>sequentibus,</strong></span> <span class='ocrx_word' id='word_1_498' title='bbox 3382 2161 3439 2202; x_wconf 92' lang='lat' dir='ltr'><strong>ttt</strong></span> <span class='ocrx_word' id='word_1_499' title='bbox 3475 2151 3548 2204; x_wconf 91' lang='lat' dir='ltr'><strong>sit</strong></span> 
     </span>
    </p>
   </div>
   <div class='ocr_carea' id='block_1_67' title="bbox 1966 2236 3550 2308">
    <p class='ocr_par' dir='ltr' id='par_1_67' title="bbox 1966 2236 3550 2308">
     <span class='ocr_line' id='line_1_67' title="bbox 1966 2236 3550 2308; baseline 0.005 -19"><span class='ocrx_word' id='word_1_500' title='bbox 1966 2251 2202 2291; x_wconf 82' lang='lat' dir='ltr'><strong>sensus:</strong></span> <span class='ocrx_word' id='word_1_501' title='bbox 2255 2236 2411 2302; x_wconf 89' lang='lat' dir='ltr'><strong>Quod</strong></span> <span class='ocrx_word' id='word_1_502' title='bbox 2442 2245 2524 2293; x_wconf 87' lang='lat' dir='ltr'><strong>est</strong></span> <span class='ocrx_word' id='word_1_503' title='bbox 2561 2239 2781 2293; x_wconf 80' lang='lat' dir='ltr'><strong>verbum</strong></span> <span class='ocrx_word' id='word_1_504' title='bbox 2812 2253 2875 2292; x_wconf 89' lang='lat' dir='ltr'><strong>ac</strong></span> <span class='ocrx_word' id='word_1_505' title='bbox 2915 2247 3244 2308; x_wconf 65' lang='lat' dir='ltr'><strong>praeceptum</strong></span> <span class='ocrx_word' id='word_1_506' title='bbox 3287 2243 3397 2306; x_wconf 90' lang='lat' dir='ltr'><strong>Dei,</strong></span> <span class='ocrx_word' id='word_1_507' title='bbox 3449 2243 3550 2298; x_wconf 89' lang='lat' dir='ltr'><strong>hoc</strong></span> 
     </span>
    </p>
   </div>
   <div class='ocr_carea' id='block_1_68' title="bbox 1967 2329 3551 2402">
    <p class='ocr_par' dir='ltr' id='par_1_68' title="bbox 1967 2329 3551 2402">
     <span class='ocr_line' id='line_1_68' title="bbox 1967 2329 3551 2402; baseline 0.002 -18"><span class='ocrx_word' id='word_1_508' title='bbox 1967 2330 2149 2384; x_wconf 74' lang='lat' dir='ltr'><strong>faciie.</strong></span> <span class='ocrx_word' id='word_1_509' title='bbox 2176 2330 2460 2395; x_wconf 86' lang='lat' dir='ltr'><strong>Quodnam</strong></span> <span class='ocrx_word' id='word_1_510' title='bbox 2488 2331 2616 2385; x_wconf 89' lang='lat' dir='ltr'><strong>illud</strong></span> <span class='ocrx_word' id='word_1_511' title='bbox 2645 2331 2770 2386; x_wconf 86' lang='lat' dir='ltr'><strong>est?</strong></span> <span class='ocrx_word' id='word_1_512' title='bbox 2798 2329 2868 2384; x_wconf 91' lang='lat' dir='ltr'><strong>Ut</strong></span> <span class='ocrx_word' id='word_1_513' title='bbox 2901 2331 3024 2386; x_wconf 85' lang='lat' dir='ltr'><strong>sitis</strong></span> <span class='ocrx_word' id='word_1_514' title='bbox 3057 2343 3276 2388; x_wconf 85' lang='lat' dir='ltr'><strong>orantes</strong></span> <span class='ocrx_word' id='word_1_515' title='bbox 3310 2350 3404 2402; x_wconf 89' lang='lat' dir='ltr'><strong>per</strong></span> <span class='ocrx_word' id='word_1_516' title='bbox 3434 2351 3551 2387; x_wconf 85' lang='lat' dir='ltr'><strong>om-</strong></span> 
     </span>
    </p>
   </div>
   <div class='ocr_carea' id='block_1_69' title="bbox 1966 2423 3549 2496">
    <p class='ocr_par' dir='ltr' id='par_1_69' title="bbox 1966 2423 3549 2496">
     <span class='ocr_line' id='line_1_69' title="bbox 1966 2423 3549 2496; baseline 0.002 -20"><span class='ocrx_word' id='word_1_517' title='bbox 1966 2439 2087 2477; x_wconf 88' lang='lat' dir='ltr'><strong>nem</strong></span> <span class='ocrx_word' id='word_1_518' title='bbox 2125 2423 2562 2492; x_wconf 82' lang='lat' dir='ltr'><strong>deprecationem</strong></span> <span class='ocrx_word' id='word_1_519' title='bbox 2593 2430 2648 2478; x_wconf 91' lang='lat' dir='ltr'><strong>et</strong></span> <span class='ocrx_word' id='word_1_520' title='bbox 2677 2425 3010 2479; x_wconf 81' lang='lat' dir='ltr'><strong>oralionem.</strong></span> <span class='ocrx_word' id='word_1_521' title='bbox 3041 2425 3147 2476; x_wconf 77' lang='lat' dir='ltr'><strong>Aut</strong></span> <span class='ocrx_word' id='word_1_522' title='bbox 3201 2425 3254 2478; x_wconf 91' lang='lat' dir='ltr'><strong>in</strong></span> <span class='ocrx_word' id='word_1_523' title='bbox 3307 2441 3370 2479; x_wconf 84' lang='lat' dir='ltr'><strong>eo</strong></span> <span class='ocrx_word' id='word_1_524' title='bbox 3403 2427 3549 2496; x_wconf 86' lang='lat' dir='ltr'><strong>quod</strong></span> 
     </span>
    </p>
   </div>
   <div class='ocr_carea' id='block_1_70' title="bbox 1963 2512 3548 2585">
    <p class='ocr_par' dir='ltr' id='par_1_70' title="bbox 1963 2512 3548 2585">
     <span class='ocr_line' id='line_1_70' title="bbox 1963 2512 3548 2585; baseline 0.002 -18"><span class='ocrx_word' id='word_1_525' title='bbox 1963 2523 2047 2567; x_wconf 86' lang='lat' dir='ltr'><strong>est</strong></span> <span class='ocrx_word' id='word_1_526' title='bbox 2092 2512 2388 2568; x_wconf 83' lang='lat' dir='ltr'><strong>enicaciam</strong></span> <span class='ocrx_word' id='word_1_527' title='bbox 2428 2513 2630 2569; x_wconf 87' lang='lat' dir='ltr'><strong>habere</strong></span> <span class='ocrx_word' id='word_1_528' title='bbox 2662 2529 2725 2569; x_wconf 87' lang='lat' dir='ltr'><strong>ac</strong></span> <span class='ocrx_word' id='word_1_529' title='bbox 2767 2530 2954 2570; x_wconf 78' lang='lat' dir='ltr'><strong>secare</strong></span> <span class='ocrx_word' id='word_1_530' title='bbox 2990 2517 3296 2585; x_wconf 80' lang='lat' dir='ltr'><strong>spiritualia</strong></span> <span class='ocrx_word' id='word_1_531' title='bbox 3354 2519 3492 2570; x_wconf 86' lang='lat' dir='ltr'><strong>dona</strong></span> <span class='ocrx_word' id='word_1_532' title='bbox 3533 2558 3548 2581; x_wconf 93' lang='lat'><strong>,</strong></span> 
     </span>
    </p>
   </div>
   <div class='ocr_carea' id='block_1_71' title="bbox 1964 2605 3549 2663">
    <p class='ocr_par' dir='ltr' id='par_1_71' title="bbox 1964 2605 3549 2663">
     <span class='ocr_line' id='line_1_71' title="bbox 1964 2605 3549 2663; baseline 0.004 -7"><span class='ocrx_word' id='word_1_533' title='bbox 1964 2606 2188 2659; x_wconf 83' lang='lat' dir='ltr'><strong>verbum</strong></span> <span class='ocrx_word' id='word_1_534' title='bbox 2221 2617 2302 2660; x_wconf 80' lang='lat' dir='ltr'><strong>est</strong></span> <span class='ocrx_word' id='word_1_535' title='bbox 2335 2605 2426 2661; x_wconf 92' lang='lat' dir='ltr'><strong>Dei</strong></span> <span class='ocrx_word' id='word_1_536' title='bbox 2455 2613 2571 2662; x_wconf 86' lang='lat' dir='ltr'><strong>:est</strong></span> <span class='ocrx_word' id='word_1_537' title='bbox 2599 2607 2743 2662; x_wconf 89' lang='lat' dir='ltr'><strong>enim</strong></span> <span class='ocrx_word' id='word_1_538' title='bbox 2771 2609 2994 2661; x_wconf 88' lang='lat' dir='ltr'><strong>verbum</strong></span> <span class='ocrx_word' id='word_1_539' title='bbox 3025 2608 3112 2663; x_wconf 87' lang='lat' dir='ltr'><strong>Dei</strong></span> <span class='ocrx_word' id='word_1_540' title='bbox 3141 2609 3454 2663; x_wconf 57' lang='lat' dir='ltr'><strong>divisivum.</strong></span> <span class='ocrx_word' id='word_1_541' title='bbox 3473 2611 3549 2663; x_wconf 85' lang='lat' dir='ltr'><strong>Ita</strong></span> 
     </span>
    </p>
   </div>
   <div class='ocr_carea' id='block_1_72' title="bbox 1963 2695 3554 2769">
    <p class='ocr_par' dir='ltr' id='par_1_72' title="bbox 1963 2695 3554 2769">
     <span class='ocr_line' id='line_1_72' title="bbox 1963 2695 3554 2769; baseline 0.005 -23"><span class='ocrx_word' id='word_1_542' title='bbox 1963 2698 2144 2764; x_wconf 85' lang='lat' dir='ltr'><strong>potius</strong></span> <span class='ocrx_word' id='word_1_543' title='bbox 2203 2695 2457 2767; x_wconf 80' lang='lat' dir='ltr'><strong>intelligit</strong></span> <span class='ocrx_word' id='word_1_544' title='bbox 2507 2712 2726 2766; x_wconf 86' lang='lat' dir='ltr'><strong>quoque</strong></span> <span class='ocrx_word' id='word_1_545' title='bbox 2765 2698 2956 2752; x_wconf 88' lang='lat' dir='ltr'><strong>beatus</strong></span> <span class='ocrx_word' id='word_1_546' title='bbox 2988 2697 3249 2754; x_wconf 83' lang='lat' dir='ltr'><strong>Joannes.</strong></span> <span class='ocrx_word' id='word_1_547' title='bbox 3284 2698 3417 2753; x_wconf 82' lang='lat' dir='ltr'><strong>Nam</strong></span> <span class='ocrx_word' id='word_1_548' title='bbox 3460 2716 3554 2769; x_wconf 86' lang='lat' dir='ltr'><strong>per</strong></span> 
     </span>
    </p>
   </div>
   <div class='ocr_carea' id='block_1_73' title="bbox 1964 2786 3551 2861">
    <p class='ocr_par' dir='ltr' id='par_1_73' title="bbox 1964 2786 3551 2861">
     <span class='ocr_line' id='line_1_73' title="bbox 1964 2786 3551 2861; baseline 0.005 -24"><span class='ocrx_word' id='word_1_549' title='bbox 1964 2786 2186 2840; x_wconf 79' lang='lat' dir='ltr'><strong>verbum</strong></span> <span class='ocrx_word' id='word_1_550' title='bbox 2220 2786 2308 2840; x_wconf 87' lang='lat' dir='ltr'><strong>Dei</strong></span> <span class='ocrx_word' id='word_1_551' title='bbox 2329 2788 2747 2858; x_wconf 82' lang='lat' dir='ltr'><strong>perliciebmtur</strong></span> <span class='ocrx_word' id='word_1_552' title='bbox 2759 2789 2920 2844; x_wconf 87' lang='lat' dir='ltr'><strong>dona.</strong></span> <span class='ocrx_word' id='word_1_553' title='bbox 2933 2809 2949 2840; x_wconf 82' lang='grc' dir='ltr'><strong>ι</strong></span> <span class='ocrx_word' id='word_1_554' title='bbox 2977 2788 3030 2842; x_wconf 87' lang='lat' dir='ltr'><strong>Si</strong></span> <span class='ocrx_word' id='word_1_555' title='bbox 3050 2791 3266 2859; x_wconf 88' lang='lat' dir='ltr'><strong>quidem</strong></span> <span class='ocrx_word' id='word_1_556' title='bbox 3289 2791 3551 2861; x_wconf 63' lang='lat' dir='ltr'><strong>quidquid</strong></span> 
     </span>
    </p>
   </div>
   <div class='ocr_carea' id='block_1_74' title="bbox 1965 2876 3550 2959">
    <p class='ocr_par' dir='ltr' id='par_1_74' title="bbox 1965 2876 3550 2959">
     <span class='ocr_line' id='line_1_74' title="bbox 1965 2876 3550 2959; baseline 0.004 -30"><span class='ocrx_word' id='word_1_557' title='bbox 1965 2876 2231 2945; x_wconf 87' lang='lat' dir='ltr'><strong>petieritis</strong></span> <span class='ocrx_word' id='word_1_558' title='bbox 2252 2891 2349 2946; x_wconf 83' lang='lat' dir='ltr'><strong>per</strong></span> <span class='ocrx_word' id='word_1_559' title='bbox 2397 2891 2593 2932; x_wconf 91' lang='lat' dir='ltr'><strong>nomen</strong></span> <span class='ocrx_word' id='word_1_560' title='bbox 2638 2893 2818 2932; x_wconf 85' lang='lat' dir='ltr'><strong>meum</strong></span> <span class='ocrx_word' id='word_1_561' title='bbox 2845 2879 2996 2959; x_wconf 80' lang='lat' dir='ltr'><strong>dabit</strong></span> <span class='ocrx_word' id='word_1_562' title='bbox 3024 2879 3203 2944; x_wconf 84' lang='lat' dir='ltr'><strong>vobis,</strong></span> <span class='ocrx_word' id='word_1_563' title='bbox 3235 2897 3254 2932; x_wconf 78' lang='grc' dir='ltr'><strong>ι</strong></span> <span class='ocrx_word' id='word_1_564' title='bbox 3292 2883 3368 2934; x_wconf 86' lang='lat' dir='ltr'><strong>ait</strong></span> <span class='ocrx_word' id='word_1_565' title='bbox 3391 2881 3550 2936; x_wconf 86' lang='lat' dir='ltr'><strong>Chri-</strong></span> 
     </span>
    </p>
   </div>
   <div class='ocr_carea' id='block_1_75' title="bbox 1964 2967 2176 3022">
    <p class='ocr_par' dir='ltr' id='par_1_75' title="bbox 1964 2967 2176 3022">
     <span class='ocr_line' id='line_1_75' title="bbox 1964 2967 2176 3022; baseline 0 0"><span class='ocrx_word' id='word_1_566' title='bbox 1964 2975 2084 3022; x_wconf 87' lang='lat' dir='ltr'><strong>stus</strong></span> <span class='ocrx_word' id='word_1_567' title='bbox 2110 2967 2176 3022; x_wconf 77' lang='grc'><strong>⁸⁸.</strong></span> 
     </span>
    </p>
   </div>
   <div class='ocr_carea' id='block_1_76' title="bbox 2043 3142 3552 3218">
    <p class='ocr_par' dir='ltr' id='par_1_76' title="bbox 2043 3142 3552 3218">
     <span class='ocr_line' id='line_1_76' title="bbox 2043 3142 3552 3218; baseline 0.004 -20"><span class='ocrx_word' id='word_1_568' title='bbox 2043 3142 2130 3209; x_wconf 82' lang='lat' dir='ltr'><strong>Vl,</strong></span> <span class='ocrx_word' id='word_1_569' title='bbox 2169 3145 2352 3200; x_wconf 73' lang='lat' dir='ltr'><strong>l8-20.</strong></span> <span class='ocrx_word' id='word_1_570' title='bbox 2386 3145 2613 3202; x_wconf 80' lang='lat' dir='ltr'><strong>Orontes</strong></span> <span class='ocrx_word' id='word_1_571' title='bbox 2650 3149 2793 3202; x_wconf 85' lang='lat' dir='ltr'><strong>omni</strong></span> <span class='ocrx_word' id='word_1_572' title='bbox 2822 3159 3047 3218; x_wconf 79' lang='lat' dir='ltr'><strong>tempore</strong></span> <span class='ocrx_word' id='word_1_573' title='bbox 3081 3148 3133 3202; x_wconf 85' lang='lat' dir='ltr'><strong>in</strong></span> <span class='ocrx_word' id='word_1_574' title='bbox 3157 3150 3369 3218; x_wconf 78' lang='lat' dir='ltr'><strong>spiritu,</strong></span> <span class='ocrx_word' id='word_1_575' title='bbox 3403 3159 3450 3205; x_wconf 87' lang='lat' dir='ltr'><strong>et</strong></span> <span class='ocrx_word' id='word_1_576' title='bbox 3483 3152 3552 3204; x_wconf 83' lang='lat' dir='ltr'><strong>ad</strong></span> 
     </span>
    </p>
   </div>
   <div class='ocr_carea' id='block_1_77' title="bbox 1970 3237 3556 3310">
    <p class='ocr_par' dir='ltr' id='par_1_77' title="bbox 1970 3237 3556 3310">
     <span class='ocr_line' id='line_1_77' title="bbox 1970 3237 3556 3310; baseline 0.005 -21"><span class='ocrx_word' id='word_1_577' title='bbox 1970 3237 2067 3292; x_wconf 83' lang='lat' dir='ltr'><strong>hoc</strong></span> <span class='ocrx_word' id='word_1_578' title='bbox 2100 3245 2271 3307; x_wconf 81' lang='lat' dir='ltr'><strong>ipsum</strong></span> <span class='ocrx_word' id='word_1_579' title='bbox 2301 3240 2576 3309; x_wconf 74' lang='lat' dir='ltr'><strong>vigilantes</strong></span> <span class='ocrx_word' id='word_1_580' title='bbox 2607 3254 2723 3293; x_wconf 82' lang='lat' dir='ltr'><strong>cum</strong></span> <span class='ocrx_word' id='word_1_581' title='bbox 2756 3241 2898 3293; x_wconf 86' lang='lat' dir='ltr'><strong>omni</strong></span> <span class='ocrx_word' id='word_1_582' title='bbox 2925 3240 3207 3295; x_wconf 80' lang='lat' dir='ltr'><strong>sedulitate</strong></span> <span class='ocrx_word' id='word_1_583' title='bbox 3230 3251 3277 3294; x_wconf 89' lang='lat' dir='ltr'><strong>et</strong></span> <span class='ocrx_word' id='word_1_584' title='bbox 3309 3241 3556 3310; x_wconf 76' lang='lat' dir='ltr'><strong>depreca-</strong></span> 
     </span>
    </p>
   </div>
   <div class='ocr_carea' id='block_1_78' title="bbox 1972 3332 3555 3401">
    <p class='ocr_par' dir='ltr' id='par_1_78' title="bbox 1972 3332 3555 3401">
     <span class='ocr_line' id='line_1_78' title="bbox 1972 3332 3555 3401; baseline 0.003 -17"><span class='ocrx_word' id='word_1_585' title='bbox 1972 3332 2110 3385; x_wconf 76' lang='lat' dir='ltr'><strong>tione</strong></span> <span class='ocrx_word' id='word_1_586' title='bbox 2149 3348 2246 3401; x_wconf 86' lang='lat' dir='ltr'><strong>pro</strong></span> <span class='ocrx_word' id='word_1_587' title='bbox 2283 3333 2523 3386; x_wconf 82' lang='lat' dir='ltr'><strong>omnibus</strong></span> <span class='ocrx_word' id='word_1_588' title='bbox 2556 3335 2756 3386; x_wconf 77' lang='lat' dir='ltr'><strong>sanctis</strong></span> <span class='ocrx_word' id='word_1_589' title='bbox 2784 3343 2832 3385; x_wconf 89' lang='lat' dir='ltr'><strong>et</strong></span> <span class='ocrx_word' id='word_1_590' title='bbox 2869 3349 2962 3398; x_wconf 84' lang='lat' dir='ltr'><strong>pro</strong></span> <span class='ocrx_word' id='word_1_591' title='bbox 2997 3350 3097 3392; x_wconf 89' lang='lat' dir='ltr'><strong>me.</strong></span> <span class='ocrx_word' id='word_1_592' title='bbox 3135 3345 3190 3386; x_wconf 86' lang='grc' dir='ltr'><strong>ιιι</strong></span> <span class='ocrx_word' id='word_1_593' title='bbox 3235 3335 3366 3386; x_wconf 83' lang='lat' dir='ltr'><strong>mihi</strong></span> <span class='ocrx_word' id='word_1_594' title='bbox 3402 3337 3555 3388; x_wconf 82' lang='lat' dir='ltr'><strong>detur</strong></span> 
     </span>
    </p>
   </div>
   <div class='ocr_carea' id='block_1_79' title="bbox 1969 3424 3556 3497">
    <p class='ocr_par' dir='ltr' id='par_1_79' title="bbox 1969 3424 3556 3497">
     <span class='ocr_line' id='line_1_79' title="bbox 1969 3424 3556 3497; baseline 0.002 -22"><span class='ocrx_word' id='word_1_595' title='bbox 1969 3439 2141 3477; x_wconf 86' lang='lat' dir='ltr'><strong>sermo</strong></span> <span class='ocrx_word' id='word_1_596' title='bbox 2177 3424 2234 3476; x_wconf 84' lang='lat' dir='ltr'><strong>in</strong></span> <span class='ocrx_word' id='word_1_597' title='bbox 2278 3425 2548 3492; x_wconf 84' lang='lat' dir='ltr'><strong>apertione</strong></span> <span class='ocrx_word' id='word_1_598' title='bbox 2591 3425 2696 3478; x_wconf 85' lang='lat' dir='ltr'><strong>oris</strong></span> <span class='ocrx_word' id='word_1_599' title='bbox 2730 3425 2831 3478; x_wconf 86' lang='lat' dir='ltr'><strong>mei</strong></span> <span class='ocrx_word' id='word_1_600' title='bbox 2863 3440 2882 3478; x_wconf 91' lang='lat'><em>:</em></span> <span class='ocrx_word' id='word_1_601' title='bbox 2931 3435 2986 3477; x_wconf 87' lang='lat' dir='ltr'><strong>ut</strong></span> <span class='ocrx_word' id='word_1_602' title='bbox 3018 3440 3137 3479; x_wconf 86' lang='lat' dir='ltr'><strong>cum</strong></span> <span class='ocrx_word' id='word_1_603' title='bbox 3178 3424 3420 3479; x_wconf 80' lang='lat' dir='ltr'><strong>libertate</strong></span> <span class='ocrx_word' id='word_1_604' title='bbox 3445 3427 3556 3497; x_wconf 72' lang='grc' dir='ltr'><strong>ϐο</strong></span> 
     </span>
    </p>
   </div>
   <div class='ocr_carea' id='block_1_80' title="bbox 1971 3511 3556 3587">
    <p class='ocr_par' dir='ltr' id='par_1_80' title="bbox 1971 3511 3556 3587">
     <span class='ocr_line' id='line_1_80' title="bbox 1971 3511 3556 3587; baseline 0.003 -21"><span class='ocrx_word' id='word_1_605' title='bbox 1971 3522 2148 3566; x_wconf 85' lang='lat' dir='ltr'><strong>notum</strong></span> <span class='ocrx_word' id='word_1_606' title='bbox 2177 3513 2375 3587; x_wconf 75' lang='lat' dir='ltr'><strong>furiam</strong></span> <span class='ocrx_word' id='word_1_607' title='bbox 2408 3515 2716 3583; x_wconf 81' lang='lat' dir='ltr'><strong>mysterium</strong></span> <span class='ocrx_word' id='word_1_608' title='bbox 2745 3511 3040 3585; x_wconf 77' lang='lat' dir='ltr'><strong>Evangelii,</strong></span> <span class='ocrx_word' id='word_1_609' title='bbox 3074 3531 3168 3580; x_wconf 80' lang='lat' dir='ltr'><strong>pro</strong></span> <span class='ocrx_word' id='word_1_610' title='bbox 3201 3531 3302 3582; x_wconf 83' lang='lat' dir='ltr'><strong>quo</strong></span> <span class='ocrx_word' id='word_1_611' title='bbox 3327 3515 3556 3584; x_wconf 83' lang='lat' dir='ltr'><strong>legatio-</strong></span> 
     </span>
    </p>
   </div>
   <div class='ocr_carea' id='block_1_81' title="bbox 1971 3606 3555 3677">
    <p class='ocr_par' dir='ltr' id='par_1_81' title="bbox 1971 3606 3555 3677">
     <span class='ocr_line' id='line_1_81' title="bbox 1971 3606 3555 3677; baseline -0.001 -21"><span class='ocrx_word' id='word_1_612' title='bbox 1971 3620 2034 3657; x_wconf 87' lang='lat' dir='ltr'><strong>ne</strong></span> <span class='ocrx_word' id='word_1_613' title='bbox 2077 3606 2270 3673; x_wconf 70' lang='lat' dir='ltr'><strong>fatigor</strong></span> <span class='ocrx_word' id='word_1_614' title='bbox 2313 3606 2369 3656; x_wconf 84' lang='lat' dir='ltr'><strong>in</strong></span> <span class='ocrx_word' id='word_1_615' title='bbox 2413 3615 2624 3671; x_wconf 79' lang='lat' dir='ltr'><strong>catena,</strong></span> <span class='ocrx_word' id='word_1_616' title='bbox 2680 3617 2736 3659; x_wconf 89' lang='grc' dir='ltr'><strong>ιιι</strong></span> <span class='ocrx_word' id='word_1_617' title='bbox 2785 3607 2839 3660; x_wconf 85' lang='lat' dir='ltr'><strong>in</strong></span> <span class='ocrx_word' id='word_1_618' title='bbox 2879 3623 2938 3661; x_wconf 89' lang='lat' dir='ltr'><strong>eo</strong></span> <span class='ocrx_word' id='word_1_619' title='bbox 2987 3607 3149 3660; x_wconf 81' lang='lat' dir='ltr'><strong>libere</strong></span> <span class='ocrx_word' id='word_1_620' title='bbox 3195 3607 3386 3677; x_wconf 81' lang='lat' dir='ltr'><strong>loquar</strong></span> <span class='ocrx_word' id='word_1_621' title='bbox 3418 3607 3555 3660; x_wconf 82' lang='lat' dir='ltr'><strong>sicut</strong></span> 
     </span>
    </p>
   </div>
   <div class='ocr_carea' id='block_1_82' title="bbox 1972 3698 2483 3769">
    <p class='ocr_par' dir='ltr' id='par_1_82' title="bbox 1972 3698 2483 3769">
     <span class='ocr_line' id='line_1_82' title="bbox 1972 3698 2483 3769; baseline 0.004 -19"><span class='ocrx_word' id='word_1_622' title='bbox 1972 3710 2171 3768; x_wconf 85' lang='lat' dir='ltr'><strong>oportet</strong></span> <span class='ocrx_word' id='word_1_623' title='bbox 2209 3716 2288 3752; x_wconf 87' lang='lat' dir='ltr'><strong>me</strong></span> <span class='ocrx_word' id='word_1_624' title='bbox 2315 3698 2483 3769; x_wconf 80' lang='lat' dir='ltr'><strong>loqui.</strong></span> 
     </span>
    </p>
   </div>
   <div class='ocr_carea' id='block_1_83' title="bbox 2042 3875 3556 3946">
    <p class='ocr_par' dir='ltr' id='par_1_83' title="bbox 2042 3875 3556 3946">
     <span class='ocr_line' id='line_1_83' title="bbox 2042 3875 3556 3946; baseline -0.001 -16"><span class='ocrx_word' id='word_1_625' title='bbox 2042 3877 2338 3946; x_wconf 76' lang='lat' dir='ltr'><strong>Postquam</strong></span> <span class='ocrx_word' id='word_1_626' title='bbox 2365 3875 2597 3929; x_wconf 86' lang='lat' dir='ltr'><strong>armavit</strong></span> <span class='ocrx_word' id='word_1_627' title='bbox 2625 3891 2828 3944; x_wconf 80' lang='lat' dir='ltr'><strong>regem,</strong></span> <span class='ocrx_word' id='word_1_628' title='bbox 2867 3885 3270 3944; x_wconf 86' lang='lat' dir='ltr'><strong>consequenter</strong></span> <span class='ocrx_word' id='word_1_629' title='bbox 3296 3883 3457 3931; x_wconf 81' lang='lat' dir='ltr'><strong>vocat</strong></span> <span class='ocrx_word' id='word_1_630' title='bbox 3495 3885 3556 3929; x_wconf 89' lang='lat' dir='ltr'><strong>ut</strong></span> 
     </span>
    </p>
   </div>
   <div class='ocr_carea' id='block_1_84' title="bbox 1970 3965 3554 4037">
    <p class='ocr_par' dir='ltr' id='par_1_84' title="bbox 1970 3965 3554 4037">
     <span class='ocr_line' id='line_1_84' title="bbox 1970 3965 3554 4037; baseline -0.001 -15"><span class='ocrx_word' id='word_1_631' title='bbox 1970 3967 2057 4022; x_wconf 80' lang='lat' dir='ltr'><strong>det</strong></span> <span class='ocrx_word' id='word_1_632' title='bbox 2086 3983 2329 4021; x_wconf 87' lang='lat' dir='ltr'><strong>manum.</strong></span> <span class='ocrx_word' id='word_1_633' title='bbox 2371 3986 2388 4017; x_wconf 80' lang='grc' dir='ltr'><strong>ι</strong></span> <span class='ocrx_word' id='word_1_634' title='bbox 2425 3965 2480 4019; x_wconf 87' lang='lat' dir='ltr'><strong>In</strong></span> <span class='ocrx_word' id='word_1_635' title='bbox 2518 3967 2735 4035; x_wconf 87' lang='lat' dir='ltr'><strong>spiritu.</strong></span> <span class='ocrx_word' id='word_1_636' title='bbox 2778 3985 2796 4016; x_wconf 74' lang='grc' dir='ltr'><strong>ι</strong></span> <span class='ocrx_word' id='word_1_637' title='bbox 2833 3965 2952 4019; x_wconf 82' lang='lat' dir='ltr'><strong>Non</strong></span> <span class='ocrx_word' id='word_1_638' title='bbox 2984 3966 3035 4018; x_wconf 92' lang='lat' dir='ltr'><strong>in</strong></span> <span class='ocrx_word' id='word_1_639' title='bbox 3064 3967 3378 4037; x_wconf 86' lang='lat' dir='ltr'><strong>battologiis</strong></span> <span class='ocrx_word' id='word_1_640' title='bbox 3407 4006 3420 4032; x_wconf 87' lang='lat'><strong>,</strong></span> <span class='ocrx_word' id='word_1_641' title='bbox 3457 3977 3554 4020; x_wconf 90' lang='lat' dir='ltr'><strong>aut</strong></span> 
     </span>
    </p>
   </div>
   <div class='ocr_carea' id='block_1_85' title="bbox 1969 4056 3558 4127">
    <p class='ocr_par' dir='ltr' id='par_1_85' title="bbox 1969 4056 3558 4127">
     <span class='ocr_line' id='line_1_85' title="bbox 1969 4056 3558 4127; baseline -0.002 -13"><span class='ocrx_word' id='word_1_642' title='bbox 1969 4060 2259 4114; x_wconf 84' lang='lat' dir='ltr'><strong>verborum</strong></span> <span class='ocrx_word' id='word_1_643' title='bbox 2286 4057 2652 4127; x_wconf 88' lang='lat' dir='ltr'><strong>multiloquio.</strong></span> <span class='ocrx_word' id='word_1_644' title='bbox 2711 4075 2730 4107; x_wconf 82' lang='grc' dir='ltr'><strong>ι</strong></span> <span class='ocrx_word' id='word_1_645' title='bbox 2766 4056 2832 4108; x_wconf 82' lang='lat' dir='ltr'><strong>Et</strong></span> <span class='ocrx_word' id='word_1_646' title='bbox 2870 4057 2936 4110; x_wconf 90' lang='lat' dir='ltr'><strong>ad</strong></span> <span class='ocrx_word' id='word_1_647' title='bbox 2963 4057 3064 4111; x_wconf 94' lang='lat' dir='ltr'><strong>hoc</strong></span> <span class='ocrx_word' id='word_1_648' title='bbox 3107 4058 3282 4126; x_wconf 87' lang='lat' dir='ltr'><strong>ipsum</strong></span> <span class='ocrx_word' id='word_1_649' title='bbox 3325 4059 3558 4127; x_wconf 84' lang='lat' dir='ltr'><strong>vigilan-</strong></span> 
     </span>
    </p>
   </div>
   <div class='ocr_carea' id='block_1_86' title="bbox 1970 4147 3558 4217">
    <p class='ocr_par' dir='ltr' id='par_1_86' title="bbox 1970 4147 3558 4217">
     <span class='ocr_line' id='line_1_86' title="bbox 1970 4147 3558 4217; baseline -0.002 -11"><span class='ocrx_word' id='word_1_650' title='bbox 1970 4159 2072 4206; x_wconf 90' lang='lat' dir='ltr'><strong>tes.</strong></span> <span class='ocrx_word' id='word_1_651' title='bbox 2104 4169 2121 4202; x_wconf 84' lang='grc' dir='ltr'><strong>ι</strong></span> <span class='ocrx_word' id='word_1_652' title='bbox 2146 4150 2309 4213; x_wconf 80' lang='lat' dir='ltr'><strong>Nihil,</strong></span> <span class='ocrx_word' id='word_1_653' title='bbox 2334 4149 2529 4216; x_wconf 88' lang='lat' dir='ltr'><strong>inquit,</strong></span> <span class='ocrx_word' id='word_1_654' title='bbox 2568 4163 2734 4217; x_wconf 80' lang='lat' dir='ltr'><strong>segne</strong></span> <span class='ocrx_word' id='word_1_655' title='bbox 2775 4158 2865 4200; x_wconf 91' lang='lat' dir='ltr'><strong>aut</strong></span> <span class='ocrx_word' id='word_1_656' title='bbox 2911 4148 3238 4215; x_wconf 84' lang='lat' dir='ltr'><strong>neglectum.</strong></span> <span class='ocrx_word' id='word_1_657' title='bbox 3294 4167 3312 4198; x_wconf 78' lang='grc' dir='ltr'><strong>ι</strong></span> <span class='ocrx_word' id='word_1_658' title='bbox 3352 4147 3415 4200; x_wconf 79' lang='lat' dir='ltr'><strong>Et</strong></span> <span class='ocrx_word' id='word_1_659' title='bbox 3458 4164 3558 4217; x_wconf 91' lang='lat' dir='ltr'><strong>pro</strong></span> 
     </span>
    </p>
   </div>
   <div class='ocr_carea' id='block_1_87' title="bbox 1970 4222 3557 4308">
    <p class='ocr_par' dir='ltr' id='par_1_87' title="bbox 1970 4222 3557 4308">
     <span class='ocr_line' id='line_1_87' title="bbox 1970 4222 3557 4308; baseline -0.004 -12"><span class='ocrx_word' id='word_1_660' title='bbox 1970 4259 2076 4297; x_wconf 87' lang='lat' dir='ltr'><strong>me.</strong></span> <span class='ocrx_word' id='word_1_661' title='bbox 2116 4261 2133 4293; x_wconf 72' lang='grc' dir='ltr'><strong>ι</strong></span> <span class='ocrx_word' id='word_1_662' title='bbox 2175 4242 2388 4297; x_wconf 85' lang='lat' dir='ltr'><strong>Etenim</strong></span> <span class='ocrx_word' id='word_1_663' title='bbox 2423 4222 2640 4294; x_wconf 73' lang='lat' dir='ltr'><strong>Petrum</strong></span> <span class='ocrx_word' id='word_1_664' title='bbox 2699 4254 2917 4308; x_wconf 90' lang='lat' dir='ltr'><strong>quoque</strong></span> <span class='ocrx_word' id='word_1_665' title='bbox 2945 4237 3204 4292; x_wconf 79' lang='lat' dir='ltr'><strong>Ecclesiae</strong></span> <span class='ocrx_word' id='word_1_666' title='bbox 3234 4241 3410 4291; x_wconf 85' lang='lat' dir='ltr'><strong>oratio</strong></span> <span class='ocrx_word' id='word_1_667' title='bbox 3445 4241 3557 4293; x_wconf 85' lang='lat' dir='ltr'><strong>sol-</strong></span> 
     </span>
    </p>
   </div>
   <div class='ocr_carea' id='block_1_88' title="bbox 1968 4330 3557 4402">
    <p class='ocr_par' dir='ltr' id='par_1_88' title="bbox 1968 4330 3557 4402">
     <span class='ocr_line' id='line_1_88' title="bbox 1968 4330 3557 4402; baseline 0.001 -18"><span class='ocrx_word' id='word_1_668' title='bbox 1968 4335 2048 4388; x_wconf 89' lang='lat' dir='ltr'><strong>vit</strong></span> <span class='ocrx_word' id='word_1_669' title='bbox 2087 4349 2116 4387; x_wconf 89' lang='lat' dir='ltr'><strong>a</strong></span> <span class='ocrx_word' id='word_1_670' title='bbox 2160 4334 2395 4389; x_wconf 88' lang='lat' dir='ltr'><strong>vinculis</strong></span> <span class='ocrx_word' id='word_1_671' title='bbox 2421 4333 2489 4385; x_wconf 78' lang='lat'><strong>“.</strong></span> <span class='ocrx_word' id='word_1_672' title='bbox 2540 4351 2559 4384; x_wconf 84' lang='grc' dir='ltr'><strong>ι</strong></span> <span class='ocrx_word' id='word_1_673' title='bbox 2594 4335 2652 4385; x_wconf 87' lang='lat' dir='ltr'><strong>ltt</strong></span> <span class='ocrx_word' id='word_1_674' title='bbox 2692 4332 2977 4402; x_wconf 87' lang='lat' dir='ltr'><strong>apertioue</strong></span> <span class='ocrx_word' id='word_1_675' title='bbox 3008 4331 3122 4386; x_wconf 89' lang='lat' dir='ltr'><strong>oris</strong></span> <span class='ocrx_word' id='word_1_676' title='bbox 3160 4330 3286 4384; x_wconf 90' lang='lat' dir='ltr'><strong>mei.</strong></span> <span class='ocrx_word' id='word_1_677' title='bbox 3319 4349 3337 4382; x_wconf 79' lang='grc' dir='ltr'><strong>ι</strong></span> <span class='ocrx_word' id='word_1_678' title='bbox 3388 4330 3557 4385; x_wconf 83' lang='lat' dir='ltr'><strong>Recte</strong></span> 
     </span>
    </p>
   </div>
   <div class='ocr_carea' id='block_1_89' title="bbox 1972 4422 3554 4496">
    <p class='ocr_par' dir='ltr' id='par_1_89' title="bbox 1972 4422 3554 4496">
     <span class='ocr_line' id='line_1_89' title="bbox 1972 4422 3554 4496; baseline -0.002 -17"><span class='ocrx_word' id='word_1_679' title='bbox 1972 4429 2044 4479; x_wconf 89' lang='lat' dir='ltr'><strong>ait</strong></span> <span class='ocrx_word' id='word_1_680' title='bbox 2078 4444 2090 4480; x_wconf 91' lang='lat'><strong>:</strong></span> <span class='ocrx_word' id='word_1_681' title='bbox 2125 4426 2178 4480; x_wconf 93' lang='lat' dir='ltr'><strong>In</strong></span> <span class='ocrx_word' id='word_1_682' title='bbox 2205 4426 2506 4496; x_wconf 87' lang='lat' dir='ltr'><strong>apertione.</strong></span> <span class='ocrx_word' id='word_1_683' title='bbox 2534 4424 2722 4494; x_wconf 85' lang='lat' dir='ltr'><strong>Neque</strong></span> <span class='ocrx_word' id='word_1_684' title='bbox 2739 4423 2885 4478; x_wconf 91' lang='lat' dir='ltr'><strong>enim</strong></span> <span class='ocrx_word' id='word_1_685' title='bbox 2914 4422 3398 4492; x_wconf 67' lang='lat' dir='ltr'><strong>praemeditabatur</strong></span> <span class='ocrx_word' id='word_1_686' title='bbox 3425 4423 3554 4492; x_wconf 86' lang='lat' dir='ltr'><strong>quid</strong></span> 
     </span>
    </p>
   </div>
   <div class='ocr_carea' id='block_1_90' title="bbox 286 4510 1862 4612">
    <p class='ocr_par' dir='ltr' id='par_1_90' title="bbox 286 4532 1862 4612">
     <span class='ocr_line' id='line_1_90' title="bbox 286 4532 1862 4612; baseline -0.006 -19"><span class='ocrx_word' id='word_1_687' title='bbox 286 4541 464 4612; x_wconf 80' lang='grc' dir='ltr'>λήσει,</span> <span class='ocrx_word' id='word_1_688' title='bbox 511 4537 732 4610; x_wconf 82' lang='grc' dir='ltr'>Χριστῷ</span> <span class='ocrx_word' id='word_1_689' title='bbox 779 4537 1121 4608; x_wconf 71' lang='grc' dir='ltr'>πειθόμενος,</span> <span class='ocrx_word' id='word_1_690' title='bbox 1159 4536 1274 4588; x_wconf 85' lang='grc' dir='ltr'>ἀλλ’</span> <span class='ocrx_word' id='word_1_691' title='bbox 1304 4535 1362 4599; x_wconf 76' lang='grc' dir='ltr'>ἐξ</span> <span class='ocrx_word' id='word_1_692' title='bbox 1393 4533 1654 4602; x_wconf 78' lang='grc' dir='ltr'>ὑπογυίου</span> <span class='ocrx_word' id='word_1_693' title='bbox 1685 4532 1780 4585; x_wconf 75' lang='grc' dir='ltr'><strong>καὶ</strong></span> <span class='ocrx_word' id='word_1_694' title='bbox 1813 4533 1862 4586; x_wconf 81' lang='grc' dir='ltr'>ἐν</span> 
     </span>
    </p>
   </div>
   <div class='ocr_carea' id='block_1_91' title="bbox 1972 4510 3556 4612">
    <p class='ocr_par' dir='ltr' id='par_1_91' title="bbox 1975 4510 3556 4580">
     <span class='ocr_line' id='line_1_91' title="bbox 1975 4510 3556 4580; baseline -0.004 -10"><span class='ocrx_word' id='word_1_695' title='bbox 1975 4517 2259 4571; x_wconf 90' lang='lat' dir='ltr'><strong>locuturus</strong></span> <span class='ocrx_word' id='word_1_696' title='bbox 2311 4522 2477 4580; x_wconf 88' lang='lat' dir='ltr'><strong>esset,</strong></span> <span class='ocrx_word' id='word_1_697' title='bbox 2521 4513 2747 4568; x_wconf 89' lang='lat' dir='ltr'><strong>Christo</strong></span> <span class='ocrx_word' id='word_1_698' title='bbox 2801 4512 3188 4580; x_wconf 89' lang='lat' dir='ltr'><strong>obtemperans</strong></span> <span class='ocrx_word' id='word_1_699' title='bbox 3221 4510 3263 4542; x_wconf 81' lang='lat'><strong>&quot;</strong></span> <span class='ocrx_word' id='word_1_700' title='bbox 3299 4529 3313 4564; x_wconf 91' lang='lat'><strong>:</strong></span> <span class='ocrx_word' id='word_1_701' title='bbox 3363 4513 3456 4566; x_wconf 89' lang='lat' dir='ltr'><strong>sed</strong></span> <span class='ocrx_word' id='word_1_702' title='bbox 3489 4527 3556 4566; x_wconf 79' lang='lat' dir='ltr'><strong>ex</strong></span> 
     </span>
    </p>
   </div>
   <div class='ocr_carea' id='block_1_92' title="bbox 284 4625 1872 4703">
    <p class='ocr_par' dir='ltr' id='par_1_92' title="bbox 284 4625 1872 4703">
     <span class='ocr_line' id='line_1_92' title="bbox 284 4625 1872 4703; baseline -0.008 -15"><span class='ocrx_word' id='word_1_703' title='bbox 284 4634 438 4703; x_wconf 78' lang='grc' dir='ltr'>αὑτῷ</span> <span class='ocrx_word' id='word_1_704' title='bbox 454 4633 531 4701; x_wconf 85' lang='grc' dir='ltr'>τῷ</span> <span class='ocrx_word' id='word_1_705' title='bbox 557 4631 768 4695; x_wconf 79' lang='grc' dir='ltr'>ἀνοῖξαι</span> <span class='ocrx_word' id='word_1_706' title='bbox 794 4631 854 4682; x_wconf 85' lang='grc' dir='ltr'>τὸ</span> <span class='ocrx_word' id='word_1_707' title='bbox 884 4629 1076 4697; x_wconf 82' lang='grc' dir='ltr'>στόμα,</span> <span class='ocrx_word' id='word_1_708' title='bbox 1096 4627 1296 4696; x_wconf 83' lang='grc' dir='ltr'>ὁλόγος</span> <span class='ocrx_word' id='word_1_709' title='bbox 1325 4626 1542 4697; x_wconf 70' lang='grc' dir='ltr'>προῄει.</span> <span class='ocrx_word' id='word_1_710' title='bbox 1580 4625 1698 4678; x_wconf 77' lang='grc' dir='ltr'><strong>«Ἐν</strong></span> <span class='ocrx_word' id='word_1_711' title='bbox 1728 4627 1872 4694; x_wconf 84' lang='grc' dir='ltr'>παῤ-</span> 
     </span>
    </p>
   </div>
   <div class='ocr_carea' id='block_1_93' title="bbox 289 4715 1874 4795">
    <p class='ocr_par' dir='ltr' id='par_1_93' title="bbox 289 4715 1874 4795">
     <span class='ocr_line' id='line_1_93' title="bbox 289 4715 1874 4795; baseline -0.005 -19"><span class='ocrx_word' id='word_1_712' title='bbox 289 4724 457 4795; x_wconf 72' lang='grc' dir='ltr'>ῥησία</span> <span class='ocrx_word' id='word_1_713' title='bbox 481 4722 770 4793; x_wconf 84' lang='grc' dir='ltr'>γνωρίσαι.</span> <span class='ocrx_word' id='word_1_714' title='bbox 811 4719 939 4788; x_wconf 42' lang='grc' dir='ltr'><strong>»δἪ</strong></span> <span class='ocrx_word' id='word_1_715' title='bbox 971 4718 1060 4771; x_wconf 75' lang='grc' dir='ltr'>ἵνα</span> <span class='ocrx_word' id='word_1_716' title='bbox 1093 4719 1150 4771; x_wconf 83' lang='grc' dir='ltr'>ὲν</span> <span class='ocrx_word' id='word_1_717' title='bbox 1183 4716 1473 4788; x_wconf 78' lang='grc' dir='ltr'>παρρησία</span> <span class='ocrx_word' id='word_1_718' title='bbox 1521 4715 1874 4785; x_wconf 80' lang='grc' dir='ltr'>ἀπολογήσω-</span> 
     </span>
    </p>
   </div>
   <div class='ocr_carea' id='block_1_94' title="bbox 290 4800 1876 4886">
    <p class='ocr_par' dir='ltr' id='par_1_94' title="bbox 290 4800 1876 4886">
     <span class='ocr_line' id='line_1_94' title="bbox 290 4800 1876 4886; baseline -0.008 -17"><span class='ocrx_word' id='word_1_719' title='bbox 290 4833 410 4886; x_wconf 85' lang='grc' dir='ltr'>μαι.</span> <span class='ocrx_word' id='word_1_720' title='bbox 481 4815 550 4866; x_wconf 84' lang='grc' dir='ltr'>Ἢ</span> <span class='ocrx_word' id='word_1_721' title='bbox 601 4813 688 4866; x_wconf 81' lang='grc' dir='ltr'>ἴνα</span> <span class='ocrx_word' id='word_1_722' title='bbox 749 4809 1212 4879; x_wconf 76' lang='grc' dir='ltr'>εὐαγγελίζωμαι.</span> <span class='ocrx_word' id='word_1_723' title='bbox 1289 4827 1308 4859; x_wconf 82' lang='grc' dir='ltr'><strong>ι</strong></span> <span class='ocrx_word' id='word_1_724' title='bbox 1356 4806 1528 4877; x_wconf 84' lang='grc' dir='ltr'>’Υπὲρ</span> <span class='ocrx_word' id='word_1_725' title='bbox 1584 4800 1644 4860; x_wconf 77' lang='grc' dir='ltr'>οὗ</span> <span class='ocrx_word' id='word_1_726' title='bbox 1742 4822 1876 4875; x_wconf 87' lang='grc' dir='ltr'>πρε-</span> 
     </span>
    </p>
   </div>
   <div class='ocr_carea' id='block_1_95' title="bbox 288 4897 1874 4974">
    <p class='ocr_par' dir='ltr' id='par_1_95' title="bbox 288 4897 1874 4974">
     <span class='ocr_line' id='line_1_95' title="bbox 288 4897 1874 4974; baseline -0.009 -11"><span class='ocrx_word' id='word_1_727' title='bbox 288 4908 520 4963; x_wconf 77' lang='grc' dir='ltr'>σὸεύω.»</span> <span class='ocrx_word' id='word_1_728' title='bbox 573 4905 743 4974; x_wconf 81' lang='grc' dir='ltr'>’Υπὲρ</span> <span class='ocrx_word' id='word_1_729' title='bbox 775 4898 837 4958; x_wconf 78' lang='grc' dir='ltr'>οὗ</span> <span class='ocrx_word' id='word_1_730' title='bbox 873 4903 1206 4970; x_wconf 77' lang='grc' dir='ltr'>Εὐαγγελίου</span> <span class='ocrx_word' id='word_1_731' title='bbox 1237 4899 1528 4972; x_wconf 79' lang='grc' dir='ltr'>πρεσϐεύω</span> <span class='ocrx_word' id='word_1_732' title='bbox 1568 4899 1705 4968; x_wconf 82' lang='grc' dir='ltr'>πρὸς</span> <span class='ocrx_word' id='word_1_733' title='bbox 1748 4897 1874 4960; x_wconf 77' lang='grc' dir='ltr'>τοὺς</span> 
     </span>
    </p>
   </div>
   <div class='ocr_carea' id='block_1_96' title="bbox 285 4987 1872 5070">
    <p class='ocr_par' dir='ltr' id='par_1_96' title="bbox 285 4987 1872 5070">
     <span class='ocr_line' id='line_1_96' title="bbox 285 4987 1872 5070; baseline -0.009 -16"><span class='ocrx_word' id='word_1_734' title='bbox 285 5000 633 5070; x_wconf 79' lang='grc' dir='ltr'>ἀνθρώπους,</span> <span class='ocrx_word' id='word_1_735' title='bbox 695 4997 806 5061; x_wconf 83' lang='grc' dir='ltr'>ἵνα,</span> <span class='ocrx_word' id='word_1_736' title='bbox 855 4995 1044 5064; x_wconf 65' lang='grc' dir='ltr'>φησιν,</span> <span class='ocrx_word' id='word_1_737' title='bbox 1105 4993 1254 5061; x_wconf 82' lang='grc' dir='ltr'>αὑτῴ</span> <span class='ocrx_word' id='word_1_738' title='bbox 1305 4993 1401 5045; x_wconf 70' lang='grc' dir='ltr'>καὶ</span> <span class='ocrx_word' id='word_1_739' title='bbox 1453 4993 1566 5052; x_wconf 80' lang='grc' dir='ltr'>τοῖς</span> <span class='ocrx_word' id='word_1_740' title='bbox 1613 4991 1670 5042; x_wconf 81' lang='grc' dir='ltr'>ὲν</span> <span class='ocrx_word' id='word_1_741' title='bbox 1724 4987 1872 5056; x_wconf 81' lang='grc' dir='ltr'>αὐτῷ</span> 
     </span>
    </p>
   </div>
   <div class='ocr_carea' id='block_1_97' title="bbox 286 5081 1874 5159">
    <p class='ocr_par' dir='ltr' id='par_1_97' title="bbox 286 5081 1874 5159">
     <span class='ocr_line' id='line_1_97' title="bbox 286 5081 1874 5159; baseline -0.009 -13"><span class='ocrx_word' id='word_1_742' title='bbox 286 5090 726 5159; x_wconf 83' lang='grc' dir='ltr'>καταλλαγῶσιν.</span> <span class='ocrx_word' id='word_1_743' title='bbox 755 5106 774 5140; x_wconf 84' lang='grc' dir='ltr'><strong>ι</strong></span> <span class='ocrx_word' id='word_1_744' title='bbox 823 5087 994 5155; x_wconf 81' lang='grc' dir='ltr'>’Υπὲρ</span> <span class='ocrx_word' id='word_1_745' title='bbox 1036 5083 1276 5156; x_wconf 86' lang='grc' dir='ltr'>Χριστοῦ</span> <span class='ocrx_word' id='word_1_746' title='bbox 1316 5084 1424 5154; x_wconf 74' lang='grc' dir='ltr'>γὰρ</span> <span class='ocrx_word' id='word_1_747' title='bbox 1451 5123 1466 5147; x_wconf 95' lang='grc'><strong>,</strong></span> <span class='ocrx_word' id='word_1_748' title='bbox 1522 5081 1656 5150; x_wconf 80' lang='grc' dir='ltr'>φησὶ</span> <span class='ocrx_word' id='word_1_749' title='bbox 1684 5121 1698 5146; x_wconf 93' lang='grc'><strong>,</strong></span> <span class='ocrx_word' id='word_1_750' title='bbox 1748 5096 1874 5150; x_wconf 84' lang='grc' dir='ltr'>πρεο</span> 
     </span>
    </p>
   </div>
   <div class='ocr_carea' id='block_1_98' title="bbox 289 5174 1874 5256">
    <p class='ocr_par' dir='ltr' id='par_1_98' title="bbox 289 5174 1874 5256">
     <span class='ocr_line' id='line_1_98' title="bbox 289 5174 1874 5256; baseline -0.009 -17"><span class='ocrx_word' id='word_1_751' title='bbox 289 5185 578 5256; x_wconf 76' lang='grc' dir='ltr'>σϐεύομεν.</span> <span class='ocrx_word' id='word_1_752' title='bbox 606 5201 626 5236; x_wconf 74' lang='grc' dir='ltr'><strong>ι</strong></span> <span class='ocrx_word' id='word_1_753' title='bbox 648 5211 716 5224; x_wconf 88' lang='lat'><strong>—-—</strong></span> <span class='ocrx_word' id='word_1_754' title='bbox 745 5199 764 5234; x_wconf 83' lang='grc' dir='ltr'><strong>ι</strong></span> <span class='ocrx_word' id='word_1_755' title='bbox 789 5181 906 5234; x_wconf 80' lang='grc' dir='ltr'>Ἵνα</span> <span class='ocrx_word' id='word_1_756' title='bbox 936 5181 991 5232; x_wconf 83' lang='grc' dir='ltr'>ὲν</span> <span class='ocrx_word' id='word_1_757' title='bbox 1027 5177 1174 5247; x_wconf 82' lang='grc' dir='ltr'>αὐτῷ</span> <span class='ocrx_word' id='word_1_758' title='bbox 1211 5175 1705 5247; x_wconf 76' lang='grc' dir='ltr'>παρρησιάσωμαι,</span> <span class='ocrx_word' id='word_1_759' title='bbox 1745 5192 1762 5224; x_wconf 76' lang='grc' dir='ltr'><strong>ι</strong></span> <span class='ocrx_word' id='word_1_760' title='bbox 1785 5174 1874 5226; x_wconf 82' lang='grc' dir='ltr'><strong>Ἐν</strong></span> 
     </span>
    </p>
   </div>
   <div class='ocr_carea' id='block_1_99' title="bbox 285 5265 1875 5352">
    <p class='ocr_par' dir='ltr' id='par_1_99' title="bbox 285 5265 1875 5352">
     <span class='ocr_line' id='line_1_99' title="bbox 285 5265 1875 5352; baseline -0.012 -17"><span class='ocrx_word' id='word_1_761' title='bbox 285 5281 507 5352; x_wconf 83' lang='grc' dir='ltr'>δεσμοῖς</span> <span class='ocrx_word' id='word_1_762' title='bbox 546 5275 636 5350; x_wconf 82' lang='grc' dir='ltr'>ἦν,</span> <span class='ocrx_word' id='word_1_763' title='bbox 663 5279 758 5332; x_wconf 68' lang='grc' dir='ltr'>καὶ</span> <span class='ocrx_word' id='word_1_764' title='bbox 788 5272 1177 5342; x_wconf 81' lang='grc' dir='ltr'>ἀπολογεῖσθαι</span> <span class='ocrx_word' id='word_1_765' title='bbox 1207 5269 1432 5340; x_wconf 75' lang='grc' dir='ltr'>ἔμελλεν</span> <span class='ocrx_word' id='word_1_766' title='bbox 1457 5269 1544 5320; x_wconf 83' lang='grc' dir='ltr'>ἵνα</span> <span class='ocrx_word' id='word_1_767' title='bbox 1569 5266 1682 5332; x_wconf 85' lang='grc' dir='ltr'>οῦν,</span> <span class='ocrx_word' id='word_1_768' title='bbox 1717 5265 1875 5335; x_wconf 71' lang='grc' dir='ltr'>φησὶ,</span> 
     </span>
    </p>
   </div>
   <div class='ocr_carea' id='block_1_100' title="bbox 289 5357 1865 5442">
    <p class='ocr_par' dir='ltr' id='par_1_100' title="bbox 289 5357 1865 5442">
     <span class='ocr_line' id='line_1_100' title="bbox 289 5357 1865 5442; baseline -0.01 -17"><span class='ocrx_word' id='word_1_769' title='bbox 289 5372 428 5442; x_wconf 82' lang='grc' dir='ltr'>μετὰ</span> <span class='ocrx_word' id='word_1_770' title='bbox 460 5369 797 5442; x_wconf 75' lang='grc' dir='ltr'>παρρησίας,</span> <span class='ocrx_word' id='word_1_771' title='bbox 829 5367 924 5420; x_wconf 67' lang='grc' dir='ltr'><strong>καὶ</strong></span> <span class='ocrx_word' id='word_1_772' title='bbox 965 5362 1139 5427; x_wconf 79' lang='grc' dir='ltr'>οὕτως</span> <span class='ocrx_word' id='word_1_773' title='bbox 1177 5363 1251 5426; x_wconf 86' lang='grc' dir='ltr'>ὠς</span> <span class='ocrx_word' id='word_1_774' title='bbox 1293 5360 1400 5432; x_wconf 79' lang='grc' dir='ltr'>χρὴ</span> <span class='ocrx_word' id='word_1_775' title='bbox 1429 5360 1518 5413; x_wconf 79' lang='grc' dir='ltr'>τὸν</span> <span class='ocrx_word' id='word_1_776' title='bbox 1547 5359 1686 5429; x_wconf 83' lang='grc' dir='ltr'>ὑπὲρ</span> <span class='ocrx_word' id='word_1_777' title='bbox 1711 5357 1865 5426; x_wconf 81' lang='grc' dir='ltr'>τη).ι-·</span> 
     </span>
    </p>
   </div>
   <div class='ocr_carea' id='block_1_101' title="bbox 287 5457 1476 5532">
    <p class='ocr_par' dir='ltr' id='par_1_101' title="bbox 287 5457 1476 5532">
     <span class='ocr_line' id='line_1_101' title="bbox 287 5457 1476 5532; baseline -0.012 -12"><span class='ocrx_word' id='word_1_778' title='bbox 287 5464 500 5520; x_wconf 82' lang='grc' dir='ltr'>κούτων</span> <span class='ocrx_word' id='word_1_779' title='bbox 533 5462 994 5532; x_wconf 79' lang='grc' dir='ltr'>ἀπολογούμενον,</span> <span class='ocrx_word' id='word_1_780' title='bbox 1022 5457 1476 5527; x_wconf 81' lang='grc' dir='ltr'>ἀπολογήσωμαι.</span> 
     </span>
    </p>
   </div>
   <div class='ocr_carea' id='block_1_102' title="bbox 359 5627 1862 5708">
    <p class='ocr_par' dir='ltr' id='par_1_102' title="bbox 359 5627 1862 5708">
     <span class='ocr_line' id='line_1_102' title="bbox 359 5627 1862 5708; baseline -0.011 -13"><span class='ocrx_word' id='word_1_781' title='bbox 359 5642 484 5695; x_wconf 84' lang='grc' dir='ltr'><strong>Ἵνα</strong></span> <span class='ocrx_word' id='word_1_782' title='bbox 503 5639 570 5693; x_wconf 84' lang='grc' dir='ltr'>δὲ</span> <span class='ocrx_word' id='word_1_783' title='bbox 587 5638 784 5708; x_wconf 71' lang='grc' dir='ltr'>εἰδῆτε</span> <span class='ocrx_word' id='word_1_784' title='bbox 814 5636 911 5692; x_wconf 76' lang='grc' dir='ltr'>καὶ</span> <span class='ocrx_word' id='word_1_785' title='bbox 935 5635 1094 5705; x_wconf 80' lang='grc' dir='ltr'>ὑμεῖς</span> <span class='ocrx_word' id='word_1_786' title='bbox 1129 5634 1200 5687; x_wconf 84' lang='grc' dir='ltr'>τὰ</span> <span class='ocrx_word' id='word_1_787' title='bbox 1231 5632 1358 5686; x_wconf 86' lang='grc' dir='ltr'>κατ’</span> <span class='ocrx_word' id='word_1_788' title='bbox 1387 5629 1492 5700; x_wconf 82' lang='grc' dir='ltr'><strong>ἐμὲ</strong></span> <span class='ocrx_word' id='word_1_789' title='bbox 1511 5629 1567 5683; x_wconf 84' lang='grc' dir='ltr'><strong>τί</strong></span> <span class='ocrx_word' id='word_1_790' title='bbox 1587 5627 1862 5696; x_wconf 81' lang='grc' dir='ltr'>πράσσω,</span> 
     </span>
    </p>
   </div>
   <div class='ocr_carea' id='block_1_103' title="bbox 283 5825 451 5890">
    <p class='ocr_par' dir='ltr' id='par_1_103' title="bbox 283 5825 451 5890">
     <span class='ocr_line' id='line_1_103' title="bbox 283 5825 451 5890; baseline -0.018 -9"><span class='ocrx_word' id='word_1_791' title='bbox 283 5841 336 5890; x_wconf 83' lang='lat' dir='ltr'><strong>v,</strong></span> <span class='ocrx_word' id='word_1_792' title='bbox 361 5825 451 5880; x_wconf 73' lang='grc' dir='ltr'>ευ.</span> 
     </span>
    </p>
   </div>
   <div class='ocr_carea' id='block_1_104' title="bbox 355 5729 1862 5819">
    <p class='ocr_par' dir='ltr' id='par_1_104' title="bbox 355 5742 1862 5819">
     <span class='ocr_line' id='line_1_104' title="bbox 355 5742 1862 5819; baseline -0.009 -11"><span class='ocrx_word' id='word_1_793' title='bbox 355 5754 402 5785; x_wconf 74' lang='grc'><strong>⁸³</strong></span> <span class='ocrx_word' id='word_1_794' title='bbox 441 5753 583 5812; x_wconf 83' lang='lat' dir='ltr'><strong>Psal.</strong></span> <span class='ocrx_word' id='word_1_795' title='bbox 624 5753 756 5819; x_wconf 79' lang='lat' dir='ltr'><strong>x,7.</strong></span> <span class='ocrx_word' id='word_1_796' title='bbox 801 5751 851 5783; x_wconf 74' lang='lat'>“</span> <span class='ocrx_word' id='word_1_797' title='bbox 873 5749 1066 5804; x_wconf 85' lang='lat' dir='ltr'><strong>Matth.</strong></span> <span class='ocrx_word' id='word_1_798' title='bbox 1096 5763 1227 5811; x_wconf 80' lang='lat' dir='ltr'><strong>xvn,</strong></span> <span class='ocrx_word' id='word_1_799' title='bbox 1273 5745 1358 5800; x_wconf 84' lang='lat' dir='ltr'><strong>l9.</strong></span> <span class='ocrx_word' id='word_1_800' title='bbox 1436 5745 1479 5776; x_wconf 65' lang='grc' dir='ltr'><strong>ιδ</strong></span> <span class='ocrx_word' id='word_1_801' title='bbox 1514 5742 1671 5800; x_wconf 85' lang='lat' dir='ltr'><strong>Joau.</strong></span> <span class='ocrx_word' id='word_1_802' title='bbox 1705 5758 1817 5810; x_wconf 79' lang='lat' dir='ltr'><strong>xvi,</strong></span> <span class='ocrx_word' id='word_1_803' title='bbox 1854 5743 1862 5794; x_wconf 68' lang='grc' dir='ltr'>ε</span> 
     </span>
    </p>
   </div>
   <div class='ocr_carea' id='block_1_105' title="bbox 1972 5729 3179 5819">
    <p class='ocr_par' dir='ltr' id='par_1_105' title="bbox 2004 5729 3179 5816">
     <span class='ocr_line' id='line_1_105' title="bbox 2004 5729 3179 5816; baseline 0.016 -24"><span class='ocrx_word' id='word_1_804' title='bbox 2004 5740 2212 5816; x_wconf 46' lang='lat' dir='ltr'><strong>&quot;&#39;Act.</strong></span> <span class='ocrx_word' id='word_1_805' title='bbox 2256 5755 2349 5805; x_wconf 71' lang='grc' dir='ltr'>ιιι,</span> <span class='ocrx_word' id='word_1_806' title='bbox 2385 5736 2470 5795; x_wconf 82' lang='grc' dir='ltr'>Η.</span> <span class='ocrx_word' id='word_1_807' title='bbox 2547 5733 2591 5765; x_wconf 68' lang='grc'><strong>’⁸⁷</strong></span> <span class='ocrx_word' id='word_1_808' title='bbox 2619 5732 2753 5790; x_wconf 76' lang='lat' dir='ltr'><strong>LUC-</strong></span> <span class='ocrx_word' id='word_1_809' title='bbox 2781 5748 2894 5794; x_wconf 59' lang='lat'><strong>3“!</strong></span> <span class='ocrx_word' id='word_1_810' title='bbox 2932 5729 2995 5784; x_wconf 65' lang='grc' dir='ltr'>Η</span> <span class='ocrx_word' id='word_1_811' title='bbox 3026 5742 3179 5798; x_wconf 63' lang='lat' dir='ltr'><strong>seqq“</strong></span> 
     </span>
    </p>
   </div>
   <div class='ocr_carea' id='block_1_106' title="bbox 1974 4603 3560 4678">
    <p class='ocr_par' dir='ltr' id='par_1_106' title="bbox 1974 4603 3560 4678">
     <span class='ocr_line' id='line_1_106' title="bbox 1974 4603 3560 4678; baseline -0.003 -17"><span class='ocrx_word' id='word_1_812' title='bbox 1974 4608 2228 4678; x_wconf 77' lang='lat' dir='ltr'><strong>proximo</strong></span> <span class='ocrx_word' id='word_1_813' title='bbox 2257 4613 2311 4660; x_wconf 91' lang='lat' dir='ltr'><strong>et</strong></span> <span class='ocrx_word' id='word_1_814' title='bbox 2348 4607 2399 4659; x_wconf 92' lang='lat' dir='ltr'><strong>in</strong></span> <span class='ocrx_word' id='word_1_815' title='bbox 2432 4621 2496 4660; x_wconf 89' lang='lat' dir='ltr'><strong>eo</strong></span> <span class='ocrx_word' id='word_1_816' title='bbox 2526 4607 2646 4674; x_wconf 90' lang='lat' dir='ltr'><strong>ipso</strong></span> <span class='ocrx_word' id='word_1_817' title='bbox 2681 4618 2790 4674; x_wconf 90' lang='lat' dir='ltr'><strong>quo</strong></span> <span class='ocrx_word' id='word_1_818' title='bbox 2828 4617 2891 4658; x_wconf 90' lang='lat' dir='ltr'><strong>os</strong></span> <span class='ocrx_word' id='word_1_819' title='bbox 2927 4603 3188 4672; x_wconf 87' lang='lat' dir='ltr'><strong>aperiret,</strong></span> <span class='ocrx_word' id='word_1_820' title='bbox 3227 4616 3407 4656; x_wconf 86' lang='lat' dir='ltr'><strong>sermo</strong></span> <span class='ocrx_word' id='word_1_821' title='bbox 3432 4616 3560 4671; x_wconf 88' lang='lat' dir='ltr'><strong>pro-</strong></span> 
     </span>
    </p>
   </div>
   <div class='ocr_carea' id='block_1_107' title="bbox 1977 4691 3555 4757">
    <p class='ocr_par' dir='ltr' id='par_1_107' title="bbox 1977 4691 3555 4757">
     <span class='ocr_line' id='line_1_107' title="bbox 1977 4691 3555 4757; baseline -0.004 -5"><span class='ocrx_word' id='word_1_822' title='bbox 1977 4700 2222 4754; x_wconf 85' lang='lat' dir='ltr'><strong>cedebat.</strong></span> <span class='ocrx_word' id='word_1_823' title='bbox 2259 4715 2280 4750; x_wconf 82' lang='grc' dir='ltr'><strong>ι</strong></span> <span class='ocrx_word' id='word_1_824' title='bbox 2317 4695 2386 4752; x_wconf 89' lang='lat' dir='ltr'><strong>Ut</strong></span> <span class='ocrx_word' id='word_1_825' title='bbox 2426 4712 2550 4751; x_wconf 88' lang='lat' dir='ltr'><strong>cum</strong></span> <span class='ocrx_word' id='word_1_826' title='bbox 2595 4695 2842 4750; x_wconf 87' lang='lat' dir='ltr'><strong>libertate</strong></span> <span class='ocrx_word' id='word_1_827' title='bbox 2884 4703 3072 4747; x_wconf 89' lang='lat' dir='ltr'><strong>notum</strong></span> <span class='ocrx_word' id='word_1_828' title='bbox 3109 4691 3327 4746; x_wconf 80' lang='lat' dir='ltr'><strong>faciam.</strong></span> <span class='ocrx_word' id='word_1_829' title='bbox 3373 4711 3393 4745; x_wconf 76' lang='grc' dir='ltr'><strong>ι</strong></span> <span class='ocrx_word' id='word_1_830' title='bbox 3424 4693 3555 4757; x_wconf 83' lang='grc' dir='ltr'>Αυι,</span> 
     </span>
    </p>
   </div>
   <div class='ocr_carea' id='block_1_108' title="bbox 1981 4785 3559 4858">
    <p class='ocr_par' dir='ltr' id='par_1_108' title="bbox 1981 4785 3559 4858">
     <span class='ocr_line' id='line_1_108' title="bbox 1981 4785 3559 4858; baseline -0.005 -12"><span class='ocrx_word' id='word_1_831' title='bbox 1981 4791 2051 4846; x_wconf 89' lang='lat' dir='ltr'><strong>Ut</strong></span> <span class='ocrx_word' id='word_1_832' title='bbox 2088 4805 2213 4845; x_wconf 91' lang='lat' dir='ltr'><strong>cum</strong></span> <span class='ocrx_word' id='word_1_833' title='bbox 2266 4789 2514 4844; x_wconf 88' lang='lat' dir='ltr'><strong>libertate</strong></span> <span class='ocrx_word' id='word_1_834' title='bbox 2547 4801 2648 4858; x_wconf 92' lang='lat' dir='ltr'><strong>pro</strong></span> <span class='ocrx_word' id='word_1_835' title='bbox 2698 4804 2786 4843; x_wconf 85' lang='lat' dir='ltr'><strong>me</strong></span> <span class='ocrx_word' id='word_1_836' title='bbox 2823 4801 3044 4841; x_wconf 88' lang='lat' dir='ltr'><strong>causam</strong></span> <span class='ocrx_word' id='word_1_837' title='bbox 3083 4785 3302 4848; x_wconf 87' lang='lat' dir='ltr'><strong>dicam;</strong></span> <span class='ocrx_word' id='word_1_838' title='bbox 3337 4797 3428 4839; x_wconf 89' lang='lat' dir='ltr'><strong>aut</strong></span> <span class='ocrx_word' id='word_1_839' title='bbox 3457 4785 3559 4840; x_wconf 77' lang='lat' dir='ltr'><strong>:Ut</strong></span> 
     </span>
    </p>
   </div>
   <div class='ocr_carea' id='block_1_109' title="bbox 1977 4876 3559 4956">
    <p class='ocr_par' dir='ltr' id='par_1_109' title="bbox 1977 4876 3559 4956">
     <span class='ocr_line' id='line_1_109' title="bbox 1977 4876 3559 4956; baseline -0.005 -18"><span class='ocrx_word' id='word_1_840' title='bbox 1977 4883 2266 4956; x_wconf 66' lang='lat' dir='ltr'><strong>praedicem</strong></span> <span class='ocrx_word' id='word_1_841' title='bbox 2310 4881 2685 4949; x_wconf 83' lang='lat' dir='ltr'><strong>Evangelium.</strong></span> <span class='ocrx_word' id='word_1_842' title='bbox 2736 4896 2756 4931; x_wconf 81' lang='grc' dir='ltr'><strong>ι</strong></span> <span class='ocrx_word' id='word_1_843' title='bbox 2800 4877 2906 4932; x_wconf 83' lang='lat' dir='ltr'><strong>Pro</strong></span> <span class='ocrx_word' id='word_1_844' title='bbox 2958 4892 3069 4947; x_wconf 89' lang='lat' dir='ltr'><strong>quo</strong></span> <span class='ocrx_word' id='word_1_845' title='bbox 3120 4876 3389 4946; x_wconf 86' lang='lat' dir='ltr'><strong>legatione</strong></span> <span class='ocrx_word' id='word_1_846' title='bbox 3429 4876 3559 4930; x_wconf 80' lang='lat' dir='ltr'><strong>fun-</strong></span> 
     </span>
    </p>
   </div>
   <div class='ocr_carea' id='block_1_110' title="bbox 1977 4971 3559 5050">
    <p class='ocr_par' dir='ltr' id='par_1_110' title="bbox 1977 4971 3559 5050">
     <span class='ocr_line' id='line_1_110' title="bbox 1977 4971 3559 5050; baseline -0.004 -18"><span class='ocrx_word' id='word_1_847' title='bbox 1977 4995 2091 5050; x_wconf 88' lang='lat' dir='ltr'><strong>gor.</strong></span> <span class='ocrx_word' id='word_1_848' title='bbox 2137 4997 2152 5030; x_wconf 80' lang='grc' dir='ltr'><strong>ι</strong></span> <span class='ocrx_word' id='word_1_849' title='bbox 2190 4977 2296 5031; x_wconf 90' lang='lat' dir='ltr'><strong>Pro</strong></span> <span class='ocrx_word' id='word_1_850' title='bbox 2328 4991 2436 5047; x_wconf 85' lang='lat' dir='ltr'><strong>quo</strong></span> <span class='ocrx_word' id='word_1_851' title='bbox 2466 4974 2760 5047; x_wconf 77' lang='lat' dir='ltr'><strong>Evangelia</strong></span> <span class='ocrx_word' id='word_1_852' title='bbox 2805 4973 3076 5042; x_wconf 82' lang='lat' dir='ltr'><strong>legatione</strong></span> <span class='ocrx_word' id='word_1_853' title='bbox 3116 4971 3312 5041; x_wconf 78' lang='lat' dir='ltr'><strong>iungor</strong></span> <span class='ocrx_word' id='word_1_854' title='bbox 3356 4971 3424 5025; x_wconf 91' lang='lat' dir='ltr'><strong>ad</strong></span> <span class='ocrx_word' id='word_1_855' title='bbox 3460 4973 3559 5026; x_wconf 89' lang='lat' dir='ltr'><strong>ho-</strong></span> 
     </span>
    </p>
   </div>
   <div class='ocr_carea' id='block_1_111' title="bbox 1979 5065 3560 5140">
    <p class='ocr_par' dir='ltr' id='par_1_111' title="bbox 1979 5065 3560 5140">
     <span class='ocr_line' id='line_1_111' title="bbox 1979 5065 3560 5140; baseline -0.005 -14"><span class='ocrx_word' id='word_1_856' title='bbox 1979 5075 2155 5126; x_wconf 91' lang='lat' dir='ltr'><strong>mines</strong></span> <span class='ocrx_word' id='word_1_857' title='bbox 2196 5081 2253 5125; x_wconf 94' lang='lat' dir='ltr'><strong>ut</strong></span> <span class='ocrx_word' id='word_1_858' title='bbox 2297 5071 2399 5140; x_wconf 88' lang='lat' dir='ltr'><strong>ipsi</strong></span> <span class='ocrx_word' id='word_1_859' title='bbox 2448 5079 2502 5126; x_wconf 88' lang='lat' dir='ltr'><strong>et</strong></span> <span class='ocrx_word' id='word_1_860' title='bbox 2542 5070 2627 5124; x_wconf 86' lang='lat' dir='ltr'><strong>his</strong></span> <span class='ocrx_word' id='word_1_861' title='bbox 2658 5084 2778 5138; x_wconf 62' lang='lat' dir='ltr'><strong>quae</strong></span> <span class='ocrx_word' id='word_1_862' title='bbox 2808 5069 2860 5122; x_wconf 92' lang='lat' dir='ltr'><strong>in</strong></span> <span class='ocrx_word' id='word_1_863' title='bbox 2897 5082 2962 5122; x_wconf 93' lang='lat' dir='ltr'><strong>eo</strong></span> <span class='ocrx_word' id='word_1_864' title='bbox 2991 5066 3281 5131; x_wconf 87' lang='lat' dir='ltr'><strong>habentur,</strong></span> <span class='ocrx_word' id='word_1_865' title='bbox 3311 5065 3560 5120; x_wconf 87' lang='lat' dir='ltr'><strong>reconci-</strong></span> 
     </span>
    </p>
   </div>
   <div class='ocr_carea' id='block_1_112' title="bbox 1975 5158 3559 5232">
    <p class='ocr_par' dir='ltr' id='par_1_112' title="bbox 1975 5158 3559 5232">
     <span class='ocr_line' id='line_1_112' title="bbox 1975 5158 3559 5232; baseline -0.008 -10"><span class='ocrx_word' id='word_1_866' title='bbox 1975 5167 2197 5222; x_wconf 89' lang='lat' dir='ltr'><strong>lientur.</strong></span> <span class='ocrx_word' id='word_1_867' title='bbox 2263 5182 2281 5215; x_wconf 81' lang='grc' dir='ltr'><strong>ι</strong></span> <span class='ocrx_word' id='word_1_868' title='bbox 2334 5162 2468 5218; x_wconf 86' lang='lat' dir='ltr'><strong>Nam</strong></span> <span class='ocrx_word' id='word_1_869' title='bbox 2521 5178 2620 5232; x_wconf 91' lang='lat' dir='ltr'><strong>pro</strong></span> <span class='ocrx_word' id='word_1_870' title='bbox 2678 5161 2936 5224; x_wconf 90' lang='lat' dir='ltr'><strong>Christo,</strong></span> <span class='ocrx_word' id='word_1_871' title='bbox 3001 5159 3219 5228; x_wconf 91' lang='lat' dir='ltr'><strong>inquit,</strong></span> <span class='ocrx_word' id='word_1_872' title='bbox 3287 5158 3559 5228; x_wconf 84' lang='lat' dir='ltr'><strong>legatione</strong></span> 
     </span>
    </p>
   </div>
   <div class='ocr_carea' id='block_1_113' title="bbox 1975 5249 3556 5329">
    <p class='ocr_par' dir='ltr' id='par_1_113' title="bbox 1975 5249 3556 5329">
     <span class='ocr_line' id='line_1_113' title="bbox 1975 5249 3556 5329; baseline -0.008 -15"><span class='ocrx_word' id='word_1_873' title='bbox 1975 5258 2258 5329; x_wconf 78' lang='lat' dir='ltr'><strong>fungimur</strong></span> <span class='ocrx_word' id='word_1_874' title='bbox 2288 5257 2354 5310; x_wconf 73' lang='grc'><strong>⁸³.</strong></span> <span class='ocrx_word' id='word_1_875' title='bbox 2395 5274 2413 5308; x_wconf 77' lang='grc' dir='ltr'><strong>ι</strong></span> <span class='ocrx_word' id='word_1_876' title='bbox 2458 5285 2528 5294; x_wconf 92' lang='grc'><strong><em>-</em></strong></span> <span class='ocrx_word' id='word_1_877' title='bbox 2570 5272 2588 5306; x_wconf 84' lang='grc' dir='ltr'><strong>ι</strong></span> <span class='ocrx_word' id='word_1_878' title='bbox 2647 5252 2713 5307; x_wconf 91' lang='lat' dir='ltr'><strong>Ut</strong></span> <span class='ocrx_word' id='word_1_879' title='bbox 2757 5252 2810 5306; x_wconf 92' lang='lat' dir='ltr'><strong>in</strong></span> <span class='ocrx_word' id='word_1_880' title='bbox 2857 5266 2922 5306; x_wconf 91' lang='lat' dir='ltr'><strong>eo</strong></span> <span class='ocrx_word' id='word_1_881' title='bbox 2960 5252 3129 5306; x_wconf 89' lang='lat' dir='ltr'><strong>libere</strong></span> <span class='ocrx_word' id='word_1_882' title='bbox 3178 5252 3388 5321; x_wconf 84' lang='lat' dir='ltr'><strong>loquar.</strong></span> <span class='ocrx_word' id='word_1_883' title='bbox 3433 5267 3453 5300; x_wconf 68' lang='grc' dir='ltr'><strong>ι</strong></span> <span class='ocrx_word' id='word_1_884' title='bbox 3498 5249 3556 5303; x_wconf 92' lang='lat' dir='ltr'><strong>ln</strong></span> 
     </span>
    </p>
   </div>
   <div class='ocr_carea' id='block_1_114' title="bbox 1977 5341 3557 5416">
    <p class='ocr_par' dir='ltr' id='par_1_114' title="bbox 1977 5341 3557 5416">
     <span class='ocr_line' id='line_1_114' title="bbox 1977 5341 3557 5416; baseline -0.008 -10"><span class='ocrx_word' id='word_1_885' title='bbox 1977 5351 2216 5406; x_wconf 88' lang='lat' dir='ltr'><strong>vinculis</strong></span> <span class='ocrx_word' id='word_1_886' title='bbox 2237 5358 2356 5404; x_wconf 88' lang='lat' dir='ltr'><strong>erat</strong></span> <span class='ocrx_word' id='word_1_887' title='bbox 2385 5358 2437 5403; x_wconf 89' lang='lat' dir='ltr'><strong>et</strong></span> <span class='ocrx_word' id='word_1_888' title='bbox 2471 5363 2568 5416; x_wconf 88' lang='lat' dir='ltr'><strong>pro</strong></span> <span class='ocrx_word' id='word_1_889' title='bbox 2597 5362 2654 5402; x_wconf 89' lang='lat' dir='ltr'><strong>se</strong></span> <span class='ocrx_word' id='word_1_890' title='bbox 2689 5361 3077 5415; x_wconf 67' lang='lat' dir='ltr'><strong>responsurus.</strong></span> <span class='ocrx_word' id='word_1_891' title='bbox 3120 5341 3192 5398; x_wconf 90' lang='lat' dir='ltr'><strong>Ut</strong></span> <span class='ocrx_word' id='word_1_892' title='bbox 3235 5343 3400 5411; x_wconf 82' lang='lat' dir='ltr'><strong>igitur</strong></span> <span class='ocrx_word' id='word_1_893' title='bbox 3431 5355 3557 5394; x_wconf 90' lang='lat' dir='ltr'><strong>cum</strong></span> 
     </span>
    </p>
   </div>
   <div class='ocr_carea' id='block_1_115' title="bbox 1975 5438 3556 5510">
    <p class='ocr_par' dir='ltr' id='par_1_115' title="bbox 1975 5438 3556 5510">
     <span class='ocr_line' id='line_1_115' title="bbox 1975 5438 3556 5510; baseline -0.009 -11"><span class='ocrx_word' id='word_1_894' title='bbox 1975 5446 2245 5507; x_wconf 85' lang='lat' dir='ltr'><strong>libertate,</strong></span> <span class='ocrx_word' id='word_1_895' title='bbox 2273 5441 2481 5510; x_wconf 88' lang='lat' dir='ltr'><strong>inquit,</strong></span> <span class='ocrx_word' id='word_1_896' title='bbox 2508 5454 2592 5493; x_wconf 88' lang='lat' dir='ltr'><strong>me</strong></span> <span class='ocrx_word' id='word_1_897' title='bbox 2620 5454 2841 5508; x_wconf 83' lang='lat' dir='ltr'><strong>purgem</strong></span> <span class='ocrx_word' id='word_1_898' title='bbox 2868 5478 2882 5501; x_wconf 97' lang='lat'><strong>,</strong></span> <span class='ocrx_word' id='word_1_899' title='bbox 2913 5446 2965 5491; x_wconf 90' lang='lat' dir='ltr'><strong>et</strong></span> <span class='ocrx_word' id='word_1_900' title='bbox 2993 5438 3062 5490; x_wconf 87' lang='lat' dir='ltr'><strong>ita</strong></span> <span class='ocrx_word' id='word_1_901' title='bbox 3093 5446 3152 5489; x_wconf 92' lang='lat' dir='ltr'><strong>ut</strong></span> <span class='ocrx_word' id='word_1_902' title='bbox 3182 5439 3392 5503; x_wconf 89' lang='lat' dir='ltr'><strong>oportet</strong></span> <span class='ocrx_word' id='word_1_903' title='bbox 3431 5445 3556 5486; x_wconf 88' lang='lat' dir='ltr'><strong>eutn</strong></span> 
     </span>
    </p>
   </div>
   <div class='ocr_carea' id='block_1_116' title="bbox 1974 5529 3378 5608">
    <p class='ocr_par' dir='ltr' id='par_1_116' title="bbox 1974 5529 3378 5608">
     <span class='ocr_line' id='line_1_116' title="bbox 1974 5529 3378 5608; baseline -0.013 -17"><span class='ocrx_word' id='word_1_904' title='bbox 1974 5537 2066 5608; x_wconf 92' lang='lat' dir='ltr'><strong>qui</strong></span> <span class='ocrx_word' id='word_1_905' title='bbox 2103 5533 2413 5602; x_wconf 84' lang='lat' dir='ltr'><strong>hujusrnodi</strong></span> <span class='ocrx_word' id='word_1_906' title='bbox 2446 5531 2514 5586; x_wconf 89' lang='lat' dir='ltr'><strong>de</strong></span> <span class='ocrx_word' id='word_1_907' title='bbox 2549 5531 2714 5585; x_wconf 88' lang='lat' dir='ltr'><strong>rebus</strong></span> <span class='ocrx_word' id='word_1_908' title='bbox 2738 5545 2962 5584; x_wconf 85' lang='lat' dir='ltr'><strong>causam</strong></span> <span class='ocrx_word' id='word_1_909' title='bbox 2995 5529 3242 5581; x_wconf 87' lang='lat' dir='ltr'><strong>dicturus</strong></span> <span class='ocrx_word' id='word_1_910' title='bbox 3273 5531 3378 5578; x_wconf 87' lang='lat' dir='ltr'><strong>est.</strong></span> 
     </span>
    </p>
   </div>
   <div class='ocr_carea' id='block_1_117' title="bbox 2051 5613 3560 5686">
    <p class='ocr_par' dir='ltr' id='par_1_117' title="bbox 2051 5613 3560 5686">
     <span class='ocr_line' id='line_1_117' title="bbox 2051 5613 3560 5686; baseline -0.01 -9"><span class='ocrx_word' id='word_1_911' title='bbox 2051 5621 2138 5686; x_wconf 80' lang='lat' dir='ltr'><strong>Vl,</strong></span> <span class='ocrx_word' id='word_1_912' title='bbox 2165 5620 2356 5676; x_wconf 66' lang='grc' dir='ltr'>αιοιι.</span> <span class='ocrx_word' id='word_1_913' title='bbox 2389 5617 2454 5673; x_wconf 90' lang='lat' dir='ltr'><strong>Ut</strong></span> <span class='ocrx_word' id='word_1_914' title='bbox 2479 5628 2655 5674; x_wconf 86' lang='lat' dir='ltr'><strong>autem</strong></span> <span class='ocrx_word' id='word_1_915' title='bbox 2691 5618 2873 5672; x_wconf 76' lang='lat' dir='ltr'><strong>sciatis</strong></span> <span class='ocrx_word' id='word_1_916' title='bbox 2898 5626 2945 5670; x_wconf 89' lang='lat' dir='ltr'><strong>et</strong></span> <span class='ocrx_word' id='word_1_917' title='bbox 2975 5631 3061 5669; x_wconf 76' lang='lat' dir='ltr'><strong>vos</strong></span> <span class='ocrx_word' id='word_1_918' title='bbox 3088 5629 3203 5682; x_wconf 80' lang='lat' dir='ltr'><strong>qua:</strong></span> <span class='ocrx_word' id='word_1_919' title='bbox 3234 5613 3302 5666; x_wconf 81' lang='lat' dir='ltr'><strong>ad</strong></span> <span class='ocrx_word' id='word_1_920' title='bbox 3335 5628 3411 5664; x_wconf 81' lang='lat' dir='ltr'><strong>me</strong></span> <span class='ocrx_word' id='word_1_921' title='bbox 3436 5625 3560 5680; x_wconf 80' lang='lat' dir='ltr'><strong>per~</strong></span> 
     </span>
    </p>
   </div>
   <div class='ocr_carea' id='block_1_118' title="bbox 3283 5725 3555 5781">
    <p class='ocr_par' dir='ltr' id='par_1_118' title="bbox 3283 5725 3555 5781">
     <span class='ocr_line' id='line_1_118' title="bbox 3283 5725 3555 5781; baseline 0 -1"><span class='ocrx_word' id='word_1_922' title='bbox 3283 5725 3328 5760; x_wconf 71' lang='grc'><strong>’⁸⁸</strong></span> <span class='ocrx_word' id='word_1_923' title='bbox 3358 5725 3395 5780; x_wconf 87' lang='grc' dir='ltr'><strong>ιι</strong></span> <span class='ocrx_word' id='word_1_924' title='bbox 3429 5726 3555 5781; x_wconf 73' lang='grc' dir='ltr'>ιῖοτ.</span> 
     </span>
    </p>
   </div>
  </div>
