4000 6586
297 361 434 424 12ὅῖ

1319 362 1708 426 COMMENT.
1741 364 1820 423 IN
1860 365 2096 424 El’IST.
2138 366 2238 426 AD
2279 367 2549 426 EPIIES.

3411 364 3552 429 19.3.4

287 478 425 542 λιον,
461 475 683 546 εἰρήνην
731 474 830 546 μὲν
870 475 1008 546 πρὸς
1043 474 1132 528 τόν
1164 475 1296 528 Θεὸν
1330 480 1494 542 ποιεῖ,
1539 477 1775 547 πόλεμον
1805 477 1861 530 δὲ

1981 480 2344 536 iudivitauris
2374 490 2464 534 tua
2489 481 2555 536 ⁸³.
2591 499 2610 531 ι
2639 509 2700 520 -
2725 498 2741 531 ι
2780 478 3134 550 Evangelium
3169 479 3340 549 pacis.
3375 500 3394 534 ι
3415 481 3550 534 Nam

289 569 430 642 πρὸς
472 567 600 628 τοὺς
647 567 926 637 δαίμονας.
973 585 992 618 ι
1035 568 1157 620 Ἐπὶ
1197 570 1364 621 πᾶσιν
1419 568 1800 632 ἀναλαϐόντες.
1844 587 1862 619 ι

289 663 384 714 Δεῖ
433 657 544 728 γὰρ
593 661 777 713 ἐκεῖνα
823 657 1208 729 προηγεῖσθαι.
1242 661 1433 713 Πίστιν
1462 659 1518 713 δέ
1554 677 1710 731 φησι,
1767 661 1869 731 τὴν

289 751 560 822 εἰλικρινῆ
617 750 713 806 καὶ⁷
764 751 1051 822 διάπυρον,
1103 750 1233 820 περὶ
1270 744 1338 821 ἧς
1373 753 1401 803 ὀ
1445 750 1646 820 Κύριός
1679 765 1864 821 φησιν,

295 864 315 897 ι
369 846 492 898 Ἐὰν
536 845 697 914 ἔχητε
756 845 939 897 πίστιν
975 843 1051 907 ὡς
1075 843 1276 897 κόκκον
1337 844 1632 908 σινάπεως,
1691 845 1869 914 ἐρεῖτε

287 934 371 1005 τῷ
390 935 504 1004 ὄρει
526 933 722 1004 τούτῳ,
743 933 1050 1002 Μετάϐηθι,
1080 933 1176 987 καὶ
1210 932 1600 1003 μεταϐήσεται.
1638 952 1761 986 ι-ι
1787 933 1870 986 Τὰ

289 1024 423 1096 βέλη
473 1023 566 1078 τοῦ
617 1025 882 1094 πονηροῦ.
919 1045 938 1078 ι
1001 1024 1140 1094 Βέλη
1191 1025 1346 1094 φησὶ,
1400 1026 1500 1088 τὰς
1546 1026 1866 1095 ἐπιθυμίας,

286 1118 418 1180 τοὺς
458 1117 776 1186 λογισμοὺς,
835 1116 963 1179 τοὺς
1002 1116 1366 1187 πειρασμούς.
1422 1116 1621 1179 Καλῶς
1669 1117 1727 1170 δὲ
1783 1117 1863 1183 τδ,

288 1209 698 1279 Πεπυρωμένα.
753 1207 1015 1261 Τοιαῦται
1062 1208 1172 1278 γὰρ
1219 1209 1275 1261 αἱ
1314 1208 1504 1262 ἄτοποι
1555 1207 1864 1278 ἐπιθυμίαι.

291 1319 312 1352 ι
353 1301 461 1355 Καὶ
493 1302 592 1371 τὴν
627 1301 1063 1371 περικεφαλαίαν
1087 1301 1184 1355 τοῦ
1216 1300 1507 1373 σωτηρίου.
1552 1321 1572 1353 ι
1615 1300 1725 1370 Τῆς
1763 1319 1864 1353 σω-

285 1396 488 1464 τηρίας
521 1394 696 1465 ὑμῶν,
729 1395 997 1460 τουτέστι,
1053 1397 1152 1463 τῆς
1197 1394 1431 1456 ἐλπίδος.
1478 1394 1551 1446 Τὸ
1604 1394 1684 1458 δὲ,
1719 1413 1737 1445 ι
1773 1393 1869 1446 Δέ-

286 1487 556 1553 Essem,»
622 1481 736 1541 οἷον
783 1488 1012 1557 φορέσαι
1061 1489 1154 1542 καὶ
1207 1487 1465 1551 δέξασθαι
1513 1489 1578 1556 τῇ
1629 1487 1862 1556 κεφαλῇ.

291 1597 311 1630 ι
357 1581 465 1632 Καὶ
503 1579 602 1650 τὴν
640 1578 914 1648 μάχαιραν
940 1579 1036 1631 τοῦ
1069 1579 1400 1647 πνεύματος.
1439 1596 1458 1628 ι
1495 1575 1562 1629 Ἢ
1593 1577 1653 1630 τὸ
1696 1577 1865 1631 πνεῦυ

289 1690 372 1743 μα
395 1672 844 1744 περιφραστικῶς
875 1671 1087 1742 εἴρηκε,
1140 1672 1228 1725 διὰ
1276 1672 1335 1724 τὸ
1383 1671 1547 1742 τομὸν
1585 1673 1678 1726 καὶ
1713 1688 1866 1741 μεριο

286 1761 476 1814 στικὸν
513 1762 622 1814 τῶν
673 1761 933 1814 ἐναντίων
991 1761 1178 1826 ἐξεων,
1241 1761 1272 1831 ἢ
1336 1758 1434 1831 τὴν
1488 1759 1864 1830 πνευματικήν

287 1852 438 1923 ζωὴν
468 1853 562 1906 καὶ
609 1852 906 1919 πολιτείαν,
956 1853 1080 1923 ἥτις
1137 1853 1210 1913 ὡς
1264 1852 1510 1922 μάχαιρα
1559 1852 1866 1922 ἐνεργήσει,

286 1948 450 2016 φησὶ,
483 1947 623 2002 κατὰ
651 1947 761 1999 τῶν
795 1945 1000 2016 νοητῶν
1032 1946 1262 2016 ἐχθρῶν.
1311 1947 1382 1999 Ἣ
1412 1947 1492 2000 ὅτι
1535 1947 1603 1999 τὰ
1625 1963 1869 2014 πνευμα-

283 2039 420 2090 τικὰ
439 2078 454 2105 ,
497 2038 630 2108 φησι
653 2079 669 2103 ,
724 2038 1058 2108 χαρίσματα,
1094 2036 1238 2106 ἅπερ
1260 2038 1376 2091 ἐστὶ
1400 2037 1486 2092 διὰ
1513 2040 1754 2109 ῥήματος
1777 2037 1868 2090 καὶ

285 2128 710 2198 προστάγματος
736 2129 895 2183 Θεοῦ.
923 2158 988 2169 -
1007 2127 1339 2201 [ΟΙΚΟΥΜ.]
1358 2131 1424 2182 Ἢ
1454 2128 1726 2201 τὺ,¹’οπερ
1754 2129 1869 2182 ἐστὶ

288 2219 444 2289 ῥῆμα
474 2218 630 2283 Θεοῦ,
665 2218 742 2287 τῷ
766 2221 916 2272 κάτω
945 2219 1294 2284 συζευκτέον,
1325 2220 1410 2272 ἴνα
1491 2219 1867 2290 οῦτως,“οπερ

288 2308 410 2359 ἐστὶ
439 2308 592 2377 ρἧα
621 2306 758 2362 Θεοῦ
811 2308 906 2361 καὶ
954 2309 1307 2379 πρόσταγμα,
1342 2309 1521 2374 τοῦτο,
1563 2311 1716 2379 φησι,
1749 2327 1868 2364 ποι-

287 2403 424 2456 εἶτε.
486 2404 682 2466 Ποῖον;
734 2400 833 2454 Διὰ
891 2400 1074 2467 πάσης
1103 2403 1415 2472 προσευχῆς
1475 2403 1568 2454 καὶ
1627 2402 1867 2472 δεήσεως

289 2493 720 2564 προσευχόμενοι
757 2493 843 2546 ἵνα
869 2488 989 2563 ἦτε,
1023 2494 1207 2562 φησίν.
1251 2495 1323 2546 "H
1357 2496 1499 2548 κατὰ
1533 2493 1594 2547 τὸ
1627 2495 1868 2564 ἐνεργεῖν

291 2587 392 2638 καὶ
423 2585 642 2655 τέμνειν
671 2587 739 2639 τὰ
787 2586 1136 2654 πνευματικὰ
1167 2586 1505 2658 χαρίσματα,
1553 2587 1704 2656 ῥῆμά
1751 2588 1865 2642 ἐστι

287 2675 447 2730 Θεοῦ.
476 2675 752 2746 Τμητικδν
782 2676 890 2747 γὰρ
920 2676 980 2728 τὸ
1019 2677 1170 2747 ῥῆμα
1194 2662 1286 2731 τοῦ
1322 2678 1478 2732 Θεοῦ.
1499 2679 1698 2744 Ὀὕτως
1728 2684 1862 2750 μᾶ).-

287 2769 382 2820 λον
419 2770 512 2823 καὶ
545 2770 572 2821 ὁ
634 2770 909 2842 μακάριος
977 2769 1252 2839 Ἰωάννης.
1305 2772 1403 2824 Διὰ
1455 2773 1564 2841 γὰρ
1621 2775 1866 2843 ῥήματος

288 2860 428 2911 Θεοῦ
467 2860 774 2912 ἐπετελεῖτο
829 2860 898 2913 τὰ
935 2860 1269 2930 χαρίσματα.
1329 2879 1347 2912 ι
1380 2864 1492 2915 Πᾶν
1532 2864 1641 2933 γὰρ
1692 2865 1719 2916 ὃ
1772 2865 1866 2917 ἐὰν

290 2952 576 3021 αἰτήσητε,
605 2950 790 3021 φησιν,
811 2952 867 3004 ἐν
913 2951 990 3021 τῷ
1042 2951 1267 3022 ὀνόματί
1312 2970 1434 3024 μου,
1467 2953 1626 3008 δώσει
1659 2957 1809 3026 ὑμῖν,
1842 2976 1859 3008 i

290 3060 367 3112 φη
379 3043 458 3095 σὶν
496 3045 524 3095 ὁ
560 3043 816 3114 Χριστός.

363 3138 842 3206 Προσευχόμενοι
885 3136 954 3189 ἐν
996 3135 1176 3190 παντὶ
1224 3136 1404 3205 καιρῷ
1445 3137 1515 3191 ἐν
1550 3139 1862 3208 πνεύματι,
1904 3178 1948 3236 C

289 3227 388 3280 καὶ
415 3229 503 3291 εἰς
524 3228 669 3280 αὐτὸ
699 3226 874 3281 τοῦτο
902 3227 1352 3296 ἀγρυπνοῦντες
1379 3227 1448 3280 ἐν
1476 3227 1643 3296 πάσῃ
1688 3242 1877 3297 προσ-

289 3320 644 3387 καρτερήσει
707 3320 802 3372 καὶ
836 3318 1042 3386 δεήσει
1087 3321 1220 3387 περὶ
1254 3318 1496 3372 πάντων
1540 3319 1658 3373 τῶν
1694 3322 1878 3385 ἁγίων

294 3414 392 3469 καὶ
419 3413 566 3480 ὑπὲρ
599 3413 766 3482 ἐμοῦ,
798 3413 897 3466 ἵνα
920 3429 1022 3481 μοι
1061 3415 1262 3480 δοθείη
1310 3415 1492 3480 λόγος
1537 3413 1606 3466 ἐν
1647 3414 1877 3479 ἀνοίξει

291 3507 401 3562 τοῦ
430 3507 728 3575 στόματός
763 3523 883 3575 μου
926 3507 996 3560 ἐν
1024 3506 1333 3574 παρρησίᾳ
1364 3508 1648 3575 γνωρίσαι
1669 3507 1738 3572 ,τὸ
1762 3526 1877 3576 μυ-

293 3601 548 3667 στήριον
593 3599 699 3653 τοῦ
729 3601 1124 3668 Eiram-8.1101},
1159 3599 1312 3666 ὑπὲρ
1358 3596 1430 3655 οὗ
1465 3601 1772 3668 πρεσϐεύω
1809 3601 1879 3655 ἐν

295 3695 535 3757 ἁλύσει,
567 3693 668 3746 ἵνα
695 3693 764 3746 ἐν
796 3691 956 3760 αὐτῷ
1001 3691 1508 3762 παρρησιάσωμαι
1557 3693 1638 3759 ὡς
1679 3691 1774 3746 δεῖ
1801 3709 1878 3762 με

293 3785 587 3856 λαλῆσαι.

367 3880 521 3933 Μετὰ
555 3877 614 3931 τὸ
645 3875 972 3932 καθοπλίσαι
992 3875 1085 3930 τὸν
1111 3875 1358 3946 βασιλέα,
1391 3876 1580 3929 λοιπὸν
1605 3877 1762 3930 καλεῖ
1791 3877 1876 3930 ἵνα

295 3972 373 4042 δῷ
425 3977 602 4042 χεῖρα.
665 3989 682 4022 ι
730 3970 818 4022 Ἑν
867 3968 1161 4038 πνεύματι.
1205 3987 1223 4020 ι
1263 3968 1354 4038 Μή
1389 3970 1444 4021 ἐν
1478 3967 1872 4036 βαττολογίαις.

303 4083 322 4116 ι
369 4063 476 4118 Καὶ
511 4066 589 4124 εἰς
635 4061 763 4115 αὐτὸ
793 4059 1221 4131 ἀγρυπνοῦντες.
1262 4079 1280 4110 ›
1320 4060 1522 4128 Μηδὲν,
1585 4061 1741 4129 φησι,
1780 4060 1878 4133 ῥᾴ-

298 4154 474 4224 θυμον
503 4155 535 4224 ἣ
569 4153 936 4224 ἠμελημένον.
975 4171 992 4204 ι
1036 4151 1147 4205 Καὶ
1200 4151 1342 4220 ὑπὲρ
1390 4149 1578 4220 ἐμοῦ.»
1626 4151 1735 4203 Καὶ
1770 4153 1876 4221 γὰρ

297 4249 394 4302 καὶ
415 4248 505 4300 τὸν
530 4248 752 4318 Πέτρον,
788 4246 980 4315 φησιν,
1015 4247 1048 4316 ἡ
1079 4243 1213 4314 εὐχὴ
1233 4243 1330 4312 τῆς
1369 4241 1692 4312 Ἐκκλησίας
1722 4243 1875 4295 ἔλυσε

293 4341 405 4394 τῶν
453 4339 689 4407 δεσμῶν.
748 4356 766 4388 ι
813 4338 900 4389 Ἐν
961 4336 1165 4401 ἀνοίξει
1212 4333 1307 4388 τοῦ
1365 4335 1634 4404 στόματός
1693 4351 1814 4404 μου.
1851 4353 1869 4384 ι

294 4431 494 4493 Καλῶς
529 4432 609 4495 τὸ,
651 4429 898 4494 ’Λ-ιοῐξει.
932 4427 1068 4481 Οὐδὲ
1101 4428 1210 4496 γὰρ
1277 4425 1621 4495 προεμελέτα
1677 4425 1729 4479 τί
1782 4425 1876 4477 λα-

1975 571 2329 642 Evangelium
2366 588 2550 643 pacem
2585 573 2802 642 quidem
2829 589 2956 643 rrga
2972 573 3141 628 Deum
3171 573 3322 637 facit,
3351 573 3550 628 bellum

1973 678 2103 716 vero
2124 664 2188 717 ad
2200 679 2418 719 versum
2454 663 2751 722 daemones.
2784 684 2802 716 ι
2824 663 3000 734 Super
3017 665 3199 720 omnia
3214 673 3496 735 assumpto
3532 685 3550 716 ι

1972 752 2199 822 Oportet
2212 756 2355 808 enim
2376 756 2822 822 illajprmcedere.
2858 755 3044 812 Fidem
3064 765 3244 813 autem
3277 758 3408 812 dicit
3437 759 3556 813 sin-

1972 859 2153 900 ceram
2169 859 2233 900 ac
2259 844 2580 911 ferventem,
2611 847 2678 902 de
2702 862 2807 916 qua
2823 850 2900 900 ait
2922 847 3183 904 Dominus
3212 865 3256 903 ιι
3278 849 3336 902 Si
3352 849 3557 904 habea-

1975 938 2042 990 tis
2071 935 2230 990 fidem
2259 936 2402 991 sicut
2437 953 2667 1007 granum
2699 939 2931 1008 sinapis,
2962 940 3158 995 dicetis
3193 941 3364 995 monti
3387 942 3513 995 huic
3541 963 3554 996 :

1972 1026 2191 1092 Transi,
2213 1036 2268 1084 et
2287 1029 2621 1084 transibit“.
2638 1031 2958 1086 i—iJacula
2979 1033 3102 1085 mali
3136 1033 3304 1088 illius.
3330 1052 3347 1084 ι
3368 1033 3556 1088 Jacula

1969 1127 2128 1171 vocat
2174 1120 2654 1188 concupiscentias
2685 1162 2700 1186 ,
2759 1123 3161 1192 cogitationes,
3203 1127 3552 1178 lentationes.

1969 1209 2038 1262 Et
2071 1221 2220 1266 recte
2250 1212 2350 1275 ait,
2380 1212 2574 1281 lgnita.
2615 1212 2771 1268 Tales
2810 1216 2956 1268 enim
2994 1224 3123 1268 sunt
3158 1216 3406 1269 absurdze
3428 1231 3559 1270 con-

1969 1305 2345 1372 cupiscentiae.
2381 1324 2397 1357 ι
2418 1303 2750 1375 Galeamque
2768 1308 3044 1362 salutaris.
3061 1326 3079 1360 ι
3109 1306 3311 1364 Salutis
3334 1318 3556 1371 nostrae,

1971 1394 2074 1450 hoc
2099 1407 2182 1451 est
2211 1397 2348 1466 Spei.
2381 1398 2540 1464 Quod
2572 1411 2756 1458 autem
2790 1401 2887 1464 ait,
2926 1419 2943 1451 ι
2983 1402 3369 1472 Suscipiendo,
3409 1423 3426 1454 ι
3453 1404 3557 1455 huc

1967 1495 2072 1550 est,
2099 1488 2418 1558 accipiendo
2447 1497 2501 1542 et
2540 1490 2807 1560 gestando
2835 1493 2888 1545 in
2914 1493 3109 1560 capite.
3175 1512 3192 1543 ι
3224 1493 3287 1546 Et
3319 1493 3558 1563 gladium

1969 1578 2217 1646 spiritus.
2263 1596 2281 1630 ι
2319 1579 2430 1633 Aut
2478 1580 2783 1650 periphrasi
2830 1581 2968 1635 dixit
3028 1582 3280 1651 spiritum
3337 1583 3556 1652 ipsum,

1970 1676 2196 1737 propter
2237 1669 2560 1723 incisionein
2613 1686 2710 1724 seu
2769 1671 3095 1726 divisionem
3149 1675 3557 1728 contrariorum

1975 1760 2261 1814 habituum
2299 1777 2311 1814 :
2372 1769 2464 1814 aut
2499 1761 2842 1830 spiritualem
2878 1763 3043 1817 vitam
3079 1779 3142 1819 ac
3183 1767 3562 1820 conversatio-

1974 1867 2122 1914 nem,
2157 1866 2278 1920 quaa
2307 1852 2453 1906 velut
2475 1851 2688 1922 gladius
2718 1851 3013 1908 efﬁcaciam
3053 1854 3268 1910 habebit
3299 1857 3562 1912 adversus

1976 1943 2297 2013 spii-ituales
2348 1944 2603 1999 inimicos
2639 1963 2652 1998 :
2695 1954 2789 1999 aut
2815 1946 3134 2014 spiritualia
3172 1945 3351 2018 inquit
3395 1951 3560 2013 dona,

1975 2049 2096 2102 qua:
2129 2043 2258 2089 sunt
2291 2050 2387 2104 per
2419 2035 2640 2090 verbum
2667 2048 2732 2090 ac
2751 2034 2965 2105 jussum
3002 2036 3116 2091 Dei.
3144 2067 3214 2080 ——
3238 2041 3364 2095 Aut.
3401 2039 3482 2106 Qu
3526 2041 3559 2096 d

1973 2133 2059 2181 est
2086 2126 2309 2181 verbum
2345 2125 2459 2191 Dei,
2490 2126 2826 2197 jungendum
2856 2139 2940 2183 est
2980 2131 3358 2200 sequentibus,
3391 2144 3448 2186 tit
3483 2134 3556 2187 sit

1975 2235 2210 2274 sensus:
2265 2219 2420 2284 Quod
2451 2229 2533 2276 est
2570 2222 2790 2276 verbum
2821 2236 2884 2276 ac
2923 2231 3253 2292 praeceptum
3296 2226 3406 2290 Dei,
3459 2227 3559 2281 hoc

1976 2314 2158 2368 facite.
2185 2313 2469 2378 Quodnam
2497 2314 2626 2368 illud
2653 2314 2779 2368 est?
2807 2313 2878 2368 Ut
2910 2315 3032 2370 sitis
3065 2326 3285 2371 orantes
3319 2333 3414 2386 per
3443 2334 3560 2370 om-

1975 2422 2096 2460 nem
2133 2406 2570 2475 deprccationem
2602 2414 2658 2461 et
2687 2408 3019 2482 orationem.
3050 2408 3156 2460 Aut
3210 2408 3263 2461 in
3315 2424 3379 2462 co
3412 2410 3558 2479 quod

1972 2506 2056 2550 est
2101 2496 2397 2551 cllicaciam
2437 2496 2639 2552 habere
2671 2512 2734 2552 ac
2776 2513 2963 2554 secare
2999 2500 3305 2567 Spiritualia
3363 2502 3502 2554 dona
3542 2540 3557 2564 ,

1973 2589 2197 2642 verbum
2230 2599 2311 2644 est
2343 2588 2435 2643 Dei
2464 2596 2580 2644 :est
2609 2591 2752 2644 enim
2779 2592 3003 2644 verbum
3034 2590 3121 2646 Dei
3149 2592 3462 2646 divisivum.
3481 2594 3558 2646 lta

1973 2681 2153 2747 potius
2211 2679 2466 2750 intelligit
2517 2694 2735 2748 quoque
2774 2681 2965 2735 beatus
2997 2679 3258 2736 Joannes.
3293 2681 3426 2736 Nam
3469 2699 3564 2752 per

1971 2768 2196 2822 verbum
2229 2768 2317 2822 Dei
2337 2771 2928 2841 perficiebanturdona.
2941 2791 2958 2822 ι
2985 2771 3039 2826 Si
3059 2774 3275 2842 quidem
3297 2774 3560 2844 quidquid

1973 2859 2240 2927 petieritis
2261 2874 2358 2929 per
2407 2874 2602 2915 nomen
2647 2876 2826 2915 meum
2854 2861 3004 2942 dabit
3033 2862 3212 2928 vobis,
3244 2880 3264 2915 ι
3301 2866 3377 2918 ait
3400 2864 3558 2920 Chri-

1972 2957 2092 3004 stus
2119 2950 2185 3005 ".

2052 3126 2138 3192 Vl,
2176 3128 2360 3183 18-20.
2395 3128 2622 3185 Orontes
2659 3132 2802 3184 omni
2830 3142 3056 3201 tempore
3090 3132 3143 3185 in
3165 3134 3378 3202 spiritu,
3411 3143 3459 3188 et
3492 3136 3562 3188 ad

1979 3220 2076 3274 hoc
2108 3227 2280 3290 ipsum
2309 3223 2584 3292 vigilantes
2615 3237 2732 3276 cum
2765 3225 2907 3277 omni
2934 3224 3216 3278 sedulitate
3238 3235 3285 3278 et
3317 3225 3565 3294 depreca-

1981 3315 2118 3368 tione
2157 3331 2254 3384 pro
2291 3316 2532 3369 omnibus
2565 3319 2765 3370 sanctis
2793 3326 2842 3369 et
2879 3332 2971 3382 pro
3007 3335 3106 3376 me.
3144 3328 3200 3371 ut
3244 3319 3374 3370 milii
3411 3321 3564 3373 detur

1978 3421 2149 3460 sermo
2187 3407 2242 3459 in
2287 3408 2556 3475 apertione
2599 3409 2705 3461 oris
2739 3409 2840 3461 mei
2873 3424 2891 3462 :
2940 3419 2996 3460 ut
3027 3424 3146 3462 cum
3186 3408 3429 3463 libertate
3454 3411 3564 3481 60

1979 3506 2157 3549 notum
2187 3496 2384 3570 furiam
2417 3498 2725 3566 mysterium
2755 3495 3050 3568 Evangelii,
3083 3515 3176 3564 pro
3209 3516 3310 3566 quo
3336 3499 3565 3568 legatio-

1979 3603 2042 3640 ne
2086 3589 2279 3656 [ungor
2322 3589 2378 3640 in
2423 3599 2632 3654 catena,
2689 3600 2745 3642 ιιι
2794 3590 2849 3644 in
2887 3607 2947 3645 eo
2995 3591 3158 3643 libere
3205 3592 3394 3661 loquar
3426 3592 3563 3645 sicut

1980 3693 2180 3751 oportet
2218 3699 2298 3734 me
2324 3682 2492 3752 loqui.

2051 3860 2347 3930 Postquam
2375 3858 2605 3912 armavit
2635 3875 2837 3928 regem,
2876 3869 3280 3929 consequenter
3305 3867 3466 3914 vocat
3503 3869 3564 3914 ut

1978 3951 2066 4006 det
2094 3967 2338 4005 manum.
2380 3970 2397 4001 ι
2434 3949 2489 4003 In
2527 3951 2744 4019 spiritu.
2786 3969 2804 4000 ι
2841 3949 2960 4003 Non
2993 3950 3044 4002 in
3071 3951 3387 4020 battolugiis
3415 3990 3430 4016 ,
3466 3961 3562 4005 aut

1978 4044 2268 4099 verborum
2295 4041 2660 4111 multiloquio.
2719 4059 2738 4092 ι
2776 4039 2841 4092 Et
2879 4041 3073 4094 adhoc
3116 4042 3291 4110 ipsum
3333 4043 3566 4110 vigilan-

1978 4143 2081 4190 tes.
2113 4153 2130 4186 ι
2155 4133 2318 4197 Nihil,
2343 4133 2538 4200 inquit,
2577 4147 2743 4202 segne
2783 4143 2874 4184 aut
2921 4132 3247 4200 neglectum.
3303 4151 3321 4182 ι
3361 4131 3424 4184 Et
3468 4147 3566 4201 pro

1978 4243 2084 4280 me.
2125 4244 2142 4276 ι
2185 4227 2396 4281 Etenim
2433 4206 2649 4279 Petrum
2707 4239 2926 4293 quoque
2954 4221 3213 4276 Ecclesiae
3243 4225 3419 4275 oratio
3453 4225 3566 4277 sol-

1977 4319 2056 4372 vit
2096 4333 2125 4370 a
2169 4319 2404 4373 vinculis
2431 4317 2497 4370 “.
2549 4334 2568 4368 ι
2603 4319 2662 4369 In
2701 4317 2986 4386 apertione
3016 4315 3130 4370 oris
3169 4314 3294 4368 mei.
3327 4334 3346 4366 ι
3396 4315 3566 4369 Recte

1980 4413 2052 4463 ait
2086 4427 2098 4463 :
2133 4409 2187 4463 In
2214 4410 2515 4480 apertione.
2544 4408 2731 4478 Neque
2749 4408 2894 4462 enim
2923 4406 3406 4476 praemeditabatur
3433 4407 3563 4476 quid

293 4525 472 4594 λήσει,
520 4520 741 4592 Χριστῷ
788 4520 1129 4590 πειθόμενος,
1167 4518 1282 4572 ἀλλ’
1313 4518 1370 4583 ἐξ
1401 4516 1662 4584 ὑπογυίου
1693 4515 1788 4569 καὶ
1821 4517 1872 4570 ἐν

1983 4501 2268 4554 locuturus
2320 4506 2486 4564 esset,
2531 4497 2756 4552 Christo
2810 4497 3197 4564 obtemperans
3229 4494 3272 4525 "
3308 4513 3322 4549 :
3373 4497 3466 4550 sed
3497 4511 3565 4550 ex

291 4617 447 4686 αὑτῴ
463 4615 540 4684 τῷ
566 4613 776 4678 ἀνοῖξαι
803 4613 862 4666 τὸ
892 4613 1084 4680 στόμα,
1104 4610 1304 4679 ὁλόγος
1333 4609 1550 4680 προῄει.
1588 4609 1706 4662 «Ἐν
1736 4611 1880 4678 παῤ-

293 4707 466 4779 ρησία
491 4704 779 4775 γνωρίσαι.
820 4702 946 4771 »ηἪ
978 4701 1069 4755 ἴνα
1101 4703 1158 4754 ἐν
1191 4699 1481 4772 παρρησίᾳ.
1529 4698 1882 4768 ἀπολογήσωο

295 4816 420 4869 μαι.
489 4798 558 4849 Ἢ
608 4795 696 4848 ἵνα
758 4792 1220 4862 εὐαγγελίζωμαι.
1298 4811 1316 4843 ι
1364 4789 1537 4860 ’Υπὲρ
1592 4783 1653 4844 οῦ
1751 4805 1884 4858 πρε-

293 4891 528 4946 σϐεύω.»
581 4889 751 4958 ’Υπὲρ
784 4881 845 4942 οὗ
882 4886 1214 4954 Εὐαγγελίου
1245 4883 1536 4955 πρεσϐεύω
1577 4882 1713 4951 πρὸς
1756 4881 1882 4943 τοὺς

290 4983 641 5054 ἀνθρώπους,
703 4980 814 5044 ἵνα,
864 4979 1052 5046 φησὶν,
1113 4975 1262 5044 αὐτῷ
1313 4976 1409 5028 καὶ
1461 4977 1574 5036 τοῖς
1622 4974 1678 5026 ὲν
1732 4971 1880 5040 αὐτῷ

291 5074 734 5143 καταλλαγῶσιν.
763 5089 782 5124 ι
831 5070 1002 5139 ’Υπὲρ
1044 5067 1285 5139 Χριστοῦ
1324 5068 1433 5137 γὰρ
1459 5106 1474 5130 ,
1531 5064 1664 5134 φησὶ
1693 5105 1707 5129 ,
1756 5080 1883 5133 πρε-

293 5168 586 5238 σὸεύομεν.
614 5185 634 5220 ι
655 5195 724 5208 --
753 5183 773 5217 ι
797 5165 914 5216 Ἵνα
945 5165 999 5216 ἐν
1035 5160 1182 5230 αὐτῷ
1220 5158 1714 5230 παρρησιάσωμαι,
1753 5175 1771 5208 ι
1793 5157 1883 5208 Ἐν

291 5265 516 5335 δεσμοῖς
554 5259 644 5334 ἦν,
671 5263 766 5315 καὶ
796 5256 1186 5326 ἀπολογεῖσθαι
1215 5252 1441 5323 ἔμελλεν
1465 5252 1553 5304 ἴνα
1577 5250 1690 5316 οὖν,
1725 5248 1884 5318 φησι,

295 5355 436 5426 μετὰ
469 5353 805 5426 παρρησίας,
837 5350 932 5404 καὶ
973 5346 1147 5410 οὕτως
1186 5347 1259 5409 ὡς
1301 5343 1408 5414 χρὴ
1437 5343 1527 5396 τὸν
1555 5343 1694 5412 ὑπὲρ
1719 5340 1874 5410 τηλι-

293 5447 508 5504 κούτων
541 5445 1002 5516 ἀπολογούμενον,
1030 5440 1485 5510 ἀπολογήσωμαι.

367 5626 492 5678 Ἵνα
511 5623 578 5676 δὲ
595 5622 792 5692 είδῆτε
822 5620 919 5676 καὶ
942 5619 1101 5689 ὑμεῖς
1135 5617 1208 5670 τὰ
1238 5615 1366 5668 κατ’
1396 5612 1502 5683 ἐμὲ
1520 5613 1576 5666 τί
1596 5611 1870 5680 πράσσω,

363 5737 410 5768 δ’
449 5737 591 5795 Psal.
632 5737 764 5804 3,7.
808 5734 1073 5789 “Matth.
1103 5746 1234 5794 xvii,
1281 5728 1367 5783 19.
1445 5727 1488 5758 ⁸⁵
1523 5725 1679 5782 Joan.
1714 5741 1825 5793 xvr,
1863 5727 1872 5779 ε

2013 5724 2079 5800 ’⁸⁸
2099 5726 2221 5780 Act.
2265 5738 2357 5788 xu,
2392 5720 2478 5778 11.
2556 5717 2599 5749 ’⁸⁷
2627 5716 2761 5773 LUC-
2789 5731 2902 5778 XX"
2940 5712 3004 5768 Η
3035 5725 3187 5782 seqq‘

290 5824 344 5872 ν,
369 5807 460 5862 20.

1983 4591 2236 4661 proximo
2265 4597 2320 4643 et
2357 4591 2408 4643 in
2441 4604 2505 4643 eo
2536 4591 2656 4657 ipso
2690 4601 2798 4657 quo
2837 4601 2900 4641 os
2935 4587 3196 4656 aperiret,
3235 4601 3416 4640 sermo
3441 4601 3570 4656 pro-

1985 4683 2231 4737 cedebat.
2268 4699 2288 4734 ι
2326 4679 2396 4736 Ut
2436 4695 2559 4734 cum
2605 4679 2852 4734 libertate
2892 4687 3081 4731 notum
3117 4675 3336 4730 faciam.
3382 4696 3402 4729 ι
3432 4677 3564 4741 Aut,

1989 4774 2059 4830 Ut
2097 4789 2222 4829 cum
2275 4773 2523 4828 libertate
2555 4785 2657 4842 pro
2707 4787 2794 4828 me
2832 4785 3053 4825 causam
3092 4769 3311 4831 dicam;
3345 4780 3436 4823 aut
3465 4769 3568 4824 :lJt

1985 4866 2274 4940 praedicem
2319 4865 2694 4933 Evangelium.
2745 4881 2765 4914 ι
2809 4861 2914 4917 Pro
2967 4876 3077 4931 quo
3128 4860 3398 4930 legatione
3438 4860 3568 4914 fun-

1985 4979 2099 5034 gor.
2145 4982 2161 5014 ι
2199 4961 2304 5016 Pro
2337 4976 2446 5031 quo
2475 4958 2768 5031 Evangelia
2813 4958 3084 5027 legatione
3124 4956 3321 5026 iungor
3365 4955 3432 5009 ad
3469 4957 3568 5010 ho-

1986 5059 2162 5111 mines
2204 5065 2262 5109 ut
2306 5056 2408 5125 ipsi
2457 5063 2512 5110 et
2551 5054 2636 5109 his
2667 5068 2787 5123 quae
2817 5053 2869 5106 in
2905 5067 2970 5106 eo
2999 5050 3289 5115 habentur,
3319 5049 3569 5104 reconci-

1984 5152 2205 5206 lientur.
2271 5167 2289 5199 ι
2343 5147 2478 5202 Nam
2529 5162 2628 5217 pro
2687 5145 2944 5208 Christo,
3009 5142 3227 5212 inquit,
3296 5142 3568 5212 legatione

1983 5242 2266 5312 fungimur
2296 5241 2362 5294 ⁸⁸.
2404 5259 2422 5292 ι
2467 5269 2537 5278 —-
2578 5256 2597 5289 ι
2656 5235 2721 5290 Ut
2765 5236 2818 5290 in
2866 5250 2931 5290 eo
2969 5235 3137 5290 libere
3186 5235 3397 5305 loquar.
3442 5252 3462 5284 ι
3507 5233 3564 5287 In

1986 5335 2225 5390 vinculis
2245 5342 2364 5387 erat
2393 5342 2446 5387 et
2479 5347 2576 5400 pro
2605 5346 2662 5386 se
2698 5344 3086 5398 responsurus.
3129 5325 3201 5381 Ut
3243 5326 3408 5395 igitur
3439 5339 3565 5378 cum

1984 5430 2254 5490 libertate,
2282 5425 2489 5494 inquit,
2517 5437 2600 5477 me
2629 5438 2850 5492 purgem
2877 5461 2890 5484 ,
2922 5430 2974 5475 et
3002 5421 3071 5473 ita
3103 5429 3161 5471 ut
3190 5423 3400 5486 oportet
3439 5430 3564 5470 eum

1982 5521 2074 5592 qui
2111 5517 2421 5586 hujnsmodi
2454 5516 2521 5570 de
2557 5515 2723 5569 rebus
2747 5529 2971 5567 causam
3003 5512 3250 5565 dicturus
3281 5514 3386 5560 est.

2059 5606 2146 5670 Vl,
2173 5605 2364 5660 ει-ὶι.
2397 5601 2462 5657 Ut
2487 5612 2664 5658 autem
2699 5602 2882 5656 sciatis
2907 5609 2954 5653 et
2983 5615 3069 5652 vos
3097 5611 3211 5666 qua:
3243 5596 3310 5648 ad
3344 5611 3419 5647 me
3444 5609 3568 5663 per~

3291 5708 3337 5743 ’⁵⁸
3367 5709 3405 5763 ιι
3438 5709 3564 5794 Cor.
