4000 6576
494 352 630 418 1251

1563 346 1962 410 (ECUMENII
1995 345 2289 404 ΤΙὶίίῖοΕ
2321 344 2664 405 EPlSCOPI

3633 341 3755 406 1252

496 471 658 525 nobis
681 467 946 524 adversus
972 466 1073 523 hos
1102 467 1269 532 lucta,
1304 481 1410 522 non
1444 466 1510 522 dc
1546 467 1730 536 parvis
1753 464 2074 534 quihusdam

2193 462 2340 514 Ὠσεὶ
2391 461 2611 529 ἔλεγενο
2657 460 2814 514 Ἔστι
2843 461 2899 514 δὲ
2941 461 3034 514 καὶ
3065 462 3197 531 ἡμῖν
3250 461 3282 530 ἡ
3349 463 3486 530 πρὸς
3539 463 3759 528 τούτους

494 561 682 622 rebus.
719 560 811 614 scd
846 574 944 628 pro
977 561 1142 612 rebus
1175 573 1298 628 qua:
1327 565 1458 612 sunt
1486 557 1540 611 in
1569 557 1886 612 omlestibus
1916 572 1929 608 :
1969 553 2073 607 huc

493 661 578 706 est
605 665 704 720 pro
729 665 896 718 regno
920 651 1181 703 caelorum
1211 660 1263 703 et
1288 648 1598 718 adoptione.
1626 648 1836 702 ldcirco
1860 647 2077 701 sobrios

495 759 620 797 esse
650 756 713 794 ac
751 740 979 812 vigilare
1013 749 1248 810 oportet.
1280 739 1377 795 Est
1412 748 1590 794 autem
1623 739 1844 808 pr0pria
1876 738 2078 793 dictio-

499 849 628 888 num
661 833 1171 902 correspondentia.
1200 833 1426 901 Propter
1449 829 1919 899 cmlestia,iuquit.
1943 829 2078 883 Nam

503 928 582 990 ὲν,
616 926 666 980 id
704 932 788 980 est
815 927 890 992 in,
923 926 1138 996 capitur
1155 940 1254 995 pro
1281 925 1390 988 διά,
1420 925 1470 978 id
1503 932 1585 978 est
1612 933 1844 991 propter.
1890 941 1907 972 ι
1935 922 2082 987 Qua-

498 1022 720 1085 prOpter
765 1016 1052 1070 assumitc.
1095 1034 1113 1066 ι
1166 1014 1482 1084 Quoniam,
1538 1015 1735 1085 inquit,
1788 1012 2076 1081 periculosi

495 1115 623 1159 sunt
676 1106 884 1161 hostes.
938 1124 956 1158 ι
999 1105 1056 1159 ln
1092 1105 1178 1160 die
1212 1105 1372 1160 malo.
1413 1125 1432 1160 ι
1476 1105 1626 1160 Diem
1676 1105 1877 1160 malum
1924 1109 2080 1156 vocat

495 1208 819 1264 praesentem
862 1199 1050 1262 vitam,
1104 1207 1326 1268 propter
1364 1213 1563 1269 pravas
1589 1197 1836 1251 actiones
1869 1210 1990 1266 quae
2024 1196 2078 1248 in

494 1303 558 1344 ea
593 1298 719 1342 sunt
755 1306 768 1343 :
803 1289 912 1359 58
955 1290 1252 1345 ostendens
1295 1291 1456 1344 breve
1499 1303 1618 1343 esse
1658 1287 1786 1342 belli
1843 1297 2078 1357 tempus,

493 1383 657 1436 etiam
699 1381 803 1434 hoc
852 1381 1011 1435 modo
1046 1390 1359 1452 promptum
1407 1382 1513 1436 illis
1549 1379 1759 1435 addens
1810 1380 2079 1433 animum.

501 1493 520 1527 ι
563 1475 630 1531 Et
677 1476 934 1530 omnibus
989 1475 1219 1530 devictis
1275 1485 1444 1530 stare.
1488 1495 1506 1528 ι
1571 1473 1837 1530 Omnibus
1891 1488 2083 1543 nempe

496 1565 899 1628 aﬂcctionibus,
920 1565 1402 1632 concupiscentiis.
1428 1583 1446 1616 ι
1476 1564 1730 1618 Devictis.
1755 1582 1772 1614 ι
1795 1563 1929 1617 Nam
1955 1580 2084 1617 κατ-

494 1657 864 1727 εργασάμενοι
915 1655 1132 1725 capitur
1187 1670 1285 1726 pro
1328 1653 1920 1727 καταπολεμήσαντες,
1981 1655 2084 1710 hoc

491 1764 596 1816 est,
628 1750 880 1806 confecto
912 1750 1053 1804 bello
1083 1763 1145 1803 ac
1177 1747 1406 1803 devictis
1431 1748 1684 1802 hostibus
1729 1758 1898 1810 stare,
1955 1755 2080 1800 tan-

2181 554 2349 624 πάλη,
2374 555 2436 606 οὐ
2469 554 2598 623 περὶ
2637 552 2847 622 μικρῶν
2887 569 3072 612 τινων,
3104 552 3218 605 ἀλλ’
3249 553 3390 621 ὑπὲρ
3422 554 3536 605 τῶν
3573 555 3634 606 ἐν
3659 558 3760 617 τοῖς

2181 647 2524 717 ἐπουρανίοις
2569 646 2932 716 πραγμάτιον,
2987 640 3099 698 οἷον
3157 644 3437 713 βασιλείας
3494 645 3759 713 οὐρανῶν,

2181 742 2277 792 καὶ
2337 737 2628 801 υἱοθεσίας,
2688 738 2778 790 Διὸ
2808 739 3003 806 νήφειν
3046 737 3175 808 χρή.
3257 737 3319 790 Ἦ
3371 738 3429 790 δὲ
3497 737 3764 800 ἀντίλεξις

2183 831 2388 893 ίδικῶς.
2430 831 2528 884 Διὰ
2568 831 2635 884 τὰ
2683 831 2984 902 ἐπουράνιά
3014 847 3168 901 φησι.
3220 829 3293 882 Τὸ
3340 830 3452 899 γάρ
3511 831 3609 891 ἐν,
3677 830 3767 884 διὰ

2182 924 2349 976 ἐστίν.
2403 941 2421 974 ι
2459 923 2557 976 Διὰ
2611 923 2768 976 τοῦτο
2828 923 3148 978 ἀναλάϐετε.
3181 942 3199 974 ι
3271 923 3496 994 Ἐπειδὴ
3527 965 3543 986 ,
3613 926 3764 993 φησὶ,

2180 1013 2408 1083 χαλεποὶ⁴
2453 1013 2502 1065 οἱ
2553 1012 2757 1083 ἐχθροί.
2803 1031 2821 1064 ι
2866 1013 2956 1065 Ἑν
2992 1015 3060 1084 τῇ
3114 1012 3299 1084 ἡμέρα
3345 1015 3410 1083 τῇ
3463 1015 3706 1082 πονηρᾷ.
3742 1021 3784 1065 ι’

2191 1105 2438 1177 Ἢμέραν
2484 1106 2728 1176 πονηρὰν
2758 1105 2851 1158 τὸν
2889 1107 3131 1176 παρόντα
3166 1107 3322 1160 καλεῖ
3369 1105 3510 1176 βίον,
3555 1107 3650 1158 διὰ
3702 1107 3766 1158 τὰ

2183 1199 2239 1251 ὲν
2269 1196 2416 1266 αὑτῷ
2447 1196 2662 1267 πονηρὰ
2697 1196 3023 1268 πράγματα.
3056 1197 3271 1260 δεικνὺς
3307 1196 3522 1268 βραχὺν
3552 1199 3645 1249 τοι
3677 1197 3767 1250 τοῦ

2183 1289 2420 1359 πολέμου
2453 1289 2668 1360 καιρὸν,
2695 1291 2788 1342 καὶ
2815 1289 2987 1360 ταύτῃ
3020 1288 3328 1358 προθυμίαν
3353 1290 3543 1350 αὐτοῖς
3570 1287 3767 1350 διδούς.

2188 1381 2329 1434 dicti
2380 1379 2593 1434 ἅπαντα
2643 1381 3113 1450 κατεργασάμενοι
3153 1381 3364 1449 στῆναι.
3408 1399 3425 1431 ι
3488 1379 3766 1442 "Arta-tta,

2182 1467 2293 1527 οἷον
2355 1471 2455 1536 τὰς
2516 1471 2685 1542 πάθη,
2724 1473 2824 1538 τὰς
2845 1471 3160 1543 ἐπιθυμίας.
3217 1474 3767 1541 Κιιτερτασάμεγει,

2183 1557 2334 1628 οἷον,
2419 1567 3045 1631 Καταπολεμησαντες
3131 1564 3326 1632 στῆναι
3362 1604 3379 1628 ,
3471 1564 3765 1632 νικηφόροι

2182 1657 2328 1719 τινὲς
2359 1657 2452 1710 καὶ
2485 1656 2731 1726 λαμπροὶ
2759 1655 2838 1726 τῷ
2875 1657 3145 1727 τροπαίῳ.
3174 1654 3370 1708 Πολλοὶ
3399 1657 3512 1726 γὰρ
3540 1657 3684 1724 μετὰ
3715 1655 3771 1707 τὸ

2185 1749 2426 1817 νικῆσαι,
2464 1747 2626 1801 πάλιν
2661 1750 2874 1802 ἔπεσον.
2921 1747 3062 1800 Ἀλλ’
3118 1748 3205 1800 ἵνα
3253 1749 3482 1817 ὲνστῆτε
3523 1751 3592 1818 τῇ
3625 1748 3766 1816 νίκῃ.

493 1858 657 1912 quam
687 1842 854 1912 hiqui
880 1842 1161 1896 victoriam
1192 1849 1638 1912 reportarunt,et
1665 1843 1908 1912 tr0phteo
1928 1842 2064 1897 clari
2108 1850 2258 1898 sunt.
2297 1841 2448 1897 Multi
2479 1843 2626 1897 enim
2661 1851 2950 1912 postquam
2995 1842 3265 1907 vicerunt,
3330 1857 3560 1897 rursum
3629 1842 3772 1896 ceci-

492 1935 712 1989 derunt.
747 1933 850 1987 Sed
881 1941 939 1987 ut
975 1934 1026 1986 iu
1057 1934 1279 1988 victoria
1310 1934 1644 2004 persistatis.

564 2028 655 2093 Vl,
700 2028 888 2083 M-l8.
923 2025 1073 2082 State
1105 2028 1271 2096 igitur
1308 2027 1501 2081 lumbis
1540 2028 1723 2082 restris
1764 2028 2074 2082 circumcin—

2248 2026 2437 2094 Στῆτε
2471 2021 2584 2094 οὖν
2623 2023 3081 2093 περιζωσάμενοι
3114 2021 3228 2090 τὴν
3257 2022 3460 2092 ὀσφὺν
3500 2021 3678 2092 ὑμῶν
3706 2023 3774 2078 ἐν

495 2124 593 2178 ctis
623 2122 829 2177 baltlteo
861 2137 952 2190 per
983 2121 1284 2186 veritatem,
1323 2130 1371 2176 et
1409 2120 1582 2174 induti
1618 2121 1884 2174 thoracem
1913 2121 2085 2189 justi-

493 2215 602 2280 tiw,
632 2223 682 2270 et
715 2213 939 2268 culceati
970 2211 1479 2282 pedibus,utparati
1510 2212 1626 2265 sitis
1648 2212 1714 2264 ad
1734 2209 2078 2282 Evangelium

489 2309 664 2376 pacis,
694 2321 848 2373 super
872 2306 1052 2358 omnia
1081 2314 1355 2373 assumpto
1391 2311 1540 2357 scuto
1565 2303 1709 2371 ﬁdei,
1737 2319 1837 2374 quo
1866 2303 2078 2370 possitis

494 2401 674 2452 omnia
701 2398 891 2466 jacula
919 2396 1050 2450 mali
1076 2396 1219 2450 illius
1252 2396 1419 2464 ignita
1449 2395 1782 2465 exstinguere
1809 2394 2081 2465 :galeam-

493 2507 592 2560 que
615 2490 871 2542 salutaris
903 2486 1232 2555 accipiendo,
1263 2496 1311 2542 et
1334 2486 1572 2556 gladium
1604 2487 1823 2553 spiritus
1848 2487 1986 2555 quod
2001 2493 2079 2539 est

493 2582 704 2637 verbum
742 2581 857 2642 Dei,
894 2581 946 2632 in
985 2579 1125 2633 omni
1151 2580 1514 2644 deprecatione
1541 2588 1590 2632 et
1621 2578 2003 2634 obsecratione.

2180 2121 2454 2187 ἀληθείᾳ,
2494 2119 2590 2172 καὶ
2625 2115 3024 2186 ἐνδυσάμενοι
3069 2115 3175 2170 τὸν
3226 2117 3463 2184 θώρακα
3523 2115 3642 2184 τῆς
3682 2117 3769 2170 δι-

2182 2213 2535 2279 καιοσύνης,
2592 2209 2692 2264 καὶ
2746 2208 3197 2276 ὑποδυσάμενοι
3248 2207 3395 2274 τοὺς
3443 2209 3644 2273 πόδας
3703 2211 3772 2263 ἐν

2180 2305 2491 2374 ἑτοιμασίᾳ
2549 2303 2656 2357 τοῦ
2708 2302 3080 2370 Εὐαγγελίου
3137 2301 3247 2370 τῆς
3301 2301 3575 2370 εἰρήνης.
3641 2302 3770 2356 Ἐπὶ

2182 2396 2375 2452 πᾶσιν
2408 2397 2815 2460 ἀναλαϐόντες
2846 2395 2956 2448 τὸν
2994 2395 3213 2461 θυρεὸν
3243 2393 3354 2460 τῆς
3384 2395 3676 2461 πίστεως,
3705 2397 3771 2448 ἐγ

2181 2480 2230 2556 ᾧ
2281 2485 2625 2552 δυνήσεσθε
2671 2484 2867 2538 πάντα
2897 2484 2970 2538 τὰ
3015 2484 3174 2552 ,ϐέλη
3216 2485 3321 2539 τοῦ
3373 2487 3656 2554 πονηροῦ
3702 2488 3768 2540 τὰ

2182 2579 2577 2647 πεπυρωμένα
2613 2577 2850 2640 σϐέσαι,
2884 2576 2981 2630 καὶ
3013 2576 3127 2641 τὴν
3156 2582 3641 2646 περικεφαλαίαν
3671 2579 3768 2632 τεῦ

493 2677 790 2744 σωτηρίου
824 2675 1133 2742 δέξασθαι,
1167 2677 1265 2732 καὶ
1286 2677 1401 2747 τὴν
1422 2676 1728 2748 ’μάχαιραν
1753 2677 1860 2732 τοῦ
1892 2679 2252 2750 πνεύματος,
2293 2680 2325 2732 ὅ
2354 2679 2485 2734 ἐστι
2537 2677 2708 2749 ῥῆμα
2762 2677 2934 2744 Θεοῦ,
2991 2677 3088 2733 διὰ
3156 2679 3362 2747 πάσης
3419 2677 3766 2747 προσευχῆς

498 2777 599 2832 καὶ
621 2773 909 2843 δεήσεως.

566 2863 648 2918 Ad
679 2863 879 2918 bellum
913 2863 1236 2924 exhortans.
1283 2863 1522 2933 primum
1552 2861 1810 2920 admonet
1848 2877 2074 2934 compo-

493 2957 595 3011 site
641 2971 703 3010 ac
751 2955 937 3009 debito
969 2955 1162 3010 ordine
1202 2954 1258 3009 in
1302 2955 1422 3010 acie
1451 2965 1619 3012 stare.
1647 2954 1849 3010 Deinde
1877 2969 2074 3010 conse-

496 3057 732 3120 quenter
748 3054 929 3101 armat
957 3064 970 3101 :
1005 3061 1069 3101 ac
1097 3045 1274 3115 primo
1303 3047 1472 3118 cingit
1497 3047 1724 3102 militem
1743 3047 2074 3102 difﬂuentem

491 3153 556 3192 ac
591 3137 850 3192 dilIusum
884 3135 1368 3205 concupiscentiis,
1395 3143 1450 3191 et
1478 3135 1766 3192 habentem
1792 3135 2068 3205 eOgitatio-

492 3244 592 3284 nes
624 3228 679 3282 in
703 3227 929 3282 humum
963 3227 1262 3292 detractas,
1294 3241 1360 3282 ac
1390 3227 1637 3298 reprimit
1671 3227 1941 3298 spirituali
1977 3227 2080 3283 hoc

491 3319 730 3375 baltheo.
765 3338 783 3371 ι
823 3317 1052 3374 Lumbis
1081 3320 1302 3375 vestris.
1341 3339 1359 3372 ι
1397 3320 1866 3386 Quemadmodum
1895 3320 1950 3374 in
1979 3334 2078 3374 na-

491 3412 648 3468 vibus
687 3411 874 3466 carina
920 3427 1042 3482 qua:
1087 3412 1206 3468 loco
1258 3411 1594 3468 fuiidamenti
1641 3413 1925 3483 cujusdam
1971 3422 2077 3478 est,

491 3501 784 3556 aedilicium
811 3518 971 3556 omne
1002 3505 1267 3565 continet,
1301 3504 1374 3556 ita
1408 3512 1462 3558 et
1491 3505 1659 3559 lumbi
1685 3505 1738 3558 in
1771 3504 1944 3559 vobis.
1971 3504 2078 3558 lta-

491 3606 600 3661 que
643 3592 734 3661 qui
771 3591 959 3646 labore
979 3591 1261 3664 defatigati
1293 3601 1444 3659 sunt,
1481 3593 1792 3664 frequenter
1816 3596 2078 3665 appositis

494 3682 570 3738 ibi
618 3681 871 3738 manibus
902 3688 1161 3752 tanquam
1213 3683 1280 3737 ad
1325 3683 1741 3739 fritidauientum
1781 3687 2075 3754 quoddam,

493 3775 871 3845 requiescunt.
901 3775 1160 3831 Nostrum
1190 3777 1356 3848 igitur
1383 3779 1710 3848 principium
1747 3781 1920 3849 primo
1945 3796 2080 3837 con-

495 3868 737 3933 stringit,
767 3875 1024 3938 tanquam
1067 3868 1262 3922 anima:
1289 3869 1527 3940 vigorem
1571 3871 1664 3941 qui
1710 3873 1763 3926 in
1806 3873 1963 3928 nobis
1993 3883 2079 3930 est

493 3961 638 4028 quod
673 3957 901 4028 figurate
953 3959 1171 4016 lumbos
1205 3962 1532 4030 appellavit,
1565 3963 1666 4019 hos
1711 3965 1935 4020 veritate
1965 3965 2077 4022 cir-

494 4051 814 4120 cumciugit.
868 4049 1040 4104 Porro
1088 4053 1290 4106 veritas
1339 4050 1406 4105 ad
1465 4054 1634 4110 multa
1686 4055 2010 4125 intelligitur
2057 4077 2071 4112 :

493 4144 697 4197 veritas
728 4143 1067 4212 dogmatum,
1099 4143 1302 4198 veritas
1331 4144 1453 4199 vita:
1476 4145 1683 4200 Christi
1711 4157 1976 4217 separatae
2007 4149 2076 4206 ab

495 4233 772 4305 hypocrisi
843 4233 959 4288 sive
1028 4232 1433 4300 simulatione,
1496 4237 1700 4292 veritas
1757 4251 2073 4292 sermonum

493 4325 922 4381 fraudulentiam
955 4339 1020 4378 ac
1050 4325 1234 4379 dolum
1269 4325 1901 4395 abnegantium,veritas
1926 4329 2076 4399 cogi-

494 4419 721 4472 tationis
744 4430 867 4486 quae
905 4415 1042 4469 nihil
1091 4414 1254 4469 habet
1289 4415 1579 4470 adulterini
1632 4425 1728 4470 aut
1769 4417 1932 4472 fucati
1967 4419 2076 4472 dae-

493 4525 718 4565 monum
745 4507 992 4564 seminis.
1015 4505 1176 4562 Potes
1207 4516 1386 4561 autem
1414 4517 1673 4578 tanquam
1705 4509 1772 4563 ad
1797 4507 2074 4565 Christum

492 4602 699 4656 referre
755 4599 850 4670 qui
885 4612 1016 4654 vero
1058 4597 1263 4652 veritas
1301 4605 1408 4652 est.
1461 4616 1480 4650 ι
1520 4597 1632 4669 Ego
1672 4615 1820 4664 sum,
1875 4599 2070 4669 inquit,

493 4693 694 4747 veritas
716 4690 780 4756 “,
808 4709 827 4742 ι
861 4705 1021 4760 quem
1053 4689 1217 4743 etiam
1255 4689 1408 4744 indui
1440 4704 1549 4744 non
1581 4691 1934 4761 circumcingi
1974 4693 2073 4746 da-

2259 2863 2383 2920 Ἐπὶ
2415 2861 2648 2934 πόλεμον
2675 2859 3016 2933 προτρέπων,
3042 2858 3106 2912 τὸ
3136 2859 3352 2929 πρῶτον
3390 2860 3451 2910 ἐν
3508 2862 3624 2923 τοῖς
3680 2877 3766 2913 τα-

2179 2956 2386 3017 κτικοῖς
2419 2953 2674 3025 παραινεῖ
2724 2952 2785 3004 τὸ
2836 2954 3030 3021 στῆναι
3073 2950 3370 3011 εὐτάκτως.
3404 2945 3541 3002 Εἶτα
3588 2950 3766 3002 λοιπον

2181 3046 2524 3112 καθοπλίζει,
2559 3045 2654 3098 καὶ
2709 3044 2926 3114 πρῶτον
2975 3042 3209 3107 ζὼννυσι
3255 3041 3348 3094 τὸν
3418 3041 3761 3113 διαρῥέοντα,

2181 3140 2277 3193 καὶ
2308 3137 2702 3207 διακεχυμένον
2733 3137 2855 3198 ταῖς
2887 3133 3207 3204 ἐπιθυμίαις
3262 3135 3357 3186 καὶ
3413 3137 3594 3204 χαμαὶ
3647 3135 3764 3196 τοὺς

2183 3229 2480 3299 λογισμοὺς
2509 3226 2843 3298 συρομένους
2874 3225 3069 3296 ἔχοντα
3103 3224 3469 3294 στρατιώτην,
3506 3225 3600 3278 καὶ
3638 3226 3765 3278 ἁνα-

2185 3322 2395 3375 στέλλει
2427 3323 2491 3392 τῇ
2521 3322 2684 3390 νοητῇ
2712 3317 2884 3389 ταύτῃ
2922 3316 3107 3381 ζώσει.
3137 3334 3156 3367 ι
3197 3316 3310 3386 Τὴν
3332 3316 3512 3384 ὀσφὺν
3540 3317 3714 3386 ὑμῶν.
3741 3335 3758 3368 ι

2185 3415 2396 3484 Ὥσπερ
2418 3413 2512 3466 ἐπὶ
2535 3413 2642 3466 τῶν
2673 3412 2818 3480 νηῶν
2861 3412 2894 3480 ἡ
2926 3411 3120 3479 τρόπις
3158 3410 3220 3462 τδ
3252 3410 3361 3463 πᾶν
3409 3409 3651 3478 συνέχει,
3683 3410 3765 3462 θε-

2183 3507 2366 3579 μέλιός
2392 3524 2474 3570 τις
2507 3501 2665 3571 οὖσα,
2693 3503 2864 3566 οὕτως
2887 3503 2972 3569 ἐφ’
2997 3501 3154 3572 ὑμῶν
3204 3503 3236 3570 ἡ
3291 3499 3488 3570 ὀσφῦς.
3545 3503 3609 3554 Οἱ
3640 3501 3763 3568 γοῦν

2179 3600 2558 3670 ἀποκαμόντες
2615 3597 2876 3661 πολλάκις
2929 3596 3122 3664 ῶσπερ
3177 3596 3256 3658 είς
3310 3611 3438 3649 τινα
3489 3595 3758 3663 θεμέλιον,

2179 3687 2297 3742 ἐκεῖ
2341 3686 2439 3750 τὰς
2472 3688 2662 3757 χεῖρας
2718 3684 3076 3748 ἐπιτιθέντες,
3125 3684 3599 3738 ὲπαναπαύονται.
3657 3685 3760 3751 Τὴν

2176 3781 2357 3835 τοίνυν
2401 3779 2576 3851 ἀρχὴν
2625 3778 2780 3850 ἡμῶν
2814 3779 3032 3845 πρῶτον
3095 3777 3407 3846 συσφίγγει,
3445 3773 3565 3830 οἷον
3592 3777 3680 3829 τὸν
3705 3778 3759 3828 ἐν

2176 3875 2310 3944 ἡμῖν
2340 3873 2492 3927 τόνον
2521 3872 2616 3942 τῆς
2637 3871 2840 3943 ψυχῆς,
2884 3871 2942 3924 ὃν
2980 3870 3254 3939 τροπικῶς
3300 3869 3478 3937 ὀσφὺν
3511 3871 3756 3924 ἐκάλεσε.

2177 3965 2378 4019 Τοῦτον
2431 3967 2496 4036 τῇ
2550 3962 2782 4035 ἀληθείᾳ
2822 3961 3240 4032 περιζώννυσιν.
3306 3961 3372 4014 Ἠ
3426 3961 3483 4014 δὲ
3535 3960 3756 4029 ἀλήθεια

2177 4059 2257 4121 είς
2278 4056 2448 4111 πολλὰ
2477 4058 2702 4111 νοεῖται.
2753 4054 3010 4125 Ἀλήθεια
3037 4053 3351 4124 δογμάτων,
3381 4052 3619 4121 ἀλήθεια
3645 4054 3758 4125 βίον

2176 4145 2441 4218 χρηστοῦ,
2464 4144 2808 4218 ὑποκρίσεως
2826 4161 2887 4196 κε
2894 4143 3257 4215 χωρισμὲνου.
3289 4142 3546 4211 ’Δλήθεια
3566 4144 3756 4212 λόγων,

2175 4240 2236 4292 τὸ
2261 4237 2481 4308 δολερὸν
2512 4236 2888 4306 ἀρνουμένων.
2923 4235 3178 4304 Ἀλήθεια
3202 4234 3582 4306 ἐνθυμήσεως,
3615 4237 3757 4289 οὐδὲν

2175 4324 2405 4394 ἐχούσης
2437 4323 2530 4377 τοῦ
2561 4323 2718 4378 νόθου
2757 4324 2850 4378 καὶ
2881 4324 3134 4395 κιϐδήλου
3164 4323 3272 4377 τῶν
3315 4323 3590 4395 δαιμόνων
3629 4328 3758 4378 σπξ.

2178 4433 2294 4488 ρου.
2331 4417 2474 4488 Δύνῃ
2497 4415 2554 4468 δὲ
2579 4415 2654 4478 ῶς
2677 4415 2815 4486 πρὸς
2843 4415 2936 4470 τὸν
2966 4414 3202 4486 Χριστὸν
3225 4415 3440 4485 νοῆσαι,
3472 4415 3566 4468 τὸν
3596 4417 3760 4480 ὅντως

2174 4509 2452 4579 ἀλήθειαν.
2483 4508 2658 4578 «Ἐγὼ
2679 4509 2786 4579 γάρ
2808 4510 2944 4578 ειμι,
2967 4508 3152 4578 φησιν,
3173 4507 3506 4579 salsam.»
3540 4511 3638 4562 Ὃν
3667 4511 3756 4562 καὶ

2175 4601 2509 4666 ὲνδεδῦσθαι,
2539 4602 2598 4656 οὐ
2628 4601 2786 4672 μόνον
2803 4601 3173 4672 περιεζῶσθαι
3210 4604 3322 4664 τοῖς
3347 4601 3658 4672 ἀνθρώποις
3678 4603 3758 4654 δε-

2175 4693 2434 4764 δώρηται.
2448 4695 2633 4746 (Ὅσοι
2659 4694 2788 4764 γὰρ,
2812 4693 2999 4764 φησὶν,
3017 4695 3095 4756 είς
3114 4693 3350 4762 Χριστὸν
3370 4693 3749 4762 ἐϐαπτίσθητε,

492 4794 605 4839 tum
638 4795 723 4838 est
746 4783 1082 4839 hominibus.
1130 4801 1149 4836 ι
1186 4781 1320 4837 Nam
1356 4792 1648 4853 quotquot,
1671 4783 1766 4848 ait,
1816 4784 1868 4837 in
1909 4783 2072 4838 Chri-

2180 4786 2408 4857 Χριστὸν
2424 4785 2798 4839 ἐνεδύσασθε.»
2817 4814 2886 4824 -—
2909 4803 2928 4836 ι
2950 4786 3053 4838 Τὴν
3086 4783 3312 4856 θώρακα
3347 4787 3448 4854 τῆς
3481 4785 3752 4838 δικαιοσύ-

489 4884 636 4931 stum
682 4875 937 4946 baptizati
1005 4875 1160 4940 estis,
1218 4874 1499 4930 Christum
1548 4875 1806 4931 induistis
1827 4875 1895 4928 “.
1940 4894 1958 4927 ι
2003 4906 2074 4918 --

495 4986 513 5018 ι
549 4965 847 5022 Thoracem
874 4967 1128 5038 iustitiae.
1159 4985 1177 5018 ι
1208 4966 1316 5037 59
1339 4966 1510 5022 Vitam
1545 4949 1678 5022 dicit
1707 4968 2075 5038 undequaque

489 5059 740 5128 probam.
804 5059 898 5112 Est
953 5071 1136 5115 autem
1187 5059 1382 5114 thorax
1441 5058 1619 5114 ferrea
1675 5063 1882 5114 tunica.
1946 5077 1964 5110 ι
2002 5061 2072 5116 Et.

486 5149 715 5205 cnlocati
769 5147 1022 5217 pedibus.
1085 5169 1104 5201 ι
1165 5153 1274 5203 Aut
1311 5149 1413 5203 hoc
1461 5148 1593 5204 dicit
1638 5149 1783 5219 quod
1825 5158 2072 5218 oporteat

2176 4895 2292 4946 νης.
2308 4878 2438 4930 »Τὸν
2452 4876 2680 4930 καθόλου
2699 4878 2861 4948 φησὶν
2877 4877 3131 4948 ἐνάρετον
3149 4875 3285 4947 βίον.
3301 4876 3499 4946 Θώραξ
3515 4878 3571 4930 δέ
3588 4879 3748 4944 ἐστιν,

2173 4972 2202 5024 ὁ
2225 4968 2476 5043 σιδηροῦς
2492 4969 2676 5040 χιτών.
2701 4971 2841 5024 «Καὶ
2859 4970 3256 5042 ὑποδυσάμενοι
3273 4971 3400 5034 τοὺς
3416 4970 3604 5033 πόδας.
3639 4990 3658 5023 ι
3680 4971 3747 5022 Ἦ

2172 5058 2330 5113 τοῦτό
2353 5077 2535 5130 φησιν,
2565 5060 2646 5114 ὅτι
2679 5060 2786 5131 χρὴ
2810 5061 2937 5124 τοὺς
2963 5061 3124 5123 πόδας
3159 5060 3316 5131 ἡμῶν
3344 5062 3595 5132 ἑτοίμους
3613 5056 3748 5120 εἶναι

2173 5151 2308 5221 πρὸς
2328 5150 2387 5203 τδ
2405 5151 2902 5218 εὐαγγελίζεσθιω
2925 5149 3012 5214 Ὦς
3026 5151 3214 5222 ὡραῖοι
3230 5151 3361 5220 γὰρ,
3385 5154 3546 5222 φησιν
3561 5193 3575 5216 ,
3590 5154 3636 5204 οἱ
3656 5152 3746 5204 πό-

486 5247 655 5314 peJes
695 5249 914 5296 nostros
943 5253 1163 5310 paratos
1195 5257 1315 5298 esse
1352 5243 1417 5296 ad
1449 5243 1854 5311 pra‘dicandum
1890 5244 2068 5298 Evan-

2180 5243 2256 5308 Βες
2281 5244 2389 5298 τῶν
2418 5243 2919 5316 εὐαγγελιζομένων
2947 5245 3223 5316 είρήνην.ι
3249 5246 3320 5297 Ἦ
3344 5245 3427 5298 ὅτι
3458 5247 3516 5298 ἐν
3552 5246 3745 5314 ἑτοίμῳ

485 5337 713 5406 gelium.
748 5335 840 5388 Ait
867 5336 1010 5386 enim
1043 5349 1056 5385 :
1102 5349 1120 5382 ι
1155 5330 1328 5397 Quam
1368 5333 1578 5399 pulchri
1613 5338 1774 5403 pedes
1795 5335 2070 5404 evangeli-

483 5429 728 5484 zantium
758 5441 946 5498 pacem
979 5422 1048 5477 δ’.
1088 5441 1107 5475 ι
1153 5425 1261 5476 Aut
1300 5424 1442 5492 quod
1479 5425 1712 5495 prompti
1754 5441 1877 5482 esse
1902 5427 2067 5481 debe-

485 5535 630 5581 mus,
668 5520 945 5588 vitamque
995 5515 1200 5570 habcre
1238 5515 1381 5570 sicut
1415 5515 1666 5570 hortatur
1691 5516 2067 5587 Evangelium.

493 5630 512 5664 ι
567 5611 1023 5683 Praeparationem
1087 5609 1270 5664 cordis
1326 5622 1556 5674 eorum,
1617 5609 1693 5664 ait
1749 5613 2064 5682 Propheta,

581 5779 801 5838 “Joan.
833 5785 1017 5853 nv,6.
1133 5786 1176 5818 δι
1207 5783 1383 5843 Galat.
1421 5802 1490 5858 Ill_
1528 5786 1618 5842 27.

1699 5787 1740 5820 ’⁵³
1791 5787 1894 5844 lsa.
1925 5804 2021 5854 LII,
2059 5788 2109 5842 7.

2171 5335 2461 5406 ὀφείλομεν
2507 5331 2648 5390 εἶναι
2698 5337 2794 5390 καὶ
2850 5336 2964 5407 βίον
3005 5337 3170 5408 ἔχειν,
3204 5336 3279 5397 ὡς
3325 5327 3387 5389 τι
3421 5336 3743 5404 Εὐαγγέλιον

2173 5425 2489 5495 ὑφηγεῖται.
2539 5445 2558 5478 ι
2595 5426 2711 5496 Τὴν
2759 5428 2868 5497 γὰρ
2907 5426 3226 5496 ὲτοιμασίαν
3254 5427 3354 5497 τῆς
3393 5427 3620 5503 καρδίαις
3645 5425 3743 5477 αὖ·

2171 5517 2302 5581 τῶν,
2338 5519 2502 5587 φησιν
2549 5519 2577 5571 δ
2632 5519 2948 5589 Προφήτης,
3002 5519 3297 5589 προσέσχε,
3348 5517 3410 5570 τὸ
3461 5515 3553 5580 οῦς
3576 5534 3686 5569 σου.
3718 5535 3738 5568 ι

2171 5629 2267 5662 -ι
2302 5609 2408 5664 Τοῦ
2445 5609 2781 5678 Εὐαγγελίου
2809 5609 2908 5682 τῆς
2942 5611 3188 5683 εἰρήνης.
3221 5628 3237 5662 ι
3272 5607 3344 5664 Τὸ
3368 5608 3474 5678 γὰρ
3505 5607 3742 5676 Εὐαγγὲ-
