4000 6558
323 367 465 430 i253

1349 359 1738 422 COMMENT.
1771 359 1848 418 IN
1890 359 2126 418 El’IST.
2168 359 2268 418 AD
2307 358 2579 418 EPIIES.

3441 347 3582 412 12M

312 485 457 548 λιον,
491 479 714 551 εἰρήνην
763 477 861 548 μὲν
900 477 1038 548 πρὸς
1075 475 1163 529 τὸν
1195 474 1327 528 Θεὸν
1360 478 1526 540 ποιεῖ,
1570 473 1806 544 πόλεμον
1836 473 1892 526 δὲ

2037 473 2375 528 :idivitauris
2405 482 2494 526 tua
2520 471 2585 525 “.
2621 487 2640 521 ι
2669 498 2731 509 -
2755 487 2772 521 ι
2811 464 3164 538 Evangelium
3200 464 3370 535 pacis.
3406 483 3425 517 ι
3446 464 3581 517 Nam

315 575 462 647 πρὸς
503 573 632 631 τοὺς
678 569 958 640 δαίμονας.
1005 586 1024 620 ι
1066 569 1188 620 Ἐπὶ
1227 569 1396 620 πᾶσιν
1450 565 1832 628 ἀναλαϐόντες.
1876 583 1893 614 ι

315 669 418 720 Δεῖ
465 663 576 733 γὰρ
625 665 809 716 ἐκεῖνα
855 658 1240 730 προηγεῖσθαι.
1273 660 1465 712 Πίστιν
1494 658 1551 711 δέ
1586 674 1742 728 φησι,
1800 656 1900 726 τὴν

316 757 594 828 εἰλικρινῆ
650 754 746 810 καὶ
797 753 1084 823 διάπυρον,
1135 750 1266 820 περὶ
1303 743 1370 820 ἧς
1406 751 1434 802 ὁ
1477 747 1680 817 Κύριός
1712 761 1898 818 φησιν,

325 871 346 903 ι
403 851 526 904 Ἐὰν
570 849 732 919 ἔχητε
790 847 973 899 πίστιν
1009 844 1085 908 ὡς
1109 843 1310 897 κόκκον
1370 842 1666 905 σινάπεως,
1724 842 1902 910 ἐρεῖτε

316 940 406 1011 τῷ
425 940 538 1010 ὄρει
561 937 756 1008 τούτῳ,
778 935 1084 1004 Μετάϐηθι,
1115 934 1210 987 καὶ
1245 931 1634 1003 μεταϐήσεται.
1673 948 1796 982 ι-ι
1821 928 1904 981 Τὰ

321 1031 459 1102 βέλη
507 1027 602 1082 τοῦ
653 1028 917 1098 πονηροῦ.
954 1046 973 1080 ι
1037 1025 1176 1094 Βέλη
1226 1025 1380 1094 φησι,
1435 1024 1534 1086 τὰς
1581 1022 1900 1091 ἐπιθυμίας,

317 1125 454 1187 τοὺς
494 1121 812 1190 λογισμοὺς,
871 1119 999 1180 τοὺς
1038 1115 1402 1188 πειρασμούς.
1458 1113 1657 1176 Καλῶς
1705 1113 1763 1166 δὲ
1819 1111 1898 1178 to,

320 1213 735 1284 Πεπυρωμένα.
790 1210 1051 1264 Τοιαῦται
1099 1209 1208 1279 γὰρ
1255 1209 1310 1260 αἱ
1350 1207 1540 1262 ἄτοποι
1591 1204 1901 1274 ἐπιθυμίαι.

325 1327 346 1358 ι
389 1307 498 1361 Καὶ
530 1308 629 1376 τὴν
665 1304 1100 1375 περικεφαλαίαν
1124 1301 1220 1356 τοῦ
1253 1299 1544 1372 σωτηρίου.
1589 1318 1608 1350 ι
1653 1297 1762 1366 Τῆς
1799 1314 1902 1349 σω-

320 1402 525 1471 τηρίας
559 1399 734 1470 ὑμῶν,
767 1399 1035 1462 τουτέστι,
1091 1398 1190 1464 τῆς
1235 1393 1469 1455 ἐλπίδος.
1515 1391 1588 1444 To
1641 1391 1722 1455 δὲ,
1757 1409 1774 1441 ι
1811 1388 1906 1442 Δέ-

321 1494 595 1559 ξασθαι,ι
661 1485 774 1546 οἷον
822 1491 1050 1560 φορέσαι
1099 1489 1192 1543 καὶ
1245 1486 1504 1551 δέξασθαι
1552 1487 1616 1553 τῇ
1667 1483 1901 1552 κεφαλῇ.

327 1603 349 1637 ι
396 1587 504 1638 Καὶ
541 1584 642 1654 τὴν
679 1582 953 1653 μάχαιραν
979 1581 1075 1633 τοῦ
1108 1579 1438 1647 πνεύματος.
1479 1595 1498 1627 ι
1533 1573 1601 1627 Ἦ
1631 1573 1692 1626 τὸ
1735 1572 1904 1626 πνεῦ-

326 1697 412 1749 μα
435 1675 885 1749 περιφραστικῶς
915 1674 1128 1744 εἴρηκε,
1179 1673 1268 1726 δια
1316 1671 1375 1723 τὸ
1423 1669 1587 1740 τομὸν
1624 1669 1718 1722 καὶ
1753 1683 1906 1737 μερι-

2006 565 2360 635 Evangelium
2397 579 2582 635 pacem
2617 562 2834 632 quidem
2861 576 2988 630 crga
3003 559 3172 614 Deum
3203 558 3354 622 facit,
3383 558 3581 611 bellum

2004 671 2135 710 vero
2157 656 2220 709 ad
2232 670 2450 710 versum
2486 653 2783 710 daemones.
2816 671 2834 704 ι
2856 651 3032 721 Super
3048 650 3230 706 omnia
3247 656 3528 718 assumpto
3564 668 3582 699 ι

2005 745 2388 816 Oportetcnim
2409 745 2856 813 illajprzecedere.
2890 743 3076 799 Fidem
3097 751 3276 799 autem
3309 742 3441 796 dicit
3469 742 3590 796 sin-

2005 852 2186 894 ceram
2202 851 2266 892 ac
2293 837 2612 900 ferventem,
2645 835 2712 890 de
2736 851 2841 904 qua
2857 837 2933 888 ait
2955 833 3216 890 Dominus
3245 850 3290 888 τι
3311 833 3369 886 Si
3386 833 3590 886 habea-

2009 932 2076 984 tis
2106 929 2264 982 ﬁdem
2293 929 2435 984 sicut
2471 943 2701 998 granum
2733 927 2966 996 sinapis,
2995 927 3192 981 dicetis
3227 925 3398 980 monti
3421 926 3547 978 huic
3575 946 3587 979 :

2007 1020 2226 1086 Transi,
2247 1028 2303 1076 et
2323 1018 2656 1074 transibit“.
2673 1019 2992 1074 i—iJacula
3014 1019 3137 1072 mali
3171 1019 3338 1073 illius.
3364 1037 3382 1068 ι
3403 1017 3592 1072 Jaeula

2004 1120 2163 1165 vocat
2209 1111 2690 1180 concupiscentias
2721 1151 2736 1174 ,
2795 1110 3197 1180 cogitationes,
3238 1111 3587 1163 tentationcs.

2007 1203 2074 1256 Et
2109 1214 2256 1258 recte
2287 1203 2386 1268 ait,
2415 1202 2610 1272 Ignita.
2650 1202 2808 1256 Tales
2846 1203 2991 1256 enim
3030 1209 3159 1256 sunt
3194 1201 3441 1254 absurda:
3465 1216 3596 1253 con-

2005 1297 2382 1366 cupiscentiie.
2419 1294 2787 1364 tGaleamque
2805 1295 3116 1350 salutaris.)
3146 1292 3348 1348 Salutis
3371 1302 3593 1353 nostrae,

2008 1389 2111 1444 hoc
2137 1400 2220 1445 est
2249 1389 2386 1459 Spei.
2419 1389 2578 1455 Quod
2610 1401 2794 1447 autem
2828 1388 2924 1453 ait,
2963 1406 2980 1438 ι
3021 1387 3407 1458 Suscipiendo,
3447 1407 3464 1438 ι
3490 1387 3595 1438 huc

2005 1489 2110 1545 est,
2138 1481 2456 1550 accipiendo
2486 1487 2540 1532 et
2578 1479 2845 1550 gestando
2873 1481 2927 1532 in
2952 1479 3148 1548 capite.
3214 1497 3230 1529 ι
3263 1478 3325 1531 Ει
3357 1477 3596 1548 gladium

2008 1572 2256 1640 spiritus.
2301 1589 2320 1622 ι
2358 1570 2469 1624 Aut
2517 1568 2822 1640 periphrasi
2869 1569 3006 1623 dixit
3067 1569 3318 1638 spiritum
3375 1568 3596 1637 ipsum,

2009 1669 2236 1731 propter
2277 1660 2600 1715 incisiouem
2653 1675 2750 1713 seu
2808 1659 3134 1714 divisionem
3189 1659 3597 1712 contrariorum

326 1767 516 1821 στικὸν
554 1767 662 1818 τῶν
715 1763 974 1817 ἐναντίων
1031 1763 1220 1827 ἕξεων,
1280 1760 1312 1830 ἢ
1375 1757 1474 1829 τὴν
1528 1755 1905 1825 πνευματικήν

2034 1753 2302 1807 iabittium
2339 1769 2352 1806 :
2412 1760 2505 1806 aut
2539 1751 2882 1820 spiritualem
2919 1751 3084 1804 vitam
3119 1765 3183 1804 ac
3223 1750 3603 1804 conversatio-

327 1859 480 1929 ζωὴν
509 1858 604 1911 καὶ
651 1855 948 1921 πολιτείαν,
997 1854 1120 1924 ἥτις
1177 1853 1251 1913 ὡς
1305 1851 1551 1922 μάχαιρα
1600 1848 1907 1918 ἐνεργήσει,

329 1953 492 2023 φησι,
524 1951 666 2006 κατὰ
693 1950 803 2003 τῶν
837 1947 1042 2017 νοητῶν
1074 1947 1303 2017 ἐχθρῶν.
1352 1946 1424 1998 ’Ἠ
1453 1945 1534 1997 ὅτι
1576 1944 1645 1996 τὰ
1667 1957 1910 2010 πνευμα-

329 2045 464 2097 τικὰ
482 2084 498 2110 ,
540 2042 674 2112 φησὶ
696 2082 712 2106 ,
768 2040 1100 2111 χαρίσματα,
1137 2036 1280 2106 ἆπερ
1301 2036 1418 2090 ἐστὶ
1442 2035 1529 2090 διὰ
1555 2037 1796 2107 ῥήματος
1819 2033 1910 2086 καὶ

332 2134 754 2203 προστάγματος
779 2131 938 2185 Θεοῦ.
966 2159 1030 2170 —-
1050 2127 1382 2202 [ΟΙΚΟΥΜ.]
1401 2129 1467 2180 Ἢ
1497 2125 1768 2197 τὸ,¹’οπερ
1797 2124 1912 2178 ἐστὶ

335 2226 489 2296 ῥῆμα
518 2223 674 2287 Θεοῦ,
709 2221 787 2290 τῷ
810 2223 960 2274 κάτω
990 2219 1337 2284 συζευκτέον,
1369 2219 1454 2270 ἵνα
1535 2216 1911 2285 οὕτως,”οπερ

334 2315 455 2365 ἐστὶ
484 2313 637 2383 ῥῆμα
667 2310 803 2364 Θεοῦ
856 2310 950 2364 καὶ
999 2309 1351 2380 πρόσταγμα,
1387 2307 1566 2372 τοῦτο,
1607 2307 1760 2376 φησι,
1793 2322 1912 2360 ποι-

334 2410 470 2462 εῖτε.
531 2409 728 2470 Ποῖονς
779 2403 878 2456 Διὰ
936 2402 1119 2467 πάσης
1148 2402 1460 2471 προσευχῆς
1519 2401 1614 2452 καὶ
1673 2399 1912 2468 δεήσεως

338 2499 766 2570 προσευχόμενοι
801 2496 890 2548 ἵνα
915 2490 1035 2565 ἦτε,
1069 2494 1253 2563 φησίν.
1297 2494 1368 2546 ’Ἠ
1402 2493 1545 2546 κατὰ
1579 2490 1639 2544 τὸ
1672 2492 1914 2561 ἐνεργεῖν

339 2594 439 2645 καὶ
470 2591 689 2660 τέμνειν
719 2590 786 2642 τὰ
833 2586 1183 2656 πνευματικὰ
1213 2585 1552 2658 χαρίσματα,
1600 2583 1750 2653 ῥῆμά.
1797 2584 1912 2638 ἐστι

337 2681 494 2735 Θεοῦ.
522 2679 799 2750 Τμητικδν
829 2679 937 2750 γὰρ
967 2678 1027 2730 τὸ
1067 2678 1217 2748 ῥῆμα
1241 2662 1334 2731 τοῦ
1370 2676 1525 2731 Θεοῦ.
1546 2677 1745 2740 Ὀὕτως
1776 2679 1909 2746 μᾶλο

337 2776 430 2827 λον
467 2775 560 2828 καὶ
592 2775 620 2826 ὁ
682 2773 956 2844 μακάριος
1025 2771 1300 2839 Ἰωάννης.
1354 2770 1450 2823 Διὰ
1502 2771 1611 2839 γὰρ
1669 2771 1914 2840 ῥήματος

339 2866 477 2918 Θεοῦ
516 2865 822 2916 ἐπετελεῖτο
877 2863 946 2916 τὰ
983 2861 1318 2931 χαρίσματα.
1378 2878 1395 2911 ι
1427 2862 1542 2914 Πᾶν
1581 2861 1690 2931 γὰρ
1740 2861 1768 2913 ὂ
1821 2861 1914 2912 ἐὰν

340 2957 625 3027 αἰτήσητε,
654 2954 840 3025 φησιν,
861 2955 916 3006 ἐν
962 2952 1040 3023 τῷ
1091 2952 1316 3023 ὀνόματί
1361 2969 1483 3023 μου,
1516 2951 1675 3005 δώσει
1709 2954 1858 3022 ὑμῖν,
1892 2972 1908 3004 ι

341 3049 508 3120 φησιν
545 3050 574 3101 ὁ
610 3047 866 3118 Χριστός.

414 3142 893 3210 Προσευχόμενοι
935 3138 1005 3192 ἐν
1047 3136 1226 3192 παντὶ
1274 3135 1455 3205 καιρῷ
1495 3135 1565 3189 ἐν
1601 3135 1913 3204 πνεύματι,
1955 3173 1999 3232 C

340 3234 440 3287 καί
466 3234 554 3297 είς
575 3233 720 3285 αὐτὸ
750 3229 925 3285 τοῦτο
953 3228 1404 3299 ἀγρυπνοῦντες
1430 3226 1499 3280 ἐν
1528 3225 1694 3294 πάσῃ
1739 3239 1928 3294 προσ-

342 3325 696 3393 καρτερήσει
759 3323 855 3376 καὶ
889 3321 1094 3388 δεήσει
1139 3321 1272 3388 περὶ
1306 3318 1548 3372 πάντων
1592 3317 1710 3371 τῶν
1746 3319 1930 3382 ἁγίων

347 3420 445 3474 καὶ
471 3418 618 3486 ὑπὲρ
651 3416 819 3486 ἐμοῦ,
851 3417 950 3469 ἵνα
973 3432 1075 3484 μοι
1114 3415 1315 3480 δοθείη
1363 3414 1545 3480 λόγος
1589 3411 1658 3464 ἐν
1700 3411 1929 3475 ἀνοίξει

345 3513 455 3569 τοῦ
483 3511 782 3580 στόματός
816 3526 936 3578 μου
979 3509 1049 3562 ἐν
1078 3506 1386 3575 παρρησίᾳ
1418 3506 1702 3574 γνωρίσαι
1725 3505 1791 3558 τὸ
1815 3523 1930 3572 μυ-

347 3607 602 3673 στήριον
646 3602 754 3657 τοῦ
783 3602 1178 3671 Εὐαγγελίου,
1213 3599 1366 3665 ὑπὲρ
1413 3595 1485 3654 οὗ
1519 3597 1826 3666 πρεσϐεύω
1863 3597 1932 3651 ἐν

349 3700 589 3762 ἁλύσει,
622 3697 723 3751 ἵνα
750 3696 820 3749 ἐν
851 3693 1011 3761 αὑτῷ
1057 3690 1562 3761 παρρησιάσωμαι
1612 3691 1694 3756 ὡς
1733 3688 1828 3742 δεῖ
1855 3704 1932 3758 με

347 3791 642 3862 λαλῆσαα

424 3885 577 3939 Μετὰ
611 3882 670 3936 τὸ
701 3878 1028 3936 καθοπλίσαι
1049 3877 1141 3930 τὸν
1168 3875 1414 3946 βασιλέα,
1447 3874 1636 3927 λοιπὸν
1661 3873 1818 3926 καλεῖ
1847 3872 1932 3925 ἵνα

351 3979 429 4048 δῷ
481 3983 658 4047 χεῖρα.
723 3993 739 4025 ι
787 3973 875 4025 Ἐν
925 3969 1218 4039 πνεύματι.
1262 3987 1279 4020 ι
1321 3966 1412 4036 Μὴ
1445 3968 1501 4018 ὲν
1536 3964 1929 4034 βαττολογίαις.

360 4089 378 4122 ι
425 4069 534 4124 Καὶ
567 4071 646 4128 είς
692 4064 821 4119 αὐτὸ
850 4060 1279 4133 ἀγρυπνοῦντες.
1319 4078 1338 4110 ›
1377 4058 1580 4126 Μηδὲν,
1643 4057 1799 4125 φησι,
1838 4055 1936 4128 ρᾴο

356 4161 532 4230 θυμον
561 4160 593 4229 ἢ
627 4156 994 4227 ἠμελημένον.
1033 4172 1050 4206 ι
1094 4151 1204 4206 Καὶ
1259 4150 1401 4220 ὑπὲρ
1448 4146 1636 4218 ἐμοῦ.»
1684 4147 1792 4199 Καὶ
1827 4148 1934 4216 γὰρ

355 4255 452 4308 καὶ
473 4253 563 4306 τὸν
589 4253 811 4322 Πέτρον,
847 4247 1039 4318 φησιν,
1074 4247 1108 4316 ή
1138 4243 1272 4314 εὐχὴ
1292 4243 1389 4311 τῆς
1428 4238 1751 4310 Ἑκκλησίας
1781 4238 1932 4290 ἔλυσε

353 4347 464 4401 τῶν
512 4343 748 4411 δεσμῶν.
807 4359 825 4392 ι
872 4341 960 4392 Ἐν
1021 4336 1224 4402 ἀνοίξει
1272 4333 1366 4387 τοῦ
1426 4333 1694 4402 στόματός
1752 4348 1874 4400 μου.
1911 4348 1928 4379 ι

355 4436 553 4499 Καλῶς
589 4436 670 4500 τὸ,
710 4431 959 4496 Ἀνοίξει.
993 4429 1128 4483 Οὐδὲ
1161 4428 1270 4496 γὰρ
1338 4423 1682 4494 προεμελέτα
1738 4421 1789 4475 τί
1841 4421 1935 4472 λα-

354 4531 533 4601 λήσει,
580 4523 802 4596 Χριστῷ
849 4521 1190 4592 πειθόμενος,
1228 4518 1292 4572 ἀλ

351 4623 508 4691 αὐτῷ
524 4619 601 4689 τῷ
627 4617 838 4681 ἀνοῖξαι
864 4616 924 4668 τὸ
955 4614 1146 4681 στόμα,
1166 4611 1366 4678 ὁλὸγος
1395 4607 1612 4679 προῄει.
1650 4605 1768 4658 (Ἐν
1798 4605 1942 4673 παῤ-

357 4713 527 4784 ρησία
552 4709 842 4780 γνωρίσαι.
882 4704 1009 4773 »ηἯ
1041 4702 1132 4756 ἵνα
1164 4703 1220 4754 ὲν
1254 4697 1543 4771 παρρησίᾳ
1591 4695 1944 4784 ἀπολογήσω-

359 4780 482 4875 μαι.
552 4802 621 4854 Ἦ
671 4799 759 4853 ἵνα
821 4793 1284 4864 εὐαγγελίζωμαι.
1361 4809 1380 4842 ι
1428 4787 1600 4858 ’Υπὲρ
1655 4780 1715 4840 οὗ
1813 4801 1946 4854 πρε-

358 4895 592 4952 σϐεύω.)
644 4893 815 4960 ’Υπὲρ
847 4883 908 4944 οὗ
945 4887 1278 4955 Εὐαγγελίου
1309 4881 1600 4954 πρεσϐεύω
1639 4879 1776 4948 πρὸς
1819 4877 1945 4938 τοὺς

355 4988 706 5058 ἀνθρώπους,
768 4983 878 5047 ἵνα,
928 4980 1117 5049 φησιν,
1178 4975 1327 5044 αὐτῴ
1378 4975 1474 5027 καὶ
1526 4974 1638 5034 τοῖς
1686 4971 1742 5022 ὲν
1796 4966 1944 5034 αὑτῷ

356 5078 799 5147 καταλλαγῶσιν.
828 5092 847 5127 ι
896 5072 1067 5141 ’Υπὲρ
1109 5066 1350 5140 Χριστοῦ
1389 5066 1498 5135 γὰρ
1524 5103 1539 5128 ,
1595 5060 1729 5130 φησὶ
1758 5100 1772 5125 ,
1821 5074 1947 5128 πρε-

359 5173 653 5244 σϐεύομεν.
681 5189 700 5224 ι
721 5199 790 5212 —-—
819 5187 838 5221 ι
863 5167 980 5220 Ἵνα
1010 5167 1065 5218 ὲν
1101 5161 1248 5231 αὐτῷ
1285 5156 1779 5230 παρρησιάσωμαι,
1819 5171 1837 5203 ι
1859 5152 1947 5204 Ἑν

357 5271 583 5341 δεσμοῖς
621 5264 711 5338 ἦν,
738 5266 833 5319 καὶ
863 5257 1252 5328 ἀπολογεῖσθαι
1281 5251 1506 5323 ἔμελλεν
1531 5250 1619 5302 ἵνα
1643 5247 1757 5312 οῦν,
1791 5243 1950 5314 φησὶ,

362 5335 504 5433 μετα
535 5335 873 5431 παρρησίας,
904 5353 1000 5406 καὶ
1041 5347 1214 5411 οὕτως
1253 5347 1326 5409 ὡς
1367 5343 1475 5414 χρὴ
1503 5341 1594 5394 τὸν
1622 5340 1762 5408 ὑπὲρ
1786 5335 1940 5406 τηλι-

359 5454 576 5510 κούτων
608 5448 1070 5520 ἀπολογούμενον,
1098 5440 1552 5510 ἀπολογήσωμαι.

436 5632 562 5684 Ἵνα
581 5628 648 5682 δὲ
664 5626 860 5696 εἰδῆτε
891 5622 988 5678 καί
1011 5619 1171 5691 ὑμεῖς
1205 5617 1278 5670 τὰ
1307 5614 1435 5668 κατ’
1464 5611 1570 5682 ἐμὲ
1588 5611 1644 5665 τί
1665 5609 1939 5678 πράσσω,

359 5831 416 5878 v,
441 5813 530 5869 20.

1942 1813 1984 1868 Β

2015 1860 2163 1908 nem,
2199 1858 2318 1913 quae
2349 1843 2495 1897 velut
2516 1841 2730 1912 gla.!ius
2759 1839 3054 1895 cllieaciam
3093 1840 3309 1895 habebit
3340 1842 3603 1895 adversus

2018 1936 2339 2006 spii-ituales
2389 1935 2645 1990 inimicos
2681 1953 2694 1988 :
2737 1943 2831 1988 aut
2856 1933 3176 2002 spiritualia
3214 1933 3392 2003 inquit
3436 1935 3602 1996 dona,

2017 2043 2138 2096 qua:
2171 2035 2301 2082 sunt
2335 2042 2430 2096 per
2461 2025 2683 2080 verbum
2710 2023 3007 2093 aejussum
3044 2023 3159 2078 Dei.
3186 2053 3257 2065 —-
3280 2025 3405 2079 Aut.
3444 2023 3524 2090 Qu
3568 2024 3602 2078 d

2016 2127 2102 2175 est
2129 2119 2352 2174 verbum
2387 2117 2502 2183 Dei,
2533 2117 2869 2187 jungendum
2900 2127 2983 2171 est
3023 2116 3400 2186 sequentibus,
3434 2128 3491 2170 ut
3527 2117 3600 2170 sit

2018 2228 2255 2267 sensus:
2309 2211 2464 2277 Quod
2495 2219 2576 2266 est
2613 2211 2834 2266 verbum
2865 2224 2928 2263 ac
2967 2217 3297 2278 praeceptum
3339 2210 3450 2273 Dei,
3502 2210 3603 2264 hoc

2021 2308 2202 2362 facile.
2229 2305 2514 2371 Quodnam
2541 2304 2670 2358 illud
2697 2302 2824 2358 est?
2851 2301 2922 2356 Ut
2954 2302 3077 2357 sitia
3109 2311 3329 2356 orautcs
3363 2317 3458 2370 per
3487 2317 3604 2354 om-

2020 2416 2141 2454 nem
2179 2398 2616 2468 deprecationem
2647 2403 2703 2451 et
2731 2396 3065 2450 orationem.
3095 2394 3201 2446 Aut
3255 2393 3308 2446 in
3361 2408 3424 2447 co
3457 2393 3603 2463 quod

2018 2500 2102 2544 est
2147 2489 2443 2544 ellicaciam
2482 2487 2685 2542 habere
2717 2502 2780 2540 ac
2821 2501 3009 2541 secare
3045 2486 3351 2554 spiritualia
3409 2486 3547 2538 dena
3587 2523 3603 2547 ,

2021 2583 2244 2636 verbum
2277 2591 2358 2636 cst
2391 2579 2482 2635 Dei
2511 2586 2627 2634 :est
2655 2579 2800 2634 enim
2826 2579 3050 2631 verbum
3081 2577 3168 2632 Dei
3196 2577 3509 2630 divisivum.
3528 2578 3604 2630 Ita

2020 2675 2200 2741 potius
2260 2671 2514 2740 intelligit
2564 2685 2782 2739 quoque
2821 2669 3012 2722 beatus
3044 2666 3305 2722 Joannes.
3339 2666 3473 2721 Nam
3516 2681 3610 2736 per

2020 2762 2243 2816 verbum
2277 2761 2365 2814 Dei
2385 2760 3006 2832 perﬁcieb.inturdona.t
3033 2758 3087 2813 Si
3107 2759 3323 2828 quidem
3345 2757 3608 2828 quidquid

2023 2852 2288 2922 petieritis
2309 2867 2406 2922 per
2455 2865 2650 2905 nomen
2696 2864 2875 2904 meum
2903 2849 3053 2929 dabit
3081 2847 3260 2913 vobis,
3293 2866 3312 2900 ι
3349 2850 3426 2902 ait
3449 2849 3608 2904 Citri-

2023 2952 2142 2999 stus
2168 2943 2234 2999 ⁸⁸.

2102 3120 2189 3185 Vl,
2228 3120 2411 3176 18-20.
2446 3119 2672 3176 Orontes
2709 3120 2852 3174 omni
2881 3130 3106 3188 tempore
3140 3117 3194 3171 in
3216 3119 3429 3186 spiritu,
3462 3126 3510 3172 et
3543 3118 3612 3171 ad

2030 3214 2127 3268 hoc
2159 3221 2331 3283 ipsum
2361 3214 2635 3283 vigilantes
2666 3227 2782 3266 cum
2816 3212 2958 3264 omni
2985 3210 3267 3265 sedulitate
3289 3219 3336 3263 et
3368 3209 3616 3277 depreca-

2032 3310 2170 3362 tione
2211 3323 2306 3377 pro
2343 3306 2584 3360 omnibus
2617 3307 2817 3359 sanctis
2845 3314 2893 3357 et
2930 3319 3023 3369 pro
3058 3320 3158 3361 me.
3195 3313 3251 3356 ut
3296 3303 3426 3354 milii
3463 3303 3616 3355 detur

2030 3416 2202 3454 sermo
2239 3400 2294 3452 in
2339 3399 2608 3467 apertione
2651 3398 2758 3450 oris
2791 3397 2892 3449 mei
2925 3411 2944 3448 :
2993 3406 3048 3446 ut
3079 3410 3198 3449 cum
3239 3393 3482 3447 libertate
3507 3393 3618 3464 60

2031 3499 2211 3544 notum
2239 3489 2437 3562 faciant
2469 3487 2778 3556 mysterium
2807 3483 3103 3556 Evangelii,
3136 3500 3230 3550 pro
3263 3500 3364 3551 quo
3389 3482 3618 3551 legatio-

2033 3597 2095 3634 ne
2139 3582 2333 3649 [ungor
2376 3581 2432 3631 in
2476 3589 2686 3644 catena,
2743 3588 2798 3631 ut
2848 3578 2903 3632 in
2941 3593 3000 3632 eo
3049 3576 3212 3630 libere
3258 3576 3448 3645 loquar
3481 3575 3618 3628 sicut

2033 3685 2234 3745 oportet
2272 3691 2352 3727 me
2378 3672 2546 3743 loqui.

2106 3853 2403 3922 Postquam
2430 3849 2662 3903 armavit
2689 3863 2893 3917 regem,
2932 3854 3336 3914 consequenter
3361 3851 3521 3899 vocat
3559 3851 3620 3896 ut

2034 3945 2122 4000 det
2150 3959 2394 3998 manum.
2436 3961 2453 3992 ι
2491 3940 2546 3993 Ιιι
2582 3940 2800 4008 spiritu.
2843 3957 2861 3987 υ
2898 3937 3017 3990 Non
3049 3937 3100 3988 in
3129 3935 3444 4005 battologiis
3472 3973 3486 3999 ,
3523 3943 3618 3986 aut

2034 4037 2325 4092 verborum
2351 4031 2717 4100 multiloquio.
2776 4047 2795 4080 ι
2833 4027 2898 4081 Ει
2936 4027 3129 4082 adhoc
3173 4027 3349 4096 ipsum
3391 4025 3623 4094 vigilan-

2035 4137 2138 4184 tes.
2170 4146 2187 4180 t
2213 4126 2375 4188 Nihil,
2399 4123 2595 4191 inquit,
2635 4135 2800 4191 segne
2841 4130 2931 4172 aut
2978 4118 3305 4185 neglectum.
3361 4134 3380 4166 ι
3419 4114 3482 4166 Et
3525 4130 3624 4184 pro

2036 4236 2142 4274 me.
2183 4237 2200 4269 ι
2242 4218 2455 4273 Etenim
2491 4196 2707 4268 Petrum
2765 4226 2984 4281 quoque
3012 4208 3271 4262 Ecclesia:
3301 4208 3478 4259 oratio
3512 4207 3624 4260 sol-

2035 4313 2115 4366 vit
2154 4326 2183 4364 a
2227 4310 2464 4364 vinculis
2489 4308 2556 4360 “.
2607 4324 2626 4358 ι
2660 4308 2720 4358 lu
2760 4304 3045 4374 apertione
3075 4301 3189 4356 oris
3228 4299 3354 4353 mei.
3387 4317 3405 4349 ι
3456 4297 3625 4351 Recte

2039 4407 2113 4457 ait
2146 4421 2158 4457 :
2193 4402 2247 4456 In
2274 4401 2575 4472 apertione.
2603 4397 2790 4466 Neque
2808 4395 2954 4450 enim
2982 4390 3466 4463 prtemeditabatur
3493 4388 3624 4459 quid

1299 4518 1343 4570 λ’
1374 4517 1431 4581 ἐξ
1461 4513 1722 4582 ὑπογυίου
1753 4511 1849 4565 καὶ
1882 4513 1922 4565 ἐκ

2042 4495 2329 4549 locuturus
2381 4497 2547 4554 esset,
2591 4487 2816 4542 Christo
2870 4483 3257 4550 obtemperans
3289 4479 3332 4511 "
3368 4497 3382 4533 :
3433 4480 3526 4534 sed
3558 4493 3625 4532 ex

2044 4585 2298 4655 proximo
2326 4589 2381 4636 et
2418 4583 2469 4634 in
2502 4595 2566 4634 co
2596 4581 2716 4647 ipso
2750 4589 2860 4646 quo
2899 4589 2961 4629 os
2996 4573 3257 4642 aperiret,
3297 4584 3477 4625 sermo
3502 4583 3631 4638 pro-

2046 4677 2293 4730 cedebat.
2329 4691 2350 4726 ‹
2386 4671 2457 4727 Ut
2497 4686 2620 4725 cum
2666 4668 2912 4723 libertate
2954 4672 3142 4718 notum
3178 4661 3398 4715 faciam.
3443 4679 3463 4712 ι
3494 4660 3626 4723 Αυι,

2050 4768 2122 4824 υι
2158 4781 2284 4822 cum
2337 4765 2585 4819 libertate
2618 4774 2719 4832 pro
2769 4775 2856 4816 me
2894 4771 3115 4812 causam
3153 4754 3374 4816 dicam;
3408 4763 3499 4806 aut
3527 4751 3630 4806 :Ut

2048 4859 2338 4934 praedicem
2383 4855 2756 4924 Evangelium.
2807 4868 2828 4903 ι
2872 4849 2978 4904 Pro
3029 4863 3140 4918 quo
3191 4845 3460 4916 legatione
3501 4843 3631 4896 lun-

2048 4972 2164 5028 gor.
2209 4974 2225 5007 ι
2262 4954 2368 5008 Pro
2400 4966 2509 5022 quo
2539 4947 2832 5020 Evangelia
2877 4945 3147 5014 legatione
3188 4942 3384 5011 iungor
3429 4939 3496 4992 ad
3533 4940 3632 4992 lio-

2051 5052 2228 5104 mines
2269 5057 2326 5101 ut
2370 5046 2472 5116 ipsi
2521 5053 2576 5100 ει
2615 5044 2700 5098 his
2731 5056 2852 5111 quae
2881 5041 2934 5094 in
2970 5053 3036 5094 eo
3064 5037 3354 5100 habentur,
3384 5033 3633 5088 reconci-

2048 5145 2270 5200 lientur.
2337 5159 2354 5191 ι
2408 5138 2542 5193 Nam
2594 5152 2694 5207 pro
2751 5133 3010 5196 Christo,
3075 5129 3292 5199 inquit,
3361 5127 3633 5196 legatione

2049 5235 2332 5306 fungimur
2362 5232 2428 5285 ⁸⁸.
2470 5249 2488 5282 ι
2532 5260 2602 5268 -
2644 5246 2663 5279 ι
2721 5225 2786 5280 Ut
2831 5225 2885 5278 in
2933 5238 2997 5278 eo
3035 5223 3203 5277 libere
3252 5221 3464 5290 loquar.
3508 5236 3528 5268 ι
3573 5217 3630 5270 In

2052 5327 2291 5384 vinculis
2312 5333 2431 5380 erat
2460 5333 2512 5378 et
2546 5337 2643 5391 pro
2672 5335 2729 5376 se
2764 5331 3153 5388 responsurus.
3195 5311 3268 5368 Ut
3309 5311 3475 5380 igitur
3506 5323 3632 5361 cum

2051 5424 2320 5484 libertate,
2349 5417 2556 5486 inquit,
2584 5428 2668 5467 me
2697 5427 2918 5482 purgem
2945 5450 2958 5473 ,
2989 5418 3042 5464 et
3069 5409 3138 5461 ita
3169 5415 3228 5459 ut
3258 5407 3468 5472 oportet
3507 5413 3632 5454 eum

2050 5515 2142 5587 qui
2179 5508 2490 5579 hujusmodi
2522 5507 2590 5561 de
2625 5505 2791 5559 rebus
2815 5517 3039 5556 causam
3071 5499 3318 5553 dicturus
3350 5500 3454 5546 est.

2127 5599 2215 5665 Vl,
2241 5597 2433 5653 εισι.
2466 5593 2530 5649 Ut
2556 5603 2732 5649 autem
2769 5591 2952 5645 sciatis
2976 5598 3023 5642 et
3052 5602 3138 5640 vos
3165 5598 3280 5652 qua:
3311 5581 3378 5634 ad
3412 5596 3488 5632 me
3513 5593 3637 5648 per-

433 5743 480 5774 "
519 5742 661 5800 Psal.
702 5693 834 5808 ιη.
879 5735 1143 5791 “Matth.
1174 5745 1304 5794 xvii,
1351 5727 1437 5782 l9.
1515 5727 1557 5758 ⁸³
1593 5724 1749 5781 Joau.
1784 5740 1895 5791 xvi,
1932 5723 2023 5777 25.
2082 5720 2290 5795 _“Act.
2333 5731 2427 5782 xu,
2462 5712 2548 5770 Η.
2625 5708 2668 5740 ⁸⁷
2697 5707 2832 5764 Luc.
2859 5720 2972 5767 xxi,
3009 5701 3074 5756 Η
3105 5712 3256 5768 seqq.
3361 5693 3406 5728 ⁴³
3436 5694 3473 5748 ιι
3507 5693 3633 5777 Cor.
