4000 6568
501 345 637 411 ωτι

1571 339 1969 403 CECUMENII
2003 338 2296 398 TlllCC/E
2329 337 2672 398 EPISCOPI

3634 336 3769 400 19.52

502 464 665 518 nobis
689 461 952 516 adversus
979 459 1080 516 hos
1109 461 1276 524 lucta,
1311 475 1418 516 non
1451 459 1517 514 de
1553 460 1737 530 parvis
1760 457 2080 528 quibusdam

2200 455 2346 507 Ὠσεὶ
2398 455 2618 522 ἔλεγενο
2663 453 2822 507 ’Ἐστι
2851 454 2906 507 δὲ
2947 455 3042 508 καὶ
3072 455 3203 524 ἡμῖν
3257 455 3288 524 ἡ
3355 456 3494 524 πρὲις
3545 457 3772 522 τούτους

501 553 688 615 rebus,
725 553 818 607 sed
853 567 952 622 pro
985 555 1150 605 rebus
1183 566 1305 620 quae
1334 558 1464 605 sunt
1493 551 1546 604 in
1575 549 1893 605 caelestibus
1923 565 1936 602 :
1976 547 2080 600 hoc

500 655 586 699 est
613 658 712 713 pro
737 658 903 711 regno
927 643 1188 696 cmlorum
1218 653 1270 696 et
1295 641 1606 712 adoptione.
1634 641 1842 695 Idcirco
1867 639 2084 694 sobrios

502 751 626 790 esse
657 749 719 787 ac
757 733 985 804 vigilare
1020 741 1254 802 oportet.
1289 733 1384 788 Est
1419 741 1598 787 autem
1629 731 1851 802 propria
1884 731 2086 786 dictio-

505 843 634 881 num
668 825 1178 894 corrcspoudentia.
1205 825 1433 894 Propter
1455 823 1926 892 cmlestia,inquit.
1949 823 2084 876 Nam

509 921 588 983 ὲν,
623 919 672 972 id
710 925 794 973 est
821 919 897 984 in,
929 919 1146 989 Capitur
1163 933 1260 988 pro
1288 918 1397 980 διὰ,
1427 918 1477 970 id
1510 925 1592 971 est
1618 926 1851 984 propter.
1897 934 1913 966 ι
1942 915 2089 980 Qua-

505 1016 726 1078 pr0pter
771 1008 1058 1063 assumitc.
1102 1027 1120 1059 ι
1173 1008 1488 1077 Quoniam,
1545 1008 1741 1078 inquit,
1795 1006 2083 1074 periculosi

501 1107 630 1152 sunt
682 1099 891 1153 hostes.
944 1117 963 1151 ι
1005 1097 1063 1152 ln
1099 1098 1185 1153 die
1219 1099 1379 1153 malo.
1420 1117 1439 1153 ι
1482 1098 1633 1153 Dicm
1683 1098 1884 1153 malum
1931 1102 2087 1150 vocat

501 1200 825 1256 praesentem
869 1191 1057 1254 vitam,
1111 1200 1333 1261 propter
1371 1206 1570 1262 pravas
1596 1190 1843 1245 actiones
1876 1204 1998 1259 qua:
2031 1189 2085 1242 in

500 1296 565 1336 ea
600 1291 725 1335 sunt
761 1298 775 1336 :
809 1281 918 1353 58
962 1283 1258 1338 ostendens
1302 1284 1462 1337 breve
1505 1296 1625 1336 esse
1666 1281 1793 1335 belli
1849 1291 2084 1350 tempus,

500 1376 663 1429 etiam
705 1373 809 1427 hoc
859 1374 1018 1428 modo
1053 1383 1366 1446 promptum
1414 1375 1520 1430 illis
1557 1373 1766 1428 addens
1817 1374 2086 1426 animum.

509 1486 528 1520 ι
569 1468 636 1525 Εῑ
683 1469 941 1523 omnibus
996 1468 1227 1523 devictis
1283 1477 1450 1524 stare.
1495 1487 1514 1521 ι
1577 1467 1844 1523 Omnibus
1898 1481 2090 1536 nempe

503 1558 906 1620 aﬂ‘cctionibus,
927 1558 1409 1625 concupiscentiis.
1435 1577 1453 1610 ι
1483 1557 1736 1612 Devictis.
1761 1576 1778 1608 ι
1801 1557 1935 1610 Nam
1961 1573 2092 1612 κατ-

500 1650 870 1720 εργασάμενοι
922 1649 1140 1718 capitur
1193 1663 1292 1718 pro
1335 1647 1928 1720 καταπολεμήσαντες,
1987 1649 2092 1704 hoc

498 1756 602 1809 est,
635 1743 887 1799 confecto
919 1743 1060 1797 bello
1089 1756 1152 1796 ac
1184 1741 1412 1796 devictis
1439 1741 1690 1795 hostibus
1735 1751 1904 1802 stare,
1961 1749 2086 1794 tan-

2189 547 2356 616 πάλη,
2381 548 2444 600 οὐ
2476 547 2604 616 περὶ
2643 546 2854 616 μικρῶν
2894 563 3079 605 τινων.
3111 547 3224 599 ἀλλ’
3256 546 3396 615 ὑπὶρ
3431 547 3543 600 τῶν
3579 550 3638 599 ὲν
3662 552 3773 611 τοῖς

2188 641 2531 710 ἐπουρανίοις
2577 640 2939 710 πραγμάτιον,
2994 633 3104 692 οἷον
3164 638 3445 707 βασιλείας
3501 639 3773 708 οὐρανῶν,

2187 735 2284 785 καὶ
2343 731 2636 794 υἱοθεσίας.
2695 732 2786 784 Διδ
2816 732 3010 800 νήφειν
3052 732 3182 802 χρή.
3264 731 3327 784 Ἦ
3378 732 3439 784 δὲ
3504 732 3777 795 ἀντίὶεξις

2189 824 2396 887 ίδικῶς.
2437 825 2536 877 Διά
2575 823 2643 877 τὰ
2690 824 2990 895 ἐπουράνιά
3021 841 3174 895 φησι.
3227 823 3300 876 Τδ
3347 825 3460 893 γὰρ
3517 825 3616 886 ἐν,
3684 824 3778 878 διὰ

2189 918 2356 970 ἐστίν.
2410 934 2428 967 ι
2466 917 2564 970 Διὰ
2619 916 2776 970 τοῦτο
2834 917 3154 971 ἀναλάϐετε.
3187 936 3205 968 ι
3278 917 3549 988 Ἐπειδὴ,
3621 920 3775 987 φησι,

2188 1006 2416 1077 χαλεπώ¹
2460 1007 2509 1059 οί
2560 1005 2764 1077 ἐχθροί.
2809 1024 2828 1058 ι
2873 1007 2963 1058 Ἑν
2999 1008 3066 1077 τῇ
3121 1005 3305 1078 ἡμέρα
3352 1009 3417 1077 τῇ
3469 1010 3718 1076 πονηρᾷ.
3755 1013 3794 1058 ι’

2198 1099 2445 1171 Ἦμέραν
2491 1099 2736 1170 πονηρὰν
2765 1098 2858 1152 τὸν
2897 1101 3138 1169 παρόντα
3173 1099 3329 1153 καλεῖ
3375 1099 3515 1169 βίον,
3562 1101 3658 1152 διὰ
3713 1101 3778 1152 τὰ

2189 1192 2246 1244 ὲν
2277 1190 2424 1260 αὐτῷ
2454 1189 2669 1260 πονηρὰ
2704 1190 3029 1261 πράγματα,
3063 1191 3277 1253 δεικνὺς
3313 1190 3526 1262 βραχὺν
3558 1191 3654 1243 τοι
3687 1191 3778 1243 τοῦ

2189 1282 2427 1352 πολέμου
2460 1283 2674 1353 καιρὸν,
2702 1284 2794 1336 καὶ
2822 1282 2994 1353 ταύτῃ
3027 1282 3335 1352 προθυμίαν
3359 1284 3549 1344 αὐτοῖς
3578 1282 3777 1344 διδούς.

2195 1375 2336 1428 «Καὶ
2386 1373 2600 1429 ἅπαντα
2649 1375 3119 1443 κατεργασάμενοι
3160 1375 3371 1443 στῆναι.
3412 1393 3431 1424 ι
3495 1374 3776 1436 Ἀπαντα,

2189 1460 2300 1520 οἷον
2363 1465 2462 1530 τὰς
2523 1465 2691 1535 πάθη,
2731 1467 2831 1530 τὰς
2852 1465 3167 1536 ἐπιθυμίας.
3223 1468 3778 1535 Κιιτερτασάμεγει,

2191 1551 2340 1621 οἷον,
2426 1560 3052 1625 Καταπολεμησαντες
3138 1557 3332 1625 στῆναι
3368 1597 3384 1622 ,
3477 1558 3775 1626 νικηφόροι

2189 1650 2334 1712 τινὲς
2366 1651 2460 1704 καὶ
2492 1649 2738 1720 λαμπροὶ
2766 1649 2844 1720 τῷ
2881 1650 3152 1722 τροπαίῳ.
3180 1648 3376 1702 Πολλοὶ
3405 1650 3518 1720 γὰρ
3544 1651 3694 1719 μετὰ
3724 1648 3780 1701 τὸ

2191 1743 2432 1810 νικῆσαι,
2471 1741 2633 1794 πάλιν
2668 1743 2881 1795 ἔπεσον.
2928 1740 3068 1794 Ἀλλ’
3124 1741 3212 1794 ἵνα
3260 1743 3488 1812 ὲνστῆτε
3529 1744 3601 1812 τῇ
3633 1743 3776 1811 νίκῃ.

499 1851 664 1905 quam
695 1837 745 1890 hi
768 1836 860 1905 qui
887 1835 1168 1889 victoriam
1199 1842 1572 1905 reportarunt,
1590 1844 1644 1891 et
1671 1837 1915 1906 lmphaeo
1935 1836 2070 1890 clari
2114 1844 2264 1891 sunt.
2303 1835 2455 1890 Multi
2487 1837 2632 1890 enim
2667 1845 2956 1906 postquam
3001 1837 3272 1900 vicerunt,
3337 1851 3566 1891 rursum
3639 1835 3782 1890 ceci-

499 1927 718 1981 derunt.
754 1926 857 1980 Sed
889 1935 946 1980 ut
981 1927 1031 1979 in
1064 1928 1286 1981 victoria
1317 1927 1650 1997 persistatis.

572 2021 662 2086 VI,
707 2021 894 2075 M-l8.
930 2019 1080 2075 State
1112 2021 1278 2090 igitur
1315 2020 1508 2075 lumbis
1548 2022 1730 2075 vestris
1770 2021 2080 2075 circumcin-

2255 2020 2443 2088 Στῆτε
2477 2015 2591 2076 οὖν
2630 2016 3089 2087 περιζωσάμενοι
3121 2016 3236 2083 τὴν
3263 2016 3467 2086 ὀσφὺν
3506 2015 3687 2086 ὑμῶν
3716 2017 3784 2072 ἐν

502 2117 600 2170 ctis
631 2114 836 2170 baltlteo
868 2130 958 2184 per
989 2115 1290 2180 veritatem,
1330 2123 1378 2168 et
1415 2113 1588 2167 induti
1625 2115 1890 2168 thoracem
1920 2114 2092 2182 justi-

500 2209 610 2272 tiw,
639 2215 689 2262 et
722 2206 946 2261 calceoli
977 2205 1485 2275 pedibus,utparati
1516 2205 1632 2258 sitis
1654 2205 1721 2257 ad
1740 2203 2085 2274 Evangelium

496 2301 670 2369 pacis,
701 2314 856 2366 super
879 2300 1060 2352 omnia
1088 2307 1362 2366 assumpto
1397 2304 1547 2350 scuto
1572 2296 1716 2364 fidei,
1743 2312 1843 2367 quo
1872 2297 2084 2364 possitis

501 2394 681 2445 omnia
708 2391 898 2460 jacula
926 2389 1057 2443 mali
1083 2389 1226 2442 illius
1259 2389 1425 2457 ignita
1455 2388 1788 2458 exstinguere
1815 2388 2087 2459 :galeam-

499 2499 598 2552 que
622 2483 878 2535 salutaris
909 2479 1238 2548 accipiendo,
1271 2489 1318 2535 et
1341 2479 1579 2550 gladium
1610 2481 1830 2547 spiritus
1855 2480 1992 2549 quod
2007 2486 2086 2532 est

499 2574 711 2630 verbum
749 2573 864 2635 Dei,
901 2575 954 2626 in
991 2572 1132 2626 omni
1159 2572 1520 2637 deprecatione
1548 2581 1596 2626 et
1627 2571 2010 2627 obsecratione.

2187 2115 2460 2181 ἀληθείᾳ.
2500 2113 2595 2166 καὶ
2631 2109 3031 2180 ἐνδυσάμενοι
3076 2110 3183 2163 τὸν
3232 2111 3470 2178 θώρακα
3529 2109 3652 2178 τῆς
3691 2111 3777 2164 ει-

2189 2207 2541 2273 καιοσύνης,
2598 2203 2697 2258 καὶ
2753 2201 3204 2270 ὑποδυσάμεγοι
3255 2202 3400 2267 τοὺς
3450 2203 3654 2267 πόδας
3711 2205 3780 2257 ἐν

2187 2299 2498 2368 ἑτοιμασίᾳ
2556 2298 2662 2352 τοῦ
2714 2296 3087 2364 Εὑαγγελιόυ
3143 2295 3253 2363 τῆς
3306 2295 3581 2363 almis-nc.
3650 2296 3778 2350 Ἐπί

2189 2390 2381 2445 πᾶσιν
2415 2391 2821 2454 ἀναλαϐόντες
2853 2389 2963 2441 τὸν
3002 2389 3220 2455 θυρεὸν
3251 2387 3361 2454 τῆς
3390 2389 3684 2454 πίστεως,
3713 2391 3779 2442 ἐν

2187 2473 2238 2549 ᾦ
2287 2479 2632 2546 δυνήσεσθε
2676 2478 2874 2532 πάντα
2905 2478 2977 2532 τὰ
3021 2477 3181 2545 ,ϐέλη
3222 2479 3326 2533 τοῦ
3380 2481 3665 2548 πονηροῦ
3710 2482 3776 2534 τὰ

2189 2572 2583 2640 πεπιφωμένα
2619 2571 2856 2634 σϐέσαι,
2890 2570 2988 2624 καὶ
3019 2569 3133 2634 τὴν
3163 2576 3649 2640 περικεφαλαίαν
3679 2572 3775 2626 τεῦ

499 2670 797 2737 σωτηρίου
831 2669 1140 2736 δέξασθαι,
1173 2669 1271 2725 καὶ
1293 2669 1408 2740 τὴν
1429 2669 1735 2742 μάχαιραν
1760 2671 1866 2726 τοῦ
1899 2673 2258 2744 πνεύματος,
2299 2673 2331 2725 ὅ
2360 2673 2492 2727 ἐστι
2545 2671 2714 2742 ῥῆμα
2768 2671 2939 2737 Θεοῦ,
2997 2671 3094 2727 διὰ
3162 2673 3369 2741 πάσης
3423 2670 3773 2740 προσευχῆς

505 2769 606 2824 καὶ
628 2766 916 2836 δεήσεως.

573 2855 655 2911 Ad
687 2855 886 2911 bellum
920 2856 1242 2917 exhortans.
1289 2856 1528 2926 primum
1558 2855 1816 2912 admonet
1855 2871 2080 2928 compo-

500 2949 602 3003 site
648 2964 711 3002 ac
759 2948 944 3003 debito
975 2948 1169 3003 ordine
1209 2947 1265 3002 in
1308 2948 1428 3003 acie
1457 2959 1625 3005 stare.
1653 2947 1855 3003 Deinde
1884 2963 2080 3003 conse-

503 3049 739 3112 quenter
755 3047 936 3094 armat
963 3057 977 3094 :
1011 3055 1076 3095 ac
1103 3039 1280 3109 primo
1309 3041 1478 3112 cingit
1503 3040 1730 3096 militum
1750 3040 2080 3095 diﬂluentem

499 3146 564 3185 ac
598 3129 856 3186 dili‘usum
891 3129 1375 3198 concupiscentiis,
1401 3137 1456 3185 et
1483 3129 1773 3186 habentem
1799 3129 2074 3198 cogitatio

500 3237 598 3276 nes
632 3221 686 3274 in
710 3220 936 3275 humum
970 3219 1268 3285 detractas,
1300 3235 1365 3275 ac
1397 3221 1643 3292 reprimit
1677 3221 1947 3291 spirituali
1983 3221 2086 3276 hoc

499 3312 738 3367 baltheo.
771 3331 790 3364 ι
831 3310 1059 3366 Lumbis
1087 3313 1309 3368 veSIris.
1346 3331 1366 3366 ι
1403 3313 1872 3378 Quemadmodum
1901 3313 1956 3368 in
1985 3327 2084 3367 na.

497 3405 656 3461 sibus
695 3405 881 3459 carina
928 3420 1049 3475 qua:
1094 3405 1213 3461 loco
1264 3404 1600 3460 fundamenti
1647 3406 1932 3476 cujusdam
1977 3415 2083 3471 est,

498 3494 791 3549 aedilicium
819 3511 978 3550 onme
1009 3497 1273 3558 continet,
1307 3497 1380 3549 ita
1414 3505 1467 3552 et
1496 3498 1665 3552 lumbi
1691 3498 1744 3551 in
1777 3497 1950 3551 vobis.
1978 3496 2084 3551 Ita-

499 3599 607 3654 que
649 3584 742 3654 qui
778 3583 966 3638 labore
985 3583 1267 3656 defatigati
1299 3594 1450 3652 sunt,
1486 3587 1798 3656 frequenter
1822 3589 2084 3658 appositis

501 3675 577 3730 ibi
624 3675 878 3730 manibus
909 3681 1168 3744 tanquam
1219 3676 1286 3730 ad
1330 3676 1746 3732 {uiridantentum
1786 3679 2082 3748 quoddam,

500 3768 878 3838 requiescunt.
907 3767 1166 3824 Nostrum
1196 3770 1361 3842 igitur
1389 3771 1716 3841 principium
1753 3774 1926 3842 primo
1951 3789 2087 3830 con-

501 3861 743 3925 stringit,
773 3867 1032 3930 tanquam
1074 3861 1268 3915 animze
1295 3863 1532 3933 vigorem
1576 3864 1669 3933 qui
1715 3866 1768 3919 in
1811 3866 1968 3921 nobis
1998 3875 2086 3924 cst

500 3954 644 4020 quod
679 3950 908 4022 ﬁgurate
960 3952 1178 4008 lumbos
1210 3955 1537 4022 appellavit,
1571 3955 1671 4012 hos
1717 3958 1941 4013 veritate
1971 3959 2083 4014 cir-

501 4043 820 4112 cumcingit.
875 4041 1046 4097 Porro
1095 4045 1295 4098 veritas
1344 4043 1412 4098 ad
1470 4047 1640 4103 multa
1691 4048 2016 4118 intelligitur
2063 4069 2077 4105 :

499 4136 704 4189 veritas
735 4135 1074 4205 dogmatum,
1105 4137 1308 4191 veritas
1336 4137 1458 4192 vita:
1481 4139 1688 4194 Christi
1716 4149 1982 4210 separatae
2013 4141 2082 4199 ab

501 4226 778 4297 hypocrisi
849 4225 965 4281 sive
1035 4225 1387 4284 simulatione
1422 4267 1438 4293 ,
1502 4230 1706 4286 veritas
1762 4244 2079 4285 sermonum

499 4317 928 4374 fraudulentiam
961 4332 1026 4370 ac
1057 4318 1240 4373 dolum
1275 4319 1906 4388 abnegantium,veritas
1931 4323 2082 4392 cogi-

499 4411 727 4465 tationis
751 4423 873 4479 quae
912 4408 1049 4462 nihil
1097 4407 1260 4462 habet
1295 4409 1584 4464 adulterini
1637 4419 1732 4464 aut
1774 4411 1937 4465 fucati
1972 4411 2081 4465 daa-

498 4517 724 4558 monum
751 4501 999 4558 seminis.
1020 4499 1183 4555 Potes
1213 4509 1392 4554 autem
1420 4509 1678 4570 tanquam
1710 4503 1776 4556 ad
1801 4501 2079 4558 Christum

498 4594 706 4649 referre
762 4591 857 4662 qui
891 4605 1023 4646 vero
1065 4591 1270 4646 veritas
1306 4598 1413 4644 est.
1467 4609 1486 4642 ι
1525 4590 1638 4662 Ego
1677 4608 1824 4656 sum,
1879 4592 2076 4663 inquit,

499 4685 700 4740 veritas
722 4683 786 4748 δ’,
814 4702 834 4735 ι
867 4698 1028 4752 quem
1060 4683 1222 4736 etiam
1261 4681 1415 4736 indui
1446 4697 1554 4737 non
1587 4685 1938 4754 circumcingi
1979 4687 2078 4740 da-

2265 2856 2389 2913 Ἐπὶ
2421 2855 2654 2926 πόλεμον
2681 2853 3022 2926 προτρέπων,
3048 2852 3112 2905 τὸ
3142 2853 3359 2922 πρῶτον
3395 2854 3455 2904 ὲν
3515 2855 3632 2916 τοῖς
3687 2870 3772 2906 τα-

2185 2949 2392 3010 κτικοῖς
2425 2946 2680 3018 παραινεῖ
2730 2945 2791 2998 τὸ
2843 2947 3036 3015 στῆναι
3079 2944 3377 3005 εὐτάκτως.
3409 2938 3545 2995 Εἶτα
3593 2943 3772 2996 λοιπὴ)

2187 3039 2530 3106 καθοπλίζει,
2566 3039 2661 3091 καὶ
2715 3037 2931 3108 πρῶτον
2980 3035 3215 3101 ζὼννυσι
3261 3034 3354 3087 τὸν
3423 3033 3768 3106 διαῤῥέοντα,

2187 3133 2283 3187 καὶ
2314 3130 2707 3201 διακεχυμένον
2739 3131 2861 3191 ταῖς
2893 3127 3214 3198 ἐπιθυμίαις
3269 3128 3364 3178 καὶ
3417 3129 3600 3197 χαμαὶ
3653 3128 3771 3190 τοὺς

2189 3223 2486 3294 λογισμοὺς
2516 3220 2850 3292 συρομένους
2881 3219 3075 3290 ἔχοντα
3109 3217 3474 3288 στρατιώτην,
3512 3220 3606 3271 καὶ
3645 3219 3772 3272 dva-

2191 3315 2402 3368 στέλλει
2433 3317 2498 3385 τῇ
2527 3316 2690 3384 νοητῇ
2718 3311 2890 3383 ταύτῃ
2928 3310 3112 3374 ζώσει.
3143 3328 3161 3361 ι
3203 3310 3315 3379 Τὴν
3337 3310 3518 3378 ὀσφὺν
3545 3311 3719 3380 ὑμῶν.
3747 3329 3765 3362 ι

2191 3408 2402 3477 Ὠσπερ
2424 3406 2648 3460 ἐπὶτῶν
2679 3406 2824 3474 νηῶν
2867 3407 2900 3474 ή
2932 3404 3126 3473 τρόπις
3164 3404 3226 3456 τὺ
3258 3404 3367 3456 πᾶν
3414 3403 3657 3471 συνέχει,
3689 3403 3772 3456 θεσ-

2189 3500 2372 3572 μέλιός
2399 3517 2480 3563 τις
2514 3494 2672 3564 οὖσα,
2699 3497 2870 3560 οὕτως
2893 3497 2978 3563 ἐφ’
3003 3495 3160 3565 ὑμῶν
3210 3496 3242 3564 ή
3297 3493 3495 3564 ὀσφύς.
3551 3497 3614 3548 υἱ
3646 3494 3769 3562 γοῦν

2185 3593 2565 3662 ἁποκαμόντες
2622 3590 2882 3654 πολλάκις
2935 3590 3127 3658 ὥσπερ
3183 3589 3261 3652 είς
3317 3605 3443 3642 τινα
3495 3589 3764 3656 θεμέλιον,

2185 3681 2304 3735 ἐκεῖ
2348 3680 2446 3743 τὰς
2478 3682 2668 3751 χεῖρας
2724 3677 3082 3742 ἐπιτιθέντες,
3131 3678 3605 3731 ἐπαναπαύοιιται.
3663 3679 3766 3744 Τὴν

2183 3774 2364 3828 τοίνυν
2408 3772 2582 3844 ἀρχὴν
2631 3772 2786 3843 ήμῶν
2820 3773 3037 3839 πρῶτον
3100 3771 3414 3840 συσφίγγει,
3451 3766 3571 3823 οἷον
3598 3771 3684 3823 τὸν
3709 3771 3765 3822 ὲν

2183 3867 2317 3936 ἡμῖν
2347 3866 2499 3920 τόνον
2527 3865 2622 3935 τῆς
2644 3864 2846 3936 ψυχῆς,
2889 3865 2947 3917 ὃν
2985 3863 3259 3933 τροπικῶς
3306 3863 3483 3930 ὀσφὺν
3517 3864 3763 3917 ἐκάλεσε.

2184 3957 2384 4012 Τοῦτον
2437 3960 2502 4028 τῇ
2557 3955 2788 4027 ἀληθείᾳ
2828 3955 3246 4024 περιζώννυσιν.
3312 3954 3379 4008 Ἢ
3432 3955 3488 4007 δὲ
3541 3954 3762 4022 ἀλήθεια

2184 4051 2264 4114 είς
2284 4048 2455 4103 πολλὰ
2483 4051 2708 4103 νοεῖται.
2759 4047 3016 4118 Ἀλήθεια
3043 4046 3357 4118 δογμάτων,
3388 4046 3625 4115 ἀλήθεια
3653 4048 3764 4119 βίου

2182 4138 2447 4210 χρηστοῦ,
2470 4137 2815 4211 ὑποκρίσεως
2832 4153 2892 4188 κε
2899 4137 3263 4208 χωρισμένου.
3295 4135 3553 4205 ’Δλήθεια
3573 4138 3762 4205 λόγων,

2181 4232 2243 4284 τὸ
2267 4230 2488 4301 δολερὸν
2518 4229 2893 4298 ἀρνουμένων.
2929 4227 3183 4298 Ἀλήθεια
3208 4227 3589 4299 ἐνθυμήσεως,
3622 4231 3764 4283 οὐδὲν

2182 4316 2412 4387 ἐχούσης
2444 4316 2536 4370 τοῦ
2567 4316 2724 4370 νόθου
2764 4317 2856 4370 καὶ
2887 4317 3140 4388 κιϐδήλου
3169 4317 3278 4370 τῶν
3321 4317 3598 4389 δαιμόνων
3637 4323 3765 4372 carl.

2184 4426 2300 4480 ρου.
2337 4410 2480 4481 Δύνῃ
2504 4409 2560 4461 δὲ
2585 4407 2660 4472 ὡς
2683 4407 2822 4479 πρὸς
2849 4407 2942 4462 τὸν
2972 4407 3208 4479 Χριστὸν
3231 4408 3448 4479 νοῆσαι,
3479 4409 3574 4462 τὸν
3603 4411 3767 4473 ὄντως

2181 4502 2459 4572 ἀλήθειαν.
2490 4501 2664 4571 «Ἐγὼ
2684 4502 2792 4572 γάρ
2813 4503 2950 4571 είμι,
2973 4501 3159 4572 φησὶν,
3179 4502 3214 4572 ή
3230 4501 3513 4572 ἀλήθεια.»
3548 4505 3645 4555 Ὃν
3674 4504 3762 4556 καὶ

2182 4595 2516 4658 ὲνδεδῦσθαι,
2545 4595 2604 4648 οὐ
2633 4594 2792 4665 μόνον
2809 4594 3180 4665 περιεζῶσθαι
3215 4598 3328 4658 τοῖς
3353 4594 3665 4665 ἀνθρώποις
3684 4596 3764 4648 δε.

2181 4686 2440 4758 δώρηται.
2455 4687 2639 4739 «Ὅσοι
2665 4687 2794 4757 γὰρ,
2818 4687 3006 4758 φησὶν,
3025 4689 3101 4750 είς
3121 4687 3356 4756 Χριστὸν
3376 4687 3756 4755 ἰσαπτίσθῃτε,

497 4787 612 4831 tum
644 4789 728 4831 est
753 4776 1088 4832 hominibus.
1136 4793 1155 4828 ι
1192 4774 1326 4829 Nam
1362 4785 1654 4846 quotquot,
1677 4776 1771 4842 ait,
1821 4778 1873 4830 in
1914 4777 2077 4832 Chri-

2187 4779 2412 4850 Χριστὸν
2430 4778 2771 4832 ἐνεδύσασθε.
2786 4797 2804 4829 ι
2823 4807 2892 4817 —
2915 4797 2933 4829 ι
2955 4779 3059 4831 Τὸν
3092 4776 3319 4848 θώρακα
3353 4781 3455 4848 τῆς
3487 4778 3759 4832 δικαιοσύ-

496 4876 642 4924 stum
688 4868 944 4938 baptizati
1011 4868 1166 4933 estis,
1223 4866 1505 4924 Christum
1554 4868 1811 4948 induistis
1832 4869 1900 4921 δ’.
1945 4887 1963 4920 ι
2007 4899 2078 4912 ~—

501 4979 519 5010 ι
555 4957 853 5015 Thoracem
881 4959 1134 5030 iustitiae.
1165 4977 1183 5011 ι
1214 4959 1322 5030 59
1345 4959 1516 5015 Vitam
1551 4960 1684 5014 dicit
1713 4961 2080 5031 undequaque

494 5051 746 5122 probam.
811 5051 904 5104 Est
959 5063 1140 5107 autem
1192 5053 1388 5106 thorax
1447 5051 1625 5108 ferrea
1681 5056 1888 5106 tunica.
1951 5069 1970 5104 ι
2008 5054 2077 5109 Et

491 5141 721 5198 caletzati
775 5139 1029 5210 pedibus.
1091 5160 1110 5193 ι
1171 5145 1279 5196 Aut
1317 5142 1418 5196 hoc
1466 5142 1599 5197 dicit
1645 5141 1788 5212 quod
1830 5151 2078 5210 oporteat

2182 4888 2298 4940 νης.
2314 4872 2443 4924 »Τὸν
2457 4870 2686 4924 καθόλου
2705 4871 2868 4942 φησὶν
2884 4870 3138 4941 ἐνάρετον
3155 4868 3290 4940 βίον.
3308 4869 3505 4939 Θώραξ
3521 4871 3579 4923 δέ
3596 4873 3755 4937 ἐστιν,

2179 4966 2207 5018 ὀ
2231 4962 2481 5037 σιδηροῦς
2497 4963 2681 5034 χιτών.
2707 4965 2847 5017 «Καὶ
2864 4963 3262 5035 ὑποδυσάμενοι
3279 4964 3408 5026 τοὺς
3423 4963 3613 5026 πόδας.
3649 4984 3666 5016 ι
3688 4965 3754 5016 Ἠ

2178 5052 2335 5106 τοῦτό
2358 5071 2541 5124 φησιν,
2571 5054 2651 5108 ὅτι
2685 5053 2790 5125 χρὴ
2815 5055 2942 5117 τοὺς
2969 5053 3130 5116 πόδας
3165 5053 3322 5124 ἡμῶν
3350 5055 3604 5124 ἑτοίμους
3623 5049 3754 5109 εἶναι

2179 5145 2314 5215 πρὸς
2334 5144 2393 5196 τὸ
2410 5144 2907 5213 εὐαγγελίζεσθαιλ
2931 5143 3018 5207 Ὠς
3031 5145 3220 5214 ὡραῖοι
3236 5144 3367 5214 γὰρ,
3391 5147 3555 5215 φησιν
3569 5186 3584 5210 ,
3599 5146 3646 5197 οἱ
3665 5144 3753 5196 πό-

493 5240 660 5307 podcs
701 5242 920 5288 nostros
949 5245 1168 5304 paratos
1200 5249 1320 5290 esse
1357 5235 1422 5288 ad
1455 5235 1860 5304 praedicandum
1896 5237 2074 5291 Evan-

2187 5237 2262 5302 ia;
2287 5237 2395 5291 τῶν
2424 5237 2924 5310 εὐαγγελιζομένων
2953 5239 3229 5310 εἰρήνην.»
3256 5239 3326 5290 Ἣ
3350 5238 3434 5290 ὅτι
3465 5240 3522 5291 ἐν
3560 5239 3752 5307 ἑτοίμῳ

491 5329 719 5398 gelium.
754 5329 845 5382 Ait
873 5329 1015 5379 enim
1049 5341 1062 5377 :
1107 5342 1126 5375 ι
1161 5323 1333 5390 Quam
1373 5326 1584 5392 pulchri
1618 5331 1779 5395 pedes
1801 5327 2076 5397 evangeli-

490 5421 733 5476 zantium
765 5434 952 5491 pacem
984 5415 1054 5470 “.
1093 5434 1112 5468 ι
1158 5418 1266 5469 Aut
1305 5417 1447 5486 quod
1485 5418 1717 5488 prompti
1760 5434 1883 5474 esse
1908 5419 2073 5474 debe-

492 5529 637 5574 mus,
674 5513 950 5581 vitamque
1000 5509 1205 5564 habere
1243 5509 1386 5563 sicut
1421 5509 1671 5563 hortatur
1697 5509 2074 5580 Evangelium.

499 5623 519 5655 ι
574 5603 1028 5675 Ρηεριιηιίοηοιη
1091 5603 1276 5658 cordis
1332 5616 1562 5668 eorum,
1622 5603 1698 5657 ait
1755 5605 2070 5675 Propheta,

589 5771 808 5829 “Joan.
841 5792 949 5844 xiv,
969 5778 1022 5832 6.

1137 5780 1180 5812 “
1212 5776 1389 5836 Galat.
1426 5794 1497 5850 Ill,
1533 5779 1623 5834 ‘27.
1704 5780 1746 5811 “
1797 5779 1900 5836 lsa.
1932 5797 2027 5847 LII,
2065 5781 2115 5836 7.

2177 5328 2467 5400 ὀφείλομεν
2513 5324 2653 5383 εἶναι
2703 5331 2798 5384 καὶ
2854 5329 2968 5401 βίον
3009 5329 3175 5400 ἔχειν,
3209 5329 3285 5390 ὡς
3332 5320 3393 5382 τι
3427 5329 3749 5397 Εὐαγγέλιον

2179 5418 2494 5488 ὑφηγεῖται.
2545 5437 2564 5471 ι
2601 5419 2716 5489 Τὴν
2763 5421 2872 5491 γὰρ
2911 5419 3231 5489 ἑτοιμασίαν
3260 5420 3361 5490 τῆς
3399 5420 3629 5494 καρδίαις
3654 5419 3750 5471 a5-

2177 5511 2308 5574 τῶν,
2343 5513 2507 5581 φησὶν
2554 5512 2582 5564 ὁ
2637 5512 2952 5582 Προφήτης,
3007 5513 3303 5582 προσέσχε,
3355 5510 3416 5564 τὸ
3467 5508 3560 5574 οὖς
3585 5495 3693 5563 σου.
3725 5529 3744 5562 ι

2178 5622 2273 5655 -ι
2307 5603 2414 5657 Τοῦ
2449 5603 2786 5672 Εὐαγγελίου
2813 5604 2912 5676 τῆς
2947 5604 3193 5677 εἰρήνης.
3225 5622 3242 5656 ι
3277 5601 3351 5658 Τὸ
3375 5602 3481 5673 γὰρ
3511 5601 3749 5670 Εὐαγγέο
