4000 6598
273 371 413 436 12ὂῖ

1295 372 1685 437 COMMENT.
1716 374 1797 435 IN
1836 376 2074 436 EI’IST.
2115 378 2214 437 AD
2254 378 2526 438 EPIIES.

3388 375 3530 441 12M

262 488 404 553 λιον,
436 485 661 557 εἰρήνην
708 484 807 556 μὲν
845 485 984 558 προς
1019 484 1109 539 τὸν
1139 485 1274 540 Θεὸν
1306 490 1472 553 ποιεῖ,
1515 487 1755 559 πόλεμον
1781 488 1838 542 δὲ

1957 490 2321 547 indivitauris
2350 501 2440 546 tua
2465 492 2532 547 ".
2566 509 2586 542 ι
2614 519 2677 532 -
2700 509 2718 543 ι
2756 488 3110 562 Evangelium
3145 490 3317 561 pacis.
3351 492 3528 545 sNam

263 580 408 653 πρὸς
449 578 577 638 τοὺς
623 577 903 648 δαίμονας.
949 594 971 629 ι
1011 578 1133 631 Ἐπὶ
1172 580 1340 632 πᾶσιν
1395 578 1778 642 ἀναλαϐόντες.
1819 598 1838 630 ι

263 673 364 725 Δεῖ
410 667 522 738 γὰρ
568 671 754 724 ἐκεῖνα
799 668 1184 740 προηγεῖσθαι.
1217 671 1410 724 Πίστιν
1438 671 1496 724 δέ
1530 688 1687 742 φησι,
1743 672 1846 742 τὴν

263 762 538 833 εἰλικρινῆ
594 761 690 817 καὶ
740 760 1028 833 διάπυρον,
1079 761 1211 831 περὶ
1246 755 1314 832 ἦς
1349 764 1378 814 ό
1420 760 1623 832 Κύριός
1655 776 1842 833 φησιν,

270 875 291 908 ι
345 856 470 910 Ἐὰν
512 855 675 925 ἔχητε
732 855 916 908 πίστιν
951 853 1029 918 ὡς
1052 854 1253 908 κόκκον
1313 855 1609 920 σινάπεως,
1666 856 1845 925 ἐρεῖτε

261 945 349 1016 τῷ
367 945 481 1015 ὅρει
502 944 699 1015 τούτῳ,
720 943 1027 1013 Μετάϐηθι,
1056 944 1153 999 καὶ
1187 943 1577 1014 μεταϐήσεται.
1614 962 1738 997 ι-ι
1763 943 1847 998 Τὰ

262 1034 401 1107 βέλη
448 1033 544 1088 τοῦ
594 1036 859 1105 πονηροῦ.
895 1054 916 1089 ι
977 1035 1118 1105 Βέλη
1168 1036 1323 1106 φησι,
1376 1036 1477 1099 τὰς
1521 1036 1843 1106 ἐπιθυμίας,

259 1129 395 1192 τοὺς
435 1127 754 1197 λογισμοὺς,
811 1127 941 1190 τοὺς
978 1126 1343 1198 πειρασμούς.
1398 1126 1598 1190 Καλῶς
1646 1127 1704 1181 δὲ
1760 1127 1840 1194 τὸ,

262 1210 677 1290 Πεπυρωμένα.
730 1218 991 1272 Τοιαῦται
1038 1218 1150 1289 γὰρ
1196 1221 1252 1272 αί
1290 1219 1482 1273 ἄτοποι
1531 1217 1841 1289 ἐπιθυμίαι.

265 1330 287 1363 ε
328 1312 439 1366 Καὶ
470 1312 570 1382 τὴν
604 1312 1040 1383 περικεφαλαίαν
1063 1312 1161 1367 τοῦ
1192 1311 1484 1384 σωτηρίου.
1528 1331 1549 1365 ι
1592 1310 1702 1381 Τῆς
1739 1329 1842 1364 σωο

259 1406 465 1476 τηρίας
498 1404 674 1476 ὑμῶν,
705 1406 974 1471 τουτέστι,
1029 1408 1129 1474 τῆς
1174 1405 1408 1467 ἑλπίδος.
1454 1404 1528 1457 Τὸ
1580 1405 1661 1469 δὲ,
1696 1423 1715 1456 ι
1750 1403 1846 1457 Δέ-

259 1498 534 1564 ξασθαι,ι
599 1491 713 1552 οἷον
760 1498 990 1569 φορέσαι
1038 1499 1132 1554 καὶ
1184 1497 1442 1563 δέξασθαι
1489 1500 1555 1567 τῇ
1605 1497 1839 1568 κεφαλῇ.

264 1607 287 1642 ε
332 1592 441 1643 Καὶ
479 1590 580 1661 τὴν
616 1589 892 1660 μάχαιραν
917 1589 1013 1642 τοῦ
1046 1589 1377 1659 πνεύματος.
1416 1606 1435 1640 s
1471 1586 1539 1640 Ἣ
1568 1587 1629 1641 τὸ
1672 1587 1842 1642 πνεῦ-

262 1682 822 1755 μαπεριφραστικῶς
851 1682 1065 1753 εἴρηκε,
1116 1683 1206 1736 διὰ
1253 1681 1312 1734 τὸ
1359 1681 1524 1753 τομὸν
1561 1683 1656 1736 καὶ
1689 1698 1844 1752 μερι-

1950 582 2306 653 Erangelium
2341 599 2527 654 pacem
2561 583 2779 653 quidem
2804 599 2933 654 (τεο
2946 583 3118 639 Deum
3147 583 3299 649 facit,
3327 584 3526 639 bellum

1948 689 2080 728 vero
2100 675 2394 730 adversum
2430 674 2728 733 daemones.
2760 694 2778 727 ι
2800 674 2977 745 Super
2992 675 3176 731 omnia
3190 684 3473 746 assumpto
3508 696 3527 728 ι

1948 762 2176 834 Oportet
2189 767 2332 819 enim
2352 767 2443 820 illa
2459 766 2800 834 fprzecedere.
2833 766 3021 824 Fidem
3039 776 3220 825 autem
3252 769 3385 823 dicit
3413 768 3533 824 sin-

1947 869 2130 911 ceram
2144 870 2210 911 ac
2235 855 2556 922 ferventem,
2586 857 2656 913 de
2678 872 2784 927 qua
2799 860 2877 912 ait
2898 857 3159 916 Dominus
3187 876 3233 914 ιι
3253 860 3312 913 Si
3328 859 3534 915 habea-

1950 949 2019 1002 tis
2047 946 2207 1001 ﬁdem
2235 947 2378 1003 sicut
2413 964 2644 1018 granum
2674 949 2908 1019 sinapis,
2937 950 3134 1006 dicetis
3168 952 3341 1006 monti
3363 953 3490 1005 huic
3516 973 3531 1007 :

1948 1037 2168 1104 Transi,
2188 1046 2245 1094 et
2262 1039 2598 1095 transibit“.
2614 1041 2935 1097 i—dacula
2955 1044 3078 1097 mali
3112 1043 3280 1100 illius.
3305 1063 3324 1095 ι
3344 1044 3534 1099 Jacula

1944 1137 2104 1183 vocat
2150 1131 2631 1199 concupiscentias
2661 1172 2677 1197 ,
2736 1133 3138 1204 cegitationes,
3178 1137 3529 1190 teutationes.

1946 1219 2015 1274 Et
2048 1231 2197 1278 recte
2226 1222 2327 1287 ait,
2355 1223 2552 1292 ignita.
2591 1223 2748 1279 Tales
2787 1226 2933 1280 enim
2969 1235 3100 1280 sunt
3133 1227 3381 1280 absurdae
3404 1242 3536 1281 eon-

1946 1314 2322 1383 cupiscentim.
2357 1335 2374 1368 ι
2394 1313 2727 1386 Galeamque
2744 1318 3021 1373 salutaris.
3037 1337 3056 1371 ι
3085 1316 3288 1375 Salutis
3309 1329 3533 1382 nostrae,

1947 1404 2051 1461 hoc
2075 1418 2159 1462 est
2186 1408 2326 1478 spei.
2357 1408 2519 1475 Quod
2549 1422 2733 1469 autem
2766 1411 2864 1476 ait,
2902 1429 2920 1462 ι
2959 1412 3346 1483 Suscipiendo,
3385 1434 3403 1466 ι
3429 1414 3535 1467 huc

1943 1506 2048 1562 est,
2075 1499 2395 1569 accipiendo
2423 1507 2478 1553 et
2516 1500 2784 1573 gestando
2812 1502 2866 1556 in
2890 1503 3086 1572 capite.
3151 1522 3169 1554 ι
3200 1504 3263 1558 Ει
3295 1504 3534 1574 gladium

1945 1588 2194 1657 Spiritus.
2239 1607 2258 1641 ι
2295 1589 2407 1645 Aut
2454 1590 2760 1661 periphrasi
2807 1591 2945 1647 dixit
3004 1593 3257 1662 spiritum
3312 1594 3534 1664 ipsum,

1947 1687 2174 1748 propter
2213 1678 2537 1735 incisiouem
2589 1696 2688 1735 seu
2744 1682 3072 1738 divisionem
3125 1686 3534 1739 contrariorum

261 1772 453 1826 στικὸν
489 1772 599 1826 τῶν
650 1771 910 1826 ἐναντίων
967 1771 1157 1837 ἕξεων,
1217 1771 1249 1841 ἢ
1312 1769 1411 1842 τὴν
1465 1769 1841 1841 πνευματικήν

1957 1770 2238 1825 habituum
2275 1787 2288 1824 :
2348 1779 2441 1826 aut
2475 1772 2821 1841 Spiritualem
2854 1774 3021 1828 vitam
3054 1789 3120 1830 ac
3159 1777 3540 1831 conversatio-

261 1862 415 1933 ζωὴν
445 1864 539 1917 καὶ
586 1863 884 1930 πολιτείαν,
932 1863 1057 1933 ἥτις
1113 1862 1188 1924 ὡς
1241 1862 1487 1933 μάχαιρα
1536 1862 1843 1932 ἐνεργήσει,

260 1958 427 2028 φησι,
459 1957 601 2013 κατὰ
627 1956 739 2010 τῶν
772 1955 978 2027 νοητῶν
1008 1956 1239 2027 ἐχθρῶν.
1287 1957 1360 2011 Ἢ
1388 1957 1469 2010 ὃτι
1511 1957 1581 2010 τὰ
1602 1973 1846 2025 πνευμα-

258 2050 398 2101 τικὰ
415 2088 432 2116 ,
473 2048 646 2118 φησὶ,
701 2048 1035 2120 χαρίσματα,
1071 2045 1215 2117 άπερ
1235 2048 1353 2102 ἐστὶ
1376 2048 1464 2103 διὰ
1490 2050 1731 2120 ῥήματος
1753 2048 1845 2101 καὶ

259 2139 688 2209 προστάγματος
712 2139 872 2194 Θεοῦ.
898 2168 965 2180 —
983 2137 1317 2213 [OIKOUL]
1334 2142 1402 2193 Ἦ
1430 2138 1703 2211 τδ,·Ὀπερ
1730 2139 1846 2193 ἐστὶ

262 2230 423 2301 ῥῆμα
451 2228 608 2294 Θεοῦ,
642 2228 720 2298 τῷ
742 2230 894 2283 κάτω
923 2229 1270 2295 συζευκτέον,
1302 2231 1388 2283 ἵνα
1468 2228 1845 2301 οῦτως,“οπερ

263 2318 388 2370 ἐστὶ
416 2318 570 2388 ῥῆμα
598 2317 735 2372 Θεοῦ
788 2318 883 2372 καὶ
931 2319 1285 2390 πρόσταγμα,
1319 2320 1498 2386 τοῦτο,
1539 2321 1693 2391 φησι,
1725 2336 1846 2376 ποι-

262 2414 402 2467 εῖτε.
462 2415 660 2477 Ποῖον;
711 2410 811 2465 Διά
868 2410 1051 2477 πάσης
1079 2414 1392 2483 προσευχῆς
1451 2413 1546 2466 καὶ
1604 2413 1844 2483 δεήσεως

265 2504 697 2575 προσευχόμενοι
733 2503 821 2557 ἵνα
845 2499 967 2574 ἦτε,
999 2504 1184 2573 φησίν.
1227 2505 1300 2557 Ἢ
1333 2506 1477 2559 κατὰ
1510 2503 1570 2559 τδ
1603 2506 1846 2576 ἐνεργεῖν

265 2598 370 2651 καὶ
400 2596 620 2666 τέμνειν
648 2597 717 2650 τὰ
763 2596 1115 2665 πνευματικὰ
1144 2597 1482 2669 χαρίσματα,
1528 2597 1681 2667 ῥῆμά
1726 2598 1843 2653 ἐστι

263 2685 424 2740 Θεοῦ.
452 2686 730 2757 Τμητικδν
758 2686 867 2758 γὰρ
896 2687 958 2739 τὸ
994 2687 1147 2758 ῥῆμα
1170 2672 1264 2742 τοῦ
1299 2688 1455 2743 Θεοῦ.
1475 2690 1675 2755 Ὀὕτως
1705 2694 1839 2762 μᾶλα

264 2780 359 2832 λον
397 2780 489 2834 καὶ
521 2780 549 2832 ό
610 2781 885 2854 μακάριος
954 2780 1230 2850 Ἰωάννης.
1282 2782 1381 2835 Διὰ
1432 2784 1541 2852 γὰρ
1598 2785 1844 2854 ῥήματος

264 2870 406 2922 Θεοῦ
443 2870 751 2924 ὲπετελεῖτο
805 2870 874 2925 τὰ
911 2870 1246 2941 χαρίσματα.
1306 2890 1325 2923 ι
1356 2874 1470 2926 Πᾶν
1509 2874 1619 2945 γὰρ
1668 2875 1696 2927 ὃ
1749 2876 1843 2928 ἐὰν

265 2962 553 3033 αἰτήσητε,
581 2961 767 3032 φησὶν,
788 2962 844 3014 ἐν
889 2961 967 3032 τῷ
1018 2961 1245 3033 ὀνόματί
1289 2981 1412 3035 μου,
1444 2963 1604 3019 δώσει
1636 2967 1786 3037 ὑμῖν,
1818 2986 1836 3019 ι

266 3054 436 3124 φησιν
472 3055 501 3107 ό
535 3053 793 3125 Χριστός.

338 3148 819 3217 Προσευχόμενοι
861 3146 932 3201 ἐν
973 3146 1153 3202 παντὶ
1201 3146 1382 3216 καιρῷ
1421 3147 1493 3202 ἐν
1527 3149 1840 3218 πνεύματι,
1881 3188 1926 3248 c

265 3237 365 3292 καί
391 3239 480 3303 είς
501 3238 647 3292 αὑτύ
676 3236 851 3293 τοῦτο
878 3238 1330 3307 ἀγρυπνοῦντες
1355 3238 1425 3292 ἐν
1453 3238 1620 3307 πάσῃ
1665 3252 1855 3309 προσ-

265 3330 621 3398 καρτερήσει
684 3330 780 3383 καὶ
813 3329 1019 3397 δεήσει
1064 3331 1197 3398 περὶ
1230 3329 1474 3384 πάντων
1516 3330 1635 3385 τῶν
1671 3333 1857 3397 ἁγίων

268 3425 369 3480 καὶ
395 3423 543 3492 ὑπὲρ
575 3423 743 3493 ἐμοῦ,
775 3424 874 3477 ἵνα
897 3440 1000 3493 μοι
1038 3426 1240 3491 δοθείη
1287 3425 1470 3492 λόγος
1513 3423 1584 3478 ἐν
1624 3425 1854 3490 ἀνοίξει

267 3518 378 3574 τοῦ
407 3518 706 3586 στόματός
740 3534 861 3586 μου
902 3517 973 3573 ἐν
1001 3517 1311 3586 παρρησίᾳ
1340 3517 1627 3587 γνωρίσαι
1645 3518 1716 3583 ,τὸ
1739 3536 1855 3588 μυ-

269 3611 525 3679 στήριον
569 3609 677 3664 τοῦ
705 3611 1101 3680 Εὐαῃορλίου,
1135 3609 1289 3678 ὑπὲρ
1334 3607 1408 3667 οὗ
1441 3612 1750 3680 πρεσϐεύω
1786 3611 1856 3667 ἐν

270 3705 512 3768 ἁλύσει,
544 3704 645 3758 ινα
671 3703 743 3756 ἐν
773 3701 934 3771 αὐτῷ
978 3702 1486 3774 παρρησιάσωμαι
1534 3704 1617 3770 ὠς
1656 3701 1751 3757 δεῖ
1778 3720 1856 3774 με

268 3796 564 3867 λαλῆσαι.

343 3890 498 3945 Μετὰ
531 3887 591 3942 τὸ
621 3885 949 3943 καθοπλίσαι
969 3886 1062 3941 τὸν
1088 3886 1335 3957 βασιλέα,
1367 3886 1558 3941 λοιπὸν
1581 3887 1740 3941 καλεῖ
1768 3887 1854 3941 ἵνα

270 3982 350 4053 δῷ
400 3988 579 4053 χεῖρα.
642 3999 659 4033 ι
707 3980 795 4033 Ἑν
844 3979 1139 4049 πνεύματι.
1182 3998 1200 4032 ι
1239 3979 1332 4050 Μὴ
1365 3981 1422 4033 ὲν
1455 3978 1851 4048 βαττοὶογίαις.

279 4094 298 4127 ι
343 4075 454 4130 Καὶ
486 4076 566 4136 εἰς
610 4071 741 4126 αὐτὸ
769 4070 1199 4142 ἀγρυπνοῦντες.
1238 4090 1257 4123 ι
1296 4070 1500 4140 Μηδὲν,
1562 4071 1719 4140 φησι,
1757 4070 1856 4145 ῥᾴ-

274 4165 511 4236 θυμονῆ
545 4164 913 4235 ἠμελημένον.
951 4182 969 4216 ι
1013 4162 1124 4216 Καὶ
1177 4161 1320 4232 ὑπὲρ
1367 4159 1555 4232 ἐμοῦ.»
1603 4161 1713 4214 Καὶ
1746 4164 1854 4231 γὰρ

272 4260 371 4314 καὶ
390 4259 482 4312 τὸν
506 4259 729 4329 Πέτρον,
764 4256 958 4327 φησιν,
991 4257 1027 4327 ή
1056 4253 1190 4325 εὐχὴ
1210 4254 1307 4323 τῆς
1345 4252 1670 4324 Ἐκκλησίας
1699 4252 1852 4306 ἔλυσε

269 4351 382 4406 τῶν
429 4350 666 4419 δεσμῶν.
725 4367 744 4400 ι
790 4349 878 4401 Ἑν
938 4346 1142 4413 ἀνοίξει
1188 4344 1284 4399 τοῦ
1343 4346 1612 4416 στόματός
1669 4362 1791 4415 μου.
1827 4363 1846 4395 s

269 4442 471 4505 Καλῶς
505 4443 587 4507 τὸ,
627 4439 876 4505 Ἀνοίξει.
909 4438 1046 4492 Οὐδὲ
1077 4439 1187 4508 γὰρ
1254 4435 1599 4507 προεμελὲτα
1654 4435 1707 4490 τί
1758 4435 1853 4488 λα-

1922 1877 2099 1931 _nem,
2133 1876 2254 1931 quae
2283 1862 2431 1917 velut
2451 1862 2666 1932 gladius
2694 1861 2990 1919 efﬁcaciam
3029 1864 3246 1922 habebit
3275 1868 3539 1923 adversus

1953 1953 2274 2024 Spirituales
2324 1954 2580 2010 inimicos
2615 1974 2629 2010 :
2671 1964 2767 2010 aut
2790 1957 3111 2025 spiritualia
3149 1955 3328 2029 inquit
3371 1961 3537 2024 dona,

1951 2059 2073 2113 qua:
2104 2052 2236 2100 sunt
2267 2060 2364 2115 per
2394 2045 2617 2101 verbum
2644 2058 2708 2102 ac
2727 2044 2942 2116 iussum
2978 2046 3094 2103 Dei.
3120 2078 3192 2091 —
3214 2051 3340 2106 Aut.
3378 2050 3475 2118 Qu.
3501 2052 3537 2107 d

1949 2143 2036 2192 cst
2063 2137 2286 2192 verbum
2321 2136 2437 2203 Dei,
2466 2136 2803 2208 jungendum
2833 2150 2918 2194 est
2956 2141 3335 2211 sequentibus,
3367 2154 3425 2197 ut
3459 2145 3533 2199 sit

1951 2245 2188 2285 sensus:
2241 2229 2397 2296 Quod
2427 2239 2510 2287 est
2546 2232 2767 2287 verbum
2797 2246 2862 2287 ac
2899 2242 3230 2303 praeceptum
3271 2237 3383 2301 Dei,
3434 2237 3536 2292 hoc

1952 2324 2135 2379 facite.
2161 2323 2446 2389 Quodnam
2473 2324 2604 2379 illud
2630 2325 2756 2380 est?
2784 2323 2855 2379 Ut
2886 2326 3010 2381 sitis
3041 2337 3262 2382 orantes
3295 2343 3391 2397 per
3418 2344 3537 2382 om-

1951 2433 2072 2471 nem
2110 2416 2548 2486 deprecationem
2578 2424 2635 2472 et
2663 2419 2996 2473 orationem.
3026 2419 3133 2471 Aut
3187 2419 3240 2473 in
3292 2434 3357 2474 eo
3388 2421 3534 2491 quod

1948 2517 2034 2562 est
2077 2507 2374 2562 cllicaciam
2413 2507 2616 2564 habere
2648 2523 2712 2563 ac
2752 2524 2940 2565 secare
2976 2510 3282 2579 spiritualia
3339 2513 3479 2565 dona
3518 2551 3534 2576 ,

1950 2600 2174 2654 verbum
2206 2610 2288 2655 est
2319 2599 2413 2655 Dei
2441 2607 2557 2656 :est
2585 2601 2730 2656 enim
2756 2602 2980 2655 verhum
3010 2601 3099 2657 Dei
3125 2603 3440 2657 divisivum.
3458 2604 3535 2658 Ita

1949 2691 2130 2758 potius
2188 2689 2444 2761 intelligit
2493 2705 2712 2760 quoque
2751 2691 2942 2746 beatus
2973 2690 3235 2748 Joannes.
3268 2692 3402 2748 Nam
3445 2709 3540 2764 per

1948 2779 2172 2834 verbum
2205 2779 2294 2834 Dei
2314 2781 2935 2852 perﬁcieb.inturdona.i
2962 2781 3016 2837 Si
3035 2784 3252 2853 quidem
3273 2784 3537 2855 quidquid

1951 2869 2217 2939 petieritis
2237 2885 2335 2941 per
2382 2885 2579 2926 nomen
2623 2886 2804 2926 meum
2830 2872 2982 2953 dabit
3009 2872 3189 2939 vobis,
3220 2891 3242 2926 ι
3277 2876 3354 2929 ait
3376 2874 3536 2931 Chri-

1949 2968 2070 3016 stus
2096 2961 2162 3017 ⁸⁸.

2028 3136 2116 3203 Vl,
2153 3139 2338 3194 18-20.
2372 3139 2598 3196 Orontes
2634 3142 2779 3195 omni
2807 3152 3033 3212 tempore
3066 3142 3120 3196 in
3142 3144 3355 3213 spiritu,
3388 3153 3436 3200 et
3468 3146 3538 3200 ad

1955 3230 2053 3286 hoc
2085 3237 2257 3301 ipsum
2286 3233 2561 3303 vigilantes
2591 3247 2709 3288 cum
2741 3235 2884 3288 omni
2910 3234 3193 3290 sedulitate
3215 3245 3263 3290 et
3293 3235 3541 3305 depreco-

1957 3326 2096 3379 tione
2134 3341 2231 3395 pro
2267 3326 2509 3380 omnibus
2541 3328 2743 3381 sanctis
2769 3336 2819 3380 et
2855 3342 2949 3393 pro
2983 3344 3083 3387 me.
3120 3338 3177 3382 ut
3220 3329 3352 3381 mihi
3387 3331 3541 3384 detur

1955 3432 2127 3471 sermo
2163 3418 2219 3470 in
2263 3419 2533 3486 opertione
2575 3419 2682 3472 oris
2715 3419 2817 3472 mei
2848 3434 2868 3472 .'
2917 3429 2973 3471 ut
3004 3435 3123 3474 cum
3163 3418 3406 3475 libertate
3430 3421 3541 3492 ϐο

1956 3516 2134 3561 notum
2163 3506 2361 3581 faciam
2392 3508 2702 3577 mysterium
2730 3505 3027 3580 Evangelii,
3059 3525 3154 3576 pro
3186 3526 3288 3577 quo
3313 3509 3542 3578 legatio-

1956 3613 2019 3651 ne
2062 3599 2256 3667 [ungor
2298 3599 2355 3651 in
2399 3609 2609 3665 catena,
2665 3610 2722 3654 ut
2771 3601 2826 3655 in
2864 3617 2924 3656 eo
2972 3601 3135 3654 libere
3181 3601 3371 3671 loquor
3403 3602 3541 3655 sicut

1957 3703 2158 3762 oportet
2194 3709 2275 3746 me
2300 3692 2469 3763 loqui.

2027 3870 2324 3941 Postquam
2351 3869 2583 3923 armavit
2610 3885 2814 3939 regem,
2852 3878 3257 3939 consequenter
3281 3876 3443 3925 vocnt
3480 3878 3541 3924 ut

1955 3961 2043 4017 det
2071 3977 2315 4016 manum.
2356 3980 2375 4012 ι
2411 3959 2467 4014 lu
2503 3961 2721 4030 spiritu.
2762 3979 2782 4010 ι
2817 3959 2937 4013 Non
2968 3960 3020 4013 in
3047 3960 3364 4031 battologiis
3391 4000 3407 4026 ,
3442 3970 3539 4015 aut

1954 4054 2245 4109 verborum
2271 4051 2638 4122 multiloquio.
2695 4069 2715 4102 ι
2751 4049 2818 4103 Et
2854 4051 2921 4105 ad
2948 4051 3049 4105 hoc
3092 4051 3268 4121 ipsum
3310 4052 3543 4121 vigilan-

1954 4153 2058 4201 tes.
2089 4163 2107 4197 ι
2132 4144 2296 4207 Nihil,
2319 4143 2515 4211 inquit,
2553 4157 2719 4212 segne
2759 4152 2850 4197 aut
2896 4142 3224 4210 neglectum.
3279 4160 3299 4193 ι
3338 4140 3401 4194 Et
3443 4157 3543 4211 pro

1954 4252 2062 4291 me.
2101 4254 2119 4287 ι
2161 4236 2374 4292 Etenim
2408 4216 2626 4289 Petrum
2683 4248 2903 4303 quoque
2930 4231 3189 4286 Ecclesia:
3219 4234 3396 4286 oratio
3430 4234 3543 4287 sol-
3596 4226 3599 4227 ⁷

1952 4329 2033 4382 vit
2072 4343 2102 4381 a
2145 4328 2382 4383 vinculis
2407 4327 2475 4380 “.
2525 4344 2545 4379 ι
2578 4328 2638 4380 lu
2677 4326 2962 4396 apertioue
2992 4324 3107 4381 oris
3145 4324 3271 4379 mei.
3304 4343 3323 4376 ι
3373 4323 3543 4380 Recte

1957 4423 2031 4473 ait
2063 4437 2076 4474 :
2109 4420 2165 4474 In
2190 4419 2492 4491 apertione.
2520 4418 2708 4488 Neque
2724 4417 2871 4473 enim
2898 4416 3384 4486 priemcditabatur
3410 4417 3541 4487 quid

268 4535 450 4606 λήσει,
496 4504 719 4604 Χριστῷ
765 4504 1106 4601 πειθόμενος,
1144 4504 1259 4582 ἀλλ’
1289 4504 1348 4594 ἐξ
1378 4504 1639 4596 ὗπογυίου
1669 4526 1766 4580 καὶ
1798 4527 1850 4581 ὲν

1959 4510 2245 4566 locuturus
2297 4515 2463 4575 esset,
2507 4506 2732 4563 Christo
2786 4506 3174 4575 obtemperans
3205 4504 3249 4536 "
3284 4522 3299 4560 :
3349 4507 3443 4561 sed
3474 4521 3542 4561 ex

266 4626 517 4697 αὐτῷτῷ
542 4624 754 4689 ἀνοῖξαι
779 4624 840 4677 τὸ
869 4623 1062 4691 στόμα,
1081 4620 1281 4690 όλόγος
1309 4620 1527 4692 προῄει.
1565 4619 1683 4673 ιἘν
1712 4620 1858 4689 παῤ-

270 4718 443 4790 ρησίᾳ
467 4715 757 4787 γνωρίσαι.
796 4713 924 4782 »ηἪ
955 4711 1046 4765 ἵνα
1078 4713 1136 4765 ὲν
1168 4709 1458 4783 παρρησίᾳ
1505 4708 1860 4779 ἀπολογήσω-

272 4826 397 4881 μαι.
465 4808 535 4860 Ἦ
585 4806 674 4860 ἵνα
735 4802 1198 4873 εὐαγγελίζωμαι.
1275 4820 1294 4854 ι
1341 4799 1514 4871 ’Υπὲρ
1568 4793 1630 4855 οὗ
1727 4815 1861 4869 πρε-

270 4901 506 4957 σϐεύω.»
557 4899 729 4969 ’Υπὲρ
761 4891 823 4953 οὖ
858 4896 1191 4965 Εὐαγγελίου
1221 4893 1514 4967 πρεσϐεύω
1552 4892 1691 4962 πρὸς
1733 4891 1860 4954 τοὺς

266 4993 619 5064 ἀνθρώπως,
680 4990 792 5056 ἵνα,
840 4989 1030 5058 φησὶν,
1089 4986 1239 5056 αὑτῴ
1290 4987 1386 5039 καὶ
1438 4986 1552 5047 τοῖς
1598 4984 1655 5037 ὲν
1709 4981 1858 5050 αῦτῷ

266 5085 712 5154 καταλλαγῶσιν.
741 5100 759 5135 ι
808 5080 980 5150 ’Υπὲρ
1021 5077 1262 5151 Χριστοῦ
1301 5078 1410 5149 γὰρ
1435 5116 1452 5142 ,
1506 5074 1642 5145 φησι
1670 5115 1684 5141 ,
1732 5089 1861 5144 πρε-

270 5178 564 5250 σϐεύομεν.
592 5195 612 5231 s
632 5206 702 5219 --
730 5194 750 5229 ι
773 5175 892 5229 Ἵνα
920 5175 977 5227 ὲν
1012 5170 1160 5242 αὐτῷ
1197 5168 1691 5242 παρρησιάσωμαι,
1730 5186 1748 5219 ι
1770 5168 1859 5220 Ἐν

266 5276 494 5346 δεσμοῖς
531 5269 621 5345 ἦν,
648 5273 744 5326 καὶ
773 5266 1163 5337 ἀπολογεῖσθαι
1192 5263 1418 5335 ἔμελλεν
1442 5263 1530 5315 ἵνα
1553 5260 1668 5327 οῦν,
1702 5258 1861 5330 φησι,

271 5366 414 5437 μετὰ
446 5363 783 5437 παρρησίας,
814 5361 910 5415 καὶ
950 5357 1125 5422 οὕτως
1163 5357 1237 5420 ὡς
1278 5355 1385 5427 χρὴ
1414 5354 1505 5408 τὸν
1531 5354 1672 5424 ὑπὲρ
1696 5351 1851 5422 τηλι-

267 5458 486 5516 κούτων
518 5456 980 5527 ἀπολογούμενον,
1007 5451 1462 5522 ἀπολογήσωμαι.

344 5636 470 5690 ἰνα
488 5633 557 5688 δὲ
571 5633 770 5703 είδῆτε
799 5631 897 5686 καὶ
919 5629 1080 5701 ὑμεῖς
1113 5628 1186 5682 τὰ
1215 5625 1344 5680 κατ’
1372 5622 1479 5694 ἐμὲ
1496 5624 1554 5677 τί
1573 5622 1847 5691 πράσσω,

266 5834 323 5883 ν,
346 5817 437 5873 20.

1959 4602 2214 4672 proximo
2242 4607 2297 4654 et
2333 4601 2386 4654 in
2418 4614 2482 4654 eo
2510 4600 2632 4668 ipso
2666 4611 2775 4667 quo
2812 4610 2876 4652 os
2911 4596 3174 4667 aperiret,
3212 4610 3393 4651 sermo
3416 4610 3547 4666 pro-

1961 4694 2208 4748 cedebat.
2244 4709 2265 4745 ι
2302 4689 2373 4746 Ut
2412 4705 2536 4745 cum
2581 4689 2828 4745 libertate
2868 4696 3058 4741 notum
3093 4685 3314 4741 faciam.
3359 4705 3379 4739 ι
3408 4686 3540 4751 Aut,

1964 4784 2036 4841 Ut
2073 4799 2199 4840 cum
2250 4783 2500 4838 libertate
2532 4794 2634 4853 pro
2683 4796 2771 4838 me
2807 4794 3030 4836 causam
3068 4779 3289 4842 dicam;
3322 4789 3414 4833 aut
3441 4779 3545 4835 :Ut

1962 4876 2252 4950 praedicem
2295 4875 2671 4944 Evangelium.
2720 4890 2742 4925 ι
2785 4871 2891 4927 Pro
2942 4886 3054 4942 quo
3104 4870 3376 4941 legatione
3415 4870 3545 4925 tun-

1961 4988 2077 5045 gor.
2121 4991 2138 5025 ι
2175 4971 2281 5026 Pro
2313 4986 2422 5042 quo
2452 4968 2745 5042 Evangelia
2789 4968 3061 5037 legatione
3100 4966 3298 5036 iungor
3341 4965 3410 5020 ad
3445 4966 3545 5021 ho-

1962 5068 2140 5122 mines
2181 5076 2239 5120 ut
2283 5065 2384 5135 ipsi
2433 5073 2489 5121 et
2527 5065 2613 5120 his
2643 5078 2764 5134 quae
2793 5063 2846 5117 in
2881 5076 2947 5117 eo
2975 5060 3267 5127 habentur,
3294 5059 3546 5115 reconci-

1961 5161 2182 5217 lientur.
2248 5177 2267 5211 ι
2319 5157 2455 5212 Nam
2505 5172 2605 5227 pro
2663 5155 2921 5219 Christo,
2986 5153 3204 5223 inquit,
3272 5152 3545 5223 legatione

1960 5252 2243 5324 fungimur
2273 5251 2339 5305 ⁸³.
2381 5268 2399 5302 ι
2443 5278 2514 5289 --
2555 5266 2574 5300 ι
2632 5246 2698 5302 Ut
2741 5246 2796 5301 in
2842 5261 2907 5301 eo
2945 5246 3114 5301 libere
3162 5246 3375 5316 loquar.
3418 5262 3439 5295 ι
3483 5243 3542 5298 In

1963 5346 2202 5401 vinculis
2222 5352 2342 5399 erat
2370 5352 2423 5398 et
2455 5357 2554 5411 pro
2581 5355 2640 5397 se
2674 5353 3063 5410 responsurus.
3105 5336 3178 5392 Ut
3219 5337 3386 5406 igitur
3416 5349 3543 5389 eum

1960 5440 2231 5503 libertate,
2258 5435 2466 5506 inquit,
2493 5447 2577 5488 me
2605 5447 2826 5503 purgem
2853 5472 2867 5496 ,
2898 5440 2951 5486 et
2978 5432 3048 5484 ita
3079 5439 3138 5483 ut
3167 5433 3378 5497 oportet
3416 5439 3541 5481 eum

1959 5531 2052 5603 qui
2088 5527 2398 5597 hujusmodi
2431 5526 2499 5582 de
2534 5526 2700 5580 rebus
2724 5539 2948 5579 causam
2980 5522 3228 5576 dicturus
3258 5524 3363 5572 est.

2036 5616 2123 5681 VI,
2150 5615 2341 5671 21-24.
2373 5611 2438 5669 Ut
2463 5622 2641 5669 autem
2676 5612 2859 5667 sciatis
2883 5620 2931 5665 et
2959 5625 3046 5664 vos
3073 5622 3188 5676 qua:
3219 5606 3287 5660 od
3320 5621 3397 5658 me
3420 5619 3545 5674 per—

339 5747 388 5819 ξ’
426 5746 569 5806 Psal.
609 5766 664 5815 τ,
687 5747 742 5801 7.
786 5744 1051 5800 “Matth.
1080 5756 1212 5807 xvu,
1258 5739 1344 5794 i9.
1422 5738 1465 5770 "
1499 5735 1657 5793 Joan.
1686 5752 1803 5819 xw,
1839 5737 1931 5792 ‘15.
1989 5734 2056 5811 _“
2076 5736 2198 5792 Act.
2241 5749 2335 5801 xu,
2368 5731 2456 5790 tl.
2532 5727 2577 5761 "
2604 5727 2739 5785 Luc.
2766 5742 2879 5790 xxi,
2916 5723 2981 5779 14
3011 5736 3164 5792 seqq.
3268 5718 3314 5754 ’⁵⁸
3343 5719 3381 5774 ιι
3414 5718 3540 5805 Cor.
