4000 6576
497 353 632 420 1‘25!

1565 347 1964 411 (ECUMENII
1998 345 2291 406 TllICCE
2324 345 2667 406 EPISCOPI

3634 342 3759 408 1252

498 472 660 527 nobis
684 469 948 524 adversus
975 467 1076 525 hos
1105 469 1272 533 lucta,
1306 482 1413 524 non
1446 467 1512 522 de
1549 468 1732 538 parvis
1755 438 2077 536 quibusdam

2196 463 2342 515 Ὠσεὶ
2393 462 2613 530 ἔλεγεν·
2659 461 2816 514 Ἔστι
2846 461 2901 514 δὲ
2943 462 3037 515 καὶ
3067 463 3198 531 ἡμῖν
3252 462 3283 531 ἡ
3350 463 3487 532 πρὲις
3539 464 3763 528 τούτους

497 563 684 624 rebus,
721 561 814 615 sed
849 576 947 630 pro
980 563 1145 613 rebus
1178 574 1300 628 qua:
1329 567 1460 613 sunt
1489 559 1542 612 in
1571 557 1888 613 caelestibus
1919 573 1932 610 :
1971 555 2076 608 hoc

495 663 582 708 est
608 666 708 722 pro
732 666 899 719 regno
923 652 1184 704 caelorum
1213 660 1266 704 et
1291 649 1601 719 adoptione.
1629 649 1838 703 ldcirco
1863 647 2080 702 sobrios

498 760 622 798 esse
653 758 715 796 ae
754 741 981 812 vigilare
1015 751 1250 811 oportet.
1284 741 1380 796 Est
1415 749 1593 795 autem
1626 740 1846 809 propria
1879 739 2081 794 dictio-

501 851 631 890 num
665 834 1174 903 correspondentia.
1202 834 1428 902 Propter
1451 831 1922 900 cmlestia,inquit.
1945 831 2080 884 Nam

505 929 584 992 ἐν,
619 928 669 981 id
706 934 790 981 est
817 928 893 993 in,
925 927 1256 998 eapiturpro
1284 926 1393 989 διά,
1423 927 1472 979 id
1505 933 1588 979 est
1615 934 1847 992 propter.
1893 941 1909 973 ι
1937 923 2084 988 Qua-

501 1025 722 1086 prOpter
768 1017 1054 1072 assumite.
1097 1035 1116 1067 ι
1169 1016 1484 1085 Quoniam,
1541 1016 1738 1086 inquit,
1791 1013 2078 1082 periculosi

497 1116 626 1161 sunt
679 1107 888 1162 hostes.
941 1125 959 1159 ι
1002 1106 1059 1161 In
1095 1107 1180 1161 die
1215 1107 1376 1161 malo.
1416 1125 1435 1160 ι
1478 1106 1630 1161 Dicm
1679 1106 1880 1161 malum
1927 1110 2082 1157 vocat

498 1209 822 1266 praesentem
865 1200 1053 1263 vitam,
1107 1209 1329 1270 propter
1367 1214 1566 1270 pravas
1592 1198 1839 1252 actiones
1872 1211 1993 1266 qua:
2027 1197 2080 1249 ir.

496 1305 561 1345 ea
596 1299 722 1344 sunt
758 1307 771 1344 :
805 1290 914 1361 58
957 1291 1254 1346 ostendens
1297 1292 1459 1345 breve
1501 1304 1622 1344 esse
1661 1289 1789 1343 belli
1845 1298 2080 1358 tempus.

497 1385 659 1438 etiam
702 1383 805 1436 hoc
855 1382 1014 1436 modo
1049 1391 1362 1454 promptum
1410 1383 1516 1436 illis
1552 1380 1762 1436 addens
1813 1381 2082 1434 animum.

504 1494 524 1528 ι
565 1477 632 1532 Ει
679 1477 938 1532 omnibus
991 1477 1222 1531 devictis
1279 1485 1446 1531 stare.
1491 1496 1509 1529 ι
1573 1475 1840 1530 Omnibus
1894 1489 2086 1544 nempe

499 1566 902 1629 aﬂectionibus,
923 1566 1404 1634 concupiscentiis.
1431 1584 1449 1617 ι
1479 1565 1733 1619 Devictis.
1757 1583 1775 1615 ι
1799 1564 1931 1618 Nam
1958 1581 2087 1618 κατ-

497 1659 866 1728 εργασάμενοι
919 1657 1136 1727 capitur
1190 1671 1288 1727 pro
1331 1655 1924 1728 καταπολεμήσαντες,
1984 1656 2088 1710 hoc

494 1765 598 1818 est,
631 1751 883 1807 conlecto
915 1752 1056 1806 bello
1085 1765 1148 1804 ac
1180 1749 1408 1804 devictis
1435 1749 1687 1804 hostibus
1731 1759 1901 1811 stare,
1957 1756 2083 1801 tan-

2183 555 2351 624 πάλη,
2376 555 2439 607 οὐ
2471 555 2600 624 περὶ
2639 553 2849 623 μικρῶν
2889 571 3074 613 τινων,
3106 553 3219 606 ἀλλ’
3251 553 3391 622 ὑπὲρ
3425 555 3536 606 τῶν
3575 556 3635 606 ὲν
3659 559 3764 618 τοῖς

2183 647 2526 718 ἐπουρανίοις
2572 647 2934 717 πραγμάτιον,
2990 641 3101 699 οἷον
3160 645 3438 714 βασιλείας
3495 646 3763 714 οὐρανῶν,

2183 743 2279 793 καὶ
2339 738 2632 801 υἱοθεσίας.
2691 739 2781 791 Διὸ
2811 739 3005 807 νήφειν
3048 738 3177 809 χρή.
3258 739 3321 791 Ἦ
3373 739 3433 791 δὲ
3499 738 3768 801 ἀντίλεξις

2185 831 2391 894 ίδικῶς.
2433 832 2532 884 Διὰ
2571 831 2638 884 τά
2685 831 2986 903 ὲπουράνιά
3016 848 3170 902 φησι.
3223 830 3296 883 To
3342 831 3454 900 γὰρ
3512 832 3610 892 ἐν,
3677 831 3770 884 διὰ

2184 925 2352 977 ἐστίν.
2406 941 2424 974 ι
2462 924 2560 977 Διὰ
2614 923 2771 978 τοῦτο
2831 924 3150 978 ἀναλάϐετε.
3183 943 3201 974 ι
3273 924 3544 995 Ἐπειδὴ,
3615 926 3766 994 φησὶ,

2183 1013 2411 1084 χαλεποὶ
2455 1014 2504 1066 oi
2555 1013 2760 1084 ἐχθροί.
2805 1031 2824 1064 ι
2869 1013 2958 1066 Ἐν
2995 1015 3062 1084 τῇ
3117 1013 3300 1084 ἡμέρα
3347 1017 3412 1084 τῇ
3465 1016 3710 1084 πονηρᾷ.
3746 1021 3786 1066 ι’

2195 1106 2441 1178 Ἦμέραν
2487 1107 2731 1177 πονηράν
2761 1106 2854 1160 τὸν
2892 1107 3134 1176 παρόντα
3169 1107 3324 1160 καλεί
3371 1106 3510 1177 βίον,
3557 1107 3654 1159 διὰ
3706 1107 3769 1159 τά

2185 1200 2242 1252 ὲν
2273 1197 2419 1268 αὐτῷ
2450 1196 2665 1268 πονηρὰ
2699 1197 3025 1268 πράγματα,
3059 1197 3273 1261 δεικνὺς
3309 1197 3522 1268 βραχὺν
3553 1199 3649 1250 τὸ)
3681 1198 3770 1250 τοῦ

2185 1289 2423 1360 πολέμου
2456 1290 2670 1360 καιρὸν,
2699 1291 2791 1343 καὶ
2818 1290 2990 1360 ταύτῃ
3023 1289 3331 1360 προθυμίαν
3355 1291 3544 1352 αὐτοῖς
3572 1288 3770 1350 διδούς.

2191 1382 2332 1435 ιΚαὶ
2383 1381 2596 1435 ἅπαντα
2646 1382 3115 1451 κατεργασάμενοι
3155 1382 3367 1450 στῆναι.
3409 1400 3427 1432 ι
3490 1380 3767 1443 Ἀπαντα,

2185 1467 2296 1527 οἷον
2358 1473 2458 1537 τὰς
2519 1472 2687 1543 πάθη,
2726 1474 2827 1538 τὰς
2848 1472 3162 1543 ἐπιθυμίας.
3220 1474 3770 1542 Κιιτεργασάμενσι,

2187 1558 2336 1628 οἷον,
2421 1567 3048 1632 Κτιταπολεμησαντες
3133 1565 3329 1632 στῆναι
3364 1605 3380 1629 ,
3473 1565 3767 1632 νικηφόροι

2185 1658 2330 1720 τινὲς
2362 1658 2456 1711 καὶ
2488 1656 2734 1727 λαμπροὶ
2761 1657 2840 1727 τῷ
2877 1657 3149 1728 τροπαίῳ.
3177 1655 3372 1710 Πολλοὶ
3400 1657 3513 1726 γάρ
3540 1657 3687 1725 μετὰ
3718 1655 3773 1708 τὸ

2188 1750 2428 1818 νικῆσαι,
2467 1748 2630 1801 πάλιν
2664 1751 2877 1802 ἔπεσον.
2923 1747 3065 1801 Ἀλλ’
3120 1749 3208 1801 ἵνα
3256 1749 3483 1818 ἐνστῆτε
3525 1751 3596 1819 τῇ
3627 1749 3769 1816 νίκη.

496 1859 660 1914 quam
691 1844 856 1914 hiqui
883 1844 1164 1897 victoriam
1194 1849 1640 1913 reportarunt,et
1667 1844 1912 1913 tr0pha:o
1931 1843 2067 1898 clari
2111 1851 2261 1898 sunt.
2301 1842 2451 1898 Multi
2483 1844 2628 1898 enim
2664 1852 2953 1913 postquam
2997 1843 3268 1908 vicerunt,
3333 1858 3561 1898 rursum
3633 1843 3774 1896 ceci-

495 1936 715 1990 derunt.
750 1934 854 1988 Sed
884 1943 942 1988 ut
978 1935 1028 1987 in
1060 1935 1282 1989 victoria
1313 1935 1646 2005 persistatis.

568 2029 658 2095 VI,
703 2029 891 2084 M-IS.
927 2027 1076 2083 State
1108 2029 1274 2098 igitur
1312 2029 1504 2082 lumbis
1543 2029 1726 2083 vestris
1767 2029 2078 2082 circumcin-

2251 2027 2440 2094 Στῆτε
2474 2022 2587 2094 οὖν
2626 2024 3084 2094 περιζωσάμενοι
3117 2023 3232 2090 τὴν
3260 2023 3463 2092 ὀσφὺν
3502 2022 3681 2092 ὑμῶν
3709 2024 3776 2079 ἐν

498 2125 596 2179 etis
627 2123 832 2178 baltlteo
864 2139 954 2192 per
985 2122 1286 2188 veritatem,
1326 2131 1374 2177 et
1411 2121 1585 2175 induti
1621 2122 1887 2176 thoracem
1916 2122 2088 2190 justi-

496 2217 606 2282 tia’,
635 2224 685 2271 et
718 2214 942 2268 calceati
973 2213 1482 2282 pedibus,utparati
1513 2212 1629 2266 sitis
1650 2213 1718 2264 ad
1738 2211 2082 2283 Euangelinm

493 2310 667 2378 pacis,
697 2322 852 2374 super
875 2308 1055 2360 omnia
1084 2315 1358 2374 assumpto
1393 2312 1543 2358 scuto
1568 2304 1712 2372 ﬁdei,
1739 2321 1840 2375 quo
1869 2305 2081 2371 possitis

497 2402 678 2454 omnia
705 2399 894 2468 jacula
923 2397 1053 2452 mali
1079 2397 1222 2452 illius
1255 2397 1422 2466 ignita
1452 2397 1784 2466 exstinguere
1811 2395 2084 2466 :galeam—

496 2508 594 2561 que
619 2492 875 2543 salutaris
906 2487 1235 2556 accipiendo,
1267 2498 1314 2543 et
1337 2487 1575 2559 gladium
1607 2488 1826 2555 spiritus
1851 2487 2082 2556 quodest

496 2583 707 2638 verbum
745 2582 860 2643 Dei,
897 2583 950 2634 in
988 2581 1128 2634 omni
1155 2581 1516 2645 deprecatione
1544 2589 1594 2633 et
1624 2579 2006 2635 obsecratione.

2183 2122 2457 2188 ἀληθείῃ.
2497 2121 2593 2173 καὶ
2628 2117 3027 2187 ἐνδυσάμενοι
3072 2116 3178 2170 τὸν
3229 2118 3466 2184 θώρακα
3525 2116 3646 2185 τῆς
3686 2117 3771 2170 δι-

2185 2213 2538 2280 καιοσύνης,
2595 2210 2694 2264 καὶ
2750 2208 3199 2276 ὑποδυσάμενοι
3252 2209 3397 2275 τοὺς
3447 2209 3648 2274 πόδας
3705 2211 3773 2264 ἐν

2183 2305 2495 2375 ἑτοιμασίᾳ
2553 2304 2658 2358 τοῦ
2711 2303 3084 2371 Εὐαγγελίου
3139 2301 3250 2370 τῆς
3303 2302 3577 2370 εἰρήνης.
3645 2303 3771 2356 Ἐπί

2185 2397 2378 2453 πᾶσιν
2411 2398 2818 2461 ἀναλαϐόντες
2849 2396 2959 2448 τὸν
2998 2395 3216 2462 θυρεὸν
3246 2393 3357 2461 τῆς
3387 2396 3680 2461 πίστεως,
3708 2398 3772 2449 ἐγ

2184 2481 2234 2558 ᾧ
2283 2487 2628 2553 δυνήσεσθε
2674 2485 2870 2539 πάντα
2900 2485 2974 2539 τὰ
3018 2485 3177 2553 ,ϐέλη
3218 2486 3324 2540 τοῦ
3377 2488 3660 2554 πονηροῦ
3706 2489 3769 2541 τὰ

2185 2579 2580 2648 πεπυρωμένα
2617 2578 2854 2640 σϐέσαι,
2887 2577 2984 2631 καὶ
3015 2576 3129 2642 τὴν
3159 2583 3645 2647 περικεφαλαίαν
3673 2579 3769 2633 τεῦ

496 2679 793 2745 σωτηρίου
828 2677 1136 2744 δέξασθαι,
1171 2678 1268 2733 καὶ
1290 2678 1404 2748 τὴν
1425 2677 1732 2750 μάχαιραν
1756 2679 1863 2734 τοῦ
1895 2679 2254 2750 πνεύματος,
2296 2681 2328 2733 ὅ
2357 2680 2488 2735 ἐστι
2541 2679 2711 2750 ῥῆμα
2766 2678 2936 2744 Θεοῦ,
2995 2678 3091 2734 διὰ
3159 2680 3365 2747 πάσης
3421 2677 3767 2748 προσευχῆς

501 2778 603 2833 καί
625 2774 913 2845 δεήσεως.

570 2864 652 2920 Ad
683 2864 882 2919 bellum
917 2865 1239 2925 exhortans.
1286 2864 1525 2935 primum
1555 2863 1812 2920 admonet
1851 2878 2077 2936 compo-

496 2959 598 3012 site
644 2973 706 3011 ac
755 2956 941 3010 debito
972 2957 1166 3011 ordine
1206 2955 1262 3010 in
1305 2957 1425 3011 acie
1454 2966 1622 3013 stare.
1650 2955 1852 3011 Deinde
1881 2971 2077 3011 conse-

499 3058 735 3121 quenter
752 3055 933 3102 armat
960 3065 974 3102 :
1007 3062 1073 3102 ac
1100 3046 1276 3116 primo
1306 3048 1476 3119 cingit
1501 3048 1728 3103 militem
1747 3049 2078 3103 dtllluentem

495 3155 560 3194 ac
594 3138 853 3194 diﬂ‘usum
888 3136 1372 3206 concupiscentiis,
1398 3144 1454 3192 et
1481 3137 1770 3194 habentem
1795 3137 2072 3206 c0gitatio-

496 3245 595 3286 nes
628 3230 683 3284 in
706 3229 933 3284 humum
967 3227 1266 3294 detractas,
1297 3243 1363 3284 ac
1394 3229 1640 3300 reprimit
1674 3229 1944 3299 spirituali
1980 3228 2083 3283 hoc

494 3321 734 3376 baltheo.
768 3339 786 3372 ι
827 3319 1055 3375 Lumbis
1084 3321 1306 3376 vestris.
1344 3340 1362 3374 ι
1401 3321 1869 3386 Quemadmodum
1898 3321 1953 3376 in
1983 3335 2081 3374 na-

493 3413 652 3470 vibus
691 3413 878 3468 carina
924 3428 1046 3483 qua:
1091 3413 1210 3469 loco
1261 3412 1598 3469 fundamenti
1644 3414 1928 3484 cujusdam
1974 3423 2080 3479 est,

494 3503 787 3558 aediﬁcium
814 3519 974 3558 omne
1005 3506 1270 3566 continet.
1305 3505 1376 3557 ita
1411 3513 1465 3560 et
1494 3507 1663 3560 lumbi
1688 3506 1742 3559 in
1774 3505 1947 3560 vobis.
1974 3505 2081 3559 lta-

495 3608 603 3662 que
646 3593 738 3662 qui
774 3592 962 3647 labore
982 3591 1264 3665 defatigati
1297 3602 1448 3660 sunt,
1484 3595 1796 3664 frequenter
1819 3596 2082 3666 appositis

497 3684 574 3740 ibi
621 3683 874 3738 manibus
906 3689 1165 3753 tanquam
1217 3685 1284 3738 ad
1328 3684 1744 3740 {nitidamentum
1783 3687 2079 3756 quoddam,

497 3777 874 3847 requiescunt.
903 3776 1164 3832 Nostrum
1193 3778 1359 3850 igitur
1386 3779 1714 3850 principium
1751 3782 1924 3850 primo
1949 3797 2084 3838 eon-

497 3870 740 3934 stringit,
770 3877 1028 3939 tanquam
1070 3869 1265 3924 anima:
1293 3870 1531 3941 vigorem
1573 3872 1667 3942 qui
1713 3874 1766 3926 in
1809 3874 1966 3929 nobis
1996 3883 2083 3932 est

497 3963 641 4029 quod
675 3959 904 4030 figurate
956 3961 1174 4017 lttmbus
1208 3964 1535 4032 appellavit,
1568 3964 1669 4020 hos
1715 3966 1939 4021 veritate
1969 3966 2080 4023 cir-

497 4052 817 4121 cumcingit.
871 4050 1042 4105 Porro
1092 4054 1293 4108 veritas
1341 4051 1409 4106 ad
1467 4055 1637 4110 multa
1689 4056 2014 4126 intelligitur
2061 4078 2075 4114 :

497 4145 700 4198 veritas
732 4143 1070 4213 dogmatum,
1102 4145 1306 4200 veritas
1333 4145 1456 4200 vitae
1479 4147 1686 4201 Christi
1714 4157 1980 4219 separata
2010 4149 2080 4208 ab

499 4235 776 4306 hypocrisi
846 4233 962 4289 sive
1031 4233 1384 4292 simulatione
1420 4275 1436 4302 ,
1499 4238 1704 4294 veritas
1761 4252 2077 4293 sermonum

496 4326 925 4382 fraudulentiam
958 4341 1023 4379 ac
1053 4327 1237 4381 dolum
1273 4327 1904 4397 abnegautium,veritas
1929 4331 2080 4400 cogi-

497 4420 724 4473 tationis
747 4432 870 4487 quae
908 4417 1046 4470 nihil
1094 4416 1257 4470 habet
1293 4417 1582 4472 adulter-ini
1636 4427 1731 4473 aut
1773 4419 1935 4473 fucati
1971 4420 2079 4473 da:-

495 4526 721 4566 monum
748 4509 996 4566 seminis.
1017 4507 1180 4563 Pales
1210 4517 1390 4563 autem
1418 4519 1676 4579 tanquam
1708 4511 1774 4565 ad
1799 4509 2078 4566 Christum

495 4603 703 4657 referre
759 4600 854 4671 qui
889 4613 1020 4654 vero
1061 4599 1267 4654 veritas
1304 4607 1411 4653 est.
1465 4617 1483 4651 ι
1524 4599 1635 4670 Ego
1675 4615 1823 4665 sum,
1878 4601 2074 4670 inquit,

497 4694 696 4748 veritas
719 4692 784 4756 “,
811 4711 830 4744 ι
864 4705 1025 4760 quem
1057 4691 1220 4745 etiam
1257 4690 1413 4745 indui
1443 4705 1552 4745 non
1584 4693 1937 4762 circumcingi
1977 4695 2076 4747 da-

2263 2863 2386 2921 Ἐπὶ
2418 2863 2652 2935 πόλεμον
2678 2860 3019 2934 προτρέπων,
3045 2859 3108 2913 τὸ
3139 2860 3356 2929 πρῶτον
3393 2861 3454 2911 ὲν
3512 2863 3628 2923 τοῖς
3684 2877 3767 2914 τα-

2183 2957 2390 3018 κτικοῖς
2423 2954 2678 3026 παραινεῖ
2727 2953 2788 3005 τὸ
2840 2955 3034 3022 στῆναι
3076 2951 3374 3012 εὐτάκτως.
3407 2945 3544 3002 Εἶτα
3592 2951 3767 3002 λοιποί

2185 3047 2527 3114 καθοπλίζει,
2563 3046 2658 3099 καὶ
2713 3045 2929 3115 πρῶτον
2978 3043 3212 3108 ζώννυσι
3258 3041 3350 3094 τὸν
3421 3041 3762 3113 διαρῤἔοντα,

2184 3141 2280 3194 καὶ
2311 3137 2705 3208 διακεχυμένον
2737 3138 2858 3198 ταῖς
2890 3134 3210 3205 ἐπιθυμίαις
3265 3135 3360 3187 καὶ
3416 3137 3599 3204 χαμαὶ
3651 3136 3766 3197 τοὺς

2186 3230 2483 3300 λογισμοὺς
2513 3227 2846 3299 συρομένους
2878 3227 3072 3297 ἔχοντα
3107 3225 3471 3296 στρατιώτην,
3510 3227 3605 3278 καὶ
3643 3227 3766 3278 ἀνα-

2188 3323 2398 3376 στέλλει
2430 3325 2495 3392 τῇ
2525 3323 2688 3392 νοητῇ
2716 3319 2887 3390 ταύτῃ
2925 3317 3110 3382 ζώσει.
3140 3335 3158 3368 ι
3200 3317 3312 3386 Τὴν
3334 3317 3516 3386 ὀσφὺν
3544 3318 3716 3387 ὑμῶν.
3741 3336 3760 3369 ι

2188 3416 2399 3485 Ὠσπερ
2421 3413 2516 3467 ἐπὶ
2537 3413 2646 3467 τῶν
2677 3413 2822 3482 νηῶν
2864 3413 2898 3481 ἡ
2930 3411 3123 3480 τρόπις
3161 3411 3223 3463 τὸ
3255 3411 3364 3464 πᾶν
3412 3410 3655 3478 συνέχει,
3686 3410 3766 3463 θε-

2187 3507 2370 3580 μέλιός
2396 3525 2477 3570 τις
2511 3502 2670 3572 οὖσα,
2697 3504 2868 3567 οὕτως
2890 3503 2975 3570 ἐφ’
3001 3501 3157 3572 ὑμῶν
3207 3503 3239 3571 ή
3294 3499 3492 3570 ὀσφύς.
3549 3504 3613 3554 Οἱ
3644 3501 3764 3568 γοῦν

2183 3601 2562 3670 ἁποκαμόντες
2619 3597 2880 3661 πολλάκις
2933 3597 3125 3664 ὥσπερ
3180 3597 3258 3658 εἷς
3313 3612 3440 3649 τινα
3493 3595 3760 3663 θεμέλιον,

2182 3689 2301 3743 ἐκεῖ
2345 3687 2442 3751 τάς
2475 3689 2666 3758 χεῖρας
2721 3684 3079 3749 ἐπιτιθέντες,
3129 3684 3602 3738 ὲπαναπαύοειται.
3660 3685 3761 3750 Τὴν

2179 3782 2360 3836 τοίνυν
2405 3780 2580 3852 ἀρχὴν
2629 3779 2784 3851 ἡμῶν
2817 3779 3035 3846 πρῶτον
3098 3778 3411 3846 συσφίγγει,
3447 3773 3568 3830 οἷον
3595 3777 3682 3830 τὸν
3707 3778 3760 3828 ἐν

2181 3875 2314 3945 ἡμῖν
2343 3874 2496 3928 τόνον
2524 3873 2620 3943 τῆς
2641 3871 2843 3944 ψυχῆς,
2887 3872 2946 3924 ὃν
2983 3870 3256 3940 τροπικῶς
3304 3869 3480 3937 ὀσφὺν
3515 3870 3758 3923 ἐκάλεσε.

2181 3965 2382 4020 Τοῦτον
2434 3969 2499 4036 τῇ
2553 3963 2785 4036 ἀληθείᾳ
2825 3961 3243 4033 περιζώννυσιν.
3309 3961 3376 4015 Ἠ
3429 3961 3485 4014 δὲ
3539 3961 3758 4030 ἀλήθεια

2181 4059 2261 4122 είς
2282 4057 2452 4112 πολλά
2481 4059 2706 4112 νοεῖται.
2756 4055 3013 4126 Ἀλήθεια
3041 4053 3354 4125 δογμάτων,
3385 4052 3622 4122 ἀλήθεια
3649 4055 3759 4125 βίου

2180 4146 2444 4218 χρηστοῦ,
2468 4145 2812 4218 ὑποκρίσεως
2829 4161 2890 4196 κε
2897 4144 3260 4215 χωρισμένου.
3292 4142 3551 4212 Ἀλήθεια
3570 4145 3757 4212 λόγων,

2178 4240 2240 4292 τὸ
2265 4238 2485 4308 δολερὸν
2515 4236 2891 4306 ἀρνουμένων.
2927 4235 3181 4305 Ἀλήθεια
3205 4235 3587 4306 ἐνθυμήσεως,
3619 4237 3759 4290 οὐδὲν

2180 4324 2409 4395 ἐχούσης
2441 4323 2534 4377 τοῦ
2565 4324 2722 4378 νόθου
2761 4325 2854 4378 καὶ
2885 4324 3138 4396 κιϐδήλου
3167 4324 3275 4377 τῶν
3318 4324 3594 4396 δαιμόνων
3634 4329 3760 4379 and.

2182 4434 2298 4488 ρου.
2335 4417 2478 4489 Δύνῃ
2502 4416 2558 4468 δὲ
2582 4415 2658 4479 ὡς
2681 4415 2819 4486 πρὸς
2847 4415 2940 4470 τὸν
2970 4414 3206 4486 Χριστὸν
3228 4415 3445 4485 νοῆσαι,
3476 4416 3571 4469 τὸν
3600 4417 3761 4480 δντως

2178 4509 2456 4580 ἀλήθειαν.
2487 4509 2662 4578 «Ἐγὼ
2682 4509 2790 4579 γάρ
2811 4510 2948 4579 εἰμι,
2971 4509 3156 4579 φησιν,
3176 4509 3211 4580 ἡ
3227 4508 3511 4579 ἀλήθεια.»
3546 4512 3642 4562 Ὃν
3671 4511 3757 4563 καὶ

2180 4602 2514 4666 ὲνδεδῦσθαι,
2543 4603 2602 4656 οὐ
2632 4602 2790 4673 μόνον
2807 4601 3176 4672 περιεζῶσθαι
3213 4604 3325 4664 τοῖς
3351 4601 3663 4672 ἀνθρώποις
3682 4603 3760 4654 εε-

2179 4693 2637 4765 δώρηται.ι⁸’οσοι
2663 4694 2792 4764 γὰρ,
2816 4694 3003 4765 φησὶν,
3021 4697 3099 4757 είς
3118 4693 3354 4763 Χριστὸν
3374 4693 3752 4762 ἐϐαπτίσθητε,

495 4795 609 4840 tum
641 4797 726 4840 est
750 4784 1086 4840 hominibus.
1134 4802 1153 4837 ι
1189 4783 1323 4838 Nam
1360 4793 1651 4854 quotquot,
1674 4785 1769 4850 ait,
1819 4785 1872 4838 in
1913 4785 2075 4840 Chri-

2184 4786 2411 4858 Χριστὸν
2429 4785 2802 4839 ἐνεδύσασθε.»
2821 4814 2890 4824 -—
2913 4803 2931 4836 ι
2954 4786 3056 4838 Τὸν
3090 4784 3316 4856 θώρακα
3350 4788 3453 4855 τῆς
3486 4785 3756 4840 δικαιοσύ-

493 4885 640 4932 stum
686 4877 940 4947 baptizati
1008 4876 1164 4941 estis,
1221 4875 1504 4932 Christum
1551 4876 1899 4957 induistis“.
1943 4895 1961 4928 ι
2006 4907 2076 4920 --

2179 4896 2296 4947 νης.
2311 4879 2442 4931 »Τὸν
2456 4877 2684 4931 καθόλου
2703 4878 2865 4948 φησὶν
2881 4877 3136 4948 ἐνάρετον
3153 4876 3288 4948 βίον.
3305 4877 3503 4948 Θώραξ
3520 4879 3578 4931 δέ
3594 4880 3750 4945 ἐστιν,

499 4987 517 5019 ι
553 4966 850 5024 Thoracem
878 4968 1132 5039 iustitiae.
1163 4986 1180 5020 ι
1212 4967 1320 5038 59
1343 4967 1514 5023 Vitam
1549 4969 1682 5023 dicit
1711 4969 2078 5039 undequaque

2184 4973 2205 5025 ό
2228 4969 2480 5044 σιδηροῦς
2496 4969 2680 5041 χιτών.
2705 4972 2845 5024 «Καὶ
2862 4970 3260 5042 ὑποδυσάμενοι
3278 4972 3404 5034 τοὺς
3421 4971 3610 5034 πόδας.
3647 4991 3664 5024 ι
3687 4972 3749 5024 Ἥ

493 5060 743 5130 probam.
808 5060 902 5113 Est
956 5071 1138 5116 autem
1190 5061 1386 5114 thorax
1445 5059 1623 5116 ferrea
1679 5064 1885 5114 tunica.
1950 5077 1968 5111 ι
2005 5061 2074 5117 Et

2184 5059 2333 5114 τοῦτό
2356 5078 2539 5131 φησιν,
2569 5061 2650 5114 ὅτι
2683 5060 2790 5131 χρὴ
2815 5061 2941 5124 τοὺς
2968 5060 3130 5122 πόδας
3164 5060 3320 5130 ἡμῶν
3349 5063 3602 5131 ἑτοίμους
3621 5057 3750 5116 εῖναι

489 5150 718 5208 eaICeati
772 5148 1026 5219 pedibus.
1088 5169 1108 5202 ι
1168 5155 1278 5204 Aut
1316 5151 1417 5204 hoc
1465 5149 1597 5206 dicit
1643 5150 1786 5220 quod
1828 5158 2076 5218 oporteat

2184 5152 2312 5223 πρὸς
2333 5151 2391 5204 τδ
2408 5151 2906 5220 εὐαγγελίζεσθιω
2929 5149 3016 5214 Ὠς
3030 5151 3219 5222 ὡραῖοι
3235 5151 3366 5220 γὰρ,
3389 5154 3553 5222 φησιν
3567 5154 3643 5216 ,οἱ
3663 5152 3749 5204 πό-

490 5249 659 5316 pe.!es
699 5251 918 5297 nostros
947 5254 1166 5312 paratos
1199 5259 1318 5298 esse
1356 5244 1421 5298 ad
1454 5243 1858 5312 prmdicandum
1894 5244 2072 5298 Evan-

2184 5244 2260 5309 53;
2284 5245 2393 5298 τῶν
2422 5244 2923 5317 εὐαγγελιζομένων
2951 5245 3228 5316 εἰρήνην.»
3255 5245 3326 5296 Ἦ
3349 5245 3432 5297 ὅτι
3463 5247 3520 5298 ὲν
3558 5245 3747 5313 ἑτοίμῳ

489 5337 718 5407 gelium.
753 5337 843 5390 Ait
869 5339 1012 5390 enim
1047 5350 1060 5386 :
1105 5351 1124 5384 ι
1159 5332 1331 5399 Quam
1372 5334 1582 5401 pulchri
1616 5339 1777 5404 pedes
1799 5335 2074 5405 evangeli-

487 5430 732 5485 zantium
764 5443 949 5500 pacem
981 5425 1051 5480 δ’.
1091 5444 1110 5478 ι
1157 5428 1264 5479 Aut
1304 5426 1445 5494 quod
1483 5426 1715 5496 prompti
1758 5442 1880 5482 esse
1906 5427 2072 5482 debe-

490 5537 634 5583 mus,
672 5521 949 5588 vitamque
998 5518 1204 5573 habere
1241 5518 1384 5572 sicut
1419 5518 1669 5572 hortatur
1695 5517 2072 5588 Evangelium.

498 5632 516 5664 ι
571 5612 1026 5684 Praeparationem
1089 5611 1274 5666 cordis
1330 5625 1560 5676 eorum,
1621 5611 1697 5665 ait
1752 5613 2068 5683 Propheta,

586 5781 632 5815 “'
647 5781 806 5839 Joan.
839 5801 948 5854 xw,
968 5786 1020 5840 ϐ.

1136 5788 1179 5819 ⁸⁸
1211 5785 1387 5844 Galat.
1425 5803 1494 5859 Ill.
1532 5787 1622 5843 ‘27.
1703 5789 1743 5820 ⁵³
1795 5788 1897 5846 lsa.
1929 5805 2024 5855 ιιι,
2063 5789 2113 5844 7.

2175 5335 2466 5407 ὀφείλομεν
2510 5332 2652 5390 εἶναι
2701 5338 2797 5392 καὶ
2853 5336 2968 5408 βίον
3009 5337 3174 5407 ἔχειν,
3209 5336 3284 5397 ὡς
3331 5327 3392 5389 τι
3425 5336 3745 5404 Εὑαγγέλιον

2178 5426 2493 5496 ὑφηγεῖται.
2543 5445 2562 5478 ι
2599 5427 2714 5496 Τὴν
2762 5429 2871 5498 γὰρ
2910 5426 3231 5496 ἑτοιμασίαν
3259 5426 3359 5497 τῆς
3397 5427 3626 5504 καρδίας
3651 5425 3746 5478 αὖ·

2175 5518 2306 5581 τῶν,
2341 5520 2505 5588 φησὶν
2553 5520 2580 5571 ό
2636 5519 2951 5590 Προφήτης,
3005 5520 3301 5590 προσέσχε,
3353 5517 3414 5571 τὸ
3466 5515 3560 5580 οὖς
3583 5534 3692 5570 σου.
3722 5536 3741 5568 ι

2176 5630 2271 5662 -ι
2306 5610 2412 5664 Τοῦ
2448 5610 2784 5679 Εὑαγγελίου
2813 5610 2912 5682 τῆς
2946 5611 3192 5684 εἰρήνης.
3224 5629 3242 5662 ι
3276 5609 3350 5665 Τὸ
3373 5609 3480 5680 γὰρ
3509 5607 3745 5676 Εὐιγγέο
