4000 6600
277 372 416 436 1253

1300 373 1687 438 COMMENT.
1721 375 1800 434 IN
1841 376 2077 436 EI’IST.
2118 379 2218 437 AD
2257 379 2529 438 EPIIES.

3392 376 3532 440 12M.

265 489 406 554 λιον,
441 486 664 557 εἰρήνην
712 485 811 556 μὲν
850 487 988 558 πρὸς
1024 485 1113 540 τὸν
1144 485 1277 540 Θεὸν
1310 491 1475 554 ποιεῖ,
1519 488 1756 559 πόλεμον
1785 489 1841 542 δὲ

1961 491 2324 548 iudivitauris
2353 502 2443 546 tua
2469 493 2534 547 "'.
2570 510 2589 543 ι
2618 520 2680 532 -
2703 510 2721 543 ι
2761 489 3114 562 Evangelium
3149 491 3320 561 pacis.
3355 511 3374 545 ι
3395 493 3530 546 Nam

269 581 411 653 πρὸς
453 579 581 639 τοὺς
627 577 906 648 δαίμονας.
953 595 972 629 ι
1015 579 1137 631 Ἐπὶ
1177 581 1344 632 πᾶσιν
1399 579 1781 644 ἀναλαϐόντες.
1824 599 1842 631 ι

269 675 367 726 Δεῖ
414 669 526 738 γὰρ
574 673 757 723 ἐκεῖνα
803 669 1189 740 προηγεῖσθαι.
1223 672 1414 724 Πίστιν
1442 672 1499 724 δέ
1535 689 1690 742 φησι,
1748 673 1849 742 τὴν

268 763 542 833 εἰλικρινῆ
598 762 694 817 καὶ⁵
745 762 1031 833 διάπυρον,
1083 761 1214 831 περὶ
1250 756 1318 832 ἦς
1354 765 1382 814 ὁ
1425 761 1626 832 Κύριός
1660 777 1845 832 φησιν,

275 876 294 908 ι
349 857 473 909 Ἐὰν
517 855 678 926 ἔχητε
737 857 920 908 πίστιν
956 854 1032 918 ὡς
1057 855 1256 908 κόκκον
1317 856 1613 920 σινάπεως,
1671 857 1848 925 ἐρεῖτε

265 946 353 1016 τῷ
371 946 485 1015 ὄρει
507 945 703 1016 τούτῳ,
724 944 1030 1013 Μετάϐηθι,
1061 945 1156 998 καὶ
1191 944 1581 1014 μεταϐήσεται.
1619 963 1742 997 ι-ι
1767 944 1850 998 Τὰ

269 1035 404 1106 βέλη
453 1034 547 1089 τοῦ
598 1036 862 1106 πονηροῦ.
899 1055 918 1090 ι
982 1035 1121 1105 Βέλη
1172 1037 1326 1106 φησι,
1381 1037 1480 1099 τὰς
1527 1037 1846 1106 ἐπιθυμίας,

265 1130 398 1192 τοὺς
439 1128 757 1197 λογισμοὺς,
816 1128 944 1190 τοὺς
982 1127 1346 1198 πειρασμούς.
1403 1127 1602 1190 Καλῶς
1650 1129 1707 1181 δὲ
1763 1127 1844 1194 τὸ,

266 1220 679 1291 Πεπυρωμένα.
734 1219 995 1272 Τοιαῦται
1043 1219 1152 1289 γὰρ
1200 1221 1255 1272 αἱ
1295 1220 1485 1273 ἄτοποι
1535 1218 1845 1289 ἐπιθυμίαι.

269 1331 290 1363 ι
333 1313 442 1366 Καὶ
474 1313 573 1382 τὴν
608 1313 1043 1383 περικεφαλαίαν
1067 1313 1164 1367 τοῦ
1197 1311 1488 1385 σωτηρίου.
1533 1332 1552 1364 ι
1596 1311 1705 1381 Τῆς
1743 1330 1845 1364 σω-

264 1407 468 1476 τηρίας
502 1405 677 1476 ὑμῶν,
710 1407 978 1471 τουτέστι,
1033 1409 1133 1474 τῆς
1178 1405 1412 1467 ἐλπίδος.
1459 1405 1532 1457 Τὸ
1584 1405 1664 1469 δὲ,
1700 1425 1718 1456 ι
1754 1404 1850 1458 Δέ-

263 1499 537 1564 Essem,»
603 1493 716 1552 οἷον
764 1499 993 1569 φορέσαι
1042 1500 1135 1554 καὶ
1188 1499 1446 1563 δέξασθαι
1494 1500 1558 1567 τῇ
1609 1498 1843 1568 κεφαλῇ.

269 1609 290 1642 ι
338 1592 445 1644 Καὶ
483 1591 583 1661 τὴν
621 1590 894 1660 μάχαιραν
921 1590 1017 1642 τοῦ
1051 1590 1380 1659 πνεύματος.
1420 1608 1439 1640 ι
1475 1587 1542 1641 Ἥ
1573 1588 1632 1641 τὸ
1676 1588 1845 1642 πνεῦ-

266 1702 353 1754 μα
376 1683 825 1754 περιφραστικῶς
856 1683 1068 1753 εἴρηκε,
1121 1684 1209 1736 διὰ
1257 1683 1316 1734 τὸ
1363 1682 1528 1753 τομὸν
1565 1684 1659 1736 καὶ
1693 1699 1847 1752 μερι-

1954 583 2308 654 Evangelium
2345 601 2530 654 pacem
2565 584 2782 654 quidetn
2808 601 2936 654 erga
2951 584 3120 639 Deum
3151 585 3302 649 facit,
3331 585 3530 640 bellum

1952 689 2082 728 vero
2104 675 2168 728 ad
2180 690 2397 730 versum
2433 675 2731 733 daemones.
2764 695 2782 727 ι
2804 675 2980 745 Super
2996 677 3179 731 omnia
3195 685 3476 746 assumpto
3512 697 3530 728 ι

1952 763 2179 834 Oportet
2193 767 2334 819 enim
2357 768 2446 820 illa
2464 767 2803 834 jprarcedere.
2837 767 3024 824 Fidem
3044 777 3224 825 autem
3257 770 3387 823 dicit
3417 770 3536 824 sin-

1951 870 2133 911 ceram
2149 870 2213 910 ac
2239 856 2560 922 ferventem,
2591 858 2659 913 de
2682 873 2787 928 Qua
2803 862 2880 912 ait
2902 859 3162 916 Dominus
3191 876 3236 914 ιι
3258 860 3315 914 Si
3332 861 3536 915 habea-

1954 949 2022 1002 tis
2051 947 2210 1001 fidem
2239 949 2382 1002 sicut
2417 965 2647 1018 granum
2678 950 2911 1020 sinapis,
2942 951 3137 1006 dicetis
3173 953 3344 1006 monti
3367 953 3492 1006 huic
3521 975 3533 1007 :

1952 1037 2171 1104 Transi,
2193 1047 2248 1095 et
2267 1041 2601 1096 transibit“.
2618 1042 2938 1097 i—rJacula
2959 1045 3082 1097 tnali
3116 1045 3283 1100 illius.
3310 1064 3327 1095 ι
3348 1045 3536 1100 Jacula

1949 1137 2108 1184 vocat
2154 1132 2634 1200 concupiscentias
2665 1174 2680 1198 ,
2739 1135 3141 1204 cogitationes,
3182 1138 3532 1190 tentationes.

1951 1221 2018 1274 Et
2052 1233 2200 1278 recte
2230 1223 2330 1286 ait,
2359 1224 2554 1292 Ignita.
2595 1223 2752 1279 Tales
2790 1227 2936 1280 enim
2973 1235 3102 1280 sunt
3137 1227 3384 1281 absurdm
3409 1243 3539 1281 con-

1949 1315 2324 1383 cupiscentia).
2361 1336 2378 1368 ι
2399 1314 2730 1386 Galeamque
2749 1319 3024 1373 salutaris.
3041 1338 3059 1371 ι
3089 1317 3290 1375 Salutis
3313 1330 3536 1382 nostraa,

1951 1405 2054 1461 hoc
2080 1419 2162 1463 est
2191 1409 2329 1478 spei.
2361 1409 2520 1476 Quod
2553 1423 2736 1470 autem
2770 1412 2867 1476 ait,
2906 1431 2923 1462 ι
2964 1413 3350 1483 Suscipiendo,
3389 1435 3406 1466 ι
3433 1414 3538 1467 huc

1947 1507 2052 1562 est,
2079 1500 2398 1570 accipiendo
2428 1508 2482 1553 et
2520 1502 2787 1572 gestando
2815 1504 2869 1556 in
2894 1504 3089 1572 capite.
3155 1523 3173 1554 ι
3205 1505 3266 1557 Ει
3299 1505 3537 1574 gladium

1949 1589 2197 1658 Spiritus.
2242 1609 2262 1641 ι
2299 1590 2410 1645 Aut
2458 1591 2763 1662 periphrasi
2811 1593 2948 1647 dixit
3008 1594 3259 1663 spiritum
3317 1595 3537 1664 ipsum,

1951 1687 2177 1748 propter
2217 1679 2540 1735 incisionem
2593 1697 2691 1735 seu
2749 1682 3075 1738 divisionem
3129 1687 3538 1740 contrariorum

265 1773 456 1826 στικὸν
493 1773 602 1826 τῶν
655 1772 914 1826 ἐναντίων
971 1773 1160 1837 ἕξεων,
1221 1772 1252 1841 ἢ
1316 1770 1414 1842 τὴν
1468 1770 1845 1841 πνευματικὴν

1961 1771 2241 1824 habituum
2279 1788 2292 1824 :
2352 1781 2444 1826 aut
2479 1773 2822 1841 spiritualem
2858 1775 3023 1828 vitam
3059 1790 3123 1830 ac
3162 1779 3543 1831 conversatio-

265 1863 419 1934 ζωήν
449 1865 542 1917 καὶ
590 1863 887 1930 πολιτείαν,
937 1864 1061 1934 ἥτις
1117 1863 1191 1924 ὡς
1245 1863 1491 1933 μάχαιρα
1540 1863 1847 1932 ἐνεργήσει,

265 1959 430 2028 φησι,
463 1958 604 2013 κατᾶ
632 1958 742 2010 τῶν
776 1956 981 2027 νοητῶν
1012 1957 1242 2027 ἐχθρῶν.
1291 1958 1363 2010 Ἦ
1393 1958 1473 2010 ὅτι
1515 1958 1584 2011 τὰ
1605 1974 1850 2025 πνευμα-

262 2051 401 2102 τικὰ
419 2089 435 2116 ,
477 2049 612 2118 φησὶ
633 2090 650 2114 ,
705 2049 1038 2120 χαρίσματα,
1075 2047 1219 2117 ἆπερ
1240 2048 1356 2102 ἐστὶ
1380 2049 1467 2103 διὰ
1494 2051 1734 2120 ῥήματος
1758 2049 1849 2102 καὶ

264 2140 691 2209 προστάγματος
717 2140 876 2194 Θεοῦ.
903 2169 969 2180 —-
987 2138 1320 2213 [OIKOYAL]
1339 2143 1405 2192 Ἢ
1435 2139 1706 2212 τὸ,”οπερ
1735 2139 1850 2193 ιέστλ⁵

267 2231 425 2301 ῥῆμα
455 2229 611 2295 Θεοῦ,
646 2229 723 2299 τῷ
746 2231 897 2283 κάτω
927 2231 1274 2295 συζευκτὲον,
1306 2231 1392 2283 ἵνα
1472 2230 1848 2301 οῦτως,”οπερ

266 2319 390 2370 ἐστὶ
420 2319 572 2388 ρἧα
602 2318 739 2373 Θεοῦ
791 2319 886 2372 καὶ
935 2320 1288 2391 πρόσταγμα,
1323 2321 1502 2386 τοῦτο,
1543 2322 1696 2391 φησι,
1730 2338 1849 2376 ποι-

266 2414 405 2467 εῖτε.
466 2415 663 2477 Ποῖον;
714 2412 814 2464 Διὰ
872 2411 1055 2478 πάσης
1084 2415 1396 2483 προσευχῆς
1455 2415 1549 2466 καὶ
1608 2413 1848 2483 δεήσεως

268 2505 700 2575 προσευχόμενοι
737 2505 824 2557 ἵνα
850 2500 970 2575 ἦτε,
1003 2505 1188 2574 φησίν.
1231 2506 1303 2558 Ἢ
1337 2507 1480 2559 κατὰ
1514 2505 1574 2558 τὸ
1607 2507 1849 2576 ἐνεργεῖν

269 2599 372 2651 καὶ
404 2597 623 2666 τέμνειν
652 2598 720 2650 τὰ
767 2597 1117 2665 πνευματικὰ
1148 2598 1486 2668 χαρίσματα,
1533 2598 1684 2667 ρἧἀ
1731 2599 1846 2653 ἐστι

266 2687 427 2741 Θεοῦ.
456 2687 732 2757 Τμητικδν
763 2687 870 2758 γὰρ
901 2688 960 2740 τὸ
1000 2689 1150 2758 ῥῆμα
1175 2674 1267 2742 τοῦ
1303 2689 1458 2744 Θεοῦ.
1480 2691 1679 2755 Ὀὕτως
1709 2695 1842 2762 μᾶλ-

267 2781 362 2832 λον
400 2781 492 2834 καὶ
525 2782 552 2833 ὁ
614 2782 889 2853 μακάριος
958 2781 1234 2851 Ἰωάννης.
1286 2783 1384 2835 Διὰ
1436 2785 1544 2852 γὰρ
1602 2786 1847 2855 ῥήματος

267 2871 409 2922 Θεοῦ
447 2871 754 2924 ἐπετελεῖτο
810 2872 878 2924 τὰ
915 2871 1250 2941 χαρίσματα.
1310 2891 1328 2923 ι
1360 2875 1474 2927 Πᾶν
1513 2875 1622 2945 γὰρ
1672 2876 1700 2928 ὃ
1753 2877 1846 2928 ἐὰν

269 2963 556 3033 αἰτήσητε,
585 2962 770 3032 φησὶν,
792 2963 848 3014 ἐν
893 2963 971 3032 τῷ
1022 2963 1248 3034 ὀνόματί
1292 2982 1415 3035 μου,
1448 2964 1607 3019 δώσει
1640 2969 1790 3037 ὑμῖν,
1822 2987 1840 3020 ι

269 3054 438 3124 φησὶν
476 3056 504 3107 ὁ
539 3055 796 3125 Χριστός.

342 3150 823 3217 Προσευχόμενοι
865 3148 935 3200 ἐν
977 3147 1157 3202 παντί
1205 3147 1385 3216 καιρῷ
1426 3149 1496 3202 ἐν
1531 3150 1843 3219 πνεύματι,
1885 3189 1929 3248 c

269 3239 369 3292 καὶ
395 3240 483 3303 είς
505 3240 650 3292 αὐτὸ
679 3237 854 3293 τοῦτο
883 3239 1334 3308 ἀγρυπνοῦντες
1359 3239 1428 3292 ἐν
1457 3239 1624 3307 πάσῃ
1669 3254 1858 3308 προσ-

269 3331 624 3399 καρτερήσει
687 3331 784 3383 καὶ
817 3330 1023 3397 δεήσει
1069 3333 1201 3398 περὶ
1235 3329 1477 3384 πάντων
1521 3331 1638 3385 τῶν
1675 3333 1859 3396 ἁγίων

273 3426 372 3480 καὶ
399 3425 546 3492 ὑπὲρ
579 3424 746 3493 ἐμοῦ,
779 3425 878 3477 ἵνα
901 3441 1003 3493 μοι
1042 3426 1243 3491 δοθείη
1291 3426 1473 3492 λόγος
1517 3424 1587 3478 ἐν
1628 3426 1858 3490 ἀνοίξει

271 3519 382 3574 τοῦ
411 3518 709 3587 στόματός
743 3535 864 3586 μου
907 3518 976 3572 ἐν
1005 3518 1314 3586 παρρησίᾳ
1345 3519 1629 3587 γνωρίσαι
1653 3519 1719 3572 τὸ
1743 3538 1858 3588 μυ-

273 3613 528 3679 στήριον
573 3610 680 3664 τοῦ
709 3612 1104 3680 Εὐαηδελίου,
1139 3610 1293 3677 ὑπὲρ
1339 3607 1411 3667 οὗ
1445 3613 1753 3680 πρεσϐεύω
1790 3612 1859 3667 ἐν

274 3706 514 3768 ἁλύσει,
547 3705 648 3758 ἵνα
675 3704 746 3757 ἐν
776 3702 937 3771 αὐτῷ
983 3703 1489 3774 παρρησιάσωμαι
1538 3705 1620 3771 ὡς
1660 3703 1754 3758 δεῖ
1781 3721 1859 3774 με

273 3797 567 3867 λαλῆσαι.

347 3892 501 3944 Μετὰ
535 3889 594 3942 τὺ
625 3887 952 3944 καθοπλίσαι
974 3887 1066 3942 τὸν
1092 3887 1338 3957 βασιλέα,
1372 3887 1561 3941 λοιπὸν
1585 3888 1743 3941 καλεῖ
1772 3889 1857 3941 ἵνα

275 3983 353 4054 δῷ
405 3988 582 4053 χεῖρα.
646 4000 662 4033 ι
711 3981 798 4033 Ἐν
849 3980 1142 4050 πνεύματι.
1186 3999 1204 4032 ι
1243 3980 1335 4049 Μὴ
1369 3981 1425 4032 ὲν
1459 3979 1854 4048 βαττοὶογίαις.

283 4095 301 4127 ι
347 4075 456 4130 Καὶ
490 4077 570 4135 εἰς
614 4073 744 4126 αὐτὸ
773 4070 1202 4142 ἀγρυπνοῦντες.
1242 4090 1261 4122 ι
1300 4071 1504 4140 Μηδὲν,
1566 4072 1722 4140 φησὶ,
1761 4071 1859 4145 ῥᾴ-

277 4166 514 4236 θυμονῆ
549 4165 916 4235 ἠμελημένον.
955 4182 973 4216 ι
1017 4163 1128 4216 Καὶ
1181 4162 1324 4232 ὑπὲρ
1371 4160 1558 4232 ἐμοῦ.»
1607 4162 1716 4214 Καὶ
1751 4165 1857 4232 γὰρ

275 4261 374 4314 καὶ
394 4260 484 4312 τὸν
510 4260 733 4329 Πέτρον,
768 4257 961 4327 φησιν,
996 4258 1030 4327 ή
1060 4254 1194 4325 εὐχὴ
1214 4255 1311 4323 τῆς
1349 4253 1673 4324 Ἐκκλησίας
1703 4254 1855 4306 ἔλυσε

273 4352 386 4406 τῶν
433 4351 669 4419 δεσμῶν.
729 4367 746 4400 ι
794 4350 882 4401 Ἐν
943 4347 1146 4413 ἀνοίξει
1193 4345 1288 4399 τοῦ
1347 4347 1615 4416 στόματός
1674 4363 1795 4415 μου.
1832 4364 1850 4396 ι

273 4443 474 4505 Καλῶς
509 4443 590 4507 τὸ,
631 4440 880 4505 Ἀνοίξει.
913 4439 1049 4493 Οὐδὲ
1081 4439 1190 4508 γὰρ
1259 4436 1602 4506 προεμελέτα
1658 4437 1710 4490 τί
1762 4437 1856 4488 λα-

1927 1878 2102 1931 _nem,
2137 1877 2258 1932 quae
2287 1863 2434 1917 velut
2455 1863 2669 1933 εἰδείης
2698 1863 2993 1919 eiiicaciam
3033 1865 3248 1922 habebit
3279 1869 3542 1924 adversus

1957 1955 2277 2024 spirituales
2328 1955 2584 2010 inimicos
2619 1975 2632 2010 :
2675 1965 2770 2010 aut
2794 1958 3114 2025 spiritualia
3152 1959 3331 2030 inquit
3375 1962 3540 2024 dona,

1956 2061 2076 2114 qua:
2109 2053 2238 2100 sunt
2272 2061 2368 2116 per
2398 2046 2620 2102 verbum
2647 2060 2712 2102 ac
2731 2046 2945 2116 jussum
2982 2047 3096 2103 Dei.
3123 2079 3195 2088 —
3218 2052 3343 2106 Aut.
3381 2051 3462 2118 Qu
3506 2053 3540 2108 d

1953 2144 2039 2192 est
2066 2138 2290 2192 verbum
2325 2137 2440 2203 Dei,
2470 2137 2806 2208 jungendqu
2837 2151 2920 2194 est
2960 2142 3338 2211 sequentibus,
3371 2155 3428 2197 ut
3463 2145 3537 2198 sit

1955 2246 2191 2286 sensus:
2245 2230 2400 2296 Quod
2431 2240 2513 2288 est
2551 2233 2771 2287 verbum
2801 2247 2865 2287 ac
2904 2243 3233 2303 praeceptum
3275 2237 3386 2300 Dei,
3439 2239 3539 2292 hoc

1956 2325 2139 2379 faciie.
2165 2324 2449 2390 Quodnam
2477 2325 2606 2379 illud
2633 2325 2760 2380 est?
2787 2324 2858 2379 Ut
2889 2327 3012 2381 sitis
3045 2338 3265 2382 orantes
3299 2344 3394 2397 per
3423 2345 3540 2382 om-

1955 2433 2076 2471 nem
2114 2417 2551 2486 deprecationem
2583 2425 2638 2472 et
2666 2419 2999 2494 orationem.
3030 2419 3136 2471 Aut
3190 2419 3242 2472 in
3296 2435 3360 2474 eo
3391 2422 3538 2491 quod

1953 2517 2037 2562 est
2081 2508 2377 2562 cllicaciam
2417 2508 2619 2564 habere
2651 2524 2715 2563 ac
2756 2525 2944 2565 secare
2979 2511 3285 2579 spiritualia
3343 2515 3482 2565 dnua
3522 2552 3537 2575 ,

1954 2601 2178 2654 vei-bum
2211 2611 2291 2655 est
2323 2599 2416 2655 Dei
2445 2608 2560 2656 :est
2589 2602 2733 2655 enim
2761 2603 2984 2655 verbum
3015 2602 3101 2657 Dei
3129 2604 3443 2658 divisivum.
3462 2607 3538 2658 Ita

1953 2693 2134 2758 potius
2193 2689 2447 2760 intelligit
2497 2706 2716 2760 quoque
2755 2693 2946 2746 beatus
2977 2691 3238 2748 Joannes.
3272 2693 3405 2748 Nam
3449 2711 3543 2764 per

1953 2780 2176 2834 verbum
2210 2780 2298 2834 Dei
2318 2783 2909 2852 perﬁciebinturdona.
2923 2803 2938 2834 ι
2965 2782 3018 2837 Si
3039 2785 3256 2854 quidem
3278 2785 3540 2855 quidquid

1954 2870 2220 2939 petieritis
2241 2886 2338 2941 per
2386 2886 2582 2927 nomen
2628 2887 2807 2927 meum
2834 2873 2984 2953 dabit
3013 2873 3192 2939 vobis,
3224 2892 3244 2926 ι
3281 2877 3357 2929 ait
3381 2875 3539 2930 Chri-

1954 2969 2074 3016 stus
2100 2961 2166 3017 ".

2032 3137 2119 3203 Vl,
2158 3139 2341 3195 18-20.
2376 3140 2602 3197 Orontes
2639 3144 2783 3196 omni
2811 3153 3036 3213 tempore
3070 3143 3122 3197 in
3145 3145 3358 3213 spiritu,
3391 3154 3439 3200 et
3472 3147 3541 3200 ad

1959 3231 2056 3286 hoc
2089 3239 2260 3301 ipsum
2290 3234 2564 3303 vigilantes
2596 3249 2712 3288 cum
2745 3236 2888 3288 omni
2914 3235 3196 3290 sedulitate
3218 3246 3266 3290 et
3297 3237 3544 3306 depreca-

1961 3327 2099 3380 tione
2139 3343 2235 3395 pro
2272 3327 2512 3381 omnibus
2546 3330 2746 3381 sanctis
2773 3337 2822 3381 et
2858 3343 2952 3394 pro
2987 3345 3086 3387 me.
3123 3340 3180 3382 ut
3224 3331 3355 3382 milii
3391 3332 3544 3384 detur

1959 3433 2130 3472 sermo
2168 3419 2223 3470 in
2267 3420 2537 3487 aper-tione
2579 3420 2686 3472 oris
2719 3420 2820 3472 mei
2852 3436 2872 3472 :
2920 3430 2976 3471 ut
3007 3435 3126 3474 cum
3167 3420 3409 3475 libertate
3434 3422 3544 3492 ϐο

1960 3517 2137 3560 notum
2167 3507 2365 3582 faciant
2397 3509 2705 3578 mysterium
2734 3506 3030 3580 Evangelii,
3063 3526 3157 3576 pro
3190 3527 3291 3578 quo
3316 3510 3546 3579 legatio-

1960 3614 2023 3651 ne
2067 3601 2260 3668 [ungor
2303 3601 2358 3651 in
2403 3611 2613 3665 catena,
2669 3611 2726 3654 ut
2775 3601 2829 3655 in
2868 3618 2927 3656 eo
2976 3601 3138 3654 libere
3185 3603 3374 3672 loquar
3407 3603 3544 3656 sicut

1961 3704 2161 3762 oportet
2199 3710 2278 3746 me
2304 3693 2473 3764 loqui.

2032 3871 2328 3940 Postquam
2355 3870 2586 3924 armavit
2615 3885 2817 3939 regem,
2856 3879 3260 3939 consequenter
3285 3878 3446 3925 vocat
3484 3879 3544 3924 ιιι

1959 3963 2046 4018 det
2075 3978 2318 4016 manum.
2360 3981 2377 4012 ι
2415 3960 2470 4014 lu
2507 3961 2724 4030 spiritu.
2767 3979 2785 4010 ι
2821 3960 2941 4014 Non
2973 3961 3023 4013 in
3052 3962 3368 4031 battologiis
3396 4001 3410 4026 ,
3447 3971 3543 4015 aut

1957 4055 2248 4110 verborum
2275 4051 2641 4122 multiloquio.
2700 4069 2718 4102 ι
2756 4050 2821 4103 Et
2859 4052 2924 4105 ad
2952 4051 3052 4105 hoc
3096 4053 3272 4121 ipsum
3314 4053 3546 4122 vigilan-

1959 4155 2062 4201 tes.
2093 4165 2110 4198 ι
2135 4145 2298 4208 Nihil,
2323 4144 2519 4210 inquit,
2557 4158 2723 4212 segne
2763 4153 2854 4195 aut
2900 4143 3228 4210 neglectum.
3283 4161 3302 4193 ι
3342 4141 3405 4194 Et
3448 4158 3546 4212 pro

1959 4254 2064 4291 me.
2105 4255 2122 4288 ›
2165 4237 2376 4292 Etenim
2413 4217 2629 4290 Petrum
2687 4249 2906 4303 quoque
2934 4232 3193 4287 Ecclesia:
3223 4235 3400 4286 oratio
3435 4236 3547 4288 sol-

1957 4330 2036 4382 vit
2076 4344 2104 4382 a
2149 4329 2384 4383 vinculis
2411 4328 2478 4381 “.
2529 4345 2548 4379 ι
2583 4329 2641 4380 ltt
2681 4327 2966 4396 apertione
2996 4325 3110 4381 oris
3149 4325 3274 4379 mei.
3308 4345 3326 4377 ι
3378 4325 3547 4380 Recte

1961 4425 2033 4474 ait
2067 4438 2078 4474 :
2114 4421 2168 4474 In
2194 4421 2495 4491 apertione.
2523 4419 2711 4488 Neque
2728 4418 2874 4473 enim
2903 4417 3387 4486 praemeditabatur
3414 4417 3544 4487 quid

272 4535 453 4606 λήσει,
500 4532 722 4604 Χριστῷ
769 4532 1110 4602 πειθόμενος,
1148 4530 1263 4583 ἀλλ’
1293 4529 1352 4593 ἐξ
1382 4528 1643 4596 ὑπογυίου
1673 4527 1769 4580 καὶ
1802 4529 1853 4581 ὲν

1963 4511 2248 4566 locuturus
2300 4517 2466 4574 esset,
2511 4507 2736 4563 Christo
2790 4507 3177 4575 obtemperans
3209 4505 3252 4537 ⁸⁷
3289 4523 3302 4560 :
3353 4508 3446 4561 sed
3478 4521 3546 4561 ex

270 4628 428 4697 αὐτῴ
443 4627 520 4696 τῷ
546 4625 757 4689 ἀνοῖξαι
783 4625 843 4677 τὸ
873 4624 1065 4692 στόμα,
1085 4621 1285 4690 ὀλὸγος
1314 4621 1532 4692 προῄει.
1569 4620 1687 4673 «Ἐν
1717 4621 1862 4690 παῤ-

274 4718 446 4790 ρησίᾳ
471 4716 760 4786 γνωρίσαι.
801 4713 928 4782 »ηἪ
960 4712 1050 4766 ἵνα
1083 4715 1139 4765 ὲν
1172 4711 1462 4783 παρρησίᾳ
1510 4709 1863 4780 ἀπολογήσω-

277 4827 400 4880 μαι.
470 4809 539 4861 "ll
589 4807 677 4860 ἵνα
739 4803 1201 4873 εὐαγγελίζωμαι.
1279 4821 1297 4854 ι
1346 4801 1518 4871 ’Υπὲρ
1573 4795 1633 4855 οὗ
1731 4817 1864 4869 πρε-

274 4902 509 4957 σϐεύω.»
562 4900 732 4969 ’Υπὲρ
765 4892 826 4952 οῦ
862 4897 1195 4965 Εὑαγγελίου
1226 4894 1517 4966 πρεσϐεύω
1557 4893 1694 4962 πρὸς
1737 4892 1864 4954 τοὺς

271 4994 622 5064 ἀνθρώπους,
685 4991 795 5056 ἵνα,
845 4989 1034 5058 φησιν,
1094 4987 1243 5056 αὑτῴ
1294 4987 1390 5039 καὶ
1442 4987 1555 5048 τοῖς
1603 4985 1658 5037 ὲν
1713 4981 1861 5050 αὑτῷ

271 5086 715 5154 καταλλαγῶσιν.
744 5101 762 5135 ι
813 5081 983 5150 ’Υπὲρ
1025 5077 1266 5151 Χριστοῦ
1305 5079 1413 5148 γὰρ
1439 5117 1455 5142 ,
1511 5075 1645 5145 φησὶ
1673 5115 1687 5140 ,
1737 5090 1864 5144 πρε.

274 5179 567 5250 σϐεύομεν.
595 5196 615 5231 ι
637 5206 706 5218 --
735 5195 754 5228 ι
778 5176 895 5229 ’Ἱνα
925 5177 980 5227 ὲν
1016 5171 1164 5242 αὐτῷ
1201 5169 1694 5242 παρρησιάσωμαι,
1734 5187 1752 5219 ι
1774 5169 1863 5220 Ἑν

271 5277 496 5346 δεσμοῖς
535 5270 625 5345 ἣν,
653 5273 747 5326 καὶ
777 5267 1166 5337 ἀπολογεῖσθαι.
1196 5263 1421 5335 ἔμελλεν
1445 5263 1533 5316 ἴνα
1557 5261 1671 5327 οὖν,
1706 5259 1864 5330 φησὶ,

274 5367 417 5438 μετὰ
449 5364 786 5437 παρρησίας,
819 5362 913 5415 καὶ
955 5357 1128 5422 οὕτως
1167 5358 1240 5420 ὡς
1282 5355 1389 5427 χρὴ
1417 5355 1508 5408 τὸν
1536 5355 1675 5423 ὑπὲρ
1699 5352 1854 5422 τηλι-

271 5459 489 5516 κούτων
522 5457 984 5527 ἀπολογούμενον,
1011 5452 1465 5522 ἀπολογήσωμαι.

347 5637 474 5690 Ἵνα
492 5635 560 5688 δὲ
576 5633 773 5704 είδῆτε
803 5631 900 5686 καί
923 5630 1082 5700 ὑμεῖς
1117 5628 1189 5682 τὰ
1219 5626 1347 5680 κατ’
1376 5623 1482 5694 ἐμὲ
1501 5625 1556 5678 τί
1576 5623 1850 5691 πράσσω,

270 5836 326 5883 v,
351 5819 440 5874 ‘20.

344 5748 390 5820 ξ’
429 5749 572 5806 Psal.
613 5748 745 5815 3,7.
790 5745 840 5778 ’⁵⁸
862 5744 1054 5800 Matth.
1084 5757 1215 5806 xvii,
1262 5739 1347 5794 19.
1426 5739 1468 5770 ⁸³
1503 5737 1660 5793 Joan.
1690 5753 1806 5820 vat,
1843 5739 1853 5791 ‘.

1993 5735 2202 5811 "‘Act.
2245 5749 2338 5801 xu,
2373 5731 2459 5790 Η.
2537 5728 2580 5761 ⁸⁷
2608 5727 2742 5784 Luc.
2770 5742 2882 5790 xxx,
2921 5724 2984 5780 14
3015 5737 3167 5792 seqq.

1964 4603 2216 4672 proximo
2245 4608 2300 4655 et
2337 4602 2388 4654 in
2421 4615 2485 4654 eo
2515 4601 2635 4668 ipso
2670 4612 2779 4668 quo
2817 4612 2880 4652 os
2916 4598 3177 4667 aperiret,
3216 4611 3396 4651 sermo
3422 4611 3550 4666 pro-

1965 4695 2211 4748 cedebat.
2247 4710 2268 4744 ι
2305 4691 2375 4747 Ut
2415 4706 2539 4745 cum
2585 4690 2832 4745 libertate
2872 4697 3061 4742 notum
3097 4686 3317 4741 faciam.
3363 4706 3382 4740 ι
3412 4687 3544 4752 Aut,

1969 4785 2040 4840 Ut
2077 4801 2202 4840 cum
2254 4785 2502 4839 libertate
2535 4795 2637 4853 pro
2687 4798 2774 4838 me
2812 4796 3034 4836 causam
3072 4780 3292 4843 dicam;
3326 4791 3417 4834 aut
3445 4780 3548 4835 :Ut

1965 4877 2255 4950 pradicant
2299 4876 2674 4944 Evangelium.
2725 4891 2745 4926 ι
2789 4872 2895 4928 Pro
2947 4887 3058 4942 quo
3109 4871 3378 4941 legatione
3419 4871 3548 4925 iuno

1965 4989 2080 5044 gor.
2125 4992 2141 5025 ι
2179 4972 2284 5026 Pro
2317 4987 2425 5042 quo
2455 4969 2749 5042 Evangelia
2793 4969 3064 5038 legatione
3105 4967 3301 5036 iungor
3345 4967 3413 5020 ad
3449 4969 3548 5021 ho-

1967 5069 2144 5122 mines
2185 5076 2242 5120 ut
2286 5066 2388 5135 ipsi
2437 5074 2492 5121 et
2531 5066 2616 5120 his
2647 5079 2767 5134 qua:
2797 5065 2850 5117 in
2885 5078 2951 5117 eo
2979 5062 3270 5126 habentur,
3300 5061 3549 5116 reconci-

1965 5162 2186 5216 lientur.
2252 5177 2270 5210 ι
2323 5158 2458 5212 Nam
2509 5173 2608 5228 pro
2667 5156 2925 5220 Christo,
2990 5154 3208 5224 inquit,
3277 5153 3549 5223 legatione

1964 5253 2246 5324 fungimur
2277 5251 2343 5304 ⁸⁸.
2385 5269 2402 5302 ι
2448 5280 2517 5289 -
2559 5267 2577 5301 ι
2636 5247 2701 5302 Ut
2745 5248 2798 5301 in
2846 5262 2911 5302 eo
2949 5247 3118 5302 libere
3167 5247 3378 5316 loquar.
3423 5263 3443 5296 ι
3487 5244 3545 5298 In

1967 5346 2205 5400 vinculis
2226 5353 2345 5398 erat
2374 5353 2426 5398 et
2459 5358 2558 5411 pro
2586 5357 2643 5397 se
2678 5355 3066 5410 responsurus.
3110 5337 3182 5393 Ut
3224 5338 3389 5406 igitur
3420 5351 3546 5390 cum

1965 5441 2234 5502 libertate,
2262 5436 2470 5506 inquit,
2498 5449 2581 5488 me
2610 5449 2830 5503 purgem
2857 5473 2870 5496 ,
2902 5441 2955 5487 et
2982 5433 3051 5485 ita
3083 5441 3142 5484 ut
3171 5435 3382 5497 oportet
3420 5441 3545 5481 eum

1963 5532 2054 5603 qui
2092 5528 2402 5598 hujusmodi
2435 5527 2503 5581 de
2538 5527 2703 5580 rebus
2728 5540 2951 5579 causam
2984 5524 3231 5577 dicturus
3262 5527 3366 5572 est.

2040 5617 2127 5681 Vl,
2154 5615 2345 5670 ειοὶι.
2378 5612 2442 5669 Ut
2469 5623 2645 5669 autem
2681 5613 2862 5668 sciatis
2887 5621 2934 5665 et
2963 5626 3050 5664 vos
3077 5623 3192 5677 qua:
3223 5608 3291 5660 ad
3325 5623 3400 5659 me
3425 5621 3549 5675 ρεγ-

3272 5719 3318 5755 ⁴⁸
3347 5721 3385 5775 ll
3419 5721 3544 5806 tior.
