4000 6546
258 248 394 320 12:37

1217 254 1598 318 COMMENT.
1642 253 1725 316 IN
1760 253 2003 318 EPIST.
2042 227 2141 316 ito
2177 251 2463 317 PHILIP.

3381 242 3520 311 1258

253 364 546 429 titul-2151M.
576 365 922 422 ἀποδεικνύει
946 367 1122 440 ἀργὴν
1158 371 1487 441 γεγενῆσθαι
1518 373 1700 425 λοιπον
1743 369 1840 441 τὴν

1960 371 2026 425 iit
2060 373 2291 441 posthac
2325 369 2558 425 otiosam
2595 365 2793 422 factam
2842 377 2966 421 esse
3011 361 3519 426 circumcisioncm,

262 457 578 528 περιτομὴν,
605 458 899 528 λαμϐάνων
929 459 1022 528 ἀφ’
1054 459 1248 513 ἑαυτοῦ
1274 461 1336 514 τὸ
1359 461 1718 532 παράδειγμα
1747 463 1839 514 καὶ

1960 464 2253 533 exemplum
2292 477 2321 515 a
2346 461 2529 532 seipse
2560 472 2786 516 sumens
2809 471 2874 512 ac
2905 456 3134 511 dicens:
3182 453 3304 508 llatc
3336 453 3521 506 omnia

260 546 454 615 λέγων,
502 548 607 612 ὅτι,
646 548 832 604 Ταῦτα
872 553 1051 606 πάντα
1096 551 1314 623 ἥγημαι
1365 553 1455 607 διὰ
1487 553 1578 606 τὸν
1607 552 1841 623 Χριστὸν

1960 561 2168 622 ποριεῖ
2224 551 2503 606 Christum
2566 549 2699 604 duxi
2751 562 2876 604 esse
2925 545 3343 601 detrimentum.
3398 541 3525 596 Ideo

256 639 486 710 ζημίαν.
522 641 616 694 Διὸ
654 642 751 696 καὶ
774 642 902 706 τοὺς
932 643 1036 713 μὲν
1059 643 1410 707 διδάσκοντας
1431 644 1514 698 ἔτι
1539 642 1844 715 περιτομὴν

1960 639 2228 694 :tiam'ubi
2262 637 2588 717 perStrinxit
2619 651 2715 695 eos
2755 638 2852 708 qui
2903 637 3091 692 adhuc
3138 633 3526 690 circumcisio-

257 732 354 785 καὶ
381 730 637 796 θέλοντας
679 733 877 798 αὐτοὺς
903 734 1186 805 ἀπατῆσαι
1216 735 1576 806 μεμψάμενος
1621 736 1717 788 καὶ
1764 738 1844 787 εί-

259 823 378 879 πὼν
407 823 638 896 ἐχθροὺς
663 826 863 891 αὐτοὺς
891 823 1034 882 εἶναι
1074 827 1170 881 τοῦ
1204 829 1466 900 Χριστοῦ,
1519 828 1844 899 ἀποδέχεται

255 916 656 985 Φιλιππησίους
703 918 794 971 διὰ
823 917 923 990 τὴν
955 920 1091 991 πρὸς
1121 920 1284 973 αὑτὸν
1309 921 1406 990 τῆς
1442 919 1727 983 κοινωνίας
1756 919 1846 972 δό-

261 1025 371 1064 σιν.
422 1009 535 1063 Καὶ
591 1011 1047 1083 προτρεψάμενος
1079 1013 1243 1066 πάλιν
1275 1015 1355 1076 εἰς
1385 1013 1456 1065 τὰ
1484 1013 1589 1084 ἤθη
1626 1012 1842 1076 αὐτοὺς,

257 1099 460 1153 τελειοῖ
485 1100 582 1169 τὴν
612 1099 956 1174 Ἐπιστολὴν.

832 1239 1298 1296 ΘΕΟΔΩΙἮΤΟΥ.

337 1358 402 1410 0i
430 1356 792 1427 Φιλιππήσιοι
829 1357 930 1428 τῆς
957 1359 1296 1422 Μακεδονίας
1323 1353 1486 1430 ἦσαν,
1514 1359 1620 1413 ὑπὸ
1649 1360 1848 1430 μητρό-

260 1447 423 1500 πολιν
471 1446 895 1518 Θεσσαλονίκην.
973 1450 1156 1504 Πολλὰ
1211 1452 1268 1505 δὲ
1319 1453 1502 1516 αὐτοῖς
1553 1453 1583 1504 ὁ
1641 1451 1850 1515 Παῦλος

261 1538 482 1610 χρηστὰ
515 1541 809 1610 μαρτυρεῖ.
877 1540 966 1594 Ἐν
1015 1542 1235 1613 δεσμοῖς
1276 1541 1334 1596 δὲ
1383 1541 1483 1607 ὢν,
1514 1542 1722 1613 ἔγραψε
1753 1542 1852 1612 τὴν

275 1631 628 1701 Ἐπιστολὴν.
661 1633 818 1686 Μετὰ
872 1632 982 1706 γὰρ
1031 1634 1132 1704 τὴν
1184 1633 1408 1704 πρώτην
1442 1635 1738 1702 ἀπολογίαν
1784 1630 1852 1705 ἧς

1948 746 2070 787 nem
2101 732 2398 799 docebant,
2452 743 2505 786 et
2539 731 2800 787 volebant
2836 730 2989 802 ipsos
3020 729 3308 790 seducere.
3356 725 3526 781 dixit-

1948 840 2057 896 que
2087 826 2211 881 illos
2253 828 2379 884 esse
2421 825 2630 883 Christi
2677 826 2893 892 hostes,
2949 821 3338 893 Philippenses
3377 832 3528 873 com-

1951 918 2172 972 mendat
2207 925 2430 989 propter
2471 921 2673 974 donum
2707 908 3234 973 communicationis
3271 925 3401 982 erga
3445 908 3530 978 ip-

1951 1027 2111 1064 sum:
2165 1025 2497 1081 rursumque
2538 1026 2633 1066 eos
2663 1010 2729 1064 ad
2779 1023 2962 1064 mores
2989 1007 3341 1072 exhortatus,
3394 1017 3530 1058 con-
3606 1021 3620 1028 -

1951 1103 2118 1156 cludit
2140 1100 2461 1172 Epistulam.

2509 1239 2600 1295 ΤΗ
2610 1239 2974 1298 EODORETI.

2021 1358 2129 1431 63
2152 1358 2534 1430 Philippenses
2550 1358 2726 1428 partis
2741 1366 2899 1415 erant
2914 1354 3246 1412 Macedonian
3264 1351 3533 1421 Metropo-

1953 1452 2045 1505 lim
2071 1452 2335 1507 habentes
2349 1450 2824 1507 Thessalonicam.
2840 1450 3006 1504 Multa
3025 1457 3207 1503 autem
3223 1446 3368 1502 bona
3394 1443 3530 1497 Pau-

1957 1543 2042 1598 lus
2060 1543 2126 1598 de
2147 1543 2282 1612 ipsis
2304 1550 2558 1598 testatur.
2573 1542 2709 1597 Cum
2729 1555 2861 1612 ergo
2876 1541 2930 1594 iu
2946 1539 3182 1594 vinculis
3199 1546 3367 1601 esset,
3398 1534 3536 1589 scri—

1917 1643 1923 1649 ‘
1955 1632 2418 1704 psitEpistolam.
2442 1632 2578 1688 Nam
2612 1643 2736 1703 post
2758 1635 2992 1703 primam
3024 1631 3108 1686 sui
3140 1628 3532 1692 defensionem,

265 1722 522 1795 ἐμνήσθη
548 1724 606 1777 ὲν
634 1726 699 1794 τῇ
737 1723 874 1796 πρὸς
911 1724 1196 1796 Τιμόθεον,
1232 1722 1391 1789 αὖθις
1435 1726 1615 1797 ἐδέθη.
1670 1720 1853 1778 Ἦσαν

1960 1728 2117 1796 cujus
2165 1728 2416 1783 meminit
2446 1727 2500 1782 in
2538 1727 2790 1797 Epistula
2823 1727 2893 1782 ad
2925 1724 3535 1789 Timotheum,rursum

261 1818 326 1871 δὲ
368 1819 416 1871 οἱ
447 1817 810 1888 Φιλιππήσιοι
858 1818 927 1872 δι’
989 1819 1393 1898 Ἐπαφροδίτου
1445 1821 1514 1873 τὰ
1568 1817 1708 1889 πρὸς
1750 1818 1851 1889 τὴν

266 1910 462 1982 χρείαν
501 1910 818 1980 πέμψαντες
860 1911 1032 1981 αὐτῷ,
1077 1912 1135 1965 ὲν
1168 1911 1353 1996 ταυτῷ
1391 1913 1484 1967 καὶ
1519 1912 1853 1981 γνωσόμενοι

263 2004 339 2056 τὰ
365 2001 488 2056 κατ’
511 2003 698 2057 αὐτόν.
735 2003 956 2074 Ἐπειδὴ
984 2003 1040 2056 δὲ
1067 2003 1431 2076 ὲθορυῦοῦντο
1469 2005 1764 2067 ἀκούοντες
1795 2005 1853 2058 ὲν

264 2096 489 2166 δεσμοῖς
519 2092 657 2150 εἶναι
680 2093 774 2150 τὸν
812 2093 1154 2161 διδάσκαλον,
1187 2097 1320 2150 αὐτὸ
1348 2096 1508 2152 τοῦτο
1535 2097 1738 2168 γράφει
1758 2097 1855 2149 αὐ-

265 2189 406 2250 τοῖς,
441 2185 518 2249 ὡς
549 2186 616 2240 τὰ
642 2186 816 2257 δεσμὰ
872 2187 933 2240 οὑ
992 2186 1225 2258 θορύϐου
1273 2189 1534 2258 προξενα,
1575 2189 1753 2258 χαρᾶς
1797 2186 1854 2238 δὲ

270 2278 475 2348 μᾶλλον
507 2277 738 2348 ὠφειλεν
784 2274 948 2343 εἶναι,
989 2279 1078 2334 διὰ
1129 2280 1190 2333 τὸ
1243 2281 1385 2351 ὑπὲρ
1424 2281 1663 2353 Χριστοῦ
1692 2277 1852 2334 εἶναι.

267 2371 628 2426 Καθάπτεται
659 2369 716 2423 δὲ
750 2371 844 2424 καὶ
889 2371 998 2424 τῶν
1060 2371 1352 2438 Ἰουδαίων,
1387 2373 1584 2438 οἵτινες
1618 2374 1676 2426 ἐν
1727 2374 1856 2442 σχή-

271 2480 408 2532 ματι
438 2462 892 2534 Χριστιανισμοῦ,
919 2463 1226 2536 διέφθειρον
1269 2466 1330 2519 τὸ
1374 2467 1658 2535 κήρυγμα.
1703 2466 1858 2520 Μετὰ

263 2554 435 2625 τιμῆς
478 2555 817 2628 δὲνφαίνεται
867 2557 1095 2627 γράφων
1151 2560 1264 2622 τοῖς
1308 2558 1714 2628 Φιλιππησίοις,
1769 2563 1857 2614 ὲν-

261 2648 458 2717 οἱρετοι
511 2627 618 2720 γῖὶρ
671 2643 838 2718 ἦσαν.
882 2647 1149 2702 Ἐνταῦθα
1202 2645 1272 2720 ἦν
1319 2651 1353 2719 ἡ
1411 2650 1855 2722 πορφυροπῶλις.

287 2738 551 2793 Ἐνταῦθα
601 2741 628 2794 ὁ
681 2740 1130 2811 ἀρχισυνάγωγος
1188 2742 1530 2814 ἐπίστευσεν.
1592 2745 1858 2799 Ἐνταῦθα

266 2834 556 2906 ἑτυπτήθη
595 2837 736 2905 μετὰ
769 2834 864 2888 τοῦ
917 2835 1049 2890 Σίλα
1073 2838 1102 2889 ὁ
1127 2834 1337 2899 Παῦλος
1365 2835 1471 2890 ὐπό
1517 2835 1628 2889 τῶν
1662 2853 1859 2906 στρατ-

280 2927 458 2996 ηγῶν,
481 2927 533 2982 οἳ
556 2930 620 2982 ὲκ
671 2932 1032 3000 συναρπαγῆς
1069 2930 1232 2983 αὑτὸν
1274 2931 1672 2998 τυπτήσαντες,
1702 2930 1857 2994 τέλος

268 3021 706 3092 ἀπελογήσαντο.
753 3022 1020 3076 Ἐνταῦθα
1082 3024 1110 3076 ὁ
1155 3022 1502 3093 δεσμοφύλαξ
1557 3021 1856 3087 πιστεύσας

272 3115 372 3166 σὺν
434 3113 512 3184 τῷ
561 3112 700 3184 οἴκῳ
753 3113 919 3167 αὐτοῦ
958 3112 1285 3184 ἐϐαπτίσθη.
1329 3113 1516 3167 Ταῦτα
1565 3115 1748 3169 πάντα
1797 3117 1854 3170 αἱ

269 3202 509 3273 Πράξεις
556 3203 708 3268 φασί.
745 3205 1034 3275 Μαρτυρεῖ
1069 3203 1128 3258 δὲ
1162 3204 1345 3267 αὐτοῖς
1383 3203 1585 3270 πίστιν,
1619 3205 1715 3260 καὶ
1742 3223 1858 3260 κινο

265 3294 460 3360 δύνους
486 3295 625 3366 ὑπὲρ
671 3296 864 3366 αὐτῆς,
905 3297 1002 3350 καί⁸
1054 3300 1192 3367 πρὸς
1244 3297 1496 3352 εὐποιίαν
1539 3298 1854 3370 ἑπιρῤεπῶς

269 3387 439 3460 ἔχειν.
475 3389 554 3440 Δι’
599 3387 636 3440 ἃ.
673 3388 850 3442 πάντα
900 3388 1106 3460 σφόδρα
1149 3389 1321 3459 φιλῶν
1349 3390 1552 3455 αὐτοὺς
1581 3391 1854 3461 φαίνεται.

1956 1819 2161 1890 ligatus
2189 1827 2299 1875 est.
2325 1817 2595 1876 Miseram
2631 1829 2815 1873 autem
2849 1817 2955 1887 ipsi
2992 1815 3379 1886 Philippenses
3415 1826 3536 1882 qum

1957 1909 2062 1980 ipsi
2115 1909 2432 1964 necessaria
2476 1917 2638 1964 erant
2679 1923 2780 1980 per
2829 1907 3270 1978 Epaphroditum
3299 1944 3316 1970 ,
3370 1902 3538 1960 simul

1956 2003 2124 2058 etiam
2184 2011 2242 2057 ut
2283 2010 2684 2074 cognoscerent
2731 2018 2856 2073 qua;
2901 2001 3050 2058 circa
3118 2001 3298 2070 ipsum
3353 2005 3536 2052 erant.

1957 2098 2230 2164 Quoniam
2260 2114 2394 2154 vero
2421 2099 2791 2154 turbabantur
2818 2099 3109 2155 audientes
3143 2104 3538 2168 praeceptorem

1959 2209 2121 2248 suum
2158 2208 2282 2248 csse
2311 2194 2362 2247 in
2393 2194 2627 2248 vinculis
2651 2235 2666 2259 ,
2697 2192 2801 2248 hoc
2829 2193 3006 2262 ipsum
3030 2191 3223 2247 scribit
3254 2191 3357 2254 eis,
3390 2189 3537 2260 quod

1961 2287 2177 2342 vincula
2218 2303 2324 2341 non
2376 2287 2748 2343 turbationem
2795 2285 3182 2349 conciliarent,
3216 2285 3312 2339 sed
3358 2283 3541 2353 potius

1961 2381 2221 2451 gaudium
2272 2379 2474 2435 afferre
2515 2379 2810 2445 deberent,
2855 2393 2922 2434 eo
2968 2378 3113 2448 quod
3139 2383 3361 2448 propter
3382 2374 3541 2430 Chri-
3579 2439 3582 2442 Ι

1961 2481 2109 2529 stum
2141 2473 2532 2528 tolerareutur.
2559 2472 2825 2543 Objurgat
2849 2479 3030 2526 autem
3065 2480 3119 2525 et
3147 2467 3366 2523 Iudaeos
3388 2506 3404 2534 ,
3446 2467 3539 2536 qui

1961 2566 2066 2622 sub
2095 2563 2504 2620 Christianismi
2561 2563 2691 2618 fuco
2739 2562 3183 2632 praedicationem
3222 2572 3542 2628 corrumpe-

1965 2660 2120 2714 bant.
2154 2658 2394 2728 Apparet
2429 2666 2610 2712 autem
2644 2671 2771 2711 cum
2801 2655 3009 2709 honore
3044 2653 3291 2710 scribere
3326 2650 3538 2718 Philip-

1961 2751 2249 2823 pensibus;
2284 2765 2408 2804 nam
2436 2749 2590 2820 probi
2620 2757 2777 2804 erant
2809 2763 2872 2802 ac
2899 2749 3088 2802 virtuti
3121 2745 3313 2820 dediti.
3349 2744 3407 2798 lu
3434 2743 3542 2797 hac

1961 2843 2184 2898 civitate
2237 2849 2358 2897 erat
2428 2856 2802 2912 purpurarum
2851 2839 3144 2894 vendita-ix.
3210 2835 3326 2892 I‘Ioc
3375 2836 3540 2891 etiam

1963 2935 2083 2990 loco
2115 2932 2589 3003 archisynagogus
2639 2930 2898 2987 credidit.
2933 2929 3036 2985 Ilic
3085 2929 3408 2984 verberatus
3457 2934 3543 2981 est

1963 3040 2089 3080 cum
2122 3022 2236 3079 Sila
2267 3022 2472 3080 Paulus
2506 3039 2535 3076 a
2560 3020 3001 3093 magistratibus,
3055 3019 3150 3090 qui
3190 3017 3284 3074 ubi
3320 3023 3538 3087 raptum

1963 3119 2144 3188 ipsum
2164 3116 2547 3172 verberaSSeut
2567 3154 2582 3182 ,
2605 3115 2825 3170 tandem
2853 3129 2978 3169 cum
3002 3111 3361 3169 excusatione
3391 3110 3543 3180 ipsos

1965 3209 2360 3266 absolverunt.
2390 3206 2489 3262 Hic
2515 3216 2705 3262 custos
2745 3206 2987 3261 carceris
3030 3211 3320 3276 postquam
3361 3201 3542 3256 credi-

1965 3303 2137 3360 disset
2176 3317 2296 3358 cum
2331 3301 2541 3355 familia
2571 3315 2674 3354 sua
2714 3300 3031 3370 baptizatus
3063 3306 3167 3354 est.
3200 3295 3328 3352 Haec
3356 3294 3544 3350 omnia

1965 3393 2136 3452 refert
2169 3394 2432 3448 Actorum
2473 3392 2626 3447 liber.
2681 3390 2942 3447 Testatur
2994 3403 3180 3446 autem
3211 3391 3278 3444 de
3325 3387 3432 3443 fide
3461 3389 3544 3455 ip-

271 3495 489 3544 sorum,
524 3490 579 3537 et
611 3481 871 3552 periculis
912 3497 1012 3553 pro
1051 3484 1169 3553 ipsa
1201 3486 1485 3555 susceptis.
1518 3488 1746 3556 etquod
1779 3489 1849 3546 ad
1889 3489 2304 3550 beneficentiam
2342 3487 2602 3556 propensi
2669 3485 2822 3540 sint:
2877 3491 3101 3554 propter
3187 3495 3309 3552 qua:
3359 3478 3542 3536 omnia

269 3583 490 3637 videtur
521 3579 671 3650 ipsos
701 3580 1057 3636 vehementer
1095 3594 1303 3636 amare.

377 3714 750 3783 ΚΕΦΑΛΑΙᾼ
793 3715 931 3768 ΤΗΣ
969 3713 1162 3768 ΠΡΟΣ
1199 3713 1774 3770 ΦΙΛΙΠΠΗΣΙΟΥΣ

841 3786 1290 3840 ΕΠΙΣΤΟΛΗΣ.

271 3898 342 3952 α’.
381 3896 752 3968 Εὐχαριστία
809 3899 962 3968 ὑπὲρ
1007 3897 1120 3968 τῆς
1168 3902 1593 3969 Φιλιππησιων
1617 3901 1856 3970 ἀρετῆς,

342 3992 444 4044 καὶ
471 3992 625 4061 εὐχὴ
661 3992 1042 4058 τελειώσεως.

271 4083 339 4152 β’.
375 4085 664 4153 Διήτησις
693 4083 804 4150 τῆς
843 4083 1061 4138 ἑαυτοῦ
1097 4083 1392 4155 διαγωγῆς
1423 4084 1845 4154 ἀγωνιστικῆς,

342 4175 442 4228 καὶ
460 4175 586 4244 ’τῆς
619 4176 972 4244 προθυμίας.

268 4275 341 4336 γ’,
365 4268 728 4337 Παραίνεσις
750 4267 862 4338 τῆς
893 4265 1044 4322 κατὰ
1076 4267 1228 4324 Θεὸν
1255 4268 1581 4334 πολιτείας,
1617 4267 1716 4323 καὶ
1743 4267 1854 4336 τῆς

339 4361 553 4416 ἐνθέου
591 4360 761 4430 ζωῆς.

267 4450 340 4507 δ’.
373 4452 517 4520 Περὶ
575 4433 854 4523 Τιμοθέου
908 4451 1010 4508 καὶ
1091 4453 1539 4524 Ἐπαφροδίτου,
1589 4452 1698 4518 οὓς
1749 4452 1860 4508 ὰπ-

340 4545 578 4600 ἐστειλε
607 4547 758 4615 πρὸς
786 4549 1029 4615 αὐτούς.
1215 4536 1218 4540 ’
1267 4551 1276 4578 κ
1311 4535 1315 4538 ‘

266 4638 335 4692 ε’.
367 4639 511 4707 Περὶ
557 4641 967 4710 πνευματικοῦ
995 4641 1143 4707 ,βίου
1168 4625 1385 4713 τοῦᾟιὴ
1413 4643 1496 4710 ὡς
1543 4643 1614 4697 ἐν
1661 4641 1862 4711 σαρκί,

253 4754 276 4762 -
343 4730 414 4798 ὅς
443 4732 576 4786 ἐστι
607 4733 863 4804 μίμησις
901 4734 1162 4790 θανάτου
1192 4735 1472 4805 Χριστοῦ.

268 4819 352 4884 ς’.
399 4823 790 4892 Παραινέσεις
823 4824 969 4880 ἴδιαι
1017 4827 1198 4882 τινῶν
1231 4828 1329 4882 καί
1363 4826 1562 4882 κοιναὶ
1594 4826 1856 4882 πάντων.

634 5793 901 5858 PATROL.
936 5793 1048 5852 Gn.
1097 5783 1370 5850 CXVIII.

2191 3711 2587 3768 EPISTOL/E
2605 3704 3316 3837 gfpfrAlLlPl’ENSES

1961 3895 2074 3970 64
2115 3897 2166 3950 I.
2207 3893 2522 3948 Gratiarum
2544 3893 2683 3946 actio
2698 3905 2792 3958 pro
2822 3889 3241 3958 Philippensium
3267 3888 3478 3951 virtute,
3497 3897 3544 3940 et

2065 3988 2239 4042 oratio
2267 4001 2360 4054 pro
2387 3983 2728 4052 perfectione.

1959 4079 2013 4134 2.
2059 4077 2322 4132 Narratio
2345 4093 2456 4132 suae
2503 4075 2556 4129 in
2593 4073 2882 4129 certamine
2911 4069 3325 4127 conversationis
3368 4083 3547 4136 prom-

2054 4173 2234 4242 ptique
2258 4171 2442 4224 animi.

1965 4263 2020 4318 '5.
2069 4260 2386 4316 Exhortatio
2435 4259 2506 4312 ad
2541 4257 2989 4314 conversationem
3039 4254 3329 4310 secundum
3380 4251 3545 4306 Deum

2067 4356 2334 4423 vitamque
2367 4353 2620 4408 divinam.

1969 4448 2024 4502 4.
2065 4446 2144 4501 De
2211 4445 2486 4500 Timotheo
2546 4454 2599 4499 et
2654 4442 3040 4514 Epaphrodito,
3087 4456 3219 4512 quos
3282 4437 3428 4493 misit
3475 4438 3546 4491 ad

2074 4537 2220 4592 illas.

1970 4635 2026 4690 5.
2068 4633 2148 4687 De
2186 4631 2458 4702 spirituali
2495 4631 2604 4687 vita
2635 4646 2752 4700 qua:
2791 4646 2896 4686 non
2944 4629 3158 4700 degitur
3195 4634 3461 4698 tanquam
3491 4621 3560 4676 in

2071 4743 2253 4788 carne,
2286 4741 2404 4795 qua
2431 4735 2506 4780 est
2538 4724 2773 4779 imitatio
2800 4723 2986 4777 mortis
3014 4721 3239 4777 Christi.
3264 4765 3266 4768 ,

1971 4819 2025 4874 6.
2073 4818 2316 4885 Propria:
2347 4818 2418 4872 ad
2445 4817 2702 4889 quosdam
2741 4816 3211 4884 exhortationes“
3235 4818 3548 4866 communes

2077 4909 2144 4964 ad
2175 4925 2378 4966 omnes.

3082 5787 3160 5851 40
