4000 6554
240 437 386 523 1269

1201 464 1590 527 COMMENT.
1623 463 1706 527 IN
1735 465 1977 528 EPIST-
2019 468 2122 529 AD
2147 468 2438 532 PHILIP.

3379 472 3518 538 1270

239 562 371 638 στδς
387 573 842 646 καταγγέλλεται.
874 596 894 631 ι
937 577 1097 635 Ἀλλὰ
1113 579 1178 636 σὺ
1197 580 1457 653 πρόσχες.
1473 580 1702 652 Πρῶτον
1716 579 1817 652 μὲν

1925 598 2020 654 per
2047 584 2331 641 veritatem
2353 584 2611 642 Christus
2639 587 3025 645 annuntiatur.
3059 605 3079 641 ι
3113 587 3192 644 Ex
3219 587 3330 654 his,
3365 605 3520 645 non-

235 667 343 722 οὒκ
366 661 510 734 εἷπε,
532 670 1026 742 Καταγγελλέσθω,
1060 672 1148 728 ἵνα
1167 672 1327 728 τοῦτο
1353 673 1664 744 νομοθετεῖν
1689 690 1828 742 γνω-

239 760 422 834 σθείη,
472 761 608 818 ἀλλὰ
639 763 1112 835 Καταγγέλλεται,
1161 768 1223 822 τὸ
1277 766 1566 839 γινόμενον
1601 765 1828 840 ἐξηγού-

243 870 429 926 μενος.
459 855 692 913 Ἔπειτα
719 860 767 913 εἰ
811 860 908 913 καὶ
943 861 1020 925 ὡς
1072 862 1387 934 νομοθετῶν
1416 861 1655 934 είρήκει,
1692 861 1826 928 (καὶ

238 946 314 1014 τὰ
324 963 355 1019 ρ
389 947 575 1020 πολλοὶ
608 950 718 1004 τῶν
741 951 1038 1024 αἱρετικῶν
1058 953 1439 1026 παρεποίησαν
1461 955 1560 1026 τὴν
1579 954 1823 1026 Γραφὴν,

237 1037 316 1102 ὡς
341 1038 598 1108 ἔχουσαν,
639 1043 878 1113 Χριστὸς
919 1045 1421 1117 καταγγελλέσθω,)
1484 1046 1606 1102 οὐδὲ
1653 1047 1827 1114 οῦτως

240 1131 479 1201 πάροδον
503 1138 624 1198 ταῖς
641 1137 888 1207 αἱρέσεσι
916 1138 1136 1198 δέδωκε.
1158 1141 1286 1206 Πῶς
1317 1158 1332 1209 ;
1367 1141 1491 1194 Ὀτι
1519 1133 1666 1194 οὗτοι
1695 1141 1827 1213 περὶ

239 1217 318 1278 ὧν
345 1242 533 1295 φησιν,
559 1228 618 1280 οὐ
659 1229 788 1282 νόθα
812 1231 1060 1301 δόγματα
1103 1233 1433 1305 ἐκήρυσσον,
1499 1233 1616 1289 ἀλλ’
1650 1233 1826 1306 ὀρθῶς

243 1316 645 1391 μὲντδδὸγμα
675 1323 1004 1393 ἐκήρυσσον,
1059 1325 1270 1400 διανοίᾳ
1329 1327 1386 1381 δὲ
1447 1328 1684 1399 πονηρᾷ,
1750 1326 1827 1393 ῶς

239 1408 563 1481 βουλόμενοι
592 1412 625 1484 ἢ
661 1415 951 1485 τιμᾶσθαι,
983 1417 1016 1489 ἢ
1053 1421 1132 1483 εἰς
1169 1421 1395 1490 μείζονα
1430 1420 1681 1474 κίνδυνον
1732 1418 1825 1474 τὸν

250 1501 578 1558 Ἀπὸστολον
602 1506 884 1577 ἐμϐαλεῖν.
917 1511 1062 1566 Οἱδέ
1092 1512 1386 1584 αίρετικοὶ,
1431 1514 1572 1584 μετὰ
1601 1513 1698 1568 τοῦ
1729 1514 1826 1568 καὶ

234 1591 482 1649 διάνοιαν
534 1595 682 1667 ἔχειν
719 1601 965 1672 πονηράν
1003 1601 1071 1674 (οἱ
1099 1602 1208 1674 γὰρ
1261 1602 1484 1667 πλείους
1531 1605 1626 1658 καὶ
1666 1603 1826 1660 τοῦτο

235 1682 472 1754 ελίουσι),
501 1690 596 1743 καὶ
637 1692 885 1765 δόγματα
913 1699 1266 1771 εἰσηγοῦνται
1312 1702 1463 1767 νόθα,
1496 1703 1544 1756 oi
1579 1702 1679 1774 μὲν
1724 1690 1824 1774 οῦχ

1931 675 2065 732 nulli
2093 679 2416 748 insipientes
2453 680 2721 750 suspicati
2762 690 2909 747 sunt,
2934 671 3080 752 quod
3112 681 3372 739 omnibus
3411 685 3516 738 ha:-

1929 769 2120 826 reticis
2170 786 2452 828 accessum
2497 771 2713 830 dederit
2772 774 3094 846 Apostolus,
3156 775 3285 846 quia
3332 774 3518 830 dixit:

1936 881 1954 914 ι
1985 858 2112 918 Sive
2149 876 2243 930 per
2276 864 2647 929 occasionem,
2683 865 2799 920 sive
2841 879 2942 936 per
2960 865 3244 922 veritatem
3265 865 3522 922 Christus

1929 953 2565 1010 annuntiatumVerum
2588 955 2988 1011 animadverte.
3023 953 3267 1011 Primum
3297 955 3519 1028 quidem

1929 1063 2039 1104 non
2081 1047 2219 1103 dixit
2256 1047 2644 1116 Annuntietur,
2694 1057 2754 1104 ut
2803 1049 2906 1105 hoc
2933 1057 3179 1105 statuere
3209 1059 3518 1121 putaretur,

1930 1141 2027 1198 sed
2079 1141 2475 1207 Annuntiatur,
2529 1155 2769 1199 narrans
2812 1142 2944 1213 quid
3004 1142 3244 1198 accidat.
3313 1143 3520 1197 Deinde

1929 1247 2246 1304 quanquam
2283 1231 2448 1289 etiam
2501 1240 2560 1286 ut
2608 1241 2859 1289 statuens
2907 1232 3139 1288 dixisset
3173 1231 3321 1302 (nam
3361 1221 3517 1285 inulti

1928 1341 2148 1398 quoque
2177 1325 2563 1382 haereticorum
2592 1326 2924 1395 scripturam
2953 1325 3357 1397 depravarunt,
3396 1334 3522 1380 tan-

1928 1434 2093 1490 quam
2126 1417 2439 1482 habentem,
2472 1416 2728 1473 Christus
2765 1415 3144 1488 annuntietur)
3177 1432 3244 1472 ne
3275 1417 3348 1472 ita
3389 1417 3514 1487 qui-

1928 1511 2052 1567 dem
2087 1526 2374 1568 accessum
2412 1510 2656 1567 dedisset
2683 1504 3353 1576 haereticiszuomodo?
3379 1508 3518 1575 Quia

1927 1604 1983 1659 hi
2016 1606 2080 1660 de
2111 1603 2312 1675 quibus
2339 1603 2470 1658 dicit
2493 1618 2602 1657 non
2627 1602 2933 1658 adulterina
2960 1599 3216 1671 dogmata
3247 1600 3518 1670 praedica-

1926 1697 2080 1762 bant,
2134 1695 2230 1752 scd
2287 1696 2445 1752 [idem
2511 1695 2734 1767 quidem
2776 1705 2925 1750 recte
2971 1693 3285 1757 tradebant,
3337 1700 3520 1765 mente

234 1777 629 1850 ὁμολογοῦντες
649 1786 741 1841 τὸν
767 1792 1155 1862 σταυρωθέντα
1182 1795 1337 1861 Θεὸν,
1378 1798 1427 1850 οἱ
1483 1795 1539 1849 δέ
1598 1796 1690 1851 δύο
1720 1796 1821 1850 λέ-

1930 1799 2109 1845 tamen
2139 1803 2305 1860 prava
2335 1808 2348 1844 :
2377 1797 2634 1858 tanquam
2661 1788 2948 1858 cupientes
2982 1794 3077 1840 aut
3106 1784 3387 1848 honorati,
3426 1795 3521 1838 aut

233 1883 427 1935 γοντες
456 1871 786 1942 ὑποστάσεις
821 1883 958 1950 μετὰ
985 1882 1085 1954 τὴν
1117 1884 1334 1953 ἕνωσιν,
1389 1887 1438 1940 οί
1493 1886 1548 1940 δὲ
1603 1886 1678 1951 ὡς
1721 1868 1821 1940 οῦκ

1929 1882 2251 1954 Apostolum
2277 1881 2333 1935 in
2372 1879 2551 1951 majus
2583 1879 2888 1950 periculum
2927 1877 3231 1948 conjicere.
3268 1875 3519 1931 Παῖτοιῑεί

233 1959 396 2015 ἐλαόε
429 1963 607 2036 σάρκα
638 1970 923 2039 δμοούσιον
956 1975 1110 2046 ἡμῖν,
1135 1978 1184 2032 ot
1235 1977 1292 2031 δὲ
1330 1978 1532 2050 ἥττονα
1561 1977 1655 2032 τοῦ
1712 1979 1821 2031 [Ια-

1925 1990 2053 2030 vero
2087 1981 2282 2044 prater
2315 1971 2418 2029 hoc
2459 1970 2604 2041 quod
2639 1978 2876 2025 mentem
2901 1969 3107 2025 habent
3148 1982 3463 2039 perversam
3502 1984 3515 2020 :

229 2053 362 2124 τρδς
385 2055 477 2110 τὸν
505 2058 652 2126 Υίδν,
682 2063 818 2118 καθὸ
855 2068 971 2120 ἐστι
1000 2069 1097 2122 καὶ
1127 2073 1332 2125 νοεῖται
1355 2070 1508 2138 Θεὸς,
1542 2071 1592 2124 οἱ
1618 2070 1673 2124 δὲ
1694 2069 1821 2134 σύγ-

1925 2064 2229 2138 (Siquidem
2262 2065 2448 2136 plures
2490 2079 2713 2134 quoque
2747 2062 2802 2117 id
2833 2061 3061 2130 habent)
3094 2060 3349 2134 dogmata
3381 2074 3520 2130 quo-

233 2161 396 2213 χυσιν
430 2149 522 2204 ἐπὶ
569 2155 667 2226 τῆς
712 2155 876 2224 ἁγίας
917 2159 1149 2228 Τριάδος
1188 2161 1591 2236 τερατεύονται.
1630 2180 1649 2216 ι
1707 2161 1819 2216 Καὶ

1925 2161 2025 2232 qi‘te
2053 2159 2410 2216 introducunt
2450 2157 2762 2213 adulterina
2791 2176 2805 2213 :
2837 2157 2930 2210 alii
2959 2155 3181 2227 quidem
3211 2154 3381 2210 Deum
3405 2166 3518 2207 non

230 2239 308 2336 Ev-
324 2242 500 2336 todrqi
536 2248 734 2319 χαίρω.
771 2271 792 2305 ι
851 2254 1078 2310 Ἐκεῖνοι
1106 2257 1226 2326 μὲν,
1247 2258 1406 2328 φησι,
1450 2257 1590 2328 πρὸς
1621 2255 1684 2310 τὸ
1724 2255 1818 2309 λυ-

1925 2247 2167 2305 iatentur
2197 2247 2371 2303 fuisse
2411 2245 2759 2312 crucifixum,
2799 2244 2890 2299 alii
2933 2251 3116 2298 autem
3163 2241 3304 2297 duas
3348 2241 3520 2298 fuisse

230 2327 415 2420 “amt
446 2327 536 2405 με,
569 2339 737 2396 ταῦτα
757 2346 1022 2413 ποιοῦσιν,
1059 2347 1169 2418 ἐγὼ
1201 2349 1257 2403 δέ
1299 2327 1506 2420 χαίρωξ
1547 2348 1614 2402 Τί
1668 2348 1814 2417 λέγω

1925 2348 2183 2399 asserunt
2212 2355 2478 2411 personas
2503 2346 2626 2409 post
2653 2338 2911 2392 unionem
2943 2354 2956 2390 :
2987 2351 3208 2391 rursum
3238 2334 3332 2389 alii
3355 2337 3514 2404 quasi

225 2419 409 2492 χαίρω
436 2440 450 2492 ;
483 2426 833 2503 Χαρήσομαι,
860 2438 1014 2508 φησὶ,
1038 2440 1138 2508 τὴν
1164 2419 1382 2494 αἰώνιον
1404 2419 1616 2511 χαράν.

1930 2447 2154 2490 carnem
2205 2447 2316 2488 non
2359 2430 2666 2501 accepisset
2718 2427 2968 2498 ejusdem
3017 2427 3345 2485 substantiae
3390 2441 3514 2481 cum

226 2526 445 2585 nostra,
481 2519 534 2576 hi
565 2539 692 2580 vero
717 2529 986 2586 minorem
1025 2531 1189 2587 Patre
1219 2532 1444 2600 Filium,
1516 2534 1683 2589 etiam
1751 2538 2028 2602 quatenus
2066 2532 2152 2582 est
2217 2532 2272 2580 et
2322 2523 2646 2594 intelligitur
2729 2519 2875 2576 Deus
2921 2540 2934 2578 :
2991 2521 3243 2577 nonnulli
3299 2536 3518 2592 quoque

225 2607 613 2668 confusionem
644 2615 701 2670 in
728 2626 922 2674 sancta
959 2619 1158 2676 'l'riade
1185 2631 1501 2692 portentosa
1533 2622 1894 2677 mentiuntur.
1930 2637 1948 2671 ι
2003 2617 2068 2672 Ει
2105 2616 2159 2670 in
2203 2613 2308 2671 hoc
2335 2613 2572 2687 gaudeo.
2604 2631 2626 2668 ›
2700 2613 2781 2668 Illi
2819 2613 3041 2684 quidem
3117 2621 3176 2668 nt
3230 2629 3318 2670 me
3384 2629 3488 2670 con

229 2703 454 2760 tristent
483 2706 598 2763 haec
624 2721 814 2781 agunt,
837 2729 939 2786 ego
959 2723 1140 2772 autem
1162 2718 1397 2789 gaudeo.
1427 2719 1492 2774 Et
1510 2718 1640 2790 quid
1669 2719 1816 2782 dico.
1843 2713 2090 2788 gaudeo?
2123 2710 2406 2779 Gaudebo,
2437 2711 2642 2780 inquit,
2675 2719 2940 2780 perpetuo
2971 2708 3193 2780 gaudio.

306 2793 451 2854 Οἶδα
479 2802 587 2870 γὰρ
631 2802 721 2857 ὅτι
741 2804 923 2861 τοῦτό
949 2825 1049 2878 μοι
1072 2809 1444 2877 ἀποϐήσεται
1480 2814 1568 2878 εἰς
1619 2826 1814 2879 amn-

219 2891 372 2958 ρίαν
391 2892 489 2947 διὰ
515 2895 626 2964 τῆς
655 2898 825 2966 ὑμῶν
852 2899 1142 2970 δεήσεως,
1164 2903 1264 2958 καὶ
1299 2905 1691 2975 ἐπιχορηγίας
1710 2904 1816 2960 τοῦ

225 2986 582 3054 Πνεύματος
626 2989 820 3072 Ἰησοῦ
852 2995 1116 3063 Χριστοῦ
1145 2996 1298 3050 κατὰ
1363 2996 1479 3066 τὴν
1515 2999 1814 3068 ἀποκαρα-

224 3075 444 3132 δοκίαν
460 3081 558 3134 καὶ
590 3081 810 3138 ἐλπίδα
839 3103 982 3156 μου,
1011 3086 1101 3142 ὅτι
1120 3088 1191 3144 ἐν
1221 3089 1426 3144 οὐδενὶ
1482 3090 1816 3161 αἰσχυνθή-

225 3185 438 3240 σομαι,
477 3173 618 3229 ἀλλ’
652 3176 722 3230 ἐν
740 3178 912 3248 πάσῃ
937 3181 1248 3250 παρῤησίᾳ
1275 3183 1356 3248 ὠς
1395 3180 1655 3237 πάντοτε
1713 3181 1812 3238 καὶ

224 3278 254 3315 ν
275 3261 352 3316 ῦν
371 3267 898 3336 μεγαλυνθήσεται
925 3273 1186 3340 Χριστὸς
1221 3274 1293 3329 ἐν
1318 3271 1396 3341 τῷ
1415 3274 1674 3346 στόματί
1687 3291 1810 3345 μου

225 3352 354 3407 εἴτε
382 3353 479 3408 διὰ
509 3355 678 3426 ζωῆς,
708 3360 830 3415 εἴτε
856 3360 955 3416 διὰ
987 3363 1274 3421 θανάτου.

310 3465 330 3499 ι
377 3447 566 3506 Τοῦτο.
672 3454 744 3506 Ἦ
770 3453 832 3508 τὸ
872 3455 1140 3524 δεδέσθαι,
1175 3458 1207 3528 ἢ
1238 3459 1300 3512 τὸ
1323 3459 1698 3531 κηρύσσεσθαι
1725 3459 1816 3516 τὸν
1842 3425 1886 3485 c

223 3541 466 3610 Χριστὸν
490 3544 619 3616 παρ’
638 3545 892 3619 αὐτῶν,ἢ
915 3547 1088 3603 καὶτὸ
1105 3550 1555 3606 ἐπιϐουλεὺεσθαι
1575 3555 1704 3624 παρ’
1728 3553 1821 3607 αὗ·

225 3633 361 3688 τῶν.
397 3652 417 3686 ι
459 3636 552 3700 Et;
597 3637 892 3710 σωτηρίαν.
934 3657 954 3691 ι
987 3641 1274 3713 Σωτηρίαν
1307 3642 1364 3696 δέ
1403 3661 1560 3716 φησι,
1603 3645 1664 3700 τὸ
1692 3646 1818 3701 ὅσον

223 3722 444 3778 οὐδέπω
497 3730 830 3800 μαρτυρίαν.
879 3748 900 3782 ι
952 3731 1054 3786 Διὰ
1112 3734 1212 3803 τῆς
1287 3735 1443 3806 ὑμῶν
1497 3736 1756 3808 δεήσεως.
1792 3755 1813 3791 s

229 3815 378 3886 Ὅρα
405 3820 760 3876 ταπείνωσιν·
789 3821 924 3878 ’Δπὸ
961 3825 1171 3897 μυρίων
1210 3827 1650 3900 κατορθωμάτων
1679 3829 1819 3900 ἔχων

227 3907 590 3979 ὀφειλομένην
625 3912 724 3986 τὴν
759 3919 1060 3988 σωτηρίαν,
1101 3919 1255 3991 φησὶ,
1279 3920 1367 3975 διὰ
1385 3923 1482 3993 τῆς
1511 3922 1665 3994 ὑμῶν
1692 3923 1820 3990 δεή-

227 4018 391 4064 σεως.
432 4006 518 4069 εΕί
561 4006 671 4078 γὰρ
730 4010 864 4081 φησι
911 4011 1021 4065 τῶν
1074 4013 1252 4083 εὐχῶν
1301 4013 1459 4084 ὑμῶν
1498 4014 1814 4088 εὐπορήσω,

224 4096 384 4150 ἔσται
417 4114 506 4168 μοι
552 4099 802 4170 δαψίλεια
842 4101 938 4156 καὶ
985 4097 1098 4157 οἷον
1142 4103 1432 4176 προσθήκη
1481 4107 1814 4178 πνεύματος.

229 4205 250 4238 s
301 4187 459 4242 Κατὰ
487 4187 585 4260 τὴν
617 4190 968 4261 καραδοκίαν.
999 4211 1019 4246 ι
1065 4193 1534 4266 Ἀποκαραδοκίαν
1564 4197 1697 4268 φησὶ
1717 4196 1817 4268 τὴν

226 4280 472 4352 σφοδράν
503 4283 597 4336 καὶ
613 4284 1014 4358 ἐπιτεταμένην
1039 4287 1250 4354 ἐλπίδα,
1281 4288 1351 4360 ἠν
1383 4307 1487 4354 τις,
1520 4290 1616 4344 καὶ
1644 4289 1816 4361 αὐτὴν

225 4373 497 4428 ἐπικινῶν
549 4376 651 4448 τὴν
717 4378 992 4450 κεφαλὴν,
1041 4379 1253 4434 δοκεύει
1315 4382 1412 4436 καὶ
1459 4387 1812 4454 περισκοπεῖ.

232 4478 255 4511 s
297 4461 407 4514 Καὶ
460 4461 651 4517 ἐλπίδα
707 4484 830 4537 μου.
873 4487 894 4520 ι
949 4467 1045 4522 Ἐκ
1067 4468 1274 4524 τούτων
1307 4470 1546 4526 διδάσκει
1600 4473 1674 4546 μὴ
1705 4473 1816 4530 δεῖν

226 4551 328 4605 ἐπὶ
358 4554 550 4623 μόναις
589 4559 711 4622 ταῖς
760 4559 964 4630 ἐτέρων
1005 4561 1193 4633 εὐχαῖς
1233 4562 1475 4636 θαρρεῖν,
1521 4567 1570 4620 εί
1614 4567 1690 4639 μὴ
1721 4568 1816 4622 καὶ

223 4644 442 4700 οτκοθεν
467 4651 852 4724 συνεισενέγκῃ
879 4670 983 4717 τις.
1021 4655 1349 4726 Τοιγαροῦν,
1381 4659 1536 4729 φησι,
1569 4661 1665 4714 καὶ
1702 4660 1816 4730 ἐγὼ

227 4739 572 4840 συνεισφέρω
620 4743 978 4840 την-ἐλπίδα.-
998 4741 1066 4818 ἦς
1115 4747 1299 4840 μεῖζον
1327 4749 1498 4805 οὐδέν.
1529 4769 1549 4804 ι
1608 4753 1672 4806 Ἠ
1702 4753 1812 4822 γὰρ
1845 4785 1887 4840 D

222 4829 407 4893 ἐλπὶς,
441 4833 628 4902 φησὶν,
651 4834 906 4906 ἀλλαχοῦ,
927 4837 989 4890 οὐ
1025 4839 1399 4910 καταισχύνει.
1437 4860 1457 4893 ι
1493 4841 1623 4908 Καὶ,
1657 4861 1676 4895 ι
1716 4843 1814 4899 Γέ-

224 4936 396 4986 νοιτο,
434 4922 627 4995 Κύριε,
660 4926 722 4979 τὸ
748 4926 896 4991 ἔλεός
930 4946 1026 4984 σου
1053 4931 1140 5000 ἐφ’
1163 4933 1334 5003 ἡμᾶς,
1372 4934 1625 5006 καθάπερ
1651 4934 1812 5006 ἠλπί-

223 5029 404 5084 σαμεν
436 5015 527 5068 ἐπὶ
552 5017 654 5072 σοί.
688 5038 785 5071 s—
809 5021 962 5076 «Ὅτι
994 5025 1053 5077 ἐν
1076 5023 1252 5079 οὐδενὶ
1290 5026 1748 5098 αἰσχυνθήσομαι.
1785 5047 1806 5083 ο

227 5106 377 5171 Ὅτι,
418 5111 689 5177 φησὶν,οῦ
740 5114 1096 5184 περιέσονται
1145 5117 1196 5170 οἱ
1227 5117 1522 5173 ἐπίϐουλοι.
1569 5122 1666 5173 “Av
1701 5121 1810 5194 γὰρ
1859 5163 1864 5176 .

220 5199 616 5268 ἀποκτείνωσι,
650 5204 772 5258 τότε
812 5207 1048 5275 μάλιστα
1096 5210 1447 5282 περιγέγονα.
1485 5230 1504 5262 ι
1556 5212 1700 5266 Ἀλλ’
1751 5213 1811 5268 ἐν

223 5292 380 5367 πάσῃ
402 5295 707 5368 παρρησίᾳ.
747 5316 766 5349 ι
808 5293 965 5367 Οἶον,
1021 5301 1233 5370 σαφῶς,
1289 5303 1562 5374 φανερῶς,
1587 5305 1645 5358 οὐ
1683 5323 1810 5361 συν-

221 5389 627 5459 ισκιασμένως.
668 5420 741 5433 —-
776 5411 795 5444 ι
835 5393 946 5446 Καὶ
993 5395 1090 5448 νῦν
1149 5397 1618 5468 μεγαλυνθήσεται
1676 5401 1812 5471 Χρι-

224 5479 378 5544 στός.
393 5500 410 5534 ι
426 5481 693 5556 -[ΦΩῙ“.]
725 5487 965 5540 Πάντοτε
986 5487 1352 5558 ἐμεγαλύνετο
1374 5491 1610 5564 Χριστὸς
1634 5495 1694 5546 ἐν
1727 5495 1806 5566 τῷ

201 5573 448 5645 Παύλῳ,
505 5575 600 5629 καὶ
646 5578 738 5629 ὅτε
769 5577 1082 5650 παρεχώρει
1120 5581 1284 5636 αὐτὸν
1314 5584 1425 5646 τοῖς
1456 5581 1678 5653 δεσμοῖς
1714 5585 1809 5637 καὶ

217 5672 340 5734 τοῖς
396 5669 645 5740 μάστιξιν
701 5670 1150 5743 ἐνταλαιπωρείν,
1185 5675 1280 5728 καὶ
1321 5676 1411 5729 ὅτε
1453 5675 1662 5742 ἐξεῖλκε
1711 5679 1808 5732 καὶ

218 5764 519 5835 ἐλυτροῦτο
557 5763 741 5822 αὐτόν.
783 5766 881 5820 Διὰ
933 5766 1034 5836 μὲν
1077 5767 1190 5838 γάρ
1234 5768 1443 5823 ἐκείνου
1493 5769 1808 5826 ἐσεϐαιοῦτο

218 5875 257 5913 κ
269 5861 318 5910 ιί
337 5857 665 5929 ἐκρατύνετο
679 5859 739 5914 τὸ
758 5861 1038 5931 κήρυγμα,
1055 5859 1416 5932 λογιζομένων
1432 5863 1539 5920 τῶν
1555 5863 1805 5936 δρώντων

296 5975 316 6006 ³
345 5973 506 6031 Ilum.
558 5992 610 6043 ν,
645 5975 699 6031 5.
777 5974 797 6009 ⁵
834 5973 981 6033 Psal.
1026 5991 1195 6045 xxx”,
1228 5976 1318 6032 ‘29..

1990 2803 2031 2861 1.
2076 2804 2276 2860 19-20.
2322 2800 2620 2858 Novienim
2648 2799 2789 2870 quod
2815 2800 2912 2854 hoc
2950 2800 3080 2854 mihi
3120 2800 3266 2856 cedet
3313 2803 3367 2856 in
3409 2802 3516 2875 73

1920 2898 2145 2952 salutem
2167 2911 2258 2964 per
2291 2904 2520 2949 vestram
2541 2892 2962 2962 deprecationem
2980 2900 3028 2946 et
3061 2892 3488 2948 subministratio

1919 3006 2035 3046 nem
2065 2987 2300 3061 Spiritus
2330 2986 2461 3044 Jesu
2492 2987 2696 3044 Christi
2723 2983 3016 3042 secundum
3063 2988 3512 3058 exspectationem

1920 3093 1969 3139 et
2003 3100 2146 3153 spem
2185 3100 2378 3150 meam,
2406 3083 2546 3154 quod
2573 3081 2723 3137 nulla
2755 3082 2810 3136 in
2841 3097 2895 3136 re
2917 3079 3187 3152 pudeﬁam
3220 3124 3234 3149 ,
3266 3082 3356 3136 sed
3388 3100 3510 3137 cum

1922 3181 2068 3232 omni
2110 3177 2354 3232 libertate
2383 3183 2441 3230 ut
2479 3189 2702 3243 semper,
2747 3174 2826 3228 ita
2853 3190 2992 3228 nunc
3028 3190 3231 3246 quoque
3264 3177 3514 3246 magni/i-

1921 3269 2131 3325 cabitur
2167 3269 2409 3325 Christus
2436 3268 2491 3322 in
2521 3283 2740 3338 corpore
2781 3283 2916 3334 meo,
2941 3268 3051 3324 sive
3078 3284 3170 3339 per
3191 3269 3376 3335 vitam,
3406 3269 3512 3325 sive

1918 3378 2012 3432 per
2037 3370 2280 3416 mortem.

2001 3472 2018 3506 ι
2061 3453 2194 3510 Hoc.
2223 3452 2662 3524 sAutiHigatum
2700 3466 2844 3517 esse,
2885 3459 2980 3507 ant
3032 3451 3101 3507 ab
3133 3451 3269 3523 ipsis
3306 3453 3506 3523 praedi-

1923 3546 2040 3603 cari
2070 3535 2375 3615 Christum,
2425 3553 2520 3599 aut
2553 3545 2721 3600 etiam
2781 3544 3002 3600 insidiis
3041 3543 3223 3614 appeti
3277 3546 3345 3600 ab
3376 3545 3508 3611 illis,

1931 3657 1950 3691 ‹
1987 3638 2047 3693 1η
2081 3637 2340 3694 salutem.
2373 3655 2392 3688 ι
2429 3633 2669 3691 Salutem
2697 3643 2880 3690 autem
2918 3635 3049 3690 dicit
3074 3633 3222 3707 quod
3261 3635 3506 3692 nondum

1922 3740 2204 3802 pateretur
2271 3729 2616 3802 martyrium.
2649 3747 2668 3782 ι
2715 3729 2820 3784 Per
2874 3738 3111 3784 vestram
3167 3727 3512 3798 deprecatio-

1922 3841 2070 3880 nem.
2113 3843 2132 3878 ι
2171 3824 2306 3880 Vide
2362 3830 2546 3878 autem
2587 3828 2855 3892 quantum
2905 3836 3030 3879 sese
3065 3822 3338 3877 demittat.
3369 3824 3508 3880 Cum

1920 3918 1992 3973 ob
2047 3917 2337 3971 innumera
2411 3914 2676 3985 praeclara
2740 3913 2987 3968 facinora
3046 3913 3346 3970 deberetur
3400 3917 3506 3974 sibi

1921 4010 2096 4074 salus,
2131 4007 2247 4062 ait:
2293 4005 2397 4062 Per
2422 4012 2659 4070 vestram
2691 4004 3162 4075 deprecationem.
3189 4004 3250 4061 Si
3293 4016 3506 4065 vestras

1920 4101 2123 4172 inquit,
2181 4099 2600 4172 deprecationes
2671 4098 2903 4170 adeptus
2963 4097 3144 4162 fuero,
3201 4103 3308 4155 erit
3367 4101 3504 4157 mihi

1920 4194 2261 4251 abundantia
2311 4201 2370 4249 et
2411 4191 2579 4248 veluti
2610 4198 3022 4248 accrementum
3061 4192 3310 4268 spiritus.
3349 4212 3369 4245 ι
3401 4193 3504 4249 δερ

1919 4287 2162 4342 cundum
2221 4285 2707 4358 exspectationem.
2749 4303 2769 4338 ι
2837 4284 3318 4356 Exspectationem
3372 4287 3506 4342 dicit

1919 4378 2297 4434 vehementem
2341 4387 2396 4434 et
2447 4379 2718 4434 intensam
2751 4392 2926 4447 spem,
2963 4391 3125 4448 quam
3170 4379 3297 4448 quis
3335 4379 3502 4435 etiam

1919 4470 2098 4541 capite
2121 4471 2242 4541 ipso
2267 4480 2417 4526 moto
2449 4470 2710 4526 observat
2732 4484 2795 4524 ac
2815 4469 3185 4540 concupiscit.
3220 4489 3237 4521 ι
3259 4470 3326 4525 Ει
3348 4486 3500 4541 spem

1919 4579 2116 4620 meam.
2146 4583 2166 4616 ι
2202 4562 2282 4618 Ex
2314 4564 2400 4619 his
2426 4561 2587 4619 docet
2603 4577 2713 4618 non
2741 4571 2994 4634 oportere
3024 4563 3078 4618 in
3103 4563 3236 4620 solis
3267 4563 3500 4618 aliorum

1919 4637 2543 4738 precibtlsconlldere,
2608 4657 2715 4712 nisi
2765 4658 2931 4712 etiam
2985 4670 3016 4711 α
3075 4657 3264 4727 seipso
3291 4657 3502 4726 aliquid

1918 4737 2423 4816 conferat.'ltaque
2442 4737 2650 4816 etego,
2692 4746 2892 4817 inquit,
2923 4759 3074 4818 spem
3109 4745 3273 4802 simul
3304 4744 3498 4810 ail'ero,

1917 4854 2027 4911 qna
2053 4841 2188 4894 nihil
2215 4840 2401 4910 majus
2423 4847 2528 4896 est.
2573 4858 2591 4892 ι
2634 4839 2772 4910 Spes
2801 4839 2973 4904 enim,
3005 4839 3140 4894 dicit
3173 4839 3330 4906 alibi,
3386 4854 3498 4896 non

1919 4931 2296 5004 pudefacit'.»
2333 4929 2399 4986 Et
2429 4950 2443 4986 :
2487 4949 2506 4984 ι
2538 4931 2660 4985 Fiat
2694 4928 3077 4986 misericordia
3101 4935 3214 4996 tua,
3248 4927 3499 4998 Domine,

1916 5041 2082 5095 super
2133 5039 2272 5088 nos,
2336 5021 2802 5094 quemadmodum
2863 5020 3211 5091 speravimus
3272 5023 3327 5076 in
3402 5024 3496 5077 te‘.

1919 5135 1941 5170 ι
1982 5116 2141 5184 Quod
2195 5115 2346 5172 nulla
2383 5116 2438 5170 in
2485 5131 2544 5171 re
2590 5113 2885 5184 pudeﬁam.
2931 5130 2952 5166 ι
2990 5112 3131 5180 Quia
3183 5115 3500 5184 superiores

1917 5229 2026 5269 non
2053 5219 2217 5267 erunt
2257 5209 2612 5264 insidiatores
2643 5222 2656 5259 :
2689 5221 2814 5260 nam
2846 5205 2892 5262 si
2926 5205 3254 5271 occiderint,
3307 5206 3361 5260 in
3393 5210 3496 5260 hoc
3598 5265 3601 5268 ,

1913 5305 2152 5362 maxime
2189 5304 2398 5359 vicero.
2432 5321 2452 5355 ι
2490 5300 2598 5357 Sed
2638 5313 2764 5355 cum
2805 5299 2955 5356 omni
3007 5299 3283 5356 libertate.
3328 5316 3347 5348 ο
3382 5294 3496 5351 Hoc

1914 5406 2020 5463 est,
2056 5398 2368 5470 perspicue,
2410 5399 2618 5465 aperte,
2653 5408 2760 5448 non
2787 5393 3008 5448 obtecto
3029 5387 3495 5447 modo.-.—cNunc

1914 5505 2136 5560 quoque
2158 5487 2601 5560 niagniiicabitur
2625 5485 2902 5543 Christus.
2930 5502 2949 5535 ι
2987 5483 3216 5552 Semper
3246 5481 3302 5536 in
3327 5479 3496 5534 Paulo

1916 5580 2371 5652 magniﬁcabatnr
2402 5581 2678 5647 Christus,
2724 5587 2780 5634 et
2829 5573 3050 5648 quando
3093 5575 3270 5643 ipsum
3310 5572 3490 5627 trade-

1918 5678 2033 5742 bat,
2073 5685 2131 5731 ut
2161 5677 2400 5733 vinculis
2455 5691 2520 5732 ac
2551 5673 2780 5742 ﬂagellis
2813 5671 3018 5725 misere
3053 5666 3405 5737 alliigeretur,
3443 5673 3499 5720 et

1917 5769 2141 5840 quando
2175 5769 2586 5826 eduCebateum
2614 5782 2680 5820 ac
2703 5763 2996 5819 liberabat.
3029 5758 3133 5816 Per
3171 5758 3305 5815 illud
3335 5775 3496 5814 nani-

1916 5877 2024 5936 que
2051 5861 2499 5929 conﬁrmabatur,
2542 5860 2798 5929 viresque
2834 5853 3082 5911 sumebat
3130 5851 3447 5925 praedicatio
3479 5867 3497 5910 :
