4000 6620
373 429 404 491 1
415 429 517 492 273

1398 440 1783 504 COMMENT.
1819 441 1903 503 ΙΝ
1938 441 2187 507 EPIST.
2222 444 2323 506 AD
2345 445 2634 507 PHILIP.

3499 449 3636 516 127i

366 551 559 617 φορεῖν
574 543 654 617 τῷ
668 545 811 618 Θεῷ,
833 548 866 618 ἢ
892 548 954 602 τὸ
975 550 1293 621 ἀποθανεῖν,
1318 554 1413 608 καὶ
1434 556 1535 610 σὺν
1557 555 1778 627 Χριστῷ
1796 551 1955 608 εἶναι.

2065 564 2158 609 aut
2195 557 2325 625 quid
2360 558 2578 628 eligam,
2617 572 2686 613 an
2727 556 2912 617 vivere
2941 572 3008 616 ac
3034 557 3528 631 fruetiﬂcare'Deo,
3566 579 3636 619 an

367 638 518 709 ’Ὅρα
538 637 617 700 δὲ.
644 637 726 692 ὅτι
763 638 966 706 ἔδειξεν
999 643 1191 699 ἑαυτὸν
1221 645 1426 717 Κύριον
1459 646 1553 700 τοῦ
1592 647 1695 719 ζῇν
1727 649 1824 702 καὶ
1849 647 1949 717 μή.

372 746 397 780 ε
433 729 735 801 Συνέχομαι
760 731 819 786 δὲ
855 734 919 787 ὲκ
937 733 1047 789 τῶν
1079 735 1191 793 δύο,
1228 754 1248 790 ι
1293 738 1443 792 Ἐπεὶ
1457 738 1551 792 οῦν
1574 738 1628 792 τί
1651 738 1956 810 αἱρήσομαι

363 820 432 876 οὐ
460 822 734 895 γνωρίζω,
791 825 1016 890 εἰκότως
1061 828 1357 899 συνέχομαι
1391 814 1456 884 ἐκ
1472 829 1581 883 τῶν
1613 828 1730 897 δύο,
1763 828 1859 883 τοῦ
1894 846 1957 881 τε

365 915 676 983 ἀναλῦσαι,
726 919 822 972 καὶ
875 919 970 973 τοῦ
1031 924 1359 993 προσμεῖναι
1404 926 1473 994 τῇ
1527 922 1664 995 ζωῇ.
1706 919 1863 983 Εἶτα.
1910 916 1959 977 ὦ

371 1007 572 1073 Παῦλε,
601 1011 630 1063 ὀ
660 1010 920 1066 τοσοῦτον
956 1014 1191 1084 Χριστὸν
1228 1015 1484 1083 ἀγαπιῖιν,
1517 1017 1656 1080 ὅλως
1683 1016 1958 1081 διστάζεις

367 1100 466 1151 καὶ
502 1100 869 1169 ἀμφιϐάλλεις
898 1103 953 1156 τί
992 1121 1054 1157 σε
1088 1105 1168 1159 δεῖ
1194 1107 1510 1177 αἱρεῖσθαι;
1542 1107 1737 1162 Καίτοι
1783 1108 1959 1178 ἀναμ-

368 1190 594 1260 φῖϐολόν
643 1212 728 1249 σοι
791 1195 1024 1266 ὤφειλεν
1062 1192 1204 1252 εἶναι
1247 1198 1433 1263 καλὸν,
1469 1199 1531 1254 τὸ
1561 1199 1826 1254 ἀναλῦσαι
1862 1199 1977 1261 καῖ’

366 1285 470 1338 σὺν
494 1284 718 1356 Χριστῷ
772 1283 934 1341 εἶναι.
964 1284 1121 1353 Οἶδα,
1164 1291 1320 1362 φησι,
1370 1290 1527 1344 τοῦτο
1556 1291 1734 1359 κάγὼ,
1764 1289 1956 1360 ἀμέλέι

363 1377 470 1447 τὴν
501 1376 798 1454 ἐπιθυμίαν
830 1378 969 1449 ἔχων
1001 1381 1081 1443 εἰς
1104 1380 1165 1435 τδ
1198 1380 1463 1436 ἀναλῦσαι
1493 1384 1589 1436 καὶ
1614 1384 1711 1437 σὺν
1734 1382 1957 1453 Χριστῷ

363 1463 531 1532 εἶναι,
572 1470 667 1524 καὶ
695 1470 900 1542 ταύτην
927 1471 1108 1542 πολλῷ
1140 1474 1341 1543 μᾶλλον
1368 1474 1661 1547 κρείσσονά
1681 1491 1773 1545 μοι
1791 1470 1958 1528 οὖσαν

362 1559 549 1628 εἰδὼς,
607 1556 764 1620 εἷπον
811 1563 895 1618 ὅτι
950 1563 1245 1636 συνέχομαι
1297 1567 1362 1620 ὲκ
1391 1566 1501 1621 τῶν
1547 1565 1665 1621 δύο.
1718 1566 1959 1621 Διατίδὲ

366 1651 566 1722 τοῦτο;
598 1654 687 1707 διὰ
732 1654 835 1727 τὴν
887 1655 1183 1728 ὑμετέραν·
1219 1657 1516 1728 σωτηρίαν,
1572 1658 1727 1728 φησὶ,
1759 1659 1854 1712 καὶ
1888 1657 1956 1711 δι’

365 1744 537 1814 ὑμᾶς,
593 1745 733 1817 ὅπερ
791 1747 1220 1821 ἀναγκαιότερον
1268 1749 1533 1820 ἡγοῦμαι,
1573 1750 1763 1821 ἐπειδὴ
1796 1750 1856 1803 οὐ
1898 1751 1960 1803 τὸ

365 1838 504 1907 ἐμὸν
535 1840 748 1905 σκοπῶ,
782 1839 920 1894 ἀλλὰ
945 1840 1011 1895 τὸ
1055 1841 1212 1912 ὑμῶν
1240 1844 1541 1913 συμφέρον.
1586 1843 1748 1915 Ὁρᾷς
1776 1844 1957 1917 ψυχὴν

368 1930 734 2001 προτιμῶσαν
762 1932 859 1986 τοῦ
917 1933 1122 1988 οἰκείου
1156 1936 1529 2007 συμφέροντος
1574 1936 1675 2006 τὴν
1707 1935 1816 1989 τῶν
1849 1953 1956 2006 μα-

368 2021 554 2092 θητῶν
600 2022 905 2091 ὠιρέλειαν;
934 2023 1242 2095 Ἐπιμένων
1274 2025 1383 2096 γὰρ
1404 2064 1418 2090 ,
1461 2024 1590 2088 τούς
1626 2042 1685 2077 τε
1721 2041 1961 2094 προκατ-

370 2112 679 2185 ηχηθέντας
701 2114 951 2169 ἐϐεϐαίου
964 2116 1060 2169 καὶ
1076 2116 1266 2179 ἄλλους
1280 2115 1716 2187 προσελάμϐανε.
1742 2135 1761 2168 ι
1774 2116 1959 2188 Πολλῷ

368 2203 574 2276 μᾶλλον
617 2207 890 2276 κρεῖσσον.
934 2225 954 2259 ι
992 2208 1087 2275 Τὸ,
1147 2208 1309 2279 ἒχων,
1332 2207 1441 2262 ἀπὸ
1467 2208 1670 2274 κοινοῦ,
1701 2203 1812 2262 οἷον
1846 2210 1958 2281 Τὴν

364 2298 666 2368 ἐπιθυμίαν
722 2298 862 2370 ἔχων
904 2302 985 2365 είς
1039 2300 1102 2353 τὸ
1149 2300 1438 2366 ἀναλῦσαι,
1472 2301 1573 2354 καὶ
1603 2301 1743 2373 ἔχων
1775 2300 1957 2372 πολλῷ

369 2390 574 2460 μᾶλλον
593 2393 864 2460 κρεῖσσον,
895 2393 957 2445 τὸ
981 2393 1080 2447 σὺν
1099 2392 1324 2464 Χριστῷ
1342 2391 1504 2449 εἶναι.
1524 2413 1543 2446 ι
1569 2392 1959 2462 Ἀναγκαιότε·

369 2500 465 2554 ρον
486 2482 556 2537 δι’
590 2484 755 2554 ὑμᾶς.
790 2503 811 2536 ι
843 2484 953 2538 Kal
989 2484 1110 2538 κατ’
1148 2484 1278 2540 ἄλλο
1304 2486 1750 2557 ἀναγκαιότερον,
1785 2487 1867 2540 ὅτι
1896 2486 1958 2539 τὸ

366 2575 670 2645 προσάγειν
699 2575 819 2647 θεῷ
855 2576 945 2631 διὰ
985 2578 1224 2643 πίστεως
1268 2578 1542 2646 πλείονας,
1579 2578 1763 2632 πλεῖον
1791 2578 1956 2633 αὑτὸν

363 2667 564 2721 οἰκειοῖ
578 2666 657 2738 τῷ
687 2668 931 2739 Χριστῷ.
970 2687 991 2722 ι
1038 2669 1149 2722 Καὶ
1185 2667 1346 2724 τοῦτο
1399 2668 1620 2739 θαρρῶν
1646 2663 1789 2735 οῖδα,
1823 2688 1843 2721 ι
1868 2668 1952 2734 τὸ,

363 2753 510 2811 εἶναι
553 2759 993 2830 ἀναγκαιοτέραν
1045 2758 1146 2831 τὴν
1194 2759 1253 2813 ὲν
1292 2760 1458 2831 σαρκὶ
1506 2762 1851 2832 προσμονήν.
1886 2790 1957 2799 —

373 2869 392 2902 ι
417 2851 529 2905 Καὶ
548 2848 706 2904 τοῦτο
734 2849 1011 2915 πεποιθὼς
1036 2850 1494 2925 emata—[1’01]
1522 2852 1672 2906 Ἀντὶ
1700 2851 1819 2920 τοῦ,
1844 2852 1954 2905 Καὶ

367 2941 530 2996 τοῦτο
551 2941 909 3015 τεθαρρηκὼς
936 2944 1030 2998 καὶ
1053 2944 1115 2999 οὐ
1148 2944 1420 3010 διστάζων
1451 2939 1592 3000 οῖδα.
1621 2945 1688 2999 Τί
1719 2945 1776 2998 δέ
1807 2946 1954 2998 ἐστιν

364 3033 398 3087 δ
419 3034 641 3108 θαρρῶν
661 3036 756 3091 καὶ
773 3036 837 3090 οὐ
860 3035 1130 3101 διστάζων
1159 3032 1300 3092 οἶδεν
1319 3053 1336 3106 ;
1371 3038 1495 3092 Ὅτι
1526 3037 1956 3108 ἀναγκαιότερον

366 3126 431 3180 τὸ
457 3125 526 3181 δι’
564 3126 762 3191 αὐτοὺς
786 3127 1071 3198 ἐπιμένειν
1087 3130 1151 3199 τῇ
1174 3128 1360 3199 σαρκί.
1390 3124 1526 3183 Εἶτα
1544 3126 1676 3183 Οἶδα
1700 3129 1782 3183 ὃτι
1808 3128 1955 3198 μενῶ

371 3221 469 3275 καὶ
536 3219 974 3293 συμπαραμενῶ.
1029 3220 1166 3275 ’Δπδ
1186 3219 1369 3274 κοινοῦ
1416 3221 1526 3292 γὰρ
1584 3220 1666 3287 τὸ,
1708 3216 1848 3275 οἴδα.
1883 3219 1953 3275 Ἦ

370 3312 466 3368 καὶ
493 3311 574 3381 τδ,
608 3312 731 3367 ὅλον
784 3312 894 3366 ἀπὸ
917 3310 1101 3368 κοινοῦ
1152 3328 1167 3342 ·
1202 3306 1315 3367 οἷον
1352 3314 1435 3367 ὅτι
1474 3312 1693 3387 θαρρῶν
1720 3308 1858 3378 οἶδα,
1892 3313 1956 3366 οὐ

373 3404 537 3474 μόνον
564 3404 648 3458 ὄτι
696 3403 1129 3476 ἀναγκαιότερον
1164 3404 1227 3458 τὸ
1257 3404 1540 3475 ἐπιμένειν
1576 3422 1642 3475 με
1671 3407 1736 3475 τῇ
1769 3404 1955 3476 σαρκὶ,

367 3496 487 3551 ἀλλ’
526 3497 608 3550 ὅτι
629 3497 725 3550 καὶ
754 3494 1001 3567 ἓπιμενῶ
1035 3496 1133 3550 καὶ
1164 3495 1603 3567 συμπαραμενῶ.
1638 3496 1697 3549 Ὀ
1719 3498 1825 3567 γὰρ
1846 3495 1956 3550 τῶν

367 3587 701 3659 ἀπορρήτων
752 3587 849 3641 καὶ
903 3585 1317 3657 ὑπερουρανίων
1381 3586 1631 3656 μύστης,
1678 3586 1800 3641 οὐδὲ
1857 3586 1956 3658 τὴν

370 3678 569 3747 ἑαυτοῦ
619 3678 768 3751 ζωὴν
822 3680 882 3732 ὲν
934 3679 1221 3750 δισταγμῷ
1269 3679 1408 3751 ᾔδει,
1464 3678 1564 3733 καὶ
1609 3679 1693 3734 ὅτι
1730 3677 1811 3733 ἔτι
1858 3678 1955 3733 νῦν

369 3769 747 3825 ἑπιϐιὼσεται.
799 3768 1036 3824 Δύνατάι
1087 3770 1144 3824 δέ
1208 3787 1292 3834 τις
1345 3770 1441 3824 καὶ
1472 3770 1675 3841 ἑτέρως
1694 3769 1754 3824 τὸ
1791 3770 1956 3841 ῥητὸν

370 3860 669 3928 συντάξας,
716 3859 892 3924 οὕτως
948 3859 1202 3914 ἐκλαϐεῖν
1243 3860 1620 3931 ἑτοιμότερον*
1649 3859 1724 3913 Τὸ
1757 3859 1953 3929 ἐπιμέ-

368 3970 504 4021 νειν,
544 3953 730 4025 φησὶν,
777 3952 1202 4023 ἀναγκαιότερον
1254 3952 1321 4006 δι’
1356 3952 1524 4023 ὑμᾶς.
1545 3947 1702 4015 Εἶτα,
1735 3951 1847 4004 Καὶ
1868 3954 1952 4014 εἰς

366 4042 531 4098 τοῦτο
561 4041 783 4115 θαρρῶν
825 4043 908 4096 ὅτι
946 4041 1373 4110 ἀναγκαιότερόν
1420 4042 1560 4105 ἐστι,
1603 4038 1792 4109 φησὶν,
1833 4034 1952 4094 οἴδα

366 4137 453 4190 ὅτι
484 4134 633 4207 μενῶ
679 4134 776 4188 καὶ
811 4132 1257 4205 αυμπαραμενῶ,
1297 4133 1393 4186 καὶ
1432 4131 1585 4202 ἑξῆς,
1610 4149 1629 4184 ι
1671 4131 1780 4185 Καὶ
1811 4148 1951 4202 συμ-

365 4224 679 4299 παραμενῶ
704 4226 871 4279 πᾶσιν
896 4225 1047 4294 ὑμῖν.
1095 4243 1115 4277 ι
1160 4219 1311 4290 υῐδα,
1352 4223 1539 4295 φησὶν,
1564 4223 1647 4277 ὅτι
1680 4223 1830 4294 μένω
1855 4223 1951 4277 καὶ

370 4318 792 4392 συμπαραμενῶ
818 4320 982 4373 πᾶσιν
1011 4319 1161 4389 ὑμῖν.
1188 4317 1410 4389 Ἐπειδὴ
1429 4318 1537 4390 γὰρ
1571 4316 1761 4390 saepe
1781 4319 1951 4387 away-

367 4410 656 4482 καιότερον
703 4406 844 4463 εἶναι
867 4409 930 4463 τὸ
969 4409 1171 4481 μένειν,
1221 4404 1342 4463 οῖδα
1369 4410 1453 4464 ὅτι
1493 4410 1663 4480 μενῶ,
1703 4409 1764 4463 οὐ
1790 4409 1950 4480 μόνον

368 4504 431 4555 ὲν
485 4502 730 4573 δεσμοῖς,
776 4502 912 4556 ἀλλὰ
963 4502 1058 4555 καὶ
1086 4501 1187 4555 σὺν
1234 4502 1385 4574 ὑμῖν,
1412 4501 1509 4555 καὶ
1538 4501 1742 4572 ὄψομαι
1781 4502 1946 4571 ὑμᾶς.

365 4596 536 4653 Mevi)
561 4597 638 4664 δὲ,
673 4596 863 4668 φησὶν,
893 4598 974 4660 είς
1004 4597 1103 4666 τὴν
1140 4597 1294 4666 ὑμῶν
1334 4596 1621 4668 προκοπὴν
1652 4596 1749 4650 καὶ
1770 4594 1948 4667 χαρὰν
1982 4628 2027 4683 D

362 4689 472 4760 τῆς
501 4687 756 4752 πίστεως.
803 4689 927 4744 Ἔνι
950 4686 1062 4760 γὰρ
1096 4690 1154 4744 ὲν
1188 4688 1370 4743 πίστει
1397 4688 1693 4760 προκόψαι,
1723 4687 1786 4742 τδ
1812 4689 1951 4760 μᾶλ-

364 4780 461 4834 λον
489 4781 571 4844 εἰς
602 4778 771 4852 αὐτὴν
805 4778 1174 4851 βεϐαιωθῆναι
1206 4780 1298 4833 καὶ
1337 4779 1549 4851 χαίρειν
1586 4780 1687 4849 τὴν
1715 4797 1955 4851 πνευμα-

364 4872 529 4944 τικὴν
553 4873 752 4944 χαράν.
770 4872 959 4926 ’Τοῦτο
979 4874 1037 4926 δὲ
1078 4872 1266 4943 ἡρέμα
1314 4873 1412 4926 καὶ
1449 4872 1759 4947 ιροϐοῦντός⁹
1782 4875 1951 4928 ἐστιν.

364 4960 434 5015 ΕΙ
461 4961 575 5032 γὰρ
606 4961 674 5015 δι’
705 4962 851 5033 ὑμᾶς
881 4962 1052 5035 μενῶ,
1078 4963 1243 5032 ὁρᾶτε
1292 4961 1368 5035 μὴ
1404 4961 1809 5032 καταισχύνητέ
1850 4980 1953 5032 μου

366 5052 473 5122 τὴν
510 5052 800 5123 ἐπιμονήν.
831 5070 851 5103 ι
887 5052 1005 5105 Ἵνα
1026 5052 1088 5105 τὸ
1119 5051 1381 5123 καύχημα
1418 5052 1593 5123 ὑμῶν.
1629 5072 1648 5104 ›
1685 5052 1805 5116 Πῶς
1830 5052 1954 5106 δ’ἂν

370 5143 556 5197 αὐτῶν
595 5145 947 5215 περισσεύσοι
1004 5143 1065 5196 τὸ
1120 5143 1412 5215 καύχημα;
1462 5145 1562 5197 Διά
1600 5144 1694 5199 τοῦ
1726 5144 1953 5215 ἐστηρί-

368 5235 499 5305 χθαι
530 5237 589 5288 ἐν
607 5239 676 5307 τῇ
701 5235 904 5301 πίστει,
940 5235 1037 5290 καὶ
1087 5234 1263 5306 ὀρθῶς
1308 5234 1457 5304 βιοῦν
1500 5236 1769 5307 δηλονότι.
1807 5254 1826 5288 ι
1865 5237 1954 5290 Ἐν

366 5327 596 5398 Χριστῷ
615 5326 796 5398 Ἰησοῦ
821 5329 881 5380 ὲν
914 5326 1061 5395 ἐμοί.
1101 5345 1122 5379 ι
1155 5326 1377 5396 Ἐπειδὴ
1408 5324 1530 5379 εἷπε
1566 5327 1664 5393 τὴν
1687 5327 1955 5400 ἐπιμονὴν

367 5417 536 5472 αὐτοῦ
558 5420 640 5481 εἰς
662 5419 763 5490 τὴν
788 5418 1014 5474 ἐκείνων
1036 5418 1292 5488 γενέσθαι
1345 5420 1654 5492 προκοπὴν,
1676 5419 1773 5474 νῦν
1810 5420 1953 5474 θέλει

366 5510 542 5575 δεῖξαι
603 5511 685 5565 ὅτι
740 5512 775 5582 ἡ
833 5512 1089 5581 προκοπὴ
1147 5511 1353 5578 αὐτῶν,
1417 5514 1511 5567 καὶ
1545 5515 1625 5577 εἰς
1649 5514 1750 5585 τὴν
1786 5514 1952 5569 αὐτοῦ

368 5602 641 5671 ὠφέλειαν
665 5603 955 5667 συντείνει,
1002 5603 1093 5657 ἵνα
1132 5605 1207 5675 μὴ
1232 5604 1362 5677 δόξῃ
1403 5605 1591 5676 βαρεῖν
1626 5606 1845 5669 αὐτοὺς,
1870 5606 1955 5671 ὡς

365 5692 436 5747 δι’
464 5694 663 5759 αὐτοὺς
694 5694 789 5748 τοῦ
845 5696 1048 5749 οἰκείου
1095 5696 1370 5768 περιορῶν
1412 5696 1807 5767 συμφέροντος,
1847 5700 1951 5761 ὅτι,

366 5785 526 5857 φησὶ,
546 5786 621 5839 Τὸ
672 5786 829 5858 ὑμῶν
872 5787 1152 5859 καύχημα,
1204 5790 1299 5843 καὶ
1335 5792 1394 5841 ἐν
1437 5791 1564 5859 ἐμοὶ
1611 5790 1949 5861 περισσεύει.

372 5879 468 5934 Ἂν
492 5880 599 5953 γὰρ
627 5880 785 5951 ὑμεῖς
829 5876 931 5953 ἦτε
971 5881 1208 5953 δόκιμοι,
1244 5883 1275 5951 ὴ
1312 5881 1579 5953 καύχησις
1616 5885 1707 5938 καὶ
1740 5885 1816 5948 εἰς
1852 5884 1948 5956 ἐμὲ

2066 652 2201 702 mori
2233 655 2286 703 et
2308 662 2430 704 esse
2457 662 2583 705 eum
2613 648 2852 706 Christo.
2880 650 3269 708 Animadverte
3288 660 3470 708 autem
3494 655 3638 724 quod

2062 740 2120 795 in
2149 755 2311 794 manu
2345 752 2443 796 sua
2467 755 2592 796 esse
2636 742 2940 798 ostenderit
2995 751 3092 798 aut
3120 743 3307 800 vivere
3345 753 3441 800 aut
3474 746 3637 802 mori.

2069 850 2089 884 ι
2130 832 2399 888 Coarctor
2426 833 2575 888 enim
2614 849 2681 890 ex
2712 835 2801 892 his
2827 834 3071 893 duobus.
3111 855 3131 889 ›
3163 837 3437 905 Quoniam
3471 838 3639 909 igitur

2063 926 2196 998 quid
2217 926 2437 997 eligam,
2464 927 2679 997 ignem,
2698 929 2895 985 merito
2913 938 3166 987 coarctor
3191 945 3259 986 ex
3293 930 3379 985 his
3399 927 3639 992 duobus,

2062 1031 2261 1086 nempe
2281 1023 2377 1070 aut
2413 1015 2641 1072 dissolvi
2674 1027 2771 1073 aut
2803 1033 3024 1076 manere
3048 1021 3103 1075 in
3141 1021 3272 1074 vita.
3303 1020 3374 1076 At
3400 1021 3640 1089 interim,

2063 1125 2098 1165 ο
2128 1108 2314 1176 Paule,
2347 1123 2474 1164 eum
2501 1109 2639 1166 adeo
2689 1110 2972 1167 Christum
3022 1112 3243 1185 diligas,
3289 1127 3358 1167 an
3414 1113 3643 1169 omnino

2062 1201 2284 1256 dubitas
2305 1216 2371 1257 ac
2407 1201 2634 1257 haesitas
2660 1202 2805 1272 quid.
2836 1212 2890 1258 te
2918 1204 3119 1274 eligere
3148 1204 3446 1274 oporteat?
3474 1204 3641 1275 Atqui

2064 1289 2432 1346 indubitatum
2477 1292 2574 1347 tibi
2623 1307 2749 1348 esse
2800 1293 3024 1350 deberet
3073 1294 3219 1364 quod
3274 1294 3472 1350 melius
3536 1304 3640 1358 est,

2065 1398 2260 1453 nempe
2275 1382 2503 1443 dissolvi
2533 1393 2589 1438 et
2630 1400 2757 1440 esse
2798 1400 2923 1440 cum
2954 1385 3203 1443 Christo.
3238 1384 3399 1453 Novi,
3432 1386 3638 1457 inquit,

2066 1474 2170 1530 hoc
2224 1482 2280 1530 et
2315 1490 2439 1547 ego,
2484 1474 2820 1531 desiderium
2877 1485 3030 1533 certe
3092 1477 3302 1535 habens
3329 1477 3555 1534 dissolvi
3587 1486 3642 1533 et

2065 1581 2189 1624 esse
2230 1582 2359 1623 cum
2399 1567 2620 1624 Christo
2653 1587 2667 1623 :
2709 1583 2946 1639 cumque
2990 1570 3130 1625 hanc
3172 1580 3378 1641 partem
3437 1570 3640 1627 scirem

2066 1661 2240 1716 multo
2268 1661 2539 1732 longeque
2565 1677 2687 1718 esse
2714 1663 3010 1732 potiorem,
3050 1662 3164 1719 dixi
3193 1665 3339 1734 quod
3368 1679 3400 1720 e
3425 1664 3642 1720 duobus

2065 1760 2335 1808 coarcter.
2355 1751 2537 1820 Quare
2559 1761 2738 1808 autem
2765 1753 2904 1807 hoc?
2918 1762 3140 1824 propter
3160 1762 3416 1822 vestram,
3442 1756 3638 1826 inquit,

2067 1844 2323 1907 salutem,
2358 1851 2413 1899 et
2462 1852 2686 1914 propter
2728 1860 2849 1908 vos,
2884 1855 3240 1916 vestrumque
3267 1847 3641 1910 commodum,

1991 1916 2032 1971 Β
2061 1949 2225 2004 quam
2272 1948 2387 1989 rem
2438 1936 2616 2006 magis
2653 1936 3028 1992 necessariam
3060 1936 3206 1992 duco
3238 1954 3253 1990 :
3288 1936 3643 2007 quandoqui-

2058 2024 2181 2079 dem
2211 2038 2322 2079 non
2355 2024 2501 2093 quod
2534 2039 2715 2079 meum
2761 2033 2846 2080 est
2876 2025 3117 2089 intueor,
3178 2026 3273 2081 scd
3305 2026 3455 2095 quod
3489 2027 3644 2083 vobis

2057 2116 2299 2186 expedit.
2325 2116 2492 2172 Vides
2534 2117 2775 2172 animum
2811 2128 3213 2188 prmponcntem
3245 2117 3640 2188 discipulorum

2056 2209 2352 2265 utilitatem
2390 2225 2493 2265 suo
2520 2210 2743 2280 proprio
2773 2211 3105 2266 commodo?
3126 2209 3465 2267 Permanens
3490 2210 3639 2266 enim

2057 2315 2154 2356 eos
2185 2300 2278 2372 qui
2328 2301 2569 2372 primum
2623 2300 2878 2356 instructi
2919 2301 3137 2357 fuerant
3177 2302 3561 2367 conﬁrmabat,
3586 2310 3645 2358 et

2058 2392 2198 2449 alios
2252 2392 2590 2449 assumebat.
2640 2392 2811 2448 Multo
2846 2394 3108 2465 longique
3162 2396 3359 2451 melius
3414 2396 3642 2450 esthoc

2056 2482 2268 2540 habens
2304 2499 2335 2539 a
2378 2474 2669 2539 cummuna
2697 2500 2884 2549 sensu,
2932 2486 2984 2540 id
3012 2493 3121 2552 est,
3167 2486 3500 2542 desiderium
3543 2486 3645 2540 ba-

2055 2576 2195 2633 bens
2233 2576 2484 2644 dissolvi,
2513 2577 2725 2634 habens
2772 2580 2947 2636 multo
2995 2580 3267 2649 longeque
3297 2579 3495 2634 melius
3522 2594 3643 2634 esse

2058 2684 2181 2725 cum
2224 2668 2482 2726 Cbristo.‘
2507 2687 2527 2722 ι
2566 2670 2736 2741 Magis
2778 2672 3153 2728 necessarium
3207 2681 3431 2744 propter
3456 2688 3577 2728 vos.
3618 2690 3637 2722 ι

2058 2761 2236 2817 Etiam
2266 2776 2334 2818 ex
2368 2762 2476 2817 alio
2503 2763 2678 2834 magis
2713 2765 3090 2820 necessarium
3117 2773 3200 2821 est
3237 2779 3251 2817 :
3289 2766 3417 2835 quia
3458 2765 3644 2836 plures

2057 2869 2155 2925 per
2183 2853 2343 2907 iidem
2384 2852 2497 2909 Deo
2541 2854 2836 2923 adducere,
2868 2857 3041 2928 magis
3090 2856 3453 2912 domesticum
3514 2855 3646 2911 facit

2058 2944 2235 3015 ipsum
2261 2941 2507 2999 Christo.
2552 2961 2572 2995 ι
2612 2942 2673 2998 Ει
2703 2943 2808 2999 hoc
2844 2959 3178 3015 persuasus.
3209 2964 3228 2998 ι
3267 2945 3402 3000 Cum
3445 2944 3643 3000 ﬁducia

2056 3033 2208 3099 novi,
2268 3034 2470 3105 inquit,
2528 3034 2676 3105 quod
2716 3036 2892 3106 magis
2919 3037 3236 3093 necessaria
3281 3045 3366 3092 est
3392 3036 3444 3091 in
3476 3051 3643 3091 carne

2058 3125 2459 3197 permanentia.
2491 3144 2513 3177 ι
2548 3125 2617 3182 Ει
2673 3126 2776 3182 hoc
2828 3141 3133 3197 persuasus
3178 3127 3318 3183 scio.
3356 3145 3375 3178 ι
3408 3125 3521 3181 lloe
3558 3136 3644 3183 est

1982 3258 2027 3316 ϐ
2059 3226 2114 3275 et
2146 3218 2255 3274 hoc
2285 3226 2440 3274 certo
2485 3231 2552 3276 ac
2605 3218 2983 3275 indubitanter
3027 3220 3202 3276 norit.
3238 3219 3385 3286 Quid
3425 3227 3510 3275 est
3538 3235 3642 3273 au-

2059 3322 2166 3367 tem
2210 3309 2355 3380 quod
2396 3318 2550 3364 certo
2609 3309 2987 3364 indubitanter
3023 3311 3214 3365 novit?
3263 3310 3412 3381 quod
3468 3306 3653 3380 magis

2061 3400 2433 3457 necessarium
2482 3409 2567 3457 est
2626 3408 2854 3472 propter
2906 3416 3003 3457 vos
3054 3415 3281 3456 manere
3339 3402 3397 3455 in
3450 3415 3638 3456 carne.

2058 3492 2267 3549 Deinde
2296 3493 2418 3549 seio
2446 3493 2595 3563 quod
2642 3492 2942 3550 mansurus
2982 3493 3084 3549 sim
3132 3500 3189 3550 et
3229 3508 3353 3548 cum
3383 3493 3643 3549 omnibus

2056 3587 2215 3644 vobis
2246 3601 2668 3658 permansurus.
2701 3586 2838 3645 Nam
2884 3603 2914 3642 a
2971 3586 3252 3643 Communi
3288 3601 3453 3641 sensu
3490 3602 3644 3655 repe—

2060 3676 2280 3733 tendum
2315 3686 2422 3740 est,
2454 3676 2594 3732 seio.
2626 3677 2735 3732 Aut
2773 3677 2939 3733 etiam
2984 3677 3041 3732 in
3064 3684 3237 3732 totum
3298 3693 3329 3731 a
3360 3678 3642 3732 communi

2056 3782 2223 3823 sensu
2256 3774 2531 3833 sumatur,
2582 3783 2781 3837 nempe
2827 3768 3276 3838 persuasusscio
3309 3783 3417 3821 non
3461 3767 3640 3822 solum

2055 3860 2203 3930 quod
2248 3863 2424 3935 magis
2475 3860 2855 3916 necessarium
2907 3861 2981 3915 sit
3009 3874 3098 3915 me
3136 3859 3191 3912 in
3219 3874 3385 3914 carne
3408 3872 3640 3926 perma«

2055 3962 2208 4012 nere,
2234 3947 2331 4004 sed
2352 3947 2499 4019 quod
2537 3946 2704 4001 etiam
2733 3961 2921 4002 marsu
2940 3962 3036 4000 rus
3058 3948 3163 4001 sim
3200 3955 3255 4000 et
3292 3960 3417 3999 cum
3462 3944 3641 3998 omni-

2054 4038 2160 4095 bus
2217 4038 2377 4094 vobis
2425 4052 2853 4109 permansurus.
2903 4034 3042 4091 Cum
3094 4036 3239 4091 enim
3298 4035 3521 4090 arcanis
3573 4049 3641 4089 ac

2055 4128 2378 4185 coelestibus
2409 4128 2694 4200 mysteriis
2740 4128 2996 4183 initiatus
3050 4134 3219 4192 esset,
3274 4126 3384 4196 76
3413 4133 3640 4180 noverat

2054 4223 2222 4277 vitam
2252 4238 2415 4278 suam
2448 4237 2558 4279 non
2611 4222 2666 4277 in
2704 4222 2960 4294 ambiguo
2993 4236 3117 4277 esse
3147 4221 3332 4286 sitam,
3363 4220 3457 4275 sed
3490 4218 3637 4289 quod

2055 4330 2205 4372 nunc
2230 4364 2233 4373 .
2263 4316 2447 4372 adhuc
2490 4323 2780 4386 superstes
2812 4329 3218 4384 permansurus
3251 4325 3421 4367 esset.
3449 4311 3639 4367 Potest

2052 4418 2238 4465 autem
2273 4408 2399 4479 quis
2447 4408 2560 4462 alio
2592 4407 2758 4463 modo
2804 4407 2906 4462 hac
2937 4405 3209 4461 sententia
3254 4402 3531 4468 ordinata,
3562 4402 3637 4456 ita

2052 4502 2359 4574 promptius
2392 4501 2713 4571 intelligere.
2732 4499 3086 4564 Permanere,
3122 4497 3318 4567 inquit,
3349 4494 3523 4565 magis
3545 4510 3641 4549 nc-

2053 4597 2356 4653 cessarium
2380 4603 2467 4652 est
2494 4604 2721 4665 propter
2756 4609 2856 4649 vos
2885 4610 2899 4646 :
2930 4592 3147 4656 deinde,
3180 4590 3245 4645 Et
3272 4592 3342 4645 ad
3375 4590 3490 4644 lucc
3511 4603 3638 4658 per-

2057 4704 2276 4750 suasus,
2295 4689 2495 4760 inquit,
2510 4680 2655 4760 quod
2678 4689 2858 4758 magis
2880 4685 3254 4742 necessarium
3274 4685 3345 4741 sit
3363 4685 3475 4738 seio
3492 4680 3641 4752 quod

2057 4793 2355 4840 mansurus
2383 4779 2509 4841 sim,
2554 4779 2831 4849 simulque
2859 4793 2983 4833 eum
3021 4777 3280 4832 omnibus
3307 4776 3462 4832 vobis
3515 4791 3639 4845 per-

2055 4887 2377 4929 mansurus.
2420 4889 2439 4925 ι
2471 4870 2534 4927 Et
2559 4886 2684 4926 eum
2714 4872 2974 4926 omnibus
2993 4870 3150 4925 vobis
3172 4883 3586 4939 permansurus.
3614 4887 3633 4920 ι

2054 4966 2202 5029 Scio,
2247 4965 2444 5037 inquit,
2481 4964 2628 5035 qnod
2682 4978 2978 5018 mansurus
3009 4963 3135 5025 sim,
3158 4973 3212 5016 et
3235 4976 3359 5015 cum
3382 4961 3639 5015 omnibus

2058 5056 2212 5111 vobis
2235 5070 2652 5125 permansurus.
2678 5053 3136 5124 Quandoquidem
3164 5054 3310 5107 enim
3339 5066 3638 5123 persuaSIts

2056 5163 2179 5203 sum
2211 5148 2386 5217 magis
2443 5146 2816 5202 necessarium
2874 5160 2998 5201 esse
3048 5160 3295 5212 manere,
3341 5146 3459 5199 scio
3491 5142 3639 5212 quod

2056 5250 2354 5291 mansurus
2383 5234 2488 5288 sim
2519 5249 2628 5288 non
2664 5234 2844 5288 solum
2897 5232 2952 5287 in
2986 5232 3246 5297 vinculis,
3276 5230 3635 5287 rcrumetiam

2057 5344 2169 5385 una
2201 5327 2488 5383 vobiscum
2542 5337 2595 5380 et
2629 5339 2724 5381 vos
2754 5326 2978 5382 visurus
3009 5327 3137 5383 sint.
3168 5325 3398 5380 Manebo
3428 5331 3639 5387 autem,

2053 5422 2152 5487 ait,
2182 5420 2251 5475 ad
2308 5428 2550 5475 vestrum
2604 5418 2911 5487 proiectum
2942 5430 2998 5474 et
3027 5420 3285 5490 gaudium
3315 5416 3461 5470 ﬁdei.
3494 5415 3641 5469 Con-
3750 5436 3759 5447 ι

2055 5516 2218 5583 tingit
2259 5514 2405 5566 enim
2442 5513 2499 5564 in
2528 5512 2631 5565 (ide
2673 5510 3048 5581 procedendo.
3096 5506 3273 5576 magis
3318 5506 3371 5567 iu
3402 5519 3467 5558 ea
3499 5519 3638 5560 con-

2057 5606 2287 5670 Iirmari,
2316 5612 2371 5658 et
2405 5604 2641 5674 gaudere
2679 5603 2952 5672 spirituali
2999 5598 3222 5670 gaudio.
3278 5595 3395 5651 Hoc
3445 5606 3633 5651 autem

2055 5701 2222 5755 etiam
2276 5708 2363 5753 cst
2411 5698 2589 5752 obiter
2645 5694 2925 5750 terrentis.
2987 5689 3121 5744 Nam
3170 5690 3216 5743 si
3263 5696 3484 5759 pronior
3531 5703 3637 5743 vos

2057 5806 2352 5847 mansurus
2382 5806 2527 5853 smn,
2579 5788 2780 5850 videte,
2830 5784 3029 5853 inquit,
3080 5796 3147 5836 ne
3176 5796 3274 5836 vus
3299 5797 3471 5836 meam
3504 5795 3638 5848 per-

2057 5881 2421 5942 severantiam
2454 5876 2881 5949 pndeiaciatis.t
2914 5872 2979 5930 Ut
3005 5874 3181 5943 gloria
3217 5880 3413 5930 vestra.
3444 5872 3628 5939 sQuo-
