4000 6554
289 371 428 440 1277

1312 385 1702 448 COMMENT.
1745 387 1828 450 IN
1856 390 2097 454 EPIST.
2132 396 2232 458 AD
2261 399 2551 462 PHILIP.

3433 411 3576 478 1278

282 491 377 546 καὶ
426 490 706 558 ἀπωλείας
740 493 912 550 αἴτια.
949 465 1114 566 Λέγει
1140 496 1198 551 δι
1235 499 1367 570 περι
1403 517 1566 554 τινων
1603 499 1871 566 ἀπίστων,

1999 514 2033 559 ιι
2059 523 2224 564 causa
2247 511 2592 581 perditionis.
2630 512 2904 586 Loquitur
2927 521 3114 571 autem
3139 515 3209 571 de
3239 465 3572 590 quibus-dan:

279 583 679 654 ἀντικειμένων
718 585 797 658 τῷ
825 587 1171 659 κηρύγματι.
1209 609 1228 642 ι
1248 590 1372 644 Ὀτι
1402 591 1870 664 ὑμῖνέχαρίσθη.»

284 675 431 752 ξορα
464 675 586 741 πῶς
623 677 727 731 οὐκ
753 673 862 731 οἶδε
902 679 1170 750 διαφορὰν
1208 680 1309 751 τῆς
1341 680 1437 734 τοῦ
1470 682 1683 754 Πατρδς
1712 682 1746 752 ἢ
1775 684 1877 755 τῆς

279 767 378 822 τοῦ
413 768 544 822 Υιοῦ
581 768 797 839 βουλῆς.
825 770 1012 824 Εἰπὼν
1036 771 1148 843 γὰρ
1177 772 1260 826 ὅτι
1285 773 1560 828 καὶτοῦτο
1582 775 1690 828 ἀπὸ
1715 774 1875 840 Θεοῦ,

282 862 508 931 ἐπάγει,
545 863 670 917 Ὀτι
719 864 856 934 ὑμῖν
912 864 1176 936 ἐχαρίσθη
1236 865 1342 920 ὑπὸ
1389 867 1655 937 Χριστοῦ,
1690 867 1878 938 κοινὴν

280 954 495 1025 δωρεὰν
527 954 738 1026 [ἰατρὸς
764 955 858 1008 καὶ
889 954 1020 1008 Υῑοῦ
1051 955 1338 1026 τιθέμενος
1363 955 1424 1010 τὸ
1447 957 1712 1028 πρᾶγμα·
1750 975 1769 1009 ι
1805 956 1880 1010 Τὸ

284 1047 430 1117 ὑπὲρ
461 1047 726 1120 Χριστοῦ.
761 1067 781 1100 ι
815 1048 1020 1113 Μεῖζον
1061 1035 1155 1103 καὶ
1175 1048 1604 1121 ἀξιολογώτερον
1621 1049 1794 1105 ποιῶν
1818 1049 1878 1104 τὸ

285 1143 394 1196 ὑπὸ
422 1140 532 1196 τῶν
560 1143 960 1214 ἀντικειμένων
988 1142 1069 1213 τῷ
1114 1143 1437 1215 κηρύγματι
1461 1143 1875 1215 διενοχλεϊσθαι,

281 1237 396 1292 ὑπὸ
451 1237 590 1291 Θεοῦ
645 1238 794 1306 λέγει
853 1238 1038 1304 αὐτοῖς
1090 1238 1253 1294 τοῦτο
1299 1239 1665 1312 δεδωρῆσθαι,
1691 1242 1752 1296 τὸ
1784 1262 1879 1298 πι-

286 1327 514 1384 στεῦσαι
547 1329 796 1402 Χριστῷ,
815 1329 926 1398 ⁸καὶ¹
963 1331 1026 1385 τὸ
1055 1329 1302 1388 ὲναθλεῖν
1333 1331 1598 1388 δύνασθαι
1618 1334 1730 1399 τοῖς
1763 1351 1884 1390 πει-

288 1438 550 1491 ρασμοις.

363 1602 478 1657 Τὸν
507 1603 697 1659 αὑτὸν
725 1601 928 1674 ἀγῶνα
969 1605 1244 1676 ἔχοντες,
1279 1600 1413 1661 οἷον
1441 1605 1600 1660 ἴδετε
1637 1605 1708 1660 ἐν
1727 1603 1877 1674 ἐμοὶ,

284 1695 385 1749 καὶ
416 1695 533 1751 νῦν
564 1696 817 1752 ἀκούετε
845 1697 916 1751 ἐν
944 1698 1096 1770 ἐμοι.
1132 1697 1204 1754 ει
1237 1716 1329 1765 τις
1351 1693 1465 1755 οὖν
1493 1696 1886 1765 παράκλησις

282 1783 362 1836 ἐν
393 1781 648 1851 Χριστῷ,
678 1784 734 1838 ει
761 1802 815 1839 τι
855 1787 1231 1856 παραμύθιον
1259 1788 1524 1857 ἀγάπης,
1550 1787 1608 1842 ετ
1631 1805 1722 1854 τις
1759 1804 1886 1842 κοι-

282 1876 474 1930 νωνία
502 1878 870 1948 Hii-stipatae,
900 1880 955 1933 ει
974 1879 1420 1950 τιςῗσπλὰγκνα
1446 1856 1544 1935 καὶ
1567 1879 1882 1950 οὶκτιρμοὶ,
1915 1856 1959 1914 ³

285 1969 651 2038 πληρώσατέ
678 1989 800 2042 μου
827 1973 943 2041 τὴν
958 1973 1172 2043 χαρὰν,
1197 1975 1299 2028 ἵνα
1324 1973 1392 2028 τὸ
1419 1974 1566 2029 αὐτὸ
1591 1973 1880 2044 φρονῆτε,

284 2060 405 2132 τὴν
453 2062 652 2130 αὐτὴν
696 2065 942 2135 ἀγάπην
995 2066 1271 2136 ἔχοντες,
1327 2067 1668 2138 σύμψυχοι,
1703 2065 1772 2121 τὸ
1814 2065 1886 2121 ἓν

286 2151 681 2219 φρονοῦντες,
707 2154 904 2223 μηδὲν
950 2157 1103 2211 κατὰ
1143 2156 1424 2227 ἐρίθειαν,
1462 2157 1502 2225 ἢ
1529 2159 1681 2212 κατὰ
1705 2174 1884 2212 κενο-

287 2243 506 2311 δοξίαν
534 2288 549 2313 ,
603 2247 766 2302 ἀλλὰ
830 2246 905 2316 τῇ
965 2251 1500 2320 ταπεινοφροσύνῃ
1565 2249 1886 2318 ἀλλήλους

286 2337 612 2408 ἡγούμενοι
651 2339 1068 2410 ὑπερέχοντας
1113 2341 1348 2396 ἑαυτῶν
1379 2342 1468 2411 μὴ
1528 2342 1600 2395 τὰ
1649 2340 1888 2396 ἑαυτῶν

286 2431 554 2497 ἕκαστος
595 2432 902 2498 σκοπεῖτε,
937 2433 1100 2490 ἀλλὰ
1127 2434 1227 2488 καὶ
1257 2435 1324 2489 τὸ
1344 2434 1568 2504 ἐτέρων
1603 2433 1886 2500 ἕκαστος.

359 2523 561 2590 Βαϐαὶ,
591 2519 704 2579 οἷόν
743 2528 861 2580 ἐστι
891 2525 951 2580 τδ
977 2526 1069 2580 τὸν
1100 2527 1290 2596 ἀγῶνα
1319 2527 1517 2598 Παύλῳ
1552 2527 1699 2598 ἔχειν
1725 2530 1738 2583 l
1775 2525 1883 2580 Τύ-

289 2635 392 2682 πος
425 2619 538 2689 γὰρ
564 2619 750 2682 αὐτοῖς
778 2620 806 2673 ὁ
841 2620 1054 2684 Παῦλος
1085 2621 1307 2688 ἐγένετο
1337 2620 1585 2692 ἀθλήσας
1611 2623 1670 2676 ὲν
1693 2621 1886 2675 Φιλίπ-

289 2723 440 2770 ποις,
469 2706 587 2770 πῶς
618 2707 700 2760 δεῖ
731 2708 872 2780 ὑπὲρ
904 2709 1004 2778 τῆς
1045 2709 1286 2773 πίστεως
1343 2711 1739 2780 ἀγωνίζεσθαι.
1773 2729 1794 2765 ι
1823 2709 1893 2764 Et

286 2814 376 2858 τις
409 2794 504 2851 οὖν
528 2798 904 2871 παράκλησις.
931 2819 950 2852 ι
981 2798 1048 2853 Εἴ
1079 2818 1185 2866 τις,
1216 2801 1407 2873 φησὶν,
1463 2803 1594 2874 ὑμῖν
1624 2802 1760 2873 ὲμοῦ
1795 2803 1887 2874 γι,-

289 2905 443 2942 νεται
471 2889 648 2958 λόγος,
684 2893 778 2945 καὶ
805 2890 859 2944 ei
883 2892 1008 2946 τινά
1033 2910 1126 2964 μοι
1152 2892 1407 2964 βούλεσθε
1453 2893 1800 2966 παράκλησιν
1833 2895 1892 2948 ἐν

289 2983 409 3046 τοῖς
443 2987 775 3054 πειρασμοῖς
824 2983 1034 3048 δοῦναι,
1069 2987 1163 3039 καὶ
1193 2987 1248 3039 εἰ
1283 3003 1407 3040 τινα
1438 2987 1798 3058 παραμυθίαν
1830 2986 1894 3053 ἐξ

1979 600 2302 669 incredulis,
2327 605 2422 675 qui
2454 604 2831 675 pradicationi
2859 606 3338 676 adversabantur,
3383 630 3403 665 ι
3430 612 3574 681 Quia

1981 694 2143 749 vobis
2163 695 2429 752 donatum
2475 707 2582 754 est.
2618 715 2639 751 ι
2671 697 2811 755 Vide
2853 701 3000 770 quod
3044 717 3152 757 non
3185 703 3403 758 noverit
3422 703 3578 762 dide-

1981 787 2220 844 rentiam
2273 789 2582 847 voluntatis
2612 790 2796 848 Patris
2859 807 2892 847 a
2949 794 3228 852 volontate
3261 793 3411 852 Filii.
3437 797 3576 854 Cum

1981 879 2128 936 enim
2152 880 2385 938 dixisset
2429 884 2573 955 quod
2603 885 2706 940 hoc
2745 901 2965 957 quoque
3004 902 3036 942 a
3072 886 3181 944 Deo
3212 889 3306 953 sit,
3337 889 3574 960 subjun-

1984 972 2099 1043 git:
2123 973 2264 1040 Quia
2291 976 2450 1032 vobis
2485 976 2749 1032 donatum
2786 989 2869 1034 est
2893 996 2923 1034 a
2949 978 3196 1036 Christo.
3243 980 3402 1052 (Nam
3435 982 3578 1054 ὑπὲρ

1983 1066 2198 1136 capitur
2221 1083 2321 1139 pro
2351 1069 2480 1136 ὑπὸ,
2522 1071 2585 1125 id
2621 1079 2731 1137 est,
2779 1071 2834 1142 α)
2870 1087 2983 1129 rem
3019 1090 3233 1144 ponens
3271 1089 3392 1146 quae
3425 1089 3546 1131 com
3575 1101 3582 1110 -

1984 1173 2152 1216 mune
2188 1161 2259 1216 sit
2289 1161 2495 1218 donum
2517 1162 2697 1218 Patris
2726 1179 2792 1220 ac
2812 1164 2955 1221 Filii.
2999 1185 3017 1218 ι
3057 1165 3172 1224 lloc
3211 1183 3242 1222 a
3273 1165 3518 1222 Christo.
3551 1185 3570 1220 ι

1985 1248 2163 1324 Majus
2211 1267 2276 1308 ac
2309 1253 2530 1324 dignius
2574 1255 2808 1311 reddens
2863 1257 3144 1314 molestias
3184 1257 3331 1314 ferre
3386 1258 3455 1312 ab
3491 1255 3578 1312 his

1985 1344 2080 1414 qui
2107 1346 2486 1414 prtedicationi
2523 1349 2911 1414 adversantur,
2943 1350 3078 1406 dicit
3111 1365 3142 1404 a
3179 1351 3288 1407 Deo
3314 1351 3418 1406 hoc
3444 1349 3579 1421 ipsis

1985 1435 2174 1492 datum
2215 1453 2360 1506 esse,
2388 1448 2503 1495 tum
2545 1449 2605 1496 ut
2629 1441 2682 1496 in
2713 1441 3004 1496 Christum
3029 1443 3341 1511 crederent,
3371 1453 3488 1500 tum
3518 1449 3580 1498 ut

1985 1542 2112 1582 cum
2137 1528 2273 1599 ipsis
2297 1529 2691 1590 alﬂictionibus
2733 1533 3018 1590 decertare
3044 1545 3290 1605 possent.

2059 1618 2102 1685 Ι,
2147 1618 2246 1688 50;
2275 1620 2340 1688 ll,
2365 1609 2488 1706 ἰτα
2542 1620 2690 1678 Idem
2725 1633 2994 1680 certamen
3022 1625 3271 1682 habentes
3311 1627 3467 1694 quale
3495 1627 3580 1682 ui-

1987 1707 2146 1762 distis
2173 1709 2229 1762 in
2265 1725 2368 1774 me,
2417 1719 2468 1764 et
2516 1727 2657 1765 nunc
2688 1712 2891 1767 auditis
2921 1713 2974 1766 in
3007 1729 3108 1768 me.
3152 1711 3214 1768 Si
3261 1731 3367 1785 qua
3416 1717 3582 1786 igitur

1990 1795 2286 1850 consolatio
2309 1798 2362 1850 in
2396 1795 2630 1865 Christo,
2667 1800 2714 1853 si
2741 1800 2878 1870 quod
2917 1799 3192 1865 solatium,
3227 1801 3276 1856 si
3303 1810 3583 1873 qua‘com-

1990 1885 2174 1939 munia
2201 1884 2462 1956 Spiritus,
2489 1888 2536 1941 si
2551 1903 2656 1958 qua
2681 1889 2885 1943 viscera
2917 1905 2980 1942 ac
3016 1891 3406 1954 miserationes,
3437 1906 3582 1945 com-

1991 1974 2129 2044 plete
2145 1991 2325 2030 meum
2345 1977 2626 2047 gaudium,
2645 1986 2703 2032 ut
2720 1977 2969 2032 similiter
2989 1980 3166 2048 effecti
3189 1981 3583 2046 sitis,eamdem

1989 2063 2310 2121 alacritatem
2343 2065 2618 2132 habentes,
2655 2059 2958 2133 unanimes,
2991 2069 3132 2124 idem
3183 2071 3493 2138 sentientes,
3520 2086 3586 2127 ne

1991 2153 2120 2224 quid
2147 2154 2246 2224 ﬁat
2267 2169 2362 2220 per
2381 2156 2770 2210 contentionem
2803 2165 2897 2211 aut
2924 2171 3017 2226 per
3069 2159 3281 2213 inanem
3327 2159 3583 2230 gloriam,

1993 2247 2086 2302 sed
2123 2263 2216 2316 per
2263 2248 2622 2304 humilitatem
2663 2251 2833 2305 animi
2896 2250 3066 2307 alium
3107 2254 3327 2323 quisque
3368 2269 3422 2308 se
3445 2269 3586 2324 prte-

1994 2337 2310 2393 stantiorem
2343 2339 2632 2404 existimet,
2673 2357 2738 2394 ne
2769 2358 2872 2396 sua
2923 2344 3145 2414 quisque
3197 2344 3469 2414 spectetis,
3491 2345 3583 2397 sed

1995 2429 2360 2500 unusquisque
2391 2445 2510 2499 qua:
2540 2439 2666 2486 sunt
2690 2430 2945 2508 aliorum.

2065 2520 2246 2593 Papae,
2270 2533 2542 2593 quantum
2583 2533 2670 2580 est
2705 2524 2910 2580 habere
2931 2525 3076 2580 idem
3112 2541 3235 2582 cum
3264 2525 3439 2581 Paulo
3466 2539 3589 2582 cer-

1994 2620 2203 2668 tamen.
2250 2615 2456 2671 Factus
2516 2624 2604 2672 est
2658 2618 2807 2673 enim
2866 2617 3070 2673 Paulus
3117 2619 3256 2689 ipsis
3303 2622 3589 2690 exemplar

1993 2722 2122 2764 cum
2185 2707 2478 2780 Philippus
2557 2719 2818 2773 certaret,
2875 2709 3154 2780 quomodo
3203 2720 3455 2781 oporteat
3488 2726 3588 2782 pro

1995 2799 2106 2854 ﬁde
2135 2808 2372 2856 certare.
2410 2820 2430 2853 ι
2466 2801 2524 2856 Si
2560 2816 2668 2872 qua
2715 2802 2888 2873 igitur
2915 2802 3247 2858 consolatio.
3291 2822 3310 2856 ι
3348 2802 3404 2857 Si
3454 2819 3586 2875 qua,

1995 2893 2198 2963 inquit,
2262 2895 2418 2951 vobis
2466 2896 2573 2950 mei
2619 2897 2763 2952 ratio
2810 2897 3083 2964 habetur,
3137 2897 3242 2954 etsi
3302 2914 3467 2969 quam
3529 2895 3586 2954 in

1999 2989 2394 3046 aliIictionibus
2423 2989 2558 3046 mihi
2595 2990 2727 3046 dare
2762 2990 2930 3046 vultis
2973 2991 3438 3058 consolationem,
3481 2991 3590 3048 etsi

291 3077 517 3146 ἀγάπης
545 3076 879 3145 κινούμενοι,
906 3077 1237 3148 πληρώεατέ
1273 3095 1376 3148 μου
1399 3078 1498 3148 τὴν
1521 3077 1721 3148 χαράν.
1766 3097 1785 3130 ι
1826 3080 1889 3133 El

2003 3082 2143 3153 ’μιοά
2175 3083 2434 3138 solatium
2465 3083 2599 3138 moti
2647 3097 2714 3138 ex
2748 3084 3041 3146 charitate,
3084 3084 3356 3153 complete
3405 3099 3586 3139 meum

289 3186 378 3231 τις
413 3169 668 3222 κοινωνία
691 3168 1036 3239 Πνεῦματος.
1071 3188 1091 3222 s
1120 3170 1183 3223 Ei
1201 3170 1380 3240 ἔχετε,
1415 3171 1572 3242 φησὶ,
1608 3161 1727 3242 μετ’
1748 3170 1886 3243 ἐμοῦ

1999 3174 2278 3245 gaudium.
2311 3191 2332 3225 ι
2359 3173 2544 3244 Siqua
2575 3173 2894 3228 communio
2925 3171 3219 3243 Spiritus.)
3261 3172 3316 3227 Si
3347 3172 3586 3236 habetis,

293 3259 582 3314 κοινωνίαν
607 3261 664 3314 ὲν
691 3260 769 3331 τῷ
791 3261 933 3332 ἁγίῳ
955 3261 1256 3330 Πνεύματι,
1294 3262 1391 3315 καὶ
1423 3265 1472 3316 ει
1505 3262 1653 3317 ἔστιν
1678 3263 1736 3317 ἐν
1757 3265 1890 3335 ὑμῖν

295 3354 630 3424 σπλάγχνων
653 3355 749 3408 καὶ
773 3355 1078 3426 οἰκτιρμῶν
1108 3373 1180 3422 τι,
1208 3354 1537 3428 πληρώσατέ
1571 3374 1698 3427 μου,
1732 3360 1888 3428 φησὶ,

291 3448 394 3518 τὴν
447 3449 623 3517 χαρὰν
657 3448 716 3500 ἐν
761 3448 838 3518 τῷ
883 3447 1150 3518 ἀλλήλους
1205 3449 1448 3520 ἀγαπᾷν,
1505 3448 1639 3502 ὡσεὶ
1681 3449 1888 3520 ἔλεγεν·

297 3540 365 3593 Et
393 3556 515 3591 τινα
543 3538 781 3610 ἀμοιϐήν
813 3556 904 3610 μοι
936 3538 1127 3594 δοῦναι
1161 3539 1481 3610 ὲποφειλετε
1509 3541 1651 3612 ὑπὲρ
1675 3541 1782 3596 τῶν
1813 3541 1892 3606 εἰς

295 3633 446 3701 ὑμᾶς
471 3631 652 3685 πόνων
687 3647 812 3703 μου,
847 3634 907 3686 ὲν
957 3634 1135 3704 τούτῳ
1171 3649 1261 3704 μοι
1288 3635 1543 3697 ἀπόδοτε.
1581 3635 1640 3688 ὲν
1676 3633 1755 3704 τῷ
1795 3633 1893 3688 ἁλ-

294 3726 496 3795 λήλους
537 3727 776 3797 ἀγαπᾷν.
814 3743 832 3778 ι
865 3726 984 3779 Ἵνα
1034 3725 1096 3779 τὸ
1141 3725 1275 3779 αὐτὸ
1327 3726 1585 3800 φρονῆτε.
1628 3745 1646 3779 ι
1674 3727 1784 3782 Καὶ
1837 3725 1892 3780 τί

296 3821 449 3874 ἐστιν
475 3818 504 3872 δ
533 3818 714 3886 βούλει
752 3818 874 3871 ἀντὶ
922 3819 1146 3873 πάντων
1191 3819 1613 3890 παρασχεθῆναι
1644 3836 1730 3873 σοι
1758 3820 1893 3891 παρ’

297 3912 496 3983 ήμῶνς
537 3909 673 3976 Ἰνα,
695 3911 928 3981 equino
957 3911 1089 3964 αῦτδ
1119 3913 1378 3982 φρονῆτε,
1405 3912 1503 3964 καὶ
1538 3909 1730 3982 μηδεὶς
1759 3911 1897 3982 πρὸς

296 4008 604 4080 τδνετερον
653 4007 923 4081 στασιάζῃ
957 4025 970 4038 ·
1003 4007 1036 4077 ἢ
1077 4007 1173 4060 καὶ
1215 4008 1348 4079 περὶ
1383 4006 1478 4062 τοῦ
1507 4006 1780 4077 δόγματος
1808 4005 1899 4059 λέ-

297 4120 410 4170 γει,
446 4103 567 4155 ἀντὶ
591 4103 811 4156 πάντων
864 4099 1045 4172 ζητῶν
1082 4100 1143 4153 τδ
1173 4101 1500 4172 ὁμογνωμον
1553 4101 1634 4165 εἰς
1667 4100 1767 4173 τὴν
1798 4101 1897 4154 πί·

299 4209 442 4248 στιν.
480 4211 500 4246 ι
538 4192 652 4264 τὴν
686 4193 858 4262 αὐτὴν
890 4192 1114 4263 ἀγάπην
1148 4190 1385 4262 ἔχοντες.
1416 4208 1435 4241 ι
1471 4190 1562 4261 Μὴ
1588 4191 1669 4253 εις
1697 4187 1900 4262 πολλὴν

297 4287 397 4340 καὶ
425 4287 507 4350 εἰς
528 4285 738 4355 ὀλίγην,
765 4283 904 4338 ἀλλὰ
934 4284 1034 4354 τὴν
1082 4284 1206 4354 ῐσην
1234 4284 1328 4337 καὶ
1367 4281 1472 4353 τὴν
1517 4281 1688 4353 αὐτὴν
1721 4281 1892 4336 ἄποινα

297 4396 414 4442 τες.
448 4396 468 4430 ι
522 4377 823 4448 Ὀμέιψυχοι
853 4380 1154 4446 γινόμενοι.
1188 4395 1207 4429 ι
1235 4375 1410 4430 Τοῦτο
1439 4375 1550 4446 γὰρ
1587 4376 1649 4428 τὸ
1682 4372 1900 4445 σύμφυ-

298 4490 410 4547 χοι.
441 4472 610 4526 Πάλιν
633 4471 981 4535 διπλασιάζει
1012 4471 1072 4524 τὸ
1099 4471 1449 4541 ὁμοφρονεϊν.
1490 4487 1508 4521 ι
1538 4467 1721 4539 Μηδὲν
1754 4465 1899 4521 κατὰ

301 4545 566 4638 ἑρίθειαν.
611 4583 630 4616 ι
667 4566 870 4619 Λοιπὸν
901 4565 996 4618 καὶ
1023 4561 1441 4628 διδάσκει,-πῶς
1480 4560 1560 4614 ἔνι
1586 4559 1897 4630 ὁμοψύχους
1931 4545 1974 4598 D

300 4655 466 4714 εἶναι.
499 4657 704 4728 Μηδὲν,
743 4657 897 4728 φησὶ,
960 4655 1080 4710 κατ’
1121 4656 1385 4726 ἐρίθειαν,
1417 4655 1687 4718 τουτέστι,
1735 4651 1896 4722 ζῆλον

301 4757 336 4826 ἢ
375 4750 731 4824 φιλονεικίαν,
760 4751 792 4822 ἢ
825 4748 966 4803 κατὰ
995 4748 1304 4813 κενοδοξίαν
1333 4747 1635 4810 ποιοῦντες.
1669 4764 1687 4798 ι
1735 4743 1900 4799 Ἀλλὰ

301 4851 370 4919 τῇ
404 4843 931 4916 ταπεινοφροσύνῃ.»
960 4842 1155 4909 Βαϐαὶ,
1183 4837 1298 4896 οἷον
1327 4842 1508 4910 λέγειῑ
1548 4841 1648 4895 Διὰ
1667 4841 1766 4910 τῆς
1795 4857 1895 4892 ταο

305 4937 767 5008 πεινοφροσύνης,
811 4936 996 5007 φησὶν,
1042 4934 1274 4997 ἕκαστος
1315 4931 1673 5003 ἡγείσοω’τδν
1711 4931 1896 5002 ἕτερον

307 5032 623 5102 ὑπερέχειν,
680 5029 774 5083 καὶ
839 5027 1066 5099 μείζονα
1125 5024 1264 5080 εἶναι
1311 5027 1453 5080 κατὰ
1492 5026 1670 5079 πάντα
1702 5022 1894 5078 αὐτοῦ.

305 5125 472 5191 Μέγα
507 5123 606 5193 μὲν
643 5122 774 5191 γὰρ,
812 5120 872 5173 τὸ
898 5121 1003 5173 κᾶν
1037 5121 1096 5172 τὸ
1141 5117 1198 5171 ἓν
1235 5118 1401 5188 μέρος
1444 5116 1716 5188 ἡγεῖσθαι,
1748 5116 1831 5168 ὅτι
1869 5115 1896 5168 ὁ

305 5217 460 5272 δεῖνά
492 5234 594 5287 μου
629 5216 882 5287 προάγει.
915 5213 978 5266 El
1016 5212 1123 5284 γὰρ
1165 5209 1324 5264 τοῦτο
1363 5210 1655 5282 ἡγήσεται,
1695 5209 1788 5262 καὶ
1818 5226 1899 5262 τι-

310 5309 501 5379 μήσει,
554 5308 650 5360 καὶ
697 5305 1151 5376 αἰσχυνθήσεται,
1182 5303 1275 5356 καὶ
1325 5303 1627 5373 ἀγαπήσει,
1653 5302 1749 5355 καὶ
1775 5302 1897 5356 οὐδὲ

310 5399 575 5471 φθονήσει
603 5416 618 5432 ⁸
648 5401 892 5469 κρεῖττον
947 5399 1055 5468 γὰρ
1097 5396 1296 5466 φθόνου
1350 5395 1411 5448 τὸ
1451 5394 1739 5466 ὑπερέχον,
1775 5395 1896 5447 ἐπεὶ

312 5494 452 5565 πρὸς
482 5493 574 5546 τὸν
602 5492 916 5553 ἀντίπαλον,
961 5493 988 5544 ὁ
1041 5490 1236 5560 φθόνος
1259 5488 1508 5558 γίνεσθαι
1539 5487 1705 5556 φιλεῖ.
1747 5489 1812 5541 El
1841 5489 1897 5542 δὲ

311 5587 407 5640 καὶ
438 5587 502 5639 ὲκ
524 5587 632 5639 τῶν
658 5585 752 5638 δύο
799 5584 982 5655 μερῶν
1013 5582 1166 5636 ἔσται
1197 5581 1336 5652 α’ὑτη
1377 5583 1410 5651 ἡ
1445 5581 1642 5650 οἴησις,
1674 5580 1775 5650 ὅρα
1802 5579 1898 5650 τὴν

311 5681 538 5752 εἰρήνην
561 5681 682 5752 ὅση.
710 5679 853 5749 Ὅρα
903 5677 996 5731 δὲ’
1023 5677 1138 5730 Οὐκ
1195 5670 1317 5728 εἶπε
1377 5673 1654 5746 μείζονας,
1701 5671 1838 5739 ἀλλ’,
1871 5672 1899 5726 ὃ

313 5771 480 5826 πλέον
531 5767 622 5843 ἦν,
681 5771 1055 5842 ὑπερέχοντας
1111 5769 1298 5838 φησὶν,
1360 5765 1589 5821 ἑαυτῶν.
1635 5782 1654 5816 ι
1687 5765 1779 5833 Μὴ
1830 5763 1899 5819 τὰ

318 5863 529 5919 ἑαυτῶν
579 5863 831 5927 ἕκαστος.
881 5884 898 5914 ι
932 5863 1098 5916 Ὅταν
1162 5859 1269 5930 γὰρ
1320 5859 1378 5914 τὸ
1433 5858 1564 5913 ἴδιον
1623 5857 1897 5930 συμφέρον

1994 3266 2194 3337 inquit,
2229 3281 2442 3322 mecum
2469 3266 3025 3322 communicationem
3045 3266 3099 3320 in
3131 3264 3338 3336 Spiritu
3368 3273 3586 3320 sancto:

1991 3361 2098 3416 etsi
2138 3359 2271 3431 quid
2302 3359 2360 3414 in
2393 3359 2551 3414 vobis
2599 3369 2683 3415 est
2712 3359 2989 3414 viscerum
3031 3372 3096 3412 ac
3145 3357 3586 3420 miseratiouum,
3655 3369 3664 3380 ε

1993 3451 2264 3514 complete
2290 3465 2470 3506 meum
2499 3450 2786 3522 gaudium,
2839 3438 3074 3506 invicem
3104 3451 3404 3522 diligendo,
3450 3465 3513 3505 ac
3540 3451 3585 3506 si

1994 3543 2251 3600 diceret:
2295 3543 2344 3600 si
2393 3557 2558 3614 quant
2610 3543 2743 3599 mihi
2777 3545 3284 3599 remunerationem
3332 3544 3463 3597 dare
3497 3543 3593 3597 de-

1994 3639 2138 3694 betis
2173 3637 2244 3694 ob
2275 3651 2434 3693 meos
2454 3651 2584 3708 erga
2625 3652 2727 3693 vos
2782 3638 3023 3698 labores.
3055 3637 3109 3692 in
3153 3636 3259 3692 hoc
3312 3635 3444 3690 mihi
3492 3651 3590 3691 ex-

1999 3730 2199 3788 solvite
2247 3737 2309 3784 ut
2347 3729 2586 3786 invicem
2638 3723 2902 3801 diligatis.
2941 3747 2961 3781 ι
2995 3725 3067 3784 Ut
3122 3727 3384 3783 similiter
3411 3725 3611 3780 allecti:

1998 3825 2146 3880 sitis.
2191 3843 2210 3876 ι
2250 3822 2315 3877 Et
2343 3823 2476 3892 quid
2501 3830 2586 3878 est
2615 3824 2760 3891 quod
2809 3837 2909 3892 pro
2934 3821 3018 3876 liis
3051 3820 3312 3876 omnibus
3337 3820 3611 3876 exhiberi.

1997 3917 2098 3971 tibi
2125 3915 2284 3985 cupis
2307 3927 2338 3968 a
2365 3913 2523 3968 nobis
2543 3913 2568 3966 ?
2590 3911 2660 3967 Ut
2697 3912 2977 3976 similiter,
3005 3912 3206 3982 inquit,
3229 3910 3409 3965 aﬂ'ecti
3441 3912 3588 3973 sitis,

1999 4017 2054 4065 ct
2080 4007 2268 4063 nullus
2296 4005 2561 4062 adversus
2587 4005 2754 4061 alium
2805 4003 3134 4062 seditionem
3167 4011 3312 4076 agat,
3341 4011 3436 4059 aut
3479 4004 3608 4060 dis--

2002 4099 2226 4156 sentiat.
2254 4097 2354 4154 Vel
2384 4097 2552 4154 etiam
2585 4098 2652 4152 de
2679 4097 3239 4169 dogmatisloquitur,
3273 4106 3467 4168 petens
3493 4112 3609 4167 pro-

2002 4190 2283 4246 omnibus
2310 4197 2372 4243 ut
2401 4187 2694 4244 unanimes
2735 4189 2848 4244 sint
2885 4188 2941 4242 in
2976 4188 3100 4245 title.
3125 4188 3236 4260 79
3270 4208 3288 4242 ι
3327 4187 3592 4244 Eamdcm

2002 4282 2331 4339 charitatem
2383 4280 2672 4338 habentes.
2727 4299 2747 4333 ι
2786 4279 2906 4336 Non
2956 4282 3051 4336 hic
3109 4283 3337 4336 multam
3394 4290 3450 4337 et
3503 4282 3594 4337 ille

2003 4389 2252 4447 parvam,
2287 4372 2384 4430 sed
2423 4374 2690 4444 aequalem
2716 4383 2770 4430 et
2801 4373 3051 4429 eamdem
3077 4389 3292 4429 ouines.
3325 4393 3342 4426 ι
3383 4371 3598 4428 Unani-

2005 4483 2144 4524 mes.
2181 4485 2200 4518 ›
2240 4466 2430 4522 Ell'ecti
2464 4466 2742 4521 videlicet.
2770 4464 2839 4520 Et
2883 4481 3102 4522 rursum
3137 4467 3378 4538 geminat
3401 4481 3465 4521 ac
3493 4466 3598 4522 ite-

2009 4568 2094 4615 rat
2133 4559 2282 4630 quod
2343 4559 2500 4626 dixit,
2563 4559 2824 4614 similiter
2874 4557 3054 4614 allecti
3115 4559 3258 4616 sitis.
3291 4577 3311 4611 ι
3349 4556 3429 4614 Ne
3461 4556 3596 4628 quid

2008 4653 2101 4708 llat
2130 4668 2225 4724 per
2255 4653 2689 4710 contentionem.
2729 4672 2748 4706 ι
2791 4651 3060 4722 Deinceps
3093 4652 3600 4722 etiamdocetquo—

2007 4747 2170 4804 modo
2203 4747 2490 4818 contingat
2517 4761 2641 4802 esse
2689 4747 3005 4801 unanimes.
3043 4743 3213 4811 Nihil,
3267 4744 3469 4814 inquit,
3509 4742 3598 4798 fa-

2007 4841 2203 4897 ciendo
2252 4855 2348 4911 per
2405 4839 2838 4903 contentionem,
2887 4839 2992 4892 hoc
3046 4846 3150 4903 cst,
3187 4838 3604 4892 aemulationem-

2007 4933 2122 4989 sive
2156 4933 2356 5000 rixam,
2388 4946 2566 5003 neque
2604 4946 2703 5002 per
2762 4930 2982 4985 inanem
3021 4930 3276 5002 gloriam.
3311 4949 3330 4982 ι
3359 4928 3463 4985 Sed
3498 4943 3612 5000 per

2006 5025 2368 5080 humilitatem
2403 5025 2594 5079 animi.
2637 5043 2656 5075 ι
2697 5022 2874 5093 Papae,
2911 5021 3044 5092 quid
3077 5023 3187 5076 ait?
3225 5020 3331 5077 Per
3368 5021 3599 5076 humili-

2007 5126 2196 5183 tatem,
2233 5115 2433 5186 inquit,
2463 5114 2632 5169 animi
2677 5115 2844 5167 alium
2884 5112 3123 5184 quisque
3165 5129 3224 5169 se
3249 5111 3595 5184 praestantio-

2007 5225 2121 5266 rem
2157 5209 2452 5272 existimet,
2479 5215 2534 5262 et
2557 5207 2723 5262 alium
2751 5223 2846 5278 per
2869 5208 3056 5262 omnia
3084 5223 3281 5265 essese
3305 5205 3601 5276 majorem.

2007 5304 2264 5376 Magnum
2291 5302 2565 5374 siquidem
2604 5311 2688 5358 est
2725 5311 2781 5355 ut
2819 5303 2901 5358 vel
2940 5303 3112 5358 altera
3139 5317 3269 5373 pars
3295 5300 3396 5353 hoc
3429 5297 3606 5352 ducat

2008 5406 2141 5469 puta
2178 5396 2270 5451 ille
2305 5409 2392 5449 me
2436 5395 2719 5465 praecellit.
2738 5395 2875 5451 Nam
2931 5396 2976 5451 si
3018 5396 3122 5450 hoc
3171 5389 3602 5455 existimaverit,

2009 5488 2173 5543 etiam
2205 5486 2501 5541 honorabit
2529 5501 2593 5541 ac
2617 5485 2958 5543 reverebitur
2981 5494 3036 5540 et
3067 5483 3294 5547 amabit,
3323 5496 3424 5535 nec
3446 5480 3602 5535 int-iw

2011 5579 2199 5635 tlcbit:
2232 5577 2378 5650 quod
2395 5579 2543 5634 enim
2573 5579 2856 5634 excellens
2880 5583 2985 5637 esti.
3017 5580 3235 5645 superat
3279 5572 3539 5626 invidiam
3573 5588 3599 5626 :

2012 5671 2215 5727 invidia
2249 5685 2487 5742 namque
2516 5668 2758 5726 exerceri
2787 5665 2939 5737 cupit
2965 5680 3091 5734 erga
3137 5665 3399 5736 aequalem
3429 5680 3595 5721 ιιιηιιιρ

2013 5766 2143 5819 lum.
2169 5762 2327 5831 Quod
2380 5763 2426 5819 si
2476 5759 2784 5817 fueritvhaec
2823 5756 3010 5828 opinio
3049 5772 3114 5812 ex
3151 5766 3382 5829 utraque
3412 5766 3602 5829 parte,

2012 5857 2133 5915 vide
2199 5863 2401 5930 quanta
2459 5870 2584 5925 pars
2616 5859 2893 5926 sequetur.
2958 5849 3347 5909 Animadverte
3405 5861 3601 5907 autem
