4000 6558
328 417 462 483 1281

1357 422 1743 487 COMMENT.
1776 425 1860 489 IN
1896 426 2135 489 EPIST-
2170 426 2269 486 AD
2307 427 2589 489 PHILIP.

3107 306 3122 341 \

3376 458 3379 461 ν
3440 429 3569 497 128‘!

321 552 463 591 νετο.
501 533 712 590 Οὖκοῦν
743 537 835 591 καὶ
866 538 1079 608 μορφὴν
1103 537 1237 591 Θεοῦ
1268 537 1558 612 λεγόμενος
1580 539 1744 612 ἔχειν,
1773 540 1889 606 Θεὸς

2007 542 2238 598 formam
2281 545 2423 599 servi
2457 541 2706 614 accepit?
2735 541 3087 600 manifestum
3131 552 3218 601 est
3261 545 3401 601 idem
3451 562 3568 603 esse

317 623 408 696 ἦν.
490 627 616 681 Ἐπὶ
666 629 776 699 γὰρ
831 631 940 684 τῶν
998 629 1111 695 δύο,
1173 630 1354 702 μορῳῆ
1384 634 1582 689 κεῖται.
1639 633 1801 687 Ἀλλὰ
1841 634 1893 687 τί

322 717 576 787 ’Δρειοςς
622 718 801 783 Οὖτω,
844 720 1028 789 φησιν,
1083 720 1470 791 ὑπώεέστερός
1510 723 1659 776 ἐστιν
1691 720 1892 788 ὸΥἱδς,

314 809 397 863 ὅτι
431 809 529 879 οὐχ
548 810 766 881 ἥρπασε
795 811 855 864 τὸ
882 806 1024 864 εἶναι
1058 812 1177 878 ἴσα,
1210 812 1364 883 φησι,
1393 811 1513 884 Θεῷ
1540 812 1617 884 τῷ
1649 814 1889 885 μεγάλῳ.

327 901 539 956 Ἐκεῖνο
571 904 711 974 ιγὰρ
764 904 1001 975 ἁρπάζει
1030 922 1135 969 τις,
1169 904 1198 957 ὃ
1240 907 1341 960 οὐκ
1375 906 1510 976 ἔχει,
1545 906 1698 978 φησι.
1733 907 1892 962 Ἀλλὰ

314 992 369 1045 τί
392 995 556 1065 ἡμεῖς
585 996 721 1065 πρὸς
753 996 949 1062 αὖτόνς
1008 997 1235 1068 Πρῶτον
1268 998 1367 1068 μὲν
1394 998 1633 1070 οὐδαμοῦ
1663 999 1717 1053 αἱ
1750 999 1894 1072 Γρα-
1942 996 1955 1004 ’

284 1150 295 1171 δ
317 1090 418 1157 cpe".
454 1089 627 1159 μέγαν
653 1092 786 1162 ἡμῖν
813 1090 845 1162 ἦ
878 1090 1075 1162 μικρὸν
1105 1091 1452 1161 εἰσηγοῦνται
1473 1092 1627 1148 Θεόν.
1663 1093 1894 1150 Ἔπειτα

314 1182 343 1232 ὁ
416 1182 625 1253 μικρὸς
657 1182 802 1237 κατὰ
839 1183 932 1236 τὸν
979 1183 1133 1254 ὑμῶν
1166 1185 1346 1253 λόγον,
1394 1185 1511 1248 πῶς
1570 1185 1636 1239 ἂν
1673 1185 1892 1256 ἥρπασε

314 1268 379 1321 τὸ
408 1270 660 1338 γενέσθαι
702 1273 907 1343 μέγας;
939 1274 1012 1326 Ού
1045 1272 1154 1343 γὰρ
1183 1273 1413 1343 ἠδύνατο
1443 1273 1546 1328 κᾶν
1589 1274 1890 1346 ἠϐουλήθη.

314 1361 552 1414 Ἔπειτα
581 1364 608 1415 ὁ
642 1363 857 1426 Παῦλος
888 1362 1392 1436 ταπεινοφροσύνης
1417 1365 1680 1434 εἰσήγαγε
1712 1367 1893 1436 παρά-

307 1449 531 1521 δειγμα.
559 1438 673 1507 όύκ
710 1452 776 1507 ἂν
804 1454 897 1508 οὖν
928 1451 1103 1520 εἶπεν,
1150 1455 1371 1526 Ἐπειδὴ
1408 1458 1436 1510 ὁ
1469 1458 1664 1528 μικρὸς
1700 1458 1776 1529 τῷ
1800 1477 1894 1530 με·

308 1542 464 1614 γάλῳ
511 1545 611 1599 οὐκ
666 1547 941 1618 ἐπανέστη
970 1547 1116 1618 Θεῷ,
1146 1547 1393 1617 ὀφείλετε
1429 1550 1892 1605 ὕποκαταϐαίνειν

308 1630 597 1705 ἀλλήλους.
640 1634 799 1689 Ἀλλὰ
832 1637 1016 1703 δείξας
1071 1637 1133 1690 τὸ
1172 1637 1287 1691 ῐσον
1327 1638 1546 1709 Πατρὸς
1598 1638 1694 1692 καὶ
1735 1640 1891 1707 Υἰοῦ,

308 1719 468 1776 εἶπεν
496 1726 580 1778 ὅτι
627 1726 734 1780 ἀπὺ
773 1727 1278 1800 ταπεινοφροσύνης
1324 1728 1509 1801 σάρκα
1545 1730 1797 1802 ὲφόρεσε.
1821 1731 1895 1786 Τὸ

305 1816 419 1886 γὰρ
448 1816 523 1888 μὴ
556 1814 930 1890 ἐπαναστῆναι
979 1819 1059 1891 τῷ
1090 1821 1322 1891 μείζονι,
1367 1821 1495 1875 ποτα
1529 1838 1896 1894 ταπεινοφρο-

309 1907 484 1975 etim;
521 1907 836 1973 ’Λσθενείας
888 1908 1087 1981 μᾶλλον
1115 1909 1275 1963 τοῦτο
1315 1905 1384 1981 ἦν
1427 1909 1523 1964 καὶ
1566 1910 1888 1982 ἀδυναμίας.

321 1997 486 2053 Ἀλλὰ
513 1999 574 2052 τδ
598 1998 691 2053 τὸν
741 2002 856 2054 ῐσον
900 2001 993 2054 καὶ
1030 1999 1372 2072 ὁμοδύναμον
1404 2000 1597 2071 ἔχοντα
1624 2018 1893 2056 ταπεινω-

309 2088 473 2165 θῆναι
501 2088 596 2143 καὶ
623 2090 911 2161 ἄνθρωπον
951 2090 1230 2160 γενέσθαι.
1268 2091 1439 2145 Τοῦτο
1471 2095 1895 2163 ταπεινοφροσύ·

307 2180 586 2251 νης.’ορα
614 2180 670 2234 δὲ
692 2181 860 2252 αὐτὴν
883 2181 985 2254 τὴν
1020 2182 1226 2253 βίϐλον.
1258 2177 1387 2236 Ὧδε
1412 2184 1519 2255 γὰρ
1559 2183 1635 2249 ὡς
1669 2186 1725 2237 ὲν
1754 2185 1892 2238 αἰνί-

310 2287 485 2342 γματι
505 2273 846 2344 γέγραπταιθ
875 2275 1015 2345 (Οὐχ
1045 2274 1339 2345 ἁρπαγμὸν
1359 2276 1603 2348 ἡγήσατο
1723 2278 1893 2333 Τουτ-

313 2363 460 2426 ἐστι,
490 2366 632 2418 κατὰ
670 2366 948 2436 ἁρπαγήν.
992 2385 1010 2418 ι
1046 2366 1120 2419 Τὸ
1147 2361 1288 2420 εἷναι
1318 2369 1405 2421 τσα
1421 2367 1560 2438 Θεῷ.
1588 2369 1784 2424 »Ὅταν
1808 2388 1892 2435 τις

309 2456 537 2528 ἁρπάσῃ
572 2473 646 2521 τι,
666 2457 787 2510 οὐδὲ
823 2457 1122 2512 ἀποθέσθαι
1147 2457 1279 2513 αὐτὸ
1312 2457 1584 2529 βούλεται,
1622 2462 1893 2531 φοΰούμε-

272 2554 277 2559 ⁷
308 2565 402 2613 νος
436 2549 534 2619 τὴν
589 2548 866 2604 ἀπώλειαν
895 2549 1082 2605 αὐτοῦ.
1115 2552 1285 2606 Ὅταν
1325 2551 1382 2605 δέ.
1410 2569 1494 2618 τις
1526 2553 1626 2626 ἔχῃ
1646 2552 1890 2625 ¹φυσικὸν

309 2640 408 2693 καὶ
466 2640 617 2701 ἴδιον,
676 2641 920 2712 εὐχερῶς
956 2643 1089 2697 αὐτὸ
1143 2642 1479 2698 ἀποτίθεται.
1520 2642 1643 2700 Οἵδε
1672 2648 1779 2717 γὰρ
1809 2647 1890 2701 ὅτι

290 2730 441 2784 ’ὅταν
491 2731 641 2803 θέλῃ,
704 2732 868 2787 πάλιν
920 2733 1195 2805 λαμϐάνει
1243 2736 1396 2793 αύτύ.
1445 2737 1511 2791 Ti
1560 2731 1652 2791 οὖν
1680 2732 1888 2808 ’φησιν;

324 2821 384 2876 ’0
421 2822 550 2886 Υἱὸς
576 2821 670 2875 τοῦ
697 2822 832 2876 Θεοῦ
867 2824 967 2877 οὐκ
994 2823 1236 2896 ἐφοϐήθη
1273 2826 1579 2898 καταϐῆναι
1604 2826 1699 2880 τοῦ
1727 2827 1892 2892 ἀξιῶ-

316 2929 511 2981 ματος.
543 2913 616 2966 Οὔ
643 2914 754 2984 γὰρ
786 2914 1082 2985 ἁρπαγμὸν
1113 2916 1359 2986 ἡγήσατο
1388 2918 1488 2988 τὴν
1537 2917 1765 2988 θεότητα
1793 2918 1891 2971 αύ-

311 3002 431 3065 τοῦ,
464 3003 760 3069 τουτέστιν,
797 3005 860 3057 ού
890 3005 1000 3076 γὰρ
1029 3005 1146 3076 ᾔδει
1205 3007 1345 3060 κατὰ
1384 3007 1643 3078 ἁρπαγὴν
1666 3007 1803 3078 ἔχων
1830 3008 1891 3061 τὸ

312 3089 457 3148 εἶναι
527 3095 642 3159 ἴσος
682 3095 761 3165 τῷ
793 3096 993 3167 Πατρὶ,
1038 3095 1177 3149 ἀλλὰ
1209 3096 1352 3151 κατὰ
1380 3100 1609 3167 φνσικδν
1647 3099 1888 3170 ἀξίωμά,

1996 636 2145 708 quod
2173 637 2336 692 homo
2360 637 2533 691 factus
2557 644 2664 691 est.
2691 636 2864 707 igitur
2890 639 2982 708 qui
3011 645 3063 692 et
3087 635 3342 693 formam.
3362 636 3456 691 Dei
3480 637 3567 690 lia-

1997 725 2125 782 bere
2154 726 2462 794 dicebatur,
2498 726 2638 783 Deus
2672 736 2789 783 erat
2820 745 2833 783 :
2871 743 2998 781 nam
3026 728 3078 782 in
3118 736 3347 799 utroque
3373 728 3570 781 dicitur

1998 815 2194 873 forma.
2247 819 2353 874 Sed
2386 819 2516 890 quid
2558 818 2761 874 Arius?
2791 820 2891 884 Ita,
2938 821 3136 891 inquit,
3182 821 3360 875 minus
3413 819 3573 874 habet

1994 906 2189 975 Filius,
2221 909 2349 979 quia
2375 925 2482 978 non
2512 909 2692 979 rapuit
2717 920 2772 964 ιιι
2793 909 3016 980 ωηιιιιιίε
3033 921 3177 966 esset
3202 909 3309 964 Deo
3334 924 3529 980 magno
3553 927 3568 961 :

1994 997 2131 1053 illud
2176 999 2321 1054 enim
2368 1001 2510 1071 rapit
2556 1002 2825 1071 quispiam
2881 994 3025 1072 quod
3071 1015 3179 1055 non
3226 999 3407 1055 habet.
3463 999 3570 1055 Sed

1995 1091 2126 1160 quid
2151 1091 2342 1146 nosiili
2361 1092 2503 1162 ?81
2527 1092 2766 1145 Primum
2793 1093 3008 1162 quidem
3031 1091 3331 1162 Scriptura:
3360 1083 3574 1161 n'equa-

1942 1182 1955 1187 ’
1995 1199 2158 1252 quam
2195 1196 2421 1254 parvum
2462 1192 2556 1237 aut
2592 1199 2849 1255 magnum
2878 1186 3148 1240 inducunt
3188 1184 3346 1239 nobis
3377 1183 3568 1239 Deum.

1993 1275 2202 1330 Deinde
2233 1275 2327 1345 qui
2370 1275 2527 1344 juxta
2561 1286 2800 1332 vestrum
2854 1293 3157 1333 sermonem
3210 1294 3412 1348 parvus
3461 1283 3565 1339 est,

1996 1366 2267 1436 quomodo
2308 1365 2580 1435 rapuisset
2609 1375 2668 1421 ut
2701 1384 2929 1440 magnus
2966 1368 3157 1423 ﬁeret?
3203 1383 3380 1437 neque
3420 1367 3565 1422 enim

1996 1455 2268 1524 potuisset
2301 1455 2469 1512 etiam
2499 1457 2545 1512 si
2580 1458 2867 1514 voluisset.
2898 1459 2979 1513 Ad
3010 1461 3122 1515 [nec
3158 1458 3356 1516 Paulus
3386 1459 3568 1528 dejec-

1995 1546 2162 1602 tionis
2193 1546 2361 1600 animi
2412 1547 2720 1617 exemplum
2764 1550 2998 1603 induxit.
3030 1550 3215 1620 Itaque
3249 1540 3356 1604 non
3389 1550 3567 1617 dixit;

1994 1634 2264 1702 Quoniam
2291 1650 2491 1704 parvus
2528 1652 2636 1691 non
2673 1637 2973 1691 insurrexit
3006 1638 3061 1692 in
3091 1653 3344 1707 magnum
3375 1637 3566 1702 Deum,

1994 1727 2205 1782 debetis
2255 1724 2489 1782 invicem
2541 1742 2639 1783 vos
2693 1729 3018 1785 submittere
3052 1748 3065 1784 :
3100 1730 3194 1785 sed
3220 1744 3344 1783 eum
3393 1728 3570 1785 Patris

1997 1827 2051 1873 et
2081 1816 2202 1872 Filii
2227 1820 2563 1875 ostendisset
2588 1820 3134 1890 wqualitatem,dixit
3158 1822 3301 1891 quod
3328 1822 3568 1876 exanimi

1995 1908 2308 1964 humilitate
2338 1924 2564 1964 carnem
2599 1911 2849 1981 gestavit.
2898 1910 3032 1968 Nam
3070 1913 3124 1966 in
3158 1912 3418 1981 majorem
3457 1927 3571 1969 non

1997 2000 2305 2071 insurgere,
2336 2000 2870 2070 quaenamestanimi
2890 2000 3204 2057 humilitas?
3238 2002 3571 2072 impotentiae

1990 2092 2174 2162 potius
2207 2091 2402 2166 fuisset
2428 2108 2491 2147 ac
2522 2093 2918 2149 imbecillitatis
2952 2108 2967 2145 :
2999 2094 3091 2148 sed
3115 2095 3364 2164 eumqui
3385 2105 3572 2166 inqua-

1991 2184 2060 2238 lis
2077 2193 2196 2238 erat
2223 2165 2280 2239 Et
2305 2200 2460 2255 aeque
2491 2193 2707 2256 puteus,
2732 2186 2878 2240 ultro
2910 2186 3184 2241 humiliari
3210 2199 3262 2242 et
3293 2165 3567 2243 hominem

1995 2273 2136 2340 ﬁeri,
2191 2274 2295 2328 lzoc
2341 2275 2574 2328 modesti
2615 2268 2700 2329 est
2728 2274 2919 2329 animi.
2967 2274 3353 2330 Animadverte
3382 2284 3566 2331 autem

1995 2363 2169 2433 ipsam
2201 2365 2324 2419 libri
2360 2362 2712 2434 seripturam.
2742 2364 2877 2419 Nam
2910 2366 2997 2420 hic
3021 2366 3168 2420 velut
3203 2367 3255 2420 in
3281 2367 3566 2437 muigmate

1993 2460 2256 2528 scriptum
2274 2468 2384 2515 est:
2409 2479 2425 2510 ι
2444 2458 2561 2514 Non
2585 2461 2833 2530 rapinam
2849 2458 3150 2513 arbitratus
3165 2467 3267 2526 est,
3301 2478 3318 2509 ι
3340 2459 3444 2512 hoc
3458 2469 3534 2513 es!
3548 2500 3565 2526 ,

1992 2565 2114 2607 esse
2142 2550 2445 2606 secundum
2487 2552 2753 2619 rapinam.
2793 2566 2814 2601 ‹
2856 2548 2926 2604 Ut
2946 2549 3171 2618 arqualis
3198 2556 3348 2605 esset
3373 2547 3499 2603 Deo.
3540 2568 3560 2600 ι

1954 2678 1957 2683 μ
1993 2637 2096 2694 Ubi
2135 2640 2259 2710 quis
2291 2638 2507 2710 aliquid-
2529 2638 2789 2710 rapuerit,
2822 2653 2932 2693 non
2964 2638 3080 2693 vult
3112 2636 3245 2691 illud
3272 2638 3564 2707 deponere.

1993 2730 2198 2785 veritus
2236 2744 2306 2784 ne
2336 2729 2439 2784 sibi
2472 2737 2677 2799 pereat.
2719 2730 2788 2783 At
2814 2729 2907 2784 ubi
2933 2730 3058 2797 quis
3087 2727 3337 2782 naturale
3366 2727 3568 2782 babue-
3666 2724 3679 2735 “

1993 2823 2066 2875 rit
2096 2830 2152 2875 et
2186 2822 2495 2890 pr0prium,
2530 2820 2711 2875 libens
2757 2819 2889 2873 illud
2924 2819 3190 2888 deponit:
3227 2818 3378 2874 novit
3416 2820 3564 2874 enim

1990 2913 2137 2985 quod
2166 2912 2257 2967 ubi
2292 2912 2533 2976 libuerit,
2573 2924 2765 2966 rursus
2788 2904 2965 2981 ipsum
2995 2911 3246 2981 accipiet.
3271 2911 3411 2976 Quid
3434 2924 3564 2981 ergo

1954 3028 1959 3033 -
1990 3003 2107 3057 ait?
2144 3000 2317 3056 Filius
2371 3002 2465 3055 Dei
2510 3016 2622 3055 non
2654 3002 2832 3055 timuit
2874 3017 2903 3054 a
2943 3001 3207 3071 dignitate
3233 3001 3516 3057 discedere
3546 3018 3561 3055 :

1956 3106 2101 3147 .non
2151 3094 2297 3148 enim
2359 3092 2607 3162 rapinam
2657 3092 2992 3147 existimavit
3046 3107 3170 3147 esse
3221 3093 3564 3148 divinitatem

312 3201 481 3255 φησι.
532 3187 628 3239 Διὰ
658 3185 816 3239 τοῦτο
877 3187 1070 3240 ἑαυτὸν
1112 3188 1382 3242 ἐκένωσεν
1423 3188 1551 3260 ἄχρι
1578 3189 1678 3260 τῆς
1702 3190 1889 3244 δούλου

1995 3197 2150 3241 suam
2179 3200 2194 3236 :
2222 3182 2327 3237 hoc
2358 3190 2468 3246 est,
2496 3181 2645 3236 novit
2668 3182 2938 3252 siquidem
2978 3182 3122 3253 quod
3149 3198 3215 3236 ex
3247 3182 3435 3253 rapina
3461 3196 3566 3236 non

272 3289 279 3293 '
318 3276 540 3346 μορφῆς
599 3277 656 3329 ὲν
700 3275 1009 3349 ὁμοιώματι
1053 3277 1355 3350 ἀνθρώπων
1384 3281 1794 3351 γενόμενοςτί
1832 3281 1889 3335 δέ

308 3370 469 3422 »ἐστιν
525 3368 776 3439 ὁμοίωμα
826 3370 1151 3441 ἁνθρώπου;
1194 3372 1447 3442 Δηλονότι
1477 3373 1633 3437 ἄλλος
1678 3373 1889 3444 ἄνθρω-

320 3476 439 3522 πος.
473 3461 625 3513 Διατῑ
673 3460 731 3513 δὲ
768 3456 922 3515 εἶπεν
978 3462 1231 3533 ὁμοίωμα
1265 3463 1590 3535 ἀνθρώπους
1620 3466 1740 3520 Ὅτι
1775 3460 1889 3536 εἶχέ

310 3566 439 3604 τινα
493 3549 632 3621 ὑπὲρ
686 3550 995 3620 ἄνθρωπον,
1033 3551 1097 3605 τὸ
1144 3547 1285 3606 εῐναι
1335 3554 1430 3608 καὶ
1460 3554 1614 3620 Θεὸς,
1662 3555 1724 3610 τὺ
1757 3556 1889 3611 ἄνευ

313 3642 603 3706 coronata;
627 3643 905 3713 τεχθῆναι.
928 3642 1023 3708 Τὸ,
1045 3645 1294 3715 Σχήματι
1325 3646 1568 3715 εὑρεθεὶς
1588 3649 1662 3710 ὡς
1677 3646 1893 3718 ἄνθρω-

311 3748 436 3797 πος,
468 3734 634 3803 φησιν
662 3734 1173 3805 οιΕύτυχιανιστςιὶ,
1209 3735 1347 3795 Ἰδοὺ
1387 3737 1485 3789 οὐκ
1506 3732 1574 3807 ἦν
1601 3737 1761 3807 φύσει
1797 3740 1891 3794 ἄν·

312 3821 555 3894 θρωπος.
594 3824 756 3878 ’Λλλά
784 3840 964 3897 φαμεν
988 3826 1149 3880 τοῦτο
1197 3828 1474 3898 εἰρῆσθαι,
1505 3828 1593 3882 ἵνα
1625 3830 1700 3901 μὴ
1732 3849 1889 3901 νομι-

313 3914 416 3987 σθῇ
437 3916 518 3979 si;
550 3915 948 3987 ἁνθρωπότητα
993 3919 1297 3988 τετράφθαι
1327 3922 1359 3990 ἡ
1394 3919 1606 3991 θεότης.
1636 3922 1889 3993 Σχήματι

307 4007 391 4073 δὲ,
417 4010 605 4079 φησὶν,
635 4007 747 4063 οἷον
784 4011 842 4063 ὲν
873 4011 1060 4081 σαρκί.
1089 4011 1301 4081 Σαρκὸς
1327 4011 1432 4084 γὰρ
1455 4011 1613 4077 ἴδιον,
1639 4013 1700 4066 τὸ
1723 4015 1890 4085 ἐσχη-

313 4095 571 4166 ματίσθαι
593 4097 670 4160 ὡς
693 4096 1000 4178 ἄνθρωπος..
1041 4098 1117 4151 Ού
1163 4101 1272 4169 γὰρ
1313 4095 1382 4170 ἦν
1411 4094 1491 4163 εἷς
1519 4101 1629 4153 τῶν
1654 4100 1885 4169 πολλῶν,

307 4186 450 4240 ἀλλά
479 4188 574 4242 xa‘t
601 4187 1033 4259 παρηλλαγμένα
1057 4184 1226 4260 εἶχεν.
1256 4192 1324 4243 Ἥ
1357 4191 1439 4255 τὸ,
1471 4192 1546 4255 ὡς
1580 4191 1886 4265 ἄνθρωπος,

310 4271 405 4332 οἷα
460 4278 745 4350 ἄνθρωπός
794 4297 954 4350 φησι.
998 4281 1108 4336 Καὶ
1163 4280 1274 4352 γὰρ
1310 4282 1408 4334 καὶ
1456 4283 1588 4354 περὶ
1625 4283 1889 4353 βασιλέως

316 4367 458 4438 μετὰ
471 4367 629 4438 δόξης
640 4369 992 4440 προελθόντος
1009 4372 1215 4442 φαμὲν,
1240 4372 1495 4442 Ἐξῆλθεν
1515 4373 1592 4437 ὡς
1611 4373 1884 4444 βασιλεύς.

310 4462 548 4531 Λέγειδὲ
576 4463 668 4518 καὶ
687 4467 715 4518 ὁ
732 4464 1159 4539 Εὐαγγελιστὴς·
1185 4487 1204 4519 ι
1239 4469 1348 4522 Καὶ
1389 4469 1572 4541 ῑδομεν
1605 4469 1705 4533 τὴν
1724 4470 1891 4538 δόξαν

1993 3274 2219 3329 haberet
2250 3282 2308 3327 ut
2332 3281 2477 3329 esset
2502 3273 2724 3342 aqualis
2756 3273 2921 3337 Patri,
2964 3273 3062 3328 sed
3095 3273 3331 3327 naturali
3364 3272 3567 3325 divini-
3648 3274 3663 3283 "

1990 3373 2122 3421 tate.
2150 3366 2385 3436 Propter
2408 3365 2512 3420 hoc
2541 3366 2783 3434 seipsum
2805 3365 3108 3419 exinanivit
3136 3378 3312 3434 usque
3333 3364 3400 3417 ad
3420 3363 3566 3418 serti

1992 3456 2222 3510 fortnam
2264 3457 2318 3510 in
2350 3455 2712 3511 similitudine
2749 3454 3027 3531 hominum
3069 3454 3269 3510 factus.
3309 3454 3448 3520 Quid
3481 3464 3566 3509 est

1992 3557 2174 3604 autem
2200 3547 2503 3603 similitudo
2531 3547 2808 3602 hominis?
2833 3562 2967 3602 sane
2988 3547 3139 3602 ’alius
3172 3548 3355 3602 homo.
3385 3546 3566 3614 Quare

1996 3650 2176 3697 autem
2203 3640 2343 3695 dixit
2374 3640 2788 3696 similitudinem
2813 3638 3085 3694 hominis?
3103 3637 3240 3706 Quia
3268 3640 3448 3709 aliqua
3471 3639 3567 3691 ha-

1990 3732 2110 3788 buit
2141 3738 2309 3803 super
2338 3732 2637 3794 hominem.
2687 3743 2881 3799 nempe
2909 3729 3054 3799 quod
3105 3731 3245 3784 Deus
3278 3729 3441 3784 etiam
3475 3743 3567 3782 es-

1993 3834 2099 3890 set,
2126 3825 2384 3894 quodque
2415 3825 2578 3878 etiam
2606 3823 2728 3877 sine
2752 3821 3133 3877 commistione
3162 3820 3562 3890 genitusesset.

1991 3914 2069 3970 Ex
2105 3930 2171 3970 eo
2222 3924 2402 3969 autem
2452 3912 2596 3982 quod
2635 3911 2908 3981 sequitur,
2966 3910 3165 3965 Habitu
3216 3911 3470 3965 inventus
3504 3920 3565 3966 ut

1992 4004 2178 4069 homo,
2220 4004 2409 4058 dicunt
2442 4001 2877 4073 Eutychianista
2911 4019 2927 4056 :
2974 3999 3114 4058 Ecce
3149 4015 3260 4055 non
3308 4008 3429 4057 erat
3467 4015 3566 4054 na-

1991 4105 2116 4152 tura
2163 4096 2343 4152 homo.
2382 4095 2489 4152 Sed
2519 4096 2756 4151 dicimus
2787 4095 2891 4150 hoc
2924 4095 3134 4150 dictqu
3165 4110 3291 4151 esse
3317 4111 3384 4150 ne
3423 4095 3571 4150 divi-

1989 4190 2137 4245 nitas
2175 4188 2584 4244 existimaretur
2629 4197 2966 4242 commutata
3017 4202 3141 4243 esse
3172 4187 3227 4241 in
3259 4187 3568 4243 humanita-

1989 4290 2119 4336 tem.
2153 4277 2353 4336 Habitu
2383 4289 2564 4333 autem
2601 4279 2717 4334 sire
2765 4278 2959 4349 ﬁgura,
3005 4279 3108 4334 hoc
3138 4283 3251 4345 est,
3279 4279 3335 4332 in
3371 4293 3561 4334 carne.

1989 4371 2269 4442 Siquidem
2318 4371 2504 4427 carnis
2557 4371 2838 4439 proprium
2872 4377 2959 4426 est
2987 4370 3277 4441 ﬁguratum
3326 4384 3452 4427 esse
3502 4380 3565 4427 ut

1991 4464 2175 4519 homo.
2201 4463 2389 4534 Neque
2409 4464 2555 4518 enim
2573 4478 2720 4519 unus
2743 4478 2774 4518 e
2798 4462 2961 4533 vulgo
2978 4471 3115 4529 erat,
3137 4477 3329 4518 verum
3345 4462 3564 4518 dirersa

310 4552 479 4607 αὐτοῦ
506 4554 580 4619 ὡς
614 4534 955 4625 Μονογενοῦς
973 4534 1127 4629 παρᾶ
1158 4559 1401 4631 Πατρός;
1423 4579 1441 4612 ι
1465 4534 1760 4627 τουτέστιν,
1792 4534 1882 4619 οἷα

1987 4555 2153 4612 etiam
2192 4555 2446 4611 habebat.
2476 4558 2585 4609 Aut
2621 4563 2679 4610 ut
2711 4555 2898 4617 homo.
2934 4553 2987 4609 id
3016 4564 3129 4621 est,
3161 4562 3355 4626 utpote
3378 4555 3562 4609 homo.

307 4644 671 4713 Μονογενοῦς.
700 4676 771 4690 -ν
801 4646 1000 4721 [ΦΩΤ.]
1059 4649 1119 4704 '0
1172 4650 1281 4721 γὰρ
1321 4648 1558 4723 Χριστὸς
1605 4654 1700 4708 καὶ
1747 4655 1881 4719 Θεὸς

304 4737 491 4809 ἡμῶν,
519 4738 580 4792 ού
609 4739 670 4792 τὸ
686 4739 877 4795 ἑαυτοῦ
902 4740 1229 4813 ἐσκόπησεν,
1246 4742 1382 4797 ἀλλὰ
1413 4744 1473 4797 τὸ
1496 4746 1715 4800 πάντων
1746 4763 1884 4817 συμ-

306 4828 478 4899 φέρον
525 4829 624 4883 καὶ
669 4833 957 4902 σωτήριον.
987 4834 1089 4886 Διὰ
1118 4832 1277 4888 τοῦτο
1301 4838 1550 4889 ταπεινοῖ
1574 4835 1768 4890 ἑαυτὸν
1792 4837 1882 4891 διὰ

305 4898 661 4988 σαρκώσεως,
701 4898 980 4988 mittitij
1012 4921 1219 4985 πάντας
1259 4923 1407 4994 ἡμᾶς
1431 4923 1518 4977 διὰ
1552 4925 1656 4994 τῆς
1673 4926 1881 4989 elacata;

305 5007 711 5074 ταπεινώσεως.
757 5010 818 5064 '0
854 5007 955 5065 οὖν
973 5012 1166 5066 ἑαυτὸν
1190 5015 1487 5079 ταπεινῶν,
1519 5016 1761 5089 Χριστοῦ
1795 5017 1878 5087 γι-

304 5114 462 5153 νσται
517 5101 783 5173 μιμητής.
825 5101 1019 5158 Καίτοι
1064 5103 1228 5167 αὐτὸς
1261 5105 1394 5170 Θεὸς
1441 5107 1518 5160 ὢν
1566 5107 1729 5177 φύσει
1782 5111 1880 5163 καὶ

308 5189 515 5259 ὑψηλὸς
551 5194 672 5246 κατ’
696 5193 911 5249 οὐσίαν.
928 5196 995 5249 Ui
1022 5195 1080 5250 δὲ
1111 5196 1266 5268 παρὰ
1315 5197 1626 5270 ἀνθρώποις
1658 5198 1877 5270 ὑψηλοὶ,

305 5280 374 5346 ἐξ
396 5282 677 5353 ἁρπαγῆς,
703 5285 769 5338 ἐκ
787 5285 1122 5354 πλεονεξίας,
1147 5289 1594 5361 προσεκτήσαντο
1612 5290 1672 5345 τδ
1695 5292 1756 5345 ὲν
1780 5292 1883 5346 αύ-

303 5375 424 5436 τοίς
480 5371 704 5444 ὑψηλόν.
744 5375 904 5431 Ἐπεὶ
947 5378 1053 5447 ἥγε
1102 5378 1265 5448 φύσις
1310 5379 1466 5451 κοινὴ
1513 5382 1612 5437 καὶ
1651 5381 1745 5452 ἴση
1785 5383 1882 5435 καὶ

299 5464 566 5535 ὁμότιμος
628 5464 935 5538 ἀνθρώπων
961 5468 1238 5529 ἁπάντων.
1265 5471 1328 5524 Ei
1359 5466 1455 5525 οὖν
1486 5474 1515 5526 ὀ
1559 5473 1719 5542 φύσει
1749 5472 1884 5537 Θεὸς

304 5556 403 5611 καὶ
431 5554 591 5625 φύσει
638 5556 840 5630 ὑψηλὸς
886 5560 1253 5617 ἐταπείνωσεν
1291 5563 1484 5618 ἑαυτὸν
1525 5564 1594 5619 δι’
1626 5566 1799 5636 ἡμᾶς,
1833 5567 1883 5618 οἱ

305 5646 466 5719 ιίύσει
491 5647 746 5721 ὁμότιμοι
781 5652 878 5706 καὶ
919 5653 1123 5724 ὁμοίως
1166 5657 1414 5714 ταπεινοὶ
1439 5658 1559 5735 ⁸,οὐκ
1595 5657 1883 5728 ὀφείλομεν

374 5828 399 5865 ⁸
420 5829 581 5891 Joan.
616 5851 655 5904 ι,
682 5835 772 5892 Η.

1986 4648 2200 4706 Etenim
2243 4647 2313 4702 de
2340 4662 2469 4718 rege
2500 4661 2720 4717 quoque
2758 4661 2879 4701 cum
2925 4645 3097 4717 gloria
3123 4647 3454 4716 procedente
3479 4646 3565 4701 di-

1984 4743 2166 4802 cimus
2198 4756 2214 4796 :
2251 4741 2521 4813 Egressus
2561 4748 2647 4795 est
2687 4749 2947 4810 tanquam
2999 4754 3115 4794 rex.
3163 4739 3253 4793 Ait
3288 4749 3473 4796 autem
3506 4750 3565 4796 et

1962 4832 2335 4903 Evangelista
2359 4847 2373 4883 :
2402 4848 2421 4882 ι
2457 4828 2702 4885 Vidimus
2729 4829 2961 4898 gloriam
2989 4828 3130 4897 ejus,
3155 4827 3384 4896 gloriam
3404 4829 3563 4898 quasi

1993 4945 2014 4978 ι
2052 4922 2327 4993 Unigeniti
2362 4936 2393 4975 a
2425 4920 2587 4975 Patre
2622 4920 2667 4983 ³,
2704 4938 2727 4971 ι
2764 4920 2868 4972 hoc
2901 4926 3006 4984 est,
3040 4927 3227 4988 utpote
3256 4918 3559 4990 Unigeuiti.

1982 5013 2117 5069 Nam
2149 5011 2293 5067 Deus
2323 5019 2377 5066 et
2401 5009 2655 5064 Christus
2687 5014 2875 5062 noster
2908 5019 3015 5061 non
3048 5005 3117 5060 ad
3147 5007 3201 5061 id
3226 5008 3374 5078 quod
3398 5020 3561 5064 suum

1972 5117 2069 5163 'ost
2098 5106 2358 5174 respexit,
2390 5102 2502 5173 82
2534 5100 2630 5157 sed
2657 5097 2727 5153 ad
2770 5099 2824 5153 id
2856 5096 3004 5169 quod
3034 5099 3295 5155 omnibus
3319 5100 3449 5156 utile
3477 5107 3563 5155 est

1958 5207 2044 5255 et
2095 5197 2361 5260 salutare,
2412 5202 2705 5263 propterea
2755 5191 2996 5261 seipsum
3044 5189 3297 5245 bumiliat
3344 5204 3440 5259 per
3476 5190 3561 5244 in-

1985 5286 2389 5348 carnationem,
2412 5290 2484 5337 et
2530 5296 2631 5336 nos
2660 5292 2852 5335 omnes
2884 5279 3099 5335 exaltat’
3126 5294 3222 5349 per
3250 5292 3404 5335 suam
3450 5276 3558 5333 bu-

1970 5378 2373 5435 ‘miliationem.
2422 5372 2527 5439 Qui
2580 5387 2712 5442 ergo
2748 5371 2991 5441 seipsum
3040 5369 3313 5433 buutiliat,
3355 5367 3593 5425 Christi-

1990 5475 2049 5527 tit
2076 5470 2342 5526 imitator.
2372 5466 2535 5536 Atqui
2576 5464 2712 5534 ipse,
2742 5478 2868 5519 cum
2909 5470 3104 5519 natura
3151 5460 3297 5517 Deus
3328 5471 3477 5517 esset
3502 5469 3557 5517 et

1988 5563 2242 5619 excelsus
2292 5574 2389 5631 per
2425 5556 2746 5614 essentiam.
2790 5553 2897 5621 Qui
2942 5560 3124 5608 autem
3152 5552 3320 5608 inter
3366 5564 3560 5611 omnes

1989 5653 2192 5715 excelsi
2230 5661 2381 5722 sunt,
2432 5667 2499 5709 ex
2542 5650 2735 5721 rapina
2768 5653 2824 5707 et
2868 5659 2935 5702 ex
2964 5643 3201 5719 avaritia
3239 5644 3397 5702 nacti
3422 5658 3558 5705 sunt
