4000 6546
474 366 609 433 128'!

1490 356 1890 419 (EC‘UMENII
1929 337 2223 417 TRYCCAZ
2268 351 2611 415 EPISCOPI

3585 341 3724 406 19.83

474 492 676 539 urstrte
700 490 755 536 et
778 476 1048 533 voluntati
1079 481 1137 530 et
1168 470 1495 544 operationi.
1524 470 1711 527 l'otest
1738 484 1958 541 quoque
1985 468 2054 523 ιι-
2080 504 2091 531 ε

2200 465 2474 521 ύναταιδὲ
2504 464 2581 519 τό·
2625 462 2683 517 '0
2702 458 2851 525 ’Θεὸς
2906 459 3015 531 γάρ
3068 460 3217 514 ἐστιν
3260 458 3293 512 6
3337 455 3608 527 ἐνεργῶν,
3657 458 3750 509 καὶ

475 575 571 631 lud
604 592 620 630 :
656 572 804 627 Deus
850 578 936 625 est
981 567 1029 625 is
1075 566 1170 635 qui
1213 565 1349 637 agit,
1392 572 1527 631 etc.,
1575 564 1787 620 dictum
1831 576 1957 618 esse
2000 569 2060 615 ut

2199 560 2311 628 Ξῆς,
2342 557 2438 612 καὶ
2471 557 2547 621 ὡς
2580 555 2732 611 αίτια
2769 554 3028 625 εἰρῆσθαι
3063 551 3157 605 τοῦ
3204 553 3376 622 χωρ“ς
3411 548 3750 619 γογγυσμῶν

479 675 713 737 agantur
742 663 864 720 sine
888 657 1426 716 murmurationibus
1450 671 1511 712 ac
1542 653 2059 725 disceptationibus.

479 757 623 825 Quid
659 756 803 812 enim
851 766 1191 816 mttrmuras,
1234 749 1439 820 inquit,
1477 748 1639 821 quasi
1688 747 1879 801 labore
1908 760 2063 816 pres-

482 847 616 905 sus?
649 848 792 902 Deus
830 852 917 900 est
959 841 1008 898 is
1042 843 1135 913 qui
1183 852 1380 896 cuneta
1414 848 1695 910 operatur,
1732 843 1790 892 et
1816 835 1945 906 quid
1975 833 2063 888 di-

484 948 702 1011 sceptas
749 938 819 994 de
865 936 1084 992 virtutis
1114 930 1465 989 dillicultate?
1502 931 1671 987 Deum
1716 927 1880 983 habet
1917 926 2068 980 auxi-

486 1035 756 1088 liatorem.
794 1048 813 1082 ι
855 1028 993 1084 Nam
1036 1027 1181 1083 Deus
1219 1033 1307 1082 est
1347 1025 1395 1081 is
1431 1023 1527 1094 qui
1568 1022 1682 1094 agit
1727 1021 1785 1076 in
1823 1019 1999 1074 vobis.
2042 1036 2061 1070 ι

460 1124 754 1192 ’Quoniam
789 1121 1005 1176 dixerat
1030 1134 1154 1175 cum
1183 1117 1381 1172 timore
1409 1131 1473 1172 ac
1504 1124 1765 1183 tremore,
1797 1110 1909 1184 85
1946 1112 2023 1165 ait
2050 1127 2065 1165 :

482 1216 557 1270 At
601 1229 669 1269 ne
704 1213 773 1268 ob
823 1212 929 1267 hoc
974 1208 1312 1265 terreamini.
1348 1206 1495 1263 Deus
1537 1208 1801 1262 enim-est
1829 1203 1923 1274 qui
1957 1202 2069 1272 agit

490 1306 544 1359 in
588 1302 747 1358 vobis
800 1309 855 1355 et
905 1308 960 1354 ut
997 1298 1177 1356 velitis
1219 1308 1275 1355 ct
1324 1306 1384 1354 ut
1433 1296 1703 1362 elliciatis,
1735 1295 1840 1351 hoc
1870 1301 1977 1357 cst,
2011 1302 2072 1347 ut

490 1393 793 1466 operemini
821 1393 1025 1447 bonum
1053 1410 1068 1446 :
1097 1391 1284 1463 itaque
1308 1406 1404 1445 vos
1436 1398 1649 1444 tantum
1677 1394 1897 1458 oportet
1925 1385 2070 1456 piam

497 1484 694 1541 aﬂerrc
743 1492 999 1548 mentem,
1033 1492 1086 1538 et
1120 1482 1262 1537 bona
1310 1481 1448 1538 velle
1479 1497 1607 1537 cum
1638 1480 1835 1535 timore
1863 1492 1927 1533 ac
1959 1486 2071 1532 tre-

2166 652 2264 705 καὶ
2314 648 2706 720 διαλογισμῶν.
2732 646 2799 701 Τί
2850 646 2958 715 γὰρ
3004 642 3318 713 γογγύζεις,
3344 643 3535 711 φησιν,
3558 639 3636 703 ῶς
3665 656 3756 693 κο-

2164 742 2337 809 πιιῖινς
2381 741 2438 795 Ὀ
2465 741 2598 804 Θεός
2636 740 2784 792 ἐστιν
2809 739 2840 792 ὁ
2863 737 3044 791 πάντα
3075 734 3335 805 ἐνεργῶν,
3365 734 3462 787 καὶ
3490 732 3543 785 τί
3575 730 3753 785 διαλο-

2165 835 2294 908 γίζῃ
2326 835 2389 889 τὸ
2423 834 2682 888 ἐπίπονον
2737 832 2837 901 τῆς
2881 829 3108 901 ἀρετῆς,
3132 827 3266 882 Θεὸν
3291 826 3432 896 ἔχων
3454 823 3750 893 συνεργόνς

2171 945 2192 979 ι
2236 927 2295 980 ’0
2342 925 2474 991 Θεὸς
2516 924 2627 995 γάρ
2654 925 2803 977 ἔστιν
2831 922 2860 976 ὁ
2891 920 3155 993 ἐνεργῶν.
3187 939 3208 973 s
3249 918 3477 987 Ἐπειδὴ
3508 914 3665 970 εἶπεν
3694 919 3751 969 ἐν

2169 1018 2322 1089 φόϐῳ
2369 1018 2466 1071 καὶ
2516 1017 2724 1088 τρόμῳ,
2765 1016 2971 1086 (msh,
3014 1012 3153 1067 ἀλλὰ
3203 1011 3279 1082 μὴ
3337 1009 3616 1081 πτοηθῆτε
3662 1008 3751 1062 διὰ

2170 1109 2353 1165 τοῦτο.
2407 1110 2467 1164 Ὀ
2490 1109 2623 1172 Θεὸς
2665 1108 2774 1179 γάρ
2808 1111 2957 1163 ἐστιν
2982 1109 3013 1164 δ
3036 1105 3277 1177 ἐνεργῶν
3306 1105 3366 1158 ἐν
3406 1105 3541 1173 ὑμῖν
3574 1104 3671 1156 καὶ
3695 1102 3755 1154 τὸ

2172 1203 2349 1258 θέλειν
2398 1203 2495 1256 καὶ
2537 1202 2599 1255 τὸ
2652 1200 2922 1271 ἐνεργεῖν,
2973 1200 3243 1263 τουτέστι,
3294 1196 3358 1251 τὸ
3401 1195 3755 1266 πράττειντδ

2171 1297 2397 1366 ἀγαθόν.
2458 1297 2622 1349 Ὥστε
2677 1296 2822 1365 ὑμᾶς
2895 1296 3003 1365 χρὴ
3062 1294 3223 1364 μόνον
3272 1289 3504 1361 γνώμην
3554 1287 3754 1355 εὐλαϐῆ

2175 1390 2587 1460 προσενεγκεῖν,
2631 1389 2730 1442 καῖ
2779 1388 2841 1441 τὸ
2872 1387 3049 1440 θέλειν
3076 1385 3146 1440 τὰ
3164 1384 3347 1455 ἀγαθά
3405 1379 3551 1452 μετά
3592 1379 3754 1449 φόϐου

2175 1483 2271 1537 καὶ
2307 1482 2539 1554 τρόμου.
2581 1481 2753 1535 Ὅταν
2785 1479 2897 1552 γὰρ
2990 1478 3166 1545 τοῦτο,
3199 1479 3388 1532 λοιπὸν
3424 1477 3456 1529 6
3503 1476 3640 1537 Θεὸς
3664 1472 3758 1526 καὶ

494 1592 664 1631 more.
698 1574 836 1629 Nam
887 1573 981 1627 ubi
1032 1572 1085 1627 id
1137 1572 1320 1638 luerit,
1355 1579 1756 1641 consequenter
1803 1578 1857 1625 et
1890 1568 2074 1640 ipsum

2199 1574 2237 1629 ςὸ
2278 1574 2450 1628 θέλειν
2497 1574 2632 1628 αὐτὸ
2687 1572 2864 1640 αὔξει,
2915 1572 3014 1627 καὶ
3073 1571 3136 1625 τὸ
3202 1568 3646 1643 κατεργάζεσθαι
3690 1565 3757 1619 τὰ

492 1668 631 1724 velle
664 1667 807 1723 Deus
836 1664 1082 1736 augebit,
1113 1681 1176 1720 ae
1206 1663 1404 1720 etiieiet
1437 1673 1493 1719 ut
1533 1654 1679 1718 bona
1722 1662 1779 1717 in
1815 1676 1955 1731 opus
1980 1661 2077 1716 de-

2199 1667 2362 1735 ιγαθά
2408 1666 2719 1739 ἐνεργήσει.
2743 1667 2812 1720 Ἦ
2866 1666 2950 1721 ὅτι
2977 1665 3069 1719 διὰ
3103 1665 3309 1736 πολλὴν
3335 1660 3755 1733 εὐγνωμοσύνην

494 1759 787 1813 ducantur.
831 1756 938 1810 Aut
965 1754 1111 1826 quod
1148 1753 1352 1809 Paulus
1381 1753 1451 1808 ob
1484 1753 1712 1809 multam
1743 1751 1911 1807 animi
1948 1765 2075 1822 gra-

2199 1757 2447 1822 ιΠαῦλος
2481 1758 2577 1811 καὶ
2629 1755 2762 1811 αὐτὸ
2797 1756 2861 1810 τὸ
2915 1755 3094 1810 θέλειν
3157 1755 3309 1825 λέγει
3353 1756 3422 1809 ἑκ
3467 1752 3567 1807 τοῦ
3624 1750 3754 1805 Θεοῦ

497 1852 785 1906 titudiuem
833 1819 1012 1918 ipsum
1064 1860 1285 1917 quoque
1329 1843 1465 1899 velle
1512 1844 1649 1898 dicit
1687 1859 1718 1898 a
1760 1842 1870 1898 Deo
1912 1819 2073 1907 edici,

2199 1819 2546 1922 ενεργεῖσθαι,
2576 1847 2654 1912 ὡς
2701 1846 2832 1901 ὅταν
2880 1845 2951 1900 τὰ
2982 1819 3387 1916 κατορθώματα
3410 1840 3609 1908 αὐτοῦ,
3636 1839 3762 1894 πολ-

498 1944 641 2011 sicut
667 1942 886 2013 quando
917 1954 1016 1996 sua
1045 1938 1270 2009 egregia
1305 1936 1558 1993 facinora
1587 1936 1904 2009 frequenter
1932 1936 2079 1992 dona

2199 1941 2339 2004 ιάκις
2367 1939 2686 2011 χαρίσματα
2734 1938 2917 2003 καλεῖ,
2949 1937 3053 1991 οὐκ
3089 1935 3337 2007 ἀναιρῶν
3384 1935 3451 1988 τδ
3492 1931 3754 1998 αὒτεξούο

498 2037 733 2108 appellat
781 2052 795 2088 :
852 2051 958 2089 non
1006 2034 1238 2090 liberum
1288 2015 1486 2090 tollens
1524 2033 1834 2088 arbitrium.
1882 2033 2077 2089 Absit!

2199 2051 2323 2089 nov.
2373 2031 2632 2102 ’Δπαγεί
2682 2031 2844 2085 Ἀλλὰ
2888 2029 3098 2100 σφόδρα
3150 2029 3231 2082 ῶν
3288 2028 3619 2099 εὐχάριστος
3666 2025 3760 2080 καὶ

501 2131 607 2188 Sed
655 2129 1008 2184 vehementer
1052 2135 1262 2197 gratus,
1294 2126 1589 2195 omniaque
1623 2126 1681 2180 in
1730 2126 1897 2179 Deum
1940 2123 2083 2180 refe—

2199 2127 2363 2182 πάντα
2403 2123 2683 2188 ἀνατιθεὶς
2728 2122 2808 2194 τῷ
2848 2122 2990 2193 Θεῷ,
3028 2121 3117 2176 (va.
3171 2121 3269 2175 καὶ
3304 2118 3451 2191 ὑπὲρ
3477 2111 3557 2173 ὧν
3601 2118 3763 2187 ἡμεῖς

501 2238 627 2277 rens
659 2226 767 2293 :‘ut
813 2234 914 2274 nos
962 2218 1127 2273 etiam
1179 2233 1279 2289 pro
1316 2217 1405 2272 liis
1453 2232 1575 2287 quae
1622 2231 1938 2287 operantur,
1972 2215 2083 2273 Deo

2199 2215 2587 2289 ιατορθοῦμεν,
2640 2214 2805 2286 χάριν
2859 2214 3078 2285 ἔχωμεν
3103 2212 3186 2284 τῷ
3225 2211 3366 2283 Θεῷ.
3397 2231 3416 2264 ι
3450 2212 3541 2264 Ἐν
3562 2210 3713 2280 ὑμῖν.
3735 2225 3755 2260 ι

501 2290 990 2383 ετιιῑῑεενιιεαιιιυε.
1029 2328 1049 2363 ι
1092 2309 1151 2367 ln
1178 2309 1358 2366 vobis.
1398 2328 1417 2362 ι
1450 2308 1507 2364 ln
1538 2307 1697 2365 vobis
1715 2310 1811 2381 qui
1843 2316 2082 2365 vestram

2199 2311 2286 2365 Ἐν
2328 2310 2459 2380 ὑμῖν
2508 2310 2624 2372 τοῖς
2665 2306 2805 2378 μετὰ
2837 2305 3003 2375 φόϐου
3046 2306 3143 2359 καὶ
3179 2303 3381 2373 τρόμου
3415 2301 3519 2371 τὴν
3554 2298 3760 2353 ἑαυτῶν

503 2405 735 2460 salutem
786 2418 911 2458 cum
958 2402 1154 2457 timore
1201 2409 1257 2456 et
1305 2410 1542 2456 tremore
1583 2400 1887 2471 operamini
1931 2419 1946 2455 :
1987 2415 2084 2459 eos

2199 2400 2464 2471 σωτηρίαν
2495 2396 3020 2470 κατεργαζομένοις.
3042 2397 3167 2459 Τοῖς
3194 2394 3306 2465 γὰρ
3341 2392 3614 2456 τοιούτοις
3640 2405 3762 2443 σνν-

506 2509 739 2564 namque
764 2492 856 2562 qui
887 2492 1025 2546 tales
1050 2500 1180 2546 sunt
1211 2491 1454 2560 adjuvat.
1484 2510 1501 2542 ι
1533 2492 1642 2545 Pro
1671 2491 2036 2562 beneplacito.
2062 2509 2079 2542 ι

508 2586 582 2641 Ut
612 2584 957 2656 compleatur
1006 2583 1059 2636 iu
1110 2583 1265 2638 vobis
1298 2582 1700 2653 beneplacitum
1741 2598 1809 2639 ac
1834 2582 2087 2638 voluntas

507 2674 697 2744 ipsius.
1718 2728 1727 2737 ,

508 2824 513 2827 μ
578 2764 643 2829 ll,
674 2763 859 2818 14-16.
900 2761 1096 2819 Omnia
1129 2761 1293 2832 facile
1333 2763 1449 2818 sine
1487 2764 1995 2819 murmurationibus
2026 2779 2088 2818 ac

506 2856 1003 2923 disceptationibus,
1019 2862 1075 2909 ut
1092 2872 1241 2909 nemo
1269 2855 1333 2911 de
1356 2855 1498 2911 vobis
1516 2857 1686 2922 quazri
1709 2858 1899 2926 possit,
1921 2856 2088 2910 since-

507 2949 657 3020 rique
697 2946 834 3002 Filii
878 2946 992 3011 Dei,
1040 2948 1522 3016 irrcprehensibiles
1564 2949 1617 3002 in
1651 2948 1822 3003 medio
1855 2947 2088 3001 nationis

504 3056 686 3109 praem
718 3056 779 3099 ac
807 3048 1084 3105 tortuosa',
1115 3040 1254 3094 inter
1277 3056 1405 3110 quos
1435 3040 1618 3094 lucetis
1653 3050 1905 3110 tanquam
1938 3038 2090 3092 (utui-

512 3134 665 3187 naria
696 3132 749 3186 in
792 3132 987 3188 inuade
1021 3148 1313 3187 sermonem
1344 3134 1465 3188 vita:
1493 3134 1816 3188 continemes
1844 3148 1862 3186 :
1892 3144 1947 3185 ut
1981 3131 2089 3202 glo-

512 3224 647 3279 riari
677 3225 878 3293 possim
911 3226 964 3278 in
996 3224 1136 3278 diem
1169 3223 1391 3289 Christi,
1417 3225 1555 3294 quod
1584 3241 1687 3280 non
1716 3225 1769 3280 in
1792 3240 1980 3279 vatiam
2006 3239 2093 3276 cu-

511 3321 792 3385 rarrerim,
825 3335 915 3375 nec
946 3319 1003 3374 in
1034 3334 1224 3373 canum
1260 3319 1637 3374 laboraverim.

590 3431 609 3464 ι
645 3411 779 3468 Sine
820 3411 1374 3468 murmurationibus.
1411 3429 1431 3464 ι
1468 3410 1605 3467 Nam
1633 3413 1730 3484 qui
1766 3421 2095 3479 murmurat,

514 3505 626 3560 Deo
662 3506 914 3574 ingratus
941 3515 1026 3560 est
1058 3522 1072 3558 :
1103 3504 1198 3575 qui
1232 3520 1359 3561 vero
1385 3506 1637 3575 ingratus
1662 3516 1769 3571 est,
1799 3506 2097 3562 maledicit.

514 3593 954 3663 Diseeptationes
1002 3608 1136 3648 vero
1179 3592 1315 3647 dicit
1367 3595 1761 3650 liaasitationes.
1811 3593 2101 3666 Proposito

514 3688 661 3741 enim
706 3684 803 3743 Dei
846 3692 1141 3754 praecepto,
1179 3699 1289 3740 non
1338 3692 1555 3754 oportet
1587 3686 1887 3756 ambigere,
1917 3693 2101 3742 utrum

516 3779 700 3835 facere
734 3783 985 3847 oporteat
1022 3792 1204 3832 annon
1253 3778 1454 3845 facere,
1523 3779 1620 3835 sed
1660 3780 1845 3835 omnia
1898 3778 2098 3835 facere.

521 3884 541 3917 ι
574 3863 643 3921 Ut
673 3880 841 3922 nemo
880 3866 948 3920 de
968 3866 1124 3921 vobis
1161 3867 1332 3936 quaeri
1372 3869 1567 3937 possit.
1591 3885 1612 3921 ι
1640 3869 1712 3924 L't
1734 3870 1880 3935 sitis,
1900 3870 2100 3939 inquit,

516 3962 724 4030 absque
760 3957 888 4013 luco
920 3967 975 4014 ct
1003 3958 1335 4015 oll'eudieulo
1384 3975 1449 4014 ac
1493 3961 1941 4031 reprehensione.
1983 3980 2001 4011 ι
2042 3960 2101 4017 ln

518 4051 699 4107 medio
734 4049 975 4105 nationis
1007 4065 1210 4120 pravae.
1249 4070 1269 4103 ι
1304 4048 1553 4106 Ostendit
1589 4053 1734 4121 quod
1762 4052 1912 4106 multi
1944 4061 2102 4107 erant

521 4143 935 4212 impugnautes,
984 4149 1040 4197 et
1097 4142 1166 4196 ad
1213 4145 1709 4199 murmurationem
1759 4142 2102 4200 inducentes.

519 4232 626 4288 Sed
664 4233 793 4301 bee,
819 4232 1023 4304 inquit,
1058 4232 1384 4304 praeclarum
1418 4244 1502 4290 est
1532 4242 1594 4288 ut
1623 4234 1670 4289 is
1696 4234 1789 4304 qui
1816 4236 2103 4291 vellicatur

518 4338 625 4377 non
654 4330 984 4393 murmuret,
1012 4339 1186 4395 neque
1219 4324 1275 4379 in
1307 4324 1536 4381 dubium
1566 4333 1662 4381 aut
1699 4327 2101 4384 haesitationem

518 4414 700 4471 cadat.
733 4433 753 4466 ι
787 4414 935 4471 Inter
962 4429 1103 4485 quos
1136 4416 1357 4472 lucetis.
1394 4434 1414 4468 ι
1456 4417 1599 4472 Inter
1630 4432 1770 4488 quos
1800 4434 2000 4488 pravos
2040 4434 2104 4475 ac

2186 2495 2361 2566 εργεῖ.
2407 2511 2427 2545 ι
2470 2491 2644 2560 ’Υπὲρ
2686 2492 2785 2562 σῆς
2817 2490 3086 2554 εὐδοκίας,
3123 2488 3219 2542 τοῦ
3267 2485 3633 2558 πληρωθῆναι
3687 2483 3763 2545 είς

2188 2588 2335 2658 ὑμᾶς
2393 2586 2496 2657 τὴν
2541 2585 2794 2640 εὐδοκίαν
2815 2583 2912 2639 καὶ
2939 2582 3041 2655 τὴν
3071 2582 3269 2654 βουλὴν
3294 2578 3486 2634 αὐτοῦ.

2260 2768 2465 2825 Πάντα
2516 2768 2737 2824 ποιεῖτε
2778 2767 2960 2837 χωρίς
3015 2761 3377 2836 γογγυσμῶν
3428 2760 3531 2814 καί
3572 2758 3766 2813 «Stala-

2188 2856 2441 2932 γισιιῶν,
2499 2862 2603 2915 Ira
2648 2862 2908 2930 γένησθε
2953 2859 3247 2928 ἄμεμπτοι
3320 2853 3419 2907 καί
3479 2851 3762 2917 ἀκέραιοι,

2190 2953 2373 3008 τέκνα
2427 2954 2573 3008 Θεοῦ
2630 2952 2938 3023 ἁμώμητα,
2963 2951 3036 3005 ἐν
3062 2948 3234 3021 μέσῳ
3276 2945 3492 3017 γενεᾶς
3521 2942 3768 3008 σκολιᾶς

2191 3046 2289 3101 καί
2314 3044 2824 3115 διεστραμμένης,
2855 3045 2930 3098 ἐν
2952 3039 3043 3110 οἷς
3080 3042 3372 3112 φαίνεσθε
3420 3038 3507 3104 ὡς
3538 3034 3771 3105 φωστῆ-

2115 3164 2160 3228 c
2184 3153 2289 3205 ρες
2309 3137 2631 3207 ὲζκόσμφ,
2651 3138 2839 3207 λόγον
2855 3133 3356 3228 ζωῆςέειέχργτες,
3378 3133 3471 3198 εις

2194 3230 2350 3298 ἐμοὶ,
2392 3232 2482 3296 εις
2530 3230 2761 3299 ἡμέραν
2815 3227 3098 3297 Χριστοῦ,
3146 3226 3237 3280 ὅτι
3296 3226 3411 3280 οὐκ
3457 3224 3550 3289 είς
3602 3218 3776 3274 md?

2195 3320 2477 3392 ἔδραμον.
2504 3322 2649 3377 οὐδὲ
2679 3324 2769 3384 είς
2791 3320 2972 3376 κενὸν
2991 3319 3309 3375 ἐκοπίασα.

2273 3437 2293 3471 ι
2325 3416 2510 3485 Χωρὶς
2537 3413 2892 3485 γογγυσμῶν.
2920 3433 2939 3467 ι
2987 3414 3050 3467 Ὀ
3080 3414 3190 3483 γὰρ
3220 3410 3538 3480 γογγύζων,
3586 3410 3782 3479 ἀχαρι-

2200 3513 2318 3568 στεῖ
2349 3509 2431 3580 τῷ
2480 3507 2621 3578 Θεῷ.
2665 3507 2726 3561 '0
2766 3505 2824 3559 δὲ
2852 3505 3198 3577 ἀχαριστῶν,
3239 3504 3544 3573 δυσφημεῖ.
3591 3503 3783 3557 Διαλο-

2200 3600 2441 3672 γισμοὺς
2472 3599 2553 3664 δὶ,
2613 3595 2770 3666 φησὶ,
2819 3594 2919 3659 τὰς
2966 3591 3321 3664 ἀμφιϐολίας.
3373 3590 3636 3660 Ἐντολῆς
3677 3590 3783 3660 γὰρ

2199 3695 2336 3750 Θεοῦ
2386 3688 2794 3761 προκειμένης,
2846 3687 2908 3740 οὐ
2966 3684 3049 3740 δεῖ
3097 3682 3488 3756 ἀμφισϐητεῖν,
3540 3677 3657 3753 ἆρα
3708 3681 3785 3734 δεῖ

2201 3783 2489 3856 ποιῆσαιῆ
2518 3783 2595 3853 μὴ
2642 3779 2893 3850 ποιῆσαι,
2946 3764 3105 3832 ἀλλά
3138 3777 3315 3831 πάντα
3367 3778 3573 3829 ποιεῖν.
3624 3793 3646 3828 ι
3672 3775 3781 3827 Ἵνα

2203 3878 2438 3950 γένησθε
2490 3875 2793 3945 ἄμεμπτοι.
2821 3890 2842 3925 ι
2892 3871 3014 3925 ἰνα
3054 3868 3308 3939 γένησθε,
3336 3867 3530 3938 φησὶν,
3554 3866 3781 3935 εἰλικρι-

2202 3972 2316 4032 νεῖς
2349 3967 2448 4023 καὶ
2497 3964 2842 4037 ἀπρόσκοποι
2894 3963 2991 4015 καὶ
3042 3960 3294 4031 ἀψεκτοι.
3328 3977 3350 4013 ι
3388 3959 3484 4013 Ἐν
3504 3958 3659 4029 μέσῳ
3694 3974 3784 4026 γε-

2205 4063 2353 4125 νεᾶς.
2380 4078 2401 4111 ι
2436 4058 2721 4112 Δείκνυσιν
2773 4056 2858 4110 ὅτι
2914 4054 3102 4109 πολλοὶ
3128 4049 3269 4122 ἦσαν
3310 4052 3363 4105 οῖ
3396 4049 3779 4121 πολεμοῦντες,

2206 4155 2304 4207 καὶ
2336 4153 2472 4222 πρὸς
2512 4148 2830 4219 γογγυσμδν
2884 4148 3208 4215 ἐπάγοντες.
3253 4146 3418 4200 Ἀλλά
3459 4144 3623 4199 τοῦτο
3661 4146 3781 4198 ἐνὰ-

2208 4259 2383 4314 ρετον,
2402 4240 2558 4311 φησὶ,
2584 4239 2647 4292 τὸ
2668 4237 3136 4308 παρακνιζόμενον
3161 4238 3299 4307 μήτε
3329 4236 3627 4304 γογγύσαι,
3642 4235 3781 4305 μήτε

2205 4338 2287 4397 είς
2335 4330 2671 4403 ἀμφιϐολίαν
2717 4332 2905 4383 πεσεῖν
2933 4330 2967 4400 ἢ
2994 4329 3317 4399 δισταγμὸν.
3363 4345 3384 4379 ι
3419 4327 3512 4381 Ἐν
3547 4321 3632 4391 οἷς
3661 4325 3781 4393 φαί-

2205 4425 2386 4480 νεσθε.
2413 4443 2434 4477 ι
2483 4424 2571 4477 Ἐν
2626 4417 2710 4486 οἷς
2762 4420 2998 4485 σκολιοῖς
3054 4420 3151 4474 καὶ
3202 4417 3782 4490 διεστραμμένοις,ὡς

512 4514 825 4572 tortuosos,
872 4515 1147 4578 tanquam
1190 4508 1485 4564 lnminaria
1549 4507 1768 4565 lucetis.
1822 4509 2091 4581 Siquidem

2210 4515 2495 4587 φωστῆρες
2530 4510 2812 4583 φαίνεσθε.
2872 4511 2983 4566 Καὶ
3038 4510 3147 4581 γὰρ
3195 4508 3389 4581 ῶσπερ
3419 4510 3470 4563 οἱ
3502 4510 3781 4579 φωστῆρες

522 4597 983 4669 quemadmodum
1024 4599 1320 4655 luminaria
1353 4603 1407 4656 iu
1433 4601 1677 4658 tenebris
1702 4608 1908 4666 lucent,
1945 4604 2019 4659 ita
2048 4610 2104 4658 et

517 4706 616 4747 vos
647 4690 702 4744 in
735 4690 928 4747 mediis
961 4702 1313 4759 peccatorum
1349 4693 1571 4748 illorum
1606 4693 1848 4750 tenebris
1885 4694 2102 4750 lucetis.

524 4802 541 4833 ι
581 4783 902 4839 Sermonem
928 4787 1052 4838 vita:
1080 4784 1448 4842 continentes.
1485 4804 1504 4839 ι
1546 4784 1659 4841 [Ioc
1683 4794 1790 4851 cst,
1813 4786 1928 4857 86
1959 4787 2094 4842 sub-

521 4875 659 4928 sidia
710 4891 774 4931 ac
825 4876 1043 4932 semina
1086 4876 1214 4932 vitae
1266 4876 1555 4934 habentes.
1607 4878 1687 4931 Ae
1737 4878 1785 4935 si
1835 4878 2042 4934 diceret
2087 4895 2101 4933 :

520 4964 771 5020 Seieutes
802 4966 977 5036 quod‘
1002 4981 1101 5022 vos
1130 4983 1196 5023 ex
1229 4967 1338 5025 illis
1364 4968 1505 5027 estis
1534 4969 1627 5039 qui
1671 4968 1781 5023 vita
1810 4968 2106 5024 immortali

521 5056 706 5111 vivent
742 5074 758 5111 :
788 5073 914 5113 nam
953 5060 1031 5114 illi
1059 5075 1123 5117 ex
1158 5060 1270 5117 illis
1300 5069 1433 5116 sunt
1462 5060 1557 5131 qui
1589 5068 1767 5117 morte
1805 5060 2106 5121 immortali

524 5146 854 5203 morientur.
901 5147 1069 5207 Vides
1111 5152 1275 5208 etiam
1313 5153 1444 5211 hinc
1486 5153 1668 5208 statim
1708 5152 2109 5209 retributiones

523 5236 775 5294 virtutis.
805 5255 824 5288 ι
870 5236 936 5293 Ut
962 5240 1186 5307 gloriari
1210 5244 1443 5313 possim.
1488 5261 1507 5294 ι
1542 5241 1599 5299 ld
1626 5244 1774 5299 enim
1812 5259 1927 5302 non
1952 5243 2111 5300 vobis

525 5337 767 5397 tantum,
796 5330 890 5388 sed
924 5339 981 5388 et
1012 5333 1146 5388 mibi
1173 5333 1557 5404 gloriationem
1597 5335 1776 5403 aﬂ'ert,
1792 5336 1939 5407 quod
1972 5337 2109 5393 tales

523 5421 828 5479 docuerim.
862 5440 883 5474 ι
932 5420 1091 5490 Quod
1137 5438 1248 5479 non
1297 5426 1351 5480 in
1396 5441 1598 5483 vanum
1646 5425 2042 5489 concurrerim.
2082 5446 2106 5481 ι

524 5512 700 5581 Quam
740 5513 911 5572 babes
963 5513 1378 5586 gloriationem,
1422 5532 1457 5573 ο
1497 5518 1653 5575 beata
1692 5519 1916 5575 anima?
1954 5519 2111 5584 Quod

525 5620 637 5663 non
669 5606 726 5662 in
761 5599 988 5672 'vanutn,
1021 5608 1227 5680 inquit,
1253 5610 1633 5666 coneurrerim
1666 5626 1844 5682 neque
1889 5611 2110 5669 labora-

528 5697 724 5754 verim.
764 5697 881 5755 lloc
928 5709 1038 5767 est,
1074 5702 1223 5772 quod
1272 5716 1381 5756 non
1428 5716 1625 5757 vanum
1669 5712 1723 5759 et
1754 5704 1947 5760 inutile
1977 5704 2090 5760 mili

522 5786 690 5843 fuerit
744 5790 893 5862 quod
937 5805 1031 5849 vos
1083 5791 1386 5851 docuerim.
1423 5792 1530 5850 Sed
1585 5794 1632 5852 si
1668 5794 1958 5872 .imtnolor,
1999 5797 2100 5856 hoc

2207 4613 2267 4664 έν
2295 4608 2483 4662 σκότει
2518 4606 2818 4676 λάμπουσι,
2851 4605 2949 4658 καὶ⁸
2987 4604 3147 4674 ὑμεῖς
3185 4603 3243 4655 ὲν
3284 4602 3441 4673 μέσῳ
3468 4601 3551 4671 τῷ
3605 4600 3780 4655 σκότει

2205 4699 2316 4756 τῶν
2356 4697 2663 4769 ἀμαρτιῶνῗ
2688 4696 2868 4751 αὐτῶν
2904 4695 3176 4766 λάμπετε.
3243 4712 3264 4746 ι
3286 4694 3460 4762 Δόγον
3512 4695 3661 4763 ζωῆς
3694 4696 3783 4746 ἒπ-

2205 4796 2444 4863 έχοντες.
2482 4809 2502 4843 ι
2558 4788 2856 4854 Τοντὲστι,
2887 4787 3182 4859 σπέρματα
3238 4786 3387 4858 ζωῆς
3450 4788 3554 4841 καὶ
3604 4787 3785 4856 ἑςόδια

2207 4885 2450 4957 ἔχοντες,
2496 4881 2633 4936 ὡσεὶ
2682 4881 2863 4950 ἔλεγε,
2894 4879 3294 4950 Γινωσκόμενοι
3338 4880 3424 4933 ὃτι
3480 4880 3643 4951 ὑμεῖς
3684 4879 3787 4932 τῶν

2208 4975 2532 5047 ζησομένων
2559 4973 2686 5028 ἐστὶ
2714 4974 2817 5043 τὴν
2862 4964 3137 5027 ἀθάνατον
3178 4971 3347 5042 ζωήν.
3389 4972 3625 5027 Ἐκεῖνοι
3660 4973 3785 5041 γὰρ,

2207 5067 2317 5123 τῶν
2339 5064 2748 5135 τεθνηξομένων
2777 5064 2886 5118 εἰσὶ
2914 5064 3008 5118 τὸν
3040 5064 3307 5120 ἀθάνατον
3334 5063 3594 5118 θάνατον.
3630 5062 3788 5132 ὀρᾷς

2209 5161 2307 5215 καὶ
2346 5154 2604 5213 ἐντεῦθεν
2646 5156 2808 5221 εὐθὺς
2834 5156 2932 5220 τὰς
2962 5155 3200 5227 ἀμοιϐὰς
3238 5155 3342 5225 τῆς
3380 5155 3626 5227 eme;
3661 5155 3790 5217 ιεῖς

2210 5249 2472 5322 καύχημα
2524 5251 2716 5323 ἐμοί..
2752 5250 2926 5304 Τοῦτο
2960 5250 3070 5322 γὰρ
3121 5250 3187 5304 οὐ
3235 5250 3398 5321 μόνον
3454 5248 3611 5319 ὑμῖν,
3660 5246 3791 5303 ἀλλὰ

2209 5344 2304 5401 καὶ
2349 5344 2471 5413 ἐμοὶ
2507 5342 2665 5415 φέρει
2700 5342 2985 5414 καύχημα,
3018 5343 3106 5397 ὅτι
3165 5341 3443 5406 τοιούτους
3476 5341 3788 5398 ἐπαίδευσαν.

2216 5454 2237 5487 ι
2266 5434 2391 5489 Ὀτι
2437 5434 2542 5489 οὑκ
2592 5435 2674 5499 είς
2721 5434 2885 5489 κενὸν
2942 5433 3202 5506 ἔδραμον.
3230 5453 3251 5488 ι
3302 5434 3466 5488 Ποῖον
3534 5434 3791 5505 καύχημα

2210 5526 2374 5597 ἔχεις,
2413 5519 2460 5580 ὦ
2494 5528 2744 5599 μακαρία
2772 5526 2956 5598 ψυχῆς
2994 5528 3120 5582 ὀτι
3147 5527 3249 5581 οὐκ
3277 5528 3360 5590 είς
3390 5526 3574 5591 κενὸν,
3605 5528 3788 5598 φησὶν,

2212 5617 2475 5689 ἔδραμον,
2519 5618 2641 5673 οὐδέ
2685 5618 2985 5675 ἐκοπίασα.
3031 5618 3346 5685 Τουτέστιν,
3372 5619 3461 5673 ὅτι
3487 5620 3553 5673 οὐ
3591 5619 3793 5690 tenuia

2213 5709 2307 5764 καὶ
2345 5709 2628 5782 ἀνωφελὴς
2656 5709 2849 5780 γέγονέ
2904 5711 3065 5782 μοιή
3118 5711 3198 5774 εἰς
3252 5710 3401 5782 ὑμᾶς
3453 5710 3789 5765 διδασκαλία.

2228 5796 2408 5866 Ἀλλὰ,
2446 5798 2492 5850 ei
2525 5798 2846 5869 σπένδομαι,
2878 5798 3177 5869 τουτέστιν,
3222 5800 3269 5854 εἰ
3312 5799 3407 5854 καὶ
3442 5799 3790 5868 ἀποθνήσκω.
