4000 6622
318 457 454 522 1239

1352 449 1740 512 COMMENT.
1779 449 1858 511 ΙΝ
1895 448 2134 512 EPlST.
2171 448 2270 509 AD
2292 447 2580 509 PHILIP.

3435 446 3574 516 1‘20.)

314 573 468 643 φησι,
515 568 609 624 καὶ
646 561 757 622 οἷον
787 566 979 621 θυσίαν
1023 563 1210 638 μάλλω
1244 564 1338 618 καί¹
1385 563 1615 634 σπονδὴν
1660 563 1898 635 ἐμαυτδν

2010 568 2108 625 est,
2133 575 2446 632 quanquam
2476 560 2700 625 moriar,
2723 566 2779 616 et
2805 558 2971 617 veluti
3004 557 3277 614 victimam
3306 560 3575 633 meipsum

311 662 644 737 προσφέρειν
674 658 895 732 Χριστῷ
913 660 995 731 (τὸ
1011 657 1120 731 γὰρ
1147 655 1288 729 ὑπὲρ
1322 655 1559 728 Χριστοῦ
1578 655 1892 721 ἀποθανεῖν,

314 756 512 811 θυσίαν
544 754 695 809 ἐστὶν
726 753 919 807 ἐαυτὸν
971 746 1339 824 προσενέγκαι
1392 747 1669 821 Χριστῷ),
1695 747 1892 820 χαίρω,

311 849 496 922 φησίν.
539 847 615 901 Οὐ
657 845 815 900 τούτο
842 844 901 899 δὲ
929 838 1105 908 εἶπεν,
1144 842 1221 908 ὡς
1253 840 1347 897 νῦν
1366 840 1736 913 ἀποθνήσκειν
1767 838 1927 912 μέλ-ν

310 941 438 1008 λων,
498 938 638 994 ἀλλὰ
691 938 753 993 τδ
798 935 1027 1007 ὕστερον
1075 935 1334 1006 ἐσόμενον
1363 932 1771 1003 προεξηγεῖται,
1801 930 1897 987 καὶ

311 1029 834 1105 προπαραμυθεῑται
858 1027 986 1093 τοὺς
1025 1025 1296 1098 μαθητὰς.
1330 1024 1545 1088 δεικνὺς
1581 1023 1658 1089 ὡς
1696 1023 1758 1077 οὗ
1788 1023 1896 1095 χρὴ

309 1121 602 1176 λυπεῖσθαι
652 1120 747 1173 ἐπὶ
800 1121 867 1190 τῇ
918 1118 1144 1188 τελευτῇ
1195 1116 1531 1187 ain-06,7)“;
1561 1115 1637 1179 ὠς
1693 1115 1897 1187 σπονδὴ

310 1219 406 1270 καὶ
433 1214 597 1269 θυσία
626 1213 968 1286 προσάγεται
998 1209 1243 1285 Χριστῷ,
1269 1209 1409 1265 ἀλλά
1459 1208 1554 1263 καὶ
1585 1208 1822 1280 χαίρειν.

394 1434 549 1490 Ἀλλ’
588 1436 642 1490 εἰ
676 1434 772 1489 καί
801 1431 1142 1503 σπένδομαι
1170 1431 1269 1486 ἐπὶ
1301 1429 1376 1500 τῇ
1407 1433 1589 1498 θυσίᾳ
1644 1445 1744 1485 και
1775 1440 1898 1487 λει-

310 1527 557 1598 τουργίᾳ
590 1525 702 1594 τῆς
727 1526 987 1593 πίστεως
1019 1523 1208 1594 ὑμῶν,
1234 1523 1418 1593 χαίρω
1446 1521 1544 1577 καί
1593 1524 1899 1593 συγχαίρω

309 1618 508 1675 πᾶσιν
553 1617 721 1689 ὑμῖν.
774 1619 846 1673 Τὸ
890 1615 944 1671 δ’
969 1614 1118 1672 αὐτὸ
1172 1613 1272 1669 καί
1321 1613 1491 1684 ὑμεῖς
1522 1614 1759 1684 χαΙρετε
1792 1614 1897 1669 ’καί

310 1708 682 1781 συγχαΙρετέ
707 1726 832 1781 μοι.

388 1847 592 1924 [ΦΩΤ.]
625 1848 700 1904 Τὸ
723 1848 924 1922 χωρίον
958 1849 1139 1915 τοῦτο,
1180 1847 1323 1923 ἢὼς
1365 1857 1417 1904 οι
1463 1847 1571 1920 πρὸ
1612 1846 1770 1918 ἡμῶν
1814 1847 1898 1916 ἐξα

1998 653 2103 710 sim
2134 654 2425 710 oblaturus
2458 653 2677 709 Christo
2720 653 2868 726 (nam
2908 667 3008 725 pro
3032 652 3257 710 Christo
3304 654 3467 718 mori.
3493 662 3578 711 est

2000 746 2244 816 seipsum
2268 747 2545 803 victimam
2567 745 2765 803 offerre
2781 745 3053 818 Christo),
3082 744 3316 816 gaudeo,
3345 745 3579 802 ait.Non

1999 839 2138 894 dixit
2187 848 2367 896 autem
2422 842 2525 896 boc
2577 839 2724 911 quod
2783 855 2931 896 nunc
2981 840 3056 896 sit
3107 840 3437 905 moriturus,
3483 839 3581 896 sed

2001 930 2149 1001 quod
2184 930 2533 1002 postmodum
2576 933 2821 989 futurum
2848 939 2936 989 est
2960 931 3311 1004 praenuntiat,
3338 942 3393 988 et
3421 939 3582 987 antea

2001 1023 2308 1095 discipulos
2337 1026 2660 1082 consolatur
2696 1044 2711 1081 :
2743 1024 3045 1082 ostendens
3079 1023 3226 1096 quod
3271 1039 3377 1080 nou
3407 1038 3583 1094 opor-

2002 1122 2114 1169 teat
2165 1115 2479 1171 contristari
2537 1115 2609 1172 ob
2654 1126 2886 1171 mortem
2935 1116 3133 1184 ipsius,
3181 1112 3272 1185 qui
3321 1119 3583 1182 tanquam

1999 1205 2335 1264 sacriﬁcium
2370 1216 2426 1263 et
2459 1208 2667 1265 oblatio
2712 1207 2941 1265 offertur
2976 1206 3223 1272 Christo,
3264 1202 3360 1261 sed
3401 1203 3584 1274 potius

2000 1303 2255 1374 gaudere.

2073 1437 2135 1506 ΙΙ,
2166 1439 2365 1509 17,18.
2410 1439 2717 1508 Quinetiam
2747 1440 2796 1495 si
2832 1440 3081 1497 immolor
3117 1457 3275 1511 super
3315 1441 3585 1512 sacriﬁcio

2000 1538 2051 1584 et
2078 1529 2348 1585 oblatione
2375 1531 2502 1601 ﬁdei
2528 1540 2736 1596 uestra,
2766 1529 2970 1600 gaudeo
3001 1540 3050 1585 et
3086 1530 3389 1603 congaudeo
3415 1532 3589 1587 omni-

2003 1620 2098 1675 bus
2128 1621 2297 1679 vobis.
2326 1622 2403 1679 0b
2437 1624 2673 1692 idipsum
2704 1633 2881 1679 autem
2907 1631 2956 1678 et
2988 1640 3074 1680 vos
3114 1624 3336 1696 gaudete
3365 1641 3427 1680 ac
3462 1640 3590 1680 cono

2002 1713 2228 1785 gaudete
2265 1714 2413 1770 mihi.

2076 1847 2354 1905 Particula
2388 1848 2503 1904 baec
2545 1858 2640 1905 aut
2675 1847 3029 1921 intelligenda
3062 1855 3148 1904 est
3175 1848 3322 1904 sicut
3356 1847 3593 1918 majores

288 1913 599 2014 »ηγῖίισαντο
617 1913 939 2013 ἐκληπτέον,
958 1941 991 2015 ἦ
1011 1942 1106 2013 καὶ
1124 1913 1318 2006 οὕτως’
1349 1939 1491 1996 Ἀλλ’
1507 1913 1562 1994 ei
1585 1913 1681 1995 xei
1704 1913 1898 2010 θύομαι

2012 1942 2185 1997 nostri
2244 1940 2593 2012 interpretati
2644 1948 2793 2008 sunt,
2845 1913 2939 1995 aut
2992 1940 3096 1995 boc
3147 1939 3314 1995 etiam
3362 1913 3527 1994 modo
3570 1951 3591 1993 :

310 2035 408 2088 διὰ
442 2033 545 2106 τὴν
577 2033 774 2088 θυσίαν
807 2034 902 2088 καὶ
935 2031 1285 2105 λειτουργίαν
1314 2031 1416 2104 τῆς
1449 2032 1687 2095 πίστεως
1722 2031 1898 2103 ὑμῶν,

311 2132 384 2200 ἦν
435 2126 776 2202 ίερούργησα
823 2124 904 2196 τῷ
952 2124 1100 2197 Θεῷ,
1158 2124 1335 2197 χαίρω
1373 2124 1474 2196 μὲν
1529 2124 1608 2188 ὡς
1660 2123 1896 2193 ἀληθῶς.

290 2222 473 2294 »Χαρὰ
510 2220 621 2292 γὰρ
644 2218 993 2286 διδασκάλου,
1028 2220 1061 2287 ὴ
1085 2216 1195 2272 τῶν
1219 2216 1674 2290 μαθητευθέντων
1700 2214 1903 2272 τελειό-

308 2333 437 2387 της.
472 2313 768 2386 Συγχαίρω
800 2311 881 2380 δέ,
902 2312 986 2366 ὅτι
1018 2310 1115 2366 καὶ
1138 2310 1296 2365 αὐτοὶ
1324 2308 1693 2380 τελειούμενοι
1725 2308 1901 2382 χαρᾶς

309 2406 621 2464 ἀπολαύετε
650 2406 938 2478 μεγίστης.
966 2405 1131 2459 Ὥστε
1154 2402 1264 2474 ἐγὼ
1296 2402 1397 2475 μὲν
1418 2401 1508 2457 διὰ
1534 2400 1694 2456 τοῦτο
1723 2400 1900 2474 χαίρω

311 2500 410 2556 καὶ
443 2500 730 2571 συγχαίρω
781 2498 933 2570 ὑμῖν,
966 2496 1064 2551 καὶ
1110 2496 1270 2567 ὑμεῖς
1295 2495 1354 2550 δέ
1391 2493 1636 2565 ὀφείλετε
1665 2492 1895 2566 χαίρειν,

307 2595 398 2651 ὅτι
425 2591 642 2663 γίνεσθε
680 2593 739 2645 ἐν
779 2590 1107 2660 τελειότητι,
1138 2588 1233 2642 καὶ
1280 2589 1603 2659 συγχαίρειν
1637 2588 1788 2658 ἐμοὶ,
1813 2587 1899 2641 ὅτι

308 2681 628 2754 ηὐφράνατε
656 2678 747 2735 τὸν
775 2679 1118 2734 διδάσκαλον.
1140 2680 1301 2732 Δοκεῖ
1317 2676 1371 2732 δὲ
1396 2678 1525 2742 ἴσως
1545 2676 1628 2732 τόο
1643 2694 1661 2725 ι
1686 2676 1827 2732 Ἀλλ’
1849 2679 1899 2731 εί

308 2775 411 2830 καὶ
433 2773 757 2844 σπένδομαι,
788 2793 807 2825 ι
847 2770 1055 2825 ἔννοιαν
1087 2771 1470 2841 παρεισάγειν,
1502 2769 1584 2824 ὅτι
1610 2769 1660 2823 εί
1702 2769 1777 2841 μὴ
1805 2769 1898 2823 ἐπὶ

306 2869 380 2938 τῇ
414 2864 577 2936 θυσίᾳ
608 2863 790 2919 αὐτῶν
816 2862 1131 2930 ἐσπένδετο,
1165 2862 1417 2917 ἐλυπεῖτο
1465 2862 1552 2919 ἄν.
1589 2859 1761 2916 Τοῦτο
1791 2861 1897 2933 γὰρ

309 2957 606 3027 ὑποφαίνει
636 2958 665 3011 ὁ
688 2955 782 3010 τοῦ
803 2955 966 3025 λόγου
992 2955 1402 3026 σχηματισμός.
1430 2954 1540 3010 Καί
1578 2970 1782 3025 φαμεν,
1812 2954 1895 3007 ὄτι

307 3049 435 3104 οὐδὲ
464 3048 625 3103 τοῦτο
654 3048 875 3102 ἄτοπον.
910 3048 972 3102 Et
1003 3047 1114 3117 γὰρ
1157 3046 1323 3110 αὐτὸς
1352 3045 1570 3117 προέφη
1598 3045 1897 3114 ἀναγκαιιί⁴

270 3133 273 3136 ’
306 3157 470 3214 τερον
498 3141 753 3211 ἡγεῖσθαι
792 3140 856 3194 τὸ
886 3138 1168 3210 ἐπιμένειν
1195 3137 1359 3201 αὐτὸν
1385 3139 1452 3209 τῇ
1484 3138 1653 3209 σαρκὶ
1681 3137 1770 3192 διὰ
1794 3137 1894 3210 τὴν

308 3229 600 3303 προκοπὴν
633 3231 730 3286 καὶ
776 3231 877 3302 τὴν
917 3229 1200 3284 τελείωσιν
1224 3228 1335 3282 τῶν
1365 3227 1650 3301 μαθητῶν,
1677 3229 1893 3294 πάντως

305 3320 381 3377 ἂν
428 3319 678 3394 ἐλυπήθη
740 3320 1025 3393 θυόμενος,
1071 3320 1313 3383 ἐκείνους
1366 3318 1537 3390 μήπω
1580 3318 1897 3382 τελειώσας,

308 3410 454 3484 μηδὲ
482 3411 583 3483 τὴν
615 3410 801 3466 πίστιν
824 3411 1006 3467 αὐτῶν
1035 3410 1112 3475 ὡς
1139 3409 1334 3464 θυσίαν
1356 3408 1499 3481 ἔχων
1537 3409 1633 3465 καλ⁵
1660 3409 1907 3481 λειτουρ-

309 3504 445 3574 γίαν
466 3506 838 3578 προσαγαγεῖν
863 3503 940 3575 τῷ
968 3502 1209 3575 Χριστῷ.
1230 3533 1299 3543 -
1314 3501 1427 3558 Kal
1447 3501 1653 3570 ἄλλως
1679 3502 1773 3559 δέ.
1795 3503 1906 3574 Οίιχ

306 3593 498 3658 ἁπλῶς
529 3593 596 3649 ἄν
628 3594 924 3665 ᾑρετίσατο
975 3590 1222 3658 θύεσθαι,
1247 3593 1296 3647 εί
1324 3590 1403 3665 μὴ
1430 3591 1516 3663 ἐφ’
1537 3587 1582 3660 ᾧ
1621 3592 1906 3655 σπουδαῖος

307 3687 407 3741 καὶ
432 3685 637 3759 θερμὸς
684 3683 863 3756 κῆρυξ
911 3683 1011 3757 τῆς
1073 3684 1311 3746 πίστεως
1359 3686 1574 3755 γέγονε,
1606 3686 1703 3741 καὶ⁵
1735 3684 1821 3758 ἐφ’
1860 3679 1906 3756 ᾧ

308 3780 443 3843 τοὺς
502 3777 755 3851 μαθητὰς
802 3774 977 3840 οὕτως
1035 3777 1396 3849 κατήρτισεν,
1455 3776 1600 3833 ὥστε
1646 3778 1904 3834 δύνασθαι

307 3872 498 3928 αὐτῶν
531 3872 607 3936 ὡς
636 3869 830 3925 θυσίαν
856 3870 953 3924 καὶ
998 3868 1350 3943 λειτουργίαν
1380 3872 1481 3945 τὴν
1505 3872 1691 3927 πίστιν
1729 3891 1903 3946 προσ-

307 3964 467 4031 άγειν
503 3960 584 4032 τῷ
629 3959 769 4034 Θεῷ.
816 3959 872 4012 '0
904 3957 1014 4030 γὰρ
1059 3959 1148 4013 διὰ
1185 3960 1359 4015 ταῦτα
1409 3961 1692 4033 θυόμενος,
1747 3959 1905 4028 οὗτος

306 4057 389 4119 ὡς
419 4054 638 4127 ἀληθῶς
693 4053 876 4126 χαίρει
922 4052 1021 4106 καὶ
1066 4052 1362 4121 ἀγάλλεται
1399 4054 1680 4125 θυόμενος.
1712 4056 1900 4120 Οὐδεὶς

307 4147 423 4218 γὰρ
454 4147 632 4221 μάτην
666 4146 904 4217 αἱρεῖται
942 4145 1294 4216 σφάττεσθαι.
1318 4175 1389 4186 ——
1415 4144 1773 4221 Δυνατὸνδὲ
1802 4145 1901 4200 καί

305 4217 503 4306 οὕτως
534 4242 549 4256 ⁸
585 4217 903 4309 ἷπῖνδομαι
963 4240 1060 4292 νῦν
1110 4241 1225 4302 τοῖς
1264 4217 1592 4312 πειρασμοῖς
1638 4238 1730 4293 καὶ
1779 4243 1900 4306 ταῖς

309 4332 551 4402 θλίψεσι.
582 4332 695 4386 Καὶ
719 4329 828 4402 γὰρ
868 4328 1106 4402 ἀλλαχοῦ
1138 4346 1294 4402 φησι,
1322 4329 1491 4383 «Καθ’
1518 4330 1730 4402 ἡμέραν
1758 4334 1897 4387 ἀπο-

310 4425 558 4496 θνήσκω.
586 4442 605 4476 ι
649 4422 792 4477 Ἀλλ’
851 4422 902 4476 εί
953 4422 1049 4476 καὶ
1086 4421 1308 4493 θύομαι,
1343 4422 1496 4492 ,φησὶ
1519 4461 1534 4485 ,
1562 4424 1676 4487 τοῖς
1705 4436 1897 4496 πειρα-

311 4517 477 4585 σμοῖς
539 4514 635 4569 καὶ
694 4517 814 4578 ταῖς
871 4513 1087 4584 θλίψεσι
1152 4513 1365 4586 (δεσμὰ
1420 4513 1530 4586 γὰρ
1587 4514 1899 4585 περιέκειτο

2010 2033 2322 2103 Quinetiam
2369 2035 2417 2091 si
2466 2035 2725 2091 immolor
2761 2048 2931 2105 super
2977 2032 3158 2089 hostia
3207 2032 3595 2104 sacrificioque

2012 2126 2135 2182 fidei
2165 2137 2360 2182 vestrae
2382 2143 2546 2198 quam
2575 2127 2630 2182 in
2663 2125 2993 2183 sacrificium
3019 2123 3196 2183 obtuli
3226 2124 3357 2189 Deo,
3382 2124 3595 2196 gaudeo

2010 2232 2071 2273 re
2118 2233 2246 2274 vera
2289 2222 2461 2272 :‘nam
2514 2217 2867 2290 praeceptoris
2910 2216 3175 2289 gaudium
3212 2225 3298 2273 est
3328 2214 3595 2288 perfectio

2009 2308 2407 2382 discipulorum
2443 2330 2457 2366 :
2496 2309 2818 2381 congaudeo
2862 2323 2993 2364 vero
3031 2308 3178 2379 quod
3230 2317 3287 2365 et
3326 2322 3426 2365 vos
3464 2323 3593 2379 pcr-

2010 2403 2140 2460 fecti
2170 2404 2411 2460 maxime
2441 2402 2703 2459 fruamini
2745 2400 2969 2474 gaudio.
3001 2399 3190 2474 ltatgue
3226 2415 3329 2473 ego
3371 2400 3593 2471 quidem

2010 2508 2235 2570 propter
2278 2496 2385 2553 hoc
2435 2496 2649 2570 gaudeo
2691 2506 2746 2553 et
2777 2495 3097 2567 eongaudeo
3145 2493 3326 2551 vobis.
3372 2493 3441 2549 Et
3492 2508 3594 2550 vos

2008 2600 2192 2647 autem
2232 2591 2474 2663 gaudere
2511 2589 2748 2654 debetis,
2773 2588 2921 2660 quod
2954 2588 3008 2643 in
3053 2585 3392 2659 perfectione
3425 2587 3592 2645 sitis:

2006 2691 2059 2737 et
2107 2681 2456 2753 congaudere
2508 2680 2678 2747 mihi,
2734 2678 2879 2750 quod
2934 2685 3323 2749 praeceptorem
3376 2678 3596 2735 exhila-

2007 2773 2284 2829 raveritis.
2314 2772 2595 2828 Fortassis
2628 2777 2809 2826 autem
2852 2770 3062 2826 dictum
3126 2770 3259 2826 illud
3297 2789 3309 2825 :
3349 2789 3370 2823 ι
3420 2769 3597 2837 Quiu-

2005 2868 2173 2923 etiam
2197 2867 2241 2922 si
2267 2866 2542 2930 immolor,
2568 2884 2588 2918 ι
2613 2865 3051 2921 benevolentiam
3071 2879 3181 2935 prae
3201 2879 3261 2919 se
3278 2864 3421 2921 ferre
3452 2864 3600 2922 vide-

2007 2968 2133 3024 tur;
2175 2956 2323 3029 quod
2358 2956 2404 3014 si
2454 2972 2562 3012 non
2599 2955 2674 3012 ob
2720 2955 3051 3013 sacriﬁcium
3101 2954 3347 3026 ipsorum
3403 2955 3599 3012 immo-

2005 3052 2148 3106 latus
2188 3048 2405 3115 fuisset,
2453 3055 2603 3103 certe
2648 3046 3011 3103 contristatus
3052 3044 3271 3103 fuisset.
3308 3045 3444 3102 Nam
3492 3048 3599 3102 hoc

2003 3140 2322 3198 subindicat
2367 3141 2541 3196 series
2591 3140 2884 3196 sermonis.
2915 3138 2979 3193 Et
3023 3139 3260 3195 dicimus
3303 3143 3450 3210 quod
3487 3140 3592 3196 hoc

2006 3234 2306 3291 absurdum
2336 3249 2445 3288 uon
2473 3240 2578 3289 est.
2619 3231 2679 3288 Si
2713 3231 2861 3288 enim
2895 3231 3015 3301 ipse
3048 3232 3299 3303 praedixit
3327 3248 3388 3290 se
3417 3232 3593 3305 magis

2016 3325 2394 3383 necessarium
2429 3324 2654 3389 ducere,
2683 3332 2761 3381 ut,
2779 3324 2835 3379 in
2878 3339 3045 3381 carne
3078 3332 3427 3396 permaneret
3468 3341 3598 3395 pro-

2020 3424 2139 3488 pter
2168 3417 2489 3488 profectum.
2508 3427 2563 3472 et
2600 3415 2994 3487 perfectionem
3023 3417 3445 3489 discipulorum,
3476 3432 3599 3475 om-

2017 3511 2146 3567 nino
2175 3524 2310 3567 sane
2336 3509 2702 3567 eontristatus
2734 3509 2950 3577 fuisset,
2979 3511 3025 3566 si
3050 3511 3368 3568 immolatus
3400 3510 3596 3568 fuisset

2012 3602 2169 3670 prius
2196 3617 2362 3674 quam
2392 3603 2670 3673 perfectos
2693 3616 2791 3659 eos
2820 3601 3153 3659 reddidisset
3183 3621 3197 3658 :
3227 3617 3404 3674 neque
3437 3603 3599 3663 fidem

2015 3696 2255 3767 ip~orum
2319 3695 2431 3768 87
2500 3706 2761 3767 tanquam
2815 3696 3092 3753 victimam
3155 3704 3210 3753 et
3263 3697 3596 3753 oblationem

2011 3791 2232 3848 Christo
2264 3790 2466 3847 offerre
2497 3792 2785 3863 potuisset.
2800 3821 2869 3832 --
2890 3792 3156 3848 Prteterea
3180 3802 3230 3848 et
3257 3794 3364 3847 alio
3388 3793 3547 3848 modo
3577 3808 3597 3846 :

2010 3883 2130 3938 Non
2181 3883 2508 3954 simpliciter
2544 3882 2820 3938 immolari
2864 3883 3051 3953 elegit,
3088 3883 3194 3939 uisi
3224 3885 3353 3954 quia
3395 3886 3599 3954 probus
3625 3894 3641 3907 '

2009 3983 2064 4027 et
2102 3971 2322 4028 fervens
2351 3971 2473 4028 fidei
2513 3972 2843 4042 praedicator
2869 3981 2987 4027 erat
3014 3988 3030 4025 :
3057 3980 3111 4026 et
3138 3972 3268 4043 quia
3296 3972 3600 4045 discipulos

2010 4062 2150 4120 adeo
2183 4063 2517 4134 perfecerat,
2547 4070 2608 4119 ut
2643 4073 2827 4132 posset
2860 4063 3107 4134 ipsorum
3138 4061 3299 4121 tidem
3339 4072 3597 4137 tanquam

2008 4157 2346 4214 sacrificium
2400 4172 2466 4214 ac
2518 4156 2856 4214 oblationem
2902 4156 3016 4213 Deo
3048 4155 3285 4217 ,oﬂerre.
3317 4154 3453 4212 Nam
3480 4159 3601 4229 qui

2010 4265 2232 4328 propter
2255 4255 2371 4311 hate
2407 4255 2749 4321 immolatur,
2767 4254 2857 4311 hic
2891 4270 3022 4312 vere
3044 4254 3247 4327 gaudet
3274 4262 3328 4312 et
3359 4256 3601 4313 exsultat

2008 4349 2348 4405 immolatus.
2367 4344 2564 4403 Nullus
2583 4351 2731 4402 enim
2747 4344 2952 4401 frustra
2970 4346 3133 4418 elegit
3149 4345 3602 4418 jugulari.-—Po-

2008 4452 2109 4497 test
2146 4450 2325 4496 autem
2372 4448 2422 4495 et
2464 4440 2564 4495 hoc
2597 4437 2753 4493 modo
2801 4437 2908 4494 dici
2935 4456 2954 4494 :
2990 4439 3252 4494 lmmolor
3287 4452 3435 4494 nunc
3476 4447 3601 4495 teu-

2009 4532 2327 4591 tationibus
2373 4539 2427 4586 et
2480 4528 2895 4587 afﬂictionibus.
2938 4528 3223 4601 Siquidem
3274 4527 3405 4584 alibi
3451 4529 3530 4584 ait
3582 4543 3599 4582 :

308 4610 513 4683 αύτῷ),
544 4610 659 4666 ἀλλ’
690 4606 783 4665 οὗν
811 4611 905 4664 ἐπὶ
953 4614 1022 4682 τῇ
1074 4611 1238 4685 θυσίᾳ
1292 4611 1387 4665 καὶ
1450 4610 1764 4684 λειτουργίᾳ
1801 4615 1897 4685 τῆς

2012 4644 2030 4676 ι
2052 4622 2525 4689 Quotidiemorior
2544 4622 2607 4677 ¹⁸.
2622 4639 2642 4672 ι
2670 4618 2778 4676 Sed
2798 4636 3115 4691 quanquam
3138 4620 3534 4679 tentationibus
3546 4630 3603 4678 et

308 4704 550 4767 πίστεως
565 4703 719 4774 ὑμῶν
731 4701 928 4774 χαίρω,
949 4703 1041 4756 καὶ
1069 4702 1369 4772 ἑξῆς-Ἢ
1384 4703 1485 4757 καί
1510 4703 1702 4772 οὕτως
1724 4720 1740 4736 ’
1759 4705 1898 4759 Ἀλλ’

307 4793 409 4850 οἷν
433 4798 516 4850 ὅτι
554 4797 648 4850 ἐπὶ
695 4799 764 4867 τῇ
798 4794 989 4866 θυσίᾳ,
1023 4796 1327 4859 τουτέστιν,
1370 4795 1558 4850 ἕνεκεν
1593 4797 1746 4869 ὑμῶν
1799 4801 1895 4853 καὶ

310 4889 408 4944 τοῦ
432 4890 511 4954 είς
534 4889 678 4960 ὑμᾶς
711 4882 1090 4961 κηρύγματος,
1111 4887 1307 4960 χαίρω,
1344 4888 1441 4942 καὶ
1486 4889 1637 4959 tam.
1658 4888 1781 4943 Ἐπὶ
1826 4892 1893 4963 τῇ

313 4981 503 5054 θυσίᾳ.
527 5000 546 5033 ι
574 4982 638 5036 Εἰ
656 4980 753 5037 καὶ
777 4980 1033 5049 τελευτῶ,
1055 4981 1210 5053 φησι,
1234 4982 1329 5036 καὶ
1356 4981 1683 5054 σπένδομαι,
1716 4982 1894 5054 χαίρω

310 5075 408 5127 καὶ
459 5073 739 5146 συγχαίρω
800 5073 895 5126 ἐπὶ
950 5076 1016 5145 τῇ
1065 5072 1227 5145 θυσίᾳ
1288 5075 1383 5127 καὶ
1434 5074 1748 5145 λειτουργίᾳ
1794 5075 1895 5147 τῆς

310 5166 552 5229 πίστεως
582 5216 583 5219 η
612 5165 790 5234 ὑμῶν,
844 5165 1117 5230 τουτέστι,
1164 5165 1341 5236 χαίρω
1379 5165 1463 5218 ὅτι
1488 5166 1582 5220 καὶ
1634 5167 1777 5239 ὑμᾶς
1821 5166 1897 5230 ὡς

312 5256 507 5312 θυσίαν
542 5257 637 5312 καὶ
692 5256 1040 5329 λειτουργίαν
1080 5262 1375 5328 προσφέρω
1403 5256 1662 5329 Χριστῷ⁶
1697 5258 1900 5330 μᾶλλον

309 5350 370 5404 δέ
396 5348 690 5422 οὐχ’ύμᾶς,
717 5348 856 5404 ἀλλὰ
894 5349 993 5421 τὴν
1025 5348 1206 5403 πίστιν
1258 5347 1438 5419 ὑμῶν,
1468 5348 1545 5412 ὼς
1584 5348 1776 5405 θυσίαν
1810 5351 1902 5404 καὶ

310 5432 659 5514 λειτουργίαν
682 5441 1000 5514 προσφέρω.
1037 5440 1230 5512 Χαίρω
1280 5435 1395 5508 οὖν,
1422 5440 1505 5495 ὅτι
1535 5439 1645 5510 ἐγὼ
1679 5442 1904 5497 σπένδο-

313 5550 416 5606 μαι
442 5549 456 5565 ·
498 5533 781 5606 συγχαίρω
829 5532 889 5587 δὲ
931 5532 1029 5587 καὶ
1078 5533 1332 5604 ύμῖν,ὅτι
1383 5533 1483 5605 τὴν
1527 5534 1710 5588 πίστιν
1751 5534 1905 5606 ὑμῶν

310 5629 389 5692 ὡς
439 5626 634 5681 θυσίαν
680 5626 781 5699 καὶ,
812 5624 1163 5696 ,λειτουργίαν
1195 5627 1532 5700 προσφέρειν
1565 5626 1746 5699 μέλλω
1771 5628 1909 5700 Χρι-

313 5720 451 5793 στῷ.
477 5740 496 5773 ι
529 5718 763 5791 Χαίρετε
811 5718 906 5774 καὶ
940 5717 1270 5790 συγχαίρετέ
1325 5737 1436 5790 μοι.
1471 5737 1490 5773 ι
1535 5718 1659 5773 Ἐπὶ¹
1686 5718 1787 5790 μέν
1835 5722 1903 5791 τῇ

386 5901 430 5933 ⁸⁸
474 5900 490 5955 l
543 5897 673 5953 Cor.
734 5913 829 5961 xv,
890 5896 981 5953 3|.

612 5992 886 6053 Ps'moa.
933 5989 1054 6055 Gn.
1105 5989 1380 6055 CXVIII.

2009 4713 2438 4777 afﬂictionibus,
2474 4711 2675 4784 inquit,
2715 4712 2972 4768 immoinr
3017 4711 3167 4782 (nam
3204 4711 3439 4767 vinculis
3467 4726 3601 4768 con-

2002 4803 2423 4876 stringebatur),
2468 4812 2711 4860 attamen
2752 4803 2822 4859 ob
2838 4803 3169 4860 sacrificium
3192 4809 3246 4860 et
3264 4802 3596 4858 oblationem

2006 4896 2132 4952 fidei
2154 4902 2346 4952 vestra
2363 4892 2594 4966 gaudeo,
2619 4902 2799 4948 etc.——
2822 4891 2927 4945 Aut
2958 4889 3053 4944 hoc
3083 4904 3288 4962 quoque
3315 4886 3508 4944 modo:
3532 4888 3601 4942 At

2003 4996 2157 5042 certe
2201 4984 2272 5040 ob
2304 4984 2664 5049 sacrificium,
2697 4982 2749 5038 id
2781 4991 2890 5049 est,
2918 4988 3143 5052 propter
3177 4994 3274 5041 vos
3307 4988 3361 5034 et
3394 4980 3595 5051 praedi-

2007 5081 2277 5137 cationem
2303 5093 2431 5151 erga
2459 5094 2578 5145 vos,
2602 5077 2835 5147 gaudeo,
2858 5083 2965 5131 etc.
3000 5093 3019 5127 ι
3051 5070 3228 5145 Super
3265 5074 3537 5131 sacriticio
3573 5094 3590 5124 ι

2010 5170 2338 5241 Quanquam
2390 5168 2620 5235 moriar,
2651 5166 2850 5236 inquit,
2882 5174 2936 5221 et
2981 5163 3257 5226 immoler,
3288 5164 3501 5235 gaudeo
3537 5173 3593 5218 ct

2012 5260 2333 5334 cougaudeo
2384 5275 2553 5331 super
2587 5258 2865 5321 sacriﬁcio
2910 5265 2965 5314 et
3004 5256 3280 5315 oblatione
3330 5256 3453 5312 fidei
3499 5269 3594 5310 ve-

2014 5367 2145 5414 sme
2175 5374 2188 5411 :
2214 5354 2318 5407 hoc
2347 5360 2455 5420 est,
2476 5350 2688 5423 gaudeo
2715 5349 2861 5421 quod
2885 5348 3052 5407 etiam
3076 5364 3173 5404 vos
3213 5356 3473 5417 tanquam
3508 5359 3597 5402 sa-

2008 5446 2280 5503 crificium
2323 5453 2380 5501 et
2422 5442 2757 5499 oblationem
2790 5440 3017 5498 offeram
3046 5439 3269 5496 Christo
3302 5453 3317 5491 :
3350 5435 3463 5491 imo
3496 5449 3595 5506 po-

2012 5538 2122 5593 tius
2146 5551 2254 5591 nou
2274 5550 2393 5601 vos,
2411 5533 2509 5591 sed
2529 5532 2692 5591 fidem
2717 5543 2956 5591 vesuaut
2980 5540 3243 5601 tanquam
3263 5525 3597 5584 sacrificium

2011 5637 2066 5685 et
2105 5627 2439 5684 oblationem
2490 5626 2738 5684 offeram.
2775 5623 2998 5682 Gaudeo
3035 5633 3166 5691 ergo
3193 5618 3341 5690 quod
3369 5631 3473 5687 ego
3505 5615 3601 5670 im-

2019 5721 2193 5779 molcr
2227 5738 2243 5791 ;
2276 5720 2597 5794 congaudeo
2618 5727 2802 5776 autem
2855 5726 2908 5772 ct
2950 5712 3108 5770 vobis
3133 5710 3281 5783 quod
3316 5708 3475 5766 fidem
3504 5720 3603 5766 ve-

3165 5980 3250 6053 41,
