4000 6592
442 425 576 492 1291

1515 419 1910 482 (ECUMENH
1951 420 2242 482 TRICCE
2277 421 2621 482 EPIZCOPI

3558 424 3693 490 1292

438 553 618 596 stram
652 545 914 609 tanquam
961 532 1296 590 sacriﬁcium
1330 541 1385 588 et
1429 531 1761 589 oblationem
1799 533 2019 591 Christo

2131 536 2315 591 πίστει
2341 537 2497 607 ὑμῶν
2525 537 2768 608 χαίρετε,
2812 535 2898 606 ἐφ’
2952 528 3031 601 οἷς
3059 535 3114 589 δὲ
3149 534 3474 591 σπένδεσθαι
3507 539 3701 608 μέλλω,

434 631 544 685 sim
585 629 891 684 oblaturus.
924 623 1199 681 «Gaudete
1219 633 1273 680 et
1319 624 1658 696 congaudete
1691 625 1878 679 mihi.»
1936 621 2018 679 Ob

441 723 601 781 iidem
636 729 875 780 vestram
905 719 1136 790 gaudete
1165 735 1180 773 :
1210 718 1340 789 quia
1373 731 1503 774 vero
1532 715 1848 773 oll‘erendus
1871 732 1995 772 sum

428 818 781 888 congaudete
810 813 966 868 mihi.

1053 903 1280 960 CAPUT
1321 903 1412 960 IV.

485 1021 564 1078 De
594 1019 863 1075 Timotheo
890 1030 944 1073 et
975 1014 1361 1087 Epaphrodito,
1396 1030 1524 1086 quos
1558 1013 1703 1069 misit
1729 1010 1798 1066 ad
1834 1010 1978 1066 illos.

505 1178 577 1247 ιι,
607 1176 797 1234 19-24.
835 1174 998 1246 Spero
1032 1183 1209 1230 autem
1241 1173 1295 1228 in
1325 1173 1550 1228 Domino
1576 1169 1710 1226 Iesu
1737 1186 1819 1225 me
1849 1167 2024 1223 Timo-

439 1275 614 1328 theum
645 1270 786 1325 breui
821 1270 1108 1324 missurum
1137 1267 1302 1330 vobis,
1335 1279 1392 1320 ut
1422 1275 1468 1320 et
1497 1281 1590 1336 ego
1623 1264 1745 1318 la’to
1773 1263 1873 1317 sim
1905 1261 2026 1316 ani-

437 1382 547 1430 mo,
573 1365 779 1437 cognito
809 1371 954 1417 statu
993 1373 1183 1417 vestro.
1209 1361 1325 1432 88
1357 1357 1631 1415 Neminem
1676 1356 1816 1411 enim
1860 1354 2025 1408 habeo

436 1457 558 1521 pari
591 1471 794 1512 mecum
833 1454 1012 1509 animo
1048 1453 1356 1525 prwditum,
1401 1450 1491 1523 qui
1522 1464 1767 1522 germane
1797 1462 1878 1503 res
1914 1461 2024 1500 ves-

439 1563 552 1605 tras
598 1558 883 1605 curaturus
929 1547 1017 1602 sit.
1062 1545 1206 1600 Nam
1255 1561 1432 1599 omnes
1476 1561 1595 1614 qua:
1643 1559 1742 1598 sua
1787 1543 2023 1611 ipsorum

436 1650 846 1711 suntquterunt,
876 1656 979 1693 non
1003 1654 1122 1709 qua’
1149 1637 1350 1692 Christi
1378 1634 1530 1690 Jesu.
1559 1635 1729 1689 Porro
1759 1633 2026 1704 probatio-

436 1749 554 1786 nem
585 1731 702 1801 ejus
742 1730 932 1794 nostis,
972 1729 1113 1798 quod
1149 1743 1349 1780 mecum
1399 1724 1558 1779 veluti
1603 1741 1722 1778 cum
1763 1732 1913 1792 patre
1961 1720 2026 1792 ﬁ-

435 1824 540 1879 lius
581 1821 820 1878 servierit
860 1821 915 1874 in
955 1817 1323 1889 anngelium.
1364 1815 1524 1870 Hunc
1558 1816 1721 1885 igitur
1757 1830 1907 1883 spero
1945 1830 2026 1868 me

2127 629 2450 702 συγχαίρετέ
2489 643 2597 700 μοι.

2735 893 2964 948 ΚΕΦΔΔ
2976 932 2992 950 .
3026 894 3100 950 Δ⁹.

2131 1007 2267 1079 Περὶ
2303 1007 2580 1079 Τιμοθέου
2618 1009 2716 1066 καὶ
2766 1009 3198 1080 Ἐπαφροδίτου
3217 1051 3233 1078 ,
3261 1011 3369 1077 οὓς
3391 1011 3714 1067 ἀπέστειλε

2714 1080 2868 1148 πρὸς
2904 1083 3150 1147 αὐτούς.

2211 1170 2464 1234 Ἐλπίζω
2491 1171 2560 1226 δὲ
2585 1172 2654 1226 ἐν
2693 1173 2887 1243 Κυρίῳ
2925 1175 3144 1243 Ἰησοῦ,
3176 1179 3459 1248 Τιμόθεον
3489 1177 3716 1247 ταχέως

2127 1265 2361 1334 πέμψαι
2406 1264 2570 1334 ὑμῖν,
2602 1265 2705 1320 ἵνα
2755 1267 2917 1336 κάγὼ
2965 1267 3220 1338 εὐψυχῶ
3250 1269 3438 1340 γνοὺς
3476 1271 3550 1325 τὰ
3584 1267 3715 1338 περὶ

2128 1356 2318 1428 ὑμῶν.
2348 1357 2590 1428 Οὑδέναί
2601 1358 2711 1428 γὰρ
2735 1359 2854 1430 ἔχω
2882 1361 3208 1430 ἰσόψυχον,
3252 1361 3422 1430 ὅστις
3448 1363 3718 1430 γνησίως

2127 1448 2200 1503 τὰ
2216 1449 2348 1519 περὶ
2366 1449 2532 1520 ὑμῶν
2546 1449 2926 1520 μεριμνήσει.
2952 1455 3015 1505 Oi
3031 1451 3254 1527 πάντες
3271 1451 3380 1522 γὰρ
3398 1452 3470 1506 τὰ
3485 1450 3710 1506 ἑαυτῶν

2127 1542 2431 1612 ζητοῦσιν,
2459 1544 2533 1598 οὐ
2575 1541 2646 1597 τὰ
2689 1542 2953 1613 Χριστοῦ
3009 1543 3229 1613 Ἰησοῦ.
3285 1547 3404 1614 τὴν
3455 1544 3716 1615 δοκιμὴν

2126 1636 2314 1690 αὑτοῦ
2341 1633 2688 1706 γινώσκετε,
2721 1637 2811 1691 ὅτι
2845 1638 2926 1704 ὡς
2953 1638 3128 1708 πατρί
3158 1637 3376 1692 τέκνον
3416 1638 3542 1693 σὺν
3585 1639 3712 1707 ἐμοὶ

2128 1727 2505 1783 ἐδούλευσεν
2541 1731 2630 1796 εις
2669 1728 2738 1782 τὸ
2777 1729 3167 1799 Εὐαγγέλιον.
3208 1730 3430 1784 Τοῦτον
3457 1729 3578 1799 μὲν
3605 1725 3719 1784 οὖν

2128 1819 2346 1881 ἐλπίζω
2398 1821 2632 1891 πέμψαι
2689 1821 2771 1886 ὡς
2823 1821 2900 1874 ἂν
2953 1820 3146 1875 ἀπίδω
3200 1821 3272 1877 τὰ
3324 1821 3458 1890 περι
3497 1820 3611 1890 ἐμὲ
3647 1821 3718 1884 ἐξ

435 1917 726 1970 missurum
761 1929 885 1968 mox
917 1913 1008 1967 ubi
1032 1911 1209 1966 videro
1254 1927 1367 1965 mea
1405 1911 1636 1982 negotia.
1666 1908 1892 1978 Conﬁdo
1922 1924 2019 1962 au-

2128 1911 2339 1982 αῠτῆς.
2370 1910 2634 1966 Πέποιθα
2679 1910 2749 1965 δὲ
2785 1911 2855 1965 ἐν
2892 1911 3090 1981 Κυρίῳ
3126 1911 3217 1966 ὅτι
3259 1911 3356 1966 καί
3384 1912 3574 1978 αὐτὸς
3617 1927 3718 1967 τα-

435 2019 537 2064 tem
567 2012 618 2063 in
655 2010 879 2064 Domino
912 2007 1052 2079 quod
1087 2015 1138 2062 et
1167 2007 1277 2075 ipse
1307 2003 1447 2059 brevi
1471 2014 1722 2059 uenturus
1754 2004 1878 2057 sim.

505 2101 685 2171 ipsam
747 2113 973 2170 quoque
1037 2095 1316 2151 Timothei
1373 2095 1692 2151 missionem
1751 2092 2022 2148 voluntati

431 2190 560 2247 Jesu
585 2190 790 2247 Christi
822 2188 1095 2243 attribuit.
1126 2206 1145 2239 ι
1173 2186 1245 2244 Ut
1276 2195 1330 2241 et
1356 2200 1456 2257 ego
1485 2187 1608 2240 laeto
1634 2184 1736 2240 sim
1767 2185 1970 2238 animo.
1998 2201 2016 2235 ι

433 2283 940 2352 Quemadmodum,
975 2282 1175 2353 inquit,
1214 2295 1316 2337 vos
1355 2281 1480 2336 lato
1527 2280 1664 2336 estis
1703 2279 1889 2334 animo
1923 2294 2022 2334 co-

431 2378 602 2448 gnitis
629 2391 751 2448 quae
781 2375 931 2430 circa
983 2391 1068 2430 mc
1100 2382 1365 2444 aguntur,
1407 2370 1555 2436 quod
1602 2369 1668 2424 ad
1712 2369 2020 2440 profectum

433 2469 642 2525 venerit
674 2467 1057 2540 Evangelium,
1087 2474 1142 2522 et
1171 2465 1315 2535 quod
1355 2464 1562 2519 inimici
1594 2463 1806 2533 pudore
1835 2459 2018 2516 aliecti

433 2563 566 2625 sint,
603 2560 855 2617 subdolis
901 2574 1093 2615 eorum
1140 2556 1473 2613 commentis
1519 2555 1588 2610 ad
1634 2556 1838 2611 bonum
1887 2553 2024 2608 mihi

435 2653 794 2710 commutatis
825 2668 840 2706 :
875 2661 935 2708 ut
980 2657 1034 2706 et
1083 2665 1184 2721 ego
1217 2649 1340 2704 laeto
1368 2663 1434 2704 ac
1462 2646 1634 2702 alacri
1675 2646 1779 2702 sim
1815 2645 2023 2710 animo,

413 2745 671 2820 trognitis
715 2760 838 2814 quae
887 2745 1038 2800 circa
1069 2758 1167 2799 vos
1196 2749 1464 2813 aguntur.
1497 2758 1516 2792 ι
1549 2737 1835 2795 Neminem
1875 2739 2021 2793 enim

435 2843 612 2898 habeo
662 2841 781 2913 pari
839 2853 1054 2896 mecum
1104 2837 1290 2893 animo
1342 2834 1654 2907 praeditum.
1689 2853 1708 2886 ι
1742 2831 2020 2900 Poteram,

435 2937 635 3008 inquit,
665 2944 721 2991 et
751 2935 920 2989 alium
955 2932 1193 2998 mittere,
1223 2937 1463 2984 attamen
1495 2928 1586 2998 qui
1616 2927 1692 2982 ita
1734 2941 1833 2984 vos
1867 2925 2024 2998 adju-

411 3039 524 3087 'vet
555 3037 610 3087 et
639 3036 796 3085 curet
836 3041 960 3099 qua:
998 3032 1185 3082 vestra
1235 3032 1385 3088 sunt,
1418 3021 1631 3077 nullum
1674 3021 1848 3076 habeo
1888 3019 2023 3076 alte-

433 3136 577 3176 rum.
620 3119 749 3175 Pari
784 3119 931 3175 enim
967 3117 1152 3172 animo
1177 3121 1296 3171 erat
1328 3122 1387 3168 ut
1415 3111 1641 3179 Paulus,
1677 3121 1733 3167 et
1766 3111 2022 3168 similiter

433 3213 682 3285 ipsorum
719 3223 908 3266 curam
949 3207 1188 3265 habebat
1220 3195 1386 3262 etiam
1433 3204 1840 3307 Titnotheus:‘¢
1879 3202 2016 3258 Nam
2045 3247 2089 3307 ο

434 3321 630 3364 omnes
663 3318 784 3376 qua!
827 3316 926 3358 sua
963 3301 1209 3372 ipsornm
1237 3306 1368 3354 sunt
1394 3305 1666 3369 quaerunt.
1703 3314 1724 3348 θ
1758 3293 1873 3352 lloc
1911 3305 2017 3365 est,

435 3401 714 3471 propriam
773 3396 1036 3466 quietem.
1087 3391 1286 3447 Nullus
1333 3391 1522 3454 enim,
1568 3387 1784 3459 inquit,
1833 3388 1901 3443 ad
1963 3389 2019 3445 id

413 3489 584 3562 quod
614 3487 835 3544 Christo
880 3493 1094 3558 gratum
1136 3491 1223 3541 est
1265 3483 1536 3555 vobisque
1578 3485 1816 3558 espedit,
1858 3483 2020 3540 facile

435 3580 568 3636 velit
614 3589 724 3634 tam
787 3579 946 3647 longa
984 3575 1124 3630 mitti
1159 3575 1550 3646 pradicatione
1580 3591 1756 3648 usque
1797 3577 1866 3632 ad
1897 3591 2017 3633 vos.

421 3671 554 3726 Hoc
584 3677 769 3724 autem
802 3667 939 3722 dicit
970 3681 1082 3721 non
1114 3675 1175 3720 ut
1206 3667 1346 3722 alios
1384 3667 1680 3738 vituperet,
1709 3669 1803 3725 sed
1832 3677 1890 3723 ut
1922 3666 2020 3723 Ti-

437 3763 717 3819 motheum
745 3757 1047 3824 collaudet,
1082 3773 1300 3830 nosque
1331 3757 1531 3816 doceat
1562 3776 1632 3817 ne
1667 3761 1721 3815 in
1760 3761 1911 3833 paria
1939 3759 2020 3815 in-

419 3855 706 3913 cidamus.
741 3850 1134 3907 Animadverte
1160 3859 1365 3919 tamen,
1399 3852 1548 3923 quod
1577 3853 1624 3909 is
1650 3853 1744 3924 qui
1773 3853 2018 3923 requiem

435 3949 638 4022 quierit
689 3955 787 4003 aut
841 3946 1123 4018 propriam
1171 3953 1388 4000 tantum
1445 3946 1759 4013 utilitatem,
1802 3946 1851 4004 is
1911 3960 2016 4000 non

433 4044 633 4116 quam
684 4058 808 4114 quae
855 4039 1062 4098 Christi
1113 4049 1264 4096 sunt.
1305 4057 1328 4093 ι
1377 4039 1537 4107 Quod
1587 4055 1801 4097 mecum
1848 4041 2018 4097 veluti

425 4137 581 4194 illius
609 4151 734 4192 cum
781 4145 962 4208 patre.
1012 4153 1041 4188 ι»
1078 4131 1198 4190 Non
1235 4143 1342 4200 est,
1379 4134 1580 4206 inquit,
1603 4135 1762 4190 vobis
1791 4150 1932 4206 opus
1960 4143 2020 4190 ut

433 4245 464 4286 ι
485 4245 584 4286 me
613 4229 845 4285 discatis
879 4247 892 4284 :
927 4213 1128 4300 prater
1155 4229 1264 4285 hoc
1299 4230 1447 4284 enim
1481 4229 1626 4300 quod
1663 4229 1796 4284 mihi
1824 4210 2019 4301 subje-

409 4327 558 4378 ctus
588 4321 710 4387 iuit,
736 4321 902 4376 etiam
950 4320 1017 4375 ad
1061 4320 1508 4392 pradieationem
1543 4321 1792 4376 servivit.
1823 4321 2018 4378 Merito

411 4422 616 4470 autem
664 4413 843 4482 ipsum
893 4410 1295 4468 commendat:
1334 4412 1501 4483 idque
1551 4413 1676 4468 ideo
1730 4420 1790 4468 ut
1837 4414 2016 4484 ipsum

416 4509 488 4562 -in
547 4508 753 4562 honore
805 4505 1068 4562 habentes
1101 4547 1116 4573 ,
1170 4508 1348 4578 magis
1405 4507 1635 4562 audiant
1667 4549 1684 4572 ,
1731 4508 2018 4578 magisque

2128 2007 2278 2075 κέως
2305 2006 2655 2076 ἐλεύσομαι.

2197 2097 2313 2152 Καὶ
2345 2099 2409 2152 τὸ
2457 2095 2678 2168 πέμψαι
2711 2095 3001 2167 Τιμόθεον,
3042 2098 3107 2168 τῇ
3152 2095 3348 2168 γνώμῃ
3398 2095 3493 2150 τοῦ
3535 2095 3716 2167 Ἰησοῦ

2124 2191 2366 2262 Χριστοῦ
2393 2191 2734 2261 ἀνατίθησιν.
2769 2207 2788 2243 ι
2811 2191 2930 2244 Ἵνα
2974 2190 3131 2260 κάγὼ
3171 2187 3414 2259 εὐψυχῶ.
3435 2207 3455 2242 s
3491 2189 3714 2251 Καθὼς,

2123 2283 2316 2354 φησὶν,
2357 2283 2519 2354 ὑμεῖς
2567 2281 2857 2352 εὐψυχεῐτε
2906 2281 3168 2352 μαθόντες
3214 2282 3282 2335 τὰ
3328 2282 3450 2333 κατ’
3478 2280 3714 2351 Euhan

2124 2397 2182 2435 τε
2242 2381 2321 2444 είς
2357 2379 2645 2450 προκοπὴν
2693 2375 2826 2450 ἦλθε
2887 2378 2951 2432 τὸ
3002 2378 3358 2448 Εὑαγγέλιον,
3400 2380 3493 2432 καὶ
3538 2381 3623 2432 ὅτι
3660 2381 3711 2430 οἱ

2125 2473 2312 2546 ἐχθροὶ
2365 2471 2846 2548 κατῃσχύνθησαν,
2878 2472 2988 2524 τῶν
3043 2471 3593 2540 κατασκευασμάτων
3616 2471 3715 2524 αὐ-

2123 2570 2232 2624 τῶν
2285 2569 2366 2633 είς
2403 2569 2606 2637 ἀγαθὸν
2665 2567 2791 2638 ἐμοὶ
2833 2566 3282 2638 περιτραπέντων
3311 2581 3326 2596 ο
3370 2567 3489 2618 Ἵνα
3554 2564 3714 2633 κάγὼ

2125 2661 2369 2732 εὐψυχῶ,
2402 2663 2499 2715 καὶ
2535 2659 2777 2730 εὐθυμῶ,
2814 2660 2976 2728 γνοὺς
3002 2659 3072 2712 τὰ
3099 2657 3224 2713 καθ’
3255 2658 3423 2725 ὑμᾶς.
3455 2675 3474 2709 ι
3504 2657 3712 2712 Οὐδένα

2125 2755 2235 2827 γὰρ
2276 2754 2384 2826 ἔχω
2437 2754 2714 2824 ίσύψυχον.
2740 2771 2760 2805 ι
2833 2752 3148 2822 Ἦδυνάμην
3201 2751 3321 2821 μὶν,
3401 2752 3562 2821 φησι,
3614 2749 3711 2804 καὶ

2125 2849 2287 2904 ἄλλον
2325 2849 2561 2920 πέμψαι,
2597 2847 2734 2919 πλὴν
2770 2846 2947 2910 οὕτως
2987 2845 3144 2918 ὑμῶν
3171 2845 3711 2916 ἀντιλαμϐανόμενον

2124 2940 2158 3014 ἢ
2191 2941 2546 3014 μεριμνῶντα
2594 2940 2665 2994 τὰ
2716 2939 2841 2995 καθ’
2864 2940 3032 3010 ἡμᾶς,
3067 2939 3177 2992 οὐδ’
3207 2938 3303 2992 ἕνα
3341 2938 3452 3008 ἔχω
3496 2937 3707 3007 ἕτερον.

2135 3033 2440 3104 Ἰσοψυχίας
2475 3031 2584 3103 γὰρ
2613 3033 2673 3084 τὸ
2701 3031 2905 3101 ὁμοίως
2953 3027 3169 3082 Παύλου
3217 3027 3482 3098 κήδεσθαι
3527 3027 3711 3080 αὐτῶν

2123 3128 2220 3182 καὶ
2250 3127 2338 3180 τὸν
2367 3126 2654 3198 Τιμόθεον.
2719 3144 2738 3178 ι
2767 3125 2831 3178 Οἱ
2880 3123 3083 3187 πάντες
3117 3121 3226 3193 γὰρ
3255 3122 3325 3175 τὰ
3359 3121 3578 3175 ἑαυτῶν
3609 3121 3711 3191 ζη-

2124 3218 2299 3274 τοῦσι.
2334 3239 2352 3271 ›
2386 3217 2670 3284 Τουτέστι,
2705 3218 2804 3288 τὴν
2840 3215 2977 3270 ίδίαν
2999 3216 3324 3270 ἀνάπαυσιν.
3353 3213 3551 3277 Οὐδεὶς
3576 3215 3711 3285 γὰρ,

2125 3311 2313 3383 φησιν,
2339 3309 2583 3382 εὐχερῶς
2607 3308 2746 3381 πρός
2771 3325 2830 3362 τε
2858 3307 2918 3362 τὸ
2943 3307 3023 3379 τῷ
3049 3306 3271 3378 Χριστῷ
3296 3305 3489 3360 δοκοῦν
3525 3309 3624 3360 καὶ
3650 3307 3714 3360 τὸ

2124 3404 2277 3474 ὑμῶν
2303 3403 2606 3474 συμφέρον,
2637 3402 2811 3456 ἓλοιτο
2848 3400 3121 3474 τοσαύτην
3151 3399 3464 3471 ἀποδημίαν
3495 3400 3713 3455 στείλα-

2122 3494 2248 3549 σθαι
2269 3494 2371 3566 τὴν
2395 3494 2553 3566 ἄχρις
2576 3493 2753 3565 ὑμῶν.
2772 3492 2947 3547 Τοῦτο
2975 3492 3034 3546 δέ
3064 3509 3249 3562 φησιν,
3279 3491 3342 3544 οὐ
3371 3491 3500 3555 τοὺς
3517 3492 3716 3556 ἄλλους

2120 3587 2402 3660 λοιδορῶν,
2431 3584 2568 3641 ἀλλὰ
2597 3586 2689 3639 τὸν
2720 3584 2986 3658 Τιμόθεον
3017 3583 3402 3655 ἐγκωμιάζων,
3435 3583 3533 3638 καὶ
3561 3587 3719 3654 ἡμᾶς

2119 3681 2398 3736 διδάσκων
2435 3679 2510 3752 μὴ
2538 3681 2652 3744 τοῖς
2684 3680 2822 3743 ῐσοις
2865 3680 3210 3750 περιπεσεῖν.
3240 3677 3389 3750 Πλὴν
3416 3677 3544 3745 ὅρα,
3568 3678 3652 3731 ὅτι
3687 3681 3717 3732 6

2120 3779 2305 3832 ἄνεσιν
2345 3775 2547 3849 ζητῶν,
2588 3774 2622 3846 ἢ
2656 3773 2718 3827 τὸ
2749 3774 2950 3827 οἰκεῖον
3000 3773 3164 3843 μόνον
3202 3770 3511 3843 συμφέρον,
3547 3773 3612 3825 οὗ
3642 3771 3712 3826 τὰ

2120 3869 2358 3942 Χριστοῦ
2384 3866 2558 3940 ζητεῖ.
2597 3884 2615 3920 ι
2649 3867 2772 3920 Ὀτι
2797 3865 2873 3930 ὼς
2925 3867 3096 3938 πατρὶ
3121 3865 3331 3920 τέκνον.
3361 3883 3378 3916 ι
3409 3866 3486 3917 Οὐ
3508 3865 3709 3926 δεῖσθε,

2122 3963 2280 4033 φησὶ.
2322 3961 2451 4032 παρ’
2486 3959 2622 4032 ἐμοῦ
2660 3957 2875 4030 μαθεῖν,
2912 3959 2992 4013 ὅτι
3031 3958 3168 4030 μετὰ
3201 3957 3296 4010 τοῦ
3347 3956 3474 4028 ἐμοὶ
3508 3957 3711 4009 ὕποτε-

2118 4054 2339 4126 τάχθαι,
2371 4053 2685 4107 ἐδούλευσεν
2719 4055 2799 4116 είς
2831 4053 2892 4105 τδ
2921 4053 3204 4122 κήρυγμα.
3239 4049 3613 4120 Παρατίθεται
3650 4049 3712 4103 δὲ

2120 4149 2282 4202 αὑτὸν
2329 4148 2561 4212 είκότες,
2609 4145 2707 4200 καὶ
2763 4144 2922 4200 τοῦτο
2976 4144 3066 4198 διὰ
3113 4146 3343 4198 ἐκείνων
3403 4144 3710 4214 συμφέρον,

2120 4239 2209 4292 ἵνα
2259 4238 2478 4310 ἔντιμον
2525 4237 2742 4308 ἔχοντες
2787 4236 2985 4300 αὐτὸν,
3049 4235 3213 4289 πλέον
3268 4235 3555 4289 ἀκούσωσι
3614 4233 3713 4287 καὶ

2119 4331 2281 4385 πλέον
2323 4331 2701 4401 ὠφεληθῶσιν.
2741 4347 2761 4381 ι
2802 4327 2892 4393 Ὠς
2923 4327 2990 4381 ἂν
3037 4327 3215 4382 ἀπίδω
3256 4326 3327 4379 τὰ
3364 4324 3496 4395 περὶ
3533 4323 3658 4396 ἐμέ.
3684 4341 3705 4375 ι

2118 4425 2290 4478 Ὅταν
2319 4425 2433 4487 ἴδω,
2455 4423 2641 4494 φησιν,
2677 4423 2758 4486 είς
2796 4423 2950 4474 ποῖον
2983 4419 3102 4491 ἥξει
3124 4419 3192 4472 τὰ
3220 4419 3342 4472 κατ’
3373 4417 3475 4487 ἐμὲ
3506 4417 3710 4488 πέρας.

2132 4517 2418 4586 Ἐξαυτῆς.
2467 4514 2705 4578 Εὐθέως.
2743 4533 2759 4564 ι
2783 4510 3026 4566 Πέποιθα
3067 4510 3126 4563 δὲ
3173 4510 3233 4561 ὲν
3296 4506 3507 4579 Κυρίῳ.
3537 4525 3557 4558 ι
3595 4507 3712 4574 Οὐχ

431 4600 540 4655 illis
574 4600 769 4670 prosit.
819 4617 840 4652 ι
884 4599 1006 4653 Mox
1044 4607 1106 4653 ut
1149 4598 1340 4654 videro
1376 4613 1496 4654 mea
1541 4600 1778 4670 negotia.
1814 4618 1840 4652 ει
1872 4599 2016 4654 Con-

2128 4609 2200 4672 ὡς
2223 4608 2298 4679 μὴ
2333 4607 2650 4678 ἐρχόμενος,
2688 4606 2842 4676 φησὶ,
2887 4605 2977 4658 τὸν
3027 4601 3294 4674 Τιμόθεον
3322 4601 3553 4672 πέμπω,
3591 4599 3712 4653 ἀλλ’

412 4693 633 4760 .festim,
671 4693 870 4763 inquit,
913 4698 974 4745 ut
1009 4690 1198 4746 videro
1233 4705 1395 4761 quem
1427 4689 1725 4745 sortientur
1759 4705 1847 4745 res
1881 4703 2014 4744 meae

2128 4701 2210 4752 ῐνα
2242 4701 2299 4752 ὲν
2330 4697 2409 4768 τῷ
2434 4699 2586 4768 μέσῳ
2611 4697 2788 4767 χρόνῳ
2811 4693 3052 4764 εὐψυχῶ,
3084 4693 3246 4761 γνοὺς
3273 4691 3343 4745 τὰ
3370 4690 3500 4760 περὶ
3530 4688 3708 4760 ὑμῶν.

428 4786 748 4839 terminum.
785 4805 803 4836 ι
839 4783 1071 4839 Confido
1096 4795 1286 4839 autem
1336 4784 1387 4837 in
1422 4781 1684 4837 Domino.
1722 4799 1740 4832 ι
1775 4779 1892 4836 Non
1925 4782 2010 4836 id-

2128 4789 2266 4861 Ὀρα
2301 4790 2358 4844 δὲ
2390 4789 2505 4854 πῶς
2537 4789 2714 4844 πάντα
2743 4787 2820 4860 τῷ
2867 4785 2989 4857 Θεῷ
3032 4785 3346 4857 ἀνατίθησι,
3398 4784 3496 4838 καὶ
3554 4784 3712 4836 οὐδὲν

411 4880 580 4933 -οἱι-ρο
607 4879 955 4935 Timotheum
988 4880 1148 4933 mitto
1176 4879 1337 4949 quasi
1373 4893 1483 4932 non
1519 4877 1624 4931 sim
1658 4876 1776 4947 ipse
1807 4887 2004 4932 ventu-

2128 4880 2206 4949 ἰᾷ
2237 4881 2429 4937 ἑαυτοῦ
2462 4880 2634 4935 λαλεῖ.

409 4987 547 5035 τ-τιιε,
579 4972 671 5027 sed
721 4982 780 5027 ut
816 4973 1036 5029 interim
1070 4973 1193 5028 laeto
1221 4972 1324 5029 s'im
1361 4972 1570 5040 animo,
1608 4975 1829 5044 cognito
1869 4981 2016 5029 statu
2047 4987 2254 5034 vestro.
2297 4977 2604 5035 Considera
2648 4990 2778 5033 vero
2824 4973 3102 5047 quomodo
3167 4974 3350 5028 omnia
3391 4972 3462 5027 ad
3537 4970 3711 5026 Deum

427 5061 654 5129 referat,
681 5071 733 5118 et
767 5066 902 5119 nihil
933 5081 961 5118 a
994 5066 1178 5135 seipse
1199 5065 1485 5136 loquatur.

495 5159 611 5232 89
653 5158 718 5223 il,
751 5160 938 5216 25-27.
979 5161 1080 5216 Sed
1107 5177 1278 5232 Opera;
1307 5161 1535 5231 pretium
1566 5161 1860 5216 arbitratus
1893 5178 2008 5216 sum

428 5251 857 5324 Epaphroditum
896 5252 1119 5320 fratrem
1160 5264 1208 5307 et
1245 5253 1548 5323 adjutorem
1584 5268 1645 5307 ac
1687 5252 2010 5307 commilito-

427 5364 543 5404 nem
582 5362 778 5410 meum,
807 5353 1032 5399 vestrum
1071 5355 1248 5400 autem
1277 5345 1580 5416 apostolum
1610 5361 1674 5398 ac
1706 5343 2010 5399 ministrum

2202 5156 2560 5229 Ἀναγκαῖον
2611 5155 2680 5211 δὲ
2729 5149 3058 5225 ἡγησάμην
3112 5151 3556 5221 Ἐπαφρόδιτον
3600 5157 3716 5202 rer

2117 5254 2386 5325 ἀδελφὸν
2413 5251 2514 5307 καί
2560 5250 2864 5321 συνεργὸν
2911 5248 3011 5302 καί
3049 5245 3511 5315 συστρατιώτην
3557 5259 3712 5312 μου,

2115 5349 2284 5420 ὑμῶν
2314 5348 2382 5402 δὲ
2409 5348 2779 5411 ἀπόστολον,
2825 5343 2922 5398 καὶ
2958 5341 3312 5411 λειτουργὸν
3350 5337 3466 5406 τῆς
3495 5338 3719 5406 χρείας

423 5443 482 5496 in
528 5441 838 5496 necessitate
881 5455 996 5494 mea
1042 5440 1247 5493 mittere
1292 5440 1361 5493 ad
1400 5457 1509 5495 vos.
1567 5437 2010 5508 Quandoquidem

411 5529 765 5588 desiderabat
791 5547 970 5586 omnes
999 5547 1113 5594 eos,
1144 5531 1337 5584 anxius
1373 5531 1537 5584 animi
1567 5538 1840 5598 propterea
1869 5527 2009 5598 quod

424 5625 713 5680 audissetis
741 5626 911 5695 ipsum
941 5625 1275 5695 inﬁrmatam
1307 5622 1493 5692 fuisse.
1514 5622 1792 5694 Siquidem
1817 5621 1896 5675 ita
1925 5621 2008 5673 in-

424 5721 612 5789 ﬁrmus
649 5719 774 5786 fuit,
802 5727 858 5771 ut
883 5718 1083 5772 uicinus
1113 5725 1250 5772 esset
1280 5715 1489 5771 morti:
1517 5715 1608 5770 sed
1644 5714 1783 5768 Deus
1821 5715 2004 5766 miser-

427 5824 512 5866 tus
542 5821 619 5866 est
649 5811 795 5866 illius
825 5829 844 5867 :
879 5821 928 5864 et
959 5829 1060 5866 non
1102 5812 1250 5866 illius
1295 5819 1526 5875 tantum,
1560 5809 1650 5864 sed
1680 5820 1728 5864 et
1763 5807 1863 5861 mei
1894 5821 1912 5860 .'
1945 5822 2006 5859 ue

423 5918 703 5959 maerorem
738 5919 894 5974 super
932 5922 1201 5960 mwrorem
1259 5904 1528 5959 haberem.

2110 5463 2231 5515 μου
2279 5443 2512 5512 πέμψαι
2550 5440 2700 5510 πρὸς
2761 5436 2955 5508 ὑμᾶς’
2995 5434 3205 5504 ἐπειδὴ
3249 5428 3561 5486 ἐπιποθῶν
3625 5424 3722 5499 ἦν

2116 5537 2350 5605 πάντας
2381 5533 2534 5607 ὑμᾶς
2563 5534 2661 5588 καί
2708 5528 3030 5601 ἀδημονῶν
3066 5528 3218 5582 διότι
3264 5526 3580 5594 ἠκούσατε
3611 5521 3718 5575 ὅτι

2115 5627 2423 5700 ἠσθένησε
2476 5621 2906 5692 παραπλήσιον
2963 5617 3237 5685 θανάτῳ,
3295 5616 3441 5672 ἀλλ’
3480 5617 3517 5668 δ
3559 5611 3724 5674 Θεὸς

2111 5723 2304 5776 αὑτὸν
2338 5719 2631 5790 ἠλέησεν,
2663 5719 2775 5771 οὐκ
2804 5713 2993 5770 αὑτὸν
3035 5711 3103 5767 δὲ
3125 5714 3342 5782 μόνον,
3388 5708 3555 5765 ἀλλὰ
3604 5705 3722 5759 παι

2112 5814 2237 5884 ἐμὲ,
2264 5813 2362 5865 ἵνα
2384 5809 2470 5881 μὴ
2499 5811 2708 5880 λύπην
2734 5806 2832 5860 ἐπὶ
2863 5806 3069 5873 λύπην
3083 5800 3233 5872 σχῶ.
