4000 6582
416 462 578 526 (12Ἷὸ

1455 456 1851 518 (ECUMENII
1878 455 2166 517 TRICCJE
2204 457 2540 518 EPISCOPI

3538 465 3670 531 1295

413 583 549 636 eimo
595 588 650 636 et
699 581 1000 652 periculum
1047 579 1133 638 his
1179 589 1326 638 esset
1373 581 1465 651 qui
1517 588 1946 651 asscquerentur
1984 596 1999 638 :

2107 581 2345 652 διηκόνει
2385 583 2554 654 αὓτῷ.
2593 583 2790 656 Ἔργον
2818 583 2874 638 δὲ
2909 584 3112 656 Κυρίου
3144 584 3298 639 καλεῖ
3328 583 3390 637 τδ
3420 581 3675 637 τοιδῦτον.

427 671 845 743 Epaphroditus
919 670 1224 744 postposito
1286 670 1599 742 hujusmodi
1661 671 1905 741 periculo
1953 678 2008 724 et

438 778 766 833 congressus
785 771 894 827 est,
927 773 979 818 et
1004 763 1157 819 dedit
1182 778 1303 833 quae
1331 760 1642 818 necessaria
1672 769 1851 825 erant,
1879 759 2009 831 ipsi-

438 871 545 925 que
599 855 946 911 ministrabat
998 872 1013 909 :
1059 853 1317 910 idautem
1362 863 1522 909 vocat
1565 867 1706 924 opus
1749 852 2005 919 Domini;

429 947 582 1018 quod
614 947 758 1003 enim
797 962 904 1015 me,
941 947 1140 1018 inquit,
1179 946 1472 1012 refocillat,
1505 961 1614 1002 non
1657 941 1882 1016 propter
1921 960 2008 1001 me

436 1037 538 1092 hoc
577 1036 728 1100 facit,
769 1037 864 1093 sed
895 1045 1132 1108 .proptcr
1169 1036 1580 1092 Dominum.—i
1615 1034 1845 1107 Propter
1869 1052 2007 1108 opus

434 1129 665 1184 Christi.
705 1147 724 1180 ι
773 1131 940 1186 Recte
989 1145 1126 1202 Opus
1161 1129 1371 1186 Christi
1419 1141 1595 1186 vocat.
1643 1130 1702 1185 Si
1735 1130 1880 1185 enim
1913 1133 2004 1202 qui

434 1222 738 1292 discipulos
776 1222 1029 1293 suscipit,
1081 1223 1261 1294 ipsum
1299 1222 1530 1294 suscipit
1567 1222 1844 1278 Christum
1867 1263 1883 1290 ,
1930 1224 2007 1278 ait

414 1315 582 1368 enim
625 1331 638 1368 :
689 1331 707 1366 ι
741 1313 846 1380 Qui
886 1329 984 1370 vos
1019 1315 1272 1386 suscipit,
1313 1329 1400 1370 me
1430 1313 1744 1384 suscipit";
1783 1333 1802 1366 ι
1839 1314 2005 1368 etiam

435 1409 526 1480 qui
571 1407 624 1462 in
673 1410 857 1478 aliquo
893 1407 1178 1480 discipulis
1227 1409 1522 1474 ministrat,
1575 1407 1796 1464 Christo
1843 1408 2007 1462 mini-

416 1508 591 1554 strat.
626 1498 898 1555 Praeterea
930 1507 984 1556 et
1012 1501 1121 1556 alio
1155 1500 1316 1556 modo
1345 1515 1486 1570 opus
1514 1499 1717 1555 Christi
1744 1507 1852 1566 est,
1876 1498 2005 1569 quia

434 1592 687 1661 praecepti
723 1591 925 1647 Christi
959 1599 1043 1648 est
1079 1595 1357 1663 prepriam
1398 1592 1635 1646 animam
1677 1607 1775 1662 pro
1811 1590 2003 1645 amicis

427 1696 687 1751 ponere:
735 1682 884 1752 quod
947 1684 992 1738 si
1041 1699 1138 1754 pro
1186 1684 1402 1750 amicis,
1449 1692 1655 1755 quanto
1692 1683 1868 1754 magis
1902 1697 2003 1753 pro

432 1774 898 1843 prmeeptoribus!
948 1792 966 1826 ι
1003 1773 1124 1830 Νοιι
1170 1775 1353 1830 habita
1403 1777 1612 1831 ratione
1645 1776 1788 1831 vita.
1828 1796 1846 1830 ι
1892 1779 1998 1850 91

433 1865 572 1932 Quid
599 1866 996 1934 enim,-inquit,
1021 1873 1074 1920 et
1100 1865 1144 1921 si
1176 1864 1321 1920 Deus
1347 1865 1629 1936 inopinato
1657 1867 1816 1924 modo
1846 1871 1999 1925 illum

429 1959 690 2029 servavit,
722 1957 840 2026 ipse
871 1965 1049 2011 tamen
1079 1956 1201 2012 vitre
1228 1958 1493 2011 rationem
1524 1974 1630 2011 non
1664 1958 1876 2025 habuit,
1903 1961 2001 2017 sed
2033 1936 2076 1992 Β

433 2050 484 2104 in
527 2048 831 2119 periculum
879 2048 1120 2118 scipsum
1165 2046 1422 2117 coniecit.
1471 2067 1490 2100 ι
1528 2047 1602 2104 Ut
1643 2051 1943 2120 suppleret.
1974 2069 1994 2104 ι

430 2141 679 2204 Misislis,
712 2140 810 2204 ait,
843 2155 963 2211 quae
988 2140 1056 2194 ad
1076 2155 1250 2194 meam
1279 2139 1662 2196 necessitatem
1695 2152 2002 2213 opportuna

427 2239 606 2295 erant,
629 2239 685 2287 et
721 2232 826 2288 mei
862 2231 954 2302 qui
997 2230 1201 2286 absens
1227 2245 1377 2285 eram
1409 2232 1756 2296 meministis,
1781 2241 1834 2288 et
1864 2234 2001 2289 eba-

429 2325 646 2403 ritatem
689 2323 1111 2379 demonstratis.
1155 2320 1446 2393 Reliquum
1496 2324 1662 2394 igitur
1703 2326 1798 2380 toti
1846 2327 2000 2398 operi

428 2417 551 2483 fuit,
587 2426 644 2472 ut
675 2431 776 2486 ego
799 2431 921 2488 quae
948 2416 1119 2471 missa
1147 2423 1307 2472 erant
1338 2417 1659 2486 reciperem,
1687 2425 1740 2473 et
1771 2419 1874 2475 hoc
1905 2435 1999 2474 so-

428 2509 539 2563 lum
598 2507 792 2564 defuit.
840 2506 940 2562 Hic
985 2508 1170 2576 itaque
1219 2507 1488 2576 reliquum
1531 2507 1677 2578 quod
1732 2508 1997 2580 obsequio

428 2615 556 2670 erga
589 2615 673 2655 me
702 2600 1035 2655 diminutum
1061 2607 1200 2664 erat,
1226 2599 1521 2669 supplevit,
1552 2616 1661 2657 non
1689 2599 1874 2656 habita
1908 2617 1997 2657 ra-

429 2693 576 2747 tione
612 2694 752 2746 vim.
792 2689 1043 2746 Ostendit
1071 2699 1253 2745 autem
1284 2692 1428 2761 quod
1465 2691 1550 2747 his
1576 2694 1737 2747 etiam
1770 2695 1862 2763 qui
1892 2695 1993 2748 mi~

429 2790 641 2845 serunt,
667 2797 876 2838 merces
900 2783 1025 2850 erit,
1055 2782 1182 2836 licet
1205 2791 1262 2836 ut
1289 2781 1659 2852 compleretur
1688 2799 1827 2854 opus
1851 2785 1998 2855 quod

429 2875 729 2929 secundum
759 2872 930 2928 Deum
967 2881 1109 2939 erat,
1145 2872 1551 2943 Epaphroditus
1587 2873 1674 2929 hic
1703 2876 1995 2946 suppleve-

429 2967 518 3019 rit.
546 2966 684 3020 Cum
713 2975 895 3021 autem
931 2966 1134 3021 dixerit
1175 2982 1188 3018 :
1218 2965 1372 3032 Quod
1417 2981 1482 3020 ex
1518 2966 1671 3022 vobis
1697 2967 1906 3034 deerat,
1944 2977 1998 3024 et

427 3057 686 3124 cilicium,
721 3059 1110 3128 obligationem
1156 3058 1401 3115 ostendit
1450 3059 1738 3116 imminere
1777 3061 1862 3116 his
1902 3063 1996 3134 qui

2126 673 2184 726 Ὀ
2233 672 2342 745 γὰρ
2377 675 2501 745 ἐμὲ,
2558 676 2742 747 φησὶν,
2795 676 3112 741 ἀναπαύων,
3155 675 3216 730 οὐ
3265 675 3333 728 δι’
3380 675 3481 744 ἐμὲ
3527 673 3680 727 τοῦτο

2111 767 2271 831 ποιεῖ,
2311 765 2446 821 ἀλλά
2491 767 2579 820 διὰ
2623 768 2714 821 τὸν
2748 769 2974 841 Κύριον.
3007 799 3076 811 —
3111 789 3130 822 ι
3174 767 3273 822 Διὰ
3304 767 3365 821 τὸ
3400 767 3561 836 ἔργον
3586 765 3676 819 τοῦ

2109 859 2372 928 Χριστοῦ.
2406 879 2425 914 s
2455 859 2653 934 [@012]
2684 861 2878 926 Καλῶς
2904 862 3064 934 ἔργον
3091 861 3220 915 αὐτὸ
3247 858 3486 932 Χριστοῦ
3507 858 3676 914 καλεῖ.

2109 951 2173 1004 Ei
2203 950 2311 1022 γὰρ
2363 953 2392 1004 δ
2437 953 2726 1024 δεχόμενος
2774 953 2903 1017 τοὺς
2932 951 3218 1024 ἐμαθητάς,
3258 952 3421 1006 αὐτὸν
3466 951 3677 1020 δέχεται

2107 1039 2198 1092 τὸν
2236 1041 2494 1112 Χριστὸν,
2527 1061 2546 1094 ι
2598 1041 2655 1096 '0
2693 1043 2801 1115 γὰρ
2835 1043 3124 1114 δεχόμενος
3157 1043 3321 1112 ὑμᾶς,
3356 1044 3542 1111 φησὶν,
3585 1041 3678 1098 ἐμὲ

2107 1131 2342 1201 δέχεται,
2382 1151 2401 1185 ι
2435 1134 2529 1187 καί
2576 1134 2605 1187 δ
2654 1135 2944 1206 ὑπηρετῶν
2976 1134 3034 1187 ἔν
3081 1151 3188 1188 τινι
3239 1136 3353 1196 τοῖς
3390 1131 3678 1203 μαθηταῖς,

2107 1223 2327 1294 Χριστῷ
2357 1225 2637 1298 ὑπηρετεῖ.
2668 1226 2775 1280 Καὶ
2797 1224 2970 1289 ἄλλως
2997 1225 3054 1278 δὲ
3091 1225 3251 1296 ἔργον
3283 1224 3402 1276 ἐστὶ
3421 1221 3674 1294 Χριστοῦ,

2107 1317 2188 1370 ὅτι
2219 1317 2441 1388 ἐντολῆς
2487 1319 2604 1371 ἐστι
2639 1318 2899 1389 Χριστοῦ,
2929 1319 2990 1372 τὸ
3029 1319 3240 1371 τιθέναι
3275 1316 3414 1387 ὑπὲρ
3461 1315 3570 1368 τῶν
3597 1313 3681 1383 qi-

2110 1405 2217 1461 λων
2247 1409 2344 1478 τὴν
2388 1407 2523 1462 ίδίαν
2547 1409 2744 1480 ψυχήν.
2785 1410 2848 1463 Ei
2869 1409 2924 1463 δὲ
2952 1410 3091 1479 ὑπὲρ
3125 1409 3314 1479 φίλων,
3355 1408 3508 1476 πόσῳ
3541 1408 3677 1477 p.53.-

2106 1497 2196 1550 λον
2248 1497 2390 1570 ὑπὲρ
2452 1498 2832 1568 διδασκάλωνς
2896 1518 2916 1554 ι
2968 1499 3559 1572 Παραῦουλευσάμενος
3614 1501 3677 1566 τῇ

2105 1587 2275 1660 ψυχῇ.
2316 1606 2334 1640 ι
2374 1589 2439 1642 Τί
2473 1589 2580 1660 γὰρ
2627 1593 2674 1643 εί
2700 1591 2728 1644 ὁ
2761 1590 2894 1654 Θεὸς
2925 1591 3104 1654 αὐτὸν,
3144 1590 3331 1660 φησὶν,
3381 1589 3589 1642 ἔσωσεν
3618 1589 3679 1641 ὲκ

2105 1678 2442 1750 παραδόξους
2507 1680 2654 1752 Πλὴν
2700 1682 2860 1746 αὐτὸς
2910 1677 3412 1753 παρεὸουλέύσατο,
3470 1679 3565 1732 καὶ
3603 1678 3680 1740 είς

2105 1773 2351 1828 κὶνδυνον
2403 1775 2626 1848 ἔρριψεν
2684 1775 2896 1829 ἑαυτόν.
2954 1795 2973 1828 ι
3009 1776 3127 1830 Ἵνα
3193 1773 3567 1844 ἀναπληρώσῃ
3621 1770 3678 1824 es

2105 1864 2260 1936 ὑμῶν
2295 1865 2600 1938 ὑστέρημα..
2641 1885 2659 1919 ι
2708 1865 3091 1921 Ἀπεστεὶλατέ
3127 1883 3239 1936 μοι,
3266 1865 3421 1934 φησὶ,
3453 1863 3523 1917 τὰ
3544 1860 3677 1931 πρὸς

2106 1957 2205 2030 τὴν
2244 1957 2455 2030 χρείαν,
2514 1959 2608 2013 καὶ
2659 1957 2966 2029 ἐμνήσθητέ
2996 1974 3097 2029 μου
3145 1957 3397 2018 ἀπόντος,
3449 1953 3545 2007 καὶ
3580 1951 3678 2022 τὴν

2107 2049 2329 2120 ἀγάπην
2360 2048 2619 2116 ἐδείξατε.
2665 2049 2946 2103 Ἐλείπετο
2971 2047 3150 2101 τοίνυν
3179 2046 3258 2116 τῷ
3303 2045 3470 2098 παντὶ
3510 2043 3674 2114 ἔργῳ,

2107 2142 2203 2195 καὶ
2247 2141 2309 2195 τὸ
2358 2140 2654 2195 ἀπολαϐεῖν
2704 2157 2772 2212 με
2821 2140 2891 2194 τὰ
2923 2139 3318 2204 ἀποσταλέντα,
3375 2136 3472 2191 καὶ
3522 2135 3676 2190 τοῦτο

2104 2232 2359 2304 ὑστέρισε
2394 2233 2578 2303 μόνον.
2603 2226 2771 2296 Οὗτος
2799 2229 3090 2303 τοιγαροῦν
3119 2231 3180 2282 τὸ
3204 2227 3676 2300 περιλιμπανόμε-

2103 2343 2193 2380 νον
2239 2325 2524 2397 ὑστέρημα
2572 2327 2651 2390 είς
2698 2325 2798 2396 τὴν
2843 2324 2980 2396 ἐμὴν
3015 2323 3358 2391 λειτουργίαν
3392 2319 3674 2388 inligat;

2103 2417 2688 2489 παραϐουλευσάμενος
2719 2420 2786 2489 τῇ
2836 2418 3002 2489 ψυχῇ.
3055 2415 3301 2468 Δείκνυσι
3343 2412 3397 2466 δὲ
3430 2410 3674 2478 suam

2102 2511 2296 2565 τούτου
2334 2513 2430 2565 καὶ
2473 2514 2586 2576 τοῖς
2612 2512 2995 2565 ἀποστείλασιν
3029 2510 3180 2562 ἔσται
3217 2507 3430 2578 μισθὸς,
3463 2507 3589 2573 είγε
3618 2503 3674 2554 τδ

2101 2604 2344 2656 ἐλλεῖπον
2370 2603 2462 2658 τοῦ
2489 2603 2889 2675 ἀπαρτισθῆναι
2911 2603 2970 2656 τὺ
3005 2601 3145 2655 κατά
3166 2600 3297 2654 Θεὸν
3314 2599 3495 2668 ἔργον,
3521 2589 3677 2657 οὗτος

2100 2694 2630 2766 προσανεπλήρωσεν
2681 2696 2709 2748 δ
2761 2695 3170 2765 Ἐπαφρόδιτος.
3224 2692 3410 2745 Εἰπὼν
3459 2688 3549 2751 δὲ,
3604 2686 3677 2738 Τδ

2103 2790 2258 2861 ὑμῶν
2294 2789 2579 2860 ὑστέρημα
2625 2789 2721 2843 καὶ
2763 2787 3128 2859 λειτουργίας,
3162 2782 3362 2848 ἔδειξεν
3395 2781 3676 2850 ὀφειλόμε-

2103 2898 2192 2934 νον
2214 2881 2275 2934 τὸ
2301 2881 2729 2935 ἀποστέλλεσθαι
2777 2881 2928 2950 παρὰ
2970 2878 3078 2932 τῶν
3107 2881 3165 2932 ὲν
3184 2873 3458 2946 ἀσφαλείᾳ
3486 2873 3672 2933 ὄντων,

2099 2975 2217 3037 τοῖς
2247 2975 2306 3028 ὲν
2340 2974 2612 3040 κινδύνοις
2643 2973 2786 3029 οὖσι.
2828 2973 3000 3026 Τοῦτο
3024 2971 3082 3024 δέ
3109 2986 3263 3040 φησι,
3298 2964 3673 3021 καταστέλλων

2099 3066 2299 3131 αὐτοὺς
2328 3071 2420 3122 xa‘t
2443 3068 2659 3132 δεικνὺς
2691 3066 2852 3139 χρέος
2885 3063 3334 3136 πεπληρωκέναι.

430 3155 483 3206 in
515 3153 807 3208 securitate
837 3163 986 3216 sunt,
1024 3160 1083 3206 ut
1119 3153 1227 3208 illis
1266 3155 1486 3207 mittant
1514 3153 1607 3223 qui
1653 3163 1782 3209 sunt
1815 3155 1870 3208 in
1939 3156 2218 3227 periculis.
2289 3159 2402 3217 lloc
2436 3169 2618 3216 autem
2664 3161 2740 3215 ait
2782 3161 2932 3233 ipsos
2972 3158 3026 3213 in
3101 3153 3290 3211 ofﬁcio
3368 3150 3674 3206 cantinens.

427 3257 490 3299 ac
519 3245 816 3302 ostendens
848 3251 907 3299 ut
937 3243 1080 3315 quod
1116 3243 1360 3300 debitum
1389 3253 1475 3300 est
1504 3244 1865 3315 compleatur.

1048 3359 1275 3417 CAPUT
1310 3359 1372 3415 V.

433 3480 504 3531 De
529 3477 793 3550 spirituali
819 3478 1083 3550 vita,qua:
1106 3494 1208 3530 non
1230 3478 1436 3550 degitur
1462 3487 1712 3550 tauquam
1742 3479 1796 3534 in
1821 3495 2000 3546 carne,

499 3564 617 3618 quc
646 3557 723 3600 est
760 3549 992 3602 inritatio
1028 3550 1215 3601 mortis
1251 3548 1472 3602 Christi.

500 3638 593 3704 Ill,
622 3638 734 3691 1-4.
778 3637 931 3704 Ωιιοό
976 3647 1230 3704 superest,
1278 3640 1470 3706 fratres
1520 3641 1640 3702 mei,
1685 3642 1905 3711 gaudete
1945 3643 1998 3696 in

428 3730 680 3785 Domino.
712 3727 912 3783 Eadem
938 3729 1163 3784 scribere
1191 3731 1353 3794 vobis,
1385 3747 1464 3786 me
1494 3733 1701 3802 quidem
1733 3743 1870 3787 certe
1898 3749 2000 3787 non

426 3825 586 3893 piget,
635 3823 775 3875 vobis
825 3830 1002 3875 autem
1047 3831 1217 3874 tutum
1255 3832 1357 3875 est.
1397 3820 1574 3876 Videte
1612 3838 1788 3888 canes,
1834 3822 2000 3877 videte

431 3914 594 3967 malos
631 3914 923 3980 operarios,
963 3913 1128 3967 ridete
1171 3913 1540 3967 concisionem.
1584 3911 1698 3968 Nos
1731 3914 1869 3968 enim
1905 3931 1999 3967 su-

431 4022 544 4058 mus
579 4003 930 4070 circumcisio,
962 4004 1051 4073 qui
1093 4004 1285 4073 spiritu
1323 4003 1487 4058 Deum
1523 4003 1766 4068 colimus,
1801 4016 1847 4058 et
1883 4004 1999 4074 glo-

429 4098 630 4149 riamur
657 4097 708 4148 iu
742 4094 951 4148 Christo
980 4093 1131 4160 Jcsu,
1155 4104 1203 4148 et
1237 4112 1340 4149 non
1377 4095 1689 4162 conﬁdimus
1719 4097 1771 4150 in
1799 4113 1954 4151 came
1977 4113 1997 4152 .'

425 4204 724 4259 quanquam
753 4197 802 4242 et
830 4204 923 4256 ego
957 4186 1119 4241 habeo
1147 4204 1247 4258 quo
1281 4191 1333 4241 in
1360 4205 1518 4244 carne
1546 4188 1832 4258 conﬁdam.

481 4365 634 4421 ,Nam
669 4367 714 4422 si
745 4381 864 4437 ego,
900 4365 1099 4436 inquit,
1137 4380 1284 4421 nunc
1321 4380 1434 4421 non
1474 4367 1702 4434 moriar,
1733 4373 1787 4421 et
1827 4365 1997 4420 Evan-

410 4460 629 4530 gelium
674 4459 740 4513 atl
786 4466 1134 4528 augm'ntum
1163 4458 1391 4523 veniat,
1435 4471 1499 4513 ac
1542 4459 1749 4515 inimici
1789 4461 1995 4531 pudore

410 4549 836 4619 ,suﬂundantur,
852 4548 1091 4620 gaudere
1115 4547 1325 4605 debetis
1359 4550 1413 4604 in
1439 4548 1688 4604 Domino.
1709 4550 1844 4605 Nam
1873 4567 1994 4622 quae

426 4640 720 4707 accidunt,
771 4640 836 4694 ad
890 4640 1120 4710 gloriam
1174 4647 1404 4711 vergunt
1451 4641 1668 4696 Domini
1721 4641 1874 4698 Jesu.
1925 4671 1996 4684 ~-

427 4733 794 4799 Prazterea,-si
822 4733 1104 4803 apostolus
1135 4732 1542 4804 Epaphroditus
1572 4752 1672 4791 vos
1702 4733 1994 4801 recreavit,

430 4839 759 4894 wrsumque
783 4823 852 4878 ad
890 4838 986 4879 vos
1019 4825 1221 4880 missus
1243 4833 1346 4891 est,
1377 4833 1431 4880 et
1460 4842 1562 4897 ego
1596 4842 1627 4880 a
1659 4842 1894 4881 marore
1925 4827 1996 4881 ob

431 4919 607 4985 ipsum
647 4927 863 4986 sumpto
904 4916 1167 4972 liberatus
1203 4933 1346 4984 sum,
1379 4925 1670 4988 vestraque
1702 4917 1994 4972 diminutio

406 5005 690 5062 .inioliicio
723 5009 974 5078 suppleta
1004 5018 1108 5075 est,
1135 5009 1244 5080 92
1280 5009 1516 5079 gaudere
1551 5009 1760 5065 debetis
1796 5009 1997 5081 gaudio

415 5099 702 5169 .spirituali
744 5099 1018 5170 dignoque
1057 5099 1308 5156 Domino.
1351 5120 1369 5152 ι
1401 5101 1612 5157 Videte.
1643 5120 1662 5155 ι
1703 5100 1871 5156 Erant
1897 5104 1992 5172 qui

420 5207 538 5246 non
568 5188 727 5245 facile
757 5194 1011 5258 cognosci
1029 5201 1316 5261 .poterant.
1341 5192 1469 5247 ideo
1499 5193 1574 5247 ait
1602 5209 1616 5244 :
1653 5191 1862 5256 Videte,
1893 5193 1994 5246 hoc

428 5292 534 5350 est,
581 5280 927 5352 investigate,
971 5285 1334 5354 vosmetipsos
1383 5294 1620 5341 servate.
1676 5304 1695 5338 ι
1733 5285 1927 5341 Canes.
1970 5303 1990 5337 ι

419 5376 599 5430 Erant
646 5372 897 5428 nonnulli
941 5386 1007 5426 ex
1040 5371 1270 5442 Juda‘is,
1318 5392 1513 5446 nempe
1554 5377 1861 5444 credentes,
1901 5377 1994 5447 qui

431 5480 538 5520 una
573 5479 696 5518 cum
739 5462 845 5518 ﬁde
887 5461 1228 5518 Judaisum
1271 5467 1432 5520 etiam
1479 5468 1906 5524 commiscebant
1942 5475 1997 5523 et

431 5557 874 5624 prtedicationem
905 5556 1349 5626 corrumpebant,
1375 5573 1515 5627 quos
1542 5575 1709 5616 canes
1736 5559 1992 5632 appellat.

421 5645 604 5703 Canes
643 5661 773 5702 vero
812 5646 1136 5702 dicebantur
1172 5647 1448 5702 interdum
1489 5650 1714 5718 ethnici,
1745 5666 1811 5707 eo
1846 5651 1993 5722 quod

427 5736 604 5791 Deum
635 5738 966 5806 ignorarent.
989 5737 1211 5795 Nam-et
1240 5753 1407 5797 canes
1440 5739 1494 5794 in
1519 5756 1642 5796 eum
1673 5757 1889 5813 quoque
1916 5743 1994 5796 la-

569 5891 613 5923 “
652 5890 842 5946 Matth.
870 5910 931 5960 ηις,
961 5895 1051 5950 '40.

2688 3360 2935 3415 ΚΕΦΛΛ.
2983 3357 3037 3411 E'
3046 3399 3060 3414 .

2102 3476 2242 3548 Περι
2281 3475 2685 3552 πνευματικοῦ
2716 3477 2862 3552 ,βίου
2909 3473 3016 3552 τοῦ
3055 3471 3264 3552 μῄ-ὠς
3289 3470 3375 3552 ἐν·⁶
3407 3470 3617 3540 σαρκί,
3644 3469 3677 3522 ὅ

2371 3545 2503 3602 ἐστι
2541 3548 2794 3616 μίμησις
2827 3545 3087 3598 θανάτου
3119 3545 3397 3610 Χριστοῦ.

2177 3638 2249 3693 Τὸ
2275 3639 2514 3703 λοιπὸν,
2547 3636 2802 3706 ἀδελφοί
2824 3652 2966 3705 μου,
2997 3634 3234 3705 xta/pste
3259 3633 3328 3686 ἐν
3349 3633 3568 3700 Κιερίῳ,
3611 3632 3679 3685 τὰ

2099 3731 2251 3786 αὐτὰ
2279 3732 2528 3801 τράφειν
2568 3729 2729 3799 ὑμῖν,
2788 3728 2913 3797 ἐμοὶ
2938 3727 3055 3798 μὲν
3080 3729 3188 3780 οὐκ
3215 3727 3499 3794 ὀκνηρὸν,
3534 3726 3680 3796 ὑμῖν

2099 3819 2167 3873 δὲ
2195 3817 2487 3888 ἀσφαλές.
2517 3818 2778 3872 Βλέπετε
2811 3815 2955 3883 τοὺς
3003 3817 3212 3881 κύνας,
3236 3815 3505 3878 ,ϐλέπετε
3536 3815 3677 3879 τοὺς

2098 3911 2317 3977 κακοὺς
2349 3895 2623 3980 ἐργάτας,
2647 3909 2910 3974 βλέπετε
2938 3907 3054 3976 τὴν
3083 3905 3448 3975 κατατομήν.
3483 3906 3679 3976 Ἡμεῖς

2099 4002 2210 4073 γάρ
2232 4002 2418 4071 ἐσμεν
2440 4003 2478 4070 ἠ
2502 4001 2806 4070 περιτομὴ,
2829 4003 2883 4054 οι
2899 4002 3187 4070 πνεύματι
3213 3998 3336 4064 Θεῷ
3350 4000 3678 4066 λατρεύω·-

2097 4109 2214 4159 τες,
2249 4093 2346 4147 καὶ
2376 4091 2747 4162 καυχώμενοι
2785 4092 2856 4145 ἐν
2882 4089 3113 4160 Χριστῷ
3160 4089 3388 4158 Ἰησοῦ,
3426 4089 3522 4143 καὶ
3564 4090 3677 4142 οὐκ

2095 4185 2165 4239 ἐν
2195 4185 2372 4254 σαρκὶ
2404 4184 2776 4250 πεποιθότες,
2817 4186 3031 4253 καίπερ
3067 4181 3182 4253 ἐγὼ
3207 4184 3369 4252 ἔχων
3389 4184 3675 4249 πεποιθηο

2096 4291 2202 4330 σιν
2228 4277 2298 4330 ἐν
2321 4276 2525 4344 σαρκί.

2167 4367 2228 4420 Ei
2279 4369 2388 4437 γὰρ
2441 4366 2572 4435 ἐγὼ,
2620 4366 2808 4438 φησὶν,
2855 4365 2915 4419 οὗ
2962 4364 3290 4436 τεθνήξομαι
3329 4363 3448 4431 νῦν,
3495 4362 3675 4417 καὶτὸ

2097 4458 2426 4528 Εὖαγγέλιον
2477 4460 2556 4524 είς
2603 4459 2842 4513 ἐπίδοσιν
2868 4458 3018 4533 ἔλθῃ,
3055 4463 3150 4513 καὶ
3179 4461 3228 4512 oi
3267 4457 3458 4529 ἐχθροὶ
3488 4473 3678 4510 καται-

2098 4551 2512 4622 σχυνθήσονται,
2553 4551 2765 4623 χαίρειν
2799 4551 3040 4620 ὀφείλετε
3091 4552 3147 4604 ὲν
3195 4551 3408 4622 Κυρίῳ.
3454 4551 3536 4603 Tit
3566 4549 3674 4618 γὰρ

2103 4643 2404 4713 συμϐάντα,
2435 4642 2514 4705 είς
2534 4641 2689 4705 δόξαν
2723 4644 2981 4694 συντείνει
3010 4639 3102 4695 τοῦ
3124 4639 3353 4711 Κυρίου.
3377 4669 3447 4678 -
3469 4636 3669 4710 [1⁵012]

2103 4736 2213 4788 Καὶ
2245 4733 2347 4799 ἔτι,
2389 4734 2435 4787 εί
2467 4735 2494 4787 δ
2537 4732 2828 4796 ἀπόστολος
2879 4733 3023 4803 ὑμᾶς
3067 4732 3372 4803 ἀνέρρωσε,
3416 4732 3513 4784 καὶ
3569 4732 3672 4784 ἀπ-

2103 4825 2302 4895 εστάλη
2323 4825 2483 4878 πάλιν
2518 4825 2652 4892 πρὸς
2684 4824 2847 4896 ὑμᾶς,
2878 4825 2972 4879 καὶ
3001 4822 3110 4893 ἐγὼ
3147 4823 3245 4894 τῆς
3275 4823 3366 4876 ἐπ’
3396 4821 3550 4892 αὖτῷ
3579 4821 3671 4872 λῦε

2104 4937 2212 4992 πῆς
2241 4919 2614 4990 ἀπήλλαγμαι,
2649 4919 2742 4972 καὶ
2769 4920 2827 4971 τὸ
2855 4917 3010 4988 ὑμῶν
3044 4917 3332 4988 ὑστέρημα
3360 4914 3674 4983 ἀναπεπλή-

2106 5030 2296 5084 ponat,
2353 5011 2562 5082 χαίρειν
2613 5011 2855 5080 ὀφείλετε
2911 5009 3086 5081 χαρὰν
3144 5007 3526 5078 πνευματικὴν
3581 5003 3674 5057 καὶ

2102 5103 2258 5170 ἀξίαν
2309 5102 2536 5173 Κυρίου.
2596 5121 2615 5154 ι
2660 5102 2917 5155 Βλέπετε.
2955 5120 2973 5153 ι
3017 5096 3198 5153 Ἦσαν
3225 5099 3668 5166 δυσδιάγνωστοι.

2099 5196 2189 5248 Διό
2233 5211 2386 5266 φησι,
2427 5192 2682 5258 Βλέπετε,
2717 5193 2983 5258 τουτέστι,
3035 5193 3252 5261 τηρεῖτε
3291 5190 3520 5251 ἑαυτοὺς
3579 5185 3670 5240 καὶ

2097 5282 2452 5355 φυλάττεσθε.
2505 5300 2524 5334 ι
2565 5283 2704 5347 Τοὺς
2760 5282 2952 5346 κύνας.
2995 5300 3014 5333 ι
3047 5277 3225 5334 *Ησαν
3256 5279 3364 5334 ἀπὸ
3403 5278 3669 5333 Ἰουδαίων

2097 5377 2240 5440 τινὲς
2267 5375 2426 5446 δῆθεν
2480 5375 2679 5439 πιστοὶ,
2728 5375 2778 5427 οἱ
2831 5373 2969 5444 μετά
2999 5371 3096 5443 τῆς
3146 5371 3386 5434 πίστεως
3435 5371 3529 5423 καὶ
3581 5369 3669 5420 τὸν

2109 5469 2438 5539 Ἰουδαϊσμὺν
2457 5467 2808 5538 ἀνεμίγνυον,
2838 5468 2932 5520 καὶ
2956 5465 3260 5535 διέφθειρον
3288 5465 3350 5517 τὸ
3381 5466 3666 5536 κήρυγμα,

2098 5559 2190 5624 οὓς
2221 5559 2389 5624 κύνας
2419 5561 2595 5614 καλεῖ.
2625 5559 2800 5623 Κύνις
2836 5558 2892 5611 δέ
2925 5575 3052 5611 ποτε
3081 5560 3130 5611 οἱ
3155 5557 3359 5612 ἐθνικοὶ
3393 5557 3668 5625 δλέτοντο,

2097 5651 2186 5705 διά
2212 5651 2272 5704 τὺ
2302 5652 2515 5718 ἀγνοεῖν
2547 5649 2638 5704 τὸν
2663 5649 2817 5705 Θεὸν.
2863 5649 2973 5704 Καὶ
3003 5649 3113 5720 γὰρ
3146 5649 3241 5702 καὶ
3283 5648 3335 5700 oi
3372 5648 3534 5712 κύνες
3575 5649 3668 5700 καὶ

2095 5743 2190 5796 τὸν
2229 5741 2437 5798 διδόντα
2467 5741 2780 5798 ὑλακτοῦσι.
2821 5740 2936 5795 Νῦν
2984 5741 3041 5795 δὲ
3081 5733 3226 5794 οὗτοι
3257 5738 3420 5803 κύνες
3452 5741 3520 5807 (ei
3559 5738 3668 5811 γὰρ
