4000 6568
386 421 402 483 ι
415 422 519 488 297

1317 433 1705 499 COMMENT.
1754 440 1835 503 IN
1871 442 2108 506 EPIST.
2148 446 2248 507 AD
2287 448 2572 512 PHILIP.

3483 457 3622 524 1298

379 534 473 586 τὸν
523 533 651 588 Υίδν
699 535 1048 610 ἀρνούμενοι,
1096 540 1217 596 οὐδὲ
1259 543 1350 596 τὸν
1389 546 1609 616 Πατέρα
1657 551 1880 619 ἴσασιν),
1918 554 1950 624 ἢ

2059 567 2202 612 trant
2228 559 2322 629 qui
2354 559 2558 631 aliquid
2598 560 2807 617 tribuit.
2855 559 3010 618 Nunc
3048 570 3228 620 autem
3264 565 3512 623 hi'canes
3539 569 3624 623 di-

380 624 469 680 διὰ
511 626 574 680 τδ
616 628 996 700 ἀναίσχυντον,
1033 634 1066 704 ἢ
1098 636 1286 700 ὥσπερ
1320 638 1740 710 ἐπιστρέφοντες
1785 645 1866 707 είς
1895 646 1956 698 τὸ

380 715 516 772 ἴδιον
541 719 843 792 ἐξέρασμα,
876 723 908 794 ἢ
944 725 1035 779 διὰ
1067 726 1128 780 τδ
1159 727 1605 802 λαθραιόδηκτον.
1649 753 1667 785 ι
1697 735 1836 799 Τοὺς
1859 753 1956 788 κα·-

379 811 509 874 κοὺς
539 813 799 882 ἐργάτας.
844 835 864 868 ι
922 819 1272 890 Ἐργάζονται
1307 823 1408 892 μὲν
1440 824 1572 897 γάρ,
1605 827 1722 880 ἀλλ’
1755 829 1846 881 ἐπὶ
1877 827 1954 898 τῷ

377 900 556 972 κακῷ.
592 903 674 957 T&
703 905 810 974 7&9
846 909 1028 973 καλῶς
1061 912 1395 978 φυτευθέντα
1433 917 1739 973 ἀνασπῶσι.
1787 937 1806 970 ι
1841 920 1954 990 Τὴν

378 997 718 1068 κατατομήν.
757 1015 776 1049 ι
837 1000 978 1065 Τοὺς
1031 1005 1528 1075 περιτεμνομὲνους
1585 1008 1772 1077 φησίν.
1812 1010 1952 1064 Ἀλλ’

377 1087 567 1158 ἐπειδὴ
615 1089 714 1142 οὐκ
761 1090 843 1145 ἔτι
875 1094 1122 1163 νομίμως
1161 1097 1371 1164 ἐγίνετο
1418 1099 1570 1170 παρὰ
1614 1101 1950 1174 Ἰουδαίοιςή

267 1253 276 1258 _
380 1181 652 1251 περιτομή
677 1181 730 1253 (ἡ
751 1184 860 1255 γὰρ
878 1185 1085 1257 νομίμη
1108 1187 1203 1242 νῦν
1228 1191 1344 1243 ἐστι
1378 1190 1456 1261 τῷ
1487 1191 1762 1264 πνεύματι
1797 1211 1954 1267 περι-

375 1271 670 1340 τέμνεσθαι
719 1273 818 1344 τὴν
850 1275 1048 1347 ψυχὴν)
1103 1280 1419 1352 κατατομὴν
1467 1281 1638 1354 αὐτὴν
1689 1285 1951 1354 ἐκάλεσε,

374 1362 554 1432 δηλῶν
590 1364 670 1418 ὅτι
713 1366 867 1420 οὐδὲν
899 1368 1091 1440 ἕτερόν
1121 1373 1270 1425 ἐστιν
1297 1373 1330 1444 ἡ
1359 1376 1655 1447 περιτομὴ,
1695 1377 1728 1448 ἢ
1764 1377 1956 1448 σώμα-

374 1469 469 1517 τος
500 1457 804 1529 κατατομῇ.
844 1460 956 1528 Τῆς
985 1461 1094 1534 γὰρ
1123 1463 1384 1534 ἀληθείας
1416 1465 1698 1537 ἐλθούσης,
1734 1469 1951 1541 ἀνάγκη

373 1543 502 1608 τοὺς
539 1544 746 1612 τύπους
781 1549 994 1619 ἀργεῖν.
1028 1555 1100 1608 Ἦ
1140 1554 1222 1609 ὅτι
1256 1555 1355 1626 τὴν
1399 1560 1703 1632 περιτομὴν
1747 1562 1954 1634 κηρύτ-

373 1650 583 1704 τοντες,
633 1641 998 1710 κατατέμνειν
1042 1647 1343 1715 πειρῶνται
1391 1649 1456 1702 τὸ
1489 1650 1648 1722 σῶμα
1679 1655 1778 1724 τῆς
1830 1654 1954 1707 Ἐκ-

375 1726 627 1798 κλησίας.
667 1749 687 1784 ι
745 1733 806 1786 Oi
861 1735 1136 1806 πνεύματι
1186 1739 1306 1810 Θεῷ
1354 1740 1739 1813 λατρεύοντες.
1807 1763 1826 1797 s
1890 1745 1956 1798 Οί

372 1824 762 1891 πνευματικῶς
790 1825 867 1898 τῷ
898 1828 1018 1900 Θεῷ
1049 1829 1426 1902 λατρεύοντες,
1452 1835 1543 1888 καὶ
1565 1837 1953 1908 πνευματικῶς

2055 662 2263 704 cuntur
2303 650 2415 720 (qui
2470 652 2614 706 enim
2667 651 2862 709 Filium
2914 665 3114 725 negant
3183 671 3360 728 neque
3404 657 3618 714 Patrem

2054 743 2410 815 noverunt")
2445 753 2538 798 aut
2572 755 2794 815 propter
2833 747 3250 818 impudentiam,
3297 757 3390 804 aut
3427 765 3622 821 quem-

2054 831 2342 887 admodum
2391 835 2445 889 hi
2485 837 2576 906 qui
2621 837 2688 892 ad
2739 839 3017 909 proprium
3063 848 3414 897 revertuntur
3446 842 3623 896 vomi-

2054 928 2191 986 tum,
2227 933 2320 978 aut
2353 941 2419 982 eo
2451 927 2597 997 quod
2633 929 2848 985 occulte
2888 931 3194 987 mordeant.
3237 949 3254 983 ι
3289 931 3460 987 Malos
3493 947 3623 1003 ope-

2055 1019 2250 1075 rarios.
2285 1039 2303 1072 ι
2339 1021 2551 1076 Etenim
2581 1034 2877 1094 Operantur
2902 1025 3143 1095 quidem,
3173 1027 3271 1083 sed
3299 1027 3365 1081 ad
3393 1027 3618 1082 malum.

2054 1106 2190 1162 Nam
2224 1124 2343 1180 quae
2377 1124 2522 1167 recte
2547 1113 2787 1182 plantata
2823 1126 2948 1170 sunt
2981 1115 3238 1174 evelluut.
3285 1136 3302 1168 ι
3333 1115 3617 1172 Concisio-

2057 1215 2199 1255 nem.
2242 1219 2262 1253 ι
2307 1199 2674 1260 Circumcisos
2699 1205 2856 1262 dicit.
2918 1205 3024 1262 Sed
3072 1208 3330 1278 quoniam
3380 1208 3618 1262 nondum

2055 1289 2192 1344 facta
2217 1301 2337 1346 erat
2363 1294 2504 1364 apud
2534 1293 2751 1352 Iudaeos
2779 1313 2906 1352 vera
2939 1307 2990 1352 et
3023 1298 3260 1368 legitima
3293 1299 3622 1355 circuncisio

2056 1381 2352 1453 (siquidem
2398 1399 2462 1440 ea
2506 1395 2590 1442 est
2633 1403 2785 1442 nunc
2839 1388 3079 1459 legitima
3124 1400 3182 1446 ut
3230 1405 3326 1461 per
3359 1391 3620 1462 Spiritum

2056 1477 2238 1532 anima
2271 1477 2738 1550 circumcidatur),
2771 1482 3138 1537 concisiouem
3168 1483 3339 1553 ipsam
3381 1485 3621 1556 appella-

2056 1568 2127 1622 vit
2159 1584 2172 1621 :
2198 1567 2445 1625 indicans
2469 1571 2602 1625 nihil
2626 1571 2773 1627 aliud
2798 1576 2922 1628 eSse
2944 1574 3438 1640 circumcisionem,
3457 1588 3619 1644 quam

2056 1661 2306 1730 corporis
2354 1663 2751 1718 concisionem.
2802 1663 3138 1721 Adveniente
3181 1666 3324 1721 enim
3373 1665 3618 1728 veritate,

2057 1768 2284 1809 necesse
2329 1764 2412 1810 est
2461 1753 2663 1824 ﬁguras
2705 1770 2928 1811 cessare
2971 1770 3041 1812 ac-
3077 1756 3284 1812 otiosas
3328 1772 3470 1814 esse.
3517 1758 3631 1810 Aut

2055 1845 2182 1915 quia
2232 1845 2288 1899 hi
2319 1845 2420 1916 ‘qui
2465 1847 2940 1903 circumcisiouem
2991 1849 3304 1918 praedicant,
3353 1857 3632 1904 conantur

370 1915 852 1986 περιτεμνόμενοι.
887 1919 1096 1985 ’Δλλως
1119 1924 1228 1995 γὰρ
1258 1923 1382 1978 οὔτε
1412 1927 1698 1998 λατρεύειν
1725 1930 1950 1985 δύναταί

2057 1935 2310 1994 Ecclesiae
2341 1954 2541 2009 corpus
2569 1940 2876 1996 concidere.
2911 1960 2929 1994 ι
2964 1941 3066 2008 Qui
3100 1923 3295 2012 spiritu
3330 1940 3498 1997 Deum
3529 1957 3621 1995 co~

368 2020 474 2068 τις.
533 2026 551 2060 ι
585 2008 698 2062 Καὶ
732 2011 1078 2083 καυχώμενοι
1119 2015 1178 2068 ἐν
1214 2017 1434 2090 Χριστῷ
1497 2020 1689 2092 Ἰησοῦ.
1747 2041 1766 2075 ι
1807 2023 1949 2095 Ὀρα

370 2096 490 2160 πῶς
518 2098 617 2169 τὴν
649 2100 913 2174 διαφορὰν
955 2105 1145 2171 ἔδειξε.
1196 2108 1356 2162 Ποῖον
1387 2109 1497 2181 γὰρ
1535 2112 1777 2183 ἄμεινον,
1812 2116 1948 2187 Χρι-

373 2187 484 2258 στῷ
539 2193 883 2262 πεποιθέναι,
939 2197 974 2268 ἦ
1029 2198 1197 2270 σαρκί
1213 2218 1228 2268 ;
1285 2200 1528 2274 δηλονότι
1586 2205 1664 2276 τῷ
1702 2207 1943 2278 Χριστῷ.

369 2282 583 2338 Οὐκοῦν
612 2287 820 2359 ἀληθής
851 2291 1000 2346 ἐστιν
1025 2293 1186 2364 ἡμῶν
1211 2295 1242 2366 η
1273 2297 1562 2368 περιτομὴ,
1595 2298 1702 2352 τῶν
1731 2300 1790 2353 ἐν
1815 2301 1949 2370 Χρι-

370 2375 488 2448 στῷ
527 2381 924 2450 καυχωμένων,
976 2385 1073 2438 καὶ
1101 2386 1160 2439 ού
1191 2387 1302 2442 τῶν
1347 2389 1406 2442 ἐν
1437 2389 1619 2460 σαρκί.
1668 2409 1686 2444 ι
1733 2392 1948 2463 Καίπερ

369 2467 502 2536 ἐγώ.
548 2487 567 2522 ι
636 2471 699 2524 El
741 2473 1068 2546 ἐϐουλόμην,
1115 2477 1272 2547 φησὶ,
1325 2480 1706 2550 καυχήσασθαι
1759 2482 1949 2554 ὥσπερ

369 2560 590 2629 ἐκεῖνοι,
616 2562 726 2635 εχω
756 2567 958 2636 μᾶλλον
987 2569 1313 2641 πεποίθησιν
1339 2571 1496 2642 κάγὼ
1522 2575 1580 2628 ἐν
1609 2575 1794 2646 σαρκί.
1823 2573 1948 2631 Οἶον

367 2653 651 2726 ἠδυνάμην
699 2657 856 2728 κάγὼ
893 2659 970 2724 ὡς
1005 2663 1204 2717 ἐκεῖνοι
1237 2664 1331 2718 ἐπὶ
1370 2667 1436 2736 τῇ
1474 2669 1577 2738 τῆς
1609 2669 1811 2741 σαρκός
1846 2687 1948 2741 μου

370 2749 645 2818 περιτομῇ
685 2749 1064 2820 καυχήσασθαι
1097 2753 1191 2807 καὶ
1222 2753 1384 2808 πλέον
1418 2756 1662 2812 ἐκείνων.
1703 2778 1722 2811 ι
1768 2761 1950 2831 Ἐχων

369 2837 754 2910 πεποίθησιν.»
793 2841 853 2895 Εἰ
882 2837 949 2914 ἦν
984 2842 1045 2909 ἐξ
1069 2843 1240 2901 ἐθνῶν
1263 2847 1292 2901 ό
1335 2848 1678 2916 Ἀπόστολος,
1712 2844 1857 2922 εἶχεν
1885 2852 1950 2907 ἀν

366 2947 454 2994 τις
478 2932 654 2986 εἰπεῖν
683 2931 864 3001 τοῦτο,
915 2935 1272 3004 ἐξευτελίζειν
1307 2939 1471 2994 αὐτὸν
1503 2939 1604 3011 τὴν
1647 2944 1960 3014 περιτομὴν

367 3021 474 3092 τὴν
506 3023 616 3077 τῶν
656 3023 943 3090 Ἰουδαίων,
993 3029 1070 3092 ὡς
1116 3030 1564 3102 ἀπεστερημένον
1621 3034 1719 3103 τῆς
1772 3034 1952 3088 αὐτῶν

367 3112 674 3179 εὐγενείας.
717 3115 831 3169 Νῦν
874 3115 931 3170 δέ
966 3133 1128 3188 φησι·
1178 3119 1398 3191 Καίπερ
1439 3120 1578 3191 ἔχων
1627 3123 1952 3195 πεποίθησιν

369 3204 468 3258 καὶ
496 3205 554 3258 ἐν
593 3208 778 3278 σαρκὶ,
813 3208 986 3263 ταῦτα
1023 3210 1189 3280 λέγω,
1222 3212 1321 3266 οὒκ
1357 3213 1545 3284 ἐπειδὴ
1593 3215 1861 3286 καύχησις
1884 3211 1952 3288 ἦν

368 3298 522 3369 αὐτῷ
580 3300 718 3372 αὕτη
749 3317 765 3334 ⁸
801 3302 997 3376 (Τοῦτο
1026 3305 1134 3376 7&9
1180 3307 1214 3377 η
1265 3307 1670 3377 πεποίθησις),
1720 3309 1856 3363 ἀλλά
1883 3309 1953 3363 δι’

369 3382 618 3454 ἐκείνους
653 3390 824 3456 οὕτως
873 3388 1016 3449 εἷπε.
1056 3412 1075 3445 ι
1126 3395 1232 3448 Καὶ
1267 3398 1324 3448 ἐν
1372 3397 1556 3468 σαρκί.
1591 3415 1614 3450 ι
1652 3398 1800 3470 Ἕχω
1830 3399 1952 3470 μὲν,

367 3481 560 3552 φησὶν,
589 3484 646 3536 ἐν
677 3484 920 3556 Χριστῷ,
961 3485 1098 3541 ἀλλά
1133 3487 1229 3540 καὶ
1267 3488 1366 3558 τὴν
1390 3488 1655 3544 δοκοῦσαν
1683 3489 1742 3545 ἐν
1788 3493 1954 3564 σαρκὶ

367 3572 498 3640 ἔχω.
532 3575 624 3629 Διὸ
667 3577 729 3629 ού
774 3577 930 3646 ψέγω
982 3577 1174 3642 αὐτοὺς
1224 3580 1302 3644 ὡς
1355 3581 1804 3654 ἀπεστερημένος
1851 3583 1954 3655 τῆς

367 3665 511 3720 κατά
545 3667 726 3740 σάρκα
746 3669 1048 3738 εὐγενείας.

2056 2026 2238 2082 limus.
2274 2045 2293 2080 ι
2327 2027 2695 2097 Spiritualiter
2726 2028 2835 2085 Deo
2872 2030 3145 2086 servimus
3176 2041 3228 2086 et
3262 2031 3622 2100 spiritualiter

2054 2117 2512 2173 circumcidimur.
2545 2117 2679 2174 Nam
2703 2120 2809 2176 alio
2834 2121 2994 2176 modo
3021 2137 3127 2176 non
3155 2129 3330 2192 potest
3351 2121 3623 2193 quiSpiant

2053 2221 2176 2262 eum
2204 2207 2402 2264 colere.
2433 2228 2452 2261 ι
2474 2209 2548 2264 Et'
2569 2210 2866 2281 gloriantur
2901 2212 2955 2267 in
2982 2211 3200 2269 Christo
3227 2211 3407 2269 Iesu.»
3433 2213 3624 2268 Anim-

2055 2300 2276 2356 adverte
2307 2301 2580 2371 quomodo
2623 2304 3004 2359 excellentiam
3049 2304 3371 2362 ostenderit.
3425 2305 3620 2362 Utrum

2055 2392 2198 2447 enim
2234 2381 2429 2449 melius
2463 2401 2546 2449 est
2579 2393 2632 2448 in
2669 2395 2888 2452 Christo
2921 2396 3194 2452 conﬁdere
3228 2410 3295 2451 an
3332 2396 3384 2451 in
3419 2397 3620 2451 carne?

2056 2483 2404 2541 manifestum
2447 2494 2536 2542 est
2569 2486 2715 2556 quod
2758 2487 2815 2543 in
2844 2487 3064 2543 Christo
3108 2506 3125 2544 :
3172 2503 3302 2544 vera
3339 2488 3506 2558 igitur
3538 2497 3619 2544 est

2057 2587 2244 2634 nostra
2290 2579 2637 2635 circumcisio
2683 2580 2791 2650 qui
2830 2581 2884 2634 in
2929 2579 3150 2636 Christo
3197 2580 3524 2636 conﬁdimus
3567 2588 3622 2636 ει

2055 2669 2375 2739 gloriamur,
2396 2681 2451 2725 et
2477 2685 2800 2725 non-corum
2828 2671 2921 2742 qui
2947 2672 3002 2726 in
3032 2686 3218 2727 carne.
3251 2689 3269 2724 ι
3299 2669 3621 2741 Quanquam

2057 2769 2108 2814 et
2142 2775 2262 2832 ego.
2293 2780 2311 2813 ι
2353 2762 2409 2817 Si
2449 2763 2630 2829 velim,
2667 2763 2864 2833 inquit,
2899 2763 3357 2834 quemadmodum
3391 2763 3469 2818 illi
3508 2763 3627 2834 glo-

2059 2851 2211 2918 riari,
2237 2852 2408 2923 magis
2435 2852 2611 2908 habeo
2634 2862 2686 2908 et
2715 2869 2814 2924 ego
2841 2868 2952 2924 quo
2983 2855 3036 2908 in
3067 2858 3230 2910 carne
3255 2853 3620 2909 contiderem:

2061 2943 2164 2999 hoc
2201 2953 2307 3011 est,
2349 2959 2563 3016 possem
2597 2955 2649 3001 et
2678 2961 2778 3017 ego
2808 2946 2950 3002 sicut
2991 2946 3066 3000 illi
3113 2947 3168 3000 in
3210 2944 3630 3000 circumcisione

2060 3037 2248 3092 carnis
2276 3050 2408 3091 mea!
2434 3037 2682 3108 gloriari,
2719 3046 2779 3092 et
2803 3037 3036 3106 amplius
3063 3052 3225 3108 quam
3257 3037 3356 3091 illi.
3389 3053 3408 3088 (
3441 3034 3626 3090 Habeo

2059 3142 2168 3196 quo
2201 3128 2488 3184 conﬁdam.
2511 3147 2530 3180 ι
2569 3128 2625 3183 Si
2646 3128 2937 3198 Apostolus
2971 3143 3036 3184 ex
3072 3128 3323 3200 gentibus
3355 3126 3629 3182 oriundus

2062 3215 2275 3283 fuisset,
2303 3227 2483 3286 posset
2506 3217 2776 3288 quispiam
2809 3218 2914 3274 hoc
2939 3218 3118 3274 dicere
3143 3218 3286 3289 quod
3313 3217 3622 3273 Iudaeorum

2057 3307 2527 3363 circumcisionem
2571 3307 2808 3363 elevarct
2856 3322 2953 3363 seu
3003 3315 3315 3362 attenuaret
3361 3316 3622 3377 tanquam

2055 3413 2249 3454 carens
2295 3399 2664 3470 generositate
2717 3400 2982 3470 ipsorum.
3047 3399 3205 3456 Nunc
3257 3409 3435 3454 autem
3487 3399 3564 3453 ait
3609 3417 3624 3452 :

2057 3487 2381 3559 Quanquam
2421 3489 2649 3545 habeam
2691 3506 2800 3560 quo
2835 3493 3000 3545 etiam
3042 3492 3097 3546 in
3136 3505 3302 3546 carne
3331 3487 3626 3556 conﬁdam,

2057 3581 2172 3637 bzec
2199 3582 2346 3646 dico,
2381 3597 2488 3638 non
2523 3582 2668 3652 quod
2703 3582 2817 3637 haec
2865 3581 3029 3637 fuerit
3059 3583 3156 3653 ipsi
3189 3581 3440 3653 gloriatio
3477 3581 3625 3649 (nam

2056 3673 2163 3728 hoc
2198 3673 2405 3729 indicat
2442 3673 2785 3743 πεποίθησις,
2819 3673 2924 3730 hoc
2953 3682 3063 3739 est,
3099 3671 3337 3742 ﬁducia),
3370 3671 3464 3728 sed
3501 3687 3630 3742 pro-

366 3770 490 3830 pter
525 3761 649 3818 illos
690 3761 765 3816 ita
809 3763 1027 3820 locutus
1063 3774 1166 3820 est.
1197 3764 1306 3837 93
1343 3785 1362 3820 ι
1396 3767 1572 3823 Etiam
1613 3769 1668 3824 in
1701 3782 1890 3825 carne.
1921 3786 1940 3822 ι
1985 3766 2174 3824 llabeo
2211 3769 2264 3822 in
2299 3767 2544 3832 Christo,
2575 3765 2774 3837 inquit,
2817 3766 2910 3821 sed
2951 3773 3004 3819 et
3035 3779 3154 3820 eam
3221 3780 3345 3834 quae
3415 3764 3632 3830 videtur

365 3870 492 3910 csse
521 3855 576 3910 in
606 3870 772 3912 carne
801 3855 997 3912 habeo.
1028 3855 1146 3912 Non
1177 3873 1307 3929 ergo
1339 3861 1492 3930 ipsos
1514 3861 1766 3932 vitupero
1796 3861 1942 3932 quod
1981 3876 2200 3917 caream
2243 3860 2619 3930 generositate
2645 3874 2766 3928 qua:
2794 3857 3093 3914 secundum
3125 3871 3344 3910 carnem
3377 3863 3482 3911 est.

440 3951 516 4005 Et
560 3967 647 4017 τις
690 3950 858 4006 δοκεῖ
878 3952 1068 4019 ἄλλος
1094 3955 1444 4009 πεποιθέναι
1475 3956 1545 4010 ἐν
1572 3957 1779 4025 σαρκὶ,
1825 3957 1942 4027 ἐγὼ

363 4041 627 4111 μᾶλλον,
647 4043 937 4114 περιτομῇ
960 4044 1328 4114 ὀκταήμερος
1348 4046 1418 4100 ἐκ
1445 4045 1656 4116 γένους
1671 4047 1942 4116 Ἰσραὴλ,

363 4127 575 4201 φυλῆς
597 4117 903 4204 Βενιαμίν,
942 4134 1205 4202 Ἐϐραῖος
1237 4136 1306 4200 ἐξ
1337 4135 1638 4205 Ἐϐραίων,
1664 4137 1812 4192 κατὰ
1840 4138 1939 4192 νό-

365 4239 489 4292 μον
508 4225 849 4293 Φαρισαῖος,
883 4227 1032 4281 κατὰ
1062 4226 1244 4295 ζῆλον
1275 4227 1506 4283 διώκων
1534 4228 1649 4297 τὴν
1693 4229 1944 4299 Ἐκκλη-

365 4315 538 4378 σίαν,
567 4317 719 4372 κατὰ
745 4316 1145 4386 δικαιοσύνην
1182 4318 1298 4389 τὴν
1331 4320 1402 4374 ἐν
1420 4321 1600 4388 νόμῳ,
1626 4321 1946 4390 γενόμενος

365 4405 699 4474 ἄμεμπτος.

443 4499 640 4564 Καλῶς
683 4501 763 4566 τὸ,
801 4503 983 4556 Δοκείο
1032 4503 1066 4576 ἢ
1121 4503 1197 4568 ὡς
1233 4505 1332 4558 οὐκ
1381 4504 1615 4575 ἐχόντων
1682 4504 1952 4574 τοσαύτην

2128 3955 2215 4020 Ill,
2252 3956 2373 4011 4-6.
2414 3953 2474 4010 Si
2507 3955 2783 4026 quisquam
2825 3955 2963 4006 alius
3007 3951 3215 4006 ridetur
3246 3952 3500 4022 ﬁduciam
3531 3954 3627 4006 ha-

2053 4051 2171 4105 bere
2212 4050 2266 4103 in
2309 4065 2486 4110 carne,
2527 4064 2617 4117 ego
2657 4047 2826 4115 magis
2863 4061 2882 4100 :
2917 4046 3259 4099 circumcisus
3306 4054 3485 4099 octavo
3519 4046 3625 4108 die,

2051 4153 2116 4192 ea:
2148 4154 2330 4208 genere
2364 4135 2557 4202 Israel,
2595 4135 2658 4188 de
2696 4134 2835 4188 tribu
2877 4133 3162 4204 Beujamin
3207 4150 3226 4187 :
3271 4131 3525 4189 ﬂebrwus
3564 4152 3630 4189 ex

2053 4225 2316 4291 Ilebra'is,
2341 4225 2504 4295 juxta
2545 4227 2708 4296 legem
2743 4223 3044 4278 Pharisaeus
3068 4237 3087 4276 :
3108 4222 3267 4292 juxta
3306 4223 3630 4297 zelumper-

2052 4334 2267 4389 sequens
2295 4317 2608 4383 Ecclesium,
2644 4318 2810 4385 juxta
2849 4315 3121 4385 justitiam
3162 4331 3279 4385 quae
3313 4316 3365 4368 iu
3388 4314 3494 4386 lege
3524 4326 3626 4382 est,

2057 4411 2232 4481 factus
2264 4409 2756 4478 irreprehensibilis.

2131 4503 2272 4558 Bene
2302 4502 2454 4570 dicit,
2487 4500 2732 4565 Videtur,
2769 4510 2862 4555 aut
2894 4499 3039 4571 quod
3088 4517 3199 4556 non
3256 4500 3518 4556 haberent
3550 4498 3628 4553 illi

368 4591 700 4662 πεποίθησιν
751 4594 999 4657 ἐκείνων,
1027 4596 1160 4665 ὅσην
1191 4596 1355 4659 αὐτὸς
1399 4595 1535 4666 ἔχει,
1563 4595 1595 4666 ἢ
1623 4595 1699 4658 ὡς
1731 4595 1834 4664 τῆς
1889 4596 1946 4648 ἐν

2057 4607 2259 4654 tantam
2308 4596 2506 4652 iidendi
2556 4611 2778 4652 causam
2834 4606 3095 4667 quantam
3153 4596 3292 4668 ipse,
3345 4607 3436 4652 aut
3483 4595 3628 4665 quod

370 4685 539 4754 σαρκὶ
588 4685 989 4757 πεποιθήσεως,
1040 4688 1176 4758 μηδέ
1221 4687 1390 4757 οΰσης
1430 4689 1637 4758 κυρίως
1684 4685 1952 4758 πεποιθή-

369 4792 537 4839 σεως.
561 4773 695 4830 Eius
715 4777 802 4832 δι·
843 4778 1055 4843 Ἄλλος,
1093 4779 1307 4843 δεικνὺς
1346 4778 1423 4844 ὡς
1485 4779 1587 4831 οὐκ
1615 4779 1682 4833 ἄν
1707 4794 1837 4831 ποτε
1867 4779 1951 4842 είς

367 4869 500 4930 τοὺς
537 4869 732 4936 λόγους
758 4870 984 4932 τούτους
1023 4870 1313 4941 ἐλήλυθεν.¹
1341 4871 1390 4924 εί
1443 4871 1518 4942 μὴ
1549 4869 1701 4924 ἄλλοι
1741 4871 1823 4932 είς
1845 4869 1946 4938 τὴν

371 4959 556 5032 σάρκα
580 4961 921 5027 πεποιθότες,
960 4963 1040 5027 εἰς
1067 4962 1224 5016 τοῦτο
1250 4963 1412 5017 αὑτὸν
1466 4964 1694 5033 ἧγαγον.
1724 4960 1866 5032 Ὅρα
1893 4960 1956 5014 δὲ

370 5051 492 5114 πῶς
517 5051 818 5123 ἀνωνύμως
841 5053 1023 5108 αὐτῶν
1045 5053 1408 5119 καθάπτεται,
1469 5054 1636 5124 φοόού
1645 5070 1808 5124 μενος
1871 5052 1946 5123 μὴ

368 5143 894 5214 ἀναισχυντοτέρους
912 5145 1134 5215 ποιήσῃ.
1177 5163 1196 5196 ι
1236 5144 1511 5215 Περιτομῇ
1533 5144 1901 5215 ὀκταήμερος.
1928 5160 1947 5195 ι

372 5229 451 5282 Τὸ
496 5231 682 5302 τίμιον
726 5234 856 5304 παρ’
893 5233 1077 5296 αὐτοῖς
1113 5232 1327 5286 τέθεικε
1371 5234 1608 5304 πρῶτον,
1653 5233 1752 5304 τὴν
1791 5248 1953 5301 περι-

365 5323 568 5394 τομήν.
606 5324 751 5396 Ὅρα
784 5325 840 5378 δὲ
881 5325 1054 5396 πόσην
1095 5324 1415 5396 σωματικὴν
1453 5325 1736 5394 εὐγένειαν
1779 5324 1950 5391 λέγει,

369 5414 460 5467 ἵνα
493 5415 570 5484 μὴ
592 5415 890 5484 νομίσωσιν
928 5415 978 5467 οἱ
1013 5416 1274 5481 Ἰουδαῖοι,
1299 5414 1375 5479 ὡς
1412 5414 1626 5470 τούτων
1652 5414 1814 5468 αὑτὸν
1843 5414 1951 5466 ἀπ-

369 5505 770 5575 εττερημένον,
789 5506 970 5574 λέγειν
1009 5507 1150 5576 ἅπερ
1187 5507 1428 5576 εἴρηκεν.
1456 5505 1664 5564 Ἀλὶως
1686 5503 1795 5572 7&9
1826 5519 1959 5555 κατ-

371 5599 700 5673 ῃτχύνοντο,
734 5600 948 5652 ἐκείνου
997 5599 1260 5667 ψέγοντος
1312 5599 1380 5650 τὰ
1431 5597 1562 5667 παρ’
1621 5595 1823 5658 αὐτοῖς,
1860 5593 1955 5646 τοῦ

379 5709 408 5760 μ
427 5690 622 5746 άλιστα
647 5691 828 5746 πάντα
853 5689 1088 5760 ἔχοντος,
1121 5689 1214 5743 καί
1243 5705 1398 5760 φησι,
1437 5687 1704 5759 περιτομῇ
1751 5684 1956 5753 όκτσής

518 5865 562 5896 ⁸⁷
597 5863 616 5920 ι
648 5864 812 5922 Joun.
842 5879 899 5929 ιι,
924 5864 1016 5917 23.

2061 4687 2257 4743 ﬁducia
2298 4701 2420 4757 quin
2465 4687 2518 4741 in
2553 4699 2719 4741 carne
2755 4695 2839 4741 est
2880 4701 2986 4742 non
3038 4686 3110 4741 sit
3151 4687 3368 4757 proprie
3408 4686 3626 4741 tiducia.

2064 4778 2206 4833 llixit
2247 4787 2424 4832 autem
2457 4791 2472 4828 :
2510 4774 2684 4842 Alius,
2727 4776 3025 4832 ostendens
3057 4775 3203 4845 quod
3250 4791 3526 4847 nunquam
3563 4777 3630 4828 ad

2060 4869 2162 4924 hos
2201 4881 2482 4922 sermones
2511 4866 2844 4927 devenissct,
2889 4865 2995 4920 nisi
3032 4865 3124 4919 alii
3163 4867 3253 4936 qui
3287 4867 3341 4922 in
3374 4882 3540 4922 carne
3568 4866 3633 4920 ﬂ-

2061 4960 2280 5014 duciam
2317 4957 2612 5022 habebant,
2646 4956 2823 5025 ipsum
2851 4957 2919 5011 ad
2957 4957 3058 5010 hoc
3097 4956 3468 5028 impulissent.
3494 4956 3632 5010 Aui-

2059 5047 2341 5103 madverte
2378 5059 2507 5100 vero
2545 5051 2820 5114 quomodo
2864 5044 3044 5100 tacitis
3082 5059 3273 5102 eorum
3319 5045 3632 5102 nominibus

2059 5137 2330 5206 obiurget,
2352 5134 2559 5188 veritus
2590 5148 2658 5187 ne
2684 5133 2910 5188 nimium
2944 5134 3156 5205 pudore
3190 5137 3340 5207 ipsos
3371 5135 3628 5191 alliceret.

2068 5245 2086 5280 ι
2119 5225 2494 5281 Circumcisus
2534 5233 2730 5279 octavo
2770 5224 2878 5279 die.
2919 5245 2942 5277 ›
2985 5227 3140 5292 Quod
3193 5228 3337 5299 apud
3386 5228 3530 5296 ipsos
3576 5222 3632 5277 in

2063 5317 2238 5388 pretio
2259 5323 2396 5382 erat,
2420 5315 2654 5384 primum
2683 5325 2888 5386 posuit,
2912 5333 3107 5388 nempe
3131 5316 3628 5374 circumcisionem.

2062 5407 2363 5464 Considera
2394 5416 2574 5462 autem
2606 5417 2865 5479 quantam
2898 5418 3068 5480 ponat
3097 5409 3436 5478 corporalem
3473 5405 3633 5460 nobio

2063 5500 2296 5560 litatem,
2330 5513 2396 5553 ne
2423 5498 2736 5554 existiment
2764 5498 2935 5554 Judaei
2976 5500 3154 5567 ipsum
3185 5496 3390 5552 dixisse
3421 5511 3483 5550 ea
3509 5512 3634 5566 qure

2064 5588 2224 5651 dixit,
2261 5601 2327 5642 eo
2371 5589 2518 5658 quod
2567 5588 2652 5643 bis
2692 5597 2921 5644 careret.
2971 5585 3205 5642 Maxime
3244 5589 3386 5642 enim
3427 5587 3637 5659 pudore

2064 5677 2523 5738 suifundcbantur
2549 5680 2678 5737 dum
2705 5695 2769 5735 ea
2800 5693 2920 5750 quae
2950 5679 3093 5746 apud
3127 5678 3278 5750 ipsos
3307 5689 3464 5738 erant
3493 5681 3642 5740 vitu-
