4000 6598
395 433 525 499 1301

1350 437 1741 499 COMMEN'I‘.
1783 437 1863 497 IN
1904 435 2145 497 EPIST.
2195 438 2291 496 AD
2348 435 2633 497 PHILIP.

3493 435 3643 500 1302'

390 549 553 601 νάτου
582 543 680 616 τὴν
729 543 888 615 ήμῶν
932 543 1172 615 δηλῶσαι
1221 543 1411 610 θέλων,
1471 545 1630 600 οὐδὲν
1696 547 1828 618 περὶ
1864 547 1962 617 τὴν

2071 545 2168 601 sed
2203 545 2379 600 solum
2415 543 2652 601 intendit
2693 541 3002 614 signiﬁcare
3039 543 3188 613 quod
3233 545 3558 614 proponitur
3578 546 3644 604 “.

389 637 536 704 λέξιν
562 636 932 709 ὴκριϐὡσατο,
964 634 1080 690 ἀλλ’
1107 635 1230 689 ἀντὶ
1256 633 1352 689 τοῦ
1378 635 1578 701 είπεῖν,
1600 635 1969 707 ἐτυράννησεν

392 729 424 802 ἢ
470 729 749 790 ἐϐιάσατο,
801 721 978 793 εἶπεν,
1013 726 1392 790 ἐϐασίλευσεν,
1454 727 1683 798 ὀνόματι
1731 729 1970 798 εὐφήμῳ

390 822 490 892 τὴν
509 821 794 891 δύσφημον
821 820 993 889 αὑτῆς
1018 818 1311 890 τυραννίδα
1340 818 1647 890 σημαίνων,
1701 818 1846 875 οὕτω
1873 820 1970 874 καὶ

389 931 506 976 νυν,
558 915 658 985 τήν
695 913 967 984 ἀποϐολὴν
1000 914 1108 967 τῶν
1165 912 1474 983 ἐπιζημίων
1499 912 1749 984 εὔφημον
1777 913 1966 980 οὖσαν,

389 1003 532 1070 λέξει
561 1005 952 1075 παρεδήλωσεν
989 1005 1089 1059 οὐκ
1113 1004 1368 1076 εὐφήμῳ,
1406 1003 1576 1059 είπὼν
1626 1003 1965 1075 ἐζημιώθην.

394 1116 414 1150 ι
449 1097 683 1167 Ζημίαν.
717 1117 736 1150 ι
761 1097 900 1152 Φασί
921 1114 1065 1160 τινες
1096 1097 1208 1151 τῶν
1229 1097 1546 1169 αίρετικῶν,
1588 1097 1721 1152 Ἰδοὺ
1750 1097 1780 1148 ὁ
1805 1095 1969 1166 νόμος

388 1189 565 1258 ζημία
586 1190 704 1242 ἐστὶ
743 1190 838 1242 καὶ
877 1187 1145 1244 σκύϐαλα.
1183 1188 1308 1251 Πῶς
1337 1185 1433 1243 οὖν
1485 1205 1624 1258 φατε
1685 1187 1790 1240 ὑπὸ
1829 1187 1966 1240 Θεοῦ

387 1280 552 1334 αὑτὸν
576 1281 862 1346 δεδόσθαι;
905 1280 1046 1334 Ἀλλ’
1094 1281 1216 1352 ὅρα,
1249 1281 1349 1336 οὐκ
1396 1278 1542 1350 εἶπε,
1569 1281 1752 1350 Ζημία
1784 1282 1966 1346 ἐστιν,

386 1371 526 1436 ἀλλ’,
560 1371 815 1441 Ἤγημαι
835 1371 999 1425 αὐτὸν
1027 1369 1250 1442 ζημίαν.
1277 1373 1388 1426 Καὶ
1412 1373 1523 1443 γὰρ
1542 1375 1654 1436 τοῖς
1682 1369 1762 1440 τῷ
1784 1371 1967 1441 γράμο

388 1481 518 1534 ματι
575 1464 1061 1535 παρακαθημένοις
1123 1465 1218 1518 καὶ
1263 1464 1661 1534 ἀφισταμένοις
1701 1461 1965 1534 Χριστοῦ,

383 1553 590 1625 ζημίας
623 1556 838 1623 γίνεται
861 1557 1142 1627 πρόξενος,
1163 1557 1224 1610 οὐ
1250 1556 1404 1628 παρὰ
1429 1556 1526 1627 τὴν
1551 1555 1762 1609 οἰκείαν
1781 1553 1964 1624 φύσιν,

383 1647 523 1700 ἀλλὰ
544 1647 692 1716 παρὰ
703 1646 802 1718 τήν
828 1649 1091 1719 ἀπειρίαν
1118 1649 1226 1702 τῶν
1253 1649 1440 1712 κακῶς
1465 1646 1616 1719 αὐτῷ
1639 1647 1962 1718 χρωμένων.

384 1739 497 1793 Καὶ
535 1741 644 1812 γὰρ
670 1741 766 1794 καλ⁸
787 1742 992 1812 χρυσοῦ
1023 1744 1121 1796 καὶ
1146 1742 1402 1812 μολίϐδου
1435 1741 1839 1813 προκειμένων.
1872 1738 1968 1793 καὶ

382 1833 628 1903 ἀνάγκης
651 1832 820 1904 οὔσης
845 1833 905 1888 ἐν
955 1835 1064 1888 τῶν
1089 1833 1182 1888 δύο
1220 1834 1430 1898 λαϐεἶν,
1457 1836 1504 1888 εί
1541 1831 1852 1900 ἐπιλέξεταί
1879 1848 1967 1894 τις

2072 637 2545 704 Quemadmodum
2577 637 2723 692 enim
2770 636 2900 692 alibi
2953 643 3278 706 potestatem
3323 637 3517 692 mortis
3556 652 3653 694 no.

2074 737 2201 785 strae
2278 729 2593 800 signiﬁcare
2645 731 2835 788 volens
2904 731 3040 786 nihil
3119 737 3378 786 accurate
3439 729 3654 788 loeutus

2071 818 2180 889 95
2211 827 2295 874 est
2339 836 2352 873 :
2395 821 2493 876 sed
2533 835 2656 876 cum
2691 820 2984 879 dicendum
3027 821 3253 888 fuisset,
3277 820 3654 894 Tyrannidem

2069 913 2337 977 exercuit,
2386 921 2480 968 aut
2509 915 2618 968 vim
2658 913 2844 970 intulit
2883 915 2963 968 ait
2995 932 3010 970 :
3046 913 3318 986 Regnavit
3340 915 3406 980 η,
3447 914 3655 986 plausi-

2069 1002 2166 1060 hiii
2207 1003 2431 1060 nomine
2478 1004 2778 1061 infaustam
2826 1006 2978 1063 illius
3029 1005 3356 1076 signiﬁcans
3403 1006 3655 1078 tyranni'

2071 1094 2220 1151 dem.
2245 1093 2320 1150 ita
2348 1102 2404 1151 et
2432 1110 2581 1153 nunc
2610 1095 2972 1165 abjectionem
3006 1097 3330 1154 nocivorum
3358 1113 3481 1168 qua:
3513 1097 3659 1154 favo-

2070 1187 2260 1244 rabilis
2270 1194 2374 1252 est,
2389 1187 2632 1244 dictione
2651 1203 2758 1244 non
2784 1187 3072 1246 favorabili
3088 1188 3415 1261 designavit,
3430 1189 3652 1246 dicens:

2071 1279 2194 1336 Feci
2222 1279 2516 1350 iacturam.
2558 1300 2578 1333 ι
2609 1279 2897 1337 Damnum.
2929 1301 2947 1334 ι
2990 1281 3190 1340 Dicunt
3221 1282 3444 1354 quidam
3479 1282 3655 1338 haere-

2071 1371 2166 1425 tici
2202 1390 2217 1427 :
2254 1370 2395 1427 Ecce
2425 1371 2511 1426 lex
2541 1372 2804 1428 damnum
2835 1382 2921 1429 est
2954 1383 3006 1430 et
3035 1373 3430 1442 rejectamenta
3463 1391 3477 1427 :
3512 1387 3656 1441 quo-

2072 1465 2236 1520 modo
2273 1479 2408 1535 ergo
2451 1464 2638 1520 dicitis
2683 1465 2856 1535 ipsam
2891 1480 2920 1520 a
2957 1463 3068 1521 Deo
3109 1465 3295 1522 datam
3335 1465 3502 1521 esse?
3547 1463 3654 1520 Sed

2068 1557 2447 1613 animadverte
2514 1558 2661 1628 quod
2721 1571 2831 1613 non
2895 1557 3120 1624 dixerit,
3201 1557 3472 1635 Damnum
3544 1567 3652 1621 est,

2069 1649 2189 1711 sed.
2235 1649 2549 1706 Arbitratus
2579 1663 2704 1707 sum
2739 1650 3000 1708 damnum
3067 1665 3214 1708 esse.
3284 1650 3500 1707 Etenim
3567 1651 3654 1706 his

2068 1740 2162 1809 qui
2227 1740 2425 1798 litterae
2491 1740 2772 1797 adhaerent
2836 1748 2891 1798 et
2945 1756 2977 1798 a
3044 1741 3268 1799 Christo
3339 1740 3653 1805 discedunt,

2069 1828 2332 1884 damnum
2377 1831 2636 1887 conciliat
2672 1848 2686 1884 :
2725 1845 2836 1886 non
2890 1846 2958 1887 ex
3023 1832 3246 1902 propria
3289 1841 3506 1899 natura,
3557 1831 3654 1888 sed

380 1925 474 1978 τὸν
532 1925 804 1996 μόλιϐδον,
851 1926 1055 1996 ζημίαν
1087 1915 1390 1992 πέπονθεν,
1443 1927 1505 1980 οὐ
1559 1924 1657 1980 τοῦ
1714 1924 1962 1996 μολίϐδου

2072 1933 2294 1992 propter
2352 1924 2572 1979 illorum
2634 1924 2914 1982 inscitiam
2967 1925 3059 1995 qui
3113 1926 3232 1996 ipsa
3294 1926 3436 1982 male
3494 1933 3653 1980 utun-

383 2015 545 2084 φύσει
575 2015 782 2088 ζημίας
808 2015 994 2090 οὔσης,
1030 2019 1164 2079 ἀλλά
1200 2021 1267 2090 τῇ
1303 2017 1399 2073 τοῦ
1433 2017 1704 2089 βελτίονος
1734 2019 1966 2072 ἀποστε-

386 2110 571 2180 ρήσει.

2074 2023 2182 2068 tur.
2230 2013 2520 2084 Siquidem
2567 2015 2734 2071 etiam
2780 2029 2918 2070 auro
2949 2024 3005 2071 et
3045 2017 3270 2086 plumbo
3307 2016 3652 2088 postpositis,

2073 2105 2165 2182 ubi
2214 2120 2444 2163 necesse
2490 2106 2564 2163 sit
2609 2121 2781 2163 unum
2829 2122 2862 2163 e
2904 2106 3126 2164 duobus
3165 2107 3393 2179 eligere,
3440 2109 3486 2162 si
3525 2106 3653 2176 quis

384 2203 667 2272 plumbum
700 2203 945 2273 elegerit,
973 2203 1236 2260 damnum
1273 2217 1476 2276 passus
1509 2211 1596 2260 est
1631 2219 1646 2256 :
1682 2216 1789 2256 non
1818 2195 1966 2270 quod
2005 2195 2266 2254 damnum
2297 2200 2370 2256 sit
2398 2216 2466 2256 ex
2495 2207 2692 2256 natura
2730 2200 2958 2272 plumbi,
2990 2201 3087 2259 sed
3153 2202 3224 2258 ob
3291 2201 3653 2273 privationem

384 2295 511 2364 ejus
551 2293 699 2366 quod
740 2295 939 2352 melius
978 2303 1079 2352 est.

455 2388 647 2443 τοίνυν
673 2394 770 2443 καὶ
810 2390 840 2444 δ
859 2389 1045 2460 νόμος,
1083 2391 1132 2443 el
1177 2389 1278 2461 μέν
1303 2406 1392 2454 τις
1415 2389 1567 2460 αὐτῷ
1591 2388 1862 2460 χρήσαιτο
1891 2385 1962 2448 ὡς

2147 2379 2337 2450 Itaque
2369 2387 2426 2435 et
2465 2380 2574 2444 lex.
2609 2380 2657 2437 si
2685 2380 2812 2451 quis
2847 2395 2911 2438 ea
2946 2388 3134 2437 utatur
3172 2386 3233 2436 ιιι
3279 2387 3516 2450 oportet,
3565 2379 3653 2436 lu-

381 2479 482 2546 δεῖ,
513 2481 708 2552 κέρδος
747 2482 884 2538 ἐστί.
938 2483 1164 2555 Χριστῷ
1200 2483 1312 2555 γὰρ
1343 2481 1733 2555 παραπέμπει.
1771 2478 1830 2534 '0
1855 2477 1962 2550 γὰρ

2069 2485 2224 2527 crum
2258 2477 2344 2526 est
2384 2488 2398 2525 :
2429 2485 2558 2526 nam
2597 2471 2665 2527 ad
2699 2470 2980 2530 Christum
3012 2469 3359 2526 transmittit.
3400 2469 3648 2541 Legisia—

383 2571 684 2643 νομοθέτης
721 2573 926 2643 Μωσῆς
959 2574 1089 2646 περὶ
1120 2573 1214 2629 τοῦ
1242 2574 1482 2646 Χριστοῦ
1523 2573 1692 2629 είπὼν
1715 2575 1799 2628 ὅτι
1825 2589 1962 2644 προη

2067 2575 2154 2619 tor
2177 2564 2322 2620 enim
2369 2563 2549 2622 Moses
2594 2564 2666 2620 de
2699 2563 2922 2620 Christo
2957 2563 3145 2620 dices
3192 2581 3206 2617 :
3264 2580 3283 2615 ι
3318 2561 3648 2633 Prophetam

382 2661 563 2734 φήτην
594 2662 724 2734 ὑμῖν
757 2665 1058 2738 ἀναστήσει
1111 2667 1189 2732 ὡς
1243 2667 1366 2738 ἐμὲ,
1402 2665 1478 2730 ὡς
1537 2667 1636 2737 ἐμὲ
1670 2666 1875 2733 senm
1902 2682 1962 2719 τε

2067 2658 2358 2714 suscitabit
2390 2657 2549 2713 vobis
2600 2655 2744 2714 Deus
2796 2665 3058 2726 tanquam
3099 2670 3184 2711 me
3221 2655 3267 2688 ⁸ο
3306 2673 3325 2708 ι
3353 2654 3642 2726 (tanquam

381 2750 483 2822 τὴν
530 2754 710 2823 σάρκα
763 2756 861 2809 καὶ
889 2757 991 2827 τὴν
1055 2759 1356 2828 μεσιτείαν,
1414 2754 1567 2811 εἶπεν
1619 2756 1785 2811 αὑτοῦ
1845 2758 1958 2812 δεῖν

2068 2767 2154 2807 me
2205 2759 2430 2822 propter
2475 2766 2699 2807 carnem
2746 2759 2801 2805 et
2847 2749 3168 2806 mediatoris
3225 2747 3510 2818 cilicium),
3574 2747 3652 2806 ait

382 2842 624 2899 ἀκούειν.
661 2847 722 2899 El
759 2845 819 2901 δὲ
851 2846 931 2918 τῷ
977 2849 1272 2920 γράμματι
1321 2847 1717 2920 παρακαθίσει,
1751 2847 1955 2922 ζημίας

2067 2849 2314 2910 oportere
2351 2843 2528 2913 ipsum
2571 2842 2767 2896 audire
2810 2857 2825 2897 :
2859 2839 2920 2896 Si
2953 2855 3082 2895 vero
3113 2840 3311 2895 litterae
3358 2839 3646 2902 inharaat.

379 2936 498 2990 ἐστὶ
527 2938 818 3009 πρόφασις.
863 2939 1051 2995 Ταῦτα
1083 2942 1174 2995 καὶ
1200 2943 1330 3013 περὶ
1357 2942 1476 3007 τοῦ,
1527 2941 1796 3012 Ἡγοῦμαι
1829 2941 1960 2996 σκύ-

2067 2934 2246 2990 damni
2270 2935 2492 2990 occasio
2507 2942 2613 2990 est.
2635 2931 2763 2989 Haec
2787 2947 3007 3004 quoque
3025 2931 3094 2988 de
3113 2945 3180 2988 eo
3206 2931 3350 3001 quod
3371 2931 3647 3003 sequitur,

381 3027 521 3082 ϐαλα
554 3025 713 3096 εῖναι,
755 3033 898 3086 νοεῖν
932 3033 1097 3103 ἔχεις.
1127 3034 1237 3087 Καὶ
1264 3034 1478 3105 πρῶτον
1520 3033 1620 3105 μὲν
1661 3036 1835 3088 εἰπεῖν
1858 3033 1958 3102 ἔνι,

2067 3027 2247 3086 Habeo
2299 3041 2401 3095 pro
2447 3025 2892 3097 rejectamcntis,
2940 3025 3248 3095 intelligere
3301 3023 3536 3096 poteris.
3583 3023 3650 3080 Et

379 3120 463 3174 ὅτι
493 3121 554 3174 οὐ
582 3122 712 3194 περὶ
742 3122 838 3176 τοῦ
873 3125 1041 3196 νόμου
1071 3126 1152 3190 τὸ,
1187 3125 1467 3191 Σκύϐαλα,
1485 3123 1662 3194 εἶπεν,
1704 3127 1841 3182 ἀλλὰ
1862 3128 1959 3182 καὶ

2067 3122 2300 3190 primum
2329 3119 2551 3190 quidem
2591 3118 2701 3174 dici
2731 3126 2908 3188 potest
2926 3117 3074 3188 quod
3111 3132 3218 3174 non
3248 3116 3319 3175 de
3353 3115 3470 3187 iege
3493 3115 3652 3172 dixe-

380 3212 512 3284 περὶ
539 3188 954 3286 τῶν-κοσμικῶν
982 3188 1348 3287 πραγμάτων.
1395 3188 1462 3272 Ei
1485 3219 1543 3273 δὲ
1573 3188 1669 3274 καλ.
1701 3222 1833 3292 περὶ
1861 3221 1960 3276 τοῦ

2067 3188 2138 3266 rit
2171 3229 2184 3267 :
2219 3188 2652 3282 Rejectamcnta,
2686 3209 2783 3266 sed
2819 3209 2887 3265 de
2925 3210 3092 3266 rebus
3131 3206 3425 3265 mundanis
3455 3225 3468 3262 :
3499 3207 3647 3277 quod

378 3303 570 3374 νόμου,
619 3305 763 3360 κατὰ
805 3309 910 3378 τὴν
955 3309 1055 3379 τῆς
1107 3309 1313 3379 ζημίας
1343 3309 1585 3367 διάνοιαν
1616 3313 1832 3384 νοήσεις
1866 3314 1962 3367 καὶ

2067 3305 2112 3358 si
2143 3305 2307 3360 etiam
2337 3303 2406 3359 de
2430 3303 2566 3372 iege,
2591 3302 2750 3372 juxta
2780 3316 3002 3358 sensum
3027 3301 3124 3372 qui
3156 3300 3225 3357 de
3254 3304 3456 3356 damno
3481 3298 3647 3356 datus

377 3396 540 3450 τοῦτο
577 3399 763 3454 καλόν.
801 3401 1057 3457 Σκύϐαλα
1098 3400 1209 3474 γὰρ
1252 3402 1474 3474 εῐρηται
1525 3406 1559 3475 ή
1598 3405 1828 3477 καλάμη
1865 3407 1960 3461 τοῦ

2067 3403 2170 3462 est,
2207 3395 2481 3467 intelliges
2510 3413 2525 3451 :
2556 3402 2610 3451 et
2641 3394 2746 3450 hoc
2783 3395 3073 3465 pulchrum
3107 3401 3212 3450 est.
3241 3391 3378 3449 Nam
3408 3391 3644 3462 rejects-

379 3488 552 3543 σίτου.
589 3491 730 3546 Ἀλλ’
759 3493 888 3565 ἄχρι
916 3495 1016 3565 μὲν
1049 3495 1124 3567 μή
1151 3512 1239 3549 πω
1266 3499 1409 3569 φανῇ
1437 3498 1464 3551 6
1485 3499 1655 3564 σῖτος,
1684 3499 1961 3568 ἀναγκαῖα

2067 3497 2247 3545 menta
2277 3489 2422 3544 dicta
2453 3495 2584 3544 sunt
2627 3486 2794 3543 tritici
2823 3486 3039 3544 culmus
3070 3485 3202 3541 :sed
3241 3484 3370 3541 dum
3401 3482 3644 3540 nondum

377 3580 412 3651 ή
447 3581 668 3654 καλάμη
692 3583 768 3648 ὡς
793 3588 1166 3660 συντηρητικὴ
1194 3584 1354 3656 οὖσα,
1388 3591 1482 3644 τοῦ
1501 3591 1764 3662 ἐσομένου
1784 3592 1956 3659 σίτου,

2067 3592 2290 3654 apparet
2328 3582 2595 3643 triticum.
2626 3581 2974 3638 necessarius
2996 3587 3080 3637 est
3106 3578 3345 3641 culmus,
3382 3584 3644 3648 tanquam

377 3673 642 3740 φανέντος
671 3675 749 3740 δέ,
780 3675 1055 3748 ἄχρηστος
1089 3678 1399 3747 ἀνθρώποις
1445 3683 1478 3754 ή
1512 3682 1757 3754 καλάμη.
1805 3683 1960 3738 Οὗτοι

2067 3673 2234 3730 futuri
2273 3673 2440 3730 tritici
2493 3673 2913 3730 conservativus
2963 3690 2978 3728 ι
3013 3670 3106 3726 ubi
3139 3683 3269 3726 vero
3303 3668 3644 3740 appatuerit,

377 3764 474 3817 καὶ
507 3765 535 3817 ὁ
567 3765 752 3836 νόμος.
777 3769 940 3838 Ἀχρι
969 3769 1067 3840 μὲν
1093 3771 1170 3842 μὴ
1199 3773 1615 3846 ἐνηνθρωπήκει
1638 3778 1667 3829 ὁ
1695 3777 1955 3847 Χριστὸς,

376 3853 647 3925 χρειώδης
675 3851 742 3926 ἦν
772 3873 786 3890 ⁸
822 3858 972 3929 αὑτῷ
1023 3859 1135 3932 γὰρ
1167 3863 1522 3936 παρέπεμπε.
1574 3866 1837 3930 Φανέντος
1875 3869 1956 3931 δὲ,

378 3947 634 4018 περιττὸς
667 3948 793 4003 ὅσον
842 3951 982 4022 πρὸς
1009 3952 1071 4004 τὸ
1105 3955 1438 4024 σωματικῶς
1488 3956 1860 4025 φυλάττεσθαι
1890 3960 1958 4013 τὰ

377 4040 437 4091 ἐν
472 4039 640 4110 αὐτῷ.
674 4036 782 4096 Ἦν
820 4042 876 4096 δὲ
909 4044 1006 4098 καὶ
1034 4043 1179 4116 ἄλλῳ
1206 4046 1396 4119 τρόπῳ
1432 4047 1702 4120 χρειώδης
1726 4049 1756 4102 ὁ
1794 4051 1958 4120 νόμος

377 4126 486 4196 πρὸ
518 4128 780 4198 Χριστοῦ.
835 4132 1278 4207 Φιλοσοφώτερος
1317 4137 1416 4208 μὲν
1447 4137 1559 4211 γὰρ
1581 4133 1653 4210 ἦν
1681 4139 1792 4192 τῶν
1835 4140 1956 4194 Ἐλ-

375 4217 615 4286 ληνικῶν
666 4220 976 4292 δογμάτων,
1014 4226 1324 4299 παχύτερος
1360 4228 1416 4282 δὲ
1478 4230 1580 4301 τῆς
1637 4233 1698 4285 ἐν
1733 4231 1954 4304 Χριστῷ

377 4311 718 4381 φιλοσοφίας.
754 4316 936 4381 Μέσος
961 4318 1056 4372 οὖν
1107 4321 1206 4391 τῆς
1246 4321 1692 4396 είδωλολατρείας
1725 4327 1820 4380 καὶ
1853 4327 1954 4396 τῆς

375 4406 618 4474 Χριστοῦ
638 4408 874 4474 πίστεως
896 4413 1254 4482 παρεντεθεὶς
1270 4413 1546 4486 ὠφέλησε,
1581 4419 1723 4473 κατὰ
1757 4420 1954 4491 μικρὸν

2064 3765 2276 3823 inutilis
2316 3773 2400 3823 est
2445 3767 2663 3822 culmus
2711 3763 3050 3822 hominibus.
3083 3762 3160 3819 ita
3209 3772 3262 3818 et
3314 3762 3399 3818 lex
3428 3779 3442 3816 :
3471 3761 3647 3818 donec

2064 3858 2449 3914 incarnaretur
2486 3855 2748 3913 Christus
2797 3865 2918 3913 erat
2963 3854 3134 3920 utilis,
3169 3868 3292 3909 nam
3335 3852 3404 3906 ad
3461 3853 3641 3924 ipsum

2061 3947 2477 4004 transmittebat
2526 3964 2542 4001 :
2592 3962 2717 4003 cum
2773 3954 2956 4002 autem
3014 3945 3127 4014 jam
3183 3945 3475 4014 apparuit,
3549 3959 3646 4000 su-

2061 4041 2269 4114 perﬂua
2314 4048 2402 4097 est
2430 4047 2696 4110 quantum
2736 4039 2805 4094 ad
2839 4039 2942 4092 hoc
2964 4037 3111 4108 quod
3157 4044 3243 4094 est
3281 4037 3646 4107 corporaliter

2061 4133 2345 4190 observari
2375 4149 2498 4205 quae
2527 4135 2583 4188 in
2612 4147 2677 4187 ea
2708 4139 2858 4188 sunt.
2891 4131 3020 4186 Erat
3046 4137 3230 4185 autem
3255 4136 3311 4184 et
3343 4128 3454 4185 alio
3481 4129 3644 4184 modo

2064 4226 2216 4280 utilis
2247 4225 2329 4282 lex
2359 4232 2488 4280 ante
2521 4222 2820 4279 Christum.
2863 4220 3078 4278 Etenim
3132 4221 3256 4292 plus
3289 4221 3508 4292 quidem
3555 4235 3645 4276 sa-

2060 4316 2280 4390 pientiae
2313 4317 2554 4374 habebat
2606 4330 2769 4388 quam
2813 4314 3130 4372 Graecorum
3175 4313 3450 4385 dogmata,
3488 4325 3644 4368 cras-

2062 4415 2176 4470 sior
2207 4422 2390 4468 autem
2413 4419 2534 4468 erat
2561 4423 2728 4482 quam
2760 4406 3126 4480 philosophis,
3164 4421 3288 4478 qua
3321 4406 3379 4460 in
3418 4405 3642 4462 Christo

377 4497 743 4568 ὑπεξαγαγὼν
802 4502 905 4572 τῆς
938 4503 1409 4577 είδωλολατρεὶας,
1463 4509 1692 4564 καὶτοῦ
1745 4513 1958 4568 ἐκεῖθεν

2067 4515 2168 4562 est.
2214 4503 2392 4561 Media
2443 4503 2629 4575 itaque
2663 4502 2808 4557 inter
2850 4499 3219 4556 idololatriam
3261 4506 3320 4554 et.
3379 4498 3537 4554 ﬁdem
3584 4499 3639 4553 in

375 4589 608 4660 πάχους,
640 4592 735 4646 καὶ
761 4593 1233 4668 ἐπιτηδειοτέρους
1257 4597 1450 4665 ποιῶν,
1481 4601 1703 4674 Χριστῷ
1733 4605 1956 4674 φανέντι

2067 4598 2344 4654 Christum
2379 4595 2705 4667 interposita
2725 4593 2978 4665 juvabat,
3003 4593 3210 4650 sensim
3237 4592 3308 4649 ah
3331 4591 3639 4648 idololatria

375 4681 690 4738 πιστεῦσαι.
739 4683 894 4740 Ἐπεὶ
950 4686 1044 4742 οὖν
1091 4688 1152 4742 τὸ
1207 4691 1410 4746 οἰκεῖον
1471 4693 1805 4766 πεπλήρωκε
1862 4700 1959 4753 καὶ

2067 4689 2412 4754 subduceris,
2477 4694 2532 4743 et
2581 4702 2610 4741 a
2668 4684 2920 4741 crassitie
2985 4699 3110 4756 qum
3169 4684 3298 4740 inde
3351 4691 3470 4739 erat
3515 4700 3530 4739 :
3584 4693 3640 4738 et

376 4773 598 4846 Χριστῷ
631 4777 985 4848 παρέπεμψε,
1023 4780 1279 4852 περιττὸς
1313 4782 1505 4836 λοιπὸν
1542 4785 1624 4848 είς
1655 4786 1717 4838 τὸ
1761 4803 1955 4858 σωμα-

2067 4783 2301 4853 aptiores
2344 4780 2580 4838 reddens
2625 4787 2686 4834 ut
2723 4779 3010 4851 apparenti
3052 4777 3274 4835 Christo
3327 4777 3637 4833 crederent.

376 4867 545 4932 τικῶς
613 4870 1004 4940 φυλάττεσθαι,
1065 4874 1258 4946 ὥσπερ
1298 4878 1394 4931 καὶ
1445 4878 1600 4932 παιδὶ
1636 4881 1718 4943 είς
1748 4879 1956 4954 ἄνδρας

2067 4876 2169 4947 96
2197 4873 2466 4941 Quoniam
2507 4886 2639 4944 ergo
2669 4872 2816 4943 quod
2860 4887 3024 4928 suum
3069 4877 3190 4927 erat
3233 4869 3553 4941 complevit,
3583 4877 3640 4924 et

375 4959 657 5016 τελέσαντι
696 4963 728 5034 ή
762 4963 988 5038 παιδικὴ
1017 4965 1185 5041 ἐσθής
1211 4969 1306 5022 καὶ
1340 4969 1554 5042 ἀγωγή.
1586 5003 1654 5015 --
1683 4974 1954 5045 [ΟΙΚΟΥ-

2067 4969 2126 5022 ad
2157 4967 2439 5023 Christum
2474 4967 2802 5031 transmisit,
2827 4965 3088 5035 deinceps
3111 4963 3327 5019 inutilis
3360 4969 3416 5019 et
3449 4977 3640 5034 super-

376 5051 698 5126 MENIOYJ
721 5054 867 5126 Δύνῃ
918 5055 1099 5111 δὲκαὶ
1167 5058 1290 5113 κατ’
1328 5059 1458 5114 ἄλλο
1495 5061 1740 5117 σκύϐαλα
1769 5066 1962 5138 νοῆσαι

2067 5060 2165 5113 ilua
2189 5058 2363 5116 estad
2388 5061 2492 5115 hoc
2525 5067 2584 5115 ut
2612 5057 2974 5128 corporaliter
2992 5056 3317 5112 observetur
3338 5072 3353 5107 :
3371 5054 3639 5126 quemad-

375 5142 469 5197 τὸν
491 5143 679 5217 νόμον.
715 5146 760 5199 Τ
762 5147 791 5200 δ
817 5147 928 5218 γὰρ
994 5147 1293 5216 σκύϐαλον,
1347 5153 1629 5225 κτηνώδης
1688 5156 1806 5211 ἐστι
1835 5177 1962 5231 τρο-

2067 5154 2286 5208 modum
2323 5161 2376 5209 et
2419 5168 2608 5224 puero,
2651 5152 2742 5207 ubi
2777 5150 2846 5205 ad
2894 5149 3106 5205 virilem
3154 5149 3465 5220 pervenerit
3509 5155 3638 5202 aeta-

377 5237 474 5307 φή.
530 5237 642 5292 Καὶ
674 5240 703 5293 ὀ
733 5238 898 5309 νόμος
957 5239 1142 5296 τοίνυν
1195 5243 1335 5312 μετὰ
1361 5243 1462 5314 τὴν
1504 5247 1710 5312 πίστιν,
1751 5249 1962 5320 ἀλογω-

2067 5255 2193 5311 tem,
2249 5247 2456 5317 puerile
2491 5246 2876 5302 vestimentum
2909 5249 3005 5297 aut
3049 5241 3321 5299 educatio.
3361 5271 3429 5282 —-
3475 5237 3638 5294 P0tes

371 5325 556 5397 τέροις
584 5327 896 5400 ἀνθρώποις
951 5329 1102 5387 ἐστὶν
1132 5331 1192 5386 ἐν
1246 5335 1635 5407 παραφυλακῇ.
1691 5339 1849 5392 Διατί
1900 5340 1958 5395 δέ

2067 5349 2244 5396 autem
2276 5349 2330 5395 et
2373 5341 2530 5410 juxta
2569 5337 2715 5393 aliud
2747 5337 3072 5408 intelligere,
3117 5335 3290 5406 legem
3330 5346 3456 5388 esse
3492 5331 3635 5402 reje-

372 5417 512 5482 ὅλως
539 5419 749 5492 ἥγησαι
783 5423 948 5479 αὐτὸν
973 5424 1180 5498 ζημίαν
1211 5425 1306 5478 καὶ
1341 5425 1608 5492 σκύϐαλα,
1649 5422 1694 5483 ὦ
1739 5430 1956 5502 Παῦλε;

2067 5439 2356 5488 ctarnenta.
2390 5431 2524 5486 Nam
2550 5429 3001 5499 rejectamentum
3037 5433 3132 5481 aut
3179 5426 3335 5497 palea
3357 5425 3515 5480 cibus
3552 5430 3638 5478 est

377 5511 460 5564 ὃτι
479 5512 574 5565 ἐπὶ
597 5512 770 5568 πολὺν
789 5515 982 5586 χρόνον
1012 5517 1289 5588 ἐζημίωσέ
1309 5537 1377 5590 με
1398 5519 1658 5592 Χριστοῦ,
1675 5522 1753 5593 τῷ
1772 5525 1956 5596 γράμ-

2067 5524 2452 5595 iumentorum.
2490 5521 2554 5576 Et
2593 5522 2678 5577 lex
2711 5523 2895 5593 itaque
2925 5527 3048 5591 post
3077 5519 3236 5574 ﬁdem
3287 5513 3635 5572 irrationabi-

381 5618 516 5672 ματι
544 5605 1027 5678 παρακαθήμενον,
1065 5609 1164 5680 οὐχ
1203 5609 1284 5664 ὅτι
1313 5609 1410 5664 νῦν
1441 5609 1734 5683 ἐζημιοῦτο
1763 5615 1823 5679 ἐξ
1852 5616 1953 5669 αὖ·

2067 5617 2205 5672 Iibus
2250 5613 2564 5670 hominibus
2598 5614 2651 5670 in
2699 5614 3051 5670 observantia
3088 5619 3191 5668 est.
3226 5609 3426 5666 Verum
3463 5621 3635 5677 quare

381 5695 494 5751 τοῦ.
525 5698 679 5770 ᾝδει
707 5699 818 5772 γὰρ
851 5701 1000 5774 αὐτῷ
1025 5703 1414 5774 πνευματικῶς
1445 5705 1776 5776 χρήσασθαι,
1817 5706 1955 5760 ἀλλὰ

2067 5711 2289 5766 omnino
2305 5709 2508 5767 duxisti
2533 5723 2652 5766 eam
2675 5723 2797 5764 esse
2821 5706 3082 5763 damnum
3103 5712 3196 5758 aut
3225 5704 3635 5775 rejectamenta,

449 5876 492 5910 ’⁸
519 5876 536 5930 1
565 5875 693 5932 Cor.
733 5893 769 5944 ι,
806 5878 896 5946 22,
927 5879 1017 5934 ‘25.
1096 5883 1138 5914 ¹⁹
1165 5883 1320 5939 llum.
1360 5899 1409 5951 ιν,
1459 5885 1541 5939 ιι.
1621 5887 1665 5917 ³⁸
1692 5883 1846 5940 Deut.
1879 5899 2032 5940 xvm.
2066 5883 2148 5944 i5.
