4000 6546
407 385 546 452 13οἸ

1421 393 1817 454 LECUMENII
1849 396 2138 457 ΤΒΙΕΟίΕ
2176 399 2516 462 EPISCUPI

3519 396 3654 459 1305

401 519 434 557 ο
492 503 698 560 Paule?
747 503 884 570 Quia
934 504 1001 559 ad
1043 505 1272 560 multum
1331 514 1547 576 tempus
1604 523 1730 563 cum
1780 508 1966 565 damnt

2091 515 2219 584 περί
2247 516 2347 585 τῆς
2371 514 2574 586 ζημίας
2597 515 2813 587 ἐκείνης
2841 517 2995 586 φησὶ,
3022 517 3120 586 τῆς
3154 515 3262 586 πρὸ
3289 518 3384 587 τῆς
3409 516 3653 579 πίστεως

400 595 636 666 privavit
662 612 747 652 me
775 595 1015 662 Christo,
1043 597 1237 652 littera
1261 595 1624 655 adhzerentem
1649 617 1661 654 :
1693 616 1800 654 non
1824 604 1970 673 quod

401 702 549 742 nunc
579 688 783 743 damno
820 704 886 743 ex
921 690 1036 757 ipsa
1073 689 1378 745 adiceretur
1409 708 1422 746 :
1456 703 1683 746 noverat
1719 692 1865 748 enim
1902 709 1963 746 ea

400 779 765 848 spiritualitcr
789 781 866 835 uti
905 799 918 835 :
952 782 1045 837 sed
1090 782 1156 838 de
1188 783 1393 837 damno
1420 783 1511 838 illo
1542 785 1782 855 loquitur
1823 785 1969 857 quod

402 876 578 931 fuerat
598 884 723 931 ante
751 876 906 932 tidem
931 891 1109 932 suam.
1137 877 1348 932 Etenim
1369 886 1654 948 postquam
1686 887 1969 949 pertrans-

398 967 461 1022 iit
496 968 754 1023 damnum
798 969 942 1039 quod
975 971 1310 1040 accepimus,
1354 973 1768 1029 reminiscentes
1796 974 1971 1045 ipsius

397 1075 660 1117 vocamus
701 1061 836 1116 illud
889 1063 1067 1118 adhuc
1120 1063 1401 1119 damnum.
1463 1065 1766 1122 Considera
1821 1067 1968 1121 enim

398 1153 674 1223 quomodo
711 1168 904 1210 secure
937 1154 1135 1209 dixerit
1170 1175 1183 1210 :
1217 1154 1469 1212 Arbitror
1500 1158 1672 1228 ipsam
1709 1157 1969 1212 damnum

397 1260 521 1300 esse
551 1254 774 1318 preptcr
807 1246 1192 1302 excellentiam
1230 1249 1560 1317 cognitionis
1590 1248 1816 1313 Christi,
1854 1257 1962 1304 tan-

395 1353 560 1407 quam
604 1339 849 1395 diceret:
884 1339 1091 1395 Natura
1141 1341 1360 1412 quidem
1399 1343 1659 1396 damnum
1705 1357 1813 1396 non
1864 1350 1968 1407 est,

397 1431 494 1488 sed
521 1447 587 1487 eo
612 1443 760 1488 certe
786 1434 931 1504 quod
966 1434 1138 1503 ipsam
1178 1449 1404 1489 servans
1431 1450 1538 1488 non
1575 1433 1968 1501 cognoscebam

394 1521 696 1589 Christum,
726 1523 781 1577 in
818 1524 1073 1578 damnum
1103 1523 1236 1577 mihi
1276 1523 1418 1577 facta
1441 1533 1544 1579 est.
1584 1542 1602 1574 ι
1640 1525 1782 1590 Quin
1804 1523 1967 1578 etiam

397 1611 658 1668 arbitror.
695 1631 714 1666 ι
747 1611 1016 1679 Quoniam
1053 1614 1304 1680 verbum,
1334 1615 1644 1669 Arhitratus
1666 1630 1808 1677 sum,
1835 1629 1971 1686 prx-

397 1704 543 1758 teriti
594 1706 860 1775 temporis
906 1705 1013 1760 vim
1067 1707 1319 1772 habebat,
1369 1707 1446 1761 ait
1494 1725 1509 1763 :
1551 1707 1708 1762 Nunc
1754 1723 1972 1778 quoque

2072 606 2258 658 αὐτοῦ.
2303 606 2413 660 Καὶ
2438 607 2546 678 γὰρ
2587 605 2724 678 μετὰ
2749 609 2810 661 τὸ
2841 607 3135 678 παρελθεῖν
3167 607 3267 678 τὴν
3299 607 3506 678 ζημίαν
3551 609 3654 677 ζη-

2075 698 2358 771 μιώσασαν
2387 703 2552 771 ἡμᾶς,
2588 702 2855 768 ἔτιαὺτῆς
2889 703 3251 772 μεμνημένοι,
3303 701 3511 771 ζημίαν
3545 704 3652 753 αὑ-

2071 795 2170 863 τὴν
2206 794 2497 865 καλοῦμεν.
2531 795 2672 866 Ὅρα
2695 795 2802 865 γὰρ
2830 795 2944 859 πῶς
2962 794 3216 863 ἀσφαλῶς
3251 789 3430 856 εἶπεν,
3450 792 3651 862 Ἡγοῦ-

2075 900 2173 952 μαι
2203 884 2364 938 αὑτὸν
2393 882 2618 955 ζημίαν,
2644 885 2732 940 διά
2769 885 2830 938 τὸ
2871 884 3212 954 ὑπερϐάλλον
3237 887 3340 954 τῆς
3392 882 3652 951 γνώσεως

2071 973 2164 1026 τοῦ
2198 975 2456 1042 Χριστοῦ,
2482 977 2614 1030 ὡσεὶ
2644 973 2788 1041 εἷπε,
2823 977 2986 1032 Φύσει
3025 977 3122 1047 μὲν
3162 977 3263 1030 οὐκ
3299 975 3417 1028 ἔστι
3450 975 3651 1043 ζημίαν

2071 1067 2188 1121 ἀλλ’
2225 1068 2414 1139 ἐπειδὴ
2445 1069 2604 1140 δῆθεν
2637 1071 2922 1138 φυλάττων
2948 1070 3114 1124 αὑτὸν
3134 1069 3235 1123 οὐκ
3276 1067 3654 1134 ἐπεγίνωσκον

2072 1159 2163 1211 τὸν
2193 1160 2450 1231 Χριστὸν,
2504 1164 2583 1225 είς
2611 1162 2819 1234 ζημίαν
2871 1178 2962 1231 μοι
2994 1161 3234 1230 ἐγένετο.
3269 1178 3289 1212 ι
3339 1158 3501 1212 Ἀλλά
3551 1157 3654 1221 μὲν

2072 1249 2165 1304 οὖν
2196 1255 2290 1305 καὶ
2321 1251 2587 1323 ἡγοῦμαι.
2638 1272 2656 1304 ι
2703 1253 2920 1322 Ἐπειδὴ
2955 1253 3036 1315 τὸ,
3070 1253 3362 1322 "nminat,
3398 1249 3652 1318 παρελη-

2071 1342 2293 1409 λυθότος
2341 1345 2530 1417 χρόνου
2570 1345 2809 1417 ἔμφασιν
2854 1341 2990 1416 εἶχε,
3049 1345 3213 1417 φησὶν
3248 1345 3370 1397 Ὅτι
3410 1343 3503 1395 καὶ
3555 1340 3653 1393 νῦν

2071 1437 2332 1508 ἡγοῦμαι.
2356 1437 2466 1490 Καὶ
2493 1437 2623 1508 γὰρ,
2665 1439 2821 1506 φησὶ,
2855 1436 3020 1490 πολύν
3050 1454 3116 1506 με
3147 1435 3337 1506 χρόνον
3369 1433 3651 1503 ἐζημίωσε

2071 1527 2166 1582 τοῦ
2194 1527 2452 1600 Χριστοῦ,
2485 1529 2546 1582 οὐ
2574 1528 2724 1600 παρὰ
2753 1529 2852 1600 τὴν
2873 1528 3103 1592 οἰκείαν,
3145 1527 3221 1590 ὡς
3261 1526 3330 1580 ἄν
3358 1543 3444 1588 τις
3476 1526 3647 1584 εἴποι.

2073 1619 2310 1691 θέλησιν,
2342 1619 2478 1675 ἀλλὰ
2512 1621 2663 1691 παρὰ
2690 1621 2788 1690 τὴν
2837 1620 2977 1690 ἐμὴν
3015 1620 3152 1688 πρὸς
3194 1616 3360 1672 αὺτδν
3405 1616 3469 1669 οὐ
3528 1616 3650 1667 κατ’

2071 1710 2365 1778 ἐπίγνωσιν
2397 1709 2602 1780 σχέσιν.
2631 1727 2650 1760 ι
2698 1709 2882 1763 Πάντα
2917 1705 3120 1779 ζημίαν
3155 1701 3317 1758 εἶναι.
3356 1721 3374 1754 ι
3414 1703 3478 1756 Ei
3514 1702 3647 1770 γάρ,

395 1792 655 1848 arbitror.
697 1793 909 1850 Etenim
935 1797 1125 1860 multo,
1158 1796 1354 1866 inquit,
1382 1803 1627 1867 tempore
1649 1813 1736 1852 me
1750 1796 1966 1853 Christo

2073 1803 2258 1873 φησιν,
2294 1800 2690 1870 ἁντιπαραθείη
2743 1817 2830 1865 τις
2860 1798 2958 1870 τὴν
2999 1798 3095 1852 τοῦ
3128 1798 3296 1868 νόμου
3327 1795 3654 1864 σωματικὴν

395 1883 654 1952 privavit,
683 1899 790 1940 non
835 1887 1055 1959 propria
1087 1861 1411 1950 intentione,
1446 1861 1510 1943 ut
1539 1889 1664 1959 quis
1697 1889 1964 1958 suspicari

2074 1861 2470 1963 παραῷυλακὴν
2498 1861 2634 1963 πρὸς
2652 1861 2762 1959 ’τὴν
2792 1861 2887 1944 τοῦ
2913 1861 3161 1959 δίριστοῦ
3187 1861 3424 1954 γνῶσιν,
3446 1861 3651 1953 ζημίαν

393 1983 602 2045 posset,
630 1975 725 2031 sed
748 1976 820 2032 ob
851 1992 1028 2032 meum
1065 1979 1131 2033 ad
1165 1979 1316 2034 illam
1349 1978 1604 2035 all‘eclum
1635 1995 1742 2034 non
1770 1994 1969 2035 secun-

393 2065 522 2118 dum
562 2066 870 2120 scientiam.
909 2084 929 2118 ι
967 2066 1160 2122 Omnia
1200 2067 1456 2124 damnum
1492 2084 1636 2124 esse.
1677 2087 1695 2121 ι
1741 2065 1894 2143 Νιιιιι⁵
1919 2069 1968 2124 si

391 2157 540 2226 quis,
574 2157 772 2227 inquit,
816 2167 1056 2230 opponat
1090 2161 1429 2230 corporalem
1463 2161 1600 2230 legis
1632 2160 1970 2217 observatio-

395 2264 515 2304 nem
554 2251 619 2304 ad
674 2249 878 2306 Christi
918 2251 1308 2322 cognitionem,
1347 2251 1517 2322 legem
1565 2251 1801 2306 inveniet
1845 2266 1966 2307 esse

391 2341 653 2395 damnum
682 2355 698 2394 :
737 2350 885 2396 tanta
911 2349 996 2397 est
1027 2342 1357 2414 cognitionis
1381 2342 1580 2398 Christi
1619 2342 1962 2398 excellentia.

397 2452 415 2484 ι
457 2432 685 2504 Propter
718 2449 878 2504 quem
912 2435 1156 2489 omnium
1198 2433 1298 2490 feci
1323 2435 1616 2506 iacturam.
1657 2453 1675 2486 ι
1711 2433 1829 2489 Non
1870 2449 1964 2489 so-

393 2526 502 2578 lum
536 2525 724 2579 relicta
757 2526 871 2596 lege
901 2534 954 2579 et
999 2527 1252 2581 omnibus
1288 2541 1410 2595 quae
1434 2526 1488 2580 in
1517 2541 1580 2581 ea
1605 2535 1753 2591 sunt,
1785 2540 1964 2596 quan-

395 2625 508 2671 tum
536 2616 602 2670 ad
637 2617 737 2671 hoc
771 2618 916 2686 quod
950 2625 1033 2672 est
1063 2617 1236 2688 ipsam
1274 2625 1329 2672 et
1361 2633 1482 2688 qua:
1512 2618 1563 2672 in
1593 2633 1655 2673 ca
1682 2627 1812 2674 sunt
1842 2632 1965 2672 cor-

2073 1984 2300 2054 εὑρήσει
2336 1983 2426 2036 τὸν
2460 1983 2644 2054 νόμον.
2677 1980 2929 2050 Τοσαύτη
2963 1980 3196 2049 διαφορά
3237 1977 3339 2046 τῆς
3384 1973 3648 2047 Χριστοῦ,

2077 2072 2232 2141 φησι,
2271 2073 2543 2139 γνώσεως.
2574 2089 2594 2123 ι
2626 2072 2701 2124 Δι’
2740 2069 2800 2123 δν
2824 2070 2893 2124 τὰ
2923 2069 3103 2122 πάντα
3133 2066 3475 2138 ἐζημιώθην.
3515 2084 3536 2116 ι
3573 2065 3647 2120 Οὐ

2077 2162 2238 2233 μόνον
2261 2163 2426 2231 νόμον
2450 2161 2624 2226 ὲακὼς
2641 2163 2720 2226 εις
2748 2161 2810 2214 τὸ
2830 2161 2906 2231 μὴ
2925 2158 3253 2229 σωματικῶς
3275 2157 3440 2214 αὑτὸν
3465 2157 3558 2210 κα)⁵
3581 2157 3650 2209 τά

2073 2255 2130 2307 ὲν
2154 2253 2300 2323 αύτῷ
2330 2257 2539 2324 τηρεῖν,
2571 2253 2707 2308 ἀλλὰ
2732 2253 2826 2307 καὶ
2853 2252 3032 2306 πάντα
3063 2252 3132 2306 τά
3157 2251 3214 2304 ὲν
3237 2249 3315 2320 τῷ
3344 2249 3554 2317 κόσμῳ.
3580 2248 3651 2301 Τὸ

2072 2346 2182 2415 γάρ
2207 2345 2574 2416 Ἐξημιώθην,
2590 2343 2704 2400 οἷον
2730 2345 2890 2399 εἴασα
2915 2345 3012 2398 καὶ⁵
3033 2341 3413 2413 ἀπεστερήθην
3449 2339 3648 2400 αὐτῶν,

2076 2455 2095 2488 ι
2126 2438 2216 2506 Μὴ
2249 2437 2390 2507 ἔχων
2439 2435 2580 2507 ἐμὴν
2625 2435 2991 2505 δικαιοσύνην.
3027 2453 3047 2488 ι
3088 2434 3278 2502 Ἐμὴν,
3331 2433 3490 2502 φησὶ,
3552 2433 3653 2501 τὴν

2059 2522 2174 2582 οἷον
2201 2527 2260 2592 ἐξ
2273 2527 2450 2598 ἔργων
2475 2527 2626 2597 ἐμῶν
2649 2528 2742 2580 καὶ
2760 2525 2938 2580 πόνων
2959 2527 3065 2579 τῶν
3083 2524 3225 2577 κατὰ
3237 2523 3425 2594 νόμον.
3445 2523 3507 2575 'H
3541 2523 3652 2592 γάρ

2057 2618 2301 2690 τοιαύτη,
2333 2618 2520 2689 φησιν,
2541 2618 2660 2672 οὐδὲ
2688 2617 2805 2670 ἐστι
2828 2618 3031 2689 κυρίως
3055 2615 3394 2685 δικαιοσύνη.
3431 2615 3520 2682 (Ti
3542 2614 3651 2684 γὰρ

393 2706 656 2776 poraiiter
683 2707 988 2774 observari,
1039 2723 1228 2763 verum
1256 2707 1419 2762 etiam
1460 2708 1715 2764 omnibus
1752 2723 1874 2778 qua
1908 2706 1963 2762 in

2070 2711 2159 2764 καὶ
2219 2711 2435 2782 ποιήσει
2485 2710 2826 2780 ἄνθρωπος)
2852 2710 2968 2766 ἀλλ’
3002 2711 3035 2781 ή
3064 2709 3152 2762 διὰ
3174 2709 3398 2779 χάριτος
3417 2709 3516 2761 καὶ
3551 2708 3651 2758 πί-

395 2799 599 2855 muudo
622 2807 770 2856 suut.
817 2799 951 2854 Nam
998 2800 1181 2856 dicere
1211 2800 1488 2856 Iacturam
1538 2799 1664 2867 feci,
1720 2800 1824 2856 hoc
1856 2807 1961 2864 est,

2065 2820 2234 2866 στεως
2259 2801 2642 2873 Χριστοῦ,ἔστι
2659 2801 2862 2871 κυρίως
2895 2801 3233 2871 δικαιοσύνη.
3254 2801 3316 2854 Ei
3347 2795 3444 2852 οὖν
3465 2800 3494 2852 δ
3512 2797 3651 2868 ἔχων

395 2890 583 2947 Dimisi
607 2899 661 2947 et
691 2891 824 2963 ipsis
868 2893 1112 2963 privatus
1143 2909 1286 2948 sum.
1329 2911 1348 2945 ι
1384 2891 1502 2947 Non
1535 2893 1742 2948 habens
1787 2906 1962 2946 meam

2070 2890 2122 2958 ἐξ
2146 2891 2322 2960 ἔργων
2347 2889 2718 2961 δικαιοσύνην,
2743 2891 3091 2962 προσέδραμε
3124 2893 3190 2960 τῇ
3214 2893 3279 2944 ἐκ
3307 2890 3547 2951 πίστεως
3566 2888 3652 2940 ἶνα

389 2982 682 3052 justitiam.
722 3003 741 3036 ι
771 2983 966 3049 Meam,
994 2985 1092 3050 ait,
1120 2984 1171 3040 id
1191 2992 1296 3051 est,
1331 3001 1451 3055 quae
1483 2994 1649 3041 estex
1673 2985 1810 3040 meis
1829 2999 1960 3055 ope.

2071 2986 2240 3054 σωθῇ,
2273 2985 2303 3037 ὁ
2320 2983 2456 3054 μηδὲ
2481 2982 2618 3054 ἔχων
2657 2985 2752 3038 καὶ
2777 2983 2851 3054 μὴ
2873 2981 3248 3054 προστρέχων,
3284 2981 3340 3034 τί
3365 2980 3647 3046 πείσεταις

392 3076 548 3131 rihus
571 3086 624 3132 et
651 3076 951 3134 laboribus.
982 3077 1260 3148 Siquidem
1289 3080 1414 3136 talis
1438 3095 1615 3142 neque
1673 3079 1894 3150 proprie
1929 3077 2146 3147 justitia
2199 3085 2306 3142 est,
2347 3078 2524 3148 inquit
2571 3076 2718 3147 (nam
2765 3075 2894 3147 quid
2931 3085 3110 3146 potest
3159 3076 3321 3130 homo
3360 3071 3651 3142 eiﬁcere3‘p

394 3165 491 3220 sed
549 3181 644 3236 per
694 3166 922 3236 gratiam
969 3177 1024 3223 et
1057 3167 1216 3223 tidem
1277 3167 1483 3224 Christi
1551 3178 1636 3225 est
1702 3168 1921 3240 proprie
1965 3167 2208 3236 iustitia.
2282 3165 2338 3222 Si
2389 3181 2521 3238 ergo
2585 3168 2680 3239 qui
2745 3167 2909 3222 habet
2944 3182 3011 3222 ex
3064 3166 3322 3236 operibus
3355 3163 3649 3234 justitiam,

395 3261 460 3312 ai
494 3274 557 3315 ea
580 3273 700 3330 quae
731 3275 796 3316 ex
832 3259 933 3315 ﬁde
965 3270 1048 3318 est
1079 3263 1402 3319 accurrebat
1445 3272 1503 3318 ut
1550 3264 1735 3319 salvus
1768 3263 1942 3330 heret,
1975 3261 2066 3332 qui
2097 3275 2274 3329 neque
2309 3260 2472 3315 habet
2502 3276 2680 3331 neque
2708 3259 2947 3315 accurrit
2979 3258 3239 3330 quidnam
3274 3255 3551 3328 patietur!

461 3355 570 3426 97
597 3355 854 3422 "1,944.
875 3357 1006 3422 Quae
1028 3368 1105 3413 est
1133 3375 1202 3413 ea:
1232 3359 1340 3414 Deo
1360 3359 1580 3429 justitia
1603 3360 1666 3415 ob
1696 3359 1849 3430 ﬁdem
1873 3375 1963 3414 co-

2141 3355 2264 3425 Τὴν
2278 3357 2344 3410 ἐκ
2371 3355 2518 3411 Θεοῦ
2537 3356 2935 3423 δικαιοσύνην
2947 3353 3046 3407 ἐπί
3071 3352 3144 3421 τῇ
3170 3352 3370 3405 πίστει
3383 3349 3491 3403 τοῦ
3511 3347 3650 3418 γνῶ-

393 3447 679 3516 gnoscendt'
703 3449 893 3515 ipsum,
914 3462 962 3503 et
985 3454 1275 3518 potentiam
1295 3453 1691 3506 resurrectionis
1719 3452 1886 3516 illius,
1916 3461 1966 3505 et

393 3540 812 3594 communionem
857 3542 1211 3610 afﬂictionum
1253 3545 1418 3607 ipsius
1459 3559 1478 3598 :
1509 3544 1636 3598 dum
1679 3544 1966 3613 conformis

394 3629 467 3697 fio
523 3636 683 3684 morti
729 3633 842 3700 ejus
889 3634 937 3687 si
968 3650 1067 3702 quo
1100 3637 1254 3689 modo
1286 3637 1580 3705 pertingam
1619 3637 1688 3690 ad
1734 3653 1970 3690 resurre-

394 3720 616 3774 ctionem
649 3732 995 3777 mortuorum."
1021 3723 1144 3779 Non
1172 3725 1309 3796 quod
1331 3727 1453 3796 jam
1468 3727 1584 3796 jam
1611 3727 1966 3798 apprehende-

394 3813 500 3864 rint
526 3823 618 3866 aut
639 3813 758 3883 jam
793 3825 1036 3872 mortuus
1068 3819 1166 3872 sint
1202 3836 1220 3873 :
1255 3819 1344 3873 sed
1379 3829 1570 3885 sector,
1611 3822 1659 3876 si
1691 3823 1850 3875 etiam
1877 3837 1968 3889 ap-

395 3901 710 3970 prehendam
763 3904 817 3958 iu
865 3906 946 3959 his
987 3906 1049 3962 ob
1101 3923 1219 3977 quc
1271 3919 1321 3964 et
1375 3913 1726 3980 apprehensus
1773 3927 1889 3965 sum
1938 3928 1969 3964 ιι

397 3991 611 4048 Christo
635 3993 786 4050 Iesu.
816 3996 1050 4062 Fratres,
1076 4015 1169 4070 ego
1202 4002 1456 4069 meipsum
1480 4003 1711 4057 nondum
1739 4003 1970 4056 arbitror

397 4095 692 4140 assecutum
749 4103 881 4142 esse.
945 4088 1116 4144 Unum
1168 4101 1365 4154 autem.
1407 4109 1471 4148 ea
1522 4093 1730 4164 quidem
1773 4110 1889 4165 qua:
1938 4111 1971 4148 a

397 4187 543 4246 tergo
586 4186 709 4232 sunt
751 4179 1086 4244 obliuiscens,
1119 4183 1188 4236 ad
1227 4200 1287 4238 ea
1307 4201 1426 4257 que
1458 4203 1489 4239 a
1521 4187 1694 4255 fronte
1729 4199 1850 4242 sunt
1877 4206 1972 4244 ea:-

397 4269 602 4337 tendor,
644 4269 810 4339 juxta
860 4273 1140 4341 pra'ﬁxum
1191 4275 1398 4344 signum
1434 4277 1701 4348 insequor,
1746 4279 1815 4333 ad
1852 4283 1972 4350 pal-

396 4374 541 4413 mam
566 4375 806 4430 superna
838 4363 1128 4418 vocationis
1165 4363 1263 4418 Dei
1288 4381 1379 4433 per
1401 4365 1669 4422 Christum
1694 4367 1900 4424 Iesum.

471 4471 491 4503 ι
513 4451 644 4518 Qua:
656 4460 739 4508 est
757 4468 822 4508 ex
841 4452 952 4510 Deo
958 4454 1192 4524 iustitia.
1208 4475 1226 4507 ι
1242 4455 1376 4510 Nam
1396 4467 1609 4526 quaeest
1625 4474 1689 4515 ex
1709 4462 1972 4517 ﬁdeChri-

395 4541 487 4605 sti,
507 4555 571 4596 ex
588 4539 703 4618 Deo
723 4551 828 4609 est,
850 4558 957 4598 non
976 4559 1041 4599 ex
1068 4545 1203 4616 lege.
1230 4565 1249 4598 ι
1273 4544 1355 4602 0b
1375 4547 1552 4603 ﬁdem.
1580 4568 1599 4600 ι
1618 4546 1860 4616 Iustitia,
1891 4553 1975 4606 in-

394 4633 534 4702 quit,
548 4648 668 4702 quae
685 4642 770 4691 est
785 4650 850 4690 ex
868 4633 998 4700 Deo,
1015 4635 1087 4690 ob
1107 4635 1262 4692 ﬁdem
1281 4647 1363 4692 est
1381 4647 1432 4693 et
1449 4640 1770 4709 praecedenti
1787 4644 1971 4699 volun-

395 4729 507 4776 tate
523 4724 891 4791 cognoscendi
910 4725 1109 4794 ipsum,
1134 4744 1152 4777 ι
1181 4725 1313 4780 Nam
1335 4727 1425 4796 qui
1447 4727 1642 4783 Filium
1663 4734 1966 4801 cognoscit,

394 4811 559 4865 etiam
590 4811 802 4870 Patrem
830 4815 1134 4886 cognoscit,
1158 4823 1212 4871 et
1241 4831 1270 4873 e
1287 4815 1586 4874 diverso".
1620 4839 1639 4872 ι
1657 4839 1752 4874 -ι
1775 4823 1854 4876 Ac
1874 4838 1971 4894 po-

398 4903 623 4956 tentiam
648 4909 1070 4962 resurrectionis
1090 4908 1258 4964 illius.
1291 4927 1308 4960 ι
1338 4907 1451 4963 Nisi
1475 4913 1618 4966 enim
1645 4911 1778 4969 lldes
1797 4916 1971 4969 mani-

396 4991 681 5048 festaverit
714 4999 1011 5065 potentiam
1067 5000 1511 5068 resurrectionis,
1549 5005 1674 5070 quis
1703 5019 1884 5060 sermo
1914 5007 1966 5062 id

393 5083 716 5153 praestabit?
747 5103 766 5136 s
803 5085 868 5140 Et
897 5092 1338 5146 communionem
1372 5093 1682 5150 amictionis
1716 5096 1910 5166 ipsius.
1945 5116 1962 5148 ι

398 5174 680 5244 Siquidem
709 5179 857 5246 quod
904 5189 1155 5249 oporteat
1203 5184 1364 5239 etiam
1393 5187 1803 5244 communicare
1838 5189 1970 5244 ami-

397 5265 676 5321 ctionihus
707 5265 934 5334 Christi,
969 5285 1066 5340 per
1092 5272 1248 5328 [idem
1281 5285 1334 5329 et
1361 5280 1722 5348 cognovimus
1750 5289 1804 5334 et
1831 5296 1968 5350 prae-

397 5365 628 5413 stamus.
658 5357 761 5427 Qui
790 5361 935 5416 enim
965 5376 1076 5417 non
1114 5366 1286 5420 credit
1315 5369 1458 5438 quod
1493 5370 1540 5426 is
1578 5372 1670 5437 qui
1702 5375 1968 5444 compati-

397 5460 489 5506 tur
511 5453 674 5508 etiam
706 5470 812 5509 una
845 5455 1117 5527 regnabit,
1166 5473 1443 5528 nunquam
1476 5464 1710 5533 compati
1742 5466 1962 5534 poterit.

380 5560 424 5594 -s
466 5541 602 5598 Dum
628 5545 930 5606 conformis
955 5550 1047 5616 tio,
1082 5568 1101 5602 ι
1137 5549 1239 5605 hoc
1259 5558 1341 5606 cst
1372 5553 1668 5610 assimilor.
1689 5555 1960 5622 Quemad-

401 5635 622 5691 modum
661 5639 806 5694 enim
839 5640 952 5710 ipse
1002 5657 1100 5714 pro
1142 5644 1380 5714 peccatis
1409 5645 1710 5715 hominum,
1767 5649 1964 5718 inquit,

474 5809 519 5844 ²¹
541 5807 697 5864 Joan.
728 5828 836 5879 xlv,
859 5813 910 5869 9.

2068 3467 2167 3506 ναι
2217 3448 2426 3514 αὑτὸν,
2490 3449 2589 3502 καί
2640 3447 2757 3516 τὴν
2787 3448 3044 3515 δύναμιν
3091 3445 3201 3514 τῆς
3257 3442 3653 3506 ἀναστάσεως

2069 3539 2277 3604 αὐτοῦ,
2305 3540 2405 3594 καὶ
2431 3540 2545 3610 τὴν
2567 3541 2888 3595 κοινωνίαν
2917 3539 3036 3593 τῶν
3055 3536 3420 3606 παθημάτων
3435 3535 3648 3595 αὑτοῦ.

2069 3633 2612 3702 συμμορφούμενος
2652 3631 2730 3697 τῷ
2762 3631 2998 3697 θανάτῳ
3034 3629 3242 3696 αὑτοῦ,
3271 3629 3330 3683 ει
3354 3644 3479 3692 πως
3510 3644 3652 3680 κατ-

2079 3724 2322 3788 αντήσω
2348 3726 2435 3790 εις
2466 3723 2578 3792 τὴν
2607 3723 3023 3787 ἐξανάστασιν
3085 3721 3203 3775 τῶν
3235 3719 3488 3789 νεκρῶν.
3523 3722 3649 3786 Οὐκ

2071 3817 2161 3870 ὅτι
2193 3815 2307 3883 ἥδη
2341 3815 2565 3870 elatior
2593 3815 2630 3883 ἢ
2664 3813 2778 3882 ἤδη
2803 3813 3132 3882 τελείωμαι.
3159 3811 3354 3866 Διώκω
3376 3811 3446 3864 δὲ
3461 3813 3516 3865 εὶ
3550 3810 3646 3864 καί

2071 3905 2404 3972 καταλάϐω,
2436 3907 2527 3975 ἐφ’
2549 3899 2599 3973 ᾧ
2631 3905 2729 3959 καὶ
2755 3903 3149 3972 κατελήφθην
3173 3903 3293 3958 ὑπὸ
3346 3902 3456 3956 τοῦ
3513 3904 3646 3969 Χρι-

2072 3998 2224 4054 στοῦ
2267 3998 2491 4066 Ἰησοῦ.
2524 3996 2813 4065 Ἀδελφοί,
2849 3996 2966 4065 ἐγὼ
2990 3994 3256 4065 ἐμαυτὸν
3283 3994 3451 4048 οὔπω
3485 3993 3648 4060 λογί-

2073 4091 2238 4161 ζομαι
2285 4092 2726 4160 κατειληφέναι.
2761 4092 2872 4144 Ἓν
2900 4089 2989 4156 δὲ,
3021 4089 3092 4143 τὰ
3132 4089 3251 4158 μὲν
3281 4088 3479 4141 ὀπίσω
3521 4087 3646 4139 ἐστι·

2071 4186 2540 4254 λανθανόμενὸς,
2581 4183 2708 4250 τοῖς
2757 4183 2827 4238 δὲ
2855 4182 3200 4251 ἔμπροσθεν
3236 4179 3646 4247 ἐπεκτεινόμε-

2073 4293 2197 4342 νος,
2218 4276 2367 4331 xaris
2388 4274 2627 4330 σκοπὸν
2657 4273 2847 4328 διώκω
2869 4273 2972 4328 ἐπὶ
2997 4273 3065 4327 τὸ
3084 4272 3373 4341 βραϐεῖον
3392 4270 3501 4339 τῆς
3525 4269 3646 4323 ἄνω

2073 4367 2355 4437 κλήσεως
2381 4369 2487 4422 τοῦ
2520 4367 2668 4423 Θεοῦ
2694 4366 2766 4422 ἐν
2794 4365 3028 4436 Χριστῷ
3062 4366 3289 4432 Ἰησοῦ.

2151 4477 2169 4509 ι
2207 4460 2318 4530 Τὴν
2349 4461 2411 4513 ὲκ
2434 4458 2568 4512 Θεοῦ
2598 4456 2965 4529 δικαιοσύνην.
3003 4477 3024 4509 ι
3060 4459 3126 4511 Ἥ
3155 4457 3262 4528 γάρ
3293 4457 3382 4512 διά
3406 4456 3642 4520 πίστεως

2073 4550 2334 4622 Χριστοῦ,
2368 4553 2432 4604 ὲκ
2467 4550 2603 4604 Θεοῦ
2658 4551 2830 4617 ἐστιν,
2881 4551 2984 4603 οὐκ
3025 4550 3094 4603 ὲκ
3139 4549 3328 4620 νόμου.
3356 4565 3376 4599 ι
3418 4548 3542 4601 Ἐπὶ
3576 4551 3640 4616 τῇ

2075 4643 2274 4716 πίστει.
2308 4661 2326 4694 ι
2361 4641 2522 4704 "litt;
2553 4642 2617 4693 ἐκ
2645 4639 2805 4705 Θεοῦ,
2863 4639 3019 4709 φησι,
3077 4637 3415 4708 δικαιοσύνη,
3455 4641 3522 4708 τῇ
3552 4638 3640 4688 ἐπὶ

2075 4733 2258 4787 πίστει
2297 4733 2411 4784 ἐστὶ
2442 4732 2536 4785 καὶ
2563 4732 2884 4803 ὲρήρεισται
2911 4730 3007 4784 τοῦ
3041 4729 3248 4799 γνῶναι
3284 4729 3469 4784 αὐτόν.
3519 4748 3536 4780 ι
3584 4731 3640 4781 ’0

2069 4823 2178 4898 γάρ
2214 4824 2306 4879 τὸν
2337 4823 2464 4878 Υἱδν
2505 4821 2812 4890 γινώσκων,
2849 4820 3106 4892 γινώσκει
3141 4821 3234 4875 τὸν
3274 4820 3516 4891 Πατέρα,
3549 4821 3639 4874 καὶ

2067 4916 2324 4987 ἔμπαλιν.
2370 4933 2388 4968 ι
2431 4944 2500 4954 -
2539 4934 2557 4965 ι
2596 4914 2708 4967 Καὶ
2738 4912 2840 4985 τὴν
2884 4913 3114 4982 δύναμιν
3145 4913 3246 4982 τῆς
3291 4913 3638 4971 ἀναστάσεως

2067 5008 2255 5064 αὐτοῦ.
2283 5026 2301 5059 ι
2338 5007 2398 5060 Εἰ
2428 5006 2536 5076 γάρ
2559 5004 2634 5076 μὴ
2657 5005 2839 5067 πίστις
2865 5005 2998 5074 ἡμῖν
3023 5000 3253 5072 δηλώσει
3281 5001 3383 5073 τὴν
3413 5001 3639 5070 δύναμιν

2068 5102 2164 5172 τῆς
2214 5098 2587 5163 ἀναστάσεως,
2628 5098 2779 5160 ποῖος
2839 5098 3188 5164 παραστήσει
3219 5094 3417 5160 λόγο;;
3474 5111 3493 5143 ι
3533 5091 3636 5143 Καὶ

2071 5195 2170 5261 τὴν
2202 5191 2484 5247 κοινωνίαν
2507 5191 2616 5242 τῶν
2641 5189 2979 5260 παθημάτων
3007 5186 3196 5241 αὑτοῦ.
3227 5205 3246 5238 ι
3277 5186 3386 5238 Καὶ
3407 5185 3516 5254 γὰρ
3546 5182 3634 5236 καὶ

2071 5283 2131 5334 τὸ
2162 5282 2271 5334 δεῖν
2294 5281 2570 5334 κοινωνεῖν
2600 5281 2709 5332 τῶν
2734 5277 3076 5350 παθημάτων
3112 5276 3206 5330 τοῦ
3255 5273 3514 5342 Χριστοῦ,
3552 5271 3633 5325 διὰ

2057 5373 2306 5453 ’πίστεως
2351 5370 2600 5442 ἔγνωμεν
2641 5386 2698 5422 τε
2749 5369 2844 5423 καὶ
2875 5366 3254 5436 ἐπιτελοῦμεν.
3295 5368 3354 5420 '0
3388 5364 3500 5437 γάρ
3559 5365 3632 5434 μὴ

2073 5464 2345 5519 πιστεύων
2375 5465 2457 5517 ὅτι
2497 5463 2837 5534 συμπάσχων
2887 5460 2982 5514 καὶ
3020 5459 3469 5530 συμϐασιλεύσει,
3516 5457 3633 5511 οὺδὲ

2073 5573 2203 5609 ποτε
2233 5555 2529 5626 συμπάθοι.
2570 5551 3120 5625 «Συμμορφούμενος.
3147 5571 3166 5602 ι
3209 5552 3250 5603 Τ
3252 5551 3496 5605 ουτέστιν
3547 5550 3634 5614 ἒξ-

2074 5647 2447 5719 ομοιούμενος.
2487 5668 2504 5699 ι
2539 5649 2748 5717 Ὥσπερ
2794 5646 2902 5716 γάρ
2933 5644 3114 5709 αὐτὸς,
3157 5643 3341 5713 φησὶν,
3380 5643 3634 5714 {imlpar-
