4000 6552
324 396 465 464 1305

1276 394 1669 458 COMMENT.
1707 390 1790 454 IN
1830 388 2081 454 EPIST.
2112 394 2211 456 AD
2238 396 2525 461 PHHJP.

3419 402 3562 469 1306

319 512 557 584 θρώπων
587 507 878 575 ἀπέθανεν,
913 506 1084 575 οὕτως
1119 507 1277 577 κάγὼ
1315 507 1457 577 ὑπὲρ
1483 505 1754 575 ὡφελείας
1792 505 1888 559 άν-

2010 515 2246 564 nortnus
2289 518 2373 564 est
2412 527 2427 563 :
2487 509 2562 563 ita
2610 517 2661 562 et
2708 523 2810 578 ego
2860 524 2963 579 pro
3002 509 3283 565 hominum
3334 510 3568 565 utilitate

317 604 556 677 θρώπων
579 601 931 673 ἀποθνήσκω.
966 599 1138 655 Τοῦτο
1168 599 1228 653 δέ
1272 597 1412 662 ἔστι,
1445 598 1542 652 καὶ
1587 595 1727 665 ὑπὲρ
1754 595 1891 663 Χρι-

320 693 450 749 στοῦ
487 692 801 747 ἀποθανεῖν.
867 710 886 744 ι
943 690 1011 745 Εἴ
1037 707 1155 754 πως
1192 678 1541 760 καταντήσω.
1600 705 1621 739 ι
1664 686 1890 755 Eamus,

322 782 510 854 φησίν.
529 782 697 854 Ὁρᾷς
716 780 881 834 αὑτὸν
912 780 1058 850 μετὰ
1080 778 1320 855 τοσαῦτα
1342 778 1423 832 ἔτι
1450 776 1892 847 ἀμφιϐάλλοντας

326 895 345 927 ι
385 875 479 938 Ei;
506 872 604 945 τὴν
630 872 989 938 ἐξανάστασιν
1010 872 1120 926 τῶν
1142 870 1373 944 νεκρῶν.
1405 889 1422 923 ι
1453 869 1564 941 Τὴν
1597 868 1894 925 ἀνάστασιν

320 968 544 1038 εκείνην
570 966 672 1036 τὴν
700 965 930 1030 ἔνδοξον,
960 964 1058 1037 τὴν
1096 964 1233 1036 πρὸς
1262 963 1426 1018 αὐτὸν
1454 961 1719 1030 ἄγουσαν,
1766 959 1895 1031 περὶ

318 1055 388 1134 ἦς
414 1058 652 1130 ἀλλαχοῦ
683 1074 835 1128 φησι,
863 1056 1003 1110 ιΚα)⁸
1027 1057 1257 1111 πάντοτε
1276 1056 1372 1108 σὺν
1395 1054 1584 1122 Κυρίῳ
1600 1052 1852 1122 ἐσόμεθα.
1871 1070 1891 1105 ι

329 1171 347 1203 ι
386 1151 500 1220 Οὐχ
529 1151 612 1202 ὅτι
644 1148 747 1218 ήδη
777 1146 991 1199 ἔλαϐον.
1037 1163 1056 1197 ›
1104 1143 1328 1215 Ἐπειδὴ
1350 1139 1494 1206 εἶπε,
1535 1139 1899 1211 Συμμορφού-

323 1257 488 1314 μενος
507 1239 584 1310 τῷ
608 1237 827 1306 θανάτῳ
861 1235 955 1290 τοῦ
978 1233 1239 1306 Χριστοῦ,
1276 1234 1420 1304 μέγα
1455 1232 1514 1286 δὲ
1541 1228 1608 1304 ἦν
1640 1233 1701 1286 τὸ
1723 1233 1895 1303 ῥῆμα,

321 1333 386 1387 οὐ
436 1333 598 1404 μόνον
631 1329 876 1400 ἠρκέσθη
910 1327 988 1398 τῷ
1010 1328 1206 1392 εἰπεῖν,
1229 1326 1297 1379 Εἴ
1316 1342 1433 1389 πως
1462 1325 1791 1394 καταντήσω
1819 1325 1899 1387 εἰς

320 1425 423 1494 τὴν
455 1422 844 1488 ἐξανάστασιν,
886 1419 1020 1473 ἀλλὰ
1052 1418 1146 1472 καὶ
1187 1418 1524 1488 σαφέστερον
1556 1416 1689 1486 ἡμῖν
1738 1414 1899 1467 ἐνδει-

323 1516 616 1587 κνύμενος,
656 1515 738 1568 ὃτι
763 1513 855 1567 καὶ
883 1498 1379 1582 συμμορφούμενος
1419 1508 1497 1577 τῷ
1540 1505 1758 1576 θανάτῳ
1803 1503 1899 1558 τοῦ

322 1609 585 1682 Χριστοῦ,
618 1607 771 1662 οὔπω
794 1624 848 1659 τι
877 1605 1027 1672 ἄξιον
1063 1605 1210 1657 ποιεῖ
1241 1601 1336 1655 τοῦ
1373 1599 1608 1673 σταυροῦ
1638 1598 1732 1653 τοῦ
1764 1601 1903 1669 Χρι-

324 1698 479 1764 στοῦ,
505 1698 732 1765 ὲπάγιι·
757 1698 872 1769 Οὐχ
903 1696 984 1751 ὅτι
1007 1695 1108 1767 ἥδη
1128 1694 1341 1760 ἔλαϐον,
1370 1692 1525 1763 φησὶ,
1558 1691 1619 1744 τὺ
1652 1689 1903 1762 βραϐεῖον

322 1790 415 1845 διὰ
452 1788 547 1842 τοῦ
579 1787 1056 1859 συμμορφωθῆναι
1102 1786 1181 1857 τῷ
1244 1784 1462 1853 θανάτῳ
1512 1780 1607 1835 τοῦ
1636 1778 1898 1852 Χριστοῦ,

1996 600 2202 655 morior
2225 615 2247 656 :
2282 600 2389 656 hoc
2423 608 2605 656 autem
2637 610 2719 657 est
2745 616 2844 671 pro
2868 601 3091 657 Christo
3114 601 3276 656 mori.
3315 620 3334 655 ι
3374 600 3431 658 Si
3454 617 3567 672 quo

1995 691 2157 746 modo
2208 691 2532 763 pertingam.
2576 710 2594 744 ι
2627 692 2683 747 Si
2722 707 2835 763 quo
2867 691 3052 755 modo,
3099 694 3197 747 ait.
3229 693 3393 750 Vides
3441 708 3565 748 eunt

1993 791 2121 855 post
2150 793 2299 839 tanta
2335 784 2514 841 adhuc
2555 784 2870 856 ambigere!
2907 804 2928 838 ι
2978 787 3059 839 Ad
3108 786 3567 842 resurrectionem

1997 884 2361 932 mortuorum.
2397 895 2417 929 ι
2444 877 2749 935 Gloriosam
2778 877 2925 932 illam
2956 878 3416 933 resurrectionem
3446 893 3568 949 qua

1997 969 2063 1023 ad
2098 970 2275 1039 ipsum
2307 970 2477 1034 ducit,
2505 970 2572 1025 de
2596 986 2703 1040 qua
2726 971 2853 1027 alibi
2884 971 2959 1025 ait
2992 986 3009 1025 :
3043 989 3063 1024 ι
3096 972 3155 1026 Et
3191 986 3406 1041 semper
3439 986 3563 1026 cum

1997 1061 2228 1117 Domino
2259 1061 2466 1119 erimus
2512 1064 2579 1118 “.
2624 1081 2643 1115 ι
2676 1091 2751 1107 --
2800 1082 2822 1118 ι
2862 1062 2984 1118 Νοη
3023 1065 3171 1135 quod
3214 1064 3325 1134 jam
3376 1078 3571 1134 appre-

2000 1154 2306 1211 henderint.
2353 1173 2373 1207 ι
2413 1155 2682 1222 Quoniam
2731 1157 2903 1223 dixit,
2956 1156 3093 1212 Dum
3149 1156 3453 1213 conformis
3500 1155 3570 1210 tio

1998 1246 2160 1302 morti
2213 1246 2334 1315 ejus
2381 1264 2397 1301 :
2445 1256 2562 1303 erat
2611 1256 2793 1303 autem
2847 1263 3103 1320 magnum
3142 1248 3369 1304 verbum
3411 1260 3568 1302 :non
3664 1295 3669 1300 .

1998 1345 2290 1395 contentus
2323 1346 2405 1394 est
2431 1339 2609 1395 solum
2658 1339 2882 1404 dixisse,
2924 1338 2981 1395 Si
3022 1354 3133 1411 quo
3166 1340 3330 1396 modo
3360 1340 3571 1409 pertin-

1999 1445 2121 1502 gam
2147 1430 2215 1486 ad
2242 1432 2699 1488 resurrectionem
2723 1448 2739 1485 :
2769 1432 2863 1488 sed
2894 1433 3058 1488 etiam
3086 1433 3385 1489 ostendens
3412 1432 3572 1487 nobis

2002 1520 2352 1579 manifestius
2378 1522 2523 1592 quod
2556 1523 2603 1579 is
2645 1523 2740 1593 qui
2765 1526 2929 1578 etiam
2958 1522 3263 1578 conformis
3283 1530 3366 1579 est
3408 1521 3573 1576 morti

2000 1611 2227 1676 Christi,
2256 1612 2498 1668 nondum
2522 1612 2728 1685 aliquid
2750 1613 2975 1685 dignum
3000 1613 3137 1668 facit
3158 1627 3322 1668 cruce
3342 1612 3571 1679 Christi,

2004 1704 2285 1776 subjungit
2324 1722 2340 1760 :
2374 1703 2494 1762 Non
2543 1704 2687 1775 quod
2727 1704 2842 1775 jam
2872 1702 3326 1775 apprehendean
3358 1717 3455 1759 seu
3484 1716 3575 1757 ac-

2004 1795 2263 1866 ceperim,
2305 1796 2507 1866 inquit,
2542 1795 2792 1853 bravium
2820 1810 2916 1865 per
2956 1795 3060 1852 hoc
3093 1793 3576 1867 quodconformis

325 1842 491 1955 ius“
549 1883 614 1936 ὲκ
653 1842 858 1935 ’τᾷύὲἇυ
887 1842 1095 1942 τέλειός
1148 1842 1286 1948 εἰμι.
1328 1895 1347 1928 ι
1390 1842 1585 1929 Διώκω
1621 1842 1763 1927 δὲέῑ
1803 1871 1900 1924 καὶ

2010 1842 2263 1866 -ν,,ν.-..-,
2307 1842 2507 1866 ...η-η,
2544 1842 2791 1853 -.....__.
2857 1842 2906 1851 --
2956 1842 3060 1852 --η
3094 1842 3575 1851 -π,-,-----.ν,--.-

2010 1888 2182 1945 factus
2199 1889 2301 1944 sim
2319 1889 2478 1961 morti
2493 1842 2948 1959 Christi.98raut
2966 1887 3074 1958 iam
3093 1842 3159 1943 ἐκ
3182 1887 3288 1943 hoc
3303 1885 3578 1957 perfectus

327 1972 641 2029 καταλάϐω.
684 1992 704 2024 ι
738 1972 928 2026 Διώκω
980 1970 1059 2035 δὲ,
1096 1970 1250 2040 φησὶ,
1291 1967 1354 2021 τδ
1410 1966 1681 2039 βραϐεῖον,
1712 1965 1760 2017 εί
1791 1962 1902 2032 ἄρα

328 2065 625 2120 καταλάϐω
650 2064 803 2119 αὐτό.
836 2064 981 2134 Ὅρα
1001 2063 1059 2116 δὲ
1083 2062 1262 2132 πόσην
1284 2058 1527 2131 ἔμφασιν
1555 2057 1669 2128 ἔχει
1695 2059 1722 2110 ὁ
1744 2056 1904 2123 λόγος

327 2154 424 2209 τοῦ
452 2155 664 2221 διώκω,
694 2156 811 2221 καὶ,
855 2156 903 2208 εί
958 2151 1271 2215 καταλάϐω.
1315 2150 1375 2204 '0
1399 2150 1508 2220 γὰρ
1564 2149 1777 2203 διώκων
1808 2148 1904 2201 καὶ

326 2247 646 2318 ἀμφιϐόλως
677 2246 817 2317 ἔχων
852 2247 903 2300 εί
927 2244 1037 2317 ἀρὰ
1068 2243 1376 2318 καταλάϐῃ,
1400 2242 1551 2297 οὐδὲν
1591 2241 1720 2296 ἄλλο
1771 2241 1895 2312 όρᾷ,

326 2339 483 2393 οὐδὲν
512 2338 642 2393 ἄλλο
680 2336 982 2408 λογίζεται,
1018 2335 1356 2408 ἢὲπιτυχείν
1408 2335 1502 2389 τοῦ
1540 2336 1900 2405 διωκομένου.

336 2452 356 2483 σ
378 2432 495 2502 Ἐφ’
518 2425 561 2501 ᾧ
585 2431 675 2485 καὶ
698 2429 1046 2501 κατελήφθην
1070 2429 1176 2484 ὑπὸ
1193 2428 1429 2497 Χριστοῦ
1464 2427 1661 2498 Ἰησοῦ.
1690 2447 1709 2480 ι
1739 2429 1906 2482 Τουτ-

325 2525 499 2589 ἐστιν,
531 2526 589 2578 ὲν
621 2517 667 2593 ᾧ
699 2524 987 2595 πράγματι
1009 2521 1465 2593 ὑποκατελήφθην
1502 2520 1608 2575 ὑπὸ
1640 2518 1904 2591 Χριστοῦ.

334 2615 474 2686 ’Πδη
500 2613 609 2687 γάρ
631 2633 722 2685 με,
758 2614 912 2685 φησὶ,
935 2613 1204 2684 φεύγοντα
1233 2611 1521 2677 κατέλαϐε,
1555 2610 1650 2666 καὶ
1682 2610 1908 2665 πιστεῦο

332 2726 427 2763 σαι
461 2708 780 2779 πεποίηκεν.
829 2706 948 2779 Ἐφ’
988 2700 1070 2772 οἷς
1116 2701 1210 2760 οὖν
1256 2705 1627 2777 κατελήφθην,
1654 2700 1764 2760 οἷον
1814 2705 1908 2757 ἐπὶ

328 2802 411 2873 τῷ
450 2799 710 2874 κηρῦξαι,
755 2799 850 2854 ἐπὶ
880 2799 959 2870 τῷ
993 2797 1264 2869 βαστάσαι
1314 2797 1377 2851 τδ
1409 2797 1584 2867 ὄνομα
1614 2796 1780 2850 αὐτοῦ
1809 2795 1910 2867 ἔμ-

329 2893 571 2965 προσθεν
610 2890 782 2945 ἐθνῶν
813 2890 908 2944 καὶ
936 2889 1227 2961 βασιλέων,
1255 2891 1304 2943 εἰ
1345 2888 1640 2944 καταλάϐω
1664 2884 1908 2947 τοιοῦτος

331 2982 588 3054 γενέσθαι
626 2977 738 3046 οἷος
768 2980 1092 3051 ὲπελέχθην.
1124 2981 1194 3032 Ἣ
1220 2979 1301 3043 τδ,
1343 2978 1434 3048 ἐφ’
1463 2971 1532 3045 ᾧ,
1564 2977 1750 3046 ἐπειδὴ
1773 2974 1906 3037 νόει,
1940 2998 1949 3006 -

331 3078 424 3132 ῑνα
450 3075 626 3138 οὕτως
660 3071 694 3148 ᾗ
727 3090 741 3104 ⁸
769 3073 964 3126 Διώκω
996 3072 1052 3125 δὲ
1082 3072 1131 3125 εί
1165 3070 1480 3134 καταλάϐω,
1523 3068 1714 3139 ἑπειδὴ
1751 3065 1908 3135 κάγὼ

2002 1981 2128 2037 sim.
2173 2000 2192 2034 ι
2236 1978 2343 2038 Sed
2371 1990 2553 2038 sector
2593 1982 2640 2036 si
2689 1981 2855 2037 etiam
2897 1981 3323 2050 appreheudam.
3372 1997 3393 2032 ι
3446 1977 3582 2033 Pro-

2002 2088 2205 2143 sequor
2233 2082 2440 2138 autem,
2483 2073 2683 2144 inquit,
2719 2072 2966 2129 brevium
3010 2071 3057 2128 si
3100 2069 3239 2131 forte
3269 2070 3448 2141 ipsum
3479 2085 3579 2138 ap-

2001 2166 2359 2236 prehendam.
2387 2166 2524 2221 Vide
2556 2174 2737 2220 autem
2765 2172 3028 2235 quantam
3060 2162 3251 2219 habeat
3279 2160 3576 2231 emphasim

2003 2255 2150 2326 quod
2181 2256 2256 2310 ait
2294 2254 2498 2323 διώκω,
2549 2254 2604 2309 id
2629 2263 2733 2321 est,
2771 2262 2957 2310 sector
2988 2252 3104 2307 sive
3137 2266 3464 2322 prosequor,
3511 2257 3570 2305 ct

2006 2348 2063 2404 Si
2085 2347 2510 2418 apprehendam.
2543 2346 2645 2413 Qui
2666 2346 2811 2400 enim
2829 2352 3094 2411 sectatur,
3126 2358 3248 2397 cum
3277 2352 3458 2399 tamen
3492 2341 3578 2395 iu-

2005 2448 2186 2497 certus
2243 2440 2318 2496 sit
2373 2447 2687 2496 utrumnam
2739 2436 3238 2507 comprehensurus
3286 2436 3382 2501 sit,
3437 2434 3576 2489 nihil

2007 2532 2152 2587 aliud
2194 2531 2456 2599 intuetur,
2499 2530 2635 2585 nihil
2678 2529 2826 2584 aliud
2862 2529 3092 2599 cogitat,
3133 2527 3241 2588 nisi
3272 2528 3492 2594 assequi
3526 2525 3581 2581 id

2006 2622 2149 2693 quod
2183 2631 2442 2678 sectatur.
2476 2639 2496 2674 ι
2532 2621 2593 2701 In
2621 2621 2708 2676 bis
2731 2620 2804 2675 oh
2832 2634 2954 2690 quae
2981 2626 3036 2674 et
3059 2618 3438 2689 apprehensus
3460 2631 3580 2670 sum

2009 2727 2038 2766 a
2092 2711 2312 2768 Christo
2353 2710 2503 2768 Jesu.
2550 2728 2570 2762 ι
2626 2708 2742 2764 Hoc
2788 2717 2874 2764 est
2919 2708 2977 2763 in
3032 2722 3094 2763 ea
3140 2722 3200 2763 re
3235 2721 3343 2777 qua
3387 2719 3566 2776 appro

2010 2804 2214 2862 hensus
2244 2818 2365 2859 sum
2400 2817 2432 2857 a
2475 2802 2698 2857 Christo
2744 2818 2758 2854 :
2791 2800 2905 2871 jam
2951 2801 3097 2856 enim
3154 2798 3453 2869 fugientem
3499 2812 3586 2850 me

2009 2895 2451 2967 comprehendit,
2486 2902 2541 2950 ct
2596 2893 2729 2949 fecit
2781 2900 2843 2949 ut
2879 2892 3183 2950 crederem.
3224 2890 3284 2944 in
3324 2889 3412 2944 his
3453 2903 3586 2960 ergo

2010 2992 2081 3045 ob
2101 3003 2223 3060 quae
2251 2987 2628 3059 apprehensus
2656 3000 2805 3051 sum,
2836 2999 3034 3055 nempe
3061 2982 3129 3038 ad
3177 2979 3582 3053 praedicandum

2011 3087 2066 3136 et
2098 3079 2420 3153 gestandum
2462 3092 2659 3134 nomen
2693 3075 2816 3145 eius
2854 3090 3039 3131 coram
3067 3073 3323 3144 gentibus
3345 3080 3400 3126 et
3438 3069 3586 3139 regi-

332 3167 675 3240 κατελήφθη,
704 3164 929 3236 ὀφειλὴν
955 3164 1015 3216 τὺ
1033 3164 1265 3233 πρᾶγμα
1284 3161 1478 3231 λέγων.
1507 3179 1526 3212 ι
1567 3157 1708 3228 Ἐγὼ
1737 3160 1907 3229 ὲμαυ-

2010 3174 2134 3236 bus,
2177 3186 2278 3245 ego
2302 3185 2466 3227 curro
2491 3166 2536 3226 si
2577 3185 2687 3240 quo
2723 3169 2885 3224 modo
2917 3164 3325 3238 apprehendam
3363 3171 3424 3218 ut
3461 3161 3588 3216 talis

330 3263 449 3317 τόν.
498 3280 518 3313 ι
553 3260 706 3330 ’Δμα
744 3257 833 3311 διὰ
857 3255 952 3310 τοῦ
982 3254 1107 3308 καθ’
1147 3253 1338 3308 ἑαυτὸν
1373 3252 1769 3321 ὑποδείγματος
1804 3249 1907 3303 κά·

333 3353 549 3415 κείνους
572 3350 839 3405 διδάσκων
868 3347 1306 3419 μετριοφρονεϊν,
1341 3346 1434 3398 καὶ
1483 3344 1556 3415 μὴ
1583 3342 1910 3412 φυσιοῦσθαι

330 3445 409 3510 ὡς
437 3442 853 3513 κατειληφότας.
897 3457 915 3490 ι
949 3437 1115 3492 Οῠπω
1151 3436 1463 3507 λογίζομαι.
1502 3455 1521 3488 ι
1551 3435 1640 3499 Ὦς
1667 3436 1758 3487 ἐπὶ
1791 3434 1912 3501 δρο-

334 3539 484 3607 μέως
505 3537 579 3590 τά
602 3535 781 3589 πάντα
805 3532 977 3601 λέγει.
1007 3531 1072 3585 Τί
1104 3529 1160 3583 δὲ
1185 3530 1246 3583 οὐ
1272 3526 1466 3602 λογίζῃ
1492 3527 1907 3601 κατειληφέναι;

328 3631 425 3685 τὸν
456 3627 681 3692 σκοπὸν,
715 3625 901 3695 φησὶν,
930 3625 1014 3694 ἐφ’
1047 3614 1093 3692 ᾧ
1143 3621 1510 3693 ἀπέσταλμαι,
1543 3621 1604 3675 τὸ
1635 3619 1908 3691 βραϐεῖον,

331 3723 396 3775 τὸ
433 3715 572 3774 εἶναι
600 3716 748 3782 ἄξιος
780 3716 882 3786 τῆς
915 3714 1242 3782 ἀποστολῆς.
1270 3714 1329 3767 Εἰ
1347 3712 1404 3767 δὲ
1429 3712 1635 3777 Παῦλος
1659 3714 1687 3766 ό
1725 3711 1915 3767 τοσοῦ-

331 3827 427 3874 τος
459 3810 535 3880 μὴ
574 3807 893 3878 κατείληφε,
920 3805 971 3859 τί
989 3807 1148 3877 ἡμεῖς
1174 3804 1438 3875 ὲροῦμεν;
1467 3804 1593 3869 Πῶς
1620 3804 1712 3858 οῦν
1746 3806 1913 3857 ἀλλα-

334 3901 432 3974 χοῦ
472 3919 629 3971 φησι,
669 3919 687 3953 ι
723 3900 826 3954 Τὸν
849 3898 1036 3968 ἀγῶνα
1066 3896 1402 3969 ἠγώνισμαι,
1436 3896 1531 3952 καὶ
1580 3898 1671 3951 τὸν
1712 3898 1913 3969 δρόμον

332 3996 628 4061 τετέλεκα;
661 4012 679 4045 ι
718 3991 937 4063 Ἐπειδὴ
961 3992 1097 4061 πρὸς
1125 3992 1193 4063 τῇ
1231 3989 1488 4044 άναλύσει
1512 3984 1580 4060 ἦν
1599 3989 1742 4043 τότε.
1781 3990 1912 4042 «Ἐν

334 4090 414 4144 δέ.
452 4107 472 4140 ι
504 4088 601 4141 Ἓν
630 4086 687 4139 δὲ
742 4084 904 4148 ποιῶ,
937 4082 1093 4154 φησὶ,
1151 4082 1246 4136 καὶ
1284 4080 1403 4145 ἑνὸς
1436 4081 1663 4151 γίνομαι
1724 4080 1910 4151 μόνου.

335 4182 432 4245 Τδ,
474 4181 569 4235 Ἐν
597 4180 676 4243 δὲ,
706 4177 741 4250 ἦ
771 4178 892 4232 κατ’
936 4175 1178 4246 ἔλλειψιν
1206 4175 1467 4246 εἰρῆσθαι
1507 4172 1813 4244 νομιστέον,
1837 4173 1913 4237 ώς

333 4274 387 4325 οἱ
416 4271 522 4341 πρὸ
546 4268 703 4341 ἡμῶν
731 4267 1068 4338 ὲξειλήφασι.
1096 4265 1208 4320 Καὶ
1229 4266 1338 4336 γάρ
1370 4266 1467 4320 καὶ
1490 4267 1548 4318 ὲν
1576 4264 1752 4335 τούτῳ
1777 4266 1913 4338 σχή-

340 4379 473 4433 ματι
504 4360 810 4425 πλεονάζει,
844 4360 934 4414 ἶνα
962 4358 1149 4430 λείπῃ,
1196 4357 1253 4414 ἓν
1287 4357 1343 4411 δὲ
1397 4356 1693 4428 φροντίζω,
1724 4355 1783 4409 ἓν
1811 4373 1913 4426 με-

335 4454 478 4507 λετῶ
531 4453 627 4507 καὶ
661 4450 1029 4523 διαμεριμνῶ.
1089 4451 1157 4517 Τί¹
1200 4451 1391 4515 τοῦτο;
1450 4448 1518 4504 τὰ
1553 4450 1652 4519 μὲν
1713 4449 1910 4511 ὀπίσω,

336 4544 496 4616 φησὶ,
524 4544 620 4598 καὶ
651 4543 797 4614 ἑξῆς.
828 4544 900 4595 Ἦ
957 4537 1050 4595 οὖν
1085 4540 1256 4604 οὕτως
1294 4540 1616 4612 ὲκληπτὲον.
1648 4540 1680 4611 ἢ
1742 4539 1914 4611 ἑτέρῳ

340 4634 541 4707 μᾶλλον
568 4633 897 4687 ὑποπίπτειν
943 4632 1183 4703 σχήματι
1226 4629 1304 4701 τῷ
1331 4629 1439 4684 άπδ
1470 4629 1675 4683 κοινοῦ.
1744 4629 1916 4692 Πολὺς

334 4729 447 4798 γάρ
480 4727 598 4780 ἐστι
648 4726 741 4780 καὶ
781 4727 838 4780 ὲν
866 4722 1044 4796 τούτῳ
1066 4725 1112 4797 ,ό
1142 4723 1285 4786 θεῖος
1345 4723 1578 4788 Παῦλος,
1614 4722 1730 4776 Ἵνα
1834 4721 1915 4783 τὸ,

335 4818 624 4890 λογίζομαι
660 4817 1048 4888 κατειληφέναι
1075 4815 1183 4869 άπὸ
1207 4814 1413 4868 κοινοῦ.
1437 4809 1562 4868 Οἷον
1591 4812 1743 4867 οὐδὲν
1767 4812 1915 4881 λογί-

338 4914 505 4982 ζομαι
558 4909 967 4979 κατειληφέναι,
1021 4906 1202 4977 ἀλλ’ἢ
1255 4904 1335 4960 ἓν.
1393 4906 1552 4958 Ποῖον
1600 4904 1657 4957 δέ
1711 4890 1916 4958 ἐστινὸ

335 5005 627 5073 λογίζομαι
656 4998 1078 5069 κατειληφέναι;
1102 4999 1186 5051 ὅτι
1217 4998 1282 5051 τὰ
1303 4997 1402 5069 μὲν
1424 4998 1599 5051 ὀπίσω
1620 4995 1914 5051 ἐπιλανθα-

337 5097 587 5165 νόμενος,
629 5095 742 5157 τοῖς
773 5092 828 5146 δὲ
886 5090 1198 5163 ἔμπροσθεν
1245 5091 1720 5160 ἐπεκτεινόμενος,
1776 5089 1919 5143 κατᾶ

339 5185 542 5240 σκοπὸν
594 5184 795 5247 διώκω,
825 5182 917 5237 καὶ
946 5182 1095 5251 ἑξῆς.
1125 5179 1274 5233 Ἐδει
1314 5179 1424 5251 γὰρ
1478 5179 1641 5233 αὐτὸν
1663 5179 1917 5251 κατειλη-

339 5278 520 5347 φέναι,
563 5277 646 5330 δτι
673 5275 813 5329 κατά
850 5273 1050 5328 σκοπὸν
1078 5270 1288 5338 διώκει,
1333 5272 1430 5325 καὶ
1463 5272 1563 5325 οὐκ
1593 5270 1742 5326 ἐστιν
1767 5271 1917 5342 αὐτῷ

341 5370 571 5444 μάταιος
596 5371 624 5422 ὁ
653 5368 872 5439 δρόμος.
907 5367 997 5419 Διὸ
1027 5365 1124 5418 καὶ
1162 5364 1394 5435 ἀλλαχοῦ
1424 5381 1590 5436 φησιν
1618 5380 1631 5394 ⁸
1678 5383 1695 5416 ι
1727 5363 1915 5428 Οὕτως

336 5464 542 5536 τρέχω,
591 5462 665 5525 ώς
703 5461 802 5515 οὒκ
854 5459 1086 5530 ἀδήλως,
1133 5456 1304 5521 οὕτως
1358 5457 1635 5523 πυκτεύω,
1685 5457 1761 5522 ὡς
1812 5458 1915 5511 οὐκ

339 5554 482 5628 άέρα
509 5554 702 5625 δέρων,
755 5570 774 5604 ›
830 5552 939 5605 Καὶ
969 5550 1169 5614 πάλινο
1214 5568 1233 5602 ι
1297 5548 1485 5613 Οὕτως
1528 5549 1772 5621 τρέχετε,
1827 5550 1913 5604 ἴνα

338 5645 714 5717 καταλάϐητεδ
740 5663 759 5697 ι
797 5673 865 5684 -
900 5661 919 5695 ι
967 5641 1048 5696 Τὰ
1107 5642 1206 5712 μὲν
1263 5640 1459 5709 ὀπίσω,
1487 5641 1917 5715 ἐπιλανθανόμε·

449 5832 495 5865 ¹¹
528 5830 543 5884 1
575 5830 769 5888 Thess.
806 5847 879 5896 tv,
923 5829 1009 5885 16.
1087 5828 1132 5859 ⁸⁸
1159 5827 1199 5883 ll
1234 5826 1374 5883 Tim.
1427 5840 1500 5892 tr,
1550 5824 1608 5881 7.

2015 3266 2218 3324 eﬂiciar
2258 3265 2461 3336 qualis,
2509 3270 2571 3318 ut
2619 3262 2804 3319 fierem
2839 3260 3049 3317 eiectus
3090 3273 3233 3313 sum.
3265 3255 3375 3311 Aut
3423 3254 3508 3321 ἐφ’
3544 3246 3588 3322 ιῖι

2018 3355 2263 3424 intellige
2308 3366 2410 3424 pro
2453 3349 2909 3421 Quandoquidem
2935 3387 2952 3413 ,
3005 3354 3065 3401 ut
3099 3345 3190 3400 hic
3239 3344 3309 3398 sit
3339 3356 3537 3398 sensus
3572 3357 3589 3386 θ

2018 3447 2125 3504 Sed
2156 3455 2337 3502 sector
2375 3445 2422 3501 si
2468 3443 2894 3514 apprehendam,
2925 3435 3363 3509 quandoquidem
3394 3447 3591 3504 apprc-

2016 3537 2222 3595 bcnsus
2260 3551 2405 3599 sum,
2438 3533 2627 3590 dicens
2654 3548 2766 3588 rem
2802 3545 2923 3604 ηοω
2955 3530 3009 3584 in
3042 3527 3229 3583 debito
3259 3531 3364 3581 est.
3415 3542 3434 3576 ι
3476 3521 3592 3591 Ego

2016 3629 2310 3700 meipsum.
2341 3646 2361 3680 ι
2397 3625 2572 3681 Simul
2599 3640 2695 3696 per
2730 3622 3042 3692 exemplum
3090 3617 3236 3689 quod
3269 3616 3420 3672 circa
3478 3612 3594 3669 sei-

2018 3734 2175 3791 psum
2206 3725 2345 3779 erat.
2402 3715 2564 3772 docet
2606 3714 2773 3768 etiam
2822 3712 2949 3768 illos
2991 3710 3237 3765 modeste
3282 3706 3351 3762 de
3395 3705 3595 3775 seipsis

2019 3809 2246 3872 sentire,
2288 3814 2344 3862 et
2381 3822 2490 3860 non
2539 3805 2910 3859 intumescere
2944 3799 3101 3869 quasi
3131 3799 3246 3868 jam
3291 3795 3596 3866 apprehen-

2018 3899 2248 3953 dissent.
2278 3913 2296 3945 ι
2332 3892 2585 3947 Nondum
2615 3890 2879 3945 arbitror.
2916 3905 2936 3938 ι
2971 3883 3256 3954 Tanquam
3279 3882 3345 3937 de
3368 3894 3596 3937 cursore

2019 3992 2199 4047 omnia
2235 3989 2498 4059 quuitur.
2531 3984 2673 4053 Quid
2708 3991 2794 4040 est
2820 3989 3001 4037 autem
3036 3980 3182 4051 quod
3216 3991 3325 4033 non
3351 3975 3593 4029 arbitra-

2020 4084 2098 4141 ris
2128 4092 2180 4140 te
2226 4087 2539 4138 assecutum
2583 4077 2744 4133 esse?
2788 4074 3051 4144 Scopum,
3101 4069 3301 4140 inquit,
3341 4067 3597 4124 bravium

2022 4189 2219 4248 proper
2261 4171 2405 4243 quod
2434 4170 2637 4225 missus
2667 4183 2788 4224 sum
2822 4174 2882 4220 ut
2919 4166 3118 4236 dignus
3148 4176 3327 4218 essem
3363 4167 3590 4230 aposto-

2021 4268 2154 4322 latu.
2180 4264 2353 4319 Porro
2385 4263 2430 4318 si
2458 4260 2684 4326 Paulus,
2710 4272 2834 4313 cum
2864 4264 3053 4312 tantus
3076 4259 3242 4320 esset,
3271 4266 3380 4306 non
3404 4263 3595 4320 appre-

2021 4355 2235 4419 hendit,
2269 4351 2400 4421 quid
2429 4366 2530 4407 nos
2550 4348 2837 4406 dicemus?
2861 4344 3146 4413 Quomodo
3167 4357 3299 4415 ergo
3324 4339 3452 4396 alibi
3477 4340 3551 4394 ait
3577 4356 3591 4393 :

2027 4468 2047 4504 ι
2093 4449 2382 4505 Certamen
2414 4442 2720 4506 decertavi,
2748 4454 2976 4496 cursum
3023 4434 3399 4494 consummavi
3441 4433 3521 4488 ³³⁸3
3571 4450 3592 4485 ι

1950 4521 1990 4575 D
2020 4540 2289 4608 Quoniam
2322 4546 2456 4592 tunc
2488 4532 2814 4590 resolutioni
2850 4528 3134 4601 proximus
3168 4535 3307 4582 erat.
3347 4545 3366 4579 ι
3414 4523 3597 4579 Unum

2025 4638 2227 4685 autem.
2268 4647 2287 4681 ι
2327 4626 2504 4682 Unum
2531 4633 2713 4679 autem
2746 4637 2872 4694 ago,
2905 4620 3106 4690 inquit,
3137 4628 3193 4674 et
3230 4617 3285 4674 in
3318 4631 3428 4672 uno
3454 4617 3598 4669 dun-

2025 4731 2174 4779 taxat
2217 4729 2364 4776 totus
2396 4733 2540 4776 sum.
2573 4714 2731 4784 Quod
2763 4713 2839 4768 ait
2866 4731 2879 4768 :
2914 4712 3088 4769 Unum
3121 4720 3325 4772 autem,
3369 4716 3462 4764 aut
3501 4723 3598 4778 per

2022 4814 2294 4870 defectum
2344 4808 2722 4882 accipiendum
2759 4813 2865 4871 est,
2922 4802 3097 4859 veluti
3154 4800 3393 4869 majores
3420 4796 3597 4851 nostri

2006 4910 2371 4977 acceperunt.
2402 4903 2536 4958 Nam
2567 4912 2622 4958 et
2654 4900 2711 4955 in
2740 4899 2846 4954 hoc
2897 4897 3177 4954 schemate
3205 4892 3462 4962 frequens
3493 4896 3596 4952 est,

2026 5012 2084 5057 ut
2115 5000 2257 5056 desit
2286 4997 2452 5061 Curo,
2495 4993 2767 5071 sollicitus
2809 5005 2954 5055 sum,
2985 4987 3144 5041 anxie
3191 4984 3395 5056 cogito.
3431 4979 3603 5047 Quid-

2026 5111 2151 5151 nam
2200 5090 2337 5148 illud
2387 5088 2509 5146 est?
2538 5087 2611 5143 Ea
2645 5083 2866 5157 quidem
2900 5095 3021 5152 quae
3063 5093 3093 5133 a
3130 5084 3282 5148 tergo
3305 5083 3453 5137 sunt,
3488 5080 3597 5125 etc.

2023 5188 2132 5243 Aut
2172 5186 2275 5241 hoc
2306 5197 2437 5254 ergo
2482 5179 2645 5236 modo
2682 5173 3062 5247 accipiendum
3098 5180 3184 5228 est
3221 5186 3236 5222 :
3273 5176 3366 5224 aut
3414 5165 3598 5236 potius

2025 5281 2202 5343 aliter,
2230 5285 2292 5332 ut
2324 5275 2509 5346 figura
2539 5270 2870 5342 subjiciatur
2896 5280 3019 5338 qua:
3043 5262 3346 5334 appellatur
3372 5258 3415 5311 Α
3446 5270 3598 5311 com-

2025 5371 2176 5429 muni
2208 5384 2370 5426 scnsu
2423 5364 2689 5435 acceptio.
2725 5362 2860 5417 Nam
2909 5358 3044 5414 etin
3076 5358 3178 5412 hac
3208 5354 3463 5421 frequens
3510 5358 3597 5403 est

2021 5466 2181 5522 divus
2211 5461 2412 5517 Paulus
2466 5478 2480 5515 :
2510 5466 2569 5512 ut
2616 5471 2646 5510 a
2673 5453 2954 5511 communi
2990 5465 3156 5507 sensu
3196 5452 3448 5501 sumatur
3481 5441 3594 5506 hic,

2019 5557 2270 5614 Arbitror
2320 5567 2409 5609 me
2467 5554 2780 5607 assecutum
2836 5558 2980 5601 esse.
3029 5537 3172 5594 Nihil
3227 5549 3314 5590 me
3359 5532 3596 5587 arbitror

2021 5652 2333 5704 assecutum
2369 5656 2490 5698 esse
2534 5646 2729 5711 prater
2767 5647 2931 5706 quam
2975 5641 3165 5684 unum.
3196 5620 3479 5692 Quodnam
3512 5627 3596 5679 est
