4000 6554
452 387 588 453 1307
1505 387 1905 448 (ECUMENII
1945 387 2241 448 TRlCC.E
2273 387 2616 448 EPISCOPI
3586 391 3720 456 ωδ

443 513 627 558 autem
673 502 818 574 quod
869 518 956 557 me
1000 509 1318 557 assecutum
1369 515 1492 556 esse
1546 501 1845 556 existimo?
1887 501 2030 572 quod

2152 520 2247 566 ιος.
2287 521 2306 554 s
2345 501 2520 556 Τοῦτο
2549 501 2660 573 7&9
2693 501 2858 556 αὒτδν
2887 503 3063 557 ἐποίει
3121 504 3234 568 τοῖς
3279 504 3597 578 ἔμπροσθεν
3628 509 3725 560 ἐπ-

440 612 505 652 ο.ι
552 611 682 667 qum
719 612 748 650 a
793 604 945 668 tergo
1003 602 1133 651 sunt
1175 593 1543 661 obliviscens,
1589 594 1656 648 ad
1711 609 1774 650 ea
1827 609 1949 663 quae
2005 610 2033 649 a

2152 593 2506 667 ικτείνεσθαι,
2538 595 2600 648 τὸ
2615 594 2728 650 τῶν
2755 594 2981 650 ὄπισθεν
3007 595 3466 652 ἐπιλανθάνεσθαι
3521 615 3722 668 κατορ-

441 688 622 744 fronte
693 697 822 743 sunt
879 687 1168 753 cstendor,
1235 691 1390 757 iusta
1454 686 1737 759 pransum
1806 688 2023 759 signum
2136 687 2432 757 θωμάτων.

442 779 729 848 insequor,
775 786 884 834 etc.
919 777 1219 848 Oportebat
1265 779 1410 833 enim
1474 779 1651 848 ipsum
1707 778 2199 850 comprehendisse
2269 777 2415 849 quod
2477 778 2636 849 juxta
2693 779 2977 852 praefixum
3029 780 3247 851 signum
3310 783 3725 853 insequeretur,

442 891 512 929 ne
535 888 709 929 vanus
755 881 905 929 esset
943 872 994 928 ei
1035 888 1254 928 cursus.
1308 872 1432 927 Ideo
1483 887 1706 943 quoque
1754 874 1882 928 alibi
1941 874 2018 927 ait
2065 889 2078 927 :
2133 871 2246 943 99
2292 891 2309 924 ι
2347 871 2441 928 Sic
2473 887 2661 939 curro,
2702 881 2763 928 ut
2798 889 2908 930 non
2939 874 2994 929 in
3027 875 3339 930 incertum:
3375 876 3456 932 sic
3488 879 3727 950 pugilem

441 981 564 1035 ago,
605 981 714 1020 non
763 966 912 1021 velut
952 980 1134 1020 aerem
1175 964 1376 1020 feriens
1432 966 1497 1020 “.
1549 984 1567 1018 ι
1623 965 2020 1036 Rursumque:
2070 982 2087 1016 s
2131 964 2222 1020 Sic
2251 964 2478 1027 currite,
2515 973 2574 1020 ut
2604 967 3082 1037 comprehendatis
3112 970 3178 1024 ".
3213 987 3231 1020 ι
3266 999 3338 1008 -
3410 987 3430 1022 ι
3465 968 3543 1024 Ea
3606 973 3730 1042 qui-

442 1057 565 1113 dem
615 1071 739 1127 quae
799 1072 830 1111 a
879 1065 1031 1127 tergo
1093 1066 1222 1113 sunt
1279 1057 1640 1114 obliviscens.
1693 1077 1711 1108 ι
1775 1057 1908 1112 Nam
1974 1057 2025 1111 id
2067 1072 2192 1112 eum
2242 1056 2478 1114 faciebat
2519 1057 2588 1112 ad
2665 1075 2730 1116 ea
2801 1075 2926 1132 quae
2963 1076 2995 1116 ει
3043 1061 3223 1117 fronte
3271 1073 3432 1117 erant
3469 1064 3629 1129 eniti,
3683 1066 3730 1120 si

441 1151 876 1209 obliviscebatur
908 1151 1254 1220 egregiorum
1305 1149 1610 1206 facinorum
1647 1166 1769 1221 quae
1811 1165 1841 1204 ε
1880 1160 2028 1221 tergo
2066 1159 2242 1205 erant.

518 1242 610 1295 Ait
649 1248 830 1296 autem
875 1258 888 1294 :
928 1241 1008 1295 Ad
1055 1256 1119 1294 ea
1160 1256 1281 1311 quae
1312 1256 1342 1296 a
1375 1241 1553 1298 fronte
1585 1251 1713 1298 sunt
1758 1241 1924 1298 veluti
1964 1241 2031 1296 ad

447 1335 749 1405 repositum
782 1334 1050 1388 brevium.
1081 1333 1309 1406 Semper
1347 1335 1491 1390 enim
1538 1344 1667 1390 ante
1694 1351 1800 1399 me,
1832 1335 2031 1405 inquit,

447 1431 580 1485 illud
623 1429 949 1486 existimans
991 1437 1041 1484 et
1097 1430 1256 1499 longe
1300 1444 1328 1483 a
1375 1444 1463 1485 me
1486 1429 1699 1494 abesse,
1747 1444 1910 1484 curro
1963 1429 2031 1484 ad

445 1525 650 1594 ipsum.
685 1541 704 1574 ι
737 1522 819 1576 Ad
848 1537 911 1578 ea
935 1538 1058 1592 quae
1093 1537 1120 1574 a
1155 1521 1332 1577 fronte
1354 1530 1484 1576 sunt
1511 1522 1791 1577 estendor.
1831 1541 1849 1573 ι
1887 1522 2033 1576 Con-

447 1614 661 1668 tinuum
709 1627 934 1667 cursum
987 1613 1258 1681 significat
1301 1612 1469 1668 dictio
1511 1611 1824 1679 Extendor,
1877 1627 1940 1667 ac
1986 1613 2031 1668 si

447 1708 685 1762 dixisset
728 1726 742 1762 :
779 1705 974 1762 Adhuc
1006 1706 1060 1761 in
1094 1720 1256 1760 cursu
1310 1721 1455 1772 sum,
1493 1715 1753 1776 tanquam
1795 1706 2035 1761 distante

2215 1247 2566 1320 Ἐμπροσθεν
2590 1248 2667 1317 δέ,
2702 1263 2890 1319 φησιν,
2942 1246 3019 1310 ὡς
3045 1245 3181 1314 πρὸς
3231 1244 3290 1298 τὸ
3358 1246 3734 1317 ἀποκείμενον

2143 1339 2419 1411 βραϐεῖον.
2487 1341 2602 1395 Ἀεὶ
2658 1340 2768 1410 7&9
2827 1337 3140 1410 ἔμπροσθέν
3197 1355 3300 1408 μου
3332 1339 3579 1408 νομίζων
3600 1341 3734 1391 αὐτῦ

2141 1431 2234 1484 καὶ
2267 1429 2402 1485 πολὺ
2432 1432 2450 1502 ί
2463 1449 2566 1503 μου
2621 1432 2849 1502 ἀπέχον,
2894 1430 3074 1500 τρέχω
3107 1429 3195 1482 ἐπ’
3245 1429 3378 1483 αὐτό
3416 1446 3433 1461 ·
3474 1448 3492 1481 ι
3520 1431 3648 1492 Τοῖς
3679 1431 3734 1484 δὲ

2141 1523 2452 1593 ἔμπροσθεν
2513 1523 2987 1593 ἐπεκτεινόμενος.
3018 1540 3038 1572 s
3107 1521 3216 1574 Τὸν
3264 1522 3536 1592 σύντομον
3583 1522 3737 1592 δηλοῖ

2142 1612 2344 1684 δρόμον
2374 1613 2457 1680 τὸ,
2487 1613 2960 1684 ἐπεκτεινόμενος,
3004 1610 3138 1665 ὡσεὶ
3170 1607 3346 1666 εἶπεν·
3379 1614 3504 1667 Ἔτι
3538 1613 3734 1683 ἔχομαι

2141 1707 2235 1761 τοῦ
2297 1706 2522 1778 δρόμου,
2552 1705 2627 1770 ὡς
2663 1704 2978 1776 ἔμπροσθεν
3008 1706 3102 1759 καὶ
3136 1705 3271 1759 πολὺ
3303 1706 3613 1776 ἀπέχοντος
3641 1707 3735 1759 τοῦ

450 1801 610 1868 longe
637 1798 848 1854 bravio.
885 1797 979 1854 Ille
1007 1797 1276 1868 siquidem
1301 1799 1640 1863 extenditur,
1673 1799 1765 1868 qui
1801 1798 2034 1870 pedibus

2152 1798 2423 1869 βραϐεῖον.
2483 1799 2721 1862 Ἐκεῖνος
2769 1797 2877 1868 γὰρ
2942 1798 3336 1860 ἐπεκτείνεται,
3387 1800 3571 1865 ὅστις,
3632 1801 3739 1852 καὶ

446 1893 751 1948 etiamnum
802 1891 1179 1956 currentibus,
1218 1891 1329 1960 jam
1375 1905 1606 1961 corpore
1646 1891 1920 1960 prominet
1965 1891 2033 1946 ad

2152 1890 2248 1944 τῶν
2293 1890 2471 1944 ποδῶν
2513 1892 2838 1962 τρεχόντων,
2863 1893 2926 1946 τὸ
2968 1891 3154 1945 λοιπὸν
3213 1891 3537 1945 ἐπινένευκε
3574 1891 3735 1959 σῶμα

449 1999 703 2055 scopum,
731 1995 783 2039 et
814 1985 978 2054 pedes
1010 1984 1182 2040 ferme
1223 1985 1516 2041 antevertit
1551 1983 1912 2040 inclinatione
1949 1998 2035 2040 re-

2152 1985 2277 2056 πρὸς
2329 1986 2420 2038 τὸν
2483 1985 2708 2049 σκοπὸν,
2739 1986 2836 2039 καὶ
2873 1983 3073 2056 μικροῦ
3107 1983 3232 2046 τοὺς
3272 1984 3442 2046 πόδας
3477 1982 3734 2054 προλαμ-

450 2076 583 2145 liqui
619 2077 888 2147 corporis.
933 2075 1048 2132 Hoc
1079 2087 1257 2132 autem
1282 2093 1348 2132 ex
1389 2092 1586 2149 magna
1633 2079 1799 2132 animi
1849 2093 2035 2148 prom-

2152 2078 2321 2132 Βάνων
2354 2079 2414 2131 ἐν
2451 2080 2516 2150 τῇ
2551 2077 2822 2131 ἐπικλίσει
2882 2076 2976 2132 τοῦ
3004 2075 3195 2130 λοιποῦ
3241 2075 3521 2146 σώματος.
3561 2074 3734 2128 Τοῦτο

450 2167 721 2238 ptitudiue
779 2177 833 2222 et
886 2167 1100 2224 fervore
1143 2171 1413 2240 provenit.
1473 2190 1491 2222 ι
1541 2169 1699 2225 Juxta
1753 2171 2034 2241 prmﬁxnm

2152 2171 2194 2225 5ἐ
2229 2171 2338 2226 ἀπὸ
2384 2169 2588 2241 πολλῆς
2633 2170 2843 2240 γίνεται
2894 2169 3204 2241 προθυμίας
3234 2169 3328 2224 xui.
3357 2167 3727 2240 θερμότητος.

451 2263 666 2332 signum
701 2260 982 2332 insequor.
1025 2280 1044 2314 ι
1083 2261 1238 2328 Quod
1282 2271 1365 2317 est
1411 2270 1594 2317 autem
1631 2261 1806 2332 ipsius
1838 2277 2037 2318 cursus

2152 2283 2166 2317 t
2196 2264 2351 2319 Κατᾶ
2418 2263 2619 2318 σκοπὸν
2685 2263 2891 2318 διώκω.
2922 2283 2940 2315 ι
2975 2263 3073 2327 Τίς
3097 2261 3154 2317 δὲ
3183 2261 3281 2316 τοῦ
3326 2262 3531 2333 δρόμου
3567 2261 3730 2315 αὐτοῦ

451 2354 732 2424 praefixum
768 2355 1025 2425 signum?
1055 2353 1304 2426 Regnum
1353 2355 1645 2421 caelorum,
1677 2355 1823 2425 quod
1870 2356 2034 2410 etiam

2152 2357 2378 2422 σκοπός;
2408 2355 2472 2408 Ἦ
2509 2355 2756 2427 βασιλεία
2794 2355 2902 2408 τῶν
2944 2354 3214 2426 οὐρανῶν,
3247 2355 3315 2424 ἢν
3341 2355 3436 2407 καὶ
3473 2351 3733 2424 βραϐεῖον

451 2445 700 2500 bravium
737 2461 835 2501 seu
879 2447 1116 2516 palmam
1166 2455 1352 2502 vocat.
1385 2445 1641 2518 Seipsum
1675 2448 1820 2503 enim
1867 2447 2038 2502 inter-

451 2546 698 2608 pretans,
734 2537 890 2604 Quod
916 2547 1022 2603 est,
1059 2540 1158 2604 ait,
1191 2539 1476 2608 praefixum
1514 2541 1731 2612 signum
1766 2541 1881 2595 sive
1913 2555 2038 2595 sco-

452 2629 595 2698 pus?
619 2628 766 2698 ipsa,
796 2629 993 2699 inquit,
1021 2631 1201 2701 palma
1227 2645 1479 2701 supernae
1499 2630 1825 2687 vocationis.
1877 2651 1895 2683 ι
1938 2632 2038 2687 Ρει·

449 2720 730 2775 Christum
779 2720 984 2777 Jesum.
1048 2742 1067 2775 ι
1125 2721 1322 2779 Omnia
1369 2723 1592 2779 Christo
1634 2724 1906 2779 attribuit.
1951 2725 2037 2781 Si-

451 2813 674 2882 quidem
701 2830 800 2885 per
828 2815 1136 2882 Christum,
1169 2817 1266 2884 ait,
1291 2833 1478 2873 curro.
1508 2818 1644 2872 Nam
1677 2818 1796 2874 sine
1817 2817 2037 2875 Christo

453 2905 738 2976 ipsiusque
781 2909 984 2963 auxilio
1019 2923 1127 2962 non
1169 2907 1396 2964 daretur
1430 2911 1575 2964 hunc
1612 2910 1876 2980 perlicere
1908 2926 2038 2966 cur-

453 3014 599 3066 sum,
628 3001 792 3054 etiam
826 3001 871 3057 si
907 3001 1193 3056 vellemus.

522 3088 614 3152 Ill.
661 3090 747 3155 l5,
783 3091 869 3158 16,
915 3091 1184 3162 Quotquot
1223 3093 1404 3162 itaque
1439 3094 1659 3164 perfecti
1703 3110 1910 3159 sumus,
1942 3095 2039 3150 hoc

2142 2448 2316 2501 καλεῖ.
2385 2445 2810 2518 Ἐφερμηνεύων
2871 2445 2979 2516 7&9
3039 2445 3230 2498 ἐαυτόν
3261 2461 3422 2515 φησι.
3476 2445 3579 2507 Τίς
3617 2443 3672 2497 δέ
3705 2447 3732 2496 ὀ

2144 2540 2384 2608 σκοπός;
2417 2539 2494 2592 Τὸ
2532 2537 2804 2609 βραϐεῖον,
2825 2538 2980 2608 φησὶ,
3010 2537 3112 2606 τῆς
3140 2536 3252 2590 ἀνω
3275 2536 3548 2607 κλήσεως.
3589 2555 3608 2588 ι
3646 2536 3733 2589 Ἐν

2141 2629 2364 2702 Χριστῷ
2409 2627 2608 2701 Ἰησοῦ.
2633 2647 2650 2680 s
2689 2628 2828 2681 Ὅλα
2861 2626 2938 2697 τῷ
2966 2626 3188 2698 Χριστῷ
3239 2625 3570 2695 ἀνατίθησιν
3623 2643 3637 2658 ·
3674 2627 3730 2678 ἐν

2142 2720 2368 2794 Χριστῷ
2427 2721 2557 2793 7&9,
2615 2720 2769 2790 φησὶ,
2795 2719 2998 2790 τρέχω.
3026 2719 3190 2772 ’Δνευ
3218 2717 3326 2790 7&9
3362 2717 3614 2790 Χριστοῦ
3641 2719 3732 2770 καί

2142 2815 2242 2886 τῆς
2303 2815 2520 2869 ἐκείνου
2553 2815 2725 2885 ῥοπῆς
2760 2813 2860 2867 οὑκ
2915 2810 2996 2865 Evt
3034 2810 3226 2865 τοῦτον
3261 2811 3464 2866 ἀνύσαι
3489 2811 3588 2864 τὸν
3619 2811 3732 2881 δρό-

2145 2925 2267 2980 μον,
2302 2907 2405 2961 κᾶν
2449 2907 2824 2977 βουληθῶμεν.

2216 3091 2391 3144 Ὅσοι
2417 3083 2531 3144 οὖν
2568 3086 2806 3142 τέλειον
2846 3087 3024 3142 τοῦτο
3055 3085 3419 3156 φρονοῦμεν,
3472 3083 3575 3138 καί
3602 3083 3657 3138 εἴ
3681 3098 3732 3136 τι

452 3185 742 3238 sentiamus
775 3199 793 3236 :
817 3194 866 3237 et
893 3184 938 3238 si
965 3184 1091 3254 quid
1125 3185 1282 3239 aliter
1315 3188 1551 3251 semitis,
1584 3187 1682 3242 hoc
1711 3204 1915 3258 quoque
1946 3203 2030 3243 vo-

2152 3181 2356 3251 ἑτέρως
2405 3182 2701 3252 φρονεῖτε,
2753 3181 2854 3236 καὶ
2885 3180 3063 3236 τοῦτο
3099 3183 3132 3234 ό
3155 3179 3300 3245 Θεὸς
3327 3177 3474 3247 ὑμῖν
3501 3178 3732 3231 ἀποκαο

453 3277 531 3331 bis
561 3276 698 3332 Deus
725 3276 997 3333 reuelabit.
1033 3277 1274 3332 Attamen
1307 3279 1376 3333 ad
1409 3280 1465 3334 id
1498 3281 1635 3352 quod
1665 3282 1896 3336 assecuti
1943 3297 2038 3334 su-

453 3385 592 3432 mus,
624 3369 802 3422 eadem
837 3370 1182 3437 persistamus
1213 3373 1420 3443 regula,
1459 3374 1597 3427 idem
1619 3375 1930 3427 sentiamus.

530 3479 550 3512 ι
590 3459 702 3515 floc
730 3463 1054 3520 sentiamus.
1101 3482 1118 3515 ι
1146 3464 1459 3530 Quidnam?
1491 3465 1644 3531 Quod
1689 3473 1942 3536 oporteat
1975 3481 2038 3520 ea

452 3553 675 3622 quidem
709 3569 829 3622 qua:
862 3570 890 3608 a
917 3563 1069 3624 tergo
1102 3568 1230 3611 sunt
1256 3557 1537 3622 oblivisci,
1569 3558 1634 3611 ad
1666 3573 1727 3613 ea
1765 3575 1894 3612 vero
1921 3575 2042 3628 qua:

455 3658 486 3696 a
535 3643 716 3697 fronte
759 3652 886 3697 sunt
934 3646 1177 3700 extendi.
1213 3645 1348 3700 Nam
1383 3647 1488 3702 hoc
1534 3647 1808 3717 perfectos
1839 3649 2040 3714 reddit,

453 3735 698 3804 cogitare
729 3735 875 3803 quod
909 3737 1089 3790 absint
1113 3752 1142 3791 a
1173 3738 1371 3807 palma.
1409 3757 1427 3788 ι
1470 3738 1533 3792 Et
1563 3739 1606 3794 si
1638 3740 1768 3809 quid
1798 3740 1980 3794 aliter.
2018 3759 2036 3793 ι

457 3824 512 3879 Si
560 3826 692 3896 quid
739 3827 848 3882 alio
899 3828 1062 3884 modo
1097 3830 1336 3884 assecuti
1385 3831 1538 3896 estis,
1591 3840 1845 3901 putantes
1895 3833 2044 3903 quod

458 3933 566 3972 non
601 3918 797 3974 absitis
821 3934 848 3972 a
879 3921 1081 3989 palma,
1113 3921 1207 3977 sed
1247 3921 1392 3976 illam
1433 3923 1672 3977 assecuti
1717 3925 1861 3990 sitis,
1903 3924 2044 3980 Deus

454 4009 612 4063 vobis
643 4011 910 4066 revelabit
947 4012 1093 4082 quod
1138 4028 1246 4068 non
1290 4024 1436 4069 recte
1473 4015 1575 4069 hoc
1623 4017 1888 4071 sentiatis.
1940 4014 2045 4088 ρει,

453 4089 598 4156 enim
649 4102 722 4157 ita
771 4105 958 4168 sentit,
1004 4105 1238 4161 efﬁcitur
1272 4108 1510 4178 segnior.
1551 4106 1642 4166 Ait
1683 4117 1888 4174 autem,
1930 4112 2047 4166 Hoc

456 4209 698 4264 quoque,
753 4197 1218 4265 quemadmodum
1269 4208 1322 4254 et
1366 4201 1471 4254 alia
1502 4202 1706 4255 omnia.
1759 4202 2043 4272 Siquidem

459 4287 736 4356 propriam
761 4287 1068 4342 doctrinam
1106 4289 1213 4346 Deo
1237 4291 1511 4347 attribuit.
1546 4311 1565 4344 ι
1607 4292 1860 4350 Attamen
1883 4296 1948 4350 ad
1990 4294 2044 4350 id

457 4378 603 4445 quod
658 4382 892 4433 assecuti
945 4397 1156 4438 sumus.
1217 4401 1235 4434 ι
1292 4383 1513 4440 interim
1565 4395 1747 4441 autem
1796 4388 1924 4443 dum
1980 4389 2045 4443 il-

2144 3277 2352 3345 λύψει.
2377 3275 2552 3344 Πλὴν
2580 3276 2666 3342 εἷς
2692 3274 2723 3329 δ
2756 3273 3131 3345 ἐφθάσαμεν,
3162 3271 3242 3338 τῷ
3271 3269 3434 3337 αὐτῷ
3461 3270 3735 3339 στοιχεῖν

2145 3369 2376 3432 κανόνι,
2402 3368 2466 3420 τὸ
2497 3365 2645 3422 αὑτό
2677 3365 2942 3435 φρονεῖν.

2224 3479 2242 3512 ι
2268 3460 2436 3514 Τοῦτο
2459 3458 2785 3530 φρονοῦμεν.
2809 3477 2827 3510 s
2885 3457 2960 3511 Τδ
2992 3458 3181 3522 ποῖον;
3218 3457 3340 3509 Ὀτι
3373 3455 3458 3509 δεῖ
3489 3454 3603 3508 τῶν
3639 3454 3738 3526 μὲν

2145 3555 2324 3610 ὀπίσω
2385 3549 2867 3614 ἐπιλανθάνεσθαι,
2923 3551 3033 3614 τοῖς
3063 3549 3117 3602 δέ
3142 3547 3455 3619 ἔμπροσθεν
3486 3546 3737 3600 ἐπεκτεί-

2146 3647 2355 3702 νεσθαι.
2413 3643 2586 3700 Τοῦτο
2620 3644 2728 3714 7&9
2768 3644 2914 3696 ποιεῖ
2935 3640 3197 3705 τελείους,
3228 3641 3291 3692 τὸ
3313 3639 3566 3709 νομίζειν
3604 3639 3737 3692 ἀπο-

2146 3739 2428 3794 λείπεσθαι
2471 3737 2568 3794 τοῦ
2610 3736 2890 3809 βραϐείου.
2926 3754 2944 3787 ι
2970 3735 3080 3788 Καὶ
3117 3734 3170 3787 εί
3194 3751 3247 3786 τι
3277 3733 3547 3802 ἐτέρως,ι
3588 3730 3659 3785 Ei
3685 3749 3736 3784 τι

2149 3831 2377 3900 ἐτέρως,
2417 3831 2574 3904 φησὶ,
2622 3827 3048 3900 κατωρθώσατε,
3095 3827 3178 3880 ὅτι
3227 3825 3328 3878 οὒκ
3365 3824 3733 3878 ἀπολείπεσθε

2147 3925 2242 3980 τοῦ
2288 3924 2564 3996 βραϐείου,
2608 3922 2722 3978 ἀλλ’
2755 3923 2858 3994 ἠδη
2890 3920 3166 3991 ἐφθάσατε
3193 3919 3352 3982 αὐτὸ,
3379 3919 3410 3971 δ
3438 3917 3576 3981 Θεὸς
3609 3917 3738 3986 ὑμῖν

2149 4015 2515 4086 ἀποκαλύψει,
2577 4015 2682 4081 ὅτι,
2739 4010 3242 4083 φησὶν,οὒξκαλῶς
3265 4007 3415 4062 οὕτω
3461 4010 3734 4078 φρονεῖτε.

2159 4110 2219 4164 '0
2251 4109 2359 4181 7&9
2406 4107 2580 4170 οὕτως
2606 4107 2840 4179 φρονῶν,
2869 4103 3244 4178 ῥᾳθυμότερος
3275 4103 3514 4170 γίνεται.
3543 4101 3620 4154 τὸ
3679 4100 3737 4153 δέ

2149 4203 2245 4256 καὶ
2293 4200 2472 4267 τοῦτο,
2537 4199 2612 4262 ὡς
2649 4199 2741 4252 καὶ
2773 4198 2842 4251 τὰ
2871 4197 3006 4252 ἄλλα
3048 4195 3250 4260 πάντα,
3286 4193 3445 4265 φησί.
3481 4193 3598 4264 Τὴν
3629 4192 3740 4260 7&9

2148 4296 2358 4352 οἰκείαν
2398 4293 2748 4350 διδασκαλίαν
2779 4293 2858 4365 τῷ
2893 4291 3013 4363 Θεῷ
3041 4291 3352 4362 ἀνατίθησι.
3393 4307 3412 4340 ι
3436 4288 3587 4357 Πλὴν
3609 4290 3686 4349 εἰς
3708 4286 3738 4337 δ

2149 4390 2488 4460 ἐφθάσαμεν.
2517 4407 2536 4440 ι
2581 4386 2734 4450 Τέως
2771 4386 2848 4448 δὲ,
2883 4386 3070 4454 φησὶν,
3122 4385 3180 4436 ἐν
3205 4384 3315 4454 ὅσῳ
3367 4383 3548 4435 ἐκεῖνο
3600 4382 3734 4434 ἀπο-

460 4469 578 4534 lud,
631 4469 828 4538 inquit,
874 4469 1016 4528 Deus
1050 4475 1273 4542 revelat,
1330 4477 1383 4530 in
1427 4493 1683 4532 mensura
1734 4489 1944 4535 stemus
1980 4496 2038 4536 ac

2153 4481 2460 4537 καλύπτειό
2480 4478 2635 4542 Θεὸς,
2664 4480 2744 4542 είς
2768 4477 2797 4531 δ
2825 4477 3140 4546 ἐφθάσαμεν
3168 4476 3366 4547 μέτρον
3397 4475 3493 4529 καὶ
3512 4474 3731 4534 κανόνα,

460 4563 645 4633 regula
673 4563 738 4618 ad
769 4580 930 4634 quam
959 4567 1282 4638 pertigimus
1318 4588 1331 4625 :
1374 4570 1532 4641 100
1575 4573 1678 4627 hoc
1706 4582 1807 4637 est,
1842 4590 1909 4628 nc
1948 4591 2038 4646 pe-

2152 4576 2228 4638 είς
2285 4571 2476 4627 τοῦτον
2521 4571 2763 4640 στῶμεν,
2827 4568 3095 4634 τουτέστι,
3157 4568 3216 4620 τδ
3265 4567 3342 4638 μὴ
3376 4565 3643 4620 ἀπολέσαι
3667 4565 3733 4618 τὰ

459 4664 612 4710 reant
635 4671 757 4726 quae
775 4660 928 4728 prius
952 4671 1173 4730 peracta
1198 4669 1345 4716 sunt.
1378 4664 1621 4734 Στοιχεῖν
1650 4673 1830 4721 autem
1865 4666 2034 4738 (quod

2152 4663 2562 4737 προηνυσμένα.
2615 4661 2692 4716 Τὸ
2735 4661 2836 4728 δέ,
2887 4659 3192 4730 στοιχεῖν,
3245 4653 3362 4712 οἷον
3418 4657 3732 4729 ἀρκεῖσθαι,

458 4745 760 4804 Persistere
801 4753 1092 4821 vertimus)
1123 4763 1204 4808 est
1237 4762 1555 4810 contentum
1584 4772 1729 4822 esse,
1752 4759 2037 4829 obtempe-

459 4855 600 4902 rare,
637 4851 806 4897 stare.
839 4844 941 4902 Aut
986 4859 1254 4900 canoncm
1286 4862 1383 4902 seu
1415 4850 1656 4920 regulam
1686 4849 1819 4905 dicit
1851 4851 2034 4907 ﬁdem.

458 4928 926 4991 Quemadmodum
950 4937 1094 4991 enim
1116 4937 1168 4992 in
1194 4940 1381 5010 regula
1407 4941 1522 4996 sive
1553 4943 1846 4999 abstuleris
1874 4944 2038 5014 quid-

462 5022 604 5091 piam
631 5023 744 5078 sive
774 5027 1070 5092 addideris,
1105 5037 1279 5084 totum
1311 5033 1621 5102 perdidisti,
1647 5036 1718 5088 ita
1745 5044 1798 5090 et
1822 5037 1877 5091 in
1911 5037 2035 5093 fide.

457 5109 799 5175 —lnterim,
850 5117 1047 5187 inquit,
1093 5120 1270 5176 donec
1315 5123 1469 5177 vobis
1504 5125 1787 5181 veritatem
1835 5129 2042 5183 revela-

461 5200 620 5264 verit,
651 5201 794 5270 quod
823 5209 1060 5286 assecuti
1097 5225 1290 5266 sumus
1321 5227 1388 5266 ne
1410 5213 1725 5282 perdamus.
1751 5215 2041 5283 Quomodo

458 5298 642 5346 autem
674 5289 958 5363 perditur?
992 5297 1049 5353 Si
1077 5303 1413 5374 negligentes
1441 5305 1636 5375 eﬂ'ecti,
1664 5323 1694 5361 a
1729 5310 1899 5378 priori
1922 5317 2042 5366 stu-

461 5381 552 5476 dio
582 5393 635 5476 et
665 5401 830 5441 cursu
853 5388 1228 5461 discedamus,
1266 5396 1364 5452 sed
1393 5408 1608 5470 oportet
1639 5402 1828 5458 eadem
1852 5402 2039 5476 regula

460 5473 736 5544 incedere,
776 5477 882 5536 hoc
921 5489 1027 5550 est,
1052 5483 1195 5539 idem
1223 5497 1498 5544 certamen
1533 5507 1884 5558 conservare,
1911 5473 2039 5552 eos-

461 5565 584 5619 dem
608 5569 869 5626 exhibere
901 5588 1102 5640 mores,
1137 5574 1280 5631 idem
1309 5592 1501 5649 sapere
1540 5591 1594 5637 et
1624 5584 1769 5640 circa
1810 5600 2040 5641 conver-

463 5657 726 5712 sation-cm
775 5671 828 5717 et
867 5666 1014 5721 circa
1057 5668 1332 5739 dogmata.
1376 5672 1844 5738 Quemadmodum
1893 5679 2038 5736 enim

562 5845 606 5876 υ
645 5841 662 5897 Ι
704 5843 832 5901 Cor.
871 5861 947 5916 Ix,
987 5847 1077 5906 26.
1155 5854 1198 5883 ’⁸
1241 5851 1378 5907 ibid.

2152 4758 2480 4824 πείθεσθαι,
2534 4757 2782 4812 ἑστάναι.
2834 4755 2908 4808 Ἢ
2959 4751 3164 4806 κανόνα
3234 4751 3334 4822 τὴν
3388 4752 3575 4804 πίστιν
3631 4767 3733 4817 φη·

2151 4854 2253 4909 σίν,
2325 4853 2540 4920 ’Ὥσπερ
2581 4849 2693 4920 7&9
2749 4848 2844 4902 ἐπὶ
2903 4846 2999 4901 τοῦ
3075 4844 3300 4908 κανόνος
3353 4844 3462 4898 κᾶν
3527 4843 3735 4914 ἀφέλῃς

2145 4945 2249 4998 κᾶν
2305 4941 2600 5015 προσθῇς,
2658 4939 2915 5011 ἐλυμήνω
2961 4937 3022 4992 τὸ
3060 4937 3170 4991 πᾶν
3211 4976 3226 5001 ,
3277 4934 3424 4988 οὕτω
3489 4936 3584 4988 καὶ
3641 4933 3734 4984 ἐπὶ

2145 5043 2245 5109 τῆς
2293 5037 2555 5100 πίστεως,
2607 5064 2678 5075 -
2750 5029 2951 5106 [ΦΩΤ.]
2996 5031 3189 5095 Τέως,
3236 5027 3448 5098 φησὶν,
3505 5028 3613 5090 ἐως
3669 5026 3732 5080 ἄν

2149 5129 2278 5200 ὑμῖν
2336 5127 2666 5201 ἀποκαλύψῃ
2708 5126 2770 5180 τδ
2824 5124 3045 5194 ἀληθὲς,
3108 5123 3138 5177 δ
3178 5122 3559 5193 κατελάϐομεν
3589 5163 3605 5187 ,
3657 5121 3730 5192 μὴ

2149 5222 2524 5292 ἀπολέσωμεν.
2571 5217 2892 5273 Ἀπόλλυται
2918 5216 2974 5269 δὲ
3002 5215 3152 5284 πῶς;
3207 5217 3306 5268 “Av
3358 5214 3732 5285 ἀμελήσωμεν

2149 5316 2248 5387 τῆς
2271 5312 2545 5385 προτέρας
2602 5308 2837 5380 σπουδῆς
2869 5306 2962 5362 καί
2987 5306 3082 5361 τοῦ
3108 5306 3312 5378 δρόμου
3345 5303 3731 5377 παρατραπῶ-

2152 5425 2272 5480 μεν.
2311 5405 2474 5459 Ἀλλά
2532 5403 2614 5458 δεῖ
2641 5401 2720 5474 τῷ
2745 5401 2895 5474 αὖτῷ
2940 5400 3142 5454 κανόνι.
3174 5399 3433 5470 στοιχεῖν,
3462 5398 3731 5458 τουτέστι,

2149 5501 2240 5556 τὸν
2269 5498 2432 5553 αὐτὸν
2459 5495 2646 5567 ἀγῶνα
2674 5495 2980 5564 συντηρεῖν,
3013 5491 3106 5545 τὸν
3129 5491 3291 5544 αὐτὸν
3320 5489 3732 5545 ἐπιδείκνυσθαι

2148 5591 2371 5662 τρόπον,
2403 5588 2465 5642 τὸ
2512 5587 2644 5642 αὐτὸ
2703 5586 2957 5657 φρονεῖν,
3001 5582 3132 5652 περί
3163 5598 3222 5634 τε
3267 5583 3368 5652 τῆς
3427 5581 3731 5644 πολιτείας,

2151 5682 2280 5755 περί
2307 5699 2368 5736 τε
2394 5679 2501 5736 τῶν
2538 5679 2843 5751 δογμάτων,
2913 5676 3128 5746 Ὠσπερ
3177 5671 3286 5744 γὰρ
3317 5667 3348 5726 ὃ
3387 5690 3445 5728 τι
3491 5673 3600 5728 τῶν
3652 5671 3734 5725 δο-
