4000 6576
273 421 416 489 1309

1239 420 1634 485 COMMENT.
1672 420 1754 482 ΙΝ
1784 420 2027 484 El'IST.
2067 422 2168 483 AD
2195 422 2485 485 PHILIP.

3373 418 3516 487 1310

274 540 505 609 γμάτων
530 536 851 602 ἀλλοιώσας,
878 534 1094 591 ἅπαντα
1127 534 1392 591 κατίλυσε
1424 533 1520 587 καὶ
1539 533 1608 591 τὰ
1629 531 1841 604 ἔμπρο-

1959 537 1993 588 ‘rs
2020 534 2112 604 qui
2141 534 2351 605 aliquid
2369 534 2685 604 dogmatqu
2714 533 3045 599 immutavit,
3076 533 3242 589 etiam
3266 535 3521 592 universa

269 634 420 693 σθεν,
447 627 593 683 οὕτω
636 628 732 683 καὶ
758 626 858 697 τῆς
899 625 1177 690 πολιτείας
1209 625 1239 680 ὅ
1262 640 1317 680 τι
1351 623 1719 695 μετοθόμενος
1743 622 1838 677 καὶ

267 719 536 788 καθυφεὶς
590 717 686 772 καὶ
722 717 798 788 μὴ
853 716 950 787 τὴν
985 716 1156 788 αὐτὴν
1196 715 1480 787 φυλάττων
1529 715 1838 786 ἀκρίδειαν,

269 811 366 864 καὶ
401 809 472 865 τὰ
513 808 855 880 προλαϐόντα
902 809 1227 881 ελυμήνατο.
1266 804 1401 863 Εἶτα
1454 809 1541 865 ἶνα
1595 808 1670 879 μὴ
1712 809 1840 882 δόξῃ

269 899 714 972 δυσκατόρθωτον
746 900 842 957 καὶ
865 900 1122 956 δύσκολον
1176 899 1508 963 ἐπιτάττειν,
1537 900 1600 956 τὸ
1618 900 1687 954 δι’
1717 901 1839 956 ὅλον

268 991 363 1045 τοῦ
402 991 518 1062 βίου
547 992 769 1064 ἀρεταῖς
795 991 891 1048 καὶ
911 992 1162 1063 εὐσεϐείᾳ
1180 992 1592 1059 συνασκεῖσθαι,
1620 993 1836 1061 ἐπάγει.

270 1082 518 1155 Ilignea!
548 1101 652 1153 μου
668 1083 904 1153 γίνεσθε.
953 1083 1197 1155 Ῥᾷστον,
1224 1084 1415 1155 φησιν,
1460 1084 1611 1143 οὐδὲν
1642 1084 1839 1140 ἀδύνα-

267 1195 363 1233 τον
388 1178 625 1246 ἀπαιτῶ,
670 1177 957 1248 ἄνθρωπος
980 1175 1136 1246 κάγὼ
1173 1176 1533 1248 ὁμοιοπαθὴς.
1566 1176 1642 1240 ὡς
1670 1177 1837 1249 ὁρᾶτὲ

272 1286 365 1338 με,
391 1266 536 1321 οὕτω
581 1268 675 1321 καὶ
704 1268 860 1320 αὐτοὶ
910 1265 1272 1336 ἀγωνίζεσθε.
1301 1264 1393 1336 Τῷ
1424 1264 1573 1338 αὐτῷ
1605 1267 1841 1336 στοιχεῖν

269 1360 477 1415 κανόνι.
528 1359 603 1414 Τὸ
658 1358 858 1430 χωρίον
911 1358 1151 1428 τοῦτο,ἦ
1214 1356 1530 1428 προτροπῆς
1585 1357 1755 1424 ἐστιν,
1807 1356 1841 1427 ἢ

268 1453 456 1523 εὐχῆς.
525 1451 666 1507 Ἀλλ’
701 1453 751 1505 εί
780 1450 879 1522 μὲν
938 1452 1274 1522 προτροπῆς,
1328 1448 1590 1503 λείπειτὸ
1619 1450 1718 1504 δεῖ.
1754 1450 1845 1503 Δεῖ

267 1542 413 1611 ὑμᾶς
443 1540 716 1610 στοιχεῖν
738 1540 819 1606 τῷ
849 1541 1009 1606 αὐτῷ
1034 1540 1267 1603 κανόνι,
1293 1541 1358 1594 τὸ
1385 1539 1533 1596 αὐτὸ
1573 1538 1839 1609 φρονεῖν.

267 1632 333 1687 El
362 1632 604 1703 ὀφείλετε
654 1634 886 1704 στοιχεῖν
912 1631 990 1703 τῷ
1019 1631 1168 1704 αὐτῷ
1222 1631 1429 1690 κανόνι.
1492 1630 1737 1700 ὀφείλετε
1783 1630 1843 1683 τὸ

268 1725 404 1780 αὐτὸ
456 1727 695 1795 φρονεῖν.
748 1724 810 1778 Ei
852 1723 908 1779 δὲ
955 1723 1110 1794 εὐχὴ,
1142 1722 1250 1778 ἀπδ
1291 1721 1470 1776 κοινοῦ
1500 1722 1843 1794 ληφθήσεται

267 1816 351 1883 τὸ,
373 1814 752 1885 ἀποκαλύψεΰ,
815 1806 941 1869 Οἷον
1002 1810 1344 1882 ἀποκαλύψει
1396 1812 1526 1882 ὑμῖν
1583 1809 1662 1881 τῷ
1691 1810 1843 1884 αὐτῷ

1942 625 2307 694 praecedentis
2340 625 2593 682 dissolvit
2630 644 2645 681 :
2676 625 2751 679 ita
2800 635 2853 681 et
2892 625 2947 679 in
2970 625 3397 682 conversatione
3425 628 3519 698 qui

1940 716 2146 786 aliquid
2174 725 2561 788 transgressus
2581 727 2637 771 et
2663 717 3052 788 pravaricstns
3084 726 3192 782 est,
3228 733 3339 773 non
3369 733 3524 774 eain-

1941 806 2066 863 dcm
2127 808 2476 865 observando
2522 809 2901 879 diligentiam,
2947 810 3113 864 etiam
3158 812 3523 880 praecedentis

1942 899 2212 969 corrupit.
2263 897 2468 957 Deinde
2511 916 2579 956 ne
2622 915 2736 955 rem
2791 899 3060 956 difﬁcilem
3108 914 3164 957 et
3217 916 3342 972 quas
3380 916 3525 971 aegre

1944 989 2129 1060 perlici
2181 992 2357 1060 possit
2407 992 2658 1049 videatur
2715 991 3033 1063 praecipere,
3081 1007 3276 1063 nempe
3320 1002 3381 1047 ut
3414 1003 3522 1047 tota

1943 1083 2054 1137 vita
2080 1092 2441 1139 exerceantur
2466 1086 2520 1139 in
2543 1085 2840 1142 virtutibus
2863 1095 2916 1141 et
2941 1085 3173 1156 pietate,
3198 1086 3520 1155 subiungit:

1943 1172 2255 1229 Imitatores
2278 1173 2385 1229 mei
2418 1176 2616 1231 estote.
2645 1173 2805 1241 Quod
2835 1173 3154 1232 facillimum
3186 1185 3293 1242 est,
3323 1176 3521 1245 inquit,

1942 1268 2126 1336 exigo,
2170 1266 2416 1336 nihilque
2445 1266 2806 1337 impossibile.
2837 1283 2965 1327 cum
3012 1279 3067 1323 et
3094 1284 3196 1339 ego
3226 1267 3389 1321 homo
3417 1267 3521 1321 sim

1944 1357 2199 1415 similiter
2223 1357 2518 1415 affectibus
2559 1359 2857 1415 obnoxius.
2907 1359 3377 1427 Quemadmodum
3404 1374 3525 1413 cer-

1944 1459 2145 1503 tantem
2167 1464 2254 1504 me
2273 1449 2493 1516 videtis,
2526 1450 2599 1503 ita
2621 1459 2673 1505 et
2694 1449 2795 1521 ipsi
2829 1460 3056 1508 certate.
3095 1451 3185 1505 Τῶ
3207 1450 3356 1522 αὐτῷ
3382 1467 3526 1504 στοι-

1943 1542 2061 1611 χεῖν
2089 1540 2298 1606 κανόνι,
2328 1540 2388 1594 τὸ
2421 1541 2554 1594 αὐτὸ
2579 1544 2818 1610 φρονεῖν,
2851 1542 3050 1597 Eadem
3088 1543 3387 1612 persistere
3421 1558 3510 1597 re-

1944 1631 2091 1702 gula,
2151 1630 2291 1686 idem
2353 1635 2580 1689 sentire.
2625 1631 2753 1706 (Pro
2808 1649 2917 1706 quo
2965 1636 3265 1702 vertimus,
3320 1634 3522 1689 Eadem

1946 1724 2175 1794 persists
2187 1740 2307 1780 mus
2334 1726 2545 1797 regula,
2567 1725 2707 1782 idem
2729 1723 3082 1795 sentiamus.)
3111 1722 3235 1780 llaec
3255 1725 3523 1796 particula

1946 1826 2041 1869 ant
2093 1817 2497 1874 exhortationis
2549 1827 2632 1873 est
2675 1826 2769 1872 aut
2817 1818 3156 1889 precationis
3194 1833 3208 1870 :
3243 1834 3430 1871 verum
3476 1816 3524 1872 si

269 1910 459 1964 κανόνι
507 1910 763 1979 στοιχεῖν,
812 1907 907 1963 καὶ
940 1904 1088 1976 ἑξῆς.
1122 1899 1244 1959 Οἵδε
1274 1904 1380 1974 γὰρ
1408 1903 1537 1958 ἄνευ
1563 1905 1659 1975 τῆς
1688 1903 1840 1968 θείας

1959 1909 2347 1966 ξκιιοτιαῑῑοιιὶε
2390 1910 2484 1976 sit,
2526 1910 2711 1965 deﬁcit
2757 1906 3007 1982 Oportet.
3048 1909 3299 1981 Oportet,
3325 1909 3526 1980 inquit,

271 2004 445 2074 ῥοπῆς
472 2042 488 2068 ,
546 2002 713 2073 μηδὲν
778 1999 1244 2072 κατορθούμενον.
1294 1997 1369 2052 Τὸ
1420 1997 1551 2052 αὐτὸ
1600 1999 1839 2069 φρονεῖν,

269 2096 455 2163 φησιν,
486 2094 566 2159 εἰς
593 2092 623 2148 δ
652 2093 969 2164 ἐφθάσαμεν
991 2093 1050 2146 ἐν
1089 2093 1156 2163 τῇ
1189 2090 1390 2156 πίστει,
1446 2089 1522 2162 μὴ
1558 2088 1737 2154 πλέον,
1766 2088 1842 2162 μὴ

267 2182 510 2239 ἔλαττον.

1942 2016 2041 2056 vos
2069 2002 2259 2056 eadem
2296 2004 2595 2072 persistere
2627 2003 2838 2072 regula,
2871 2002 3014 2058 idem
3061 2001 3267 2056 sentire
3300 2020 3313 2055 :
3354 2001 3401 2055 si
3434 2017 3528 2055 ea-

1946 2091 2067 2146 dem
2100 2093 2312 2148 debetis
2338 2095 2635 2165 persistere
2656 2095 2861 2165 rrgnia,
2892 2093 3104 2150 debetis
3123 2090 3264 2148 idem
3291 2093 3523 2148 sentire.

1949 2183 2004 2237 Si
2041 2199 2169 2239 vero
2201 2187 2441 2255 precatio
2484 2196 2586 2252 est,
2641 2195 2893 2242 sumetur
2943 2201 2972 2241 a
3019 2184 3296 2243 communi
3351 2199 3521 2241 sensu

268 2275 577 2341 Revelsbit,
607 2285 667 2331 ut
692 2272 766 2330 sit
792 2286 990 2330 sensus
1021 2287 1038 2327 :
1070 2271 1354 2328 Revelahit
1395 2271 1549 2326 vobis
1574 2277 1634 2326 ut
1679 2271 1869 2328 eadem
1911 2277 2098 2347 regula
2160 2279 2491 2349 persistatis,
2543 2288 2602 2335 ut
2642 2282 2787 2336 idem
2821 2280 3099 2337 sentiatis.
3148 2276 3308 2334 Novit
3376 2279 3522 2332 enim

268 2372 407 2429 nihil
437 2371 649 2442 absque
685 2369 876 2426 divino
918 2367 1111 2439 perlici
1144 2364 1377 2421 auxilio.
1419 2363 1591 2432 Idem,
1636 2364 1838 2437 inquit,
1879 2371 2089 2427 sentire
2117 2372 2259 2427 ineo
2288 2372 2435 2445 quod
2458 2374 2514 2429 in
2538 2373 2644 2429 lide
2669 2375 2910 2431 assecuti
2938 2389 3152 2438 sumus,
3207 2389 3317 2429 non
3376 2373 3521 2447 plus,

267 2482 380 2523 non
407 2480 608 2520 minus.

344 2559 716 2633 Συμμιμηταί
751 2576 869 2629 μου
910 2559 1171 2630 γίνεσθε,
1231 2556 1512 2627 ἀδελφοί,
1551 2557 1648 2611 καί
1695 2569 1838 2612 σκοδ

267 2655 437 2710 κεῖτο
479 2653 622 2721 τοὺς
659 2650 846 2716 οὕτως
888 2647 1387 2718 περιπατοῦντας,
1432 2648 1627 2714 καθὼς
1671 2648 1841 2716 ἔχετε

267 2750 469 2804 τύπον
517 2743 695 2815 ἡμᾶς.
750 2742 972 2799 Πολλοὶ
1020 2741 1131 2812 γὰρ
1197 2739 1636 2810 περιπατοῦσιν
1656 2777 1672 2803 ,
1734 2738 1844 2806 οὓς

270 2839 571 2905 πολλάκις
601 2836 818 2906 ἔλεγον
843 2832 1008 2904 ὑμῖν.
1038 2831 1169 2888 Νῦν
1197 2831 1267 2886 δὲ
1287 2830 1387 2886 καί
1408 2832 1634 2885 κλαίων
1665 2827 1840 2899 λέγω,

269 2933 421 3000 τοὺς
478 2928 733 3000 ἐχθροὺς
757 2925 865 2982 τοῦ
925 2924 1194 2995 σταυροῦ
1228 2922 1336 2978 τοῦ
1355 2921 1636 2991 Χριστοῦ,
1663 2914 1753 2976 ὧν
1778 2921 1846 2976 τὸ

270 3026 451 3092 τέλος
478 3022 768 3086 ἀπώλεια,
790 3012 881 3074 ὧν
908 3021 942 3074 ὁ
973 3018 1119 3083 Θεὸς
1158 3018 1197 3086 ἠ
1222 3017 1443 3080 κοιλία,
1496 3014 1599 3069 καὶ
1626 3015 1666 3083 ἠ
1693 3014 1845 3079 δόξα

267 3119 347 3173 ἐν
371 3115 449 3185 τῇ
492 3114 759 3184 «laxum
814 3110 1037 3178 αὐτῶν,
1083 3112 1140 3164 οι
1168 3109 1242 3163 τὰ
1275 3107 1507 3178 ἐπίγεια
1548 3106 1849 3177 ’φρονοῦν-

270 3228 397 3277 τες.

354 3321 375 3354 ι
404 3297 765 3370 Συμμιμηταί
803 3313 905 3367 μου
934 3293 1205 3364 γίνεσθε.»
1233 3293 1308 3347 Οὐ
1330 3293 1438 3363 γὰρ
1459 3291 1544 3346 διὰ
1560 3292 1731 3361 λόγων
1749 3291 1848 3362 μό-

2010 2558 2100 2622 lll,
2126 2560 2298 2615 17-19.
2317 2559 2623 2615 Imilatores
2643 2561 2747 2613 mei
2769 2569 2955 2624 estote,
2980 2560 3200 2629 fratres,
3216 2566 3264 2613 et
3290 2557 3527 2612 consido-

1940 2662 2058 2706 rate
2073 2669 2160 2707 eos
2190 2652 2376 2723 quisic
2400 2651 2698 2719 ambulant,
2729 2651 3172 2722 quemadmodum
3201 2649 3408 2705 habetis
3435 2665 3527 2703 nos

1943 2761 2037 2814 pro
2069 2754 2212 2815 typo.
2251 2743 2395 2797 Nam
2435 2745 2733 2813 complures
2773 2745 3046 2798 ambulant
3077 2743 3142 2798 de
3173 2743 3360 2814 quibus
3393 2755 3531 2809 sape

1944 2838 2059 2892 dixi
2089 2836 2234 2893 vobis
2264 2852 2283 2891 :
2315 2854 2454 2892 nunc
2488 2845 2662 2891 autem
2693 2846 2744 2890 et
2775 2837 2906 2906 ﬂens
2927 2836 3045 2890 dico
3079 2851 3098 2889 :
3129 2835 3376 2888 inimicos
3407 2848 3529 2886 cru-

1946 2929 2027 2983 cis
2051 2927 2270 2993 Christi,
2300 2943 2526 2996 quorum
2568 2928 2689 2995 ﬁnis
2721 2927 2948 2996 perditio
2979 2936 3081 2989 est,
3120 2941 3344 2995 quorum
3388 2923 3529 2977 Deus

1947 3031 2122 3078 venter
2140 3030 2238 3089 est,
2269 3031 2318 3075 et
2338 3020 2515 3092 gloria
2536 3021 2593 3074 in
2614 3020 2866 3075 dedecore
2890 3021 3122 3089 ipsorum
3148 3018 3239 3088 qui
3258 3015 3531 3071 terrestria

1948 3122 2159 3170 curant.

2027 3291 2178 3360 ιοι
2192 3310 2209 3344 ι
2233 3290 2543 3347 imitatores
2558 3290 2662 3344 mei
2683 3297 2877 3346 estote.
2902 3305 2924 3341 ι
2953 3286 3138 3359 Neque
3153 3287 3297 3342 enim
3313 3284 3533 3341 divinus

268 3413 366 3451 νον
418 3368 697 3447 ἐδίδασκεν
727 3393 756 3444 ὁ
781 3389 1048 3461 μακάριος
1069 3380 1248 3453 οὗτος,
1277 3385 1411 3440 ἀλλὰ
1438 3386 1532 3439 καὶ
1563 3386 1621 3437 ὲν
1641 3383 1848 3455 ἔργοις,

1959 3381 2051 3436 hic
2079 3381 2163 3435 vir
2180 3381 2315 3438 solis
2346 3381 2580 3436 docebat
2610 3380 2977 3446 sermonibus,
3006 3380 3101 3434 sed
3128 3385 3184 3434 et
3221 3391 3321 3445 pro
3342 3391 3531 3432 exem-

270 3490 447 3554 τύπος
480 3487 658 3545 αὐτῶν
687 3483 912 3552 ἐγίνετο.
976 3499 995 3531 ι
1034 3479 1145 3535 Καὶ
1200 3480 1472 3533 σκοπεῖτε.
1512 3494 1531 3529 ι
1585 3477 1731 3530 ’Λνω
1762 3475 1860 3547 μὲν

272 3584 455 3651 ελεγε,
488 3579 727 3634 Βλέπετε
756 3572 883 3633 τοὺς
918 3571 1088 3635 κύνας
1122 3570 1360 3633 καὶτοὺς
1381 3567 1860 3638 κακοὺςὲργάτας,

270 3677 404 3740 τοὺς
423 3674 505 3728 ἔτι
534 3671 629 3724 καὶ
673 3667 810 3739 μετὰ
857 3665 957 3737 τὴν
982 3665 1166 3718 πίστιν
1203 3663 1614 3728 ’ἰουδαΐζοντας.
1637 3661 1751 3713 Νῦν
1779 3659 1858 3725 δὲ,

276 3765 464 3835 κοινὴν
482 3761 670 3823 αὐτοῖς
684 3758 864 3811 δίδωσι
889 3755 1290 3826 παρατήρησιν,
1306 3752 1394 3806 ἵνα
1421 3752 1653 3817 τούτοις,
1672 3751 1858 3820 φησιν,

275 3850 685 3924 ἁναμίγνυσθε,
747 3841 859 3901 οἷον
900 3844 1073 3900 τύπον
1123 3844 1349 3915 φέρουσι
1380 3844 1479 3913 τῆς
1524 3843 1665 3912 ἐμῆς
1725 3840 1863 3911 πρὸς

279 3949 429 4018 ὑμᾶς
454 3941 820 4014 ἀναστροφῆς.
847 3970 914 3982 -
940 3958 959 3991 ι
979 3936 1120 3997 Τοὺς
1147 3935 1321 3998 οὕτως
1347 3934 1803 4005 περιπατοῦντας,
1835 3953 1855 3985 ι

281 4038 823 4115 [ΦΩΤ.]Περιπατείν
845 4028 1327 4099 ὲνταῦθα,τδβιοῦν
1350 4028 1448 4082 καὶ⁸
1486 4025 1862 4082 πολιτεύεσθαι

277 4131 551 4203 λαμϐάνει
610 4125 817 4188 ἁπλῶς.
867 4122 1114 4190 Ἐπειδὴ,
1165 4121 1323 4189 φησὶ,
1375 4118 1563 4172 πολλοὶ
1613 4135 1859 4189 περιπα-

278 4224 490 4288 τοῦσιν,
554 4221 639 4284 είς
695 4217 971 4286 διάκρισιν
1008 4211 1121 4267 τῶν
1188 4209 1364 4281 ὀρθῶς
1388 4208 1861 4280 περιπατούντων,

278 4314 380 4370 καὶ
414 4310 489 4384 μὴ
550 4310 804 4364 σκοπεῖτε
821 4304 968 4366 τίνες
986 4297 1355 4371 περιπατοῦσι
1380 4298 1524 4353 κατὰ
1549 4297 1641 4352 τὸν
1660 4295 1723 4350 τύ
1734 4312 1858 4360 πον,

277 4406 345 4460 ὃν
389 4401 878 4473 περιεπατήσαμεν
936 4395 1135 4465 ἡμεῖς,
1218 4389 1315 4444 καὶ
1370 4388 1584 4452 τούτοις
1636 4388 1859 4443 ἕπεσθε.

286 4518 308 4551 ε
337 4494 531 4551 Πολλοὶ
581 4492 692 4561 γὰρ
737 4485 1121 4559 περιπατοῦσι.
1154 4501 1175 4535 ι
1231 4481 1457 4545 Κακῶς,
1495 4480 1684 4551 φησιν,
1720 4480 1867 4549 ἢπερ

281 4586 415 4657 ἐγώ.
465 4603 487 4639 ε
506 4583 620 4641 Νῦν
640 4580 698 4636 δὲ
721 4579 818 4633 καὶ
839 4575 1039 4631 κλαίων
1059 4575 1227 4642 λέγω.
1256 4591 1275 4625 ι
1319 4572 1462 4644 Ὅρα
1486 4572 1554 4626 τὰ
1580 4570 1867 4640 σπλάγχνα

1964 3473 2101 3544 piari
2141 3473 2276 3542 ipsis
2320 3471 2731 3544 proponebatur
2761 3473 2816 3527 in
2857 3472 3141 3543 operibus,
3190 3489 3208 3522 ι
3249 3470 3309 3525 Et
3342 3469 3529 3525 consi-

1960 3564 2173 3620 derate.
2232 3582 2253 3615 ι
2309 3564 2370 3618 In
2419 3565 2798 3634 superioribus
2862 3564 3081 3634 quidem
3128 3562 3286 3626 dixit,
3346 3559 3533 3616 Videte

1960 3670 2148 3718 canes,
2205 3654 2390 3711 videte
2449 3657 2626 3711 ntalos
2663 3655 2997 3725 operarios:
3035 3669 3232 3723 nempe
3281 3667 3379 3708 eos
3431 3651 3528 3722 qui

1962 3757 2090 3818 post
2126 3757 2436 3818 susceptam
2469 3748 2627 3803 ﬁdem
2658 3748 2838 3803 adhuc
2868 3747 3217 3802 Judaismum
3247 3744 3538 3800 sectaban-

1967 3850 2076 3895 tur.
2128 3840 2286 3893 Nunc
2321 3851 2503 3895 autem
2557 3855 2910 3895 communem
2947 3839 3042 3892 dat
3085 3839 3167 3892 eis
3196 3835 3532 3891 observatio-

1967 3946 2089 3987 nem
2121 3949 2136 3986 :
2167 3940 2227 3985 ut
2263 3931 2396 3995 illis,
2447 3931 2646 4000 inquit,
2672 3928 3162 3998 {commisceamini
3214 3929 3305 3996 qni
3354 3938 3537 3997 typum

1966 4034 2162 4096 gerunt
2190 4036 2324 4077 meae
2359 4021 2499 4091 apud
2535 4036 2631 4077 vos
2660 4020 3114 4075 conversationis.
3143 4036 3162 4070 ι
3199 4018 3305 4072 Eos
3335 4016 3427 4086 qui
3457 4016 3540 4070 sic

1967 4114 2270 4168 ambulant.
2309 4129 2330 4166 ι
2374 4113 2675 4167 Ambulare
2727 4110 2900 4166 sumit
2945 4109 3033 4163 hic
3080 4108 3406 4176 simpliciter
3442 4119 3539 4175 pro

1963 4205 2152 4260 vivere
2175 4212 2229 4260 et
2257 4203 2598 4260 conversari.
2628 4201 3110 4273 Quandoquidem,
3146 4199 3348 4269 inquit,
3375 4197 3535 4251 multi

1965 4296 2252 4352 ambulant
2286 4314 2301 4350 :
2335 4293 2926 4351 nd'internoscendum
2961 4290 3187 4363 quinam
3223 4298 3373 4344 recte
3412 4304 3533 4341 ani-

1967 4391 2182 4455 buiant,
2214 4397 2267 4445 et
2298 4390 2392 4460 qui
2423 4404 2556 4454 non,
2581 4390 2931 4445 considerate
2951 4387 3045 4457 qni
3073 4384 3356 4439 ambulent
3384 4383 3542 4452 juxta

1968 4484 2194 4553 vestigia
2223 4492 2276 4539 et
2299 4492 2483 4555 typum
2518 4497 2628 4553 quo
2660 4495 2761 4537 nos
2787 4479 3193 4536 ambulavimus
3219 4485 3275 4530 et
3313 4489 3409 4529 eos
3451 4488 3544 4527 se-

1973 4576 2231 4647 quimini.
2272 4595 2291 4628 ι
2326 4575 2462 4630 Nam
2494 4575 2809 4644 complures
2854 4572 3161 4626 ambulant.
3200 4589 3218 4622 ο
3252 4568 3408 4629 Male,
3460 4565 3554 4619 in-

286 4683 525 4744 ῐῐαύλου,
578 4678 673 4735 ἐπὶ
702 4676 814 4738 τοῖς
859 4672 1065 4742 ἐτέρων
1096 4669 1353 4725 κλαίοντα
1386 4669 1597 4731 κακοῖς.
1645 4666 1853 4721 Ἐπειδὶι

1971 4670 2116 4739 quit,
2143 4678 2203 4724 et
2241 4668 2402 4723 aliter
2431 4683 2596 4738 quam
2644 4681 2767 4737 ego.
2803 4684 2821 4717 ι
2861 4664 3022 4719 Nunc
3085 4672 3269 4716 autem
3304 4669 3360 4715 et
3405 4658 3556 4714 ﬂens

282 4776 397 4847 γὰρ
457 4772 640 4835 αὐτοῖς
687 4767 934 4823 δπὲτεινε
989 4762 1055 4818 τὸ
1100 4761 1336 4831 νόσημα,
1388 4759 1584 4814 πενθεῖ
1638 4758 1858 4820 αὐτούς.

288 4888 311 4921 ε
335 4866 478 4929 Τοὺς
508 4860 738 4935 ἐχθροὺς
781 4857 877 4913 τοῦ
900 4853 1137 4926 σταυροῦ
1164 4852 1259 4909 τοῦ
1286 4848 1544 4923 Χριστοῦ.
1582 4869 1603 4902 ι
1665 4848 1861 4911 [ιοίονς

281 4959 511 5021 τούτους
591 4952 836 5013 κελεύεις
878 4950 1028 5021 ἡμᾶς
1086 4943 1649 5016 παραφυλάττεσθαις
1720 4941 1861 5005 Τοὺς

284 5050 538 5123 ιχθροῦς,
586 5044 744 5117 φησὶ,
799 5040 896 5097 τοῦ
936 5034 1173 5108 σταυροῦ
1223 5034 1319 5089 τοῦ
1381 5032 1646 5105 Χριστοῦ.
1677 5029 1860 5087 *Ησαν

286 5143 399 5213 γάρ
456 5156 605 5202 τινες
655 5133 974 5208 Χριστιανοὶ
1036 5129 1133 5201 μὲν
1168 5127 1352 5199 δῆθεν,
1386 5128 1445 5181 ἐν
1485 5129 1664 5197 τρυφῇ
1688 5126 1746 5181 δὲ
1773 5126 1867 5181 καὶ

286 5235 472 5291 ἀνέσει
536 5230 759 5298 ζῶντες,
801 5226 895 5289 οὓς
942 5221 1168 5295 δχθροῦς
1226 5216 1322 5273 τοῦ
1369 5216 1608 5288 σταυροῦ
1670 5235 1859 5289 φησιν.
1904 5269 1908 5274 .

300 5326 556 5384 Ἐναντία
598 5324 707 5394 γὰρ
766 5318 916 5389 αὐτῷ
948 5315 1281 5388 πράττουσιν
1315 5327 1330 5341 ·
1366 5312 1395 5364 ό
1427 5309 1526 5380 μὲν
1556 5310 1667 5380 γὰρ
1686 5309 1867 5381 ψυχῆς

287 5418 475 5475 δεῖται
512 5416 776 5486 γενναίας
810 5453 826 5478 ,
886 5403 1377 5481 παρατεταγμένης
1433 5403 1513 5465 εις
1564 5401 1865 5470 κινδύνους,

289 5516 388 5571 καὶ
451 5510 797 5584 μιμουμένης
854 5504 947 5560 τὸν
1003 5503 1135 5557 ίδιον
1163 5497 1465 5568 Δεσπότην,
1507 5495 1559 5549 oi
1587 5494 1644 5548 δὲ
1670 5494 1871 5565 γαστρὶ

289 5607 657 5665 δουλεύουσιν.
680 5622 700 5656 ι
725 5594 829 5654 Ὧν
872 5595 1109 5657 τὸτέλος
1177 5589 1446 5646 ἀπώλεια.
1493 5606 1515 5641 ι
1567 5586 1765 5651 Καλῶς
1810 5587 1873 5641 τὸ

290 5701 445 5765 τέλος
493 5694 647 5753 εἶπεν
697 5690 976 5749 ἀπώλειαν
1010 5728 1025 5752 ,
1076 5684 1175 5740 ἑὰν
1220 5681 1351 5750 ἄχρι
1402 5678 1593 5742 τέλους
1646 5678 1872 5749 μείνωσι

291 5791 545 5848 τοιοῦτοι.
607 5786 770 5851 Εἰκὸς
808 5783 916 5854 γὰρ
962 5777 1032 5851 ἦν
1084 5776 1179 5831 καὶ
1231 5769 1654 5842 μεταϐληθῆναι.
1706 5790 1726 5823 ι
1760 5766 1863 5823 Ὧν

296 5887 323 5937 ό
357 5884 477 5948 θεὸς
524 5884 557 5954 ἡ
598 5878 796 5936 κοιλία.
835 5895 854 5929 ι
903 5873 991 5938 Ὠς
1021 5866 1279 5938 δεσποίνῃ
1321 5862 1450 5933 γὰρ,
1486 5860 1685 5932 μᾶλλον
1714 5862 1768 5918 δὲ
1789 5862 1864 5928 ὡς

1902 4718 1944 4772 D

1970 4762 2116 4815 dico.
2170 4779 2189 4814 ι
2222 4758 2615 4827 Animadverte
2647 4757 2801 4811 Pauli
2834 4758 3045 4811 viscera
3079 4753 3173 4824 qui
3206 4753 3277 4806 ob
3308 4751 3555 4805 aliorum

1972 4852 2375 4920 ploraterrata.
2404 4847 2685 4918 Siquidem
2715 4846 2848 4917 quia
2888 4844 3116 4898 modius
3145 4840 3283 4910 ipsis
3320 4845 3547 4910 proten-

1970 4942 2221 5007 debetur,
2269 4941 2417 5010 luget
2454 4940 2628 5007 ipsos.
2690 4956 2710 4989 ι
2747 4936 3004 4991 Inimicos
3036 4933 3221 4989 crucis
3254 4932 3484 4987 Christi.
3521 4947 3547 4983 ι

1971 5032 2204 5099 Quinam
2231 5041 2360 5087 sunt
2380 5033 2585 5102 hiquos
2603 5031 2768 5100 jubes
2792 5042 2892 5083 nos
2911 5025 3246 5081 observare?
3264 5023 3544 5088 Inimicos,

1968 5127 2067 5193 ait,
2121 5124 2305 5180 crucis
2331 5123 2565 5180 Christi.
2619 5122 2790 5176 Erant
2832 5118 2980 5175 enim
3016 5117 3241 5187 quidam
3279 5125 3553 5185 tanquam

1971 5233 2105 5273 sane
2133 5215 2460 5280 Christiani,
2498 5214 2594 5285 qui
2628 5211 2891 5267 tamenin
2916 5209 3139 5265 deliciis
3160 5217 3217 5265 et
3241 5210 3426 5279 quiete
3452 5204 3549 5260 de»

1968 5310 2167 5380 gebant
2187 5325 2202 5363 :
2225 5322 2365 5379 quos
2394 5306 2529 5363 dicit
2554 5304 2741 5360 crucis
2775 5302 3070 5369 inimicos;
3103 5316 3229 5356 nam
3258 5298 3551 5354 contrario

1967 5403 2133 5459 modo
2163 5402 2232 5457 ad
2286 5401 2459 5468 illam,
2506 5400 2704 5470 inquit,
2735 5406 3064 5468 operantur,
3101 5396 3217 5464 ipsa
3273 5391 3556 5460 siquidem

1976 5506 2307 5563 generosum
2357 5489 2589 5560 requirit
2628 5488 2895 5552 animum,
2922 5486 3015 5556 qui
3046 5499 3108 5538 se
3161 5478 3424 5550 periculis
3455 5493 3559 5531 ex-

1977 5592 2167 5656 ponat,
2201 5591 2258 5638 et
2282 5582 2566 5654 pmpriunt
2599 5580 2849 5636 imitetur
2886 5576 3176 5631 Dominum
3213 5587 3227 5627 :
3259 5571 3315 5625 bi
3358 5578 3548 5624 autent

1977 5676 2154 5731 ventri
2204 5675 2480 5731 serviunt.
2538 5691 2556 5727 ι
2611 5672 2865 5738 Quorum
2914 5667 3045 5723 linis
3094 5663 3331 5736 perditio
3376 5669 3484 5718 est.
3520 5678 3556 5715 ν

1975 5768 2144 5825 Recte
2200 5769 2361 5823 linem
2414 5765 2552 5821 dixit
2580 5762 2966 5835 perditionem,
2996 5757 3043 5814 si
3076 5757 3142 5812 ad
3186 5756 3346 5810 linem
3375 5768 3551 5824 usque

1973 5862 2114 5920 tales
2147 5858 2554 5935 permanserint
2589 5872 2604 5912 :
2634 5861 2755 5912 erat
2780 5851 2933 5911 enim
2958 5849 3262 5909 verisimile
3288 5861 3383 5907 eos
3405 5861 3546 5920 qna-
