4136 6200
1698 480 2225 578 ΝΟΤΙΤΙΑ.

1273 683 1520 764 (Camn,
1557 679 1646 742 De
1675 678 1909 761 Script.
1941 680 2169 755 eodem,
2203 687 2250 742 t.
2279 681 2357 754 II,
2389 700 2453 762 p.
2485 680 2662 763 518.)

267 360 2280 387 ww

336 986 764 1056 (Ecumenius,
801 983 1004 1048 aetatis
1033 981 1225 1065 etiam
1257 977 1596 1065 admodum
1630 977 1886 1065 incerta
1917 980 2188 1065 scriptor
2213 985 2472 1065 Graecus
2492 981 2596 1061 (a).
2635 981 2712 1042 de
2742 1000 2868 1060 quo
2900 981 3097 1043 altum
3131 985 3445 1046 silentium
3497 987 3666 1065 apud

261 1079 494 1132 veteres
527 1088 650 1130 non
685 1070 1032 1143 incongrue
1063 1063 1144 1123 ad
1172 1078 1407 1121 annum
1433 1058 1559 1143 990
1595 1058 1871 1136 ponitur,
1904 1061 2104 1124 donec
2131 1073 2364 1122 certam
2391 1058 2826 1123 illiusmtatem
2859 1065 3106 1142 assequi
3132 1065 3334 1125 liceat.
3368 1058 3566 1128 Porro
3599 1073 3667 1128 ut

261 1155 320 1214 in
355 1153 550 1211 fronte
582 1139 1189 1210 Commentariorum
1229 1139 1656 1224 praemittitur,
1699 1143 1953 1224 nomina
1986 1153 2339 1224 auctorum,
2372 1163 2448 1224 ex
2499 1145 2728 1219 quibus
2789 1139 3112 1204 contexuit
3165 1147 3669 1224 lz'xplanau'onem

260 1252 418 1298 suum
449 1238 507 1289 in
540 1229 776 1291 Novum
809 1219 1277 1307 Testamentum,
1302 1222 1436 1307 base
1461 1228 1620 1307 sunt
1639 1237 1652 1307 ς
1683 1219 1930 1307 Papias,
1960 1227 2250 1307 Clemens.
2279 1223 2620 1284 Methodcus
2670 1227 3014 1307 Dionysius,
3053 1219 3326 1293 Irenaeus.
3361 1229 3660 1307 Origenes,

262 1252 418 1298 suum
449 1251 507 1289 οη
540 1245 776 1291 Novum
809 1245 1266 1288 I‘cslamenrum,
1302 1245 1436 1280 masc
1467 1245 1652 1278 sum;
1683 1245 1930 1298 raptas,
1960 1245 2250 1290 wemens.
2279 1245 2620 1284 manuatus
2670 1245 2841 1304 U10".
2874 1245 3014 1300 Slus,
3053 1245 3326 1293 Irenwus.
3361 1245 3660 1307 Urtgenes,

262 1315 635 1392 Hip/JOlylus:
668 1308 1054 1392 Athanasofs,
1093 1301 1404 1366 Eusebius.
1429 1301 1731 1392 ~Basilius,
1765 1302 2117 1392 Gregorius,
2146 1303 2470 1392 Ngssenus,
2508 1307 2782 1392 Aeacius,
2823 1245 3124 1392 Isidorus,
3157 1308 3425 1392 P/z‘utt'us,
3465 1307 3665 1392 Chry-

258 1382 552 1469 δυέιύηιῖις,
585 1389 908 1469 Gregorius
938 1382 1802 1469 Nazianze'ois.Severianus,
1841 1382 2477 1469 Gennadz'uszretas,
2523 1385 2823 1469 Andreas,
2893 1385 3303 1469 Caesariensis,
3369 1382 3663 1467 Cyrillds,

269 1461 868 1534 Τηροιίονξιαε,ῑυαι
904 1469 1095 1548 igitur
1127 1487 1205 1526 ex
1235 1465 1441 1548 citatis
1470 1461 2146 1548 auctoribusAndi-eas
2175 1467 2595 1538 Cassariensis,
2631 1467 2740 1548 qui
2771 1467 2835 1526 in
2871 1485 3016 1548 mss.
3049 1469 3234 1528 codd.
3281 1461 3668 1548 inscribitur,

255 1573 416 1614 anno
445 1553 692 1613 circiter
712 1550 830 1610 8η
861 1542 1198 1628 scripserit,
1238 1551 1298 1605 et
1329 1542 1590 1628 Photius'
1614 1546 2065 1628 annocirciter
2094 1545 2236 1628 880,
2274 1554 2342 1606 ut
2367 1553 2632 1628 constat,
2653 1542 2980 1617 ‘ﬂoruerit,
3017 1565 3158 1607 cum
3222 1555 3444 1609 Arelas
3502 1542 3670 1611 anno

255 1637 494 1696 circiter
523 1635 644 1692 920
671 1623 1002 1697 exstiterit,
1041 1637 1223 1698 recte,
1264 1641 1402 1684 meo
1427 1623 1682 1705 qui-lem
1717 1625 1982 1703 calculo,
2017 1627 2386 1704 scriptorem
2417 1627 2584 1687 hunc
2616 1628 2818 1687 Cavus
2838 1645 3024 1705 quem
3061 1628 3406 1704 sequimur,
3441 1631 3522 1690 ad
3553 1648 3668 1690 an-

259 1734 404 1775 num
435 1713 553 1774 990
583 1713 923 1774 collocasse
958 1709 1222 1770 videtur.
1256 1708 1520 1787 Exstant
1550 1702 1746 1780 ipsius
1774 1702 2216 1768 Enarrationes
2246 1714 2310 1766 in
2342 1709 2498 1768 Acta
2525 1702 2949 1787 apostolorum,
3006 1709 3069 1767 in
3117 1702 3425 1786 Epistolas
3477 1712 3681 1771 sancti

255 1794 441 1855 Pauli
467 1813 682 1868 omnes,
714 1812 772 1852 es
804 1794 867 1850 in
887 1809 1082 1850 omnes
1112 1785 1463 1870 (.‘awonicas,
1507 1801 1666 1870 quas
1723 1787 2009 1870 sequitur
2069 1785 2832 1870 (,‘omimentariini1Arel/iao
2863 1790 2926 1848 in
2984 1785 3420 1870 Apocalypsim.
3483 1791 3668 1850 Edita

261 1866 706 1939 Commentario
729 1871 1083 1935 (Ecumem'i
1109 1880 1166 1930 et
1196 1866 1434 1928 Arellaa’
1471 1866 1740 1946 primum
1771 1868 1979 1937 Graece
2012 1875 2164 1946 tvpo
2200 1887 2452 1943 prorsus
2483 1867 2711 1946 insigni
2734 1870 2995 1929 Veronae
3027 1866 3087 1928 in
3120 1866 3270 1930 folio
3300 1888 3468 1929 anno
3494 1871 3669 1933 I532.

258 1975 294 2016 a
332 1961 568 2018 Donato
601 1953 963 2022 Veronensi,
997 1953 1205 2011 dicata
1236 1944 1540 2010 Clementi
1577 1962 1755 2027 papae
1792 1949 1920 2019 VII,
1955 1944 2098 2027 quia
2130 1950 2359 2009 ibidem
2386 1944 2801 2010 recusa—anno
2837 1949 3012 2009 1562.
3046 1952 3280 2010 Ilorum
3314 1950 3665 2011 versionem

255 2038 317 2097 in
352 2039 625 2114 linguam
661 2038 950 2095 Latinam
983 2050 1314 2110 aggressus
1345 2033 1438 2114 est.
1472 2025 1722 2114 Levanii
1757 2048 1926 2114 anno
1965 2025 2112 2114 [545
2162 2030 2866 2114 ,Ιφᾶηηθξ-Ηθῃιθῃίυε,
2912 2031 3394 2114 _Meehliniensi_s
3450 2031 3666 2114 Belga,

258 2105 602 2177 monachus
635 2105 1183 2192 Hieronymia'nus,
1215 2131 1358 2191 quae
1395 2105 1644 2167 Parisiis
1669 2123 1838 2172 anno
1870 2112 2023 2172 154³1
2055 2113 2119 2171 in
2155 2111 2264 2173 fol.
2300 2111 2552 2191 prodiit.
2589 2111 2870 2190 Denique
2899 2112 3111 2172 Graece
3144 2119 3206 2174 et
3235 2112 3457 2173 Latine
3486 2105 3661 2172 Pari?

263 2199 371 2258 siis
401 2196 576 2269 1631,
610 2194 646 2254 2
679 2195 862 2256 tomis
891 2194 953 2254 in
983 2195 1159 2254 folio.

274 2324 3670 2349 Μ

1264 2421 1655 2468 SANCTISSIIO
1698 2421 1774 2466 AC
1820 2419 2179 2468 REATISSIMO
2223 2419 2403 2467 PATRI
2443 2420 2683 2468 NOSTBO

1136 2560 1595 2622 CLEMENTI
1666 2558 1795 2621 VII
1864 2557 2346 2621 PONTIFICI
2418 2558 2787 2622 MAXIMO

1611 2708 1884 2756 DONA'I'US
1929 2708 2326 2755 VEBONENSIS.

1642 2824 1783 2906 (Ed.
1815 2825 2047 2889 Veron.
2074 2824 2285 2907 1532.)

335 2988 508 3060 Quod
545 2988 606 3048 in
643 2989 1096 3066 Chrysostomo
1119 2986 1312 3047 animi
1345 2986 1613 3063 primum
1648 2986 1870 3047 habuit
1902 2992 2045 3047 tuus
2080 2987 2178 3047 hic
2211 2987 2425 3064 tuique
2457 2987 2926 3047 amantissimus
2951 2993 3139 3065 atque
3195 2985 3674 3047 observantissi-

258 3088 397 3129 mus
430 3071 598 3129 titius
626 3071 947 3138 Giliertus,
978 3069 1334 3128 beatissime
1371 3070 1572 3138 Pater,
1600 3070 1896 3145 quodque
1927 3068 2150 3128 deinde
2183 3067 2242 3126 in
2277 3069 2638 3143 Euthymiu,
2671 3087 2742 3127 ac
2793 3076 3130 3142 postremo.
3164 3067 3227 3126 in
3282 3069 3672 3128 Damasceno

253 3169 441 3228 quem
473 3151 758 3228 proxime
832 3149 1204 3226 impressum
1239 3151 1390 3208 Tua:
1419 3150 1750 3208 Sanctitati
1781 3150 2120 3207 dicandum
2155 3151 2396 3207 curavit
2429 3166 2442 3206 :
2479 3149 2640 3207 idem
2675 3149 2734 3206 in
2773 3148 2939 3206 hisce
2977 3147 3446 3228 commentariis
3505 3164 3673 3210 nunc

253 3227 444 3290 habet
474 3227 487 3291 ἐ
527 3241 593 3290 ut
621 3249 728 3290 eos
759 3230 867 3289 alii
899 3230 1052 3288 nulli
1087 3230 1466 3295 mortalium,
1505 3231 1611 3288 Sed
1649 3231 1751 3287 uni
1789 3229 1900 3286 tibi
1935 3237 2232 3304 tauquam
2266 3228 2569 3304 singulari
2601 3228 2849 3287 cuidam
2883 3245 2997 3287 suo
3030 3229 3269 3287 numini
3303 3227 3488 3288 dicet.
3527 3229 3678 3288 Hos-

248 3329 325 3370 ce
358 3312 552 3389 igitur
583 3311 663 3371 ab
695 3312 914 3372 eodem
949 3310 1161 3369 animo
1196 3312 1508 3387 profectos
1533 3317 1594 3369 tu
1628 3309 1894 3368 vicissim
1929 3316 2147 3366 eadem
2182 3310 2390 3366 vultus
2422 3309 2780 3382 serenitate,
2817 3327 2940 3384 quo
2967 3310 3319 3384 superiores
3363 3310 3527 3386 illos,
3569 3325 3674 3369 ac-

251 3391 580 3467 cipieszet
623 3393 805 3466 juxta
848 3391 994 3450 illos
1034 3397 1094 3448 in
1147 3391 1536 3466 ampli-sima
1593 3391 1708 3447 ista
1738 3389 2151 3464 omniumque
2184 3394 2315 3448 toto
2337 3391 2489 3447 orbe
2523 3389 2931 3448 celeberrima
2959 3389 3229 3450 Rumina
3289 3391 3676 3450 bibliotheca

253 3471 606 3530 collocabis
639 3491 655 3531 :
690 3471 887 3547 utip~i
919 3489 1176 3548 quoque
1207 3490 1344 3528 cum
1381 3489 1516 3529 eam
1553 3468 1664 3527 sibi
1697 3471 1908 3528 sedem
1972 3469 2278 3528 delectam
2331 3469 2914 3540 animadverterint,
2979 3487 3119 3529 cum
3181 3469 3432 3529 illorum
3494 3468 3674 3547 quasi

266 3550 844 3609 amantissimorum
877 3552 1139 3610 fratrum
1173 3550 1626 3609 consuetudine
1657 3558 1716 3608 et
1747 3555 2028 3625 aspectu,
2065 3557 2193 3607 tum
2229 3551 2315 3608 tui
2351 3550 2624 3610 numinis
2649 3549 3000 3627 praesentia,
3035 3551 3303 3610 laetiores
3335 3552 3395 3609 in
3453 3566 3674 3626 perpe-

270 3637 455 3688 tuum
491 3629 757 3704 degant:
788 3644 839 3689 et
875 3635 1232 3708 quicunque
1258 3636 1332 3690 ad
1369 3649 1432 3688 se
1465 3632 1859 3698 accesserint,
1895 3630 2032 3704 eius
2062 3631 2366 3689 doctrinae
2400 3631 2607 3706 cupidi
2643 3634 2819 3707 quasi
2853 3631 2966 3708 ipsi
3002 3632 3252 3690 abunde
3277 3631 3673 3703 referti-unt,

259 3727 591 3788 quamque
623 3727 684 3770 se
717 3711 1056 3770 tradituros
1091 3712 1490 3790 profitentur,
1524 3729 1630 3770 eos
1660 3730 1696 3769 a
1719 3730 1782 3769 se
1817 3711 2046 3768 talibus
2089 3713 2417 3787 praeceptis
2475 3711 2771 3778 imbutos,
2833 3711 3013 3786 quasi
3062 3712 3267 3787 epulis
3295 3712 3672 3786 quibusdam

261 3809 390 3848 non
449 3790 634 3849 modo
682 3791 1137 3862 salubeirimis,
1187 3793 1292 3851 sed
1341 3793 1528 3851 etiam
1583 3791 1970 3850 suavissimis
1999 3791 2280 3860 satiatos,
2314 3810 2387 3850 ex
2421 3792 2539 3850 isto
2573 3801 2695 3850 tam
2731 3792 2943 3868 amplo
2973 3800 3229 3866 tamque
3261 3791 3485 3850 illustri
3535 3792 3673 3851 loco

268 3869 614 3929 dimittant.
650 3872 898 3930 Etenim
933 3890 1072 3931 cum
1106 3873 1310 3932 omnis
1337 3873 1689 3930 divmorum
1719 3872 2016 3929 librorum
2041 3873 2231 3930 series
2263 3891 2419 3946 quos
2441 3873 2776 3932 canonicos
2809 3880 3059 3941 vocant,
3094 3874 3446 3950 quibusque
3465 3871 3671 3931 omnis

269 3969 444 4009 sacra
475 3953 764 4010 doctrina
794 3952 1174 4021 continetur,
1205 3953 1266 4012 in
1301 3954 1454 4012 duas
1486 3953 1685 4011 divisa
1717 3953 1793 4011 sit
1826 3959 2031 4028 partes
2064 3968 2077 4009 :
2115 3970 2380 4028 quarum
2420 3971 2564 4025 una,
2608 3954 2799 4011 Vetus
2835 3955 3001 4030 quod
3052 3963 3276 4012 vocant
3304 3956 3671 4013 Testamen-

268 4039 426 4101 tum,
463 4034 660 4090 altera
695 4051 924 4090 novum
960 4040 1250 4110 amplexa
1281 4039 1374 4092 est
1407 4053 1421 4094 :
1457 4034 1535 4092 ab
1567 4034 1742 4092 initio
1773 4034 2026 4108 quidem
2061 4033 2378 4109 religionis
2411 4042 2638 4093 nostra:
2670 4033 2727 4092 in
2763 4042 3024 4111 utraque
3057 4033 3266 4112 lingua
3298 4054 3421 4093 non
3458 4035 3672 4093 defue-

265 4121 420 4170 runt
451 4120 510 4170 et
534 4113 763 4171 celebri
795 4116 1123 4173 sanctitate
1154 4122 1215 4174 et
1251 4117 1567 4190 pia3~tanti
1603 4114 1889 4172 doctrina
1923 4114 2190 4190 praediti,
2227 4114 2333 4189 qui
2363 4121 2560 4172 totum
2596 4115 2746 4172 illud
2809 4115 2988 4190 quasi
3039 4115 3303 4174 cmleslis
3348 4114 3674 4190 sapientia:

261 4210 524 4265 corpus.
560 4194 744 4250 editis
760 4194 1161 4268 amplissimis
1191 4195 1747 4264 eruditissimisiue
1767 4194 2260 4258 commentariis,
2294 4195 2470 4253 nobis
2495 4203 2896 4272 exponerent.
2927 4197 3233 4255 Caeterum
3258 4213 3395 4254 cum
3424 4197 3673 4254 illorum

261 4274 528 4350 quidem
565 4275 992 4352 unusquisque
1026 4277 1180 4333 bene
1202 4293 1350 4334 sane
1381 4278 1616 4339 omnia,
1641 4284 1708 4334 ut
1735 4275 1921 4332 homo
1955 4282 2188 4341 tamen,
2224 4294 2343 4332 non
2377 4275 2614 4348 nptime
2655 4276 2866 4333 omnia
2897 4278 3286 4352 exposuisset
3321 4296 3334 4335 :
3378 4275 3673 4333 studio~i-

260 4372 392 4430 que
425 4360 551 4411 tam
587 4372 655 4411 ex
693 4355 1004 4425 omnibus,
1039 4373 1226 4430 quam
1258 4375 1333 4414 ex
1365 4356 1626 4430 singulis
1659 4375 1732 4412 ne
1769 4355 1946 4413 facile
1978 4355 2216 4432 Optima
2248 4355 2407 4432 elegi
2443 4366 2716 4431 possent,
2754 4357 2885 4432 ipsa
2917 4363 2978 4414 et
3001 4357 3377 4430 scriptorum
3409 4363 3469 4413 et
3493 4357 3674 4412 libro-

262 4451 409 4491 rum
449 4434 849 4494 multitudine
890 4435 1366 4510 impediventur,
1414 4454 1524 4494 nec
1557 4435 1868 4494 immerito
1908 4435 2085 4510 quasi
2118 4436 2310 4494 dubia
2343 4439 2616 4512 quadam
2651 4455 2829 4494 coena
2860 4437 3168 4512 apposita,
3223 4436 3371 4512 quid
3427 4434 3674 4511 potissi-

261 4531 446 4593 mum
479 4522 819 4583 sumerent,
852 4515 1213 4576 dubitarent
1246 4537 1259 4573 :
1297 4515 1668 4574 exstiterunt
1701 4517 1808 4574 alii
1837 4516 2034 4573 sancti
2070 4515 2363 4593 doctique
2424 4516 2560 4590 viri,
2614 4516 2722 4593 qui
2769 4516 2958 4576 etiam
3020 4516 3180 4574 hanc
3237 4515 3674 4573 difficultatem

258 4592 566 4652 studiosis
596 4595 949 4654 adimo-rent
979 4614 994 4663 ;
1031 4598 1137 4674 qui
1172 4595 1457 4655 videlicet
1490 4615 1609 4653 non
1648 4615 1838 4654 novas
1869 4595 2065 4672 quasd
2093 4615 2171 4654 im
2197 4614 2234 4654 a
2264 4592 2328 4653 se
2377 4595 2436 4654 in
2452 4592 2664 4656 venias
2695 4597 3243 4674 interpretationes
3303 4595 3676 4671 proferrent,

258 4673 379 4755 sed
414 4674 495 4731 ab
524 4673 774 4733 illorum
811 4673 1212 4755 unoanque,
1249 4695 1375 4754 quo
1408 4677 1701 4750 diximus,
1736 4677 1813 4735 ad
1846 4695 2168 4734 sacrorum
2207 4677 2508 4736 librorum
2562 4673 3059 4738 illustrationem,
3121 4675 3361 4749 Optima
3407 4694 3548 4753 quas
3573 4693 3676 4752 {ne

261 4753 584 4829 eligentes
614 4765 1018 4832 excerperent
1049 4775 1061 4816 :
1094 4753 1157 4816 et
1186 4753 1479 4816 omnibus
1510 4775 1649 4833 quai
1681 4758 1768 4815 ita
1821 4756 1964 4816 hinc
1996 4768 2185 4834 atque
2234 4759 2407 4817 illinc
2439 4759 2910 4834 eXrerpsissent.
2947 4764 3272 4816 auctorum
3303 4775 3556 4816 suorum
3581 4775 3683 4816 no-

260 4833 892 4916 mina‘apponerc-nl.
925 4836 1036 4896 Cui
1071 4837 1154 4896 rei
1186 4839 1388 4897 simile
1419 4839 1714 4912 quiddam
1751 4838 1789 4897 ii
1823 4838 1928 4914 qui
1962 4833 2247 4913 dialogos
2278 4839 2581 4907 scribunt,
2617 4833 2818 4897 facere
2855 4837 3183 4896 videntur:
3222 4856 3332 4914 per
3374 4839 3488 4896 hac
3534 4838 3682 4916 qui-

256 4916 414 4975 dem
450 4913 535 4973 illi
569 4917 1015 4994 significantes,
1053 4917 1208 4977 nihil
1250 4936 1314 4977 se
1359 4917 1421 4976 in
1461 4917 1580 4977 hoc
1619 4913 1947 4978 verborum
1984 4919 2225 4978 dedisse
2278 4919 2650 4995 legentibus.
2685 4919 2788 4977 sed
2824 4937 3013 4977 unum
3049 4913 3355 4978 duntaxat
3410 4913 3686 4994 eligendi

258 4996 716 5077 scribendique
747 4997 864 5056 sibi
895 4998 1169 5058 laborem
1210 5017 1552 5077 curamque
1577 5001 1953 5070 sumpsisse:
1991 5008 2059 5056 ut
2091 5002 2208 5059 hoc
2245 5008 2428 5076 pacto
2456 5008 2516 5058 et
2546 4998 2806 5058 studiosi
2837 4999 3198 5077 quicunque
3233 4998 3420 5074 hujus
3455 4997 3686 5058 laboris

257 5075 476 5159 futuri
505 5084 728 5159 essent.
763 5079 942 5155 quasi
972 5079 1158 5138 vades
1207 5081 1404 5156 quosd
1432 5075 1512 5138 {m
1547 5086 1609 5137 et
1659 5079 2056 5151 ﬁdeiussores
2088 5075 2467 5141 certissimos
2497 5075 2885 5150 singularum
2907 5080 3395 5159 expositionum,
3433 5077 3688 5157 propria

261 5156 383 5214 illa
419 5158 676 5217 nomina
711 5158 1009 5218 baberent
1045 5177 1057 5218 :
1098 5166 1160 5219 et
1191 5160 1242 5218 is
1268 5159 1377 5236 qui
1406 5160 1511 5218 illa
1544 5160 1621 5218 ad
1655 5160 1988 5219 utilitatem
2022 5161 2301 5220 omnium
2337 5159 2710 5232 collegisset.
2746 5162 2917 5220 omni
2948 5156 3134 5235 culpa
3166 5180 3286 5220 non
3315 5161 3515 5220 solum
3551 5156 3689 5219 am-

277 5236 559 5318 bitionis,
593 5240 701 5297 sed
744 5239 936 5299 etiam
973 5240 1209 5298 fraudis
1257 5240 1633 5318 invidiaque
1666 5247 1935 5300 vacaret.
1972 5245 2060 5301 Ac
2094 5249 2334 5300 tantum
2369 5241 2620 5317 quidem
2654 5242 2829 5300 abest
2860 5248 2926 5300 ut
2957 5243 3149 5301 ullam
3185 5241 3302 5300 sibi
3332 5241 3580 5299 laudem
3613 5256 3692 5300 ex

277 5312 406 5375 hoc
435 5319 732 5397 quaesisse
763 5321 1100 5380 videantur
1129 5321 1490 5400 quicunque
1523 5312 1887 5399 huiusmodi
1917 5322 2125 5382 studio
2158 5312 2452 5380 delectati
2481 5329 2648 5393 sunt,
2683 5330 2751 5382 ut
2779 5322 2878 5382 vix
2911 5341 3127 5383 eorum
3163 5341 3352 5382 unum
3395 5327 3506 5381 aut
3535 5321 3694 5381 alte-

345 5514 433 5582 (a)
475 5513 1038 5589 Episcopumfuisse
1060 5515 1573 5589 OEcumeniumet
1595 5516 1788 5589 sedem
1823 5515 2041 5589 Tricca!
2067 5516 2126 5569 in
2166 5514 2471 5589 Thessalia
2526 5517 2782 5572 tenuisse
2814 5517 3070 5585 prodidit
3109 5521 3408 5587 excerptor
3453 5517 3695 5589 quidam

253 5588 797 5713 anfnggiuspapud
831 5587 898 5644 D.
929 5589 1098 5645 Bern.
1133 5591 1204 5644 de
1229 5587 1672 5646 Montet‘alconis
1703 5588 1762 5644 in
1783 5586 2129 5644 Bibliotheca
2162 5587 2534 5646 Coislt’niana.
2566 5606 2697 5662 pag.
2729 5589 2856 5657 277,
2884 5590 3035 5660 quod
3069 5596 3234 5645 aatea
3282 5586 3490 5646 omnes
3538 5591 3698 5661 Iuge-

261 5675 338 5714 ra
379 5699 390 5712 .
513 5674 584 5713 ιτ.
663 5675 795 5713 ATR-

489 5774 758 5838 PAIROL.
803 5774 914 5837 Gn.
962 5775 1230 5838 CXVIII.

470 5910 539 6034 ς

277 6133 304 6162 .
322 6009 587 6162 ex“?
