4134 6196
414 267 478 348 ιι
1437 277 1934 342 (ECUMENIUS
1977 273 2284 337 TltICCJE
2330 256 2775 341 spissopns.
3741 275 3817 348 is

411 441 552 484 rum
585 419 892 492 invenias,
924 415 1272 498 prasertim
1307 416 1474 493 apud
1518 417 1787 476 Giacos.
1821 412 1930 491 qui
1960 411 2373 498 inscriptione
2399 413 2612 498 aliqua
2636 431 2816 498 suum
2851 432 3080 498 nomen
3112 414 3593 498 significandum
3627 425 3817 496 puta-

411 505 592 564 verit.
626 505 844 578 llaque
883 495 942 558 in
981 499 1100 558 hoc
1131 517 1357 574 genere
1389 515 1604 578 omnes
1633 496 2085 572 propemodum
2121 495 2554 578 sacroslibros
2587 495 2817 572 quique
2849 497 2924 554 ad
2961 497 3227 567 Novum,
3251 497 3487 576 quique
3516 502 3592 558 ad
3625 495 3818 562 Vetus

411 575 912 645 Instrumentum
952 600 1008 654 pc
1033 580 1282 648 rlinent,
1307 581 1520 637 Graece
1551 577 1856 656 habt-mus
1878 583 2214 656 expositos,
2249 575 2420 634 nullo
2452 575 2589 652 ejus
2623 577 2960 654 [)r&:[)01~il0
2984 578 3236 636 nomine
3277 575 3395 656 qui
3441 579 3554 638 tali
3605 580 3818 644 labore

413 665 494 726 sit
527 667 795 732 functus,
833 661 1078 719 tametsi
1111 662 1168 717 in
1207 663 1298 716 his
1329 658 1480 735 ipsis
1511 655 1617 732 qui
1649 674 1812 714 nunc
1843 656 1903 714 in
1938 655 2224 714 manibus
2253 662 2422 724 sunt,
2455 665 2512 714 et
2538 674 2697 734 quos
2728 675 2893 716 nunc
2923 658 3258 735 impressus
3291 655 3439 718 Tua
3485 662 3820 724 Sanctitati

413 747 719 812 dicamus,
757 743 1113 800 Beatissime
1146 739 1350 806 Pater,
1389 755 1506 796 auc
1537 755 1708 795 orem
1744 753 1959 798 unum.
1998 735 2444 796 OEcumenium
2480 736 3032 813 deprehendimus,
3067 747 3120 798 et
3157 739 3304 798 item
3339 742 3630 811 alterum,
3665 747 3818 804 Are-

415 827 616 884 tham.
652 824 824 894 Quod
861 823 1063 899 ip~um
1100 839 1224 896 qua
1252 820 1611 894 conjectura
1638 823 1806 875 ducti
1841 816 2157 899 afﬁrmare
2177 818 2312 899 ausi
2335 817 2550 899 simus,
2585 817 2806 876 melius
2837 818 3354 896 commodiusque
3379 821 3576 881 altera
3607 825 3816 886 Graece

463 906 752 982 iaposita
787 897 1264 982 pral‘atiuncula
1289 900 1692 982 indicandum
1727 897 2059 982 duximus;
2095 903 2173 982 ut
2192 897 2242 954 si
2274 897 2382 982 qui
2413 897 2762 956 litterarum
2791 905 3146 982 nostrarum
3179 901 3480 982 ignariad
3515 902 3635 962 hoc
3655 923 3814 982 opus

441 977 752 1063 ege'ndum
787 977 1185 1050 accesserint,
1221 979 1497 1063 habeant
1527 978 1646 1056 ipsi
1674 996 1946 1063 -quoque
1986 977 2046 1036 in
2084 977 2284 1063 primo
2315 977 2838 1063 ingressuoperis
2886 979 3122 1058 aliquid
3158 981 3431 1053 luminis,
3477 977 3813 1061 qualecun-

411 1057 534 1143 qu'e
563 1066 626 1125 id
658 1065 756 1135 sit,
782 1063 952 1140 quod
983 1075 1348 1143 sequantur.
1383 1062 1463 1121 Ut
1493 1077 1640 1143 vero
1673 1057 1836 1143 hanc
1859 1063 2102 1135 purtem
2137 1057 2527 1143 potissimum
2561 1058 2871 1143 Gibertus,
2913 1057 3004 1143 ex,
3027 1066 3204 1143 tanta
3234 1057 3808 1143 copiaimurimen-

409 1137 558 1206 dam
591 1137 921 1214 curaverit,
959 1161 1033 1202 ea
1063 1137 1305 1200 ratione
1335 1141 1396 1200 in
1433 1141 1651 1219 primis
1679 1140 1905 1198 ductus
1934 1143 2066 1197 est:
2101 1139 2268 1214 quod
2301 1137 2423 1198 hoc
2454 1156 2648 1198 unum
2680 1140 2860 1200 nobis
2887 1140 2963 1199 ad
2997 1140 3134 1217 ejus
3191 1137 3388 1219 partis
3444 1142 3800 1207 divinorum

407 1226 714 1285 librorum
750 1224 997 1301 plenam
1029 1221 1610 1300 interpretationem
1637 1218 2244 1301 habendam,_4quam
2279 1220 2530 1301 Novum
2560 1221 3030 1301 Testamentum
3062 1218 3316 1295 vocnnt,
3351 1222 3566 1284 deese
3595 1243 3809 1286 cerne-

407 1305 538 1364 bat.
571 1298 1272 1374 Nam—divusTbomas,
1311 1319 1472 1360 unus
1495 1319 1570 1360 ex
1601 1300 1770 1360 hisce
1796 1298 2498 1381 junioribustheologis
2529 1300 2800 1360 maxime
2830 1300 3095 1360 celebris
3124 1308 3315 1381 atque
3361 1303 3644 1376 illustris,
3679 1307 3810 1368 sive

408 1388 656 1446 Graecos
677 1387 1030 1454 amulatus,
1055 1402 1214 1460 quos
1244 1382 1497 1441 videbat
1525 1383 1588 1438 in
1623 1381 1740 1440 hoc
1761 1387 2006 1439 tantum
2039 1379 2229 1438 studii
2258 1381 2559 1456 posuisse,
2591 1381 2720 1461 sive
2750 1399 2863 1441 suo
2894 1382 3166 1459 quodam
3201 1379 3422 1461 spiritu
3447 1385 3696 1458 ductus,
3730 1404 3809 1447 ne

411 1465 532 1527 hoc
565 1467 818 1542 quidem
847 1459 1084 1524 laboris
1109 1481 1304 1540 genus
1335 1463 1728 1542 inexpertum
1759 1461 2144 1542 intactumve
2191 1461 2484 1536 reliquit:
2517 1459 2624 1519 sed
2655 1462 2712 1520 in
2747 1480 2939 1521 unum
2975 1463 3218 1522 collatis
3236 1459 3540 1542 plurimis
3565 1485 3638 1525 ex
3686 1467 3810 1528 illis

407 1541 640 1606 sanctis
693 1545 838 1605 viris
888 1546 992 1622 qui
1049 1543 1229 1601 nobis
1281 1543 1358 1600 ab
1403 1541 1580 1600 initio
1641 1541 1886 1622 divinas
1931 1541 2172 1622 litteras
2228 1549 2677 1617 eXpusuciunt,
2713 1559 2822 1601 nec
2851 1545 3039 1603 modo
3071 1544 3318 1614 nostris,
3355 1564 3565 1606 verum
3615 1551 3807 1607 etiam

407 1630 663 1694 Graecis,
707 1643 867 1702 quos
897 1620 958 1684 in
999 1624 1283 1682 Latinum
1314 1640 1657 1704 conversos
1691 1620 1986 1688 habebat,
2023 1621 2084 1704 in
2119 1629 2392 1704 quatuor
2434 1622 2770 1704 Evangelia
2803 1641 2963 1701 opus
2991 1623 3332 1684 elaboravit
3371 1641 3385 1698 ;
3419 1627 3586 1704 qurd
3618 1628 3806 1688 etiam

405 1717 640 1785 praeter
672 1701 908 1765 morem
947 1707 1307 1785 Gracorum
1343 1721 1457 1761 suo
1495 1702 1744 1785 nomine
1779 1702 2115 1778 praeposito
2148 1705 2222 1758 ad
2274 1701 2411 1778 ejus
2445 1703 2614 1785 modi
2670 1704 2947 1762 laborem
2999 1701 3467 1784 illustrandum,
3526 1711 3806 1769 Calenam

403 1782 666 1848 Auream
690 1788 1072 1867 appellavit:
1111 1783 1297 1861 hujus
1331 1801 1475 1867 vero
1511 1783 1903 1867 partis,_qua
1931 1793 2280 1867 supererat,
2317 1782 2600 1867 membra
2625 1791 2738 1867 aut
2761 1801 2882 1844 non
2917 1785 3149 1861 attigit,
3198 1794 3308 1846 aut
3355 1782 3483 1846 suis
3531 1791 3803 1867 propriis

407 1861 1045 1928 commentationibus
1077 1867 1386 1942 exposuit.
1415 1863 1630 1938 Itaque
1655 1862 1968 1924 Gubertus.
2007 1880 2082 1920 ne
2113 1861 2348 1942 diutius
2377 1863 2638 1922 studiosi
2671 1881 2988 1924 sacrarum
3041 1867 3389 1926 litterarum
3439 1861 3668 1928 similis
3707 1870 3801 1930 la-

403 1948 574 2006 boris
603 1948 790 2006 etiam
825 1948 884 2004 in
923 1947 1080 2003 hanc
1115 1941 1352 2022 partem
1389 1943 1697 2002 desiderio
1731 1949 2110 2012 tenerentur,
2147 1941 2308 2023 hanc
2341 1947 2604 2018 primam
2638 1945 2920 2003 omnium
2953 1949 3212 2023 aggredi
3258 1949 3475 2007 statuit
3509 1969 3522 2007 :
3556 1968 3630 2008 eo
3663 1967 3801 2009 ma-

403 2029 497 2105 gis
527 2029 694 2105 quod
724 2037 950 2104 piatur
975 2025 1100 2084 divi
1129 2025 1302 2084 Pauli
1329 2024 1660 2100 Epistolas,
1697 2025 1950 2105 reliqua
1970 2041 2109 2105 qua
2146 2023 2243 2080 hic
2267 2022 2580 2082 habentur
2609 2027 2912 2101 eXposita,
2947 2022 3070 2084 non
3103 2028 3305 2087 solum
3347 2031 3654 2104 ejusmodi
3687 2035 3800 2091 tia-

403 2102 609 2166 tenam
645 2102 880 2166 nullam
913 2107 1230 2165 habrbant
1261 2107 1428 2180 apud
1465 2122 1756 2186 nos,qua
1789 2102 2473 2186 percipieordmisensa
2505 2107 2828 2186 tenerique
2859 2114 3136 2182 possent,
3170 2108 3274 2166 sed
3337 2102 3411 2168 ne
3463 2111 3798 2186 expositio-

399 2207 510 2247 nes
541 2190 795 2265 quidem
829 2189 1087 2246 omnino
1119 2187 1383 2262 alicujus
1414 2185 1658 2261 generis
1699 2186 1876 2242 ullas.
1911 2184 2174 2265 Multum
2210 2185 2394 2242 etiam
2431 2185 2489 2242 in
2525 2185 2643 2244 hoc
2677 2186 3152 2246 valuitJoannis
3189 2189 3463 2248 Lascaris
3485 2184 3799 2250 commen-

399 2264 574 2326 datiu
607 2288 622 2330 ε
653 2269 760 2344 qui
795 2269 886 2326 vir
911 2287 984 2326 ea
1014 2268 1300 2326 doctrina
1331 2277 1388 2324 et
1421 2267 1706 2324 claritate
1729 2266 1824 2322 his
1857 2264 2244 2340 temporibus
2281 2273 2606 2342 praestans,
2640 2284 2830 2342 quam
2855 2285 3074 2326 omnes
3101 2279 3357 2340 norunt,
3383 2270 3799 2331 Gibertoanc—

399 2357 495 2408 tor
515 2357 649 2409 erat
683 2357 749 2408 ut
779 2347 915 2408 hac
949 2348 1336 2425 potissimum
1377 2364 1520 2423 pars
1551 2347 1859 2404 ederetur.
1895 2345 2050 2402 Nam
2087 2345 2207 2404 hoc
2237 2363 2488 2427 quoque
2519 2345 2580 2403 in
2615 2346 2833 2423 primis
2864 2349 3020 2407 scire
3061 2357 3331 2427 oportet.
3377 2368 3516 2409 cum
3569 2351 3796 2427 hujus-

393 2429 639 2489 cemodi
663 2429 1128 2506 expositionum
1164 2427 1396 2486 Catena
1427 2445 1502 2508 ex_
1537 2427 1652 2485 hac
1685 2437 1860 2508 parte
1891 2443 2080 2501 quam
2117 2442 2279 2508 nunc
2304 2425 2556 2508 damus,
2603 2445 2676 2485 ea
2710 2428 2950 2508 ratione
3003 2425 3388 2508 interpositis
3439 2425 3797 2492 nominibus

392 2528 578 2586 quam
611 2505 834 2569 Latine
865 2517 1147 2567 secutum
1191 2509 1404 2566 divum
1435 2505 1742 2566 Thomam
1777 2505 2080 2587 videmus,
2115 2507 2176 2564 in
2224 2507 2391 2564 solas
2423 2505 2547 2564 divi
2576 2507 2758 2566 Pauli
2797 2509 3104 2586 Epistolas
3157 2505 3323 2587 apud
3367 2512 3616 2571 Gracos
3671 2513 3794 2571 cir-

393 2597 808 2648 cumlerretur
843 2606 856 2648 :
887 2590 1206 2649 Gibertum
1243 2595 1450 2646 tamen
1477 2587 1644 2646 illius
1677 2586 1790 2646 viri
1821 2587 2120 2646 benelicio
2153 2591 2210 2645 et
2245 2604 2500 2645 munere
2531 2587 2856 2664 exemplar
2902 2599 3154 2648 nactum
3191 2586 3348 2651 miro
3380 2591 3615 2652 librarii
3647 2592 3795 2652 arti-

391 2669 535 2729 ﬁcio
563 2677 945 2747 suinptuque
995 2671 1376 2746 descriptum
1430 2667 1842 2746 apprimeque
1871 2673 2181 2726 vetustum
2219 2666 2280 2724 in
2313 2685 2438 2743 quo
2468 2667 2648 2748 Pauli
2679 2667 2932 2744 quidem
2965 2671 3256 2746 Epistula
3315 2671 3627 2748 ejusmodi
3681 2691 3794 2732 no-

394 2751 562 2809 mina
597 2770 715 2810 non
746 2750 1137 2827 interposita,
1175 2759 1240 2807 ut
1272 2749 1330 2807 in
1365 2749 1528 2820 aliis,
1565 2749 1670 2806 sed
1694 2829 1701 2830 ί
1725 2767 1781 2806 ιη
1819 2748 2101 2824 margine
2132 2748 2442 2830 asccripta
2475 2747 2744 2806 habent:
2780 2749 2916 2830 ipse
2945 2768 3091 2808 vero
3124 2747 3584 2830 expositionum
3643 2769 3792 2812 con-

387 2837 597 2890 textus
630 2851 751 2890 non
785 2849 962 2890 secus
983 2831 1388 2890 continuatur
1415 2847 1487 2887 ac
1519 2830 1567 2886 si
1602 2829 1822 2888 unicus
1852 2835 2013 2887 esset
2043 2828 2310 2904 scriptor
2341 2827 2448 2904 qui
2479 2847 2654 2886 suam
2689 2829 3031 2904 quamdam
3059 2827 3284 2892 novam
3321 2834 3791 2895 commentatio-

387 2930 528 2992 nem
563 2911 622 2968 in
654 2912 802 2969 illud
837 2931 993 2987 opus
1025 2913 1294 2992 atl‘erret.
1335 2911 1608 2992 Denique
1639 2913 1796 2968 Acta
1828 2910 2178 2992 apostolica
2203 2914 2267 2966 ut
2295 2907 2632 2968 Catholica
2666 2927 2807 2986 qua
2868 2911 3160 2970 dicuntur
3219 2913 3510 2990 Epistola
3597 2921 3787 2992 atque

383 2991 530 3050 item
560 2992 968 3069 Apocalypsis
999 2991 1150 3048 nihil
1189 2990 1408 3048 taliim
1445 2989 1764 3048 numinum
1803 3008 2000 3066 neque
2025 2988 2363 3064 ascriptum
2403 3007 2654 3064 pror-us
2695 3008 2895 3066 neque
2937 2988 3370 3069 interpositum
3410 2988 3790 3054 Ιιεϋρη1.”Εχ

380 3069 501 3130 hoc
533 3081 741 3130 autem
775 3071 1144 3148 exemplari,
1178 3069 1420 3129 collatis
1453 3078 1658 3129 tamen
1693 3070 1832 3128 aliis
1862 3087 2114 3148 quoque
2147 3071 2464 3129 nonnullis
2494 3071 2750 3130 alterius
2781 3071 2949 3130 illius
2979 3074 3246 3150 generis,
3279 3075 3449 3150 quod
3487 3074 3784 3148 diximus,

380 3150 516 3210 hac
539 3159 665 3209 tam
699 3153 893 3210 multa
925 3171 1070 3228 quoe
1101 3171 1268 3210 nunc
1297 3158 1528 3211 eXeunt
1556 3151 1619 3209 iu
1653 3151 1880 3228 lucem,
1913 3169 2208 3228 expressa
2231 3155 2397 3210 sunt.

1319 3512 1680 3558 ILLUSTRISS.
1727 3513 1986 3558 PMNCIPI
2027 3513 2106 3558 AC
2149 3514 2578 3560 BEVERENDISS.
2627 3517 2866 3563 DOMINO

1019 3671 1080 3718 ο.
1127 3669 1382 3720 GEORGIO
1425 3671 1502 3716 AB
1545 3671 1828 3734 AUSTBIA,
1875 3671 2148 3718 EPIBCOPO
2191 3671 2524 3730 LEODIENSI,
2572 3671 2708 3719 DUCI
2752 3673 3141 3736 BULLONENSI,

1187 3861 1385 3909 COMlTI
1429 3860 1712 3908 LOSSENSI
1755 3861 1834 3908 AC
1875 3860 2210 3908 MARCHIONI
2251 3860 2774 3914 FBANCIHONTANO,
2823 3861 2956 3906 ETC.

928 4020 1186 4066 JOANNES
1229 4019 1577 4068 BENTENIUS
1619 4021 2096 4068 MECHLINIENSIS
2139 4020 2472 4068 MONACHUS
2517 4020 3024 4068 HIERONYMIANUS.
3071 4023 3123 4068 Β.
3169 4023 3228 4068 D.

1741 4381 2414 4480 PREFATIO.

447 4625 626 4688 Haud
651 4623 886 4705 injuria
913 4623 1095 4685 Plato
1127 4622 1287 4684 libro
1323 4620 1409 4682 De
1453 4621 1660 4707 repud.
1695 4641 1733 4682 a
1789 4631 2207 4707 sacrosancta
2263 4619 2682 4699 philosophia
2741 4620 2956 4707 limine
3003 4623 3272 4707 ablegat,
3302 4644 3414 4687 ceu
3473 4629 3776 4707 profanos

365 4699 925 4786 quosdam,'atque
974 4707 1052 4766 ad
1101 4723 1240 4766 eam
1297 4699 1745 4786 capessendam
1797 4702 2052 4786 minime
2082 4703 2378 4786 idoneos,
2409 4699 3279 4786 pfincepsjllustri'ssime,'qui
3329 4699 3598 4784 angusto
3628 4715 3774 4771 sunt

363 4782 575 4848 animo
617 4782 690 4845 ac
715 4782 994 4855 sordido,
1031 4803 1368 4860 rerumque
1401 4783 1730 4866 humilium
1766 4783 2218 4866 cupiditatibus
2252 4783 2631 4866 mancipata.
2665 4782 2842 4841 Haud
2877 4788 3040 4842 enim
3069 4782 3390 4864 quaquam
3421 4782 3558 4848 Feri
3593 4809 3772 4866 posse

363 4869 703 4926 arbitratus
733 4873 849 4930 est.
883 4875 950 4924 ut
977 4885 1162 4942 quem
1197 4867 1474 4924 animum
1515 4863 1766 4923 sordida
1795 4865 1900 4922 illa
1932 4882 2082 4923 cura
2115 4882 2320 4924 rerum
2367 4861 2694 4943 humirium
2727 4861 3184 4940 occvparit,ieo
3221 4861 3359 4943 ipso
3417 4861 3770 4930 divinarum

363 4948 912 5023 humanarumque
947 4965 1148 5004 rerum
1182 4945 1440 5004 scientia
1473 4943 2134 5018 comprehenderetur.
2171 4948 2294 5002 Nec
2324 4943 2383 5001 id
2417 4942 2754 5003 immerito.
2790 4949 3074 5014 Uuonam
3106 4942 3268 5005 enim
3306 4949 3490 5007 modo
3523 4950 3770 5009 animus

363 5029 677 5098 humanis,
713 5026 838 5107 imo
871 5025 1313 5107 etbrutalihus
1344 5025 1773 5084 wfl‘ectinnibus
1801 5025 2068 5096 deditus,
2097 5025 2636 5107 poteritnrepente
2673 5023 2816 5082 hinc
2847 5028 3124 5093 avulsus,
3179 5027 3386 5087 subito
3417 5031 3492 5086 ad
3527 5049 3596 5088 ea
3626 5047 3766 5107 qua

361 5109 503 5185 plus
533 5127 720 5184 quam
756 5101 843 5158 δέα
875 5101 962 5156 διὰ
993 5107 1176 5156 πασῶν
1212 5107 1427 5164 dissita
1458 5111 1624 5175 sunt,
1664 5111 1859 5163 totum
1895 5124 1958 5163 se
1989 5107 2328 5164 transferre
2355 5104 2382 5161 ?
2407 5104 2804 5185 Qu-p‘rOptt-r
2837 5114 3014 5164 recte.
3041 5125 3292 5184 quoque
3337 5109 3422 5166 ait
3479 5101 3660 5167 idem“
3703 5111 3766 5170 in

359 5181 683 5262 Pharium»,
723 5206 836 5264 par
864 5185 1118 5243 omnino
1151 5205 1304 5252 esse,
1343 5192 1408 5244 ut
1440 5187 1544 5263 qui
1577 5189 1652 5244 all
1688 5187 2012 5264 sapientia
2043 5185 2317 5242 studium
2353 5203 2416 5242 se
2447 5181 2800 5248 conferunt.
2839 5206 2895 5262 p:
2919 5185 3010 5243 ius
3050 5181 3300 5262 quidem
3353 5191 3769 5266 emoriantur,

360 5267 768 5343 animumque
817 5267 1018 5339 ipsum
1073 5267 1151 5323 ab
1201 5267 1372 5325 onmi
1405 5267 1683 5342 cur-poris
1724 5287 1908 5326 s~'nsu
1942 5266 2446 5338 cogitationeque
2481 5275 2788 5325 aVertant.
2829 5273 2886 5324 et
2917 5269 3090 5342 quasi
3128 5269 3184 5325 in
3213 5286 3390 5326 suum
3421 5273 3522 5345 jus
3553 5290 3772 5332 suam-

359 5369 480 5426 que
521 5351 868 5406 libertatem
905 5347 1242 5406 vindicent.
1278 5347 1526 5423 Alioqui
1557 5348 1719 5406 cnim
1756 5348 2290 5426 quemadmodum
2327 5345 2510 5403 habet
2550 5347 2769 5421 Lysias
2801 5349 3250 5420 lHllmgoricus
3283 5348 3340 5407 in
3390 5351 3657 5423 epistola
3690 5355 3769 5413 ad

356 5425 813 5507 Hipparchum,
849 5429 898 5487 is
931 5429 1035 5506 qui
1069 5427 1384 5505 corruptis
1415 5425 1854 5506 ubscanisque
1879 5429 2178 5507 _mnribus
2211 5425 2671 5502 Spt't‘ulalinm‘s
2701 5426 2776 5486 ad
2803 5428 3047 5485 divinos
3078 5447 3397 5489 sermones
3433 5431 3762 5504 immiscet,

355 5505 690 5571 non—secus
721 5511 850 5588 agit
881 5527 1068 5582 quam
1095 5511 1142 5568 si
1167 5526 1418 5568 carioso
1453 5521 1639 5584 puteo
1675 5505 2150 5582 liq'uitlissimam
2187 5509 2478 5588 infundat
2515 5523 2771 5588 aquam,
2815 5527 2958 5584 qua
2993 5515 3052 5566 et
3101 5527 3347 5570 canum
3407 5513 3762 5584 conturbet,

357 5598 419 5652 et
449 5611 628 5652 suam
659 5585 854 5670 ipsius
889 5591 1276 5650 contaminet
1309 5588 1877 5670 puritatem.Quod
1906 5589 1958 5670 si
1989 5595 2225 5650 tantam
2263 5585 2630 5670 munditiem
2665 5585 2745 5646 ab
2775 5605 2848 5648 eo
2889 5589 3228 5670 exigebant
3269 5591 3375 5670 qui
3415 5593 3492 5652 ad
3539 5591 3764 5652 huma-

357 5691 504 5736 nam
527 5667 838 5734 duntaxat
867 5689 940 5732 ac
970 5672 1322 5732 naturalem
1360 5670 1597 5732 accedit
1625 5668 2115 5748 pbiIOSOphiam,
2150 5675 2411 5746 quanta,
2445 5667 2728 5740 obsecro,
2763 5669 3120 5747 requiretur
3147 5669 3228 5732 ab
3258 5667 3332 5732 eo
3381 5671 3488 5750 qui
3541 5690 3768 5751 supra-

3539 5969 3558 5998 Ι.
3571 5941 3600 5972 ⁸
3611 5987 3666 6041 ί,
