4136 6200
275 301 341 361 13
1663 294 2297 357 PROLEGOMENIA.
3616 300 3691 362 ﬂ

266 435 584 497 mundana
613 451 687 493 ac
718 432 932 492 divina
961 435 1232 512 scrutari
1263 430 1629 490 desiderat?
1661 431 1987 510 Siquidem
2021 433 2340 492 mundana
2373 441 2725 512 quaerentes
2755 435 2872 495 toti
2905 434 3002 495 bis
3034 433 3446 509 involvimur,
3479 455 3593 499 nec
3622 439 3688 500 iu

272 515 644 597 malevolam
676 511 1644 597 animamingrediturpnqudm
1678 512 2021 597 sapientia,_
2045 532 2157 573 nec
2191 511 2435 574 habitat
2465 515 2525 573 in
2557 533 2843 597 corpore
2885 516 3135 578 subdito
3169 519 3440 593 peccatis
3473 520 3517 578 ¹.
3545 519 3688 597 Spi-

272 600 432 658 ritus
451 596 608 655 enim
643 603 898 654 sanctus
920 593 1267 671 disciplima
1299 592 1514 669 effugit.
1547 593 1788 662 ﬁctum,
1822 600 1883 674 et
1913 595 2116 653 aufert
2147 613 2212 654 se
2245 614 2281 653 a
2313 595 2800 672 cogitationibus
2829 615 2971 674 qua:
3003 592 3300 657 suntsine
3330 592 3681 674 intellectu,

283 688 342 740 et
365 698 399 738 a
425 676 902 754 superveniente
932 675 1265 751 iniquitate
1292 675 1646 754 corripitur,
1685 673 1855 751 quod
1887 692 2183 751 expresse
2218 677 2370 734 satis
2403 673 2881 754 intelligendum
2913 677 3088 737 dedit
3118 677 3404 738 Christus
3429 673 3686 754 Judmis,

287 779 411 820 cum
445 753 532 816 ait
563 773 577 815 :
615 755 918 837 Quomodo
944 774 1040 814 vos
1068 754 1308 837 potestis
1329 753 1618 837 deradere,
1651 758 1760 833 qui
1783 757 2040 837 gloriam
2070 774 2108 815 a
2139 754 2304 815 vobis
2337 769 2538 816 mutuo
2567 753 2835 836 arripias
2862 758 2906 815 ³.
2943 760 3138 818 Porro
3173 766 3348 818 tauto
3400 760 3601 837 major
3625 762 3692 820 in

282 841 438 902 vobis
467 838 762 903 doctrina
795 836 1085 918 humana
1110 834 1470 918 requiiitur,
1532 847 1770 918 quanto
1820 835 2072 918 longius
2089 838 2168 895 ab
2203 838 2320 896 hac
2354 837 2656 897 munditie
2688 834 3078 914 separamur,
3139 839 3469 918 sanctique
3503 834 3694 901 illius

270 919 540 998 Spiritus
572 918 806 976 auxilio
835 917 1260 982 destituimur,
1294 916 1401 992 qui
1432 916 1625 998 sacris
1655 913 1806 973 olim
1831 916 2134 994 apostolis
2165 935 2238 975 ac
2271 919 2596 995 prophetis
2630 913 2927 994 tanquam
2975 919 3190 978 electis
3247 913 3382 978 suis
3430 924 3689 998 organis

266 996 584 1060 indivnlse
613 1015 860 1073 semper
883 1000 1126 1062 aderat,
1158 1013 1507 1077 eorumque
1538 996 1819 1077 linguam
1855 1013 1929 1056 ac
1963 998 2276 1077 calamum
2311 1001 2389 1056 ad
2424 999 2635 1058 omnia
2665 999 3004 1077 dirigebat,
3033 999 3220 1077 juxta
3247 998 3406 1060 illud
3459 996 3690 1061 Christi

261 1079 653 1160 promissum
681 1097 695 1137 :
732 1079 1006 1160 Spiritus
1036 1075 1305 1160 veritatis
1332 1078 1502 1134 ducet
1536 1094 1632 1160 uos
1664 1076 1721 1133 in
1751 1095 1977 1136 onmem
2010 1076 2343 1138 veritatem.

342 1161 496 1218 Hec
527 1158 759 1218 idcirco
781 1155 1078 1219 'diXerim.
1115 1175 1154 1234 q
1183 1157 1280 1214 md
1315 1166 1458 1215 ante
1490 1155 1733 1229 aliquot
1763 1175 1964 1216 annos
1995 1159 2215 1218 videns
2245 1157 2744 1218 communicatos
2775 1175 2908 1218 esse
2940 1158 3120 1218 nobis
3150 1177 3188 1218 a
3220 1158 3449 1219 Grauis
3478 1177 3690 1220 sacros

261 1237 386 1300 hos
409 1259 482 1299 ae
515 1239 880 1298 utilissimos
915 1237 1424 1306 commentarios,
1459 1236 1803 1313 plurimum
1835 1237 2192 1297 demiraliar
2224 1240 2534 1299 neminem
2567 1238 2727 1298 inter
2750 1245 2843 1299 tot
2875 1241 3149 1298 virorum
3183 1239 3687 1300 doctissimorum

262 1322 527 1398 agmina
557 1320 722 1379 hanc
752 1319 871 1379 sibi
898 1319 1071 1396 provi
1120 1318 1277 1376 riam
1311 1318 1751 1398 suscip~-re,iut
1784 1320 1876 1377 vel
1905 1320 2259 1378 communis
2292 1320 2678 1396 potis~imum
2714 1321 3001 1380 utiiitalis
3032 1319 3287 1386 intuitu,
3323 1319 3421 1379 vel
3453 1338 3689 1380 merce-

259 1396 360 1460 dis
395 1419 434 1461 a
467 1400 729 1460 Domino
760 1399 1202 1477 exspectandae
1235 1396 1462 1474 gratia,
1494 1409 1600 1456 aut
1629 1397 1682 1456 si
1714 1416 1836 1456 non
1865 1398 1946 1458 ob
1975 1398 2170 1468 aliud,
2209 1407 2376 1460 certe
2409 1400 2506 1460 vel
2537 1401 2634 1459 sui
2667 1401 2939 1461 nominis
2969 1402 3135 1474 apud
3168 1401 3462 1461 mortales
3519 1402 3687 1461 cele-

152 1477 168 1483 ”
261 1482 564 1541 britatem
597 1498 908 1558 quarens,
945 1497 1085 1557 qum
1116 1481 1180 1537 in
1214 1487 1332 1536 hoc
1363 1477 1698 1537 videbatur
1725 1496 1862 1537 esse
1895 1480 2191 1550 maxima,
2230 1481 2486 1541 Latinos
2517 1480 2696 1540 nobis
2724 1483 2895 1559 ipsos
2927 1483 3238 1542 redderet.
3276 1483 3507 1542 Verum
3543 1488 3685 1540 tan-

260 1564 411 1622 dem
447 1562 524 1620 ad
562 1579 657 1620 me
692 1561 962 1632 rediens,
997 1563 1084 1620 rei
1127 1559 1563 1640 difﬁcultatem
1608 1559 1681 1640 in
1736 1577 1928 1618 causa
1958 1579 2091 1619 esse
2123 1561 2414 1638 cognovi,
2449 1579 2590 1639 quas
2619 1561 2901 1638 singulos
2931 1581 2970 1621 a
2999 1561 3435 1621 laudatissima
3496 1579 3688 1640 opere

260 1643 621 1703 retraheret
653 1659 666 1700 :
704 1641 806 1700 cui
837 1648 945 1700 aut
975 1659 1039 1699 se
1074 1658 1255 1718 pares
1284 1657 1416 1699 esse
1447 1638 1828 1720 diffiderent,
1881 1647 1993 1700 aut
2049 1640 2296 1700 labores
2327 1638 2688 1720 plusquam
2722 1642 3060 1702 Herculeos
3117 1642 3484 1719 fugitantes,
3536 1638 3686 1702 suos

260 1740 626 1800 supponere
657 1722 956 1781 humeros
989 1726 1372 1795 recusarent,
1411 1719 1719 1796 placidam
1751 1721 2027 1796 quietem
2061 1740 2134 1781 ac
2165 1719 2362 1781 otium
2397 1722 2647 1800 negotio
2680 1722 2846 1782 ultro
2877 1727 3168 1800 suscepto
3219 1729 3679 1800 praeponentes.

263 1807 402 1882 Ego
439 1821 604 1874 vero,
643 1820 1007 1881 quanquam
1045 1820 1142 1860 me
1176 1800 1270 1858 his
1299 1801 1482 1882 longe
1512 1800 1871 1882 inferiorem
1910 1819 2042 1860 esse
2068 1802 2509 1881 perspicerem,
2540 1803 2921 1880 ingenioque
2950 1820 3023 1862 ac
3054 1802 3406 1862 eruditione
3460 1819 3685 1879 parum

264 1881 614 1945 admodum
650 1901 833 1960 posse
866 1890 1165 1959 praestare
1196 1881 1574 1940 confiderem
1603 1897 1616 1938 :
1647 1881 1865 1940 delens
1897 1888 2105 1942 tamen
2142 1883 2415 1943 maxime
2450 1884 2567 1942 hoc
2597 1884 2804 1942 fructu
2837 1891 2928 1942 tot
2959 1882 3141 1942 annis
3173 1883 3430 1942 Latinos
3461 1883 3682 1942 imme-

263 1967 390 2026 rito
425 1964 702 2023 fraudari
737 1982 751 2023 :
793 1966 1133 2022 multorum
1167 1981 1419 2038 quoque
1449 1961 1732 2038 pulsatus
1769 1962 2078 2038 precibus,
2139 1964 2368 2042 quibus
2425 1964 2724 2023 obsistere
2759 1964 3140 2041 impudentis
3200 1964 3409 2042 potius
3462 1963 3686 2022 fuisset

267 2064 460 2124 quam
498 2044 853 2117 verecundi,
889 2043 1228 2102 immensos
1259 2061 1408 2124 sane
1439 2043 1497 2100 in
1535 2042 1650 2100 hoc
1685 2043 1844 2124 subii
1882 2045 2128 2103 labores
2159 2062 2173 2102 :
2211 2063 2337 2121 quo
2371 2044 2468 2103 vel
2523 2043 2936 2104 eruditiorum
2968 2045 3210 2103 animos
3269 2060 3682 2120 provocarem

268 2123 342 2187 ac
375 2128 710 2188 irritarem.
743 2133 811 2182 ut
845 2123 938 2183 vel
969 2124 1056 2183 sic
1087 2123 1494 2196 exs-timulati,
1530 2123 1700 2181 omni
1735 2126 1952 2200 procul
1984 2124 2110 2184 otio
2145 2125 2397 2199 rejecto,
2434 2125 2747 2184 autetiam
2793 2125 3035 2202 privato
3068 2125 3320 2202 negotio
3373 2143 3499 2200 quo
3557 2140 3673 2182 sua

277 2207 548 2284 quisque
578 2205 818 2283 qumrit,
854 2224 926 2263 ea
957 2211 1199 2263 tantum
1226 2211 1515 2280 quaerant
1545 2221 1684 2278 quae
1715 2212 1858 2261 sunt
1890 2206 2035 2263 Jesu
2071 2206 2320 2265 Christi.
2351 2207 2421 2264 Et
2448 2205 2561 2281 piis
2587 2207 2807 2283 coeptis
2839 2206 2992 2264 satis
3049 2205 3205 2265 favit
3260 2203 3617 2265 Altissimus
3651 2218 3667 2262 :

283 2294 377 2352 ut,
413 2285 465 2344 si
496 2304 615 2342 non
647 2286 926 2343 omnibus
957 2287 1016 2342 in
1049 2285 1198 2342 locis
1219 2286 1498 2343 omnium
1528 2284 1777 2352 animis,
1811 2284 1936 2343 imo
1967 2304 2078 2344 nec
2113 2304 2248 2345 meo
2279 2285 2541 2344 subinde
2569 2287 3002 2358 satisfecerim,
3045 2288 3245 2345 rarius
3278 2291 3484 2344 tamen
3523 2300 3672 2361 pro-

273 2366 380 2424 cul
411 2385 448 2423 a
480 2383 668 2442 seopo
703 2384 795 2424 me
830 2364 1284 2424 hallucinatum
1319 2365 1688 2423 crediderim
1719 2384 1732 2425 :
1765 2373 1956 2442 atque
1988 2370 2194 2425 danda
2225 2373 2318 2425 est
2342 2365 2523 2426 venia
2568 2366 2790 2445 siquid
2834 2367 2896 2425 in
2945 2368 3167 2425 horum
3230 2366 3514 2424 versione
3574 2381 3672 2423 me

269 2448 524 2523 fugerit,
562 2452 631 2505 ut
660 2445 891 2522 fugisse
927 2447 1122 2504 multo
1157 2465 1277 2504 non
1314 2446 1555 2514 dubito,
1591 2463 1732 2504 cum
1771 2446 1956 2504 variis
1990 2447 2263 2524 undique
2295 2447 2667 2507 Constrictus
2701 2447 2918 2506 fuerim
2979 2446 3308 2524 angustiis.
3343 2445 3458 2504 Vix
3507 2445 3676 2503 enim

268 2528 438 2587 credi
475 2535 664 2601 queat
690 2533 1001 2601 quantum
1037 2527 1268 2584 laboris
1300 2529 1391 2584 vel
1425 2527 1484 2584 id
1525 2525 1676 2582 mihi
1706 2525 2040 2591 addiderit,
2077 2538 2144 2586 ut
2172 2536 2397 2587 caetera
2436 2531 2746 2594 omittam,
2773 2529 2939 2604 quod
2973 2527 3256 2599 Pbotius,
3290 2525 3372 2584 vii
3439 2543 3588 2584 sane
3619 2530 3683 2584 et

269 2625 523 2667 sensum
557 2608 894 2683 indagator
923 2606 1362 2682 sagacissimis,
1399 2614 1460 2664 et
1494 2606 1894 2665 ﬂosculorum
1933 2608 2272 2667 rhetorices
2302 2608 2667 2667 observator
2708 2608 3244 2686 diligentissimus,
3281 2605 3562 2682 plurimis
3615 2605 3680 2664 in

268 2689 434 2748 locis
459 2691 713 2764 singula
750 2687 922 2745 Pauli
955 2689 1141 2747 verba
1170 2689 1382 2746 Giaaca
1414 2705 1760 2763 eorumque
1793 2693 2224 2747 contextuiam
2269 2690 2459 2748 veluti
2518 2690 2751 2748 trutina
2805 2691 3202 2766 ponderaret,
3264 2705 3404 2748 cum
3466 2693 3678 2745 tamen

267 2769 539 2829 Paulum
579 2768 792 2826 Latine
826 2769 1173 2847 reddentes.
1213 2767 1573 2843 huiusmodi
1605 2769 1935 2826 verborum
1968 2769 2252 2828 ordinem
2284 2770 2598 2847 simulque
2658 2771 2932 2830 Greavam
2997 2771 3281 2829 Pbrasim
3341 2767 3682 2826 immutare

270 2858 526 2908 coactus
553 2848 831 2915 fui-sem,
864 2846 949 2906 sic
985 2848 1203 2924 utjam
1234 2847 1435 2906 Photii
1467 2848 1706 2906 scholia
1735 2849 1943 2906 locum
1977 2867 2098 2908 non
2135 2851 2461 2926 haberent,
2500 2846 2786 2927 proinde
2845 2851 3230 2924 ambigerem
3294 2849 3676 2927 frequenter,

270 2948 418 2988 num
456 2935 784 3006 praestaret
812 2945 954 2987 eam
985 2935 1582 3008 commentariorum
1617 2935 1854 3004 partem
1889 2928 1949 2986 in
1980 2937 2178 2988 totum
2213 2926 2588 3008 relinquere,
2623 2947 2812 3005 quam
2851 2934 3084 2991 Latinis
3127 2929 3441 2989 scabrosa.
3475 2926 3684 2984 nullo-

271 3028 394 3088 que
430 3013 634 3068 tructu
668 3008 1047 3088 tradere.ut
1075 3027 1216 3083 quae
1249 3007 1396 3067 solis
1425 3009 1678 3066 serviret
1712 3011 1964 3076 Graii-is,
2005 3029 2230 3086 nempe
2269 3007 2566 3071 de‘anxia
2606 3013 2968 3071 Graecarum
3030 3028 3248 3069 vocum
3309 3012 3685 3065 contextura

270 3087 342 3150 ac
373 3089 750 3167 signiﬁcato.
785 3087 1065 3148 Tandem
1101 3097 1308 3147 tamen
1342 3089 1552 3169 omnia
1584 3089 1850 3148 fideliter
1881 3091 2140 3149 reddere
2167 3091 2452 3150 decrevi:
2489 3109 2850 3169 quanquam
2889 3108 2983 3148 mc
3017 3107 3139 3146 non
3175 3105 3394 3169 parum
3430 3100 3684 3169 quoque

269 3165 745 3231 remorarentur
769 3169 937 3228 unici
959 3169 1154 3229 Giaici
1184 3168 1563 3246 exemplaris
1597 3189 1718 3228 non
1755 3187 1911 3228 rarae
1947 3174 2212 3244 mendas,
2246 3171 2373 3229 sive
2409 3165 2698 3228 librarius
2730 3170 2909 3228 hicin
2945 3170 3132 3246 culpa
3161 3168 3370 3243 fuerit,
3403 3165 3531 3224 sive
3591 3168 3696 3242 ty-'

271 3252 637 3330 pographus
670 3267 684 3309 :
724 3267 864 3327 quae
904 3267 999 3309 me
1033 3255 1399 3327 plerumque
1423 3250 1703 3309 divinare
1734 3258 2069 3326 cogerent:
2106 3250 2446 3309 feiiciterne
2503 3269 2582 3309 an
2639 3267 2839 3330 secus,
2876 3249 2961 3318 id,
3023 3245 3562 3330 quomadmodum
3623 3247 3686 3330 et

267 3324 499 3392 caetera
528 3324 766 3398 omnia,
804 3324 1051 3390 lectoris
1079 3324 1316 3404 judicio
1348 3331 1657 3406 relinquo.
1698 3331 1767 3389 Et
1799 3324 2164 3407 quanquam
2197 3329 2279 3389 ob
2304 3333 2436 3390 hac
2469 3348 2565 3388 me
2597 3349 2720 3388 non
2755 3329 2948 3389 lateat
3001 3324 3278 3406 phrasim
3337 3324 3684 3407 aliquando

266 3430 404 3472 esse
433 3411 501 3472 in
533 3411 852 3470 nonnullis
880 3410 1198 3470 duriorem
1236 3428 1249 3470 :
1289 3409 1480 3469 malui
1512 3404 1717 3469 tamen
1754 3404 1857 3468 fidi
1892 3404 2254 3488 interpretis
2287 3430 2474 3487 quam
2508 3413 2810 3487 elegantis
2840 3404 3273 3488 paraphrastai
3332 3406 3506 3488 fungi
3533 3404 3683 3488 ίο-[ῆτ

270 3493 403 3566 cio,
436 3491 684 3550 etiamsi
714 3489 829 3550 hoc
858 3491 1157 3568 consequi
1195 3491 1559 3568 potuissem,
1617 3508 1760 3549 cum
1795 3490 2037 3550 videam
2062 3483 2430 3560 nonnullos,
2458 3483 3036 3568 dum-nimis'politi
3069 3491 3126 3548 in
3156 3487 3454 3548 vertendo
3488 3483 3690 3568 videri

277 3563 513 3629 volunt
543 3571 623 3628 ab
653 3577 964 3630 auctorum
997 3563 1416 3631 etiam‘animi
1448 3576 1756 3646 conceptu
1791 3589 2240 3648 nonnunquam
2267 3573 2592 3632 excidisse.
2628 3573 2756 3648 Ego
2788 3563 2934 3630 vero
2965 3571 3130 3630 intra
3154 3569 3294 3648 ipsa
3331 3563 3691 3642 interpretis

279 3657 473 3727 septa
507 3667 607 3708 me
632 3650 776 3709 satis
806 3651 1024 3711 inclusi
1054 3671 1067 3712 :
1102 3652 1270 3730 quod
1309 3660 1374 3710 ut
1408 3659 1700 3729 tacerem,
1733 3652 1920 3710 etiam
1955 3653 2188 3730 ingenii
2223 3653 2493 3713 tenuitas
2527 3672 2622 3711 me
2652 3651 2878 3729 coegit.
2915 3653 3128 3728 Neque
3188 3650 3354 3708 enim
3390 3649 3548 3730 adeo
3580 3663 3687 3730 ex-

276 3730 537 3790 cellenti
573 3731 868 3807 praeditus
899 3751 1033 3791 sum
1068 3728 1340 3810 ingenio,
1372 3740 1458 3800 ut,
1498 3728 1951 3791 velutl’hidias
1981 3728 2204 3793 statuis
2237 3753 2357 3793 non
2393 3734 2592 3792 solum
2627 3728 2839 3810 aptam
2901 3733 3322 3790 membrorum
3377 3728 3694 3787 tribuebat

276 3811 706 3879 harmoniam,
741 3811 850 3870 sed
898 3813 1086 3872 etiam
1146 3813 1516 3890 dignitatem
1576 3821 1639 3870 et
1695 3814 2199 3886 amplitudinem,
2231 3815 2318 3872 ita
2350 3821 2410 3871 et
2441 3833 2558 3890 ego
2593 3813 2860 3872 veisioni
2891 3814 3288 3890 splendorem
3342 3811 3694 3890 adiungere

278 3891 515 3970 possim
553 3893 889 3969 lumenque
921 3886 1244 3952 orationis:
1277 3894 1405 3969 Ego
1432 3895 1640 3969 itaque
1676 3911 1812 3952 meo
1848 3913 1942 3951 me
1974 3905 2131 3970 pede
2165 3895 2427 3952 metior:
2477 3886 2588 3953 nec
2622 3913 2894 3968 unquam
2917 3886 3098 3954 .a1iud
3132 3908 3276 3968 ago,
3321 3906 3536 3967 qnam,
3573 3886 3687 3945 etsi

279 3991 400 4030 non
434 3974 765 4031 verborum
799 3992 1150 4032 mensuram
1185 3991 1620 4038 annumerem,
1658 3981 1719 4031 et
1751 3975 1966 4032 saltem
2001 3979 2358 4034 Graecarum
2393 3976 2844 4034 sententiarum
2882 3976 3123 4050 [-ondus
3187 3971 3417 4030 Latinis
3476 3986 3693 4050 repent-

276 4053 422 4112 dam
471 4069 486 4111 :
523 4054 810 4128 adeoque
844 4054 939 4111 his
971 4054 1080 4132 qui
1113 4063 1354 4112 tantum
1393 4053 1590 4113 Latini
1617 4061 1760 4112 sunt
1787 4055 2096 4124 c0usului,
2134 4066 2192 4112 ut
2233 4076 2306 4112 ne
2339 4057 2595 4114 verbum
2630 4045 2894 4132 quidem
2940 4057 3253 4114 Graecum,
3289 4049 3499 4128 quoad
3545 4045 3691 4132 fieri

273 4132 480 4207 licuit,
519 4132 934 4211 relinquerem
971 4129 1190 4212 {quod
1230 4134 1332 4193 ubi
1390 4135 1624 4192 Servari
1659 4137 1960 4210 nequiiit,
2022 4136 2233 4194 addidi
2285 4144 2605 4200 continuo,
2653 4129 2811 4212 'qiiid
2875 4134 2962 4193 l‘lli
3025 4134 3233 4194 Latine
3289 4129 3692 4204 resiiiintleat.

271 4213 650 4289 Quanquam
689 4229 895 4273 tamen
925 4216 981 4272 id
1016 4211 1168 4274 satis
1191 4214 1336 4278 scio,
1367 4215 1517 4274 nihil
1553 4217 1711 4272 adeo
1737 4218 1864 4272 fore
1897 4235 1966 4274 ex
2004 4217 2170 4274 omni
2211 4225 2382 4292 parte
2408 4216 2682 4282 beatum,
2719 4222 2783 4274 ut
2818 4215 3436 4272 moreaturomnium
3473 4211 3694 4292 plausu

272 4294 481 4353 excii-i
519 4311 532 4364 ;
569 4295 757 4364 idque
781 4296 938 4354 adeo
972 4315 1092 4354 non
1136 4312 1300 4372 peto,
1339 4303 1404 4353 ut
1433 4296 1617 4353 etiam
1685 4297 1883 4362 magis
1918 4305 2032 4354 hoc
2089 4290 2445 4371 suspectum
2511 4296 2829 4363 haberem,
2864 4315 2910 4353 si
2951 4313 3122 4352 meus
3157 4294 3334 4352 labor
3389 4290 3695 4350 universis

273 4374 666 4514 probaretur
699 4391 714 4433 :
751 4393 890 4433 cum
927 4376 1115 4434 sciam
1151 4376 1313 4434 inter
1345 4385 1468 4434 tam
1505 4376 1674 4434 varia
1709 4377 2032 4435 hominum
2066 4377 2336 4446 ingenia,
2361 4396 2490 4437 esse
2527 4396 2646 4434 non
2686 4393 2907 4453 pauci.
2942 4376 3168 4450 quibus
3205 4391 3342 4430 mea
3376 4390 3495 4428 non
3550 4385 3693 4458 pro-

322 4454 419 4513 ari
449 4455 663 4513 malim
695 4475 884 4514 uuam
925 4457 1196 4514 nrobari.
1230 4456 1550 4514 Siuuidem
1581 4475 1700 4514 non
1736 4457 2050 4514 immerito
2089 4458 2386 4514 Phocion.
2412 4475 2600 4514 ouem
2641 4455 3089 4514 Demosthenes
3141 4471 3393 4511 suarum
3457 4461 3692 4505 oratio-

322 4454 419 4513 ari
449 4455 663 4513 malim
695 4475 884 4532 quam
925 4457 1196 4533 probari.
1230 4456 1550 4530 Siquidem
1581 4475 1700 4515 non
1736 4457 2050 4516 immerito
2089 4458 2386 4524 Phocion,
2412 4475 2600 4534 quem
2641 4455 3089 4516 Demosthenes
3141 4471 3393 4534 suarum
3457 4454 3692 4505 oralio-

276 4553 434 4594 num
468 4530 736 4594 securim
770 4555 904 4596 esse
927 4530 1201 4605 dicebat,
1234 4537 1343 4614 qui
1375 4541 1438 4598 et
1471 4543 1706 4596 tantam
1733 4539 1933 4596 animi
1964 4538 2379 4598 constantiam
2411 4530 2657 4614 semper
2710 4536 3040 4596 referebat.
3080 4541 3149 4593 ut
3207 4530 3384 4614 nulli,
3416 4543 3694 4614 unquam

274 4617 450 4674 visus
487 4616 568 4674 sit
599 4633 712 4675 nec
737 4616 936 4676 ridere
968 4636 1078 4700 nec
1113 4609 1290 4700 ﬂeret
1319 4635 1459 4700 cum
1486 4617 1898 4700 ‘diiedquadam
1933 4619 2170 4688 dicens,
2197 4618 2436 4677 videret
2471 4609 2702 4700 pariter
2723 4617 2802 4700 ab
2825 4615 3116 4700 omnibus
3132 4609 3505 4700 ‘approbari
3547 4625 3697 4700 ser-

277 4714 557 4777 monem,
594 4714 932 4756 conveisus
957 4699 1032 4757 ad
1067 4698 1304 4756 amicos
1337 4717 1351 4756 :
1386 4697 1569 4769 Quid,
1601 4689 1828 4773 idpuit,
1864 4718 2012 4758 num
2042 4700 2186 4757 mali
2220 4689 2541 4777 quidpiam
2579 4698 2706 4758 dixi
2738 4692 3161 4777 imprudens?
3206 4691 3382 4763 Quod
3414 4689 3464 4748 si
3507 4689 3696 4777 etiam

275 4776 526 4855 aliquid
553 4777 918 4848 pertulerim
955 4778 1139 4838 laude
1167 4779 1452 4855 dignum,
1487 4778 1545 4836 id
1583 4787 1792 4837 tamen
1830 4779 1980 4837 mihi
2017 4800 2137 4838 non
2175 4773 2611 4838 ascribendum
2643 4786 2757 4846 est,
2818 4777 2923 4835 sed
2987 4774 3276 4849 Domino,
3339 4789 3377 4830 a
3434 4789 3560 4848 quo
3609 4773 3704 4827 est

278 4857 492 4916 omnis
525 4855 784 4916 donatio
819 4859 1000 4925 bona,
1037 4878 1350 4935 omneque
1381 4861 1615 4917 donum
1650 4865 1996 4937 perfectum
2035 4861 2078 4919 ‘.
2113 4861 2288 4930 Quou
2339 4878 2461 4919 non
2517 4858 2855 4918 Christiani
2915 4863 3156 4937 tantum
3185 4858 3540 4937 noverunt,
3605 4866 3707 4908 ve-

274 4955 419 4997 rum
455 4938 648 5024 etiam
681 4938 938 5024 e_thni_ci,
975 4960 1077 5018 qui
1116 4941 1322 5024 nescio
1351 4939 1582 5024 quibus
1614 4935 1775 5024 lictis
1806 4959 1845 5024 a
1875 4959 1940 5000 se
1972 4941 2478 5024 diisreferebant
2507 4946 2864 5024 acceptum,
2896 4935 3202 5024 quidquid
3250 4953 3286 4994 a
3317 4950 3387 5024 se
3443 4946 3706 5024 perage-

278 5030 455 5102 retur
491 5018 664 5102 boni.
703 5019 778 5078 Et
807 5020 951 5078 hinc
977 5016 1266 5102 estquod
1303 5020 1646 5102 praeclarus
1677 5021 1783 5080 ille
1813 5022 1940 5081 dux
1973 5021 2204 5098 Pytho,
2237 5019 2722 5102 Atheniensibus
2752 5037 2822 5102 o_s
2854 5016 3236 5102 resfeliciter
3261 5019 3468 5102 gestas
3497 5016 3704 5102 ipsum

277 5098 772 5169 admirantibus,
809 5117 882 5159 ac
916 5096 1428 5177 praedicantibus,
1462 5100 1628 5178 quod
1664 5103 1863 5179 Cotyn
1892 5096 2100 5180 regem
2128 5103 2566 5174 interemisset,
2600 5098 2749 5169 Diis,
2786 5098 2992 5176 inquit
3032 5096 3324 5156 habenda
3355 5099 3448 5153 est
3476 5096 3701 5170 gratia,

283 5181 512 5256 quibus
544 5181 913 5240 auctoribus
945 5180 1064 5241 hoc
1095 5181 1337 5241 facinus
1370 5190 1616 5259 gestum
1650 5189 1744 5242 est
1781 5200 1795 5256 ;
1833 5201 1978 5242 nam
2009 5182 2143 5260 ipse
2176 5183 2261 5242 nil
2303 5182 2474 5241 aliud
2506 5199 2695 5258 quam
2757 5197 3010 5239 manum
3069 5184 3132 5238 et
3187 5192 3444 5255 operam
3499 5187 3703 5230 meam

292 5260 716 5318 commodavi.
3025 5338 3035 5343 _
3201 5336 3214 5343 Δ
3265 5334 3278 5343 _
3553 5329 3566 5343 ι

369 5339 615 5408 Quanta
646 5345 858 5422 autem
894 5341 971 5400 sit
1004 5341 1228 5400 horum
1268 5341 1865 5401 commentariorum
1901 5343 2164 5413 utilitas,
2194 5361 2269 5401 ne
2299 5341 2463 5400 diam
2500 5340 2860 5408 necessitas,
2899 5338 3078 5422 facile
3111 5334 3315 5422 quivis
3360 5334 3714 5422 perspicere

284 5422 537 5503 poterit.
574 5421 687 5503 qui
722 5422 815 5478 vel
845 5421 961 5480 hoc
993 5441 1186 5481 unum
1224 5422 1741 5496 considernvei'it,
1777 5426 1943 5500 quod
1982 5425 2039 5482 in
2080 5411 2190 5483 hos
2221 5422 2414 5481 divini
2447 5422 2875 5486 Instiumenti,
2911 5420 3066 5478 nihil
3119 5411 3423 5503 hactenus
3457 5411 3713 5503 prodiit,

281 5500 446 5578 quod
485 5501 640 5560 satis
672 5503 888 5562 animo
943 5504 1156 5563 facere
1211 5510 1441 5580 posset.
1497 5496 1820 5580 Siquidem
1869 5505 1927 5564 in
1960 5510 2114 5565 Acta
2153 5507 2358 5564 solum
2419 5503 2729 5564 habemus
2761 5503 3304 5579 Chrysostomum,
3337 5496 3390 5555 si
3423 5503 3632 5552 tamen
3667 5496 3719 5550 is

355 5636 370 5670 ¹
403 5641 544 5712 Sap.
579 5654 596 5694 i
631 5652 757 5710 seq.
791 5639 812 5674 ²
844 5636 1026 5696 ann.
1059 5655 1120 5706 v,
1154 5638 1241 5694 45.
1273 5636 1488 5696 3Joan.
1521 5655 1637 5708 xw,
1668 5639 1754 5697 13.
1790 5640 1811 5675 ⁴
1840 5640 1988 5698 ,Ιαροῖ

663 5652 757 5710 eq.
791 5639 812 5674 ²
844 5636 1026 5696 ann.
1059 5655 1120 5706 v,
1154 5638 1241 5694 45.
1273 5636 1488 5696 3Joan.
1521 5655 1637 5708 xw,
1668 5639 1754 5697 13.
1790 5640 1811 5675 ⁴
1840 5639 2043 5698 Jacob.
2078 5657 2096 5697 ι
2129 5656 2292 5716 seqq.
