4134 6196
439 310 512 370 tu
1461 295 1956 360 (ECUMENIUS
2003 289 2308 354 TRICCJE
2348 293 2804 360 EDISGOPUS.
3779 309 3856 372 16

449 441 936 521 Chrysostomus
966 441 1080 512 est,
1115 434 1222 521 qui
1253 433 1438 494 etiam
1476 431 1795 521 ubiqueid
1830 429 2039 521 potius
2069 446 2255 521 agere
2285 429 2465 501 solet,
2501 438 2571 491 ut
2600 429 2887 521 homines
2918 432 3152 521 avitiis
3171 441 3496 521 revocaret
3525 437 3607 500 ad
3655 441 3856 506 virtu-

452 509 792 598 tes,'quam
843 530 912 577 ιη
940 509 1214 576 auctoris
1249 527 1516 598 mentem
1553 514 1844 598 aperiret.
1881 514 2074 570 Porro
2129 509 2214 598 in_
2251 527 2355 598 eas
2383 523 2575 598 quin}.
2604 514 3616 598 atholicmidicuntnr,ilipistmas,
3649 532 3760 584 aut
3789 527 3853 586 in

450 592 893 680 Apocalypsim
931 599 1136 656 nullos
1179 596 1436 656 omnino
1471 595 1775 653 habemus
1805 592 2484 680 commentarioslectu
2517 592 2920 680 dignos,_nisi
2957 598 3124 673 quod
3154 617 3226 680 ei:
3263 592 3358 657 his
3389 618 3531 678 quae
3589 622 3756 664 nunc
3787 607 3850 667 in

453 675 654 743 lucem
689 675 934 745 namus.
971 684 1661 761 nuperulecerptumac
1689 675 2194 761 consarcinatum
2229 678 2340 730 est.
2376 675 2558 732 Pauli
2589 692 2738 761 vero
2769 677 3080 761 Epistolas
3107 679 3225 761 etsi
3285 675 3496 755 plures
3539 681 3850 761 interpre-

441 766 560 824 tari
593 762 800 824 conati
853 763 994 830 sint,
1057 751 1214 819 adeo
1247 751 1454 844 tamen
1517 757 1762 844 illarum
1827 754 2010 813 lectio
2039 751 2360 844 salebrosa
2391 761 2483 812 est
2535 772 2606 814 ac
2639 751 2835 844 plena
2856 758 3263 829 anfractibus,
3287 751 3583 821 lectorem
3619 751 3848 844 saepius

443 847 572 903 suis
605 843 980 919 longissimis
1006 839 1275 916 periodis
1309 857 1380 897 ac
1409 836 1775 915 hyperbatis
1797 852 2167 919 suspensum
2197 835 3182 919 retinens.sesequeinaccessam
3215 849 3274 898 et
3297 841 3530 900 inviam
3550 835 3844 908 sensuum

445 915 872 1002 ptolunditate
907 915 1192 988 reddens,
1231 931 1290 976 nt
1323 919 1440 977 nisi
1471 919 1612 996 quis
1641 935 1804 988 eum,
1839 934 1964 995 quo
1992 916 2095 974 ille
2125 915 2394 993 scripsit,
2429 916 2716 994 spiritum
2748 917 2972 978 ducem
3025 919 3280 996 habeat,
3337 941 3660 1002 nunquam
3719 929 3845 989 illa:

439 1007 592 1064 satis
620 1024 654 1062 a
688 1019 1008 1080 quoquam
1041 1009 1431 1060 enarrantur.

528 1073 726 1145 Porro
761 1073 1086 1141 Paulinum
1124 1081 1319 1139 cuivis
1349 1080 1567 1140 adesse
1596 1075 1882 1156 spiritum
1917 1093 2040 1135 non
2070 1073 2252 1134 facile
2285 1075 2632 1156 credidero,
2663 1077 2938 1138 maxime
2979 1097 3118 1140 cum
3173 1080 3316 1141 illos
3369 1083 3714 1147 miserrime
3771 1105 3846 1150 ac

449 1165 807 1242 turpissime
840 1163 1085 1221 videam
1118 1162 1180 1220 in
1206 1161 1304 1220 his
1335 1158 1732 1242 ballucinari,
1762 1157 1876 1242 qui
1906 1173 2039 1216 sese
2069 1174 2228 1242 unos
2259 1156 2456 1242 Pauli
2485 1163 2695 1218 tenere
2753 1167 3026 1220 mentem
3070 1162 3481 1242 impudenter
3531 1177 3842 1242 asserunt,

441 1237 648 1304 nullos
681 1244 836 1302 alios
867 1249 1096 1322 praeter
1123 1260 1302 1301 suum
1361 1241 1640 1318 ipsorum
1673 1239 1972 1322 animum
2000 1237 2326 1296 consulere
2357 1237 2638 1322 volentes
2671 1237 3336 1322 commentariosﬁmo
3385 1237 3844 1310 calumniantes

439 1325 650 1402 potius
670 1324 812 1408 illos
833 1316 906 1383 ac
937 1316 1418 1408 subsannantes.
1451 1322 1671 1408 Itaque
1701 1325 1936 1408 praeter
1959 1316 2125 1408 hunc
2154 1335 2334 1408 suum
2369 1319 2598 1408 erroris
2627 1321 2918 1408 spiritum
2947 1316 3186 1382 nullam
3235 1325 3500 1408 aliorum
3529 1329 3842 1408 recipiunt

445 1397 935 1488 enarrationem,
960 1404 1069 1488 sed
1101 1404 1314 1488 omnia
1353 1397 1817 1488 suoesplicant
1847 1397 2179 1488 arbitratu,
2214 1406 2323 1488 aut
2354 1397 2702 1488 depravant
2733 1401 2978 1488 potius;
3015 1421 3178 1488 quos
3209 1405 3334 1488 suis
3363 1409 3585 1467 Petrus
3617 1397 3839 1488 depin-

441 1487 535 1545 xit
562 1486 899 1562 coloribus,
934 1487 1080 1541 dum
1121 1485 1412 1569 Paulinae
1439 1480 1752 1569 iipi~tolas
1779 1479 2272 1569 ‘,non_certe.ut
2297 1479 2418 1569 isti,
2441 1480 2833 1569 gelarisnsimas
2857 1482 3006 1541 dicit
3036 1502 3108 1569 ac
3130 1485 3502 1569 facillimus,
3537 1479 3838 1569 nulla-que

444 1585 605 1643 Opus
638 1558 1313 1649 habere'enarralione,
1351 1561 1454 1622 sed
1493 1562 1800 1649 nonnulla
1829 1558 2150 1649 continere
2183 1559 2498 1649 intellectu
2533 1561 2831 1636 difficilia,
2869 1565 3295 1649 qumindocti,
3331 1568 3556 1649 inquit,
3596 1558 3842 1649 partim-

442 1639 562 1724 que
595 1646 754 1705 tirmi
790 1647 1187 1722 detorquent,
1225 1645 1454 1703 sicutet
1478 1650 1733 1702 caeteras
1763 1639 2226 1724 Scripturas_ad
2263 1657 2438 1698 suam
2474 1643 2750 1718 ipsorum
2797 1639 3159 1720 perniciem.
3220 1639 3549 1724 Siquidem
3596 1639 3843 1712 divinas

439 1719 656 1786 omnes
685 1719 1043 1800 Scripturas
1079 1729 1237 1784 Ueus
1269 1743 1500 1806 arcano
1530 1741 1642 1780 suo
1674 1722 1931 1806 consilio
1963 1719 2164 1806 noluit
2198 1739 2648 1806 usquequaque
2681 1719 2923 1800 pervias
2955 1743 3087 1785 esse
3114 1719 3494 1806 hominibus,
3531 1750 3609 1790 ne
3658 1733 3840 1793 facile

437 1807 649 1884 adepti
681 1799 923 1864 essent:
961 1807 1064 1864 sed
1101 1811 1166 1862 ut
1197 1807 1394 1864 multo
1430 1805 1639 1862 labore
1666 1802 1928 1886 subacta
1961 1799 2283 1886 hominum
2313 1803 2585 1886 ingenia.
2621 1799 3021 1883 primumque
3055 1806 3248 1884 ipsius
3277 1799 3615 1886 implorato
3651 1814 3835 1872 auxi-

437 1880 1184 1970 lio,_—tandemacceptum
1219 1888 1591 1970 thesaurum
1617 1889 1794 1942 tanto
1827 1881 2131 1970 haberent
2161 1880 2534 1970 Chai-iorem,
2571 1891 2874 1970 taptoque
2904 1880 3225 1946 servarent
3273 1880 3537 1961 cautius,
3599 1900 3836 1970 quanto

441 1967 668 2044 majori
698 1969 902 2026 studio
933 1985 1004 2025 ac
1031 1967 1354 2043 diligentia
1383 1964 1788 2040 accepissent.
1825 1969 2155 2044 titeterum,
2191 1963 2329 2038 quis
2359 1966 2578 2022 horum
2612 1967 2690 2023 sit
2722 1973 2942 2025 auctor
2971 1971 3582 2030 commentariorum.
3621 1963 3833 2033 inani-

439 2043 664 2107 festum
699 2055 792 2106 est
826 2066 948 2105 non
980 2053 1267 2105 eumdem
1302 2065 1432 2107 esse
1466 2044 1831 2117 primarium
1865 2043 2144 2101 omnium
2174 2051 2518 2116 auctorem,
2553 2063 2692 2103 cum
2729 2047 2788 2105 in
2821 2049 2990 2107 Actis
3045 2050 3406 2124 apostolicis
3457 2053 3640 2111 simul
3673 2062 3734 2112 et
3765 2053 3829 2113 in

438 2129 717 2188 Pauliuis
743 2126 1034 2206 Epistolis
1061 2128 1329 2204 plurima
1361 2127 1459 2184 hic
1487 2125 1548 2184 in
1575 2123 2012 2206 compendium
2049 2123 2298 2206 redacta
2329 2124 2474 2192 sint,
2507 2144 2650 2202 quas
2675 2127 2871 2186 fusius
2903 2123 3280 2190 tractaverat
3321 2130 3823 2206 Chrysostomus.

435 2203 834 2286 Rursumque
868 2203 1280 2284 plurimorum
1309 2208 1576 2266 aliorum
1636 2203 1956 2264 sententias
2004 2204 2377 2286 referuntur,
2425 2225 2589 2266 nunc
2642 2208 2892 2284 quidem
2929 2211 3145 2286 positis
3175 2209 3234 2267 in
3269 2211 3402 2270 solo
3435 2203 3657 2273 litterm
3689 2233 3833 2272 ton-

433 2295 606 2350 textu
643 2283 1024 2360 nominibus,
1060 2307 1224 2348 nunc
1259 2307 1402 2348 vero
1435 2288 1664 2346 additis
1693 2287 1879 2344 etiam
1905 2285 1967 2344 in
2005 2283 2285 2368 margine
2319 2305 2331 2346 :
2369 2304 2508 2362 quas
2543 2297 2604 2346 et
2637 2283 2748 2347 nos
2779 2283 2996 2349 eodem
3033 2291 3220 2349 modo
3261 2301 3328 2350 ut
3379 2293 3439 2350 in
3489 2293 3838 2368 exemplari

433 2379 685 2448 reperta
741 2377 897 2452 sunt,
937 2369 1641 2452 omniuoireliquimus.
1688 2367 2274 2452 AduApocalypsim
2306 2375 2516 2452 autem
2551 2377 2758 2428 certus
2789 2369 3136 2447 piteiigitur
3191 2378 3411 2452 auctor
3440 2371 3546 2452 (α),
3607 2367 3838 2435 additis

436 2446 622 2510 etiam
659 2452 719 2510 in
764 2449 941 2510 initio
984 2450 1340 2509 nominibus
1373 2467 1588 2509 eorum
1623 2469 1658 2507 a
1709 2446 1940 2525 quibus
1997 2446 2100 2527 ille
2159 2448 2462 2507 nonnulla
2518 2457 2933 2527 excerpserat.
2981 2446 3307 2512 Praeterea
3335 2451 3398 2511 in
3421 2446 3715 2514 omnibus
3743 2455 3838 2516 bis

433 2533 907 2591 commentariis
939 2531 1297 2606 frequenter
1329 2549 1578 2606 quoque
1605 2537 1926 2606 ponuntur
1951 2526 2270 2610 variorum
2303 2537 2634 2588 auctorum
2667 2526 3019 2601 sententias,
3055 2550 3390 2610 suppresso
3438 2533 3688 2594 illorum
3731 2555 3841 2596 no-

435 2613 624 2680 mine,
662 2612 870 2672 nescio
901 2630 976 2670 an
1005 2611 1404 2670 librariorum
1439 2611 1790 2670 oscitantia.
1819 2607 2040 2666 Varios
2073 2615 2277 2666 tamen
2311 2627 2445 2690 esse
2477 2611 2571 2668 vel
2605 2629 2678 2671 ex
2719 2629 2794 2671 eo
2825 2611 3044 2688 liquet,
3079 2607 3248 2689 quod
3307 2614 3540 2690 saepius
3597 2623 3839 2677 contra-

435 2693 600 2776 rium
633 2693 912 2776 invenias
943 2695 1078 2776 ejus
1111 2692 1738 2776 quodprzeccsserat.
1770 2690 1976 2776 [itque
2007 2706 2198 2776 unum
2234 2689 2404 2776 verbi
2437 2709 2625 2750 causa
2652 2695 3039 2776 proferamus
3068 2689 3425 2776 exemplum
3457 2713 3470 2755 :
3498 2714 3638 2754 cum
3664 2697 3838 2776 prius

431 2773 492 2832 in
529 2775 901 2851 Apocalypsi
936 2774 1162 2832 dixerit
1195 2773 1578 2849 Babylonem
1611 2789 1744 2830 esse
1775 2770 2406 2852 Constantinopolim,
2439 2791 2560 2830 non
2598 2773 2899 2832 mundum
2934 2791 3046 2832 nec
3079 2770 3270 2834 aliam
3299 2777 3589 2852 quamvis
3621 2770 3839 2836 civita-

430 2860 579 2920 tem.
621 2856 1019 2932 postmodum
1056 2855 1266 2912 multis
1297 2853 1356 2911 iu
1394 2853 1542 2910 locis
1575 2851 1724 2910 dicit
1755 2869 1826 2910 ac
1854 2851 2078 2926 probat
2107 2868 2238 2908 esse
2265 2852 2589 2921 mundum,
2626 2862 2686 2912 et
2719 2853 2956 2912 nullam
3011 2851 3456 2931 particularem
3491 2857 3830 2918 civitatem.

431 2935 766 2998 Caeterum.
801 2953 1162 3011 quanquam
1197 2934 1256 2991 in
1294 2933 1604 3011 prioribus
1639 2932 1807 2990 libris
1841 2949 2022 2989 nemo
2055 2949 2236 2989 suum
2273 2933 2613 3008 praeﬁxerit
2636 2951 2860 2992 nomen
2888 2935 2932 3003 ⁵,
2959 2943 3140 2993 utest
3168 2935 3396 2994 Graecis
3423 2941 3829 3012 consuetudo,

427 3032 754 3090 nunquam
789 3034 900 3072 suo
933 3018 1183 3073 nomine
1216 3016 1518 3095 evulgare
1541 3031 1682 3090 quas
1714 3013 1832 3089 ipsi
1865 3029 1976 3070 suo
2007 3029 2200 3070 marte
2229 3030 2350 3070 non
2377 3013 2806 3080 elaborarunt,
2837 3014 2942 3072 sed
2980 3015 3165 3074 veluti
3199 3023 3495 3076 centones
3526 3021 3834 3095 quosdam

427 3111 502 3154 ex
541 3097 724 3154 variis
757 3095 1136 3172 collegerunt
1181 3111 1193 3152 :
1229 3093 1846 3152 evidentibustamen
1883 3101 2334 3169 propemodum
2371 3095 2748 3169 eonjeclnris
2778 3095 3132 3169 colligimus
3185 3093 3631 3156 (Ecumenium
3696 3117 3831 3158 esse

432 3177 656 3253 partim
693 3191 1010 3235 auctorem
1061 3176 1312 3246 horum,
1350 3175 1575 3250 partim
1628 3176 2026 3232 collectmcm
2079 3173 2182 3250 qui
2219 3179 2426 3255 tamen
2459 3173 2799 3238 interdum.
2839 3175 2942 3232 ubi
2973 3192 3148 3233 suam
3187 3183 3325 3250 post
3374 3175 3528 3234 alios
3590 3179 3830 3255 profert

430 3263 645 3314 seuten
681 3258 828 3328 iam,
864 3275 1040 3313 suum
1077 3273 1328 3332 quoque
1357 3255 1600 3313 addidit
1634 3271 1880 3316 nomen.
1921 3271 1995 3311 ne
2028 3255 2168 3329 quis
2197 3254 2366 3312 illam
2400 3255 2538 3314 aliis
2571 3255 2893 3324 tribueret,
2947 3273 3134 3331 qnam
3198 3256 3330 3332 ipse
3387 3254 3644 3334 dignam
3697 3275 3824 3318 non

431 3337 727 3394 censebat
758 3353 896 3412 quae
928 3353 1066 3394 cum
1101 3354 1316 3394 eorum
1349 3335 1671 3393 sententiis
1699 3340 2110 3394 conlerretur.
2145 3335 2424 3393 Plurima
2457 3341 2578 3394 aut.
2609 3355 2663 3394 m
2699 3337 3006 3412 excerpsit.
3037 3354 3111 3394 ex
3144 3335 3616 3414 Chrysostomo,
3649 3340 3832 3415 cujus

431 3423 644 3474 tamen
682 3435 904 3474 nomen
941 3427 1087 3474 tunc
1120 3417 1320 3475 solum
1350 3416 1494 3474 addi
1527 3417 1794 3492 curavit,
1825 3433 1964 3471 cum
1999 3431 2136 3482 e|us
2169 3416 2352 3470 verba
2392 3424 2762 3480 recenseret.
2799 3435 2916 3474 nan
2951 3425 3156 3475 autem
3191 3434 3328 3475 cum
3358 3416 3552 3494 ipsius
3583 3427 3835 3479 senten-

432 3496 576 3556 tiam
614 3497 1137 3578 ctmtractiorlbus
1162 3497 1364 3578 verbis
1397 3497 1670 3555 referret.
1709 3495 2114 3578 Quodautem
2145 3494 2216 3578 sit
2239 3493 2654 3578 (Ecumenius
2685 3499 2792 3575 qui
2825 3496 2959 3556 haec
2990 3496 3196 3578 omnia
3225 3493 3451 3574 praeter
3474 3503 3834 3578 Apoealyp-

430 3578 543 3636 sim
581 3579 785 3652 nobis,
815 3585 880 3636 ut
913 3597 1075 3636 nunc
1109 3577 1165 3634 in
1203 3577 1398 3635 lucem
1434 3580 1728 3642 etluntut',
1765 3573 2112 3656 tradiderit,
2149 3574 2244 3630 his
2277 3575 2632 3656 colligimus
2687 3573 3097 3651 argumentis.
3158 3573 3438 3636 Primum
3500 3573 3836 3656 postremis

430 3659 1027 3717 commentariorum
1065 3657 1268 3716 verbis
1305 3659 1594 3734 Epislulm
1627 3657 1702 3736 ad
1739 3654 2449 3736 l‘olossensesuprolirio
2482 3657 2668 3714 etiam
2703 3659 2952 3713 nomine
2991 3658 3256 3729 margini
3297 3654 3578 3736 praefixo,
3617 3661 3834 3720 scribit

429 3739 492 3797 iu
533 3739 703 3798 hunc
735 3741 985 3798 modum
1027 3745 1224 3798 :llurn
1252 3739 1330 3794 ah
1356 3733 1708 3814 exemplati
1741 3753 1860 3794 non
1893 3735 2135 3810 integre
2167 3733 2538 3793 invenissem
2577 3737 2738 3794 beati
2772 3735 3034 3794 Joannis
3066 3733 3313 3797 scholia.
3357 3739 3418 3795 in
3483 3739 3827 3815 Epistulam

431 3819 508 3878 ad
547 3822 966 3890 tiolossense~,
1001 3819 1337 3894 conscripsi
1374 3820 1480 3877 illa
1517 3823 1584 3876 ut
1617 3817 1811 3895 potui.
1851 3817 1910 3876 Si
1947 3817 2092 3896 quid
2129 3815 2320 3890 igitur
2347 3815 2407 3873 in
2445 3816 2591 3893 Ipsis
2619 3817 2746 3876 leve
2774 3823 2881 3874 aut
2910 3817 3390 3894 reprehensione
3419 3817 3680 3896 dignum
3740 3820 3832 3879 in-

429 3906 684 3960 ventum
725 3902 929 3964 fuerit.
961 3901 1196 3958 noverit
1231 3901 1282 3958 is
1313 3900 1416 3975 qui
1445 3899 1615 3976 legit,
1649 3915 1852 3956 meum
1888 3915 2016 3976 es-e
2051 3895 2414 3970 huJusmodi
2449 3897 2716 3973 lapsum.
2757 3921 2784 3951 ι»
2823 3900 3086 3956 ltursum
3123 3906 3349 3974 quarto
3390 3897 3468 3957 ad
3501 3895 3831 3976 iliphesios

433 3983 636 4056 capite
664 3982 855 4038 habet
889 3981 1018 4039 haec
1051 3980 1263 4049 verba,
1289 3975 1594 4038 addi=oiin
1649 3979 1927 4055 margine
1971 3975 2065 4037 ΟΕι

2192 3977 2329 4035 lenii
2363 3979 2662 4036 nomine:
2725 3986 2862 4058 Ὅρα
2917 4005 2968 4040 τι
3025 3985 3174 4058 κάγὼ
3229 3983 3504 4059 ἐνόμισαο-
3549 3975 3671 4040 οῧτε
3725 3985 3824 4059 γὰρ

433 4067 676 4138 ἑχῶρισα
705 4066 771 4119 τὰ
799 4068 894 4117 τοῦ
927 4065 1198 4138 μακαρίον)
1228 4071 1441 4132 νοῆσαι.
1479 4062 1606 4118 Hoc
1636 4065 1728 4116 est
1763 4077 1776 4118 :
1813 4082 1840 4111 tl
1877 4061 2054 4116 Amm

2191 4067 2317 4115 erle
2349 4059 2498 4134 quid
2533 4066 2589 4116 ct
2615 4059 2766 4118 mihi
2798 4057 2992 4118 visum
3023 4060 3139 4119 sit:
3175 4079 3377 4136 neque
3407 4057 3571 4118 enim
3605 4057 3823 4120 datum

433 4140 544 4197 iuit
583 4157 724 4216 quas
759 4140 950 4216 ipsius
973 4141 1168 4198 sancti
1205 4149 1344 4198 ει.ηι
1377 4139 1799 4199 considerate.
1838 4162 1864 4192 ω
1899 4141 2410 4215 (Zhrysostornum
2445 4139 2820 4216 intelligens,
2853 4149 3107 4218 propter
3135 4142 3302 4217 quod
3337 4148 3398 4198 et
3423 4139 3684 4200 Joannis
3719 4157 3826 4200 nos

433 4237 572 4278 men
609 4223 668 4278 in
707 4223 990 4297 margine
1019 4221 1386 4294 adiunctum
1421 4227 1574 4280 erat.
1615 4218 1776 4279 Satis
1807 4219 2016 4292 itaque
2043 4219 2316 4278 ostendit
2348 4217 2764 4280 OEcumeuius
2795 4217 2862 4280 se
2890 4221 3286 4280 collectorem
3322 4239 3452 4280 esse
3503 4239 3826 4280 commen-

425 4301 728 4360 tariorum
756 4301 816 4360 in
852 4319 1070 4359 omnes
1106 4301 1428 4378 Epistolas.
1463 4320 1586 4360 non
1621 4308 1828 4359 tamen
1867 4301 2056 4358 ullam
2087 4299 2237 4357 alibi
2271 4300 2485 4359 fecisse
2526 4300 2798 4377 suipsius
2831 4305 3232 4364 mentionem.
3265 4319 3340 4360 eo
3363 4303 3528 4378 quod
3585 4301 3644 4359 in
3695 4301 3826 4360 illis

423 4388 645 4442 nactus
677 4389 836 4442 esset
867 4383 1180 4460 integrum
1213 4381 1642 4460 Chrysostomi
1669 4381 2014 4457 exemplar.
2055 4381 2316 4438 ltursum
2353 4379 2540 4456 huius
2567 4383 2883 4440 enarratio
2937 4383 3190 4460 ponitur
3241 4382 3630 4459 frequentius
3683 4386 3824 4458 post

421 4464 687 4524 aliorum
715 4459 1186 4539 explicationes,
1223 4459 1528 4520 retldento
1553 4459 1867 4520 interdum
1903 4478 2154 4520 causam
2187 4479 2400 4520 eorum
2425 4479 2568 4539 qum
2595 4465 2914 4539 prmmissa
2938 4459 3134 4522 erant.
3166 4462 3456 4522 addendo
3483 4461 3668 4520 etiam
3701 4479 3823 4520 non

419 4562 585 4611 raro,
627 4569 657 4601 ‹‹
684 4547 826 4604 Mihi
854 4561 1105 4623 quoque
1129 4543 1215 4601 ita
1241 4542 1484 4600 videtur
1507 4559 1683 4618 posse
1723 4541 1868 4623 dici.
1896 4563 1922 4596 ι)
1951 4542 2108 4623 Quid
2138 4541 2186 4600 si
2211 4547 2272 4600 et
2306 4541 2422 4600 hoc
2456 4549 2640 4602 modo
2681 4541 2946 4608 dicatur.
2996 4545 3178 4620 juxta
3226 4542 3394 4601 hunc
3436 4543 3821 4602 intellectum

419 4641 602 4698 quem
629 4621 889 4685 etdivus
911 4621 1181 4684 Joannes
1204 4623 1630 4698 suscipitzaut
1674 4622 1860 4680 etiam
1886 4621 2100 4698 Cyrilli
2139 4641 2245 4682 seu
2287 4623 2502 4682 Basilii
2548 4631 2656 4681 aut
2712 4623 2987 4691 cu,usvis
3032 4625 3296 4683 aliorum
3347 4623 3604 4682 nomina
3647 4627 3823 4684 citat.

417 4703 613 4762 Porro
641 4705 770 4764 haec
799 4705 1083 4777 plurimis
1107 4703 1260 4763 locis
1284 4703 1490 4762 videre
1513 4708 1628 4772 est,
1662 4721 1928 4778 quorum
1963 4707 2266 4761 nonnulla
2299 4703 2399 4763 hic
2432 4703 2914 4764 recensebimus.
2948 4707 3038 4764 Aul
3097 4709 3411 4764 Romanos
3461 4704 3683 4780 quinto
3739 4701 3820 4762 ad

415 4799 486 4841 ea
519 4783 736 4854 verba,
767 4783 1090 4846 Peccatum
1115 4804 1230 4845 non
1265 4783 1599 4863 imputatur
1625 4781 1730 4841 ubi
1753 4802 1865 4863 non
1888 4792 1972 4842 est
2003 4785 2106 4841 lex
2130 4803 2143 4856 ;
2171 4784 2376 4861 capite
2406 4803 2573 4843 nono
2610 4786 2686 4843 ad
2713 4803 2786 4844 ea
2815 4787 3027 4855 verba,
3065 4783 3202 4844 Nisi
3235 4785 3522 4845 Dominus
3553 4782 3822 4844 Sabaoth

415 4863 757 4945 reliquis-set
789 4865 953 4924 nobis
974 4884 1202 4938 semen;
1237 4861 1454 4938 prima
1482 4863 1558 4922 ad
1585 4861 1944 4945 Corinthios
1975 4881 2054 4924 Vl.
2083 4884 2222 4923 cum
2260 4863 2510 4945 dicitur,
2547 4864 2664 4939 Qui
2689 4875 3015 4930 scortntur.
3049 4865 3106 4924 in
3139 4885 3349 4945 corpus
3377 4885 3542 4924 suum
3575 4871 3814 4942 peccat;

415 4944 618 5026 capite
671 4959 784 5026 v_It,
853 4945 936 5004 De
985 4945 1324 5022 virginibus
1376 4959 1730 5026 praereptum
1799 4943 2038 5003 Domini
2077 4964 2194 5004 non
2253 4943 2436 5026 habeo
2489 4965 2504 5022 ;
2561 4947 2766 5021 Capite
2819 4961 2941 5026 xv,
2983 4949 3130 5008 Cum
3195 4943 3521 5026 tradit/erit
3569 4961 3816 5020 regnum

421 5022 541 5083 Deo
589 5035 646 5082 et
676 5021 886 5092 Patri.
939 5033 1000 5083 et
1057 5021 1317 5098 eodem,
1376 5021 1465 5087 Ut
1521 5021 1579 5084 si
1635 5024 1786 5084 [)eus
1833 5029 2030 5082 omnia
2093 5027 2152 5083 in
2213 5025 2535 5090 omnibus:
2590 5027 2665 5084 ad
2723 5025 3024 5101 Ephesios
3081 5043 3162 5096 ll,
3238 5025 3430 5084 Juxta
3483 5027 3816 5103 principem

406 5107 715 5183 potestatis
771 5111 972 5178 aeris;
1035 5108 1238 5183 capite
1291 5123 1386 5176 ιν,
1454 5108 1503 5166 Α
1553 5126 1667 5186 quo
1722 5115 1912 5165 totum
1971 5123 2186 5186 corpus
2241 5109 2400 5186 quod
2451 5115 2764 5184 cca/datur
2821 5117 2877 5166 et
2936 5112 3344 5188 compingitur
3395 5124 3410 5178 ;
3471 5112 3534 5166 et
3597 5111 3819 5164 eodem

477 5348 502 5384 ⁴
529 5350 576 5406 ΙΙ
607 5349 756 5406 Petr.
792 5365 878 5418 In,
911 5349 998 5407 15.

477 5558 555 5630 ta)
583 5557 824 5632 Arethas
855 5555 1078 5613 scilicet
1104 5552 1701 5632 Caesariensis,cu_ius
1731 5557 2190 5632 commentarius
2218 5558 2276 5632 in
2309 5555 2690 5632 Apocalypsin
2725 5561 2914 5616 exstat
2945 5556 3097 5632 apud
3135 5557 3348 5632 nosiad
3404 5571 3622 5613 annum
3677 5551 3812 5625 910,

405 5625 560 5690 torno
597 5629 737 5699 CVI,
761 5637 895 5703 post
923 5645 1054 5686 eum
1088 5645 1259 5700 quem
1293 5625 1528 5700 scripsit
1561 5629 1818 5685 Andreas
1847 5631 1982 5688 item
2017 5625 2416 5700 Caesariensis,
2445 5625 2672 5688 Arethe
2707 5625 3014 5705 magister.
3057 5633 3216 5690 EDIT.
3249 5631 3490 5688 ΡΑτειοι.
