4136 6200
250 408 317 470 17
1642 404 1883 468 PROLE

2020 406 2242 467 ΜΕΝΑ.
3580 411 3653 474 18

261 570 376 634 Sed
404 590 511 630 non
545 567 788 630 occidat
809 586 986 650 super
1004 567 1168 650 iram
1198 575 1480 634 vestram.
1515 567 1621 628 ubi
1654 567 1742 627 ait
1774 585 1787 627 :
1826 591 1854 623 «
1891 568 2205 640 Quosdam
2241 568 2453 630 audivi
2483 570 2569 630 ita
2599 570 3120 650 interpretantes;
3155 595 3184 630 »
3223 575 3515 637 secundm
3565 577 3644 638 ad

258 653 831 715 Thegalonicrnses
863 648 950 720 fu,
985 648 1182 709 Porro
1218 652 1498 709 l/omvnus
1529 650 1758 728 dirigat
1794 655 1972 731 corda
2006 663 2197 710 vestra
2219 668 2241 719 ;
2274 653 2348 710 ad
2386 653 2678 713 Hebraaos
2717 648 2778 726 x,
2818 653 3100 715 Umbram
3151 654 3366 715 [lubens
3399 655 3495 718 [er
3538 668 3643 731 Iu-

267 747 505 796 lurorum
561 733 846 792 (ranarum
873 749 896 801 ,'
926 732 1128 803 capite
1159 748 1268 796 XII,
1309 737 1426 805 Qui
1451 750 1564 809 pro
1595 733 1816 808 gout/io
1842 728 1957 788 sibi
2004 732 2348 803 pro/iusim;
2375 734 2514 792 aliis
2573 754 2824 811 quoque
2876 735 3024 792 locis
3082 736 3447 796 innumvris.
3483 728 3636 800 Cum

264 817 429 893 igitur
458 813 610 873 hinc
643 816 781 873 luce
817 813 1205 870 manifestius
1236 811 1311 870 sit
1361 811 1811 872 ()Ecumenium
1849 813 2257 871 Pauliuarum
2316 815 2732 892 Epistolarum
2769 816 3093 891 collegisse
3125 823 3632 889 commentarius,

263 898 632 956 arbitramur
687 894 852 953 idem
907 895 1108 967 ipsum
1145 893 1360 952 fecisse
1391 895 1450 950 in
1499 896 1650 952 Acta
1683 895 2112 973 apostolorum
2147 902 2208 952 et
2240 895 2299 951 in
2359 896 2712 954 Catholicae
2745 895 3074 971 Epistolas,
3135 917 3489 973 quanquam
3527 920 3638 960 nec

257 979 331 1038 ibi
359 994 546 1036 Suum
582 993 812 1035 nomen
841 974 1152 1033 addidi-rit
1185 994 1198 1032 :
1229 991 1372 1032 cum
1431 975 1708 1048 ejusdem
1743 972 2000 1031 omnino
2031 976 2154 1032 sint
2213 975 2477 1051 phrasis,
2512 976 2631 1034 nisi
2659 979 2825 1053 quod
2862 977 2946 1034 ibi
2995 972 3641 1053 paucioieshabuerit

252 1076 400 1135 quos
429 1058 813 1120 imitaretur.
849 1072 1116 1132 quorum
1177 1056 1362 1113 etiam
1399 1055 1653 1112 nomina
1687 1054 1783 1112 vix
1820 1072 2096 1128 unquam
2148 1054 2208 1113 in
2243 1057 2458 1116 Graeco
2489 1057 2834 1134 exemplari
2874 1060 3086 1116 addita
3121 1061 3493 1131 invenimus,
3528 1080 3642 1122 nec

247 1140 308 1199 in
342 1141 573 1198 littera
603 1143 901 1196 contextu
936 1153 1050 1194 nec
1083 1136 1142 1192 in
1179 1135 1482 1212 margine.
1521 1137 1644 1193 Hos
1676 1142 1883 1192 autem
1922 1142 2163 1194 no-tros
2198 1135 2608 1212 laboresjure
2643 1140 2884 1214 optimo
2946 1139 3258 1196 vindicare
3289 1140 3406 1198 sibi
3467 1151 3639 1212 pote-

243 1226 362 1284 rat.
399 1230 597 1296 utque
627 1235 741 1277 suo
774 1216 1025 1275 nomine
1053 1215 1115 1273 in
1152 1215 1351 1296 lucem
1413 1216 1747 1296 ederentur
1779 1221 2116 1290 postulare,
2153 1216 2608 1276 illustrissimus
2667 1221 2955 1295 princeps
2986 1236 3056 1276 ac
3095 1221 3643 1282 reverendissimus

246 1295 541 1360 dominus
571 1299 642 1357 D.
677 1299 953 1358 Joannes
981 1314 1018 1355 a
1054 1295 1476 1374 Lolharingia,
1513 1295 1572 1354 S.
1612 1299 1683 1356 R.
1723 1297 1792 1354 E.
1827 1296 1986 1354 tituli
2019 1297 2080 1356 S.
2143 1298 2386 1356 Onufrii
2416 1299 2772 1367 cardinalis,
2809 1299 3139 1358 doctorum
3202 1299 3474 1360 virorum
3507 1306 3642 1363 Me-

247 1399 458 1442 cuenas
486 1378 802 1457 egregius,
836 1377 934 1437 cui
970 1375 1308 1453 plurimum
1363 1376 1593 1457 debent
1623 1376 1983 1453 quicunque
2033 1394 2352 1435 sacrarum
2390 1379 2762 1438 Litterarum
2811 1381 3031 1439 studiis
3060 1379 3296 1439 addicti
3348 1389 3494 1440 sunt
3527 1401 3540 1441 :
3579 1389 3646 1442 ut

251 1461 382 1539 qui,
417 1456 629 1520 statim
661 1460 764 1517 ubi
798 1457 1194 1539 cognovisset
1254 1475 1350 1516 me
1377 1456 1739 1532 hujusmodi
1778 1457 1837 1539 in
1870 1475 2205 1539 commune
2263 1460 2554 1518 Ecclesia:
2587 1461 2816 1518 bonum
2873 1461 3136 1518 subiisse
3168 1460 3436 1528 labores.
3498 1480 3642 1522 cum

248 1537 341 1603 illi
376 1560 454 1600 ne
488 1542 566 1600 de
624 1541 880 1599 nomine
909 1538 1162 1615 quidem
1216 1544 1402 1597 notus
1432 1556 1708 1616 unquam
1747 1537 2019 1614 fuissem,
2070 1537 2316 1598 liberali
2351 1545 2558 1598 tamen
2603 1557 2861 1598 munere
2892 1558 2988 1598 me
3017 1540 3470 1616 donarijossit,
3503 1561 3644 1602 am-

245 1623 456 1703 pliora
485 1621 689 1703 etiam
712 1620 1014 1703 pollicens
1046 1616 1152 1676 ubi
1183 1617 1342 1678 liber
1374 1619 1538 1703 typis
1568 1635 1832 1677 excusus
1859 1617 2190 1703 φοι-οι.-Ουί
2221 1620 2408 1678 etiam
2443 1618 2855 1703 libentissimo
2882 1620 3095 1703 animo
3125 1621 3434 1703 opushoc
3467 1622 3643 1684 dedi-

247 1697 516 1771 cassem,
576 1699 852 1776 nisijam
913 1698 1278 1773 priusquam
1311 1700 1387 1758 ad
1453 1699 1658 1776 ipsum
1687 1697 1984 1757 accedere
2041 1698 2320 1770 daretur,
2373 1718 2498 1758 non
2541 1700 2753 1759 animo
2810 1700 3009 1759 solum
3052 1699 3502 1778 concepissem,
3537 1722 3642 1762 ve-

251 1801 393 1846 rum
427 1781 616 1842 etiam
652 1779 857 1840 verbis
885 1781 958 1840 T.
994 1782 1062 1839 Β.
1097 1781 1170 1839 D.
1207 1778 1699 1839 manifestassetn
1731 1778 1813 1838 ob
1871 1796 2008 1838 eam
2042 1797 2230 1856 quam
2265 1780 2438 1840 novit
2463 1798 2744 1850 causam,
2781 1779 2976 1858 ipsius
3009 1781 3303 1858 auspiciis
3333 1799 3492 1858 opus
3523 1782 3642 1844 hoc

244 1882 346 1924 me
373 1864 443 1922 in
501 1862 703 1921 lucem
735 1860 1049 1920 editurum
1083 1875 1097 1918 :
1133 1859 1290 1919 adeo
1351 1866 1418 1920 ut
1449 1877 1850 1937 nequaquam
1887 1858 2038 1918 mihi
2070 1860 2256 1920 fuerit
2302 1862 2640 1935 integrum,
2677 1861 2847 1921 aliud
2879 1880 3066 1938 agere
3124 1867 3233 1920 aut
3267 1861 3453 1921 fidem
3513 1882 3640 1924 non

241 1960 518 2006 servare.
553 1942 732 2014 Quod
764 1941 817 2000 si
866 1940 1054 2000 etiam
1089 1939 1360 2000 maxime
1417 1940 1618 2000 facere
1647 1940 2112 2020 voluissem,ne
2159 1941 2292 2018 ipse
2322 1941 2576 2020 quidem
2611 1942 3063 2001 illustrissimus
3090 1942 3402 2018 princeps,
3439 1961 3504 2001 re
3534 1961 3640 2003 co-

248 2026 450 2104 gnita,
483 2022 852 2104 ulloimodo
882 2021 1124 2080 tulisset
1156 2040 1170 2081 ε
1208 2027 1279 2104 ut_
1322 2021 1431 2099 qui
1461 2021 1615 2104 nihil
1667 2019 2038 2104 huiusmodi,
2073 2021 2342 2080 nominis
2380 2025 2835 2104 celebrationes
2869 2030 3169 2091 moretur,
3219 2041 3358 2082 cum
3392 2022 3523 2099 jam
3559 2025 3639 2084 ad

246 2101 497 2165 tantum
552 2103 952 2180 splendorem
982 2102 1335 2172 accesserit,
1370 2107 1438 2161 ut
1496 2101 1640 2161 hinc
1673 2102 1823 2160 nihil
1874 2103 2133 2161 omnino
2165 2121 2278 2162 suo
2336 2103 2572 2162 nomini
2609 2104 2801 2182 possit
2864 2121 3238 2162 accrescere.
3270 2105 3459 2176 Cuius
3495 2123 3639 2165 cum

245 2185 748 2246 aftluentissitnas
777 2201 860 2255 op
885 2202 950 2258 's,
984 2200 1126 2241 cum
1171 2182 1514 2260 ingenium,
1553 2183 1834 2258 c0rporis
1863 2193 1924 2241 et
1963 2182 2157 2241 animi
2206 2185 2416 2252 decus,
2454 2202 2593 2242 cum
2649 2185 3052 2244 suavissimos
3105 2203 3308 2242 mores
3343 2185 3471 2260 ipse
3507 2204 3638 2245 me-

255 2283 404 2325 cum
438 2270 698 2328 revolvo.
731 2263 1004 2342 profecto
1031 2262 1081 2321 is
1114 2281 1244 2321 ease
1279 2264 1432 2322 mihi
1468 2265 1712 2323 vitetur
1742 2263 1800 2322 in
1835 2281 1960 2340 quo
1990 2263 2300 2322 fortunam
2335 2283 2473 2322 eum
2510 2272 2754 2330 natura.
2794 2283 3063 2343 cumque
3097 2264 3404 2323 ambabus
3439 2265 3635 2325 virtu-

254 2351 408 2412 tem,
446 2353 562 2403 tres
591 2343 1046 2422 potentissimas
1078 2361 1281 2402 rerum
1315 2343 1622 2415 dominas,
1661 2345 2055 2404 contendisse
2087 2347 2359 2410 credem,
2394 2348 2571 2418 cujus
2603 2346 2693 2422 ips
2718 2365 2877 2404 trum
2921 2346 3312 2422 potissimum
3348 2345 3632 2406 beneficii

243 2426 450 2506 gratia
483 2430 813 2493 teneretur,
862 2431 973 2483 aut
1001 2441 1142 2501 quae
1196 2424 1579 2506 plenioribus
1610 2425 1814 2499 ipsum
1850 2425 2212 2506 muneribus
2265 2443 2580 2503 manuque
2634 2427 2901 2499 largiore
2935 2426 3306 2486 cumularet.
3339 2426 3642 2487 Cumula-

246 2505 388 2566 runt
421 2514 585 2565 certe
614 2513 674 2564 et
731 2522 999 2582 qumque
1028 2513 1122 2563 est
1150 2505 1358 2564 officio
1415 2523 1530 2564 suo
1581 2505 1810 2572 functa,
1850 2523 1962 2564 nec
1994 2505 2091 2563 cui
2154 2507 2293 2582 plus
2324 2506 2548 2564 debeat
2601 2506 2781 2566 facile
2813 2507 3196 2566 discreveris.
3251 2507 3396 2567 Non
3429 2509 3643 2586 itaque

245 2589 567 2668 praterita
599 2605 745 2668 usus
795 2604 932 2668 sum
973 2585 1397 2668 excusatione,
1431 2587 1601 2663 quod
1655 2586 1861 2668 ipsum
1920 2603 2056 2644 eam
2093 2586 2362 2644 nominis
2421 2586 2907 2646 celebrationem
2940 2595 3242 2664 exuptare
3303 2585 3589 2668 putarem
3626 2607 3641 2648 :

243 2666 350 2728 sed
389 2674 456 2725 ut
489 2685 625 2726 meo
654 2666 901 2725 interim
937 2666 1172 2724 nomini
1205 2667 1559 2737 consulens,
1611 2667 2002 2725 ostenderem
2038 2684 2135 2726 me
2170 2687 2289 2725 non
2350 2673 2582 2726 temere
2617 2669 2750 2728 haec
2779 2669 3004 2745 egisse,
3037 2677 3147 2726 aut
3181 2667 3646 2746 ingratitudinis

243 2759 462 2809 notam
525 2747 652 2806 ullo
686 2753 869 2823 pacto
928 2745 1153 2805 debere
1184 2765 1547 2824 agnoscere.
1583 2747 1845 2806 Dabitur
1907 2755 2112 2806 tamen
2145 2747 2297 2808 alibi
2330 2748 2526 2820 locus,
2563 2757 2626 2807 ut
2658 2769 2864 2828 spero,
2900 2768 3026 2827 quo
3074 2745 3325 2826 gratum
3362 2768 3458 2810 me
3489 2767 3639 2827 erga

245 2847 388 2890 eum
427 2829 770 2905 principem
805 2828 1154 2886 ostendam.

323 2911 505 2970 Nunc
539 2928 683 2968 vero
715 2908 793 2966 ad
821 2915 878 2966 te
905 2907 1104 2982 venio,
1138 2906 1481 2966 clarissime
1513 2924 1587 2964 ac
1620 2906 2131 2966 reverendissime
2154 2908 2403 2984 Georgi.
2439 2908 2776 2969 obsecrans
2808 2917 2874 2970 ut
2901 2928 3082 2969 noscc
3106 2915 3351 2968 nostros
3373 2909 3641 2980 labores,

245 3010 354 3070 qui
390 2991 515 3049 tuis
546 2989 841 3067 auspiciis
871 2988 932 3047 in
993 2988 1192 3047 lucem
1231 2988 1480 3070 prodire
1507 2998 1838 3070 conantur,
1882 2990 2028 3047 laeta
2085 2997 2274 3064 atque
2305 3001 2676 3065 exporrecta
2711 2995 2911 3050 fronte
2943 2990 3270 3066 suscipias.
3299 2989 3376 3070 id
3427 2997 3638 3070 autem

243 3067 310 3132 ut
343 3072 552 3131 facere
581 3072 908 3146 auderem,
941 3069 1166 3144 partim
1203 3067 1357 3127 mihi
1404 3069 1712 3146 persuasit
1745 3079 1992 3127 tuorum
2029 3088 2272 3128 morum
2318 3090 2440 3129 uno
2473 3071 2750 3129 omnium
2786 3090 2891 3129 ore
2927 3071 3261 3142 praedicata
3296 3068 3641 3142 integritas,

243 3170 385 3213 cum
421 3149 783 3211 admirabili
818 3149 1148 3227 prudentia
1181 3149 1442 3227 parique
1475 3148 1866 3208 humanitate
1896 3148 2256 3226 conjuncta,
2294 3152 2519 3226 partim
2558 3169 2700 3206 Vero
2731 3150 3110 3208 incredibilis
3142 3150 3422 3224 quipam,
3457 3166 3646 3226 quem

241 3251 364 3293 non
396 3233 662 3292 obscure
696 3248 827 3308 prae
856 3248 920 3288 se
951 3230 1109 3289 ferre
1139 3229 1272 3289 visa
1301 3237 1394 3288 est
1428 3237 1533 3286 tua
1565 3230 1938 3306 amplitudo,
1988 3248 2135 3306 erga
2171 3229 2531 3304 huiusmodi
2563 3240 2849 3288 auctores
2880 3248 3060 3288 amor
3093 3247 3106 3288 :
3145 3229 3366 3305 partim
3394 3247 3647 3306 quoque

243 3313 391 3374 talis
426 3323 557 3372 erat
589 3310 927 3387 singularis
957 3329 1028 3370 ac
1060 3309 1370 3383 gratuitos
1402 3311 1491 3368 tui
1523 3309 1582 3368 in
1618 3328 1715 3368 me
1749 3311 1944 3377 favor,
2005 3309 2383 3386 cognitaque
2421 3318 2542 3369 tuae
2575 3329 2723 3386 erga
2757 3329 2851 3369 me
2886 3310 3229 3368 voluntatis
3283 3310 3642 3386 propensio,

235 3401 306 3454 ut
341 3394 502 3453 nihil
539 3411 633 3451 me
665 3392 777 3452 tibi
810 3409 930 3449 non
959 3391 1185 3450 debere
1214 3389 1486 3467 ingenue
1519 3390 1907 3450 faterer.lloc
1937 3389 2125 3448 etiam
2161 3390 2551 3466 potissimum
2589 3392 2863 3459 nomine,
2889 3392 3056 3468 quod
3090 3408 3230 3450 cum
3264 3409 3296 3445 e
3325 3391 3446 3448 tuis
3475 3397 3649 3450 ortus

237 3475 363 3534 sim
397 3473 765 3545 ditionihus,
819 3471 1172 3549 singulique
1203 3489 1384 3529 suum
1421 3471 1766 3548 princiqem
1826 3488 2039 3530 recens
2074 3471 2336 3546 patriam
2398 3471 2852 3549 ingredientem
2910 3471 3280 3530 munusculo
3319 3471 3643 3548 quopiam,

242 3553 432 3632 quod
463 3554 890 3627 obsequiosum
920 3559 1180 3612 testetur
1210 3551 1514 3632 animum.
1549 3552 1837 3632 excipere
1868 3552 2133 3622 soleant,
2167 3569 2283 3627 ego
2335 3570 2737 3630 nequaquam
2788 3554 2998 3612 vacuis
3033 3552 3319 3609 manibus
3350 3552 3647 3632 accedere

240 3631 474 3694 debui.
510 3632 681 3702 Quod
711 3632 760 3689 si
788 3651 920 3691 sera
980 3632 1268 3692 videatur
1297 3631 1658 3709 gratulatio,
1723 3649 1846 3691 non
1878 3633 1959 3690 ob
1990 3633 2048 3690 id
2085 3632 2459 3709 reprehendi
2508 3633 2714 3702 debet,
2751 3651 2892 3693 cum
2952 3633 3148 3690 dilata
3179 3633 3257 3690 sit
3296 3631 3540 3703 urgenti
3570 3649 3644 3691 ac

238 3713 523 3793 probata
579 3712 869 3771 omnibus
899 3730 1108 3771 causa.
1169 3714 1366 3772 Nemo
1397 3713 1564 3771 enim
1597 3711 1946 3790 probasset,
2005 3713 2249 3793 Opinor,
2284 3712 2334 3771 si
2377 3714 2884 3793 praecipitanter,
2922 3719 2988 3771 ut
3020 3718 3168 3772 'l‘uze
3227 3711 3644 3793 Amplitudini

241 3792 608 3873 gratularer
638 3794 698 3852 in
733 3800 1040 3867 tempore,
1073 3793 1266 3852 fetum
1296 3793 1462 3851 hunc
1493 3811 1599 3851 seu
1659 3793 1953 3851 aborsum
1993 3792 2222 3869 potius,
2257 3792 2641 3852 immitarum
2692 3792 3084 3869 abiecissem,
3121 3797 3230 3850 aut
3259 3809 3295 3849 a
3343 3809 3437 3873 me
3469 3792 3642 3851 abire

240 3871 694 3954 permisissem.
728 3876 927 3933 Porro
956 3892 1078 3949 quo
1130 3891 1299 3954 nunc
1329 3891 1584 3954 munere
1635 3873 1804 3954 apud
1835 3877 2031 3933 'l‘uam
2068 3873 2508 3932 Celsitudinem
2573 3873 2876 3949 majorem
2915 3893 3010 3931 me
3039 3873 3303 3950 gratiam
3339 3871 3639 3954 initurum

237 3951 657 4023 confiderem,
689 3972 811 4014 non
844 3961 996 4016 erat.
1034 3972 1223 4030 quam
1257 3953 1308 4012 si
1345 3953 1728 4013 utillissimos
1762 3953 1898 4022 hos,
1931 3954 2058 4013 imo
2121 3955 2573 4030 propemodum
2619 3955 2999 4014 necessarios
3050 3952 3535 4012 commentarios
3587 3951 3643 4011 ei

235 4037 644 4115 potissimum
677 4033 1275 4115 Consecrarrm,rqui
1308 4054 1428 4092 non
1467 4041 1653 4115 modo
1679 4033 1983 4115 singulari
2044 4036 2342 4111 praeditus
2372 4046 2459 4094 est
2496 4037 2748 4112 pietate,
2807 4035 2914 4094 sed
2951 4043 3177 4113 praeter
3206 4053 3390 4091 omne
3445 4051 3642 4110 genus

235 4113 554 4177 doctrinae
616 4122 790 4173 tanta
821 4133 1071 4191 quoque
1129 4114 1375 4174 dicendi
1408 4114 1701 4174 facundia
1727 4133 1800 4174 ac
1856 4113 2244 4191 eloquentia,
2275 4122 2508 4192 quanta
2545 4117 2632 4174 vel
2691 4117 2770 4174 ab
2803 4117 2938 4187 eius
2973 4115 3222 4191 generis
3283 4115 3643 4174 hominibus

231 4198 477 4273 requiri
516 4202 720 4272 potest
753 4195 1049 4260 maxima,
1086 4195 1191 4273 qui
1224 4213 1473 4254 omnem
1509 4202 1758 4254 aetatem
1793 4196 1852 4254 in
1886 4196 2105 4254 litteris
2136 4202 2682 4272 consumpserunt.
2719 4199 3035 4254 Accedunt
3065 4197 3139 4253 ad
3176 4203 3411 4254 tantum
3450 4213 3640 4271 prais-

229 4278 742 4338 tantissimarum
775 4283 1002 4334 artium
1033 4275 1382 4336 doctrinam
1415 4283 1478 4334 et
1523 4285 1763 4336 cmterm
1796 4276 2056 4334 virtutes
2087 4276 2292 4352 dignae
2346 4296 2574 4346 magno
2611 4276 2888 4351 principe
2923 4295 2935 4335 :
2965 4276 3210 4349 justilia
3262 4279 3320 4334 in
3355 4277 3641 4348 imperio,

229 4361 406 4438 paris
440 4361 904 4438 tuendaagcura,
938 4355 1304 4429 magnitudo
1336 4356 1548 4424 animi,
1588 4356 1817 4438 pietas,
1841 4356 2116 4438 studium
2147 4357 2443 4430 iuvanda
2476 4375 2548 4416 ac
2579 4357 2878 4438 ornandae
2902 4356 3222 4438 religionis
3251 4357 3640 4438 Christiana,

232 4433 587 4500 clementia
615 4455 688 4497 ac
718 4436 968 4496 bonitas
1000 4437 1251 4497 eximia.
1287 4438 1418 4497 Hoc
1477 4436 1757 4514 principe
1787 4437 1944 4495 duce
1976 4437 2124 4514 quid
2187 4439 2414 4514 poterit
2447 4457 2578 4496 esse
2610 4437 2876 4511 adversi,
2913 4441 2958 4496 si
2995 4455 3134 4496 cum
3173 4436 3400 4493 virtute
3429 4433 3643 4514 omnia

232 4521 525 4580 secunda
553 4519 749 4577 sunt?
782 4519 973 4576 Nemo
1000 4518 1060 4574 in
1095 4517 1202 4576 illo
1260 4513 1603 4594 quidquam
1637 4513 2062 4577 inconsultum
2107 4513 2365 4584 metuat,
2427 4517 2947 4594 prudentissimus
2977 4523 3067 4575 est
3101 4533 3116 4584 ;
3154 4533 3336 4572 nemo
3369 4513 3638 4571 insolen-

234 4601 380 4660 tiam
418 4597 623 4657 animi
656 4599 913 4676 cogitet.
972 4597 1461 4657 modestissimus
1489 4603 1614 4668 est;
1648 4616 1832 4657 nemo
1890 4597 2185 4671 injuriam
2248 4599 2484 4663 timeat,
2520 4599 2914 4674 aequissimus
2960 4604 3075 4656 est.
3110 4598 3274 4654 Bene
3334 4601 3642 4652 merentes

233 4699 337 4740 sua
371 4678 789 4740 conﬁrmabit
824 4677 1234 4745 humanitate,
1270 4678 1600 4754 languidos
1629 4677 1926 4738 excitabit
1953 4678 2283 4753 industria,
2317 4679 2641 4755 improbos
2669 4679 3000 4738 severitate
3049 4681 3426 4748 Compescet.
3462 4676 3641 4734 Certe

237 4759 615 4836 bujusmodi
642 4758 900 4818 omnino
933 4758 1369 4830 requirebatur
1397 4760 1502 4834 qui
1534 4758 1971 4818 infelicissimis
2004 4757 2173 4817 hisce
2215 4760 2604 4834 temporibus
2658 4761 3077 4820 celeberrimas
3112 4755 3400 4816 Ecclesiae
3434 4755 3637 4831 praefi-

237 4852 517 4908 ceretur,
553 4840 1083 4916 amplissimaque
1115 4839 1370 4897 ditionis
1421 4840 1698 4898 habenas
1727 4858 1798 4898 ea
1831 4839 2164 4916 prudentia
2195 4858 2394 4915 eaque
2452 4841 2738 4899 doctrina
2796 4839 3247 4900 moderaretur.
3283 4855 3554 4913 ovesque
3602 4855 3640 4895 a

240 4920 625 4982 truculentis
659 4939 814 4997 pene
849 4920 1138 4996 luporum
1201 4919 1484 4978 faucibus
1514 4921 1801 4995 eriperet,
1849 4938 2073 4994 nempe
2130 4921 2328 4997 quiin
2364 4921 2676 4979 variarum
2735 4919 3146 4978 licclesiarum
3210 4919 3639 4976 moderatione

239 5008 358 5063 tam
399 5003 718 5075 probatus
746 5007 909 5058 esslt
962 4999 1282 5077 Siquidem
1319 5000 1658 5077 tranquillo
1693 5000 1845 5058 mari
1879 5001 2140 5076 quilibet
2173 5009 2504 5059 nautarum
2539 5008 2983 5076 vectorumque
3013 4999 3362 5076 gubernare
3395 5004 3636 5076 potest:

244 5093 296 5140 at
327 5085 436 5144 ubi
477 5100 648 5142 sava
681 5081 865 5140 fuerit
894 5090 1031 5138 orta
1063 5089 1424 5152 tempestas.
1458 5099 1531 5140 ac
1562 5081 1814 5139 turbato
1850 5081 2005 5139 mari
2039 5083 2280 5152 rapitur
2319 5087 2503 5139 vento
2534 5082 2729 5140 navis.
2768 5089 2896 5138 tum
2933 5082 3066 5138 viro
3117 5098 3188 5138 ac
3219 5081 3640 5154 gubernatore

246 5181 388 5234 Opus
422 5171 530 5223 est
564 5179 578 5220 :
612 5163 807 5236 etqui
864 5168 1010 5218 ante
1069 5161 1279 5219 omnia
1313 5161 1437 5218 duo
1473 5161 1606 5222 haec
1663 5161 1940 5221 Platonis
2003 5168 2312 5238 praecepta
2363 5167 2594 5238 teneat,
2629 5179 2768 5238 quae
2828 5161 3040 5220 (ΣίριδΓο
3098 5160 3245 5217 dicit
3295 5157 3643 5218 necessario

253 5243 455 5303 adesse
493 5243 593 5299 his
623 5249 934 5317 oportere.
973 5241 1076 5313 qui
1113 5242 1370 5300 omnino
1404 5241 1669 5318 reipubl.
1703 5242 2014 5318 profuturi
2048 5249 2192 5299 sunt
2226 5259 2240 5300 :
2281 5242 2549 5317 primum
2585 5247 2650 5302 ut
2675 5242 2901 5301 civium
2939 5242 3271 5300 utilitatem
3305 5239 3390 5297 sic
3424 5248 3642 5297 tuean-

245 5319 349 5399 jur
375 5333 437 5383 ut
464 5322 778 5401 quidquid
809 5331 1004 5396 agunt
1033 5321 1109 5379 ad
1143 5341 1280 5380 eam
1317 5324 1611 5389 referant,
1645 5323 1821 5381 obliti
1853 5323 2325 5382 Commodorum
2360 5341 2640 5382 suorum.
2677 5327 2884 5401 Neque
2910 5324 3072 5380 enim
3109 5322 3268 5379 idem
3303 5319 3646 5401 principem

251 5403 414 5463 decet
452 5398 628 5477 quod
657 5398 1004 5479 privatum.
1033 5406 1239 5477 Atque
1277 5403 1419 5462 hinc
1451 5410 1538 5461 e~t
1573 5403 1738 5479 quod
1777 5403 2105 5475 PeIOpidas
2137 5402 2315 5460 uxori
2348 5421 2490 5480 qum
2522 5405 2598 5462 ad
2632 5398 2864 5462 bellum
2902 5403 3394 5480 proficiscentem
3434 5398 3647 5457 mulie-

255 5480 434 5545 briter
473 5483 742 5560 rogabat
771 5491 1046 5541 servaret
1103 5485 1404 5562 seipsum.
1443 5484 1578 5543 Alii.
1616 5483 1845 5562 inquit,
1879 5489 1948 5542 ut
2002 5481 2206 5541 isthuc
2236 5479 2466 5542 faciant
2498 5485 2788 5544 monendi
2821 5489 2965 5542 sunt
2999 5503 3011 5542 :
3077 5500 3218 5538 nam
3257 5479 3543 5558 princeps
3573 5499 3645 5539 ac

255 5562 357 5623 dux
405 5566 766 5625 hortandus
799 5570 893 5622 est
945 5563 1153 5640 potius
1208 5576 1266 5622 ut
1303 5572 1503 5622 servet
1536 5565 1722 5624 cives.
1784 5563 2069 5623 Alterum
2105 5572 2196 5621 est
2257 5569 2323 5622 ut
2352 5570 2550 5624 totum
2585 5583 2812 5641 corpus
2871 5563 3228 5636 reipublicae
3260 5570 3478 5620 curent
3514 5577 3527 5619 :
3566 5580 3642 5620 ne

258 5643 382 5704 dum
428 5652 682 5721 partem
739 5644 1016 5721 aliquam
1078 5651 1350 5716 tuentur,
1387 5645 1660 5717 reliquas
1691 5645 2024 5703 deserant:
2063 5661 2206 5702 nam
2240 5644 2300 5703 id
2359 5646 2680 5705 seditionis
2703 5640 3091 5718 maximique
3117 5640 3349 5701 dissidii
3384 5660 3456 5700 ac
3485 5641 3639 5699 invi-

262 5722 469 5788 dentia;
502 5745 700 5786 causa
751 5733 933 5784 esset.
967 5726 1195 5784 Verum
1233 5744 1435 5801 neque
1480 5744 1597 5802 ego
1627 5725 1678 5784 is
1711 5744 1845 5783 sum
1883 5725 2011 5802 qui,
2051 5742 2126 5784 ne
2183 5725 2384 5784 dicam
2421 5727 2556 5796 tibi,
2591 5726 2694 5785 sed
2757 5743 2870 5783 nec
2901 5725 3006 5784 alii
3063 5723 3258 5782 cuivis
3305 5723 3629 5802 consilium

261 5804 390 5871 duo
419 5807 685 5888 possim,
719 5823 925 5884 neque
973 5811 1038 5867 tu
1070 5805 1125 5867 is
1153 5823 1218 5869 es
1248 5800 1347 5868 cui
1377 5800 1544 5886 opus
1565 5806 1646 5868 sit
1672 5806 1830 5866 illud
1859 5800 1915 5866 av
1953 5823 2274 5885 quoquam
2306 5819 2622 5887 expetere.
2655 5808 2747 5867 Tu
2779 5805 2887 5866 tibi
2941 5807 3004 5866 in
3035 5805 3328 5865 omnibus
3361 5800 3631 5860 monitor
