4134 6196
411 426 488 490 t9
1423 427 1922 490 (ECUMENIUS
1963 425 2269 488 Truces.
2307 423 2766 488 EPISCOPUS.
3745 395 3846 489 eo"

414 564 664 625 dandus
695 583 805 625 es:
849 564 973 624 tuis
1015 564 1312 636 consiliis,
1349 563 1693 642 diligentia:
1724 582 1797 624 ac
1843 564 2168 624 industriae
2201 562 2677 639 relinquendus.
2711 568 2806 624 An
2843 582 2955 624 nos
3007 563 3341 624 timeamus
3369 563 3498 624 ulla
3551 569 3612 624 te
3643 569 3821 643 parte

414 649 826 706 arctissimam
863 663 914 704 ae
941 647 1172 720 juitatis
1217 647 1492 722 regulam
1531 647 1935 704 transiturum
1969 646 1997 703 ?
2032 649 2338 704 facturum
2373 645 2612 718 aliquid
2646 653 2704 704 te
2739 647 2984 722 tuisque
3011 648 3355 721 majoribus
3383 664 3456 704 ac
3489 649 3683 723 rega'i
3713 653 3823 707 tua

417 728 708 804 protsapia
752 727 1107 799 indignum,
1143 735 1250 784 aut
1279 745 1316 785 a
1347 727 1468 785 tuis
1502 728 1780 786 moribus
1811 727 2082 785 alienum
2113 726 2142 783 ?
2175 745 2327 784 neve
2359 731 2437 784 ah
2473 725 2925 784 honestissimis
2957 727 3100 786 vita:
3133 728 3478 786 rationibus
3509 728 3763 786 aberres
3789 727 3820 786 ‘I

411 810 589 869 Unde
631 807 732 866 hic
767 808 942 866 [iubis
979 815 1176 866 metus
1233 815 1340 865 aut
1370 808 1517 884 quid
1552 811 1628 867 de
1661 816 1716 866 te
1752 827 1871 866 non
1905 809 2208 865 debemus
2241 807 2422 865 nobis
2455 806 2790 884 polliceri?
2823 807 2930 884 qui
2992 825 3112 864 non
3150 809 3336 866 modo
3369 821 3647 866 veterum
3685 807 3822 866 lau-

409 887 517 946 des
546 890 1072 965 splendoremque
1104 888 1328 966 prioris
1359 893 1584 954 aetatis.
1645 888 1752 946 sed
1787 895 1848 946 et
1879 888 2127 962 ingenia
2187 887 2574 946 laudantiam
2611 887 2895 964 viresque
2925 889 3258 964 supeuasti.
3293 887 3694 966 Quapropter
3723 889 3820 948 his

408 967 668 1040 relictis,
712 985 854 1047 qua:
885 975 945 1027 et
975 987 1092 1044 ego
1125 969 1354 1027 frustra
1381 968 1592 1046 eloqui
1645 975 1975 1044 tentarem,
2010 979 2070 1026 et
2103 975 2164 1026 tu
2199 967 2410 1026 invitis
2441 976 2552 1026 aut
2603 967 2911 1026 obluralis
2943 969 3152 1046 potius
3182 968 3444 1028 auribus
3475 969 3817 1047 exciperes,

414 1049 614 1108 Deum
673 1049 981 1186 eptilmum
1040 1049 1513 1128 maximumque
1569 1067 1814 1128 precor,
1851 1057 1910 1109 te
1940 1048 2140 1121 nobis,
2173 1047 2298 1107 imo
2357 1047 2576 1126 patriai
2625 1065 2698 1109 ac
2727 1049 3164 1108 communibus
3219 1049 3443 1108 studiis
3473 1048 3822 1110 diutissime

415 1133 625 1186 servet
653 1128 794 1186 inco
827 1145 1058 1186 ornem.

415 1133 625 1188 servet
653 1128 1058 1188 incolumem.

497 1211 725 1269 Datum
758 1209 1039 1288 Lovanii,
1073 1209 1136 1269 in
1167 1208 1436 1290 collegio
1471 1209 1853 1288 theologico,
1888 1226 2053 1270 anno
2083 1226 2118 1270 θ
2149 1213 2334 1288 partu
2367 1208 2650 1290 virgineo
2681 1207 2859 1282 1545,
2891 1206 3093 1288 pridie
3120 1208 3435 1276 Kalendas
3462 1209 3735 1290 Apriles.

1747 1477 2098 1542 CANDIDO
2138 1478 2500 1542 LECTORI.

501 1773 730 1833 Rerum
763 1772 828 1855 in
855 1772 1047 1849 hujus
1077 1774 1286 1852 operis
1316 1773 1574 1836 exordio
1606 1774 2092 1853 prmmonendus
2122 1774 2280 1834 mihi
2310 1793 2398 1847 es,
2433 1774 2697 1836 candide
2725 1776 2971 1846 Lector,
3005 1775 3294 1835 eumdem
3329 1793 3514 1855 quem
3545 1775 3608 1836 in
3633 1774 3827 1855 priori

428 1860 600 1916 tomo
656 1853 940 1934 ordinem
978 1873 1090 1914 uos
1146 1873 1426 1915 servasse
1455 1856 1964 1915 adnotaudorum
2003 1874 2407 1916 numerorum
2471 1857 2770 1933 capitum,
2805 1863 2930 1914 tam
2985 1855 3171 1932 juxta
3201 1853 3448 1918 Gracos
3505 1853 3688 1934 quem
3725 1857 3827 1917 hic

427 1943 652 1994 auctor
681 1933 1055 2002 observavit,
1105 1953 1294 2012 quam
1321 1937 1509 2013 juxta
1561 1938 1817 1996 Latinos
1849 1955 2034 2014 quem
2070 1955 2184 1996 nos
2241 1938 2566 2015 quidpiam
2600 1941 2863 1996 citantes
2893 1945 3003 1995 aut
3059 1939 3226 1996 aliud
3265 1933 3550 1996 notantes
3579 1957 3828 2014 semper

424 2015 773 2096 sequimur,
807 2032 946 2074 cum
1010 2017 1246 2074 nullam
1285 2019 1547 2075 facimus
1603 2021 1960 2078 Graecorum
1997 2019 2274 2094 capitum
2340 2020 2742 2077 mentionem.
2783 2019 2999 2094 Itaque
3057 2017 3233 2076 initio
3263 2021 3471 2076 statim
3519 2019 3829 2096 cujusque

425 2095 604 2156 faciei
645 2095 880 2170 positus
919 2115 1242 2166 numerus,
1301 2098 1664 2156 Latinorum
1700 2110 1788 2156 est
1825 2119 1838 2158 :
1874 2099 1977 2175 qui
2015 2116 2152 2158 rere
2215 2098 2575 2174 majusculis
2610 2099 2830 2156 litteris
2888 2117 3077 2172 supra
3109 2100 3275 2174 ipsos
3335 2101 3578 2176 paginm
3612 2095 3826 2156 vereus

431 2177 787 2244 ascribitur,
819 2179 1208 2236 Graecorum.
1271 2181 1540 2238 Rursum
1577 2179 1678 2237 uhi
1713 2179 2056 2239 Bibliorum
2117 2179 2290 2237 locus
2324 2181 2630 2257 quispiam
2667 2179 2854 2237 fllt'lii.
2911 2179 2971 2237 in
3006 2187 3297 2238 eontextu
3349 2179 3574 2236 citatus
3605 2187 3714 2236 aut
3745 2178 3825 2235 ad

427 2259 634 2336 ipsum
668 2275 926 2334 quoquo
961 2258 1146 2315 mo'lo
1178 2258 1475 2326 allusum,
1513 2278 1624 2318 nec
1657 2271 1864 2318 tamen
1915 2259 1976 2318 in
2011 2259 2304 2335 Opposito
2340 2261 2618 2332 margine
2659 2259 2908 2316 additus
2941 2265 3032 2315 est
3061 2263 3322 2319 Latinus
3354 2258 3574 2335 capitis
3609 2276 3828 2316 nume-

431 2357 560 2406 rus,
594 2339 669 2395 ad
705 2339 992 2396 eumdem
1027 2339 1134 2414 qui
1171 2339 1357 2415 paulo
1389 2347 1532 2399 ante
1564 2340 1793 2398 citatus
1825 2359 1888 2398 es
1923 2347 2124 2400 locum
2161 2341 2472 2399 recurrito
2509 2358 2522 2400 :
2562 2341 2853 2398 nolumus
2887 2339 3048 2397 enim
3089 2343 3314 2398 frustra
3349 2339 3508 2398 idem
3545 2338 3828 2414 ejusdem

433 2418 770 2479 voluminis
803 2425 990 2493 caput
1017 2419 1242 2478 iterato
1277 2438 1529 2496 ponere.
1563 2420 1915 2490 Quinetiam
1953 2439 2094 2479 cum
2157 2422 2470 2480 variorum
2503 2419 2783 2494 ejusdem
2851 2419 3184 2478 voluminis
3213 2421 3488 2494 capitum
3523 2437 3826 2479 consecu-

435 2499 560 2559 tive
592 2499 759 2557 dicta
793 2503 1088 2568 citantur,
1149 2501 1349 2575 posito
1383 2501 1576 2560 semel
1607 2501 1918 2560 duntaxat
1977 2501 2313 2560 voluminis
2347 2502 2617 2568 nomine,
2655 2518 2949 2558 numeros
3006 2500 3282 2574 capitum
3316 2499 3502 2558 simul
3534 2498 3830 2577 adjanxi-

441 2596 579 2638 mus
611 2596 683 2638 eo
711 2597 836 2657 quo
869 2579 976 2638 illa
1013 2579 1094 2638 cit
1118 2587 1284 2638 untur
1314 2577 1554 2640 ordine.
1593 2583 1892 2642 l’rteterea
1925 2583 2208 2642 eamdem
2247 2583 2346 2642 hic
2388 2581 2536 2639 mihi
2566 2581 2701 2638 dari
2733 2581 2976 2637 veniam
3015 2597 3236 2655 precor
3265 2598 3452 2657 quam
3490 2580 3550 2638 in
3599 2580 3832 2657 l'Luthy-

445 2660 571 2719 mio
606 2659 938 2738 postulavi.
973 2659 1144 2738 qucd
1175 2679 1357 2719 voces
1387 2661 1692 2738 quasdam
1727 2681 1848 2722 non
1884 2663 2208 2721 vitaverim
2243 2681 2278 2720 a
2310 2662 2536 2737 quibus
2565 2661 2908 2720 abhorrent
2941 2660 3222 2718 nonnulli
3283 2668 3497 2719 nestro
3531 2660 3647 2719 hoc
3679 2660 3836 2737 poli-

444 2741 586 2802 tiori
618 2739 851 2800 saeculo
887 2757 902 2799 :
937 2759 1184 2817 nempe,
1233 2739 1540 2808 Salvator.
1599 2743 1835 2802 salvere
1858 2745 2210 2820 εοηῑραεςὶο,
2248 2744 2605 2822 dispensatio
2633 2758 2706 2800 ac
2761 2741 3018 2815 similes,
3047 2759 3122 2798 ne
3154 2741 3202 2799 si
3229 2740 3577 2800 exactiores
3604 2741 3832 2799 substi-

438 2826 760 2882 tueremus
791 2839 930 2898 qua;
961 2839 1278 2880 sacrarum
1339 2822 1805 2900 Scripturarum
1839 2824 2134 2882 studiosis
2183 2841 2306 2882 non
2340 2821 2498 2880 adeo
2535 2821 2697 2880 tritas
2756 2829 2983 2890 essent,
3019 2821 3311 2879 lectorem
3357 2839 3612 2898 quoquo
3649 2821 3833 2880 modo

439 2901 742 2962 remorari
776 2902 1149 2962 videremur.
1205 2902 1296 2960 Ad
1333 2903 1464 2962 haec
1495 2921 1634 2962 cum
1669 2905 1950 2964 Graecum
1987 2902 2314 2980 exemplar
2359 2903 2748 2978 singulorum
2801 2908 3175 2978 argumenta
3218 2901 3490 2978 capitum
3527 2901 3702 2960 initio
3733 2919 3836 2961 cu-

431 2983 662 3058 jusque
697 2981 836 3040 libri
867 2991 977 3040 aut
1005 2983 1286 3058 epistolae
1347 2991 1720 3050 recenseret.
1756 2985 2094 3043 maluimus
2149 2983 2402 3058 singula
2431 2984 2698 3058 singulis
2754 2983 3066 3058 capitibus
3101 2983 3448 3058 pratigere.
3511 3000 3587 3040 ne
3627 2983 3704 3042 ad
3737 2981 3836 3040 di-

431 3062 862 3140 guoscendum
893 3062 1116 3140 capitis
1171 3071 1919 3140 argumentum,necesse
1977 3065 2086 3122 tibi
2123 3067 2280 3122 foret
2327 3063 2591 3122 subinde
2635 3063 2714 3121 ad
2771 3062 2911 3120 libri
2969 3062 3216 3120 initium
3277 3081 3614 3121 recurrere.
3677 3065 3838 3130 Qua-

437 3155 698 3220 prepter
729 3142 916 3202 etiam
951 3161 1404 3220 nonnunquam
1437 3146 1638 3206 coacti
1701 3163 1919 3204 sumus
1951 3151 2162 3221 partes
2191 3149 2397 3204 textus
2453 3144 2636 3202 aliter
2667 3160 2854 3220 quam
2911 3142 2972 3200 in
3009 3145 3226 3202 (ἂνωσο
3257 3149 3463 3203 essent
3492 3141 3838 3218 exemplari

439 3223 765 3282 dividere:
801 3239 944 3281 cum
1002 3223 1088 3281 ibi
1117 3224 1486 3286 continuato
1537 3231 1732 3295 textu,
1769 3228 1830 3284 in
1895 3225 2177 3298 margine
2229 3225 2538 3284 duntaxat
2568 3226 2712 3282 novi
2769 3223 2990 3300 capitis
3050 3241 3347 3282 numerus
3399 3229 3830 3282 annotaretur.

437 3305 907 3379 Nonnunquam
942 3303 1126 3361 etiam
1159 3323 1236 3362 ne
1267 3311 1473 3364 textus
1495 3307 1652 3366 adeo
1688 3305 1947 3364 mutilus
1994 3313 2103 3365 aut
2137 3305 2488 3366 minutatim
2523 3304 2808 3364 cuncisus
2865 3303 3198 3380 videretur,
3237 3305 3444 3380 plures
3495 3303 3831 3378 conjunxi-

441 3401 582 3442 mus
615 3381 905 3464 periodos
935 3401 1074 3460 quin
1123 3382 1183 3442 iu
1215 3385 1432 3445 Graeco
1461 3387 1806 3464 exemplari
1839 3387 2052 3446 divisas
2086 3393 2288 3460 erant,
2348 3385 2738 3460 potissimum
2771 3383 2832 3440 in
2881 3386 3174 3458 “Epistula
3206 3387 3280 3464 ad
3315 3387 3735 3464 Romanoset
3767 3383 3832 3440 in

437 3463 841 3542 Apocalypsi,
879 3464 983 3538 qui
1019 3465 1154 3523 libri
1187 3464 1246 3523 in
1273 3466 1390 3525 hoe
1422 3485 1455 3525 a
1489 3461 1732 3527 caeteris
1767 3467 2037 3525 maxime
2087 3465 2474 3524 dissidebant
2510 3481 2522 3523 :
2563 3465 2667 3522 ubi
2701 3471 2904 3522 tamen
2941 3465 3170 3522 divisas
3221 3461 3657 3540 hujuscemodi
3690 3481 3833 3521 sen-

436 3546 666 3604 tentias
695 3543 1156 3621 c0njunximus.
1193 3546 1268 3604 ad
1304 3546 1692 3622 singularum
1747 3547 2208 3606 enarrationem
2245 3565 2487 3603 rursum
2523 3563 2626 3602 eas
2658 3555 2766 3601 aut.
2797 3563 2872 3612 ex
2931 3546 3176 3622 integro
3209 3553 3318 3602 ant
3349 3545 3406 3602 in
3447 3551 3622 3618 parte
3658 3562 3838 3620 repa-

436 3625 668 3684 tiimus.
706 3626 1167 3702 Nonnunquam
1207 3645 1350 3684 vero
1385 3629 1546 3686 hanc
1581 3629 1839 3686 fecimus
1871 3627 2165 3684 unionem
2199 3643 2272 3684 eo
2305 3625 2470 3700 quod
2501 3625 2843 3698 permistitu
2885 3633 3089 3698 partes
3122 3624 3486 3698 hujusmouli
3511 3623 3830 3680 variarum

435 3705 837 3784 periodorum
879 3726 997 3762 non
1031 3725 1144 3762 suo
1173 3708 1394 3767 ordine
1448 3709 1930 3785 explicabuntur
1963 3724 1975 3764 :
2015 3705 2180 3782 quod
2217 3705 2374 3764 adeo
2429 3705 2721 3780 frequens
2751 3713 2904 3770 erat.
2944 3712 3006 3761 ut.
3065 3705 3206 3761 huic
3243 3707 3408 3760 malo
3432 3723 3562 3785 non
3601 3703 3833 3776 ubique

431 3783 779 3846 .tetnet'lium
820 3787 1291 3860 praediterimus
1327 3805 1339 3847 :
1405 3783 1672 3864 ideoque
1705 3787 1805 3846 hic
1837 3795 1893 3844 te
1927 3787 2360 3851 admonemus.
2429 3787 2570 3843 utsi
2604 3787 2857 3862 quando
2907 3787 3228 3842 sententiae
3253 3783 3524 3864 alicujus
3554 3785 3834 3864 explica-

437 3867 665 3926 tienetn
703 3866 1001 3943 requiras.
1039 3871 1227 3924 etiam
1267 3863 1678 3940 praecedentis
1705 3873 2003 3926 clausulae
2037 3867 2496 3924 enarrationem
2533 3867 2746 3942 perlo-g
2771 3886 2838 3924 .s.
2893 3865 3132 3934 Saepius
3166 3863 3327 3921 enim
3363 3863 3466 3921 ubi
3525 3863 3835 3938 quispiam

438 3949 669 4006 citatur
699 3957 920 4005 auctor
949 3955 1009 4006 et
1045 3950 1385 4023 praesertim
1421 3951 1704 4018 Photius.
1743 3967 1862 4006 non
1897 3965 2033 4004 eam
2068 3947 2378 4006 duntaxat
2412 3948 2631 4006 litterae
2681 3957 2918 4022 partem
2953 3963 3092 4020 qua;
3157 3955 3472 4022 propeetta
3501 3951 3594 4002 est
3623 3945 3840 4002 det-la-

443 4036 559 4094 rat.
597 4028 704 4087 sed
735 4045 810 4086 ea
840 4029 1028 4088 etiam
1063 4045 1200 4105 quas
1233 4029 1722 4105 subsequuntur.
1761 4031 1845 4086 Ne
1879 4028 1936 4085 id
1973 4046 2222 4105 quoque
2255 4035 2488 4086 temere
2530 4046 2565 4084 a
2598 4027 2778 4084 nobis
2807 4027 3040 4085 factum
3073 4025 3414 4088 existimes.
3477 4027 3644 4102 quod
3681 4042 3838 4105 nonf

437 4127 760 4185 nunquam
789 4107 990 4184 Pauli,
1027 4103 1210 4168 Lucas
1265 4115 1377 4170 aut
1403 4103 1664 4169 Joannis
1725 4103 2192 4167 litteram‘novo
2225 4109 2375 4166 satis
2411 4109 2596 4166 modo
2657 4106 3026 4165 verterimus
3060 4125 3073 4164 :
3111 4106 3170 4164 id
3205 4105 3369 4164 enim
3405 4106 3608 4165 facere
3639 4103 3842 4163 coacti

439 4207 682 4266 sumus,
713 4195 783 4248 ut
839 4189 1224 4249 scholiorum
1275 4199 1626 4266 reapectum
1664 4189 2088 4247 haberemus:
2150 4188 2382 4262 a'ioqui
2415 4188 2464 4246 si
2523 4187 2764 4264 reliquo
2796 4189 2991 4245 secuti
3053 4185 3384 4244 fuissemus
3441 4187 3838 4263 interpretes,

439 4270 678 4330 scholia
707 4269 769 4328 in
807 4268 1168 4343 huiusmodi
1203 4269 1352 4330 locis
1384 4271 1540 4330 nulli
1573 4267 1908 4328 servissent
1941 4268 2286 4346 proposito.
2318 4268 2517 4343 Hujus
2549 4286 2799 4345 quoque
2832 4275 2890 4325 te
2918 4266 3308 4325 admonitum
3345 4267 3553 4338 velim,
3593 4268 3842 4346 quoties

439 4350 614 4410 locus
646 4350 955 4428 quispiam
989 4349 1050 4408 in
1089 4349 1182 4410 his
1215 4369 1290 4408 ex
1320 4351 1526 4409 Veteri
1555 4351 1787 4408 citatur
1813 4345 2259 4412 Instrumento.
2327 4347 2492 4407 hunc
2530 4350 2712 4423 juxta
2742 4347 3091 4405 versionem
3127 4347 3540 4428 Septuaginta
3599 4345 3840 4416 referti,

441 4427 796 4506 utpotequi
828 4431 1038 4490 Graece
1069 4431 1471 4507 scripserunt.
1510 4429 1572 4488 hi
1604 4437 1812 4488 autem
1843 4429 2208 4488 collectores
2239 4431 2434 4488 Graeci
2471 4436 2713 4487 tantum
2749 4435 2968 4488 erant:
3006 4429 3110 4503 qui
3143 4427 3329 4484 etiam
3367 4445 3486 4486 non
3519 4443 3663 4485 raro
3695 4443 3841 4483 sen-

444 4529 580 4569 sum
618 4511 815 4588 magis
843 4513 1038 4570 citant
1069 4530 1255 4584 quam
1283 4510 1472 4568 verba
1505 4527 1519 4567 2
1555 4515 1686 4580 aut,
1743 4511 1909 4586 quod
1949 4510 2102 4570 mihi
2139 4510 2335 4588 magis
2387 4509 2652 4578 videtur,
2689 4527 2764 4568 ex
2817 4507 3366 4588 memor-iacitant.
3423 4525 3588 4585 quas.
3625 4512 3842 4580 utpote

447 4591 678 4654 labilis.
714 4587 901 4651 etiam
937 4591 1329 4650 doctissimos
1388 4609 1832 4667 nonnunqorm
1871 4591 2084 4648 fallere
2116 4592 2292 4647 solet.
2355 4590 2659 4664 Denique,
2693 4589 2751 4647 id
2786 4589 2972 4648 etiam
3037 4587 3487 4665 animadverte,
3537 4594 3842 4667 quantum

451 4675 692 4731 nostris
725 4673 1112 4750 temporibus
1145 4670 1227 4750 hi7
1268 4671 1538 4728 serviant.
1571 4666 2030 4736 commentarii.
2084 4670 2193 4744 qui
2225 4670 2508 4745 plurimis
2537 4671 2600 4728 in
2633 4669 2782 4730 locis
2824 4669 3118 4750 indicant
3150 4667 3441 4750 brevibus
3484 4685 3638 4750 Aquae
3665 4666 3847 4750 Pauli

447 4753 640 4812 verba
671 4747 1192 4811 variis—obsistam
1223 4749 1560 4809 haeresihus
1589 4753 1852 4824 illasque
1881 4751 2266 4810 confodiant.
2299 4752 2525 4824 Accipe
2555 4750 2788 4827 itaque,
2823 4749 3018 4806 lector
3047 4747 3332 4816 candide,
3367 4766 3440 4807 ac
3473 4748 3676 4806 fruere
3709 4747 3846 4806 feli-

451 4835 628 4894 cibus
661 4831 954 4910 auspiciis
987 4829 1196 4907 prteda
1228 4849 1416 4906 quam
1449 4851 1523 4890 ex
1557 4833 1911 4892 Graecorum
1949 4831 2344 4891 bibliothecis
2378 4831 2497 4890 tuis
2541 4830 2756 4889 usibus
2789 4829 2970 4910 primi
3027 4829 3396 4887 adveximus
3429 4845 3442 4886 :
3479 4845 3844 4906 quanquam

453 4913 643 4988 hujus
677 4909 840 4990 pars,
879 4917 944 4968 ut
975 4927 1188 4990 verum
1225 4911 1441 4980 fatear,
1481 4930 1705 4990 nempe
1735 4913 1794 4970 in
1835 4912 2174 4988 Epistulam
2209 4911 2284 4969 ad
2325 4913 2654 4976 Rullianus.
2692 4917 2837 4969 ante
2869 4909 3118 4990 aliquot
3141 4927 3339 4968 annos
3369 4910 3841 4990 ereptagfuerat,

447 4987 692 5056 Joanne
721 4991 1026 5052 Lonicero
1059 4989 1423 5067 interprete.
1457 4987 1668 5052 verum
1705 4987 1930 5051 mutila
1960 4993 2326 5068 admodum,
2365 4997 2431 5052 ut
2461 5008 2602 5069 qum
2637 5009 2711 5050 ne
2747 4989 2990 5049 tertiam
3021 4989 3271 5067 quidem
3311 4996 3548 5065 partem
3585 4987 3846 5069 haberet

449 5092 668 5135 eorum
699 5089 838 5148 quas
872 5088 1038 5130 nunc
1067 5070 1128 5129 in
1159 5065 1297 5130 eam
1331 5071 1674 5150 Epistulam
1709 5074 1820 5132 tibi
1851 5073 2074 5132 damus
2107 5089 2122 5132 :
2157 5065 2379 5150 eaque,
2414 5065 2623 5131 nescio
2657 5070 2832 5146 cujus
2861 5065 3221 5150 vitio,:satis
3253 5069 3585 5150 infeliciter
3618 5065 3846 5126 Latini-

447 5163 574 5214 tate
603 5155 836 5212 donata
871 5171 884 5210 :
919 5169 1123 5228 neque
1153 5152 1316 5211 enim
1349 5149 1754 5230 interpretem
1789 5161 2022 5213 temere
2053 5149 2347 5212 accusare
2381 5152 2560 5211 velim
2601 5172 2612 5211 :
2649 5169 3012 5229 quanquam
3045 5149 3097 5208 is
3127 5149 3406 5230 etiamin
3443 5153 3846 5230 nuncupatos

447 5236 538 5293 ria
573 5231 849 5309 Epistola
879 5227 1037 5290 satis
1059 5231 1252 5290 idicat
1284 5251 1471 5308 quam
1507 5227 1628 5292 non
1693 5235 2095 5312 magnifaciat
2125 5250 2198 5292 ea
2229 5251 2369 5309 qua:
2429 5239 2649 5302 vertat.
2671 5227 2946 5312 seseque
3004 5229 3300 5312 maluisse
3331 5229 3392 5286 in
3425 5227 3548 5312 alio
3607 5227 3849 5312 versari

444 5319 841 5386 argumento.
881 5333 912 5366 «
939 5312 1190 5388 Majori.
1223 5313 1447 5388 inquit,
1485 5309 1898 5374 delectatione
1927 5315 1985 5374 in
2019 5333 2094 5372 eo
2127 5321 2408 5371 versatus
2437 5331 2658 5388 essem,
2693 5311 2744 5372 si
2777 5313 2836 5371 in
2887 5310 3227 5384 Scriptura;
3257 5325 3467 5385 scapo,
3505 5309 3566 5367 in
3602 5309 3751 5380 fide,
3783 5309 3848 5368 in

441 5394 667 5454 Christi
705 5392 958 5458 meritis.
994 5391 1388 5462 sanguine~et
1423 5413 1642 5463 morie,
1677 5402 1866 5466 atque
1897 5399 2052 5454 adeo
2075 5394 2133 5450 in
2163 5394 2612 5468 justiticaliune
2641 5393 2966 5452 mansisset
3000 5389 3261 5449 firmiter
3291 5407 3363 5448 ac
3385 5399 3786 5458 Constanter;
3815 5409 3845 5442 η

441 5479 502 5530 et
535 5479 672 5546 post
709 5491 908 5548 pauca
942 5489 956 5530 :
993 5495 1022 5526 «
1061 5475 1528 5550 Nonnunquam
1565 5493 1714 5534 sane
1747 5477 1946 5533 bonus
2003 5475 2104 5534 hic
2139 5475 2230 5530 vir
2259 5476 2406 5532 dum
2441 5473 2620 5534 Pauli
2656 5480 2924 5532 mentem
2987 5489 3108 5530 non
3143 5470 3518 5544 assequitur.
3577 5489 3686 5530 nec
3717 5485 3847 5526 res-

440 5551 674 5626 pondet
709 5572 818 5630 per
846 5552 1059 5611 omnia
1117 5555 1330 5613 saeculi
1388 5555 2044 5631 analogim.0peribus
2107 5554 2243 5630 plus
2283 5571 2466 5630 aequo
2529 5553 2768 5616 tribuit.
2803 5561 2870 5612 ut
2929 5556 3234 5627 appareat
3287 5550 3652 5626 theologum
3713 5565 3851 5631 esse

437 5627 720 5692 Graecum
757 5650 769 5692 :
805 5652 1071 5708 quorum
1105 5652 1254 5693 sane
1311 5627 1964 5705 commen’taria,icum
2025 5627 2642 5696 Christum—doceant
2697 5632 2853 5693 etin
2911 5631 3138 5690 Christi
3171 5631 3438 5708 gloriam
3491 5627 3852 5708 conscripta

431 5713 575 5782 sint,
612 5714 789 5774 nobis
821 5707 991 5774 haud
1023 5716 1231 5774 statim
1265 5721 1409 5774 sunt
1439 5717 1918 5776 centemnenda.
1952 5717 2286 5786 Craterum,
2320 5715 2675 5775 Christiano
2715 5713 2921 5792 potius
2955 5707 3195 5790 volupe,
3212 5729 3346 5770 esse
3371 5709 3576 5792 debet,
3611 5707 3852 5792 videre

431 5801 495 5856 et.
521 5814 864 5876 agnoscere
895 5813 1023 5875 quo
1053 5795 1218 5856 dono
1245 5801 1484 5857 veteres
1513 5797 1830 5860 Christum
1865 5796 2292 5875 pradicet-int.
2353 5787 2729 5877 Quanquam
2760 5801 2972 5856 autem
3003 5787 3128 5856 non
3187 5809 3412 5872 parum
3447 5787 3629 5852 multi
3676 5807 3858 5870 repe-
