4136 6200
364 382 441 442 27
1409 368 1899 433 (ECUMENIUS
1944 370 2251 436 TRICCJE
2293 376 2743 443 EPISCOPUS.
3711 383 3791 444 28

357 515 555 590 ejecit,
582 511 909 586 pluresque
938 507 1135 565 claudi
1167 522 1236 563 ac
1256 502 1515 579 paralysi
1539 503 1815 560 dissoluti
1839 504 1913 561 ab
1946 521 2018 563 eo

2180 526 2281 562 ατα
2309 502 2550 581 ἐξέϐαλε,
2578 511 2671 565 καὶ
2709 506 2897 586 χωλοὶ
2953 508 3044 565 καὶ
3099 504 3545 585 παραλελυμένοι
3601 511 3788 589 ἐθερα-

364 606 553 663 curati
589 608 728 661 sunt
778 602 916 673 (Act.
956 600 1102 670 vm.)

442 699 494 753 7.
538 693 758 749 Paulus
790 708 925 746 cum
960 686 1269 744 accederet
1298 684 1684 740 Damascumv
1717 685 1828 740 idit
1849 686 2026 742 visio-

374 801 537 851 nem,
571 783 889 852 statimque
922 777 1279 849 evangelista
1308 774 1498 829 factus
1528 780 1634 828 est.
1678 776 1818 843 (Act.
1857 777 1954 843 ix.)

448 877 498 929 8.
533 875 741 927 Petrus
778 869 983 940 Lyddm
1031 868 1270 921 zEneam
1302 862 1694 934 paralyticum
1729 863 1801 917 ab
1852 864 2025 919 annis

382 965 448 1017 36
482 963 545 1018 in
575 960 857 1033 grabbato
890 955 1345 1011 decumbentem
1379 953 1627 1008 curavit.
1663 953 1849 1019 (Ibid.)

452 1056 503 1109 9.
541 1052 745 1106 Petrus
800 1049 1000 1117 J0ppae
1069 1049 1361 1099 mortuam
1427 1042 1773 1108 Dorcadem,
1808 1059 1939 1113 qum
1969 1047 2028 1098 et

379 1142 629 1199 Tabitha
660 1137 988 1206 dicebatur,
1020 1134 1154 1190 fusa
1200 1134 1467 1189 oratione
1500 1133 1772 1189 excitavit
1800 1149 1835 1188 a
1861 1149 2024 1188 mor-

380 1232 519 1287 tuis.
554 1226 741 1298 (1bid.)

451 1321 537 1372 10.
569 1316 774 1370 Petrus
799 1329 899 1369 vas
928 1329 959 1368 e
991 1310 1136 1367 coelo
1166 1310 1540 1367 descendens
1577 1310 1827 1383 plenum
1861 1312 2025 1369 omni

367 1422 588 1480 genere
619 1403 969 1459 animalium
997 1400 1161 1456 vidit.
1193 1402 1346 1470 (Act.
1381 1402 1490 1471 10.)

438 1498 523 1551 11.
556 1496 765 1549 Petrus
798 1496 1064 1547 servatus
1112 1506 1181 1545 ac
1250 1490 1480 1545 vinctus
1532 1489 1595 1545 in
1656 1506 1912 1555 carcere,
1950 1490 2024 1547 ab

366 1585 580 1659 angelo
605 1583 836 1639 solutus
870 1588 978 1647 est,
1012 1580 1423 1655 ignorantibus
1453 1580 1514 1635 id
1548 1579 1837 1635 militibus
1865 1596 1878 1636 :
1912 1582 2023 1636 He.

2132 596 2406 668 πεύθησαν
2442 599 2529 654 ὑπ’
2559 598 2744 656 αὐτοῦ.

2204 686 2264 754 ζ’.
2294 684 2509 748 Παῦλος
2566 686 2797 762 ἐγγίζων
2856 691 2925 761 τῇ
2987 692 3260 762 Δαμασκῷ
3310 685 3448 743 εἶδεν
3501 688 3786 763 ὀπτασίαν,

2129 771 2220 825 καὶ
2252 772 2406 836 εὐθὺς
2437 774 2655 849 γέγονεν
2688 773 3102 850 εὐαγγελιστής.

2202 862 2593 933 η’.11ἐτροςὲν
2650 862 2829 939 Λύδδῃ
2885 864 3093 921 Αὶνείαν
3151 865 3243 920 τὸν
3300 864 3666 934 παραλυτικὸν
3700 867 3794 925 ἀπ’

2131 947 2266 1003 ἐτῶν
2298 946 2380 1013 λς’
2407 950 2458 1004 ἐν
2490 946 2788 1023 κραϐϐατῳ
2816 952 3165 1025 ἀνακείμενον
3190 951 3573 1026 ἐθηράπευσεν.

2201 1039 2262 1093 θ’.
2351 1042 2553 1116 Πέτρος
2613 1040 2667 1096 ἐν
2729 1042 2941 1117 Ἰώππῃ
3028 1044 3127 1113 τήν
3203 1043 3575 1100 ἀποθανοῦσαν
3651 1054 3792 1123 Δορ-

2127 1126 2267 1184 κάδα
2330 1130 2431 1201 τὴν
2491 1130 2581 1187 καὶ
2631 1126 2913 1205 Ταϐηθὰν,
2973 1132 3260 1208 εὐξάμενος
3311 1131 3523 1211 ἤγειρεν
3585 1135 3647 1192 ἐκ
3700 1159 3786 1193 νε-

2129 1238 2298 1294 κρων.

2204 1309 2253 1365 ι’.
2288 1304 2494 1381 Πέτρος
2524 1311 2587 1366 τὸ
2618 1309 2669 1382 ἐξ
2724 1310 2958 1386 οὐρανοῦ
3007 1309 3197 1377 σκεῦος
3239 1312 3560 1387 καθιέμενον
3622 1314 3773 1387 πλῆο

2132 1416 2219 1473 ρες
2249 1401 2448 1461 παντὸς
2480 1400 2624 1470 ζώου
2656 1400 2913 1471 ἑώρακεν.

2206 1488 2289 1544 ια’.
2339 1486 2546 1561 Πέτρος
2602 1489 2945 1563 ’πηρούμενος
3001 1491 3088 1545 καὶ
3152 1488 3437 1561 δεδεμένος
3498 1492 3549 1548 ἐν
3582 1497 3651 1567 τῇ
3683 1515 3785 1573 φυ-

2130 1576 2296 1645 λακῆ,
2333 1577 2437 1632 ὑπὸ
2467 1575 2704 1653 ἀγγέλου
2736 1578 3009 1649 ἀπελύθη,
3057 1581 3131 1653 μὴ
3186 1577 3411 1636 εἰδότων
3464 1586 3575 1637 τῶν
3633 1605 3791 1659 στρα-

368 1676 663 1746 rodesque
704 1689 737 1727 a
767 1670 1066 1728 vermibus
1108 1686 1315 1724 exesus
1348 1669 1683 1740 exspiravit.
1718 1670 1864 1740 (Act.
1902 1672 2023 1740 13.)

2183 1669 2361 1720 ωτῶψ
2395 1666 2485 1721 καὶ
2518 1668 2545 1721 6
2578 1666 2830 1743 Ἡρώδης
2854 1664 3318 1744 σκοληκόὸρωτος
3361 1670 3592 1746 ὲξέψυξε.

446 1770 531 1822 12.
571 1764 785 1820 Paulus
815 1763 877 1817 in
907 1762 1095 1833 Cypro
1122 1760 1390 1831 Elymam
1418 1776 1654 1831 magum
1677 1760 2022 1832 increpavit,

373 1864 433 1913 et
454 1873 644 1913 caecus
673 1854 862 1908 factus
886 1858 976 1907 est
1007 1852 1131 1921 ipse
1162 1865 1389 1922 magus.
1435 1849 1576 1920 (Art.
1607 1851 1718 1921 13.)

448 1948 529 2001 13.
567 1943 783 1999 Paulus
815 1941 1036 2013 Lystris
1068 1955 1199 1995 eum
1235 1938 1334 2009 qui
1376 1955 1411 1994 a
1440 1940 1742 1994 nativitate
1772 1940 2019 1997 claudus

372 2042 500 2093 erat
531 2052 635 2107 per
665 2049 885 2088 nomen
928 2030 1159 2086 Domini
1194 2029 1420 2084 sanavit
1447 2030 1587 2089 (Act.
1628 2030 1735 2099 14.)

446 2130 528 2182 14.
568 2125 783 2181 Paulus
805 2140 839 2179 a
860 2123 1090 2177 visione
1121 2122 1182 2176 in
1215 2120 1616 2176 Macedoniam
1637 2126 1878 2176 vocatus
1910 2126 2018 2177 est.

380 2214 532 2356 (Alii.
562 2213 787 2355 4Pii-illus
818 2298 1128 2353 mulierem
1162 2313 1293 2367 qua
1325 2296 1596 2367 spiritum
1647 2296 1905 2352 habebat
1932 2295 2025 2351 di-

376 2391 708 2445 vinatorem
746 2386 1036 2458 Philippis
1069 2385 1429 2440 emundavit.
1461 2384 1647 2455 (Ibid)

470 2483 553 2535 16.
581 2480 798 2535 Paulus
832 2484 890 2532 et
928 2477 1096 2549 Sylas
1140 2478 1200 2532 in
1250 2492 1548 2531 carcerem
1582 2474 1836 2546 conjecti
1887 2481 2028 2531 sunt

2204 1755 2292 1829 ιβ’.
2337 1755 2425 1811 Ἐν
2487 1754 2694 1830 Κύπρῳ
2741 1754 3065 1828 ἐπετίμησεν
3124 1759 3151 1813 6
3212 1760 3427 1821 Παῦλος
3485 1765 3564 1833 τῷ
3624 1763 3779 1840 μάγῳ

2050 1871 2097 1934 Β
2128 1845 2360 1918 Ἐλῦμᾳ,
2388 1844 2477 1934 καὶ
2511 1845 2722 1917 ἐγένετο
2750 1846 2961 1927 τυφλὸς
2990 1846 3149 1910 αὐτὸς
3182 1850 3209 1904 ὁ
3246 1850 3437 1924 μάγος.

2205 1943 2290 2011 ιγ’.
2328 1933 2546 1997 Παῦλος
2579 1935 2629 1990 ἐν
2688 1936 2954 2009 Αὐστροις
3012 1936 3201 2012 χωλὸν
3258 1939 3318 1994 ἐκ
3373 1947 3592 2013 γενετῆς
3651 1938 3780 1998 ὄντα

2130 2024 2476 2098 ἐθεράπευσεν
2510 2024 2562 2081 ἐν
2595 2030 2674 2098 τῷ
2705 2025 2934 2098 ὀνόματι
2966 2031 3061 2099 τοῦ
3095 2027 3321 2101 Κυρίου.

2207 2113 2293 2180 ιδ’,
2331 2116 2547 2179 Παῦλος
2578 2116 2685 2171 ἀπὸ
2718 2116 2979 2178 ὀπτασίας
3007 2116 3084 2179 εἷς
3117 2116 3454 2174 Μακεδονίαν
3475 2119 3702 2191 ἐκλήθη.

2205 2294 2282 2349 ιε’.
2318 2290 2534 2354 Παῦλος
2565 2298 2797 2368 γυναῖκα
2826 2290 3060 2370 ἔχουσαν
3109 2293 3321 2367 πνεῦμα
3367 2298 3625 2360 Πύθωνος
3659 2297 3789 2352 ἐκα-

2134 2382 2345 2456 θάρισεν
2379 2382 2431 2437 ἑν
2466 2382 2795 2444 Φιλίπποις.

2210 2480 2291 2538 ις’,
2353 2472 2572 2534 Παῦλος
2626 2473 2717 2528 καὶ
2770 2471 2953 2536 Σῦλας
3011 2475 3086 2537 εἰς
3148 2475 3394 2555 φυλακὴν
3462 2474 3788 2548 ἑκλέθησαν,

374 2570 678 2643 pedesque
698 2568 857 2641 ligno
879 2567 1229 2622 constrictos
1251 2564 1585 2621 habebant:
1610 2564 1807 2620 media
1826 2570 2024 2620 autem

2180 2566 2220 2620 xi
2256 2563 2669 2642 ἡσφαλιμένους
2700 2564 2850 2639 εἶχον
2881 2563 3009 2627 τοὺς
3037 2563 3209 2627 πόδας
3252 2564 3301 2620 ἐν
3351 2570 3429 2637 τῷ
3490 2564 3660 2638 ξύλῳ.
3695 2568 3783 2623 Ἐν

376 2665 552 2715 nocte
590 2662 964 2713 terraemotus
992 2656 1183 2712 factus
1243 2661 1350 2722 est,
1413 2670 1738 2726 eorumque
1790 2654 2027 2710 vincula

2180 2655 2298 2726 ὲτῷ
2350 2653 2684 2726 μεσονυκτίῳ
2715 2654 2938 2726 σεισμὸς
2993 2655 3183 2729 γέγονε
3239 2656 3329 2710 καὶ
3386 2653 3554 2724 ὶλύθη
3610 2654 3786 2711 αὐτῶν

378 2747 671 2803 dissoluta
702 2753 860 2803 sunt.
893 2746 1082 2814 (Ιὸἰά.)

454 2841 537 2892 17.
574 2841 617 2894 A
670 2854 915 2910 corpore
956 2836 1124 2892 Pauli
1155 2834 1504 2891 deferebant
1554 2834 1794 2892 sudaria
1850 2852 2029 2908 super

380 2927 655 2983 infirmos
712 2922 781 2982 ac
836 2925 1132 2981 daamonio
1205 2930 1467 2991 vexatos,
1530 2930 1588 2979 et
1643 2924 2026 2981 curabuntur.

381 3015 527 3084 (Act.
560 3017 668 3085 19.)

458 3106 542 3159 18.
578 3104 796 3160 Paulus
834 3103 1059 3160 Troade
1117 3104 1469 3175 Eutychum,
1526 3104 1627 3175 qui
1683 3120 1718 3159 a
1767 3102 2033 3160 fenestra

380 3193 686 3249 ceciderat
709 3198 768 3247 et
795 3199 1065 3248 mortuus
1096 3198 1239 3249 erat.
1273 3193 1568 3256 excitavit,
1587 3192 1793 3249 dicens
1824 3210 1837 3249 :
1887 3193 2027 3249 Ani-

380 3297 477 3337 ma
514 3281 643 3351 ejus
674 3282 736 3336 in
769 3282 897 3351 ipso
930 3287 1038 3337 est.
1071 3284 1201 3353 (Act
1250 3283 1365 3351 20.)

459 3371 546 3425 19.
576 3370 722 3426 Cum
754 3372 999 3427 Romam
1040 3388 1243 3426 versus
1275 3372 1578 3443 navigaret
1608 3373 1846 3434 Paulus.
1877 3379 2027 3429 tem-

383 3456 674 3523 pestatem
709 3451 866 3521 passi
900 3458 1040 3506 sunt
1069 3452 1197 3523 ipse
1231 3468 1559 3523 omnesque
1591 3454 1692 3524 qui
1742 3469 1875 3508 cum
1908 3454 2037 3525 ipso

383 3539 446 3597 in
475 3540 605 3595 navi
624 3546 811 3600 erant.
828 3539 1272 3612 quatuordecim
1289 3541 1416 3597 dies
1432 3558 1551 3597 una
1569 3559 1703 3599 cum
1730 3543 2038 3599 noctibus:

387 3646 480 3684 om
494 3629 667 3684 nibus
697 3637 893 3685 autem
915 3646 1043 3686 sese
1059 3631 1355 3701 perituros
1368 3630 1815 3691 arbitrantibus.
1838 3638 2041 3689 astans

385 3718 671 3774 Dominus
705 3719 904 3783 Paulo,
954 3719 1103 3775 dixit
1155 3721 1255 3775 ei:
1293 3724 1538 3792 Propter
1597 3728 1652 3777 te
1708 3722 1802 3777 his
1859 3721 2039 3779 vitam

388 3809 651 3864 concedo
683 3815 742 3863 et
774 3810 987 3865 servati
1023 3815 1179 3865 sunt.
1214 3812 1363 3878 (Act.
1386 3812 1503 3879 27.)

457 3899 546 3953 20.
582 3900 867 3969 Egressus
900 3915 930 3953 e
964 3900 1095 3954 navi
1153 3900 1401 3956 Paulum
1448 3900 1651 3971 vipera
1694 3901 2037 3970 momordit,

391 3995 451 4046 et
479 4006 686 4045 omnes
714 3990 955 4060 quidem
987 3991 1429 4047 arbitrabantur
1458 3991 1629 4047 illum
1660 3992 2036 4060 moriturum,

389 4096 593 4135 verum
642 4096 777 4135 cum
836 4081 1060 4137 illaasus
1118 4083 1566 4154 permansisset,
1626 4083 2043 4141 existimarunt

388 4170 585 4241 ipsum
616 4186 748 4225 esse
775 4170 958 4226 Deum
1012 4175 1160 4233 (Act.
1195 4172 1308 4242 28.)

461 4259 548 4312 21.
587 4263 815 4314 Patrem
848 4260 1040 4316 Publii
1073 4260 1132 4315 in
1166 4260 1364 4317 insula
1393 4261 1733 4335 dysenteria
1762 4262 2036 4319 laboran-

390 4350 509 4401 tem
544 4348 760 4404 Paulus
791 4350 1068 4406 manibus
1099 4350 1392 4421 impositis
1423 4353 1669 4422 sanavit,
1703 4352 2039 4423 multosque

394 4445 748 4511 aegrotantes
775 4442 1017 4499 curavit.
1054 4442 1240 4515 (Ιὸίἀ.)

2132 2743 2200 2800 τὰ
2226 2740 2417 2816 δεσμὰ.

2212 2834 2293 2903 ιζ’.
2330 2834 2465 2889 Ἀπο
2493 2836 2591 2888 τοῦ
2650 2835 2871 2909 χρωτὸς
2930 2831 3151 2888 Παῦλου
3210 2833 3461 2911 ἀνέφερον
3511 2833 3789 2908 ωυδάμια

2136 2921 2222 2979 ἐπὶ
2256 2921 2381 2983 τοὺς
2441 2920 2791 2986 ἀσθενοῦντας
2849 2923 2941 2977 καὶ
2996 2920 3422 2996 δαιμονιῶντας,
3480 2924 3568 2980 καὶ
3602 2923 3787 2999 ἐθερα-

2137 3013 2390 3070 πεῦοντο.

2217 3109 2302 3172 tn‘.
2338 3100 2555 3165 Παῦλος
2587 3101 2637 3157 ἐν
2671 3101 2894 3173 Τρωάδι
2938 3103 3165 3157 πεσόντα
3221 3100 3469 3179 Εὔτυχον
3532 3104 3637 3160 ἀπὸ
3686 3111 3792 3174 τῆς

2143 3188 2361 3265 θυρίδος
2396 3236 2411 3261 ,
2471 3192 2556 3245 καὶ
2616 3190 2954 3246 ἀποθανόντα
3017 3187 3212 3266 ἤγειρε
3268 3190 3471 3266 λέγων.
3523 3193 3587 3250 Ἡ
3636 3194 3792 3269 ψυχὴ

2143 3278 2309 3335 αὐτοῦ
2338 3278 2392 3335 ἐν
2424 3279 2571 3349 αῦτῷ
2603 3277 2764 3335 ἐστιν.

2217 3370 2297 3422 ιθ“.
2329 3372 2415 3428 Ὦς
2447 3362 2703 3422 ἔπλευσεν
2736 3364 2825 3422 ἐπὶ
2872 3366 3092 3441 Ῥώμην
3124 3369 3152 3423 6
3185 3366 3422 3437 Παῦλος,
3456 3368 3795 3443 ἐχειμάσθη-

2148 3477 2243 3511 σαν
2274 3456 2433 3518 αὐτὸς
2461 3457 2551 3511 καὶ
2584 3457 2635 3510 οἱ
2670 3457 2786 3528 μετ’
2842 3455 3007 3513 αὐτοῦ
3040 3464 3231 3518 παντες
3262 3458 3313 3512 οἱ
3346 3455 3397 3512 ἐν
3447 3462 3529 3529 τῷ
3586 3456 3797 3530 πλοίῳ,

2147 3548 2471 3621 νυχθήμερα
2521 3543 2896 3617 δεκατέσσαραο
2984 3546 3198 3601 πάντων
3255 3543 3313 3603 δὲ
3368 3544 3802 3622 προσδοκώντων

2150 3638 2456 3703 ἀποθανεῖν,
2485 3634 2705 3697 ἐπιστὰς
2738 3636 2766 3691 6
2802 3634 2994 3708 Κύριος
3025 3637 3170 3689 εἶπεν
3230 3635 3382 3706 αὖτῷ
3435 3639 3515 3704 τῷ
3574 3634 3799 3705 Παύλῳ,

2149 3723 2255 3793 ὅτι,
2288 3722 2468 3779 Διὰσέ
2497 3721 2831 3798 κεχάρισμαι
2886 3719 3102 3782 τούτοις
3157 3720 3220 3775 τὸ
3271 3721 3387 3791 ζῆν,
3447 3719 3537 3775 καὶ
3596 3718 3801 3790 ἐσώθη-

2148 3833 2265 3867 σαψ

2219 3902 2285 3958 κ’.
2317 3900 2641 3971 Ἐξελθόντα
2681 3900 2772 3955 τὸν
2833 3896 3049 3955 Παῦλον
3110 3900 3215 3954 ἀπὸ
3265 3902 3363 3955 τοῦ
3420 3896 3620 3953 πλοίου
3679 3895 3800 3974 ἔχις

2149 3987 2331 4046 ἔδακεν
2386 3989 2485 4045 Καὶ
2518 3989 2568 4043 οὶ
2632 3989 2724 4060 μὶν
2784 3987 2979 4049 πάντες
3034 3986 3285 4061 ἐνόμιζον
3343 3986 3503 4042 αὑτὸν
3561 3985 3804 4060 γίνεσθαι

2148 4080 2354 4154 νεκρόν
2388 4079 2462 4140 ὡς
2496 4075 2555 4133 δὲ
2597 4078 2811 4146 ἀπαθὴς
2842 4074 3074 4150 ἔμεινεν,
3134 4076 3388 4150 ἐνόμισαν
3450 4076 3612 4131 αὐτὸν
3664 4074 3803 4132 εἶναι

2152 4170 2305 4229 Θεόν.

2220 4260 2321 4315 κα“.
2354 4259 2460 4313 Τὸν
2506 4257 2712 4333 πατὲρα
2765 4260 2863 4311 τοῦ
2921 4256 3169 4311 Ποπλίου
3202 4254 3253 4310 ἂν
3308 4258 3377 4328 τῇ
3409 4256 3590 4325 νήσῳ,
3623 4251 3806 4310 δυσεν-

2147 4348 2299 4424 τερίᾳ
2358 4345 2752 4420 συνεχόμενον,
2816 4347 3205 4420 χειροθετήσας
3262 4342 3451 4397 ἱάσατο
3498 4343 3527 4397 6
3571 4339 3806 4412 Παῦλος,

2150 4439 2241 4494 καὶ
2271 4435 2480 4497 ἄλλους
2510 4433 2757 4496 πολλους
2791 4435 3148 4494 ἀσθενοῦντας
3179 4431 3556 4507 ἐθεράπευσεν.

1896 4978 2249 4995 -π-...α--α
2256 4983 2315 4994 στος
