4134 6196
367 290 454 390 οὐ
1774 337 2388 405 paowaouum.

373 468 3036 499 _._.______________________________________________

1677 641 1796 696 ΚΑΙ
1833 643 2092 712 ΑΛΛΩΣ,
2123 644 2470 700 mnsam

1010 779 1268 876 ΤΩΝ
1349 782 1958 879 ΠΡΑΞΕΩΝ
2041 783 2297 880 ΤΩΝ
2381 786 3154 886 ΑΙΙΟΣΤΟΛΩΝ

1587 1103 1806 1160 nam
1873 1104 1976 1158 ET
2038 1104 2255 1161 ALIO
2321 1066 2581 1162 Μοοο

823 1250 1746 1349 ABGUMENTUM
1791 1253 1929 1348 IN
1977 1253 2315 1350 ACTA
2365 1255 3339 1354 APOSTOLORUM.

445 1603 516 1661 Εἰ
545 1603 637 1660 καὶ
669 1603 890 1678 Πρᾶεεις
919 1603 983 1659 τὸ
1017 1598 1238 1679 βιϐλίον
1296 1601 1687 1680 ἑπιγὲγραπται
1732 1607 1842 1658 τῶν
1883 1601 2012 1659 ἀπο-

2199 1609 2544 1678 Quanquam
2567 1605 2718 1662 liber
2735 1605 3056 1681 inscriptus
3083 1608 3161 1664 sit
3186 1609 3330 1664 Acta
3345 1607 3777 1691 apostolorum,

361 1693 609 1764 στόλων,
651 1692 777 1750 ἀλλ’
810 1695 885 1758 ὡς
918 1693 1006 1750 ἐπὶ
1039 1695 1103 1750 τὸ
1129 1693 1272 1750 πολὺ
1304 1695 1401 1756 τὰς
1455 1699 1552 1751 τοῦ
1601 1692 1822 1750 ΙΙαύλου
1876 1715 2024 1768 περι-

359 1785 488 1862 έχει
544 1784 607 1848 ἄς
651 1785 742 1841 καὶ
797 1786 826 1840 ὁ
885 1789 1097 1846 Λουκᾶς
1158 1779 1398 1859 ἀκριϐῶς
1455 1784 1731 1858 ἐγίνωσκε,
1791 1785 1884 1840 ἅτε
1932 1783 2022 1841 καὶ

354 1872 704 1948 συνέκδημος
735 1875 884 1946 αύτῷ
917 1874 1155 1952 γεγονὼς
1198 1875 1287 1929 καὶ
1338 1870 1682 1947 ὁμοδίαιτοςο
1732 1874 1824 1929 καὶ
1878 1872 2023 1931 πολ-

361 1963 494 2025 λοῖς
526 1965 678 2036 αὐτῷ
723 1971 842 2026 τοῖς
899 1963 1216 2039 ἀναγκαίοις
1268 1963 1750 2040 ύπηρετησάμενος
1825 1970 2020 2042 Ἀναγ-

361 2053 538 2114 καίως
572 2051 630 2110 δὲ
660 2055 768 2109 ἀπὸ
825 2059 933 2109 τῶν
995 2051 1184 2109 ἄλλων
1244 2052 1564 2109 ἀποστόλων
1625 2054 1826 2128 ἤρξατο
1883 2056 2019 2119 πρᾶο

369 2145 520 2214 ξεων.
551 2141 687 2200 Οὐδὲ
712 2144 816 2218 γὰρ
847 2143 914 2212 ἧν
944 2140 1135 2204 ἄλλως
1163 2145 1262 2212 τὴν
1292 2143 1432 2199 κατὰ
1463 2144 1553 2199 τὸν
1591 2141 1812 2199 Ιιαῦλον
1847 2145 2018 2200 Ἰστο-

369 2233 492 2306 ρίαν
516 2228 842 2308 ἀκριϐὦσαι.
898 2234 974 2306 μή
1035 2240 1136 2302 τῆς
1194 2238 1300 2287 τῶν
1357 2231 1681 2288 ἀποστόλων
1734 2245 2017 2307 προτεθει-

369 2324 555 2395 μένης.
595 2327 706 2378 Ποῦ
737 2322 840 2396 γᾶρ
871 2323 934 2377 τὸ
965 2323 1071 2397 πρὸ
1100 2327 1197 2378 τοῦ
1225 2321 1549 2397 προσελθεῖν
1581 2323 1661 2395 τῷ
1703 2322 2018 2398 κηρύγματι

365 2409 587 2468 Παῦλον
615 2411 768 2485 ὠμὸν
799 2410 964 2467 αὐτοῦ
1011 2412 1102 2467 καὶ
1161 2409 1429 2485 θηριῶδες
1467 2432 1604 2488 προς
1659 2410 1788 2473 τοὺς
1840 2422 2021 2483 μαθη-

355 2501 462 2564 τὰς
519 2497 790 2581 διεφάνη;
849 2501 940 2556 καὶ
999 2503 1201 2577 ἠπρὸς
1259 2501 1352 2557 τὸν
1411 2502 1626 2576 ἀνεψιὸν
1674 2502 1840 2558 αὐτοῦ
1889 2502 2018 2559 Στὲ-

362 2611 543 2670 φανον
575 2589 657 2645 ἰπὶ
716 2595 783 2664 τῇ
842 2591 1112 2665 ἀναιρέσει
1163 2591 1361 2646 τούτου
1417 2590 1775 2664 συνευδοκίᾳ;
1833 2594 1924 2648 καὶ
1981 2596 2015 2663 ἡ

356 2677 780 2754 ἀπροσδόκητος
840 2680 1007 2736 αὐτοῦ
1063 2680 1261 2750 κλῆσις
1318 2681 1410 2736 καὶ
1492 2681 1792 2762 ἰπιστροφή
1880 2684 2018 2758 πρὸς

363 2773 497 2833 τοὺς
530 2768 902 2844 διωκομὲνους
929 2769 1065 2836 τέως
1093 2791 1108 2841 ;
1139 2773 1228 2828 καὶ
1263 2773 1291 2828 ὁ
1320 2772 1453 2847 ὑπὶρ
1496 2776 1603 2827 τῶν
1669 2769 2020 2846 διωκομένων

360 2856 659 2928 κίνδυνος;
694 2858 844 2916 ἄκαὶ
873 2860 1122 2930 ύπὲκνιζε
1180 2857 1269 2914 διὰ
1331 2859 1455 2935 βίου
1507 2860 1635 2922 τοὺς
1692 2856 2015 2932 Ἰουδαίους,

362 2947 457 3000 καὶ
496 2945 781 3020 μανιωδῶς
811 2945 1010 3018 λυττᾷν
1059 2946 1208 3020 αύτῷ
1253 2947 1667 3022 κατηνάγκαζεν.
1718 2946 1829 3002 Ούκ
1873 2947 1934 3002 ἄν
1962 2968 2013 3003 τι
2050 2977 2096 3042 Β

361 3037 576 3091 τούτων
611 3039 746 3112 ἡμῖν
774 3033 1034 3115 ἔγνωστο,
1088 3038 1164 3111 μὴ
1216 3043 1316 3106 τῆς
1361 3036 1469 3091 τῶν
1517 3036 1839 3091 ἀποστόλων
1883 3058 2018 3111 προ-

359 3120 648 3195 λαϐούσης
708 3125 991 3200 Ἱστορίας.
1047 3123 1272 3187 ’Ἄλλως
1333 3145 1394 3180 τε
1449 3125 1538 3180 καὶ
1600 3123 1648 3179 εἲ
1703 3126 1796 3180 ἀπ’
1851 3127 2020 3182 αύτοῦ

359 3215 570 3289 ἤρξατο
631 3214 869 3281 Παύλου,
929 3216 1141 3276 πάντως
1190 3215 1400 3293 ἀνάγκη
1489 3215 1797 3291 χρήσασθαι
1879 3235 2018 3292 παρ-

362 3299 607 3375 αϐάσει,
637 3305 775 3375 πρὸς
807 3304 868 3361 τὸ
900 3301 1106 3375 διδάξαι
1137 3304 1203 3359 τὰ
1234 3303 1315 3360 ἐπ’
1359 3305 1513 3377 αύτῷ
1561 3299 1862 3378 συμϐάντα.
1915 3303 2016 3362 Καὶ

363 3395 733 3463 οὕτωςοτῆς
792 3393 1101 3470 διηγήσεως
1153 3394 1472 3449 ἆνεκόπτετο
1530 3391 1722 3471 λόγος,
1780 3391 2019 3458 πολλοῖς

373 3482 865 3556 ἐπιφορτιζόμενος.
924 3487 1018 3539 Ὠν
1077 3481 1250 3550 ἐκτὸς,
1337 3480 1489 3539 οὐδὲν
1548 3484 1614 3552 ἦν
1673 3484 1835 3560 σαφὲς
1890 3482 2014 3559 περὶ

361 3571 596 3629 Παύλου
626 3571 935 3651 λεγόμενον.
971 3574 1062 3630 Ἰν’
1095 3574 1188 3629 οὗν
1217 3574 1546 3629 εὐσύνοπτον
1589 3573 1679 3628 καὶ
1730 3574 2012 3653 ἀνεπαχθῆ

357 3663 459 3719 τὸν
495 3663 617 3737 περὶ
651 3663 821 3720 αὐτοῦ
847 3666 1148 3735 ποιήσηται
1180 3663 1371 3738 λόγον,
1403 3663 1604 3734 ἤρξατο
1641 3663 1736 3735 μὲν
1782 3663 1889 3718 ἀπὸ
1915 3667 2013 3720 τοῦ

356 3757 552 3810 κοινοῦ
579 3757 676 3807 τοῦ
707 3753 829 3825 περὶ
860 3758 968 3808 τῶν
993 3751 1313 3808 ἀποστόλων
1345 3750 1542 3830 λόγου.
1576 3753 1725 3810 Ἐπεὶ
1774 3749 1832 3807 δὲ
1878 3773 2012 3827 προ-

357 3844 517 3922 ἤχθη
551 3842 629 3904 εἰς
659 3842 750 3897 τὸν
783 3842 906 3918 περὶ
935 3846 1032 3897 τοῦ
1066 3840 1308 3906 Παύλου,
1355 3845 1542 3919 γέγονε
1585 3844 1648 3899 τὸ
1697 3841 1804 3897 ἀπὸ
1854 3838 2012 3898 τοῦδε

352 3932 554 3988 ἑαυτοῦ
588 3933 618 3987 ὁ
651 3937 862 3993 Λουκᾶς
904 3935 1130 4000 σκοποῦ,
1189 3932 1280 3986 καὶ
1337 3931 1430 3988 τὸν
1474 3933 1596 4007 περὶ
1655 3936 1762 3987 τῶν
1823 3929 2009 3986 ἃλλων

355 4023 514 4090 ἀφεὶς
547 4021 738 4096 λόγον,
770 4017 953 4096 ἔχεται
991 4023 1157 4096 μόνου
1186 4021 1283 4078 τοῦ
1314 4020 1364 4095 ἐξ
1395 4020 1598 4097 ἀρχῆς.
1654 4022 1770 4079 Ούκ
1815 4019 2013 4098 ἔγραψε

356 4108 416 4166 δὶ
445 4110 534 4165 καὶ
565 4112 630 4166 τὸ
659 4108 820 4172 τέλος
879 4110 1124 4180 Παύλου,
1158 4113 1249 4166 καὶ
1297 4117 1397 4180 τὴν
1445 4108 1506 4165 ἐκ
1549 4108 1799 4185 δευτέρου
1847 4111 2010 4167 αὐτοῦ

357 4201 497 4276 πρὸς
526 4201 752 4274 Νέρωνα
780 4200 1102 4278 ἀπαγωγήν,
1132 4201 1311 4256 καίτοι
1344 4207 1508 4269 συνῆν
1555 4201 1644 4256 καὶ
1697 4200 1820 4256 τότε
1865 4199 2010 4256 Παύ-

357 4285 465 4360 λῳ,
521 4289 692 4344 αύτοῦ
748 4288 1049 4366 γράφοντος
1099 4289 1342 4356 Παύλου,
1400 4290 1506 4361 ὃτι,
1539 4313 1567 4342 ι(
1626 4295 1836 4352 Λουκᾶς
1895 4289 2081 4388 ἐστιο

361 4379 529 4449 μόνος
564 4383 680 4450 μετ’
711 4378 900 4442 αὐτοῦ,
931 4403 958 4431 »
989 4381 1024 4448 ἢ
1056 4379 1141 4436 ὅτι
1171 4379 1233 4436 ού
1256 4377 1547 4456 προύκειτο
1567 4381 1718 4452 αὐτῷ
1743 4379 2003 4456 Ἱστορίαν

355 4464 430 4522 δι’
460 4466 600 4523 ὅλου
631 4473 836 4538 πονεῖν,
868 4466 993 4526 αλλ’
1020 4469 1144 4526 ὅσον
1183 4472 1345 4544 μόνον
1379 4469 1704 4542 ἐνδείξασθαι
1738 4472 1837 4541 τὴν
1869 4471 2007 4546 πρὸς

355 4557 450 4614 τὸν
481 4559 720 4632 Χριστὸν
749 4559 920 4616 αὐτοῦ
949 4561 1336 4637 προσαγωγὴν,
1367 4560 1458 4617 καὶ
1507 4562 1607 4616 ἀσα
1655 4563 2002 4639 κατήπειγεν.

354 4649 428 4705 Ἥ
462 4648 561 4704 ούκ
586 4647 718 4730 ἔσχε
743 4650 934 4724 καιρὸν
992 4651 1128 4725 πρὸς
1187 4651 1250 4709 τὸ
1309 4649 1473 4727 πέρας
1531 4652 1794 4708 ἐπιθεῖναι
1844 4655 1912 4726 τῇ
1954 4650 2003 4724 ἒξ

357 4738 544 4814 ἀρχῆς
584 4738 857 4813 προθὲσει.
918 4737 1100 4802 Πολὺς
1154 4741 1254 4815 γὰρ
1313 4741 1342 4796 ὁ
1388 4740 1535 4809 παρὰ
1592 4744 1700 4797 τῶν
1756 4737 2004 4796 διωκτῶν

352 4827 703 4900 Ξπικείμενος
751 4833 870 4892 τοῖς
926 4831 1024 4884 τοῦ
1083 4828 1280 4902 Κυρίου
1335 4830 1454 4887 κατ’
1503 4830 1682 4910 ἀρχὰς
1737 4829 2004 4907 τάραχος.

348 4916 418 4975 El
445 4918 537 4970 καὶ
565 4921 674 4973 τῶν
703 4917 1028 4973 ἀποστόλων
1087 4914 1146 4973 δὶ
1201 4919 1320 4974 κατ’
1370 4918 1547 4994 ἀρχὰς
1605 4917 2006 4993 ἐπαγγέλλεται

345 5006 414 5060 τὸ
435 5004 611 5080 παρὸν
643 5000 865 5079 β.6λίον
895 5007 1181 5076 ἱστορῆσαι
1210 5007 1307 5070 τὰς
1340 5007 1590 5082 Πράξεις,
1613 5007 1688 5071 ὡς
1712 5007 1818 5063 ἃνω
1840 5008 2006 5082 ἐμνή-

345 5106 581 5166 σθημεν,
651 5092 797 5150 ἀλλὰ
863 5099 960 5151 τοῦ
1015 5096 1175 5174 ἁγίου
1260 5097 1596 5169 Πνεύματος,
1683 5098 2005 5176 σαφεστερον

348 5183 508 5257 ιρεῖν,
543 5185 594 5240 ἐν
627 5184 807 5258 τούτῳ
835 5183 1203 5265 περιέχονται.
1231 5186 1385 5258 ’Ἅμα
1415 5186 1518 5264 γὰρ
1564 5191 1644 5259 τῷ
1699 5185 2002 5262 ἐνδημῆσαι

347 5279 466 5335 τοῖς
495 5272 854 5343 ἆποστόλαις,
887 5273 989 5329 ὅσα
1019 5270 1088 5329 δι’
1118 5273 1295 5330 αὐτῶν
1326 5273 1604 5350 παράδοξα
1653 5275 2002 5353 ἐπετελέσθη,

339 5360 436 5420 διὰ
462 5367 566 5418 τοῦ
594 5357 821 5439 βιϐλίου
857 5362 1059 5419 τούτου
1117 5366 1484 5440 γινώσκομεν,
1539 5370 1637 5423 τοῦ
1688 5366 2004 5440 Πνεύματος

339 5448 568 5522 δηλαδή
599 5447 667 5507 δι’
701 5451 881 5508 αὐτῶν
908 5456 1076 5510 ταῦτα
1131 5456 1442 5518 ποιοῦντος.
1505 5452 1686 5514 Ἀλλᾶ
1743 5455 1834 5512 καὶ
1891 5459 2001 5512 τῶν

415 5624 440 5661 ⁸
465 5624 524 5684 Π
547 5623 695 5684 Tim.
723 5638 799 5694 xv,
831 5621 918 5681 ﬂ.

2133 1695 2510 1766 potissimum
2543 1702 2736 1752 tamea
2791 1698 2956 1752 Pauli
3013 1698 3277 1754 actiones
3321 1697 3776 1767 complectitur:

2133 1801 2282 1855 quas
2303 1787 2481 1841 etiam
2503 1787 2685 1842 Lucas
2708 1792 2910 1843 exacte
2941 1794 3202 1849 noverat,
3232 1793 3437 1858 utpote
3469 1787 3565 1857 qui
3600 1787 3780 1842 simul

2133 1892 2268 1930 cum
2292 1892 2358 1929 eo
2384 1877 2790 1946 peregrinatus
2821 1877 3033 1942 fuerat,
3066 1893 3302 1949 unaque
3335 1877 3690 1937 convixerat.
3723 1865 3780 1930 et

2133 1964 2193 2019 in
2214 1982 2311 2019 mu
2323 1965 2336 2018 Ι
2348 1965 2418 2019 lis
2432 1965 2886 2021 necessitatibus
2901 1966 2952 2020 ei
2969 1967 3076 2021 sub
3087 1966 3538 2022 ministraverat.
3555 1967 3777 2020 Neces-

2135 2055 2356 2108 sarium
2381 2061 2578 2109 aulem
2615 2055 2724 2108 fuit
2754 2063 2818 2109 ut
2846 2055 2918 2110 ab
2950 2055 3201 2110 aliorum
3236 2054 3640 2126 apostolorum
3676 2058 3779 2110 Ac-

2133 2142 2395 2198 tionibus
2427 2143 2734 2215 inciperet.
2769 2145 2967 2215 Neque
2999 2144 3159 2199 enim
3191 2131 3364 2198 aliter
3393 2149 3595 2214 posset
3642 2143 3778 2199 dili-

2131 2239 2338 2306 genter
2367 2235 2532 2291 Pauli
2582 2235 2897 2291 Historiam
2953 2236 3253 2307 prosequi,
3308 2235 3424 2290 nisi
3470 2235 3780 2306 praemissa

2131 2323 2533 2394 apostolorum
2565 2326 2836 2381 Historia.
2887 2326 3192 2390 Quomodo
3251 2326 3414 2380 enim
3462 2325 3781 2380 manifesta

2132 2415 2304 2469 fieret
2327 2415 2490 2470 Pauli
2515 2416 2836 2472 crudelitas
2855 2421 2913 2472 et
2937 2416 3138 2470 feritas
3161 2417 3508 2488 priusquam
3535 2415 3606 2470 ad
3625 2432 3777 2486 prm-

2131 2505 2490 2562 dicationem
2523 2507 2879 2562 accederet?
2913 2513 3016 2563 aut
3061 2525 3388 2563 consensus
3438 2508 3499 2562 in
3553 2507 3778 2564 caedem

2131 2597 2363 2668 cognati
2397 2597 2508 2652 sibi
2542 2597 2871 2668 Stephani?
2901 2604 2960 2652 et
2991 2597 3303 2668 inopinata
3333 2597 3496 2652 illius
3526 2598 3775 2664 vacatio,

2130 2701 2198 2740 ac
2228 2685 2533 2741 conversio
2556 2685 2628 2742 ad
2661 2685 2818 2752 illos,
2852 2703 3001 2758 quos
3039 2685 3113 2741 ad
3152 2686 3212 2742 id
3259 2702 3448 2758 usque
3492 2686 3777 2757 temporis

2129 2771 2324 2828 fuerat
2352 2779 2700 2845 persecutus
2719 2773 2748 2828 ?
2779 2779 2836 2828 et
2865 2790 3148 2846 perpessa
3176 2791 3282 2846 pro
3314 2774 3388 2828 iis
3406 2773 3581 2828 rebus
3617 2773 3775 2844 peri—

2129 2860 2264 2916 cula
2294 2877 2442 2932 quas
2473 2861 2636 2932 prius
2668 2862 3156 2932 persequebatur,
3182 2867 3240 2915 et
3269 2861 3485 2932 quibus
3516 2875 3777 2929 sequen-

2131 2950 2204 3006 tis
2236 2950 2364 3005 vitas
2399 2956 2666 3021 tempore
2693 2950 2927 3005 Judaaos
2959 2949 3330 3020 provocabat,
3363 2954 3422 3002 et
3450 2947 3522 3001 ad
3547 2946 3772 3002 rabiem

2126 3055 2314 3110 usque
2329 3039 2591 3094 insanire
2609 3039 2892 3111 cogebat?
2913 3041 3290 3108 Nequaquam
3308 3053 3376 3090 ex
3394 3036 3484 3089 his
3500 3035 3772 3108 cognitus

2126 3127 2298 3182 nobis
2330 3134 2486 3184 esset
2518 3127 2758 3194 Paulus,
2805 3126 2916 3180 nisi
2965 3125 3327 3198 praecederet
3365 3125 3771 3196 apostolorum

2125 3217 2382 3273 Historia
2409 3219 2704 3272 Praeterea
2720 3232 2955 3288 quoque
2975 3215 3022 3270 si
3036 3215 3107 3270 ab
3122 3215 3249 3286 ipso
3272 3214 3548 3285 cmpisset
3566 3215 3772 3284 Paulo,

2123 3305 2370 3360 omnino
2392 3305 2760 3379 digressione
2783 3305 2869 3360 uti
2899 3320 3142 3360 necesse
3157 3304 3414 3372 esset,ad
3436 3303 3774 3362 docendum

2124 3416 2193 3456 ea
2223 3416 2354 3470 quin
2387 3399 2545 3454 circa
2575 3399 2767 3470 ipsum
2791 3398 3187 3470 contigerant:
3215 3402 3272 3451 et
3293 3397 3376 3451 ita
3403 3396 3765 3451 narrationis

2122 3488 2697 3559 tenorimpediretur
2710 3474 2961 3559 nempe”
2985 3487 3108 3542 ulta
3122 3485 3483 3540 includendo
3501 3485 3629 3540 sine
3643 3486 3769 3555 qui-

2121 3579 2231 3634 bus
2254 3577 2406 3632 nihil
2428 3577 2586 3648 quod
2610 3577 2682 3632 de
2712 3576 2890 3632 Paulo
2911 3576 3227 3642 diceretur,
3260 3581 3458 3646 posset
3480 3591 3610 3629 esse
3641 3590 3767 3630 ma-

2119 3669 2422 3726 nifestum.
2452 3670 2525 3725 Ut
2548 3668 2727 3740 igitur
2745 3667 2913 3723 facile
2938 3665 3372 3739 intelligibilrm
3395 3681 3462 3720 ac
3494 3665 3769 3721 molestia

2119 3765 2420 3815 carentem
2455 3759 2630 3812 faciat
2653 3757 2726 3812 de
2757 3757 2938 3812 Paulo
2971 3772 3330 3821 sermonem,
3354 3755 3530 3826 cmpit
3549 3771 3583 3809 a
3602 3770 3766 3809 com-

2119 3849 2282 3904 muni
2317 3847 2388 3902 de
2419 3847 2705 3918 apostolis
2736 3863 3030 3902 sermone.
3064 3847 3384 3916 Postquam
3441 3849 3640 3899 autem
3688 3842 3764 3900 ad

2118 3954 2252 3994 cum
2276 3939 2376 4010 qui
2408 3937 2481 3992 de
2513 3936 2694 3992 Paulo
2728 3941 2853 3991 erat
2881 3936 3204 4008 perductus
3235 3942 3344 3995 est.
3370 3935 3498 4006 jam
3531 3950 3599 3989 ex
3649 3934 3762 3989 hoc

2118 4027 2191 4084 ad
2212 4027 2509 4082 intentum
2533 4027 2644 4081 sibi
2667 4041 2912 4098 scopum
2937 4027 3118 4081 Lucas
3140 4025 3428 4097 pervenit,
3453 4029 3528 4087 et,
3554 4023 3762 4079 relicto

2117 4117 2190 4173 de
2221 4117 2449 4172 caeteris
2479 4130 2772 4170 sermone.
2809 4114 2920 4169 soli
2951 4114 3037 4169 illi
3068 4115 3256 4169 haeret
3285 4129 3462 4184 quem
3493 4111 3568 4167 ab
3590 4111 3763 4168 initio

2117 4206 2474 4262 intenderat.
2511 4207 2636 4259 Non
2669 4209 2868 4258 autem
2902 4204 3141 4274 scripsit
3163 4202 3252 4256 vel
3283 4201 3450 4256 Pauli
3511 4207 3762 4256 mortem

2118 4295 2209 4350 vel
2231 4295 2550 4351 secundam
2578 4293 2766 4365 ipsius
2787 4291 2942 4364 apud
2967 4294 3257 4346 Neronem
3287 4289 3761 4345 accusationem:

2119 4383 2282 4456 atqui
2313 4383 2490 4438 etiam
2515 4386 2655 4437 tunc
2677 4396 2812 4436 cum
2838 4378 3014 4434 Paulo
3047 4383 3192 4443 erat,
3221 4393 3354 4432 cum
3390 4375 3607 4430 Paulus
3636 4375 3762 4444 ipse

2113 4473 2401 4530 scriberet
2434 4494 2458 4520 α
2492 4471 2684 4526 solum
2720 4471 2933 4526 Lucam
2965 4483 3096 4524 cum
3131 4482 3198 4520 eo
3232 4482 3360 4520 esse
3381 4466 3436 4531 ⁸;
3467 4489 3490 4511 »ι
3513 4464 3762 4534 velquia

2113 4564 2416 4620 decretum
2448 4561 2562 4634 ipsi
2593 4577 2713 4616 non
2744 4565 2871 4615 erat
2901 4556 3215 4614 Historiam
3245 4554 3318 4608 ad
3359 4553 3539 4609 finem
3570 4552 3762 4607 deduc

2112 4669 2266 4720 cere,
2292 4653 2395 4707 sed
2421 4652 2614 4708 solum
2639 4649 2952 4706 ostendere
2973 4661 3276 4702 accessum
3302 4645 3432 4713 ejus
3462 4643 3536 4698 ad
3589 4642 3757 4700 Chri-

2113 4749 2290 4807 stum,
2325 4746 2383 4796 et
2413 4745 2699 4812 quantum
2721 4738 2990 4793 laborum
3022 4733 3370 4805 susceperit.
3402 4733 3494 4788 vel
3525 4739 3760 4805 tempus

2111 4848 2231 4889 non
2251 4836 2340 4886 est
2359 4829 2560 4886 datum
2579 4835 2646 4884 ut
2667 4828 2848 4884 finem
2866 4827 3204 4897 imponeret
3236 4829 3583 4898 argumento
3603 4820 3762 4894 quod

2112 4921 2184 4976 ab
2215 4920 2385 4976 initio
2417 4922 2788 4988 conceperat.
2843 4915 3024 4970 Multa
3076 4930 3334 4986 namque
3386 4912 3642 4967 turbatio
3701 4915 3762 4967 et

2111 5010 2355 5068 afﬂictio
2378 5013 2505 5064 erat
2525 5023 2658 5078 qua)
2681 5007 2836 5060 inter
2856 5004 3151 5077 principia
3172 5002 3480 5074 discipulis
3499 5001 3758 5072 Domini,

2110 5118 2146 5158 a
2175 5096 2657 5174 persecutoribus
2678 5095 3410 5165 imminebat.Quanquam
3433 5093 3758 5149 autemcir-

2110 5207 2178 5248 ca
2205 5185 2532 5263 primordia
2556 5187 2849 5258 promittit
2869 5201 3134 5258 praesens
3155 5184 3308 5240 liber
3346 5186 3753 5240 narrationem

2105 5275 2917 5350 Actiouumapostolicarum,
2940 5275 3119 5332 veluti
3144 5274 3758 5346 suprameminimus;

2107 5375 2176 5426 ut
2229 5374 2431 5424 tamen
2507 5365 2882 5422 manifestius
2939 5365 3190 5428 dicatur.
3249 5364 3440 5420 sancti
3508 5363 3757 5436 Spiritus

2105 5462 2252 5517 Acta
2277 5459 2341 5516 in
2379 5459 2493 5516 hoc
2522 5457 2924 5514 continentur.
2959 5455 3104 5510 Nam
3135 5453 3316 5510 simul
3347 5460 3414 5510 ut
3446 5452 3748 5528 apostolis,
