4136 6200
373 339 449 398 35
1500 317 1926 384 CECUMENII
1974 314 2276 379 TRICCIE
2315 312 2666 376 EPISCOPI
3717 307 3796 370 36

389 452 3150 490 Μ

1764 613 2414 712 ΚΕΦΑΛΑΙΑ

585 833 933 962 ΤΩΝ
1043 823 1866 958 ΠΡΑΞΕΩΝ
1971 820 2317 949 ΤΩΝ
2430 817 3572 952 ΑΠΟΣΤΟΛΩΝ.

1286 1165 1890 1287 ACTOBUM
1947 1160 2874 1259 APOSTOLORUM

2016 1339 2298 1416 CAPITA.

384 1620 432 1672 1.
463 1617 539 1671 De
559 1614 816 1667 doctrina
847 1607 1072 1675 Christi,
1105 1623 1233 1677 qua
1285 1608 1398 1676 fuit
1444 1621 1478 1661 a
1530 1606 1931 1660 resurrectione
1983 1609 2038 1657 et

529 1703 880 1774 apparitione
927 1700 1000 1754 ad
1056 1699 1356 1768 discipulos
1415 1703 1467 1750 et
1547 1695 1614 1750 de
1673 1697 2037 1767 promissione

525 1793 706 1847 sancti
727 1792 992 1860 Spiritus,
1026 1788 1090 1842 de
1121 1789 1238 1842 visa
1279 1787 1484 1841 Christi
1539 1786 1929 1854 assumptione,
1987 1788 2038 1838 et

527 1881 595 1936 de
628 1881 868 1949 glorioso
897 1878 1016 1947 ejus
1043 1876 1279 1932 secundo
1309 1875 1574 1929 adventu.

385 2157 438 2207 2.
472 2152 623 2207 Petri
654 2151 841 2205 concio
875 2149 948 2202 ad
973 2163 1058 2204 eos
1089 2148 1284 2218 quibus
1330 2152 1522 2201 notum
1571 2151 1692 2200 erat
1743 2143 1809 2198 de
1863 2150 2039 2198 morte

529 2246 581 2295 et
613 2239 924 2310 apostolatu
953 2239 1117 2293 ludas
1141 2238 1444 2307 proditoris
1478 2253 1491 2301 ;
1550 2236 1607 2288 in
1637 2249 1747 2304 quo
1775 2238 2041 2287 narratur

528 2331 695 2385 etiam
719 2330 785 2384 de
813 2327 1038 2384 Mathiz
1058 2326 1460 2385 substitutione.
1491 2327 1589 2395 qui
1615 2339 1715 2394 per
1735 2324 2039 2378 orationem

524 2421 751 2474 sortitus
782 2424 858 2472 est
888 2417 1255 2487 apostolatum
1283 2418 1468 2485 gratia
1497 2415 1611 2470 Dei.

385 2511 436 2564 3.
471 2509 544 2563 De
565 2507 746 2563 divini
774 2507 1015 2576 Spiritus
1049 2507 1228 2561 sancti
1273 2505 1692 2574 superventione
1749 2501 1837 2556 die
1883 2502 2035 2555 Pen-

526 2601 718 2651 tecoste
747 2598 902 2662 facta
929 2611 1092 2664 super
1144 2610 1230 2649 eos
1287 2593 1388 2665 qui
1417 2593 1787 2657 crediderant,
1818 2591 1878 2644 in
1930 2604 2037 2660 quo

525 2688 690 2742 etiam
734 2684 889 2740 Petri
953 2685 1212 2739 doctrina
1277 2701 1305 2739 e
1356 2684 1642 2754 prOphetis
1699 2683 2034 2746 continetur,

531 2792 725 2847 nempe
754 2775 820 2830 de
841 2776 1116 2846 passione,
1149 2773 1570 2830 ressurrectione
1596 2779 1649 2827 et
1669 2771 2039 2840 assumptione

533 2867 762 2930 Christi,
798 2867 1054 2934 donoque
1103 2864 1346 2934 Spiritus
1374 2867 1549 2918 sancti
1579 2878 1597 2915 :
1626 2862 1694 2916 de
1720 2860 1827 2928 ﬁde
1851 2873 2038 2914 eorum

476 2945 480 2949 ί
532 2956 631 3026 qui
653 2961 955 3024 praesentes
985 2959 1145 3007 erant
1185 2969 1289 3023 per
1319 2953 1614 3022 baptisma,
1665 2950 1732 3004 de
1779 2961 2038 3004 consensu

528 3045 588 3100 in
619 3060 962 3100 communem
989 3044 1315 3112 utilitatem,
1347 3049 1399 3098 et
1430 3042 1775 3114 oppositione
1809 3038 2036 3095 creden-

524 3136 679 3189 tium.

383 3403 436 3456 4.
470 3401 546 3457 De
577 3397 764 3455 claudi
795 3416 829 3455 a
857 3401 1150 3455 nativitate
1192 3414 1327 3454 cura
1367 3397 1572 3453 Christi
1625 3399 1832 3452 virtute
1858 3398 2032 3464 facta,

526 3489 803 3558 eiectaque
834 3490 987 3544 Petri
1016 3486 1384 3544 instructione
1412 3489 1471 3540 in
1501 3503 1611 3557 qua
1641 3501 1752 3541 sese
1771 3486 2033 3552 demittit,

529 3587 581 3638 et
630 3580 921 3636 consilium
979 3579 1053 3634 ad
1096 3579 1321 3634 illorum
1369 3577 1602 3633 salutem
1659 3576 1934 3630 adducit:
1980 3576 2037 3628 in

523 3687 632 3740 quo
662 3672 827 3725 etiam
867 3669 1125 3724 subditur
1141 3669 1473 3739 pontiﬁcum
1503 3665 1904 3721 animadversio
1925 3661 2038 3718 zelo

521 3759 639 3829 ejus
667 3759 816 3830 quod
841 3760 1056 3826 factum
1113 3763 1252 3828 erat,
1286 3762 1338 3812 et
1366 3757 1432 3811 de
1479 3751 1756 3811 miraculo
1790 3754 2038 3809 decerta-

529 3851 629 3902 tio.

387 3939 438 3992 5.
463 3939 538 3992 De
566 3936 866 3992 incredulis
883 3936 1241 4008 pontiﬁcibus
1272 3935 1372 4007 qui
1393 3934 1667 4005 jubebant
1717 3950 1786 3988 ne
1837 3935 1896 3987 in
1933 3947 2037 3986 no-

528 4029 675 4082 mine
705 4028 912 4082 Christi
958 4027 1151 4098 palam
1201 4027 1575 4096 loquerentur,
1608 4030 1659 4079 et
1687 4023 2035 4088 redintegra-

529 4118 680 4171 tione
735 4118 1110 4186 apostolorum
1157 4134 1179 4172 .°
1264 4115 1332 4170 de
1387 4114 1636 4171 Ecclesia
1723 4112 2038 4183 gratiarum

528 4208 742 4260 actione
769 4207 833 4261 ob
889 4207 1022 4276 ﬁdei
1079 4208 1455 4276 aposto!orum
1507 4204 1874 4260 constantiam
1907 4219 1926 4256 :
1974 4201 2039 4256 de

524 4298 897 4351 unanimitate
925 4302 977 4350 et
1025 4295 1330 4352 universali
1380 4296 1756 4350 communione
1810 4292 2038 4348 creden-

527 4388 686 4443 tium.
718 4387 784 4441 In
813 4402 921 4457 quo
952 4388 1117 4442 etiam
1134 4387 1202 4442 de
1230 4383 1458 4442 Anania
1487 4391 1537 4440 et
1567 4382 1869 4456 Sapphira,
1892 4397 2041 4437 acer-

529 4476 704 4549 baque
733 4491 920 4531 eorum
948 4482 1140 4546 morte,
1174 4477 1509 4531 continetur.

389 4656 442 4706 6.
496 4653 787 4722 Apostolos
844 4655 1054 4711 carceri
1116 4653 1346 4725 injectos
1415 4651 1642 4721 angelus
1728 4650 1835 4706 Dei
1888 4654 2042 4705 nocte

529 4741 742 4810 eduxit,
773 4761 962 4800 curam
993 4743 1216 4800 tradens
1246 4748 1308 4796 ut
1356 4741 1422 4797 ob
1481 4740 1693 4796 nullam
1741 4739 2042 4796 obstantem

525 4829 958 4900 prohibitionem
989 4839 1256 4890 cessarent
1286 4849 1321 4886 a
1345 4831 1743 4902 praedicatione
1797 4831 1946 4895 Iesu,
1978 4829 2039 4883 in

528 4934 636 4989 quo
658 4922 832 4974 etiam
863 4921 1093 4976 habetur
1121 4920 1271 4992 quod
1289 4927 1483 4992 postea
1507 4922 1794 4991 pontiﬁces
1814 4933 2038 4974 rursum

528 5008 680 5079 ipsos
709 5009 1243 5078 comprehendentes,
1293 5017 1591 5082 postquam
1638 5011 1925 5080 jusserunt
1971 5023 2040 5062 ne

531 5097 772 5167 amplius
793 5097 1068 5161 docerent,
1093 5115 1253 5154 caesos
1283 5096 1961 5156 dimiserunt.Gamalielis
1975 5095 2042 5150 de

531 5188 794 5258 apostolis
823 5189 1094 5242 sententia
1119 5192 1501 5258 persuasibilis
1551 5206 1665 5244 una
1704 5205 1825 5244 cum
1857 5202 2039 5243 exem-

531 5278 640 5348 plis
669 5278 950 5332 nonnullis
971 5294 1034 5333 ac
1056 5279 1395 5334 evidentibus
1419 5278 1860 5349 probationibus.

387 5368 440 5419 7.
476 5369 546 5422 De
577 5367 843 5423 cl--ctione
879 5374 1087 5439 septem
1118 5369 1503 5424 diaconorum.

387 5456 438 5512 8.
461 5459 786 5513 Judszorum
815 5461 1140 5515 insurrectio
1170 5465 1222 5514 et
1277 5458 1562 5515 calumnia
1612 5458 1868 5513 adversus
1924 5455 2042 5512 Ste-

525 5546 804 5619 phanum,
836 5551 1064 5621 ejusque
1093 5550 1282 5604 concio
1320 5549 1386 5604 de
1417 5550 1516 5604 Dei
1573 5562 1707 5617 erga
1753 5545 2043 5602 Abraham

537 5642 882 5707 testamento,
913 5644 967 5694 et
1001 5637 1070 5693 de
1098 5637 1388 5694 duodecim
1432 5634 1816 5708 patriarchis:
1853 5633 1915 5690 in
1935 5650 2044 5706 quo

2217 1600 2286 1657 α’.
2340 1599 2474 1674 Περὶ
2559 1601 2660 1668 τῆς
2743 1599 3139 1671 ἐξαναστάσεως
3223 1602 3578 1671 διδασκαλίας
3657 1611 3794 1687 Χρι-

2359 1693 2511 1759 στοῦ,
2563 1691 2655 1747 καὶ
2712 1692 2970 1757 ὀπτασίας
3027 1696 3163 1770 πρὸς
3219 1695 3347 1759 τοὺς
3381 1700 3649 1772 μαθητὰς,
3700 1701 3791 1756 καὶ

2358 1779 2483 1853 περὶ
2541 1778 2870 1859 ἐπαγγελίας
2936 1791 3037 1853 τῆς
3092 1789 3190 1840 τοῦ
3263 1786 3420 1861 ἀγίου
3478 1787 3792 1862 Ηνεύματος

2362 1863 2590 1942 δωρεᾶς,
2621 1869 2742 1932 θέας
2796 1893 2855 1927 τε
2910 1875 3002 1929 καὶ
3054 1874 3262 1949 τρόπου
3318 1879 3418 1941 τῆς
3468 1877 3794 1953 ἀναλήψεως

2357 1960 2456 2011 τοῦ
2486 1960 2877 2033 Χριστοῦ,καὶ
2935 1963 3061 2036 περὶ
3119 1970 3222 2034 τῆς
3274 1961 3491 2036 ἐνδόξου
3527 1966 3618 2022 καὶ
3675 1964 3797 2023 δευ-

2358 2043 2518 2120 τὲρας
2547 2047 2713 2102 αὐτοῦ
2745 2051 3066 2124 παρουσίας.

2258 2133 2289 2187 ⁸.
2351 2135 2562 2209 Ηὲτρου
2619 2132 2884 2214 διάλογος
2947 2140 3084 2214 πρὸς
3154 2141 3282 2204 τοὺς
3365 2142 3791 2217 μαθητευθέντας

2363 2224 2489 2296 περὶ
2522 2224 2751 2288 θανάτου
2781 2227 2872 2281 καὶ
2904 2227 3222 2300 ἀποστολῆς
3273 2229 3456 2289 Ἰούδα
3509 2237 3604 2290 τοῦ
3652 2253 3790 2308 προ-

2363 2311 2547 2368 δότου·
2630 2314 2682 2370 ἐν
2743 2314 2789 2390 ᾧ
2853 2318 2978 2392 περὶ
3057 2320 3464 2399 ἀντεισαγωγῆς
3547 2323 3794 2383 Ματθίου

2363 2400 2742 2474 κληρωθὲντος
2775 2408 2962 2482 χάριτι
2995 2413 3128 2464 Θεοῦ
3159 2407 3246 2466 διὰ
3276 2420 3610 2492 προσευχῆς.

2219 2492 2289 2568 γ’.
2348 2492 2482 2567 Ηερὶ
2537 2493 2682 2583 θείας
2739 2501 2837 2551 τοῦ
2885 2498 3044 2574 ἁγίου
3129 2500 3442 2574 Ηνεύματος
3503 2501 3796 2583 ἐπιφοιτή-

2362 2601 2497 2643 σεως
2555 2581 2605 2638 ἐν
2665 2584 2849 2660 ἡμέρᾳ
2906 2591 3282 2659 Ηεντηκοστῆς
3347 2581 3641 2668 γενομένης
3716 2593 3794 2656 είς

2359 2671 2486 2733 τοὺς
2536 2674 2948 2743 πιστεύσαντας,
3007 2674 3060 2731 ἐν
3117 2677 3163 2751 ᾧ
3221 2679 3433 2755 Πέτρου
3484 2684 3795 2758 κατήχησις

2359 2761 2484 2835 περὶ
2514 2762 2708 2818 τούτου
2768 2761 2828 2820 ἐκ
2885 2769 2994 2820 τῶν
3047 2773 3365 2844 προφητῶν,
3425 2770 3549 2845 περὶ
3588 2774 3792 2834 πάθους

2360 2849 2451 2905 καὶ
2532 2851 2870 2917 ἀναστάσεως
2943 2856 3034 2910 καὶ
3113 2855 3442 2932 ἀναλήψεως
3528 2865 3787 2934 Χριστοῦ,

2361 2939 2566 3014 δωρεᾶς
2623 2962 2682 2997 τε
2736 2947 2834 2997 τοῦ
2892 2944 3052 3021 ἁγίου
3132 2946 3468 3020 Ηνεύματος·
3519 2950 3643 3023 περὶ
3699 2950 3794 3005 πί·-

2361 3048 2527 3090 στεως
2579 3035 2686 3085 τῶν
2733 3033 3038 3106 παρόντων,
3092 3033 3183 3090 καὶ
3234 3042 3335 3106 τῆς
3395 3033 3484 3092 διὰ
3539 3042 3637 3093 τοῦ
3687 3040 3790 3114 βα-

2359 3120 2667 3194 πτίσματος
2725 3121 2928 3200 αὐτῶν,
2963 3127 3260 3201 σωτηρίας,
3323 3129 3449 3205 περὶ
3529 3130 3794 3204 ὁμονοίας

2358 3209 2750 3289 κοινωφελοῦς,
2805 3211 2896 3268 καί
2945 3219 3268 3290 προσθήκης
3319 3222 3430 3274 τῶν
3507 3222 3794 3278 πιστευόν-

2357 3320 2484 3358 ταηη

2218 3385 2279 3446 δ’.
2316 3388 2447 3465 Ηερὶ
2659 3389 2711 3446 ἒν
2759 3392 2979 3479 Χριστῳ
3037 3397 3321 3472 θεραπείας
3375 3403 3474 3456 τοῦ
3519 3400 3578 3456 ἐκ
3645 3420 3788 3479 γενε-

2356 3482 2456 3545 τῆς
2486 3476 2702 3551 χωλοῦ,
2736 3476 2944 3554 Ηέτρου
3001 3502 3060 3538 τι
3115 3488 3481 3561 κατηχήσεως
3510 3476 3791 3557 ἐκλεκτῆς,

2360 3567 2804 3638 συμπαθητικῆς,
2862 3565 3336 3644 συμϐουλευτικῆς
3393 3575 3530 3649 πρὸς
3610 3598 3793 3648 σωτη-

2359 3653 2474 3727 ρίαν
2523 3653 2720 3713 αύτῶν.
2785 3656 2874 3713 Ἐν
2935 3657 2981 3729 ᾧ
3013 3657 3296 3732 ἐπιστασίᾳ
3352 3667 3460 3717 τῶν
3487 3664 3791 3739 ἀρχιερέων

2360 3739 2515 3816 ξήλῳ
2544 3747 2643 3800 τοῦ
2689 3747 3004 3823 γεγονότος,
3059 3749 3150 3804 καὶ
3207 3751 3382 3825 κρίσις
3435 3756 3532 3808 τοῦ
3579 3754 3790 3828 θαύμα-

2358 3853 2470 3894 τος.

2218 3925 2276 3979 e‘.
2337 3920 2470 3996 Ηερὶ
2573 3922 2813 3979 ἀπίστων
2914 3925 3215 4002 ἀρχιερέων
3317 3932 3789 4004 προσταττόντων,

2361 4009 2434 4065 ὠς
2464 4011 2525 4066 οὐ
2558 4009 2640 4067 δεῖ
2669 4011 3132 4088 παρρησιάζεσθαι
3162 4016 3249 4074 ἐπὶ
3305 4023 3384 4092 τῷ
3436 4019 3664 4094 ὀνόματι
3690 4025 3787 4077 τοῦ

2361 4105 2627 4174 Χριστοῦ,
2689 4102 2777 4156 καὶ
2855 4103 3199 4170 ἀνανεώσεως
3279 4111 3390 4163 τῶν
3447 4109 3791 4165 ἀποστόλων

2361 4188 2679 4264 εὐχαριστία
2736 4191 2843 4246 ἀπὸ
2899 4200 2998 4264 τῆς
3089 4194 3423 4268 Ἑκκλησίας
3477 4197 3612 4272 ὑπὲρ
3695 4206 3797 4270 τῆς

2360 4281 2469 4333 τῶν
2503 4278 2824 4336 ἀποστόλων
2855 4289 3055 4352 πιστῆς
3099 4288 3410 4361 καρτερίας·
3480 4289 3603 4363 περὶ
3660 4290 3803 4363 ὁμο-

2360 4367 2544 4444 ψύχου
2596 4369 2688 4425 καὶ
2741 4369 3044 4442 καθολικῆς
3102 4375 3392 4438 κοινωνίας
3445 4381 3553 4434 τῶν
3582 4400 3803 4436 πιστευ-

2365 4455 2596 4548 σάντων.
2631 4459 2720 4516 Ἐν
2751 4457 2796 4532 ᾦ
2827 4461 2950 4532 περὶ
3009 4463 3262 4520 Ἀνανίου
3319 4466 3410 4521 καὶ
3469 4468 3798 4548 Σαπφείρας,

2363 4547 2454 4604 καὶ
2484 4553 2684 4625 πικρᾶς
2713 4549 2891 4605 αὐτῶν
2921 4550 3200 4624 τελευτῆς.

2257 4640 2289 4697 ⁸.
2351 4639 2473 4696 Ἐτι
2528 4639 2656 4704 τοὺς
2739 4639 3084 4705 ἀποστόλους
3141 4639 3520 4718 ἓμϐληθίντας
3577 4653 3655 4716 τῷ
3711 4647 3796 4706 δε-

2367 4729 2695 4804 σμωτηρίῳ,
2775 4728 3013 4805 ἅγγελος
3057 4737 3192 4788 Θεοῦ
3275 4733 3490 4812 νύκτωρ
3550 4737 3796 4810 ἐξέωσεν,

2365 4817 2657 4892 ἕπιτρὲψας
2712 4817 3016 4879 ἀκωλύτως
3070 4821 3358 4898 κηρύσσειν
3422 4826 3516 4881 τὸν
3564 4827 3798 4897 Ἰησοῦν,

2363 4907 2415 4962 ἐν
2448 4906 2494 4980 ᾧ
2523 4907 2606 4962 ὅτι
2651 4911 2722 4982 τῇ
2755 4907 2876 4979 ἑξῆς
2935 4909 3133 4973 αὐτοὺς
3186 4913 3238 4967 οἱ
3297 4913 3576 4989 ἀρχιερεῖς
3631 4913 3798 4969 πάλιν

2364 4991 2793 5070 συλλαϐόμενοι.
2855 4997 2936 5079 ἐφ’
2994 5000 3041 5072 ᾦ
3091 5001 3286 5074 μηκέτι
3338 4999 3630 5071 διδάσκειν,
3690 5023 3799 5075 μα-

2363 5088 2632 5158 στίξαντες
2687 5089 2979 5151 ἀπέλυσαν.
3039 5091 3335 5167 Γαμαλιήλ
3392 5095 3587 5169 γνώμη
3631 5093 3796 5163 πιστὴ

2364 5179 2486 5240 περὶ
2538 5183 2648 5233 τῶν
2707 5178 3030 5235 ἀποστόλων
3129 5182 3266 5254 μετά
3345 5180 3804 5260 παραδειγμάτων

2362 5271 2526 5322 τινῶν
2557 5266 2647 5321 καὶ
2677 5266 3035 5338 ἀποδείξεων.

2224 5355 2267 5425 ζ’
2321 5353 2450 5427 Περὶ
2485 5355 2827 5428 χειροτονίας
2856 5359 2967 5411 τῶν
2999 5356 3132 5413 ἔτι·τά
3165 5355 3453 5420 διακόνων.

2264 5451 2293 5502 ‘.
2349 5439 2628 5499 Ἰουδαίων
2683 5441 3043 5511 ἱπανάστασις
3127 5448 3216 5503 καὶ
3291 5451 3627 5528 συκοφαντία
3677 5471 3800 5525 περι

2369 5530 2669 5615 Στεφάνου,
2747 5533 2916 5589 αὐτοῦ
2998 5556 3056 5593 τε
3144 5534 3464 5615 δημηγορία
3525 5540 3648 5614 περὶ
3707 5545 3809 5608 τῆς

2364 5621 2505 5696 πρὸς
2536 5614 2796 5698 Ἀϐραάμ
2843 5620 3116 5698 διαθήκης
3173 5630 3272 5684 τοῦ
3319 5614 3488 5703 νΘεοῦ,
3537 5628 3628 5684 καὶ
3685 5625 3810 5705 περῖ
