  <div class='ocr_page' id='page_1' title='image "/cluster/home/n/w/nwhite01/storage/ocr_20150623/118/hvd.32044073502247/024.png"; bbox 0 0 4136 6200; ppageno 0'>
   <div class='ocr_carea' id='block_1_1' title="bbox 330 195 3754 353">
    <p class='ocr_par' dir='ltr' id='par_1_1' title="bbox 330 195 3754 353">
     <span class='ocr_line' id='line_1_1' title="bbox 330 195 3754 353; baseline 0.018 -70"><span class='ocrx_word' id='word_1_1' title='bbox 330 223 410 283; x_wconf 80' lang='lat'><strong><em>37</em></strong></span> <span class='ocrx_word' id='word_1_2' title='bbox 1159 195 1168 202; x_wconf 67' lang='grc'><em>’</em></span> <span class='ocrx_word' id='word_1_3' title='bbox 1328 237 1735 307; x_wconf 76' lang='lat' dir='ltr'><strong><em>COMMENT.</em></strong></span> <span class='ocrx_word' id='word_1_4' title='bbox 1783 241 1872 308; x_wconf 78' lang='lat' dir='ltr'><strong>IN</strong></span> <span class='ocrx_word' id='word_1_5' title='bbox 1914 245 2114 310; x_wconf 77' lang='lat' dir='ltr'><strong><em>ACTA</em></strong></span> <span class='ocrx_word' id='word_1_6' title='bbox 2157 247 2756 325; x_wconf 78' lang='lat' dir='ltr'><strong><em>APOSTOLORUM.</em></strong></span> <span class='ocrx_word' id='word_1_7' title='bbox 3676 290 3754 353; x_wconf 70' lang='grc' dir='ltr'>εδ</span> 
     </span>
    </p>
   </div>
   <div class='ocr_carea' id='block_1_2' title="bbox 475 354 1998 452">
    <p class='ocr_par' dir='ltr' id='par_1_2' title="bbox 475 354 1998 452">
     <span class='ocr_line' id='line_1_2' title="bbox 475 354 1998 452; baseline 0.016 -42"><span class='ocrx_word' id='word_1_8' title='bbox 475 358 589 411; x_wconf 79' lang='grc' dir='ltr'><strong><em>τῶν</em></strong></span> <span class='ocrx_word' id='word_1_9' title='bbox 647 354 858 416; x_wconf 77' lang='grc' dir='ltr'>δωδεκα</span> <span class='ocrx_word' id='word_1_10' title='bbox 905 367 1286 444; x_wconf 84' lang='grc' dir='ltr'>πατριαρχών·</span> <span class='ocrx_word' id='word_1_11' title='bbox 1345 369 1399 427; x_wconf 71' lang='grc' dir='ltr'>ἐν</span> <span class='ocrx_word' id='word_1_12' title='bbox 1453 372 1499 446; x_wconf 82' lang='grc' dir='ltr'>ᾦ</span> <span class='ocrx_word' id='word_1_13' title='bbox 1569 375 1694 452; x_wconf 87' lang='grc' dir='ltr'>περὶ</span> <span class='ocrx_word' id='word_1_14' title='bbox 1747 383 1849 446; x_wconf 83' lang='grc' dir='ltr'><strong><em>τῆς</em></strong></span> <span class='ocrx_word' id='word_1_15' title='bbox 1908 377 1998 434; x_wconf 85' lang='grc' dir='ltr'>λι-</span> 
     </span>
    </p>
   </div>
   <div class='ocr_carea' id='block_1_3' title="bbox 484 441 1992 539">
    <p class='ocr_par' dir='ltr' id='par_1_3' title="bbox 484 441 1992 539">
     <span class='ocr_line' id='line_1_3' title="bbox 484 441 1992 539; baseline 0.015 -37"><span class='ocrx_word' id='word_1_16' title='bbox 484 441 587 521; x_wconf 57' lang='grc' dir='ltr'>μξοῦ</span> <span class='ocrx_word' id='word_1_17' title='bbox 664 451 755 505; x_wconf 75' lang='grc' dir='ltr'><strong><em>καὶ</em></strong></span> <span class='ocrx_word' id='word_1_18' title='bbox 832 457 1108 529; x_wconf 87' lang='grc' dir='ltr'>πυρωνίας</span> <span class='ocrx_word' id='word_1_19' title='bbox 1155 441 1602 539; x_wconf 29' lang='grc' dir='ltr'>..ἀναγνωρισμοῦ</span> <span class='ocrx_word' id='word_1_20' title='bbox 1642 441 1992 525; x_wconf 39' lang='grc' dir='ltr'>’τῶν-υἱῶν</span> 
     </span>
    </p>
   </div>
   <div class='ocr_carea' id='block_1_4' title="bbox 481 535 1985 630">
    <p class='ocr_par' dir='ltr' id='par_1_4' title="bbox 481 535 1985 630">
     <span class='ocr_line' id='line_1_4' title="bbox 481 535 1985 630; baseline 0.012 -34"><span class='ocrx_word' id='word_1_21' title='bbox 481 535 695 610; x_wconf 79' lang='grc' dir='ltr'>Ἰακὼϐ,</span> <span class='ocrx_word' id='word_1_22' title='bbox 735 542 825 597; x_wconf 81' lang='grc' dir='ltr'><strong><em>καὶ</em></strong></span> <span class='ocrx_word' id='word_1_23' title='bbox 883 546 1007 620; x_wconf 78' lang='grc' dir='ltr'>περὶ</span> <span class='ocrx_word' id='word_1_24' title='bbox 1073 553 1174 617; x_wconf 78' lang='grc' dir='ltr'>τῆς</span> <span class='ocrx_word' id='word_1_25' title='bbox 1224 554 1483 625; x_wconf 67' lang='grc' dir='ltr'>γενέσεως</span> <span class='ocrx_word' id='word_1_26' title='bbox 1540 559 1839 630; x_wconf 70' lang='grc' dir='ltr'>Μωυσέως,</span> <span class='ocrx_word' id='word_1_27' title='bbox 1897 560 1985 614; x_wconf 80' lang='grc' dir='ltr'><strong><em>καὶ</em></strong></span> 
     </span>
    </p>
   </div>
   <div class='ocr_carea' id='block_1_5' title="bbox 904 635 1984 728">
    <p class='ocr_par' dir='ltr' id='par_1_5' title="bbox 904 635 1984 728">
     <span class='ocr_line' id='line_1_5' title="bbox 904 635 1984 728; baseline 0.012 -39"><span class='ocrx_word' id='word_1_28' title='bbox 904 635 1067 691; x_wconf 85' lang='grc' dir='ltr'>αὐτὸν</span> <span class='ocrx_word' id='word_1_29' title='bbox 1171 645 1476 716; x_wconf 70' lang='grc' dir='ltr'><strong><em>γενομένης</em></strong></span> <span class='ocrx_word' id='word_1_30' title='bbox 1548 647 1860 728; x_wconf 73' lang='grc' dir='ltr'>θεοφανείας</span> <span class='ocrx_word' id='word_1_31' title='bbox 1932 648 1984 704; x_wconf 84' lang='grc' dir='ltr'>ἐν</span> 
     </span>
    </p>
   </div>
   <div class='ocr_carea' id='block_1_6' title="bbox 473 717 1990 816">
    <p class='ocr_par' dir='ltr' id='par_1_6' title="bbox 473 717 1990 816">
     <span class='ocr_line' id='line_1_6' title="bbox 473 717 1990 816; baseline 0.016 -46"><span class='ocrx_word' id='word_1_32' title='bbox 473 717 582 791; x_wconf 73' lang='grc' dir='ltr'>ὄρει</span> <span class='ocrx_word' id='word_1_33' title='bbox 625 725 781 791; x_wconf 82' lang='grc' dir='ltr'>Σινᾷ,</span> <span class='ocrx_word' id='word_1_34' title='bbox 854 725 977 797; x_wconf 85' lang='grc' dir='ltr'>περὶ</span> <span class='ocrx_word' id='word_1_35' title='bbox 1037 733 1140 796; x_wconf 82' lang='grc' dir='ltr'><strong><em>τῆς</em></strong></span> <span class='ocrx_word' id='word_1_36' title='bbox 1197 728 1383 800; x_wconf 77' lang='grc' dir='ltr'>ἐξόδου</span> <span class='ocrx_word' id='word_1_37' title='bbox 1449 735 1539 788; x_wconf 88' lang='grc' dir='ltr'><strong><em>καὶ</em></strong></span> <span class='ocrx_word' id='word_1_38' title='bbox 1619 717 1990 816; x_wconf 53' lang='grc' dir='ltr'>μίοσχοποιΐας</span> 
     </span>
    </p>
   </div>
   <div class='ocr_carea' id='block_1_7' title="bbox 466 810 1983 898">
    <p class='ocr_par' dir='ltr' id='par_1_7' title="bbox 466 810 1983 898">
     <span class='ocr_line' id='line_1_7' title="bbox 466 810 1983 898; baseline 0.016 -39"><span class='ocrx_word' id='word_1_39' title='bbox 466 811 564 860; x_wconf 88' lang='grc' dir='ltr'><strong><em>τοῦ</em></strong></span> <span class='ocrx_word' id='word_1_40' title='bbox 641 810 865 885; x_wconf 76' lang='grc' dir='ltr'>Ἰσραήλ</span> <span class='ocrx_word' id='word_1_41' title='bbox 943 812 1074 891; x_wconf 81' lang='grc' dir='ltr'>ἄχρι</span> <span class='ocrx_word' id='word_1_42' title='bbox 1151 819 1371 893; x_wconf 87' lang='grc' dir='ltr'>χρόνων</span> <span class='ocrx_word' id='word_1_43' title='bbox 1449 810 1819 898; x_wconf 70' lang='grc' dir='ltr'>Σολομῶντος</span> <span class='ocrx_word' id='word_1_44' title='bbox 1893 827 1983 884; x_wconf 87' lang='grc' dir='ltr'><strong><em>καὶ</em></strong></span> 
     </span>
    </p>
   </div>
   <div class='ocr_carea' id='block_1_8' title="bbox 1509 912 1984 990">
    <p class='ocr_par' dir='ltr' id='par_1_8' title="bbox 1509 912 1984 990">
     <span class='ocr_line' id='line_1_8' title="bbox 1509 912 1984 990; baseline 0.015 -23"><span class='ocrx_word' id='word_1_45' title='bbox 1509 912 1811 990; x_wconf 81' lang='grc' dir='ltr'>Ὀμολογία</span> <span class='ocrx_word' id='word_1_46' title='bbox 1882 923 1984 987; x_wconf 83' lang='grc' dir='ltr'><strong><em>τῆς</em></strong></span> 
     </span>
    </p>
   </div>
   <div class='ocr_carea' id='block_1_9' title="bbox 1196 1000 1982 1075">
    <p class='ocr_par' dir='ltr' id='par_1_9' title="bbox 1196 1000 1982 1075">
     <span class='ocr_line' id='line_1_9' title="bbox 1196 1000 1982 1075; baseline 0.01 -21"><span class='ocrx_word' id='word_1_47' title='bbox 1196 1000 1379 1068; x_wconf 82' lang='grc' dir='ltr'>Ἰησοῦ</span> <span class='ocrx_word' id='word_1_48' title='bbox 1452 1004 1698 1075; x_wconf 76' lang='grc' dir='ltr'><strong><em>Χριστοῦ</em></strong></span> <span class='ocrx_word' id='word_1_49' title='bbox 1771 1003 1982 1061; x_wconf 80' lang='grc' dir='ltr'>ἀποκα-</span> 
     </span>
    </p>
   </div>
   <div class='ocr_carea' id='block_1_10' title="bbox 461 1069 1979 1170">
    <p class='ocr_par' dir='ltr' id='par_1_10' title="bbox 461 1069 1979 1170">
     <span class='ocr_line' id='line_1_10' title="bbox 461 1069 1979 1170; baseline 0.017 -44"><span class='ocrx_word' id='word_1_50' title='bbox 461 1069 763 1150; x_wconf 76' lang='grc' dir='ltr'>λυφθείσης</span> <span class='ocrx_word' id='word_1_51' title='bbox 838 1080 1116 1157; x_wconf 71' lang='grc' dir='ltr'>Στεφάνῳ,</span> <span class='ocrx_word' id='word_1_52' title='bbox 1193 1082 1274 1160; x_wconf 70' lang='grc' dir='ltr'><strong><em>ἐφ’</em></strong></span> <span class='ocrx_word' id='word_1_53' title='bbox 1347 1087 1387 1158; x_wconf 78' lang='grc' dir='ltr'><strong><em>ᾖ</em></strong></span> <span class='ocrx_word' id='word_1_54' title='bbox 1460 1069 1812 1155; x_wconf 72' lang='grc' dir='ltr'>λίθόλευστος</span> <span class='ocrx_word' id='word_1_55' title='bbox 1885 1115 1979 1170; x_wconf 77' lang='grc' dir='ltr'>γε·</span> 
     </span>
    </p>
   </div>
   <div class='ocr_carea' id='block_1_11' title="bbox 460 1163 1976 1249">
    <p class='ocr_par' dir='ltr' id='par_1_11' title="bbox 460 1163 1976 1249">
     <span class='ocr_line' id='line_1_11' title="bbox 460 1163 1976 1249; baseline 0.016 -34"><span class='ocrx_word' id='word_1_56' title='bbox 460 1163 656 1237; x_wconf 85' lang='grc' dir='ltr'>γονὼς,</span> <span class='ocrx_word' id='word_1_57' title='bbox 735 1166 763 1220; x_wconf 99' lang='lat'><strong><em>6</em></strong></span> <span class='ocrx_word' id='word_1_58' title='bbox 839 1168 1002 1234; x_wconf 83' lang='grc' dir='ltr'>αὐτὸς</span> <span class='ocrx_word' id='word_1_59' title='bbox 1101 1176 1396 1249; x_wconf 75' lang='grc' dir='ltr'>Στεφανος,</span> <span class='ocrx_word' id='word_1_60' title='bbox 1492 1174 1730 1244; x_wconf 77' lang='grc' dir='ltr'>εὐσεϐῶς</span> <span class='ocrx_word' id='word_1_61' title='bbox 1831 1163 1976 1239; x_wconf 68' lang='grc' dir='ltr'>ἄκοι-</span> 
     </span>
    </p>
   </div>
   <div class='ocr_carea' id='block_1_12' title="bbox 479 633 802 706">
    <p class='ocr_par' dir='ltr' id='par_1_12' title="bbox 479 633 802 706">
     <span class='ocr_line' id='line_1_12' title="bbox 479 633 802 706; baseline 0.019 -24"><span class='ocrx_word' id='word_1_62' title='bbox 479 634 573 696; x_wconf 76' lang='grc' dir='ltr'><strong><em>τῆς</em></strong></span> <span class='ocrx_word' id='word_1_63' title='bbox 665 633 802 706; x_wconf 84' lang='grc' dir='ltr'>πρὸς</span> 
     </span>
    </p>
   </div>
   <div class='ocr_carea' id='block_1_13' title="bbox 462 901 1423 980">
    <p class='ocr_par' dir='ltr' id='par_1_13' title="bbox 462 901 1423 980">
     <span class='ocr_line' id='line_1_13' title="bbox 462 901 1423 980; baseline 0.02 -33"><span class='ocrx_word' id='word_1_64' title='bbox 462 901 565 964; x_wconf 79' lang='grc' dir='ltr'><strong><em>τῆς</em></strong></span> <span class='ocrx_word' id='word_1_65' title='bbox 665 904 764 954; x_wconf 89' lang='grc' dir='ltr'><strong><em>τοῦ</em></strong></span> <span class='ocrx_word' id='word_1_66' title='bbox 860 908 990 958; x_wconf 94' lang='grc' dir='ltr'>ναοῦ</span> <span class='ocrx_word' id='word_1_67' title='bbox 1064 917 1423 980; x_wconf 80' lang='grc' dir='ltr'>κατασκευῆς.</span> 
     </span>
    </p>
   </div>
   <div class='ocr_carea' id='block_1_14' title="bbox 460 983 1100 1063">
    <p class='ocr_par' dir='ltr' id='par_1_14' title="bbox 460 983 1100 1063">
     <span class='ocr_line' id='line_1_14' title="bbox 460 983 1100 1063; baseline 0.017 -26"><span class='ocrx_word' id='word_1_68' title='bbox 460 983 863 1061; x_wconf 85' lang='grc' dir='ltr'>ὑπερουρανίου</span> <span class='ocrx_word' id='word_1_69' title='bbox 938 989 1100 1063; x_wconf 78' lang='grc' dir='ltr'>δόξης</span> 
     </span>
    </p>
   </div>
   <div class='ocr_carea' id='block_1_15' title="bbox 463 1253 638 1322">
    <p class='ocr_par' dir='ltr' id='par_1_15' title="bbox 463 1253 638 1322">
     <span class='ocr_line' id='line_1_15' title="bbox 463 1253 638 1322; baseline 0.006 -1"><span class='ocrx_word' id='word_1_70' title='bbox 463 1253 638 1322; x_wconf 65' lang='lat' dir='ltr'><strong><em>Mon-</em></strong></span> 
     </span>
    </p>
   </div>
   <div class='ocr_carea' id='block_1_16' title="bbox 341 1339 1974 1440">
    <p class='ocr_par' dir='ltr' id='par_1_16' title="bbox 341 1339 1974 1440">
     <span class='ocr_line' id='line_1_16' title="bbox 341 1339 1974 1440; baseline 0.017 -48"><span class='ocrx_word' id='word_1_71' title='bbox 341 1339 411 1402; x_wconf 77' lang='grc' dir='ltr'><strong><em>θ’.</em></strong></span> <span class='ocrx_word' id='word_1_72' title='bbox 454 1341 586 1415; x_wconf 82' lang='grc' dir='ltr'>Περὶ</span> <span class='ocrx_word' id='word_1_73' title='bbox 619 1340 868 1421; x_wconf 79' lang='grc' dir='ltr'><strong><em>διωγμοῦ</em></strong></span> <span class='ocrx_word' id='word_1_74' title='bbox 918 1355 1021 1418; x_wconf 79' lang='grc' dir='ltr'>τῆς</span> <span class='ocrx_word' id='word_1_75' title='bbox 1077 1351 1412 1425; x_wconf 83' lang='grc' dir='ltr'>Ἐκκλησίας</span> <span class='ocrx_word' id='word_1_76' title='bbox 1465 1357 1558 1414; x_wconf 82' lang='grc' dir='ltr'><strong><em>καὶ</em></strong></span> <span class='ocrx_word' id='word_1_77' title='bbox 1610 1367 1787 1440; x_wconf 72' lang='grc' dir='ltr'>ταφῆς</span> <span class='ocrx_word' id='word_1_78' title='bbox 1839 1368 1974 1419; x_wconf 85' lang='grc' dir='ltr'>Στε-</span> 
     </span>
    </p>
   </div>
   <div class='ocr_carea' id='block_1_17' title="bbox 451 1429 1964 1512">
    <p class='ocr_par' dir='ltr' id='par_1_17' title="bbox 451 1429 1964 1512">
     <span class='ocr_line' id='line_1_17' title="bbox 451 1429 1964 1512; baseline 0.017 -29"><span class='ocrx_word' id='word_1_79' title='bbox 451 1429 644 1508; x_wconf 71' lang='grc' dir='ltr'>φάνου,</span> <span class='ocrx_word' id='word_1_80' title='bbox 714 1433 766 1488; x_wconf 80' lang='grc' dir='ltr'>ἐν</span> <span class='ocrx_word' id='word_1_81' title='bbox 831 1436 877 1508; x_wconf 82' lang='grc' dir='ltr'>ᾧ</span> <span class='ocrx_word' id='word_1_82' title='bbox 937 1438 1063 1512; x_wconf 86' lang='grc' dir='ltr'>περὶ</span> <span class='ocrx_word' id='word_1_83' title='bbox 1131 1441 1419 1499; x_wconf 82' lang='grc' dir='ltr'>Φιλίππου</span> <span class='ocrx_word' id='word_1_84' title='bbox 1483 1451 1583 1502; x_wconf 86' lang='grc' dir='ltr'><strong><em>τοῦ</em></strong></span> <span class='ocrx_word' id='word_1_85' title='bbox 1651 1429 1964 1508; x_wconf 72' lang='grc' dir='ltr'>ἀποστόλου</span> 
     </span>
    </p>
   </div>
   <div class='ocr_carea' id='block_1_18' title="bbox 453 1518 1651 1611">
    <p class='ocr_par' dir='ltr' id='par_1_18' title="bbox 453 1518 1651 1611">
     <span class='ocr_line' id='line_1_18' title="bbox 453 1518 1651 1611; baseline 0.018 -39"><span class='ocrx_word' id='word_1_86' title='bbox 453 1518 703 1584; x_wconf 67' lang='grc' dir='ltr'>πολλοὺς</span> <span class='ocrx_word' id='word_1_87' title='bbox 738 1521 1031 1598; x_wconf 76' lang='grc' dir='ltr'>ἷασαμένου</span> <span class='ocrx_word' id='word_1_88' title='bbox 1065 1528 1150 1584; x_wconf 71' lang='grc' dir='ltr'><strong><em>ἐπὶ</em></strong></span> <span class='ocrx_word' id='word_1_89' title='bbox 1182 1537 1283 1601; x_wconf 80' lang='grc' dir='ltr'><strong><em>τῆς</em></strong></span> <span class='ocrx_word' id='word_1_90' title='bbox 1317 1537 1651 1611; x_wconf 71' lang='grc' dir='ltr'><strong><em>Σαμαρείας.</em></strong></span> 
     </span>
    </p>
   </div>
   <div class='ocr_carea' id='block_1_19' title="bbox 336 1609 1968 1700">
    <p class='ocr_par' dir='ltr' id='par_1_19' title="bbox 336 1609 1968 1700">
     <span class='ocr_line' id='line_1_19' title="bbox 336 1609 1968 1700; baseline 0.017 -40"><span class='ocrx_word' id='word_1_91' title='bbox 336 1614 394 1662; x_wconf 77' lang='grc' dir='ltr'><strong><em>ι’.</em></strong></span> <span class='ocrx_word' id='word_1_92' title='bbox 449 1609 590 1685; x_wconf 83' lang='grc' dir='ltr'>Περὶ</span> <span class='ocrx_word' id='word_1_93' title='bbox 668 1612 914 1684; x_wconf 79' lang='grc' dir='ltr'>Σίμωνος</span> <span class='ocrx_word' id='word_1_94' title='bbox 984 1621 1083 1673; x_wconf 88' lang='grc' dir='ltr'><strong><em>τοῦ</em></strong></span> <span class='ocrx_word' id='word_1_95' title='bbox 1161 1623 1350 1700; x_wconf 74' lang='grc' dir='ltr'>Μάγου</span> <span class='ocrx_word' id='word_1_96' title='bbox 1425 1627 1818 1694; x_wconf 72' lang='grc' dir='ltr'><strong><em>πιστεύσαντος</em></strong></span> <span class='ocrx_word' id='word_1_97' title='bbox 1875 1632 1968 1688; x_wconf 82' lang='grc' dir='ltr'><strong><em>καὶ</em></strong></span> 
     </span>
    </p>
   </div>
   <div class='ocr_carea' id='block_1_20' title="bbox 1763 1718 1966 1794">
    <p class='ocr_par' dir='ltr' id='par_1_20' title="bbox 1763 1718 1966 1794">
     <span class='ocr_line' id='line_1_20' title="bbox 1763 1718 1966 1794; baseline 0.005 -19"><span class='ocrx_word' id='word_1_98' title='bbox 1763 1718 1814 1775; x_wconf 76' lang='grc' dir='ltr'>ἐν</span> <span class='ocrx_word' id='word_1_99' title='bbox 1919 1722 1966 1794; x_wconf 82' lang='grc' dir='ltr'>ᾧ</span> 
     </span>
    </p>
   </div>
   <div class='ocr_carea' id='block_1_21' title="bbox 451 1788 1965 1881">
    <p class='ocr_par' dir='ltr' id='par_1_21' title="bbox 451 1788 1965 1881">
     <span class='ocr_line' id='line_1_21' title="bbox 451 1788 1965 1881; baseline 0.018 -42"><span class='ocrx_word' id='word_1_100' title='bbox 451 1788 574 1861; x_wconf 87' lang='grc' dir='ltr'><strong><em>περί</em></strong></span> <span class='ocrx_word' id='word_1_101' title='bbox 652 1796 752 1859; x_wconf 77' lang='grc' dir='ltr'>τῆς</span> <span class='ocrx_word' id='word_1_102' title='bbox 829 1790 1038 1868; x_wconf 79' lang='grc' dir='ltr'>Πέτρου</span> <span class='ocrx_word' id='word_1_103' title='bbox 1102 1797 1195 1853; x_wconf 83' lang='grc' dir='ltr'><strong><em>καὶ</em></strong></span> <span class='ocrx_word' id='word_1_104' title='bbox 1272 1800 1523 1858; x_wconf 73' lang='grc' dir='ltr'>Ἰωάννου</span> <span class='ocrx_word' id='word_1_105' title='bbox 1598 1806 1734 1881; x_wconf 88' lang='grc' dir='ltr'>πρὸς</span> <span class='ocrx_word' id='word_1_106' title='bbox 1770 1808 1965 1872; x_wconf 80' lang='grc' dir='ltr'>αὑτοὺς</span> 
     </span>
    </p>
   </div>
   <div class='ocr_carea' id='block_1_22' title="bbox 447 1875 1962 1971">
    <p class='ocr_par' dir='ltr' id='par_1_22' title="bbox 447 1875 1962 1971">
     <span class='ocr_line' id='line_1_22' title="bbox 447 1875 1962 1971; baseline 0.018 -43"><span class='ocrx_word' id='word_1_107' title='bbox 447 1875 786 1950; x_wconf 74' lang='grc' dir='ltr'><strong><em>ἀποστολῆς,</em></strong></span> <span class='ocrx_word' id='word_1_108' title='bbox 864 1883 953 1937; x_wconf 82' lang='grc' dir='ltr'><strong><em>καὶ</em></strong></span> <span class='ocrx_word' id='word_1_109' title='bbox 1029 1884 1319 1957; x_wconf 77' lang='grc' dir='ltr'>ἐπίκλησις</span> <span class='ocrx_word' id='word_1_110' title='bbox 1393 1897 1492 1947; x_wconf 88' lang='grc' dir='ltr'><strong><em>τοῦ</em></strong></span> <span class='ocrx_word' id='word_1_111' title='bbox 1565 1875 1719 1971; x_wconf 79' lang='grc' dir='ltr'>ἁγίου</span> <span class='ocrx_word' id='word_1_112' title='bbox 1797 1899 1962 1954; x_wconf 82' lang='grc' dir='ltr'><strong><em>Ι]νεὺ-</em></strong></span> 
     </span>
    </p>
   </div>
   <div class='ocr_carea' id='block_1_23' title="bbox 457 1697 1658 1784">
    <p class='ocr_par' dir='ltr' id='par_1_23' title="bbox 457 1697 1658 1784">
     <span class='ocr_line' id='line_1_23' title="bbox 457 1697 1658 1784; baseline 0.018 -34"><span class='ocrx_word' id='word_1_113' title='bbox 457 1697 848 1772; x_wconf 73' lang='grc' dir='ltr'><strong><em>βαπτισθέντος</em></strong></span> <span class='ocrx_word' id='word_1_114' title='bbox 925 1704 1017 1760; x_wconf 80' lang='grc' dir='ltr'>σὺν</span> <span class='ocrx_word' id='word_1_115' title='bbox 1095 1708 1300 1784; x_wconf 70' lang='grc' dir='ltr'>ἑτέροις</span> <span class='ocrx_word' id='word_1_116' title='bbox 1392 1714 1658 1771; x_wconf 68' lang='grc' dir='ltr'>πλείοσιν*</span> 
     </span>
    </p>
   </div>
   <div class='ocr_carea' id='block_1_24' title="bbox 445 1967 1354 2048">
    <p class='ocr_par' dir='ltr' id='par_1_24' title="bbox 445 1967 1354 2048">
     <span class='ocr_line' id='line_1_24' title="bbox 445 1967 1354 2048; baseline 0.015 -28"><span class='ocrx_word' id='word_1_117' title='bbox 445 1987 620 2037; x_wconf 81' lang='grc' dir='ltr'>ματος</span> <span class='ocrx_word' id='word_1_118' title='bbox 649 1967 737 2023; x_wconf 76' lang='grc' dir='ltr'><strong><em>ἐπὶ</em></strong></span> <span class='ocrx_word' id='word_1_119' title='bbox 769 1971 897 2034; x_wconf 82' lang='grc' dir='ltr'>τοὺς</span> <span class='ocrx_word' id='word_1_120' title='bbox 945 1974 1354 2048; x_wconf 71' lang='grc' dir='ltr'>βαπτισθέντας.</span> 
     </span>
    </p>
   </div>
   <div class='ocr_carea' id='block_1_25' title="bbox 297 2055 1962 2147">
    <p class='ocr_par' dir='ltr' id='par_1_25' title="bbox 297 2055 1962 2147">
     <span class='ocr_line' id='line_1_25' title="bbox 297 2055 1962 2147; baseline 0.017 -43"><span class='ocrx_word' id='word_1_121' title='bbox 297 2058 388 2132; x_wconf 70' lang='grc' dir='ltr'>ια’.</span> <span class='ocrx_word' id='word_1_122' title='bbox 436 2055 557 2111; x_wconf 80' lang='grc' dir='ltr'><strong><em>Ὀτι</em></strong></span> <span class='ocrx_word' id='word_1_123' title='bbox 637 2058 741 2112; x_wconf 81' lang='grc' dir='ltr'>οὐκ</span> <span class='ocrx_word' id='word_1_124' title='bbox 832 2059 1094 2137; x_wconf 78' lang='grc' dir='ltr'>ἀργυρίου</span> <span class='ocrx_word' id='word_1_125' title='bbox 1189 2063 1315 2122; x_wconf 65' lang='grc' dir='ltr'>οὐδὲ</span> <span class='ocrx_word' id='word_1_126' title='bbox 1393 2069 1732 2147; x_wconf 79' lang='grc' dir='ltr'>ὑποκριταῖς,</span> <span class='ocrx_word' id='word_1_127' title='bbox 1815 2075 1962 2133; x_wconf 75' lang='grc' dir='ltr'><strong><em>ἀλλὰ⁸</em></strong></span> 
     </span>
    </p>
   </div>
   <div class='ocr_carea' id='block_1_26' title="bbox 448 2143 1959 2236">
    <p class='ocr_par' dir='ltr' id='par_1_26' title="bbox 448 2143 1959 2236">
     <span class='ocr_line' id='line_1_26' title="bbox 448 2143 1959 2236; baseline 0.017 -40"><span class='ocrx_word' id='word_1_128' title='bbox 448 2143 619 2217; x_wconf 76' lang='grc' dir='ltr'>ἆγίοις</span> <span class='ocrx_word' id='word_1_129' title='bbox 658 2143 751 2201; x_wconf 71' lang='grc' dir='ltr'><strong><em>διὰ</em></strong></span> <span class='ocrx_word' id='word_1_130' title='bbox 790 2149 1025 2213; x_wconf 83' lang='grc' dir='ltr'>πίστεως</span> <span class='ocrx_word' id='word_1_131' title='bbox 1063 2155 1097 2222; x_wconf 81' lang='grc' dir='ltr'>ἡ</span> <span class='ocrx_word' id='word_1_132' title='bbox 1143 2159 1356 2232; x_wconf 85' lang='grc' dir='ltr'>μετοχή</span> <span class='ocrx_word' id='word_1_133' title='bbox 1417 2143 1735 2236; x_wconf 31' lang='grc' dir='ltr'>τοῦ-ἁγίου</span> <span class='ocrx_word' id='word_1_134' title='bbox 1788 2166 1959 2221; x_wconf 75' lang='grc' dir='ltr'><strong><em>Πνεὺ-</em></strong></span> 
     </span>
    </p>
   </div>
   <div class='ocr_carea' id='block_1_27' title="bbox 454 2233 1953 2328">
    <p class='ocr_par' dir='ltr' id='par_1_27' title="bbox 454 2233 1953 2328">
     <span class='ocr_line' id='line_1_27' title="bbox 454 2233 1953 2328; baseline 0.017 -43"><span class='ocrx_word' id='word_1_135' title='bbox 454 2253 613 2303; x_wconf 85' lang='grc' dir='ltr'>ματος</span> <span class='ocrx_word' id='word_1_136' title='bbox 651 2233 888 2292; x_wconf 79' lang='grc' dir='ltr'>δίδοται·</span> <span class='ocrx_word' id='word_1_137' title='bbox 947 2239 1000 2295; x_wconf 79' lang='grc' dir='ltr'>ἐν</span> <span class='ocrx_word' id='word_1_138' title='bbox 1063 2242 1108 2314; x_wconf 85' lang='grc' dir='ltr'>ᾧ</span> <span class='ocrx_word' id='word_1_139' title='bbox 1163 2245 1231 2299; x_wconf 76' lang='grc' dir='ltr'><strong><em>τὰ</em></strong></span> <span class='ocrx_word' id='word_1_140' title='bbox 1285 2247 1411 2322; x_wconf 81' lang='grc' dir='ltr'>περὶ</span> <span class='ocrx_word' id='word_1_141' title='bbox 1470 2233 1810 2328; x_wconf 79' lang='grc' dir='ltr'>ὑποκρίσεως</span> <span class='ocrx_word' id='word_1_142' title='bbox 1862 2254 1953 2311; x_wconf 80' lang='grc' dir='ltr'>καὶ</span> 
     </span>
    </p>
   </div>
   <div class='ocr_carea' id='block_1_28' title="bbox 444 2319 1092 2402">
    <p class='ocr_par' dir='ltr' id='par_1_28' title="bbox 444 2319 1092 2402">
     <span class='ocr_line' id='line_1_28' title="bbox 444 2319 1092 2402; baseline 0.02 -29"><span class='ocrx_word' id='word_1_143' title='bbox 444 2319 788 2395; x_wconf 76' lang='grc' dir='ltr'>ἐπιπλήξεως</span> <span class='ocrx_word' id='word_1_144' title='bbox 821 2328 1092 2402; x_wconf 82' lang='grc' dir='ltr'>Σίμωνος.</span> 
     </span>
    </p>
   </div>
   <div class='ocr_carea' id='block_1_29' title="bbox 301 2407 1952 2501">
    <p class='ocr_par' dir='ltr' id='par_1_29' title="bbox 301 2407 1952 2501">
     <span class='ocr_line' id='line_1_29' title="bbox 301 2407 1952 2501; baseline 0.018 -41"><span class='ocrx_word' id='word_1_145' title='bbox 301 2407 386 2482; x_wconf 80' lang='grc' dir='ltr'>ιβ’.</span> <span class='ocrx_word' id='word_1_146' title='bbox 431 2412 553 2467; x_wconf 82' lang='grc' dir='ltr'><strong><em>Ὅτι</em></strong></span> <span class='ocrx_word' id='word_1_147' title='bbox 591 2419 710 2476; x_wconf 90' lang='grc' dir='ltr'>τοῖς</span> <span class='ocrx_word' id='word_1_148' title='bbox 770 2416 990 2492; x_wconf 85' lang='grc' dir='ltr'>ἀγαθοῖς</span> <span class='ocrx_word' id='word_1_149' title='bbox 1046 2419 1137 2474; x_wconf 84' lang='grc' dir='ltr'><strong><em>καὶ</em></strong></span> <span class='ocrx_word' id='word_1_150' title='bbox 1194 2429 1410 2488; x_wconf 84' lang='grc' dir='ltr'>πιστοῖς</span> <span class='ocrx_word' id='word_1_151' title='bbox 1472 2425 1656 2485; x_wconf 79' lang='grc' dir='ltr'>εὐοδοῖ</span> <span class='ocrx_word' id='word_1_152' title='bbox 1701 2433 1803 2501; x_wconf 78' lang='grc' dir='ltr'><strong><em>τήν</em></strong></span> <span class='ocrx_word' id='word_1_153' title='bbox 1842 2455 1952 2489; x_wconf 88' lang='grc' dir='ltr'>σω-</span> 
     </span>
    </p>
   </div>
   <div class='ocr_carea' id='block_1_30' title="bbox 434 2501 1948 2584">
    <p class='ocr_par' dir='ltr' id='par_1_30' title="bbox 434 2501 1948 2584">
     <span class='ocr_line' id='line_1_30' title="bbox 434 2501 1948 2584; baseline 0.018 -30"><span class='ocrx_word' id='word_1_154' title='bbox 434 2501 630 2576; x_wconf 74' lang='grc' dir='ltr'>τηρίαν</span> <span class='ocrx_word' id='word_1_155' title='bbox 672 2504 700 2558; x_wconf 88' lang='grc' dir='ltr'>ὁ</span> <span class='ocrx_word' id='word_1_156' title='bbox 755 2507 907 2573; x_wconf 83' lang='grc' dir='ltr'><strong><em>Θεὸς,</em></strong></span> <span class='ocrx_word' id='word_1_157' title='bbox 975 2504 1151 2584; x_wconf 74' lang='grc' dir='ltr'>δῆμον</span> <span class='ocrx_word' id='word_1_158' title='bbox 1221 2510 1281 2568; x_wconf 81' lang='grc' dir='ltr'>ἐκ</span> <span class='ocrx_word' id='word_1_159' title='bbox 1343 2521 1446 2584; x_wconf 86' lang='grc' dir='ltr'><strong><em>τῆς</em></strong></span> <span class='ocrx_word' id='word_1_160' title='bbox 1508 2519 1644 2575; x_wconf 80' lang='grc' dir='ltr'>κατᾶ</span> <span class='ocrx_word' id='word_1_161' title='bbox 1696 2522 1787 2577; x_wconf 85' lang='grc' dir='ltr'><strong><em>τὸν</em></strong></span> <span class='ocrx_word' id='word_1_162' title='bbox 1857 2524 1948 2580; x_wconf 79' lang='grc' dir='ltr'>εὑ-</span> 
     </span>
    </p>
   </div>
   <div class='ocr_carea' id='block_1_31' title="bbox 433 2590 1007 2667">
    <p class='ocr_par' dir='ltr' id='par_1_31' title="bbox 433 2590 1007 2667">
     <span class='ocr_line' id='line_1_31' title="bbox 433 2590 1007 2667; baseline 0.019 -24"><span class='ocrx_word' id='word_1_163' title='bbox 433 2590 636 2667; x_wconf 78' lang='grc' dir='ltr'>νοῦχον</span> <span class='ocrx_word' id='word_1_164' title='bbox 679 2594 1007 2660; x_wconf 71' lang='grc' dir='ltr'>ὑποθέσεως.</span> 
     </span>
    </p>
   </div>
   <div class='ocr_carea' id='block_1_32' title="bbox 285 2766 1940 2856">
    <p class='ocr_par' dir='ltr' id='par_1_32' title="bbox 285 2766 1940 2856">
     <span class='ocr_line' id='line_1_32' title="bbox 285 2766 1940 2856; baseline 0.017 -36"><span class='ocrx_word' id='word_1_165' title='bbox 285 2766 373 2841; x_wconf 67' lang='grc' dir='ltr'>ιγ’.</span> <span class='ocrx_word' id='word_1_166' title='bbox 418 2770 544 2844; x_wconf 79' lang='grc' dir='ltr'>Περὶ</span> <span class='ocrx_word' id='word_1_167' title='bbox 625 2775 724 2836; x_wconf 76' lang='grc' dir='ltr'>τῆς</span> <span class='ocrx_word' id='word_1_168' title='bbox 805 2773 1095 2850; x_wconf 81' lang='grc' dir='ltr'>οὑρανοθεν</span> <span class='ocrx_word' id='word_1_169' title='bbox 1171 2779 1314 2844; x_wconf 79' lang='grc' dir='ltr'>θείας</span> <span class='ocrx_word' id='word_1_170' title='bbox 1389 2783 1642 2856; x_wconf 89' lang='grc' dir='ltr'>κλήσεως</span> <span class='ocrx_word' id='word_1_171' title='bbox 1720 2791 1940 2848; x_wconf 87' lang='grc' dir='ltr'>Παυλου</span> 
     </span>
    </p>
   </div>
   <div class='ocr_carea' id='block_1_33' title="bbox 427 2857 1939 2952">
    <p class='ocr_par' dir='ltr' id='par_1_33' title="bbox 427 2857 1939 2952">
     <span class='ocr_line' id='line_1_33' title="bbox 427 2857 1939 2952; baseline 0.017 -39"><span class='ocrx_word' id='word_1_172' title='bbox 427 2857 502 2920; x_wconf 68' lang='grc' dir='ltr'>εἷς</span> <span class='ocrx_word' id='word_1_173' title='bbox 542 2860 857 2932; x_wconf 73' lang='grc' dir='ltr'>ἀποστολὴν</span> <span class='ocrx_word' id='word_1_174' title='bbox 929 2865 1186 2938; x_wconf 86' lang='grc' dir='ltr'>Χριστοῦ.</span> <span class='ocrx_word' id='word_1_175' title='bbox 1264 2873 1352 2926; x_wconf 86' lang='grc' dir='ltr'>Ἐν</span> <span class='ocrx_word' id='word_1_176' title='bbox 1430 2874 1476 2946; x_wconf 81' lang='grc' dir='ltr'>ᾧ</span> <span class='ocrx_word' id='word_1_177' title='bbox 1541 2878 1666 2952; x_wconf 76' lang='grc' dir='ltr'>περὶ</span> <span class='ocrx_word' id='word_1_178' title='bbox 1744 2878 1939 2945; x_wconf 76' lang='grc' dir='ltr'>ἰάσεως</span> 
     </span>
    </p>
   </div>
   <div class='ocr_carea' id='block_1_34' title="bbox 422 2949 1936 3026">
    <p class='ocr_par' dir='ltr' id='par_1_34' title="bbox 422 2949 1936 3026">
     <span class='ocr_line' id='line_1_34' title="bbox 422 2949 1936 3026; baseline 0.017 -25"><span class='ocrx_word' id='word_1_179' title='bbox 422 2949 512 3002; x_wconf 80' lang='grc' dir='ltr'><strong><em>καὶ</em></strong></span> <span class='ocrx_word' id='word_1_180' title='bbox 557 2950 934 3026; x_wconf 81' lang='grc' dir='ltr'>βαπτίσματος</span> <span class='ocrx_word' id='word_1_181' title='bbox 1009 2956 1232 3013; x_wconf 75' lang='grc' dir='ltr'>Παύλου</span> <span class='ocrx_word' id='word_1_182' title='bbox 1322 2958 1411 3017; x_wconf 76' lang='grc' dir='ltr'><strong><em>δια</em></strong></span> <span class='ocrx_word' id='word_1_183' title='bbox 1485 2965 1733 3022; x_wconf 82' lang='grc' dir='ltr'>Ἀνανίου</span> <span class='ocrx_word' id='word_1_184' title='bbox 1798 2972 1936 3026; x_wconf 74' lang='grc' dir='ltr'>κατὰ</span> 
     </span>
    </p>
   </div>
   <div class='ocr_carea' id='block_1_35' title="bbox 424 3034 1931 3124">
    <p class='ocr_par' dir='ltr' id='par_1_35' title="bbox 424 3034 1931 3124">
     <span class='ocr_line' id='line_1_35' title="bbox 424 3034 1931 3124; baseline 0.015 -33"><span class='ocrx_word' id='word_1_185' title='bbox 424 3034 768 3114; x_wconf 69' lang='grc' dir='ltr'>ἀποκάλυψιν</span> <span class='ocrx_word' id='word_1_186' title='bbox 845 3047 1000 3113; x_wconf 79' lang='grc' dir='ltr'>Θεοῦ,</span> <span class='ocrx_word' id='word_1_187' title='bbox 1066 3047 1377 3124; x_wconf 70' lang='grc' dir='ltr'>παρρησίας</span> <span class='ocrx_word' id='word_1_188' title='bbox 1449 3073 1508 3108; x_wconf 86' lang='grc' dir='ltr'><strong><em>τε</em></strong></span> <span class='ocrx_word' id='word_1_189' title='bbox 1580 3055 1748 3113; x_wconf 82' lang='grc' dir='ltr'>αὑτοῦ</span> <span class='ocrx_word' id='word_1_190' title='bbox 1806 3079 1931 3114; x_wconf 90' lang='grc' dir='ltr'>συν-</span> 
     </span>
    </p>
   </div>
   <div class='ocr_carea' id='block_1_36' title="bbox 421 3127 1928 3216">
    <p class='ocr_par' dir='ltr' id='par_1_36' title="bbox 421 3127 1928 3216">
     <span class='ocr_line' id='line_1_36' title="bbox 421 3127 1928 3216; baseline 0.016 -36"><span class='ocrx_word' id='word_1_191' title='bbox 421 3127 616 3202; x_wconf 81' lang='grc' dir='ltr'>τυχίας</span> <span class='ocrx_word' id='word_1_192' title='bbox 671 3133 774 3196; x_wconf 81' lang='grc' dir='ltr'><strong><em>τῆς</em></strong></span> <span class='ocrx_word' id='word_1_193' title='bbox 832 3128 920 3187; x_wconf 83' lang='grc' dir='ltr'><strong><em>διὰ</em></strong></span> <span class='ocrx_word' id='word_1_194' title='bbox 996 3132 1244 3212; x_wconf 75' lang='grc' dir='ltr'>Βαρνάϐα</span> <span class='ocrx_word' id='word_1_195' title='bbox 1307 3140 1447 3216; x_wconf 85' lang='grc' dir='ltr'>πρὸς</span> <span class='ocrx_word' id='word_1_196' title='bbox 1502 3143 1628 3207; x_wconf 86' lang='grc' dir='ltr'>τοὸς</span> <span class='ocrx_word' id='word_1_197' title='bbox 1691 3147 1928 3203; x_wconf 79' lang='grc' dir='ltr'>ἀποστό-</span> 
     </span>
    </p>
   </div>
   <div class='ocr_carea' id='block_1_37' title="bbox 420 3213 573 3279">
    <p class='ocr_par' dir='ltr' id='par_1_37' title="bbox 420 3213 573 3279">
     <span class='ocr_line' id='line_1_37' title="bbox 420 3213 573 3279; baseline 0.02 -7"><span class='ocrx_word' id='word_1_198' title='bbox 420 3213 573 3279; x_wconf 85' lang='grc' dir='ltr'>λους.</span> 
     </span>
    </p>
   </div>
   <div class='ocr_carea' id='block_1_38' title="bbox 267 3300 1921 3402">
    <p class='ocr_par' dir='ltr' id='par_1_38' title="bbox 267 3300 1921 3402">
     <span class='ocr_line' id='line_1_38' title="bbox 267 3300 1921 3402; baseline 0.015 -45"><span class='ocrx_word' id='word_1_199' title='bbox 267 3300 357 3361; x_wconf 70' lang='grc' dir='ltr'>ιδ’.</span> <span class='ocrx_word' id='word_1_200' title='bbox 411 3306 544 3379; x_wconf 61' lang='lat' dir='ltr'><strong><em>Hegi</em></strong></span> <span class='ocrx_word' id='word_1_201' title='bbox 617 3309 780 3365; x_wconf 66' lang='grc' dir='ltr'>Αἰνέα</span> <span class='ocrx_word' id='word_1_202' title='bbox 851 3311 1227 3387; x_wconf 86' lang='grc' dir='ltr'>παραλυτικοῦ</span> <span class='ocrx_word' id='word_1_203' title='bbox 1297 3316 1538 3384; x_wconf 72' lang='grc' dir='ltr'>ἶαθὲντος</span> <span class='ocrx_word' id='word_1_204' title='bbox 1610 3321 1662 3377; x_wconf 71' lang='grc' dir='ltr'>ἰν</span> <span class='ocrx_word' id='word_1_205' title='bbox 1732 3323 1921 3402; x_wconf 72' lang='grc' dir='ltr'>Λὺδδῃ</span> 
     </span>
    </p>
   </div>
   <div class='ocr_carea' id='block_1_39' title="bbox 416 3392 1924 3494">
    <p class='ocr_par' dir='ltr' id='par_1_39' title="bbox 416 3392 1924 3494">
     <span class='ocr_line' id='line_1_39' title="bbox 416 3392 1924 3494; baseline 0.015 -44"><span class='ocrx_word' id='word_1_206' title='bbox 416 3392 504 3451; x_wconf 73' lang='grc' dir='ltr'><strong><em>διὰ</em></strong></span> <span class='ocrx_word' id='word_1_207' title='bbox 547 3396 773 3474; x_wconf 70' lang='grc' dir='ltr'>Πέτρου·</span> <span class='ocrx_word' id='word_1_208' title='bbox 835 3400 885 3457; x_wconf 65' lang='grc' dir='ltr'>ἂν</span> <span class='ocrx_word' id='word_1_209' title='bbox 949 3403 994 3476; x_wconf 83' lang='grc' dir='ltr'>ᾧ</span> <span class='ocrx_word' id='word_1_210' title='bbox 1051 3405 1118 3461; x_wconf 81' lang='grc' dir='ltr'><strong><em>τὰ</em></strong></span> <span class='ocrx_word' id='word_1_211' title='bbox 1181 3407 1304 3484; x_wconf 85' lang='grc' dir='ltr'>περὶ</span> <span class='ocrx_word' id='word_1_212' title='bbox 1358 3405 1583 3482; x_wconf 80' lang='grc' dir='ltr'>Ταϐηθὰ</span> <span class='ocrx_word' id='word_1_213' title='bbox 1621 3420 1723 3479; x_wconf 68' lang='grc' dir='ltr'>τῆς</span> <span class='ocrx_word' id='word_1_214' title='bbox 1763 3392 1924 3494; x_wconf 64' lang='grc' dir='ltr'><strong><em>φιλοζ</em></strong></span> 
     </span>
    </p>
   </div>
   <div class='ocr_carea' id='block_1_40' title="bbox 416 3488 1924 3578">
    <p class='ocr_par' dir='ltr' id='par_1_40' title="bbox 416 3488 1924 3578">
     <span class='ocr_line' id='line_1_40' title="bbox 416 3488 1924 3578; baseline 0.011 -35"><span class='ocrx_word' id='word_1_215' title='bbox 416 3488 621 3561; x_wconf 83' lang='grc' dir='ltr'>χήρου,</span> <span class='ocrx_word' id='word_1_216' title='bbox 696 3490 915 3566; x_wconf 71' lang='grc' dir='ltr'>ἤγειρεν</span> <span class='ocrx_word' id='word_1_217' title='bbox 1009 3493 1069 3549; x_wconf 72' lang='lat' dir='ltr'><strong><em>lx</em></strong></span> <span class='ocrx_word' id='word_1_218' title='bbox 1158 3502 1364 3573; x_wconf 82' lang='grc' dir='ltr'>νεκρῶν</span> <span class='ocrx_word' id='word_1_219' title='bbox 1451 3500 1480 3555; x_wconf 87' lang='lat'><strong><em>6</em></strong></span> <span class='ocrx_word' id='word_1_220' title='bbox 1555 3488 1786 3578; x_wconf 48' lang='grc' dir='ltr'>Πέτρος</span> <span class='ocrx_word' id='word_1_221' title='bbox 1834 3503 1924 3561; x_wconf 80' lang='grc' dir='ltr'>διὰ</span> 
     </span>
    </p>
   </div>
   <div class='ocr_carea' id='block_1_41' title="bbox 414 3577 1085 3659">
    <p class='ocr_par' dir='ltr' id='par_1_41' title="bbox 414 3577 1085 3659">
     <span class='ocr_line' id='line_1_41' title="bbox 414 3577 1085 3659; baseline 0.015 -29"><span class='ocrx_word' id='word_1_222' title='bbox 414 3585 732 3654; x_wconf 76' lang='grc' dir='ltr'>προσευχῆς</span> <span class='ocrx_word' id='word_1_223' title='bbox 767 3577 820 3634; x_wconf 79' lang='grc' dir='ltr'>ἐν</span> <span class='ocrx_word' id='word_1_224' title='bbox 858 3581 1085 3659; x_wconf 76' lang='grc' dir='ltr'>Ἰώππῃ.</span> 
     </span>
    </p>
   </div>
   <div class='ocr_carea' id='block_1_42' title="bbox 267 3663 1920 3761">
    <p class='ocr_par' dir='ltr' id='par_1_42' title="bbox 267 3663 1920 3761">
     <span class='ocr_line' id='line_1_42' title="bbox 267 3663 1920 3761; baseline 0.016 -44"><span class='ocrx_word' id='word_1_225' title='bbox 267 3663 342 3719; x_wconf 77' lang='grc' dir='ltr'>ιε’.</span> <span class='ocrx_word' id='word_1_226' title='bbox 416 3666 544 3740; x_wconf 76' lang='grc' dir='ltr'>Περὶ</span> <span class='ocrx_word' id='word_1_227' title='bbox 602 3669 936 3743; x_wconf 81' lang='grc' dir='ltr'>Κορνηλίου,</span> <span class='ocrx_word' id='word_1_228' title='bbox 1005 3674 1103 3729; x_wconf 78' lang='grc' dir='ltr'><strong><em>ὅσα</em></strong></span> <span class='ocrx_word' id='word_1_229' title='bbox 1156 3695 1216 3731; x_wconf 85' lang='grc' dir='ltr'><strong><em>τε</em></strong></span> <span class='ocrx_word' id='word_1_230' title='bbox 1277 3677 1413 3752; x_wconf 87' lang='grc' dir='ltr'>πρὸς</span> <span class='ocrx_word' id='word_1_231' title='bbox 1475 3679 1634 3736; x_wconf 77' lang='grc' dir='ltr'>αὑτὸν</span> <span class='ocrx_word' id='word_1_232' title='bbox 1677 3683 1706 3737; x_wconf 91' lang='lat'><strong><em>6</em></strong></span> <span class='ocrx_word' id='word_1_233' title='bbox 1762 3682 1920 3761; x_wconf 78' lang='grc' dir='ltr'>ἄγγε-</span> 
     </span>
    </p>
   </div>
   <div class='ocr_carea' id='block_1_43' title="bbox 408 3751 1917 3847">
    <p class='ocr_par' dir='ltr' id='par_1_43' title="bbox 408 3751 1917 3847">
     <span class='ocr_line' id='line_1_43' title="bbox 408 3751 1917 3847; baseline 0.015 -39"><span class='ocrx_word' id='word_1_234' title='bbox 408 3751 513 3818; x_wconf 86' lang='grc' dir='ltr'><strong><em>λος</em></strong></span> <span class='ocrx_word' id='word_1_235' title='bbox 577 3757 711 3828; x_wconf 68' lang='grc' dir='ltr'>εἶπε,</span> <span class='ocrx_word' id='word_1_236' title='bbox 775 3760 865 3814; x_wconf 86' lang='grc' dir='ltr'><strong><em>καὶ</em></strong></span> <span class='ocrx_word' id='word_1_237' title='bbox 940 3761 1040 3817; x_wconf 79' lang='grc' dir='ltr'><strong><em>ὅσα</em></strong></span> <span class='ocrx_word' id='word_1_238' title='bbox 1114 3763 1280 3820; x_wconf 70' lang='grc' dir='ltr'>πάλιν</span> <span class='ocrx_word' id='word_1_239' title='bbox 1324 3751 1544 3842; x_wconf 11' lang='grc' dir='ltr'><strong><em>νΙΙέτρῳ</em></strong></span> <span class='ocrx_word' id='word_1_240' title='bbox 1629 3751 1917 3847; x_wconf 75' lang='grc' dir='ltr'>οὐρανόθεν</span> 
     </span>
    </p>
   </div>
   <div class='ocr_carea' id='block_1_44' title="bbox 407 3845 1917 3936">
    <p class='ocr_par' dir='ltr' id='par_1_44' title="bbox 407 3845 1917 3936">
     <span class='ocr_line' id='line_1_44' title="bbox 407 3845 1917 3936; baseline 0.015 -38"><span class='ocrx_word' id='word_1_241' title='bbox 407 3846 538 3920; x_wconf 71' lang='grc' dir='ltr'>περὶ</span> <span class='ocrx_word' id='word_1_242' title='bbox 602 3845 853 3919; x_wconf 88' lang='grc' dir='ltr'>κλήσεως</span> <span class='ocrx_word' id='word_1_243' title='bbox 922 3848 1084 3915; x_wconf 75' lang='grc' dir='ltr'>ἑθνῶν</span> <span class='ocrx_word' id='word_1_244' title='bbox 1151 3852 1367 3930; x_wconf 69' lang='grc' dir='ltr'>ἰρῥεθη.</span> <span class='ocrx_word' id='word_1_245' title='bbox 1411 3858 1496 3914; x_wconf 86' lang='grc' dir='ltr'>Ἐν</span> <span class='ocrx_word' id='word_1_246' title='bbox 1533 3859 1580 3932; x_wconf 82' lang='grc' dir='ltr'>ᾧ</span> <span class='ocrx_word' id='word_1_247' title='bbox 1619 3845 1704 3918; x_wconf 83' lang='grc' dir='ltr'>δτι</span> <span class='ocrx_word' id='word_1_248' title='bbox 1747 3885 1917 3936; x_wconf 84' lang='grc' dir='ltr'>μετα-</span> 
     </span>
    </p>
   </div>
   <div class='ocr_carea' id='block_1_45' title="bbox 402 3935 1919 4020">
    <p class='ocr_par' dir='ltr' id='par_1_45' title="bbox 402 3935 1919 4020">
     <span class='ocr_line' id='line_1_45' title="bbox 402 3935 1919 4020; baseline 0.016 -32"><span class='ocrx_word' id='word_1_249' title='bbox 402 3935 625 3997; x_wconf 74' lang='grc' dir='ltr'>σταλεές</span> <span class='ocrx_word' id='word_1_250' title='bbox 657 3938 684 3991; x_wconf 86' lang='grc' dir='ltr'>ὁ</span> <span class='ocrx_word' id='word_1_251' title='bbox 729 3939 932 4014; x_wconf 77' lang='grc' dir='ltr'>Ηὲτρος</span> <span class='ocrx_word' id='word_1_252' title='bbox 989 3939 1137 4014; x_wconf 84' lang='grc' dir='ltr'>ἧλοη</span> <span class='ocrx_word' id='word_1_253' title='bbox 1191 3945 1327 4020; x_wconf 82' lang='grc' dir='ltr'>πρὸς</span> <span class='ocrx_word' id='word_1_254' title='bbox 1379 3949 1709 4020; x_wconf 79' lang='grc' dir='ltr'>Κορνήλιον.</span> <span class='ocrx_word' id='word_1_255' title='bbox 1753 3956 1919 4010; x_wconf 79' lang='grc' dir='ltr'>Ἐπα-</span> 
     </span>
    </p>
   </div>
   <div class='ocr_carea' id='block_1_46' title="bbox 395 4022 1914 4119">
    <p class='ocr_par' dir='ltr' id='par_1_46' title="bbox 395 4022 1914 4119">
     <span class='ocr_line' id='line_1_46' title="bbox 395 4022 1914 4119; baseline 0.014 -41"><span class='ocrx_word' id='word_1_256' title='bbox 395 4022 639 4098; x_wconf 72' lang='grc' dir='ltr'>ναλήψις</span> <span class='ocrx_word' id='word_1_257' title='bbox 680 4029 826 4101; x_wconf 72' lang='grc' dir='ltr'>παρὰ</span> <span class='ocrx_word' id='word_1_258' title='bbox 887 4034 987 4084; x_wconf 86' lang='grc' dir='ltr'><strong><em>τοῦ</em></strong></span> <span class='ocrx_word' id='word_1_259' title='bbox 1047 4032 1382 4107; x_wconf 78' lang='grc' dir='ltr'>Κορνηλίου,</span> <span class='ocrx_word' id='word_1_260' title='bbox 1439 4037 1514 4092; x_wconf 84' lang='grc' dir='ltr'>ὧν</span> <span class='ocrx_word' id='word_1_261' title='bbox 1580 4039 1608 4093; x_wconf 89' lang='lat'><strong><em>6</em></strong></span> <span class='ocrx_word' id='word_1_262' title='bbox 1676 4040 1914 4119; x_wconf 76' lang='grc' dir='ltr'>ἅγγελος</span> 
     </span>
    </p>
   </div>
   <div class='ocr_carea' id='block_1_47' title="bbox 396 4111 1912 4210">
    <p class='ocr_par' dir='ltr' id='par_1_47' title="bbox 396 4111 1912 4210">
     <span class='ocr_line' id='line_1_47' title="bbox 396 4111 1912 4210; baseline 0.014 -41"><span class='ocrx_word' id='word_1_263' title='bbox 396 4111 816 4191; x_wconf 71' lang='grc' dir='ltr'>ἓπεμαρτὺρησε</span> <span class='ocrx_word' id='word_1_264' title='bbox 877 4120 968 4175; x_wconf 86' lang='grc' dir='ltr'><strong><em>καὶ</em></strong></span> <span class='ocrx_word' id='word_1_265' title='bbox 1047 4121 1368 4200; x_wconf 75' lang='grc' dir='ltr'>ὑφηγήσατο</span> <span class='ocrx_word' id='word_1_266' title='bbox 1449 4127 1598 4202; x_wconf 76' lang='grc' dir='ltr'><strong><em>αὑτῷ</em></strong></span> <span class='ocrx_word' id='word_1_267' title='bbox 1702 4111 1912 4210; x_wconf 58' lang='lat' dir='ltr'><strong><em>K6977;-</em></strong></span> 
     </span>
    </p>
   </div>
   <div class='ocr_carea' id='block_1_48' title="bbox 392 4203 1913 4292">
    <p class='ocr_par' dir='ltr' id='par_1_48' title="bbox 392 4203 1913 4292">
     <span class='ocr_line' id='line_1_48' title="bbox 392 4203 1913 4292; baseline 0.015 -34"><span class='ocrx_word' id='word_1_268' title='bbox 392 4203 529 4276; x_wconf 83' lang='grc' dir='ltr'>λίφ.</span> <span class='ocrx_word' id='word_1_269' title='bbox 600 4203 802 4280; x_wconf 67' lang='grc' dir='ltr'>Πέτρου</span> <span class='ocrx_word' id='word_1_270' title='bbox 868 4211 1177 4287; x_wconf 77' lang='grc' dir='ltr'>κατήχησις</span> <span class='ocrx_word' id='word_1_271' title='bbox 1254 4213 1332 4277; x_wconf 81' lang='grc' dir='ltr'><strong><em>είς</em></strong></span> <span class='ocrx_word' id='word_1_272' title='bbox 1397 4216 1626 4292; x_wconf 83' lang='grc' dir='ltr'>Χριστὸν</span> <span class='ocrx_word' id='word_1_273' title='bbox 1693 4203 1913 4281; x_wconf 30' lang='grc' dir='ltr'>τοῦυτε</span> 
     </span>
    </p>
   </div>
   <div class='ocr_carea' id='block_1_49' title="bbox 392 4292 1912 4375">
    <p class='ocr_par' dir='ltr' id='par_1_49' title="bbox 392 4292 1912 4375">
     <span class='ocr_line' id='line_1_49' title="bbox 392 4292 1912 4375; baseline 0.016 -28"><span class='ocrx_word' id='word_1_274' title='bbox 392 4292 567 4369; x_wconf 77' lang='grc' dir='ltr'>ἁγίου</span> <span class='ocrx_word' id='word_1_275' title='bbox 639 4296 957 4370; x_wconf 73' lang='grc' dir='ltr'>Πνεῦματος</span> <span class='ocrx_word' id='word_1_276' title='bbox 1053 4299 1142 4357; x_wconf 80' lang='grc' dir='ltr'>ἐπὶ</span> <span class='ocrx_word' id='word_1_277' title='bbox 1232 4304 1361 4369; x_wconf 71' lang='grc' dir='ltr'>τοὺς</span> <span class='ocrx_word' id='word_1_278' title='bbox 1435 4307 1730 4375; x_wconf 55' lang='lat' dir='ltr'><strong><em>duo-30v“:</em></strong></span> <span class='ocrx_word' id='word_1_279' title='bbox 1803 4310 1912 4370; x_wconf 83' lang='grc' dir='ltr'><strong><em>δω-</em></strong></span> 
     </span>
    </p>
   </div>
   <div class='ocr_carea' id='block_1_50' title="bbox 387 4383 1910 4471">
    <p class='ocr_par' dir='ltr' id='par_1_50' title="bbox 387 4383 1910 4471">
     <span class='ocr_line' id='line_1_50' title="bbox 387 4383 1910 4471; baseline 0.015 -35"><span class='ocrx_word' id='word_1_280' title='bbox 387 4383 515 4460; x_wconf 68' lang='grc' dir='ltr'><strong><em>ρεάυ</em></strong></span> <span class='ocrx_word' id='word_1_281' title='bbox 595 4386 681 4440; x_wconf 83' lang='grc' dir='ltr'><strong><em>καὶ</em></strong></span> <span class='ocrx_word' id='word_1_282' title='bbox 762 4386 913 4452; x_wconf 78' lang='grc' dir='ltr'>ὅπως</span> <span class='ocrx_word' id='word_1_283' title='bbox 1007 4385 1411 4465; x_wconf 69' lang='grc' dir='ltr'>ἐϐαπτίσθησαν</span> <span class='ocrx_word' id='word_1_284' title='bbox 1485 4398 1538 4454; x_wconf 75' lang='grc' dir='ltr'>οἱ</span> <span class='ocrx_word' id='word_1_285' title='bbox 1612 4397 1664 4471; x_wconf 67' lang='grc' dir='ltr'><strong><em>ἐξ</em></strong></span> <span class='ocrx_word' id='word_1_286' title='bbox 1739 4399 1910 4466; x_wconf 70' lang='grc' dir='ltr'>ἐθνῶν</span> 
     </span>
    </p>
   </div>
   <div class='ocr_carea' id='block_1_51' title="bbox 387 4493 799 4542">
    <p class='ocr_par' dir='ltr' id='par_1_51' title="bbox 387 4493 799 4542">
     <span class='ocr_line' id='line_1_51' title="bbox 387 4493 799 4542; baseline 0.012 -13"><span class='ocrx_word' id='word_1_287' title='bbox 387 4493 799 4542; x_wconf 83' lang='grc' dir='ltr'>πιστευσαντες.</span> 
     </span>
    </p>
   </div>
   <div class='ocr_carea' id='block_1_52' title="bbox 231 4563 1904 4644">
    <p class='ocr_par' dir='ltr' id='par_1_52' title="bbox 231 4563 1904 4644">
     <span class='ocr_line' id='line_1_52' title="bbox 231 4563 1904 4644; baseline 0.015 -28"><span class='ocrx_word' id='word_1_288' title='bbox 231 4572 316 4628; x_wconf 76' lang='grc' dir='ltr'>ις’.</span> <span class='ocrx_word' id='word_1_289' title='bbox 387 4563 489 4626; x_wconf 82' lang='grc' dir='ltr'>Ὠς</span> <span class='ocrx_word' id='word_1_290' title='bbox 573 4565 773 4642; x_wconf 71' lang='grc' dir='ltr'>Πέτρος</span> <span class='ocrx_word' id='word_1_291' title='bbox 844 4570 912 4626; x_wconf 76' lang='grc' dir='ltr'><strong><em>τὰ</em></strong></span> <span class='ocrx_word' id='word_1_292' title='bbox 985 4573 1211 4644; x_wconf 80' lang='grc' dir='ltr'>καθεξῆς</span> <span class='ocrx_word' id='word_1_293' title='bbox 1283 4577 1373 4632; x_wconf 79' lang='grc' dir='ltr'><strong><em>καὶ</em></strong></span> <span class='ocrx_word' id='word_1_294' title='bbox 1429 4578 1498 4635; x_wconf 69' lang='grc' dir='ltr'>τὰ</span> <span class='ocrx_word' id='word_1_295' title='bbox 1551 4577 1752 4639; x_wconf 77' lang='grc' dir='ltr'>ἓκαστα</span> <span class='ocrx_word' id='word_1_296' title='bbox 1798 4587 1904 4641; x_wconf 85' lang='grc' dir='ltr'><strong><em>τῶν</em></strong></span> 
     </span>
    </p>
   </div>
   <div class='ocr_carea' id='block_1_53' title="bbox 378 4655 1904 4752">
    <p class='ocr_par' dir='ltr' id='par_1_53' title="bbox 378 4655 1904 4752">
     <span class='ocr_line' id='line_1_53' title="bbox 378 4655 1904 4752; baseline 0.016 -44"><span class='ocrx_word' id='word_1_297' title='bbox 378 4655 699 4732; x_wconf 82' lang='grc' dir='ltr'>γεγονότων</span> <span class='ocrx_word' id='word_1_298' title='bbox 779 4655 1050 4738; x_wconf 83' lang='grc' dir='ltr'>διηγεῖται</span> <span class='ocrx_word' id='word_1_299' title='bbox 1110 4671 1227 4730; x_wconf 86' lang='grc' dir='ltr'>τοῖς</span> <span class='ocrx_word' id='word_1_300' title='bbox 1303 4666 1636 4734; x_wconf 79' lang='grc' dir='ltr'>ἀποστόλοις</span> <span class='ocrx_word' id='word_1_301' title='bbox 1693 4671 1904 4752; x_wconf 66' lang='grc' dir='ltr'>διακρι-</span> 
     </span>
    </p>
   </div>
   <div class='ocr_carea' id='block_1_54' title="bbox 377 4749 1903 4838">
    <p class='ocr_par' dir='ltr' id='par_1_54' title="bbox 377 4749 1903 4838">
     <span class='ocr_line' id='line_1_54' title="bbox 377 4749 1903 4838; baseline 0.016 -41"><span class='ocrx_word' id='word_1_302' title='bbox 377 4751 534 4810; x_wconf 76' lang='grc' dir='ltr'>θεῖσι</span> <span class='ocrx_word' id='word_1_303' title='bbox 608 4749 746 4823; x_wconf 82' lang='grc' dir='ltr'>πρὸς</span> <span class='ocrx_word' id='word_1_304' title='bbox 816 4750 977 4806; x_wconf 81' lang='grc' dir='ltr'>αὑτὸν</span> <span class='ocrx_word' id='word_1_305' title='bbox 1065 4755 1129 4809; x_wconf 86' lang='grc' dir='ltr'>τὸ</span> <span class='ocrx_word' id='word_1_306' title='bbox 1199 4755 1459 4826; x_wconf 79' lang='grc' dir='ltr'>τηνίκαδε</span> <span class='ocrx_word' id='word_1_307' title='bbox 1531 4762 1624 4816; x_wconf 82' lang='grc' dir='ltr'><strong><em>τὸν</em></strong></span> <span class='ocrx_word' id='word_1_308' title='bbox 1699 4766 1903 4838; x_wconf 75' lang='grc' dir='ltr'>Βαρνά-</span> 
     </span>
    </p>
   </div>
   <div class='ocr_carea' id='block_1_55' title="bbox 375 4829 1902 4930">
    <p class='ocr_par' dir='ltr' id='par_1_55' title="bbox 375 4829 1902 4930">
     <span class='ocr_line' id='line_1_55' title="bbox 375 4829 1902 4930; baseline 0.016 -43"><span class='ocrx_word' id='word_1_309' title='bbox 375 4829 492 4890; x_wconf 79' lang='grc' dir='ltr'><strong><em>ϐαν</em></strong></span> <span class='ocrx_word' id='word_1_310' title='bbox 586 4834 894 4914; x_wconf 73' lang='grc' dir='ltr'>ἐκπέμψασι</span> <span class='ocrx_word' id='word_1_311' title='bbox 986 4843 1122 4917; x_wconf 86' lang='grc' dir='ltr'>πρὸς</span> <span class='ocrx_word' id='word_1_312' title='bbox 1210 4845 1339 4910; x_wconf 83' lang='grc' dir='ltr'>τοὺς</span> <span class='ocrx_word' id='word_1_313' title='bbox 1417 4846 1490 4920; x_wconf 15' lang='grc' dir='ltr'>,ἐν</span> <span class='ocrx_word' id='word_1_314' title='bbox 1588 4829 1902 4930; x_wconf 38' lang='grc' dir='ltr'>Ἀντιοχείᾳ</span> 
     </span>
    </p>
   </div>
   <div class='ocr_carea' id='block_1_56' title="bbox 370 4925 690 5004">
    <p class='ocr_par' dir='ltr' id='par_1_56' title="bbox 370 4925 690 5004">
     <span class='ocr_line' id='line_1_56' title="bbox 370 4925 690 5004; baseline 0.003 -22"><span class='ocrx_word' id='word_1_315' title='bbox 370 4925 690 5004; x_wconf 64' lang='grc' dir='ltr'>ἀδελφούς.</span> 
     </span>
    </p>
   </div>
   <div class='ocr_carea' id='block_1_57' title="bbox 228 5017 1898 5111">
    <p class='ocr_par' dir='ltr' id='par_1_57' title="bbox 228 5017 1898 5111">
     <span class='ocr_line' id='line_1_57' title="bbox 228 5017 1898 5111; baseline 0.016 -43"><span class='ocrx_word' id='word_1_316' title='bbox 228 5019 304 5088; x_wconf 76' lang='grc' dir='ltr'>ιζ’,</span> <span class='ocrx_word' id='word_1_317' title='bbox 365 5018 697 5094; x_wconf 58' lang='grc' dir='ltr'>ΙΙρορητεία</span> <span class='ocrx_word' id='word_1_318' title='bbox 761 5017 1004 5098; x_wconf 73' lang='grc' dir='ltr'>Ἀγαϐου</span> <span class='ocrx_word' id='word_1_319' title='bbox 1059 5027 1183 5096; x_wconf 63' lang='grc' dir='ltr'>περὶ</span> <span class='ocrx_word' id='word_1_320' title='bbox 1253 5027 1427 5102; x_wconf 74' lang='grc' dir='ltr'>λιμοῦ</span> <span class='ocrx_word' id='word_1_321' title='bbox 1494 5031 1898 5111; x_wconf 65' lang='grc' dir='ltr'>οῗκουμενικοῦ,</span> 
     </span>
    </p>
   </div>
   <div class='ocr_carea' id='block_1_58' title="bbox 363 5106 1900 5198">
    <p class='ocr_par' dir='ltr' id='par_1_58' title="bbox 363 5106 1900 5198">
     <span class='ocr_line' id='line_1_58' title="bbox 363 5106 1900 5198; baseline 0.016 -37"><span class='ocrx_word' id='word_1_322' title='bbox 363 5106 473 5161; x_wconf 77' lang='grc' dir='ltr'>καὶ</span> <span class='ocrx_word' id='word_1_323' title='bbox 515 5111 862 5186; x_wconf 68' lang='grc' dir='ltr'>καρποφορία</span> <span class='ocrx_word' id='word_1_324' title='bbox 900 5115 1035 5188; x_wconf 85' lang='grc' dir='ltr'>πρὸς</span> <span class='ocrx_word' id='word_1_325' title='bbox 1073 5117 1203 5180; x_wconf 75' lang='grc' dir='ltr'>τοὺς</span> <span class='ocrx_word' id='word_1_326' title='bbox 1264 5122 1316 5174; x_wconf 82' lang='grc' dir='ltr'>ἐν</span> <span class='ocrx_word' id='word_1_327' title='bbox 1371 5122 1682 5198; x_wconf 58' lang='grc' dir='ltr'>Ἀντιοχείᾳ</span> <span class='ocrx_word' id='word_1_328' title='bbox 1732 5125 1900 5184; x_wconf 77' lang='grc' dir='ltr'><strong><em>ἀδελ⁴</em></strong></span> 
     </span>
    </p>
   </div>
   <div class='ocr_carea' id='block_1_59' title="bbox 366 5195 538 5278">
    <p class='ocr_par' dir='ltr' id='par_1_59' title="bbox 366 5195 538 5278">
     <span class='ocr_line' id='line_1_59' title="bbox 366 5195 538 5278; baseline 0.017 -29"><span class='ocrx_word' id='word_1_329' title='bbox 366 5195 538 5278; x_wconf 53' lang='lat' dir='ltr'><strong><em>tim-3;.</em></strong></span> 
     </span>
    </p>
   </div>
   <div class='ocr_carea' id='block_1_60' title="bbox 221 5280 1895 5382">
    <p class='ocr_par' dir='ltr' id='par_1_60' title="bbox 221 5280 1895 5382">
     <span class='ocr_line' id='line_1_60' title="bbox 221 5280 1895 5382; baseline 0.015 -43"><span class='ocrx_word' id='word_1_330' title='bbox 221 5287 307 5357; x_wconf 70' lang='grc' dir='ltr'>ιη’.</span> <span class='ocrx_word' id='word_1_331' title='bbox 369 5280 656 5342; x_wconf 73' lang='grc' dir='ltr'>Ἰακώϐου</span> <span class='ocrx_word' id='word_1_332' title='bbox 730 5294 824 5344; x_wconf 84' lang='grc' dir='ltr'><strong><em>τοῦ</em></strong></span> <span class='ocrx_word' id='word_1_333' title='bbox 899 5291 1214 5352; x_wconf 78' lang='grc' dir='ltr'>ἀποστόλου</span> <span class='ocrx_word' id='word_1_334' title='bbox 1314 5305 1654 5377; x_wconf 78' lang='grc' dir='ltr'>κατασφαγῆ,</span> <span class='ocrx_word' id='word_1_335' title='bbox 1727 5305 1776 5362; x_wconf 79' lang='grc' dir='ltr'>ἐν</span> <span class='ocrx_word' id='word_1_336' title='bbox 1849 5309 1895 5382; x_wconf 83' lang='grc' dir='ltr'>ᾧ</span> 
     </span>
    </p>
   </div>
   <div class='ocr_carea' id='block_1_61' title="bbox 365 5372 1895 5465">
    <p class='ocr_par' dir='ltr' id='par_1_61' title="bbox 365 5372 1895 5465">
     <span class='ocr_line' id='line_1_61' title="bbox 365 5372 1895 5465; baseline 0.014 -33"><span class='ocrx_word' id='word_1_337' title='bbox 365 5372 592 5449; x_wconf 83' lang='grc' dir='ltr'>ΙΙὲτρου</span> <span class='ocrx_word' id='word_1_338' title='bbox 668 5376 944 5453; x_wconf 66' lang='grc' dir='ltr'>σύλληψις</span> <span class='ocrx_word' id='word_1_339' title='bbox 1017 5387 1157 5459; x_wconf 86' lang='grc' dir='ltr'>πρὸς</span> <span class='ocrx_word' id='word_1_340' title='bbox 1269 5389 1536 5465; x_wconf 74' lang='grc' dir='ltr'>Ἡρώδου·</span> <span class='ocrx_word' id='word_1_341' title='bbox 1615 5395 1766 5460; x_wconf 78' lang='grc' dir='ltr'>ὅπως</span> <span class='ocrx_word' id='word_1_342' title='bbox 1835 5418 1895 5454; x_wconf 84' lang='grc' dir='ltr'><strong><em>τε</em></strong></span> 
     </span>
    </p>
   </div>
   <div class='ocr_carea' id='block_1_62' title="bbox 361 5464 1893 5557">
    <p class='ocr_par' dir='ltr' id='par_1_62' title="bbox 361 5464 1893 5557">
     <span class='ocr_line' id='line_1_62' title="bbox 361 5464 1893 5557; baseline 0.016 -36"><span class='ocrx_word' id='word_1_343' title='bbox 361 5464 576 5557; x_wconf 64' lang='grc' dir='ltr'><strong><em>αὐτὸνΔ</em></strong></span> <span class='ocrx_word' id='word_1_344' title='bbox 615 5468 643 5521; x_wconf 88' lang='grc' dir='ltr'><strong>ὁ</strong></span> <span class='ocrx_word' id='word_1_345' title='bbox 717 5468 950 5547; x_wconf 78' lang='grc' dir='ltr'>ἅγγελος</span> <span class='ocrx_word' id='word_1_346' title='bbox 1027 5477 1158 5550; x_wconf 85' lang='grc' dir='ltr'>θείῳ</span> <span class='ocrx_word' id='word_1_347' title='bbox 1247 5464 1581 5555; x_wconf 71' lang='grc' dir='ltr'>κελεύσματι</span> <span class='ocrx_word' id='word_1_348' title='bbox 1658 5485 1893 5557; x_wconf 72' lang='grc' dir='ltr'>ἐξείλετο</span> 
     </span>
    </p>
   </div>
   <div class='ocr_carea' id='block_1_63' title="bbox 353 5551 1890 5652">
    <p class='ocr_par' dir='ltr' id='par_1_63' title="bbox 353 5551 1890 5652">
     <span class='ocr_line' id='line_1_63' title="bbox 353 5551 1890 5652; baseline 0.018 -43"><span class='ocrx_word' id='word_1_349' title='bbox 353 5560 478 5613; x_wconf 77' lang='grc' dir='ltr'><strong><em>τῶν</em></strong></span> <span class='ocrx_word' id='word_1_350' title='bbox 553 5551 785 5630; x_wconf 74' lang='grc' dir='ltr'>δεσμῶν.</span> <span class='ocrx_word' id='word_1_351' title='bbox 849 5562 943 5617; x_wconf 78' lang='grc' dir='ltr'><strong><em>Καὶ</em></strong></span> <span class='ocrx_word' id='word_1_352' title='bbox 1006 5563 1034 5618; x_wconf 87' lang='grc' dir='ltr'><strong>ὁ</strong></span> <span class='ocrx_word' id='word_1_353' title='bbox 1106 5565 1310 5642; x_wconf 57' lang='lat' dir='ltr'><strong><em>Hispo:</em></strong></span> <span class='ocrx_word' id='word_1_354' title='bbox 1379 5551 1627 5651; x_wconf 47' lang='grc' dir='ltr'>ἇμὴανὴς</span> <span class='ocrx_word' id='word_1_355' title='bbox 1669 5551 1890 5652; x_wconf 58' lang='grc' dir='ltr'>γενόμε-</span> 
     </span>
    </p>
   </div>
   <div class='ocr_carea' id='block_1_64' title="bbox 2249 386 3754 489">
    <p class='ocr_par' dir='ltr' id='par_1_64' title="bbox 2249 386 3754 489">
     <span class='ocr_line' id='line_1_64' title="bbox 2249 386 3754 489; baseline 0.027 -49"><span class='ocrx_word' id='word_1_356' title='bbox 2249 386 2415 444; x_wconf 85' lang='lat' dir='ltr'><strong><em>etiam</em></strong></span> <span class='ocrx_word' id='word_1_357' title='bbox 2430 390 2498 445; x_wconf 91' lang='lat' dir='ltr'><strong><em>de</em></strong></span> <span class='ocrx_word' id='word_1_358' title='bbox 2520 393 2688 461; x_wconf 87' lang='lat' dir='ltr'><strong><em>fame.</em></strong></span> <span class='ocrx_word' id='word_1_359' title='bbox 2711 399 2982 466; x_wconf 83' lang='lat' dir='ltr'><strong><em>frumenti</em></strong></span> <span class='ocrx_word' id='word_1_360' title='bbox 3004 409 3278 478; x_wconf 77' lang='lat' dir='ltr'><strong><em>emptione</em></strong></span> <span class='ocrx_word' id='word_1_361' title='bbox 3295 428 3358 468; x_wconf 90' lang='lat' dir='ltr'><strong><em>ac</em></strong></span> <span class='ocrx_word' id='word_1_362' title='bbox 3377 423 3754 489; x_wconf 77' lang='lat' dir='ltr'><strong><em>recognitione</em></strong></span> 
     </span>
    </p>
   </div>
   <div class='ocr_carea' id='block_1_65' title="bbox 2244 477 3748 582">
    <p class='ocr_par' dir='ltr' id='par_1_65' title="bbox 2244 477 3748 582">
     <span class='ocr_line' id='line_1_65' title="bbox 2244 477 3748 582; baseline 0.027 -53"><span class='ocrx_word' id='word_1_363' title='bbox 2244 477 2487 547; x_wconf 82' lang='lat' dir='ltr'><strong><em>ﬁliorum</em></strong></span> <span class='ocrx_word' id='word_1_364' title='bbox 2515 484 2686 540; x_wconf 85' lang='lat' dir='ltr'><strong><em>Jacob</em></strong></span> <span class='ocrx_word' id='word_1_365' title='bbox 2731 493 3061 560; x_wconf 79' lang='lat' dir='ltr'><strong><em>continetur,</em></strong></span> <span class='ocrx_word' id='word_1_366' title='bbox 3095 505 3149 552; x_wconf 92' lang='lat' dir='ltr'><strong><em>et</em></strong></span> <span class='ocrx_word' id='word_1_367' title='bbox 3178 500 3244 555; x_wconf 90' lang='lat' dir='ltr'><strong><em>de</em></strong></span> <span class='ocrx_word' id='word_1_368' title='bbox 3272 477 3564 565; x_wconf 59' lang='lat' dir='ltr'><strong><em>nativitale</em></strong></span> <span class='ocrx_word' id='word_1_369' title='bbox 3591 477 3748 582; x_wconf 62' lang='lat' dir='ltr'><strong><em>Mosi,</em></strong></span> 
     </span>
    </p>
   </div>
   <div class='ocr_carea' id='block_1_66' title="bbox 2248 567 3755 661">
    <p class='ocr_par' dir='ltr' id='par_1_66' title="bbox 2248 567 3755 661">
     <span class='ocr_line' id='line_1_66' title="bbox 2248 567 3755 661; baseline 0.027 -41"><span class='ocrx_word' id='word_1_370' title='bbox 2248 567 2549 640; x_wconf 80' lang='lat' dir='ltr'><strong><em>divinaque</em></strong></span> <span class='ocrx_word' id='word_1_371' title='bbox 2594 577 2669 629; x_wconf 89' lang='lat' dir='ltr'><strong><em>ad</em></strong></span> <span class='ocrx_word' id='word_1_372' title='bbox 2723 594 2844 633; x_wconf 91' lang='lat' dir='ltr'><strong><em>eum</em></strong></span> <span class='ocrx_word' id='word_1_373' title='bbox 2904 586 3260 653; x_wconf 81' lang='lat' dir='ltr'><strong><em>apparitione</em></strong></span> <span class='ocrx_word' id='word_1_374' title='bbox 3285 596 3440 660; x_wconf 78' lang='lat' dir='ltr'><strong><em>facta</em></strong></span> <span class='ocrx_word' id='word_1_375' title='bbox 3484 601 3541 654; x_wconf 89' lang='lat' dir='ltr'><strong><em>in</em></strong></span> <span class='ocrx_word' id='word_1_376' title='bbox 3570 612 3755 661; x_wconf 86' lang='lat' dir='ltr'><strong><em>monte</em></strong></span> 
     </span>
    </p>
   </div>
   <div class='ocr_carea' id='block_1_67' title="bbox 2239 657 3755 758">
    <p class='ocr_par' dir='ltr' id='par_1_67' title="bbox 2239 657 3755 758">
     <span class='ocr_line' id='line_1_67' title="bbox 2239 657 3755 758; baseline 0.025 -46"><span class='ocrx_word' id='word_1_377' title='bbox 2239 657 2395 717; x_wconf 85' lang='lat' dir='ltr'><strong><em>Sina.</em></strong></span> <span class='ocrx_word' id='word_1_378' title='bbox 2429 660 2496 714; x_wconf 87' lang='lat' dir='ltr'><strong><em>de</em></strong></span> <span class='ocrx_word' id='word_1_379' title='bbox 2526 679 2743 732; x_wconf 82' lang='lat' dir='ltr'><strong><em>egressu</em></strong></span> <span class='ocrx_word' id='word_1_380' title='bbox 2764 670 3008 737; x_wconf 77' lang='lat' dir='ltr'><strong><em>ﬁliorum</em></strong></span> <span class='ocrx_word' id='word_1_381' title='bbox 3038 677 3231 746; x_wconf 81' lang='lat' dir='ltr'><strong><em>Israel,</em></strong></span> <span class='ocrx_word' id='word_1_382' title='bbox 3265 657 3316 736; x_wconf 84' lang='lat' dir='ltr'><strong><em>et</em></strong></span> <span class='ocrx_word' id='word_1_383' title='bbox 3345 687 3508 742; x_wconf 85' lang='lat' dir='ltr'><strong><em>vituli</em></strong></span> <span class='ocrx_word' id='word_1_384' title='bbox 3533 657 3755 758; x_wconf 61' lang='lat' dir='ltr'><strong><em>forma;</em></strong></span> 
     </span>
    </p>
   </div>
   <div class='ocr_carea' id='block_1_68' title="bbox 2241 749 3753 854">
    <p class='ocr_par' dir='ltr' id='par_1_68' title="bbox 2241 749 3753 854">
     <span class='ocr_line' id='line_1_68' title="bbox 2241 749 3753 854; baseline 0.026 -54"><span class='ocrx_word' id='word_1_385' title='bbox 2241 749 2391 803; x_wconf 85' lang='lat' dir='ltr'><strong><em>tione</em></strong></span> <span class='ocrx_word' id='word_1_386' title='bbox 2419 766 2588 822; x_wconf 89' lang='lat' dir='ltr'><strong><em>usque</em></strong></span> <span class='ocrx_word' id='word_1_387' title='bbox 2637 757 2713 810; x_wconf 86' lang='lat' dir='ltr'><strong><em>ad</em></strong></span> <span class='ocrx_word' id='word_1_388' title='bbox 2753 764 3000 830; x_wconf 89' lang='lat' dir='ltr'><strong><em>tempora</em></strong></span> <span class='ocrx_word' id='word_1_389' title='bbox 3046 767 3393 829; x_wconf 87' lang='lat' dir='ltr'><strong><em>Salomonis:</em></strong></span> <span class='ocrx_word' id='word_1_390' title='bbox 3443 749 3753 854; x_wconf 45' lang='lat' dir='ltr'><strong><em>de&#39;templi</em></strong></span> 
     </span>
    </p>
   </div>
   <div class='ocr_carea' id='block_1_69' title="bbox 2238 837 3750 934">
    <p class='ocr_par' dir='ltr' id='par_1_69' title="bbox 2238 837 3750 934">
     <span class='ocr_line' id='line_1_69' title="bbox 2238 837 3750 934; baseline 0.027 -45"><span class='ocrx_word' id='word_1_391' title='bbox 2238 837 2618 907; x_wconf 67' lang='lat' dir='ltr'><strong><em>zdiﬁcatione.</em></strong></span> <span class='ocrx_word' id='word_1_392' title='bbox 2653 846 2928 915; x_wconf 80' lang='lat' dir='ltr'><strong><em>Confessio</em></strong></span> <span class='ocrx_word' id='word_1_393' title='bbox 2957 859 3348 923; x_wconf 70' lang='lat' dir='ltr'><strong><em>supercwlestis</em></strong></span> <span class='ocrx_word' id='word_1_394' title='bbox 3384 867 3577 934; x_wconf 71' lang='lat' dir='ltr'><strong><em>gloriae</em></strong></span> 
     </span>
    </p>
   </div>
   <div class='ocr_carea' id='block_1_70' title="bbox 2239 924 3750 1032">
    <p class='ocr_par' dir='ltr' id='par_1_70' title="bbox 2239 924 3750 1032">
     <span class='ocr_line' id='line_1_70' title="bbox 2239 924 3750 1032; baseline 0.025 -55"><span class='ocrx_word' id='word_1_395' title='bbox 2239 924 2438 982; x_wconf 68' lang='lat' dir='ltr'><strong><em>Christ&#39;</em></strong></span> <span class='ocrx_word' id='word_1_396' title='bbox 2470 931 2754 1002; x_wconf 81' lang='lat' dir='ltr'><strong><em>Stephano</em></strong></span> <span class='ocrx_word' id='word_1_397' title='bbox 2785 941 3056 1007; x_wconf 62' lang='lat' dir='ltr'><strong><em>revelata,</em></strong></span> <span class='ocrx_word' id='word_1_398' title='bbox 3092 947 3148 999; x_wconf 91' lang='lat' dir='ltr'><strong><em>in</em></strong></span> <span class='ocrx_word' id='word_1_399' title='bbox 3178 965 3291 1018; x_wconf 80' lang='lat' dir='ltr'><strong><em>qua</em></strong></span> <span class='ocrx_word' id='word_1_400' title='bbox 3321 924 3602 1023; x_wconf 69' lang='lat' dir='ltr'><strong><em>lapidatus</em></strong></span> 
     </span>
    </p>
   </div>
   <div class='ocr_carea' id='block_1_71' title="bbox 2233 1014 3208 1095">
    <p class='ocr_par' dir='ltr' id='par_1_71' title="bbox 2233 1014 3208 1095">
     <span class='ocr_line' id='line_1_71' title="bbox 2233 1014 3208 1095; baseline 0.022 -26"><span class='ocrx_word' id='word_1_401' title='bbox 2233 1014 2546 1087; x_wconf 87' lang='lat' dir='ltr'><strong><em>Stephanus</em></strong></span> <span class='ocrx_word' id='word_1_402' title='bbox 2575 1023 2831 1095; x_wconf 80' lang='lat' dir='ltr'><strong><em>religiose</em></strong></span> <span class='ocrx_word' id='word_1_403' title='bbox 2854 1014 3208 1090; x_wconf 59' lang='lat' dir='ltr'><strong><em>obdormivit:</em></strong></span> 
     </span>
    </p>
   </div>
   <div class='ocr_carea' id='block_1_72' title="bbox 2120 1374 3738 1474">
    <p class='ocr_par' dir='ltr' id='par_1_72' title="bbox 2120 1374 3738 1474">
     <span class='ocr_line' id='line_1_72' title="bbox 2120 1374 3738 1474; baseline 0.023 -48"><span class='ocrx_word' id='word_1_404' title='bbox 2120 1374 2172 1426; x_wconf 88' lang='lat'><strong><em>9.</em></strong></span> <span class='ocrx_word' id='word_1_405' title='bbox 2233 1376 2311 1430; x_wconf 93' lang='lat' dir='ltr'><strong><em>De</em></strong></span> <span class='ocrx_word' id='word_1_406' title='bbox 2334 1383 2715 1447; x_wconf 84' lang='lat' dir='ltr'><strong><em>persecutione</em></strong></span> <span class='ocrx_word' id='word_1_407' title='bbox 2741 1387 3003 1448; x_wconf 56' lang='lat' dir='ltr'><strong><em>Ecclesia</em></strong></span> <span class='ocrx_word' id='word_1_408' title='bbox 3031 1400 3085 1448; x_wconf 91' lang='lat' dir='ltr'><strong><em>et</em></strong></span> <span class='ocrx_word' id='word_1_409' title='bbox 3112 1397 3401 1467; x_wconf 78' lang='lat' dir='ltr'><strong><em>sepultura</em></strong></span> <span class='ocrx_word' id='word_1_410' title='bbox 3429 1402 3738 1474; x_wconf 83' lang='lat' dir='ltr'><strong><em>Stephani:</em></strong></span> 
     </span>
    </p>
   </div>
   <div class='ocr_carea' id='block_1_73' title="bbox 2227 1465 3742 1567">
    <p class='ocr_par' dir='ltr' id='par_1_73' title="bbox 2227 1465 3742 1567">
     <span class='ocr_line' id='line_1_73' title="bbox 2227 1465 3742 1567; baseline 0.023 -49"><span class='ocrx_word' id='word_1_411' title='bbox 2227 1465 2286 1518; x_wconf 90' lang='lat' dir='ltr'><strong><em>in</em></strong></span> <span class='ocrx_word' id='word_1_412' title='bbox 2313 1483 2423 1536; x_wconf 89' lang='lat' dir='ltr'><strong><em>quo</em></strong></span> <span class='ocrx_word' id='word_1_413' title='bbox 2453 1471 2619 1526; x_wconf 86' lang='lat' dir='ltr'><strong><em>etiam</em></strong></span> <span class='ocrx_word' id='word_1_414' title='bbox 2652 1475 2842 1544; x_wconf 88' lang='lat' dir='ltr'><strong><em>agitur</em></strong></span> <span class='ocrx_word' id='word_1_415' title='bbox 2895 1480 2963 1534; x_wconf 87' lang='lat' dir='ltr'><strong><em>de</em></strong></span> <span class='ocrx_word' id='word_1_416' title='bbox 3018 1465 3282 1556; x_wconf 80' lang='lat' dir='ltr'><strong><em>Philippo</em></strong></span> <span class='ocrx_word' id='word_1_417' title='bbox 3327 1465 3596 1562; x_wconf 80' lang='lat' dir='ltr'><strong><em>apostolo,</em></strong></span> <span class='ocrx_word' id='word_1_418' title='bbox 3641 1465 3742 1567; x_wconf 81' lang='lat' dir='ltr'><strong><em>qui</em></strong></span> 
     </span>
    </p>
   </div>
   <div class='ocr_carea' id='block_1_74' title="bbox 2222 1555 3074 1625">
    <p class='ocr_par' dir='ltr' id='par_1_74' title="bbox 2222 1555 3074 1625">
     <span class='ocr_line' id='line_1_74' title="bbox 2222 1555 3074 1625; baseline 0.022 -19"><span class='ocrx_word' id='word_1_419' title='bbox 2222 1555 2420 1611; x_wconf 89' lang='lat' dir='ltr'><strong><em>multos</em></strong></span> <span class='ocrx_word' id='word_1_420' title='bbox 2449 1561 2508 1613; x_wconf 89' lang='lat' dir='ltr'><strong><em>in</em></strong></span> <span class='ocrx_word' id='word_1_421' title='bbox 2537 1561 2793 1619; x_wconf 82' lang='lat' dir='ltr'><strong><em>Samaria</em></strong></span> <span class='ocrx_word' id='word_1_422' title='bbox 2823 1569 3074 1625; x_wconf 85' lang='lat' dir='ltr'><strong><em>curabat.</em></strong></span> 
     </span>
    </p>
   </div>
   <div class='ocr_carea' id='block_1_75' title="bbox 2081 1641 3739 1732">
    <p class='ocr_par' dir='ltr' id='par_1_75' title="bbox 2081 1641 3739 1732">
     <span class='ocr_line' id='line_1_75' title="bbox 2081 1641 3739 1732; baseline 0.024 -39"><span class='ocrx_word' id='word_1_423' title='bbox 2081 1641 2167 1696; x_wconf 90' lang='grc'><strong>10.</strong></span> <span class='ocrx_word' id='word_1_424' title='bbox 2223 1643 2294 1698; x_wconf 87' lang='lat' dir='ltr'><strong><em>De</em></strong></span> <span class='ocrx_word' id='word_1_425' title='bbox 2321 1645 2541 1704; x_wconf 89' lang='lat' dir='ltr'><strong><em>Simone</em></strong></span> <span class='ocrx_word' id='word_1_426' title='bbox 2570 1653 2733 1722; x_wconf 84' lang='lat' dir='ltr'><strong><em>Mago</em></strong></span> <span class='ocrx_word' id='word_1_427' title='bbox 2764 1659 2858 1726; x_wconf 86' lang='lat' dir='ltr'><strong><em>qui</em></strong></span> <span class='ocrx_word' id='word_1_428' title='bbox 2888 1674 3011 1714; x_wconf 91' lang='lat' dir='ltr'><strong><em>cum</em></strong></span> <span class='ocrx_word' id='word_1_429' title='bbox 3054 1663 3316 1731; x_wconf 83' lang='lat' dir='ltr'><strong><em>pluribus</em></strong></span> <span class='ocrx_word' id='word_1_430' title='bbox 3339 1668 3468 1726; x_wconf 89' lang='lat' dir='ltr'><strong><em>aliis</em></strong></span> <span class='ocrx_word' id='word_1_431' title='bbox 3497 1675 3739 1732; x_wconf 84' lang='lat' dir='ltr'><strong><em>credidit</em></strong></span> 
     </span>
    </p>
   </div>
   <div class='ocr_carea' id='block_1_76' title="bbox 2221 1734 3737 1826">
    <p class='ocr_par' dir='ltr' id='par_1_76' title="bbox 2221 1734 3737 1826">
     <span class='ocr_line' id='line_1_76' title="bbox 2221 1734 3737 1826; baseline 0.022 -40"><span class='ocrx_word' id='word_1_432' title='bbox 2221 1740 2273 1787; x_wconf 89' lang='lat' dir='ltr'><strong><em>et</em></strong></span> <span class='ocrx_word' id='word_1_433' title='bbox 2303 1734 2616 1806; x_wconf 85' lang='lat' dir='ltr'><strong><em>baptizatus</em></strong></span> <span class='ocrx_word' id='word_1_434' title='bbox 2645 1749 2724 1798; x_wconf 92' lang='lat' dir='ltr'><strong><em>est</em></strong></span> <span class='ocrx_word' id='word_1_435' title='bbox 2744 1761 2763 1797; x_wconf 86' lang='lat'><strong><em>:</em></strong></span> <span class='ocrx_word' id='word_1_436' title='bbox 2795 1745 2854 1799; x_wconf 90' lang='lat' dir='ltr'><strong><em>in</em></strong></span> <span class='ocrx_word' id='word_1_437' title='bbox 2899 1764 3007 1817; x_wconf 90' lang='lat' dir='ltr'><strong><em>quo</em></strong></span> <span class='ocrx_word' id='word_1_438' title='bbox 3058 1754 3223 1808; x_wconf 87' lang='lat' dir='ltr'><strong><em>etiam</em></strong></span> <span class='ocrx_word' id='word_1_439' title='bbox 3269 1759 3462 1826; x_wconf 89' lang='lat' dir='ltr'><strong><em>agitur</em></strong></span> <span class='ocrx_word' id='word_1_440' title='bbox 3487 1765 3556 1815; x_wconf 88' lang='lat' dir='ltr'><strong><em>de</em></strong></span> <span class='ocrx_word' id='word_1_441' title='bbox 3585 1765 3737 1819; x_wconf 83' lang='lat' dir='ltr'><strong><em>Petri</em></strong></span> 
     </span>
    </p>
   </div>
   <div class='ocr_carea' id='block_1_77' title="bbox 2219 1825 3736 1908">
    <p class='ocr_par' dir='ltr' id='par_1_77' title="bbox 2219 1825 3736 1908">
     <span class='ocr_line' id='line_1_77' title="bbox 2219 1825 3736 1908; baseline 0.022 -33"><span class='ocrx_word' id='word_1_442' title='bbox 2219 1829 2274 1877; x_wconf 90' lang='lat' dir='ltr'><strong><em>et</em></strong></span> <span class='ocrx_word' id='word_1_443' title='bbox 2301 1825 2532 1882; x_wconf 85' lang='lat' dir='ltr'><strong><em>Joannis</em></strong></span> <span class='ocrx_word' id='word_1_444' title='bbox 2560 1835 2634 1884; x_wconf 83' lang='lat' dir='ltr'><strong><em>ad</em></strong></span> <span class='ocrx_word' id='word_1_445' title='bbox 2673 1848 2759 1887; x_wconf 89' lang='lat' dir='ltr'><strong><em>eos</em></strong></span> <span class='ocrx_word' id='word_1_446' title='bbox 2792 1835 3085 1907; x_wconf 86' lang='lat' dir='ltr'><strong><em>legatione,</em></strong></span> <span class='ocrx_word' id='word_1_447' title='bbox 3109 1847 3160 1895; x_wconf 93' lang='lat' dir='ltr'><strong><em>et</em></strong></span> <span class='ocrx_word' id='word_1_448' title='bbox 3182 1845 3530 1904; x_wconf 79' lang='lat' dir='ltr'><strong><em>invocatione</em></strong></span> <span class='ocrx_word' id='word_1_449' title='bbox 3557 1856 3736 1908; x_wconf 87' lang='lat' dir='ltr'><strong><em>sancti</em></strong></span> 
     </span>
    </p>
   </div>
   <div class='ocr_carea' id='block_1_78' title="bbox 2217 1912 3405 1998">
    <p class='ocr_par' dir='ltr' id='par_1_78' title="bbox 2217 1912 3405 1998">
     <span class='ocr_line' id='line_1_78' title="bbox 2217 1912 3405 1998; baseline 0.022 -33"><span class='ocrx_word' id='word_1_450' title='bbox 2217 1912 2460 1981; x_wconf 86' lang='lat' dir='ltr'><strong><em>Spiritus</em></strong></span> <span class='ocrx_word' id='word_1_451' title='bbox 2488 1933 2653 1990; x_wconf 86' lang='lat' dir='ltr'><strong><em>super</em></strong></span> <span class='ocrx_word' id='word_1_452' title='bbox 2680 1937 2767 1977; x_wconf 92' lang='lat' dir='ltr'><strong><em>eos</em></strong></span> <span class='ocrx_word' id='word_1_453' title='bbox 2797 1924 2898 1994; x_wconf 90' lang='lat' dir='ltr'><strong><em>qui</em></strong></span> <span class='ocrx_word' id='word_1_454' title='bbox 2926 1928 3197 1998; x_wconf 83' lang='lat' dir='ltr'><strong><em>baptizati</em></strong></span> <span class='ocrx_word' id='word_1_455' title='bbox 3227 1942 3405 1993; x_wconf 89' lang='lat' dir='ltr'><strong><em>erant.</em></strong></span> 
     </span>
    </p>
   </div>
   <div class='ocr_carea' id='block_1_79' title="bbox 2075 2086 3728 2179">
    <p class='ocr_par' dir='ltr' id='par_1_79' title="bbox 2075 2086 3728 2179">
     <span class='ocr_line' id='line_1_79' title="bbox 2075 2086 3728 2179; baseline 0.021 -38"><span class='ocrx_word' id='word_1_456' title='bbox 2075 2086 2160 2144; x_wconf 85' lang='grc'><strong>11.</strong></span> <span class='ocrx_word' id='word_1_457' title='bbox 2223 2092 2380 2155; x_wconf 92' lang='lat' dir='ltr'><strong><em>Quod</em></strong></span> <span class='ocrx_word' id='word_1_458' title='bbox 2422 2111 2533 2151; x_wconf 90' lang='lat' dir='ltr'><strong><em>non</em></strong></span> <span class='ocrx_word' id='word_1_459' title='bbox 2603 2109 2855 2170; x_wconf 89' lang='lat' dir='ltr'><strong><em>argento,</em></strong></span> <span class='ocrx_word' id='word_1_460' title='bbox 2913 2123 3088 2176; x_wconf 90' lang='lat' dir='ltr'><strong><em>neque</em></strong></span> <span class='ocrx_word' id='word_1_461' title='bbox 3137 2110 3576 2179; x_wconf 89' lang='lat' dir='ltr'><strong><em>simulatoribus.</em></strong></span> <span class='ocrx_word' id='word_1_462' title='bbox 3633 2121 3728 2175; x_wconf 88' lang='lat' dir='ltr'><strong><em>sed</em></strong></span> 
     </span>
    </p>
   </div>
   <div class='ocr_carea' id='block_1_80' title="bbox 2210 2186 3725 2265">
    <p class='ocr_par' dir='ltr' id='par_1_80' title="bbox 2210 2186 3725 2265">
     <span class='ocr_line' id='line_1_80' title="bbox 2210 2186 3725 2265; baseline 0.02 -31"><span class='ocrx_word' id='word_1_463' title='bbox 2210 2186 2414 2239; x_wconf 86' lang='lat' dir='ltr'><strong><em>sanctis</em></strong></span> <span class='ocrx_word' id='word_1_464' title='bbox 2461 2203 2565 2256; x_wconf 89' lang='lat' dir='ltr'><strong><em>per</em></strong></span> <span class='ocrx_word' id='word_1_465' title='bbox 2599 2191 2760 2257; x_wconf 81' lang='lat' dir='ltr'><strong><em>fidem</em></strong></span> <span class='ocrx_word' id='word_1_466' title='bbox 2814 2194 3057 2264; x_wconf 85' lang='lat' dir='ltr'><strong><em>Spiritus</em></strong></span> <span class='ocrx_word' id='word_1_467' title='bbox 3094 2207 3275 2256; x_wconf 83' lang='lat' dir='ltr'><strong><em>sancti</em></strong></span> <span class='ocrx_word' id='word_1_468' title='bbox 3304 2208 3725 2265; x_wconf 88' lang='lat' dir='ltr'><strong><em>communicatio</em></strong></span> 
     </span>
    </p>
   </div>
   <div class='ocr_carea' id='block_1_81' title="bbox 2208 2270 3723 2361">
    <p class='ocr_par' dir='ltr' id='par_1_81' title="bbox 2208 2270 3723 2361">
     <span class='ocr_line' id='line_1_81' title="bbox 2208 2270 3723 2361; baseline 0.021 -38"><span class='ocrx_word' id='word_1_469' title='bbox 2208 2270 2412 2328; x_wconf 88' lang='lat' dir='ltr'><strong><em>datur:</em></strong></span> <span class='ocrx_word' id='word_1_470' title='bbox 2447 2277 2504 2329; x_wconf 89' lang='lat' dir='ltr'><strong><em>in</em></strong></span> <span class='ocrx_word' id='word_1_471' title='bbox 2547 2293 2650 2348; x_wconf 91' lang='lat' dir='ltr'><strong><em>quo</em></strong></span> <span class='ocrx_word' id='word_1_472' title='bbox 2701 2284 2868 2337; x_wconf 90' lang='lat' dir='ltr'><strong><em>etiam</em></strong></span> <span class='ocrx_word' id='word_1_473' title='bbox 2897 2295 3188 2354; x_wconf 89' lang='lat' dir='ltr'><strong><em>ponuntur</em></strong></span> <span class='ocrx_word' id='word_1_474' title='bbox 3227 2308 3348 2361; x_wconf 58' lang='lat' dir='ltr'><strong><em>qua</em></strong></span> <span class='ocrx_word' id='word_1_475' title='bbox 3393 2303 3523 2350; x_wconf 89' lang='lat' dir='ltr'><strong><em>sunt</em></strong></span> <span class='ocrx_word' id='word_1_476' title='bbox 3552 2298 3618 2352; x_wconf 86' lang='lat' dir='ltr'><strong><em>de</em></strong></span> <span class='ocrx_word' id='word_1_477' title='bbox 3645 2301 3723 2354; x_wconf 82' lang='lat' dir='ltr'><strong><em>si-</em></strong></span> 
     </span>
    </p>
   </div>
   <div class='ocr_carea' id='block_1_82' title="bbox 2206 2364 3321 2442">
    <p class='ocr_par' dir='ltr' id='par_1_82' title="bbox 2206 2364 3321 2442">
     <span class='ocr_line' id='line_1_82' title="bbox 2206 2364 3321 2442; baseline 0.019 -27"><span class='ocrx_word' id='word_1_478' title='bbox 2206 2364 2515 2421; x_wconf 87' lang='lat' dir='ltr'><strong><em>mulatione</em></strong></span> <span class='ocrx_word' id='word_1_479' title='bbox 2543 2385 2606 2423; x_wconf 93' lang='lat' dir='ltr'><strong><em>ac</em></strong></span> <span class='ocrx_word' id='word_1_480' title='bbox 2637 2371 3023 2442; x_wconf 87' lang='lat' dir='ltr'><strong><em>objurgatione</em></strong></span> <span class='ocrx_word' id='word_1_481' title='bbox 3061 2379 3321 2438; x_wconf 87' lang='lat' dir='ltr'><strong><em>Simonis.</em></strong></span> 
     </span>
    </p>
   </div>
   <div class='ocr_carea' id='block_1_83' title="bbox 2065 2448 3712 2532">
    <p class='ocr_par' dir='ltr' id='par_1_83' title="bbox 2065 2448 3712 2532">
     <span class='ocr_line' id='line_1_83' title="bbox 2065 2448 3712 2532; baseline 0.019 -32"><span class='ocrx_word' id='word_1_482' title='bbox 2065 2448 2130 2501; x_wconf 84' lang='grc'><strong>12</strong></span> <span class='ocrx_word' id='word_1_483' title='bbox 2203 2449 2360 2512; x_wconf 85' lang='lat' dir='ltr'><strong><em>Quod</em></strong></span> <span class='ocrx_word' id='word_1_484' title='bbox 2413 2461 2728 2512; x_wconf 89' lang='lat' dir='ltr'><strong><em>sanctorum</em></strong></span> <span class='ocrx_word' id='word_1_485' title='bbox 2787 2477 2852 2515; x_wconf 92' lang='lat' dir='ltr'><strong><em>ac</em></strong></span> <span class='ocrx_word' id='word_1_486' title='bbox 2903 2465 3152 2530; x_wconf 77' lang='lat' dir='ltr'><strong><em>fidelium</em></strong></span> <span class='ocrx_word' id='word_1_487' title='bbox 3210 2475 3485 2527; x_wconf 90' lang='lat' dir='ltr'><strong><em>communi</em></strong></span> <span class='ocrx_word' id='word_1_488' title='bbox 3543 2476 3712 2532; x_wconf 89' lang='lat' dir='ltr'><strong><em>saluti</em></strong></span> 
     </span>
    </p>
   </div>
   <div class='ocr_carea' id='block_1_84' title="bbox 2200 2539 3711 2633">
    <p class='ocr_par' dir='ltr' id='par_1_84' title="bbox 2200 2539 3711 2633">
     <span class='ocr_line' id='line_1_84' title="bbox 2200 2539 3711 2633; baseline 0.019 -41"><span class='ocrx_word' id='word_1_489' title='bbox 2200 2539 2343 2596; x_wconf 84' lang='lat' dir='ltr'><strong><em>Deus</em></strong></span> <span class='ocrx_word' id='word_1_490' title='bbox 2375 2559 2706 2614; x_wconf 89' lang='lat' dir='ltr'><strong><em>prosperum</em></strong></span> <span class='ocrx_word' id='word_1_491' title='bbox 2737 2550 2946 2604; x_wconf 88' lang='lat' dir='ltr'><strong><em>tribuat</em></strong></span> <span class='ocrx_word' id='word_1_492' title='bbox 2999 2569 3316 2625; x_wconf 88' lang='lat' dir='ltr'><strong><em>successum,</em></strong></span> <span class='ocrx_word' id='word_1_493' title='bbox 3367 2569 3583 2633; x_wconf 90' lang='lat' dir='ltr'><strong><em>sumpto</em></strong></span> <span class='ocrx_word' id='word_1_494' title='bbox 3611 2582 3711 2620; x_wconf 88' lang='lat' dir='ltr'><strong><em>ar-</em></strong></span> 
     </span>
    </p>
   </div>
   <div class='ocr_carea' id='block_1_85' title="bbox 2198 2635 3707 2724">
    <p class='ocr_par' dir='ltr' id='par_1_85' title="bbox 2198 2635 3707 2724">
     <span class='ocr_line' id='line_1_85' title="bbox 2198 2635 3707 2724; baseline 0.019 -41"><span class='ocrx_word' id='word_1_495' title='bbox 2198 2639 2456 2698; x_wconf 88' lang='lat' dir='ltr'><strong><em>gumento</em></strong></span> <span class='ocrx_word' id='word_1_496' title='bbox 2505 2650 2575 2689; x_wconf 82' lang='lat' dir='ltr'><strong><em>ea:</em></strong></span> <span class='ocrx_word' id='word_1_497' title='bbox 2624 2635 2708 2691; x_wconf 86' lang='lat' dir='ltr'><strong><em>his</em></strong></span> <span class='ocrx_word' id='word_1_498' title='bbox 2758 2653 2880 2708; x_wconf 59' lang='lat' dir='ltr'><strong><em>qua</em></strong></span> <span class='ocrx_word' id='word_1_499' title='bbox 2933 2645 3082 2698; x_wconf 87' lang='lat' dir='ltr'><strong><em>circa</em></strong></span> <span class='ocrx_word' id='word_1_500' title='bbox 3117 2647 3429 2706; x_wconf 83' lang='lat' dir='ltr'><strong><em>eunuchum</em></strong></span> <span class='ocrx_word' id='word_1_501' title='bbox 3457 2653 3707 2724; x_wconf 84' lang='lat' dir='ltr'><strong><em>contige-</em></strong></span> 
     </span>
    </p>
   </div>
   <div class='ocr_carea' id='block_1_86' title="bbox 2200 2727 2350 2774">
    <p class='ocr_par' dir='ltr' id='par_1_86' title="bbox 2200 2727 2350 2774">
     <span class='ocr_line' id='line_1_86' title="bbox 2200 2727 2350 2774; baseline 0.007 -1"><span class='ocrx_word' id='word_1_502' title='bbox 2200 2727 2350 2774; x_wconf 88' lang='lat' dir='ltr'><strong><em>runt.</em></strong></span> 
     </span>
    </p>
   </div>
   <div class='ocr_carea' id='block_1_87' title="bbox 2054 2806 3704 2893">
    <p class='ocr_par' dir='ltr' id='par_1_87' title="bbox 2054 2806 3704 2893">
     <span class='ocr_line' id='line_1_87' title="bbox 2054 2806 3704 2893; baseline 0.018 -35"><span class='ocrx_word' id='word_1_503' title='bbox 2054 2806 2138 2860; x_wconf 85' lang='grc'><strong>13.</strong></span> <span class='ocrx_word' id='word_1_504' title='bbox 2199 2809 2271 2863; x_wconf 93' lang='lat' dir='ltr'><strong><em>De</em></strong></span> <span class='ocrx_word' id='word_1_505' title='bbox 2299 2811 2490 2868; x_wconf 89' lang='lat' dir='ltr'><strong><em>divina</em></strong></span> <span class='ocrx_word' id='word_1_506' title='bbox 2539 2817 2706 2872; x_wconf 91' lang='lat' dir='ltr'><strong><em>Pauli</em></strong></span> <span class='ocrx_word' id='word_1_507' title='bbox 2751 2819 2826 2873; x_wconf 91' lang='lat' dir='ltr'><strong><em>ad</em></strong></span> <span class='ocrx_word' id='word_1_508' title='bbox 2874 2819 3083 2879; x_wconf 82' lang='lat' dir='ltr'><strong><em>Christi</em></strong></span> <span class='ocrx_word' id='word_1_509' title='bbox 3119 2828 3504 2893; x_wconf 87' lang='lat' dir='ltr'><strong><em>apostolatum</em></strong></span> <span class='ocrx_word' id='word_1_510' title='bbox 3540 2847 3704 2887; x_wconf 83' lang='lat' dir='ltr'><strong><em>voca-</em></strong></span> 
     </span>
    </p>
   </div>
   <div class='ocr_carea' id='block_1_88' title="bbox 2193 2900 3704 2985">
    <p class='ocr_par' dir='ltr' id='par_1_88' title="bbox 2193 2900 3704 2985">
     <span class='ocr_line' id='line_1_88' title="bbox 2193 2900 3704 2985; baseline 0.015 -33"><span class='ocrx_word' id='word_1_511' title='bbox 2193 2900 2340 2955; x_wconf 89' lang='lat' dir='ltr'><strong><em>tione</em></strong></span> <span class='ocrx_word' id='word_1_512' title='bbox 2378 2904 2592 2960; x_wconf 70' lang='lat' dir='ltr'><strong><em>caelitus</em></strong></span> <span class='ocrx_word' id='word_1_513' title='bbox 2617 2909 2790 2976; x_wconf 77' lang='lat' dir='ltr'><strong><em>facta,</em></strong></span> <span class='ocrx_word' id='word_1_514' title='bbox 2838 2913 2898 2964; x_wconf 89' lang='lat' dir='ltr'><strong><em>in</em></strong></span> <span class='ocrx_word' id='word_1_515' title='bbox 2945 2928 3054 2981; x_wconf 92' lang='lat' dir='ltr'><strong><em>quo</em></strong></span> <span class='ocrx_word' id='word_1_516' title='bbox 3098 2917 3268 2968; x_wconf 89' lang='lat' dir='ltr'><strong><em>etiam</em></strong></span> <span class='ocrx_word' id='word_1_517' title='bbox 3300 2920 3488 2985; x_wconf 88' lang='lat' dir='ltr'><strong><em>agitur</em></strong></span> <span class='ocrx_word' id='word_1_518' title='bbox 3517 2919 3583 2973; x_wconf 90' lang='lat' dir='ltr'><strong><em>de</em></strong></span> <span class='ocrx_word' id='word_1_519' title='bbox 3610 2935 3704 2974; x_wconf 82' lang='lat' dir='ltr'><strong><em>sa-</em></strong></span> 
     </span>
    </p>
   </div>
   <div class='ocr_carea' id='block_1_89' title="bbox 2189 2987 3702 3074">
    <p class='ocr_par' dir='ltr' id='par_1_89' title="bbox 2189 2987 3702 3074">
     <span class='ocr_line' id='line_1_89' title="bbox 2189 2987 3702 3074; baseline 0.013 -31"><span class='ocrx_word' id='word_1_520' title='bbox 2189 2987 2302 3044; x_wconf 89' lang='lat' dir='ltr'><strong><em>lute</em></strong></span> <span class='ocrx_word' id='word_1_521' title='bbox 2330 2998 2383 3045; x_wconf 89' lang='lat' dir='ltr'><strong><em>et</em></strong></span> <span class='ocrx_word' id='word_1_522' title='bbox 2413 2993 2743 3063; x_wconf 67' lang='lat' dir='ltr'><strong><em>baptismate</em></strong></span> <span class='ocrx_word' id='word_1_523' title='bbox 2770 2999 2935 3052; x_wconf 88' lang='lat' dir='ltr'><strong><em>Pauli</em></strong></span> <span class='ocrx_word' id='word_1_524' title='bbox 2957 3017 3061 3070; x_wconf 90' lang='lat' dir='ltr'><strong><em>per</em></strong></span> <span class='ocrx_word' id='word_1_525' title='bbox 3105 3002 3372 3058; x_wconf 83' lang='lat' dir='ltr'><strong><em>Ananiam</em></strong></span> <span class='ocrx_word' id='word_1_526' title='bbox 3395 3014 3570 3074; x_wconf 69' lang='lat' dir='ltr'><strong><em>Juxta</em></strong></span> <span class='ocrx_word' id='word_1_527' title='bbox 3600 3010 3702 3062; x_wconf 87' lang='lat' dir='ltr'><strong><em>Dei</em></strong></span> 
     </span>
    </p>
   </div>
   <div class='ocr_carea' id='block_1_90' title="bbox 2184 3079 3692 3155">
    <p class='ocr_par' dir='ltr' id='par_1_90' title="bbox 2184 3079 3692 3155">
     <span class='ocr_line' id='line_1_90' title="bbox 2184 3079 3692 3155; baseline 0.015 -24"><span class='ocrx_word' id='word_1_528' title='bbox 2184 3079 2590 3148; x_wconf 79' lang='lat' dir='ltr'><strong><em>revelationem,</em></strong></span> <span class='ocrx_word' id='word_1_529' title='bbox 2621 3091 2675 3138; x_wconf 89' lang='lat' dir='ltr'><strong><em>et</em></strong></span> <span class='ocrx_word' id='word_1_530' title='bbox 2705 3084 2962 3155; x_wconf 83' lang='lat' dir='ltr'><strong><em>loquendi</em></strong></span> <span class='ocrx_word' id='word_1_531' title='bbox 3016 3089 3283 3154; x_wconf 85' lang='lat' dir='ltr'><strong><em>libertate,</em></strong></span> <span class='ocrx_word' id='word_1_532' title='bbox 3316 3109 3380 3148; x_wconf 91' lang='lat' dir='ltr'><strong><em>ac</em></strong></span> <span class='ocrx_word' id='word_1_533' title='bbox 3406 3109 3692 3153; x_wconf 87' lang='lat' dir='ltr'><strong><em>conversa-</em></strong></span> 
     </span>
    </p>
   </div>
   <div class='ocr_carea' id='block_1_91' title="bbox 2184 3167 3580 3244">
    <p class='ocr_par' dir='ltr' id='par_1_91' title="bbox 2184 3167 3580 3244">
     <span class='ocr_line' id='line_1_91' title="bbox 2184 3167 3580 3244; baseline 0.014 -24"><span class='ocrx_word' id='word_1_534' title='bbox 2184 3167 2333 3222; x_wconf 86' lang='lat' dir='ltr'><strong><em>tione</em></strong></span> <span class='ocrx_word' id='word_1_535' title='bbox 2359 3185 2490 3240; x_wconf 90' lang='lat' dir='ltr'><strong><em>erga</em></strong></span> <span class='ocrx_word' id='word_1_536' title='bbox 2517 3171 2786 3242; x_wconf 86' lang='lat' dir='ltr'><strong><em>apostolos</em></strong></span> <span class='ocrx_word' id='word_1_537' title='bbox 2809 3190 2914 3244; x_wconf 88' lang='lat' dir='ltr'><strong><em>per</em></strong></span> <span class='ocrx_word' id='word_1_538' title='bbox 2932 3176 3249 3235; x_wconf 87' lang='lat' dir='ltr'><strong><em>Barnabam</em></strong></span> <span class='ocrx_word' id='word_1_539' title='bbox 3278 3188 3580 3240; x_wconf 88' lang='lat' dir='ltr'><strong><em>contracta.</em></strong></span> 
     </span>
    </p>
   </div>
   <div class='ocr_carea' id='block_1_92' title="bbox 2037 3342 3688 3426">
    <p class='ocr_par' dir='ltr' id='par_1_92' title="bbox 2037 3342 3688 3426">
     <span class='ocr_line' id='line_1_92' title="bbox 2037 3342 3688 3426; baseline 0.015 -30"><span class='ocrx_word' id='word_1_540' title='bbox 2037 3342 2123 3402; x_wconf 72' lang='grc'><strong><em>14.</em></strong></span> <span class='ocrx_word' id='word_1_541' title='bbox 2175 3346 2252 3400; x_wconf 86' lang='lat' dir='ltr'><strong><em>De</em></strong></span> <span class='ocrx_word' id='word_1_542' title='bbox 2279 3349 2452 3402; x_wconf 65' lang='lat' dir='ltr'><strong><em>linea</em></strong></span> <span class='ocrx_word' id='word_1_543' title='bbox 2475 3348 2788 3420; x_wconf 80' lang='lat' dir='ltr'><strong><em>paralytico</em></strong></span> <span class='ocrx_word' id='word_1_544' title='bbox 2816 3353 3024 3423; x_wconf 72' lang='lat' dir='ltr'><strong><em>Lyddae</em></strong></span> <span class='ocrx_word' id='word_1_545' title='bbox 3050 3372 3155 3426; x_wconf 91' lang='lat' dir='ltr'><strong><em>per</em></strong></span> <span class='ocrx_word' id='word_1_546' title='bbox 3200 3359 3427 3416; x_wconf 89' lang='lat' dir='ltr'><strong><em>Petrum</em></strong></span> <span class='ocrx_word' id='word_1_547' title='bbox 3455 3371 3647 3420; x_wconf 89' lang='lat' dir='ltr'><strong><em>curato</em></strong></span> <span class='ocrx_word' id='word_1_548' title='bbox 3667 3379 3688 3422; x_wconf 89' lang='lat'><strong><em>:</em></strong></span> 
     </span>
    </p>
   </div>
   <div class='ocr_carea' id='block_1_93' title="bbox 2177 3432 3683 3522">
    <p class='ocr_par' dir='ltr' id='par_1_93' title="bbox 2177 3432 3683 3522">
     <span class='ocr_line' id='line_1_93' title="bbox 2177 3432 3683 3522; baseline 0.015 -34"><span class='ocrx_word' id='word_1_549' title='bbox 2177 3432 2238 3488; x_wconf 90' lang='lat' dir='ltr'><strong><em>in</em></strong></span> <span class='ocrx_word' id='word_1_550' title='bbox 2268 3451 2374 3506; x_wconf 89' lang='lat' dir='ltr'><strong><em>quo</em></strong></span> <span class='ocrx_word' id='word_1_551' title='bbox 2404 3439 2595 3506; x_wconf 87' lang='lat' dir='ltr'><strong><em>agitur</em></strong></span> <span class='ocrx_word' id='word_1_552' title='bbox 2649 3442 2812 3496; x_wconf 87' lang='lat' dir='ltr'><strong><em>etiam</em></strong></span> <span class='ocrx_word' id='word_1_553' title='bbox 2869 3443 2936 3498; x_wconf 90' lang='lat' dir='ltr'><strong><em>de</em></strong></span> <span class='ocrx_word' id='word_1_554' title='bbox 3003 3445 3236 3502; x_wconf 88' lang='lat' dir='ltr'><strong><em>Tabitha</em></strong></span> <span class='ocrx_word' id='word_1_555' title='bbox 3264 3448 3466 3506; x_wconf 87' lang='lat' dir='ltr'><strong><em>dilecta</em></strong></span> <span class='ocrx_word' id='word_1_556' title='bbox 3493 3454 3683 3522; x_wconf 88' lang='lat' dir='ltr'><strong><em>vidua,</em></strong></span> 
     </span>
    </p>
   </div>
   <div class='ocr_carea' id='block_1_94' title="bbox 2176 3528 3684 3603">
    <p class='ocr_par' dir='ltr' id='par_1_94' title="bbox 2176 3528 3684 3603">
     <span class='ocr_line' id='line_1_94' title="bbox 2176 3528 3684 3603; baseline 0.014 -25"><span class='ocrx_word' id='word_1_557' title='bbox 2176 3538 2342 3593; x_wconf 90' lang='lat' dir='ltr'><strong><em>quam</em></strong></span> <span class='ocrx_word' id='word_1_558' title='bbox 2401 3528 2595 3583; x_wconf 85' lang='lat' dir='ltr'><strong><em>Petrus</em></strong></span> <span class='ocrx_word' id='word_1_559' title='bbox 2649 3531 2842 3601; x_wconf 67' lang='lat' dir='ltr'><strong><em>Joppz</em></strong></span> <span class='ocrx_word' id='word_1_560' title='bbox 2891 3549 2996 3603; x_wconf 91' lang='lat' dir='ltr'><strong><em>per</em></strong></span> <span class='ocrx_word' id='word_1_561' title='bbox 3049 3536 3358 3594; x_wconf 88' lang='lat' dir='ltr'><strong><em>orationem</em></strong></span> <span class='ocrx_word' id='word_1_562' title='bbox 3387 3557 3423 3596; x_wconf 89' lang='lat' dir='ltr'><strong><em>a</em></strong></span> <span class='ocrx_word' id='word_1_563' title='bbox 3451 3542 3684 3599; x_wconf 80' lang='lat' dir='ltr'><strong><em>mortuis</em></strong></span> 
     </span>
    </p>
   </div>
   <div class='ocr_carea' id='block_1_95' title="bbox 2173 3616 2456 3672">
    <p class='ocr_par' dir='ltr' id='par_1_95' title="bbox 2173 3616 2456 3672">
     <span class='ocr_line' id='line_1_95' title="bbox 2173 3616 2456 3672; baseline 0.018 -6"><span class='ocrx_word' id='word_1_564' title='bbox 2173 3616 2456 3672; x_wconf 70' lang='lat' dir='ltr'><strong><em>excitavit.</em></strong></span> 
     </span>
    </p>
   </div>
   <div class='ocr_carea' id='block_1_96' title="bbox 2032 3702 3685 3788">
    <p class='ocr_par' dir='ltr' id='par_1_96' title="bbox 2032 3702 3685 3788">
     <span class='ocr_line' id='line_1_96' title="bbox 2032 3702 3685 3788; baseline 0.014 -34"><span class='ocrx_word' id='word_1_565' title='bbox 2032 3702 2118 3755; x_wconf 78' lang='grc'><strong><em>15.</em></strong></span> <span class='ocrx_word' id='word_1_566' title='bbox 2172 3702 2245 3757; x_wconf 91' lang='lat' dir='ltr'><strong><em>De</em></strong></span> <span class='ocrx_word' id='word_1_567' title='bbox 2275 3703 2543 3769; x_wconf 85' lang='lat' dir='ltr'><strong><em>Cornelio,</em></strong></span> <span class='ocrx_word' id='word_1_568' title='bbox 2595 3723 2824 3778; x_wconf 61' lang='lat' dir='ltr'><strong><em>quaque</em></strong></span> <span class='ocrx_word' id='word_1_569' title='bbox 2881 3712 3108 3781; x_wconf 89' lang='lat' dir='ltr'><strong><em>angelus</em></strong></span> <span class='ocrx_word' id='word_1_570' title='bbox 3163 3715 3238 3770; x_wconf 90' lang='lat' dir='ltr'><strong><em>ad</em></strong></span> <span class='ocrx_word' id='word_1_571' title='bbox 3281 3733 3402 3773; x_wconf 85' lang='lat' dir='ltr'><strong><em>eum</em></strong></span> <span class='ocrx_word' id='word_1_572' title='bbox 3431 3718 3602 3788; x_wconf 68' lang='lat' dir='ltr'><strong><em>dixit,</em></strong></span> <span class='ocrx_word' id='word_1_573' title='bbox 3632 3725 3685 3776; x_wconf 90' lang='lat' dir='ltr'><strong><em>et</em></strong></span> 
     </span>
    </p>
   </div>
   <div class='ocr_carea' id='block_1_97' title="bbox 2171 3796 3682 3874">
    <p class='ocr_par' dir='ltr' id='par_1_97' title="bbox 2171 3796 3682 3874">
     <span class='ocr_line' id='line_1_97' title="bbox 2171 3796 3682 3874; baseline 0.013 -29"><span class='ocrx_word' id='word_1_574' title='bbox 2171 3806 2293 3860; x_wconf 64' lang='lat' dir='ltr'><strong><em>quis</em></strong></span> <span class='ocrx_word' id='word_1_575' title='bbox 2322 3809 2543 3850; x_wconf 88' lang='lat' dir='ltr'><strong><em>rursum</em></strong></span> <span class='ocrx_word' id='word_1_576' title='bbox 2575 3796 2730 3852; x_wconf 90' lang='lat' dir='ltr'><strong><em>Petro</em></strong></span> <span class='ocrx_word' id='word_1_577' title='bbox 2761 3799 2969 3855; x_wconf 71' lang='lat' dir='ltr'><strong><em>caelitus</em></strong></span> <span class='ocrx_word' id='word_1_578' title='bbox 3016 3803 3081 3856; x_wconf 90' lang='lat' dir='ltr'><strong><em>de</em></strong></span> <span class='ocrx_word' id='word_1_579' title='bbox 3121 3805 3370 3874; x_wconf 88' lang='lat' dir='ltr'><strong><em>gentium</em></strong></span> <span class='ocrx_word' id='word_1_580' title='bbox 3399 3812 3682 3864; x_wconf 83' lang='lat' dir='ltr'><strong><em>vocatione</em></strong></span> 
     </span>
    </p>
   </div>
   <div class='ocr_carea' id='block_1_98' title="bbox 2169 3879 3680 3963">
    <p class='ocr_par' dir='ltr' id='par_1_98' title="bbox 2169 3879 3680 3963">
     <span class='ocr_line' id='line_1_98' title="bbox 2169 3879 3680 3963; baseline 0.013 -28"><span class='ocrx_word' id='word_1_581' title='bbox 2169 3879 2318 3936; x_wconf 90' lang='lat' dir='ltr'><strong><em>dicta</em></strong></span> <span class='ocrx_word' id='word_1_582' title='bbox 2342 3889 2508 3938; x_wconf 89' lang='lat' dir='ltr'><strong><em>sunt:</em></strong></span> <span class='ocrx_word' id='word_1_583' title='bbox 2559 3887 2617 3939; x_wconf 93' lang='lat' dir='ltr'><strong><em>in</em></strong></span> <span class='ocrx_word' id='word_1_584' title='bbox 2655 3902 2762 3956; x_wconf 90' lang='lat' dir='ltr'><strong><em>quo</em></strong></span> <span class='ocrx_word' id='word_1_585' title='bbox 2810 3898 3098 3960; x_wconf 84' lang='lat' dir='ltr'><strong><em>narratur,</em></strong></span> <span class='ocrx_word' id='word_1_586' title='bbox 3149 3894 3296 3963; x_wconf 89' lang='lat' dir='ltr'><strong><em>quod</em></strong></span> <span class='ocrx_word' id='word_1_587' title='bbox 3334 3901 3680 3954; x_wconf 85' lang='lat' dir='ltr'><strong><em>transmissus</em></strong></span> 
     </span>
    </p>
   </div>
   <div class='ocr_carea' id='block_1_99' title="bbox 2175 3971 3678 4054">
    <p class='ocr_par' dir='ltr' id='par_1_99' title="bbox 2175 3971 3678 4054">
     <span class='ocr_line' id='line_1_99' title="bbox 2175 3971 3678 4054; baseline 0.013 -29"><span class='ocrx_word' id='word_1_588' title='bbox 2175 3971 2363 4028; x_wconf 83' lang='lat' dir='ltr'><strong><em>Petrus</em></strong></span> <span class='ocrx_word' id='word_1_589' title='bbox 2390 3976 2599 4029; x_wconf 84' lang='lat' dir='ltr'><strong><em>venerit</em></strong></span> <span class='ocrx_word' id='word_1_590' title='bbox 2629 3976 2704 4030; x_wconf 91' lang='lat' dir='ltr'><strong><em>ad</em></strong></span> <span class='ocrx_word' id='word_1_591' title='bbox 2733 3977 3051 4034; x_wconf 86' lang='lat' dir='ltr'><strong><em>Cornelium</em></strong></span> <span class='ocrx_word' id='word_1_592' title='bbox 3119 3985 3463 4054; x_wconf 87' lang='lat' dir='ltr'><strong><em>Repetuntur</em></strong></span> <span class='ocrx_word' id='word_1_593' title='bbox 3487 4005 3521 4042; x_wconf 91' lang='lat' dir='ltr'><strong><em>a</em></strong></span> <span class='ocrx_word' id='word_1_594' title='bbox 3546 3989 3678 4043; x_wconf 89' lang='lat' dir='ltr'><strong><em>Cor-</em></strong></span> 
     </span>
    </p>
   </div>
   <div class='ocr_carea' id='block_1_100' title="bbox 2165 4061 3681 4146">
    <p class='ocr_par' dir='ltr' id='par_1_100' title="bbox 2165 4061 3681 4146">
     <span class='ocr_line' id='line_1_100' title="bbox 2165 4061 3681 4146; baseline 0.013 -33"><span class='ocrx_word' id='word_1_595' title='bbox 2165 4061 2313 4115; x_wconf 86' lang='lat' dir='ltr'><strong><em>nelio</em></strong></span> <span class='ocrx_word' id='word_1_596' title='bbox 2343 4077 2463 4131; x_wconf 71' lang='lat' dir='ltr'><strong><em>quae</em></strong></span> <span class='ocrx_word' id='word_1_597' title='bbox 2492 4063 2719 4133; x_wconf 90' lang='lat' dir='ltr'><strong><em>angelus</em></strong></span> <span class='ocrx_word' id='word_1_598' title='bbox 2746 4068 2934 4134; x_wconf 86' lang='lat' dir='ltr'><strong><em>fuerat</em></strong></span> <span class='ocrx_word' id='word_1_599' title='bbox 2960 4075 3206 4140; x_wconf 87' lang='lat' dir='ltr'><strong><em>testatus,</em></strong></span> <span class='ocrx_word' id='word_1_600' title='bbox 3239 4075 3452 4146; x_wconf 84' lang='lat' dir='ltr'><strong><em>ipsique</em></strong></span> <span class='ocrx_word' id='word_1_601' title='bbox 3483 4077 3681 4134; x_wconf 87' lang='lat' dir='ltr'><strong><em>Corne-</em></strong></span> 
     </span>
    </p>
   </div>
   <div class='ocr_carea' id='block_1_101' title="bbox 2169 4147 3675 4235">
    <p class='ocr_par' dir='ltr' id='par_1_101' title="bbox 2169 4147 3675 4235">
     <span class='ocr_line' id='line_1_101' title="bbox 2169 4147 3675 4235; baseline 0.013 -32"><span class='ocrx_word' id='word_1_602' title='bbox 2169 4147 2244 4204; x_wconf 90' lang='lat' dir='ltr'><strong><em>lio</em></strong></span> <span class='ocrx_word' id='word_1_603' title='bbox 2269 4159 2614 4208; x_wconf 78' lang='lat' dir='ltr'><strong><em>narraverat.</em></strong></span> <span class='ocrx_word' id='word_1_604' title='bbox 2664 4154 2817 4209; x_wconf 88' lang='lat' dir='ltr'><strong><em>Petri</em></strong></span> <span class='ocrx_word' id='word_1_605' title='bbox 2865 4156 3154 4215; x_wconf 85' lang='lat' dir='ltr'><strong><em>instructio</em></strong></span> <span class='ocrx_word' id='word_1_606' title='bbox 3202 4162 3268 4217; x_wconf 88' lang='lat' dir='ltr'><strong><em>de</em></strong></span> <span class='ocrx_word' id='word_1_607' title='bbox 3328 4165 3561 4235; x_wconf 83' lang='lat' dir='ltr'><strong><em>Christo,</em></strong></span> <span class='ocrx_word' id='word_1_608' title='bbox 3612 4183 3675 4222; x_wconf 90' lang='lat' dir='ltr'><strong><em>ac</em></strong></span> 
     </span>
    </p>
   </div>
   <div class='ocr_carea' id='block_1_102' title="bbox 2163 4236 3676 4320">
    <p class='ocr_par' dir='ltr' id='par_1_102' title="bbox 2163 4236 3676 4320">
     <span class='ocr_line' id='line_1_102' title="bbox 2163 4236 3676 4320; baseline 0.012 -28"><span class='ocrx_word' id='word_1_609' title='bbox 2163 4236 2405 4309; x_wconf 85' lang='lat' dir='ltr'><strong><em>Spiritus</em></strong></span> <span class='ocrx_word' id='word_1_610' title='bbox 2430 4243 2628 4307; x_wconf 85' lang='lat' dir='ltr'><strong><em>sancti,</em></strong></span> <span class='ocrx_word' id='word_1_611' title='bbox 2659 4258 2824 4314; x_wconf 87' lang='lat' dir='ltr'><strong><em>super</em></strong></span> <span class='ocrx_word' id='word_1_612' title='bbox 2852 4262 2940 4301; x_wconf 88' lang='lat' dir='ltr'><strong><em>eos</em></strong></span> <span class='ocrx_word' id='word_1_613' title='bbox 2968 4250 3066 4317; x_wconf 88' lang='lat' dir='ltr'><strong><em>qui</em></strong></span> <span class='ocrx_word' id='word_1_614' title='bbox 3087 4251 3406 4320; x_wconf 86' lang='lat' dir='ltr'><strong><em>audiebant,</em></strong></span> <span class='ocrx_word' id='word_1_615' title='bbox 3428 4255 3630 4309; x_wconf 89' lang='lat' dir='ltr'><strong><em>donum</em></strong></span> <span class='ocrx_word' id='word_1_616' title='bbox 3653 4272 3676 4308; x_wconf 86' lang='lat'><strong><em>:</em></strong></span> 
     </span>
    </p>
   </div>
   <div class='ocr_carea' id='block_1_103' title="bbox 2162 4330 3671 4413">
    <p class='ocr_par' dir='ltr' id='par_1_103' title="bbox 2162 4330 3671 4413">
     <span class='ocr_line' id='line_1_103' title="bbox 2162 4330 3671 4413; baseline 0.012 -31"><span class='ocrx_word' id='word_1_617' title='bbox 2162 4333 2216 4382; x_wconf 93' lang='lat' dir='ltr'><strong><em>et</em></strong></span> <span class='ocrx_word' id='word_1_618' title='bbox 2271 4330 2539 4399; x_wconf 86' lang='lat' dir='ltr'><strong><em>quomodo</em></strong></span> <span class='ocrx_word' id='word_1_619' title='bbox 2596 4331 2865 4403; x_wconf 76' lang='lat' dir='ltr'><strong><em>baptizati</em></strong></span> <span class='ocrx_word' id='word_1_620' title='bbox 2916 4336 3153 4408; x_wconf 82' lang='lat' dir='ltr'><strong><em>fuerint,</em></strong></span> <span class='ocrx_word' id='word_1_621' title='bbox 3185 4343 3283 4409; x_wconf 90' lang='lat' dir='ltr'><strong><em>qui</em></strong></span> <span class='ocrx_word' id='word_1_622' title='bbox 3323 4357 3394 4397; x_wconf 70' lang='lat' dir='ltr'><strong><em>ex</em></strong></span> <span class='ocrx_word' id='word_1_623' title='bbox 3420 4344 3671 4413; x_wconf 82' lang='lat' dir='ltr'><strong><em>gentibus</em></strong></span> 
     </span>
    </p>
   </div>
   <div class='ocr_carea' id='block_1_104' title="bbox 2163 4416 2533 4475">
    <p class='ocr_par' dir='ltr' id='par_1_104' title="bbox 2163 4416 2533 4475">
     <span class='ocr_line' id='line_1_104' title="bbox 2163 4416 2533 4475; baseline 0.008 -3"><span class='ocrx_word' id='word_1_624' title='bbox 2163 4416 2533 4475; x_wconf 85' lang='lat' dir='ltr'><strong><em>crediderant.</em></strong></span> 
     </span>
    </p>
   </div>
   <div class='ocr_carea' id='block_1_105' title="bbox 2021 4595 3668 4676">
    <p class='ocr_par' dir='ltr' id='par_1_105' title="bbox 2021 4595 3668 4676">
     <span class='ocr_line' id='line_1_105' title="bbox 2021 4595 3668 4676; baseline 0.01 -27"><span class='ocrx_word' id='word_1_625' title='bbox 2021 4595 2109 4650; x_wconf 79' lang='grc'><strong>16.</strong></span> <span class='ocrx_word' id='word_1_626' title='bbox 2156 4595 2434 4661; x_wconf 80' lang='lat' dir='ltr'><strong><em>Quomodo</em></strong></span> <span class='ocrx_word' id='word_1_627' title='bbox 2487 4599 2683 4657; x_wconf 87' lang='lat' dir='ltr'><strong><em>Petrus</em></strong></span> <span class='ocrx_word' id='word_1_628' title='bbox 2739 4600 2993 4674; x_wconf 82' lang='lat' dir='ltr'><strong><em>deinceps</em></strong></span> <span class='ocrx_word' id='word_1_629' title='bbox 3030 4605 3195 4660; x_wconf 91' lang='lat' dir='ltr'><strong><em>etiam</em></strong></span> <span class='ocrx_word' id='word_1_630' title='bbox 3224 4607 3446 4676; x_wconf 88' lang='lat' dir='ltr'><strong><em>singula</em></strong></span> <span class='ocrx_word' id='word_1_631' title='bbox 3474 4623 3668 4666; x_wconf 84' lang='lat' dir='ltr'><strong><em>eorum</em></strong></span> 
     </span>
    </p>
   </div>
   <div class='ocr_carea' id='block_1_106' title="bbox 2158 4693 3667 4768">
    <p class='ocr_par' dir='ltr' id='par_1_106' title="bbox 2158 4693 3667 4768">
     <span class='ocr_line' id='line_1_106' title="bbox 2158 4693 3667 4768; baseline 0.011 -28"><span class='ocrx_word' id='word_1_632' title='bbox 2158 4701 2280 4755; x_wconf 73' lang='lat' dir='ltr'><strong><em>quae</em></strong></span> <span class='ocrx_word' id='word_1_633' title='bbox 2309 4696 2436 4742; x_wconf 71' lang='lat' dir='ltr'><strong><em>acta</em></strong></span> <span class='ocrx_word' id='word_1_634' title='bbox 2459 4695 2585 4744; x_wconf 86' lang='lat' dir='ltr'><strong><em>sunt</em></strong></span> <span class='ocrx_word' id='word_1_635' title='bbox 2613 4697 2812 4745; x_wconf 89' lang='lat' dir='ltr'><strong><em>narrat</em></strong></span> <span class='ocrx_word' id='word_1_636' title='bbox 2875 4693 3136 4762; x_wconf 88' lang='lat' dir='ltr'><strong><em>apostolis</em></strong></span> <span class='ocrx_word' id='word_1_637' title='bbox 3184 4695 3442 4754; x_wconf 86' lang='lat' dir='ltr'><strong><em>adversus</em></strong></span> <span class='ocrx_word' id='word_1_638' title='bbox 3487 4699 3667 4768; x_wconf 89' lang='lat' dir='ltr'><strong><em>ipsum</em></strong></span> 
     </span>
    </p>
   </div>
   <div class='ocr_carea' id='block_1_107' title="bbox 2158 4777 3664 4846">
    <p class='ocr_par' dir='ltr' id='par_1_107' title="bbox 2158 4777 3664 4846">
     <span class='ocr_line' id='line_1_107' title="bbox 2158 4777 3664 4846; baseline 0.01 -16"><span class='ocrx_word' id='word_1_639' title='bbox 2158 4777 2604 4846; x_wconf 72' lang='lat' dir='ltr'><strong><em>disreptantibus.</em></strong></span> <span class='ocrx_word' id='word_1_640' title='bbox 2668 4780 2817 4835; x_wconf 84' lang='lat' dir='ltr'><strong><em>Tunc</em></strong></span> <span class='ocrx_word' id='word_1_641' title='bbox 2875 4788 3060 4836; x_wconf 89' lang='lat' dir='ltr'><strong><em>autem</em></strong></span> <span class='ocrx_word' id='word_1_642' title='bbox 3115 4784 3435 4842; x_wconf 88' lang='lat' dir='ltr'><strong><em>Barnabam</em></strong></span> <span class='ocrx_word' id='word_1_643' title='bbox 3502 4790 3664 4845; x_wconf 87' lang='lat' dir='ltr'><strong><em>mise-</em></strong></span> 
     </span>
    </p>
   </div>
   <div class='ocr_carea' id='block_1_108' title="bbox 2154 4867 3298 4938">
    <p class='ocr_par' dir='ltr' id='par_1_108' title="bbox 2154 4867 3298 4938">
     <span class='ocr_line' id='line_1_108' title="bbox 2154 4867 3298 4938; baseline 0.01 -19"><span class='ocrx_word' id='word_1_644' title='bbox 2154 4872 2286 4920; x_wconf 88' lang='lat' dir='ltr'><strong><em>runt</em></strong></span> <span class='ocrx_word' id='word_1_645' title='bbox 2315 4867 2388 4920; x_wconf 91' lang='lat' dir='ltr'><strong><em>ad</em></strong></span> <span class='ocrx_word' id='word_1_646' title='bbox 2414 4869 2620 4935; x_wconf 85' lang='lat' dir='ltr'><strong><em>fratres</em></strong></span> <span class='ocrx_word' id='word_1_647' title='bbox 2657 4870 2756 4938; x_wconf 90' lang='lat' dir='ltr'><strong><em>qui</em></strong></span> <span class='ocrx_word' id='word_1_648' title='bbox 2783 4876 2938 4924; x_wconf 89' lang='lat' dir='ltr'><strong><em>erant</em></strong></span> <span class='ocrx_word' id='word_1_649' title='bbox 2967 4872 3298 4933; x_wconf 62' lang='lat' dir='ltr'><strong><em>Antiochia.</em></strong></span> 
     </span>
    </p>
   </div>
   <div class='ocr_carea' id='block_1_109' title="bbox 2012 5045 3667 5124">
    <p class='ocr_par' dir='ltr' id='par_1_109' title="bbox 2012 5045 3667 5124">
     <span class='ocr_line' id='line_1_109' title="bbox 2012 5045 3667 5124; baseline 0.009 -26"><span class='ocrx_word' id='word_1_650' title='bbox 2012 5047 2098 5100; x_wconf 83' lang='grc'><strong>17.</strong></span> <span class='ocrx_word' id='word_1_651' title='bbox 2151 5045 2450 5116; x_wconf 86' lang='lat' dir='ltr'><strong><em>Prophetia</em></strong></span> <span class='ocrx_word' id='word_1_652' title='bbox 2477 5046 2654 5115; x_wconf 83' lang='lat' dir='ltr'><strong><em>Agabi</em></strong></span> <span class='ocrx_word' id='word_1_653' title='bbox 2681 5046 2749 5102; x_wconf 88' lang='lat' dir='ltr'><strong><em>de</em></strong></span> <span class='ocrx_word' id='word_1_654' title='bbox 2797 5052 3046 5118; x_wconf 88' lang='lat' dir='ltr'><strong><em>generali</em></strong></span> <span class='ocrx_word' id='word_1_655' title='bbox 3067 5069 3173 5122; x_wconf 89' lang='lat' dir='ltr'><strong><em>per</em></strong></span> <span class='ocrx_word' id='word_1_656' title='bbox 3200 5055 3386 5110; x_wconf 89' lang='lat' dir='ltr'><strong><em>orbem</em></strong></span> <span class='ocrx_word' id='word_1_657' title='bbox 3412 5059 3580 5124; x_wconf 88' lang='lat' dir='ltr'><strong><em>fame,</em></strong></span> <span class='ocrx_word' id='word_1_658' title='bbox 3612 5066 3667 5113; x_wconf 93' lang='lat' dir='ltr'><strong><em>et</em></strong></span> 
     </span>
    </p>
   </div>
   <div class='ocr_carea' id='block_1_110' title="bbox 2153 5134 3666 5212">
    <p class='ocr_par' dir='ltr' id='par_1_110' title="bbox 2153 5134 3666 5212">
     <span class='ocr_line' id='line_1_110' title="bbox 2153 5134 3666 5212; baseline 0.008 -23"><span class='ocrx_word' id='word_1_659' title='bbox 2153 5134 2492 5204; x_wconf 80' lang='lat' dir='ltr'><strong><em>eleemosyna</em></strong></span> <span class='ocrx_word' id='word_1_660' title='bbox 2521 5134 2748 5191; x_wconf 87' lang='lat' dir='ltr'><strong><em>collecta</em></strong></span> <span class='ocrx_word' id='word_1_661' title='bbox 2799 5139 2951 5209; x_wconf 90' lang='lat' dir='ltr'><strong><em>apud</em></strong></span> <span class='ocrx_word' id='word_1_662' title='bbox 3002 5143 3210 5209; x_wconf 84' lang='lat' dir='ltr'><strong><em>fratres</em></strong></span> <span class='ocrx_word' id='word_1_663' title='bbox 3240 5146 3338 5212; x_wconf 78' lang='lat' dir='ltr'><strong><em>qui</em></strong></span> <span class='ocrx_word' id='word_1_664' title='bbox 3366 5153 3526 5200; x_wconf 89' lang='lat' dir='ltr'><strong><em>erant</em></strong></span> <span class='ocrx_word' id='word_1_665' title='bbox 3555 5147 3666 5201; x_wconf 82' lang='lat' dir='ltr'><strong><em>An-</em></strong></span> 
     </span>
    </p>
   </div>
   <div class='ocr_carea' id='block_1_111' title="bbox 2152 5223 2388 5278">
    <p class='ocr_par' dir='ltr' id='par_1_111' title="bbox 2152 5223 2388 5278">
     <span class='ocr_line' id='line_1_111' title="bbox 2152 5223 2388 5278; baseline 0.008 -2"><span class='ocrx_word' id='word_1_666' title='bbox 2152 5223 2388 5278; x_wconf 66' lang='lat' dir='ltr'><strong><em>tiochiz.</em></strong></span> 
     </span>
    </p>
   </div>
   <div class='ocr_carea' id='block_1_112' title="bbox 2013 5306 3663 5391">
    <p class='ocr_par' dir='ltr' id='par_1_112' title="bbox 2013 5306 3663 5391">
     <span class='ocr_line' id='line_1_112' title="bbox 2013 5306 3663 5391; baseline 0.007 -24"><span class='ocrx_word' id='word_1_667' title='bbox 2013 5313 2091 5367; x_wconf 79' lang='grc'><strong><em>18.</em></strong></span> <span class='ocrx_word' id='word_1_668' title='bbox 2145 5313 2339 5367; x_wconf 87' lang='lat' dir='ltr'><strong><em>Jacobi</em></strong></span> <span class='ocrx_word' id='word_1_669' title='bbox 2367 5314 2604 5383; x_wconf 82' lang='lat' dir='ltr'><strong><em>apostoli</em></strong></span> <span class='ocrx_word' id='word_1_670' title='bbox 2633 5306 3008 5388; x_wconf 59' lang='lat' dir='ltr'><strong><em>interemp&#39;tio.</em></strong></span> <span class='ocrx_word' id='word_1_671' title='bbox 3041 5321 3100 5374; x_wconf 89' lang='lat' dir='ltr'><strong><em>in</em></strong></span> <span class='ocrx_word' id='word_1_672' title='bbox 3126 5337 3232 5391; x_wconf 90' lang='lat' dir='ltr'><strong><em>quo</em></strong></span> <span class='ocrx_word' id='word_1_673' title='bbox 3262 5329 3530 5377; x_wconf 91' lang='lat' dir='ltr'><strong><em>narratur</em></strong></span> <span class='ocrx_word' id='word_1_674' title='bbox 3557 5324 3663 5379; x_wconf 88' lang='lat' dir='ltr'><strong><em>Pe-</em></strong></span> 
     </span>
    </p>
   </div>
   <div class='ocr_carea' id='block_1_113' title="bbox 2152 5403 3662 5481">
    <p class='ocr_par' dir='ltr' id='par_1_113' title="bbox 2152 5403 3662 5481">
     <span class='ocr_line' id='line_1_113' title="bbox 2152 5403 3662 5481; baseline 0.008 -25"><span class='ocrx_word' id='word_1_675' title='bbox 2152 5404 2225 5456; x_wconf 90' lang='lat' dir='ltr'><strong><em>tri</em></strong></span> <span class='ocrx_word' id='word_1_676' title='bbox 2257 5403 2324 5456; x_wconf 89' lang='lat' dir='ltr'><strong><em>ab</em></strong></span> <span class='ocrx_word' id='word_1_677' title='bbox 2357 5403 2567 5459; x_wconf 88' lang='lat' dir='ltr'><strong><em>Herode</em></strong></span> <span class='ocrx_word' id='word_1_678' title='bbox 2595 5407 3041 5477; x_wconf 79' lang='lat' dir='ltr'><strong><em>comprehensio:</em></strong></span> <span class='ocrx_word' id='word_1_679' title='bbox 3089 5417 3142 5464; x_wconf 89' lang='lat' dir='ltr'><strong><em>et</em></strong></span> <span class='ocrx_word' id='word_1_680' title='bbox 3187 5411 3454 5480; x_wconf 89' lang='lat' dir='ltr'><strong><em>quomodo</em></strong></span> <span class='ocrx_word' id='word_1_681' title='bbox 3485 5413 3662 5481; x_wconf 89' lang='lat' dir='ltr'><strong><em>ipsum</em></strong></span> 
     </span>
    </p>
   </div>
   <div class='ocr_carea' id='block_1_114' title="bbox 2148 5493 3661 5568">
    <p class='ocr_par' dir='ltr' id='par_1_114' title="bbox 2148 5493 3661 5568">
     <span class='ocr_line' id='line_1_114' title="bbox 2148 5493 3661 5568; baseline 0.007 -21"><span class='ocrx_word' id='word_1_682' title='bbox 2148 5493 2378 5562; x_wconf 88' lang='lat' dir='ltr'><strong><em>angelus</em></strong></span> <span class='ocrx_word' id='word_1_683' title='bbox 2432 5494 2620 5551; x_wconf 89' lang='lat' dir='ltr'><strong><em>divino</em></strong></span> <span class='ocrx_word' id='word_1_684' title='bbox 2663 5498 2827 5568; x_wconf 86' lang='lat' dir='ltr'><strong><em>jussu</em></strong></span> <span class='ocrx_word' id='word_1_685' title='bbox 2882 5515 2916 5553; x_wconf 92' lang='lat' dir='ltr'><strong><em>a</em></strong></span> <span class='ocrx_word' id='word_1_686' title='bbox 2972 5500 3207 5554; x_wconf 85' lang='lat' dir='ltr'><strong><em>vinculis</em></strong></span> <span class='ocrx_word' id='word_1_687' title='bbox 3265 5501 3565 5557; x_wconf 86' lang='lat' dir='ltr'><strong><em>liberavit:</em></strong></span> <span class='ocrx_word' id='word_1_688' title='bbox 3609 5508 3661 5558; x_wconf 92' lang='lat' dir='ltr'><strong><em>et</em></strong></span> 
     </span>
    </p>
   </div>
   <div class='ocr_carea' id='block_1_115' title="bbox 2148 5583 3656 5664">
    <p class='ocr_par' dir='ltr' id='par_1_115' title="bbox 2148 5583 3656 5664">
     <span class='ocr_line' id='line_1_115' title="bbox 2148 5583 3656 5664; baseline 0.005 -26"><span class='ocrx_word' id='word_1_689' title='bbox 2148 5583 2343 5641; x_wconf 87' lang='lat' dir='ltr'><strong><em>Petrus</em></strong></span> <span class='ocrx_word' id='word_1_690' title='bbox 2400 5585 2496 5642; x_wconf 84' lang='lat' dir='ltr'><strong><em>ubi</em></strong></span> <span class='ocrx_word' id='word_1_691' title='bbox 2550 5587 2824 5654; x_wconf 86' lang='lat' dir='ltr'><strong><em>fratribus</em></strong></span> <span class='ocrx_word' id='word_1_692' title='bbox 2876 5594 3043 5644; x_wconf 86' lang='lat' dir='ltr'><strong><em>noctu</em></strong></span> <span class='ocrx_word' id='word_1_693' title='bbox 3089 5593 3460 5664; x_wconf 85' lang='lat' dir='ltr'><strong><em>apparuisset,</em></strong></span> <span class='ocrx_word' id='word_1_694' title='bbox 3515 5592 3656 5647; x_wconf 83' lang='lat' dir='ltr'><strong><em>clam</em></strong></span> 
     </span>
    </p>
   </div>
  </div>
