4136 6200
449 829 533 883 19.

1575 313 2000 386 (ECUMENII
2044 315 2346 382 TRICCIE
2391 313 2736 379 EPISCOPI

591 463 839 521 discessit
858 478 879 517 .°
906 463 965 517 in
1015 473 1124 532 quo
1173 463 1465 527 narratur,
1496 462 1552 513 et
1577 456 1646 512 de
1676 456 1889 512 ultione
1912 459 2093 510 custo-

588 555 739 622 dum,
772 559 823 609 et
852 556 1243 621 consequenter
1279 548 1346 605 de
1399 546 1566 620 impii
1614 546 1836 603 Herodis
1891 543 2095 601 misera

588 645 890 714 acerbaque
906 642 1241 713 perditione.

584 825 804 895 Legatio
835 820 1112 877 Barnabas
1157 823 1212 873 et
1268 815 1430 872 Pauli
1489 830 1524 871 a
1579 815 1767 870 divino
1797 813 2009 884 Spiritu
2039 815 2098 868 in

592 916 854 986 Cyprum,
888 925 1123 982 quaeque
1150 909 1210 962 in
1239 908 1478 976 Elyman
1521 920 1742 975 magum
1763 919 1870 975 per
1899 903 2100 959 Christi

585 1019 783 1060 nomen
811 1001 1023 1073 operati
1050 1003 1199 1054 sunt.

441 1187 530 1240 20.
581 1184 804 1238 Florens
862 1177 1026 1234 Pauli
1082 1177 1337 1232 doctrina
1385 1176 1585 1230 ducens
1656 1173 1731 1227 ad
1791 1171 2098 1235 Christum,

446 1720 535 1771 21.

452 2433 543 2489 23.

446 2967 536 3022 24.

448 3953 536 4006 25.

445 4217 535 4275 26.

450 4495 537 4548 27.

453 5301 540 5354 28.

589 1279 705 1326 tum
735 1287 804 1325 ex
835 1269 970 1337 lege,
1018 1272 1130 1320 tum
1172 1271 1364 1336 postea
1394 1280 1463 1318 ea:
1486 1260 1795 1333 prophetis,
1833 1260 2099 1316 historica

586 1367 636 1416 et
662 1358 996 1428 evangelica.
1025 1369 1152 1425 quae
1190 1360 1242 1409 et
1289 1353 1574 1408 collectiva
1605 1357 1681 1406 est
1712 1357 1765 1405 et
1793 1352 2100 1404 ratiocina-

590 1453 722 1505 tiva.
776 1450 849 1503 De
906 1446 1268 1501 translatione
1320 1442 1741 1513 praedicationis
1769 1439 1844 1493 ad
1889 1446 2098 1508 gentes,

586 1551 881 1606 eorumque
932 1535 1134 1590 ibidem
1184 1533 1562 1603 persecutione
1607 1545 1671 1585 ae
1718 1529 1986 1585 divisione
2038 1528 2099 1584 in

589 1629 858 1682 Iconium.

588 1714 865 1782 Quomodo
899 1714 1070 1768 lconii
1123 1710 1402 1766 Christum
1440 1709 1874 1780 praedicaverint
1903 1723 1916 1762 :
1950 1723 2103 1762 cum-

595 1822 699 1875 que
729 1805 925 1858 multic
959 1800 1312 1865 redidissent,
1339 1801 1770 1870 persecutionem
1794 1799 1947 1868 passi
1975 1803 2102 1852 sunt

591 1894 841 1964 apostoli.

595 1986 665 2038 De
696 1981 890 2038 claudo
916 1997 949 2036 a
977 1981 1271 2036 nativitate
1316 1981 1415 2049 qui
1475 1980 1683 2048 Lystris
1707 1993 1809 2048 per
1836 1976 2105 2048 apostolos

591 2079 814 2128 curatus
844 2077 956 2127 est:
985 2077 1218 2142 propter
1243 2068 1389 2139 quod
1431 2069 1513 2122 dii
1562 2084 1690 2134 esse,
1720 2074 1772 2122 et
1801 2070 1990 2135 furore
2014 2066 2103 2121 di-

588 2165 716 2219 vino
746 2163 953 2231 agitari
980 2162 1084 2215 visi
1111 2166 1238 2215 sunt
1281 2159 1495 2214 incolis.
1535 2159 1636 2213 Ubi
1659 2165 1853 2228 postea
1884 2157 2106 2228 lapida-

590 2259 682 2308 tur
709 2251 914 2307 Paulus
946 2267 979 2305 a
1006 2249 1214 2304 Iudaeis
1242 2249 1370 2304 urbi
1397 2248 1614 2304 vicinis.

596 2432 752 2498 Quod
778 2447 890 2487 non
950 2434 1198 2501 oporteat
1255 2444 1324 2483 ea:
1374 2427 1624 2498 gentibus
1679 2424 1958 2482 credentes
1994 2427 2104 2480 cir-

588 2521 847 2583 cumcidi.
867 2523 1041 2592 juxta
1089 2521 1363 2575 decretum
1413 2534 1476 2573 ac
1528 2518 1853 2573 sententiam
1884 2521 2104 2587 aposto-

591 2609 785 2666 lorum.
824 2613 883 2665 in
913 2625 1021 2680 quo
1073 2611 1306 2679 ponitur
1365 2606 1566 2676 legatio
1608 2607 2002 2677 apostolorum,
2033 2605 2108 2660 ad

587 2716 676 2756 eos
705 2701 803 2772 qui
848 2715 876 2755 e
923 2700 1174 2770 gentibus
1221 2697 1595 2761 crediderunt,
1627 2696 1695 2751 de
1739 2695 1826 2751 his
1856 2709 1984 2766 quae
2009 2694 2105 2749 ob-

587 2790 858 2846 servanda
912 2794 1069 2844 erant
1148 2788 1444 2843 Altercatio
1483 2785 1648 2841 Pauli
1675 2784 1934 2841 adversus
1962 2785 2108 2840 Bar-

590 2880 791 2934 nabam
818 2885 1050 2948 propter
1077 2879 1345 2932 Marcum.

588 2967 663 3021 De
692 2968 1052 3022 instructione
1107 2963 1398 3025 Timothei,
1447 2967 1500 3017 et
1553 2961 1712 3017 Pauli
1759 2962 1818 3017 in
1860 2962 2104 3016 Macedo-

586 3060 737 3110 niam
759 3057 932 3125 juxta
975 3057 1362 3111 revelationem
1411 3053 1712 3108 emissione.
1748 3053 1806 3106 in
1839 3068 1946 3123 quo
1969 3069 2108 3107 nar-

587 3153 752 3202 ratur
775 3146 842 3200 de
869 3145 976 3215 [ide
1005 3162 1069 3200 ac
1097 3145 1273 3200 salute
1294 3143 1584 3214 cujusdam
1614 3141 1858 3197 mulieris
1883 3143 2103 3212 Lydia:

587 3233 654 3289 de
681 3235 861 3289 salute
888 3234 1086 3304 puella
1126 3234 1376 3288 habentis
1421 3230 1681 3301 spiritum
1710 3229 2103 3299 divinatorem,

583 3330 816 3393 propter
871 3339 1042 3393 quam
1096 3322 1310 3376 domini
1363 3321 1707 3375 incluserunt
1759 3319 1994 3374 Paulum
2045 3321 2104 3373 in

593 3427 883 3468 carcerem.
936 3414 1012 3466 De
1060 3415 1374 3465 terrmmotu
1424 3425 1488 3463 ac
1541 3407 1812 3463 miraculo
1851 3408 2001 3477 quod
2028 3409 2110 3464 ibi

593 3503 845 3570 contigit.
879 3511 928 3554 et
960 3501 1236 3569 quomodo
1293 3504 1470 3552 custos
1517 3498 1752 3552 carceris
1781 3513 1904 3551 cum
1934 3496 2107 3552 credi-

595 3590 760 3647 disset
791 3591 849 3644 in
879 3591 1001 3660 ipsa
1029 3596 1207 3648 nocte.
1241 3594 1462 3659 repente
1490 3603 1610 3641 rum
1652 3585 1910 3641 universa
1936 3588 2104 3654 fami-

593 3679 670 3734 lia
701 3680 1008 3750 baptizatus
1042 3684 1138 3734 est.
1186 3677 1340 3742 Quod
1386 3677 1570 3746 rogati
1608 3674 1850 3730 exierint
1880 3681 2011 3730 tunc
2039 3674 2108 3730 de

591 3784 806 3825 carcere
829 3767 1085 3840 apostoli.

589 3951 661 4007 De
704 3951 968 4007 seditione
1023 3951 1177 4018 facta
1237 3947 1627 4002 Thessalonicae
1657 3945 1722 4001 ob
1749 3946 2104 4016 prxdicatio-

591 4057 734 4105 nem,
761 4043 1005 4110 fugaque
1027 4037 1194 4094 Pauli
1221 4039 1281 4091 in
1307 4038 1576 4105 Beroeam,
1608 4043 1662 4091 et
1690 4035 1820 4090 inde
1846 4037 1907 4089 in
1935 4034 2107 4090 Athe-

594 4146 709 4185 nas.

589 4220 662 4274 De
689 4221 969 4289 scriptura
1016 4232 1146 4289 quae
1187 4232 1352 4288 super
1399 4231 1555 4270 aram
1604 4220 1723 4270 erat
1749 4213 2021 4270 Athenis:
2052 4219 2106 4270 et

599 4308 664 4364 de
692 4309 853 4364 docta
885 4307 1042 4363 Pauli
1065 4307 1466 4378 praedicatione
1493 4321 1558 4360 ac
1587 4305 1760 4376 ipsius
1782 4307 2016 4375 pietate.

593 4492 665 4546 De
696 4489 896 4560 Aquila
924 4495 976 4544 et
1013 4488 1269 4543 Priscilla
1299 4503 1361 4542 ac
1413 4485 1822 4542 Corinthiorum
1853 4484 2104 4540 incredu-

596 4581 772 4641 litate.
827 4581 1030 4650 Deique
1080 4577 1441 4648 beneplacito,
1497 4574 1646 4644 quod
1695 4574 1868 4628 Paulo
1895 4573 2108 4629 revela-

594 4677 706 4725 tum
750 4675 827 4726 est
874 4668 1169 4725 secundum
1211 4662 1622 4737 providentiam
1652 4676 1782 4732 qua
1823 4678 1956 4732 erga
1986 4664 2108 4719 illos

593 4766 751 4817 erat:
787 4761 846 4814 in
876 4775 984 4830 quo
1013 4759 1178 4812 etiam
1226 4757 1416 4825 agitur
1455 4754 1521 4808 de
1561 4752 1751 4822 Crispo
1782 4751 2106 4822 archisyna-

592 4864 754 4921 gago,
786 4849 885 4920 qui
916 4864 1035 4904 cum
1068 4846 1194 4902 aliis
1224 4843 1550 4916 quibusdam
1581 4840 1815 4896 credidit
1843 4846 1893 4896 et
1921 4841 2109 4911 bapti-

594 4946 752 4994 zatus
778 4945 856 4992 est
884 4955 896 4992 :
930 4936 1081 5007 quod
1121 4936 1391 4991 seditione
1441 4931 1695 4988 Corinthi
1721 4937 1868 4985 mota
1897 4927 2110 4986 Paulus

597 5029 736 5085 clam
759 5027 996 5084 discessit
1037 5042 1269 5096 cumque
1287 5026 1516 5080 venisset
1539 5020 1812 5092 Ephesum
1833 5035 1896 5075 ac
1915 5017 2111 5090 dispu-

600 5124 783 5186 tasset,
815 5131 1056 5187 egressus
1079 5122 1196 5171 est:
1229 5115 1297 5170 de
1324 5111 1528 5185 Apollo
1575 5112 1695 5166 viro
1733 5109 2019 5180 eloquente
2046 5123 2111 5164 ac

599 5209 775 5280 ﬁdeli.

597 5301 672 5355 De
702 5299 1028 5370 baptismate
1057 5302 1110 5352 et
1152 5296 1392 5366 Spiritus
1439 5291 1619 5349 sancti
1645 5292 1789 5347 dono
1814 5305 1918 5361 per
1945 5286 2113 5344 Pauli

595 5392 905 5444 orationem
935 5387 1066 5442 dato
1093 5386 1176 5441 his
1205 5385 1302 5456 qui
1328 5383 1532 5453 Ephesi
1562 5381 1934 5442 crediderant.
1966 5385 2017 5434 et
2046 5377 2114 5435 da

595 5477 773 5533 salute
820 5479 1050 5550 populi:
1101 5479 1160 5532 in
1194 5490 1304 5546 quo
1351 5475 1618 5528 narratur
1661 5470 1829 5525 etiam
1879 5469 1945 5525 de
1983 5469 2114 5540 filiis

595 5566 797 5638 Saeve,
833 5575 880 5624 et
911 5567 1061 5640 quod
1089 5583 1201 5622 non
1232 5569 1485 5636 oporteat
1516 5561 1590 5617 ad
1630 5559 1940 5615 incredulos
1968 5575 2116 5616 acce-

597 5655 748 5725 dere,
795 5673 992 5731 eosque
1039 5659 1138 5732 qui
1187 5672 1240 5714 se
1286 5653 1648 5713 reddiderunt
1681 5649 1790 5719 [ide
1818 5649 2112 5724 indignos:

2209 807 2292 864 ιϐ’.

2209 1707 2311 1768 κατ’.

2211 2424 2310 2498 κγ’.

2212 2954 2314 3015 κδ’.

2217 5289 2324 5356 κη’.

2303 2020 2318 2032 .
2361 1977 2486 2049 Περὶ
2581 1981 2678 2032 τοῦ
2771 1975 2824 2033 ἐν

3781 321 3868 381 40

2343 469 2434 511 νος
2542 448 2755 524 νύκτωρ
2828 451 2949 512 τοῖς
3037 443 3303 524 ἀδελφοῖς
3405 448 3863 528 ὑπανεχώρησεν.

2345 535 2398 593 ἐν
2475 538 2523 610 ᾧ
2609 537 2736 614 περὶ
2825 539 2926 606 τῆς
3021 536 3283 616 φυλάκων
3369 536 3674 602 κολάσεως.
3753 539 3861 598 Καὶ

2348 625 2638 702 μετέπειτα
2731 629 2856 703 περὶ
2964 630 3064 697 τῆς
3136 633 3232 684 τοῦ
3307 625 3535 694 ἀσεϐοῦς
3609 630 3864 706 Ἡρώδου

2347 723 2546 792 πικρᾶς
2583 737 2641 772 τε
2679 717 2770 773 καὶ
2810 715 3067 793 ὀλεθρίου
3095 725 3497 798 καταστροφῆς.

2344 807 2661 876 Ἀποστολὴ
2743 801 2991 880 Βαρνάϐα
3064 808 3154 862 καί
3238 808 3457 865 Παύλου
3549 807 3688 883 πρὸς
3764 815 3866 866 τοῦ

2348 898 2494 953 θείου
2534 897 2846 972 Πνεύματος
2912 897 2990 961 εἰς
3056 897 3293 974 Κύπρον,
3369 898 3469 954 ὅσα
3539 921 3598 956 τε
3673 899 3868 976 εἰργά-

2349 1007 2510 1043 σαντο
2584 985 2637 1042 ἐν
2711 987 2938 1062 ὀνόματι
3003 989 3249 1064 Χριστοῦ
3289 987 3365 1052 είς
3439 987 3691 1064 Ἐλύμαν
3763 991 3860 1058 τὸν

2355 1079 2549 1152 μάγον.

2295 1212 2308 1225 .
2351 1166 2576 1226 Παύλου
2631 1167 2869 1238 εὖθαλὴς
2928 1165 3255 1224 διδασκαλία
3329 1167 3409 1231 εἰς
3483 1169 3711 1244 Χριστὸν
3801 1167 3864 1225 ἔκ

2347 1279 2406 1315 τε
2477 1257 2575 1314 τοῦ
2647 1258 2828 1334 νόμου
2899 1260 2987 1314 καὶ
3064 1260 3293 1330 καθεξῆς
3363 1264 3473 1314 τῶν
3540 1262 3865 1340 προφητῶν,

2350 1349 2600 1421 ἱστορικὴ
2662 1347 2753 1402 καὶ
2812 1345 3166 1425 εύαγγελικὴ,
3225 1347 3276 1403 ἐν
3323 1349 3369 1422 ᾧ
3426 1346 3713 1420 ἐκλεκτική
3769 1349 3867 1406 καὶ

2351 1433 2768 1512 συλλογιστική.
2867 1438 2994 1512 Περί
3095 1435 3430 1511 μεταθέσεως
3515 1441 3614 1493 τοῦ
3686 1435 3868 1514 κηρύ-

2351 1544 2565 1601 γματος
2631 1525 2707 1588 είς
2747 1525 2814 1580 τὰ
2853 1523 3008 1598 εθνη,
3050 1524 3304 1603 διωγμοῦ
3363 1547 3422 1582 τε
3485 1526 3661 1582 αὐτῶν
3729 1523 3868 1600 ἐκεῖ,

2352 1614 2442 1670 καὶ
2473 1614 2702 1694 ἀφίξεως
2729 1613 2808 1677 είς
2839 1617 3080 1675 Ἰκόνιον.

2350 1708 2540 1770 Ὅπως
2614 1707 2665 1763 ἐν
2757 1707 2967 1781 Ἰκονίῳ
3038 1708 3366 1783 κηρύξαντες
3439 1708 3532 1764 τὸν
3609 1708 3868 1783 Χριστὸν,

2352 1797 2580 1853 πολλῶν
2672 1818 2732 1854 τε
2839 1798 3239 1854 πιστευσάντων
3345 1795 3695 1873 ἐδιώχθησαν
3809 1798 3866 1853 οἱ

2355 1885 2678 1942 ἂπόστολοισ

2907 1975 3165 2051 Λύστροις
3241 1976 3301 2033 ἐκ
3373 1982 3594 2054 γενετῆς
3669 1974 3864 2052 χωλοῦ

2359 2065 2596 2130 ἷαθέντος
2664 2065 2754 2122 διὰ
2814 2071 2922 2124 τῶν
2988 2066 3331 2125 ἀποστόλων·
3403 2065 3475 2122 δι’
3531 2067 3662 2143 ὅπερ
3733 2067 3854 2122 εἶνα

2351 2176 2410 2212 τε
2477 2157 2609 2227 θεοὶ,
2671 2158 2761 2213 καὶ
2827 2165 3057 2233 μανῆναι
3121 2164 3240 2221 τοῖς
3289 2157 3586 2234 ἰγχωρίοις
3651 2151 3864 2228 ἔδοξαν.

2353 2247 2514 2311 Ἔνθα
2581 2243 2648 2316 δή
2715 2248 2806 2303 καὶ
2877 2246 3162 2322 μετέπειτα
3201 2245 3478 2317 λιθάζεται
3545 2247 3573 2302 ὁ
3645 2243 3862 2304 Παῦλος

2355 2337 2502 2412 παρὰ
2536 2340 2645 2391 τῶν
2687 2337 3078 2412 ἀστυγειτόνων
3119 2335 3416 2394 Ἰουδαίων.

2350 2425 2473 2482 Ὅτι
2550 2425 2613 2480 ού
2685 2429 3100 2504 περιτέμνεσθαι
3175 2426 3303 2489 τοὺς
3379 2424 3429 2499 ἐξ
3533 2425 3696 2491 ἱθνῶν
3771 2447 3876 2482 πι-

2357 2513 2697 2586 στεύσαντας,
2797 2513 3034 2592 δόγματι
3124 2515 3216 2572 καὶ
3291 2513 3467 2592 κρίσει
3540 2519 3648 2571 τῶν
3720 2517 3869 2572 ἀπο-

2356 2599 2590 2658 στόλων·
2670 2601 2722 2658 ἐν
2822 2606 2868 2678 ᾧ
2971 2602 3271 2676 Ἐπιστολή
3362 2607 3470 2660 τῶν
3545 2604 3866 2661 ἀποστόλων

2357 2692 2494 2768 πρὸς
2563 2691 2692 2758 τοὺς
2766 2692 2817 2767 ιε
2895 2693 3061 2759 ίθνῶν
3135 2695 3262 2770 περὶ
3357 2693 3433 2749 ὧν
3537 2691 3864 2771 φυλακτέον.

2357 2779 2702 2858 Ἀντίῤῥησις
2809 2781 3032 2839 Παύλου
3140 2782 3278 2858 πρὸς
3391 2775 3666 2856 Βαρνάϐαν
3776 2779 3868 2838 διὰ

2359 2870 2598 2946 Μάρκον.

2360 2959 2488 3034 Περὶ
2561 2960 2926 3035 κατηχήσεως
3015 2958 3316 3036 Τιμοθέου,
3390 2961 3482 3017 καὶ
3555 2960 3656 3028 τῆς
3729 2960 3866 3017 κατὰ

2355 3044 2698 3123 ἀποκάλυψιν
2811 3048 3043 3129 ἀφίξεως
3155 3049 3374 3107 Παύλου
3459 3047 3535 3113 εἰς
3611 3047 3865 3108 Μακεδο-

2355 3137 2490 3209 νίαν,
2558 3137 2610 3193 ἐν
2671 3137 2717 3211 ᾧ
2783 3137 2906 3214 περὶ
2963 3138 3198 3203 πίστεως
3255 3140 3347 3195 καὶ
3407 3139 3682 3213 σωτηρίας
3717 3140 3865 3203 τινὸς

2356 3227 2615 3302 γυναικὸς
2690 3225 2912 3292 Λυδίας·
3007 3227 3130 3305 περὶ
3207 3229 3402 3293 ἱάσεως
3473 3237 3576 3301 τῆς
3649 3234 3866 3304 πνεῦμα

2353 3319 2606 3380 πύθωνος
2662 3319 2898 3395 ἐχούσης
2963 3318 3280 3392 παιδίσκης.
3341 3317 3410 3376 δι’
3469 3321 3534 3392 ἣν
3588 3322 3679 3377 τὸν
3717 3324 3869 3377 Ηαῦ-

2357 3404 2453 3463 λον
2520 3409 2801 3484 καθεῖρξαν
2868 3410 2926 3463 οἱ
2986 3406 3262 3466 δεσπόται.
3304 3402 3434 3487 Περῖ
3490 3415 3588 3466 τοῦ
3628 3405 3868 3483 συμϐάν-

2355 3517 2447 3560 τος
2487 3497 2598 3553 ἐκεῖ
2636 3504 2861 3573 σεισμοῦ
2899 3500 2990 3556 καὶ
3030 3499 3327 3574 θαύματος,
3393 3499 3488 3556 καί
3560 3497 3710 3562 ὅπως
3771 3521 3872 3556 πι-

2356 3585 2577 3650 στεύσας
2654 3589 2683 3643 ὁ
2756 3588 3148 3665 εἱρκοτοφύλαξ
3226 3589 3279 3646 ἐν
3360 3590 3496 3667 αὐτῇ
3570 3593 3638 3666 τῇ
3713 3591 3864 3646 νυκτὶ

2356 3673 2652 3747 ἐϐαπτίσθη
2765 3687 3111 3756 παραχρῆμα
3185 3681 3496 3751 Ιῐανὲστιος,
3573 3681 3677 3750 ὅτι,
3751 3701 3862 3736 πα-

2359 3764 2721 3842 ρακληθέντες
2833 3767 3060 3840 ἐξῆλθον
3143 3770 3203 3827 ἔκ
3289 3775 3387 3828 τοῦ
3477 3768 3859 3843 δεσμωτηρίου

2354 3855 2478 3912 τότε
2518 3857 2570 3912 οἱ
2603 3855 2936 3916 ἀπόστολοι.

2271 3950 2303 4004 ⁸.
2350 3945 2478 4022 Περὶ
2589 3944 2826 4010 στάσεως
2935 3946 3239 4026 γενομένης
3349 3948 3400 4004 ἰν
3502 3945 3870 4022 Θεσσαλονίκῃ

2352 4035 2705 4109 κηρύγματος
2813 4035 3013 4106 ἓνεκεν,
3110 4045 3289 4116 φυγῆς
3360 4059 3419 4094 τε
3493 4036 3710 4094 Πούλου
3786 4035 3867 4092 είς

2360 4126 2607 4202 Βέροιαν,
2645 4125 2890 4182 κάκεῖθεν
2932 4127 3010 4192 είς
3045 4129 3299 4198 Ἀθήνας.

2303 4257 2316 4272 .
2358 4215 2488 4288 Περὶ
2551 4222 2652 4284 τῆς
2700 4215 2752 4270 ἐν
2812 4216 3070 4288 Ἀθήναις
3142 4211 3455 4290 ἐπιϐωμίσυ
3495 4217 3733 4296 γραφῆς,
3773 4235 3869 4293 φι-

2357 4304 2600 4450 λοσόφου
2670 4324 2729 4361 τε
2797 4306 3152 4381 κηρύγματος
3227 4306 3318 4362 καὶ
3393 4301 3665 4369 εύσεϐείας
3721 4303 3873 4361 Παύ-

2400 4415 2483 4450 ου.

2400 4415 2483 4452 ου.

2302 4530 2312 4541 .
2358 4485 2492 4558 Ηερί
2560 4484 2765 4542 Ἀκύλα
2828 4486 2918 4542 καὶ
2976 4484 3340 4564 Πρισκίλλης,
3399 4485 3636 4555 καὶτῆς
3679 4487 3874 4561 Κοριν-

2359 4572 2490 4628 θίων
2567 4574 2860 4646 ἀπειθείας,
2927 4583 3026 4646 τῆς
3092 4596 3152 4632 τε
3209 4575 3347 4632 κατὰ
3415 4573 3729 4650 πρόγνωσιν
3785 4572 3870 4629 ἕπ⁹

2359 4662 2555 4726 αὖτοὺς
2630 4662 2885 4730 εὐδοκίας
2975 4670 3072 4721 τοῦ
3163 4669 3299 4722 θεοῦ
3387 4661 3867 4742 ἆποκαλυφθείσης

2361 4753 2586 4828 ιὶαύλῳο
2662 4755 2714 4810 iv
2791 4756 2838 4830 ᾧ
2912 4756 3036 4832 περὶ
3111 4753 3867 4832 Κρίσπουᾶρχισυναγώγου

2358 4845 2740 4910 πιστεύσαντος
2816 4847 2908 4902 σὺν
2982 4845 3186 4924 ἑτέροις
3260 4847 3372 4903 τισὶ
3472 4844 3564 4901 καὶ
3673 4844 3870 4921 βαπτι-

2359 4935 2594 5000 σθέντος,
2671 4935 2755 4992 ’ὁτι
2834 4936 3066 5000 στάσεως
3139 4936 3459 5008 κινηθείσης
3533 4934 3584 4990 ἰν
3664 4935 3866 5009 Κορίν-

2360 5025 2456 5096 θῳ,
2527 5025 2556 5078 ὁ
2622 5023 2835 5090 Παῦλος
2907 5027 3356 5102 ὑπανεχώρησεν,
3425 5023 3600 5089 ἐλθών
3663 5043 3722 5079 τε
3795 5021 3872 5086 εἰς

2359 5113 2588 5190 ’Ἔφεσον
2665 5114 2752 5169 καὶ
2822 5111 3133 5191 διαλεχθεὶς
3191 5114 3406 5188 ἐξῆλθε·
3472 5112 3596 5188 περὶ
3663 5110 3867 5169 Ἀπολ·

2361 5197 2445 5255 λὼ
2484 5198 2676 5275 ἀνδρὸς
2713 5200 2906 5279 λογίου
2941 5225 3000 5260 τε
3037 5205 3127 5259 καὶ
3169 5207 3388 5262 πιστοῦ.

2370 5289 2498 5364 Περὶ
2568 5291 2939 5365 βαπτίσματος
3004 5291 3094 5347 καὶ
3159 5298 3260 5362 τῆς
3324 5295 3423 5347 τοῦ
3489 5287 3646 5366 ἁγίου
3708 5288 3870 5348 Πνεύ-

2367 5398 2536 5450 ματος
2595 5376 2804 5454 δωρεᾶς
2871 5376 3119 5451 δοθείσης
3187 5377 3277 5434 διὰ
3339 5385 3659 5454 προσευχῆς
3727 5376 3872 5436 Ηαύυ

2363 5464 2466 5522 λου
2538 5473 2660 5531 τοῖς
2733 5465 2784 5523 ἄν
2862 5469 3075 5545 Ἐφᾶσῳ
3148 5467 3486 5534 πιστεύσασι,
3580 5465 3671 5520 καὶ
3753 5463 3871 5536 περὶ

2363 5554 2560 5619 ῒάσεως
2597 5559 2695 5612 τοῦ
2733 5554 2890 5611 λαοῦ·
2957 5555 3010 5612 ἑν
3074 5555 3121 5628 ᾧ
3185 5556 3307 5630 περὶ
3349 5559 3458 5612 τῶν
3496 5553 3630 5608 υἱῶν
3673 5554 3868 5619 Σκευᾶ,

2364 5645 2454 5705 καὶ
2512 5645 2596 5704 ὅτι
2656 5645 2718 5702 ού
2779 5643 2864 5703 δεῖ
2923 5649 3274 5724 προσχωρεῖν
3340 5644 3589 5708 ἀπίστοις
3644 5639 3740 5697 καὶ
3781 5639 3871 5695 ἂν·
