4134 6196
323 307 405 367 45

322 886 767 962 ἆπιγινώσκεται,
814 891 903 946 καὶ
956 894 991 962 ἡ
1051 895 1187 949 κατὰ
1238 897 1349 963 τῆν-
1396 898 1649 965 θειότητα
1687 899 1857 955 αὐτοῦ
1888 923 1984 974 με·

319 976 618 1053 γαλειότης
681 976 982 1051 διαλάμπει
1022 1004 1080 1038 τε
1135 984 1226 1039 καὶ
1286 983 1654 1063 ἐμφανίζεται.
1693 1012 1721 1040 ι(
1755 991 1820 1044 Ὠ
1860 991 1983 1045 Θεό-

314 1066 466 1144 ψιλε.
496 1092 526 1119 »
552 1069 804 1142 Ἣγεμὼν
836 1070 906 1139 ἦν
937 1092 1095 1135 ουτος
1144 1074 1172 1128 6
1224 1075 1511 1153 Θεόφιλος.
1562 1078 1650 1146 Μὴ
1698 1080 1981 1155 θαυμάσῃς

309 1156 371 1214 δὲ
404 1159 452 1215 εἰ
489 1160 667 1216 ’ἑνεκεν
715 1160 911 1237 ἀνδρὸς
968 1164 1087 1229 ἑνὸς
1132 1165 1403 1238 τοσαύτην
1442 1167 1699 1243 φροντίδα
1748 1170 1977 1226 κατελά-

312 1244 462 1315 ϐετο,
497 1251 573 1315 ὡς
602 1248 699 1306 δύο
730 1253 883 1325 αὐτῷ
939 1255 1142 1329 γράψαι
1180 1259 1562 1331 πραγματείας
1603 1258 1971 1336 ὁλοκλήρους.

310 1340 413 1393 Καὶ
444 1339 551 1416 γὰρ
582 1340 758 1419 φύλαξ
801 1342 869 1411 ἦν
899 1349 1001 1413 τῆς
1048 1351 1384 1416 Δεσποτικῆς
1433 1355 1621 1427 φωνῆς
1650 1355 1749 1418 τῆς
1781 1349 1973 1425 λεγού-

309 1447 437 1496 σης⁸
473 1452 502 1479 ι(
532 1428 650 1484 Οὐκ
705 1428 817 1485 ἔστι
876 1429 1098 1504 θέλημα
1151 1438 1249 1489 τοῦ
1307 1436 1519 1511 Πατρός
1561 1458 1688 1510 μου,
1716 1437 1807 1493 ἳνα
1836 1438 1970 1495 ἀπό-

310 1514 481 1586 ληται
504 1519 588 1580 εἷς
608 1523 718 1573 τῶν
745 1525 955 1594 μικρῶν
973 1522 1206 1579 τούτων.
1236 1546 1264 1574 »
1285 1555 1355 1566 —
1381 1546 1407 1578 α
1432 1529 1614 1581 Ποιεῖν
1633 1547 1690 1582 τε
1710 1527 1799 1582 καί
1824 1525 1972 1584 διδα-

305 1624 483 1660 σχειν
519 1630 549 1659 ››
575 1607 667 1663 τὸν
694 1609 931 1665 παθόντα
982 1607 1133 1686 λέγει
1190 1612 1280 1667 καὶ
1338 1615 1405 1668 τᾶ
1449 1616 1697 1688 θαύματα
1727 1636 1967 1690 πεποιη-

302 1694 482 1751 κέναιί
548 1700 613 1751 Ἤ
669 1696 752 1752 ὅτι
811 1695 884 1752 δι’
943 1700 1018 1754 ὧν
1074 1696 1303 1774 ἔπραττε
1356 1706 1609 1778 παρῄνει.
1641 1706 1865 1781 «Ἀχρι
1897 1709 1965 1776 ἧς

299 1785 542 1872 ᾑμέρας.
577 1808 607 1835 n
638 1786 712 1843 Τὸ
746 1787 891 1858 ἑξῆς·
951 1793 1125 1864 ’Ἄχρι
1166 1792 1232 1859 ἧς
1291 1793 1502 1866 ἡμέρας
1543 1793 1845 1872 ἀνελήφθη.
1880 1797 1961 1853 Τὰ

300 1871 360 1929 δὲ
416 1873 616 1945 λοιπὰ,
673 1871 765 1931 διὰ
822 1878 1011 1949 μὲσου.
1072 1880 1152 1937 Τὸ
1184 1878 1264 1950 δὲ,
1315 1905 1343 1933 ιι
1380 1871 1790 1958 Ἐντειλάμενος
1844 1892 1963 1951 τοῖς

300 1964 643 2029 ἀποστόλοις
673 1963 764 2021 διὰ
794 1968 1110 2040 Πνεῦματος
1157 1970 1342 2047 ἁγίου,
1368 1994 1397 2023 »
1431 1970 1466 2042 ἢ
1498 1972 1582 2028 ὅτι
1630 1977 1967 2048 πνευματικὰ

298 2053 366 2108 τὶ
398 2052 716 2129 ἐντάλματα
768 2054 956 2128 δηλοῖ,
1008 2056 1162 2115 οὐδὲν
1202 2061 1470 2136 κοσμικὸν
1521 2061 1893 2145 ἰπιφαῖνοντα’
1926 2067 1961 2137 ἥ

301 2143 400 2197 ’ἱνα
450 2144 537 2197 καὶ
587 2145 654 2199 τὸ
712 2150 935 2224 Πνεςῦμα
986 2148 1265 2229 σύμφυτον
1315 2151 1492 2223 ἑαυτῷ
1532 2143 1850 2230 παραδείξῃ,
1886 2156 1963 2220 ὡς

313 2230 468 2286 οὐδὲν
494 2234 568 2287 ὧν
604 2234 711 2289 ὑπὸ
741 2240 878 2290 θεοῦ
907 2235 1144 2293 τελεῖται
1172 2236 1430 2296 ἐλλεῖπον
1460 2239 1644 2318 ἔχοντι
1673 2250 1773 2314 τῆς
1803 2247 1960 2320 ἁγια-

306 2328 495 2389 στικῆς
526 2323 897 2389 ὑποστάσεως.
957 2327 1028 2383 Ti
1086 2324 1143 2383 δὲ
1194 2329 1263 2384 τὰ
1317 2329 1662 2404 tntillum;
1694 2356 1722 2385 «
1754 2340 1962 2409 Πορευ-

298 2410 479 2474 θέντες
515 2414 888 2483 μαθητεύσατε
915 2416 1093 2471 πάντα
1138 2418 1207 2472 τὰ
1262 2414 1412 2491 ἔθνη,
1472 2421 1829 2493 βαπτίζοντες
1863 2424 1959 2479 αὐ-

286 2499 424 2561 τοὺς
479 2499 559 2562 εἰς
615 2501 677 2557 τὸ
733 2498 910 2575 ὄνομα
960 2509 1056 2559 τοῦ
1106 2506 1343 2582 Πατρὸς,
1400 2509 1493 2563 καὶ
1553 2514 1652 2564 τοῦ
1684 2511 1954 2581 Υἱοῦ,καὶ

283 2587 391 2644 τοῧ
422 2591 588 2665 ἁγίου
619 2591 950 2666 ῐΙνεύματος.
986 2619 1014 2645 υ
1074 2626 1142 2638 -
1201 2620 1229 2648 ‹‹
1265 2596 1575 2678 Ἀνελήφθη
1610 2623 1638 2651 ››
1686 2596 1745 2655 δὲ
1786 2602 1954 2672 εἶπεν,

282 2676 409 2747 οὐκ,
476 2673 689 2750 Ἀἰἑότν
748 2676 828 2736 ἔτι
880 2682 985 2758 γαρ
1048 2683 1125 2748 ὡς
1182 2685 1307 2759 περί
1367 2673 1659 2763 ἀνθρώπου
1704 2685 1953 2769 διαλέγε-

277 2789 396 2823 ται.

362 2993 392 3025 ι
429 2971 538 3033 Οἷς
571 2971 663 3026 καὶ
720 2971 1054 3049 παρέστησεν
1111 2975 1298 3032 ἑαυτὸν
1359 2980 1536 3049 ζῶντα
1596 2981 1733 3054 μετᾶ
1760 2981 1825 3037 τὸ
1853 3002 1952 3038 πα·

279 3084 309 3109 τι
346 3063 465 3123 θεῖν
485 3060 758 3137 αὖτὸν,ξέν
790 3061 1029 3127 πολλοῖς
1053 3066 1401 3140 τεκμηρίοις,
1431 3090 1461 3118 ι»

355 3271 387 3300 κ
417 3244 735 3327 ’Λνελήφθη
772 3270 797 3302 ι
856 3247 1044 3321 εἰπὼν,
1099 3251 1192 3307 ἳνα
1249 3253 1325 3326 μή
1384 3273 1472 3315 τις
1522 3254 1726 3331 νομίσῃ
1761 3252 1949 3331 ἑτέρου

274 3332 515 3408 δυνάμει
572 3340 736 3392 τοῦτο
793 3339 1061 3414 γενέσθαι,
1124 3338 1416 3415 ἐπήνεγκεν
1502 3341 1657 3408 εὐθὺς
1716 3343 1807 3398 καὶ
1860 3344 1945 3415 τὸ,

273 3424 390 3480 ἀπὸ
420 3431 524 3495 τῆς
555 3425 761 3488 οἱκείας
795 3426 1094 3490 αὐθεντίας.
1153 3450 1176 3479 ι
1219 3429 1317 3492 Οἷς
1344 3429 1434 3485 καὶ
1468 3433 1796 3508 παρέστησεν
1824 3433 1949 3487 ἐαυ-

276 3515 375 3568 τὸν
412 3518 611 3582 ζῶντα.
646 3540 667 3565 ι
699 3516 809 3572 Τὸν
850 3515 1010 3571 αὐτὸν
1044 3513 1102 3572 δὲ
1155 3514 1366 3580 δεικνὺς
1397 3518 1487 3574 καὶ
1519 3522 1826 3585 πεπονθότα
1856 3521 1948 3576 καὶ

272 3601 604 3674 ἀναστάντα,
656 3608 862 3679 συνῆψε
916 3610 996 3679 τῷ
1053 3606 1225 3682 Λόγῳο
1262 3630 1289 3659 ‹‹
1321 3609 1473 3665 Μετᾶ
1516 3609 1578 3664 τὸ
1630 3611 1821 3665 παθεῖν
1850 3609 1950 3666 αὔ-

268 3713 393 3751 τον.
427 3716 461 3744 ))

354 3897 379 3921 ιι
417 3875 503 3926 Δι’
532 3873 756 3948 ἡμερῶν
793 3896 821 3923 ››
848 3868 905 3927 δὲ
936 3872 1055 3929 εἶπε
1086 3896 1116 3926 α
1148 3874 1569 3947 τεσσαράκοντα.
1611 3899 1641 3929 ››

350 3960 493 4029 Οὐκ,
527 3961 623 4018 Ἐν
652 3961 911 4034 ἡμέραιςι
962 3961 1026 4018 οὗ
1083 3963 1189 4039 γὰρ
1248 3970 1454 4043 συνεχῆ
1487 3965 1587 4034 τήν
1620 3966 1734 4038 μετ’
1765 3965 1940 4022 αὐτῶν

267 4045 572 4126 διατριϐήν
623 4049 883 4122 ἐποιεῖτο,
935 4052 1010 4115 ὡς
1048 4051 1139 4108 καὶ
1196 4055 1304 4128 πρὸ
1359 4058 1458 4109 τοῦ
1510 4054 1737 4125 πάθους,
1794 4055 1943 4112 ἀλλὰ

266 4138 705 4215 διεπαλμένως,
753 4141 867 4215 ἅμα
926 4142 1021 4216 μὲν
1077 4143 1164 4197 καὶ
1211 4143 1589 4219 ποθεινοτέραν
1622 4144 1810 4208 αὐτοῖς
1839 4148 1940 4216 τὴν

265 4230 473 4286 ἑαυτοῦ
554 4229 842 4311 ἐμφάνειαν
920 4233 1374 4308 παρασκευάζων,
1449 4227 1564 4309 ἅμα
1621 4230 1678 4290 δὲ
1733 4235 1824 4291 καὶ
1874 4237 1937 4309 τὸ

264 4318 623 4394 ὑψηλότερον
652 4321 743 4375 καὶ
776 4323 1069 4394 θεοπρεπὲς
1097 4321 1265 4377 αὐτοῦ
1296 4320 1632 4402 ἐμφανίζων.

346 4433 374 4460 α
414 4410 824 4483 Ὀπτανόμενος
856 4411 1064 4473 αὐτοῖς.
1098 4435 1126 4463 ι)

338 4498 508 4559 Τίνος
533 4496 713 4554 ἓνεκεν
747 4499 809 4555 οὗ
848 4505 1034 4570 πᾶσιν,
1083 4497 1232 4556 ἀλλὰ
1279 4505 1396 4563 τοῖς
1443 4499 1776 4567 ἀποστόλοις
1804 4501 1936 4583 ἐφά-

1335 314 1753 379 COMMENT.
1799 320 1879 380 IN
1924 319 2135 383 ACTA
2178 327 2782 396 APOSTOLURUM.

321 446 432 496 τῶν
488 443 828 518 ωνεχὸντων
889 445 980 501 καὶ
1041 448 1487 525 κατεπειγόντων
1540 448 1707 525 μηδὲν
1750 454 1990 530 παραλι-

318 536 467 597 πεῖν,
502 530 585 602 ἐξν
619 532 698 587 ὡν
729 534 765 598 ἡ
797 538 895 589 τοῦ
922 535 1282 614 κηρύγματος
1342 541 1559 611 θειότης
1618 540 1706 596 καὶ
1756 542 1988 614 ἀλήθεια

325 617 828 693 καταλαμϐάνεται.
881 626 985 681 Καὶ
1032 626 1136 702 γὰρ
1188 627 1346 691 αὐτὸς
1380 630 1408 684 6
1439 630 1671 702 Ἰωάνης
1699 631 1822 708 περὶ
1854 634 1989 688 πάν-

323 731 432 764 των
460 711 668 765 τούτων
703 709 973 769 διέλαϐεν.
1008 714 1086 773 Οὐ
1138 718 1242 791 γὰρ
1281 716 1532 773 ἐνέλιπὸν
1562 741 1615 775 τι
1648 717 1718 775 δι’
1750 721 1825 775 ὧν
1858 722 1893 792 ἥ
1926 745 1986 779 τε

318 798 455 854 κατὰ
486 798 657 872 σάρκα
714 804 812 856 τοῦ
870 803 1053 881 Λόγου
1117 804 1408 880 οῗκονομέα
1463 811 1772 865 πιστεύεται
1807 832 1867 867 τε
1895 811 1986 867 καί

3669 357 3748 416 46

2018 468 2070 534 Α
2099 462 2250 566 sisse
2281 466 2365 564 ait
2394 482 2619 537 eorum,
2652 490 2783 543 quas
2814 476 3116 535 cohaerent
3144 499 3212 539 ac
3266 495 3495 560 urgent,
3530 492 3590 547 in
3615 496 3744 566 qui-

2098 551 2210 608 bus
2241 553 2515 613 divinitas
2545 576 2612 614 ac
2642 564 2854 619 veritas
2886 551 3745 653 praedicationis‘comprehbn-

2099 640 2278 697 ditur.
2307 645 2537 701 Etenim
2570 648 2696 719 ipse
2718 668 2952 725 quoque
2969 658 3226 717 Joannes
3247 663 3318 720 de
3339 665 3430 723 his
3463 640 3742 730 o‘mnibus

2096 730 2395 789 disseruit.
2430 738 2554 791 Non
2587 739 2745 793 enim
2779 744 3084 816 quidpiam
3114 766 3317 808 eorum
3342 758 3736 830 reliquerunt,

2093 837 2200 892 per
2228 840 2358 893 quae
2390 825 2477 881 vel
2508 827 2874 900 dispensatio
2900 836 3068 892 Verbi
3094 841 3267 911 juxta
3296 825 3535 904 carnem
3552 825 3739 908 credi;

2093 915 2190 965 tur
2218 918 2277 966 et
2305 918 2795 987 cognoscitur,vel
2830 927 3174 995 magnitudo
3205 932 3391 1003 ipsius
3411 939 3736 1007 juxtadivi-

2091 1001 2339 1058 nitatem
2369 1006 2596 1062 relucet
2633 1015 2692 1064 et
2722 1014 3153 1072 manifestatur.
3181 1044 3207 1070 ‹‹
3230 1001 3288 1078 -Ο
3319 1001 3658 1100 Theophile.
3704 1055 3730 1082 η

2090 1094 2411 1151 Prmfectus
2441 1106 2568 1154 erat
2607 1102 2702 1157 hic
2741 1104 3121 1178 Theophilus.
3157 1114 3237 1168 Ne
3269 1094 3732 1181 autem'mireris

2089 1180 2137 1236 si
2167 1184 2347 1240 unius
2379 1187 2483 1241 viri
2511 1191 2699 1260 gratia
2730 1198 2955 1251 tantum
2990 1215 3147 1255 curm
3181 1210 3528 1278 susceperit,
3550 1217 3614 1266 ut
3642 1214 3728 1268 illi

2085 1271 2202 1326 duo
2233 1272 2462 1347 integra
2492 1278 2794 1338 volumina
2826 1283 3044 1342 laboris
3100 1289 3280 1360 plena
3309 1271 3727 1356 conscriberet.

2082 1359 2405 1419 Dominicaa
2436 1382 2694 1439 namque
2723 1373 2880 1427 vocis
2902 1359 3242 1434 observator
3271 1388 3397 1438 erat
3416 1402 3547 1455 quae
3570 1387 3726 1445 dice-

2081 1448 2183 1505 bat
2214 1468 2227 1505 :
2260 1475 2286 1501 α
2322 1454 2446 1508 Non
2484 1462 2573 1511 est
2601 1459 2871 1516 voluntas
2901 1465 3092 1521 Patris
3120 1470 3329 1535 mei,ut
3353 1448 3558 1544 pereat
3574 1494 3726 1534 unus

2079 1543 2435 1613 pusillorum
2466 1547 2715 1605 istorum
2737 1550 2778 1605 ⁵.
2808 1572 2833 1602 ›ι
2858 1584 2925 1595 —-
2951 1575 2974 1606 α
3000 1557 3070 1610 Ει
3111 1558 3303 1617 facere
3337 1543 3396 1618 et
3425 1565 3658 1624 docere.
3694 1591 3722 1619 »

2077 1633 2222 1688 Eum
2255 1636 2356 1706 qui
2385 1653 2594 1707 passus
2616 1645 2706 1694 est
2738 1641 2882 1697 dicit
2911 1645 3088 1701 etiam
3113 1649 3402 1708 miracula
3424 1654 3680 1712 edidisse
3708 1677 3720 1727 ;

2074 1727 2175 1777 aut
2206 1723 2317 1779 hoc
2348 1724 2513 1793 dicit,
2542 1730 2823 1799 quoniam
2854 1750 2961 1804 per
2990 1751 3059 1791 ea
3089 1754 3220 1808 qum
3244 1723 3721 1812 Operabaturad;

1996 1838 2041 1903 Β
2074 1814 2438 1907 monebat}
2475 1818 2668 1889 Usque
2699 1820 2772 1875 ad
2806 1838 2940 1877 eum
2968 1824 3144 1881 diem.
3180 1852 3201 1881 ι
3241 1831 3393 1886 Ordo
3416 1838 3720 1907 est,usque

2074 1902 2149 1956 ad
2175 1920 2311 1960 eum
2344 1905 2501 1962 diem
2534 1925 2650 1979 quo
2682 1919 3022 1984 assumptus
3054 1921 3178 1971 est:
3238 1925 3451 1977 caetera
3480 1940 3586 1994 per
3616 1902 3721 1996 pa-

2072 1994 2398 2050 renthesim
2431 1996 2911 2070 interponuntur.
2947 2004 3112 2070 Quod
3141 2014 3339 2064 autem
3365 2011 3480 2066 ait:
3523 2036 3544 2061 ι
3570 1994 3714 2071 cum

2071 2085 2355 2155 apostolis
2376 2088 2757 2159 praecepisset
2797 2109 2904 2162 per
2934 2092 3213 2165 Spiritum
3247 2105 3540 2168 sanctum,
3573 2125 3600 2153 ››
3625 2104 3713 2159 vel

2068 2173 2180 2229 hoc
2210 2173 2372 2242 dicit,
2406 2176 2741 2248 spiritualia
2772 2181 3113 2253 signiﬁcans
3140 2184 3323 2242 fuisse
3383 2198 3703 2264 praecepta.

2069 2263 2219 2318 nihil
2244 2265 2525 2322 saeculare
2558 2285 2678 2339 pra)
2711 2287 2772 2324 se
2802 2270 3075 2342 ferentia,
3108 2274 3194 2331 vel
3230 2278 3406 2334 etiam
3436 2285 3501 2335 ut
3532 2263 3717 2354 spiri-

2068 2358 2191 2408 tum
2224 2356 2675 2413 connaturalem
2708 2359 2817 2414 sibi
2850 2360 3236 2433 demonstret,
3267 2373 3472 2439 utpote
3520 2371 3613 2425 cui
3648 2388 3718 2427 ex

2067 2442 2265 2499 divina
2296 2445 2597 2516 hypostasi
2631 2448 2781 2503 nihil
2809 2448 2962 2505 desit
2993 2469 3196 2508 eorum
3229 2472 3360 2525 qum
3404 2473 3438 2512 a
3470 2459 3586 2515 Deo
3618 2477 3715 2516 ex-

2064 2532 2214 2604 pleri
2245 2541 2515 2605 possunt.
2576 2538 2858 2602 Qumnam
2912 2547 3107 2596 autem
3169 2550 3311 2600 sunt
3367 2550 3718 2621 praecepta?

2069 2644 2089 2670 ι
2124 2623 2344 2678 Euntes
2375 2624 2423 2680 3
2457 2624 2666 2681 docete
2698 2643 2908 2683 omnes
2950 2636 3176 2701 gentes,
3224 2632 3590 2705 baptizantes
3618 2654 3717 2694 eos

2061 2710 2125 2764 in
2156 2712 2399 2767 nomine
2431 2714 2642 2780 Patris,
2671 2721 2729 2770 et
2759 2716 2913 2783 Filii,
2936 2724 2993 2774 et
3022 2719 3275 2792 Spiritus
3308 2726 3496 2780 sancti
3517 2724 3593 2779 ⁸.»
3620 2728 3716 2782 Ait

2061 2804 2279 2866 autem,
2315 2824 2344 2850 ‹‹
2377 2803 2731 2875 Assumptus
2784 2811 2894 2873 est,
2948 2827 2974 2859 ιο
3011 2825 3155 2875 non,
3207 2812 3495 2867 Ascendit
3530 2832 3542 2869 :
3572 2831 3709 2871 nam

2059 2889 2249 2945 adhuc
2279 2890 2351 2946 de
2384 2908 2452 2946 eo
2482 2897 2766 2963 tanquam
2794 2895 2865 2951 de
2898 2896 3139 2952 homine
3159 2898 3421 2955 disserit.

2127 2978 2171 3048 Ι,
2205 2982 2256 3034 3.
2291 3002 2319 3032 «
2353 2981 2578 3047 Quibus
2608 2984 2787 3039 etiam
2821 2985 3088 3040 exhibuit
3118 2987 3379 3058 seipsum
3417 2991 3706 3048 viventem

2057 3091 2086 3119 α
2119 3075 2435 3141 postquam
2466 3071 2591 3143 ipse
2621 3088 2831 3143 passus
2860 3072 3074 3141 fuerat,
3107 3076 3513 3148 compluribus
3535 3097 3704 3154 argu-

2056 3180 2085 3209 «
2119 3160 2359 3214 mentis.
2399 3179 2426 3210 ι

2124 3247 2269 3303 Cum
2300 3247 2581 3304 dixisset:
2614 3250 2971 3323 Assumptus
3002 3258 3112 3322 est,
3138 3273 3164 3304 η
3202 3271 3278 3312 ne
3336 3257 3470 3328 quis
3500 3259 3707 3315 existi-

2051 3343 2243 3392 maret
2272 3338 2519 3394 alterius
2571 3339 2685 3395 hoc
2740 3338 2962 3397 factum
3022 3360 3152 3399 esse
3212 3346 3449 3415 virtute,
3506 3351 3704 3406 statim

2047 3427 2226 3482 etiam
2260 3428 2588 3499 subjunxit,
2621 3429 2782 3500 quod
2808 3432 3063 3504 proprias
3096 3440 3253 3489 esset
3287 3437 3655 3494 auctoritatis
3688 3457 3701 3493 :

2043 3516 2301 3582 «Quibus
2324 3518 2500 3573 etiam
2526 3518 3021 3593 exibuitseipsum
3045 3522 3392 3579 viventem.»
3414 3524 3699 3582 Eumdem

2042 3612 2241 3662 autem
2272 3608 2593 3663 ostendens
2615 3608 2717 3679 qui
2743 3625 2953 3680 passus
2982 3609 3256 3668 fueratac
3270 3622 3702 3684 resurrexerat,

2044 3698 2308 3751 sermoni
2335 3696 2648 3769 conjunxit
2677 3697 2836 3770 quod
2870 3699 3160 3772 sequitur,
3195 3701 3441 3758 dicens:
3476 3727 3503 3754 «
3530 3706 3699 3760 Post-

2044 3802 2223 3858 quam
2254 3786 2382 3858 ipse
2420 3802 2631 3858 passus
2660 3786 2876 3843 fuerat.
2916 3809 2946 3837 ››

2116 3898 2146 3925 ‹‹
2181 3877 2296 3931 Per
2326 3874 2450 3931 dies
2482 3875 2893 3950 quadraginta.
2924 3897 2951 3927 »

2114 3966 2240 4019 Non
2270 3964 2450 4021 dixit:
2483 3967 2549 4021 In
2572 3965 2781 4022 diebus
2806 3984 2820 4021 :
2844 3983 3039 4040 neque
3071 3968 3232 4024 enim
3255 3969 3535 4026 continue
3559 3988 3694 4029 cum

2041 4052 2188 4126 ipsis
2226 4053 2589 4120 versabatur,
2623 4055 3124 4127 quemadmodum
3156 4064 3294 4115 ante
3326 4054 3689 4132 passionem,

2041 4141 2145 4197 sed
2169 4142 2464 4198 differenti
2498 4142 2672 4197 modo
2703 4159 2716 4197 :
2747 4143 2925 4198 simul
2957 4145 3197 4215 quidem
3231 4152 3289 4202 et
3316 4147 3693 4207 desirabilio-

2041 4248 2168 4287 rem
2199 4232 2284 4288 eis
2314 4231 2568 4287 reddens
2599 4247 2767 4287 suam
2797 4233 3436 4304 apparitionem.simul
3455 4254 3691 4309 quoque

2041 4321 2451 4378 sublimiorem
2465 4321 2770 4394 magisque
2792 4319 3057 4377 divinum
3071 4322 3333 4397 seipsum
3346 4325 3689 4383 ostendens.

2113 4433 2142 4461 ιι
2175 4414 2482 4483 Apparens
2511 4410 2652 4466 illis.
2700 4430 2727 4460 »δ

2112 4503 2297 4570 Quam
2357 4502 2429 4557 ob
2488 4517 2727 4557 causam
2784 4517 2905 4558 non
2959 4502 3237 4559 omnibus
3304 4503 3522 4575 palam,
3585 4505 3690 4561 sed

258 4611 330 4660 νη
360 4608 377 4658 ;
402 4590 531 4647 "Ott
564 4588 851 4665 φαντασμα
897 4586 1074 4661 ἔδοξεν
1134 4590 1196 4646 ’ἀν
1254 4596 1372 4655 τοῖς
1425 4587 1683 4656 πολλοῖς,
1718 4593 1821 4649 οὐκ
1850 4592 1930 4648 εἰ-

263 4674 325 4694 ς..
457 4678 473 4695 ε.
529 4677 543 4695 ,
612 4676 695 4695 η.
928 4683 957 4695 -
1246 4678 1258 4695 .
1408 4677 1476 4695 ..ι
1561 4680 1575 4695 .
1726 4681 1741 4695 .
1816 4680 1830 4695 .
1907 4681 1922 4695 .

2078 4592 2327 4666 postolis
2360 4596 2589 4647 tantum
2619 4591 3102 4664 apparuit?Quia
3131 4573 3319 4665 νιιΙεξο
3331 4593 3687 4695 phantasma

259 4674 391 4735 δόσι
417 4678 487 4733 τὸ
519 4676 831 4757 ἆπόῤῥητον
862 4683 962 4736 τοῦ
1019 4678 1349 4753 μυστηρίου.
1408 4677 1476 4736 Εἴ
1518 4680 1623 4757 γὰρ
1651 4681 1742 4737 καὶ
1773 4680 1926 4739 αὐτοὶ

292 4768 309 4782 .
438 4768 463 4782 .
585 4768 599 4782 .
670 4768 686 4782 .
748 4769 760 4782 .
995 4770 1011 4782 .
1096 4767 1111 4782 .
1213 4767 1228 4782 .
1398 4769 1411 4782 .
1464 4766 1512 4782 .,.
1629 4764 1658 4782 ο
1696 4774 1724 4782 ..
1917 4770 1929 4782 .

2074 4684 2224 4739 isum
2254 4680 2649 4753 fuisset,quod
2674 4680 2987 4754 ignorabat
3007 4696 3289 4736 arcanum
3314 4682 3688 4755 mysterium.

260 4768 316 4822 οἱ
353 4768 604 4841 μαθηταὶ
656 4768 921 4839 ἠπίστουν
952 4770 1052 4839 τήν
1086 4767 1267 4846 ἀρχὴν
1322 4769 1414 4825 καὶ
1458 4764 1846 4846 ἐθορυϐοῦντο,
1875 4770 1929 4826 τί

2074 4775 2181 4829 tam
2213 4772 2258 4827 si
2298 4771 2409 4845 ipsi
2438 4786 2675 4844 quoque
2703 4769 2980 4842 discipuli
3014 4769 3493 4826 initioincreduli
3517 4778 3692 4828 erant

353 4828 364 4841 .
500 4828 512 4838 .
679 4828 693 4839 .
1008 4828 1020 4839 .
1121 4828 1134 4846 .
1159 4828 1200 4845 ..,
1226 4828 1237 4838 .
1556 4828 1566 4846 .
1832 4828 1846 4841 ,

258 4858 393 4920 τοὺς
424 4855 682 4923 πολλοὺς
712 4858 854 4920 εἰκὸς
886 4857 953 4927 ἦν
1009 4860 1197 4915 παθεῖν
1222 4878 1237 4930 ;
1297 4858 1394 4915 Διά
1421 4880 1507 4916 τοι
1536 4864 1698 4916 τοῦτο
1730 4858 1791 4917 ἐκ
1816 4865 1927 4917 τῶν

2074 4828 2681 4932 cturbaliantnirqiiid
2701 4828 3022 4914 verisimile
3038 4864 3128 4914 est
3146 4857 3354 4933 vulgus
3367 4876 3685 4933 passurum

264 4949 516 5025 σημείων
548 4948 625 5003 ὧν
657 4943 853 5005 ἔλαϐον
889 4950 1049 5026 χάριν
1106 4954 1282 5007 ποιεῖν
1315 4951 1369 5007 οἱ
1397 4948 1723 5024 ἀπόστολοι,
1753 4950 1927 5027 ἀναμ-

310 5032 363 5051 ..
401 5038 423 5051 .
664 5042 690 5051 -
752 5040 780 5051 -
856 5037 871 5051 .
1032 5037 1046 5051 .
1278 5039 1293 5051 .
1390 5038 1404 5051 .
1473 5035 1520 5051 ...
1581 5040 1601 5051 .
1759 5040 1773 5051 .

2074 4951 2218 5009 lisse
2247 4948 2611 5022 ?Propterea
2640 4964 2711 5004 ex
2741 4947 2946 5020 signis,
2976 4946 3049 5004 ad
3099 4964 3232 5021 quas
3288 4948 3521 5006 edenda
3549 4965 3687 5025 gra—

265 5032 507 5117 ςὶϐολον
538 5042 690 5093 ποιεῖ
715 5040 817 5109 τῆς
847 5037 1189 5101 ἀναστάσεως
1234 5039 1331 5108 τὴν
1377 5035 1654 5111 ἀπόδειξιν
1686 5040 1777 5099 καὶ
1807 5061 1929 5097 κοιο

2074 5042 2180 5098 iam
2213 5041 2574 5114 acceperunt
2597 5034 2871 5110 apostoli,
2905 5035 3300 5094 indubitatam
3332 5036 3532 5096 reddit
3586 5054 3684 5139 re-

266 5100 383 5195 ιίήν·
440 5126 586 5184 ὥστε
638 5127 719 5200 μή
770 5100 889 5189 τοῖς
942 5126 1065 5183 τότε
1119 5100 1314 5204 μόνον’,
1362 5128 1496 5205 ὅπερ
1529 5100 1717 5197 ἰκῖτῆς
1746 5126 1927 5207 ὅψεως

2074 5100 3432 5200 urrectioriisdemonstrationem,omnibusque
3451 5127 3688 5201 exposi-

268 5216 475 5292 ἔμελλε
524 5217 795 5295 γίνεσθαι,
848 5216 1001 5278 ἀλλᾶ
1054 5219 1145 5277 καὶ
1197 5224 1332 5276 πᾶσι
1385 5226 1506 5284 τοῖς
1573 5223 1711 5296 μετὰ
1756 5227 1929 5281 ταῦτα

2074 5235 2203 5278 1m:
2237 5216 2387 5276 adeo
2415 5221 2484 5274 ut
2509 5232 2632 5275 non
2684 5215 2780 5274 his
2827 5219 3079 5282 tantum,
3141 5215 3245 5290 qui
3295 5220 3441 5273 tunc
3492 5221 3686 5318 erant,

267 5311 500 5389 φτιῳᾶν
525 5307 773 5389 ῃνόσθαι
802 5314 907 5383 τήν
932 5311 1248 5373 ἀνάστασιν.

2074 5309 2196 5381 quod
2240 5310 2372 5384 ipso
2429 5310 2673 5384 aspectu
2719 5305 2985 5363 futurum
3033 5310 3179 5375 erat,
3241 5320 3446 5363 verum
3504 5305 3686 5364 etiam

402 5368 415 5385 .
537 5368 577 5389 ι’
630 5368 641 5370 ~
695 5368 733 5370 ν’
859 5368 872 5383 ·
940 5368 963 5371 ”
1236 5368 1248 5373 ⁷
2033 5368 2289 5476 ιῖοθιθινίέ
2315 5368 2601 5455 omnibus
2626 5394 2945 5477 maeifesta
2963 5393 3136 5475 fleret?
3158 5368 3540 5457 ὲθδωτθοιίω

335 5513 358 5543 ι
386 5488 501 5552 Καὶ
528 5486 716 5571 λόγων
746 5489 814 5550 τὰ
839 5488 965 5570 περὶ
992 5498 1096 5564 τῆς
1122 5487 1404 5575 βααιλιίαε
1422 5495 1718 5576 δωρεαὶ
1754 5506 1784 5546 5»

2110 5511 2147 5571 ιε
2170 5492 2240 5555 Et
2261 5489 2519 5570 loquens
2545 5478 2984 5585 dere-gummi.
3018 5494 3048 5535 ›¹›
3122 5488 3127 5491 ’

334 5660 359 5702 ι
379 5664 589 5726 nua.
816 5654 904 5721 ιι.
981 5663 1006 5700 ο
1036 5664 1238 5726 κιαι.
1270 5660 1476 5740 una,
1511 5645 1717 5751 18,19.

2236 5718 2269 5759 τ
