4134 6196
405 417 480 477 47
1503 407 1916 470 (ECUMENlI
1960 405 2268 466 TRICC/E
2311 405 2664 467 EPISCOPI
3746 410 3822 469 48

487 555 636 610 Hinc
663 551 947 608 discimus
979 546 1138 619 quod
1169 546 1348 601 etiam
1380 549 1516 617 post
1563 543 2063 600 resurrectionem
2093 542 2148 609 Α

422 646 671 705 docebat
701 638 1046 710 discipulos.

2251 542 2521 596 Ἐντεῦθεν
2585 542 2941 614 μανθάνομεν..
2999 541 3075 604 ὡς
3130 541 3221 598 καὶ
3279 543 3414 616 μετὰ
3459 543 3560 611 τήν
3594 543 3818 598 ἀναστα-

2170 649 2250 683 σιν
2285 626 2532 685 ἐδίδασκε
2568 632 2696 692 τοὺς
2735 633 3000 703 μαθητὰς.

490 759 518 787 ι(
553 737 623 788 Et
651 744 1032 788 convescens.
1069 748 1097 776 »

493 821 680 878 Simul
711 820 892 875 edens
923 834 990 873 ac
1013 816 1244 872 bibens.
1280 813 1504 870 Dicitur
1533 811 1694 867 enim
1743 806 2065 878 συναλίζων,

421 911 589 984 quasi
621 905 792 979 ἀλῶν,
854 909 964 962 hoc
1021 911 1130 974 est,
1193 904 1317 960 sale
1378 908 1436 958 et
1485 919 1692 958 mensa
1737 899 2071 957 communi-

422 1018 586 1058 68.118.

496 1113 526 1142 ι(
558 1087 847 1158 Praecepit
875 1085 962 1140 eis
992 1084 1063 1139 ab
1102 1081 1486 1155 Jerosolymis
1542 1097 1616 1136 ne
1676 1078 2073 1142 discederent,

431 1205 452 1233 α
490 1180 594 1236 sed
625 1180 1040 1249 exspectarent
1063 1172 1521 1246 promissionem
1557 1170 1768 1226 Patris.
1806 1191 1834 1219 »

498 1358 749 1414 Jubebat
772 1371 846 1410 ne
879 1354 950 1409 ab
982 1352 1406 1424 Hierosolymis
1438 1349 1815 1405 discederent
1841 1364 1852 1402 :
1877 1347 2079 1402 volens

431 1448 761 1505 ﬁrmiorem
791 1443 956 1498 reddi
991 1441 1147 1514 apud
1183 1443 1342 1512 ipsos
1366 1437 1820 1495 resurrectionis
1857 1453 2081 1491 sermo-

433 1554 572 1593 nem
595 1553 701 1608 per
733 1532 1021 1589 miracula
1051 1549 1183 1602 qua)
1233 1529 1498 1585 cruciﬁxi
1553 1529 1926 1582 invocatione
1979 1527 2081 1580 fie-

432 1631 569 1682 rent
602 1642 615 1679 :
645 1641 752 1695 per
777 1620 1191 1676 tribulationes
1241 1619 1419 1674 etiam
1453 1634 1600 1689 quas
1650 1622 1996 1688 paterentur
2051 1632 2085 1670 a

432 1717 671 1780 Judaais,
696 1730 805 1769 nec
830 1718 1030 1768 tamen
1064 1711 1136 1766 ab
1178 1711 1306 1780 ejus
1341 1709 1736 1780 amicitia,qui
1769 1707 2084 1763 crucifixus

433 1808 629 1863 fuerat
644 1823 712 1861 ac
732 1801 1511 1866 resurrexerat.deﬁcerent,
1529 1798 1628 1854 sed
1654 1803 1702 1854 4
1725 1798 1862 1853 huic
1893 1798 2086 1868 potius

2242 741 2269 771 «
2303 720 2404 776 Καὶ
2437 719 2875 794 συναλιζόμενος.
2916 746 2936 772 ι

2246 809 2545 863 Συνεσθίων
2605 810 2693 864 καὶ
2753 810 2948 868 πίνων.
3007 810 3266 869 Τουτέπι
3318 818 3598 867 κοινωνῶν
3654 811 3826 881 ἀλῶν,

2172 902 2450 953 κοινωνῶν
2480 899 2770 973 τραπέζης.

2254 1099 2275 1128 ι
2315 1075 2685 1154 Ηαρήγγειλεν
2717 1077 2924 1147 αὐτοῖς,
2971 1080 3076 1134 ἀπὸ
3105 1078 3508 1154 Ἰεροσολύμων
3547 1083 3619 1153 μή
3657 1081 3829 1156 χωρί-

2180 1189 2208 1219 ι(
2244 1171 2444 1235 ζεσθαι,
2502 1164 2650 1222 ἀλλὰ
2705 1170 3018 1242 περιμένειν
3077 1171 3172 1237 τήν
3232 1169 3556 1247 ἐπαγγελίαν
3589 1174 3832 1226 10611::-

2181 1278 2209 1308 ((
2241 1254 2386 1330 τρός.
2417 1281 2436 1311 Ι

2255 1346 2393 1401 Ἀπὸ
2471 1344 2872 1421 Ἱεροσολύμων
2957 1348 3034 1421 μὴ
3115 1349 3434 1429 ἀφίστασθαι
3517 1349 3835 1428 παρηγγύα,

2188 1431 2527 1508 βουλόμενος
2570 1438 2639 1508 τῇ
2693 1433 2989 1510 προσεδρίᾳ
3043 1434 3388 1513 βεϐαιότερον
3444 1440 3532 1492 τὸν
3563 1443 3661 1504 τῆς
3711 1439 3838 1494 ἀνα-

2187 1522 2424 1577 στάσεως
2457 1523 2642 1586 αὐτοῖς
2702 1527 3138 1595 καταστήσασθαι
3197 1525 3390 1604 λόγον,
3448 1525 3536 1582 διὰ
3565 1532 3673 1582 τῶν
3708 1529 3837 1581 θαυ-

2191 1611 2398 1682 μάτων,
2433 1612 2467 1666 ἅ
2524 1609 2592 1666 δι’
2651 1612 2993 1684 ἐπικλήσεως
3051 1614 3256 1691 ἐγίνετο
3286 1620 3382 1671 106
3414 1616 3840 1689 σταυρωθέντος,

2192 1697 2281 1753 ’διά
2310 1707 2418 1755 τῶν
2452 1700 2694 1774 θλίψεων
2727 1704 2800 1756 ὢν
2834 1700 3076 1778 ἔπασχον
3113 1705 3206 1778 μὲν
3261 1706 3363 1760 ὑπὸ
3407 1711 3512 1759 τῶν
3543 1703 3818 1763 Ἰουδαίων

2192 1789 2292 1844 οὐκ
2360 1790 2651 1868 ἀφίσταντο
2711 1788 2766 1847 δὲ
2816 1799 2917 1861 τῆς
2972 1797 3070 1847 106
3130 1797 3532 1869 σταυρωθέντος
3581 1795 3671 1850 καὶ
3720 1765 3852 1849 ἁνα-ἶ

438 1898 972 1952 commorerentur.
997 1889 1217 1956 Quodsi
1275 1889 1475 1944 statim
1544 1888 1614 1942 ab
1665 1886 2087 1958 Hierosolymis

2213 1880 2419 1940 ττάντος
2452 1878 2661 1956 φιλίας,
2721 1880 2849 1936 ἀλλ’
2912 1882 3386 1956 ὑπεραπέθνησκον
3443 1885 3660 1941 τούτου.
3697 1883 3763 1940 Εἴ
3793 1881 3851 1937 δὲ

443 1984 883 2048 discessissent,
916 1979 1186 2050 nihilque
1220 1979 1428 2032 horum
1453 1976 1664 2032 fuisset
1683 1975 2085 2043 subsecutum,

443 2078 719 2145 suspecta
731 2078 890 2127 certe
918 2070 1129 2124 fuisset
1149 2067 1529 2122 resurrectio.
1549 2068 1842 2121 Praeterea
1854 2081 2089 2135 quoque

443 2163 618 2220 multi
650 2166 821 2216 erant
853 2158 1072 2213 ibidem
1104 2149 1408 2211 credituri.
1433 2154 1621 2211 Simul
1654 2156 1830 2209 etiam
1854 2170 2090 2226 exspec-

444 2259 569 2309 tare
602 2267 702 2306 eos
732 2247 1063 2321 oportebat,
1112 2261 1187 2301 ne
1238 2245 1339 2316 qui
1390 2245 1660 2299 dicerent
1717 2243 1875 2314 quod
1933 2242 2092 2298 notis

445 2340 670 2398 relictis
700 2338 772 2394 ad
797 2342 1109 2393 extraneos
1151 2333 1488 2388 ostentandi
1544 2334 1633 2387 sui
1691 2333 1878 2404 gratia
1927 2347 2095 2386 acce-

447 2431 688 2497 debant,
720 2442 959 2483 rursum
990 2424 1169 2480 etiam
1214 2423 1354 2494 quia
1383 2421 1650 2478 nondum
1698 2421 1948 2493 Spiritus
1978 2421 2096 2474 vir-

452 2525 574 2576 tute
632 2517 866 2584 armati,
915 2513 1160 2570 inutiles
1218 2511 1610 2567 redderentur
1685 2509 1759 2565 ad
1834 2509 2094 2564 hostium

448 2621 822 2679 congressus.

518 2717 546 2747 ι(
579 2692 1046 2749 Promissionem
1073 2688 1282 2744 Patris.
1317 2709 1344 2738 »

516 2786 588 2839 Et
616 2782 717 2837 ubi
751 2781 862 2834 hoc
884 2782 1058 2833 Pater
1086 2776 1405 2848 promisit?
1462 2776 1724 2830 Dicimus
1770 2791 1905 2846 ergo
1937 2773 2098 2844 quod

443 2875 534 2930 vel
561 2889 668 2945 per
701 2870 996 2925 defectum
1031 2871 1267 2938 Oportet
1292 2865 1517 2920 dictum
1568 2865 1681 2919 hoc
1713 2864 1987 2935 intelligi,
2033 2869 2098 2918 ut

448 2962 837 3020 subaudiatur
859 2956 1196 3030 praepositio
1229 2953 1560 3025 aind,sitque
1575 2969 1784 3009 sensus
1809 2971 1821 3008 :
1842 2957 2096 3025 Exspec-

449 3058 645 3110 tarent
675 3069 708 3106 a
730 3052 903 3105 Patre
935 3045 1419 3119 promissionem,
1449 3061 1627 3115 quam
1660 3043 1845 3109 vobis,
1881 3043 2095 3114 inquit,

450 3143 562 3197 feci
595 3140 665 3195 de
701 3139 921 3210 Spiritu
956 3142 1159 3192 sancto
1193 3153 1207 3201 ;
1241 3133 1330 3189 vel
1385 3133 1565 3188 etiam
1611 3133 1769 3204 quia,
1790 3133 1942 3188 sicut
1972 3132 2097 3203 ipse

455 3231 557 3294 ait,
611 3230 747 3292 Quae
801 3243 832 3280 a
890 3228 1059 3280 Patre
1118 3225 1334 3290 audivi,
1395 3223 1521 3277 haec
1570 3222 1859 3277 annuntio
1912 3221 2099 3292 vobis,

457 3316 642 3374 sancti
677 3331 913 3385 quoque
928 3314 1180 3384 Spiritus
1195 3329 1298 3382 pro
1308 3312 1770 3376 missio,etiamsi
1788 3313 2101 3382 peripsum

455 3407 610 3462 facta
639 3405 736 3470 sit,
768 3409 1028 3457 attamen
1065 3417 1099 3454 a
1140 3403 1310 3454 Patre
1343 3406 1484 3454 erat.
1517 3400 1681 3464 Quod
1712 3400 1759 3454 si
1792 3407 1851 3454 et
1881 3399 1950 3454 ab
1982 3401 2110 3470 ipso

455 3495 675 3568 quaeris
706 3491 946 3563 Spiritu,
977 3489 1104 3544 Joel
1138 3489 1251 3543 fide
1275 3488 1487 3559 dignus
1520 3494 1610 3542 est
1640 3488 1739 3558 qui
1773 3504 2110 3543 sermonem

454 3586 786 3650 confirmet,
819 3581 1062 3636 dicens:
1097 3601 1124 3628 ‹‹
1155 3577 1465 3632 Effundam
1497 3575 1568 3630 de
1601 3577 1823 3648 Spiritu
1849 3593 1981 3632 meo
2007 3593 2108 3632 su-

452 3693 560 3748 per
589 3688 830 3730 omnem
853 3684 1093 3726 carnem
1119 3667 1159 3720 ⁷.
1197 3687 1224 3715 ››

527 3786 556 3815 ‹‹
587 3764 774 3830 Quam
806 3757 1057 3816 audistis
1090 3771 1160 3810 ex
1191 3769 1306 3808 me.
1344 3775 1373 3804 »

523 3851 770 3920 Quando
801 3855 1000 3904 autem
1032 3844 1347 3900 audierunt
1382 3841 1410 3895 ?
1443 3841 1689 3908 Quando
1723 3843 1905 3898 dixit:
1935 3865 1962 3894 «
1988 3847 2106 3899 Ex-

450 3943 616 4015 pedit
634 3939 797 3995 vobis
830 3943 896 3992 ut
926 3952 1029 4008 ego
1063 3933 1273 3988 abeam
1300 3949 1314 3999 ;
1347 3931 1464 3985 nisi
1525 3932 1686 3986 enim
1718 3948 1822 4004 ego
1880 3932 2106 4000 abiero,

453 4030 795 4087 Paracletus
826 4043 942 4081 non
977 4025 1173 4078 veniet
1198 4021 1295 4076 ad
1347 4038 1447 4076 vos
1485 4019 1527 4076 ⁸.
1594 4044 1620 4070 υ
1680 4023 2056 4093 Rursumque
2091 4037 2104 4075 :

461 4142 483 4172 ι
518 4121 634 4191 Ego
665 4115 882 4188 rogabo
914 4116 1172 4178 Patrem,
1205 4116 1262 4165 et
1323 4110 1507 4164 alium
1539 4110 1913 4166 Paracletum
1944 4110 2109 4166 dabit

453 4210 619 4264 vobis
640 4209 680 4262 ’.
716 4229 744 4256 ››
797 4206 1010 4259 Verum
1066 4202 1113 4256 si
1175 4217 1484 4271 nunquam
1543 4200 1734 4254 adhuc
1791 4200 2108 4255 advenerat

457 4298 730 4372 Spiritus,
766 4292 1063 4366 quomodo
1096 4290 1325 4345 dixerat
1371 4306 1388 4343 :
1424 4311 1452 4338 «
1506 4289 1765 4360 Accipite
1823 4289 2105 4361 Spiritum

457 4393 728 4444 sanctum
761 4382 856 4437 ‘0?
889 4402 913 4432 ν
938 4381 1044 4436 Vel
1076 4380 1215 4450 quia
1247 4379 1359 4433 hoc
1417 4377 1664 4442 dixerat,
1726 4395 1974 4449 capaces
2004 4395 2106 4434 eos

449 4477 709 4534 reddens
738 4489 807 4530 ac
837 4471 1082 4526 idoneos
1114 4468 1188 4522 ad
1221 4467 1473 4538 Spiritus
1506 4468 1946 4539 susceptionem
1973 4485 1985 4520 :
2011 4485 2106 4522 ac-

449 4569 736 4639 ceperunt
756 4567 953 4618 autem
976 4557 1212 4630 quando
1243 4555 1566 4610 descendit.
1616 4557 1715 4610 Vel
1748 4556 1904 4626 quod
1936 4557 2104 4611 futu-

2199 1968 2354 2031 εύθυς
2405 1968 2784 2046 ἐχωρίσθησαν
2840 1972 3264 2048 Ἰεροσολύμων,
3296 1974 3386 2029 καὶ
3439 1975 3644 2029 τούτων
3693 1972 3848 2030 οὐδὲν

2202 2057 2670 2130 ἐπηκολούθησεν,
2727 2060 2967 2124 ὕποπτος
3027 2061 3088 2117 ἂν
3142 2065 3179 2132 ἡ
3237 2063 3524 2125 ἀνάστασις
3591 2064 3849 2138 ὑπῆρξεν.

2201 2146 2429 2211 ’Ἄλλως
2479 2170 2538 2204 τε
2567 2150 2656 2204 καὶ
2714 2149 2920 2205 πολλοὶ
2960 2153 3090 2220 ἦσαν
3146 2152 3198 2206 οἱ
3246 2150 3542 2226 μέλλοντες
3580 2153 3848 2208 πιστεύειν

2202 2236 2412 2292 αὐτόθι.
2446 2239 2599 2311 Ἀμα
2643 2237 2700 2294 δὲ
2755 2241 2844 2295 καὶ
2904 2234 3011 2295 ἔδει
3066 2243 3371 2316 περιμένειν
3405 2241 3619 2312 αὐτοὺς,
3652 2243 3740 2297 ἳνα
3772 2245 3849 2316 μή

2202 2347 2346 2390 τινες
2405 2327 2656 2402 Λέγωσιν,
2717 2330 2799 2384 ὅτι
2873 2330 3000 2392 τοὺς
3057 2333 3373 2408 γνωρίμους
3411 2332 3655 2409 ἀφέντες,
3708 2333 3857 2404 παρά

2202 2421 2320 2478 τοῖς
2347 2415 2518 2486 ξένοις
2547 2414 2714 2485 ἦλθον
2769 2417 3070 2492 κομπάσαι.
3128 2422 3280 2493 “Ap:
3339 2417 3396 2476 δὲ
3432 2421 3522 2475 καὶ
3557 2423 3634 2494 μή
3667 2441 3753 2476 πω
3780 2424 3851 2494 τῇ

2207 2509 2302 2561 106
2332 2506 2648 2579 Ηνεύματός
2682 2510 3108 2583 θωρακισθέντες
3154 2507 3404 2584 δυνάμει,
3445 2509 3715 2587 ἄχρηστοι
3745 2532 3855 2567 κα-

2209 2596 2456 2659 θίσταντο
2488 2595 2547 2650 ἃν
2576 2597 2715 2671 πρὸς
2745 2600 2810 2652 τὰ
2834 2603 2940 2652 τῶν
2974 2599 3287 2655 ἀντιπάλων
3330 2599 3672 2674 συμπλοκάς.

2281 2709 2308 2738 α
2348 2685 2462 2753 Τήν
2492 2684 2814 2762 ἐπαγγελίαν
2846 2692 2946 2741 106
2977 2689 3210 2764 Πατρός.
3249 2713 3276 2741 ››

2281 2774 2383 2830 Καὶ
2418 2778 2524 2828 1:06
2572 2779 2734 2829 τοῦτο
2775 2776 2803 2829 ὁ
2837 2777 3022 2851 Ηατὴρ
3073 2777 3483 2854 ἐπηγγείλατο;
3516 2779 3702 2852 Φαμὲν
3733 2777 3861 2847 οὖν,

2211 2860 2297 2917 ὅτι
2357 2863 2481 2930 ἤτοι
2535 2861 2901 2926 ἐλλειπτικῶς
2955 2873 3078 2936 τῆς,
3131 2867 3259 2934 ἀπὸ,
3315 2868 3618 2944 προθέσεως
3675 2866 3757 2923 δεῖ
3792 2869 3861 2924 τὸ

2211 2952 2376 3026 ῥητὸν
2407 2947 2792 3025 ἐκλαμϐάνειν,
2850 2952 2943 3009 *ίνα
2993 2957 3050 3026 ᾗ,
3106 2958 3412 3030 περιμένειν
3473 2957 3579 3012 ἀπὸ
3617 2961 3714 3013 τοῦ
3745 2963 3859 3012 Ha-

2208 3041 2338 3114 τρὸς
2365 3042 2464 3111 τήν
2497 3040 2845 3117 ἐπαγγελίαν,
2895 3045 2954 3113 ἣν
3013 3045 3138 3118 ὑμῖν
3200 3045 3546 3120 ἐποιησάμην
3574 3051 3670 3102 106
3700 3047 3861 3121 ἁγίου

2213 3129 2548 3204 Πνεύματος,
2605 3131 2641 3201 ἤ
2705 3133 2794 3187 καὶ
2855 3133 2960 3202 ὅτι,
3017 3135 3091 3196 ὡς
3140 3134 3300 3196 αὐτός
3348 3156 3531 3214 φησιν’
3591 3138 3658 3194 Ἃ
3713 3136 3867 3212 παρᾶ

2212 3223 2309 3275 τοῦ
2345 3221 2551 3292 Πατρὸς
2611 3221 2844 3292 ἀκήκοα,
2901 3228 3067 3277 ταῦτα
3125 3223 3460 3299 ἀπαγγέλλω
3522 3226 3671 3298 ὑμῖν
3703 3227 3789 3280 καὶ
3827 3228 3865 3296 ἡ

2213 3313 2311 3363 τοῦ
2340 3309 2492 3385 ἁγίου
2522 3311 2836 3383 Πνεύματος
2889 3310 3206 3388 ἐπαγγελία,
3258 3313 3303 3368 εἷ
3352 3314 3441 3368 καὶ
3473 3312 3541 3368 δι’
3576 3317 3738 3370 αὐτοῦ
3769 3316 3867 3388 γέ-

2215 3418 2392 3470 γονεν,
2451 3396 2598 3454 ἀλλᾶ
2652 3401 2740 3454 καὶ
2800 3401 2945 3474 παρὰ
2997 3406 3099 3456 106
3159 3403 3368 3477 Πατρὸς
3421 3404 3673 3479 ὑπῆρξεν.
3707 3401 3869 3460 Εῗδὲ

2214 3487 2304 3540 καὶ
2335 3489 2461 3563 παρ’
2491 3487 2656 3543 αὐτοῦ
2707 3495 2891 3559 ζητεῖς
2936 3494 3034 3545 106
3064 3491 3400 3566 Πνεύματος,
3433 3493 3460 3546 ὁ
3497 3493 3662 3560 Ἰωὴλ
3701 3491 3867 3568 ἐχέγ-

2215 3597 2347 3651 γυος
2378 3578 2748 3632 πιστώσασθαι
2777 3578 2868 3633 τὸν
2920 3577 3109 3654 λόγον,
3159 3603 3188 3632 ‹‹
3220 3579 3454 3656 Ἐκχεῶ,
3485 3588 3722 3659 φάσκων,
3755 3582 3867 3637 ἀπὸ

2212 3669 2310 3720 τοῦ
2341 3664 2651 3738 Ηνεύματός
2683 3687 2788 3739 μου
2819 3666 2906 3722 ἐπὶ
2939 3674 3108 3722 πᾶσαν
3141 3668 3335 3742 σάρκα.
3369 3690 3395 3721 ι

2289 3777 2316 3805 ‹‹
2346 3756 2443 3810 Ἢν
2472 3753 2739 3823 ἠκούσατέ
2767 3776 2892 3828 μου.
2927 3781 2950 3810 ι

2285 3844 2426 3900 Πότε
2458 3841 2514 3898 δὲ
2544 3844 2780 3913 ἤκουσαν
2811 3864 2823 3914 ;
2853 3847 2981 3902 Ὃτε
3011 3840 3188 3920 ἔλεγεο
3241 3869 3268 3896 ‹‹
3304 3844 3577 3921 Συμφέρει
3611 3845 3739 3918 ὑμῖν
3769 3845 3874 3902 ἓνα

2214 3929 2322 4007 ἐγὼ
2353 3930 2598 4002 ἀπέλθω,
2655 3933 2744 3989 ἐὰν
2803 3934 2904 4011 γὰρ
2962 3933 3070 4008 ἐγὼ
3103 3934 3180 4007 μὴ
3221 3933 3465 4005 ἀπέλθω,
3509 3935 3537 3989 ὁ
3570 3933 3878 4009 Παράγλη-

2210 4042 2303 4082 τος
2339 4021 2437 4076 οὐκ
2476 4021 2752 4078 ἐλεύσεται
2783 4024 2918 4097 πρὸς
2971 4024 3133 4097 ὑμᾶς.
3158 4046 3185 4078 ι
3247 4024 3351 4080 Καὶ
3407 4022 3598 4080 πάλινο
3656 4049 3685 4076 ‹‹
3720 4027 3873 4103 Ἐγὼ

2212 4109 2474 4184 ἐρωτήσω
2503 4112 2595 4166 τὸν
2631 4111 2862 4186 Πατέρα,
2912 4112 3002 4166 καὶ
3052 4111 3223 4169 ἄλλον
3269 4111 3626 4188 Παράκλητον
3661 4116 3877 4188 πέμψει

2215 4198 2364 4270 ὑμῖν.
2403 4224 2424 4253 ι
2461 4200 2623 4272 Ἀτὰρ
2656 4201 2700 4255 εί
2747 4197 2978 4273 μηδέπω
3027 4202 3354 4276 παρεγένετο
3385 4203 3444 4257 τὸ
3478 4202 3718 4276 Πνεύμα,
3750 4209 3880 4269 πῶς

2212 4283 2385 4364 ἔλεγεο
2425 4313 2445 4339 ι
2478 4285 2682 4344 Λάϐετε
2713 4294 2931 4364 Πνεῦμα
2974 4292 3128 4365 ἅγιον
3157 4310 3170 4360 ;
3208 4316 3227 4342 ι
3286 4292 3321 4361 ἤ
3383 4291 3464 4346 ὅτι
3493 4297 3659 4347 τοῦτο
3692 4290 3877 4369 ἔλεγε,

2213 4376 2488 4440 ’δεκτικοὺς
2518 4378 2713 4441 αὐτοὺς
2743 4377 2832 4432 καὶ
2863 4377 3206 4448 ἐπιτηδείους
3252 4387 3426 4436 ποιῶν
3457 4381 3532 4443 είς
3585 4382 3685 4450 τήν
3727 4382 3879 4436 ὑπο-

2212 4466 2386 4542 δοχὴν
2418 4471 2515 4521 106
2547 4468 2882 4540 Πνεύματος’
2953 4464 3149 4524 ἔλαϐον
3215 4468 3272 4524 δὲ
3327 4471 3413 4525 ὅτε
3463 4470 3752 4540 κατῆλθεν.
3785 4473 3866 4530 Ἦ

2211 4557 2293 4611 ὃτι
2323 4559 2386 4611 τὸ
2413 4555 2619 4629 μέλλον
2653 4559 2728 4619 ὡς
2757 4555 2865 4628 ἤδη
2894 4560 3067 4632 παρὸν
3089 4558 3325 4636 εἶ’ρηκεν.
3350 4564 3418 4617 ’Ἡ
3445 4563 3527 4616 ὅτι
3560 4568 3655 4616 106
3688 4563 3868 4618 [Ινεύ-

444 4671 577 4710 rum
610 4661 893 4724 tanquam
916 4663 1180 4721 praasens
1211 4645 1375 4700 dixit.
1418 4646 1517 4699 Vel
1551 4645 1709 4716 quod
1728 4647 1978 4717 Spiritus
2002 4646 2077 4702 da

2217 4665 2384 4717 ματος
2415 4649 2449 4714 ἡ
2483 4644 2652 4714 δόσις,
2698 4649 2731 4716 ἡ
2793 4650 2886 4720 μὲν
2941 4650 3264 4722 καθαρτικὴ,
3325 4652 3359 4719 ἡ
3409 4647 3466 4703 δὲ
3511 4650 3873 4723 τελειωτική.

445 4743 658 4803 tio,aut
690 4739 991 4811 purgativa
1017 4743 1106 4790 est
1131 4740 1232 4790 aut
1279 4735 1613 4806 perfectiva.
1677 4735 2100 4791 consummata

448 4847 583 4899 ergo
607 4829 858 4900 Spiritus
889 4825 1262 4897 superventio
1299 4823 1360 4877 in
1391 4824 1778 4894 apostolos,et
1801 4841 1931 4894 quas
1961 4841 2097 4894 per—

451 4921 671 4975 fectum
713 4915 925 4981 reddit,
983 4915 1128 4969 adeo
1187 4919 1255 4968 ut
1309 4913 1458 4968 alios
1516 4928 1753 4983 quoque
1804 4913 2095 4983 perﬁciat,

454 5014 720 5077 tempore
753 5007 1131 5058 Pentecostes
1163 5002 1315 5057 facta
1345 5008 1452 5069 est,
1486 5017 1604 5055 non
1637 5008 1834 5055 autem
1857 5017 1925 5054 eo
1951 5019 2101 5072 prte-

455 5102 621 5151 sente
655 5094 1031 5149 venitznam
1054 5092 1102 5146 si
1163 5096 1302 5146 tunc
1364 5090 1645 5146 Dominus
1700 5088 2098 5160 discessisset,
2171 5091 2174 5094 ’

455 5185 707 5256 Spiritus
739 5199 873 5238 vero
904 5181 1245 5247 mansisset,
1280 5196 1401 5235 non
1432 5180 1640 5233 fuisset
1670 5184 1833 5233 tanta
1885 5194 2098 5233 conso-

453 5273 594 5330 latio
623 5272 798 5329 :adeo
833 5271 991 5327 enim
1013 5271 1063 5325 ei
1093 5267 1568 5331 adhaerebantmt
1589 5282 1738 5338 ωερε
1757 5266 2101 5338 divellipos-

453 5369 606 5422 sent.
642 5366 767 5420 Non
798 5362 996 5418 statim
1054 5366 1252 5415 autem
1305 5356 1614 5410 descendit
1672 5357 1946 5427 Spiritus,
1997 5357 2101 5412 sed

452 5461 587 5528 post
614 5460 746 5510 octo
778 5451 1047 5509 fortassis
1073 5453 1176 5503 aut
1206 5461 1416 5501 novem
1466 5444 1613 5511 dies,
1673 5449 1740 5499 ut
1791 5446 2099 5516 paululum

449 5541 836 5611 constristati,
867 5541 924 5596 ei
955 5538 1018 5593 in
1049 5533 1342 5592 desiderio
1373 5548 1441 5589 ac
1465 5532 1821 5588 necessitate
1853 5535 2099 5605 promis.

1502 5710 1525 5746 '
1551 5710 1719 5765 Joan.
1751 5727 1865 5780 xiv,
1904 5715 1990 5769 16.

518 5721 543 5755 ⁷
570 5719 696 5776 Joel
721 5735 783 5784 ιι,
813 5719 901 5772 28.
979 5715 1005 5751 ⁸
1029 5716 1197 5772 Joan.
1230 5730 1342 5782 xw,
1370 5713 1426 5767 7.

2205 4733 2270 4786 Ἢ
2304 4733 2395 4786 οὖν
2429 4731 2612 4787 τελεία
2667 4734 2756 4788 καὶ
2813 4733 3178 4804 τελειοποιὸς,
3236 4737 3374 4792 ὥστε
3405 4739 3490 4793 καὶ
3528 4739 3745 4813 ἑτέρους
3775 4761 3885 4795 τε-

2209 4822 2527 4894 λειοποιεῖν,
2576 4830 2672 4879 τοῦ
2723 4827 3052 4900 Πνεύματος,
3114 4834 3227 4891 τοῖς
3287 4828 3619 4895 ἀποστόλοις
3647 4830 3884 4909 ἐπιφοι-

2207 4934 2384 4983 τησις,
2443 4915 2578 4969 κατᾶ
2632 4916 2723 4970 τὸν
2781 4918 2968 4991 καιρὸν
3025 4924 3126 4986 τῆς
3183 4923 3564 4989 Πεντηκοστῆς
3613 4922 3877 4998 γέγονεν,

2212 5001 2312 5057 οὐκ
2362 5000 2500 5073 ἦλθε
2558 5001 2612 5060 δὲ
2671 5006 2936 5080 παρόντος
2989 5005 3174 5074 αὑτοῦ,
3209 5007 3316 5077 ὅτι,
3358 5008 3404 5062 εἲ
3433 5010 3460 5063 ὁ
3496 5010 3588 5082 μὲν
3620 5008 3877 5083 ἀπῆλθε,

2217 5093 2271 5146 τὸ
2321 5089 2377 5148 δὲ
2441 5091 2668 5164 ἔμεινεν,
2719 5095 2822 5150 ούκ
2885 5095 2952 5164 ἦν
3010 5100 3272 5152 τοσοῦτον
3325 5099 3388 5152 τὸ
3442 5105 3543 5168 τῆς
3603 5119 3871 5172 παραμυ-

2211 5180 2348 5242 θίας.
2415 5180 2632 5257 Σφόδρα
2683 5184 2784 5260 γὰρ
2842 5185 3010 5239 αὐτοῦ
3073 5182 3531 5248 δυσαποσπάστως
3569 5187 3746 5262 εἶχον,
3778 5192 3879 5246 Οὐ

2208 5269 2447 5333 κατῆλθε
2487 5269 2543 5324 δὲ
2589 5272 2652 5326 τὸ
2699 5276 2913 5344 Πνεῦμα
2959 5273 3179 5346 εὐθέως,
3229 5274 3378 5330 ἀλλά
3417 5275 3552 5348 μετᾶ
3583 5277 3727 5331 ὀκτὼ
3766 5299 3885 5332 τυ-

2210 5358 2310 5432 χὸν
2353 5359 2388 5428 ἢ
2438 5356 2584 5413 ἐννέα
2635 5357 2866 5436 ἡμέρας,
2903 5359 3016 5432 ἶνα,
3065 5363 3156 5418 καὶ
3204 5365 3398 5437 μικρὸν
3462 5365 3886 5440 ἀθυμήσαντες,

2209 5445 2300 5500 καῖ
2328 5446 2378 5500 ἐν
2414 5445 2672 5530 ἐπιθυμίᾳ
2712 5449 2801 5505 καὶ
2856 5451 3021 5525 χρείᾳ
3047 5459 3152 5520 τῆς
3209 5450 3529 5528 ἐπαγγελίας
3564 5454 3885 5508 καταστάν-

2205 5555 2315 5606 τες,
2347 5537 2604 5610 καθαρὰνΔ
2643 5538 2734 5592 καὶ
2794 5539 3195 5616 ἀπηρτημένην
3238 5539 3493 5612 δέξωνται
3522 5545 3620 5611 τήν
3666 5541 3760 5597 ἐπί
3785 5547 3877 5620 τῇ

2072 5716 2117 5753 ¹⁰
2143 5719 2309 5775 Joan.
2342 5727 2440 5786 xv,’
2469 5719 2558 5776 22.
2735 5728 2752 5741 ⁶
2775 5730 2802 5744 ⁴’
