4136 6200
292 303 373 360 49

1267 313 1672 376 ΟΟΜΜΕΝΤ.
1722 316 1810 376 ΙΝ
1855 317 2057 378 ACTA
2100 322 2709 388 APOSTULORUM.

3625 347 3707 406 50

295 433 575 506 παρουσίᾳ
602 434 826 508 ἡδονήν.
857 437 1076 496 Ῥλλως
1109 438 1166 497 δὲ
1196 438 1305 499 ἔδει
1345 445 1398 499 ἐν
1459 447 1674 522 οὐρανῷ
1722 452 1932 528 φανῆνα

300 544 322 547 Α
340 524 354 540 δ
447 526 471 547 1
539 545 548 547 -
567 546 584 547 κ
603 522 620 547 κ’
635 546 642 547 κ
835 527 848 546 Ῑ
1096 530 1110 547 \
1208 533 1221 547 1
1458 535 1476 547 ς
1499 537 1514 547 ι
1614 538 1625 547 ι
1820 539 1829 547 ι
1876 540 1894 547 Α

2070 454 2256 510 sionis
2287 461 2616 518 constituti.
2651 479 2863 532 purum
2896 481 2962 520 ac
2993 469 3319 538 perfectum
3379 476 3716 547 reciperent

297 524 397 591 τήν
443 522 718 596 ⁴Ξεμετέραν
783 527 959 602 φύσιν.
1021 530 1112 585 καὶ
1169 533 1262 595 τὰς
1316 535 1664 613 καταλλαγὰς
1722 539 1957 614 γενέσθαι

300 613 732 688 ἆπηρτισμένας,
777 619 884 688 ικαὶ
934 620 1058 676 τότε
1112 620 1288 687 ἐλθεῖν
1341 626 1404 680 τὸ
1453 627 1693 701 Πνεῦμα.
1738 613 1956 684 Σκόπει

312 700 504 772 ὂὲ,⁹ἷνα
534 704 702 760 πάλιν
739 708 876 779 μετά
916 710 1016 778 τήν
1076 711 1349 788 ἀνάληψιν
1411 717 1488 789 μή
1543 719 1780 794 φύγωσι,
1839 723 1956 781 πῶς

309 796 373 866 τῇ
433 792 744 868 προσδοκίᾳ
806 797 976 866 ταύτῃ
1030 801 1272 877 καθάπερ
1327 805 1436 858 τινὶ
1495 792 1681 880 δεσμῷ
1734 808 1954 883 κατέχει

301 882 498 944 πάιτας
528 885 730 948 αὐτοὺς
760 886 949 946 ἐκεῖσε.

545 1087 575 1114 «
607 1064 731 1121 ’Ὁτι
763 1063 1020 1137 Ἰωάννης
1053 1067 1149 1141 μὲν
1178 1063 1463 1126 ἐϐάπτισεν
1495 1069 1670 1128 ὕδατι.
1709 1096 1736 1125 ››

366 1151 526 1225 Παρᾶ
553 1154 657 1222 τήν
687 1153 867 1229 ἆρχῆν
922 1157 974 1210 οἱ
1035 1157 1336 1215 ἀπόστολοι
1395 1159 1550 1216 ὕδατι
1608 1158 1948 1235 ἐϐαπτίσθη-

295 1260 415 1307 σαν,
456 1243 598 1310 μετά
642 1247 809 1299 ταῦτα
869 1242 925 1300 δὲ
990 1247 1080 1301 καὶ
1130 1249 1275 1325 ἁγίῳ
1333 1249 1628 1324 Πνεύματι.
1691 1253 1948 1318 Ἐνταῦθα

295 1336 544 1406 φανερῶς
582 1329 691 1403 ἢδη
743 1333 803 1388 τὸ
864 1335 1002 1410 πρὸς
1057 1337 1312 1393 Ἰωάννου
1373 1339 1537 1395 αὐτοῦ
1595 1338 1944 1415 ὑπερϐάλλον

295 1424 554 1493 παριστᾷ,
587 1421 695 1497 οὐχ
725 1423 799 1484 ὡς
832 1419 920 1479 ὅτε
960 1422 1166 1501 ἔλεγεν.
1231 1451 1259 1480 ι(
1289 1429 1346 1483 '0
1409 1431 1730 1505 μικρότερος
1775 1430 1826 1486 ἐν
1874 1436 1942 1506 τῇ

289 1506 547 1581 βασιλείᾳ
574 1515 684 1564 τῶν
716 1513 982 1586 οὐρανῶν,
1017 1515 1216 1588 μείζων
1250 1517 1504 1574 Ἰωάννου
1534 1517 1698 1578 ἐστίν.
1734 1543 1763 1572 ››

353 1625 384 1651 α
418 1606 602 1673 Ὑμεῖς
649 1601 705 1660 δὲ
766 1606 1196 1679 βαπτισθήσεσθε
1251 1607 1303 1664 ἐν
1360 1609 1634 1685 Ιινεύματι
1690 1612 1826 1690 ἁγίῳ
1877 1613 1940 1670 οὐ

286 1714 314 1741 ‹‹
354 1692 497 1762 μετᾶ
526 1691 735 1754 πολλάς
764 1695 963 1760 ταύτας
991 1696 1221 1772 ἡμέρας.
1257 1722 1285 1752 ›ι

2066 542 2137 640 in.
2157 546 2284 616 ejus
2306 547 2566 606 adventu
2589 555 2889 624 gaudium.
2915 558 2958 614 5
2987 559 3277 617 Praeterea
3309 542 3712 640 autem-opor-

2063 632 2222 688 tebat
2245 636 2303 691 in
2325 639 2471 694 caelo
2492 647 2757 698 nostram
2773 661 3116 716 comparere
3145 657 3440 716 naturam,
3475 671 3542 711 ac
3572 632 3713 728 per-

2061 721 2274 781 fectam
2298 729 2426 783 fieri
2454 733 3021 803 reconciliationem,
3047 755 3114 794 ac
3143 744 3284 795 tunc
3302 744 3498 798 venire
3521 747 3711 818 Spiri-

2061 817 2535 876 tum.Considera
2555 829 2776 890 autem,
2799 841 2874 879 ne
2905 843 3141 882 rursum
3173 837 3306 901 post
3335 843 3706 906 assumptum

2059 901 2375 962 Dominum
2408 909 2657 982 fugiant,
2719 915 3017 984 quomodo
3077 916 3186 972 hac
3241 901 3708 993 exspectatione,

2059 994 2342 1064 tanquam
2369 1004 2578 1055 catena
2599 1002 2853 1071 quadam
2886 1021 3094 1060 omnes
3122 1022 3221 1062 eos
3249 1007 3373 1063 illic
3431 1013 3705 1069 retineat.

2131 1081 2173 1148 ι,
2208 1087 2259 1137 5.
2295 1109 2322 1135 ‹‹
2359 1087 2505 1152 Quia
2527 1091 2784 1146 Joannes
2815 1093 3056 1163 quidem
3091 1095 3404 1166 baptizavit
3433 1116 3607 1171 aqua.
3642 1125 3670 1152 ιι

2127 1177 2395 1244 Apostoli
2429 1179 2490 1234 in
2522 1180 2692 1236 initio
2757 1199 2910 1253 aqua
2965 1185 3242 1258 baptizati
3294 1195 3451 1254 sunt,
3503 1198 3708 1262 postea

2054 1275 2188 1317 vero
2247 1267 2425 1323 etiam
2489 1277 2690 1325 sancto
2749 1273 2988 1344 Spiritu.
3053 1275 3156 1330 Hic
3205 1276 3330 1348 jam
3390 1280 3705 1336 manifeste

2054 1367 2222 1408 suam
2256 1372 2434 1427 supra
2462 1360 2751 1416 Joannem
2792 1362 3166 1420 demonstrat
3219 1368 3568 1437 potentiam,
3601 1387 3701 1426 ve-

2052 1439 2162 1495 luti
2194 1446 2430 1513 quando
2462 1448 2733 1505 dicebat:
2795 1453 2964 1517 «Qui
3028 1455 3224 1508 minor
3276 1461 3367 1511 est
3407 1455 3468 1512 in
3515 1475 3697 1530 regno

2052 1535 2356 1606 ccelorum,
2387 1540 2581 1612 major
2609 1546 2836 1598 Joanne
2864 1550 2954 1600 est
2978 1548 3042 1600 “.
3083 1568 3110 1595 ιι

2122 1646 2149 1673 ‹‹
2187 1626 2298 1681 Vos
2331 1634 2528 1684 autem
2561 1629 3003 1703 baptizabimini
3046 1635 3269 1707 Spiritu
3327 1645 3530 1696 sancto
3577 1659 3698 1698 non

2051 1734 2078 1762 «
2111 1720 2244 1785 post
2273 1717 2494 1773 multos
2525 1720 2632 1774 hos
2661 1720 2808 1776 dies.
2848 1744 2870 1772 α

363 1782 826 1853 Βαπτισθήσεσθε,
855 1785 1026 1857 εἶπεν,
1077 1785 1206 1842 ἀλλ’
1237 1787 1300 1843 οὐ
1331 1789 1604 1864 Βαπτίσω,
1652 1792 1714 1846 τὸ
1761 1791 1931 1866 ἀκόμ-

2112 1782 2779 1877 *Βίιρίὶῑδὺίωἱηῂᾶίχίω
2805 1814 3692 1885 non,Baptizabo,mansuetudi-

295 1890 513 1924 ιταστον
549 1869 922 1944 μεταδιώκων.
955 1875 1180 1938 ’Ἄλλως
1233 1898 1292 1932 τε
1339 1878 1428 1933 καί
1475 1881 1732 1937 Ἰωάννου
1774 1886 1934 1937 τοῦτο

281 1957 734 2033 προδιδάξαντος,
767 1967 818 2018 ἐν
864 1968 944 2036 τῷ
1001 1966 1194 2020 εἷπεῖνο
1243 1992 1263 2017 ο
1299 1967 1473 2031 Αὐτὸς
1531 1970 1670 2044 ὑμᾶς
1738 1971 1937 2046 βαπτί-

275 2068 355 2102 σει
390 2047 446 2102 ἐν
476 2049 756 2122 Ηνεύματι
787 2051 933 2126 ἁγίῳ
988 2055 1078 2109 καὶ
1137 2055 1290 2129 πυρὶ,
1323 2082 1347 2106 ν
1406 2061 1630 2133 περιττή
1685 2056 1754 2114 δι’
1812 2061 1932 2115 δαυ-

271 2142 371 2192 τοῖ)
403 2142 719 2213 προσθήκη.
755 2143 940 2218 Χωρίς
971 2141 1028 2198 δὲ
1085 2142 1279 2209 ὕδατος
1327 2147 1388 2202 οὗ
1445 2149 1696 2223 βαπτίζει
1748 2148 1800 2204 ἐν
1853 2155 1934 2222 τῷ

283 2226 521 2300 ὗπερώῳ
557 2230 742 2304 χάριτι
775 2250 788 2300 ;
819 2234 907 2286 καὶ
958 2235 1061 2308 γάρ
1117 2236 1178 2289 τὸ
1227 2238 1556 2312 κυριώτερον
1607 2239 1670 2294 τὸ
1723 2240 1935 2314 ΙΙνεῦμά

281 2313 422 2382 ἐστι,
462 2314 508 2370 δ’
535 2319 708 2374 οὔκαὶ
737 2322 801 2375 τὸ
855 2320 1000 2396 ὕδωρ
1059 2323 1279 2399 ἐνεργεῖ.
1341 2326 1494 2384 Ἐπεὶ
1549 2331 1639 2384 καὶ
1701 2331 1934 2403 Χριστὸς

272 2405 440 2470 αὐτὸς
475 2409 711 2483 Χριστὸς
741 2409 867 2466 ἄνευ
900 2411 1089 2468 ἐλαίου
1118 2413 1326 2491 γέγονε.

352 2609 383 2636 ι(
418 2586 488 2641 Οἱ
517 2587 615 2659 μὲν
649 2589 745 2643 οὗν
777 2587 1122 2655 συνελθόντες
1153 2592 1452 2670 ἐπηρώτων
1504 2596 1688 2662 αὐτὸν,
1743 2596 1934 2673 λέγον-

268 2698 297 2724 ιι
327 2694 441 2737 τες·
471 2677 660 2747 Κύριε,
692 2679 739 2732 εἱ
771 2678 825 2733 ἐν
879 2684 960 2752 τῷ
1017 2681 1208 2754 γρόνῳ
1264 2682 1444 2757 τούτῳ
1492 2683 1934 2750 ἀποκαθιστάνεις

283 2788 310 2818 ο
339 2767 444 2834 τήν
475 2766 756 2840 βασιλείαν
786 2773 864 2841 τῷ
894 2769 1114 2846 Ἰσραήλ
1143 2791 1157 2840 ;
1188 2795 1216 2822 ››

354 2854 557 2910 Σκόπει
589 2855 834 2921 ἐνταῦθα.
870 2860 1020 2916 Ἐπεὶ
1080 2862 1187 2936 πρὸ
1235 2866 1334 2917 τοῦ
1381 2862 1584 2928 πάθους
1638 2866 1931 2940 ἠρώτησαν

277 2945 345 2998 τὰ
380 2945 511 3019 περὶ
544 2945 849 3010 συντελείας
879 2953 977 3004 τοῦ
1005 2949 1238 3023 κόσμου,
1299 2952 1398 3007 οὐκ
1443 2947 1521 3008 ἔτι
1571 2956 1692 3031 περῖ
1737 2955 1934 3011 τούτου

276 3032 654 3105 ἐπερωτῶσιν
721 3034 870 3092 ἀλλὰ
925 3039 1049 3113 περὶ
1111 3039 1392 3114 βασιλείας
1449 3051 1744 3116 κοσμικῆς.
1814 3047 1932 3102 Ἔτι

275 3123 376 3196 γάρ
437 3122 794 3199 ἁτελὲστερον
856 3123 1140 3185 διέκειντο.
1199 3130 1373 3201 Ὀμοῦ
1458 3128 1516 3186 δὶ
1590 3133 1936 3197 συνελθόντες

284 3209 542 3283 ἠρώτων,
572 3209 664 3265 ἵνα
712 3217 793 3285 τῷ
844 3216 1048 3286 πλήθει
1103 3214 1519 3287 δυσωπήσωσιν.
1581 3220 1933 3283 Ἀκούσαντες

283 3296 339 3354 δέ
364 3299 474 3373 πρὸ
504 3301 601 3354 τοῦ
632 3303 858 3374 πάθους,
900 3303 983 3358 ὅτι
1015 3302 1193 3370 οὐδεὶς
1224 3305 1342 3362 οἶδε
1361 3308 1461 3376 τὴν
1506 3308 1740 3385 ἡμέραν,
1781 3305 1934 3383 ὅμως

280 3390 367 3443 καὶ
431 3393 522 3443 νῦν
580 3388 748 3446 πάλιν
807 3392 1080 3467 ἐρωτῶσιν
1165 3396 1313 3453 Ἐπεὶ
1370 3399 1473 3473 γάρ
1555 3397 1792 3466 ἤκουσαν
1849 3399 1933 3454 δτι

282 3477 550 3548 μελλουσι
612 3477 909 3553 λαμϐάνειν
967 3486 1030 3538 τὸ
1092 3487 1336 3558 Πνεῦμα,
1395 3487 1470 3548 ὡς
1529 3485 1669 3559 ἄξιοι
1734 3487 1930 3544 λοιπὸν

285 3566 483 3634 ἤθελον
514 3571 729 3638 μαθεῖν,
760 3574 852 3626 καί
885 3573 1268 3649 ἀπαλλαγῆναι
1319 3581 1426 3631 τῶν
1477 3574 1758 3656 δυσχερῶν
1809 3578 1934 3634 ἐπε-

287 3655 510 3726 θύμουν.
545 3658 662 3715 Οὐκ
691 3662 844 3716 εἷπον
877 3660 956 3732 δὲ,
990 3665 1126 3720 Πότε
1154 3684 1167 3734 ;
1200 3665 1348 3722 ἀλλ’.
1398 3666 1462 3723 Εἰ
1515 3667 1566 3721 ἐν
1608 3655 1696 3741 τῷ
1749 3667 1934 3743 χρόνῳ

288 3745 505 3816 suum);
539 3745 584 3800 εἰ
617 3751 747 3816 sfw;
803 3749 982 3825 φασίν.
1037 3753 1229 3815 Οὓτως
1289 3753 1591 3827 ἐπεθύμουν
1645 3757 1742 3824 τὴν
1793 3757 1932 3828 ἡμέ·

290 3853 401 3904 ραν.
438 3835 598 3906 Ἐμοὶ
632 3834 688 3891 δὲ
730 3835 882 3893 δοκεῖ
937 3838 1061 3895 οὐδὲ
1123 3845 1488 3917 τετρανῶσθαί
1548 3866 1666 3906 πως
1721 3845 1933 3914 αὐτοῖς,

285 3921 338 3974 τί
367 3925 484 3977 ποτ’
531 3925 595 3993 ἦν
656 3928 690 3994 ἡ
751 3927 1019 4002 βασιλεία.
1091 3931 1258 3988 Οῧπω
1313 3935 1416 4008 γὰρ
1473 3936 1537 4002 ἦν
1599 3931 1811 4006 διδάξαν
1869 3935 1932 3989 τὸ

284 4015 517 4085 Πνεῦμα.
556 4015 728 4070 Εἶπεν
766 4016 822 4071 δὲ
879 4021 964 4083 τὸ,
1018 4048 1041 4072 ‹‹
1075 4023 1573 4095 Ἀποκαθιστάνεις,
1606 4047 1632 4075 ››
1677 4023 1760 4078 ὅτι
1813 4023 1934 4096 μεί-

284 4106 409 4168 ζονα
446 4100 641 4157 λοιπὸν
675 4106 796 4178 περὶ
830 4108 997 4162 αὐτοῦ
1054 4109 1432 4186 ἐφαντάζοντο.
1483 4113 1576 4167 Διὸ
1607 4112 1718 4185 ἐκαὶ
1774 4113 1934 4177 αὐτὸς

284 4191 570 4263 ἀνημὲνως
602 4196 788 4256 αὐτοῖς
845 4194 1118 4273 διελέγετο
1197 4201 1274 4258 Οὐ
1324 4202 1426 4278 γὰρ
1484 4203 1658 4271 εἶπεν,
1716 4199 1855 4260 Οὐδὲ
1903 4203 1932 4258 ὁ

281 4282 401 4340 fit}:
439 4280 601 4351 οἶδεν,
633 4283 782 4348 ἀλλ’,
812 4311 839 4337 ‹‹
874 4288 1004 4363 υῦχ
1032 4290 1184 4362 ὑμῶν
1217 4290 1349 4348 ἐστι.
1390 4315 1417 4342 ››
1451 4293 1553 4347 Καὶ
1583 4292 1673 4346 ἳνα
1703 4292 1779 4364 μὴ
1803 4293 1931 4346 ἀθυ-

282 4373 549 4439 μήσουσιν,
584 4374 872 4451 ἐπήγαγεν,
910 4403 932 4427 «ι
966 4377 1139 4434 Ἀλλά
1195 4379 1433 4453 λήψεσθε
1473 4379 1728 4454 δύναμιν,
1761 4404 1788 4436 ι
1839 4383 1930 4438 καὶ

277 4461 342 4512 τά
374 4461 515 4529 ἑξῆς.
579 4464 681 4520 Καὶ
742 4465 933 4521 ἐκεῖνοι
1007 4470 1099 4540 μὲν
1160 4469 1221 4524 οὐ
1278 4470 1403 4545 περί
1467 4474 1565 4540 τῆς
1622 4471 1929 4534 συντελείας

281 4549 595 4618 ἠρώτησαν,
633 4553 789 4616 αὐτὸς
848 4553 904 4610 δὲ
945 4558 974 4611 ὅ
1010 4557 1108 4612 οὐκ
1163 4560 1456 4632 ἠρώτησαν
1520 4558 1780 4616 διδάσκει·
1843 4563 1924 4617 δτι
1957 4556 2006 4622 D

287 4638 506 4713 ἀρίστου
540 4639 870 4700 διδασκάλου
903 4646 1036 4711 ἐστὶ,
1075 4649 1150 4721 μή
1183 4649 1214 4704 ἃ
1247 4649 1541 4725 βούλονται
1575 4653 1628 4706 οἱ
1665 4653 1926 4726 μαθηταῗ,

287 4725 412 4780 ἀλλ’
446 4727 477 4781 ά
533 4731 792 4808 συμφέρει
857 4741 1067 4807 μαθεῖν,
1123 4734 1413 4798 ὃιδασκειν.
1473 4742 1570 4795 Διά
1623 4761 1707 4795 τοι
1766 4745 1928 4795 τοῦτο

291 4816 350 4869 οὐ
381 4818 521 4891 πρὸς
551 4821 647 4888 τήν
699 4821 966 4896 ἐρώτησιν
1026 4826 1356 4899 ἀπήντησεν,
1416 4830 1491 4892 ὡς
1546 4827 1713 4902 μηδὲν
1761 4826 1929 4906 ἓχου-

287 4924 372 4958 σαν
429 4911 696 4982 χρηστὸν,
755 4909 900 4968 ἀλλὰ
953 4915 1016 4969 τὸ
1100 4923 1416 4993 κατεπεῖγον
1496 4917 1762 4975 ἐδίδασκεθ
1829 4923 1928 4975 τοῦ

285 4994 590 5068 Πνεῦματος
622 5001 723 5074 γὰρ
755 5002 824 5070 ἦν
856 5003 1017 5078 χρεία
1049 5005 1290 5078 μάλιστα
1320 5009 1508 5073 αὐτοῖς
1534 5009 1678 5068 τότε.

353 5287 380 5315 α
412 5266 549 5321 Εἶπε
578 5265 639 5323 δὲ
686 5271 826 5344 πρὸς
881 5271 1100 5337 αὐτούς’
1157 5276 1284 5352 Οὐχ
1345 5278 1497 5350 ὑμῶν
1558 5276 1668 5334 ἐστι
1723 5283 1925 5354 γνῶναι

290 5374 314 5402 ι
348 5354 573 5428 χρόνους
605 5359 640 5427 ἢ
670 5361 916 5436 καιρούς.
952 5385 980 5414 ››

353 5446 638 5522 Ηανταχοῦ
660 5456 762 5518 τῆς
790 5455 898 5505 τῶν
957 5450 1272 5526 μελλόντων
1323 5457 1524 5522 αὐτοὺς
1585 5456 1924 5535 ἀποτειχίζει

361 5627 402 5661 ¹¹
431 5629 634 5688 Matth.
665 5649 742 5701 xx,
780 5634 864 5692 li.
943 5634 988 5670 ¹²
1016 5635 1218 5693 Matth.
1249 5654 1336 5710 In,
1369 5641 1457 5696 Η.

2046 1906 2183 1946 nem
2215 1894 2582 1966 amplectens
2610 1903 2668 1952 et
2696 1901 3093 1972 arrogantiam
3135 1901 3402 1975 fugiens:
3437 1923 3690 1976 prasser-

2044 1981 2150 2036 tim
2180 2000 2316 2038 cum
2360 1986 2615 2042 Joannes
2672 1989 2838 2060 prius
2897 1991 3007 2045 hoc
3062 1990 3382 2060 docuisset,
3443 1992 3685 2050 dicens:

2044 2092 2071 2120 ‹‹
2107 2073 2236 2143 Ipse
2269 2093 2369 2130 vos
2400 2075 2718 2148 baptizabit
2749 2079 2808 2132 in
2837 2080 3055 2150 Spiritu
3089 2086 3292 2136 sancto
3316 2087 3374 2136 et
3411 2083 3533 2154 igni
3559 2085 3622 2150 ⁸³,
3659 2104 3685 2134 ι

2045 2165 2413 2235 superﬂuum
2447 2173 2604 2223 esset
2634 2174 2696 2223 ut
2727 2169 2854 2240 ipse
2886 2171 2996 2225 Per
3023 2172 3285 2242 seipsum
3303 2171 3567 2230 adderet.
3595 2176 3696 2229 Ve-

2050 2269 2182 2308 rum
2245 2271 2444 2310 annon
2505 2275 2612 2328 per
2663 2259 2912 2330 gratiam
2969 2259 3222 2332 baptizat
3272 2262 3335 2316 in
3391 2263 3694 2318 cenaculo

2045 2341 2269 2414 absque
2292 2347 2484 2416 aqua?
2509 2348 2744 2418 Utique,
2776 2365 2914 2405 nam
2948 2350 3199 2422 Spiritus
3249 2351 3548 2407 efficacior
3585 2358 3694 2418 est,

2045 2450 2150 2504 per
2172 2452 2348 2505 quem
2410 2438 2589 2492 etiam
2639 2455 2795 2510 aqua
2852 2445 3147 2511 operatur,
3215 2441 3700 2512 quandoquidem

2045 2522 2172 2593 iqse
2206 2542 2444 2597 quoque
2476 2528 2744 2584 Christus
2777 2529 2999 2600 absque
3033 2530 3163 2585 oleo
3197 2531 3476 2586 inunctus
3515 2538 3625 2586 est.

2114 2616 2158 2680 Ι,
2191 2618 2241 2669 6.
2278 2636 2308 2668 ιι
2345 2619 2547 2688 Itaque
2589 2620 2925 2692 congregati
2957 2619 3406 2693 interrogabant
3442 2637 3578 2676 eum
3601 2621 3698 2676 di-

2047 2726 2074 2754 ‹‹
2109 2713 2345 2762 centes:
2378 2709 2630 2765 Domine
2660 2727 2801 2766 num
2835 2712 2895 2766 in
2946 2716 3211 2784 tempore
3265 2713 3376 2769 hoc
3425 2715 3694 2771 restituis

2053 2814 2074 2843 ι
2108 2813 2354 2870 regnum
2385 2801 2590 2856 Israeli
2611 2801 2638 2856 ?
2670 2823 2698 2852 »

2116 2885 2437 2943 Considera
2493 2889 2608 2944 hic.
2670 2891 2960 2956 Quoniam
3018 2896 3154 2946 ante
3220 2893 3562 2963 passionem
3621 2892 3693 2947 de

2046 2979 2252 3033 mundi
2268 2983 2781 3038 consummatione
2805 2984 3458 3054 interrogaverant,non
3474 2983 3602 3054 jam
3621 2981 3693 3036 de

2045 3068 2154 3123 hoc
2195 3070 2581 3142 interrogant,
2644 3071 2746 3126 sed
2796 3072 2868 3126 de
2921 3071 3226 3125 mundano
3284 3087 3486 3142 regno.
3550 3072 3694 3125 Nam

2047 3157 2241 3212 adhuc
2263 3159 2670 3230 imperfectius
2692 3160 2886 3215 aﬂ'ecti
2915 3165 3085 3214 erant
3111 3158 3298 3214 Simul
3329 3165 3527 3215 autem
3552 3177 3697 3215 con-

2045 3249 2267 3319 gregati
2302 3249 2765 3322 interrogabant,
2799 3256 2865 3305 ut
2885 3249 3270 3305 multitudine
3296 3255 3609 3305 exorarent
3631 3266 3700 3305 ac

2037 3335 2366 3392 ﬂecterent.
2400 3339 2545 3393 Cum
2575 3347 2776 3394 autem
2821 3346 2958 3394 ante
2991 3339 3336 3410 passionem
3367 3339 3698 3406 audissent,

2039 3427 2196 3496 quod
2225 3426 2427 3482 nullus
2458 3427 2614 3482 diem
2649 3433 2868 3497 nosset,
2906 3444 3066 3482 nunc
3107 3432 3309 3483 tamen
3343 3443 3580 3482 rursum
3604 3428 3700 3481 in-

2039 3519 2360 3587 terrogant.
2396 3517 2542 3581 Quia
2600 3518 2760 3572 enim
2817 3516 3133 3572 audierant
3185 3516 3347 3586 quod
3409 3517 3693 3588 Spiritum

2041 3612 2242 3660 essent
2269 3607 2589 3677 accepturi,
2628 3612 2908 3677 tanquam
2956 3608 3084 3677 jam
3140 3606 3327 3678 digni,
3379 3606 3529 3661 scire
3581 3607 3691 3661 hoc

2037 3695 2312 3751 volebant
2357 3702 2414 3750 et
2435 3695 2914 3752 haesitationibus
2935 3696 3177 3751 liberari
3204 3695 3545 3766 cupiebant.
3563 3697 3688 3752 Non

2038 3791 2235 3840 autem
2267 3786 2580 3841 dixerunt:
2614 3785 2858 3852 Quando
2881 3785 2908 3840 ?
2940 3784 3080 3840 sed:
3111 3787 3262 3840 Num
3312 3785 3373 3838 in
3423 3790 3688 3856 tempore

2038 3874 2178 3930 hoc?
2193 3881 2390 3930 utrum
2415 3874 3057 3947 nunc?inquiunt;adeo
3073 3874 3229 3930 diem
3245 3873 3687 3930 desiderabant.

2038 3966 2219 4020 Porro
2243 3964 2516 4020 videntur
2546 3965 2689 4020 mihi
2724 3980 3102 4036 nequaquam
3135 3963 3447 4035 perspicue
3471 3978 3687 4035 cogno-

2037 4054 2188 4110 visse
2222 4055 2365 4126 quid
2398 4061 2555 4111 esset
2605 4071 2873 4127 regnum.
2936 4054 3209 4110 Nondum
3269 4053 3429 4109 enim
3489 4053 3694 4108 aderat

2038 4141 2289 4213 Spiritus
2317 4143 2417 4214 qui
2451 4160 2551 4198 eos
2581 4143 2843 4199 doceret.
2879 4143 3168 4198 Dixerunt
3197 4147 3416 4207 autem,
3443 4164 3470 4191 «
3505 4140 3696 4196 Resti-

2039 4233 2155 4287 tuis
2181 4249 2194 4286 :
2221 4255 2248 4282 ››
2276 4248 2412 4287 nam
2434 4232 2802 4303 majorajam
2827 4231 2898 4286 de
2921 4233 3051 4304 ipso
3086 4231 3533 4302 concipiebant:
3562 4230 3695 4284 ideo

2039 4323 2218 4377 etiam
2254 4322 2380 4392 ipse
2412 4321 2678 4392 apertius
2712 4337 2846 4375 cum
2879 4321 2966 4375 eis
2997 4320 3349 4375 disserebat.
3383 4320 3507 4374 Non
3534 4319 3694 4372 enim

2037 4410 2206 4476 dixit,
2236 4413 2436 4482 Neque
2459 4409 2641 4466 Filius
2661 4409 2984 4477 novit,sed:
3011 4431 3039 4459 (ί
3066 4411 3190 4464 Non
3223 4412 3313 4462 est
3344 4412 3621 4461 vestrum.
3656 4426 3685 4454 ››

2036 4505 2106 4558 Et
2135 4521 2209 4559 ne
2241 4504 2789 4570 constristarentur,
2852 4499 3195 4572 subjunxit:
3228 4499 3277 4553 Β
3317 4519 3345 4546 ‹‹
3379 4495 3493 4551 Sed
3533 4494 3689 4550 acci-

2040 4595 2216 4666 pietis
2247 4596 2542 4664 virtutem,
2580 4617 2607 4644 »
2641 4600 2697 4649 et
2723 4598 2958 4649 caetera.
2990 4593 3061 4645 Et
3089 4590 3177 4645 illi
3196 4587 3433 4659 quidem
3457 4585 3530 4641 de
3553 4602 3690 4641 con-

2040 4684 2441 4740 summatione
2471 4700 2591 4738 non
2624 4683 3085 4753 interrogarunt,
3117 4678 3244 4749 ipse
3271 4691 3406 4730 vero
3431 4672 3683 4730 docetid

2040 4775 2195 4847 quod
2225 4791 2346 4829 non
2378 4775 2836 4845 interrogarunt.
2872 4767 3175 4840 Siquidem
3203 4765 3412 4839 optimi
3465 4781 3685 4836 praace-

2039 4866 2184 4920 toris
2203 4869 2293 4920 est
2312 4864 2526 4919 docere
2548 4879 2668 4917 non
2693 4877 2823 4932 quaa
2846 4857 3123 4929 discipuli
3156 4856 3382 4912 discere
3414 4853 3682 4925 cupiunt,

2040 4953 2141 5010 sed
2173 4970 2306 5025 qum
2335 4953 2422 5007 eis
2452 4951 2624 5006 utilia
2655 4953 2812 5004 sunt.
2860 4950 3182 5019 Propterea
3238 4940 3690 5015 interrogationi

2036 5060 2158 5099 non
2191 5041 2532 5114 respondet,
2565 5043 2632 5093 ut
2679 5053 2810 5109 qum
2872 5036 3024 5092 nihil
3080 5035 3328 5091 haberet
3380 5031 3678 5098 utilitatis,

2037 5132 2142 5187 sed
2172 5131 2330 5203 quod
2355 5128 2544 5200 magis
2575 5125 2821 5199 urgebat
2850 5125 3088 5181 docuit:
3147 5123 3368 5196 Spiritu
3423 5134 3684 5190 namque

2034 5226 2176 5276 tunc
2218 5219 2472 5275 maxime
2505 5217 2626 5271 illis
2656 5233 2806 5288 opus
2835 5221 2982 5271 erat.

2107 5314 2151 5376 Ι,
2185 5313 2236 5363 7.
2272 5331 2298 5357 ‹‹
2336 5306 2492 5362 Dixit
2521 5313 2719 5362 autem
2753 5305 2876 5361 eis:
2912 5307 3040 5361 Non
3070 5309 3160 5359 est
3197 5307 3456 5358 vestrum
3505 5311 3685 5356 nosse

2035 5422 2064 5450 «
2097 5404 2367 5471 tempora
2391 5397 2480 5452 vel
2509 5403 2843 5469 temporum
2875 5393 3373 5467 opportunitates.
3408 5413 3437 5441 ιι

2108 5488 2334 5560 Ubique
2388 5487 2724 5543 futurarum
2789 5484 3124 5558 cognitione
3208 5496 3408 5538 rerum
3491 5477 3684 5553 privat
