4136 6200
391 389 463 448 5|
1261 423 1266 428 -
1510 385 1923 448 (ECUMENII
1969 381 2059 446 ΤΕ

2177 385 2276 447 ΠΕ
2317 387 2673 452 EPISCOPI

397 527 563 597 ipsos
591 541 602 578 :
639 541 757 578 non
781 527 1061 594 tanquam
1081 521 1500 594 ignorans,sed
1523 521 1680 592 quod
1703 521 2048 575 sciretnihil

2177 522 2424 594 ntbaewq,
2458 523 2566 598 οὐχ
2595 524 2669 587 ὡς
2699 523 2935 600 ἀγνοῶν,
2966 521 3092 581 ἀλλ’
3127 525 3202 585 ὡς
3255 519 3424 597 μηδὲν
3477 520 3699 588 αὐτοὺς,
3749 518 3810 575 ἐκ

399 614 536 668 illos
567 630 636 668 ex
670 629 738 668 eo
763 611 956 684 juvari
997 611 1071 666 ad
1129 610 1500 684 spiritualem
1559 610 1848 666 salutem:
1909 609 2046 664 hinc

401 702 580 758 etiam
606 699 918 754 indeﬁnite
947 699 1111 770 prius
1133 701 1216 754 ait
1237 700 1310 754 ad
1341 699 1514 754 illos:
1551 701 1662 754 Vos
1693 705 1888 754 autem
1913 697 2051 769 bap-

404 791 728 846 tizabimini
756 789 975 860 Spiritu
999 796 1204 844 sancto
1233 806 1352 844 non
1381 795 1514 862 post
1534 789 1754 844 multos
1771 789 1878 844 llos
1899 789 2044 844 dies-

403 879 620 944 Quodsi
654 896 905 950 quaaras,
944 896 1048 934 cur
1077 895 1196 934 non
1229 880 1498 950 protinus
1521 879 1800 950 Spiritum
1835 878 2052 933 demit-

403 969 601 1034 tit,aut
623 970 802 1024 etiam
821 969 1431 1041 praeﬁnitumtempus
1457 985 1576 1024 non
1609 967 2048 1040 signiﬁcaverit,

403 1057 562 1112 disce
597 1057 754 1128 quod
787 1057 986 1112 statim
1014 1057 1086 1112 ab
1119 1073 1370 1112 ascensu
1404 1055 1655 1128 Spiritus
1685 1073 1802 1110 non
1831 1055 2047 1122 veniat,

404 1153 470 1201 ut
501 1149 686 1220 magis
721 1148 1118 1203 desideratam
1177 1149 1398 1204 efﬁciat
1445 1148 1534 1204 sui
1587 1147 2048 1220 susceptionem,

403 1253 600 1308 neque
631 1237 703 1292 ad
734 1243 959 1292 certum
995 1237 1176 1305 diem,
1208 1244 1274 1292 ut
1302 1238 1375 1293 ad
1405 1242 1963 1308 certamen-paratos
1984 1251 2051 1289 ac

405 1325 782 1382 decentiores
813 1325 886 1380 ad
918 1327 1106 1397 ipsius
1137 1326 1453 1382 adventum
1486 1326 1696 1382 reddat
1727 1325 1790 1380 η.

481 1528 508 1555 ‹‹
545 1507 681 1571 Quae
723 1511 896 1561 Pater
925 1505 1204 1576 posuitin
1239 1521 1344 1560 sua
1375 1510 1683 1576 potestate.
1719 1527 1746 1556 ››

486 1594 922 1650 Advertendum
947 1601 1036 1649 est
1061 1611 1202 1649 num
1228 1594 1450 1650 dictum
1469 1595 1580 1650 hoc
1601 1593 1828 1666 aliquid
1849 1594 2058 1648 afferat

409 1684 694 1738 momenti
745 1683 1076 1738 volentibus
1145 1691 1374 1739 certum
1421 1685 1818 1739 humanarum
1856 1699 2054 1737 rerum

409 1775 732 1829 terminum
785 1776 902 1830 sive
961 1775 1148 1830 fatum
1207 1776 1436 1831 tollere.
1495 1774 1660 1840 Quod
1710 1775 1868 1829 enim
1925 1773 2053 1828 ait:

2157 610 2352 664 τούτου
2382 610 2678 686 κερδαίνειν
2713 617 2819 668 τῶν
2854 611 2930 676 εἰς
2975 615 3218 690 ψυχικήν
3275 611 3573 685 σωτηρίαν,
3620 607 3804 671 εἰδώς·

2157 697 2396 764 ἐντεῦθεν
2425 701 2515 756 καὶ
2559 702 2812 777 ἀνωτέρω
2869 703 3136 773 ἀορίστως
3189 700 3322 780 φτ,σῖ
3379 701 3518 771 πρὸς
3575 697 3796 762 αὐτούς·

2153 788 2338 861 Ὑμεῖς
2369 787 2425 845 δὲ
2459 791 2884 866 βαπτισθήσεσθε
2933 791 2984 847 ἐν
3036 792 3305 864 Πνεύματι
3366 790 3500 865 ἄγίῳ
3557 788 3620 843 οὐ
3671 787 3808 864 μετὰ

2156 876 2373 939 πολλάς
2429 879 2626 942 ταύτας
2687 881 2919 954 ἡμέρας.
2993 879 3052 934 Εἰ
3113 877 3169 934 δὲ
3229 884 3412 949 ζητεῖς
3465 876 3553 933 διὰ
3610 877 3664 932 τί
3725 877 3802 949 μὴ

2157 967 2394 1040 παρευθὺ
2423 969 2485 1022 τὸ
2517 969 2735 1040 Πνεῦμα
2761 969 3125 1042 καταπέμπει,
3179 969 3213 1038 ἢ
3272 969 3347 1040 μή
3391 967 3481 1021 καὶ
3527 966 3626 1033 τήν
3665 985 3804 1036 προ-

2160 1055 2381 1127 θεσμίαν
2443 1054 2698 1128 ἐσήμανε,
2760 1057 2995 1129 μάνθανε
3046 1055 3131 1111 ὅτι
3184 1053 3490 1132 παραυτίκα
3551 1054 3646 1127 μὲν
3703 1059 3804 1122 τῆς

2159 1143 2355 1200 ἀνόδου
2385 1146 2446 1200 τὸ
2497 1149 2716 1219 Πνεῦμα
2768 1146 2830 1201 οὐ
2879 1146 3254 1223 παραγίνεται,
3295 1145 3384 1200 ἳνα
3426 1142 3804 1217 ποθεινοτέραν

2158 1235 2326 1290 αὐτοῦ
2349 1237 2661 1310 καταστήσῃ
2692 1237 2790 1305 τήν
2827 1235 3134 1311 ὑποδοχήν.
3193 1233 3340 1310 Οὐχὶ
3394 1234 3472 1296 εἰς
3527 1234 3700 1308 ῥητὴν
3751 1230 3809 1287 δὲ

2159 1325 2394 1400 ἡμέραν,
2426 1323 2754 1400 ἐναγωνίους
2789 1324 2983 1387 αὐτοὺς
3015 1324 3106 1379 καὶ
3167 1325 3305 1400 πρὸς
3353 1325 3454 1392 τὴν
3508 1321 3806 1396 παρουσίαν

2162 1414 2618 1488 εὐπρεπεστέρους
2647 1417 2842 1470 ποιῶν.

2239 1528 2260 1555 ιι
2296 1503 2404 1564 Οὓς
2435 1504 2462 1557 ὁ
2499 1503 2681 1577 [Ιατὴρ
2713 1499 2861 1566 ἔθετο
2895 1502 2947 1558 ἐν
2983 1507 3053 1578 τῇ
3087 1501 3198 1574 ἰδίᾳ
3225 1501 3458 1574 ἐξουσίᾳ.
3493 1525 3523 1554 ››

2237 1597 2572 1670 Προσεκτέον
2603 1594 2654 1650 εἷ’
2679 1617 2799 1652 τινα
2825 1596 3000 1670 ῥοπὴν
3064 1593 3252 1650 δίδωσι
3303 1599 3467 1650 τοῦτο
3505 1599 3622 1656 τοῖς
3675 1593 3810 1669 βου-

2163 1683 2421 1757 λομένοις
2454 1685 2546 1739 τὸν
2580 1683 2705 1760 ὅρον
2735 1689 2843 1740 τῶν
2873 1685 3227 1759 ἀνθρωπίνων
3275 1684 3609 1760 πραγμάτων
3656 1681 3810 1737 ἀναι-

2167 1779 2300 1850 ρεῖν,
2332 1775 2458 1843 ἢτοι
2483 1775 2584 1843 τήν
2619 1775 2980 1850 εἱμαρμένην.
3035 1779 3120 1847 Τῷ
3174 1775 3277 1850 γὰρ
3331 1773 3524 1846 εἰπεῖν,
3579 1797 3606 1826 ιι
3639 1773 3748 1834 Οὓς
3779 1771 3808 1824 ὁ

407 1886 436 1915 κ
470 1865 607 1928 Qum
637 1865 811 1918 Pater
841 1865 1038 1936 posuit
1067 1865 1128 1918 in
1161 1881 1268 1920 sua
1297 1870 1638 1936 potestate,-
1668 1861 2054 1930 tollitfatum,

2177 1863 2354 1936 Πατήρ
2386 1859 2537 1918 ἓθετο
2567 1862 2620 1918 έν
2653 1865 2721 1934 τῆ
2753 1862 2862 1934 ἰδίᾳ
2917 1863 3147 1935 ἐξουσίᾳ,
3185 1886 3208 1914 n
3257 1864 3464 1938 ἀναιρεῖ
3507 1863 3570 1917 τὸ
3618 1863 3810 1935 εἱμαρ-

411 1956 625 2010 Verum
660 1955 707 2010 si
740 1961 908 2026 pater
953 1955 1170 2026 posuit,
1223 1955 1605 2010 manifestum
1655 1959 1745 2008 est
1792 1952 1950 2025 quod
1999 1957 2058 2008 et

407 2043 592 2098 Filius
621 2044 927 2114 posuerit:
987 2043 1190 2100 omnia
1252 2045 1412 2100 enim
1471 2059 1602 2114 qua:
1651 2041 1842 2098 Patris
1896 2045 2056 2107 sunt,

412 2134 588 2190 etiam
621 2134 750 2188 Filii
784 2139 940 2190 sunt.

487 2225 530 2278 Ι.
563 2225 616 2278 8.
655 2243 676 2272 ιι
741 2224 852 2278 Sed
911 2223 1213 2295 accipietis
1273 2224 1550 2279 virtutem
1605 2221 2059 2294 superveniente

421 2337 446 2368 α
481 2316 701 2387 Spiritu
733 2322 938 2371 sancto
973 2317 1034 2372 in
1064 2333 1186 2384 vos,
1248 2323 1304 2371 et
1361 2316 1526 2371 eritis
1571 2316 1720 2370 mihi
1769 2321 1948 2371 testes
1999 2315 2060 2368 in

416 2429 443 2456 ‹‹
473 2405 800 2460 Jerusalem
825 2412 882 2460 et
913 2405 972 2460 in
1004 2407 1277 2461 universa
1305 2405 1526 2474 Judaea,
1585 2410 1641 2460 et
1688 2405 1970 2470 Samaria,
2005 2407 2065 2458 et.

422 2518 452 2546 α
484 2511 673 2566 usque
705 2495 778 2550 ad
807 2501 1136 2550 extremum
1165 2500 1357 2550 terra}.
1391 2517 1419 2544 ››

488 2584 778 2650 Quoniam
809 2592 946 2640 ante
978 2586 1103 2641 haec
1133 2589 1535 2656 praeceperat:
1571 2607 1599 2636 «
1631 2586 1698 2638 In
1729 2583 1880 2638 viam
1919 2599 2060 2654 gen-

417 2676 565 2730 tium
585 2691 660 2730 ne
683 2674 951 2729 abieritis
983 2675 1048 2744 ιι,
1077 2697 1104 2723 ››
1135 2681 1270 2740 etc.,
1295 2673 1452 2744 quod
1489 2672 1628 2728 solis
1659 2673 1878 2728 missus
1909 2669 2067 2726 esset

413 2765 701 2820 Israelitis
725 2781 737 2818 :
772 2781 932 2820 nunc
961 2781 1081 2818 una
1102 2779 1236 2818 cum
1255 2764 1368 2832 his,
1393 2769 1453 2818 et
1473 2763 1858 2818 Samaritanis
1882 2767 1940 2816 et
1960 2777 2066 2816 cae-

416 2854 560 2909 teris
593 2853 868 2925 gentibus
901 2851 1386 2924 prmdicationem
1423 2851 1841 2907 communicat.
1879 2849 2062 2904 Simul

416 2944 594 2998 etiam
628 2941 942 2997 denuntiat
971 2940 1131 3012 quod
1162 2957 1268 3012 per
1299 2940 1642 2995 universum
1687 2939 1888 2994 orbem
1937 2938 2066 3010 pie-

413 3031 554 3088 tatis
585 3048 780 3087 sermo
811 3031 1264 3086 dilTunderetur.
1299 3028 1448 3094 Quid
1480 3028 1638 3084 enim
1661 3027 1824 3083 aliud
1851 3033 2069 3099 praeter

415 3123 528 3177 hoc
558 3123 854 3194 signiﬁcat
900 3121 1058 3194 quod
1111 3122 1230 3177 ait:
1297 3144 1317 3170 ι
1356 3121 1550 3192 Usque
1607 3119 1681 3176 ad
1737 3126 2066 3174 extremum

416 3215 592 3266 terra:
616 3211 643 3264 ?
679 3235 699 3261 ι

491 3298 537 3352 Ι.
570 3301 620 3352 9.
663 3317 684 3347 ι
716 3301 788 3354 Et
815 3315 952 3354 cum
983 3299 1111 3354 hinc
1141 3299 1406 3366 dixisset,
1439 3297 1776 3353 videntibus
1802 3299 1922 3354 illis
1945 3297 2066 3353 ele-

426 3408 455 3438 «
487 3393 655 3444 vatus
687 3397 795 3446 est.
828 3416 852 3442 ιο

514 3482 548 3534 7
591 3481 908 3535 Abducens
941 3495 1043 3534 eos
1082 3495 1116 3534 a
1147 3479 1352 3549 quovis
1401 3479 1519 3535 alio
1565 3495 1948 3550 nugamenqo,
2001 3495 2076 3534 ne

417 3589 668 3634 rursum
743 3573 938 3642 ipsum
1025 3571 1480 3642 interrogarent,
1540 3569 1738 3624 statim
1793 3567 1969 3638 cmpit
2015 3569 2076 3622 in

421 3668 636 3726 caelum
667 3662 1089 3721 conscendere.
1152 3661 1326 3716 Addit
1369 3667 1602 3716 autem:
1655 3677 1678 3702 «ι
1707 3657 2074 3728 Videntibus,

419 3759 564 3814 illis.
599 3781 622 3810 ι
664 3752 910 3822 Quando
946 3751 1186 3823 quidem
1219 3751 1316 3806 hic
1349 3751 1526 3806 situm
1560 3754 1689 3805 erat
1731 3749 2074 3803 universum

423 3847 562 3902 ﬁdei
593 3843 898 3917 negotium
928 3857 994 3896 ac
1025 3839 1396 3895 necessitatis
1419 3839 1678 3904 illorum,
1713 3837 2072 3908 principium

427 3934 668 4005 quidem
702 3932 788 3986 rei
830 3929 1012 3984 videri
1071 3929 1283 4001 potuit,
1339 3928 1477 3982 finis
1533 3933 1732 3982 autem
1791 3943 1908 3981 non
1967 3927 2069 3982 ita.

415 4025 736 4093 Propterea
767 4035 1006 4090 quoque
1037 4019 1356 4073 astiterunt
1387 4017 1492 4071 viri
1519 4015 2072 4086 docentes.quodin

415 4113 562 4169 caelo
593 4111 970 4182 requiescat:
1005 4124 1200 4179 neque
1233 4107 1392 4162 enim
1425 4107 1569 4162 visio
1601 4107 1674 4162 ad
1722 4107 1902 4161 ﬁnem
1933 4123 2069 4177 per-

415 4202 698 4275 tingebat.
728 4202 795 4254 In
846 4197 1284 4254 resurrectione
1341 4213 1476 4252 vero
1527 4197 1823 4252 contrario
1867 4196 2066 4265 modo,

413 4292 776 4366 principium
806 4287 1048 4360 quidem
1091 4287 1280 4342 visum
1341 4304 1461 4342 non
1517 4293 1644 4344 est:
1696 4286 2068 4358 superﬂuum

413 4398 674 4454 namque
705 4380 938 4448 fuisset,
971 4394 1106 4434 cum
1167 4377 1217 4432 is
1264 4377 1364 4448 qui
1412 4383 1818 4432 resurrexerat
1867 4376 2066 4432 vivens

411 4477 746 4545 appareret,
775 4475 834 4526 et
865 4469 1208 4541 sepulcrum
1235 4483 1482 4521 vacuum
1516 4473 1668 4522 esset
1694 4483 1707 4520 :
1742 4466 1880 4521 finis
1927 4483 2063 4522 vero

411 4564 771 4620 manifestus
805 4565 954 4629 erat,
981 4575 1120 4614 nam
1145 4557 1346 4612 vivens
1393 4557 1540 4628 ipsis
1569 4556 2067 4613 manifestabatur

483 4673 514 4704 ‹‹
544 4653 613 4706 Et
643 4651 834 4706 nubes
866 4648 1130 4720 suscepit
1158 4663 1294 4702 cum
1325 4645 1397 4700 ab
1429 4645 1617 4701 oculis
1648 4661 1872 4702 eorum.
1905 4671 1932 4702 ι

480 4819 676 4875 Nubes
705 4821 947 4890 quidem
1007 4817 1322 4876 Dominum
1370 4817 1649 4890 suscepit,
1699 4822 1765 4872 ut
1811 4816 2055 4872 honoris

410 4909 810 4982 aequalitatem
839 4909 912 4964 ad
955 4914 1184 4966 Patrem
1243 4909 1700 4966 demonstraret.
1753 4907 1833 4963 De
1883 4909 2053 4962 Patre

409 5002 568 5056 enim
596 4999 820 5054 dictum
847 4999 1158 5055 estzNubes
1183 5006 1242 5055 et
1258 5001 1445 5072 caligo
1469 4999 1530 5054 in
1555 4997 1805 5053 circuitu
1837 4997 1965 5069 ejus
1989 4998 2052 5052 ¹⁵.

405 5092 476 5146 Et
505 5091 850 5146 incarnatus
879 5087 1120 5158 quidem
1149 5089 1324 5156 Deus,
1357 5089 1514 5144 nube
1573 5095 1855 5160 tanquam
1895 5087 2053 5141 vehi-

405 5181 538 5236 culo
561 5197 704 5235 usus
735 5185 843 5246 est,
901 5193 1044 5232 nam
1102 5177 1388 5232 Dominus
1447 5183 1616 5232 erat:
1677 5177 1836 5233 Elias
1893 5192 2052 5244 vero,

403 5271 524 5343 igni
585 5271 646 5323 ίσ.
697 5269 804 5324 Ille
861 5265 1022 5324 enim
1085 5270 1368 5336 tanquam
1427 5267 1710 5322 Dominus
1790 5265 2051 5322 universi

399 5361 641 5432 prOpria
669 5358 1000 5414 ascendens
1031 5355 1266 5420 virtute,
1319 5361 1620 5412 terrenum
1665 5357 1947 5428 quiddam
1996 5361 2055 5412 et

401 5449 560 5521 quod
591 5449 870 5504 deorsum
902 5449 1109 5511 fertur,
1143 5445 1216 5502 ad
1248 5461 1561 5501 ascensum
1593 5448 1880 5503 assumit:
1941 5465 2051 5506 nec

397 5540 585 5614 magis
607 5538 821 5595 ductus
837 5554 1016 5610 quam
1033 5536 1327 5592 reducens
1350 5534 1474 5606 ipse
1497 5535 1857 5592 vehiculum.
1890 5537 2048 5592 Elias

469 5731 512 5770 ¹³
541 5731 714 5790 Joan.
747 5748 889 5801 xvn,
923 5733 949 5787 1
985 5745 1152 5802 seqq.
1231 5725 1278 5762 ¹⁴
1305 5727 1508 5786 Matth.
1541 5745 1599 5798 x,
1631 5729 1684 5782 5.

2088 4628 2138 4691 Ι)

1765 5726 1808 5762 *⁸
1835 5729 1991 5787 Psal.
2025 5743 2166 5798 xcvt,
2199 5731 2253 5786 2.

2171 1951 2352 2025 μένον.
2386 1950 2545 2008 Ἀλλ’
2578 1951 2623 2006 εἰ
2655 1953 2685 2007 ὁ
2719 1953 2904 2026 Πατήρ
2935 1949 3105 2020 ἔθετο,
3139 1949 3308 2021 δῆλον
3360 1953 3444 2006 ὃτι
3485 1950 3575 2006 καὶ
3605 1951 3634 2004 ὁ
3661 1951 3810 2012 Υἱός·

2165 2043 2342 2096 πάντα
2369 2042 2472 2116 γὰρ
2509 2041 2576 2096 τὰ
2601 2045 2698 2096 τοῦ
2731 2042 2942 2116 Πατρὸς
2973 2042 3063 2096 καὶ
3091 2045 3189 2097 τοῦ
3219 2042 3342 2096 ι’ἱοῦ
3366 2040 3488 2098 εἰσι.

2241 2219 2478 2279 «ἈλΛᾶ
2532 2219 2774 2294 λήψεσθε
2840 2217 3068 2295 δύναμιν
3126 2217 3451 2282 ἐπελθόντος
3505 2224 3604 2276 τοῦ
3661 2219 3820 2296 ἁγίου

2173 2336 2200 2364 (ι
2233 2310 2547 2384 Πνεῦματος
2575 2310 2656 2384 ἐφ’
2689 2310 2853 2383 ὑμᾶς,
2913 2312 3001 2365 καὶ
3061 2307 3240 2374 ἔσεσθέ
3300 2331 3393 2382 μοι
3447 2311 3714 2385 μάρτυρες
3769 2305 3822 2364 ἕν

2175 2426 2202 2452 ιι
2233 2421 2290 2454 τε
2320 2397 2704 2474 Ἰερουσαλὴμ,
2739 2400 2830 2454 καὶ
2861 2399 2916 2454 έν
2947 2399 3092 2473 πάσῃ
3137 2403 3206 2472 τῇ
3263 2395 3526 2470 Ἰουδαίᾳ,
3574 2398 3663 2454 καὶ
3711 2406 3821 2455 Σα-

2173 2513 2201 2541 ‹‹
2237 2489 2454 2563 μαρείᾳ,
2485 2487 2574 2542 καὶ
2604 2486 2708 2550 ἕως
2749 2488 2986 2563 ἐσχάτου
3016 2496 3117 2558 τῆς
3147 2492 3270 2562 γῆς.
3305 2511 3333 2540 ››

2243 2575 2467 2646 Ἐπειδή
2497 2577 2604 2652 πρὸ
2661 2577 2858 2634 τούτου
2915 2577 3304 2654 παρήγγειλεν.
3359 2601 3384 2632 α
3415 2577 3511 2642 Εἰς
3555 2576 3680 2634 δόὀν
3727 2577 3816 2635 έθο

2171 2673 2271 2724 νῶν
2309 2691 2385 2741 μη
2417 2667 2712 2738 ἀπέλθητε,
2746 2693 2769 2718 υ
2823 2669 2914 2724 καὶ
2968 2669 3036 2724 τά.
3089 2669 3233 2742 ἑξῆς·
3296 2669 3484 2744 μόνοις
3530 2671 3632 2746 γὰρ
3685 2671 3818 2726 άπε-

2173 2755 2397 2813 στάλθαι
2425 2759 2544 2819 τοῖς
2573 2757 2624 2828 ἐξ
2655 2757 2896 2831 Ἰσραήλ·
2957 2762 3050 2814 νῦν
3111 2757 3245 2830 μετά
3300 2759 3530 2828 τούτων,
3577 2759 3664 2815 καὶ
3715 2767 3820 2815 Σα-

2178 2852 2403 2921 μαρεῦσι
2428 2846 2520 2902 καὶ
2549 2851 2666 2909 τοῖς
2718 2845 2938 2910 λοιποῖς
2994 2844 3164 2909 ἔθνεσι
3221 2847 3283 2902 τὸ
3337 2851 3594 2924 κήρυγμα
3649 2867 3819 2904 κατα-

2173 2941 2368 2994 κοινοῖ.
2401 2939 2556 3008 ’Ἅμα
2591 2932 2648 2990 δὲ
2676 2936 2766 2990 καὶ
2797 2934 3274 3014 προκαταγγέλλει
3303 2937 3388 3007 τὸ,
3425 2937 3590 3013 μέχρι
3639 2938 3820 3009 πάσης

2173 3033 2274 3094 τῆς
2307 3023 2658 3098 οἰκουμένης,
2691 3025 2784 3079 τὸν
2848 3033 2949 3094 τῆς
3013 3021 3282 3089 εὐσεϐείας
3343 3025 3510 3104 λόγον
3570 3029 3821 3102 χεθῆναι.

2175 3116 2250 3172 Τὸ
2277 3115 2400 3190 γὰρ,
2438 3137 2466 3168 ‹‹
2496 3116 2642 3178 Ἕως
2675 3114 2911 3190 ἐσχάτου
2939 3122 3042 3184 τῆς
3100 3123 3226 3191 γῆς,
3261 3140 3290 3168 ››
3346 3117 3399 3171 τί
3451 3119 3509 3172 ἂν
3569 3116 3710 3174 ἄλλο
3753 3115 3822 3188 ἤν

2175 3209 2341 3262 τοῦτο
2373 3204 2648 3278 σημαίνει.

2259 3319 2287 3348 ιι
2314 3296 2416 3352 Καὶ
2448 3299 2616 3351 ταῦτα
2645 3295 2835 3366 εἰπὼν,
2869 3293 3186 3372 βλεπόντων
3221 3295 3420 3368 αὐτῶν,
3449 3295 3685 3372 ἐπήρθη.
3721 3322 3752 3350 ››

2253 3476 2503 3550 Ἀπάγών
2541 3474 2738 3538 αὐτοὺς
2788 3473 2968 3546 ἄλλης
3015 3475 3355 3551 ἐρεσχελίας,
3403 3475 3488 3531 ἷ¹να
3537 3477 3612 3549 μὴ
3656 3476 3824 3533 πάλιν

2181 3565 2344 3622 αὐτὸν
2376 3565 2670 3640 ἐρωτῶσιν,
2699 3566 2856 3628 εὐθὺς
2885 3566 3085 3640 ἤρξατο
3110 3574 3212 3635 τῆς
3259 3567 3333 3630 εἰς
3382 3565 3646 3642 οὐρανοὺς
3698 3566 3826 3621 ἀνό-

2183 3653 2302 3711 δου.
2337 3653 2667 3725 Προστίθησι
2700 3651 2757 3708 δὲ
2785 3655 2868 3724 τὸ,
2902 3679 2928 3707 ‹‹
2963 3655 3286 3711 ΒΛεπόντων
3319 3655 3518 3722 αὐτῶν,
3551 3678 3579 3708 ›)
3631 3653 3819 3725 ἐπειδὴ

2179 3743 2402 3807 ἐνταῦθα
2429 3744 2491 3798 τὸ
2521 3749 2625 3797 πᾶν
2651 3750 2753 3812 τῆς
2790 3749 3026 3804 πίστεως
3082 3743 3171 3798 καὶ
3241 3751 3343 3814 τῆς
3399 3743 3589 3822 χρείας
3617 3765 3622 3770 ·
3647 3745 3822 3800 αὐτῶν

2179 3836 2213 3904 ἡ
2249 3834 2397 3908 ἀρχή
2429 3831 2625 3906 ἳσχυσε
2647 3835 2744 3888 τυῦ
2771 3836 3118 3907 πράγματος,
3150 3833 3213 3888 τὸ
3263 3831 3320 3888 δὶ
3366 3833 3524 3895 τέλος
3575 3834 3676 3889 οὐκ
3719 3828 3819 3891 ἔτι.

2179 3924 2275 3978 Διά
2303 3927 2468 3978 τοῦτο
2501 3920 2558 3976 δὲ
2589 3921 2676 3978 καὶ
2734 3921 3073 3998 παρέστησαν
3125 3924 3177 3978 οἱ
3223 3921 3564 3988 διδάσκοντες
3609 3921 3822 3998 ἄνδρες,

2176 4012 2365 4075 δτιεῖς
2393 4014 2486 4068 τὸν
2537 4013 2760 4086 οὐρανὸν
2809 4014 3126 4069 καταπαύει·
3189 4013 3314 4070 οὐδὲ
3381 4019 3484 4089 γὰρ
3543 4016 3577 4084 ἡ
3635 4015 3822 4089 ὅρασις

2175 4101 2435 4174 ἐξικνεῖτο
2467 4103 2602 4175 πρὸς
2637 4103 2701 4157 τὸ
2755 4102 2943 4166 τέλος.
3007 4103 3130 4160 Ἐπὶ
3191 4101 3248 4160 δὲ
3304 4111 3406 4174 τῆς
3461 4102 3820 4176 ἀναστάσεως,

2173 4191 2504 4264 τούναντίου,
2537 4195 2571 4262 ἡ
2609 4191 2704 4265 μὶτ
2738 4193 2884 4267 ἀρχή
2942 4192 3054 4266 οὐχ
3111 4193 3322 4264 ὡράθηο
3373 4191 3650 4267 παρέλκον
3714 4193 3820 4270 γάρ

2169 4289 2256 4357 ἧν,
2299 4284 2464 4340 αὐτοῦ
2519 4290 2615 4340 τοῦ
2673 4287 3003 4348 ἀναστάντος
3057 4287 3388 4363 φαινομένου
3453 4291 3674 4356 ζῶντος,
3727 4285 3818 4340 καὶ

2167 4381 2264 4432 τοῦ
2299 4378 2584 4449 μνήματος
2613 4375 2790 4430 κενοῦ·
2851 4376 2913 4430 τὸ
2971 4373 3026 4430 δὲ
3079 4375 3237 4439 τέλος
3302 4373 3496 4449 δῆλον,
3553 4381 3657 4446 ζῶν
3715 4375 3816 4452 γάρ

2168 4465 2352 4528 αὐτοῖς
2391 4465 2572 4541 ἐνεφαν
2585 4465 2599 4519 ί
2607 4471 2748 4534 ζετο.

2241 4661 2270 4688 ‹‹
2299 4635 2400 4692 Καὶ
2431 4631 2632 4712 νεφέλη
2668 4629 2934 4692 ὑπέλαϐεν
2989 4635 3146 4691 αὐτὸν
3198 4635 3304 4691 ἀπὸ
3353 4637 3462 4692 τῶν
3513 4629 3816 4714 ὀφθαλμῶν

2173 4751 2193 4777 α
2228 4744 2401 4780 αυτων
2411 4769 2425 4783 .
2461 4747 2489 4776 1)

2235 4813 2450 4892 Νεφέλη
2485 4814 2576 4887 μὶν
2614 4809 2852 4870 ὑπέλαϐε
2880 4815 2970 4870 τὸν
3003 4821 3222 4888 Κυριον,
3283 4811 3368 4870 ἵνα
3413 4815 3475 4871 τὸ
3522 4816 3662 4890 πρὸς
3717 4817 3810 4872 τὸν

2165 4906 2376 4978 Πατέρα
2405 4903 2677 4978 ὁμότιμον
2711 4907 3056 4981 παραστήσῃ.
3093 4930 3120 4956 ‹‹
3153 4903 3370 4982 Νεφέλη
3405 4907 3507 4982 γὰρ
3536 4905 3626 4962 καὶ
3677 4907 3810 4982 γνόο

2164 5017 2261 5076 φος
2295 4993 2481 5068 κύκλῳ
2509 4994 2697 5067 αὐτοῦ,
2733 5019 2761 5046 ››
2793 4993 2917 5072 περὶ
2947 4995 3043 5050 τοῦ
3089 4995 3298 5068 Πατρὸς
3351 4989 3582 5072 είίρηται.
3641 4995 3740 5050 Καὶ
3781 4995 3809 5051 6

2166 5086 2258 5158 μὲν
2317 5083 2615 5160 σαρκωθεῖς
2683 5084 2830 5152 Θεὸς,
2893 5082 3092 5163 νεφέλῃ
3187 5083 3437 5158 ὀχήματι
3513 5085 3807 5162 κέχρηται,

2161 5174 2394 5248 (Κύριος
2423 5175 2570 5248 γὰρ),
2605 5174 2632 5228 ὁ
2684 5171 2740 5228 δὶ
2793 5173 3007 5243 Ἠλίας,
3067 5173 3220 5248 πυρί.
3275 5171 3332 5227 c0
3387 5174 3482 5247 μὶν
3539 5174 3664 5249 γὰρ,
3718 5176 3810 5228 ἅτε

2163 5263 2438 5333 Δεσπότης
2496 5267 2593 5318 τοῦ
2649 5263 2876 5333 παντὸς,
2932 5263 3022 5318 καὶ
3082 5263 3259 5336 οῗκείᾳ
3343 5261 3570 5337 δυνάμει
3623 5263 3807 5334 ἀνιὼν,

2158 5349 2360 5430 γεῶδες
2389 5373 2441 5408 τι
2473 5352 2560 5406 καὶ
2595 5353 2903 5427 κατωφερὲς
2932 5353 3070 5426 πρὸς
3126 5354 3226 5423 τήν
3272 5350 3463 5408 ἃνοδον
3513 5352 3809 5428 παραλαμ-

2161 5439 2332 5510 ϐάνει,
2366 5439 2428 5496 οὐ
2463 5439 2676 5514 μᾶλλον
2707 5441 2976 5516 ἀγόμενος
3007 5440 3040 5510 ἢ
3075 5441 3289 5519 ἀνάγων
3313 5441 3378 5497 τὸ
3409 5439 3626 5518 ὄχημα.
3677 5446 3806 5498 Δοῦ-

2161 5531 2258 5595 λος
2290 5529 2424 5592 δὶὸ,
2459 5529 2670 5602 Ἠλίας,
2727 5530 2818 5586 καὶ
2875 5527 2966 5586 διὰ
3020 5531 3185 5587 τοῦτο
3241 5531 3554 5613 ἀνωφεροῦς
3612 5529 3804 5616 δίφρου

2333 5727 2379 5766 ιθ
2408 5728 2480 5782 IV
2507 5729 2646 5803 Reg.
2681 5745 2744 5798 ιι,
2777 5731 2802 5784 1
2840 5743 3007 5802 seqq.
