4136 6200
282 352 350 411 53
1274 351 1683 416 COMMENT.
1731 348 1810 408 IN
1853 325 2055 408 Ac‘rA
2105 345 2712 410 APOSTOLORUM.
3615 350 3694 410 δι

288 484 567 559 δεόμενος,
620 506 713 540 και
770 485 953 541 ἳππων
1004 486 1069 542 τὸ
1116 486 1290 561 τάχος
1356 485 1506 558 αὐτῷ
1557 483 1929 540 κατανυόντων

2051 498 2184 538 vero
2212 499 2416 539 servus
2441 488 2586 551 erat,
2618 483 2873 555 ideoque
2906 499 3142 540 sursum
3170 484 3399 541 ferente
3423 485 3696 542 vehiculo

288 581 384 642 τῆς
417 572 525 629 ἄνω
555 575 804 647 πορείας.
838 574 931 630 Διὸ
990 576 1083 630 καὶ
1142 572 1224 630 ἐπ’
1282 573 1491 630 ἐκείνου
1550 574 1645 645 μὲν
1695 571 1933 643 εἴρηταυ

292 661 480 736 Ἀνέϐη
538 665 732 728 Ἠλίας
786 664 842 722 ἐν
899 671 1211 742 συσσεισμῷ
1270 666 1348 729 ὡς
1401 665 1477 727 εἷς
1528 665 1621 721 τὸν
1677 661 1931 738 οὐρανόν.

286 756 407 813 Ἐπὲ
438 753 494 810 δὲ
516 760 615 811 τοῦ
646 756 874 830 Κυρίου,
933 756 1016 812 τό’
1080 756 1463 831 Ηορεοομένου
1510 754 1677 810 αὐτοῦ
1710 753 1785 815 είς
1843 754 1935 808 τὸν

282 844 524 919 οὐρανόν.
559 846 668 901 Δύο
701 843 759 902 δὲ
789 843 976 920 ἄνδρες
1032 844 1396 926 λευχείμονες
1454 848 1776 901 πιστοῦνται
1833 844 1934 912 τήν

280 933 350 996 εἷς
409 936 678 1009 οὐρανοὺς
734 934 1166 991 ἀποκατάστασιν
1253 939 1352 992 τοῦ
1409 935 1637 1010 Κυρίου,
1700 929 1788 989 διὰ
1843 932 1928 1001 τὸ,

280 1047 308 1075 κ
339 1023 462 1081 Ἐπὶ
496 1021 597 1079 δύο
626 1022 663 1095 ἤ
695 1028 863 1101 τριῶν
892 1025 1179 1099 μαρτύρων
1205 1024 1299 1080 τὸν
1356 1022 1521 1100 λόγον
1576 1023 1930 1079 καθίστασθαι

279 1106 522 1189 βέϐαιον.
559 1138 589 1167 υ

346 1229 373 1253 ι(
406 1203 510 1261 Καὶ
543 1204 618 1265 ὡς
675 1202 1004 1274 ἀτενίζοντες
1064 1206 1224 1274 ἦσαν,
1278 1202 1355 1267 εἷς
1405 1202 1498 1260 τὸν
1555 1203 1778 1279 οὐρανὸν
1828 1224 1926 1259 πο-

278 1313 300 1341 ι
333 1294 633 1366 ρευομένου
662 1292 849 1365 αὐτοῦ,
880 1295 971 1349 καὶ
994 1289 1115 1349 ἰδοὺ
1138 1290 1322 1369 ἂνδρες
1348 1290 1445 1349 δύο
1475 1295 1927 1370 παρειστήκεισαν

272 1406 299 1434 a
326 1382 514 1444 αὐτοῖς
546 1382 598 1437 έν
630 1381 822 1453 ἐσθῆτι
853 1382 1044 1458 λευκῇ.
1080 1407 1110 1436 ››

339 1468 569 1543 ’Ἄνδρες
601 1469 692 1527 διὰ
730 1474 832 1543 τήν
887 1469 1155 1549 ἐνέργειαν
1216 1473 1268 1528 οἱ
1325 1472 1547 1548 ἄγγελοι
1605 1472 1926 1551 φαινόμενοι

265 1561 703 1635 χρηματίζουσι,
736 1562 874 1617 κατὰ
924 1562 987 1617 τὸ
1042 1561 1293 1639 συγγενὲς
1348 1563 1447 1618 τοῦ
1506 1562 1810 1638 ὁράματος,
1839 1561 1928 1616 ἳνα

266 1664 343 1723 μη
376 1648 570 1706 τέλεον
606 1650 919 1722 ἐκπλήξωσι
948 1650 1076 1715 τοὺς
1136 1649 1246 1723 ἢδη
1301 1657 1383 1726 τῷ
1422 1653 1558 1725 ξένῳ
1586 1658 1688 1723 τῆς
1717 1648 1923 1722 ἀναλή-

266 1742 416 1814 ψεως
445 1738 958 1816 ἐκπεπληγμένους.

2045 578 2313 646 egens.et
2333 573 2504 644 equis
2523 573 2623 644 qui
2637 572 3007 629 velocitatem
3030 573 3264 630 itineris
3282 574 3371 629 illi
3395 579 3695 647 pararent.

2041 662 2267 718 Idcirco
2300 664 2475 718 etiam
2509 662 2582 719 de
2611 663 2723 719 hoc
2753 663 2979 719 dictum
3007 668 3098 720 est
3139 680 3153 719 :
3207 665 3493 721 Ascendit
3537 666 3697 723 Elias

2042 751 2104 807 in
2136 752 2373 808 turbine
2403 760 2689 824 tanquam
2720 752 2782 808 in
2815 754 3028 810 caalum
3062 771 3077 822 ;
3110 753 3182 811 de
3224 753 3477 811 Domino
3506 772 3642 812 vero
3678 772 3694 811 :

2041 843 2231 897 Eunte
2257 843 2359 897 illo
2394 842 2457 897 in
2486 842 2722 898 calum.
2757 843 2882 898 Duo
2914 848 3113 898 autem
3143 843 3254 898 viri
3298 843 3451 899 albis
3499 843 3694 900 induti

2039 931 2402 987 conﬁrmant
2422 931 2657 988 Domini
2688 932 2750 987 in
2780 931 2960 988 cmlos
2984 932 3421 988 restitutionem
3447 939 3694 1006 propter

2039 1018 2098 1073 id
2131 1019 2288 1091 quod
2318 1019 2576 1076 dicitur:
2612 1042 2641 1070 «
2664 1022 2778 1076 Per
2806 1019 2958 1077 duos
2987 1026 3089 1077 aut
3131 1026 3253 1076 tres
3283 1025 3464 1078 testes
3494 1038 3689 1079 sermo

2039 1109 2247 1166 ﬂrmus
2270 1110 2655 1166 constituitur
2685 1109 2750 1167 ιτ.
2788 1134 2810 1161 ο

2106 1198 2151 1268 Ι,
2186 1202 2276 1256 10.
2309 1223 2338 1250 ‹‹
2362 1201 2627 1273 Cumque
2656 1200 2906 1257 intentis
2937 1205 3137 1257 essent
3165 1200 3557 1268 oculis,eunte
3582 1202 3688 1259 illo

2034 1311 2063 1341 «
2095 1289 2159 1345 in
2191 1290 2406 1346 cmlum
2439 1304 2453 1345 :
2484 1296 2541 1347 et
2570 1307 2708 1348 ecce
2738 1291 2855 1347 duo
2885 1291 2993 1347 viri
3050 1293 3369 1348 astiterunt
3426 1291 3573 1364 ipsis
3625 1291 3689 1347 in

2032 1402 2062 1432 ι(
2094 1384 2253 1435 veste
2290 1380 2425 1436 alba
2446 1402 2476 1431 »ι

2102 1469 2312 1542 Angeli
2342 1476 2699 1541 apparentes
2729 1475 2972 1543 propter
2999 1471 3405 1543 operationem
3436 1470 3545 1527 viri
3572 1488 3687 1545 ap-

2032 1556 2358 1629 pellantur,
2381 1558 2556 1630 juxta
2584 1559 2828 1614 visionis
2859 1559 3271 1632 cognationem
3297 1575 3311 1614 :
3334 1575 3411 1614 ne
3442 1561 3688 1618 omnino

2031 1652 2489 1703 consternarent
2516 1664 2617 1704 eos
2648 1648 2749 1720 qui
2795 1649 2923 1722 jam
2964 1649 3223 1705 novitate
3256 1650 3685 1722 assumptionis

2031 1735 2293 1809 perculsi
2325 1742 2516 1793 erant.

337 1826 469 1918 αρῖ
516 1832 609 1885 καὶ
668 1832 842 1887 εἶπον·
901 1828 1126 1907 ’Ἄνδρες
1177 1830 1494 1903 Γαλιλαῖοι,
1543 1830 1601 1887 τί
1660 1831 1921 1902 ἑστήκατε

2104 1849 2131 1879 ‹‹
2158 1826 2200 1893 Ι,
2235 1830 2321 1882 ll.
2354 1827 2462 1892 Qui
2492 1832 2552 1883 et
2583 1826 2899 1883 dixerunt:
2924 1829 3043 1884 Viri
3065 1828 3314 1897 Galilaai,
3339 1829 3482 1901 quid
3512 1828 3681 1888 statis

265 1942 294 1971 κ
326 1915 699 1991 ἐμϐλέποντες
730 1922 807 1983 είς
834 1923 925 1978 τὸν
956 1921 1183 1995 οὐρανόν
1214 1941 1228 1992 ;
1266 1946 1294 1974 »ι

339 2006 567 2084 Ἄνδρες
644 2008 898 2086 ἀνδράσιν
957 2009 1217 2082 ἐλάλουν,
1274 2012 1365 2067 καὶ
1424 2010 1578 2087 ὅμως
1636 2009 1735 2066 οὐκ
1782 2011 1916 2081 ἦσαν

270 2098 559 2172 δμοοόσιοι
588 2098 889 2171 ἀλλήλοις.

354 2209 379 2241 ε
406 2187 574 2250 Οὗτος
602 2190 631 2244 ὁ
665 2189 880 2261 Ἰησοῦς
912 2190 940 2245 ὁ
968 2187 1300 2268 ἀναληφθεὶς
1328 2188 1419 2269 ἀφ’
1477 2190 1629 2264 ὑμῶν
1689 2188 1766 2252 εἷς
1821 2189 1912 2245 τὸν

275 2301 306 2329 α
336 2275 571 2351 οὐρανὸν,
599 2277 1104 2350 οὖτως·ἐλε·5σεται,
1138 2280 1196 2335 δν
1225 2280 1429 2356 τρόπον
1483 2278 1770 2344 ἐθεάσασθε
1815 2279 1914 2335 αῦ-

265 2388 297 2418 α
328 2365 420 2420 τὸν
446 2367 814 2443 πορευόμενον
838 2369 915 2431 εἰς
947 2369 1035 2424 τὸν
1066 2368 1313 2445 οὐρανόν.
1349 2392 1377 2422 ››

336 2459 449 2512 Ἵνα
481 2459 560 2529 μὴ
597 2453 937 2533 θορυϐῶνται
988 2459 1040 2513 οἳ
1102 2459 1365 2534 μαθηταὶ,
1423 2459 1513 2514 καὶ
1571 2458 1646 2520 ὡς
1694 2456 1925 2534 οῗχομὲ-

258 2566 357 2600 νου
414 2550 516 2601 τοῦ
576 2544 931 2617 διδασκάλου,
980 2548 1073 2605 καὶ
1127 2552 1225 2605 τοῦ
1283 2550 1539 2623 σώματος
1586 2549 1733 2621 αὐτῷ
1780 2546 1925 2623 διαρι-

265 2633 513 2712 ῥυέντος,
550 2637 865 2695 ἀνέλπιστοι
898 2639 1095 2696 λοιπὸν
1130 2638 1229 2696 ὦσι
1260 2647 1364 2711 τῆς
1421 2639 1504 2695 ἐπ’
1554 2639 1705 2713 αῦτῷ
1752 2660 1925 2714 προσ-

265 2722 480 2797 δοκίας,
514 2726 607 2783 καὶ
640 2725 727 2784 διά
760 2733 922 2785 τοῦτο
975 2727 1150 2793 ἄλλος
1197 2727 1456 2809 ἀλλαχοῦ
1501 2725 1925 2785 διὰσκεδασθῶσι

266 2813 450 2888 δειλὲᾳ
492 2817 584 2873 καὶ
642 2814 821 2896 φόϐῳ⁸
884 2819 1082 2876 τούτου
1138 2805 1675 2898 χάριννέιρίστανται
1732 2819 1784 2875 οἳ
1833 2817 1929 2874 ἄν·

268 2903 412 2979 δρες,
448 2906 543 2961 καὶ
574 2908 674 2977 τήν
704 2907 781 2971 είς
836 2907 1058 2983 οὐρανὸν
1120 2906 1315 2964 ἄνοδον
1370 2908 1556 2972 αὐτοῖς
1604 2906 1925 2980 δηλοῦντες,

266 2994 359 3049 καὶ
390 2996 495 3064 τήν
555 2999 654 3051 τοῦ
706 2993 1196 3071 προσειλημμένου
1242 2998 1498 3070 σώματος
1551 2995 1820 3072 διαμονήν
1869 3018 1928 3052 τε

266 3084 359 3139 καὶ
384 3085 687 3159 σωτηρίαν,
720 3081 791 3140 δι’
824 3084 897 3140 ὧν
955 3107 1131 3165 φασιν.
1175 3087 1347 3149 Οὗτος
1399 3087 1428 3142 ὁ
1485 3088 1698 3158 Ἰησοῦς
1754 3086 1927 3150 οὕτως

267 3173 550 3229 ὲΑεόσεται
581 3172 765 3231 πάλιν.
818 3176 918 3231 Διά
966 3172 1023 3231 δὲ
1076 3180 1175 3231 τοῦ
1242 3177 1434 3233 εἰπεῖν’
1494 3176 1564 3235 Τί
1612 3177 1925 3247 ἒστήκατεῖ¹

268 3263 705 3341 ὁπαγορεῦουσιν
788 3264 997 3335 αὐτοῖς,
1058 3272 1158 3336 τῆς
1218 3265 1341 3342 περὶ
1399 3270 1564 3322 τοῦτο
1624 3263 1924 3345 ἀφεμένους

267 3350 569 3431 ἀσχολίας,
600 3354 736 3429 πρὸς
762 3355 860 3424 τὴν
916 3352 1233 3430 Ἱερουσαλὴ
1245 3378 1285 3430 μ
1341 3353 1756 3432 παραγενέσθαι,
1790 3354 1926 3411 κατά

268 3442 335 3496 τὸ
366 3446 465 3497 τοῦ
496 3441 701 3519 Κυρίου
730 3443 1124 3522 παράγγελμα,
1183 3444 1268 3515 τὸ,
1327 3444 1468 3502 Ἀπὸ
1526 3442 1928 3520 Ἱεροσολύμων

275 3533 360 3603 μὴ
394 3531 741 3605 χωρίζεσθαι.
776 3534 871 3588 Διὸ
911 3534 1000 3588 καὶ
1058 3533 1512 3612 παραγενόμενοι,
1545 3533 1626 3590 ἔτι
1687 3534 1926 3609 ὑπότρο-

275 3640 378 3692 μοι
407 3614 554 3682 ὄντες
584 3619 673 3676 διὰ
703 3623 802 3691 τήν
826 3626 923 3678 τοῦ
954 3619 1286 3679 διδασκάλου
1344 3622 1633 3692 ἀπουσίαν,
1703 3623 1802 3680 οὐκ
1850 3622 1927 3687 εἷς

271 3708 375 3778 τήν
402 3707 571 3764 πόλιν
596 3708 1005 3791 ἀνεστρέφοντο,
1063 3708 1193 3766 ἀλλ’
1246 3711 1322 3774 εἷς
1374 3712 1437 3768 τὸ
1497 3712 1739 3787 ὑπερῶον
1805 3710 1928 3767 ἀνέ-

275 3792 475 3869 ϐησαν,
532 3799 605 3861 ὡς
662 3799 735 3862 εἷς,
812 3798 1212 3880 ἀσφαλέστερον
1280 3799 1373 3857 καὶ
1456 3802 1684 3882 κρύφιον
1739 3801 1925 3859 τόπον.

276 3886 442 3962 Λέγει
497 3884 556 3943 δὲ
619 3890 649 3943 ὁ
680 3890 1097 3965 Χρυσόστομος,
1158 3891 1234 3952 ὡς
1290 3890 1343 3947 ἐν
1397 3890 1580 3966 ἡμέρᾳ
1639 3885 1929 3947 Σαϐϐάτου

277 3975 496 4053 γέγονεν
522 3979 560 4047 ἡ
590 3976 883 4054 ἀνάληψις.
918 3980 1012 4035 Διὸ
1068 3980 1159 4036 καὶ
1220 3980 1639 4055 ἐπισημαίνεται
1666 3982 1751 4051 τὸ,
1786 3977 1930 4037 Σαό·

276 4061 450 4122 ϐάτου
492 4064 624 4145 ἔχον
680 4065 825 4123 ὀδόν·
854 4066 943 4125 ’ίνα
1004 4070 1079 4142 μὴ
1141 4065 1366 4139 δόξωσιν
1422 4070 1496 4131 ὡς
1550 4068 1603 4125 ἐν
1660 4065 1931 4145 Σαϐϐάτῳ

270 4152 490 4211 πλείονι
520 4163 620 4226 τῆς
654 4153 946 4227 διατάξεως
972 4164 1074 4227 τῆς
1102 4158 1208 4214 ἀπὸ
1237 4163 1336 4214 τοῦ
1387 4159 1559 4233 νόμου
1590 4158 1933 4235 χρησάμενοι

270 4250 373 4314 πεζ
377 4266 484 4300 οπο
489 4266 519 4320 ρ
528 4245 599 4317 ίᾳ.

347 4358 377 4385 α
403 4334 548 4392 Τότε
588 4336 925 4412 ὑπέστρεψαν
958 4336 1034 4400 εἷς
1059 4335 1427 4414 Ἰερουσαλὴμ
1474 4337 1581 4394 ἀπὸ
1640 4338 1803 4411 ὅρους
1834 4342 1932 4395 τοῦ

278 4445 308 4478 ι
336 4421 686 4499 καλουμένου
725 4422 1047 4497 Ἐλαιῶνος,
1078 4426 1110 4482 ὅ
1162 4425 1305 4484 ἐστιν
1360 4427 1524 4506 ἐγγὺς
1570 4426 1936 4503 Ἰερουσαλὴμ

276 4536 307 4565 ιι
347 4508 646 4570 Σαϐϐάτου
675 4510 807 4594 ἔχον
840 4512 981 4570 ὁδόν.
1010 4539 1039 4567 ››

348 4601 556 4660 Μίλιον
583 4597 657 4673 ἔν,
688 4590 851 4672 ἧντοῦ
875 4599 1166 4661 Σαϐϐάτου
1196 4602 1347 4677 ὁδὸς,
1388 4605 1462 4670 ὥς
1492 4627 1654 4686 φησιν
1713 4604 1925 4684 Ὠριγέ-
1959 4590 2006 4656 D

272 4712 372 4762 νης
425 4691 478 4747 ἐν
536 4697 618 4764 τῷ
665 4694 908 4767 πέμπτῳ
967 4700 1312 4770 Στρωματεῖ,
1373 4693 1670 4777 δισχιλίων
1721 4704 1927 4777 πηχῶν

281 4781 524 4857 ὑπῆρχε.
554 4782 658 4838 Καὶ
691 4780 961 4856 μᾶλλονή
1001 4784 1132 4861 ἁγία
1163 4786 1333 4856 σκηνή
1391 4784 1484 4841 καὶ
1539 4781 1780 4849 κιϐωτὸς
1837 4808 1934 4845 το-

280 4874 476 4926 σοῦτον
510 4869 793 4946 διάστημα
831 4868 1215 4948 προελάμϐανε
1272 4876 1372 4945 τὴν
1427 4869 1809 4951 παρεμϐολήν,
1839 4880 1931 4933 καὶ

279 4960 387 5015 ἀπὸ
438 4960 705 5017 τοσούτου
761 4959 1135 5037 διαστήματος
1192 4961 1470 5036 ἐσκήνουν.
1531 4968 1597 5023 ‘0
1654 4962 1931 5040 διάστημα

280 5048 402 5119 ἐξῆν
436 5056 553 5111 1:07.:
579 5054 946 5126 προσκυνοῦσι
997 5054 1095 5123 τήν
1126 5053 1286 5130 ἁγίαν
1337 5055 1540 5126 σκηνὴν
1602 5053 1844 5131 βαδίζειν
1876 5056 1929 5114 ἐν

283 5134 577 5213 Σαϐϐάτῳ.

350 5344 381 5371 κ
418 5320 524 5377 Καὶ
553 5320 644 5378 ὅτε
671 5317 949 5392 εἰσῆλθον,
974 5316 1241 5391 ἀνέϐησαν
1301 5321 1377 5386 εἷς
1427 5323 1491 5380 τὸ
1549 5322 1814 5400 ὑπερῷον,
1866 5325 1929 5380 οὗ

280 5433 307 5459 ε
339 5408 487 5479 ἦσαν
521 5412 941 5484 καταμένοντες,
970 5411 1001 5467 ὃ
1029 5432 1086 5468 τε
1116 5411 1342 5488 Πέτρος,
1371 5412 1465 5469 καὶ
1495 5408 1780 5484 Ἰάκωϐος,
1838 5415 1930 5472 καὶ

281 5524 309 5552 ιι
344 5501 631 5573 Ἰωάννης,
662 5501 752 5557 καὶ
786 5497 1058 5577 Ἀνδρέας,
1091 5500 1376 5567 Φίλιππος
1401 5503 1496 5559 καὶ
1534 5508 1756 5579 Θωμᾶς,
1785 5506 1931 5582 Βαρ-

357 5685 407 5724 ιτ
442 5687 612 5746 Deut.
642 5704 763 5758 xxx,
796 5689 882 5745 15.

2029 1940 2057 1967 ‹‹
2092 1916 2396 1972 intuentes
2421 1917 2482 1972 in
2502 1917 2715 1974 ccelum
2736 1917 2765 1973 ?
2784 1939 2812 1969 ››

2099 2008 2216 2062 Viri
2244 2009 2387 2064 viris
2422 2007 2842 2081 loquebantur.
2876 2026 2988 2066 nec
3032 2013 3231 2067 tamen
3262 2010 3477 2067 similis
3507 2016 3678 2068 erant

2023 2097 2391 2154 substantiaa.

2097 2210 2125 2238 ‹‹
2152 2187 2255 2243 Hic
2282 2189 2451 2244 Jesus
2480 2187 2582 2260 qui
2604 2194 2946 2261 assumptus
2975 2195 3067 2246 est
3092 2206 3128 2246 a
3155 2190 3319 2247 vobis
3348 2190 3410 2247 in
3431 2191 3668 2262 caelum,

2029 2277 2159 2333 «ita
2182 2276 2377 2333 veniet
2397 2277 2903 2349 quemadmodum
2922 2278 3155 2337 vidistis
3189 2297 3326 2337 eum
3347 2286 3592 2339 euntem
3620 2283 3684 2338 in

2029 2389 2058 2418 «
2091 2367 2326 2426 caalum.
2350 2388 2378 2418 »

2104 2458 2185 2514 Ne
2217 2457 2534 2515 turbentur
2554 2457 2855 2532 discipuli,
2885 2460 3134 2517 etveluti
3159 2467 3449 2534 pereunte
3469 2462 3517 2519 8
3542 2479 3694 2536 prai-

2033 2552 2272 2620 ceptore
2303 2565 2370 2603 ac
2401 2546 2711 2604 difﬂuente
2742 2548 2830 2604 illi
2862 2566 3131 2622 corpore,
3161 2567 3264 2623 spe
3296 2549 3701 2607 destituantur

2039 2638 2101 2693 in
2132 2644 2433 2711 posterum
2468 2655 2584 2710 qua
2617 2641 3052 2712 exspectandus
3083 2647 3229 2707 erat,
3278 2648 3339 2699 et
3378 2650 3697 2716 propterea

2040 2728 2194 2784 alius
2225 2728 2342 2784 alio
2365 2728 2742 2802 dispergatur
2797 2735 2961 2787 metu
3016 2747 3083 2787 ac
3140 2732 3392 2789 timore:
3435 2733 3511 2789 ob
3541 2733 3696 2789 hanc

2042 2834 2282 2874 causam
2328 2817 2655 2875 adveniunt
2699 2820 2831 2889 viri,
2873 2826 2933 2877 et
2989 2837 3306 2877 ascensum
3357 2822 3419 2876 in
3478 2822 3693 2877 caelum

2040 2908 2188 2980 ipsis
2218 2908 2673 2965 manifestantes
2705 2915 2762 2965 et
2793 2909 3060 2982 corporis
3098 2910 3575 2981 permanentiam
3624 2926 3703 2965 ac

2041 2996 2295 3053 salutem
2329 2998 2422 3052 his
2452 2996 2647 3052 verbis
2680 2998 2897 3069 quibus
2923 2999 3131 3066 dicunt
3164 3015 3179 3051 :
3230 2999 3336 3053 Hic
3393 2999 3563 3053 Jesus
3619 2999 3703 3053 ita

2041 3102 2279 3141 rursum
2310 3085 2531 3140 veniet.
2564 3087 2676 3140 Per
2696 3087 2811 3141 hoc
2839 3092 3038 3141 autem
3070 3085 3230 3157 quod
3288 3087 3493 3143 aiunt:
3548 3087 3698 3154 Quid

2041 3176 2210 3230 statis
2232 3172 2764 3230 ?admonentillos
2795 3178 2881 3242 ut,
2912 3174 3123 3230 relicta
3179 3191 3323 3231 cura
3378 3175 3451 3231 de
3510 3191 3581 3232 ea
3608 3193 3694 3247 re,

2038 3261 2406 3333 Jerosolyma
2434 3261 2699 3318 redirent
2711 3261 2884 3335 juxta
2914 3262 3151 3318 Domini
3184 3269 3693 3337 prwceptum,quo

2039 3351 2269 3408 dixerat
2302 3367 2316 3407 :
2348 3351 2435 3407 Ab
2466 3351 2848 3423 Jerosolymis
2888 3367 2963 3408 ne
3020 3351 3418 3409 discederent.
3468 3353 3695 3410 Idcirco

2038 3442 2219 3498 etiam
2250 3458 2387 3498 cum
2419 3458 2487 3498 eo
2518 3442 2935 3509 accessissent,
2954 3442 3149 3498 adhuc
3180 3442 3488 3499 subtimidi
3514 3461 3697 3516 prop-

2038 3538 2128 3588 ter
2152 3531 2534 3604 praeceptoris
2566 3531 2922 3599 absentiam,
2955 3532 3019 3587 in
3052 3532 3287 3588 civitate
3335 3550 3459 3589 non
3502 3550 3696 3590 versa-

2036 3621 2385 3688 bantur,sed
2410 3621 2472 3677 in
2525 3621 2894 3678 caenaculum
2953 3622 3376 3690 ascenderunt,
3408 3628 3694 3695 tanquam

2038 3709 2101 3764 in
2133 3710 2416 3765 tutiorem
2447 3714 2506 3765 et
2528 3709 2833 3766 occultum
2864 3709 3084 3766 locum.
3123 3710 3271 3766 Dicit
3295 3717 3492 3767 autem
3511 3712 3694 3784 Chry-

2038 3804 2334 3856 sostomus
2349 3799 2506 3871 quod
2523 3798 2619 3854 die
2641 3798 2880 3855 Sabbati
2898 3799 3056 3855 facta
3077 3805 3169 3856 est
3198 3801 3690 3873 assumptio.ldeo

2040 3888 2220 3945 etiam
2252 3894 2572 3945 annotatur
2599 3906 2612 3944 :
2648 3888 2735 3945 Ad
2765 3888 3001 3945 Sabbati
3049 3889 3165 3945 iter
3197 3906 3211 3944 :
3244 3906 3320 3946 ne
3361 3889 3692 3961 videantur,

2040 3977 2315 4047 Sabbato,
2346 3978 2559 4051 majori
2590 3978 2683 4034 usi
2714 3978 2975 4051 pedestri
3007 3978 3221 4036 itinere
3250 3996 3431 4052 quam
3483 3996 3520 4037 a
3561 3980 3692 4054 lege

2041 4069 2436 4125 constitutum
2467 4073 2645 4126 esset.

2113 4318 2158 4405 Ϊ,
2190 4339 2273 4393 12.
2307 4356 2337 4387 ‹‹
2369 4336 2529 4392 Tunc
2559 4333 2781 4390 reversi
2840 4338 2981 4390 sunt
3026 4335 3355 4393 Jerusalem
3413 4352 3449 4393 a
3489 4340 3694 4392 monte

2046 4428 2209 4500 «qui
2256 4431 2498 4483 vocatur
2554 4424 2787 4492 Oliveti,
2841 4424 2942 4497 qui
3002 4429 3093 4482 est
3141 4425 3316 4498 juxta
3368 4422 3695 4480 Jerusalem

2049 4540 2072 4569 ι
2107 4518 2367 4589 (nempe)
2399 4515 2473 4571 ad
2502 4515 2740 4572 Sabbati
2763 4516 2898 4572 iter.
2932 4537 2962 4566 ››

2111 4607 2307 4662 Unum
2336 4605 2615 4672 milliare,
2651 4604 2809 4675 quod
2845 4605 2960 4661 iter
3013 4609 3140 4660 erat
3185 4601 3444 4670 Sabbati,
3500 4606 3569 4657 ut
3613 4601 3699 4658 ait

2043 4696 2325 4770 Origenes
2357 4696 2564 4767 quinto
2622 4698 2976 4768 Στρωματῶν
3025 4695 3143 4751 sive
3199 4692 3693 4761 Miscellaneorum,

2044 4785 2297 4842 duorum
2327 4784 2585 4841 millium
2618 4783 2956 4840 cubitorum
3006 4789 3155 4840 erat.
3213 4783 3398 4855 quue
3454 4782 3697 4856 potissi-

2041 4893 2227 4939 mum,
2261 4875 2422 4948 quod
2450 4879 2721 4931 sanctum
2759 4872 3210 4930 tabernaculum
3241 4879 3300 4930 et
3346 4889 3484 4930 arca
3531 4878 3696 4930 tanto

2041 4965 2362 5023 interstitio
2405 4969 2736 5021 castrorum
2794 4963 3067 5020 ordinem
3116 4962 3510 5037 praecedebat,
3544 4968 3604 5019 et
3662 4978 3698 5018 a

2042 5061 2206 5114 tanto
2237 5052 2547 5112 intervallo
2574 5053 2832 5109 tentoria
2863 5053 3144 5127 ﬁgebant,
3176 5070 3294 5126 quo
3326 5053 3520 5125 spatio
3550 5051 3694 5107 lice-

2038 5147 2143 5203 bat
2164 5146 2257 5201 his
2289 5143 2389 5216 qui
2422 5142 2829 5199 castrametati
2886 5149 3076 5212 erant,
3109 5148 3382 5200 sanctum
3412 5140 3693 5197 taberna-

2040 5235 2240 5293 culum
2270 5230 2523 5289 Sabbato
2549 5230 2855 5288 accedere.

2110 5322 2605 5391 1,13,14.<«Etcum
2625 5320 3484 5390 introissent,ascenderuntin
3501 5334 3699 5377 cana-

2042 5411 2407 5478 cculum.ubi
2427 5410 2753 5468 manebant
2774 5415 2833 5468 et
2850 5413 3061 5469 Petrus
3085 5416 3146 5469 et
3159 5409 3501 5481 Jacobus,et
3520 5411 3696 5470 Joan-

2040 5522 2183 5564 «nes
2196 5509 2257 5562 et
2267 5501 2866 5576 Andreas,Philippus
2879 5508 2939 5559 et
2947 5500 3694 5572 Thomas,Bartholomwus
