4134 6196
435 339 513 403 55
1557 339 1980 402 GECUMENII
2025 333 2328 400 TBICCAE
2369 336 2722 404 EPISCOPI
3765 341 3844 404 56

445 503 472 530 ιι
511 486 568 534 et
600 481 931 544 Matthzeus,
965 477 1218 535 Jacobus
1252 479 1479 551 Alphaai
1513 484 1572 533 et
1614 479 1816 532 Simon
1851 473 2087 538 Zelotes1

2218 507 2243 532 ‹‹
2279 476 2581 553 οολομαῖος
2631 480 2719 534 καὶ
2779 479 3076 550 Ματθαῖος,
3136 471 3404 538 Ἰάκωϐος
3436 472 3706 556 ’Ᾱλφαίου
3756 478 3849 532 καὶ

444 592 464 618 ι
501 575 558 623 et
583 569 760 624 Judas
789 568 1009 624 Jacobi.
1047 569 1113 623 Hi
1147 585 1354 624 omnes
1415 572 1584 622 erant
1640 568 2084 638 perseverantes

437 681 464 708 ιι
495 659 861 712 unanimiter
900 659 959 712 in
1015 659 1291 713 oratione
1353 663 1411 712 et
1457 656 1889 717 obsecratione,
1949 669 2084 707 cum

441 767 468 794 κ
497 746 847 800 mulieribus
907 753 964 801 et
993 748 1174 802 Maria
1202 747 1382 802 Matre
1412 747 1569 814 Jesu,
1603 759 1857 814 cumque
1886 740 2084 796 fratri-

443 858 463 884 ι
501 835 610 890 bus
637 836 841 907 ipsius.
881 857 910 886 ιι

509 1016 741 1081 Petrus,
787 1013 1191 1087 interpretans
1237 1013 1326 1068 vel
1385 1008 2086 1085 cognoscenszJacobus,

443 1104 864 1175 supplantator
895 1103 1615 1176 laboris.Joannes,gratia
1632 1102 1733 1157 Dei
1766 1099 2088 1163 :Andreas,

439 1194 656 1249 decens
685 1195 951 1265 potentia
981 1195 1090 1261 vel,
1116 1193 1546 1249 condemnatus
1580 1210 1592 1249 :
1649 1192 1979 1262 Philippus,
2026 1205 2092 1243 os

439 1284 748 1338 viduarum
779 1283 871 1337 vel
903 1301 969 1338 os
1018 1283 1350 1355 lampadis:
1384 1284 1657 1349 Thomas,
1703 1281 1953 1352 abyssus
2003 1277 2094 1332 vel

439 1374 714 1446 geminus
747 1390 851 1428 seu
893 1373 1131 1428 dubius.
1194 1372 1687 1439 Bartholomaaus,
1747 1371 1907 1424 filius
1967 1369 2095 1439 ejus

441 1462 542 1533 qui
576 1463 886 1534 suspendit
910 1479 1095 1533 aquas
1130 1478 1142 1514 :
1178 1462 1506 1527 Matthznus,
1540 1461 1830 1514 donatus:
1865 1460 1913 1513 9
1935 1459 2095 1512 Jaco-

441 1552 550 1608 bus
583 1553 833 1622 Alphmi,
865 1551 1288 1622 supplantatio.
1318 1550 1519 1604 Simon
1548 1549 1797 1616 Zelotes,
1830 1547 2096 1619 discipli—

441 1657 519 1695 na
549 1640 718 1693 vitaa:
752 1639 924 1694 ludas
954 1639 1176 1706 Jacobi,
1212 1639 1309 1694 hic
1368 1644 1427 1694 et
1481 1638 1809 1694 Thaddaeus
1841 1636 2095 1692 vocaba-

444 1735 557 1783 tur.
598 1728 926 1800 Discipulos
963 1729 1319 1784 nominatim
1379 1733 1672 1792 recenset,
1730 1733 1796 1782 ut
1824 1725 2099 1782 ostendat

445 1817 624 1890 quod,
649 1835 783 1874 cum
816 1820 1113 1891 passionis
1146 1826 1410 1891 tempore
1460 1819 1608 1890 lapsi
1665 1823 1884 1874 essent.
1917 1817 2096 1872 Judas
2125 1844 2173 1908 Β

445 1908 685 1979 quidem
735 1909 999 1980 seipsum
1056 1926 1091 1964 a
1149 1909 1328 1964 choro
1386 1907 1791 1980 apostolorum
1849 1906 2093 1962 omnino

448 1997 683 2068 dejecit.
717 1999 927 2053 Petrus
963 2015 1091 2053 vero
1125 2004 1183 2052 et
1213 1997 1387 2052 simul
1417 2003 1562 2063 erat,
1587 2004 1645 2051 et
1673 2014 1708 2051 a
1732 2001 2092 2068 praeceptore

445 2102 549 2156 per
580 2087 796 2141 trinam
829 2087 1357 2159 interrogationem
1398 2093 1705 2142 revocatus
1737 2085 2019 2151 est.Quod
2042 2085 2090 2138 si

439 2179 729 2233 Joannem
754 2179 816 2233 in
849 2196 958 2234 sua
979 2179 1280 2251 accepisse
1330 2179 1545 2235 Christi
1596 2181 1836 2234 Matrem
1892 2177 2094 2249 prodi-

444 2274 570 2322 tum
603 2268 648 2302 ¹⁸
679 2273 788 2332 est,
816 2274 980 2324 certe
1012 2285 1148 2325 cum
1177 2269 1435 2324 Joannes
1465 2284 1584 2323 una
1623 2285 1758 2323 cum
1807 2267 2091 2340 apostolis

438 2357 693 2424 adesset,
719 2357 897 2412 etiam
930 2358 1059 2429 ipsa
1104 2357 1283 2412 simul
1341 2357 1565 2413 aderat.
1625 2389 1694 2397 —-
1753 2359 1879 2412 Alio
1910 2357 2089 2425 modo,

446 2447 571 2502 Non
611 2446 830 2501 frustra
869 2446 1299 2518 discipulorum
1361 2447 1503 2502 facit
1557 2446 1926 2518 catalogum:
1987 2445 2090 2500 sed

439 2535 850 2591 demonstrare
909 2535 1112 2590 volens
1163 2535 1321 2607 quod
1400 2536 1729 2591 humanum
1786 2533 2091 2606 quidpiam

433 2625 595 2697 passi
627 2631 820 2690 erant,
846 2629 904 2680 at
946 2641 1066 2680 non
1100 2625 1161 2680 in
1195 2624 1366 2698 lapsu
1388 2630 1860 2696 permanserant.
1895 2624 2089 2695 Siqui-

442 2713 574 2769 dem
609 2715 820 2769 Petrus
842 2712 944 2784 qui
969 2720 1304 2784 negaverat,
1359 2714 1581 2769 amaris
1608 2713 1886 2784 lacrymis
1919 2730 1953 2768 a
1984 2728 2094 2768 ne-

445 2805 681 2876 gatione
712 2803 1020 2859 absolutus
1042 2803 1335 2870 est,veluti
1359 2819 1428 2857 ex
1445 2803 1556 2858 hoc
1575 2803 1958 2858 manifestum
1978 2807 2087 2870 est,

441 2892 600 2964 quod
631 2892 808 2964 paulo
842 2898 976 2964 post
1005 2892 1299 2947 creditum
1331 2892 1410 2946 sit
1451 2891 1564 2963 ipsi
1597 2891 1886 2946 rationale
1913 2890 2084 2946 ovile.

435 2981 688 3036 Thomas
722 2981 823 3052 qui
878 2980 1226 3037 incredulus
1273 2980 1485 3050 fuerat,
1545 2979 1616 3034 ab
1672 2979 2087 3035 incredulitate

435 3077 678 3126 sanatus
710 3076 820 3141 est,
838 3070 1183 3126 vulneribus
1209 3087 1278 3125 ac
1308 3069 1492 3125 latere
1517 3069 1796 3125 manibus
1818 3076 2088 3125 contrec-

433 3162 592 3216 tatis.
629 3166 830 3231 ltaque
861 3178 996 3216 cum
1031 3161 1132 3216 alii
1168 3177 1376 3217 omnes
1409 3160 1588 3216 simul
1643 3166 1863 3229 essent,
1923 3160 2085 3215 solus

433 3248 805 3303 desideratus
833 3255 922 3303 est
949 3250 1148 3306 Judas.
1183 3251 1251 3304 Et
1301 3251 1480 3305 Maria
1513 3251 1614 3305 Dei
1648 3252 1829 3305 Mater
1858 3249 2082 3318 aderat,

435 3336 925 3408 quandoquidem
959 3344 1017 3392 et
1044 3339 1323 3403 Joannes,
1357 3339 1458 3408 qui
1491 3339 1644 3394 hanc
1675 3340 1737 3393 in
1780 3355 1885 3395 sua
1915 3356 2084 3395 acce-

432 3431 620 3498 perat,
657 3430 715 3480 et
742 3425 956 3481 fratres
987 3426 1254 3481 aderant.
1290 3426 1439 3490 Quid
1472 3427 1520 3481 si
1569 3433 1627 3482 et
1654 3429 1868 3499 Joseph
1901 3446 2083 3500 spon-

434 3533 535 3570 sus
567 3515 626 3570 in
657 3514 798 3569 vivis
830 3521 976 3586 erat,
1009 3515 1215 3586 utique
1257 3513 1464 3570 aderat
1492 3521 1552 3570 et
1603 3517 1728 3587 ipse
1757 3533 1769 3570 :
1826 3518 2082 3572 maxime

433 3611 626 3662 autem
657 3603 772 3674 hic,
798 3603 920 3675 qui,
954 3603 1366 3659 dubitantibus
1399 3603 1539 3658 ﬁliis
1597 3605 1743 3674 suis,
1776 3621 2082 3676 nunquam

435 3695 593 3751 circa
632 3694 1145 3766 dispensationem
1205 3692 1513 3748 dubitavit.
1557 3693 1668 3749 Sed
1701 3694 2082 3749 manifestum

438 3789 528 3840 est
558 3782 717 3856 quod
761 3781 1118 3855 jamdudum
1179 3787 1449 3837 mortuus
1508 3787 1670 3838 erat:
1703 3783 1840 3854 quia
1887 3800 2082 3855 neque

436 3873 563 3945 ipse
588 3879 730 3928 tunc
761 3872 985 3941 aderat,
1043 3887 1176 3926 cum
1237 3872 1470 3944 cognati
1531 3873 1730 3927 Jesum
1770 3872 2081 3928 docentem

435 3963 635 4018 videre
666 3968 971 4034 cuperent.
1025 3961 1170 4026 Quid
1215 3962 1375 4017 enim
1407 3963 1490 4016 ait
1519 3961 1597 4016 ?«
1644 3963 1826 4018 Mater
1869 3970 1969 4018 tua
2025 3969 2084 4018 et

431 4054 646 4110 fratres
679 4055 763 4108 tui
788 4059 1065 4125 quierunt
1095 4059 1150 4109 te
1181 4053 1324 4109 foris
1359 4052 1424 4122 ιθ,
1459 4075 1487 4104 »
1523 4071 1644 4110 non
1683 4061 1880 4110 autem
1912 4054 2080 4110 addi-

432 4149 530 4199 tur
563 4160 576 4199 :
609 4145 679 4199 Et
707 4148 876 4216 pater
907 4149 1064 4199 tuus.

1088 4234 1315 4289 CAPUT
1349 4233 1420 4289 II.

430 4326 585 4382 Petri
613 4326 803 4381 concio
833 4325 906 4380 ad
934 4340 1021 4380 eos
1053 4324 1252 4395 quibus
1304 4332 1493 4380 notum
1537 4333 1656 4381 erat
1709 4327 1775 4380 de
1831 4331 2002 4381 morte
2032 4331 2082 4380 et

503 4399 817 4459 apostolatu
847 4397 1003 4451 Judw
1031 4397 1338 4465 proditoris
1368 4399 1457 4450 :in
1488 4414 1596 4466 quo
1626 4405 1904 4452 narratur
1917 4399 2080 4452 etiam

504 4470 570 4524 de
599 4471 843 4524 Matthiae
871 4469 1274 4524 substitutione.
1309 4470 1406 4536 qui
1456 4485 1560 4538 per
1591 4472 1892 4523 orationem
1922 4470 2084 4523 sorti-

507 4548 592 4596 tus
615 4549 692 4596 est
722 4539 1086 4610 apostolatum
1115 4541 1298 4607 gratia
1323 4539 1438 4591 Dei.

507 4629 552 4691 Ι,
586 4633 672 4682 15.
700 4651 725 4677 «
745 4631 813 4682 Et
833 4630 893 4682 in
919 4627 1128 4681 diebus
1150 4626 1270 4680 illis
1302 4641 1548 4697 surgens
1572 4627 1780 4680 Petrus
1802 4627 1862 4680 in
1885 4625 2082 4681 medio

442 4715 908 4786 udiscipulorum
935 4718 1355 4786 dixit,eratque
1377 4715 1548 4770 turba
1562 4716 1874 4771 hominum
1897 4716 2076 4772 simul

439 4826 467 4854 «
501 4804 623 4857 fere
652 4811 890 4860 centum
922 4806 1144 4877 viginti.
1178 4827 1206 4856 »

509 4891 704 4962 Surgit
721 4893 1074 4957 Petrus,non
1095 4895 1725 4965 Jacobus.ettanquam
1741 4894 2080 4963 ferventior,

439 4985 497 5036 et
529 4978 689 5033 velut
719 4979 769 5034 is
800 4981 891 5034 cui
925 4981 1355 5052 discipulorum
1389 4985 1490 5039 Io
1515 4983 1897 5054 praesidentia
1918 5001 2084 5039 com-

439 5070 623 5125 missa
679 5075 825 5124 erat.
858 5071 1149 5125 Prwterea
1179 5091 1416 5144 quoque
1474 5074 1723 5129 Jacobus
1781 5073 2086 5130 modestus

439 5164 586 5220 erat,
613 5159 865 5212 orationi
886 5175 954 5212 ac
972 5161 1154 5227 quieti
1189 5164 1373 5234 magis
1405 5171 1599 5232 aptus,
1633 5163 1862 5218 caateris
1885 5163 2086 5218 videli-

439 5253 533 5304 cet
557 5247 792 5320 negotia
825 5247 1498 5321 tractantibusteoque
1529 5253 2088 5323 Jerosolymitanam

441 5336 883 5408 praesidentiam
913 5335 1406 5392 illicedunt.Vide
1433 5345 1631 5394 autem
1655 5341 1952 5412 quomodo
1966 5342 2095 5396 uni-

439 5441 608 5482 versa
619 5426 908 5480 communi
923 5424 1159 5480 decreto
1176 5426 1544 5491 faciat,etnon
1560 5445 1629 5483 ex
1642 5431 1888 5501 primatu
1902 5447 2095 5503 neque

445 5533 553 5574 sua
567 5516 939 5572 auctoritate.
965 5516 1211 5570 Centum
1229 5522 1428 5571 autem
1443 5517 1644 5588 viginti
1660 5519 1837 5574 simul
1850 5520 2098 5576 aderant

519 5669 567 5708 ‘3
593 5672 762 5730 Joan.
793 5686 909 5739 χιι,
943 5671 1034 5739 26,
1062 5673 1150 5726 27.
1184 5669 1229 5706 “
1258 5670 1459 5726 Matth.
1488 5688 1590 5740 xu,
1623 5674 1712 5729 49.

2194 599 2222 626 ‹‹
2278 574 2464 645 Σίμων
2513 570 2540 622 6
2592 566 2882 638 Ζηλωτῆς,
2940 567 3029 622 καὶ
3085 565 3292 628 Ἰούδας
3352 560 3638 621 Ἰακώϐου.
3675 564 3845 624 Οὗτοι

2191 662 2446 720 «πάντες
2526 661 2659 727 ἦσαν
2739 661 3266 731 προσκαρτεροῦντες
3346 652 3704 728 ὀμοῐιυμαδὸν
3776 660 3847 730 τῇ

2197 751 2541 827 «προσευχῇ
2575 747 2666 802 καὶ
2725 750 2794 808 τῆ
2850 742 3055 814 δεήσει,
3110 746 3202 799 σὺν
3258 744 3469 820 γυναιξὶ
3517 745 3605 799 καὶ
3666 745 3853 821 Μαρίᾳ

2192 865 2223 893 ‹‹
2253 843 2322 912 τῇ
2357 836 2544 912 Μητρὶ
2598 840 2695 891 τοῦ
2727 835 2929 905 Ἰησοῦ,
2985 833 3075 888 καὶ
3133 834 3224 888 σὺν
3279 839 3396 894 τοῖς
3448 829 3707 913 ἀδελφοῖς
3752 833 3844 888 αὐο

2193 955 2222 983 ι(
2251 933 2368 985 τοῦ.
2400 952 2429 980 »

2268 1017 2492 1092 Ηέτρος,
2551 1011 2796 1070 ἐπιλύων
2874 1009 2911 1081 ἤ
2971 1010 3237 1088 ἐπιγνούς.
3301 1008 3586 1085 Ἰάκωϐος,
3640 1034 3852 1091 πτερνι-

2199 1112 2332 1179 στὴς
2370 1108 2562 1162 πόνου.
2595 1105 2866 1173 Ἰωάννης,
2925 1102 3090 1180 χάρις
3149 1105 3301 1156 Θεοῦ.
3364 1099 3631 1176 Ἀνδρέας,
3692 1099 3852 1157 δύνα-

2202 1220 2292 1274 μις
2327 1197 2625 1273 εὐπρεπὴς,
2671 1193 2706 1262 ἤ
2765 1192 3246 1267 κατοκρινόμενος.
3305 1189 3608 1262 Φίλιππος,
3676 1192 3853 1264 στόμα

2196 1293 2413 1365 χηρῶν,
2445 1289 2480 1355 ἢ
2515 1285 2692 1358 στόμα
2721 1279 3034 1356 λαμπάδος.
3074 1287 3294 1354 Θωμᾶς,
3338 1275 3569 1343 ἄϐυσσος
3598 1281 3633 1350 ἢ
3696 1278 3852 1337 δίδυ-

2201 1399 2322 1452 μος.
2359 1373 2798 1451 Βαρθολομαῖος,
2831 1373 2947 1433 υἱὸς
2979 1373 3252 1445 κρεμάσας
3291 1368 3479 1427 ὕδατα.
3537 1373 3847 1441 Ματθαῖος,

2199 1464 2604 1541 δεδωρημένος.
2665 1456 2922 1522 Ἰάκωϐος
2972 1457 3264 1540 Ἀλιραίου,
3332 1460 3683 1535 πτερνισμός.
3747 1460 3844 1516 Σί-

2204 1551 2700 1630 μωνὸΖηλωτὴς,
2763 1551 2998 1625 μάθησις
3059 1556 3228 1620 ζωῆς.
3291 1547 3498 1611 Ἰούδας
3558 1545 3844 1619 Ἰακώϐου,

2201 1646 2360 1705 οὗτος
2391 1645 2478 1698 καὶ
2515 1638 2782 1702 Θαδδαῖος
2815 1636 3084 1695 ἐκαλεῖτο.
3152 1637 3452 1714 Καταλὲγει
3505 1639 3635 1703 τοὺς
3668 1641 3852 1713 μαθη-

2201 1735 2296 1798 τὰς
2327 1731 2610 1806 ὀνομαστὶ,
2640 1731 2726 1784 ἳνα
2761 1727 2923 1804 δείξῃ,
2977 1727 3052 1789 ὡς
3109 1726 3408 1806 σφαλέντας
3448 1729 3572 1802 περὶ
3631 1730 3694 1785 τὸ
3750 1729 3858 1785 πά-

2202 1826 2316 1887 θος,
2349 1818 2556 1881 Ἰούδας
2586 1820 2679 1894 μὲν
2707 1820 2879 1888 πάντη
2913 1817 3100 1872 ἑαυτὸν
3157 1811 3318 1886 ἕξωσε
3377 1822 3473 1872 τοῦ
3507 1822 3680 1896 χοροῦ
3738 1825 3848 1875 τῶν

2208 1909 2553 1966 ἀποστόλων.
2586 1911 2643 1963 Ὀ
2674 1905 2730 1963 δὲ
2788 1905 2990 1981 Πέτρος
3045 1905 3136 1961 καὶ
3188 1913 3368 1976 συνῆν,
3427 1907 3516 1962 καὶ
3556 1908 3691 1979 πρὸς
3749 1913 3847 1964 τοῦ

2210 1997 2541 2056 διδασκάλου
2573 1996 2662 2053 διὰ
2718 2000 2812 2052 τοῦ
2870 2000 3091 2072 τρισσοῦ
3145 2002 3246 2065 τῆς
3293 1993 3614 2070 ἐρωτήσεως
3655 1996 3850 2053 ἀνακέ-

2207 2088 2430 2161 κληται.
2467 2087 2525 2146 Εἰ
2559 2083 2616 2142 δὲ
2645 2087 2744 2156 τὴν
2774 2089 2874 2142 τοῦ
2931 2086 3168 2160 Χριστοῦ
3230 2086 3458 2158 Μητέρα
3513 2080 3702 2140 λαϐεῖν
3758 2088 3854 2141 τὸν

2207 2178 2456 2248 Ἰωάννην
2481 2173 2881 2252 ἀναγὲγραπται
2910 2172 2986 2234 είς
3018 2173 3084 2229 τά
3133 2169 3267 2240 ἴδια,
3327 2170 3455 2227 ἀλλ’
3509 2171 3600 2228 οὖν
3649 2175 3859 2248 παρόν-

2205 2288 2297 2330 τος
2339 2268 2588 2322 ’Ίωάννου
2645 2269 2761 2324 τοῖς
2816 2259 3173 2330 ἀποστόλοις,
3224 2262 3314 2316 καὶ
3354 2261 3490 2332 αὐτή
3544 2269 3858 2337 συμπαρῆν.

2203 2388 2272 2402 ..-
2303 2353 2550 2416 Ἄλλως.
2586 2353 2663 2412 Οὐ
2719 2353 2895 2426 μάτην
2944 2351 3037 2406 τὸν
3086 2349 3394 2428 καταλογον
3453 2356 3689 2406 ποιεῖται
3747 2357 3859 2407 τῶν

2207 2450 2487 2520 μαθητῶν,
2519 2441 2666 2498 ἀλλὰ
2699 2439 3036 2517 βουλόμενος
3067 2446 3412 2514 παραστῆσαι
3465 2441 3556 2495 καὶ
3605 2445 3712 2495 τῶν
3743 2461 3851 2496 πα-

2204 2539 2406 2600 θόντων
2439 2535 2533 2608 μὲν
2566 2555 2639 2601 τι,
2672 2532 2758 2586 καὶ
2807 2533 2883 2605 μὴ
2917 2529 3388 2603 ἐναπομεινάντων
3450 2527 3506 2584 δὲ
3557 2535 3636 2604 τῷ
3693 2531 3852 2585 πτώ-

2207 2625 2443 2701 ματι.Ὀ
2504 2623 2597 2697 μὶν
2656 2621 2759 2698 γὰρ
2818 2619 3186 2694 ἀρνησάμενος
3248 2617 3473 2694 Πέτρος,
3516 2624 3697 2694 πικρῷ
3752 2617 3846 2674 δα.

2200 2715 2350 2790 κρύῳ
2377 2714 2476 2782 τῆν
2505 2711 2728 2785 ἄρνησιν
2779 2706 3110 2778 ἀπελύσατο,
3171 2708 3245 2771 ὡς
3279 2705 3472 2779 δῆλον,
3530 2708 3623 2789 ἀφ’
3653 2709 3725 2763 ὧν
3763 2733 3852 2783 με-

2199 2805 2325 2879 κρὸν
2359 2805 2581 2878 ὓστερον
2611 2801 2672 2856 τὸ
2706 2798 2928 2874 λογικὸν
2960 2799 3270 2854 πιστεύεται
3335 2799 3606 2872 ποίμνιον.
3664 2799 3724 2856 Ὀ
3789 2797 3850 2855 δὲ

2199 2895 2500 2964 ἀπιστήσας
2532 2896 2756 2965 Θωμᾶς,
2788 2888 2910 2960 ἰάθη
2943 2890 3041 2958 τῆν
3092 2887 3348 2943 ἀπιστίαν
3403 2892 3472 2962 τῇ
3524 2886 3847 2968 ψηλαφήσει

2196 2988 2303 3039 τῶν
2337 2985 2542 3058 χειρῶν
2567 2978 2891 3055 τραυμάτων
2925 2977 3014 3032 καὶ
3045 2983 3145 3047 τῆς
3202 2975 3460 3052 πλευρᾶς.
3517 2980 3676 3032 Ὥστε
3705 2998 3845 3032 παν-

2198 3094 2304 3128 των
2330 3071 2592 3126 συνόντων
2622 3073 2729 3124 τῶν
2758 3064 2968 3134 ἄλλων,
3003 3067 3166 3140 μόνος
3223 3063 3548 3122 ἀπελείπετο
3605 3064 3842 3129 Ἰουδας.

2199 3161 2302 3218 Καὶ
2335 3159 2520 3235 Μαρία
2543 3155 2599 3213 δὲ
2624 3160 2658 3228 ἡ
2692 3157 2956 3218 Θεοτόκος
2988 3162 3186 3228 παρῆνο
3235 3153 3351 3210 ἐπεὶ
3405 3156 3493 3211 καὶ
3555 3157 3583 3211 6
3641 3156 3845 3226 ταύτην

2195 3245 2533 3326 παραλαϐὼν
2566 3248 2642 3310 είς
2672 3247 2739 3302 τά
2769 3244 2884 3301 ἴδια
2915 3245 3183 3317 Ἰωάννης,
3218 3245 3310 3300 καὶ
3341 3247 3394 3301 οἱ
3434 3243 3666 3326 ἀδελφοὶ
3698 3267 3842 3321 παρ-

2191 3343 2345 3410 ῆσαν.
2379 3337 2447 3396 Εἴ
2477 3336 2535 3392 δὲ
2579 3335 2669 3393 καὶ
2700 3335 2902 3414 Ἰωσὴφ
2961 3335 2989 3389 6
3053 3335 3300 3408 μνηστήρ
3359 3330 3478 3405 ἔζη,
3537 3342 3716 3409 παρῆν
3776 3333 3838 3389 ἄν

2191 3431 2279 3484 καὶ
2315 3424 2494 3490 αὐτός.
2529 3425 2631 3483 Καὶ
2667 3423 2904 3499 μαλιστα
2953 3424 3113 3486 οὗτος
3171 3424 3199 3478 6
3260 3420 3402 3497 μηδέ
3453 3445 3606 3491 ποτε,
3655 3424 3836 3499 ὥσπερ

2193 3519 2245 3572 o't
2277 3515 2326 3586 ἐξ
2361 3515 2544 3584 αὐτοῦ,
2601 3514 2727 3589 περὶ
2792 3515 2891 3582 τῆν
2949 3511 3266 3584 οἰκονομίαν
3325 3507 3623 3573 ἐνδοιάσας.
3657 3509 3838 3568 Ἀλλά

2193 3606 2362 3678 δῆλον
2392 3608 2477 3661 ’ὁτι
2507 3605 2678 3660 πάλαι
2716 3602 3003 3674 ἐτεθνήκει.
3039 3601 3186 3660 Έπεῖ
3224 3599 3364 3676 μηδὲ
3397 3604 3487 3658 ὅτε
3544 3599 3836 3657 διδάσκον-

2189 3718 2255 3752 τα
2307 3696 2400 3751 τὸν
2441 3699 2650 3765 Ἰησοῦν
2702 3693 2885 3763 ⁴ἠξίουν
2938 3693 2990 3747 οἱ
3044 3697 3312 3769 συγγενεῖς
3371 3691 3676 3758 θεάσασθαι,
3737 3691 3830 3745 καί

2191 3785 2351 3848 αὐτὸς
2377 3790 2579 3859 παρῆν.
2612 3783 2679 3840 Τί
2707 3785 2807 3858 γάρ
2839 3803 3004 3862 φησιν
3049 3801 3062 3851 ;
3096 3807 3123 3834 ι(
3173 3787 3231 3836 Ἠ
3266 3781 3450 3855 μήτηρ
3482 3801 3577 3835 σου
3628 3777 3716 3834 καὶ
3772 3779 3828 3834 οἱ

2189 3871 2418 3955 ἀδελφοί
2451 3893 2545 3928 σου
2573 3871 2800 3944 ζητοῦσί
2836 3892 2894 3926 σε
2923 3870 3046 3942 ἔξω,
3081 3894 3110 3923 »ι
3137 3868 3262 3926 ἀλλ’
3294 3869 3449 3948 οὐχὶ,
3497 3868 3600 3926 Καὶ
3635 3869 3662 3923 6
3719 3888 3827 3923 πα-

2189 3968 2317 4039 τηρ.

2819 4233 3085 4289 ΚΕΦΑΛ.
3121 4232 3199 4286 Β“.

2192 4328 2386 4401 Ηὲιρου
2429 4321 2688 4401 διαλογος
2767 4321 2906 4401 πρρς
2989 4320 3131 4401 τοὺς..
3202 4319 3632 4401 μαθητευθλέντας

2262 4388 2489 4463 θανατου
2520 4388 2615 4450 καῖ’
2643 4388 2959 4466 ἀποστολῆς
2991 4388 3169 4466 Ἰούδα
3200 4388 3298 4466 τοῦ
3338 4388 3646 4466 προδότου·
3707 4390 3760 4466 ἐν

2259 4460 2382 4543 περὶ
2426 4468 2840 4543 ’ἀντεισαγωγῆς
2901 4465 3147 4520 Ματθίου
3205 4460 3584 4537 κληρωθὲντος
3645 4460 3848 4537 χάρι-έι

3709 4319 3843 4394 περὶ

2109 4574 2155 4638 D
2260 4537 2392 4598 Θεοῦ
2423 4537 2513 4594 διὰ
2538 4537 2871 4613 προσευχῆς.

2264 4656 2290 4683 ‹‹
2325 4628 2430 4687 Καὶ
2459 4626 2511 4682 ἐν
2559 4631 2676 4687 τοῖς
2704 4626 2937 4698 ἡμὲραις
2965 4623 3188 4685 ταύταις
3244 4621 3468 4685 ἀναστάς
3531 4621 3735 4696 Ηὲτρος
3785 4623 3847 4679 ἐν

2186 4749 2213 4775 ‹‹
2253 4720 2400 4795 μέσῳ
2429 4723 2536 4773 τῶν
2569 4717 2822 4788 μαθητῶν
2874 4715 3035 4769 εἶπεν
3079 4713 3144 4782 ἦν
3203 4733 3262 4768 τε
3317 4713 3494 4790 ὄχλος
3549 4712 3854 4784 ὀνομάτων

2189 4837 2216 4865 ι(
2248 4809 2336 4865 ἐπὶ
2365 4809 2428 4862 τὸ
2458 4806 2589 4861 αὐτὸ
2627 4805 2701 4867 ὡς
2736 4803 2922 4858 ἑκατὸν
2953 4801 3172 4857 εἶ’κοσιν.
3210 4825 3237 4852 ››

2262 4897 2565 4955 Ἀνίσταται
2601 4895 2629 4949 6
2661 4893 2886 4966 Ηὲτρος,
2917 4891 3025 4970 οὐχ
3058 4892 3085 4946 ὁ
3121 4885 3398 4958 Ἰάκωϐος,
3459 4891 3549 4945 καὶ
3608 4891 3684 4952 ὡς
3715 4893 3861 4967 θερ..

2197 4989 2444 5065 μότερος,
2499 4984 2588 5040 καὶ
2643 4983 2717 5044 ὡς
2768 4983 2867 5051 τῆν
2917 4981 3246 5055 προστασίαν
3303 4983 3410 5035 τῶν
3444 4982 3700 5052 μαθητῶν
3755 4979 3863 5060 ἐγ-

2194 5069 2878 5157 κεχειρισμένος,“Ἀλλων
2932 5091 2991 5126 τε
3049 5069 3139 5124 καὶ
3198 5068 3445 5137 ἐπιεικής
3473 5069 3596 5157 ἧνὸ
3650 5069 3865 5127 Ἰάκω-

2197 5156 2315 5234 ϐος,
2347 5167 2437 5221 καὶ
2472 5160 2685 5237 μᾶλλον
2711 5164 2779 5233 τῇ
2813 5162 3097 5234 προσευχῇ
3128 5159 3217 5213 καί
3250 5161 3318 5223 τῆ
3377 5156 3584 5232 ἡσυχίᾳ
3644 5157 3873 5233 ὠφέλι..

2203 5275 2328 5329 μος,
2357 5259 2464 5308 τῶν
2499 5249 2688 5306 ἄλλων
2747 5245 3008 5318 δηλονότι
3065 5245 3554 5325 μεταχειριζόντων
3614 5247 3676 5301 τὸ
3706 5255 3871 5322 πρᾶ-

2197 5364 2331 5420 γμα.
2367 5343 2460 5397 Διὸ
2491 5339 2580 5395 καὶ
2639 5346 2737 5408 τῆς
2799 5337 2854 5391 ὲν
2908 5333 3321 5411 Ἱεροσολύμοις
3379 5335 3528 5408 αύτῷ
3583 5333 3876 5411 καθέδρας

2201 5433 2652 5508 παραχωροῦσιν.
2705 5429 2846 5503 Ὅρα
2904 5423 2960 5481 δὲ
3011 5424 3188 5480 πάντα
3242 5425 3380 5481 κατὰ
3438 5431 3625 5494 κοινῆς
3688 5424 3882 5486 αὐτὸν

2204 5523 2434 5601 γνώμης
2465 5524 2745 5589 ποιοῦντα,
2775 5517 2863 5573 καὶ
2899 5515 3002 5572 οὐκ
3029 5515 3279 5592 ἀρχικῶς
3337 5511 3461 5571 οὐδὲ
3520 5515 3655 5591 μετὰ
3708 5511 3889 5586 ἐξου-
