4134 6196
313 346 373 404 επ
1239 341 1644 402 COMMENT.
1692 339 1771 400 IN
1817 336 2022 398 ACTA
2065 335 2681 402 APOSTOLORUM.
3610 344 3687 401 58
3730 421 3736 425 Α

315 471 673 536 σίας.Ἐκατ²ιν
732 470 788 526 δὲ
846 469 1018 527 εἴκοσι
1078 475 1436 546 συμπαρῆσαν
1496 472 1602 528 ἀπὸ
1657 476 1765 526 τῶν
1825 491 1914 525 πι-

2043 488 2112 526 ex
2136 472 2228 526 his
2255 473 2352 543 qui
2378 475 2624 530 Domino
2649 474 3358 546 crediderant.Siquidem
3383 482 3689 547 etscptua-

321 562 612 619 στευσάντων
645 565 726 632 τῷ
757 562 968 636 Κυρίῳ.
1022 564 1190 618 Ἦσαν
1251 563 1354 640 γὰρ
1411 563 1500 618 καὶ
1555 557 1934 634 ἐϐδομήκοντα

317 655 384 710 καὶ
428 649 795 719 πεντακόσιοι,
856 649 948 711 οὕς
1005 649 1096 704 καὶ
1155 650 1455 706 ἀναστάντα
1510 649 1655 722 λέγει
1716 649 1932 710 Ηαῦλος

317 742 567 804 θεάσασθαι
598 739 695 794 τὸν
731 737 954 811 Κύριον.
1016 738 1180 795 Ἀλλ’
1219 739 1360 802 εἰκὸς
1417 739 1643 800 τούτους
1692 743 1798 794 τῶν
1843 737 1936 814 ἐγ-

311 831 601 907 κριτοτέρων
654 830 798 883 εἶναι
850 830 938 884 καὶ
1003 834 1109 884 τῶν
1161 830 1297 904 πρὸς
1353 831 1416 885 τὸ
1472 827 1932 906 παρρησιάζεσθαι

311 933 474 994 θερμοτ
485 919 642 992 έρων.

369 1005 628 1081 ιἈνδρες
686 1005 944 1082 ἀδελφοὶ,
1003 1005 1110 1064 ἔδει
1168 1006 1536 1078 πληρωθῆναι
1587 1007 1685 1076 τήν
1742 1006 1930 1083 Γραιρὴ

308 1125 328 1150 α
355 1097 564 1168 ταῦτην,
597 1096 662 1166 ἢν
693 1104 923 1171 προεῖπε
961 1097 1024 1152 τὸ
1056 1102 1270 1170 Πνεῦμα
1325 1099 1388 1153 τὸ
1445 1099 1596 1173 ἅγιον
1657 1093 1747 1151 διὰ
1804 1095 1930 1150 στό-

309 1216 331 1241 ιι
364 1207 512 1262 ματος
545 1185 728 1245 Δαυίδ.
755 1212 783 1238 η

366 1279 760 1352 Παραμυθεῖται
817 1278 1013 1340 αὐτοὺς
1069 1278 1176 1333 ἀπὸ
1232 1286 1332 1346 τῆς
1391 1276 1770 1353 προρρήσεως.
1826 1276 1928 1332 Καὶ

301 1367 350 1422 οὐ
380 1367 539 1444 λέγει,
569 1369 669 1424 Ἦν
700 1364 865 1422 Δαυὶδ
899 1368 1074 1437 εἶπεν,
1107 1365 1273 1432 ἀλλὰ,
1308 1368 1378 1422 Τὸ
1411 1372 1630 1441 Πνεῦμα
1659 1367 1722 1421 τὸ
1771 1365 1925 1442 ἅγιον

300 1455 374 1512 διὰ
402 1457 667 1527 στόματος
699 1453 884 1511 Δαυίδ.
919 1453 1048 1514 Τίδέ
1077 1456 1240 1512 τοῦτο
1273 1457 1338 1525 ἦν
1363 1475 1376 1525 ;
1408 1459 1545 1514 ’Όσα
1569 1457 1596 1509 ὁ
1630 1456 1715 1530 ρη’
1744 1453 1924 1531 περιὲ⁸

299 1567 373 1623 χει
398 1544 634 1620 ψαλμόςο
676 1546 749 1600 ὦν
806 1546 897 1600 καὶ
959 1547 1123 1608 αὐτὸς
1187 1547 1380 1620 μικρὸν
1433 1546 1652 1601 ’ὄπισθεν
1713 1564 1928 1618 μνημο-

297 1635 470 1693 νεύσει.
505 1634 636 1709 Περὶ
671 1632 850 1691 Ἰούδα
908 1632 965 1690 δὶ
1024 1635 1216 1701 εἰπὼν,
1274 1633 1529 1697 ἐπιεικῶς
1587 1636 1700 1707 ἅμα
1761 1653 1928 1707 μετα·-

298 1723 575 1800 χειρίζεται
606 1723 690 1779 καί
721 1723 1273 1803 ἀφιλαπεχθημὸνως
1300 1725 1390 1780 τὸν
1437 1723 1628 1798 λόγον.
1688 1721 1766 1780 Οὐ
1821 1723 1923 1800 γᾶρ

298 1813 447 1888 λέγει,
479 1817 586 1867 Τοῦ
617 1814 947 1887 καταράτου,
1003 1813 1100 1868 τοῦ
1143 1817 1364 1889 μιαροῦ,
1425 1811 1553 1868 ἀλλ’
1612 1813 1800 1874 ἁπλῶς
1856 1813 1920 1867 τὸ

293 1904 629 1980 γεγενημένον
687 1900 876 1973 δηλοῖ.
938 1903 1255 1978 Ἐπαγαγὼν
1318 1901 1374 1958 δὲ
1429 1903 1515 1970 τὸ,
1583 1903 1758 1964 Οὗτος
1819 1901 1910 1974 μὶν

294 1991 370 2045 οὖν
398 1991 656 2062 ἐκτήσατο
688 1990 898 2068 χωρίον
927 1989 989 2047 ἐκ
1047 1995 1243 2066 μισθοῦ
1275 1999 1373 2062 τῆς
1422 1988 1654 2061 ἀδικίας,
1697 1991 1785 2046 καὶ
1826 1989 1912 2045 δτι

291 2081 474 2152 πρηνὴς
501 2080 798 2154 γενόμενος
831 2076 1113 2149 ἐλάκησεν,
1145 2077 1293 2148 ἤτοι,
1345 2075 1654 2155 διεσχίσθη,
1705 2079 1767 2133 τὸ
1819 2078 1911 2151 μὲν

297 2170 566 2237 κτήσασθαι
595 2167 696 2222 οὐκ
727 2168 801 2228 εἷς
831 2168 920 2222 τὸν
965 2165 1171 2223 Ἰούδαν
1211 2167 1488 2247 ἀναφέρων
1537 2165 1774 2242 εἶ’ρηκεν.
1832 2167 1908 2225 Οὐ

298 2258 384 2332 γὰρ
409 2259 563 2320 αὐτὸς
597 2257 846 2329 ὠνήσατο
876 2259 936 2313 τὸ
983 2259 1214 2335 χωρίον,
1272 2256 1398 2313 ἀλλ’
1457 2259 1509 2312 οἱ
1564 2259 1749 2333 ἱερεῖς,
1803 2257 1909 2313 ἀπὸ

292 2351 382 2400 τῶν
405 2348 667 2424 ῥιρέντων
705 2349 792 2402 ὑπ’
823 2348 986 2403 αὐτοῦ
1019 2348 1289 2424 ἀργυρίων
1340 2345 1391 2401 έν
1441 2352 1520 2419 τῷ
1565 2351 1699 2419 ναῷ.
1755 2346 1908 2402 Ἐπεὶ

287 2432 335 2490 δί
363 2438 546 2509 μισθὸς
582 2441 750 2492 ταῦτα
778 2439 878 2505 τῆς
909 2435 1210 2512 προδοσίας
1271 2433 1471 2505 Ἰούδα,
1519 2434 1704 2508 ἐκείνῳ
1751 2435 1840 2490 καὶ
1871 2437 1905 2505 ἠ

285 2532 451 2595 κτῆσις
484 2525 789 2603 λογίζεται.
823 2525 925 2583 Καὶ
979 2525 1168 2598 πάλιν,
1219 2523 1334 2580 ἐπεί
1391 2525 1467 2587 εἰς
1520 2525 1694 2604 ταφὴν
1747 2529 1909 2580 τοῦτο

281 2615 595 2692 ἀρρώρισται,
679 2615 1038 2692 πεπλήρωται
1098 2617 1134 2685 ἡ
1194 2617 1402 2692 Γραφή.
1455 2614 1554 2684 Τὸ,
1622 2639 1650 2666 ‹‹
1708 2614 1812 2670 Καὶ
1871 2615 1906 2684 ἡ

278 2702 483 2770 ἔπαυλις
535 2709 712 2764 αὐτοῦ
797 2707 1170 2783 ἠρημωμένη.
1203 2733 1230 2761 ››
1291 2708 1350 2762 Τί
1406 2709 1505 2783 γὰρ
1577 2703 1909 2783 ἐρημότερον

275 2796 478 2876 ripam;
512 2799 616 2854 Διὰ
647 2795 704 2854 δὲ
738 2802 836 2854 τοῦ
893 2798 1082 2866 εἲπεῖν,
1151 2798 1368 2873 Πρηνὴς
1429 2793 1720 2872 γενόμενος
1781 2794 1908 2852 έλά-

274 2908 394 2956 κησε
425 2890 619 2961 μέσος,
652 2887 847 2958 ἔδειξεν
891 2888 975 2943 ὅτι
1032 2883 1148 2961 ἅμα
1203 2891 1280 2958 τῷ
1327 2885 1644 2960 προδοῦναι,
1694 2885 1754 2942 ἐκ
1809 2893 1907 2956 τῆς

273 2973 391 3052 ἄγαν
426 2975 733 3051 ὀλιγωρίας
762 2977 852 3032 καὶ
897 2976 1165 3050 ῥᾳθυμίας
1217 2975 1494 3050 ἐχρήσατο
1539 2971 1608 3030 δι’
1657 2977 1909 3053 ἀπογνώ-

271 3085 391 3128 σεως
421 3071 498 3138 τῷ
528 3067 772 3140 τοιούτῳ
811 3065 980 3123 τέλει.
1034 3067 1274 3142 Ἀγχόνῃ
1328 3062 1386 3120 δὲ
1433 3063 1782 3142 ’χρησάμενον
1834 3063 1910 3120 εί-

272 3155 468 3210 πόντων
496 3161 611 3212 τῶν
639 3157 801 3230 ἱερῶν
837 3153 1208 3230 Εὐαγγελίων,
1259 3154 1304 3210 εἰ
1355 3155 1514 3217 οὗτος
1559 3158 1672 3226 νῦν,
1723 3161 1906 3230 πρηνῆ

1948 1857 1995 1923 Β

2041 559 2204 632 ginta
2237 568 2423 625 erant,
2460 567 2516 616 et
2547 563 2852 635 quingenti
2895 579 3044 633 quos
3077 563 3159 617 ait
3201 564 3420 618 Paulus
3471 564 3688 618 vidisse

2042 650 2357 704 Dominum
2389 659 2702 722 postquam
2737 659 3139 707 resurrexerat
3168 651 3234 708 9°.
3265 653 3374 707 Sed
3401 653 3507 707 hos
3533 653 3683 707 veri-

2042 738 2236 794 simile
2270 747 2359 794 est
2389 757 2458 795 ex
2490 741 2582 796 his
2616 742 2796 796 fuisse
2829 742 2928 811 qui
2962 743 3148 814 magis
3179 741 3491 814 approbati
3516 747 3688 796 erant

2042 833 2099 880 et
2128 827 2202 882 ad
2234 825 2482 884 liberius
2513 829 2880 901 loquendum
2911 831 3316 886 ferventiores.

2110 1005 2148 1060 ι.
2187 1007 2268 1061 16.
2307 1031 2332 1058 ‹‹
2371 1009 2489 1064 Viri
2519 1009 2754 1077 fratres,
2806 1009 3069 1080 Oportuit
3117 1009 3481 1081 Scripturam
3532 1009 3688 1065 hanc

2037 1116 2064 1143 «
2100 1095 2358 1166 impleri,
2393 1115 2571 1169 quam
2602 1098 2876 1170 prmdixit
2902 1099 3152 1170 Spiritus
3181 1105 3420 1153 sanctus
3470 1115 3576 1169 per
3623 1117 3687 1155 os

2044 1204 2075 1234 α
2108 1185 2307 1241 David.
2344 1212 2368 1236 ι)

2107 1279 2460 1334 Consolatur
2482 1297 2583 1336 eos
2607 1298 2640 1336 a
2661 1281 2993 1353 prophetia.
3019 1281 3132 1335 Nec
3147 1281 3229 1334 ait
3255 1297 3266 1333 :
3301 1280 3485 1344 Quam
3512 1278 3691 1333 David

2035 1365 2204 1434 dixit,
2237 1368 2340 1423 sed
2371 1370 2624 1440 Spiritus
2657 1377 2896 1425 sanctus
2924 1388 3026 1441 per
3059 1387 3125 1424 os
3157 1369 3356 1424 David.
3406 1369 3693 1432 Quamam

2035 1463 2233 1511 autem
2258 1458 2382 1512 haec
2402 1459 2612 1514 erant?
2633 1460 3013 1530 Quaecunque
3038 1459 3302 1530 psalmus
3327 1457 3692 1513 centesimus

2034 1551 2270 1600 octavus
2302 1548 2608 1602 continet:
2643 1565 2898 1618 quorum
2931 1547 3111 1602 etiam
3135 1553 3269 1618 post
3296 1563 3486 1618 pauca
3517 1546 3695 1600 faciet

2033 1637 2421 1692 mentionem.
2437 1643 2508 1692 Ue
2531 1637 2680 1692 Juda
2702 1645 2900 1692 autem
2924 1637 3475 1708 loquens,modeste
3508 1634 3689 1688 simul

2033 1730 2090 1779 et
2119 1724 2341 1796 absque
2374 1727 2534 1780 omni
2567 1727 2790 1782 invidia
2823 1732 3034 1782 tractat
3063 1741 3423 1781 sermonem.
3485 1725 3684 1793 Neque

2033 1814 2192 1868 enim
2227 1815 2654 1870 exsecrandum
2689 1821 2852 1870 vocat
2879 1821 2980 1870 aut
3010 1820 3352 1877 scelestum,
3396 1812 3498 1868 sed
3532 1812 3685 1867 sim-

2025 1902 2261 1973 pliciter
2291 1905 2450 1974 quod
2480 1906 2699 1960 factum
2733 1911 2823 1960 est
2853 1904 3094 1960 indicat.
3131 1904 3312 1959 Porro
3345 1900 3504 1972 quod
3537 1900 3686 1956 sub-

2012 1991 2312 2062 junxerit:
2349 1995 2452 2048 Hic
2485 1995 2684 2066 itaque
2716 1993 2966 2066 adeptus
2998 1999 3089 2049 est
3133 1993 3426 2065 prmdium
3463 2007 3492 2045 e
3526 2007 3683 2044 mer-

2019 2081 2163 2136 cede
2181 2083 2774 2156 iniquitatis.etquod
2788 2083 3114 2156 prmcipitio
3143 2082 3379 2154 crepuit
3394 2085 3497 2135 aut
3513 2079 3689 2134 diffra

2019 2177 2148 2226 ctus
2162 2173 2446 2244 est:prius
2460 2173 2944 2246 quidem,nempe
2959 2173 3239 2244 adeptum
3258 2187 3387 2226 esse
3402 2168 3686 2242 praedium

2018 2277 2141 2315 non
2161 2261 2234 2316 ad
2257 2262 2467 2318 Iudam
2494 2263 2762 2319 referens
2785 2263 3162 2334 dixit.Neque
3187 2261 3347 2317 enim
3381 2260 3509 2331 ipse
3531 2277 3684 2331 pra:-

2019 2351 2188 2407 dium
2211 2354 2356 2407 emit
2385 2352 2488 2408 sed
2506 2354 2842 2410 sacerdotes
2859 2371 2926 2409 ex
2940 2353 3238 2426 argenteis
3257 2368 3407 2422 quos
3421 2352 3445 2406 J
3456 2350 3599 2405 udas
3624 2351 3685 2404 in

2019 2442 2239 2514 templo
2255 2443 2347 2514 abj
2359 2449 2785 2500 eceratzverum
2805 2445 2946 2516 quia
2958 2444 3044 2498 illi
3060 2449 3231 2498 erant
3245 2459 3472 2497 merces
3486 2441 3687 2513 prodi-

2017 2531 2198 2586 tionis
2217 2533 2708 2605 Judze.possessio
2725 2551 2962 2606 quoque
2975 2538 3286 2605 reputatur
3300 2531 3510 2602 ipsius.
3528 2533 3679 2585 Rur-

2017 2637 2333 2692 sumque,q
2345 2622 2746 2694 uiaprmdium
2760 2624 2822 2678 in
2839 2622 3209 2694 sepulturam
3224 2626 3563 2692 separatum
3587 2621 3680 2673 est

2017 2710 2312 2782 completa
2343 2718 2434 2767 est
2454 2713 2756 2786 Seriptura
2777 2730 2908 2784 qua)
2929 2712 3012 2768 ait
3038 2728 3050 2765 :
3077 2739 3100 2762 κ
3123 2710 3522 2766 Commoratio
3539 2709 3670 2780 ejus

2017 2799 2253 2856 deserta
2283 2807 2374 2856 est
2403 2803 2470 2856 ³¹.
2506 2826 2530 2852 ιο
2565 2803 2715 2869 Quid
2743 2804 2903 2858 enim
2937 2801 3229 2874 sepulcris
3255 2799 3440 2872 magis
3463 2798 3672 2852 deser-

2018 2895 2142 2945 tum
2172 2890 2304 2946 est?
2331 2894 2443 2946 Per
2472 2893 2584 2948 hoc
2623 2899 2820 2948 autem
2853 2892 3012 2963 quod
3044 2891 3146 2955 ait,
3174 2887 3506 2958 Prmcipitio
3530 2902 3668 2942 cre-

2018 2981 2148 3051 puit
2178 2981 2445 3036 medius:
2478 2981 2739 3036 ostendit
2768 2981 2927 3052 quod
2951 2979 3134 3034 simul
3167 2986 3230 3033 ut
3259 2975 3677 3048 prodidit.prm

2018 3069 2205 3125 nimia
2218 3071 2401 3124 animi
2424 3070 2920 3142 pusillanimitate
2941 3072 3000 3123 et
3023 3066 3296 3122 socordia
3317 3065 3417 3120 tali
3440 3064 3556 3118 fine
3573 3079 3683 3134 per

2019 3157 2498 3229 desperationem
2518 3175 2659 3212 usus
2681 3163 2788 3211 est.
2819 3160 3039 3210 Verum
3065 3172 3200 3210 cum
3225 3170 3396 3209 sacra
3420 3153 3684 3224 Evangr-

271 3247 499 3317 γενέσθαι
530 3245 718 3315 αὐτὸν,
749 3247 839 3301 καὶ
890 3247 988 3302 ὅσα
1049 3245 1192 3316 ἑξῆς,
1255 3247 1571 3321 ἀναγράφει,
1630 3243 1785 3300 οὐδὲν
1838 3244 1912 3306 εἷς

2029 3246 2106 3301 lia
2133 3246 2333 3302 dicant
2364 3247 2782 3318 praafocatione
2813 3251 2914 3301 aut
2945 3244 3268 3317 suspendio
3306 3259 3504 3307 usum,
3540 3241 3685 3295 licet

271 3329 582 3412 διαφωνίαν.
680 3335 1023 3414 Ἀμφᾶτιρον
1104 3335 1205 3410 γὰρ
1265 3333 1478 3410 γέγονε,
1538 3333 1917 3412 διαῤῥαγέντος

267 3427 351 3476 τοῦ
378 3422 666 3480 καλωδίου
700 3425 785 3502 ὗρ’
818 3422 881 3478 οὗ
931 3427 964 3494 ἡ
1026 3424 1262 3500 ἀγχόνη,
1323 3425 1411 3479 καὶ
1475 3423 1621 3478 οὓτω
1673 3428 1917 3498 πρηνοῦς

275 3510 356 3565 ἰπὶ
376 3521 473 3586 γῆς
500 3516 928 3590 κατενεχθέντος
960 3516 1048 3570 καὶ
1109 3513 1504 3585 λελακηκότος.
1562 3516 1648 3570 Ἑν
1703 3515 1816 3586 ὅσῳ
1861 3511 1917 3578 δὲ

272 3605 424 3656 ταῦτα
454 3605 594 3675 μετᾶ
661 3604 717 3676 μ’
783 3603 992 3676 ἡμέρας
1050 3605 1174 3680 περί
1233 3604 1398 3659 αὐτοῦ
1457 3601 1800 3678 διεξηγεῖται,
1851 3605 1916 3660 τὸ

270 3695 611 3765 παραχρῆμα
669 3697 769 3761 τῆς
810 3687 1108 3767 προδοσίας
1163 3693 1332 3746 ταῦτα
1385 3688 1631 3766 γενέσθαι
1689 3693 1915 3745 πιστοῦ-

265 3798 364 3833 ται.

331 3980 354 4010 ι
388 3955 733 4035 ΠερίἸούδα
762 3964 857 4014 τοῦ
912 3959 1208 4036 γενομένου
1267 3956 1476 4034 ὁδηγοῦ
1535 3964 1650 4020 τοῖς
1705 3956 1915 4014 συλλα-

266 4070 290 4097 α
337 4041 489 4103 δοῦσι
548 4049 648 4105 τὸν
710 4050 945 4120 Ἰησοῦν,
1003 4049 1087 4104 ὅτι
1145 4050 1631 4124 κατηριθμημένος
1687 4049 1752 4118 ἦν
1815 4047 1907 4103 σὺν

267 4159 287 4186 α
320 4138 473 4208 ἡμῖν,
505 4143 604 4192 καί
637 4136 808 4213 ἔλαχε
833 4138 925 4193 τὸν
958 4135 1170 4213 κλῆρον
1219 4145 1318 4206 τῆς
1368 4135 1640 4200 διακονίας
1682 4137 1907 4209 ταύτης.

270 4248 287 4273 ι
321 4223 487 4287 Οὗτος
543 4228 642 4299 μὲν
701 4225 793 4280 οὗν
854 4224 1116 4298 ἐκτήσατο
1169 4225 1379 4303 χωρίον
1443 4224 1503 4281 ἐκ
1556 4229 1652 4281 τοῦ
1713 4228 1908 4300 μισθοῦ

268 4320 409 4383 «τῆς
449 4314 696 4385 ἀδικίας,
753 4315 842 4370 καὶ
899 4317 1113 4392 πρηνής
1169 4315 1460 4391 γενόμενος
1519 4313 1752 4386 ἐλάκησε
1812 4316 1908 4388 μὲ-

267 4427 291 4452 α
322 4425 428 4470 σος⁹
461 4407 554 4462 καὶ
591 4406 822 4481 ἐξεχύθη
857 4405 1026 4460 πάντα
1080 4407 1147 4461 τὰ
1205 4403 1503 4482 σπλάγχνα
1557 4404 1742 4460 αὐτου.
1803 4404 1906 4461 Καὶ

263 4496 559 4567 «γνωστὸν
615 4494 828 4569 ἐγένετο
884 4501 1012 4549 πᾶσι
1070 4499 1187 4556 τοῖς
1243 4497 1588 4549 κατοικοῦσιν
1634 4493 1906 4566 Ἰερουσα-

2027 3337 2123 3392 hic
2154 3338 2584 3410 prmcipitatum
2643 3336 2827 3392 fuisse
2883 3341 3130 3401 asserat,
3191 3340 3248 3389 et
3305 3348 3679 3404 quacunque

2027 3426 2309 3498 deinceps
2331 3432 2670 3491 narrantur,
2705 3426 2854 3480 nihil
2888 3443 2956 3481 ex
2987 3427 3098 3480 hoc
3122 3422 3509 3478 dissonantia)
3530 3438 3678 3476 con-

2025 3517 2332 3587 sequitur:
2364 3523 2682 3587 utrumque
2715 3517 2875 3572 enim
2933 3516 3150 3570 factum
3204 3519 3314 3570 est.
3367 3512 3680 3566 Confracto

2024 3621 2282 3676 namque
2307 3605 2577 3660 funiculo
2601 3622 2719 3676 quo
2743 3605 3098 3677 prmfocatus
3122 3608 3268 3663 erat.
3296 3603 3379 3656 ita
3409 3599 3684 3672 praecipi-

2024 3697 2103 3752 tio
2127 3698 2187 3752 in
2213 3703 2429 3752 terram
2453 3696 2678 3751 decidit
2698 3712 2765 3750 ac
2787 3694 3290 3766 crepuit.lnterim
3317 3699 3516 3747 autem
3541 3690 3684 3744 dum

2023 3786 2148 3842 haac
2182 3792 2315 3858 post
2347 3784 2741 3857 quadraginta
2772 3784 2897 3840 dies
2930 3783 3001 3838 de
3033 3801 3100 3838 eo
3129 3788 3472 3847 narrantur,
3496 3780 3688 3852 proti-

2020 3893 2134 3930 nus
2169 3875 2295 3931 hmo
2328 3891 2364 3930 a
2391 3875 2730 3946 proditione
2760 3873 2917 3928 facta
2946 3873 3128 3928 fuisse
3161 3871 3498 3927 confirmat.

2091 3966 2184 4020 I‘l
2219 3988 2246 4014 α
2284 3967 2328 4027 Ι.
2364 3967 2541 4020 16-20.
2579 3965 2657 4020 De
2686 3963 2835 4019 Juda
2863 3963 2966 4035 qui
2997 3962 3109 4017 fuit
3150 3962 3268 4018 dux
3321 3959 3555 4015 itineris
3587 3958 3681 4012 his

2020 4075 2048 4108 ι
2079 4055 2178 4126 qui
2206 4053 2795 4126 comprehenderunt
2825 4054 3050 4117 Jesum,
3077 4053 3222 4124 qnia
3242 4056 3681 4107 annumeratus

2021 4166 2042 4195 α
2079 4151 2207 4199 erat
2247 4143 2580 4202 nobiscum.
2616 4147 2674 4196 et
2695 4142 2938 4197 sortitus
2965 4148 3092 4197 erat
3113 4147 3335 4197 sortem
3359 4140 3681 4196 ministerii

2019 4257 2040 4284 ι
2078 4233 2279 4304 hujus,
2321 4231 2627 4302 Siquidem
2658 4231 2756 4285 hic
2811 4232 3060 4302 adeptus
3110 4238 3200 4286 est
3256 4231 3548 4302 prmdium
3607 4228 3681 4282 de

2016 4345 2044 4373 ‹‹
2077 4321 2353 4377 mercede
2384 4319 2741 4392 iniquitatis,
2775 4326 2833 4374 et
2856 4337 3079 4390 pronus
3123 4320 3356 4390 crepuit
3415 4317 3677 4395 medius,

2014 4435 2043 4464 ι(
2081 4417 2139 4466 et
2167 4413 2360 4466 effusa
2389 4416 2528 4466 sunt
2557 4409 2759 4464 omnia
2820 4407 3043 4463 viscera
3087 4408 3239 4479 ejus.
3290 4409 3359 4462 Et
3413 4407 3684 4467 innotuit,

2018 4524 2042 4555 α
2073 4501 2354 4558 omnibus
2379 4500 2788 4558 habitantibus
2818 4499 3167 4566 Jerusalem,
3201 4499 3285 4553 ita
3313 4503 3378 4552 ut
3406 4495 3680 4568 appella-

263 4608 286 4633 α
319 4584 459 4657 λήμ,
519 4587 664 4640 ὥστε
719 4592 994 4655 κληθῆναι
1050 4586 1112 4640 τὸ
1162 4586 1372 4662 χωρίον
1434 4585 1602 4640 ἐκεῖνο
1671 4589 1740 4658 τῇ
1794 4582 1909 4656 ἱδίᾳ

2029 4615 2049 4642 ι‹
2084 4599 2248 4647 retur
2277 4591 2566 4664 praadium
2602 4591 2752 4646 illud
2784 4590 3020 4663 proprio
3069 4588 3310 4642 illorum
3361 4585 3674 4651 idiomate,

266 4671 592 4748 «διαλέκτῳ
654 4675 856 4745 αὐτῶν,
917 4673 1259 4749 Ἀκελγαμᾶ.
1345 4674 1614 4740 τουτέστι,
1699 4673 1912 4749 Χωρίον

267 4783 287 4806 κ
314 4761 567 4836 αἵματος,
608 4765 910 4838 Γέγραπται
941 4765 1043 4838 γὰρ
1075 4761 1126 4818 ἐν
1176 4759 1360 4838 βίϐλῳ
1411 4763 1682 4836 Ψαλμῶν.
1745 4771 1911 4834 Γενη-

269 4876 292 4901 α
324 4855 470 4922 θήσω
500 4858 536 4924 ἡ
568 4853 798 4916 ἔπαυλις
828 4855 1000 4909 αὐτοῦ
1031 4848 1265 4930 ἔρημος.
1299 4855 1387 4909 καὶ
1425 4856 1500 4928 μή
1556 4852 1693 4910 ἔστω
1725 4857 1753 4911 ὁ
1783 4877 1911 4911 κατ-

271 4965 291 4986 ι
324 4949 483 4998 οικῶν
534 4944 590 4998 ἐν
641 4943 802 5017 αὐτῇ,
863 4943 952 4998 καὶ
1011 4943 1110 5012 τήν
1171 4942 1470 5014 ἐπισκοπὴν
1525 4945 1690 4999 αὐτοῦ
1747 4939 1909 5000 λάϐοι

273 5054 294 5079 α
323 5051 500 5104 erepo;
560 5057 592 5085 »

330 5120 387 5177 Ὀ
417 5120 632 5185 Ἰούδας
680 5121 780 5177 οὐκ
837 5121 1126 5178 έναπέθανε
1177 5127 1248 5197 τῇ
1306 5123 1543 5202 ἀγχόνῃ,
1605 5121 1732 5180 ἀλλ’
1785 5124 1910 5179 έπε-

277 5198 768 5286 6ίω,κατενεχθεὲς
822 5212 929 5285 πρὸ
984 5213 1081 5266 τοῦ
1139 5211 1523 5289 ἀποπνιγῆναι.
1587 5214 1688 5271 Καὶ
1744 5217 1908 5269 τοῦτο

275 5290 518 5364 δηλοῦσιν
583 5300 640 5354 αἱ
690 5305 798 5355 τῶν
857 5299 1180 5356 ἀποστόλων
1242 5304 1489 5375 Πράξιις,
1550 5300 1633 5356 ὅτι
1689 5303 1904 5378 πρηνὴς

273 5387 550 5459 γενόμενος
615 5387 850 5460 ἐλάκησε
935 5393 1118 5464 μέσος.
1192 5395 1366 5447 Τοῦτο
1450 5387 1508 5446 δὶ
1586 5391 1906 5472 σαφέστερον

2025 4703 2052 4732 «
2088 4682 2469 4747 Hacaldema,
2500 4683 2613 4737 hoc
2643 4687 2754 4746 est,
2788 4684 2939 4753 Ager
2995 4676 3322 4752 sanguinis.
3377 4676 3675 4748 Scriptum

2023 4794 2050 4819 ι(
2085 4777 2176 4827 est
2205 4773 2366 4828 enim
2400 4771 2460 4826 in
2491 4771 2642 4826 libro
2675 4770 3044 4825 Psalmorum
3077 4785 3089 4822 :
3123 4768 3249 4823 Fiat
3279 4766 3668 4823 commoratio

2021 4861 2206 4932 «ejus
2235 4861 2490 4928 deserta,
2526 4867 2584 4916 et
2633 4877 2752 4914 non
2809 4858 2886 4914 sit
2932 4858 3034 4929 qui
3080 4857 3303 4914 habitet
3355 4859 3415 4914 in
3467 4873 3556 4926 ea,
3612 4861 3672 4910 et

2026 4971 2048 4998 ι
2083 4951 2490 5023 episcopatum
2523 4951 2652 5022 ejus
2683 4949 2936 5020 accipiat
2963 4948 3115 5005 alter
3144 4949 3208 5003 τ’,
3243 4968 3275 5001 ››

2053 5129 2078 5182 .1
2088 5127 2230 5184 udas
2245 5127 2565 5199 suspendio
2580 5144 2610 5181 e
2625 5127 2872 5184 vitanon
2888 5127 3293 5196 discessit,sed
3311 5125 3661 5197 supervixit:

2018 5215 2286 5287 dejectus
2300 5223 2387 5271 est
2402 5217 2560 5272 enim
2580 5218 2924 5290 priusquam
2941 5220 3360 5290 praefocaretur
3376 5237 3389 5273 :
3404 5213 3584 5286 idque
3603 5228 3668 5266 a-

2015 5305 2972 5379 postolorumActaindicantquod
2989 5302 3678 5377 prouuscrepuitrnedius

2018 5395 2135 5451 Hoc
2156 5402 2356 5452 autem
2381 5397 2619 5468 planius
2641 5397 2880 5469 scripsit
2912 5396 3121 5467 Papias
3149 5395 3390 5452 Joannis
3413 5395 3668 5466 apostoli

339 5627 383 5664 ’°
411 5630 434 5688 ι
465 5631 605 5688 Cor.
637 5648 726 5704 xv,
759 5635 791 5688 6
822 5649 992 5706 seqq.
1068 5633 1112 5672 ’ί
1145 5634 1300 5691 Psal.
1334 5650 1524 5708 uvm,
1557 5637 1624 5691 26
1649 5651 1664 5706 ;
1696 5636 1823 5694 Act.
1855 5652 1896 5708 ι,
1928 5639 2017 5694 20.
2097 5637 2145 5675 ²²
2178 5638 2332 5696 Psal.
2367 5657 2514 5709 cvm,
2544 5641 2597 5697 8.
