4136 6200
392 372 466 431 59
1473 362 1906 429 (ECUMENII
1949 363 2035 422 ΤΕ

2150 359 2261 420 31E
2303 357 2660 420 EPISCOPI
3724 357 3806 421 60

396 505 746 576 discipulus,
778 505 1020 558 dicens:
1055 501 1141 556 Ad
1173 517 1454 574 magnum
1487 499 1811 572 impietatis
1843 515 2033 553 exem-

2150 492 2354 568 ἱστορεῖ
2385 491 2600 556 Παπίας
2627 493 2654 546 6
2689 493 2940 550 Ἰωάννου
2995 496 3092 548 τοῦ
3149 490 3465 546 ἀποστόλου
3525 493 3800 565 μαθητὴς,

395 593 560 664 plum
595 595 652 648 in
686 595 796 648 hoc
827 591 1049 648 mundo
1081 591 1410 664 permansit
1438 591 1638 646 Iudas.
1691 591 1757 643 In
1811 593 2038 643 tantum

396 685 552 737 enim
578 701 818 754 corpore
845 683 1084 738 inflatus
1107 689 1172 736 ut
1195 681 1466 756 progredi
1499 697 1616 736 non
1649 683 1868 752 posset,
1903 693 2038 732 cum

395 789 602 826 currus
635 773 742 826 levi
775 789 950 827 cursu
983 772 1390 843 pertransiret,
1425 787 1602 825 curru
1661 782 2038 838 compressus

389 867 498 922 est,
531 862 613 916 ita
645 867 708 915 ut
735 861 1128 916 funderentur
1158 862 1286 932 ejus
1319 860 1620 916 intestina.
1682 858 1811 914 Alio
1855 855 2034 909 modo.

389 951 644 1020 Corpore
677 951 836 1004 enim
869 950 1014 1004 adeo
1049 950 1292 1005 inflatus
1323 956 1430 1016 est,
1479 954 1545 1002 ut
1599 963 1790 1017 neque
1839 949 2039 1016 posset

390 1039 662 1110 progredi
697 1057 814 1110 qua
844 1057 1052 1094 currus
1083 1039 1194 1092 levi
1227 1055 1403 1094 cursu
1461 1035 1882 1108 pertransibat,
1917 1034 2035 1087 imo

389 1144 462 1182 ne
496 1127 688 1183 solum
721 1129 961 1199 quidem
991 1129 1202 1200 capitis
1235 1135 1449 1182 tumor.
1487 1125 1788 1198 Siquidem
1823 1130 1880 1178 et
1899 1121 2035 1195 pal-

387 1217 602 1288 pebras
633 1219 940 1273 oculorum
975 1219 1104 1288 ejus
1135 1217 1281 1272 adeo
1317 1218 1670 1272 intumuisse
1723 1215 1939 1280 ferunt,
1971 1215 2038 1266 ut

387 1305 592 1362 lumen
623 1310 866 1362 omnino
897 1307 1094 1362 videre
1126 1324 1244 1362 non
1277 1311 1496 1378 posset.
1530 1305 1684 1360 oculi
1717 1319 1850 1358 vero
1875 1301 2038 1356 illius

385 1411 581 1468 neque
633 1393 916 1470 διόπτρας,
969 1413 1184 1468 nempe
1235 1395 1617 1450 instrumenti
1671 1393 2036 1449 medicorum

387 1487 751 1541 adminiculo
775 1503 1059 1556 apparere
1083 1491 1526 1556 possent,tanta
1541 1482 1816 1556 profundi
1829 1487 1942 1536 tate
1963 1480 2035 1536 ab

388 1576 662 1630 exteriori
683 1581 924 1647 aspectu
947 1580 1118 1630 erant
1137 1573 1423 1644 separati:
1451 1573 1706 1646 genitale
1725 1589 1858 1628 vero
1873 1571 2036 1625 illius

389 1665 725 1720 membrum
750 1680 986 1718 omnem
1011 1663 1334 1718 excedebat
1357 1663 1804 1718 obscaenitatem
1830 1677 1896 1715 ac
1919 1675 2034 1714 ma-

387 1755 780 1827 gnitudinem.
815 1759 992 1808 Porro
1021 1753 1219 1807 sanies
1251 1769 1317 1806 ac
1349 1768 1578 1806 vermes
1602 1749 2030 1806 contumeliose

387 1843 756 1898 conﬂuentes
781 1860 848 1897 ex
871 1847 992 1896 toto
1025 1842 1212 1912 ipsius
1235 1857 1478 1911 corpore
1499 1839 1843 1894 ferebantur
1864 1853 2028 1910 egre-
2063 1866 2118 1932 B

387 1933 639 1996 dientes,
675 1948 780 2002 per
813 1931 940 1985 sola
969 1931 1098 1985 loca
1130 1931 1468 1985 secretoria.
1505 1931 1644 1984 Post
1673 1929 1862 1983 multa
1901 1943 2033 1982 vero

387 2027 686 2076 tormenta
713 2027 770 2074 et
791 2021 1072 2085 ultiones,
1095 2037 1276 2090 quum
1303 2019 1360 2073 in
1381 2035 1486 2074 suo
1509 2017 1828 2089 prmdio,ut
1846 2018 2037 2081 aiunt,

389 2119 660 2167 mortuus
693 2119 869 2176 esset,
903 2112 1213 2184 prmfetore
1245 2111 1535 2184 prazdium
1569 2111 1712 2164 illud
1739 2110 2038 2165 desertum

389 2202 739 2273 permansit.
765 2207 822 2256 et
853 2219 972 2256 non
1005 2201 1336 2256 habitatum
1369 2216 1556 2271 usque
1589 2201 1650 2254 in
1681 2199 2040 2254 hodiernum

397 2292 574 2346 diem.
611 2292 720 2346 Sed
741 2307 935 2362 neque
961 2291 1033 2346 ad
1059 2291 1166 2346 hoc
1189 2307 1376 2362 usque
1397 2297 1628 2362 tempus
1649 2289 1845 2344 locum
1869 2289 2040 2344 illum

397 2381 713 2451 quisquam
741 2381 1046 2452 praeterire
1092 2385 1305 2451 potest,
1356 2380 1472 2434 nisi
1523 2379 1810 2434 obturatis
1859 2395 2040 2433 manu

395 2469 661 2524 naribus.
708 2471 973 2542 Suggerit
1030 2477 1228 2526 autem
1291 2470 1474 2524 Lucas
1527 2469 1638 2524 hoc
1695 2469 1824 2524 loco
1877 2465 2038 2522 Judze

396 2560 756 2630 supplicium
801 2559 962 2631 quod
1021 2561 1221 2614 statim
1283 2559 1664 2614 subsecutum
1725 2565 1831 2613 est.
1895 2559 2040 2613 Nam

389 2650 852 2706 imbecilliorum
883 2652 1097 2706 animm
1129 2649 1522 2722 pra'sentibus
1561 2650 1907 2705 refenantur
1935 2666 2037 2722 po-

391 2741 717 2796 tissimum.
755 2743 932 2796 Auxit
961 2749 1158 2798 autem
1183 2747 1514 2813 peccatum,
1537 2743 1635 2798 I2
1664 2759 1876 2796 vocans
1905 2757 2040 2795 eum

393 2831 797 2902 proditorem:
860 2831 1216 2903 supplicmm
1287 2849 1444 2898 vero,
1504 2848 1638 2886 cum
1697 2831 1809 2886 hoc
1861 2831 2040 2885 etiam

393 2919 560 2974 illum
589 2937 830 2990 passum
855 2939 984 2976 esse
999 2925 1444 2976 commemorat.
1469 2920 1824 2975 Hacaldema
1842 2925 2036 2974 autem

391 3010 614 3066 dictum
647 3027 777 3066 esse
809 3010 1119 3082 praedium,
1154 3027 1273 3064 non
1327 3027 1361 3064 a
1407 3010 1574 3076 Juda,
1630 3009 1730 3065 sed
1762 3027 1797 3065 a
1823 3010 2040 3065 Judreis

387 3099 668 3153 intendit.
730 3103 870 3154 Nam
931 3101 1058 3155 ait:
1119 3097 1364 3170 Proprio
1423 3099 1660 3153 illorum
1735 3098 2035 3167 idiomate,

387 3203 604 3257 nempe
635 3188 852 3242 Judaeis
883 3187 1263 3260 iniquitatem
1298 3188 1736 3243 attestantibus.

459 3275 504 3340 Ι,
537 3279 724 3328 21-25.
764 3298 788 3327 ιι
824 3278 1066 3347 Oportet
1093 3277 1273 3348 igitur
1303 3285 1364 3332 ut
1393 3295 1462 3332 ex
1493 3277 1585 3333 his
1615 3279 1756 3332 viris
1797 3278 1896 3350 qui
1929 3293 2036 3333 no-

390 3385 418 3412 τι
438 3362 670 3417 hiscum
703 3365 914 3418 versati
943 3371 1082 3418 sunt
1103 3365 1262 3418 omni
1289 3371 1697 3437 tempore,quo
1721 3367 1960 3422 intravit
1980 3371 2040 3421 et

387 3473 418 3501 ‹‹
443 3451 621 3506 exivit
651 3452 808 3506 inter
835 3469 944 3506 nos
977 3451 1264 3507 Dominus
1293 3453 1480 3516 Jesus,
1512 3471 1754 3508 exorsus
1783 3471 1817 3509 a
1847 3455 2038 3525 bapti-

387 3563 418 3590 ιι
449 3547 637 3595 smate
657 3541 1115 3612 Joannis,usque
1138 3541 1210 3595 ad
1226 3557 1360 3595 eum
1385 3541 1543 3596 diem
1558 3557 1673 3612 quo
1697 3547 2038 3612 assumptus

389 3652 419 3680 ι(
453 3637 542 3684 est
572 3649 606 3685 a
635 3629 827 3696 nobis,
879 3647 1034 3686 unus
1084 3631 1380 3702 quispiam
1429 3630 1824 3684 constituatur
1871 3630 2038 3686 testis

385 3743 416 3772 ιι
451 3721 909 3775 resurrectionis
968 3719 1096 3792 ejus
1153 3719 1486 3774 nobiscum.
1549 3721 1618 3774 Et
1702 3725 2040 3775 statuerunt

387 3831 418 3861 ιι
453 3809 620 3870 duos.
653 3810 867 3882 Joseph
900 3810 1000 3880 qui
1032 3815 1274 3864 vocatur
1303 3809 1609 3872 Barsabas,
1671 3809 1772 3881 qui
1823 3825 2035 3881 cogno-

389 3922 412 3954 ο
431 3901 695 3956 minatus
709 3903 1094 3964 estJustus.et
1107 3899 1470 3956 Mathiam:et
1485 3904 1722 3956 orantes
1737 3899 2034 3956 dixerunt:

386 4011 414 4041 ιι
451 3993 554 4057 Tu,
589 3992 856 4048 Domine.
891 3991 990 4062 qui
1022 3990 1198 4044 corda
1235 3990 1392 4044 nosti
1451 3991 1739 4058 omnium,
1791 3990 2036 4045 ostende

387 4102 416 4130 ι‹
440 4086 642 4134 utrum
674 4096 742 4134 ex
763 4079 856 4134 his
876 4078 1106 4134 duobus
1139 4079 1410 4150 elegeris,
1443 4085 1508 4134 ut
1537 4079 1788 4152 accipiat
1817 4085 2036 4134 sortem

389 4193 417 4220 ιι
444 4169 762 4224 ministerii
781 4167 960 4239 hujus
983 4169 1531 4240 apostolatus,unde
1555 4169 2036 4242 praevaricatione

389 4281 416 4310 ‹‹
455 4259 673 4315 excidit
700 4257 902 4330 Judas,
935 4260 1320 4332 progrediens
1343 4259 1402 4315 in
1431 4261 1626 4316 locum
1661 4277 1854 4316 suum.
1891 4283 1918 4310 ν)

459 4355 600 4407 Rem
625 4351 744 4407 illis
766 4352 1170 4406 communicat
1194 4369 1268 4406 ne
1285 4351 1346 4406 in
1369 4368 1626 4424 pugnam
1651 4349 1878 4416 evadat,
1895 4353 1953 4405 et
1973 4350 2034 4404 in

386 4443 831 4498 contentionem
846 4439 2034 4512 incidant.Proptereaquoqueincipiens:

387 4531 504 4584 Viri
536 4532 748 4588 fratres
782 4531 1043 4604 (inquit),
1077 4535 1312 4600 oportet
1353 4529 1487 4600 eligi
1521 4547 1554 4584 a
1583 4529 1770 4597 vobis,
1829 4528 2034 4584 multi-

2149 577 2348 654 λέγων·
2385 576 2538 655 Μέγα
2563 577 2808 644 ἀσεϐείας
2839 579 3144 658 ὑπόδειγμα
3177 579 3227 636 ἐν
3253 581 3432 654 τούτῳ
3478 585 3557 654 τῷ
3605 581 3802 656 κόσμῳ

2147 671 2544 742 περιεπάτησεν
2604 668 2831 732 Ἰούδας.
2893 670 3166 745 Πρησθεῖς
3219 671 3321 747 γὰρ
3395 670 3482 725 ἐπὶ
3537 674 3798 726 τοσοῦτον

2146 758 2246 825 τήν
2277 757 2470 832 σάρκα,
2503 756 2642 814 ὥστε
2685 760 2762 833 μὴ
2816 756 3070 814 δύνασθαι
3131 757 3388 828 διελθεῖν,
3433 759 3650 832 ἀμάξης
3707 759 3800 836 ῥᾳ-

2147 844 2279 908 δίως
2310 844 2698 922 διερχομένης,
2733 849 2837 903 ὑπὸ
2865 856 2964 917 τῆς
2995 849 3210 922 ἁμάξης
3254 847 3501 918 ἐπιὲοθη,
3557 850 3698 904 ὥστε
3728 849 3796 904 τά

2145 929 2341 1009 ἔγκατα
2399 937 2564 992 αὐτοῦ
2621 937 3007 1008 ἐκκενωθῆναι.
3082 971 3152 980 —-
3207 937 3449 1000 Ἄλλως·
3507 939 3792 1009 Ἐπρήσθη

2145 1024 2246 1100 γάρ
2301 1025 2390 1079 ἐπὶ
2445 1029 2702 1081 τοσοῦτον
2759 1027 2857 1095 τὴν
2913 1025 3104 1102 σάρκα,
3163 1025 3302 1081 ὣστε
3389 1023 3530 1099 μηδὲ
3597 1027 3796 1090 ὁπόθεν

2147 1116 2322 1187 ἅμαξα
2355 1113 2556 1192 ῥᾳδίως
2601 1115 2898 1193 διέρχεται,
2957 1115 3159 1172 ἐκεῖνον
3219 1115 3472 1180 δύνασθαι
3536 1115 3796 1188 διελθεῖν,

2144 1203 2291 1261 ἀλλά
2323 1203 2464 1278 μηδὲ
2495 1205 2654 1262 αὐτὸν
2689 1207 2854 1279 μόνον
2885 1207 2979 1261 τὸν
3027 1213 3126 1276 τῆς
3185 1205 3430 1280 κεφαλῆς
3487 1203 3671 1282 ὄγκον.
3715 1207 3798 1264 Τὰ

2151 1295 2248 1367 μὲν
2279 1295 2382 1370 γὰρ
2413 1294 2662 1372 βλὲφαρα
2688 1301 2796 1351 τῶν
2843 1293 3144 1373 ὀφθαλμῶν
3195 1295 3360 1350 αὐτοῦ
3418 1315 3545 1374 φασι
3598 1299 3792 1351 τοσοῦ-

2143 1404 2238 1438 τον
2269 1381 2566 1456 ἐξοιδῆσαι,
2599 1385 2672 1446 ὡς
2705 1385 2866 1440 αὐτὸν
2899 1385 2994 1458 μὲν
3027 1381 3264 1449 καθόλου
3291 1385 3355 1440 τὸ
3386 1389 3504 1463 φῶς
3533 1386 3610 1458 μή
3673 1383 3802 1462 βλέ-

2145 1502 2283 1537 πειν.
2319 1480 2460 1544 Τοὺς
2487 1481 2810 1556 ὀφθαλμοὺς
2839 1479 2896 1537 δὲ
2953 1482 3116 1538 αὐτοῦ
3181 1479 3321 1556 μηδὲ
3381 1483 3483 1538 ὑπὸ
3543 1483 3798 1559 ἱατρικῆς

2147 1567 2406 1645 διόπτρας
2465 1571 2694 1651 ὀφθῆναι
2753 1569 3029 1643 δύνασθαι,
3081 1579 3337 1628 τοσοῦτον
3397 1574 3564 1648 βάθος
3635 1574 3792 1649 εἶχον

2147 1660 2251 1714 ἀπὸ
2275 1667 2376 1730 τῆς
2403 1657 2593 1733 ἔξωθεν
2625 1661 2960 1742 ἐπιφανείαςο
2993 1663 3054 1718 τὸ
3107 1660 3164 1718 δὲ
3215 1659 3420 1719 αίδοῖον
3473 1664 3641 1719 αὐτοῦ
3689 1663 3793 1718 πά-

2148 1770 2247 1817 σης
2280 1751 2374 1821 μὶν
2406 1749 2673 1825 αἰσχύνης
2725 1749 3048 1827 ἀηδέστερον
3098 1751 3187 1807 καὶ
3251 1757 3436 1826 μεῖζον
3491 1751 3792 1828 φαίνεσθαι,

2149 1837 2414 1908 Φέρεσθαι
2471 1835 2530 1894 δὲ
2587 1839 2773 1910 αὐτοῦ,
2830 1842 2959 1905 τοὺς
3013 1841 3072 1896 ἐκ
3129 1843 3326 1903 παντὸς
3381 1846 3478 1897 τοῦ
3541 1843 3796 1914 σώματος

2149 1927 2708 2004 συρῥὲονταςῖχῶράς
2759 1951 2818 1985 τε
2873 1931 2962 1985 καὶ
3022 1930 3317 2000 σκώληκας
3376 1931 3451 1994 εἷς
3512 1926 3669 2004 ὕϐριν
3729 1928 3802 1986 δι’

2149 2017 2327 2073 αύτῶν
2364 2020 2529 2094 μόνον
2558 2025 2666 2074 τῶν
2695 2019 3030 2098 ἀναγκαίων.
3065 2023 3210 2078 Μετά
3258 2020 3315 2078 δὲ
3363 2020 3578 2084 πολλὰς
3629 2021 3802 2098 βασά-

2148 2127 2271 2168 νους
2294 2107 2384 2161 καὶ
2415 2107 2708 2180 τιμωρίας,
2739 2107 2790 2162 ἐν
2835 2106 2959 2174 ἰδίῳ
3017 2110 3145 2186 φασὶ
3194 2110 3389 2185 χωρίῳ
3441 2109 3804 2180 τελευτήσαν-

2147 2219 2265 2268 τος,
2297 2198 2402 2254 ἀπὸ
2432 2205 2531 2268 τῆς
2564 2199 2742 2274 ὀσμῆς
2775 2195 2979 2275 ἔρημόν
3030 2223 3086 2257 τε
3141 2203 3231 2257 καὶ
3279 2202 3538 2273 ἀοίκητον
3587 2202 3650 2258 τὸ
3677 2221 3802 2277 χω-

2153 2286 2268 2364 ρίον
2303 2285 2469 2362 μέχρι
2506 2295 2606 2357 τῆς
2635 2293 2726 2342 νῦν
2757 2289 3017 2363 γενέσθαι.
3069 2287 3230 2346 Ἀλλ’
3294 2289 3418 2346 οὐδὲ
3477 2289 3646 2366 μέχρι
3696 2297 3799 2360 τῆς

2151 2376 2392 2450 σήμερον
2423 2373 2677 2430 δύνασθαί
2705 2397 2826 2431 τινα
2857 2375 3054 2432 ἐκεῖνον
3113 2379 3206 2434 τὸν
3263 2379 3430 2436 τόπον
3485 2381 3799 2460 παρελθεῖν,

2151 2463 2238 2518 ἐὰν
2283 2466 2361 2537 μή
2391 2464 2486 2526 τὰς
2520 2465 2670 2541 ῥῖνας
2696 2471 2817 2529 ταῖς
2877 2467 3064 2542 χερσὶν
3111 2467 3399 2547 ἐπιφράξῃ.
3451 2473 3800 2546 Μνημονεύει

2153 2551 2209 2607 δὲ
2239 2555 2267 2608 6
2300 2559 2512 2615 Λουκᾶς
2544 2553 2766 2619 ἐνταῦθα
2791 2561 2887 2610 τοῦ
2915 2558 3120 2622 πάθους
3148 2562 3246 2612 τοῦ
3289 2557 3466 2616 Ἰούδα
3517 2567 3613 2618 τοῦ
3661 2585 3802 2640 παρ-

2152 2642 2361 2698 αυτίκα.
2413 2647 2530 2702 Τῶν
2585 2645 2684 2720 γὰρ
2744 2645 3130 2722 ἀσθενεστέρων
3187 2649 3241 2702 αἱ
3299 2652 3471 2725 ψυχαὶ
3531 2659 3647 2717 τοῖς
3703 2678 3804 2712 πα-

2153 2736 2303 2808 ροῦσι
2372 2731 2609 2806 μάλιστα
2668 2735 3110 2812 σωφρονίζονται.
3197 2735 3408 2810 Ηῦξησε
3465 2738 3522 2796 δὲ
3579 2743 3641 2798 οὗ
3695 2747 3797 2816 τήν

2152 2821 2441 2897 ἁμαρτίαν,
2501 2821 2777 2898 προδότην
2833 2823 2992 2882 αὐτὸν
3047 2827 3410 2898 ἀποκαλέσας,
3485 2829 3634 2888 ἀλλά
3696 2836 3798 2904 τήν

2149 2910 2438 2985 τιμωρίαν,
2473 2909 2558 2966 ὅτι
2597 2909 2722 2968 τόδε
2779 2913 2870 2968 καὶ
2921 2911 3047 2970 τόδε
3093 2911 3255 2971 ἔπαθε
3309 2915 3540 2988 διεξιών.
3601 2922 3801 2979 Ἀκελ-

2153 2997 2299 3072 δαμά
2329 2996 2386 3053 δὲ
2416 2999 2478 3054 τὸ
2510 3001 2718 3075 χωρίον
2749 3000 2856 3077 οὐχ
2888 3001 2991 3056 ὑπὸ
3020 3007 3116 3058 τοῦ
3149 3001 3346 3073 Ἰούδα,
3381 3005 3508 3062 ἀλλ’
3557 3009 3660 3064 ὑπὸ
3691 3014 3800 3066 τῶν

2153 3088 2428 3146 Ἰουδαίων
2457 3088 2774 3160 κεκλῆσθαι.
2802 3092 2948 3163 Φησὶ
3005 3094 3129 3170 γάρ·
3191 3097 3274 3168 Τῇ
3333 3093 3446 3168 ἰδίᾳ
3502 3094 3794 3174 διαλέκτῳ,

2157 3180 2574 3255 μαρτυρούντων
2607 3179 2887 3238 Ἰουδαίων
2923 3182 2984 3238 τὸ
3007 3184 3402 3259 παρανόμημα.

2223 3293 2250 3321 ιι
2286 3276 2377 3324 Δεῖ
2407 3267 2497 3325 οὖν
2529 3268 2892 3335 συνελθὸντων
2923 3274 3058 3344 ἡμῖν
3106 3271 3310 3350 ἀνδρῶν
3363 3275 3414 3330 ἐν
3455 3277 3614 3332 παντὲ
3659 3279 3802 3358 χρό-

2149 3383 2176 3410 ‹‹
2205 3381 2301 3432 νῳ,
2335 3358 2386 3414 ἐν
2417 3357 2462 3432 ᾧ
2493 3359 2741 3430 εἰσῆλθεν
2791 3363 2878 3416 καὶ
2941 3359 3164 3432 ἐξῆλθεν
3197 3362 3277 3440 ἐφ’
3343 3366 3493 3438 ἡμᾶς
3523 3368 3551 3422 6
3601 3357 3802 3442 Κύριος

2149 3471 2178 3500 «
2213 3451 2447 3519 Ἰησοῦς,
2497 3451 2796 3524 ἀρξάμενος
2855 3452 2961 3507 ἀπὸ
3017 3458 3114 3508 τοῦ
3171 3455 3552 3530 βαπτίσματος
3613 3459 3804 3516 Ἰωάν-

2151 3559 2179 3589 ιι
2205 3558 2322 3604 νου,
2354 3535 2460 3598 ἓως
2487 3545 2588 3606 τῆς
2621 3541 2852 3613 ἡμέρας,
2885 3540 2955 3608 ἧς
2981 3538 3261 3616 ἀνελήφθη
3295 3541 3389 3622 ἀφ’
3445 3547 3625 3618 ἡμῶν,
3662 3547 3806 3620 μάρ-

2148 3648 2176 3675 ιι
2203 3645 2338 3699 τυρα
2367 3633 2468 3691 τῆς
2499 3627 2838 3690 ἀναστάσεως
2879 3628 3045 3684 αὐτοῦ
3091 3630 3334 3706 γενέσθαι
3381 3631 3476 3688 σὺν
3531 3636 3658 3708 ὑμῖν
3705 3635 3796 3691 ἕνα

2149 3737 2176 3766 ιι
2202 3713 2432 3770 τούτων.
2466 3715 2568 3770 Καὶ
2611 3713 2837 3787 ἔστησαν
2896 3716 3016 3787 δύο,
3075 3721 3303 3800 ³1ωσῆφ,
3362 3721 3454 3776 τὸν
3513 3721 3791 3797 καλουμε-

2153 3826 2176 3859 ι
2210 3825 2300 3858 νον
2333 3800 2642 3880 Βαρσαϐἆν,
2678 3805 2736 3868 ὅς
2769 3803 3048 3879 ἐπεκλήθη
3083 3810 3340 3879 Ἰοῦστος,
3371 3811 3458 3865 καὶ
3519 3813 3786 3872 Ματθίαν.

2149 3919 2176 3946 ιι
2211 3894 2309 3948 Καὶ
2340 3895 2766 3970 προσευξάμενοι
2819 3897 2994 3952 εἷπον·
3057 3899 3155 3968 Σὺ,
3217 3903 3402 3975 Κύριε,
3449 3899 3790 3981 καρδιογνώ-

2151 4007 2175 4038 «
2208 4005 2308 4040 στα
2339 3985 2576 4054 πάντων,
2607 3982 2884 4056 ἀνάδειξον
2937 3985 2995 4042 ὅν
3047 3987 3268 4059 ἐξελέξω
3317 3990 3376 4046 ἐκ
3421 3992 3628 4048 τούτων
3683 4000 3792 4050 τῶν

2153 4096 2175 4125 ι
2210 4071 2333 4144 δύο,
2363 4073 2456 4129 ἓνα
2487 4070 2676 4130 λαϐεῖν
2721 4075 2813 4131 τὸν
2859 4075 3066 4151 κλῆρον
3115 4085 3216 4149 τῆς
3265 4077 3543 4146 διακονίας
3589 4085 3796 4155 ταύτης

2151 4187 2173 4215 ι
2207 4161 2298 4218 καί
2327 4163 2662 4234 ἀποστολῆς,
2693 4164 2744 4236 ἐξ
2803 4167 2872 4236 ἧς
2923 4163 3136 4244 παρέϐη
3197 4167 3401 4232 Ἰούδας
3459 4175 3790 4249 πορευθῆναι

2147 4277 2175 4305 ιι
2201 4252 2276 4316 εἷς
2301 4253 2393 4308 τὸν
2420 4255 2589 4310 τόπον
2615 4255 2706 4310 τὸν
2740 4253 2902 4314 ἴδιον.
2936 4281 2963 4310 »

2218 4343 2628 4400 Ἀνακοινοῦται
2657 4345 2869 4416 αὐτοῖς,
2910 4343 3000 4402 ’ίνα
3033 4349 3108 4420 μή
3157 4349 3220 4404 τὸ
3279 4355 3508 4426 πρᾶγμα
3565 4355 3796 4429 περιμά-

2145 4451 2326 4509 χητον
2355 4431 2603 4510 γένηται,
2651 4433 2742 4491 καὶ
2804 4435 2883 4499 εἲς
2939 4436 3276 4514 φιλονεικίαν
3337 4441 3633 4514 ἐμπέσωσι.
3697 4444 3796 4499 Διά

2145 4527 2307 4580 τοῦτο
2360 4525 2449 4579 καὶ
2503 4524 2839 4600 ἀρχόμενος,
2895 4525 3085 4602 ἀνδρες
3171 4527 3419 4607 ἀδελφοὶ,
3493 4535 3647 4610 φησί,
3713 4531 3798 4589 δεῖ

386 4619 580 4674 tudini
606 4621 902 4692 judicium
935 4619 1308 4692 permittens,
1342 4617 1636 4688 simulque
1669 4625 1727 4671 et
1784 4633 1884 4672 eos
1935 4617 2035 4688 qui

2150 4613 2458 4685 ἐκλέξασθαι
2491 4614 2539 4685 ἐξ
2594 4617 2770 4690 ὑμῶν,
2821 4617 2901 4690 τῷ
2951 4615 3153 4689 πλήθει
3203 4605 3532 4696 τήν-κρίσιν
3586 4623 3795 4700 ἆπιτρὲ-

387 4707 675 4778 eligerent
705 4707 1074 4763 venerandos
1105 4706 1378 4772 reddens,
1423 4711 1482 4760 et
1520 4706 1782 4778 seipsum
1813 4707 2034 4762 invidia

383 4795 647 4852 liberans
671 4815 808 4870 erga
839 4799 975 4852 illos
1007 4814 1020 4852 :
1051 4803 1176 4852 tum
1209 4797 1348 4868 quia
1379 4797 1506 4852 fieri
1539 4797 1870 4868 Oportebat.
1905 4803 2032 4852 tum

384 4885 544 4960 quod
575 4889 920 4958 prophetam
959 4887 1202 4942 inducat
1233 4887 1528 4942 dicentem
1565 4903 1577 4939 :
1611 4887 2032 4958 Episcopatum

381 4979 514 5049 ejus
540 4977 796 5049 accipiat
824 4977 992 5033 alter.
1040 4979 1082 5031 Ε
1114 4977 1330 5048 quibus
1377 4981 1576 5032 autem
1625 4976 1910 5047 oportet?
1953 4978 2035 5030 Ex

381 5067 478 5122 his
511 5067 610 5138 qui
645 5067 734 5122 sui
769 5065 1182 5138 probationem
1213 5066 1592 5138 prmbuerant
1625 5071 1892 5137 tempore
1915 5082 2032 5136 quo

383 5157 542 5230 apud
576 5157 738 5228 ipsos
767 5157 998 5212 fuerant
1029 5157 1386 5229 congregati.
1421 5155 1557 5210 Ideo
1589 5171 1784 5226 neque
1835 5154 1955 5210 ait:
1989 5156 2031 5210 E

381 5247 732 5310 mansuetis,
765 5262 842 5302 ne
873 5253 1118 5302 cazteros
1171 5245 1568 5312 contristaret,
1621 5245 1780 5300 visus
1825 5251 2033 5299 contu-

384 5337 565 5393 melia
597 5337 852 5392 afficere.
887 5335 1131 5392 Addidit
1159 5339 1356 5390 autem
1383 5350 1395 5388 :
1430 5357 1458 5382 ιι
1491 5335 1746 5388 Exorsus
1777 5349 1812 5388 a
1837 5333 2032 5405 bapti-

383 5433 572 5484 smate
602 5429 927 5484 Joannis.»
961 5429 1104 5484 Nam
1148 5445 1278 5498 quas
1336 5431 1474 5482 ante
1523 5425 1636 5480 hoc
1687 5431 1818 5481 acta
1865 5433 2033 5482 erant

381 5519 586 5574 nullus
617 5520 884 5591 ipsorum
919 5523 1162 5574 noverat
1190 5517 1292 5590 qui
1323 5515 1632 5572 didicisset
1671 5531 1738 5572 ac
1769 5533 2032 5588 presens

377 5611 612 5679 fuisset,
647 5609 764 5666 nisi
795 5615 1026 5666 tantum
1059 5610 1109 5664 is
1139 5607 1242 5680 qui
1271 5611 1433 5680 ipsos
1465 5607 1742 5680 elegerat,
1777 5607 1881 5664 sed
1927 5625 2035 5680 per

379 5701 668 5774 Spiritum
691 5699 1018 5758 discebant.
1041 5701 1272 5756 Testem
1299 5714 1438 5754 vero
1469 5697 1614 5754 dicit
1641 5698 2032 5754 resurrectio-

2143 4727 2286 4774 πων,
2337 4703 2428 4760 καὶ
2487 4705 2601 4776 ἅμα
2655 4705 2743 4760 καὶ
2802 4705 2928 4768 τοὺς
2997 4707 3394 4784 ἐκλεγομένους
3476 4709 3792 4786 αἰδεσίμους

2143 4799 2341 4864 ποιῶν,
2375 4795 2464 4849 καὶ
2497 4795 2699 4850 ὲαῦτῶν
2731 4794 3100 4852 ἀπαλλάσσων
3155 4806 3256 4868 τῆς
3317 4799 3452 4875 πρὸς
3509 4799 3638 4865 τοὺς
3695 4801 3790 4857 ἂ).-

2145 4883 2275 4946 λους
2305 4883 2619 4959 ἀπεχθείας.
2651 4883 2748 4938 Καὶ
2780 4884 2863 4941 ὅτι
2909 4887 3003 4958 μὲν
3059 4881 3168 4942 ἔδει
3225 4889 3489 4963 γενέσθαι,
3547 4890 3636 4946 καὶ
3697 4893 3790 4947 τὸν

2143 4976 2432 5050 προφήτην
2494 4973 2696 5049 εἰσάγει
2755 4972 3005 5051 λέγοντα·
3060 4979 3174 5048 Τὴν
3250 4976 3551 5050 ἐπισκοπὴν
3627 4980 3793 5036 αὐτοῦ

2147 5061 2309 5120 λάϐοι
2341 5063 2548 5141 ἔτερος.
2583 5065 2678 5122 Ἐκ
2705 5065 2868 5122 τίνων
2901 5064 2960 5122 δὲ
2990 5063 3107 5134 δεῖ;
3139 5069 3216 5125 Ex
3246 5072 3354 5124 τῶν
3389 5067 3479 5124 διὰ
3519 5077 3618 5139 τῆς
3667 5093 3791 5126 συν-

2145 5151 2409 5214 ελεύσεως
2451 5162 2551 5224 τῆς
2604 5155 2740 5230 πρὸς
2799 5155 2992 5218 αὐτοὺς
3059 5161 3140 5230 τῷ
3196 5158 3386 5233 χρόνῳ
3437 5163 3792 5237 παρασχομί-

2143 5265 2250 5298 νων
2281 5243 2344 5300 τὸ
2375 5241 2630 5317 δοκίμιον
2660 5245 2870 5304 ἑαυτοῦ.
2905 5247 2996 5301 Διὸ
3024 5244 3169 5314 οὐδὲ,
3205 5251 3297 5304 Ἐκ
3351 5253 3458 5303 τῶν
3511 5249 3790 5324 ὶπιεικῶν,

2145 5333 2314 5402 εἶπεν,
2344 5333 2436 5388 ἳνα
2471 5336 2546 5408 μή
2577 5335 2703 5397 τοὺς
2743 5333 2950 5397 ἄλλους
3005 5332 3251 5412 λυπήσῃ,
3305 5333 3542 5413 ὑϐρίζειν
3585 5336 3790 5404 δοκῶν,

2146 5423 2474 5496 Ἀρξάμενος
2535 5421 2591 5479 δὲ
2649 5423 3004 5500 προσέθηκινο
3041 5447 3065 5480 ι
3123 5425 3260 5484 Ἀπὸ
3309 5431 3408 5481 τοῦ
3471 5429 3796 5502 βαπτίσμα-

2140 5533 2234 5575 τος
2265 5513 2542 5570 Ἰιυάννου.
2580 5537 2608 5565 η
2637 5514 2720 5572 Τὰ
2748 5513 2852 5591 γὰρ
2913 5515 3036 5592 περὶ
3093 5515 3316 5588 τούτου,
3380 5517 3556 5574 αὐτῶν
3615 5516 3802 5584 οὐδεὶς

2141 5597 2263 5676 ᾔδει
2299 5601 2483 5674 μαθὼν
2511 5603 2601 5658 καὶ
2627 5603 2834 5677 παγὼν,
2867 5603 2912 5660 εἰ
2967 5606 3044 5680 μὴ
3101 5605 3268 5681 μόνος
3323 5606 3351 5661 6
3411 5604 3792 5684 ἐκλεξάμενοςί

2141 5689 2289 5747 ἀλλά
2321 5689 2594 5767 Πνεύματι
2625 5692 2954 5768 ἐμάνθανον.
3011 5701 3124 5766 Τῆς
3173 5695 3516 5762 ἀναστάσεως
3565 5695 3623 5755 δι
3663 5719 3798 5779 φησι
