4136 6200
288 398 364 460 61

1257 393 1669 456 COMMENT.
1715 394 1797 454 IN
1841 392 2051 454 ACTA
2093 393 2706 460 APOSTOLORUM.

3636 409 3716 468 62

297 532 566 606 μάρτυρα.
599 532 786 586 Τοῦτο
825 528 927 603 γὰρ
990 526 1232 602 μάλιστα
1291 534 1389 596 τῆς
1451 531 1631 598 Ἰησοῦ
1693 525 1934 596 θεότητοι

2069 530 2182 582 nis.
2214 531 2354 584 Nam
2379 530 2489 586 hoc
2520 532 2846 590 divinitatis
2873 537 3007 590 Jesu
3041 538 3417 608 potissimum
3463 546 3590 595 erat
3625 543 3718 594 tir-

297 622 361 674 τὸ
395 620 708 698 κεφάλαιον.
756 617 903 675 Έπεῖ
964 618 1053 672 καὶ
1111 621 1217 672 τῶν
1275 617 1565 688 θαυμάτων
1621 614 1787 669 αὐτοῦ
1841 619 1946 670 τῶν

300 713 409 781 πρὸ
440 715 532 764 τοῦ
561 711 789 776 πάθους,
823 705 1032 762 πολλοὶ
1064 707 1199 776 ἦσαν
1258 707 1528 781 μάρτυρες
1584 705 1672 760 καὶ
1700 709 1808 759 τῶν
1861 724 1950 760 τε-

300 799 569 871 Θεαμένων
650 799 914 854 ἀπίστων.
1009 795 1389 870 Ἀναπληροῦν
1439 794 1495 850 δὲ
1553 795 1644 850 τὸν
1721 793 1950 868 ἀριθμὸν

299 887 559 944 ἔσπευδον
585 893 693 944 τῶν
730 885 1077 955 ἀποστόλων,
1111 885 1188 941 ἶνα
1223 888 1298 958 μή
1361 887 1395 954 ἡ
1455 889 1556 939 τοῦ
1615 880 1948 938 διδασκάλου

297 975 499 1051 ἐκλογὴ
535 975 716 1046 ὥσπερ
751 973 1246 1051 ἡκρωτηριασμὲνη
1408 973 1554 1052 Οὐχὶ
1613 970 1861 1032 πολλοὺς
1893 970 1948 1026 δὲ

293 1066 550 1138 ἔστησαν,
583 1063 730 1120 ἀλλὰ
761 1063 857 1119 δύο
891 1065 1110 1138 μόνους,
1160 1062 1248 1118 ἶνα
1309 1064 1383 1134 μή
1447 1063 1648 1136 μείζων
1678 1064 1712 1132 ἡ
1745 1061 1948 1135 ἆθδμία

292 1159 545 1232 γένηται,
599 1153 828 1210 πολλῶν
884 1151 1354 1228 ἀπεκλεγομένων.
1418 1146 1702 1224 Βαρσαὸἆς
1761 1148 1818 1206 δὲ
1855 1153 1945 1206 καὶ

293 1249 500 1325 Ἰωσὴφ
530 1245 618 1300 καὶ
667 1247 925 1314 Ἰοῦστος,
985 1243 1020 1313 ἢ
1082 1239 1377 1312 διαστολῆς
1435 1240 1675 1314 ὀνόματα
1706 1241 1739 1310 ἢ
1776 1262 1946 1296 σπου-

292 1335 417 1406 δῆς.
482 1335 759 1410 Εὐκαίρως
815 1331 873 1389 δε
929 1330 1376 1410 καρδιογνώστην
1429 1328 1680 1385 καλοῦσι·
1740 1331 1831 1385 καὶ
1881 1331 1942 1386 οῦ

293 1424 572 1502 Λέγουσιν,
604 1422 878 1493 ’δκλεξαῃ
913 1420 1080 1488 ἀλλὰ,
1118 1419 1416 1494 Ἀνάδειξον
1482 1420 1574 1475 τὸν
1631 1417 1940 1498 ἐκλεγέντα.

289 1515 472 1568 Πάντα
501 1514 600 1588 γὰρ
632 1513 890 1588 ἔγνωσται
922 1512 1011 1566 καὶ
1044 1510 1274 1586 ὥρισται
1328 1510 1472 1583 παρὰ
1517 1513 1597 1581 τῷ
1657 1509 1795 1580 Θεῷ,
1852 1512 1942 1564 καὶ

288 1604 402 1676 πρὸ
432 1609 541 1657 τῶν
600 1601 946 1673 ἐνθυμήσεων
1007 1603 1190 1672 ἡμῶν.
1250 1597 1470 1674 Κλῆρον
1534 1595 1590 1653 δε
1645 1595 1826 1663 καλεῖ,
1879 1598 1942 1654 τὸ

288 1697 398 1746 πᾶν
433 1699 537 1761 τῆς
567 1695 660 1747 τοῦ
712 1695 846 1746 Θεοῦ
904 1687 1318 1769 φιλανθρωπίας
1376 1686 1583 1748 δεικνὺς
1633 1685 1724 1741 καὶ
1782 1685 1943 1742 ἐκλο-

289 1789 423 1859 γῆς,
458 1780 548 1836 καῖ
579 1785 682 1834 τῶν
711 1779 959 1834 παλαιῶν
1014 1777 1467 1850 ἀναμιμνήσκω),
1529 1775 1612 1830 ὅτι
1669 1775 1759 1830 καὶ
1816 1776 1942 1838 τοὺς

2060 625 2448 675 mameutum.
2477 621 2780 693 Siquidem
2811 625 3238 682 miraculorum
3266 629 3394 699 ejus
3417 646 3550 699 qua:
3574 636 3712 684 ante

2060 708 2400 777 passionem
2432 709 2587 765 edita
2632 718 2822 779 erant,
2884 715 3054 768 mulli
3091 721 3270 771 testes
3320 725 3489 772 erant
3531 720 3708 774 etiam

2061 796 2507 854 ineredulorum
2539 801 2641 870 qui
2674 801 2958 856 viderant.
2995 803 3319 860 Studebant
3343 814 3540 861 autem
3574 824 3710 878 apo-

2060 885 2346 942 stolorum
2369 888 2604 960 explere
2631 907 2970 959 numerum,
2994 909 3067 948 ne
3093 897 3470 966 prmceptoris
3493 897 3706 953 electio

2059 975 2236 1030 veluti
2269 978 2478 1032 mutila
2500 987 2654 1034 esset
2685 985 2744 1034 et
2765 979 3127 1052 imperfecta.
3157 984 3370 1039 Verum
3404 1002 3520 1040 non
3548 987 3706 1041 mul-

2059 1066 2150 1116 tos
2181 1069 2532 1131 statuerunt,
2557 1065 2658 1120 sed
2683 1066 2841 1122 solos
2859 1067 3028 1132 duos,
3050 1085 3124 1124 ne
3149 1071 3338 1140 major
3357 1080 3706 1127 causaretur

2059 1150 2317 1218 tristitia,
2348 1153 2674 1209 multorum
2715 1156 3061 1226 rejectione.
3133 1159 3417 1214 Barsabas
3476 1177 3612 1215 vero
3647 1168 3707 1216 et

2054 1241 2268 1311 Joseph
2301 1257 2367 1296 ac
2392 1243 2611 1311 Justus,
2644 1244 2733 1298 vel
2753 1245 3152 1301 distinctionis
3180 1247 3425 1302 nomina
3453 1256 3591 1303 sunt
3613 1251 3703 1304 vel

2055 1328 2306 1384 virtutis.
2331 1332 2674 1402 Opportune
2696 1341 2895 1389 autem
2918 1336 3189 1390 cordium
3216 1344 3426 1392 vocant
3448 1339 3709 1410 cognito-

2053 1435 2216 1473 rem:
2251 1435 2361 1474 nec
2383 1420 2626 1476 dicunt:
2686 1423 2869 1495 Elige,
2919 1425 3018 1479 18
3053 1425 3155 1480 sed
3215 1444 3394 1497 quem
3455 1427 3705 1500 elegeris

2053 1508 2318 1564 ostende.
2352 1511 2562 1567 Omnia
2593 1529 2852 1585 namque
2883 1531 2918 1569 a
2940 1515 3058 1571 Deo
3087 1518 3322 1588 cognita
3353 1525 3491 1573 sunt
3512 1536 3577 1573 ac
3602 1518 3706 1573 de-

2058 1597 2437 1663 ﬁnita,etiam
2459 1602 2804 1672 priusquam
2827 1603 3026 1658 animo
3041 1606 3706 1676 concipiamus.Sortem

2054 1693 2341 1758 praeterea
2369 1689 2649 1760 appellat,
2679 1697 2736 1746 et
2757 1709 2878 1747 rem
2903 1709 3142 1748 omnem
3167 1695 3490 1750 ostendens
3509 1695 3708 1767 benig-

2054 1777 2257 1832 nitatis
2283 1794 2350 1832 ac
2373 1779 2683 1834 electionis
2707 1798 2834 1836 esse
2863 1781 3096 1850 divinae,
3121 1790 3179 1838 et
3201 1792 3466 1840 veterum
3499 1784 3706 1840 admo—

290 1870 515 1932 λευΐτας
546 1869 720 1930 οὕτως
765 1867 1144 1943 ἐκληρώσατο.
1203 1864 1532 1941 Ὧρισμένως
1567 1862 1644 1934 δέ,
1677 1868 1787 1934 Τῆς
1820 1862 1934 1920 δια-

2058 1883 2223 1932 nens,
2260 1867 2541 1937 quoniam
2573 1876 2630 1923 et
2662 1869 2866 1925 levitas
2891 1877 2971 1926 ita
3005 1879 3162 1927 sorte
3192 1874 3388 1945 elegit.
3418 1875 3710 1929 Determi-

287 1960 476 2021 κονίας
510 1960 736 2029 ταύτης,
807 1958 987 2032 φησίν·
1039 1957 1173 2026 ἦσαν
1225 1956 1328 2030 γὰρ
1381 1955 1471 2010 καὶ
1520 1953 1706 2010 ἄλλαι.
1764 1956 1942 2012 Τόπον

290 2047 346 2105 δὲ
406 2047 567 2118 ῗδιον,
626 2049 753 2117 ἤτοι
807 2049 907 2116 τήν
957 2046 1200 2122 ἀγχόνην
1279 2043 1456 2112 καλεῖ,
1522 2043 1818 2117 τουτέστιν,
1872 2045 1940 2113 ἧς

291 2137 440 2208 ἄξιον
499 2138 684 2192 ἔαυτόν
746 2134 1135 2210 παρεσκεύασεν
1183 2135 1210 2189 ὁ
1247 2132 1450 2199 Ἰούδας
1499 2132 1586 2188 διὰ
1639 2139 1740 2202 τῆς
1796 2153 1940 2208 προ-

305 2227 510 2292 3οσίας.
543 2233 609 2288 Ἰί
642 2232 726 2287 ὅτι
758 2234 856 2285 τοῦ
904 2226 1081 2285 Ἰούδα
1113 2227 1516 2302 ἐξαπωσμὲνου,
1582 2227 1742 2290 οὗτος
1797 2225 1937 2282 ἴδιον

303 2319 492 2395 σχοίη,
519 2321 613 2386 τήν
645 2317 853 2374 ἐκείνου
884 2313 1181 2391 λαμϐάνων
1213 2314 1538 2386 ἐπισκοπήν.

363 2435 393 2460 ι(
425 2409 522 2463 Καὶ
571 2405 780 2464 ἔδωκαν
838 2407 1080 2482 κλήρους
1131 2407 1327 2472 αὐτῶν,
1386 2405 1476 2462 καὶ
1529 2404 1709 2461 ἔπεσεν
1740 2407 1767 2461 ὁ
1797 2407 1940 2477 κλῆ-

285 2523 316 2551 α
352 2518 449 2574 ρος
475 2497 567 2553 ἐπὶ
626 2496 895 2566 Ματθίαν,
953 2495 1042 2552 καὶ
1101 2483 1579 2575 συγχατεῴηιρίσθη
1643 2495 1775 2569 μετᾶ
1829 2500 1936 2550 τῶν

289 2614 311 2640 ι
351 2585 541 2643 ἕνδεκα
571 2586 914 2642 ἀποστόλων.
951 2609 980 2637 ››

357 2677 524 2736 Οὕτω
583 2675 764 2731 τέλεον
821 2673 1244 2748 κατηρτισμένοι
1296 2671 1511 2749 κλήρῳ,
1571 2674 1661 2729 καὶ
1723 2674 1784 2729 οὐ
1841 2696 1938 2746 ση-

287 2770 435 2840 μείῳ
492 2768 587 2822 τὸν
644 2764 788 2835 ἄξιον
855 2764 1225 2838 μανθάνουσιν.
1288 2763 1396 2818 Οὐκ
1452 2763 1717 2838 ἀδόκιμον
1779 2761 1836 2819 δὲ
1875 2765 1937 2820 τὸ

281 2861 385 2911 τοῦ
413 2854 654 2930 κληροῦ.
689 2855 751 2911 Εἰ
784 2855 885 2931 γὰρ
919 2854 1007 2910 ἐπὶ
1065 2857 1165 2908 τοῦ
1214 2855 1369 2908 Ἰωνᾶ
1421 2853 1630 2929 τ’σχυσε,
1691 2851 1934 2930 χυδαίων

278 2945 592 3020 ἀνθρώπων
623 2942 1094 3020 κληρωσαμένων,
1124 2943 1176 2998 τί
1206 2941 1266 2997 ἄν
1298 2942 1383 2998 ἐπὶ
1416 2943 1582 3019 ἁγίων
1641 2944 1732 2999 καὶ
1763 2965 1935 3018 προσ-

279 3039 427 3114 ευχῇ
480 3035 542 3090 τὸ
627 3038 856 3110 πρᾶγμα
916 3033 1360 3108 ἐπιτρεψάντωνς
1430 3032 1492 3089 hi
1549 3036 1647 3109 γὰρ
1715 3031 1930 3091 ἐκείνων

277 3125 420 3197 ὀρθὴ
455 3125 651 3201 γνώμη
687 3125 828 3198 μόνη
861 3123 1180 3194 κατηυθυνε,
1215 3121 1414 3195 πολλῷ
1475 3122 1688 3196 μᾶλλον
1745 3123 1932 3188 ἐνθέων

272 3211 517 3289 ἀνδρῶν,

922 3309 1180 3363 ΚΕΦΑΛ.
1221 3304 1294 3363 Γ’.

277 3395 417 3472 Περῖ
494 3395 638 3460 θείας
720 3399 818 3451 τοῦ
901 3394 1064 3472 ἀγίου
1140 3393 1456 3468 Πνεῦματος
1537 3393 1932 3475 ἐπιφοιτήσεως

361 3484 414 3540 ἐν
495 3485 674 3560 ἡμέρᾳ
756 3487 1182 3560 ΙΙιενςιηφιοστῆς⁸
1243 3481 1560 3560 γενομένηςΔ
1648 3482 1724 3545 εἷς
1807 3483 1933 3560 τοὺς

366 3553 812 3633 πιστεῦσανταςη
851 3553 921 3611 ἐν
988 3553 1032 3627 ᾧ
1117 3553 1322 3633 Πετρου
1374 3553 1736 3633 ’κὴατήχησις
1809 3555 1932 3633 περί

368 3630 561 3684 τούτου
611 3629 670 3684 ἐκ
747 3632 856 3682 τῶν
946 3625 1260 3702 προφητῶν·
1347 3625 1470 3701 περὶ
1550 3625 1759 3702 πὲἱθους
1843 3625 1934 3682 καὶ

358 3701 694 3761 ἁναστασεως
741 3701 863 3773 ,καὶ
942 3696 1269 3773 ἀναλήψεως
1353 3696 1638 3773 Χριστοῦ,
1724 3696 1930 3771 δωρεᾶς

351 3795 412 3828 τε
477 3777 575 3827 τοῦ
655 3772 815 3846 ἁγίου
898 3770 1420 3846 Πνεῦματοςηπερὶ
1504 3772 1735 3846 πίστεως
1811 3770 1932 3846 τῷν

355 3795 412 3828 τε
477 3794 575 3827 του
655 3793 812 3846 αγιου
898 3789 1237 3837 ιινευματος,
1297 3790 1364 3825 πε.
1407 3793 1420 3824 ι
1504 3792 1735 3834 πιστεως
1825 3793 1932 3827 των

355 3845 660 3916 παρόντων,
733 3844 823 3898 καὶ
878 3851 978 3914 τῆς
1034 3841 1121 3898 διὰ
1179 3845 1275 3897 τοῦ
1345 3789 1740 3967 βαπτίσματος
1833 3843 1932 3897 αῦ-

355 3922 461 3967 τῶν
552 3916 845 3967 σωτηρίαςο
959 3915 1081 3967 περὶ
1168 3915 1335 3967 ὁμονο
1365 3935 1425 3967 ας
1537 3920 1930 3967 κοινωωεΛοῦς.

355 3915 461 3994 τῶξι
552 3916 881 3994 σωτηρίαςομ
959 3915 1081 3994 περὶ
1166 3915 1425 3994 ῥμονοίας
1537 3920 1930 3994 κοινωφελοῦς,

355 3988 445 4043 καὶ
470 3990 787 4061 προσθήκης
817 3991 924 4041 τῶν
957 3987 1345 4042 πίστευόντων.

360 4104 380 4130 ι
417 4077 524 4132 Καὶ
581 4075 633 4130 ἐν
702 4081 782 4148 τῷ
863 4077 1323 4152 συμπληροῦσθαι
1407 4077 1504 4144 τήν
1559 4077 1769 4151 ἡμέραν
1832 4081 1934 4142 τῆς

287 4195 316 4219 σ(
378 4175 779 4239 Ιιεντηκοστῆς,
846 4167 980 4236 ἦσαν
1034 4162 1263 4230 ἅπαντες
1323 4164 1672 4240 ὁμοθυμαδὸν
1727 4167 1816 4222 ἐπὶ
1867 4169 1930 4223 τὸ

283 4285 312 4311 (ι
347 4259 499 4314 αῦτό.
587 4259 684 4314 Καὶ
741 4257 944 4332 ἐγένετο
1029 4259 1180 4338 ἄφνω
1239 4258 1299 4313 ἐκ
1346 4263 1442 4314 τοῦ
1499 4257 1727 4334 οὐρανοῦ
1786 4259 1929 4335 ἦχος

278 4377 306 4401 (1
343 4353 527 4426 ὥσπερ
575 4349 879 4429 φερομένης
935 4357 1108 4419 πνοῆς
1177 4349 1360 4424 βιαίας
1393 4394 1406 4418 ,
1465 4349 1556 4404 καὶ
1611 4347 1927 4424 ἐπλήρωσεν

282 4467 309 4491 u
346 4439 478 4495 ὅλον
506 4441 598 4494 τὸν
634 4441 804 4508 οἷκον,
838 4437 900 4493 οῦ
941 4440 1076 4508 ἦσαν
1134 4441 1458 4510 καθήμενοι.
1521 4437 1618 4492 Καὶ
1675 4437 1930 4515 ὤφθησαν

281 4556 306 4580 α
341 4529 533 4592 αὐτοῖς
563 4525 1010 4603 διαμεριζόμεναι
1039 4526 1285 4604 γλῶσσαι
1335 4527 1461 4582 ὡσεὶ
1521 4527 1712 4601 πυρός.
1761 4529 1929 4585 Ἐκά-

2051 1963 2188 2010 nate
2219 1965 2416 2012 autem
2473 1958 2576 2026 ait,
2638 1960 2944 2016 Ministerii
2989 1961 3213 2033 hujus:
3248 1970 3418 2018 erant
3447 1965 3608 2018 enim
3651 1969 3710 2017 et

2050 2045 2169 2100 alia
2225 2045 2423 2101 locum
2481 2065 2620 2104 vero
2677 2066 2872 2118 suum,
2913 2058 3018 2106 aut
3074 2051 3463 2122 suspendium
3516 2057 3704 2117 vocat,

2052 2134 2162 2189 hoc
2194 2141 2301 2202 est,
2337 2153 2451 2207 quo
2484 2155 2612 2193 sese
2650 2139 2894 2212 dignum
2937 2139 3199 2195 reddidit
3226 2141 3404 2196 ludas
3437 2159 3542 2212 per
3571 2159 3706 2213 pro-

2049 2225 2360 2295 ditionem,
2401 2229 2490 2283 vel
2524 2230 2681 2300 quod
2741 2231 2979 2304 repnlso
3011 2231 3182 2297 Juda,
3232 2233 3327 2288 hic
3381 2251 3553 2288 suum
3603 2240 3708 2288 aut

2048 2317 2355 2387 proprium
2389 2317 2600 2373 habeat
2631 2319 2825 2376 locum
2858 2329 3099 2393 accepto
3131 2321 3294 2376 illius
3329 2323 3694 2395 episc0patu.

2122 2407 2163 2474 Ι,
2197 2408 2284 2462 26.
2322 2427 2346 2458 α
2381 2409 2449 2462 Et
2479 2407 2772 2464 dederunt
2803 2417 2992 2466 sortes
3049 2411 3334 2483 ipsorum,
3371 2413 3704 2483 ceciditque

2050 2517 2076 2545 «
2112 2513 2240 2550 sors
2272 2513 2451 2568 super
2478 2499 2781 2554 Matthiam
2817 2517 2830 2555 :
2865 2505 2924 2556 et
2977 2501 3271 2573 sull‘ragiis
3325 2501 3562 2558 additus
3615 2509 3705 2557 est

2050 2607 2077 2633 «
2112 2583 2389 2640 undecim
2421 2588 2724 2658 apostolis.
2762 2614 2784 2641 ι

2119 2675 2264 2730 Cum
2296 2676 2565 2731 nondum
2598 2677 2841 2749 perfecti
2876 2679 3016 2745 sint,
3065 2695 3199 2736 eum
3225 2681 3324 2752 qui
3385 2680 3600 2747 dignus
3631 2683 3708 2737 sit

2049 2770 2278 2818 sorteet
2294 2782 2412 2820 non
2437 2765 2724 2822 miraculo
2747 2767 3002 2825 discunt.
3030 2771 3153 2824 Non
3171 2776 3469 2825 estautem
3491 2773 3708 2843 impro-

2046 2850 2307 2908 bandum
2331 2856 2490 2926 quod
2509 2863 2664 2911 sorte
2682 2857 2767 2912 ﬁt.
2794 2860 2936 2913 Nam
2964 2859 3012 2913 si
3037 2859 3108 2913 de
3132 2860 3279 2914 Jona
3301 2860 3476 2914 “vim
3499 2861 3702 2914 habuit

2045 2958 2178 2997 cum
2205 2942 2417 3014 abjecti
2443 2961 2510 2999 ac
2536 2946 2764 3017 profani
2805 2947 3075 3001 homines
3099 2954 3320 3002 sortem
3373 2949 3699 3014 mitterent,

2045 3033 2330 3104 quidnam
2345 3035 2415 3089 de
2430 3037 2650 3090 sanctis
2667 3036 2766 3106 qui
2793 3053 2915 3089 rem
2932 3037 3184 3091 orationi
3205 3038 3392 3107 permi
3405 3043 3701 3092 ttuntsen-

2044 3122 2312 3177 tiendum
2328 3123 2459 3178 est?
2474 3124 2703 3178 Etenim
2721 3125 2766 3178 si
2784 3124 2909 3178 sola
2930 3141 3096 3178 meus
3112 3125 3350 3180 illorum
3366 3127 3698 3197 rectajuste

2043 3217 2344 3283 negotium
2368 3212 2606 3278 direxit,
2632 3212 2818 3266 multo
2852 3213 3037 3285 magis
3059 3212 3395 3268 divinorum
3416 3215 3699 3270 virorum.

2690 3304 2922 3360 CAPUT
2951 3306 3048 3361 III.

2045 3394 2121 3448 De
2150 3391 2344 3448 divina
2374 3393 2618 3463 Spiritus
2646 3395 2826 3449 sancti
2853 3397 3277 3464 superventione
3305 3396 3395 3450 die
3441 3397 3702 3454 Pentec0«

2113 3489 2216 3538 stes
2242 3486 2396 3552 facta
2424 3501 2586 3554 super
2621 3501 2709 3539 eos
2737 3486 2834 3554 qui
2856 3485 3223 3551 crediderunt,
3255 3488 3314 3539 in
3366 3502 3472 3556 quo
3530 3491 3700 3543 etiam

2120 3557 2262 3629 Petri
2314 3555 2931 3626 doctrinaeprophetis
2987 3559 3321 3611 continetur.
3374 3555 3575 3629 nempe
3631 3563 3701 3615 de

2106 3627 2382 3696 passione,
2412 3630 2810 3682 resurrectione
2829 3634 2880 3682 et
2904 3633 3270 3699 assumptione
3288 3629 3492 3684 Christi
3506 3627 3699 3686 ﬁdono-

2113 3715 2217 3768 que
2247 3699 2490 3768 Spiritus
2537 3699 2719 3754 sancti
2747 3717 2769 3774 ς
2823 3699 2888 3754 de
2914 3701 3022 3768 ﬁde
3072 3708 3124 3774 et
3179 3700 3354 3755 salute
3383 3718 3569 3757 eorum
3601 3704 3703 3774 qui

2104 3776 2399 3839 praesentes
2429 3777 2584 3842 erant
2623 3789 2722 3842 per
2753 3771 3046 3841 baptisma.
3077 3772 3144 3826 de
3165 3789 3423 3827 consensu
3463 3776 3522 3827 in
3555 3771 3695 3830 co—m-

2111 3857 2328 3895 munem
2351 3841 2671 3910 utilitatem,
2696 3849 2748 3898 et
2771 3846 3116 3912 appositione
3148 3845 3510 3899 credentium.

2116 4097 2143 4123 ‹‹
2178 4075 2411 4130 Etcum
2444 4074 2844 4146 compleretur
2903 4073 3030 4130 dies
3091 4075 3492 4142 Peutecostes.
3527 4084 3701 4134 erant

2045 4184 2074 4214 ι(
2098 4180 2307 4218 omnes
2348 4165 2714 4218 unanimiter
2753 4164 2814 4218 in
2846 4164 3054 4220 eodem
3087 4164 3238 4221 loco.
3275 4165 3341 4220 Et
3385 4167 3576 4222 factus
3609 4175 3702 4223 est

2044 4273 2072 4301 «
2106 4257 2351 4321 repente
2367 4250 2438 4304 de
2457 4250 2602 4305 caelo
2619 4251 2849 4305 sonitus
2866 4257 3145 4321 tanquam
3163 4252 3389 4322 impetu
3402 4254 3696 4308 venientis

2041 4361 2070 4388 «
2103 4338 2279 4394 ﬂatus
2309 4339 2701 4401 vehementis,
2735 4344 2794 4394 et
2823 4340 3069 4410 replevit
3095 4347 3278 4394 totam
3308 4341 3550 4395 domum
3587 4342 3686 4395 ubi

2040 4455 2068 4482 ‹‹
2101 4437 2271 4488 erant
2301 4432 2598 4499 sedentes,
2631 4438 2690 4486 et
2717 4437 3121 4504 apparuerunt
3160 4432 3280 4486 illis
3332 4433 3532 4486 divism
3587 4435 3692 4488 14

2039 4549 2067 4577 ‹‹
2103 4526 2320 4599 lingua)
2351 4526 2413 4580 in
2440 4525 2684 4581 modum
2712 4525 2887 4596 ignis,
2921 4524 3190 4596 seditque
3224 4541 3403 4596 super
3425 4524 3696 4596 singulos

275 4646 302 4671 ιι
338 4619 456 4674 θισέ
507 4640 564 4674 τε
625 4617 708 4695 ἐρ’
759 4614 848 4672 ἕνα
903 4615 1124 4672 ἕκαστον
1179 4617 1381 4687 αὐτῶν,
1429 4617 1520 4673 καὶ
1580 4615 1929 4689 ἐπλήσθησαν

2058 4622 2429 4671 ιθοτιιωεθι
2457 4616 2668 4688 repleti
2713 4622 2853 4671 sunt
2916 4631 3124 4670 omnes
3180 4613 3401 4685 Spiritu
3461 4619 3695 4682 sancto,

278 4736 304 4760 σι
338 4705 574 4771 ἅπαντες
653 4707 975 4779 Πνεῦματος
1061 4707 1244 4784 ἁγίου,
1301 4707 1391 4762 καὶ
1450 4706 1683 4785 ἤρξαντο
1741 4705 1928 4764 λαλεῖν

277 4825 301 4850 α
331 4801 574 4871 ἑταιραις
603 4797 905 4874 γλώσσαις.
943 4822 965 4849 ι

344 4915 372 4940 κ
432 4890 518 4944 Ἐν
575 4892 655 4960 τῷ
705 4889 1165 4962 συμπληροῦσθαι
1222 4888 1322 4955 τήν
1377 4885 1586 4962 ἡμέραν
1642 4893 1744 4956 τῆς
1801 4892 1928 4944 Πεν-

271 4983 570 5048 τηκοστῆς.
607 4999 634 5026 ιι
691 4973 974 5044 Τουτέστι,
1045 4977 1182 5047 πρὸς
1241 4981 1309 5049 τῇ
1368 4980 1740 5051 Πεντηκοστῇ,
1799 4978 1923 5052 περὶ

273 5069 438 5136 αὐτὴν
471 5065 580 5134 ἤδη
614 5066 710 5134 τὴν
768 5067 988 5139 ἑορτήν,
1021 5066 1114 5121 δττ
1163 5066 1354 5140 καιρὸς
1413 5066 1610 5140 ὡρίμῳ
1639 5067 1718 5138 τῷ
1763 5088 1923 5123 πνευ-

276 5163 486 5230 ματικῷ
540 5157 680 5231 θερει
739 5157 801 5212 τὸ
850 5154 1110 5230 δρέπανον
1171 5157 1484 5232 ἐπαγαγεῖν,
1539 5157 1629 5213 ὅτε
1680 5155 1768 5213 διὰ
1823 5161 1922 5228 τήν

274 5249 464 5320 ἑορτὴν
496 5245 701 5302 πολλοὶ
732 5253 980 5321 παρῆσαν
1009 5247 1100 5301 irai
1130 5251 1238 5302 τῶν
1282 5247 1703 5322 παυρωσάντων
1733 5249 1918 5318 αὐτὸν,

272 5339 356 5393 ui
385 5339 476 5392 ἳνα
506 5333 824 5410 λαμϐάνωσι
854 5345 954 5407 τῆς
986 5336 1190 5392 ἑαυτῶν
1250 5340 1565 5418 μιαιφονίας
1615 5340 1707 5394 τὸν
1760 5337 1919 5417 ἔλεγ-

272 5451 390 5508 χον.
423 5431 612 5508 Ἀφνω
660 5425 719 5482 δὶ
773 5429 918 5502 ἦχος
977 5426 1066 5482 καὶ
1127 5429 1227 5483 οῦκ
1272 5427 1683 5498 ἀνεπαισθήτως
1731 5431 1765 5500 ἠ
1821 5435 1917 5486 τοῦ

275 5519 577 5590 Πνεᾶματος
607 5516 977 5590 ἆπιφοίτησις,
1036 5517 1126 5572 καὶ
1161 5516 1222 5573 ix
1268 5522 1365 5573 τοῦ
1422 5519 1672 5594 οὐρανοῦ,
1720 5519 1809 5575 ’ἱνα
1838 5525 1917 5593 τῷ

274 5609 358 5682 μὲν
389 5607 572 5685 ἀθρόῳ
628 5604 950 5682 καταπλήξῃ
1004 5605 1094 5662 καὶ
1144 5604 1478 5685 διαναστήσῃ
1538 5607 1780 5685 μᾶλλον,
1824 5609 1914 5668 καὶ

338 5794 382 5831 ⁸³
409 5795 535 5854 Ion.
569 5812 610 5865 ι,
644 5797 668 5851 1
705 5808 872 5866 seqq.

2042 4728 2069 4756 «
2101 4711 2524 4778 coeperuntque
2552 4705 2717 4777 loqui
2754 4706 2889 4761 aliis
2920 4705 3160 4777 linguis.
3194 4724 3222 4757 ιι

2113 4905 2135 4934 ι
2159 4887 2304 4942 Cum
2335 4885 2734 4957 compleretur
2781 4883 2908 4939 dies
2955 4885 3353 4940 Peutecostes.
3390 4906 3418 4934 »
3450 4886 3570 4941 Hoc
3599 4889 3690 4941 est

2034 4975 2192 5030 circa
2224 4977 2638 5040 Pentecosten,
2661 4974 2818 5029 circa
2847 4973 3042 5044 ipsum
3084 4975 3212 5046 jam
3242 4974 3459 5030 festum
3495 4991 3510 5029 :
3543 4993 3679 5030 cum

2033 5069 2268 5136 tempus
2327 5069 2486 5120 esset
2542 5069 2790 5117 matura)
2851 5063 3031 5118 messi
3088 5063 3385 5136 spirituali
3465 5064 3680 5119 falcem

2032 5154 2389 5210 immittere:
2425 5152 2662 5223 quando
2699 5157 2939 5224 propter
2967 5153 3182 5208 festum
3233 5153 3406 5208 multi
3430 5153 3682 5208 aderant

2032 5243 2209 5298 etiam
2243 5258 2447 5296 eorum
2481 5241 2580 5312 qui
2615 5241 2809 5313 ipsum
2851 5243 3289 5305 cruciﬁxerant,
3322 5248 3380 5297 et
3419 5248 3485 5297 ut
3514 5243 3678 5297 acci-

2029 5331 2428 5404 perentcaedis
2442 5347 2476 5386 a
2491 5347 2553 5386 se
2568 5337 2917 5402 perpetrata
2938 5332 3424 5404 increpationem.
3451 5333 3652 5403 Repen
3664 5362 3678 5374 -

2028 5424 2155 5478 tino
2185 5428 2384 5478 autem
2408 5423 2604 5478 sonitu
2636 5427 2696 5477 et
2723 5439 2843 5478 non
2872 5422 3304 5478 insensibiliter
3350 5423 3540 5479 factus
3590 5430 3688 5479 est.

2026 5529 2298 5568 accessus
2329 5511 2601 5584 Spiritus,
2633 5518 2694 5568 et
2731 5512 2804 5568 de
2864 5512 3033 5580 melo,
3066 5517 3133 5567 ut
3179 5511 3374 5567 subita
3429 5512 3681 5585 quidem

2023 5606 2505 5663 consternatione
2562 5611 2622 5662 et
2675 5605 2861 5680 magis
2910 5605 3213 5677 excitaret,
3243 5610 3302 5661 et
3327 5623 3535 5663 omnes
3593 5606 3675 5661 ad
