4134 6196
385 351 464 412 63
1504 340 1934 401 αΞΩΠΜΕΝΙΙ
1981 339 2030 402 Τ

2148 341 2290 404 lC/E
2329 343 2684 404 EPISCOPI
3715 345 3798 404 64

389 484 890 545 concurrendumi
909 480 1267 552 impelleret:
1285 478 1651 532 sensibiliter
1665 493 1796 532 vero
1811 483 1874 531 ut
1889 477 2032 533 mira

2153 477 2350 538 πάντας
2383 476 2704 552 συνδραμεῖν
2744 477 3122 552 παρασκυάσῃ.
3179 476 3272 546 Τῷ
3329 471 3388 528 δὲ
3449 474 3566 544 μετ’
3603 471 3796 544 αἰσθή-

388 579 588 634 culum
605 575 984 632 confirmaret
998 571 1154 642 quod
1168 571 1328 624 omni
1346 575 1570 624 careret
1586 568 1880 623 calumnia.
1895 570 2038 623 Nam

387 669 435 722 si
458 669 564 721 hoc
591 667 766 720 etiam
797 665 944 718 facto
961 663 1158 716 sonitu
1179 659 1650 732 percalumniam
1684 657 1758 712 ad
1781 657 2035 712 ebrieta-

385 761 505 811 tem
531 753 1045 822 rel'erebant,quid
1066 769 1186 806 non
1207 751 1495 805 dixissent
1513 750 1558 803 si
1575 749 1654 802 ita
1675 748 1893 802 factum
1916 765 2036 802 non

393 845 587 901 esset?
605 846 685 899 De
704 843 848 898 caelo
871 848 1068 897 autem
1094 858 1226 895 cum
1251 839 1437 894 multo
1467 839 1712 910 impetu,
1740 835 2034 908 siquidem

386 939 498 990 hoc
516 936 664 1006 signi
677 937 851 990 ficare
867 934 988 988 vult
1007 949 1110 1004 per
1123 933 1532 986 vehementem
1547 929 1752 984 [latum
1767 934 2038 984 utosten-

385 1027 652 1095 datOpus
683 1025 868 1078 fuisse
901 1023 1028 1094 ejus
1060 1021 1159 1092 qui
1191 1021 1253 1076 in
1278 1021 1491 1076 cmlum
1523 1024 1862 1090 assumptus
1885 1023 2030 1085 erat,

383 1120 441 1170 et
464 1114 672 1168 divina:
721 1113 1048 1184 potestatis.
1102 1109 1613 1176 Quemadmodum
1645 1109 1823 1163 etiam
1857 1124 2035 1179 super

383 1220 545 1260 mare
565 1203 824 1258 Rubrum
851 1200 1363 1256 ﬂabatvehemens
1376 1205 1582 1252 ventus
1599 1197 2031 1268 auster’,.Bene

383 1301 578 1347 autem
597 1294 656 1347 in
673 1293 763 1347 his
785 1291 1062 1346 omnibus
1085 1307 1188 1360 per
1205 1288 1656 1344 similitudinem
1675 1287 1906 1342 locutus
1919 1291 2026 1354 est,

385 1397 599 1452 nempe
623 1377 879 1450 ὥσπερ,ἱ.
906 1383 1276 1449 tanquam.et
1295 1376 1421 1429 ὡσεὶ
1443 1374 1664 1448 πυρός,ἱ
1705 1377 1764 1429 in
1787 1375 2030 1428 modum

381 1471 554 1542 ignis,
579 1487 654 1525 ne
683 1469 965 1525 sensibile
983 1466 1286 1537 quidpiam
1306 1465 1377 1520 de
1396 1465 1614 1534 Spiritu
1638 1463 2027 1520 existimetur.

380 1560 644 1630 Replevit
668 1559 844 1612 etiam
869 1556 1042 1610 ﬂatus
1067 1561 1240 1608 totam
1263 1554 1520 1614 domum,
1549 1553 1610 1606 in
1632 1553 1878 1624 piscium
1903 1570 2030 1608 mo-

379 1665 506 1702 rem
541 1647 828 1717 implens:
856 1643 1342 1715 quandoquidem
1365 1643 1722 1713 promissum
1757 1643 1934 1697 etiam
1957 1643 2025 1697 il-

380 1735 454 1790 lis
477 1741 603 1790 erat
627 1752 639 1788 :
666 1757 692 1784 «
718 1732 1162 1806 Baptizabimini
1185 1731 1404 1803 Spiritu
1423 1732 1634 1786 Sancto
1657 1737 1715 1786 et
1736 1732 1855 1804 igni
1877 1732 1920 1766 ³⁸
1948 1749 1960 1786 :
1999 1755 2025 1781 ››

385 1825 564 1879 etiam
585 1825 696 1880 hoc
726 1823 1106 1879 abundantiae
1125 1821 1358 1892 signum
1383 1826 1588 1876 eratac
1617 1821 2026 1877 vehementia.
2065 1854 2112 1918 Β

387 1913 544 1984 Ignis
576 1929 709 1968 vero
741 1930 862 1967 non
894 1911 1138 1982 replevit
1165 1909 1408 1964 domum
1461 1927 1536 1965 ne
1570 1911 1814 1964 omnino
1851 1915 2037 1966 terre-

387 2009 498 2070 ret,
523 2019 590 2056 ac
620 2002 890 2056 videntes
911 2001 1111 2073 fugere
1144 1999 1547 2070 compelleret.
1585 2005 1643 2054 et
1672 2000 1752 2054 ita
1778 1999 1930 2054 nihil
1955 2005 2039 2054 te-

391 2091 532 2148 stari
555 2097 798 2160 possent
817 2107 1022 2144 eorum
1046 2106 1176 2160 qua)
1207 2089 1585 2160 postmodum
1609 2095 1739 2144 acta
1768 2088 2036 2152 sunt.sed

389 2179 672 2235 dividitur
703 2179 952 2250 Spiritus
983 2179 1042 2233 in
1065 2179 1298 2250 linguas
1329 2178 1548 2250 igneas,
1581 2178 1920 2249 residetque
1945 2195 2038 2233 su-

385 2287 494 2342 per
524 2269 786 2337 singulos
819 2285 1046 2335 eorum,
1081 2283 1298 2338 nempe
1329 2273 1568 2322 centum
1609 2272 1664 2322 et
1695 2267 1900 2340 viginti
1931 2268 2032 2338 qui

383 2359 446 2414 in
470 2358 646 2412 domo
677 2356 1035 2412 residebant.
1080 2356 1385 2427 Siquidem
1419 2373 1488 2410 ex
1520 2373 1638 2410 una
1682 2357 1880 2412 radice
1911 2361 2037 2410 erat

382 2448 570 2520 gratia
601 2447 890 2502 Paracleti
925 2446 982 2500 in
1015 2446 1178 2500 varia
1237 2445 1391 2500 dona
1449 2445 1652 2513 divisa,
1715 2445 2034 2518 linguaque

383 2553 530 2608 Opus
565 2541 690 2590 erat
714 2552 845 2606 quas
905 2535 1004 2590 Dei
1055 2534 1352 2607 magnalia
1410 2533 1756 2600 declararet,
1793 2552 1924 2606 quas
1971 2535 2033 2589 in

381 2625 626 2680 modum
683 2625 835 2696 ignis
893 2624 1169 2679 universa
1225 2624 1621 2696 repugnantia
1685 2625 2030 2695 corriperet.

380 2717 560 2769 Porro
594 2713 656 2768 in
680 2713 876 2786 specie
907 2714 1080 2786 ignis,
1116 2729 1257 2768 nam
1289 2713 1544 2784 Spiritus
1593 2729 1828 2784 quoque
1879 2715 2032 2768 Deus

381 2809 470 2858 est
495 2805 672 2870 (Deus
705 2809 902 2858 autem
933 2809 1139 2857 noster
1169 2802 1321 2874 ignis
1353 2819 1711 2857 consumens
1743 2809 1832 2858 est
1852 2801 1942 2874 '5),
1975 2809 2034 2858 et

377 2899 446 2948 ut
476 2892 934 2948 similitudinem
965 2898 1192 2946 natura)
1223 2891 1660 2946 demonstraret
1679 2909 1810 2947 cum
1835 2894 2027 2958 Patre,

382 2982 482 3053 qui
515 2984 596 3037 ita
629 2982 770 3037 Mosi
796 2982 856 3036 in
887 2981 1034 3036 rubo
1066 2985 1332 3054 apparet.
1366 2982 1661 3036 Praeterea
1692 2997 1869 3052 super
1909 2980 2031 3036 sin-

377 3071 547 3144 gulos
579 3071 763 3136 sedet,
799 3071 1183 3126 stabilitatem
1211 3088 1278 3126 ac
1309 3070 1784 3140 permanentiam
1803 3069 2030 3142 signiﬁ-

378 3175 540 3215 cans.
579 3161 760 3214 Dictio
812 3161 970 3214 enim
1025 3181 1048 3211 α
1077 3159 1255 3226 Sedit,
1280 3180 1302 3209 ιι
1356 3159 1514 3214 idem
1547 3159 1841 3232 signiﬁcat
1871 3157 2029 3230 quod

2151 587 2304 635 σεως,
2349 567 2422 631 ὡς
2479 566 2537 622 ἂν
2588 562 2924 638 ἀδιάϐλητον
2973 567 3036 622 τὸ
3095 569 3274 638 θαῦμα
3329 564 3667 637 καταστήσῃ.
3729 564 3794 620 Ei

2145 655 2246 728 γὰρ
2277 657 2367 709 καὶ
2397 655 2594 711 τούτου
2650 658 2956 734 γενομέμου
3016 654 3093 716 sic
3156 653 3320 727 μέθην
3375 654 3439 708 τὸ
3496 649 3797 726 παράδοξον

2147 739 2517 814 ἐνδιέϐαλλον,
2549 745 2602 800 τί
2635 745 2732 800 ούκ
2757 743 2817 799 ἂν
2852 746 3003 800 εἷπον
3068 745 3142 817 μὴ
3212 742 3389 804 οὕτως
3447 741 3740 818 γενομένου
3778 761 3792 812 ;

2145 833 2241 887 Ἐκ
2268 837 2365 888 τοῦ
2397 833 2625 908 οὐρανοῦ
2657 831 2714 890 δὲ
2747 836 2882 908 μετά
2945 831 3166 901 πολλῆς
3217 839 3316 898 τῆς
3375 831 3578 906 ῥύμης.
3613 833 3792 888 Τοῦτο

2147 921 2248 998 γὰρ
2281 919 2368 978 διαὶ
2393 930 2493 992 τῆς
2527 925 2708 999 βιαίας
2755 929 2928 993 πνοῆς
2964 922 3222 998 βούλεται
3253 919 3478 992 δηλοῦν,
3499 919 3588 976 ’ἶνα
3623 918 3791 995 δείξῃ,

2146 1010 2230 1067 ὅτι
2274 1017 2370 1068 τοῦ
2447 1013 2523 1076 εἷς
2596 1014 2856 1089 οὐρανοὺς
2906 1011 3304 1092 ἀναληφθέντος
3351 1014 3416 1067 τὸ
3472 1009 3650 1086 ἔργον,
3699 1012 3796 1065 καὶ

2143 1108 2244 1170 τῆς
2304 1107 2487 1172 θεῖκῆς
2545 1101 2851 1174 δυνάμεως
2915 1103 2990 1164 ὡς
3076 1103 3167 1157 καὶ
3219 1099 3305 1156 ἐπὶ
3363 1108 3463 1170 τῆς
3524 1103 3790 1175 Ἐρυθρᾶς

2145 1189 2424 1262 θαλάσσης
2479 1193 2542 1248 τὸ
2583 1193 2759 1268 βίαιον
2817 1197 3030 1266 πνεῦμα
3111 1195 3208 1247 τοῦ
3251 1191 3430 1247 νότου.
3489 1188 3684 1252 Καλῶς
3733 1188 3790 1244 δὲ

2145 1279 2232 1335 ἐπὶ
2262 1281 2472 1336 πάντων
2528 1282 2755 1352 τούτων,
2787 1283 2854 1337 τὰ
2901 1283 3037 1337 κατά
3093 1276 3416 1357 παραϐολὴν
3466 1280 3550 1350 τὸ,
3583 1277 3790 1354 ὥσπερ,

2144 1370 2312 1447 φημὶ,
2339 1370 2428 1424 καὶ
2459 1371 2545 1440 τὸ,
2589 1371 2717 1425 ὡσεὶ
2749 1371 2939 1443 πυρὸς,
2995 1370 3080 1425 ’ἱνα
3113 1372 3188 1442 μὴ
3241 1369 3499 1436 αἰσθητόν
3557 1389 3610 1424 τι
3669 1369 3794 1444 περὶ

2144 1462 2242 1512 τοῦ
2300 1461 2608 1532 Πνεύματος
2667 1462 2929 1536 νομισθῇ.
2994 1457 3326 1536 Ἐπλήρωσε
3375 1457 3432 1514 δὲ
3489 1461 3580 1514 τϐν
3639 1460 3790 1514 οἷκον

2145 1545 2275 1603 ὅλον
2307 1551 2342 1618 ἡ
2371 1551 2535 1621 πνοή,
2567 1545 2964 1624 κολυμϐήθρας
3023 1547 3178 1620 δίκην
3225 1547 3635 1621 ἀναπληροῦσα,
3672 1547 3785 1604 ἐπεὶ

2142 1636 2230 1692 καὶ
2259 1635 2566 1716 ἐπήγγελτο
2596 1640 2805 1700 αὐτοῖς.
2836 1663 2866 1691 ι(
2895 1641 2982 1695 Ἐν
3027 1637 3298 1713 ΙΙνεύματι
3357 1640 3790 1714 βαπτισθήσεσθε

2141 1728 2229 1781 καὶ
2261 1729 2412 1798 πυρί.
2447 1753 2473 1780 ιι
2511 1730 2613 1786 Καὶ
2643 1731 2740 1799 τῆς
2791 1727 3074 1804 δαψιλείας
3133 1726 3191 1784 δὶ
3243 1733 3405 1785 τοῦτο
3463 1729 3788 1804 τεκμήριον,

2140 1816 2231 1871 καὶ
2289 1823 2391 1887 τῆς
2451 1816 2845 1897 σφοδρότητος,
2909 1823 3022 1894 Πῦρ
3082 1819 3144 1894 γὶ
3201 1817 3300 1873 οὐκ
3355 1816 3643 1892 ἐπλήρωσε
3698 1818 3788 1872 τὸν

2145 1907 2314 1972 οἷ’κον,
2393 1905 2483 1962 ’ἱνα
2544 1910 2619 1982 μή
2694 1909 2868 1979 πάντη
2957 1908 3214 1982 ἐκστήσῃ,
3275 1906 3364 1962 καὶ
3423 1913 3610 1984 φυγεῖν
3665 1907 3792 1967 τοὺς

2145 1996 2382 2068 ὁρῶντας
2441 1997 2848 2071 παρασκευάσῃ,
2936 1995 3104 2072 μηδὲν
3187 1991 3416 2072 ἔχοντας
3503 2001 3793 2073 μαρτυρεῖν

2141 2089 2247 2140 τῶν
2284 2087 2419 2158 μετά
2454 2090 2620 2142 ταῦτα
2655 2085 2989 2164 γενομένων.
3042 2087 3344 2157 Μερίζεται
3394 2083 3451 2142 δὶ
3498 2085 3574 2148 είς
3607 2084 3796 2162 γλώσ-

2144 2195 2238 2237 σας
2301 2177 2469 2248 πυρὸς
2525 2177 2586 2231 τὸ
2643 2181 2886 2250 Πνεῦμα,
2970 2173 3060 2231 καὶ
3141 2175 3465 2247 ἐπικαθηται
3545 2175 3626 2255 ἐφ’
3703 2173 3794 2230 ἕνα

2141 2260 2388 2334 ἕκαστον,
2445 2269 2554 2321 τῶν
2624 2267 2813 2322 ἑκατὸν
2879 2265 3048 2321 ετ’κοσι
3117 2264 3395 2336 δηλονότι,
3445 2267 3498 2320 οἳ
3563 2267 3650 2320 καὶ
3713 2269 3793 2338 τῷ

2143 2352 2280 2425 οἴκῳ
2321 2351 2718 2430 προσήδρευον.
2782 2358 2876 2412 Ἐκ
2925 2361 3051 2428 μιᾶς
3081 2355 3182 2431 γὰρ
3240 2355 3306 2424 ἦν
3369 2354 3524 2430 ῥίζης
3555 2356 3589 2423 ἡ
3625 2355 3789 2432 χάρις

2139 2447 2237 2498 τοῦ
2273 2441 2644 2517 Παρακλήτου
2677 2443 2751 2506 εῗς
2785 2441 3019 2524 διάφορα
3074 2445 3389 2519 χαρίσματα
3434 2443 3789 2518 μεριζομένη.

2141 2529 2246 2586 Καὶ
2279 2532 2538 2607 γλώσσης
2569 2529 2674 2587 ἔδει
2705 2532 3007 2608 τρανούσης
3067 2533 3132 2588 τὰ
3189 2531 3450 2608 μεγαλεῖα
3506 2532 3602 2586 τοῦ
3631 2537 3793 2600 Θεοῦ,

2141 2621 2310 2694 πυρὸς
2343 2617 2498 2690 δίκην
2531 2619 2932 2692 ἀναλισκούσης
2983 2627 3085 2676 πᾶν
3143 2622 3205 2676 τὸ
3256 2621 3548 2678 ἀντίθετον.
3611 2622 3790 2696 Πυρὸς

2141 2707 2199 2765 δὲ
2239 2709 2289 2765 ἔν
2323 2707 2475 2780 εἷ’δει,
2527 2712 2612 2766 ὅτι
2657 2713 2744 2767 καὶ
2799 2713 2860 2767 τὸ
2923 2716 3158 2786 Πνεῦμα,
3217 2714 3368 2785 Θεὸς,
3417 2713 3506 2768 καὶ
3562 2714 3649 2768 ἳνα
3696 2713 3790 2768 καὶ

2142 2796 2232 2854 διὰ
2260 2800 2456 2855 τούτου
2480 2801 2542 2855 τὸ
2575 2802 2812 2881 ὁμοφυὶς
2846 2803 2980 2876 πρὸς
3015 2803 3107 2858 τὸν
3179 2802 3388 2878 Πατέρα
3445 2805 3786 2879 παραστήσῃ,

2139 2887 2200 2949 ’ὸς
2233 2887 2376 2944 οὕτω
2414 2893 2492 2961 τῷ
2541 2895 2750 2964 Μωΰσῇ
2811 2889 2897 2945 ἐπὶ
2943 2895 3040 2946 τοῦ
3097 2891 3263 2966 βάτου
3316 2891 3616 2948 ὀπτάνεται.
3670 2893 3786 2970 Ἐφ’

2135 2975 2226 3031 ἓνα
2285 2975 2341 3032 δὲ
2395 2974 2622 3034 ἕκαστον
2683 2979 2937 3049 κάθηται,
2991 2981 3052 3035 τὸ
3129 2977 3340 3056 ἑδραῖον
3401 2982 3490 3036 καὶ
3553 2983 3782 3054 μόνιμον

2139 3063 2363 3136 δηλοῦν.
2422 3067 2498 3123 Τὸ
2556 3068 2682 3143 γὰρ,
2745 3093 2774 3121 ‹‹
2829 3069 3098 3138 Ἐκάθισε,
3132 3093 3160 3121 »
3217 3071 3301 3138 τὸ,
3358 3071 3648 3146 παρέμεινε
3695 3071 3786 3126 καὶ

2141 3155 2562 3227 ἐπανεπαύσατο,
2618 3157 2892 3228 σημαίνει.
2977 3157 3176 3214 Σκόπει
3255 3157 3310 3215 δὲ
3377 3159 3461 3216 ὅτι
3532 3159 3620 3215 ἐπὶ
3690 3162 3788 3232 μὲν

380 3249 710 3319 permansit
742 3253 800 3302 et
831 3249 1136 3318 requievit.
1171 3248 1494 3304 Considera
1537 3266 1671 3304 vero
1713 3267 1843 3320 quas
1874 3247 2030 3320 apud

2148 3245 2392 3302 Ἰωάννου
2459 3245 2532 3300 ἑνὶ
2621 3245 2826 3320 μέλλον
2910 3247 3181 3322 ἀνθρώπῳ
3255 3252 3578 3325 γνωσθῆναι,
3655 3249 3785 3304 ὡσεὶ

380 3337 689 3402 Joannem,
721 3343 787 3390 ut
816 3336 887 3390 ab
920 3353 1038 3390 uno
1070 3337 1310 3392 homine
1335 3339 1430 3393 15
1468 3345 1943 3410 cognosceretur,
1967 3339 2030 3393 in

383 3425 628 3480 modum
661 3423 950 3479 columba:
981 3424 1233 3490 videtur,
1269 3425 1638 3480 descendens
1661 3443 1837 3498 super
1858 3432 2034 3500 caput

379 3513 616 3570 Christi.
634 3513 878 3578 Quando
893 3520 1092 3568 autem
1109 3513 1552 3568 multitudinem
1569 3521 1749 3568 totam
1771 3516 2030 3570 converti

382 3602 711 3675 oportebat,
749 3609 1032 3672 tanquam
1061 3601 1234 3674 ignis.
1271 3601 1452 3672 quue
1489 3607 1762 3672 poterant
1804 3603 2030 3658 Hebraei

382 3709 453 3749 ex
489 3693 678 3748 Veteri
709 3708 946 3762 quoque
975 3693 1352 3746 Testamento
1397 3691 1468 3746 de
1520 3691 1636 3746 Deo
1677 3691 2030 3764 intelligere,

383 3783 540 3855 quod
569 3782 720 3856 ignis
753 3798 1113 3836 consumens
1145 3787 1320 3836 esset.
1364 3783 1658 3836 Prwterea
1688 3781 1866 3837 etiam
1891 3782 2030 3836 dum

383 3873 526 3927 disci
539 3871 656 3944 puli
673 3871 924 3926 orationi
942 3877 997 3925 et
1010 3869 1404 3925 obsecrationi
1421 3877 1758 3941 mutumque
1772 3870 2034 3926 dilectio-

381 3963 442 4015 ni
469 3960 899 4027 incumberent,
927 3965 1068 4014 tunc
1097 3960 1254 4014 venit
1275 3959 1348 4014 ad
1369 3976 1468 4014 eos
1488 3959 1740 4031 Spiritus
1765 3967 2028 4017 sanctus.

453 4051 523 4116 ll,
545 4051 596 4102 4.
633 4071 660 4098 ‹‹
691 4051 872 4104 Prout
900 4049 1027 4119 ipse
1059 4047 1311 4120 Spiritus
1367 4047 1545 4104 dabat
1595 4049 1798 4120 eloqui
1829 4050 1970 4104 illis.
2001 4074 2029 4100 ››

451 4140 635 4193 Erant
655 4139 814 4193 enim
847 4137 1007 4193 scita:
1025 4138 1350 4209 brevesque
1380 4138 1709 4208 sententias,
1738 4156 1886 4210 quas
1915 4140 2034 4195 lin-

377 4229 510 4302 guis
541 4227 715 4282 variis
749 4226 1146 4298 proferebant.

447 4320 519 4376 ll.
641 4342 668 4369 ιι
701 4321 881 4375 Erant
905 4325 1102 4375 autem
1132 4319 1516 4391 Jerosolymis
1559 4320 1900 4378 habitantes
1927 4323 2028 4378 Juo

381 4437 410 4464 «ι
446 4411 580 4475 daai,
605 4409 712 4465 viri
742 4409 1004 4484 religiosi
1037 4427 1109 4464 ex
1137 4410 1301 4466 omni
1333 4411 1577 4466 natione
1637 4427 1842 4468 eorum
1901 4429 2032 4483 quin

381 4524 410 4551 «
443 4509 584 4558 sunt
614 4502 722 4558 sub
754 4502 920 4558 caelo.
961 4523 981 4550 ιι

453 4595 618 4658 Quod
651 4595 908 4666 religiosi
935 4597 1135 4650 essent
1163 4608 1232 4647 ex
1263 4609 1332 4648 eo
1379 4593 1660 4657 ostendit,
1688 4595 1848 4664 quod
1888 4595 2030 4650 reli-
2063 4574 2106 4638 Ῑ)

383 4683 494 4738 etis
523 4687 752 4754 patriis,
785 4684 1282 4758 possessionibus,
1317 4685 1712 4756 domibusque
1743 4686 2025 4757 dimissis,

379 4773 748 4843 Jerosolyma
777 4775 1067 4846 eligerent
1121 4774 1408 4842 habitare,
1461 4779 1526 4828 ut
1573 4775 1746 4846 juxta
1779 4777 2028 4847 patriam

379 4859 570 4930 legem
595 4867 682 4915 ter
701 4863 762 4915 in
784 4879 942 4918 anno
975 4870 1219 4935 possent
1233 4879 1517 4935 apparere
1533 4881 1732 4920 coram
1754 4866 2005 4921 Domino

453 4949 522 5016 II,
559 4953 589 5004 6
625 4951 712 5004 12.
745 4973 772 5000 α
805 4953 980 5008 Facta
1007 4971 1140 5010 vero
1171 4955 1282 5010 hac
1335 4971 1472 5010 voce
1504 4955 1783 5010 convenit
1827 4955 2030 5010 multi-

381 5061 409 5088 ιι
446 5037 612 5104 tudo,
645 5043 704 5093 et
734 5039 982 5094 confusa
1002 5047 1109 5106 est,
1144 5043 1300 5113 quod
1323 5043 1601 5099 audirent
1623 5044 2030 5116 unusquisqus

385 5131 651 5204 «lingua
708 5147 814 5187 sua
867 5131 1001 5186 illos
1057 5133 1390 5204 loquentes.
1451 5136 1782 5208 Stupebant
1831 5143 2031 5193 autem

390 5241 410 5268 ι
449 5237 658 5277 omnes
672 5227 730 5276 et
761 5220 1152 5280 mirabantur.
1175 5223 1753 5282 dicentesintersese
1779 5243 1792 5281 :
1825 5226 2031 5283 Nonne

387 5327 410 5358 ι
447 5325 584 5366 ecce
617 5327 826 5366 omnes
855 5309 952 5364 isti
985 5310 1085 5380 qui
1118 5309 1444 5380 loquuntur
1474 5315 1700 5370 Galilaai
1745 5323 1884 5372 sunt
1913 5317 1940 5372 ?
1963 5319 2034 5372 Et

383 5419 412 5448 ιι
439 5399 735 5469 quomodo
765 5417 874 5455 nos
895 5397 1172 5454 audimus
1203 5413 1302 5452 eos
1319 5402 2034 5479 prOpriaquisquelingua

388 5508 418 5542 ιι
447 5493 654 5545 nostra
689 5489 752 5544 in
785 5506 903 5561 qua
931 5489 1054 5545 nati
1112 5503 1319 5546 sumus
1344 5489 1371 5544 ?
1425 5491 1650 5557 Parthi,
1682 5499 1742 5549 et
1771 5495 1942 5564 Medi,
1974 5502 2034 5553 et

2136 3336 2424 3410 περιστερά
2455 3333 2737 3411 βλέπεται,
2769 3340 2838 3410 τῇ
2888 3334 3102 3416 κεφαλῇ
3160 3341 3256 3392 τοῦ
3315 3341 3554 3413 Χριστοῦ
3611 3337 3781 3395 ἐπιόν.

2135 3425 2264 3480 ’Ότε
2323 3421 2379 3478 δὲ
2443 3421 2659 3494 πλῆθος
2709 3421 2839 3480 δλον
2897 3424 3290 3505 ἐπιστραφῆναι
3335 3425 3464 3496 ἔδει,
3532 3429 3606 3490 ὡς
3652 3432 3781 3502 πῦρ.

2137 3513 2246 3567 Καὶ
2276 3512 2304 3566 ’ὀ
2337 3513 2493 3587 εἶχον
2517 3513 2575 3568 ἐκ
2607 3511 2846 3569 παλαιοῦ
2867 3509 3112 3590 Ἑϐραῖοι
3171 3517 3293 3589 περὶ
3359 3521 3492 3572 Θεοῦ
3533 3514 3784 3582 ¹διανοεῖ-

2137 3603 2281 3671 σθαι,
2315 3603 2396 3656 ὅτι
2428 3607 2534 3677 πῦρ
2577 3603 2688 3658 ἐστι
2745 3603 3156 3663 καταναλίσκον.
3215 3605 3392 3665 Ἀλλὰ
3448 3609 3536 3663 καὶ
3591 3607 3680 3663 ὅτε
3709 3611 3776 3681 τῇ

2135 3695 2420 3770 προσευχῇ
2451 3692 2914 3769 προσεκαρτέρουν
2949 3696 3000 3750 oi
3031 3697 3268 3768 μαθηται
3300 3697 3385 3751 καὶ
3449 3700 3514 3770 τῇ
3574 3693 3775 3766 δεήσει,

2134 3779 2224 3835 καὶ
2253 3784 2322 3854 τῇ
2355 3781 2490 3856 πρὸς
2520 3780 2806 3852 ἀλλήλους
2847 3783 3053 3859 ἀγάπῃ,
3083 3785 3208 3840 τότε
3237 3785 3419 3846 αὐτοῖς
3447 3786 3509 3841 τὸ
3561 3788 3775 3859 Πνεῦμα

2135 3870 2196 3924 τὸ
2229 3871 2382 3946 ἅγιον
2411 3871 2782 3948 παραγίνεται.

2209 4075 2235 4102 ‹‹
2270 4050 2464 4114 Καθὼς
2495 4051 2558 4106 τὸ
2590 4054 2809 4124 Πνεῦμα
2837 4050 3018 4108 ἐδίδου
3051 4054 3240 4116 αὐτοῖς
3270 4053 3720 4134 ἀποφθέγγεσθαι.
3756 4077 3786 4106 ι»

2211 4139 2632 4216 Ἀποφθέγματα
2694 4142 2797 4218 γὰρ
2853 4143 3009 4212 ἦσαν,
3069 4143 3102 4198 ἃ
3156 4149 3278 4206 ταῖς
3339 4141 3619 4218 γλώσσαις
3665 4150 3786 4208 ταῖς

2139 4225 2424 4304 διαφόροις
2456 4227 2774 4307 προέρερον.

2207 4341 2236 4370 ιι
2271 4318 2436 4373 Ἦσαν
2488 4313 2546 4372 δὲ
2602 4316 2653 4372 ἐν
2710 4318 3077 4395 Ἰερουσαλήμ
3103 4323 3480 4381 κατοικοῦντες
3531 4317 3790 4377 Ἰουδαῖοι

2141 4431 2169 4462 ιι
2200 4404 2388 4483 ἄνδρες
2417 4401 2670 4470 εὐλαϐεῖς
2728 4407 2835 4464 ἀπὸ
2887 4409 3092 4473 παντὸς
3146 4407 3332 4472 ἔθνους
3389 4415 3498 4466 τῶν
3563 4410 3665 4467 ὑπὸ
3695 4412 3794 4466 τὸν

2139 4521 2167 4549 ‹‹
2202 4495 2454 4570 οὐρανόν.
2487 4517 2511 4549 ι

2205 4610 2322 4660 Ὃτι
2355 4599 2606 4668 εὐλαϐεῖς
2664 4603 2896 4663 δείκνυσι
2961 4609 3044 4677 τὸ,
3099 4609 3194 4671 τὰς
3249 4606 3513 4684 πατρίδας
3556 4607 3800 4666 καταλι-

2137 4696 2354 4764 πόντας,
2412 4697 2504 4751 καὶ
2557 4699 2776 4768 κτήσεις
2832 4699 3062 4776 ἀφέντας
3119 4700 3210 4754 καὶ
3267 4699 3466 4768 οἰκίας,
3525 4703 3624 4770 τήν
3703 4704 3805 4760 Ἰε-

2139 4785 2435 4859 ρουσαλὴμ
2489 4783 2702 4842 ἑλέσθαι
2785 4793 3080 4854 κατοικεῖν,
3135 4787 3228 4843 ἵνα
3279 4787 3452 4862 ἔχωσι
3509 4793 3644 4846 κατὰ
3691 4793 3800 4850 τὸν

2137 4876 2362 4950 πάτριον
2394 4874 2564 4948 νόμον
2582 4877 2701 4951 τρὶς
2733 4881 2829 4932 τοῦ
2855 4875 3103 4933 ἐνιαυτοῦ
3125 4879 3448 4934 ὀπτάνεσθαι
3481 4885 3615 4951 Θεῷ.

2209 4989 2236 5016 ‹‹
2285 4963 2584 5037 Γενομένης
2643 4963 2702 5021 δὶ
2756 4970 2857 5032 τῆς
2915 4974 3104 5046 φωνῆς
3161 4968 3387 5039 ταύτης,
3435 4967 3672 5040 ωνῆλτε
3728 4974 3806 5028 τὸ

2141 5076 2169 5106 ιι
2201 5051 2434 5122 πλῆθος,
2465 5054 2555 5108 καὶ
2619 5054 2910 5130 συνεχύθη,
2943 5055 3026 5110 ὅτι
3081 5055 3281 5124 ἤκουον
3337 5059 3416 5118 εἷς
3463 5054 3689 5120 ἕκαστος
3723 5066 3810 5136 τῇ

2141 5165 2170 5194 α
2231 5138 2344 5212 ἰδίᾳ
2405 5138 2675 5216 διαλέκτῳ
2721 5141 3035 5198 λαλούντων
3091 5144 3293 5201 αὐτῶν.
3359 5145 3660 5216 Ἐξίσταντο
3735 5147 3814 5207 δὶ

2140 5254 2170 5286 ιι
2205 5233 2399 5293 πάντες
2439 5233 2530 5287 καὶ
2589 5233 2916 5306 ἐθαύμαζον,
2977 5231 3228 5312 λέγοντες
3287 5237 3424 5310 πρὸς
3478 5235 3814 5306 ἀλλήλους·

2140 5345 2169 5374 ‹‹
2201 5320 2316 5378 Οὐκ
2348 5318 2465 5376 ἰδοὺ
2513 5325 2712 5386 πάντες
2761 5322 2914 5380 οῦτοί
2969 5324 3105 5379 εἰσιν
3163 5325 3216 5380 οἱ
3271 5323 3574 5391 λαλοῦντες
3631 5330 3822 5388 Γαλι-

2141 5433 2169 5462 ι(
2204 5407 2352 5497 λαῖοι
2389 5411 2530 5480 ;Καὶ
2561 5418 2679 5476 πῶς
2725 5415 2889 5487 ἡμεῖς
2947 5411 3242 5489 ἀκούομεν,
3295 5413 3516 5478 ἕκαστος
3557 5421 3625 5483 τῆ
3677 5417 3824 5497 ἰδίᾳ

2142 5521 2171 5550 ‹‹
2203 5494 2472 5572 διαλέκτῳ
2529 5501 2690 5573 ἡμῶν
2746 5500 2798 5557 ἔν
2853 5503 2890 5574 ᾖ
2941 5499 3352 5578 ἰγεννήθημενς
3415 5506 3643 5582 Πάρθοι,
3701 5494 3818 5568 καῖ

460 5641 509 5680 ⁸³
539 5643 718 5700 Exod.
751 5661 864 5714 xiv,
897 5647 982 5700 21·
1063 5643 1108 5679 ³³
1138 5641 1340 5701 Matth.
1373 5659 1462 5711 ιιι,
1496 5645 1582 5700 ll.
1660 5643 1707 5680 ’δ
1737 5645 1904 5704 Deut.
1939 5667 2016 5723 iv,

2149 5670 2162 5724 ;
2199 5652 2374 5711 Hebr.
2407 5671 2510 5727 xu,
2540 5657 2630 5713 2ο.
