4136 6200
310 347 398 408 65
812 392 819 397 ι
1295 344 1706 409 COMMENT.
1752 344 1833 405 IN
1877 341 2079 405 ACTA
2119 341 2738 407 APOS‘TOLORUM.
3654 355 3734 416 66

315 509 348 539 α
380 479 589 553 Μῆδοι,
635 480 728 537 καὶ
790 478 1110 555 Ἐλαμῖται,
1167 480 1260 536 καὶ
1318 481 1370 535 οἱ
1425 484 1808 541 κατοικοῦντες
1874 479 1972 549 τήν

2092 497 2118 529 ι
2151 476 2441 545 Ειεωὶιω,
2468 484 2526 534 et
2545 480 2907 540 habitatores
2930 486 3735 562 Mesopotamim,.ludaamque

322 599 355 628 ει
386 571 834 646 Μεσοποταμίαν,
896 569 1164 629 Ἰουδαίαν
1253 591 1312 627 τε
1388 570 1479 626 καὶ
1556 568 1971 627 Καππαδοκίαν.

328 688 359 715 (ι
391 663 587 718 Πόντον
611 662 701 716 καὶ
734 664 836 731 τήν
867 662 1078 730 Ἀσίαν,
1110 660 1350 737 Φρυγίαν
1378 681 1437 717 τε
1482 660 1574 716 καὶ
1626 661 1970 739 Παμφυλίαν.

326 779 356 806 ι(
387 750 665 829 Αἴγυπτον
696 756 787 805 καί
818 750 885 807 τὰ
917 749 1055 825 μέρη
1115 757 1215 820 τῆς
1269 744 1480 821 Λιϐύης
1534 756 1635 819 τῆς
1691 750 1831 805 κατὰ
1861 755 1974 804 Κυ-

326 866 357 896 α
387 844 584 918 ρήνην,
613 840 707 896 καὶ
739 840 793 894 οἱ
833 837 1227 913 ἐπιδημοῦντες
1274 840 1568 912 Ῥωμαῖοι,
1628 835 1885 896 ’[ουδαῖοί
1916 859 1976 895 τε

321 954 352 984 α
391 930 485 986 καὶ
547 927 917 1005 προσήλυτοι,
977 935 1190 1004 Κρῆτες
1241 929 1333 984 καὶ
1388 922 1646 1005 Ἄραϐες,
1704 927 1975 1002 ἀκούομεν

319 1046 348 1074 ο
384 1018 709 1077 λαλούντων
768 1019 946 1074 αὐτῶν
1005 1023 1125 1080 ταῖς
1210 1017 1501 1094 ἡμετέραις
1577 1016 1853 1095 γλώσσαις
1908 1017 1975 1072 τὰ

317 1136 348 1163 οι
410 1107 682 1185 μεγαλεῖα
738 1113 836 1164 τοῦ
895 1113 1030 1164 Θεοῦ
1114 1109 1422 1180 Ἑξίσταντο
1497 1105 1556 1163 δὲ
1610 1107 1826 1177 πάντες,
1882 1106 1973 1162 καὶ

319 1224 353 1252 ο(
387 1197 711 1273 διηπόρουν,
768 1196 942 1259 ἄλλος
998 1196 1138 1274 πρόίς
1213 1195 1387 1253 ἄλλον
1456 1194 1724 1271 λέγοντες*
1784 1196 1849 1253 Τί
1917 1195 1975 1251 ἃν

325 1312 356 1341 «ι
386 1287 541 1344 θέλοι
562 1291 727 1343 τοῦτο
759 1292 892 1343 εἶναι
929 1306 943 1356 ;
976 1310 1006 1338 ιι

398 1376 681 1456 Συνεχύθη
745 1376 806 1432 τὸ
864 1374 1104 1448 πλῆθος,
1151 1374 1279 1446 ἤτοι
1339 1374 1618 1456 ἐταράχθη
1657 1419 1672 1445 ,
1725 1374 1971 1438 εἰκότως·

329 1466 582 1539 ἐνόμιζον
640 1465 745 1542 γαρ
819 1464 1080 1541 παρέχειν
1137 1466 1327 1528 αὐτοῖς
1382 1466 1700 1542 πράγματα,
1762 1462 1851 1520 διὰ
1908 1465 1974 1521 τὰ

322 1556 468 1612 κατᾶ
498 1559 596 1610 τοῦ
623 1559 869 1629 Χριστοῦ
898 1553 1263 1628 τολμηθέντα,
1297 1555 1387 1611 καὶ
1429 1555 1493 1610 τὸ
1548 1551 1786 1616 συνειδὸς
1842 1576 1975 1611 κατ-

326 1645 498 1700 έσειεν
527 1645 699 1700 αὐτῶν
730 1645 827 1706 τὰς
860 1647 1064 1724 ψυχας,
1098 1645 1199 1700 Καὶ
1254 1645 1306 1699 οἱ
1339 1645 1434 1717 μὶν
1468 1645 1747 1724 μιαιφόνοι
1777 1641 1972 1706 οὕτως·

328 1736 382 1789 οἱ
416 1732 477 1789 δὲ
508 1729 760 1795 εὐλαϐεῖς
816 1731 1136 1807 ἐθαύμαζον.
1202 1732 1532 1796 Γαλιλαίους
1593 1734 1687 1808 μὶν
1715 1733 1974 1810 ἐπιγινώ-

327 1844 549 1879 σκοντες
607 1823 828 1890 αὐτοὺς,
885 1828 1007 1885 ταῖς
1065 1820 1123 1878 δὲ
1187 1823 1439 1898 πατρίοις
1474 1821 1735 1900 γλόσσαις
1802 1822 1976 1880 αὐτῶν

326 1912 661 1974 λαλοῦντας.
722 1911 882 1969 Ἀλλ’
938 1913 988 1968 οἱ
1040 1913 1136 1986 μὶν
1185 1909 1487 1968 ἀπόστολοι
1554 1908 1750 1987 ᾔδεσαν
1797 1914 1830 1968 ἃ
1891 1914 1977 1969 λέ-

326 2024 542 2080 γουσιν,
572 2001 661 2057 ὅτι
688 2006 757 2057 τε
789 2001 1048 2079 μεγαλεῖα
1105 2007 1203 2059 τοῦ
1269 2007 1425 2072 Θεοῦ,
1454 2000 1637 2066 ποίαις
1678 1999 1736 2058 δὲ
1792 2000 1974 2081 γλώσ-

334 2113 454 2154 σαις
484 2092 588 2147 οὐκ
612 2089 833 2167 ᾔδεσαν,
865 2091 909 2147 εί
945 2099 1018 2165 μῆ
1055 2093 1107 2147 οἳ
1141 2091 1429 2153 ἀκούοντες
1460 2089 1648 2167 ἄνδρες
1704 2087 1978 2163 εὐλαϐεῖς,

344 2185 463 2238 οἷον
491 2185 519 2238 ὁ
550 2183 764 2255 Σκύθης
793 2184 984 2260 τυχὸν,
1016 2183 1051 2253 ἢ
1086 2184 1115 2237 ὁ
1146 2179 1311 2245 Ἰνδὸς
1345 2181 1428 2237 ὅτι
1470 2183 1749 2254 Σκυθιστὶ,
1782 2182 1818 2253 ἢ
1860 2180 1980 2238 δια-

347 2270 523 2345 λὲκτῳ
550 2269 728 2330 Ἰνδῶν
754 2273 807 2329 οἳ
837 2270 1139 2328 ἀπόστολοι
1168 2273 1512 2351 φθέγγονται.

401 2566 431 2594 ‹‹
480 2544 695 2619 ⁶Ετεροι
755 2540 813 2598 δὲ
869 2540 1232 2613 χλευάζοντες
1291 2536 1503 2619 ἔλεγον,
1561 2540 1648 2598 ὅτι
1706 2540 1979 2607 Γλεύκους

324 2657 353 2683 ‹‹
393 2630 807 2707 μεμεστωμένοι
839 2632 993 2691 εἰσίν,
1025 2656 1054 2684 ››

393 2725 571 2781 ἽῘσαν
626 2721 683 2780 δὲ
732 2724 822 2780 καί
878 2744 1017 2786 τινες
1081 2728 1190 2780 τῶν
1269 2720 1573 2796 συνιέντων,
1628 2722 1977 2800 χυδαιότεροι

322 2809 485 2881 ἴσως,
534 2812 640 2867 ἀπὸ
687 2812 857 2887 μέθης
915 2814 980 2869 τὰ
1034 2810 1341 2886 τελούμενα
1396 2815 1534 2868 εἶναι
1592 2812 1975 2892 χλευάζοντες.

322 2901 389 2956 Εἰ
424 2900 532 2978 γὰρ
565 2903 642 2974 μή
678 2901 941 2971 συνίεσαν,
993 2897 1105 2955 οὐδ’
1164 2899 1223 2955 ἂν
1281 2900 1358 2964 εἰς
1415 2899 1583 2975 μέθην
1631 2901 1696 2956 τὸ
1747 2905 1978 2979 πρᾶγμα

323 2985 648 3048 διέϐαλλον.
688 2990 752 3047 Εἰ
807 2988 864 3045 δὲ
921 2988 1235 3047 λαλούντων
1291 2989 1470 3045 αὐτῶν
1523 2996 1783 3056 συνίεσαν,
1815 2989 1975 3066 ἐρεῖς,

328 3085 451 3140 πῶς
507 3077 569 3134 ἂν
628 3078 916 3159 χλευάζειν
967 3078 1327 3155 ἰτόλμησανς
1411 3077 1566 3136 Ἀλλ’
1624 3081 1659 3150 ἡ
1718 3080 1881 3136 κακία
1925 3078 1975 3150 ἐξ

330 3164 792 3245 ὑπερϐαλλούσης
848 3168 1133 3244 πονηρίας,
1212 3166 1426 3232 ούδενός
1511 3168 1653 3224 ἐστιν
1708 3169 1886 3225 ἄλλου
1937 3170 1973 3240 ἢ

2085 586 2113 616 ‹‹
2146 572 2205 622 et
2234 567 2643 639 Cappadocia),
2679 574 2847 627 Ponti
2908 581 2967 629 et
3022 576 3198 641 Asiae,
3260 579 3646 652 Phrygiaeque
3676 585 3736 635 et

2086 675 2111 708 α
2146 657 2529 729 Pamphyliae,
2563 661 2789 732 £gypti
2822 668 2881 716 et
2928 666 3184 734 partium
3218 666 3410 738 Libya;
3442 672 3571 739 ejus
3602 686 3735 740 qum

2083 767 2112 796 «
2146 751 2236 800 est
2262 746 2520 802 ﬁnitima
2548 749 2810 821 Cyrenas,
2845 757 2904 807 et
2939 752 3062 808 illic
3111 763 3417 811 versantes
3459 757 3735 824 Romani,

2088 855 2117 885 ‹‹
2144 835 2450 907 Judaaique
2472 843 2531 893 et
2560 840 2866 913 proselyti,
2887 842 3089 897 Cretes
3122 851 3182 898 et
3210 847 3432 902 Arabes
3462 848 3736 903 audimus

2084 946 2112 975 «
2145 941 2245 981 eos
2276 925 2590 997 loquentes
2619 931 2839 986 nostris
2870 931 3089 1005 linguis
3120 937 3417 1007 magnalia
3446 938 3568 993 Dei.
3603 938 3739 994 Stu-

2085 1037 2115 1067 «
2142 1015 2364 1087 pebant
2392 1032 2592 1073 autem
2625 1036 2833 1074 omnes
2864 1035 2932 1076 ac
2967 1022 3438 1094 admirabantur,
3478 1027 3632 1082 alius
3662 1026 3739 1082 ad

2083 1125 2112 1153 «
2137 1104 2322 1160 alium
2355 1104 2623 1163 dicentes
2660 1124 2672 1162 :
2705 1108 2998 1175 Quidnam
3029 1112 3152 1167 vult
3181 1113 3292 1169 hoc
3325 1130 3454 1170 esse
3485 1115 3513 1171 Ἰ
3544 1139 3571 1165 ››

2154 1375 2409 1432 Confusa
2482 1382 2573 1433 est
2654 1378 2906 1435 multido
2990 1382 3111 1436 sive
3194 1383 3476 1450 turbata,
3553 1384 3733 1457 idque

2083 1465 2297 1520 merito
2331 1482 2344 1519 :
2379 1464 2801 1522 existimabant
2831 1469 2991 1524 enim
3041 1470 3200 1541 quod
3246 1473 3547 1545 negotium
3616 1473 3736 1529 illis

2081 1555 2469 1621 facesserent,
2502 1556 2577 1611 ob
2609 1574 2678 1612 ea
2708 1575 2839 1629 quas
2862 1559 3145 1616 adversus
3177 1563 3477 1617 Christum
3518 1570 3740 1621 temere

2084 1646 2529 1709 commiserant,
2571 1646 2644 1700 ob
2691 1663 2822 1717 quaa
2885 1650 3063 1704 etiam
3114 1652 3481 1707 conscientia
3534 1670 3738 1709 eorum

2084 1733 2315 1789 animas
2347 1735 2744 1791 concutiebat.
2794 1741 2860 1791 Et
2889 1738 3202 1794 homicida)
3260 1740 3501 1810 quidem
3561 1743 3642 1797 ita
3673 1759 3734 1798 se

2086 1822 2404 1878 habebant.
2438 1824 2717 1898 Religiosi
2750 1842 2884 1880 vero
2914 1827 3391 1891 admirabantur,
3422 1847 3557 1885 cum
3599 1831 3735 1886 illos

2090 1913 2362 1969 Galilaeos
2394 1929 2522 1969 esse
2548 1923 2997 1987 cognoscerent,
3031 1924 3089 1973 et
3121 1923 3318 1973 tamen
3349 1920 3555 1990 patriis
3578 1921 3737 1992 ipso-

2090 2018 2222 2056 rum
2254 2002 2474 2075 linguis
2517 2002 2923 2075 loquerentur.
2960 2006 3170 2061 Verum
3207 2007 3461 2079 apostoli
3495 2009 3735 2079 quidem

2089 2098 2378 2147 noverant
2398 2110 2529 2164 quae
2552 2093 2838 2162 dicerent,
2853 2111 3067 2167 nempe
3086 2097 3243 2168 quod
3268 2098 3583 2170 magnifica
3601 2099 3733 2156 Dei:

2090 2180 2307 2252 quibus
2337 2187 2535 2236 autem
2568 2181 2787 2255 linguis
2810 2199 2879 2239 ea
2899 2183 3435 2255 loquerentur,non
3459 2195 3745 2244 noverant

2091 2270 2207 2324 nisi
2232 2270 2340 2324 viri
2396 2270 2658 2344 religiosi
2684 2273 2785 2344 qui
2827 2273 3167 2343 audiebant,
3199 2283 3342 2347 puta
3399 2276 3613 2349 Scytha
3637 2278 3751 2333 for-

2092 2359 2266 2415 tassis
2293 2364 2395 2415 aut
2424 2360 2626 2429 Indus,
2658 2361 2759 2416 ιθ
2794 2362 2953 2434 quod
2985 2363 3256 2436 Scythica
3305 2370 3408 2421 aut
3460 2367 3745 2423 Indorum

2086 2447 2294 2521 lingua
2322 2448 2590 2521 Apostoli
2626 2448 3034 2522 loquerentur.

2164 2557 2189 2590 α
2223 2537 2337 2592 Alii
2361 2544 2559 2594 autem
2592 2538 2912 2595 irridentes
2942 2540 3251 2599 dicebant:
3286 2544 3475 2599 Musto
3508 2542 3740 2619 impleti

2089 2647 2118 2675 «
2161 2632 2319 2682 sunt.
2355 2648 2383 2676 »

2159 2715 2340 2770 Erant
2353 2720 2550 2772 autem
2575 2721 2635 2772 et
2653 2718 2927 2774 nonnulli
2955 2736 3161 2776 eorum
3185 2721 3284 2792 qui
3303 2722 3741 2796 intelligebant,

2089 2802 2444 2875 abjectiores
2478 2805 2770 2877 fortassis,
2804 2809 2961 2880 quod
2994 2810 3334 2878 irridentes,
3368 2828 3437 2867 ea
3457 2830 3589 2883 quas
3632 2814 3740 2867 ﬂeo

2087 2892 2234 2949 bant
2265 2894 2571 2951 ebrietatis
2603 2913 2732 2953 esse
2766 2897 3053 2954 dicerent.
3086 2901 3207 2955 Nisi
3240 2902 3399 2956 enim
3444 2901 3741 2972 intellige—

2086 2989 2243 3048 rent,
2276 3001 2402 3040 rem
2434 2986 2623 3057 ipsam
2647 3003 3027 3057 nequaquam
3058 2988 3131 3043 ad
3150 2988 3495 3043 ebrietatem
3518 2990 3739 3045 calum-

2088 3072 2327 3127 niantes
2360 3074 2670 3128 referrent.
2697 3076 2911 3129 Verum
2938 3074 3098 3129 dices
3123 3091 3136 3128 :
3161 3076 3218 3129 Si
3241 3076 3402 3148 ipsos
3425 3077 3738 3150 loquentes

2088 3160 2518 3233 intelligebant,
2554 3178 2816 3232 quonam
2857 3163 3325 3243 modo\irridere
3380 3166 3680 3222 audebant
3711 3170 3739 3223 Ἰ

328 3236 503 3332 μόνης
533 3266 635 3329 τῆς
665 3236 1003 3338 διαστροφῆς
1028 3259 1220 3329 αὐτῆς,
1247 3256 1397 3320 ὅπως
1447 3259 1533 3314 δτι
1565 3256 1770 3330 δήποτε
1819 3257 1970 3313 ἀνευ-

2089 3248 2200 3304 Sed
2230 3250 2459 3305 malitia
2488 3267 2621 3321 qua:
2645 3266 2713 3305 ex
2735 3252 2920 3306 nimia
2941 3236 3225 3324 pravitate
3249 3261 3359 3322 est,
3384 3272 3419 3311 a
3439 3256 3604 3311 nullo
3618 3257 3737 3313 alio

328 3350 500 3423 ροῦσα
521 3349 584 3405 τό
615 3350 788 3424 παρὸν
818 3346 1208 3424 διακρούσηται
1229 3353 1448 3406 ὐποῖον
1476 3349 1569 3404 καὶ
1608 3352 1704 3404 τοῦ
1733 3349 1972 3423 Χριστοῦ

324 3441 890 3516 θαυματουργοῦντος,
931 3439 1028 3493 οὐκ
1060 3438 1213 3518 εἶχον
1266 3439 1359 3513 μὶν
1418 3432 1791 3518 ἀμφιϐάλλειν
1839 3438 1974 3513 πρὸς

330 3529 435 3595 τήν
479 3526 762 3602 ἐνέργειαν,
823 3532 902 3601 τῷ
961 3524 1018 3583 δὲ
1066 3522 1405 3599 Βεελζεϐοὺλ
1476 3527 1801 3601 μεμηνότως
1884 3525 1973 3582 ἐπ-

327 3616 628 3695 εγράφοντο
657 3618 721 3673 τὸ
790 3621 1037 3695 πρᾶγμα.
1093 3618 1294 3674 Ἐθνῶν
1353 3614 1408 3673 δὶ
1468 3617 1740 3692 μέμνηται
1801 3615 1973 3672 πολε-

325 3706 472 3778 μίων
526 3710 644 3767 τοῖς
689 3704 1007 3773 Ἰουδαίοις,
1066 3711 1323 3781 Κρητῶν,
1374 3701 1645 3780 ’Δράϐων,
1726 3706 1817 3761 καὶ
1865 3710 1973 3761 τῶν

323 3792 539 3862 ἄλλων,
570 3795 645 3848 ὧν
675 3800 796 3856 ταῖς
826 3792 1103 3873 γλώσσαις
1131 3792 1453 3864 λαλοῦντες,
1488 3790 1770 3869 σύμϐολον
1807 3799 1970 3850 τοῦτο

323 3883 678 3957 παρείχοντο,
709 3883 784 3945 ὡς
814 3883 1029 3940 πάντων
1060 3883 1268 3939 τούτων
1296 3887 1367 3959 τῇ
1393 3884 1574 3939 πίστει
1611 3885 1972 3958 κρατήσουσιν

324 3977 619 4047 Πανταχοῦ
641 3969 700 4026 δὶ
733 3973 869 4045 μετᾶ
896 3974 996 4041 τῆς
1021 3970 1219 4048 ἀρετῆς
1251 3975 1285 4042 ἡ
1322 3972 1627 4052 μοχθηρία.
1657 3973 1725 4030 Οἱ
1760 3974 1854 4048 μὲν
1885 3972 1970 4029 εύ-

322 4055 514 4123 λαϐεἶς
545 4060 871 4137 ἐθαύμαζον,
892 4062 949 4116 οἱ
969 4058 1026 4116 δὲ
1056 4059 1374 4137 ἐχλεύαζον.
1402 4063 1544 4137 Ὅρη
1579 4058 1635 4117 δὶ
1655 4063 1754 4133 τήν
1789 4061 1967 4139 ἄνοιαν

322 4155 434 4205 τῶν
494 4149 896 4225 χλευαζόντων.
954 4148 1253 4218 Γλεύκους,
1312 4151 1438 4228 φασὶ
1477 4194 1491 4220 ,
1552 4150 1968 4225 μεμεστωμένοι

322 4239 449 4298 εθσί.
486 4241 585 4295 Καί
617 4239 787 4297 τοιού
841 4239 1037 4296 τούτου
1095 4240 1286 4315 καιρὸς
1342 4239 1428 4310 ἦν.
1490 4242 1833 4312 Πεντηκοστὴ
1864 4241 1969 4316 γὰρ

318 4331 411 4399 ἧν,
466 4329 554 4384 ὅτε
620 4327 854 4406 γλεῦκος
909 4328 1010 4385 ούκ
1064 4326 1199 4387 ἔστι.
1260 4331 1494 4390 Γλεῦκος
1551 4331 1657 4405 γαρ
1707 4331 1909 4404 κυρίως
1940 4331 1968 4385 ὁ

316 4419 415 4473 ἀπ’
442 4419 612 4489 αὐτῆς
642 4425 745 4488 τῆς
785 4416 954 4488 ληνοῦ
990 4416 1197 4493 γλυκὺς
1255 4417 1392 4494 ῥέων
1443 4418 1611 4480 οἶνος.
1671 4417 1850 4477 Ἀλλὰ
1877 4419 1968 4474 καὶ

314 4511 350 4579 ἡ
386 4509 502 4582 ὥρα
532 4509 693 4582 τρίτη
718 4508 810 4577 ἦν,
840 4505 893 4562 ἐν
933 4510 970 4580 ᾖ
1002 4507 1260 4572 ἀπίθανον
1323 4506 1562 4580 μεθύειν,
1593 4508 1679 4562 καὶ
1733 4506 1970 4578 μάλιστα

2081 3355 2262 3412 quam
2293 3338 2366 3394 ab
2399 3339 2530 3412 ipsa
2573 3341 2957 3412 perversitate
3017 3343 3287 3415 procedit
3321 3361 3333 3400 :
3394 3351 3461 3400 ut
3494 3363 3738 3419 quoquo

2077 3438 2254 3494 modo
2285 3438 2549 3494 inveniat
2573 3456 2691 3510 quo
2722 3456 2986 3510 praesens
3032 3440 3256 3498 bonum
3330 3443 3608 3500 obturbet
3665 3463 3733 3502 ac

2076 3526 2346 3599 repellat.
2382 3527 2563 3593 Quale
2595 3529 2773 3583 etiam
2805 3535 2931 3585 erat
2962 3530 3122 3602 quod
3155 3532 3386 3587 Christo
3443 3535 3733 3591 miracula

2077 3618 2310 3680 edente,
2344 3635 2466 3674 non
2497 3626 2772 3691 poterant
2801 3621 3043 3692 quidem
3075 3623 3375 3696 ambigere
3427 3642 3584 3681 Circa
3615 3626 3729 3682 vim

2077 3713 2137 3763 et
2157 3707 2482 3764 efﬁcaciam
2507 3709 2833 3782 signorum,
2858 3710 3481 3768 sedinsanientesrem
3504 3715 3729 3771 Beelze-

2076 3796 2180 3852 bul
2212 3796 2589 3853 ascribebant
2609 3796 2674 3853 εδ.
2730 3799 3006 3854 Gentium
3037 3805 3237 3856 autem
3295 3803 3568 3857 meminit
3596 3821 3729 3874 quas

2074 3889 2294 3944 Judaais
2310 3890 2510 3945 hostes
2533 3896 2723 3951 erant,
2745 3897 2887 3963 puta
2908 3892 3168 3959 Cretum,
3191 3893 3472 3961 Arabum,
3506 3900 3565 3950 et
3582 3896 3729 3951 alio«

2076 3994 2230 4044 rum,
2264 3994 2520 4050 quorum
2552 3979 2771 4052 linguis
2802 3980 3134 4051 loquentes,
3170 3982 3405 4051 signum
3437 3984 3550 4040 hoc
3579 4002 3726 4057 prai-

2074 4066 2314 4131 bebant,
2348 4067 2506 4139 quod
2552 4068 2660 4123 hos
2709 4085 2919 4124 omnes
2964 4069 3080 4125 ﬁde
3141 4074 3475 4144 superaturi
3509 4078 3728 4129 essent.

2080 4154 2306 4227 Ubique
2340 4162 2539 4211 autem
2569 4172 2698 4211 sese
2728 4157 2928 4212 virtuti
2968 4158 3261 4215 admiscet
3290 4162 3561 4232 nequitia
3594 4178 3608 4216 :
3651 4164 3727 4234 pii

2076 4243 2375 4314 siquidem
2406 4244 2878 4309 admirabantur,
2908 4247 3010 4301 alii
3042 4264 3177 4303 vero
3201 4249 3547 4305 irridebant.
3588 4250 3727 4305 Vide

2075 4338 2275 4387 autem
2307 4333 2670 4387 dementiam
2728 4333 3130 4391 irridentium.
3194 4338 3379 4391 Musto
3427 4338 3726 4408 inquiunt,

2075 4424 2306 4497 impleti
2340 4432 2498 4481 sunt.
2530 4425 2707 4498 Atqui
2740 4427 2918 4499 hujus
2943 4434 3175 4500 tempus
3207 4446 3326 4483 non
3361 4436 3505 4484 erat.
3534 4429 3727 4500 Siqui~

2075 4514 2210 4570 dem
2241 4517 2621 4572 Pentecostes
2649 4523 2885 4589 tempus
2917 4524 3045 4573 erat
3067 4517 3304 4589 quando
3353 4517 3585 4573 nullum
3637 4523 3727 4574 est

312 4597 643 4673 ἀνθρώπους
696 4595 746 4651 ἐν
802 4593 1069 4658 κινδύνοις
1125 4596 1217 4652 καὶ
1274 4590 1468 4675 φόϐοις
1525 4594 1702 4659 ὄντας.
1760 4598 1963 4652 Λοιπὸν

2085 4610 2334 4659 mustum
2390 4606 2643 4661 Mustum
2664 4623 2922 4678 namque
2943 4607 3115 4662 dulce
3138 4608 3338 4661 vinum
3367 4613 3457 4662 est
3473 4607 3631 4679 quod
3653 4608 3726 4663 ab

314 4686 409 4741 οὖν
534 4687 794 4757 ποιότητι
820 4684 883 4741 τὰ
911 4691 1018 4741 πᾶν
1072 4685 1455 4763 ἐπιγράφουσι,
1486 4708 1514 4737 ι(
1546 4683 1839 4758 Γλεύκους,
1874 4686 1967 4742 λέ-

313 4797 529 4851 γοντες,
596 4774 1007 4850 μεμεστωμένοι
1058 4775 1210 4832 εἰσὶν.
1252 4799 1280 4826 »
1335 4776 1398 4832 Ἦ
1448 4775 1552 4851 γὰρ
1599 4776 1866 4851 ἰταμότης
1913 4775 1965 4833 ἔν

317 4870 471 4936 ζητεῖ
546 4859 729 4939 μόνον,
815 4865 983 4921 εἰπεῖν
1039 4863 1071 4921 ὅ
1126 4886 1179 4922 τι
1238 4861 1467 4936 δήποτε,
1526 4865 1639 4941 οὐχ
1721 4866 1872 4928 ὅπως
1912 4886 1965 4921 τι

316 4957 492 5035 λόγου
522 4957 788 5038 ἐχόμενον
817 4956 988 5017 ε’ίποι.
1028 4958 1100 5013 Τὸ
1158 4954 1217 5013 δὲ
1254 4954 1579 5033 δεινότερον,
1637 4959 1725 5013 ὅτι
1754 4957 1967 5014 ἐκείνων

316 5049 702 5122 θαυμαζόντων
748 5047 842 5104 καὶ
891 5047 1344 5126 ὁμολογούντων,
1434 5045 1721 5104 Ἰουδαίων.
1771 5045 1962 5109 ὄντων.

314 5136 622 5208 Ῥωμαίων,
682 5136 1071 5213 προσηλύτων,
1146 5141 1254 5192 τῶν
1330 5135 1753 5212 σταυρωσάντων
1810 5135 1962 5210 ἴσως,

316 5222 480 5281 ἐθνῶν
512 5223 711 5307 σχεδὸν
742 5226 997 5283 ἁπάντων
1046 5229 1211 5283 τοῦτο
1268 5226 1676 5299 κηρυττόντων,
1711 5226 1796 5281 ὅτι
1844 5232 1963 5290 ταῖς
2014 5260 2021 5265 -

314 5313 596 5391 γλώσσαις
652 5317 835 5372 αύτῶν
896 5314 1192 5382 λαλοῦσιν,
1245 5315 1542 5391 εὑρέθησαν
1611 5315 1767 5388 ὅμως
1824 5318 1962 5381 τινες

311 5407 694 5480 χλευάζοντες.
747 5437 819 5451 —-
844 5402 1093 5465 Ἄλλως.
1151 5403 1228 5461 Τὸ
1286 5402 1554 5480 γλεύκους
1605 5404 1964 5481 μεμεστωμέ-

307 5496 683 5576 νουςιράσκειν
708 5496 837 5558 τοὺς
896 5493 1265 5559 ἁποστολους.
1299 5495 1457 5566 εἶναι,
1517 5494 1625 5550 ἀπὸ
1679 5501 1793 5566 τῆς,
1833 5498 1961 5553 ποιό

338 5650 427 5711 ’Ἢ
458 5644 797 5752 Πείιιιξιιι,
828 5668 1113 5752 ειζτιω.
1140 5672 1231 5750 αι,
1266 5678 1352 5734 14.
1402 5638 1415 5655 ι
1512 5669 1518 5677 ’

2077 4693 2205 4765 ipso
2236 4693 2368 4749 ﬂuit
2399 4694 2697 4750 torculari.
2734 4695 2844 4750 Sed
2869 4696 3083 4750 ethora
3115 4695 3287 4750 tertia
3318 4702 3461 4761 erat,
3489 4697 3725 4768 quando

2077 4799 2197 4838 non
2230 4788 2319 4838 est
2358 4783 2678 4839 verisimile
2731 4784 2927 4839 ebrios
2977 4801 3107 4840 esse
3140 4785 3432 4852 homines,
3484 4787 3724 4858 potissi-

2077 4890 2242 4930 mum
2273 4874 2374 4946 qui
2400 4875 2461 4929 in
2493 4875 2773 4946 periculis
2793 4881 2851 4930 et
2871 4875 2930 4929 in
2957 4876 3166 4932 timore
3184 4884 3508 4933 versantur.
3539 4881 3724 4935 Omne

2076 4961 2277 5033 itaque
2337 4962 2640 5034 negotium
2698 4962 2970 5032 qualitati
3018 4965 3345 5030 ascribunt,
3405 4965 3722 5038 dicentes;

2076 5074 2103 5102 ‹‹
2126 5050 2554 5123 Mustoimpleti
2570 5056 2726 5105 sunt.
2756 5075 2782 5099 υ
2806 5052 3157 5124 lmprobitas
3174 5071 3434 5126 namque
3456 5055 3515 5109 id
3538 5070 3723 5110 unum

2075 5140 2288 5212 quaarit
2309 5146 2376 5195 ut
2396 5156 2633 5211 quoquo
2651 5140 2823 5196 modo
2842 5140 3069 5215 aliquid
3099 5143 3278 5212 dicat,
3310 5161 3431 5199 non
3462 5144 3728 5199 utratio-

2074 5227 2275 5284 nabile
2307 5228 2613 5300 quidpiam
2645 5228 2823 5285 dicat.
2861 5235 3075 5288 Verum
3106 5232 3256 5287 illud
3289 5232 3474 5305 magis
3522 5232 3722 5288 admi-

2073 5316 2347 5383 randum,
2373 5317 2670 5388 quomodo
2701 5319 2823 5376 illis
2853 5319 3289 5377 admirantibus
3309 5327 3369 5376 et
3386 5321 3728 5377 confitenti-

2070 5403 2182 5460 bus
2205 5420 2389 5476 quum
2418 5405 2603 5461 Judaei
2633 5412 2854 5473 essent,
2879 5407 3182 5475 Romanis,
3204 5407 3542 5480 proselytis,
3569 5413 3627 5463 et
3650 5408 3723 5463 iis

2073 5493 2175 5567 qui
2204 5495 2474 5552 fortassis
2504 5496 2960 5554 cruciﬁxerant:
2993 5498 3269 5572 gentibus
3290 5499 3721 5574 propemodum
