4134 6196
388 321 464 379 67
1507 304 1926 368 CECUMENII
1969 305 2274 367 'l‘RlCCE
2321 307 2677 369 EPISCOPI
3715 304 3794 366 68

391 452 670 512 omnibus
697 450 758 505 id
792 443 1274 521 praedicantibus,
1327 459 1543 516 nempe
1575 442 1732 514 quod
1770 443 2028 515 ipsorum

2146 461 2313 511 τητος
2372 437 2785 498 διαϐαλλόντων
2845 441 2982 499 ἐστί.
3053 442 3286 502 Γλεῦκος
3346 445 3449 518 γὰρ
3508 443 3534 497 ὁ
3585 439 3791 517 γλυκύς

387 545 778 616 loquerentur
807 536 1045 609 linguis,
1091 533 1313 588 inventi
1360 539 1558 590 tamen
1591 534 1710 588 sint
1759 533 2034 588 nonnulli

390 634 490 706 qui
524 629 860 685 irriderent.
896 624 1024 681 Alio
1053 624 1236 678 modo.
1273 624 1475 678 Dicere
1508 628 1701 677 musto
1758 623 2034 694 impletos

387 737 516 777 esse
548 716 878 790 apostolos,
921 730 1127 769 eorum
1161 718 1250 769 est
1280 713 1378 784 qui
1412 729 1445 767 a
1477 712 1760 784 qualitate
1809 711 2035 767 calum-

382 811 545 866 niam
576 811 832 861 struunt.
867 806 1120 859 Mustum
1153 803 1312 859 enim
1344 802 1516 857 dulce
1538 803 1739 857 vinum
1765 809 1855 857 est
1876 801 2031 873 quod

387 899 562 953 etiam
596 895 666 949 ad
701 893 1120 949 inebriandum
1155 892 1348 964 aptius
1372 897 1482 958 est,
1513 890 1756 946 lenitate
1781 908 1885 946 seu
1915 889 2035 945 avi-

386 988 568 1043 ditate
587 985 660 1040 ad
691 982 1094 1049 dulcedinem,
1117 982 1458 1036 densiorem
1482 980 1917 1052 evaporationis
1939 998 2030 1035 re-

384 1078 713 1149 pletiouem
744 1074 818 1129 ad
849 1089 1105 1128 concava
1153 1070 1381 1126 cerebri
1414 1070 1767 1141 producens.
1827 1071 2030 1125 Utrum

384 1173 580 1222 autem
601 1166 660 1219 hi
689 1165 789 1236 qui
809 1163 1158 1224 irridebant,
1188 1177 1255 1215 ea
1274 1177 1404 1231 qua:
1435 1159 1786 1215 dicebantur
1812 1160 2032 1214 intelli-

382 1257 598 1331 gebant
616 1273 692 1311 an
712 1271 832 1310 non
853 1254 879 1308 ‘I
911 1253 1139 1308 Etenim
1159 1251 1206 1306 si
1235 1268 1356 1306 non
1381 1250 1818 1321 intelligebant,
1839 1267 2032 1322 neque

386 1363 590 1401 eorum
635 1344 831 1399 irrisio
892 1342 1106 1398 rationi
1175 1340 1558 1395 innitebatur.
1597 1341 1690 1395 17
1762 1341 1833 1395 Ut
1890 1339 2032 1412 quid

384 1443 582 1494 autem
613 1436 774 1508 angit
803 1434 1064 1506 aliquem
1091 1432 1221 1486 vilis
1280 1431 1574 1502 qurepiam
1599 1431 1901 1504 nugacitas
1947 1437 2032 1486 te-

384 1544 546 1582 mere
579 1527 808 1598 prolata
828 1524 855 1579 ?
881 1525 988 1578 Sed
1023 1521 1404 1577 manifestum
1425 1525 1514 1574 est
1537 1520 1696 1592 quod
1723 1521 1898 1576 etiam
1916 1520 2029 1592 ipsi

382 1616 816 1687 intelligebant,
850 1619 909 1668 et
956 1612 1208 1668 maxime
1241 1627 1440 1665 coram
1473 1610 1759 1666 habentes
1789 1627 1889 1665 eos
1930 1611 2030 1682 qui

381 1723 507 1761 rem
540 1704 824 1760 miraculo
848 1701 1223 1758 ascribebant
1247 1719 1260 1768 ;
1285 1706 1343 1755 et
1360 1705 1556 1754 tamen
1581 1700 1692 1771 ipsi
1724 1701 1887 1755 illam
1913 1717 2030 1755 ma-

379 1795 578 1850 litiose
610 1793 1231 1860 calumniabantur,ut
1259 1791 1440 1846 moris
1459 1797 1548 1845 est
1567 1790 1879 1863 perversis.
1907 1793 2037 1846 Alio

2147 529 2287 586 ἐστιν
2317 530 2482 599 οἶνος,
2517 531 2574 594 ὃς
2633 533 2723 587 καὶ
2784 531 2998 604 μᾶλλον
3051 532 3125 595 εἷς
3187 534 3354 604 μέθην
3410 531 3688 610 ἐπιφορος,
3723 534 3791 604 τῇ

2144 618 2514 700 γλισχρότητι
2544 629 2642 690 τῆς
2669 621 3040 696 γλυκύτητος,
3091 622 3450 696 ἀθρουστέραν
3512 623 3611 691 τὴΛ
3656 622 3794 694 πρὸς

2146 710 2212 765 τὰ
2261 708 2424 765 κοῖλα
2476 716 2571 764 τοῦ
2634 710 2936 791 ἐγκεφάλου
2993 711 3280 786 πληρωσιν
3336 718 3435 779 τῆς
3493 711 3792 785 ἀναθυμιά-

2147 820 2280 860 σεως
2311 798 2578 872 ἐμποιῶν.
2640 801 2872 874 Πότερον
2928 797 2985 856 δὲ
3039 801 3274 855 συνίεσαν
3333 801 3383 854 οἱ
3437 799 3792 876 χλευάζοντες

2145 893 2253 944 τῶν
2315 888 2648 966 λεγομένων,
2708 892 2741 959 ἤ
2799 889 2908 958 οῦ;
2973 890 3036 947 Ei}
3096 891 3189 964 μὲν
3244 890 3346 964 γὰρ
3407 889 3466 943 ού
3527 890 3789 960 συνίεσαν,

2146 975 2271 1033 οὐδὲ
2300 980 2333 1047 ἡ
2368 978 2547 1058 χλεύη
2583 980 2760 1035 αὐτῶν
2796 980 2911 1054 εἶχε
2943 977 3133 1054 λόγον.
3167 979 3226 1032 Τί
3275 982 3378 1056 γάρ
3409 1000 3528 1033 τινα
3560 977 3792 1053 περιλυ-

2144 1074 2237 1124 πεῖ
2265 1069 2501 1147 φλυαρία
2531 1091 2616 1132 τις
2663 1067 2876 1143 ἄσημος
2911 1069 3026 1139 εἰκῆ
3090 1068 3504 1148 προφερόμενυς
3538 1090 3552 1136 ;
3615 1065 3791 1123 Ἀλλᾶ

2145 1157 2315 1228 δῆλον
2349 1163 2433 1216 ὅτι
2466 1161 2706 1216 συνίεσαν
2742 1161 2834 1235 μὲν
2866 1160 2956 1216 καὶ
2987 1159 3169 1227 αὐτοὶ,
3222 1160 3312 1214 καὶ
3343 1165 3511 1213 ταῦτα
3562 1156 3617 1213 δὲ
3648 1160 3792 1233 παρᾶ

2143 1247 2313 1312 πόδας
2347 1245 2563 1326 ἔχοντες
2605 1251 2731 1311 τοὺς
2790 1250 2864 1312 εἷς
2924 1251 3104 1323 θαῦμα
3163 1247 3698 1322 καταλογιζομένους
3729 1248 3790 1303 τὸ

2143 1345 2390 1416 πρᾶγμα.
2424 1339 2560 1395 Αὑτὶ
2593 1337 2650 1395 δὲ
2697 1340 3018 1414 κακούργως
3047 1338 3179 1394 αὐτὸ
3241 1332 3609 1407 ἐνδιέόαλλον,
3642 1334 3794 1399 ὅπως

2140 1427 2262 1494 ἓθος
2295 1437 2413 1494 τοῖς
2442 1432 2792 1508 κακούργοις.
2843 1465 2911 1474 —
2937 1430 3186 1494 Ἀλλως.
3221 1432 3468 1486 Συνίεσαν
3526 1431 3640 1504 μέν,
3691 1431 3794 1485 οὐκ

2142 1520 2440 1596 ἠρέσκοντο
2499 1519 2556 1577 δὲ
2611 1527 2727 1586 τοῖς
2805 1520 3124 1596 λεγομένοις
3157 1564 3169 1576 .
3229 1522 3302 1574 Τὰ
3351 1521 3454 1595 γὰρ
3525 1519 3792 1596 μεγαλεῖα

2142 1606 2332 1687 ἔλεγον
2359 1615 2455 1666 τοῦ
2489 1616 2645 1666 Θεοῦ.
2679 1613 2837 1672 Ἐθος
2868 1612 2971 1687 γὰρ
3004 1613 3119 1671 τοῖς
3167 1607 3404 1671 πολλοῖς
3461 1608 3519 1663 ἂν
3558 1611 3632 1681 μὴ
3667 1605 3792 1682 ἀρέ-

2142 1721 2375 1755 σκωνται
2455 1705 2570 1761 τοῖς
2656 1699 2997 1778 λεγομένοις,
3048 1696 3307 1773 δαιμονᾷν
3370 1699 3404 1767 ἤ
3465 1699 3794 1771 παραπαίειν

2147 1792 2399 1864 ἡγεῖσθαι
2456 1790 2546 1845 τὸν
2604 1788 2856 1865 λέγοντα.
2915 1790 3003 1850 Ὠς
3083 1789 3173 1844 καὶ
3235 1786 3320 1842 ἐπὶ
3375 1792 3472 1842 τοῦ
3531 1789 3789 1860 Χριστοῦ,

379 1886 562 1941 modo.
602 1882 1015 1956 lntelligebant
1044 1882 1306 1953 quidem,
1341 1898 1544 1936 verum
1571 1897 1689 1934 non
1723 1879 2028 1952 placebant

2146 1881 2384 1936 συνίεσαν
2449 1881 2542 1955 μέν
2593 1886 2702 1936 τῶν
2764 1881 3079 1953 θαυμάτων,
3140 1877 3258 1934 δέον
3328 1875 3384 1933 δὲ
3441 1879 3647 1951 ὑμνεῖν,
3716 1876 3792 1938 ὡς

384 1975 473 2031 eis
503 1992 633 2044 qua:
666 1973 1035 2028 dicebantur.
1095 1971 1211 2026 Alii
1259 1971 1420 2025 enim
1463 1969 1742 2025 dicebant
1775 1985 1902 2044 esse
1934 1971 2036 2025 Dei

2148 1969 2200 2025 ἐν
2236 1966 2573 2042 Βεελζεϐοῦλ
2606 1966 2929 2046 γινομένων,
2955 1967 3221 2043 διέσυρον.

379 2064 716 2136 magniﬁca.
753 2062 947 2116 Multis
980 2060 1275 2133 siquidem
1308 2060 1492 2116 moris
1525 2066 1614 2114 est
1643 2058 1861 2130 quibus
1910 2077 2026 2115 non
2089 2062 2354 2117 arrident
2385 2080 2515 2135 quze
2571 2062 2874 2130 dicuntur,
2907 2067 2972 2117 ut
3023 2061 3320 2116 dicentem
3380 2060 3643 2114 insanire
3691 2064 3795 2113 aut

378 2153 647 2224 desipere
679 2152 1078 2217 arbitrentur;
1113 2149 1616 2221 quemadmodum
1647 2149 1826 2203 etiam
1861 2148 1933 2203 de
1955 2150 2183 2207 Christo
2210 2151 2624 2224 intelligebant
2651 2153 2893 2224 quidem
2917 2150 3224 2217 miracula,
3256 2149 3358 2204 sed
3386 2166 3520 2204 cum
3546 2147 3788 2204 laudare

374 2243 481 2298 illa
509 2248 828 2315 Oporteret,
855 2241 966 2307 illi,
1001 2247 1283 2310 tanquam
1306 2240 1367 2294 in
1403 2237 1707 2294 Beelzebul
1737 2238 1892 2293 facta
1921 2245 2138 2308 essent,
2173 2241 2670 2297 conviciabantur.

455 2332 527 2393 ΙΙ,
564 2332 649 2385 14.
687 2352 714 2380 ‹‹
741 2331 913 2385 Stans
943 2334 1142 2384 autem
1187 2333 1394 2383 Petrus
1425 2345 1560 2382 cum
1589 2326 1894 2391 undecim,
1926 2344 2034 2382 ex-

384 2443 404 2470 ι
445 2420 583 2474 tulit
639 2435 846 2474 vocem
924 2434 1113 2485 suam,
1173 2423 1232 2471 et
1284 2417 1516 2471 locutus
1566 2421 1656 2470 est
1713 2415 1880 2470 illis:
1917 2415 2033 2470 Viri

377 2532 404 2558 ‹‹
439 2509 647 2572 Judaei,
679 2513 737 2563 et
767 2509 866 2580 qui
913 2506 1194 2562 habitatis
1224 2505 1552 2560 Jerusalem
1611 2503 1892 2572 universi,
1923 2505 2033 2560 hoc

380 2619 409 2648 «
433 2597 596 2652 vobis
629 2603 835 2651 notum
861 2597 956 2663 sit,
983 2603 1039 2650 et
1057 2594 1299 2650 auribus
1319 2593 1604 2666 percipite
1624 2592 1801 2648 verba
1824 2610 1974 2648 mea.
2002 2617 2024 2645 ι

453 2692 519 2745 In
552 2689 964 2761 superioribus
987 2687 1228 2759 quidem
1265 2686 1733 2742 sollicitudinem
1753 2686 2032 2752 ostendit,

383 2794 517 2832 cum
552 2776 920 2832 multitudini
947 2775 1236 2846 permittit
1266 2774 1619 2829 electionem
1643 2774 1772 2845 ejus
1787 2775 2033 2844 quicum

383 2866 660 2921 undecim
692 2863 1147 2921 constituendus
1171 2868 1331 2918 erat:
1361 2862 1458 2917 hic
1484 2869 1683 2917 autem
1703 2862 1939 2916 dicendi
1964 2861 2035 2916 li-

381 2955 692 3017 bertatem,
728 2958 918 3025 Atque
945 2953 1004 3008 id
1037 2953 1176 3008 facit
1208 2969 1401 3023 neque
1458 2951 1777 3006 benevolos
1807 2951 2033 3006 habens

381 3043 707 3110 auditores,
741 3044 844 3099 sed
877 3041 1196 3098 irridentes
1239 3058 1306 3097 ac
1351 3040 1788 3095 subsannantes
1823 3046 1880 3096 et
1910 3039 2031 3094 cla-

384 3141 617 3188 mantes
638 3151 650 3188 :
667 3134 738 3189 ad
753 3133 878 3188 haec
893 3148 1028 3188 cum
1043 3132 1170 3204 ipse
1187 3129 1370 3185 idiota
1401 3136 1559 3184 esset
1574 3146 1641 3184 ac
1669 3128 2029 3184 illitteratus.

381 3227 594 3275 Annon
627 3239 763 3291 ergo
787 3222 1006 3276 factum
1039 3222 1169 3292 ejus
1197 3236 1376 3291 supra
1400 3219 1704 3274 hominem
1731 3225 1840 3286 est,
1873 3219 2033 3290 quod

377 3308 652 3362 videlicet
705 3309 1010 3363 silentium
1071 3309 1301 3379 ruperit
1331 3325 1438 3363 seu
1469 3309 1632 3379 loqui
1668 3309 1979 3363 tentaverit
2006 3308 2034 3362 ‘I

377 3397 475 3451 Ait
505 3403 724 3463 autem,
758 3421 783 3446 ‹‹
819 3399 963 3452 Cum
997 3397 1296 3461 undecim,
1323 3418 1351 3446 »
1385 3397 1655 3452 indicans
1688 3398 1845 3468 quod
1877 3415 2028 3453 com-

2145 3433 2164 3460 ιι
2215 3409 2317 3462 Σὺν
2368 3411 2485 3469 τοῖς
2538 3403 2722 3460 ἕνδεκα
2754 3429 2780 3456 ››
2857 3402 2914 3459 δὲ
2965 3401 3136 3481 λέγει,

382 3486 546 3541 muni
583 3487 882 3542 voluntate
935 3503 1003 3541 ac
1055 3503 1193 3541 voce
1226 3487 1352 3556 ipse
1410 3502 1475 3541 os
1535 3487 1806 3541 omnium
1856 3495 2028 3542 erat:

378 3575 652 3631 astabant
675 3577 832 3630 enim
857 3575 1134 3630 undecim
1161 3581 1440 3645 tanquam
1468 3579 1648 3630 testes
1676 3592 1881 3630 eorum
1901 3593 2030 3646 quas

375 3667 736 3723 dicerentur.
767 3669 981 3721 Vocem
1017 3671 1216 3720 autem
1261 3663 1513 3720 extulit:
1579 3665 1691 3719 hoc
1750 3669 1861 3732 est,
1893 3681 2030 3720 cum

375 3758 562 3813 multa
610 3756 845 3813 dicendi
892 3755 1164 3810 libertate
1223 3754 1456 3809 locutus
1491 3759 1598 3818 est,
1633 3759 1699 3809 ut
1728 3755 1926 3809 statim
1957 3754 2028 3810 ab

375 3847 543 3902 initio
576 3851 936 3919 cognoscant
965 3844 1213 3915 gratiam
1247 3843 1518 3914 Spiritus.
1564 3845 1704 3898 Nam
1740 3845 1840 3914 qui
1892 3849 2027 3898 ante

379 3936 490 3990 hoc
521 3941 749 4006 tempus
769 3951 888 3989 non
913 3933 1048 3987 tulit
1069 3932 1201 3986 vilis
1232 3930 1446 4002 puellae
1478 3931 2026 4003 interrogationem,

374 4024 472 4079 hic
503 4025 563 4079 in
597 4023 792 4079 medio
853 4021 1057 4094 populi
1115 4021 1513 4076 clamantibus
1571 4021 1848 4077 omnibus
1881 4020 2026 4076 adeo

375 4114 774 4185 imperterrite
805 4113 1212 4179 concionatur,
1247 4115 1312 4165 ut
1359 4109 1760 4166 indubitatum
1811 4112 1886 4166 sit
1915 4113 2026 4168 hoc

372 4203 833 4259 resurrectionis
865 4201 1176 4256 indicium.

441 4294 510 4347 ll.
551 4297 632 4349 15.
667 4316 694 4343 ‹‹
728 4293 855 4348 Non
914 4292 1096 4358 enim,
1157 4291 1310 4346 sicut
1375 4307 1477 4346 vos
1535 4290 1909 4358 existimatis,
1962 4292 2023 4348 hi

380 4382 529 4439 ebrii
555 4389 711 4438 sunt.
747 4404 775 4432 »

447 4475 573 4528 Non
606 4473 754 4528 dixit
786 4489 799 4526 :
833 4472 995 4526 Sicut
1027 4486 1125 4524 vos
1157 4469 1476 4524 irridentes
1507 4469 1726 4537 dicitis,
1756 4469 1879 4539 sed,
1905 4471 2021 4528 Sic-

379 4568 445 4618 ut
471 4581 569 4618 vos
601 4562 974 4627 existimatis,
1007 4559 1324 4632 benignius
1356 4565 1617 4614 tractans
1662 4577 2022 4628 sermonem,

377 4668 488 4706 nec
518 4658 718 4722 aperte
748 4651 956 4706 volens
985 4649 1300 4704 ostendere
1343 4648 1503 4719 ipsos
1561 4649 1673 4705 hoc
1734 4665 1768 4706 a
1797 4651 2025 4706 malitia

2218 2353 2245 2379 «
2285 2328 2508 2389 Σταθεὶς
2555 2325 2612 2382 δὲ
2672 2326 2874 2402 Πέτρος
2929 2325 3021 2381 σὺν
3078 2331 3192 2386 τοῖς
3233 2321 3409 2393 ἕδεκα,
3469 2323 3637 2399 ἐπῆρε
3691 2325 3792 2393 τήν

2149 2420 2395 2496 «φωνὴν
2447 2416 2637 2486 αὑτοῦ,
2697 2416 2786 2472 καὶ
2844 2414 3208 2496 ἀπεφθέγξατο
3276 2415 3485 2474 αὐτοῖς’
3565 2409 3792 2485 ’Ἄνδρες

2145 2531 2172 2556 ‹‹
2208 2502 2486 2574 Ἰουδαῖοι,
2512 2505 2601 2560 καὶ
2656 2506 2709 2560 οἱ
2764 2509 3140 2564 κατοικοῦντες
3198 2501 3568 2578 Ἰερουσαλὴμ
3620 2503 3791 2556 ἅπαν-

2148 2620 2172 2646 ι(
2205 2616 2313 2665 τες,
2348 2600 2508 2651 τοῦτο
2553 2596 2680 2668 ὑμῖν
2716 2595 2954 2670 γνωστὸν
3011 2591 3172 2664 ἔστω,
3221 2593 3309 2648 καὶ
3373 2592 3698 2655 ἐνωτίσασθε
3724 2591 3792 2645 τὰ

2148 2707 2174 2739 σ
2207 2685 2430 2760 ῥήματα
2463 2707 2587 2759 μου.
2622 2709 2648 2736 ››

2214 2775 2357 2832 Ἀνω
2406 2776 2500 2847 μὶν
2559 2777 2658 2845 υήν
2716 2771 3046 2847 κηδεμονίαν
3093 2770 3444 2840 ἐνδείκνυται,
3497 2768 3549 2824 ἐν
3579 2769 3660 2830 οἷς
3713 2773 3793 2841 τῷ

2142 2865 2345 2938 πλήθει
2376 2864 2651 2942 ἐπιτρέπει
2709 2868 2810 2936 τήν
2864 2863 3100 2940 ἐκλογὴν
3153 2868 3250 2920 τοῦ
3312 2861 3613 2936 μέλλοντος
3673 2866 3791 2921 τοῖς

2142 2955 2326 3012 ἕνδεκα
2374 2959 2772 3026 συντάττεσθαι,
2864 2955 3088 3011 ἐνταῦθα
3170 2952 3228 3009 δὲ
3303 2955 3402 3024 τήν
3459 2949 3785 3028 παρῥησίαν.

2141 3049 2249 3106 Καί
2280 3070 2366 3105 τοι
2399 3045 2540 3122 μηδέ
2587 3046 2936 3124 εὐγνώμονας
2984 3041 3135 3125 ἔχων
3164 3045 3289 3107 τοὺς
3320 3043 3612 3120 ἀκροατὰς,
3643 3039 3791 3096 ἀλλά

2139 3138 2228 3193 καὶ
2261 3136 2538 3215 γελῶντας
2567 3137 2656 3192 καὶ
2719 3137 3151 3211 μυκτηρίζοντας
3210 3135 3298 3190 καὶ
3355 3138 3666 3208 φωνῶντας,
3696 3130 3787 3186 καὶ

2143 3226 2372 3298 ἰδιώτης
2403 3225 2475 3281 ὤν
2502 3226 2591 3282 καὶ
2633 3226 3016 3300 ἀγράμματος.
3051 3227 3178 3288 ΙΙῶς
3228 3224 3316 3278 οὗν
3368 3222 3496 3301 οὑχῖ
3533 3223 3662 3295 ὑπὲρ
3695 3219 3787 3275 ἄν·

2142 3330 2358 3393 θρωπον
2389 3317 2452 3372 τὸ
2504 3316 2925 3392 πραττόμενον;
2983 3316 3044 3369 τὸ
3105 3313 3262 3388 ῥῆξαι
3308 3315 3492 3392 φωνην
3543 3306 3784 3381 δηλαδή.

3225 3400 3412 3472 δηλῶν
3486 3399 3571 3455 δτι
3629 3402 3784 3472 κοινῇ

2133 3496 2324 3569 γνώμῃ
2358 3495 2443 3548 κσῖ
2478 3497 2630 3573 φωνῇ
2661 3492 2874 3546 πάντων
2914 3491 3074 3552 αότὸς
3128 3493 3192 3560 ἦν
3242 3489 3439 3562 στόμα,
3503 3487 3771 3561 μάρτυρες

2137 3581 2194 3638 δὲ
2220 3585 2667 3657 παρειστήκεισαν
2702 3583 2752 3637 οἱ
2800 3578 2982 3636 ἕνδεκα
3034 3586 3149 3642 τοῖς
3201 3577 3542 3653 λεγομένοις.
3580 3578 3784 3651 Ἐπῆρε

2137 3668 2193 3726 δὲ
2249 3674 2347 3742 τὴν
2418 3673 2624 3748 φωνὴν,
2681 3670 2927 3726 τουτέστι
2990 3671 3123 3743 μετὰ
3179 3667 3397 3733 πολλῆς
3455 3665 3780 3741 παρῤηῖας,

2136 3757 2219 3814 ἵνα
2249 3758 2445 3824 εὐθέως
2500 3757 2812 3834 ἀρχομένου
2865 3759 3077 3832 μάθωσι
3115 3760 3213 3828 τήν
3264 3757 3426 3831 χάριν
3471 3758 3571 3808 τοῦ
3604 3752 3772 3808 live-5-

2138 3870 2331 3923 ματος.
2390 3849 2452 3906 Ὀ
2510 3851 2610 3924 γὰρ
2670 3847 2777 3923 πρὸ
2827 3847 3023 3904 τούτου
3086 3847 3162 3919 μή
3221 3845 3445 3918 ἐνεγκὼν
3502 3840 3773 3914 ἐρώτησιν

2132 3939 2392 4014 κορασίου
2425 3937 2700 4008 εὐτελοῦς,
2753 3939 2912 4000 οὗτος
2939 3943 2989 3992 ἐν
3015 3939 3162 4012 μέσῳ
3221 3932 3425 4008 δῆμου,
3478 3931 3780 4011 φωνώντων

2132 4028 2399 4099 ἀπάντων,
2461 4026 2618 4090 οὗτος
2679 4026 3065 4088 ἀνυποστόλως
3122 4025 3456 4101 δημηγορεῖ,
3489 4022 3563 4083 ὡς
3616 4021 3782 4098 ἀμφι-

2131 4116 2404 4190 σϐήτητον
2435 4124 2534 4188 τῆς
2564 4116 2901 4177 ἀναστάσεως
2947 4116 3190 4194 γενέσθαι
3239 4119 3400 4170 τοῦτο
3457 4113 3778 4186 τεκμήριον.

2205 4321 2232 4350 ιι
2263 4297 2339 4355 Οὑ
2371 4299 2498 4373 γὰρ,
2531 4295 2605 4359 ὡς
2651 4297 2806 4370 ὑμεῖς
2870 4289 3306 4368 ὑπολαμϐάνετε,
3368 4290 3518 4348 οὗτοι
3553 4288 3779 4364 μεθύου-

2129 4413 2157 4440 ‹‹
2193 4409 2293 4445 σιν.
2321 4412 2348 4438 ))

2199 4477 2314 4533 Οὐκ
2344 4477 2635 4543 εἷπεν,Ὠς
2699 4477 2854 4550 ὑμεῖς
2912 4473 3235 4555 χλευάζετε.
3294 4470 3445 4538 ἀλλ’,
3499 4471 3587 4531 Ὠς
3640 4470 3785 4526 ὑπο-

2128 4561 2457 4641 λαμϐάνετε,
2488 4565 2885 4638 ἐπιεικέστερον
2947 4562 3466 4638 μεταχειριζόμενος
3541 4559 3632 4614 τὸν
3682 4556 3791 4613 λό’

2125 4673 2242 4730 γον·
2285 4655 2375 4711 καὶ
2431 4656 2536 4712 οὐκ
2589 4651 2843 4729 ἄντικρυς
2894 4653 2999 4709 ἀπὸ
3057 4650 3381 4728 κακουργίας
3440 4645 3790 4727 βουλόμενον

378 4737 617 4805 dixisse,
646 4740 798 4793 viam
827 4739 949 4794 illis
980 4744 1341 4810 praastruens
1372 4737 1446 4791 ad
1478 4739 1923 4796 conversionem
1957 4757 2022 4795 ac

2145 4742 2326 4805 ιῦτοῦς
2367 4741 2535 4818 δεῖξαι
2593 4748 2757 4800 τοῦτο
2819 4741 3106 4822 λέγοντας,
3159 4735 3546 4814 προοδοποιῶν
3593 4735 3792 4798 αὐτοῖς

376 4827 870 4897 resipiscentiam.
903 4829 1049 4881 Nam
1081 4832 1189 4895 est,
1222 4826 1437 4897 inquit.
1471 4826 1618 4881 hora
1656 4827 1772 4881 diei
1822 4829 2016 4885 tertia.

373 4917 442 4969 Et
459 4915 601 4986 quid
633 4915 744 4971 hoc
769 4915 901 4972 est?
919 4918 1131 4970 Annon
1162 4916 1409 4984 contigit
1430 4916 1576 4971 hora
1598 4917 1772 4971 tertia
1786 4916 2015 4972 ebrium

377 5020 504 5058 esse
532 5003 559 5058 ?
591 5004 825 5074 Utique,
857 5020 1060 5058 verum
1105 5003 1161 5058 id
1192 5021 1309 5060 non
1353 5005 1532 5060 servit
1556 5006 1895 5076 proposito:
1922 5022 2021 5060 ne-

377 5109 490 5164 que
523 5093 684 5149 enim
716 5092 802 5148 illi
834 5092 906 5148 de
934 5093 1078 5164 ipsis
1109 5093 1191 5150 ita
1221 5094 1660 5162 existimabant,
1686 5093 1789 5151 sed
1819 5096 2016 5150 convi-

374 5182 601 5238 ciantes
631 5187 808 5254 atque
835 5181 1152 5238 irridentes
1167 5183 1278 5240 hoc
1307 5182 1608 5239 dicebant.

444 5269 827 5337 'l81l,l5-2l.
875 5273 1060 5328 «Nam
1110 5272 1363 5329 esthora
1394 5272 1508 5327 dici
1538 5271 1745 5327 tertia:
1773 5271 1876 5328 sed
1907 5273 2020 5329 hoc

371 5382 398 5409 «
433 5365 523 5415 est
551 5359 709 5432 quod
740 5360 964 5418 dictum
985 5362 1220 5433 fuitper
1249 5361 1597 5432 prophetam
1626 5361 1752 5417 Joel
1781 5378 1795 5416 :
1820 5363 1888 5416 Et
1909 5361 2022 5418 erit

372 5471 398 5498 ‹‹
427 5447 487 5506 in
520 5449 857 5508 novissimis
915 5449 1146 5516 diebus,
1195 5449 1341 5504 dicit
1397 5449 1571 5512 Deus,
1612 5450 1913 5510 effundam
1944 5451 2017 5508 de

373 5524 400 5590 ἆ
437 5537 658 5610 Spiritu
681 5531 812 5595 meo
843 5554 1024 5612 super
1051 5553 1290 5595 omnem
1324 5551 1588 5600 carnem.
1621 5545 1680 5594 et
1699 5540 2017 5615 propheta-

369 5639 400 5678 ρ(
429 5622 585 5683 Bunt
611 5624 722 5683 ﬁlii
746 5627 928 5686 νεαιτί
957 5631 1018 5682 Ut
1043 5625 1182 5682 ﬁliis
1209 5621 1440 5682 Vba'trm.
1471 5621 2017 5687 ιιινθιιῠενθεῢῐθίνὶο

2127 4835 2226 4900 τήν
2280 4832 2610 4907 ἐπιστροφῆν
2668 4833 2758 4889 καὶ
2806 4830 3191 4909 μεταμέλειαν.
3223 4829 3376 4886 Ἔστι
3408 4827 3533 4902 γὰρ,
3591 4824 3794 4906 φησὶν,

2130 4921 2244 4994 ὥρα
2270 4921 2428 4996 τρίτη
2459 4928 2560 4990 τῆς
2605 4923 2837 4996 ἡμέρας.
2898 4919 2996 4976 Καί
3044 4919 3097 4975 τί
3147 4922 3352 4986 τοῦτο;
3405 4915 3518 4972 Οὐκ
3555 4909 3699 4969 ἔστιν
3737 4913 3797 4968 ἐν

2127 5009 2242 5085 ὥρᾳ
2271 5009 2428 5086 τρίτῃ
2465 5009 2678 5083 μεθύειν
2703 5029 2716 5078 ;
2740 5008 2896 5067 Ἀλλ’
2928 5008 3029 5065 οὐκ
3053 5003 3180 5080 ἔστη
3233 5007 3368 5080 πρὸς
3423 5007 3604 5061 τοῦτο.
3639 4999 3798 5058 Οὐδὲ

2124 5099 2224 5176 γὰρ
2258 5099 2449 5155 ἐκεῖνοι
2489 5099 2666 5161 οὕτως
2696 5100 2852 5173 εἶχον
2878 5098 3004 5176 περῖ
3037 5097 3245 5166 αὐτῶν,
3277 5093 3425 5152 ἀλλὰ
3479 5089 3798 5169 χλευάζον-

2123 5210 2212 5252 τες
2235 5190 2325 5245 καῖ
2358 5187 2696 5264 διασύροντες
2726 5188 2935 5268 ἔλεγον.

2201 5303 2227 5331 ι(
2259 5278 2411 5334 Ἔστι
2444 5278 2548 5356 γὰρ
2590 5279 2706 5352 ὥρα
2761 5278 2918 5353 τρίτη
2978 5285 3079 5346 τῆς
3127 5275 3356 5352 ἡμέρας
3415 5270 3564 5331 ἀλλὰ
3617 5276 3801 5331 τοῦτὸ

2127 5392 2156 5420 ι(
2187 5365 2298 5424 ἐστι
2333 5368 2396 5423 τὸ
2448 5364 2732 5441 εἰρημένον
2788 5365 2880 5425 διὰ
2934 5371 3033 5424 τοῦ
3093 5367 3382 5443 προφήτου
3433 5358 3625 5434 Ίωῆλ·
3681 5363 3805 5420 Καὶ

2126 5480 2155 5510 α
2188 5455 2336 5515 ἔσται
2371 5457 2422 5512 ἐν
2479 5460 2599 5520 ταῖς
2653 5454 2913 5534 ἐσχάταις
2965 5454 3220 5534 ἡμέραις,
3281 5452 3437 5532 λέγει
3468 5454 3497 5508 ὁ
3535 5451 3694 5534 Θεὸς,
3729 5449 3806 5510 ὅτι

2133 5568 2157 5600 ι
2358 5546 2465 5605 sua
2525 5551 2623 5603 τοῦ
2677 5527 3020 5626 Hadrian:ch
3052 5527 3160 5619 ,λου
3217 5537 3310 5602 ἐπὶ
3363 5527 3548 5626 iam
3585 5527 3805 5626 «Aug.

2127 5662 2156 5692 α
2189 5622 2283 5694 ἐν.ὶῖ
2314 5625 2786 5716 προφητιοὼὺυυιν
2815 5622 2868 5694 ιη
2902 5622 3016 5694 titul
3068 5633 3240 5722 eam
3271 5627 3359 5691 καὶ
3410 5627 3468 5688 ut
3495 5622 3808 5714 ωγκῖερὶξ
