4136 6200
314 315 385 379 69
1262 312 1682 377 ΟΟΜΜΕΝΤ.
1726 311 1812 373 ΙΝ
1857 311 1928 369 Α(

2039 311 2070 367 L
2110 303 2703 371 APOSTOLORUM
2714 352 2728 367 .
3632 315 3707 374 70

326 471 353 501 ιι
382 447 538 522 ὑμῶν.
573 446 643 502 Οἱ
670 445 935 501 νεανίσκοι
995 446 1147 519 ὑμῶν
1200 444 1412 522 ὁράσεις
1471 442 1722 522 ὄψονται,
1766 444 1856 500 καὶ
1887 446 1928 497 ο⁴

2063 461 2091 490 ‹‹
2124 441 2325 496 siones
2350 440 2655 506 videbunt,
2679 446 2738 497 et
2766 444 3033 500 seniores
3063 446 3239 501 vestri
3262 450 3496 506 somnia
3544 468 3703 508 som-

329 530 717 612 «πρεσϐύτεροι
778 536 932 609 ὑμῶν
988 534 1207 591 ἐνύπνια
1258 535 1797 608 ἐνυπνιασθήσονται.
1841 533 1945 591 Καί

330 651 356 679 κ
386 648 437 705 γε
464 625 540 681 ἐπὶ
570 625 700 687 τοὺς
742 623 975 688 δούλους
1024 647 1131 701 μου
1178 628 1266 681 καὶ
1326 627 1413 682 ἐπὶ
1462 628 1559 689 τάς
1608 623 1808 685 δούλας
1841 644 1945 698 μου

332 715 429 771 «ἐν
479 719 594 777 ταῖς
651 711 887 791 ἡμέραις
944 713 1176 777 ἐκείναις
1232 715 1413 796 ἐκχεῶ
1469 716 1576 771 ἀπὸ
1633 712 1947 789 Πνεύματός

327 824 471 877 εμου
499 802 588 857 καὶ
621 804 1081 881 προφητεύσουσι.
1143 803 1241 859 Καὶ
1296 802 1457 861 δώσω
1504 804 1700 881 τέρατα
1756 802 1809 858 ἐν
1866 807 1945 875 τῷ

320 916 344 945 α
373 898 572 966 ουρανῷ
603 891 734 963 ἄνω,
765 893 857 947 καὶ
888 898 1092 968 σημεῖα
1145 890 1232 949 ἰπὶ
1264 896 1363 966 τῆς
1421 901 1527 970 γῆς
1575 893 1744 961 κάτω,
1804 893 1943 967 αἷμα

318 983 579 1059 «καὶπῦρ
603 984 695 1039 καὶ
738 980 938 1057 ἀτμίδα
994 987 1222 1041 καπνοῦ.
1283 985 1345 1042 Ὀ
1410 984 1574 1055 ἣλιος
1633 1003 1941 1058 μεταστρα-

318 1098 343 1128 κ
365 1077 583 1153 φήσεται
617 1075 692 1137 εἰς
725 1075 940 1141 σκότος,
972 1075 1062 1131 καὶ
1119 1078 1155 1146 ἠ
1188 1076 1394 1148 σελήνη
1455 1076 1531 1139 εἰς
1588 1077 1752 1151 αἷμα,
1815 1077 1941 1151 πρῖν

312 1188 337 1215 (ι
365 1162 398 1234 ἤ
431 1162 602 1229 ἐλθεῖν
637 1165 736 1232 τήν
762 1163 971 1240 ἡμέραν
1004 1164 1207 1240 Κυρίου
1237 1166 1335 1235 τήν
1371 1163 1617 1242 μεγάλην
1670 1165 1759 1221 καὶ
1820 1163 1941 1221 ἐπι-

309 1278 334 1305 ιι
362 1261 515 1334 τρανῆ.
545 1254 650 1311 Καὶ
680 1248 853 1325 ἔσται,
884 1260 986 1318 πᾶς
1017 1253 1077 1318 ὃς
1129 1255 1218 1311 ἑὰν
1249 1253 1639 1327 ἐπικαλέσηται
1672 1254 1734 1311 τὸ
1764 1253 1941 1331 ὄνομα

310 1364 334 1398 ι
360 1343 576 1418 Κυρίου,
609 1346 934 1415 σωθήσεται.
970 1367 999 1396 ››

366 1437 531 1489 Τοῦτο
555 1431 1093 1511 προσεκτικωτέρους
1149 1436 1351 1500 αὐτοὺς
1405 1436 1541 1499 τὲως
1572 1434 1816 1506 ἐποίησε·
1875 1436 1939 1492 τὸ

301 1518 371 1591 δὶ,
426 1520 477 1577 ἐν
527 1523 682 1599 τρίτῃ
746 1522 867 1599 ὥρᾳ
921 1528 1090 1580 ταῦτα
1158 1526 1506 1602 γεγενῆσθαι,
1557 1524 1667 1606 οὐχ
1721 1524 1933 1591 ἅπλῶς.

300 1612 423 1667 Τότε
481 1613 585 1689 γὰρ
642 1614 702 1668 τὸ
759 1610 1016 1690 λαμπρὸν
1083 1617 1181 1669 τοῦ
1264 1615 1435 1690 πυρὸς
1495 1611 1788 1687 δείκνυται,
1849 1616 1937 1671 ὅτε

301 1701 422 1757 οῦτε
476 1703 612 1777 πρὸς
668 1700 799 1779 ἔργα
856 1698 1076 1779 ἔχουσιν
1138 1704 1190 1758 οἱ
1247 1702 1547 1780 ἂνθρωποι,
1624 1702 1748 1760 οὔτε
1798 1705 1934 1781 πρὸς

293 1788 527 1864 ἄριστον,
559 1790 649 1848 ὅτε
676 1790 906 1869 λαμπρὰ
935 1794 971 1863 ἡ
1006 1791 1206 1869 ἡμέρα,
1267 1790 1357 1848 ὅτε
1406 1791 1601 1856 πάντες
1657 1794 1787 1849 εἰσὶν
1853 1794 1936 1889 ἐπ’
1965 1823 2013 1889 Β

293 1880 501 1956 ἀγορᾶς.
531 1883 672 1938 Εἶτα
698 1886 801 1954 τήν
830 1885 1168 1966 προφητείαν
1210 1886 1527 1963 παρήγαγεν
1582 1890 1681 1941 τοῦ
1736 1884 1930 1957 Ἰωήλ,

289 1967 521 2043 οὐδαμοῦ
551 1977 652 2028 τοῦ
684 1977 931 2049 Χριστοῦ
965 1973 1343 2050 μνημονεύσας
1375 1974 1622 2045 ἐνταῦθα,
1679 1975 1771 2032 καὶ
1822 1981 1929 2033 τῶν

294 2058 519 2131 σημείων
583 2061 661 2115 ὧν
723 2063 860 2131 ἦσαν
913 2063 1202 2135 αὐτόπται,
1260 2064 1347 2119 καὶ
1408 2063 1491 2119 ὅτι
1547 2064 1714 2120 αὐτοῦ
1770 2069 1931 2121 τοῦτο

295 2145 590 2223 ἰπαγγελία.
631 2150 693 2208 El
725 2150 828 2228 γάρ
858 2156 1022 2208 τοῦτο
1079 2153 1219 2220 εἶπε,
1278 2154 1455 2210 πάντα
1511 2154 1793 2230 ἀνέτρεψεν
1844 2153 1929 2226 ἂν,

302 2236 385 2289 καὶ
412 2239 834 2310 καταλευσθῆναι
862 2239 1135 2313 ἐποίησεν·
1168 2240 1316 2297 ἀλλὰ
1369 2243 1464 2297 τὸν
1524 2242 1738 2319 Πατέρα
1794 2241 1929 2307 τέως

304 2323 486 2403 εἰσάγει
515 2324 611 2384 διὰ
647 2335 747 2386 τοῦ
804 2334 1092 2412 προφήτου
1147 2335 1314 2387 ταῦτα
1361 2331 1547 2397 αὐτοῖς
1600 2331 1929 2411 ἐπαγγειλά-

295 2436 464 2488 μενον,
494 2418 585 2473 καὶ
623 2419 715 2474 τὸν
743 2420 938 2493 φθόνον
999 2421 1453 2495 ὑποτεμνόμενον·
1502 2421 1564 2477 οὐ
1620 2428 1738 2485 τοῖς
1795 2423 1931 2479 ἀποο

288 2504 494 2569 στόλοις
518 2508 717 2581 μόνον,
746 2510 906 2591 φησὶ,
941 2510 1086 2567 ἀλλᾶ
1113 2514 1259 2587 πάσῃ
1293 2513 1476 2589 σαρκὶ,
1506 2511 1760 2581 δηλονότι
1790 2512 1928 2570 εἰλι-

286 2601 474 2669 κρινῶς
493 2599 858 2674 πιστευούσῃ,
919 2601 1009 2656 καὶ
1064 2601 1201 2676 μετὰ
1254 2599 1563 2665 διαθέσεως.
1598 2602 1676 2661 Οὐ
1732 2603 1833 2680 γὰρ
1900 2605 1928 2659 6

286 2681 456 2763 λέγων
490 2688 798 2768 μοι,φησῖ,
848 2691 1034 2763 Κύριε,
1086 2692 1275 2768 Κύριε,
1328 2689 1456 2748 ἀλλ’
1516 2694 1544 2747 6
1605 2694 1740 2767 μετὰ
1803 2694 1927 2770 βίου

280 2774 497 2849 ἀρίστου
524 2780 696 2833 τοῦτο
727 2784 924 2837 ποιῶν.
984 2779 1063 2838 Οὐ
1120 2781 1447 2857 προστίθησι
1504 2779 1562 2837 δὲ
1614 2787 1800 2853 τοῦτο,
1833 2784 1928 2839 ἀν-

279 2867 682 2944 επαχθέστερον
713 2867 806 2923 τὸν
840 2864 1005 2941 λόγον
1035 2876 1137 2939 τῆς
1194 2868 1519 2947 ἐπαγγελίας
1575 2873 1665 2927 καί
1722 2877 1927 2938 κοῦφον

274 2959 469 3023 ποιῶν,
507 2954 596 3010 ὅτι
634 2957 773 3027 μόνη
806 2958 841 3026 ἡ
898 2956 1189 3031 ἐπίκλησις
1242 2960 1398 3035 ἀρκεῖ
1442 2961 1577 3034 πρὸς
1632 2961 1924 3038 σωτηρίαν.

273 3043 344 3100 Τὸ
376 3040 453 3114 δὶ,
486 3070 515 3098 ί(
541 3047 606 3100 '0
636 3045 800 3117 ἣλιος
846 3052 1349 3131 μεταστραφήσεται
1382 3049 1459 3116 εἷς
1508 3050 1720 3121 σκότος,
1752 3075 1780 3106 η
1834 3054 1921 3109 καὶ

272 3134 329 3188 τὸ
360 3135 466 3209 πρὸ
498 3136 724 3207 τούτου,
761 3162 790 3191 ‹‹
820 3141 972 3211 Αἷμα
1001 3138 1229 3215 καὶπῦρ
1260 3139 1348 3194 καὶ
1402 3137 1605 3215 ατμίδα
1633 3146 1860 3211 καπνοῦ,
1896 3166 1924 3194 ››
1964 3178 2009 3246 c

272 3228 390 3246 _k-A
412 3245 419 3246 κ
556 3245 561 3246 γ
581 3225 596 3243 1
673 3233 697 3244 υ
866 3228 884 3246 κ
902 3226 923 3246 \
987 3228 1000 3246 Ι
1278 3228 1293 3246 ἰ
1432 3230 1442 3246 Ι
1659 3231 1715 3246 ΛΠ
1819 3231 1831 3246 Ι

270 3228 435 3279 ταῦτα
466 3225 731 3295 περὶτῆς
794 3226 1107 3300 μελλούσης
1163 3228 1295 3309 φησί
1353 3230 1605 3304 κρίσεως,
1654 3231 1925 3286 Οἶκειότε-

270 3332 358 3386 ρον
388 3309 446 3368 δὲ
475 3313 571 3370 καὶ
609 3317 873 3389 περὶτῶν
927 3316 1330 3393 Ἱεροσολύμων
1357 3320 1448 3373 καὶ
1502 3327 1605 3389 τῆς
1660 3320 1784 3376 τότε
1839 3322 1921 3375 αἱο

268 3400 631 3478 χμαλωσίας,
689 3402 928 3480 εἶ’ρηται,
981 3407 1088 3462 ἀπὸ
1145 3413 1246 3476 τῆς
1307 3404 1598 3470 διαθέσεως
1657 3413 1766 3464 τῶν
1822 3430 1922 3465 πα·

270 3490 531 3564 σχόντων.
572 3491 801 3557 ’Δλλως
829 3516 887 3550 τε
930 3496 1021 3551 καὶ
1074 3496 1210 3551 κατὰ
1267 3495 1359 3553 τὸν
1420 3496 1709 3569 Ἰώσηπον,
1738 3496 1927 3554 πολλὰ

272 3584 494 3635 τοιαῦτα
524 3580 959 3657 ἐπροοιμιασατο
1015 3586 1115 3655 τήν
1150 3589 1259 3640 τῶν
1306 3584 1706 3660 Ἱεροσολύμων
1756 3607 1922 3642 καταο

270 3672 529 3748 στροφήν.
563 3672 639 3726 Τὸ
690 3669 747 3728 δὲ
777 3674 875 3740 τήν
906 3671 1145 3744 σελήνην
1199 3683 1640 3756 μεταστραφῆναι
1674 3676 1751 3739 εἰς
1782 3677 1923 3751 αἷμα

267 3775 513 3833 ρασκειν,
549 3765 655 3829 τῆς
686 3767 899 3836 σφαγῆς
957 3758 1125 3833 δηλοῖ
1153 3763 1251 3831 τὴν
1287 3758 1617 3839 ὑπερϐολήν,
1650 3766 1723 3827 ὡς
1754 3786 1925 3841 προσ-

263 3844 549 3921 γειοτέρας
584 3866 645 3902 τε
675 3843 863 3918 οὔσης,
894 3847 983 3903 καὶ
1017 3845 1319 3923 δυναμένης
1348 3850 1458 3906 ἀπὸ
1505 3858 1605 3921 τῆς
1657 3857 1757 3907 τοῦ
1836 3853 1922 3907 αῖ-

265 3957 433 4008 ματος
483 3938 904 4011 ἀναθυμιάσεως
964 3944 1126 3995 τοῦτο
1184 3940 1435 4017 πάσχειν.
1496 3941 1570 3997 Τὸ
1660 3942 1755 4014 μὲν
1812 3963 1922 4011 τοι,

266 4052 294 4080 ιι
329 4026 462 4103 Πρὶν
495 4026 684 4083 ἐλθεῖν
713 4029 816 4097 τήν
866 4029 1074 4105 ἡμέραν
1105 4029 1308 4105 Κυρίου
1363 4031 1463 4100 τήν
1526 4028 1773 4107 μεγαλην
1831 4032 1922 4087 καὶ

264 4113 587 4197 ὖπιιρανῆ,ι
625 4111 923 4192 φοϐοῦντός
981 4117 1094 4174 ἐστι
1150 4118 1240 4174 καὶ
1292 4118 1669 4183 κατασείοντος
1726 4118 1921 4183 αὐτοὺς

262 4210 381 4269 τοῖς
413 4205 816 4280 ἐλπιζομένοις
874 4204 1087 4269 δεινοῖς.
1148 4210 1238 4278 Μὴ
1297 4209 1420 4286 γάρ,
1474 4206 1685 4278 ἇπειδή,
1739 4210 1920 4290 φησὶν,

260 4295 592 4372 ἇτιμωρητέ
648 4300 738 4352 νῦν
792 4298 1145 4374 άμαρτανετε,
1218 4295 1483 4374 θαῤῥεῖτε,
1564 4296 1730 4363 ἀλλὰ,
1786 4320 1920 4374 προ-

256 4383 468 4441 εισόδια
498 4390 681 4441 ταῦτα
718 4385 830 4441 ἴστε
862 4385 1106 4462 μεγαλης
1144 4387 1357 4460 ἡμέρας
1410 4386 1501 4441 καὶ
1532 4384 1787 4466 χαλεπῆς
1844 4388 1922 4451 εἰς

250 4473 654 4534 ἀνταπόδοσιν.
700 4474 876 4534 Ἀλλά
930 4481 1051 4538 ταῖς
1105 4473 1359 4540 ἀπειλαῖς
1415 4473 1603 4554 ἐπάγει
1652 4477 1775 4531 τινά
1830 4476 1920 4533 καὶ

2048 551 2079 579 ‹‹
2109 528 2381 585 niabunt.
2415 531 2604 585 Etiam
2635 548 2813 603 super
2843 550 3042 590 servos
3073 551 3238 591 meos
3288 543 3347 592 et
3377 556 3556 613 super
3585 559 3662 598 an
3684 573 3696 584 -

2054 640 2083 669 «
2115 619 2283 674 cillas
2314 635 2477 674 meas
2505 620 2565 674 in
2597 620 2806 676 diebus
2855 622 2976 678 illis
3017 626 3320 681 effundam
3373 628 3447 683 de
3478 630 3701 702 Spiritu

2053 730 2082 759 ‹‹
2118 726 2250 764 meo
2281 714 2341 764 et
2368 710 2827 781 prophetabunt.
2862 713 2931 765 Et
2960 713 3109 768 dabo
3141 716 3411 788 prodigia
3440 719 3501 773 in
3551 722 3697 777 caelo

2052 821 2079 849 ‹‹
2117 815 2397 871 superne.
2423 807 2482 856 et
2503 801 2671 873 signa
2695 801 2755 856 in
2796 808 2954 858 terra
2984 803 3607 880 inferne,sanguinem
3643 818 3702 867 et

2053 911 2081 940 «
2114 890 2312 964 ignem
2357 895 2417 947 et
2468 907 2744 962 vaporem
2784 891 2953 948 fumi.
2988 894 3083 948 Sol
3117 906 3491 954 convertetur
3523 901 3583 955 in
3617 907 3702 958 te-

2051 1004 2079 1032 «
2104 981 2322 1038 nebras
2353 986 2411 1036 et
2440 981 2586 1037 luna
2615 981 2677 1035 in
2725 983 3098 1055 sanguinem,
3132 986 3479 1058 priusquam
3503 992 3703 1047 veniat

2050 1092 2079 1121 «
2113 1071 2239 1126 dies
2274 1070 2510 1127 Domini
2545 1088 2792 1145 magnus
2824 1079 2881 1126 et
2904 1073 3273 1131 manifestus.
3305 1078 3371 1131 Et
3398 1082 3701 1153 continget

2053 1183 2074 1210 ι
2106 1160 2263 1233 quod
2295 1162 2489 1216 omnis
2531 1161 2875 1233 quicunque
2922 1162 3282 1219 invocaverit
3335 1183 3554 1224 nomen
3585 1172 3695 1226 D0-

2050 1272 2079 1301 ι(
2106 1252 2278 1321 mini,
2312 1251 2510 1307 salvus
2542 1252 2677 1307 erit.
2700 1271 2727 1303 ι

2117 1431 2238 1486 Hoc
2266 1431 2615 1486 attentiores
2646 1430 2884 1487 interim
2912 1431 3048 1488 illos
3077 1433 3355 1493 reddidit.
3388 1437 3543 1494 Hora
3562 1455 3698 1495 vero

2048 1522 2222 1577 tertia
2260 1522 2387 1577 haec
2410 1538 2539 1577 esse
2568 1521 2727 1577 facta
2752 1538 2873 1577 non
2894 1523 3213 1597 vulgariter
3240 1526 3699 1601 intelligendum

2045 1611 2266 1680 est,sed
2286 1611 2444 1683 quod
2476 1611 3694 1690 tuncignissplendorostenditur,quando

2044 1717 2114 1756 eo
2136 1717 2329 1772 neque
2357 1701 2432 1756 ad
2462 1718 2642 1773 opera
2658 1707 2908 1757 utuntur
2934 1703 3230 1773 homines,
3264 1724 3458 1779 neque
3489 1710 3563 1764 ad
3590 1726 3696 1782 pa-

2045 1789 2300 1846 randum
2330 1790 2672 1862 prandium,
2706 1791 2943 1862 quando
2975 1792 3171 1848 clarus
3214 1800 3304 1849 est
3332 1796 3480 1862 dies,
3505 1815 3697 1870 quan-

2043 1879 2118 1934 do
2143 1896 2351 1935 omnes
2381 1880 2441 1935 in
2473 1880 2601 1935 foro
2634 1887 2791 1935 sunt.
2857 1882 3084 1937 Deinde
3138 1884 3263 1938 Joel
3321 1887 3693 1958 prophetiam

2045 1967 2388 2041 subjungit:
2422 1968 2592 2024 nulla
2620 1969 2836 2050 Christi
2886 1969 3043 2027 facta
3097 1974 3426 2043 mentione,
3461 1982 3565 2032 aut
3616 1979 3695 2032 si-

2042 2073 2296 2131 gnorum
2316 2074 2570 2130 quorum
2601 2058 2714 2131 ipsi
2744 2059 2983 2115 fuerant
3011 2068 3393 2133 spectatores,
3415 2072 3518 2121 aut
3538 2068 3695 2138 quod

1988 2192 2001 2200 .
2042 2146 2168 2203 hmc
2192 2149 2324 2219 ejus
2354 2148 2549 2203 fuerat
2578 2149 2917 2220 promissio.
2953 2152 3097 2208 Nam
3156 2153 3205 2207 si
3262 2153 3373 2209 hoc
3427 2155 3692 2223 dixisset,

2044 2236 2247 2291 omnia
2277 2236 2681 2305 subvertisset,
2712 2255 2780 2293 ac
2810 2239 3115 2311 despectui
3148 2242 3521 2314 exposuisset
3553 2247 3695 2304 :sed

2042 2327 2277 2381 Patrem
2306 2327 2547 2383 interim
2572 2327 2803 2383 inducit
2821 2330 2920 2401 qui
2945 2346 3051 2402 per
3070 2332 3417 2403 prophetam
3442 2334 3552 2390 hoc
3574 2335 3694 2392 illis

2042 2416 2419 2488 promiserat,
2456 2421 2514 2471 et
2543 2416 2827 2473 invidiam
2860 2419 3070 2474 aufert.
3114 2422 3228 2476 Nec
3280 2423 3444 2490 solis,
3476 2424 3691 2497 inquit,

2040 2504 2349 2576 apostolis,
2381 2504 2485 2560 sed
2517 2504 2680 2561 omni
2712 2507 2899 2573 carni,
2944 2509 3174 2565 sincere
3204 2510 3480 2568 videlicet
3534 2519 3592 2571 et
3622 2533 3693 2573 ex

2040 2595 2259 2649 affectu
2281 2594 2565 2651 credenti.
2602 2618 2629 2645 α
2660 2597 2786 2651 Non
2818 2598 2976 2653 enim
3008 2599 3109 2670 qui
3142 2600 3286 2656 dicit
3315 2603 3691 2672 mihi,Domi-

2041 2701 2137 2754 ne,
2172 2685 2421 2741 Domine
2453 2685 2516 2753 ’7,
2554 2708 2582 2736 ι»
2643 2686 2860 2760 inquit,
2895 2689 2997 2744 sed
3050 2691 3148 2762 qui
3181 2694 3405 2764 optima
3434 2696 3549 2751 vita
3579 2697 3690 2753 hoc

2038 2774 2181 2831 facit
2204 2792 2354 2843 ;non
2388 2782 2585 2831 tamen
2618 2777 2727 2833 hoc
2758 2779 3027 2847 addit;id
3059 2782 3326 2838 efﬁciens
3350 2789 3414 2839 ut
3432 2787 3690 2856 promis-

2039 2864 2226 2920 sionis
2258 2882 2454 2921 sermo
2484 2867 2684 2921 minus
2715 2869 2908 2941 gravis
2940 2870 3017 2924 sit
3045 2886 3113 2925 ac
3135 2871 3338 2938 levior,
3363 2874 3531 2944 quasi
3563 2876 3691 2932 sola

2037 2955 2265 3010 vocatio
2298 2956 2558 3012 sufficiat
2587 2957 2661 3012 ad
2694 2958 2967 3013 salutem.
2998 2958 3147 3014 lllud
3180 2976 3313 3015 vero
3335 2978 3348 3015 :
3369 2983 3397 3011 ‹‹
3417 2961 3510 3016 Sol
3534 2979 3684 3017 con-

2036 3048 2297 3100 vertetur
2319 3044 2379 3098 in
2405 3044 2700 3109 tenebras,
2732 3068 2759 3094 ››
2792 3051 2850 3099 et
2869 3046 3045 3116 paulo
3072 3053 3229 3111 ante,
3269 3068 3292 3094 α
3330 3049 3685 3117 Sanguinem

2037 3138 2097 3188 et
2125 3133 2323 3205 ignem
2357 3139 2415 3188 et
2443 3150 2717 3205 vaporem
2750 3133 2919 3198 fumi,
2956 3156 2983 3182 ››
3012 3135 3138 3189 bmc
3171 3135 3241 3191 de
3269 3136 3464 3193 futuro
3488 3140 3685 3212 aitju-

2036 3221 2503 3293 dicio.Proprius
2534 3229 2731 3277 autem
2765 3222 2835 3277 de
2869 3223 3295 3297 Hierosolymis
3326 3226 3548 3283 dictum
3575 3234 3684 3298 est,

2035 3316 2094 3366 et
2124 3310 2197 3365 de
2232 3311 2569 3383 captivitate
2597 3330 2728 3384 quae
2786 3317 2927 3367 tunc
2986 3313 3140 3369 facta
3185 3320 3293 3380 est,
3353 3319 3685 3389 praesertim

2032 3417 2169 3456 cum
2202 3400 2380 3455 etiam
2406 3401 2579 3471 juxta
2606 3401 2924 3473 Josephum
2949 3403 3138 3458 multa
3166 3405 3509 3473 huiusmodi
3535 3426 3686 3479 prm-

2032 3487 2198 3544 ludia
2235 3489 2390 3544 facta
2420 3490 2541 3544 sint
2568 3494 2706 3544 ante
2766 3490 3311 3563 Hierosolymorum
3350 3494 3683 3551 subversio-

2031 3595 2192 3635 nem.
2218 3578 2423 3634 Dicere
2454 3585 2651 3634 autem
2683 3578 2888 3634 lunam
2920 3580 2981 3634 in
3013 3582 3361 3650 sanguinem
3392 3600 3519 3639 esse
3542 3603 3687 3641 con-

2030 3668 2397 3735 vertendam,
2431 3668 2611 3723 cmdis
2624 3669 2895 3741 designat
2923 3670 3683 3746 multitudinem,tanquam

2031 3757 2175 3813 luna
2205 3774 2339 3812 cum
2391 3758 2468 3813 sit
2498 3756 2765 3824 vicinior,
2797 3758 2984 3829 possit
3015 3759 3126 3815 hoc
3152 3777 3187 3815 a
3213 3763 3520 3833 sanguinis
3552 3781 3682 3820 eva-

2030 3845 2342 3920 poratione
2381 3846 2632 3918 perpeti.
2655 3845 2809 3901 lllud
2842 3863 3005 3913 sane,
3039 3871 3066 3897 «
3092 3849 3446 3921 Priusquam
3486 3853 3685 3908 veniat

2031 3935 2157 3991 dies
2189 3934 2424 3990 Domini
2449 3951 2698 4008 magnus
2722 3941 2781 3990 et
2811 3936 3185 4005 manifestus,
3218 3961 3247 3988 »
3280 3940 3561 3995 terrentis
3593 3947 3684 3997 est

2032 4029 2091 4079 et
2118 4024 2515 4080 concutientis
2564 4030 2806 4097 propter
2863 4032 3203 4098 exspectata
3251 4029 3539 4101 pericula.
3601 4032 3681 4086 Ne

1984 4118 1985 4121 “
2030 4113 2213 4181 enim,
2239 4113 2530 4185 inquit,eo
2562 4113 2721 4183 quod
2752 4130 2908 4169 nunc
2939 4115 3183 4187 impune
3213 4119 3493 4190 peccatis,
3527 4118 3683 4173 bono

2032 4209 2219 4258 estote
2242 4202 2478 4267 animo;
2508 4202 2612 4257 sed
2643 4203 2934 4274 praeludia
2956 4205 3056 4259 19
3091 4205 3218 4261 haec
3271 4224 3400 4263 esse
3434 4224 3684 4276 cognos-

2030 4293 2144 4348 cite
2176 4291 2372 4363 magni
2404 4290 2566 4345 illius
2598 4290 2715 4345 diei
2765 4307 2833 4346 ac
2864 4293 3182 4365 periculosi
3237 4312 3353 4366 quo
3402 4301 3685 4367 sequetur

2029 4397 2278 4455 operum
2306 4379 2639 4435 retributio.
2674 4382 2952 4437 Attamen
2980 4399 3113 4437 cum
3150 4384 3331 4439 minis
3362 4384 3684 4456 quamdam

2030 4472 2209 4528 etiam
2241 4469 2547 4542 subjungit
2575 4469 3020 4542 benignitatem,
3045 4471 3304 4527 addens:
3341 4492 3362 4519 α
3388 4474 3457 4527 Et
3484 4472 3683 4527 omnis

253 4566 614 4643 χρησότητα,
670 4565 928 4641 προσθεὶς
974 4565 1060 4634 τὸ,
1119 4588 1148 4617 ‹‹
1202 4565 1306 4622 Καὶ
1363 4570 1466 4627 na;
1525 4544 1586 4627 6':
1645 4564 1738 4621 ἐὰν
1796 4564 1920 4622 ἐπι-

2039 4561 2371 4635 quicunque
2399 4560 2690 4615 invocarit
2710 4577 2927 4617 nomen
2960 4562 3415 4627 Domini,salvus
3445 4562 3559 4616 erit
3580 4559 3682 4616 ³⁸.»

251 4652 569 4727 καλέσηται
650 4655 712 4710 τὸ
771 4653 944 4730 ὄνομα
1029 4653 1258 4729 Κυρίου,
1344 4656 1670 4726 σωθήσεται.
1732 4679 1762 4707 ››
1821 4657 1923 4713 Καὶ

253 4745 417 4798 τοῦτο
451 4744 560 4819 μὲν
598 4742 815 4807 Παῦλος
867 4743 895 4798 ὀ
952 4742 1267 4806 ἀπόστολος
1317 4742 1443 4819 περὶ
1474 4743 1711 4815 Χριστοῦ
1770 4744 1924 4821 είρῆ-

254 4828 376 4889 σοαί
406 4849 581 4909 φησι,
614 4834 707 4884 νῦν
765 4829 974 4903 μέντοι,
1031 4829 1227 4885 τούτου
1280 4828 1471 4905 καιρὸν
1531 4830 1631 4885 οὐκ
1672 4826 1922 4907 ἔχοντος,

259 4915 584 4993 οἰκονομῶν
613 4918 705 4973 τὸν
728 4918 894 4996 λόγον
926 4925 1166 4993 παρῆκεν
1198 4917 1348 4977 αὐτό.

328 5033 357 5060 α
394 5006 635 5083 ’Λνδρες
666 5007 1026 5086 Ἰσραηλῖται,
1071 5009 1334 5065 ἀκούσατε
1377 5009 1506 5072 τοὺς
1539 5007 1743 5091 λόγους
1796 5010 1924 5067 τοῦ-

263 5119 289 5147 ει
318 5117 478 5159 τους.
513 5099 731 5169 Ἰησοῦν
763 5097 856 5153 τὸν
882 5102 1231 5173 Ναζωραῖον,
1280 5094 1445 5175 ἄνδρα
1471 5098 1582 5156 ἀπὸ
1639 5102 1740 5154 τοῦ
1787 5104 1924 5156 Θεοῦ

258 5184 781 5264 «ἀποδεδειγμένον
824 5186 901 5250 εἰς
933 5186 1075 5261 ὑμᾶς
1133 5184 1388 5263 δυνάμεσι
1448 5188 1538 5243 καὶ
1589 5188 1774 5265 τέρασι
1831 5188 1921 5246 καὶ

257 5270 608 5354 «σημείοις,
639 5281 727 5345 οἷς
766 5279 991 5352 ἐποίησε
1042 5276 1117 5337 δι’
1173 5279 1339 5337 αὐτοῦ
1396 5281 1423 5337 6
1482 5280 1609 5342 Θεὸς
1664 5280 1716 5338 ἐν
1772 5275 1921 5355 μέσῳ

256 5368 498 5443 εὗμῶν,
553 5372 733 5432 καθὼς
779 5370 869 5427 καὶ
936 5368 1093 5429 αὐτοὶ
1159 5367 1363 5438 οἷ’δστε,
1421 5375 1584 5428 τοῦτο
1640 5374 1710 5446 τῇ
1784 5370 1921 5445 ὡρι-

255 5474 282 5507 ε
307 5458 491 5534 σμένῃ
522 5455 707 5535 βουλῇ
735 5454 830 5516 καὶ
854 5458 1156 5535 προγνώσει
1186 5461 1285 5514 τοῦ
1342 5462 1483 5515 Θεοῦ
1535 5453 1766 5517 ἴσοδοτω
1792 5456 1920 5543 ,λα-

329 5640 375 5677 ιτ
405 5636 625 5698 Matth.
645 5629 767 5715 ﬁn,
800 5633 942 5699 Si.“
968 5640 1139 5699 Rom.
1169 5639 1377 5710 31,18;

2032 4654 2100 4709 Et
2121 4653 2233 4709 hoc
2264 4650 2504 4723 quidem
2536 4651 2755 4706 Paulus
2781 4652 3086 4723 apostolus
3118 4651 3189 4707 de
3211 4652 3441 4707 Christo
3457 4650 3681 4708 dictum

2034 4759 2163 4798 esse
2194 4742 2279 4796 ait
2311 4758 2323 4795 :
2349 4757 2510 4796 nunc
2538 4757 2675 4796 vero
2702 4757 2836 4797 cum
2868 4741 3045 4812 hujus
3102 4757 3223 4797 non
3253 4741 3468 4797 habeat
3513 4757 3681 4797 occa-

2036 4832 2285 4899 sionem,
2306 4829 2563 4902 quadam
2596 4830 2892 4884 sermonis
2914 4830 3362 4902 dispensatione
3388 4831 3502 4887 hoc
3531 4848 3683 4903 prm—

2032 4922 2307 4977 termisit.

2103 5011 2180 5078 II,
2212 5013 2281 5065 22
2308 5010 2397 5063 28.
2432 5031 2461 5058 ‹‹
2486 5008 2603 5062 Viri
2636 5006 3156 5074 Israelitm,audite
3192 5010 3364 5067 verba
3392 5012 3555 5070 hmo:
3586 5011 3677 5066 Je-

2033 5124 2061 5152 ‹‹
2082 5117 2214 5156 sum
2247 5101 2611 5155 Nazarenam
2642 5096 2830 5152 virum
2862 5113 2898 5154 a
2926 5098 3043 5155 Deo
3066 5099 3441 5170 designatum
3473 5099 3549 5157 ad
3580 5116 3682 5154 vos

2034 5214 2060 5241 ιι
2089 5187 2424 5251 virtutibus,
2459 5184 2743 5259 prodigiis
2792 5190 2848 5242 et
2907 5188 3090 5262 signis
3140 5207 3272 5262 quas
3328 5207 3435 5264 per
3479 5190 3679 5262 ipsum

2035 5302 2063 5331 ‹‹
2095 5278 2237 5335 fecit
2266 5279 2418 5333 Deus
2442 5276 2503 5331 in
2535 5274 2729 5331 medio
2762 5277 2958 5345 vestri,
3010 5280 3163 5334 sicut
3213 5285 3272 5335 et
3321 5280 3433 5351 ipsi
3492 5278 3679 5345 scitis,

2033 5390 2062 5419 κ
2092 5368 2255 5426 hunc
2285 5365 2531 5422 definito
2561 5366 2813 5423 consilio
2845 5373 2903 5423 et
2951 5369 3327 5441 praescientia
3364 5368 3466 5424 Dei
3497 5367 3680 5424 tradi—

2031 5480 2065 5539 «_
2094 5464 2223 5514 tum
2264 5457 2857 5541 cumuaccepissetis,
2898 5464 3011 5532 per
3062 5474 3278 5541 manus
3324 5459 3678 5541 iniquorum
