4134 6196
382 355 454 414 71
1506 348 1921 410 OECUMENII
1964 349 2030 408 'l‘l

2141 347 2267 407 ιΟιΕ
2318 346 2666 409 EPISCOPI
3495 339 3504 350 ’
3715 347 3792 409 ’72

388 515 416 546 ‹‹
448 493 795 549 crucifixum
829 489 1216 557 interemistis
1250 506 1266 546 :
1321 504 1499 559 quem
1532 487 1686 541 Deus
1729 486 2030 542 suscitavit

2149 507 2172 535 ιι
2205 479 2414 553 ϐόντες,
2447 482 2536 539 διὰ
2568 489 2770 565 χειρῶν
2803 484 3022 559 ἀνόμων
3066 473 3473 560 προσπήξαντες
3527 484 3786 545 ἀνείλετε.

393 607 412 633 ι
443 583 653 638 solutis
694 581 1001 636 doloribus
1056 579 1286 647 mortis,
1342 584 1635 649 quatenus
1666 575 2035 648 impossibile

387 696 414 723 ‹‹
449 678 574 727 erat
604 671 773 725 illum
817 669 1004 724 teneri
1037 669 1109 724 ab
1156 683 1244 723 ea.
1305 666 1486 722 David
1545 665 1704 720 enim
1762 664 1907 720 dicit
1963 665 2034 720 de

386 785 413 811 ‹‹
451 779 517 816 eo
555 777 567 814 :
601 758 987 813 Provideham
1041 759 1361 813 Dominum
1422 757 1483 812 in
1540 761 1862 826 conspectu
1902 770 2033 808 meo

387 873 414 900 «
449 866 703 921 semper,
740 849 1023 920 quoniam
1053 863 1088 902 a
1115 846 1337 901 dextris
1368 850 1458 901 est
1493 844 1638 900 mihi
1671 860 1745 899 ne
1777 859 2032 898 commo-

387 962 413 989 ‹‹
448 955 601 993 vear.
639 941 884 1008 Propter
915 937 1023 991 hoc
1082 936 1346 990 laetatum
1406 940 1496 989 est
1553 950 1654 989 cor
1709 949 1910 988 meum
1979 936 2036 988 et

389 1051 417 1077 ‹‹
451 1027 764 1084 exsultavit
794 1027 995 1099 lingua
1024 1041 1177 1092 mea,
1210 1025 1457 1096 insuper
1503 1029 1562 1078 et
1592 1039 1728 1078 caro
1787 1038 1920 1077 mea
1949 1037 2035 1076 re-

386 1140 413 1168 «
450 1117 717 1188 quiescet
746 1115 807 1169 in
840 1131 961 1186 spe.
997 1115 1284 1180 Quoniam
1341 1129 1462 1168 non
1497 1112 1878 1182 derelinques
1903 1111 2035 1167 ani-

389 1229 414 1255 ‹‹
442 1223 597 1261 mam
626 1221 817 1259 meam
842 1204 902 1258 in
935 1204 1188 1271 inferno,
1213 1219 1321 1257 nec
1353 1203 1514 1256 sines
1533 1207 1598 1256 ut
1628 1207 1867 1256 sanctus
1897 1207 2034 1257 tuus

388 1318 413 1343 ‹‹
448 1295 642 1350 videat
672 1294 1321 1365 corruptionem.Notas
1342 1291 1489 1346 mihi
1511 1291 1702 1346 fecisti
1725 1291 1846 1346 vias
1868 1291 1992 1345 vita:
2017 1307 2030 1358 ;

387 1408 411 1433 ‹‹
449 1383 709 1456 replebis
739 1398 834 1437 me
857 1382 1234 1453 jucunditate
1260 1397 1394 1435 cum
1426 1379 1575 1435 facie
1607 1385 1706 1434 tua
1732 1378 1798 1434 '9.
1823 1400 1851 1429 »

461 1564 751 1630 Quoniam
782 1561 842 1614 in
866 1558 1274 1630 superioribus
1299 1559 1679 1614 vehementer
1709 1576 1809 1615 eos
1839 1576 2034 1632 repre-

393 1651 620 1718 hendit,
650 1667 810 1704 nunc
840 1649 1000 1721 ipsos
1030 1648 1338 1711 exhilarat,
1367 1665 1485 1702 non
1516 1648 1897 1714 assentando,
1930 1649 2032 1704 sed

387 1737 798 1795 refocillando.
861 1738 997 1792 Ideo
1029 1753 1266 1809 quoque
1300 1737 1600 1808 prmfatur,
1637 1743 1694 1792 et
1725 1739 1908 1809 patris
1966 1755 2033 1794 ac

2138 596 2162 625 ιι
2206 574 2301 630 Ὃν
2362 575 2389 628 6
2441 576 2570 635 Θεὸς
2626 575 2886 644 ἀνέστησε
2940 573 3108 636 λύσας
3174 575 3268 635 τὰς
3324 570 3523 635 ὠδῖνας
3570 569 3788 630 τοῦίϐα·

2142 662 2376 729 ‹‹νάτου,
2435 663 2624 727 καθότι
2685 662 2785 718 οὐκ
2845 666 2910 733 ἦν
2971 661 3194 718 δυνατὸν
3254 666 3567 737 κρατεῖσθαι
3625 665 3786 719 αὐτὸν

2143 773 2173 807 ιι
2235 753 2338 806 ὑπὸ
2398 752 2585 810 αὐτοῦ.
2647 750 2822 809 Ααυῖδ
2878 753 2978 828 γάρ
3037 751 3188 828 λέγει
3247 753 3321 812 εἷς
3379 752 3562 807 αὐτόν’
3644 760 3787 830 Προ-

2141 841 2437 917 «ωρώμην
2469 842 2560 897 τὸν
2621 843 2814 917 Κύριον
2873 842 3103 898 ἐνώπιόν
3164 863 3269 916 μου
3329 839 3641 912 διαπαντὸς,
3711 843 3792 898 ὅτι

2140 954 2166 982 ι(
2196 929 2256 985 ἐκ
2285 929 2471 1001 δεξιῶν
2504 932 2612 1005 μού
2646 931 2807 995 ἑστῖν,
2839 929 2934 986 ’ίνα
2995 933 3071 1004 μὴ
3136 929 3407 998 σαλευθῶ.
3472 933 3569 986 Διά
3625 937 3786 988 τοῦτο

2146 1040 2166 1069 ι
2221 1021 2488 1099 εὐφράνθη
2571 1023 2607 1090 ἡ
2663 1019 2859 1095 καρδία
2921 1042 3046 1094 μου.
3135 1021 3237 1078 Καὶ
3317 1018 3696 1096 ἠγαλλιάσατο
3753 1025 3788 1092 ἡ

2143 1135 2170 1164 ιι
2204 1109 2430 1187 γλῶσσά
2463 1132 2594 1186 μου,
2625 1108 2704 1167 ἔτι
2739 1108 2796 1166 δὲ
2827 1111 2916 1166 καὶ
2949 1114 2984 1181 ἡ
3043 1109 3167 1187 σάρξ
3226 1132 3332 1184 μου
3385 1113 3790 1182 κατασκηνώσει

2144 1228 2170 1256 ‹‹
2199 1204 2280 1260 ἐπ’
2311 1202 2516 1277 ἐλπίδι,
2549 1206 2636 1260 ’ὀτι
2669 1203 2768 1260 οὐκ
2817 1203 3227 1283 ἐγκαταλείψεις
3282 1205 3380 1273 τὴν
3441 1207 3626 1284 ψυχήν
3687 1225 3790 1277 μου

2139 1319 2166 1346 ‹‹
2204 1292 2280 1357 εἴς
2312 1292 2466 1365 ᾅδου,
2501 1292 2626 1350 οὐδὲ
2657 1291 2850 1356 δώσεις
2882 1295 2976 1350 τὸν
3009 1295 3157 1350 ’ὀσιόν
3221 1315 3314 1349 σου
3375 1291 3506 1349 ἰδεῖν
3563 1291 3790 1371 διαφθοο

2141 1385 2316 1458 ‹‹ράν.
2377 1383 2708 1460 Ἐγνώρισάς
2767 1405 2860 1458 μοι
2922 1381 3081 1446 ὁδοὺς
3145 1389 3314 1454 ζωῆς,
3373 1383 3690 1459 πληρώσεις
3725 1404 3791 1457 με

2137 1496 2167 1526 α
2201 1471 2534 1545 εὐφροσύνης
2567 1476 2700 1544 μετά
2727 1478 2824 1529 τοῦ
2853 1475 3151 1545 προσώπου
3183 1495 3299 1531 σου.
3332 1497 3361 1526 ››

2206 1558 2429 1631 Ἐπειδὴ
2461 1564 2745 1638 καθήψατο
2799 1562 2978 1618 αὐτῶν
3041 1561 3295 1638 ὰνωτὲρω
3353 1559 3632 1640 σφοδρῶς,
3695 1567 3788 1617 νῦν

2139 1650 2348 1722 ἀνίησιν
2404 1651 2619 1720 αὐτοὺς,
2682 1652 2746 1707 ού
2806 1650 3148 1724 κολακεύων,
3234 1651 3379 1708 ἀλλὰ
3437 1649 3781 1708 διαναπαύων

2136 1740 2485 1802 καὶάνὲσεως
2517 1740 2698 1812 ἀξιῶν.
2736 1743 2827 1796 Διὸ
2886 1744 2975 1797 καὶ
3036 1743 3480 1816 προοιμιάζεται,
3539 1741 3627 1796 καὶ
3690 1745 3788 1797 τοῦ

385 1829 779 1902 progenitoris
811 1828 988 1883 David
1021 1827 1394 1890 meminit,ne
1421 1826 1734 1883 conturbet
1753 1845 1853 1883 eos
1875 1828 2030 1900 quod

2141 1832 2487 1905 προπάτορος
2552 1828 2716 1886 Δαυίδ
2773 1829 3127 1905 μνημονεύει,
3185 1832 3279 1885 ἳνα
3337 1831 3414 1904 μὴ
3474 1826 3786 1906 θορυϐήσῃ,

385 1921 583 1974 Jesum
616 1919 676 1973 in
710 1933 982 1974 sermone
1013 1917 1358 1989 praetulerit.
1413 1919 1556 1972 Cum
1616 1918 1775 1971 enim
1833 1918 2032 1973 statim

385 2011 737 2082 prophetam
771 2009 1096 2072 audissent,
1122 2008 1550 2062 sustinuerunt.
1586 2009 1729 2062 Nam
1760 2008 1808 2063 si
1842 2009 2033 2063 solum

383 2101 581 2155 Jesum
618 2098 996 2170 produxisset
1052 2096 1370 2153 homicidis
1413 2096 1778 2162 hominibus,
1838 2099 2037 2153 statim

387 2189 522 2245 illos
554 2188 923 2244 offendisset.
959 2190 1280 2258 Propteiea
1312 2186 1488 2242 etiam
1520 2203 1638 2241 non
1670 2186 1855 2242 dixit:
1901 2189 2038 2243 Cre-

387 2278 527 2345 dite,
557 2278 683 2344 sed,
717 2277 928 2332 Audite
955 2293 967 2330 :
1001 2282 1066 2330 ut
1097 2277 1286 2348 magis
1317 2275 1538 2331 invidia
1571 2293 1765 2331 sermo
1789 2281 2036 2333 careret.

385 2367 522 2425 Ideo
546 2383 782 2439 quoque
814 2366 886 2421 de
916 2367 1052 2421 Jesu
1083 2365 1372 2420 humilius
1412 2366 1698 2436 loquitur.
1733 2365 2038 2438 Siquidem

389 2480 410 2506 α
448 2459 670 2524 Jesum,
698 2457 912 2528 inquit,
949 2458 1332 2521 Nazarenum,
1365 2477 1393 2506 »
1453 2471 1663 2526 nempe
1695 2472 1728 2511 a
1784 2455 1882 2510 vili
1925 2456 2035 2510 ab-

378 2548 657 2619 jectaque
689 2546 880 2618 patria
901 2544 1496 2610 nominans.Deinde,
1518 2568 1545 2594 ‹‹
1576 2545 1981 2617 Designatum,
2004 2567 2032 2596 »

386 2653 508 2692 non
535 2636 606 2690 de
640 2653 756 2706 quo
806 2635 996 2690 ullum
1026 2634 1231 2689 haberi
1263 2639 1467 2705 posset
1495 2633 1764 2698 dubium,
1799 2633 1903 2689 sed
1934 2651 2039 2706 per

386 2743 568 2798 Opera
597 2726 1125 2790 demonstratum,«
1144 2741 1274 2794 qua:
1302 2740 1407 2794 per
1437 2723 1632 2795 ipsum
1663 2724 1804 2778 fecit
1829 2729 2033 2790 Deus,»

385 2817 524 2888 quia
549 2833 583 2870 a
615 2816 732 2869 Deo
757 2820 902 2876 erat,
931 2813 1039 2868 etsi
1059 2813 1216 2867 enim
1244 2813 1398 2867 Deus
1420 2811 1582 2879 fecit,
1617 2813 1835 2883 sedper
1856 2815 2037 2883 ipsum

382 2904 707 2970 fecit,et«in
732 2902 928 2958 medio
951 2902 1316 2968 vestri,»non
1339 2901 1492 2956 clam
1510 2917 1702 2972 neque
1719 2902 1779 2956 in
1795 2902 2033 2974 angulo,

388 2995 491 3051 sed
516 2994 680 3049 vobis
712 2991 1086 3048 testantibus.
1123 2990 1412 3057 Quoniam
1445 2996 1646 3046 autem
1671 2991 1742 3046 ad
1769 2993 2035 3063 ipsorum

388 3087 616 3141 facinus
639 3082 998 3156 procedebat
1019 3081 1176 3152 quod
1208 3097 1337 3136 sese
1369 3098 1475 3153 per
1505 3098 1742 3136 crucem
1785 3081 2033 3149 exeruit,

389 3177 548 3245 ipsos
579 3175 753 3229 etiam
805 3173 1060 3227 liberare
1092 3177 1343 3227 conatur
1407 3187 1512 3242 per
1565 3171 1674 3226 hoc
1732 3171 1890 3242 quod
1911 3172 2030 3226 ait:

385 3224 693 3318 «rDeﬁnito
749 3263 1000 3317 consilio
1055 3267 1112 3317 et
1161 3224 1538 3334 prmscieiitia
1586 3262 1686 3316 Dei
1715 3224 1788 3317 ει»
1853 3262 2033 3318 simul
2072 3224 2115 3291 C

387 3356 622 3426 quidem
653 3354 974 3410 ostendens
1003 3355 1338 3410 ultroneam
1373 3353 1559 3425 ipsius
1582 3354 1943 3425 passionem,
1979 3360 2036 3408 et

384 3445 542 3517 quod
573 3444 668 3500 his
699 3461 829 3516 qum
861 3445 1106 3500 definita
1137 3448 1306 3499 erant
1327 3442 1593 3498 obsecuti
1626 3443 1764 3497 sint.
1800 3444 1902 3499 20
1931 3447 2032 3498 At-

382 3542 582 3590 tamen
617 3533 775 3605 ipsos
815 3533 1124 3589 liberando
1165 3549 1285 3586 non
1319 3532 1562 3585 omnino
1625 3533 1754 3586 sine
1786 3549 2030 3587 accusa-

380 3625 540 3679 tione
574 3624 862 3696 relinquit
893 3641 904 3677 :
941 3622 1142 3677 subdit
1191 3621 1348 3675 enim
1376 3636 1389 3676 :
1418 3643 1442 3669 «
1479 3623 1590 3675 Per
1645 3637 1857 3675 manus
1911 3622 2026 3676 ini-

379 3730 632 3786 quorum
666 3712 1072 3769 interemistis.
1109 3733 1138 3761 »
1175 3709 1476 3780 Siquidem
1508 3726 1614 3781 per
1668 3727 1880 3764 manus
1911 3711 2028 3766 ini-

377 3818 874 3874 quorum.nempe
894 3800 1057 3856 Judaa
1089 3816 1156 3855 ac
1186 3799 1442 3854 militum
1460 3798 2024 3870 crudeliter,inquit,

377 3893 764 3948 interemistis
794 3893 938 3945 Nam
970 3889 1018 3944 si
1054 3889 1112 3943 hi
1147 3888 1247 3960 qui
1271 3889 1837 3961 peregeruntiniqui
1865 3895 2025 3956 sunt,

378 3983 555 4036 etiam
591 3982 630 4034 ii
661 3986 819 4035 certe
853 3980 954 4050 qui
979 3979 1431 4035 interemerunt.
1466 3980 1610 4033 Cum
1664 3979 1746 4034 ita
1801 3981 2023 4036 sensim

376 4071 511 4125 illos
542 4069 1177 4140 objurgasset,sumpta
1208 4084 1443 4140 quoque
1475 4067 1756 4140 deinceps
1778 4069 2025 4126 audacia

374 4160 749 4216 manifestius
802 4176 904 4215 eos
934 4160 1123 4230 carpit
1152 4159 1355 4214 dicens
1391 4176 1403 4213 :
1439 4181 1464 4208 «
1493 4160 1676 4224 Quem
1711 4160 1864 4214 Deus
1893 4177 2020 4215 sus—

376 4251 580 4307 citavit
620 4249 831 4305 solutis
882 4248 1188 4304 doloribus
1237 4248 1445 4304 mortis
1481 4265 1493 4302 :
1525 4271 1550 4298 ι
1590 4249 1700 4304 hoc
1755 4255 1863 4311 est.
1895 4251 2024 4322 ipsa

375 4357 611 4412 quoque
635 4356 794 4394 mors
818 4339 1012 4410 ipsum
1037 4337 1310 4392 detinens
1333 4337 1541 4394 doluit.
1579 4344 1636 4392 et
1655 4337 1830 4393 veluti
1853 4356 2022 4411 grave

377 4428 605 4501 aliquid
651 4444 826 4500 passa
869 4433 976 4484 est.
1044 4428 1220 4482 Vetus
1265 4443 1522 4497 namque
1581 4429 2022 4483 Testamentum

374 4515 572 4579 ὠδῖνας
605 4518 942 4590 appellavit.
976 4515 1036 4570 id
1068 4521 1175 4580 est,
1205 4516 1560 4572 calamitate.
1595 4517 1663 4572 Ut
1707 4535 1842 4573 cum
1876 4518 2019 4573 dici-

2147 1917 2334 1988 ἐπειδὴ
2366 1921 2457 1975 τὸν
2509 1921 2720 1989 Ἰησοῦν
2779 1924 3085 1999 προήνεγκε
3141 1925 3221 1993 τῷ
3287 1919 3462 1998 λόγῳ.
3521 1923 3632 1977 Τοῦ
3683 1921 3786 1997 γάρ

2147 2011 2432 2086 προφήτου
2484 2010 2629 2084 παρᾶ
2684 2008 2857 2072 πόδας
2919 2009 3237 2070 ἀκούσαντες
3301 2008 3555 2087 ἐπέσχον.
3608 2008 3673 2064 Ei
3732 2006 3791 2063 δὲ

2149 2099 2309 2174 μόνον
2339 2100 2402 2154 τὸ
2434 2094 2608 2172 ὄνομα
2637 2103 2734 2154 τοῦ
2766 2102 2949 2170 Ἰησοῦ
3005 2101 3268 2174 προήχθη
3313 2103 3545 2177 φονῶσιν
3579 2098 3788 2173 ἀνθρώ-

2144 2210 2296 2260 ποις,
2328 2188 2526 2253 εὐθέως
2558 2190 2620 2244 ἂν
2678 2191 2950 2263 προσέστη
3001 2189 3206 2251 αὐτοῖς.
3269 2189 3365 2244 Διᾶ
3421 2193 3583 2244 τοῦτο
3641 2186 3796 2255 οὐδὲ,

2146 2278 2632 2351 Ηείσοητε,είπεν,
2674 2277 2826 2347 ἀλλ’,
2881 2279 3198 2336 Ἀκούσατε.
3259 2280 3447 2341 ’Όπως
3500 2276 3796 2353 ἐνεπαχθὲ-

2146 2389 2330 2442 στερον
2360 2369 2446 2438 ἦν.
2481 2369 2581 2424 Διὰ
2635 2374 2796 2425 τοῦτο
2846 2371 2936 2424 καὶ
3001 2370 3120 2444 περὶ
3175 2373 3274 2424 τοῦ
3332 2370 3513 2440 Ἰησοῦ
3547 2369 3795 2423 ταπεινό-

2143 2479 2294 2534 τερον
2327 2461 2636 2539 φθέγγεται.
2670 2484 2696 2512 ι(
2746 2462 2959 2529 Ἰησοῦν
3017 2459 3144 2536 γάρ,
3205 2458 3362 2536 φησὶ,
3419 2457 3512 2513 τὸν
3598 2462 3796 2525 Ναζω-

2145 2554 2318 2624 ραῖον,
2354 2573 2381 2600 ››
2417 2548 2521 2604 ἀπὸ
2547 2553 2647 2614 τῆς
2679 2546 2934 2610 εὐτελοῦς
2962 2545 3226 2622 πατρίδος
3277 2547 3582 2622 ὀνομάζων.
3640 2546 3793 2614 Εἶτα,

2147 2662 2171 2692 α
2223 2635 2707 2711 ἀποδεδειγμένον,
2772 2662 2799 2688 ››
2887 2639 3001 2692 οἷον
3064 2637 3170 2692 οὐκ
3251 2631 3791 2715 ἀμφισϐητούμενον.

2145 2726 2305 2792 Ἀλλ’
2336 2724 2796 2802 ἀποδεδειγμένον
2839 2723 2932 2782 διὰ
2985 2732 3096 2782 τῶν
3147 2723 3343 2804 ἔργων,
3379 2751 3409 2778 ‹‹
3467 2724 3539 2780 ὧν
3573 2724 3797 2795 ἐποίησε

2145 2814 2215 2872 δι’
2241 2817 2648 2883 αὐτοῦὸθεὸς,
2684 2839 2711 2867 ι)
2763 2818 2846 2870 ’ὁτι
2903 2817 3008 2871 άπὸ
3067 2819 3200 2871 Θεοῦ
3257 2819 3343 2885 ἦν,
3402 2817 3552 2877 Τέως
3609 2815 3714 2890 γὰρ
3747 2815 3794 2869 εἰ

2142 2905 2231 2961 καὶ
2265 2907 2292 2961 6
2324 2906 2455 2968 Θεὸς
2490 2905 2766 2974 ἐποίησεν,
2800 2903 2948 2961 ἀλλὰ
3005 2903 3076 2960 δι’
3133 2906 3322 2973 αὐτοῦ,
3363 2905 3452 2960 καὶ
3475 2930 3502 2957 (ι
3562 2904 3612 2959 ἐν
3647 2904 3796 2980 μέσῳ

2145 2997 2320 3069 ὑμῶν,
2356 3019 2384 3047 ››
2417 2995 2478 3050 οὖ
2510 2993 2706 3070 λάθρα,
2739 2992 2867 3050 οὐδὲ
2897 2993 2948 3050 ἐν
2993 2995 3187 3072 γωνίᾳ,
3242 2993 3390 3050 ἀλλὰ
3450 2995 3795 3070 μαρτυρούν-

2142 3106 2250 3140 των
2276 3086 2452 3159 ὑμῶν.
2489 3081 2709 3152 Ἐπειδή
2745 3081 2800 3139 δῖε
2833 3085 2909 3146 εἷς
2964 3085 3026 3139 τὸ
3062 3081 3151 3138 διὰ
3216 3087 3314 3138 τοῦ
3364 3088 3596 3157 σταυροῦ
3657 3081 3792 3138 τόλ-

2151 3195 2311 3248 μημα
2369 3173 2546 3228 αὐτῶν
2605 3169 2849 3249 προῧϐη,
2906 3177 3156 3248 πειρᾶται
3216 3172 3413 3233 αὐτοὺς
3472 3173 3559 3227 καὶ
3625 3170 3799 3227 ἀπαλ-

2146 3259 2365 3318 λάσσειν
2397 3260 2486 3318 διά
2526 3266 2622 3318 τοῦ
2681 3262 2875 3333 εἰπεῖν,
2935 3286 2964 3314 ‹‹
3023 3266 3104 3336 Τῇ
3163 3261 3551 3337 προωρισμένῃ
3614 3259 3797 3336 βουλῇ

2142 3356 2238 3407 τοῦ
2269 3356 2426 3422 Θεοῦ,
2469 3375 2498 3403 ››
2531 3352 2644 3424 ἅμα
2705 3351 2801 3425 μὲν
2842 3348 3051 3411 δεικνὺς
3111 3350 3172 3404 τὸ
3213 3353 3312 3404 τοῦ
3368 3350 3573 3410 πάθους
3632 3347 3800 3404 αὐτοῦ

2141 3440 2413 3512 ἑκούσιον,
2462 3440 2551 3495 καῖ
2612 3437 2696 3494 ὅτι
2747 3444 2865 3502 τοῖς
2923 3437 3368 3514 προωρισμὲνοις
3430 3436 3799 3513 ὑπούργησεν,

2141 3528 2406 3584 ἀλλὰκαὶ
2468 3526 2862 3597 ἀπαλλάσσων,
2923 3529 3027 3583 οὐκ
3078 3526 3301 3607 ἀφίησιν
3359 3525 3556 3587 αὐτοὺς
3615 3526 3799 3596 πάντη

2136 3624 2233 3673 τοῦ
2292 3617 2668 3694 ἐγκλήματος.
2754 3619 2989 3695 Ἐπάγει
3063 3617 3191 3694 γὰρ,
3245 3615 3328 3671 ὅτι
3389 3641 3416 3667 ‹‹
3466 3616 3562 3671 Διὰ
3595 3620 3800 3690 χειρῶν

2136 3707 2358 3782 ἀνόμων
2414 3706 2673 3763 ἀνείλετε·
2737 3732 2766 3759 ››
2821 3705 2914 3762 διὰ
2971 3711 3172 3782 χειρῶν
3236 3706 3330 3778 μὶν
3384 3707 3486 3780 γὰρ
3544 3702 3790 3775 ἀνόμων,

2135 3797 2258 3868 ἤτοι
2295 3795 2474 3854 Ἰούδα
2507 3798 2600 3852 καὶ
2651 3802 2756 3852 τῶν
2817 3801 3184 3872 στρατιωτῶν,
3243 3795 3409 3867 ὥμως
3440 3789 3700 3846 ἀνείλετεο
3733 3790 3779 3844 εί

2135 3889 2238 3963 γάρ
2263 3887 2315 3942 οἱ
2345 3887 2639 3962 πράξαντες
2667 3883 2882 3958 ἄνομοι,
2914 3885 3003 3940 καὶ
3063 3887 3113 3940 οἳ
3169 3881 3443 3944 ἀνελόντες
3493 3878 3777 3951 δηλονότι,

2135 3974 2277 4031 οὕτω
2315 3975 2699 4049 καθαψάμενος
2760 3975 2933 4030 αὐτῶν
2985 3975 3185 4049 ἠρέμα,
3242 3973 3333 4027 καὶ
3391 3969 3585 4025 λοιπὸν
3643 3966 3781 4023 τολ-

2137 4069 2253 4139 μῶν
2309 4066 2398 4120 καὶ
2457 4064 2938 4146 ἐμφαντικωτέρων
2994 4063 3225 4137 ἅψασθαι
3281 4063 3478 4141 φήσαςο
3513 4084 3541 4113 ι(
3603 4059 3698 4117 Ὃν
3753 4060 3782 4114 ὁ

2133 4155 2262 4216 Θεὸς
2318 4154 2597 4224 ἀνέστησε,
2657 4152 2826 4216 λύσας
2884 4153 2978 4215 τὰς
3037 4150 3237 4214 ὠδῖνας
3313 4155 3410 4206 τοῦ
3466 4150 3717 4205 θανάτου.
3750 4170 3780 4200 ››

2133 4246 2444 4312 Τουτέστιν,
2478 4246 2562 4300 ὅτι
2590 4243 2679 4299 καί
2727 4245 2755 4299 6
2786 4245 3013 4305 Θάνατος
3060 4239 3217 4296 ὥδινε
3267 4241 3516 4319 κατέχων
3597 4237 3784 4309 αὐτὸν,

2131 4335 2220 4390 καὶ
2271 4333 2437 4389 οἱονεὶ
2488 4331 2634 4389 δεινά
2690 4328 2947 4407 ἔπασχεν.
3041 4327 3252 4391 Ὠδῖνας
3312 4330 3416 4406 γὰρ
3473 4330 3507 4397 ἡ
3572 4323 3790 4382 Παλαιὰ

2129 4426 2256 4487 τοὺς
2318 4422 2604 4486 κινδύνους
2660 4425 2816 4505 φησὶ,
2877 4423 2963 4477 καὶ
3026 4422 3122 4481 τὰς
3181 4419 3488 4498 συμφοράς.
3552 4417 3640 4478 Ὠς
3697 4415 3790 4471 ἐπὶ

2130 4520 2247 4580 τοῦ,
2281 4541 2320 4566 ‹‹.
2346 4512 2549 4577 Ὠδῖνες
2580 4503 2710 4584 ᾅδου
2751 4509 3204 4586 περιεκύκλωσάο
3241 4530 3326 4584 με.
3362 4531 3389 4559 ››
3423 4507 3519 4563 Διὰ
3551 4503 3607 4561 δὲ
3663 4509 3788 4574 τοῦ,

377 4612 492 4672 tur,
528 4629 555 4655 ‹‹
587 4602 878 4672 mamma
911 4604 1398 4666 est,calamitates
1428 4604 1516 4658 vel
1548 4604 1782 4660 dolores
1809 4606 2026 4661 inferni

2141 4630 2161 4656 ι‹
2197 4604 2398 4661 Καθότι
2429 4601 2530 4658 οὐκ
2559 4603 2626 4671 ἦν
2662 4599 2883 4656 δυνατὸν
2944 4599 3106 4656 αὐτὸν
3163 4603 3500 4674 κρατεῖσθαι,
3532 4619 3560 4648 »
3593 4595 3655 4650 τὸ
3689 4615 3792 4668 με-

375 4693 1084 4750 οἰνοιιῐιιάθᾶθῐνιιῐιῐωθδο.
1113 4717 1139 4743 ››
1157 4695 1270 4748 Per
1297 4694 1407 4748 hoc
1438 4695 1594 4764 quod
1617 4695 1781 4749 addit
1804 4712 1852 4750 ζα
1875 4696 2026 4760 Qua-

377 4786 550 4834 tenus
582 4781 949 4852 impossibile
982 4787 1110 4836 erat
1154 4781 1322 4835 illum
1356 4781 1566 4846 teneri,
1605 4802 1630 4829 ››
1666 4782 2027 4854 magnitudi-

383 4886 518 4924 nem
553 4870 681 4940 ejus
712 4870 1098 4935 demonstrat,
1133 4876 1192 4925 et
1220 4869 1375 4940 quod
1408 4870 1668 4942 amplius
1699 4889 1819 4926 non
1844 4873 2026 4926 mori-

381 4965 493 5011 tur.
528 4957 614 5011 Ad
637 4958 762 5012 haac
794 4960 1142 5029 prophetam
1190 4960 1370 5014 etiam
1406 4960 1579 5014 David
1640 4961 1880 5016 adducit
1937 4961 2022 5015 di-

2136 4690 2357 4769 γαλεῖον
2391 4692 2554 4746 αὐτοῦ
2586 4692 2911 4766 παρίστησι,
2944 4689 3034 4744 καὶ
3096 4687 3180 4744 ὅτι
3237 4687 3339 4742 οὐκ
3402 4681 3480 4741 ἔτι
3542 4685 3794 4754 ἀποθνή-

2135 4803 2268 4839 σκει.
2305 4782 2429 4839 Ἐπὶ
2460 4781 2678 4844 τούτοις
2707 4781 2944 4857 παράγει
2974 4779 3065 4834 καὶ
3122 4778 3213 4833 τὸν
3276 4777 3569 4850 προφήτην
3620 4771 3793 4828 Δαυΐδ

2133 4871 2385 4950 λέγοντα,
2417 4871 2490 4932 ὡς
2549 4871 2901 4946 προείρηται,
2966 4867 3063 4923 οὐκ
3122 4867 3196 4930 είς
3256 4867 3460 4924 ἑαυτὸν,
3520 4861 3650 4918 ἀλλ’
3709 4861 3797 4924 ε’ίς

2133 4962 2320 5030 αὐτὸν,
2353 4967 2597 5017 τουτέστι
2647 4961 2738 5016 τὸν
2799 4960 3054 5035 Χριστόν.
3116 4957 3398 5015 Κάνταῦθα
3431 4951 3488 5009 δὶ
3543 4953 3650 5008 ἀπὸ
3676 4956 3794 5006 τῶν

2130 5051 2544 5122 ταπεινοτέρων,
2602 5050 2694 5104 καὶ
2752 5049 2888 5103 κατᾶ
2965 5048 3027 5103 τὸ
3085 5045 3461 5119 ταπεινότερον
3512 5040 3803 5116 προῦθηκε

2131 5143 2229 5211 τήν
2284 5138 2641 5220 προφητείαν,
2697 5137 2789 5194 ἅτε
2849 5135 3368 5214 είσαγωγικωτέρων
3428 5131 3612 5208 λόγων
3676 5127 3807 5220 δεοο

2137 5225 2336 5298 μένοις.
2375 5253 2401 5280 ‹‹
2430 5228 2631 5284 Καθότι
2663 5227 2765 5282 οὐκ
2824 5227 2891 5296 ἦν
2950 5223 3200 5282 δυνατόν.
3229 5246 3254 5275 ιι
3296 5222 3470 5282 Αὐτὸς
3496 5221 3596 5293 γάρ
3658 5212 3803 5297 ἔφη,

2135 5320 2218 5374 δτι
2253 5342 2280 5370 ι(
2312 5315 2503 5382 Οὐδεὶς
2535 5315 2681 5392 α’ίρες
2701 5318 2802 5386 τήν
2835 5318 3021 5391 ψυχήν
3058 5336 3162 5390 μου
3193 5313 3284 5368 ἀπ’
3307 5311 3463 5386 ἐμοῦ.
3493 5305 3804 5392 ’Λλλίέγὼ

373 5403 669 5458 monibus.
687 5427 713 5453 «
740 5405 1039 5469 Quatenus
1070 5405 1439 5478 impossibile
1468 5412 1612 5460 erat.
1649 5429 1676 5455 »
1709 5409 1839 5479 Ipse
1867 5409 2025 5464 enim

2141 5406 2224 5463 άπ’
2252 5407 2488 5480 ἐμαυτοῦ
2547 5406 2744 5478 τίθημι
2795 5403 2959 5474 αὐτὴν
3015 5404 3105 5461 καὶ
3152 5401 3262 5480 ἐγὼ
3321 5397 3487 5455 πάλιν
3521 5389 3806 5471 λαμϐάνω

373 5492 642 5548 dicebat:
677 5517 704 5543 ι(
731 5496 911 5550 Nemo
943 5495 1379 5551 tollitanimam
1431 5511 1626 5550 meam
1687 5513 1720 5552 a
1769 5514 1885 5566 me,
1921 5498 2024 5555 sed

2141 5495 2324 5567 αὐτήν.
2363 5520 2390 5548 ››

376 5599 482 5656 ego
516 5597 551 5637 a
578 5583 806 5656 meipso
837 5601 995 5656 pono
1025 5585 1215 5653 illam,
1252 5589 1312 5638 et
1339 5598 1445 5655 ego
1477 5601 1716 5641 rursum
1747 5603 1919 5644 sumo
1947 5604 2078 5645 eam
2107 5589 2176 5645 ³¹.
2208 5609 2237 5639 ››

375 5053 608 5102 centem
635 5063 754 5102 non
789 5045 860 5101 de
893 5049 1221 5118 seipso,sed
1247 5049 1317 5104 de
1353 5055 1514 5116 eo,ut
1539 5049 1762 5105 dictum
1787 5055 1892 5112 est,
1916 5050 2024 5105 hoc

379 5143 488 5202 est,
524 5137 594 5190 de
626 5136 877 5191 Christo.
902 5141 966 5190 Et
993 5137 1091 5191 hic
1120 5155 1355 5209 quoque
1380 5138 1451 5193 ab
1512 5138 1935 5194 humilioribus
1970 5144 2025 5194 et

368 5224 543 5296 juxta
567 5224 624 5278 id
658 5225 816 5295 quod
849 5225 1167 5281 demissius
1189 5232 1279 5282 est
1298 5228 1671 5300 prophetiam
1693 5230 2022 5300 proposuit,

375 5321 658 5384 tanquam
689 5315 781 5370 his
814 5315 1029 5386 quibus
1055 5333 1202 5388 opus
1235 5323 1361 5372 erat
1405 5317 1853 5374 introductoriis
1903 5336 2023 5374 ser-

441 5744 490 5781 ”
515 5746 665 5804 Psal.
697 5764 791 5818 xv,
823 5747 982 5802 8-H.
1014 5745 1063 5782 ⁸ο
1092 5745 1250 5803 Psal.
1283 5759 1416 5815 xm,
1448 5746 1504 5814 6,
1535 5744 1581 5782 ³⁸
1607 5747 1772 5808 Joan.
1796 5765 1851 5820 ι,
1887 5751 1973 5807 18.
