  <div class='ocr_page' id='page_1' title='image "/cluster/home/n/w/nwhite01/storage/ocr_20150623/118/hvd.32044073502247/042.png"; bbox 0 0 4136 6200; ppageno 0'>
   <div class='ocr_carea' id='block_1_1' title="bbox 314 331 3688 428">
    <p class='ocr_par' dir='ltr' id='par_1_1' title="bbox 314 331 3688 428">
     <span class='ocr_line' id='line_1_1' title="bbox 314 331 3688 428; baseline 0.009 -30"><span class='ocrx_word' id='word_1_1' title='bbox 314 337 380 398; x_wconf 78' lang='grc'>’13</span> <span class='ocrx_word' id='word_1_2' title='bbox 555 331 562 335; x_wconf 65' lang='grc'><strong>’</strong></span> <span class='ocrx_word' id='word_1_3' title='bbox 1235 338 1658 402; x_wconf 84' lang='lat' dir='ltr'>COMMENT.</span> <span class='ocrx_word' id='word_1_4' title='bbox 1705 343 1791 403; x_wconf 82' lang='grc' dir='ltr'>ΙΝ</span> <span class='ocrx_word' id='word_1_5' title='bbox 1837 345 2034 408; x_wconf 81' lang='lat' dir='ltr'>ACTA</span> <span class='ocrx_word' id='word_1_6' title='bbox 2084 348 2692 415; x_wconf 80' lang='lat' dir='ltr'>APOS’I‘OLORUM.</span> <span class='ocrx_word' id='word_1_7' title='bbox 3609 371 3688 428; x_wconf 72' lang='lat'><strong>74</strong></span> 
     </span>
    </p>
   </div>
   <div class='ocr_carea' id='block_1_2' title="bbox 375 464 2010 553">
    <p class='ocr_par' dir='ltr' id='par_1_2' title="bbox 375 464 2010 553">
     <span class='ocr_line' id='line_1_2' title="bbox 375 464 2010 553; baseline 0.006 -31"><span class='ocrx_word' id='word_1_8' title='bbox 375 464 636 544; x_wconf 69' lang='grc' dir='ltr'>«Ἄνδρες</span> <span class='ocrx_word' id='word_1_9' title='bbox 705 464 956 545; x_wconf 78' lang='grc' dir='ltr'>ἀδελφοὶ,</span> <span class='ocrx_word' id='word_1_10' title='bbox 1017 467 1130 541; x_wconf 71' lang='grc' dir='ltr'>ἐξὸν</span> <span class='ocrx_word' id='word_1_11' title='bbox 1190 469 1360 527; x_wconf 76' lang='grc' dir='ltr'>εἶπεῖν</span> <span class='ocrx_word' id='word_1_12' title='bbox 1423 473 1557 546; x_wconf 79' lang='grc' dir='ltr'>μετὰ</span> <span class='ocrx_word' id='word_1_13' title='bbox 1620 471 2010 553; x_wconf 75' lang='grc' dir='ltr'>παῤῥησίαςΑ</span> 
     </span>
    </p>
   </div>
   <div class='ocr_carea' id='block_1_3' title="bbox 318 557 1922 639">
    <p class='ocr_par' dir='ltr' id='par_1_3' title="bbox 318 557 1922 639">
     <span class='ocr_line' id='line_1_3' title="bbox 318 557 1922 639; baseline 0.004 -24"><span class='ocrx_word' id='word_1_14' title='bbox 318 557 483 635; x_wconf 72' lang='grc' dir='ltr'>«πρὸς</span> <span class='ocrx_word' id='word_1_15' title='bbox 533 560 670 632; x_wconf 74' lang='grc' dir='ltr'>ὑμᾶς</span> <span class='ocrx_word' id='word_1_16' title='bbox 722 560 844 636; x_wconf 85' lang='grc' dir='ltr'>περὶ</span> <span class='ocrx_word' id='word_1_17' title='bbox 903 564 999 615; x_wconf 89' lang='grc' dir='ltr'>τοῦ</span> <span class='ocrx_word' id='word_1_18' title='bbox 1052 564 1398 639; x_wconf 72' lang='grc' dir='ltr'>πατριάρχου</span> <span class='ocrx_word' id='word_1_19' title='bbox 1455 562 1640 628; x_wconf 70' lang='grc' dir='ltr'>Δαυῗδ,</span> <span class='ocrx_word' id='word_1_20' title='bbox 1693 564 1774 619; x_wconf 72' lang='grc' dir='ltr'>ὅτι</span> <span class='ocrx_word' id='word_1_21' title='bbox 1832 566 1922 621; x_wconf 78' lang='grc' dir='ltr'>καὶ</span> 
     </span>
    </p>
   </div>
   <div class='ocr_carea' id='block_1_4' title="bbox 323 648 1918 727">
    <p class='ocr_par' dir='ltr' id='par_1_4' title="bbox 323 648 1918 727">
     <span class='ocr_line' id='line_1_4' title="bbox 323 648 1918 727; baseline 0.003 -23"><span class='ocrx_word' id='word_1_22' title='bbox 323 672 346 704; x_wconf 74' lang='grc' dir='ltr'>α</span> <span class='ocrx_word' id='word_1_23' title='bbox 369 648 673 718; x_wconf 56' lang='lat' dir='ltr'>tuis-311103,</span> <span class='ocrx_word' id='word_1_24' title='bbox 704 650 795 704; x_wconf 79' lang='grc' dir='ltr'>καὶ</span> <span class='ocrx_word' id='word_1_25' title='bbox 829 649 1022 727; x_wconf 63' lang='grc' dir='ltr'>ἑταίρη,</span> <span class='ocrx_word' id='word_1_26' title='bbox 1079 650 1170 705; x_wconf 79' lang='grc' dir='ltr'>καὶ</span> <span class='ocrx_word' id='word_1_27' title='bbox 1228 652 1290 706; x_wconf 83' lang='grc' dir='ltr'>τὸ</span> <span class='ocrx_word' id='word_1_28' title='bbox 1353 659 1544 726; x_wconf 82' lang='grc' dir='ltr'>μνῆμα</span> <span class='ocrx_word' id='word_1_29' title='bbox 1583 653 1748 708; x_wconf 76' lang='grc' dir='ltr'>αὑτοῦ</span> <span class='ocrx_word' id='word_1_30' title='bbox 1778 652 1918 709; x_wconf 86' lang='grc' dir='ltr'>ἐστιν</span> 
     </span>
    </p>
   </div>
   <div class='ocr_carea' id='block_1_5' title="bbox 316 734 1924 819">
    <p class='ocr_par' dir='ltr' id='par_1_5' title="bbox 316 734 1924 819">
     <span class='ocr_line' id='line_1_5' title="bbox 316 734 1924 819; baseline 0.006 -29"><span class='ocrx_word' id='word_1_31' title='bbox 316 740 408 794; x_wconf 80' lang='grc' dir='ltr'>«ἐν</span> <span class='ocrx_word' id='word_1_32' title='bbox 454 741 579 810; x_wconf 72' lang='grc' dir='ltr'>ἡμῖν</span> <span class='ocrx_word' id='word_1_33' title='bbox 636 734 770 816; x_wconf 66' lang='grc' dir='ltr'>ἄχει</span> <span class='ocrx_word' id='word_1_34' title='bbox 826 745 927 806; x_wconf 80' lang='grc' dir='ltr'>τῆς</span> <span class='ocrx_word' id='word_1_35' title='bbox 983 737 1191 811; x_wconf 67' lang='grc' dir='ltr'>ἡμέρας</span> <span class='ocrx_word' id='word_1_36' title='bbox 1247 740 1470 811; x_wconf 72' lang='grc' dir='ltr'>ταύτης.</span> <span class='ocrx_word' id='word_1_37' title='bbox 1507 744 1799 819; x_wconf 67' lang='grc' dir='ltr'>Προφήτης</span> <span class='ocrx_word' id='word_1_38' title='bbox 1833 743 1924 799; x_wconf 76' lang='grc' dir='ltr'>οὖν</span> 
     </span>
    </p>
   </div>
   <div class='ocr_carea' id='block_1_6' title="bbox 313 825 1925 905">
    <p class='ocr_par' dir='ltr' id='par_1_6' title="bbox 313 825 1925 905">
     <span class='ocr_line' id='line_1_6' title="bbox 313 825 1925 905; baseline 0.004 -25"><span class='ocrx_word' id='word_1_39' title='bbox 313 853 336 880; x_wconf 85' lang='lat'><strong>«</strong></span> <span class='ocrx_word' id='word_1_40' title='bbox 364 827 626 905; x_wconf 75' lang='grc' dir='ltr'>ὑπάρχων,</span> <span class='ocrx_word' id='word_1_41' title='bbox 654 827 744 881; x_wconf 83' lang='grc' dir='ltr'>καὶ</span> <span class='ocrx_word' id='word_1_42' title='bbox 775 825 953 896; x_wconf 72' lang='grc' dir='ltr'>εἰδὼς,</span> <span class='ocrx_word' id='word_1_43' title='bbox 1009 827 1097 884; x_wconf 80' lang='grc' dir='ltr'>ὅτι</span> <span class='ocrx_word' id='word_1_44' title='bbox 1137 830 1284 904; x_wconf 78' lang='grc' dir='ltr'>ὅρκῳ</span> <span class='ocrx_word' id='word_1_45' title='bbox 1315 827 1532 903; x_wconf 86' lang='grc' dir='ltr'>ὢμοσεν</span> <span class='ocrx_word' id='word_1_46' title='bbox 1557 831 1704 904; x_wconf 82' lang='grc' dir='ltr'>αὑτῷ</span> <span class='ocrx_word' id='word_1_47' title='bbox 1736 833 1763 886; x_wconf 82' lang='grc' dir='ltr'>ὁ</span> <span class='ocrx_word' id='word_1_48' title='bbox 1794 833 1925 896; x_wconf 85' lang='grc' dir='ltr'>Θεὸς</span> 
     </span>
    </p>
   </div>
   <div class='ocr_carea' id='block_1_7' title="bbox 313 909 1922 995">
    <p class='ocr_par' dir='ltr' id='par_1_7' title="bbox 313 909 1922 995">
     <span class='ocr_line' id='line_1_7' title="bbox 313 909 1922 995; baseline 0.004 -25"><span class='ocrx_word' id='word_1_49' title='bbox 313 909 410 971; x_wconf 72' lang='grc' dir='ltr'>«ἐκ</span> <span class='ocrx_word' id='word_1_50' title='bbox 457 920 663 991; x_wconf 83' lang='grc' dir='ltr'>καρποῦ</span> <span class='ocrx_word' id='word_1_51' title='bbox 733 923 834 986; x_wconf 71' lang='grc' dir='ltr'>τῆς</span> <span class='ocrx_word' id='word_1_52' title='bbox 910 916 1108 995; x_wconf 60' lang='grc' dir='ltr'>ὀσφύος</span> <span class='ocrx_word' id='word_1_53' title='bbox 1181 917 1350 973; x_wconf 83' lang='grc' dir='ltr'>αὑτοῦ</span> <span class='ocrx_word' id='word_1_54' title='bbox 1410 919 1622 984; x_wconf 77' lang='grc' dir='ltr'>καθίσαι</span> <span class='ocrx_word' id='word_1_55' title='bbox 1681 920 1767 975; x_wconf 75' lang='grc' dir='ltr'>ἐπὶ</span> <span class='ocrx_word' id='word_1_56' title='bbox 1826 926 1922 976; x_wconf 85' lang='grc' dir='ltr'>τοῦ</span> 
     </span>
    </p>
   </div>
   <div class='ocr_carea' id='block_1_8' title="bbox 310 1006 1920 1087">
    <p class='ocr_par' dir='ltr' id='par_1_8' title="bbox 310 1006 1920 1087">
     <span class='ocr_line' id='line_1_8' title="bbox 310 1006 1920 1087; baseline 0.006 -27"><span class='ocrx_word' id='word_1_57' title='bbox 310 1006 552 1081; x_wconf 73' lang='grc' dir='ltr'>«θρόνου,</span> <span class='ocrx_word' id='word_1_58' title='bbox 638 1009 701 1063; x_wconf 84' lang='grc' dir='ltr'>τὸ</span> <span class='ocrx_word' id='word_1_59' title='bbox 785 1013 921 1064; x_wconf 81' lang='grc' dir='ltr'>κατὰ</span> <span class='ocrx_word' id='word_1_60' title='bbox 1006 1011 1176 1083; x_wconf 75' lang='grc' dir='ltr'>σάρκα</span> <span class='ocrx_word' id='word_1_61' title='bbox 1256 1010 1552 1081; x_wconf 80' lang='grc' dir='ltr'>ἀναστῆσαι</span> <span class='ocrx_word' id='word_1_62' title='bbox 1627 1012 1718 1066; x_wconf 87' lang='grc' dir='ltr'>τὸν</span> <span class='ocrx_word' id='word_1_63' title='bbox 1795 1014 1920 1087; x_wconf 84' lang='grc' dir='ltr'>Χρι-</span> 
     </span>
    </p>
   </div>
   <div class='ocr_carea' id='block_1_9' title="bbox 309 1092 1922 1172">
    <p class='ocr_par' dir='ltr' id='par_1_9' title="bbox 309 1092 1922 1172">
     <span class='ocr_line' id='line_1_9' title="bbox 309 1092 1922 1172; baseline 0.006 -26"><span class='ocrx_word' id='word_1_64' title='bbox 309 1119 331 1146; x_wconf 76' lang='grc' dir='ltr'>ι(</span> <span class='ocrx_word' id='word_1_65' title='bbox 359 1095 464 1150; x_wconf 85' lang='grc' dir='ltr'>στὸν</span> <span class='ocrx_word' id='word_1_66' title='bbox 513 1092 782 1171; x_wconf 67' lang='grc' dir='ltr'>αιτροῖδιῖυν¹</span> <span class='ocrx_word' id='word_1_67' title='bbox 815 1096 1052 1167; x_wconf 78' lang='grc' dir='ltr'>ἐλαλησε</span> <span class='ocrx_word' id='word_1_68' title='bbox 1109 1099 1230 1172; x_wconf 83' lang='grc' dir='ltr'>περὶ</span> <span class='ocrx_word' id='word_1_69' title='bbox 1293 1099 1387 1171; x_wconf 75' lang='grc' dir='ltr'>μὲν</span> <span class='ocrx_word' id='word_1_70' title='bbox 1446 1100 1780 1163; x_wconf 71' lang='grc' dir='ltr'>ἀναστάσεως</span> <span class='ocrx_word' id='word_1_71' title='bbox 1825 1105 1922 1156; x_wconf 87' lang='grc' dir='ltr'>τοῦ</span> 
     </span>
    </p>
   </div>
   <div class='ocr_carea' id='block_1_10' title="bbox 305 1184 1921 1268">
    <p class='ocr_par' dir='ltr' id='par_1_10' title="bbox 305 1184 1921 1268">
     <span class='ocr_line' id='line_1_10' title="bbox 305 1184 1921 1268; baseline 0.007 -33"><span class='ocrx_word' id='word_1_72' title='bbox 305 1209 329 1235; x_wconf 83' lang='grc' dir='ltr'>α</span> <span class='ocrx_word' id='word_1_73' title='bbox 357 1186 600 1258; x_wconf 77' lang='grc' dir='ltr'>Χριστοῦ,</span> <span class='ocrx_word' id='word_1_74' title='bbox 633 1185 716 1240; x_wconf 77' lang='grc' dir='ltr'>ὅτι</span> <span class='ocrx_word' id='word_1_75' title='bbox 748 1184 848 1241; x_wconf 83' lang='grc' dir='ltr'>οὑκ</span> <span class='ocrx_word' id='word_1_76' title='bbox 895 1184 1280 1268; x_wconf 71' lang='grc' dir='ltr'>ἐγκατελείφθη</span> <span class='ocrx_word' id='word_1_77' title='bbox 1329 1191 1365 1259; x_wconf 79' lang='grc' dir='ltr'>ἡ</span> <span class='ocrx_word' id='word_1_78' title='bbox 1417 1191 1573 1265; x_wconf 71' lang='grc' dir='ltr'>ψυχὴ</span> <span class='ocrx_word' id='word_1_79' title='bbox 1623 1189 1788 1245; x_wconf 83' lang='grc' dir='ltr'>αὑτοῦ</span> <span class='ocrx_word' id='word_1_80' title='bbox 1842 1191 1921 1254; x_wconf 72' lang='grc' dir='ltr'>εἷς</span> 
     </span>
    </p>
   </div>
   <div class='ocr_carea' id='block_1_11' title="bbox 309 1269 1919 1360">
    <p class='ocr_par' dir='ltr' id='par_1_11' title="bbox 309 1269 1919 1360">
     <span class='ocr_line' id='line_1_11' title="bbox 309 1269 1919 1360; baseline 0.006 -36"><span class='ocrx_word' id='word_1_81' title='bbox 309 1269 490 1346; x_wconf 72' lang='grc' dir='ltr'>«ᾅδου,</span> <span class='ocrx_word' id='word_1_82' title='bbox 522 1273 650 1331; x_wconf 73' lang='grc' dir='ltr'>οὑδὲ</span> <span class='ocrx_word' id='word_1_83' title='bbox 706 1279 742 1346; x_wconf 72' lang='grc' dir='ltr'>ἡ</span> <span class='ocrx_word' id='word_1_84' title='bbox 800 1276 926 1351; x_wconf 79' lang='grc' dir='ltr'>σὰρξ</span> <span class='ocrx_word' id='word_1_85' title='bbox 987 1278 1153 1334; x_wconf 81' lang='grc' dir='ltr'>αὑτοῦ</span> <span class='ocrx_word' id='word_1_86' title='bbox 1204 1276 1316 1334; x_wconf 80' lang='grc' dir='ltr'>εἶδε</span> <span class='ocrx_word' id='word_1_87' title='bbox 1371 1275 1685 1360; x_wconf 74' lang='grc' dir='ltr'>διαφθορὰν.</span> <span class='ocrx_word' id='word_1_88' title='bbox 1717 1283 1919 1336; x_wconf 88' lang='grc' dir='ltr'>Τοῦτον</span> 
     </span>
    </p>
   </div>
   <div class='ocr_carea' id='block_1_12' title="bbox 303 1364 1920 1443">
    <p class='ocr_par' dir='ltr' id='par_1_12' title="bbox 303 1364 1920 1443">
     <span class='ocr_line' id='line_1_12' title="bbox 303 1364 1920 1443; baseline 0.004 -25"><span class='ocrx_word' id='word_1_89' title='bbox 303 1389 326 1418; x_wconf 76' lang='grc' dir='ltr'>ιι</span> <span class='ocrx_word' id='word_1_90' title='bbox 352 1365 434 1420; x_wconf 85' lang='grc' dir='ltr'>τὸν</span> <span class='ocrx_word' id='word_1_91' title='bbox 465 1369 672 1435; x_wconf 77' lang='grc' dir='ltr'>Ἰησοῦν</span> <span class='ocrx_word' id='word_1_92' title='bbox 730 1364 1016 1438; x_wconf 74' lang='grc' dir='ltr'>ἀνέστησεν</span> <span class='ocrx_word' id='word_1_93' title='bbox 1078 1367 1107 1422; x_wconf 83' lang='grc' dir='ltr'>ὁ</span> <span class='ocrx_word' id='word_1_94' title='bbox 1165 1369 1316 1436; x_wconf 88' lang='grc' dir='ltr'>Θεὸς,</span> <span class='ocrx_word' id='word_1_95' title='bbox 1375 1369 1437 1422; x_wconf 73' lang='grc' dir='ltr'>οὗ</span> <span class='ocrx_word' id='word_1_96' title='bbox 1501 1369 1696 1432; x_wconf 66' lang='grc' dir='ltr'>πάντες</span> <span class='ocrx_word' id='word_1_97' title='bbox 1754 1372 1920 1443; x_wconf 75' lang='grc' dir='ltr'>ἡμεῖς</span> 
     </span>
    </p>
   </div>
   <div class='ocr_carea' id='block_1_13' title="bbox 303 1453 886 1531">
    <p class='ocr_par' dir='ltr' id='par_1_13' title="bbox 303 1453 886 1531">
     <span class='ocr_line' id='line_1_13' title="bbox 303 1453 886 1531; baseline 0.003 -25"><span class='ocrx_word' id='word_1_98' title='bbox 303 1478 327 1506; x_wconf 76' lang='grc' dir='ltr'>ιι</span> <span class='ocrx_word' id='word_1_99' title='bbox 352 1453 496 1528; x_wconf 81' lang='grc' dir='ltr'>ἐσμεν</span> <span class='ocrx_word' id='word_1_100' title='bbox 530 1456 822 1531; x_wconf 73' lang='grc' dir='ltr'>μάρτυρες.</span> <span class='ocrx_word' id='word_1_101' title='bbox 857 1479 886 1508; x_wconf 71' lang='grc' dir='ltr'>η</span> 
     </span>
    </p>
   </div>
   <div class='ocr_carea' id='block_1_14' title="bbox 358 1543 1921 1624">
    <p class='ocr_par' dir='ltr' id='par_1_14' title="bbox 358 1543 1921 1624">
     <span class='ocr_line' id='line_1_14' title="bbox 358 1543 1921 1624; baseline 0.002 -23"><span class='ocrx_word' id='word_1_102' title='bbox 358 1544 462 1613; x_wconf 79' lang='grc' dir='ltr'>Τήν</span> <span class='ocrx_word' id='word_1_103' title='bbox 499 1543 835 1622; x_wconf 70' lang='grc' dir='ltr'>προφητείαν</span> <span class='ocrx_word' id='word_1_104' title='bbox 867 1543 1170 1620; x_wconf 83' lang='grc' dir='ltr'>πληρώσας</span> <span class='ocrx_word' id='word_1_105' title='bbox 1216 1543 1405 1602; x_wconf 75' lang='grc' dir='ltr'>ἄλλων</span> <span class='ocrx_word' id='word_1_106' title='bbox 1459 1545 1627 1602; x_wconf 77' lang='grc' dir='ltr'>πάλιν</span> <span class='ocrx_word' id='word_1_107' title='bbox 1677 1549 1921 1624; x_wconf 80' lang='grc' dir='ltr'>ἀπάρχε-</span> 
     </span>
    </p>
   </div>
   <div class='ocr_carea' id='block_1_15' title="bbox 294 1631 1919 1716">
    <p class='ocr_par' dir='ltr' id='par_1_15' title="bbox 294 1631 1919 1716">
     <span class='ocr_line' id='line_1_15' title="bbox 294 1631 1919 1716; baseline 0.003 -28"><span class='ocrx_word' id='word_1_108' title='bbox 294 1653 369 1688; x_wconf 82' lang='grc' dir='ltr'>ται</span> <span class='ocrx_word' id='word_1_109' title='bbox 395 1633 724 1708; x_wconf 81' lang='grc' dir='ltr'>προοιμίῶν.</span> <span class='ocrx_word' id='word_1_110' title='bbox 794 1661 814 1686; x_wconf 78' lang='grc' dir='ltr'>ι</span> <span class='ocrx_word' id='word_1_111' title='bbox 851 1631 1097 1710; x_wconf 76' lang='grc' dir='ltr'>Ἄνδρες,</span> <span class='ocrx_word' id='word_1_112' title='bbox 1151 1635 1336 1713; x_wconf 71' lang='grc' dir='ltr'>φησὶν,</span> <span class='ocrx_word' id='word_1_113' title='bbox 1394 1634 1642 1716; x_wconf 77' lang='grc' dir='ltr'>ἀδελφοί.</span> <span class='ocrx_word' id='word_1_114' title='bbox 1676 1658 1707 1692; x_wconf 83' lang='grc'>››</span> <span class='ocrx_word' id='word_1_115' title='bbox 1762 1642 1919 1693; x_wconf 83' lang='grc' dir='ltr'>Ὅταν</span> 
     </span>
    </p>
   </div>
   <div class='ocr_carea' id='block_1_16' title="bbox 292 1719 1920 1804">
    <p class='ocr_par' dir='ltr' id='par_1_16' title="bbox 292 1719 1920 1804">
     <span class='ocr_line' id='line_1_16' title="bbox 292 1719 1920 1804; baseline 0.003 -27"><span class='ocrx_word' id='word_1_116' title='bbox 292 1723 379 1798; x_wconf 73' lang='grc' dir='ltr'>γὰρ</span> <span class='ocrx_word' id='word_1_117' title='bbox 410 1719 538 1800; x_wconf 78' lang='grc' dir='ltr'>μέγα</span> <span class='ocrx_word' id='word_1_118' title='bbox 595 1745 646 1779; x_wconf 86' lang='grc' dir='ltr'>τι</span> <span class='ocrx_word' id='word_1_119' title='bbox 705 1721 884 1798; x_wconf 77' lang='grc' dir='ltr'>μέλλῃ</span> <span class='ocrx_word' id='word_1_120' title='bbox 935 1724 1098 1800; x_wconf 83' lang='grc' dir='ltr'>ἐρεῖν,</span> <span class='ocrx_word' id='word_1_121' title='bbox 1131 1724 1458 1799; x_wconf 74' lang='grc' dir='ltr'>οἰκειωτικῷ</span> <span class='ocrx_word' id='word_1_122' title='bbox 1486 1727 1757 1802; x_wconf 70' lang='grc' dir='ltr'>κέχρηται</span> <span class='ocrx_word' id='word_1_123' title='bbox 1786 1748 1920 1804; x_wconf 88' lang='grc' dir='ltr'>προ-</span> 
     </span>
    </p>
   </div>
   <div class='ocr_carea' id='block_1_17' title="bbox 297 1810 1917 1894">
    <p class='ocr_par' dir='ltr' id='par_1_17' title="bbox 297 1810 1917 1894">
     <span class='ocr_line' id='line_1_17' title="bbox 297 1810 1917 1894; baseline 0.005 -29"><span class='ocrx_word' id='word_1_124' title='bbox 297 1811 461 1885; x_wconf 82' lang='grc' dir='ltr'>οιμίῳ,</span> <span class='ocrx_word' id='word_1_125' title='bbox 490 1810 762 1891; x_wconf 76' lang='grc' dir='ltr'>ἀδελφοὺς</span> <span class='ocrx_word' id='word_1_126' title='bbox 791 1814 994 1870; x_wconf 82' lang='grc' dir='ltr'>καλῶν.</span> <span class='ocrx_word' id='word_1_127' title='bbox 1029 1819 1118 1877; x_wconf 79' lang='grc' dir='ltr'>Ὠς</span> <span class='ocrx_word' id='word_1_128' title='bbox 1167 1813 1255 1870; x_wconf 85' lang='grc' dir='ltr'>καὶ</span> <span class='ocrx_word' id='word_1_129' title='bbox 1315 1816 1344 1869; x_wconf 87' lang='grc' dir='ltr'>ὁ</span> <span class='ocrx_word' id='word_1_130' title='bbox 1401 1817 1692 1894; x_wconf 68' lang='grc' dir='ltr'>Στέφανος,</span> <span class='ocrx_word' id='word_1_131' title='bbox 1724 1815 1917 1874; x_wconf 80' lang='grc' dir='ltr'>Ἀδελ-</span> 
     </span>
    </p>
   </div>
   <div class='ocr_carea' id='block_1_18' title="bbox 293 1901 1912 1984">
    <p class='ocr_par' dir='ltr' id='par_1_18' title="bbox 293 1901 1912 1984">
     <span class='ocr_line' id='line_1_18' title="bbox 293 1901 1912 1984; baseline 0.002 -28"><span class='ocrx_word' id='word_1_132' title='bbox 293 1901 372 1976; x_wconf 74' lang='grc' dir='ltr'>φοὶ</span> <span class='ocrx_word' id='word_1_133' title='bbox 399 1904 478 1958; x_wconf 77' lang='grc' dir='ltr'>καὶ</span> <span class='ocrx_word' id='word_1_134' title='bbox 513 1901 768 1975; x_wconf 79' lang='grc' dir='ltr'>Πατέρες,</span> <span class='ocrx_word' id='word_1_135' title='bbox 830 1902 1110 1960; x_wconf 70' lang='grc' dir='ltr'>ἀκούσατε.</span> <span class='ocrx_word' id='word_1_136' title='bbox 1168 1903 1302 1960; x_wconf 75' lang='grc' dir='ltr'>Εἶτά</span> <span class='ocrx_word' id='word_1_137' title='bbox 1357 1927 1545 1984; x_wconf 75' lang='grc' dir='ltr'>φησιν,</span> <span class='ocrx_word' id='word_1_138' title='bbox 1579 1931 1607 1958; x_wconf 80' lang='grc' dir='ltr'>ι(</span> <span class='ocrx_word' id='word_1_139' title='bbox 1641 1907 1788 1976; x_wconf 81' lang='grc' dir='ltr'>Ἐεὸν</span> <span class='ocrx_word' id='word_1_140' title='bbox 1826 1905 1912 1962; x_wconf 72' lang='grc' dir='ltr'>εἷ-</span> 
     </span>
    </p>
   </div>
   <div class='ocr_carea' id='block_1_19' title="bbox 292 1991 1916 2070">
    <p class='ocr_par' dir='ltr' id='par_1_19' title="bbox 292 1991 1916 2070">
     <span class='ocr_line' id='line_1_19' title="bbox 292 1991 1916 2070; baseline 0.001 -23"><span class='ocrx_word' id='word_1_141' title='bbox 292 1998 392 2047; x_wconf 79' lang='grc' dir='ltr'>πεῖν</span> <span class='ocrx_word' id='word_1_142' title='bbox 424 1994 551 2065; x_wconf 81' lang='grc' dir='ltr'>μετᾶ</span> <span class='ocrx_word' id='word_1_143' title='bbox 585 1991 887 2070; x_wconf 64' lang='grc' dir='ltr'>παρρησίας</span> <span class='ocrx_word' id='word_1_144' title='bbox 940 1994 1062 2064; x_wconf 80' lang='grc' dir='ltr'>περί</span> <span class='ocrx_word' id='word_1_145' title='bbox 1123 1997 1223 2048; x_wconf 88' lang='grc' dir='ltr'>τοῦ</span> <span class='ocrx_word' id='word_1_146' title='bbox 1282 1995 1623 2069; x_wconf 72' lang='grc' dir='ltr'>πατριάρχου</span> <span class='ocrx_word' id='word_1_147' title='bbox 1665 1993 1849 2052; x_wconf 73' lang='grc' dir='ltr'>Δαυΐδ.</span> <span class='ocrx_word' id='word_1_148' title='bbox 1886 2019 1916 2048; x_wconf 88' lang='grc'><strong>››</strong></span> 
     </span>
    </p>
   </div>
   <div class='ocr_carea' id='block_1_20' title="bbox 293 2079 1912 2162">
    <p class='ocr_par' dir='ltr' id='par_1_20' title="bbox 293 2079 1912 2162">
     <span class='ocr_line' id='line_1_20' title="bbox 293 2079 1912 2162; baseline 0.002 -26"><span class='ocrx_word' id='word_1_149' title='bbox 293 2083 432 2136; x_wconf 76' lang='grc' dir='ltr'>Ἔνθα</span> <span class='ocrx_word' id='word_1_150' title='bbox 482 2080 640 2138; x_wconf 73' lang='grc' dir='ltr'>οὐδὲν</span> <span class='ocrx_word' id='word_1_151' title='bbox 702 2080 959 2157; x_wconf 86' lang='grc' dir='ltr'>βλάπτει,</span> <span class='ocrx_word' id='word_1_152' title='bbox 1014 2079 1201 2156; x_wconf 82' lang='grc' dir='ltr'>πολλῇ</span> <span class='ocrx_word' id='word_1_153' title='bbox 1259 2080 1528 2158; x_wconf 74' lang='grc' dir='ltr'>κέχρηται</span> <span class='ocrx_word' id='word_1_154' title='bbox 1579 2104 1912 2162; x_wconf 79' lang='grc' dir='ltr'>μετριοφρο·</span> 
     </span>
    </p>
   </div>
   <div class='ocr_carea' id='block_1_21' title="bbox 294 2171 1915 2246">
    <p class='ocr_par' dir='ltr' id='par_1_21' title="bbox 294 2171 1915 2246">
     <span class='ocr_line' id='line_1_21' title="bbox 294 2171 1915 2246; baseline 0.003 -22"><span class='ocrx_word' id='word_1_155' title='bbox 294 2171 420 2246; x_wconf 66' lang='grc' dir='ltr'>σόνῃ.</span> <span class='ocrx_word' id='word_1_156' title='bbox 450 2172 508 2229; x_wconf 80' lang='grc' dir='ltr'>Εἰ</span> <span class='ocrx_word' id='word_1_157' title='bbox 537 2173 646 2246; x_wconf 72' lang='grc' dir='ltr'>γὰρ</span> <span class='ocrx_word' id='word_1_158' title='bbox 699 2172 846 2227; x_wconf 78' lang='grc' dir='ltr'>εἶπεν</span> <span class='ocrx_word' id='word_1_159' title='bbox 907 2171 1081 2233; x_wconf 76' lang='grc' dir='ltr'>οὕτῶς</span> <span class='ocrx_word' id='word_1_160' title='bbox 1142 2171 1355 2242; x_wconf 80' lang='grc' dir='ltr'>ἁπλῶς,</span> <span class='ocrx_word' id='word_1_161' title='bbox 1388 2172 1471 2228; x_wconf 85' lang='grc' dir='ltr'>ὅτι</span> <span class='ocrx_word' id='word_1_162' title='bbox 1508 2194 1675 2228; x_wconf 66' lang='grc' dir='ltr'>ταδτα</span> <span class='ocrx_word' id='word_1_163' title='bbox 1705 2173 1804 2228; x_wconf 79' lang='grc' dir='ltr'>οὐκ</span> <span class='ocrx_word' id='word_1_164' title='bbox 1834 2171 1915 2229; x_wconf 77' lang='grc' dir='ltr'>εἷ’-</span> 
     </span>
    </p>
   </div>
   <div class='ocr_carea' id='block_1_22' title="bbox 296 2259 1911 2340">
    <p class='ocr_par' dir='ltr' id='par_1_22' title="bbox 296 2259 1911 2340">
     <span class='ocr_line' id='line_1_22' title="bbox 296 2259 1911 2340; baseline 0.001 -24"><span class='ocrx_word' id='word_1_165' title='bbox 296 2282 430 2338; x_wconf 86' lang='grc' dir='ltr'>ρηται</span> <span class='ocrx_word' id='word_1_166' title='bbox 453 2263 575 2338; x_wconf 83' lang='grc' dir='ltr'>περὶ</span> <span class='ocrx_word' id='word_1_167' title='bbox 607 2266 704 2318; x_wconf 85' lang='grc' dir='ltr'>τοῦ</span> <span class='ocrx_word' id='word_1_168' title='bbox 735 2259 920 2330; x_wconf 68' lang='grc' dir='ltr'>Δαυῗδ,</span> <span class='ocrx_word' id='word_1_169' title='bbox 977 2259 1125 2316; x_wconf 69' lang='grc' dir='ltr'>ἀλλὰ</span> <span class='ocrx_word' id='word_1_170' title='bbox 1177 2262 1303 2336; x_wconf 84' lang='grc' dir='ltr'>περὶ</span> <span class='ocrx_word' id='word_1_171' title='bbox 1359 2266 1456 2316; x_wconf 87' lang='grc' dir='ltr'>τοῦ</span> <span class='ocrx_word' id='word_1_172' title='bbox 1495 2267 1753 2338; x_wconf 82' lang='grc' dir='ltr'>Χριστοῦ,</span> <span class='ocrx_word' id='word_1_173' title='bbox 1783 2284 1911 2340; x_wconf 88' lang='grc' dir='ltr'>τρα-</span> 
     </span>
    </p>
   </div>
   <div class='ocr_carea' id='block_1_23' title="bbox 291 2352 1910 2432">
    <p class='ocr_par' dir='ltr' id='par_1_23' title="bbox 291 2352 1910 2432">
     <span class='ocr_line' id='line_1_23' title="bbox 291 2352 1910 2432; baseline 0.002 -25"><span class='ocrx_word' id='word_1_174' title='bbox 291 2353 376 2429; x_wconf 83' lang='grc' dir='ltr'>χὺς</span> <span class='ocrx_word' id='word_1_175' title='bbox 399 2353 450 2409; x_wconf 74' lang='grc' dir='ltr'>ἂν</span> <span class='ocrx_word' id='word_1_176' title='bbox 477 2352 652 2427; x_wconf 76' lang='grc' dir='ltr'>ἔδοξε,</span> <span class='ocrx_word' id='word_1_177' title='bbox 710 2354 799 2411; x_wconf 82' lang='grc' dir='ltr'>καὶ</span> <span class='ocrx_word' id='word_1_178' title='bbox 859 2355 1030 2432; x_wconf 75' lang='grc' dir='ltr'>ὀργῆν</span> <span class='ocrx_word' id='word_1_179' title='bbox 1085 2353 1271 2417; x_wconf 79' lang='grc' dir='ltr'>αὐτοῖς</span> <span class='ocrx_word' id='word_1_180' title='bbox 1327 2352 1556 2409; x_wconf 80' lang='grc' dir='ltr'>ἐνεποίει</span> <span class='ocrx_word' id='word_1_181' title='bbox 1605 2353 1843 2428; x_wconf 75' lang='grc' dir='ltr'>μᾶλλον,</span> <span class='ocrx_word' id='word_1_182' title='bbox 1874 2357 1910 2427; x_wconf 73' lang='grc' dir='ltr'><strong>ἢ</strong></span> 
     </span>
    </p>
   </div>
   <div class='ocr_carea' id='block_1_24' title="bbox 288 2443 1912 2525">
    <p class='ocr_par' dir='ltr' id='par_1_24' title="bbox 288 2443 1912 2525">
     <span class='ocr_line' id='line_1_24' title="bbox 288 2443 1912 2525; baseline -0.001 -23"><span class='ocrx_word' id='word_1_183' title='bbox 288 2450 588 2519; x_wconf 75' lang='grc' dir='ltr'>πειθηνίους</span> <span class='ocrx_word' id='word_1_184' title='bbox 619 2448 938 2525; x_wconf 83' lang='grc' dir='ltr'>παρείχετο.</span> <span class='ocrx_word' id='word_1_185' title='bbox 971 2445 1148 2505; x_wconf 73' lang='grc' dir='ltr'>’Λιιλᾶ</span> <span class='ocrx_word' id='word_1_186' title='bbox 1188 2443 1377 2520; x_wconf 79' lang='grc' dir='ltr'>πολλῇ</span> <span class='ocrx_word' id='word_1_187' title='bbox 1409 2447 1534 2523; x_wconf 81' lang='grc' dir='ltr'>περὶ</span> <span class='ocrx_word' id='word_1_188' title='bbox 1585 2447 1675 2501; x_wconf 86' lang='grc' dir='ltr'>τὸν</span> <span class='ocrx_word' id='word_1_189' title='bbox 1735 2445 1912 2520; x_wconf 84' lang='grc' dir='ltr'>μακά-</span> 
     </span>
    </p>
   </div>
   <div class='ocr_carea' id='block_1_25' title="bbox 283 2535 1911 2613">
    <p class='ocr_par' dir='ltr' id='par_1_25' title="bbox 283 2535 1911 2613">
     <span class='ocr_line' id='line_1_25' title="bbox 283 2535 1911 2613; baseline 0.001 -22"><span class='ocrx_word' id='word_1_190' title='bbox 283 2557 380 2612; x_wconf 82' lang='grc' dir='ltr'>ριον</span> <span class='ocrx_word' id='word_1_191' title='bbox 430 2536 598 2594; x_wconf 72' lang='grc' dir='ltr'>Δαυὶδ</span> <span class='ocrx_word' id='word_1_192' title='bbox 652 2540 795 2613; x_wconf 78' lang='grc' dir='ltr'>τιμῇ</span> <span class='ocrx_word' id='word_1_193' title='bbox 852 2538 1227 2613; x_wconf 71' lang='grc' dir='ltr'>χρησάμενος,</span> <span class='ocrx_word' id='word_1_194' title='bbox 1286 2535 1683 2612; x_wconf 76' lang='grc' dir='ltr'>εὑπαράδεκτον</span> <span class='ocrx_word' id='word_1_195' title='bbox 1745 2559 1911 2592; x_wconf 86' lang='grc' dir='ltr'>κατα-</span> 
     </span>
    </p>
   </div>
   <div class='ocr_carea' id='block_1_26' title="bbox 281 2628 1907 2704">
    <p class='ocr_par' dir='ltr' id='par_1_26' title="bbox 281 2628 1907 2704">
     <span class='ocr_line' id='line_1_26' title="bbox 281 2628 1907 2704; baseline 0 -23"><span class='ocrx_word' id='word_1_196' title='bbox 281 2628 519 2698; x_wconf 73' lang='grc' dir='ltr'>σκευάζει,</span> <span class='ocrx_word' id='word_1_197' title='bbox 583 2629 667 2684; x_wconf 82' lang='grc' dir='ltr'>δτι</span> <span class='ocrx_word' id='word_1_198' title='bbox 720 2628 846 2703; x_wconf 82' lang='grc' dir='ltr'>περὶ</span> <span class='ocrx_word' id='word_1_199' title='bbox 901 2632 1003 2683; x_wconf 82' lang='grc' dir='ltr'>τοῦ</span> <span class='ocrx_word' id='word_1_200' title='bbox 1080 2631 1316 2703; x_wconf 77' lang='grc' dir='ltr'>Χριστοῦ</span> <span class='ocrx_word' id='word_1_201' title='bbox 1372 2630 1406 2698; x_wconf 80' lang='grc' dir='ltr'><strong>ἡ</strong></span> <span class='ocrx_word' id='word_1_202' title='bbox 1467 2629 1759 2704; x_wconf 84' lang='grc' dir='ltr'>μαρτυρία,</span> <span class='ocrx_word' id='word_1_203' title='bbox 1817 2629 1907 2683; x_wconf 82' lang='grc' dir='ltr'>καὶ</span> 
     </span>
    </p>
   </div>
   <div class='ocr_carea' id='block_1_27' title="bbox 277 2718 1908 2794">
    <p class='ocr_par' dir='ltr' id='par_1_27' title="bbox 277 2718 1908 2794">
     <span class='ocr_line' id='line_1_27' title="bbox 277 2718 1908 2794; baseline -0.001 -20"><span class='ocrx_word' id='word_1_204' title='bbox 277 2724 365 2780; x_wconf 73' lang='grc' dir='ltr'>πᾶς</span> <span class='ocrx_word' id='word_1_205' title='bbox 393 2718 543 2782; x_wconf 87' lang='grc' dir='ltr'>οὗτος</span> <span class='ocrx_word' id='word_1_206' title='bbox 605 2719 632 2773; x_wconf 79' lang='grc' dir='ltr'><strong>ὁ</strong></span> <span class='ocrx_word' id='word_1_207' title='bbox 685 2718 853 2794; x_wconf 86' lang='grc' dir='ltr'>λόγος</span> <span class='ocrx_word' id='word_1_208' title='bbox 911 2718 1084 2780; x_wconf 77' lang='grc' dir='ltr'>οὕτως</span> <span class='ocrx_word' id='word_1_209' title='bbox 1142 2718 1538 2790; x_wconf 72' lang='grc' dir='ltr'>οὶκονομεῖται.</span> <span class='ocrx_word' id='word_1_210' title='bbox 1565 2722 1642 2791; x_wconf 80' lang='grc' dir='ltr'>Τῇ</span> <span class='ocrx_word' id='word_1_211' title='bbox 1675 2719 1779 2793; x_wconf 77' lang='grc' dir='ltr'>γὰρ</span> <span class='ocrx_word' id='word_1_212' title='bbox 1810 2721 1908 2772; x_wconf 89' lang='grc' dir='ltr'>τοῦ</span> 
     </span>
    </p>
   </div>
   <div class='ocr_carea' id='block_1_28' title="bbox 276 2805 1909 2884">
    <p class='ocr_par' dir='ltr' id='par_1_28' title="bbox 276 2805 1909 2884">
     <span class='ocr_line' id='line_1_28' title="bbox 276 2805 1909 2884; baseline 0 -22"><span class='ocrx_word' id='word_1_213' title='bbox 276 2805 418 2863; x_wconf 75' lang='grc' dir='ltr'>Δαυῖδ</span> <span class='ocrx_word' id='word_1_214' title='bbox 443 2807 680 2882; x_wconf 81' lang='grc' dir='ltr'>τελευτῇ</span> <span class='ocrx_word' id='word_1_215' title='bbox 736 2807 827 2862; x_wconf 82' lang='grc' dir='ltr'>καὶ</span> <span class='ocrx_word' id='word_1_216' title='bbox 879 2811 1023 2884; x_wconf 73' lang='grc' dir='ltr'>ταφῇ</span> <span class='ocrx_word' id='word_1_217' title='bbox 1078 2806 1140 2862; x_wconf 83' lang='grc' dir='ltr'>οὑ</span> <span class='ocrx_word' id='word_1_218' title='bbox 1197 2809 1551 2882; x_wconf 69' lang='grc' dir='ltr'>προσέθηκεν,</span> <span class='ocrx_word' id='word_1_219' title='bbox 1581 2806 1664 2862; x_wconf 83' lang='grc' dir='ltr'>ὅτι</span> <span class='ocrx_word' id='word_1_220' title='bbox 1695 2806 1793 2863; x_wconf 82' lang='grc' dir='ltr'>οὐκ</span> <span class='ocrx_word' id='word_1_221' title='bbox 1822 2808 1909 2862; x_wconf 85' lang='grc' dir='ltr'>ἀν-</span> 
     </span>
    </p>
   </div>
   <div class='ocr_carea' id='block_1_29' title="bbox 272 2895 1905 2972">
    <p class='ocr_par' dir='ltr' id='par_1_29' title="bbox 272 2895 1905 2972">
     <span class='ocr_line' id='line_1_29' title="bbox 272 2895 1905 2972; baseline -0.001 -22"><span class='ocrx_word' id='word_1_222' title='bbox 272 2898 401 2968; x_wconf 77' lang='grc' dir='ltr'>έστη,</span> <span class='ocrx_word' id='word_1_223' title='bbox 432 2895 558 2953; x_wconf 69' lang='grc' dir='ltr'>αλλ’</span> <span class='ocrx_word' id='word_1_224' title='bbox 593 2899 676 2952; x_wconf 80' lang='grc' dir='ltr'>ὅτι</span> <span class='ocrx_word' id='word_1_225' title='bbox 710 2921 739 2949; x_wconf 77' lang='grc' dir='ltr'>α</span> <span class='ocrx_word' id='word_1_226' title='bbox 771 2898 874 2953; x_wconf 74' lang='grc' dir='ltr'>Καὶ</span> <span class='ocrx_word' id='word_1_227' title='bbox 902 2897 968 2952; x_wconf 81' lang='grc' dir='ltr'>τὸ</span> <span class='ocrx_word' id='word_1_228' title='bbox 999 2903 1193 2972; x_wconf 81' lang='grc' dir='ltr'>μνῆμα</span> <span class='ocrx_word' id='word_1_229' title='bbox 1221 2896 1386 2952; x_wconf 81' lang='grc' dir='ltr'>αὑτοῦ</span> <span class='ocrx_word' id='word_1_230' title='bbox 1416 2895 1555 2952; x_wconf 82' lang='grc' dir='ltr'>ἐστιν</span> <span class='ocrx_word' id='word_1_231' title='bbox 1597 2897 1649 2950; x_wconf 84' lang='grc' dir='ltr'>ἐν</span> <span class='ocrx_word' id='word_1_232' title='bbox 1681 2899 1841 2969; x_wconf 81' lang='grc' dir='ltr'>ἡμῖν,</span> <span class='ocrx_word' id='word_1_233' title='bbox 1876 2922 1905 2949; x_wconf 87' lang='lat'><em>»</em></span> 
     </span>
    </p>
   </div>
   <div class='ocr_carea' id='block_1_30' title="bbox 271 2983 1904 3061">
    <p class='ocr_par' dir='ltr' id='par_1_30' title="bbox 271 2983 1904 3061">
     <span class='ocr_line' id='line_1_30' title="bbox 271 2983 1904 3061; baseline 0.001 -23"><span class='ocrx_word' id='word_1_234' title='bbox 271 2986 385 3061; x_wconf 74' lang='grc' dir='ltr'>ὅπερ</span> <span class='ocrx_word' id='word_1_235' title='bbox 411 2987 526 3042; x_wconf 70' lang='grc' dir='ltr'>’ἶσον</span> <span class='ocrx_word' id='word_1_236' title='bbox 569 2991 672 3059; x_wconf 83' lang='grc' dir='ltr'>τῷ,</span> <span class='ocrx_word' id='word_1_237' title='bbox 722 2987 837 3044; x_wconf 74' lang='grc' dir='ltr'>Οὐκ</span> <span class='ocrx_word' id='word_1_238' title='bbox 883 2987 1099 3057; x_wconf 70' lang='grc' dir='ltr'>ἀνέστη.</span> <span class='ocrx_word' id='word_1_239' title='bbox 1136 2986 1233 3041; x_wconf 80' lang='grc' dir='ltr'>Καὶ</span> <span class='ocrx_word' id='word_1_240' title='bbox 1270 2983 1396 3040; x_wconf 72' lang='grc' dir='ltr'>οὐδὲ</span> <span class='ocrx_word' id='word_1_241' title='bbox 1427 2984 1601 3048; x_wconf 79' lang='grc' dir='ltr'>οὕτως</span> <span class='ocrx_word' id='word_1_242' title='bbox 1633 2985 1796 3056; x_wconf 76' lang='grc' dir='ltr'>ἦλθεν</span> <span class='ocrx_word' id='word_1_243' title='bbox 1826 2985 1904 3049; x_wconf 74' lang='grc' dir='ltr'>εἰς</span> 
     </span>
    </p>
   </div>
   <div class='ocr_carea' id='block_1_31' title="bbox 266 3073 1905 3150">
    <p class='ocr_par' dir='ltr' id='par_1_31' title="bbox 266 3073 1905 3150">
     <span class='ocr_line' id='line_1_31' title="bbox 266 3073 1905 3150; baseline 0.001 -20"><span class='ocrx_word' id='word_1_244' title='bbox 266 3075 343 3130; x_wconf 83' lang='grc' dir='ltr'>τὸν</span> <span class='ocrx_word' id='word_1_245' title='bbox 371 3077 630 3148; x_wconf 79' lang='grc' dir='ltr'>Χριστὸν,</span> <span class='ocrx_word' id='word_1_246' title='bbox 678 3075 824 3131; x_wconf 80' lang='grc' dir='ltr'>ἀλλὰ</span> <span class='ocrx_word' id='word_1_247' title='bbox 885 3075 1048 3130; x_wconf 73' lang='grc' dir='ltr'>πάλιν</span> <span class='ocrx_word' id='word_1_248' title='bbox 1109 3075 1512 3150; x_wconf 69' lang='grc' dir='ltr'>ἐγκωμιάζεται</span> <span class='ocrx_word' id='word_1_249' title='bbox 1543 3077 1570 3130; x_wconf 87' lang='grc' dir='ltr'>ὁ</span> <span class='ocrx_word' id='word_1_250' title='bbox 1602 3073 1787 3144; x_wconf 66' lang='grc' dir='ltr'>Δαυῒδ,</span> <span class='ocrx_word' id='word_1_251' title='bbox 1815 3073 1905 3131; x_wconf 73' lang='grc' dir='ltr'>διὰ</span> 
     </span>
    </p>
   </div>
   <div class='ocr_carea' id='block_1_32' title="bbox 268 3162 1906 3243">
    <p class='ocr_par' dir='ltr' id='par_1_32' title="bbox 268 3162 1906 3243">
     <span class='ocr_line' id='line_1_32' title="bbox 268 3162 1906 3243; baseline 0.001 -23"><span class='ocrx_word' id='word_1_252' title='bbox 268 3169 368 3235; x_wconf 78' lang='grc' dir='ltr'>τοῦ,</span> <span class='ocrx_word' id='word_1_253' title='bbox 422 3190 448 3219; x_wconf 76' lang='grc' dir='ltr'>α</span> <span class='ocrx_word' id='word_1_254' title='bbox 481 3167 787 3243; x_wconf 70' lang='grc' dir='ltr'>Προφήτης</span> <span class='ocrx_word' id='word_1_255' title='bbox 845 3163 936 3220; x_wconf 79' lang='grc' dir='ltr'>οὖν</span> <span class='ocrx_word' id='word_1_256' title='bbox 998 3165 1287 3241; x_wconf 82' lang='grc' dir='ltr'>ὑπάρχων,</span> <span class='ocrx_word' id='word_1_257' title='bbox 1320 3189 1350 3217; x_wconf 89' lang='grc'>››</span> <span class='ocrx_word' id='word_1_258' title='bbox 1403 3162 1497 3219; x_wconf 66' lang='grc' dir='ltr'>ἵνα</span> <span class='ocrx_word' id='word_1_259' title='bbox 1528 3162 1617 3220; x_wconf 70' lang='grc' dir='ltr'>διὰ</span> <span class='ocrx_word' id='word_1_260' title='bbox 1644 3167 1743 3233; x_wconf 73' lang='grc' dir='ltr'>τήν</span> <span class='ocrx_word' id='word_1_261' title='bbox 1769 3166 1906 3239; x_wconf 85' lang='grc' dir='ltr'>πρὸς</span> 
     </span>
    </p>
   </div>
   <div class='ocr_carea' id='block_1_33' title="bbox 267 3237 1978 3331">
    <p class='ocr_par' dir='ltr' id='par_1_33' title="bbox 267 3237 1978 3331">
     <span class='ocr_line' id='line_1_33' title="bbox 267 3237 1978 3331; baseline -0.002 -20"><span class='ocrx_word' id='word_1_262' title='bbox 267 3253 444 3311; x_wconf 70' lang='grc' dir='ltr'>ἐκεῖνον</span> <span class='ocrx_word' id='word_1_263' title='bbox 474 3257 655 3330; x_wconf 73' lang='grc' dir='ltr'>τιμὴν</span> <span class='ocrx_word' id='word_1_264' title='bbox 683 3256 773 3310; x_wconf 84' lang='grc' dir='ltr'>καὶ</span> <span class='ocrx_word' id='word_1_265' title='bbox 801 3256 864 3310; x_wconf 87' lang='grc' dir='ltr'>τὸ</span> <span class='ocrx_word' id='word_1_266' title='bbox 915 3252 1072 3331; x_wconf 80' lang='grc' dir='ltr'>γένος</span> <span class='ocrx_word' id='word_1_267' title='bbox 1127 3255 1192 3309; x_wconf 86' lang='grc' dir='ltr'>τὸ</span> <span class='ocrx_word' id='word_1_268' title='bbox 1248 3256 1339 3310; x_wconf 78' lang='grc' dir='ltr'>ἀπ’</span> <span class='ocrx_word' id='word_1_269' title='bbox 1378 3253 1608 3323; x_wconf 85' lang='grc' dir='ltr'>ἐκείνου,</span> <span class='ocrx_word' id='word_1_270' title='bbox 1640 3257 1738 3310; x_wconf 89' lang='grc' dir='ltr'>τοῦ</span> <span class='ocrx_word' id='word_1_271' title='bbox 1770 3255 1905 3329; x_wconf 87' lang='grc' dir='ltr'>Χρι-</span> <span class='ocrx_word' id='word_1_272' title='bbox 1935 3237 1978 3302; x_wconf 79' lang='lat' dir='ltr'>C</span> 
     </span>
    </p>
   </div>
   <div class='ocr_carea' id='block_1_34' title="bbox 267 3344 1903 3419">
    <p class='ocr_par' dir='ltr' id='par_1_34' title="bbox 267 3344 1903 3419">
     <span class='ocr_line' id='line_1_34' title="bbox 267 3344 1903 3419; baseline -0.001 -20"><span class='ocrx_word' id='word_1_273' title='bbox 267 3350 376 3400; x_wconf 84' lang='grc' dir='ltr'>στοῦ</span> <span class='ocrx_word' id='word_1_274' title='bbox 402 3344 667 3417; x_wconf 78' lang='grc' dir='ltr'>δέξωνται</span> <span class='ocrx_word' id='word_1_275' title='bbox 724 3345 818 3401; x_wconf 84' lang='grc' dir='ltr'>τὸν</span> <span class='ocrx_word' id='word_1_276' title='bbox 867 3344 991 3418; x_wconf 88' lang='grc' dir='ltr'>περὶ</span> <span class='ocrx_word' id='word_1_277' title='bbox 1047 3352 1150 3414; x_wconf 81' lang='grc' dir='ltr'>τῆς</span> <span class='ocrx_word' id='word_1_278' title='bbox 1208 3345 1547 3407; x_wconf 85' lang='grc' dir='ltr'>ἀναστάσεως</span> <span class='ocrx_word' id='word_1_279' title='bbox 1577 3345 1768 3419; x_wconf 80' lang='grc' dir='ltr'>λόγον.</span> <span class='ocrx_word' id='word_1_280' title='bbox 1806 3344 1903 3401; x_wconf 82' lang='grc' dir='ltr'>Καὶ</span> 
     </span>
    </p>
   </div>
   <div class='ocr_carea' id='block_1_35' title="bbox 267 3431 1902 3510">
    <p class='ocr_par' dir='ltr' id='par_1_35' title="bbox 267 3431 1902 3510">
     <span class='ocr_line' id='line_1_35' title="bbox 267 3431 1902 3510; baseline 0 -22"><span class='ocrx_word' id='word_1_281' title='bbox 267 3433 352 3490; x_wconf 84' lang='grc' dir='ltr'>οὑκ</span> <span class='ocrx_word' id='word_1_282' title='bbox 402 3435 582 3505; x_wconf 81' lang='grc' dir='ltr'>εἶπεν,</span> <span class='ocrx_word' id='word_1_283' title='bbox 645 3435 729 3490; x_wconf 85' lang='grc' dir='ltr'>’ὀτι</span> <span class='ocrx_word' id='word_1_284' title='bbox 787 3433 1191 3510; x_wconf 82' lang='grc' dir='ltr'>Ἐπηγγείλατο</span> <span class='ocrx_word' id='word_1_285' title='bbox 1250 3433 1399 3506; x_wconf 81' lang='grc' dir='ltr'>αὑτῷ</span> <span class='ocrx_word' id='word_1_286' title='bbox 1458 3435 1486 3489; x_wconf 87' lang='grc' dir='ltr'><strong>ὁ</strong></span> <span class='ocrx_word' id='word_1_287' title='bbox 1533 3433 1681 3502; x_wconf 81' lang='grc' dir='ltr'>Θεὸς,</span> <span class='ocrx_word' id='word_1_288' title='bbox 1715 3431 1902 3488; x_wconf 76' lang='grc' dir='ltr'>ἀλλ”ὀ</span> 
     </span>
    </p>
   </div>
   <div class='ocr_carea' id='block_1_36' title="bbox 275 3519 1900 3599">
    <p class='ocr_par' dir='ltr' id='par_1_36' title="bbox 275 3519 1900 3599">
     <span class='ocr_line' id='line_1_36' title="bbox 275 3519 1900 3599; baseline 0 -22"><span class='ocrx_word' id='word_1_289' title='bbox 275 3530 433 3595; x_wconf 78' lang='grc' dir='ltr'>μεῖζον</span> <span class='ocrx_word' id='word_1_290' title='bbox 487 3525 585 3582; x_wconf 73' lang='grc' dir='ltr'>καὶ</span> <span class='ocrx_word' id='word_1_291' title='bbox 640 3519 992 3599; x_wconf 73' lang='grc' dir='ltr'>ἀπαράϐατον</span> <span class='ocrx_word' id='word_1_292' title='bbox 1059 3524 1152 3594; x_wconf 77' lang='grc' dir='ltr'>ἧν,</span> <span class='ocrx_word' id='word_1_293' title='bbox 1228 3525 1313 3592; x_wconf 89' lang='grc' dir='ltr'>τὸ,</span> <span class='ocrx_word' id='word_1_294' title='bbox 1383 3525 1608 3598; x_wconf 84' lang='grc' dir='ltr'>Ὤμοσε.</span> <span class='ocrx_word' id='word_1_295' title='bbox 1667 3523 1746 3581; x_wconf 85' lang='grc' dir='ltr'>Τὸ</span> <span class='ocrx_word' id='word_1_296' title='bbox 1821 3520 1900 3592; x_wconf 72' lang='grc' dir='ltr'>δὶ,</span> 
     </span>
    </p>
   </div>
   <div class='ocr_carea' id='block_1_37' title="bbox 271 3612 1900 3693">
    <p class='ocr_par' dir='ltr' id='par_1_37' title="bbox 271 3612 1900 3693">
     <span class='ocr_line' id='line_1_37' title="bbox 271 3612 1900 3693; baseline -0.002 -23"><span class='ocrx_word' id='word_1_297' title='bbox 271 3616 453 3670; x_wconf 78' lang='grc' dir='ltr'>«Κατὰ</span> <span class='ocrx_word' id='word_1_298' title='bbox 510 3617 691 3689; x_wconf 74' lang='grc' dir='ltr'>σάρκα</span> <span class='ocrx_word' id='word_1_299' title='bbox 753 3636 777 3667; x_wconf 72' lang='grc' dir='ltr'>ν</span> <span class='ocrx_word' id='word_1_300' title='bbox 848 3613 1214 3693; x_wconf 79' lang='grc' dir='ltr'>κηρύττοντρς</span> <span class='ocrx_word' id='word_1_301' title='bbox 1273 3612 1437 3682; x_wconf 75' lang='grc' dir='ltr'>ἐστιν,</span> <span class='ocrx_word' id='word_1_302' title='bbox 1496 3613 1570 3674; x_wconf 85' lang='grc' dir='ltr'>ὡς</span> <span class='ocrx_word' id='word_1_303' title='bbox 1624 3612 1714 3668; x_wconf 83' lang='grc' dir='ltr'>καὶ</span> <span class='ocrx_word' id='word_1_304' title='bbox 1770 3612 1900 3675; x_wconf 82' lang='grc' dir='ltr'>Θεὸς</span> 
     </span>
    </p>
   </div>
   <div class='ocr_carea' id='block_1_38' title="bbox 267 3699 1900 3776">
    <p class='ocr_par' dir='ltr' id='par_1_38' title="bbox 267 3699 1900 3776">
     <span class='ocr_line' id='line_1_38' title="bbox 267 3699 1900 3776; baseline -0.001 -17"><span class='ocrx_word' id='word_1_305' title='bbox 267 3703 498 3776; x_wconf 82' lang='grc' dir='ltr'>Χριστὸς,</span> <span class='ocrx_word' id='word_1_306' title='bbox 555 3705 651 3760; x_wconf 85' lang='grc' dir='ltr'>καὶ</span> <span class='ocrx_word' id='word_1_307' title='bbox 710 3703 949 3759; x_wconf 83' lang='grc' dir='ltr'>σύνεστιν</span> <span class='ocrx_word' id='word_1_308' title='bbox 1009 3703 1090 3759; x_wconf 77' lang='grc' dir='ltr'>ἀεὶ</span> <span class='ocrx_word' id='word_1_309' title='bbox 1147 3707 1228 3776; x_wconf 80' lang='grc' dir='ltr'>τῷ</span> <span class='ocrx_word' id='word_1_310' title='bbox 1284 3703 1474 3775; x_wconf 82' lang='grc' dir='ltr'>Πατρί.</span> <span class='ocrx_word' id='word_1_311' title='bbox 1512 3704 1690 3758; x_wconf 74' lang='grc' dir='ltr'>Παντα</span> <span class='ocrx_word' id='word_1_312' title='bbox 1728 3699 1785 3758; x_wconf 76' lang='grc' dir='ltr'>δὲ</span> <span class='ocrx_word' id='word_1_313' title='bbox 1821 3707 1900 3774; x_wconf 84' lang='grc' dir='ltr'>τῷ</span> 
     </span>
    </p>
   </div>
   <div class='ocr_carea' id='block_1_39' title="bbox 268 3789 1903 3868">
    <p class='ocr_par' dir='ltr' id='par_1_39' title="bbox 268 3789 1903 3868">
     <span class='ocr_line' id='line_1_39' title="bbox 268 3789 1903 3868; baseline 0.001 -22"><span class='ocrx_word' id='word_1_314' title='bbox 268 3794 417 3868; x_wconf 85' lang='grc' dir='ltr'>Πατρὶ</span> <span class='ocrx_word' id='word_1_315' title='bbox 467 3793 807 3863; x_wconf 74' lang='grc' dir='ltr'>ἀνατίθησιν,</span> <span class='ocrx_word' id='word_1_316' title='bbox 861 3791 952 3847; x_wconf 74' lang='grc' dir='ltr'>’ἱνα</span> <span class='ocrx_word' id='word_1_317' title='bbox 1002 3790 1139 3857; x_wconf 69' lang='grc' dir='ltr'>τέως</span> <span class='ocrx_word' id='word_1_318' title='bbox 1193 3789 1594 3862; x_wconf 70' lang='grc' dir='ltr'>παραδέξωνται</span> <span class='ocrx_word' id='word_1_319' title='bbox 1640 3794 1706 3847; x_wconf 71' lang='grc' dir='ltr'>τὰ</span> <span class='ocrx_word' id='word_1_320' title='bbox 1745 3791 1903 3867; x_wconf 83' lang='grc' dir='ltr'>λεγό-</span> 
     </span>
    </p>
   </div>
   <div class='ocr_carea' id='block_1_40' title="bbox 270 3880 1900 3956">
    <p class='ocr_par' dir='ltr' id='par_1_40' title="bbox 270 3880 1900 3956">
     <span class='ocr_line' id='line_1_40' title="bbox 270 3880 1900 3956; baseline -0.001 -18"><span class='ocrx_word' id='word_1_321' title='bbox 270 3903 404 3952; x_wconf 82' lang='grc' dir='ltr'>μενα.</span> <span class='ocrx_word' id='word_1_322' title='bbox 439 3883 621 3939; x_wconf 83' lang='grc' dir='ltr'>Ἀλλά</span> <span class='ocrx_word' id='word_1_323' title='bbox 681 3888 797 3946; x_wconf 81' lang='grc' dir='ltr'>πῶς</span> <span class='ocrx_word' id='word_1_324' title='bbox 857 3882 1095 3946; x_wconf 72' lang='grc' dir='ltr'>ἐκάθισεν</span> <span class='ocrx_word' id='word_1_325' title='bbox 1152 3881 1240 3936; x_wconf 74' lang='grc' dir='ltr'>ἐπὶ</span> <span class='ocrx_word' id='word_1_326' title='bbox 1293 3881 1486 3956; x_wconf 82' lang='grc' dir='ltr'>θρόνου</span> <span class='ocrx_word' id='word_1_327' title='bbox 1544 3880 1900 3950; x_wconf 64' lang='grc' dir='ltr'>Δαυ³ιδ;”οτι</span> 
     </span>
    </p>
   </div>
   <div class='ocr_carea' id='block_1_41' title="bbox 266 3971 1900 4047">
    <p class='ocr_par' dir='ltr' id='par_1_41' title="bbox 266 3971 1900 4047">
     <span class='ocr_line' id='line_1_41' title="bbox 266 3971 1900 4047; baseline 0.001 -20"><span class='ocrx_word' id='word_1_328' title='bbox 266 3972 522 4047; x_wconf 71' lang='grc' dir='ltr'>βασιλεὺει</span> <span class='ocrx_word' id='word_1_329' title='bbox 567 3976 788 4030; x_wconf 77' lang='grc' dir='ltr'>πάντων</span> <span class='ocrx_word' id='word_1_330' title='bbox 848 3971 1124 4031; x_wconf 79' lang='grc' dir='ltr'>Ἰουδαίων</span> <span class='ocrx_word' id='word_1_331' title='bbox 1176 3994 1234 4028; x_wconf 83' lang='grc' dir='ltr'>τε</span> <span class='ocrx_word' id='word_1_332' title='bbox 1288 3972 1379 4028; x_wconf 83' lang='grc' dir='ltr'>καὶ</span> <span class='ocrx_word' id='word_1_333' title='bbox 1440 3971 1605 4037; x_wconf 78' lang='grc' dir='ltr'>ἐθνῶν</span> <span class='ocrx_word' id='word_1_334' title='bbox 1640 3994 1900 4046; x_wconf 85' lang='grc' dir='ltr'>σαγηνευ-</span> 
     </span>
    </p>
   </div>
   <div class='ocr_carea' id='block_1_42' title="bbox 265 4061 1900 4134">
    <p class='ocr_par' dir='ltr' id='par_1_42' title="bbox 265 4061 1900 4134">
     <span class='ocr_line' id='line_1_42' title="bbox 265 4061 1900 4134; baseline -0.001 -17"><span class='ocrx_word' id='word_1_335' title='bbox 265 4062 438 4125; x_wconf 72' lang='grc' dir='ltr'>θέντων</span> <span class='ocrx_word' id='word_1_336' title='bbox 497 4063 578 4129; x_wconf 76' lang='grc' dir='ltr'>εἷς</span> <span class='ocrx_word' id='word_1_337' title='bbox 631 4065 734 4132; x_wconf 77' lang='grc' dir='ltr'>τὴν</span> <span class='ocrx_word' id='word_1_338' title='bbox 791 4062 997 4118; x_wconf 77' lang='grc' dir='ltr'>ἐκείνου</span> <span class='ocrx_word' id='word_1_339' title='bbox 1050 4062 1227 4117; x_wconf 75' lang='grc' dir='ltr'>πίστιν</span> <span class='ocrx_word' id='word_1_340' title='bbox 1258 4083 1316 4118; x_wconf 88' lang='grc' dir='ltr'>τε</span> <span class='ocrx_word' id='word_1_341' title='bbox 1355 4063 1444 4117; x_wconf 80' lang='grc' dir='ltr'>καὶ</span> <span class='ocrx_word' id='word_1_342' title='bbox 1503 4061 1774 4134; x_wconf 78' lang='grc' dir='ltr'>λατρείαν.</span> <span class='ocrx_word' id='word_1_343' title='bbox 1823 4062 1900 4119; x_wconf 80' lang='grc' dir='ltr'>Τὸ</span> 
     </span>
    </p>
   </div>
   <div class='ocr_carea' id='block_1_43' title="bbox 265 4148 1899 4234">
    <p class='ocr_par' dir='ltr' id='par_1_43' title="bbox 265 4148 1899 4234">
     <span class='ocr_line' id='line_1_43' title="bbox 265 4148 1899 4234; baseline 0 -27"><span class='ocrx_word' id='word_1_344' title='bbox 265 4148 330 4225; x_wconf 72' lang='grc' dir='ltr'>δί,</span> <span class='ocrx_word' id='word_1_345' title='bbox 361 4180 388 4208; x_wconf 75' lang='grc' dir='ltr'>α</span> <span class='ocrx_word' id='word_1_346' title='bbox 420 4154 556 4212; x_wconf 73' lang='grc' dir='ltr'>Οὑδὶ</span> <span class='ocrx_word' id='word_1_347' title='bbox 586 4159 626 4226; x_wconf 79' lang='grc' dir='ltr'>ἡ</span> <span class='ocrx_word' id='word_1_348' title='bbox 663 4155 790 4229; x_wconf 79' lang='grc' dir='ltr'>σὰρξ</span> <span class='ocrx_word' id='word_1_349' title='bbox 823 4154 986 4209; x_wconf 83' lang='grc' dir='ltr'>αὐτοῦ</span> <span class='ocrx_word' id='word_1_350' title='bbox 1017 4152 1128 4208; x_wconf 76' lang='grc' dir='ltr'>εἶδε</span> <span class='ocrx_word' id='word_1_351' title='bbox 1159 4151 1476 4234; x_wconf 73' lang='grc' dir='ltr'>διαφθορὰν,</span> <span class='ocrx_word' id='word_1_352' title='bbox 1511 4176 1538 4205; x_wconf 88' lang='grc'><strong>››</strong></span> <span class='ocrx_word' id='word_1_353' title='bbox 1591 4152 1700 4227; x_wconf 81' lang='grc' dir='ltr'>οὐχ</span> <span class='ocrx_word' id='word_1_354' title='bbox 1735 4154 1899 4223; x_wconf 82' lang='grc' dir='ltr'>ἧττον</span> 
     </span>
    </p>
   </div>
   <div class='ocr_carea' id='block_1_44' title="bbox 259 4239 1295 4322">
    <p class='ocr_par' dir='ltr' id='par_1_44' title="bbox 259 4239 1295 4322">
     <span class='ocr_line' id='line_1_44' title="bbox 259 4239 1295 4322; baseline 0.002 -25"><span class='ocrx_word' id='word_1_355' title='bbox 259 4243 313 4298; x_wconf 82' lang='grc' dir='ltr'>τὸ</span> <span class='ocrx_word' id='word_1_356' title='bbox 335 4252 432 4316; x_wconf 78' lang='grc' dir='ltr'>τῆς</span> <span class='ocrx_word' id='word_1_357' title='bbox 461 4245 808 4309; x_wconf 69' lang='grc' dir='ltr'>αναστὰσεως</span> <span class='ocrx_word' id='word_1_358' title='bbox 832 4242 1078 4322; x_wconf 73' lang='grc' dir='ltr'>ἐμφαίνει</span> <span class='ocrx_word' id='word_1_359' title='bbox 1119 4239 1295 4319; x_wconf 76' lang='grc' dir='ltr'>ἔργον.</span> 
     </span>
    </p>
   </div>
   <div class='ocr_carea' id='block_1_45' title="bbox 324 4423 1904 4501">
    <p class='ocr_par' dir='ltr' id='par_1_45' title="bbox 324 4423 1904 4501">
     <span class='ocr_line' id='line_1_45' title="bbox 324 4423 1904 4501; baseline 0.001 -23"><span class='ocrx_word' id='word_1_360' title='bbox 324 4450 350 4478; x_wconf 80' lang='grc' dir='ltr'>α</span> <span class='ocrx_word' id='word_1_361' title='bbox 377 4431 456 4501; x_wconf 78' lang='grc' dir='ltr'>Τῇ</span> <span class='ocrx_word' id='word_1_362' title='bbox 489 4424 642 4498; x_wconf 81' lang='grc' dir='ltr'>δεξιᾷ</span> <span class='ocrx_word' id='word_1_363' title='bbox 673 4425 765 4481; x_wconf 74' lang='grc' dir='ltr'>οὖν</span> <span class='ocrx_word' id='word_1_364' title='bbox 791 4429 889 4482; x_wconf 86' lang='grc' dir='ltr'>τοῦ</span> <span class='ocrx_word' id='word_1_365' title='bbox 939 4429 1074 4481; x_wconf 88' lang='grc' dir='ltr'>Θεοῦ</span> <span class='ocrx_word' id='word_1_366' title='bbox 1109 4424 1365 4499; x_wconf 79' lang='grc' dir='ltr'>ὑψωθεὶς,</span> <span class='ocrx_word' id='word_1_367' title='bbox 1417 4424 1517 4494; x_wconf 71' lang='grc' dir='ltr'>τήν</span> <span class='ocrx_word' id='word_1_368' title='bbox 1571 4444 1628 4479; x_wconf 87' lang='grc' dir='ltr'>τε</span> <span class='ocrx_word' id='word_1_369' title='bbox 1672 4423 1904 4499; x_wconf 78' lang='grc' dir='ltr'>ἐπαγγε-</span> 
     </span>
    </p>
   </div>
   <div class='ocr_carea' id='block_1_46' title="bbox 263 4509 1899 4592">
    <p class='ocr_par' dir='ltr' id='par_1_46' title="bbox 263 4509 1899 4592">
     <span class='ocr_line' id='line_1_46' title="bbox 263 4509 1899 4592; baseline 0.003 -27"><span class='ocrx_word' id='word_1_370' title='bbox 263 4538 285 4564; x_wconf 75' lang='grc' dir='ltr'>ι</span> <span class='ocrx_word' id='word_1_371' title='bbox 314 4513 428 4570; x_wconf 85' lang='grc' dir='ltr'>λίαν</span> <span class='ocrx_word' id='word_1_372' title='bbox 454 4522 552 4574; x_wconf 86' lang='grc' dir='ltr'>τοῦ</span> <span class='ocrx_word' id='word_1_373' title='bbox 583 4515 750 4592; x_wconf 82' lang='grc' dir='ltr'>ἁγίου</span> <span class='ocrx_word' id='word_1_374' title='bbox 780 4514 1092 4589; x_wconf 80' lang='grc' dir='ltr'>Πνεὺματος</span> <span class='ocrx_word' id='word_1_375' title='bbox 1122 4509 1306 4570; x_wconf 75' lang='grc' dir='ltr'>λαϐὼν</span> <span class='ocrx_word' id='word_1_376' title='bbox 1338 4513 1486 4590; x_wconf 86' lang='grc' dir='ltr'>παρά</span> <span class='ocrx_word' id='word_1_377' title='bbox 1531 4517 1627 4569; x_wconf 87' lang='grc' dir='ltr'>τοῦ</span> <span class='ocrx_word' id='word_1_378' title='bbox 1669 4513 1899 4589; x_wconf 85' lang='grc' dir='ltr'>Πατρὸς,</span> 
     </span>
    </p>
   </div>
   <div class='ocr_carea' id='block_1_47' title="bbox 2113 483 3686 568">
    <p class='ocr_par' dir='ltr' id='par_1_47' title="bbox 2113 483 3686 568">
     <span class='ocr_line' id='line_1_47' title="bbox 2113 483 3686 568; baseline 0.014 -33"><span class='ocrx_word' id='word_1_379' title='bbox 2113 483 2180 546; x_wconf 89' lang='grc' dir='ltr'>ΙΙ,</span> <span class='ocrx_word' id='word_1_380' title='bbox 2217 485 2405 539; x_wconf 84' lang='lat'>29-32.</span> <span class='ocrx_word' id='word_1_381' title='bbox 2463 508 2490 536; x_wconf 87' lang='grc'>‹‹</span> <span class='ocrx_word' id='word_1_382' title='bbox 2535 487 2652 543; x_wconf 88' lang='lat' dir='ltr'>Viri</span> <span class='ocrx_word' id='word_1_383' title='bbox 2711 489 2943 554; x_wconf 82' lang='lat' dir='ltr'>fratres.</span> <span class='ocrx_word' id='word_1_384' title='bbox 2978 493 3118 550; x_wconf 91' lang='lat' dir='ltr'>licet</span> <span class='ocrx_word' id='word_1_385' title='bbox 3163 495 3320 568; x_wconf 88' lang='lat' dir='ltr'>apud</span> <span class='ocrx_word' id='word_1_386' title='bbox 3367 513 3468 555; x_wconf 86' lang='lat' dir='ltr'>vos</span> <span class='ocrx_word' id='word_1_387' title='bbox 3498 498 3686 557; x_wconf 86' lang='lat' dir='ltr'>libere</span> 
     </span>
    </p>
   </div>
   <div class='ocr_carea' id='block_1_48' title="bbox 2037 573 3689 655">
    <p class='ocr_par' dir='ltr' id='par_1_48' title="bbox 2037 573 3689 655">
     <span class='ocr_line' id='line_1_48' title="bbox 2037 573 3689 655; baseline 0.015 -33"><span class='ocrx_word' id='word_1_388' title='bbox 2037 594 2065 621; x_wconf 84' lang='lat'>«</span> <span class='ocrx_word' id='word_1_389' title='bbox 2099 573 2296 629; x_wconf 86' lang='lat' dir='ltr'>dicere</span> <span class='ocrx_word' id='word_1_390' title='bbox 2328 574 2399 630; x_wconf 91' lang='lat' dir='ltr'>de</span> <span class='ocrx_word' id='word_1_391' title='bbox 2431 577 2767 647; x_wconf 81' lang='lat' dir='ltr'>patriarcha</span> <span class='ocrx_word' id='word_1_392' title='bbox 2791 583 2965 638; x_wconf 82' lang='lat' dir='ltr'>David</span> <span class='ocrx_word' id='word_1_393' title='bbox 2988 585 3144 655; x_wconf 87' lang='lat' dir='ltr'>quod</span> <span class='ocrx_word' id='word_1_394' title='bbox 3170 592 3228 640; x_wconf 91' lang='lat' dir='ltr'>et</span> <span class='ocrx_word' id='word_1_395' title='bbox 3256 587 3572 646; x_wconf 88' lang='lat' dir='ltr'>defunctus</span> <span class='ocrx_word' id='word_1_396' title='bbox 3599 594 3689 647; x_wconf 85' lang='lat' dir='ltr'>est</span> 
     </span>
    </p>
   </div>
   <div class='ocr_carea' id='block_1_49' title="bbox 2034 664 3687 749">
    <p class='ocr_par' dir='ltr' id='par_1_49' title="bbox 2034 664 3687 749">
     <span class='ocr_line' id='line_1_49' title="bbox 2034 664 3687 749; baseline 0.013 -35"><span class='ocrx_word' id='word_1_397' title='bbox 2034 684 2062 710; x_wconf 86' lang='grc'>‹‹</span> <span class='ocrx_word' id='word_1_398' title='bbox 2099 669 2158 717; x_wconf 91' lang='lat' dir='ltr'>et</span> <span class='ocrx_word' id='word_1_399' title='bbox 2189 664 2456 735; x_wconf 90' lang='lat' dir='ltr'>sepultus</span> <span class='ocrx_word' id='word_1_400' title='bbox 2516 673 2622 734; x_wconf 88' lang='lat' dir='ltr'>est,</span> <span class='ocrx_word' id='word_1_401' title='bbox 2684 676 2743 724; x_wconf 92' lang='lat' dir='ltr'>et</span> <span class='ocrx_word' id='word_1_402' title='bbox 2801 673 3140 743; x_wconf 84' lang='lat' dir='ltr'>sepulcrum</span> <span class='ocrx_word' id='word_1_403' title='bbox 3201 676 3332 748; x_wconf 84' lang='lat' dir='ltr'>ejus</span> <span class='ocrx_word' id='word_1_404' title='bbox 3390 680 3545 749; x_wconf 89' lang='lat' dir='ltr'>apud</span> <span class='ocrx_word' id='word_1_405' title='bbox 3577 696 3687 736; x_wconf 88' lang='lat' dir='ltr'>nos</span> 
     </span>
    </p>
   </div>
   <div class='ocr_carea' id='block_1_50' title="bbox 2033 755 3688 840">
    <p class='ocr_par' dir='ltr' id='par_1_50' title="bbox 2033 755 3688 840">
     <span class='ocr_line' id='line_1_50' title="bbox 2033 755 3688 840; baseline 0.012 -37"><span class='ocrx_word' id='word_1_406' title='bbox 2033 771 2062 800; x_wconf 79' lang='grc' dir='ltr'>κ</span> <span class='ocrx_word' id='word_1_407' title='bbox 2097 757 2402 825; x_wconf 77' lang='lat' dir='ltr'>estusque</span> <span class='ocrx_word' id='word_1_408' title='bbox 2459 755 2520 810; x_wconf 88' lang='lat' dir='ltr'>in</span> <span class='ocrx_word' id='word_1_409' title='bbox 2581 756 2934 816; x_wconf 89' lang='lat' dir='ltr'>hodiernum</span> <span class='ocrx_word' id='word_1_410' title='bbox 2993 763 3173 820; x_wconf 90' lang='lat' dir='ltr'>diem.</span> <span class='ocrx_word' id='word_1_411' title='bbox 3229 767 3522 838; x_wconf 83' lang='lat' dir='ltr'>Pr0pheta</span> <span class='ocrx_word' id='word_1_412' title='bbox 3577 768 3688 840; x_wconf 87' lang='lat' dir='ltr'>igi-</span> 
     </span>
    </p>
   </div>
   <div class='ocr_carea' id='block_1_51' title="bbox 2034 847 3687 927">
    <p class='ocr_par' dir='ltr' id='par_1_51' title="bbox 2034 847 3687 927">
     <span class='ocr_line' id='line_1_51' title="bbox 2034 847 3687 927; baseline 0.011 -33"><span class='ocrx_word' id='word_1_413' title='bbox 2034 847 2192 896; x_wconf 81' lang='lat' dir='ltr'>«tur</span> <span class='ocrx_word' id='word_1_414' title='bbox 2245 860 2380 898; x_wconf 90' lang='lat' dir='ltr'>cum</span> <span class='ocrx_word' id='word_1_415' title='bbox 2438 851 2612 908; x_wconf 89' lang='lat' dir='ltr'>esset,</span> <span class='ocrx_word' id='word_1_416' title='bbox 2679 853 2739 902; x_wconf 88' lang='lat' dir='ltr'>et</span> <span class='ocrx_word' id='word_1_417' title='bbox 2795 850 2972 905; x_wconf 78' lang='lat' dir='ltr'>sciret</span> <span class='ocrx_word' id='word_1_418' title='bbox 3030 853 3189 922; x_wconf 91' lang='lat' dir='ltr'>quod</span> <span class='ocrx_word' id='word_1_419' title='bbox 3221 854 3687 927; x_wconf 88' lang='lat' dir='ltr'>juramentoju-</span> 
     </span>
    </p>
   </div>
   <div class='ocr_carea' id='block_1_52' title="bbox 2036 933 3682 1014">
    <p class='ocr_par' dir='ltr' id='par_1_52' title="bbox 2036 933 3682 1014">
     <span class='ocr_line' id='line_1_52' title="bbox 2036 933 3682 1014; baseline 0.011 -32"><span class='ocrx_word' id='word_1_420' title='bbox 2036 953 2064 980; x_wconf 82' lang='lat'><strong>«</strong></span> <span class='ocrx_word' id='word_1_421' title='bbox 2097 938 2286 986; x_wconf 89' lang='lat' dir='ltr'>rasset</span> <span class='ocrx_word' id='word_1_422' title='bbox 2316 933 2427 988; x_wconf 85' lang='lat' dir='ltr'>sibi</span> <span class='ocrx_word' id='word_1_423' title='bbox 2456 935 2608 990; x_wconf 82' lang='lat' dir='ltr'>Deus</span> <span class='ocrx_word' id='word_1_424' title='bbox 2639 943 2704 992; x_wconf 91' lang='lat' dir='ltr'>ut</span> <span class='ocrx_word' id='word_1_425' title='bbox 2733 937 2804 992; x_wconf 91' lang='lat' dir='ltr'>de</span> <span class='ocrx_word' id='word_1_426' title='bbox 2838 938 3030 994; x_wconf 90' lang='lat' dir='ltr'>fructu</span> <span class='ocrx_word' id='word_1_427' title='bbox 3072 941 3256 996; x_wconf 87' lang='lat' dir='ltr'>lumbi</span> <span class='ocrx_word' id='word_1_428' title='bbox 3288 943 3475 1014; x_wconf 85' lang='lat' dir='ltr'>ipsius</span> <span class='ocrx_word' id='word_1_429' title='bbox 3505 945 3682 999; x_wconf 88' lang='lat' dir='ltr'>sede-</span> 
     </span>
    </p>
   </div>
   <div class='ocr_carea' id='block_1_53' title="bbox 2033 1025 3683 1104">
    <p class='ocr_par' dir='ltr' id='par_1_53' title="bbox 2033 1025 3683 1104">
     <span class='ocr_line' id='line_1_53' title="bbox 2033 1025 3683 1104; baseline 0.01 -33"><span class='ocrx_word' id='word_1_430' title='bbox 2033 1042 2061 1070; x_wconf 84' lang='lat'><strong><em>«</em></strong></span> <span class='ocrx_word' id='word_1_431' title='bbox 2095 1027 2183 1074; x_wconf 84' lang='lat' dir='ltr'>ret</span> <span class='ocrx_word' id='word_1_432' title='bbox 2211 1039 2392 1093; x_wconf 84' lang='lat' dir='ltr'>super</span> <span class='ocrx_word' id='word_1_433' title='bbox 2422 1025 2704 1081; x_wconf 90' lang='lat' dir='ltr'>thronum</span> <span class='ocrx_word' id='word_1_434' title='bbox 2735 1045 2908 1083; x_wconf 92' lang='lat' dir='ltr'>suum</span> <span class='ocrx_word' id='word_1_435' title='bbox 2934 1045 2946 1082; x_wconf 92' lang='lat'>:</span> <span class='ocrx_word' id='word_1_436' title='bbox 3009 1032 3293 1100; x_wconf 70' lang='lat' dir='ltr'>praescius</span> <span class='ocrx_word' id='word_1_437' title='bbox 3322 1033 3480 1104; x_wconf 91' lang='lat' dir='ltr'>quod</span> <span class='ocrx_word' id='word_1_438' title='bbox 3509 1033 3683 1089; x_wconf 84' lang='lat' dir='ltr'>Chri-</span> 
     </span>
    </p>
   </div>
   <div class='ocr_carea' id='block_1_54' title="bbox 2034 1111 3680 1191">
    <p class='ocr_par' dir='ltr' id='par_1_54' title="bbox 2034 1111 3680 1191">
     <span class='ocr_line' id='line_1_54' title="bbox 2034 1111 3680 1191; baseline 0.01 -30"><span class='ocrx_word' id='word_1_439' title='bbox 2034 1131 2062 1158; x_wconf 88' lang='lat'><strong>«</strong></span> <span class='ocrx_word' id='word_1_440' title='bbox 2098 1115 2190 1164; x_wconf 91' lang='lat' dir='ltr'>tus</span> <span class='ocrx_word' id='word_1_441' title='bbox 2219 1111 2546 1168; x_wconf 89' lang='lat' dir='ltr'>secundum</span> <span class='ocrx_word' id='word_1_442' title='bbox 2569 1131 2806 1172; x_wconf 89' lang='lat' dir='ltr'>carnem</span> <span class='ocrx_word' id='word_1_443' title='bbox 2840 1125 3193 1191; x_wconf 76' lang='lat' dir='ltr'>resurgeret,</span> <span class='ocrx_word' id='word_1_444' title='bbox 3225 1119 3457 1177; x_wconf 92' lang='lat' dir='ltr'>locutus</span> <span class='ocrx_word' id='word_1_445' title='bbox 3489 1129 3577 1177; x_wconf 93' lang='lat' dir='ltr'>est</span> <span class='ocrx_word' id='word_1_446' title='bbox 3607 1121 3680 1177; x_wconf 85' lang='lat' dir='ltr'>de</span> 
     </span>
    </p>
   </div>
   <div class='ocr_carea' id='block_1_55' title="bbox 2031 1202 3682 1278">
    <p class='ocr_par' dir='ltr' id='par_1_55' title="bbox 2031 1202 3682 1278">
     <span class='ocr_line' id='line_1_55' title="bbox 2031 1202 3682 1278; baseline 0.008 -27"><span class='ocrx_word' id='word_1_447' title='bbox 2031 1221 2062 1250; x_wconf 79' lang='lat'><em>«</em></span> <span class='ocrx_word' id='word_1_448' title='bbox 2094 1202 2528 1258; x_wconf 89' lang='lat' dir='ltr'>resurrectione</span> <span class='ocrx_word' id='word_1_449' title='bbox 2551 1205 2785 1272; x_wconf 83' lang='lat' dir='ltr'>Christi,</span> <span class='ocrx_word' id='word_1_450' title='bbox 2811 1207 2969 1278; x_wconf 89' lang='lat' dir='ltr'>quod</span> <span class='ocrx_word' id='word_1_451' title='bbox 2991 1225 3112 1263; x_wconf 89' lang='lat' dir='ltr'>non</span> <span class='ocrx_word' id='word_1_452' title='bbox 3141 1207 3423 1265; x_wconf 86' lang='lat' dir='ltr'>derelicta</span> <span class='ocrx_word' id='word_1_453' title='bbox 3452 1210 3530 1265; x_wconf 85' lang='lat' dir='ltr'>sit</span> <span class='ocrx_word' id='word_1_454' title='bbox 3557 1210 3682 1265; x_wconf 88' lang='lat' dir='ltr'>ani-</span> 
     </span>
    </p>
   </div>
   <div class='ocr_carea' id='block_1_56' title="bbox 2031 1291 3680 1370">
    <p class='ocr_par' dir='ltr' id='par_1_56' title="bbox 2031 1291 3680 1370">
     <span class='ocr_line' id='line_1_56' title="bbox 2031 1291 3680 1370; baseline 0.006 -27"><span class='ocrx_word' id='word_1_455' title='bbox 2031 1309 2060 1338; x_wconf 87' lang='lat'><strong>«</strong></span> <span class='ocrx_word' id='word_1_456' title='bbox 2091 1304 2191 1345; x_wconf 87' lang='lat' dir='ltr'>ma</span> <span class='ocrx_word' id='word_1_457' title='bbox 2220 1291 2350 1361; x_wconf 87' lang='lat' dir='ltr'>ejus</span> <span class='ocrx_word' id='word_1_458' title='bbox 2381 1291 2442 1347; x_wconf 89' lang='lat' dir='ltr'>in</span> <span class='ocrx_word' id='word_1_459' title='bbox 2469 1293 2720 1358; x_wconf 85' lang='lat' dir='ltr'>inferno,</span> <span class='ocrx_word' id='word_1_460' title='bbox 2756 1313 2948 1368; x_wconf 90' lang='lat' dir='ltr'>neque</span> <span class='ocrx_word' id='word_1_461' title='bbox 2980 1314 3115 1353; x_wconf 91' lang='lat' dir='ltr'>caro</span> <span class='ocrx_word' id='word_1_462' title='bbox 3148 1299 3278 1370; x_wconf 87' lang='lat' dir='ltr'>ejus</span> <span class='ocrx_word' id='word_1_463' title='bbox 3307 1299 3517 1354; x_wconf 88' lang='lat' dir='ltr'>viderit</span> <span class='ocrx_word' id='word_1_464' title='bbox 3547 1316 3680 1355; x_wconf 87' lang='lat' dir='ltr'>cor-</span> 
     </span>
    </p>
   </div>
   <div class='ocr_carea' id='block_1_57' title="bbox 2033 1380 3679 1461">
    <p class='ocr_par' dir='ltr' id='par_1_57' title="bbox 2033 1380 3679 1461">
     <span class='ocr_line' id='line_1_57' title="bbox 2033 1380 3679 1461; baseline 0.007 -30"><span class='ocrx_word' id='word_1_465' title='bbox 2033 1399 2061 1428; x_wconf 82' lang='lat'><strong>«</strong></span> <span class='ocrx_word' id='word_1_466' title='bbox 2094 1380 2450 1449; x_wconf 89' lang='lat' dir='ltr'>ruptionem.</span> <span class='ocrx_word' id='word_1_467' title='bbox 2487 1382 2651 1438; x_wconf 91' lang='lat' dir='ltr'>Ilunc</span> <span class='ocrx_word' id='word_1_468' title='bbox 2705 1386 2905 1441; x_wconf 84' lang='lat' dir='ltr'>Jesum</span> <span class='ocrx_word' id='word_1_469' title='bbox 2961 1387 3269 1444; x_wconf 84' lang='lat' dir='ltr'>suscitavit</span> <span class='ocrx_word' id='word_1_470' title='bbox 3324 1389 3479 1445; x_wconf 89' lang='lat' dir='ltr'>Deus</span> <span class='ocrx_word' id='word_1_471' title='bbox 3508 1389 3679 1461; x_wconf 86' lang='lat' dir='ltr'>cujus</span> 
     </span>
    </p>
   </div>
   <div class='ocr_carea' id='block_1_58' title="bbox 2032 1477 2981 1530">
    <p class='ocr_par' dir='ltr' id='par_1_58' title="bbox 2032 1477 2981 1530">
     <span class='ocr_line' id='line_1_58' title="bbox 2032 1477 2981 1530; baseline 0.011 -9"><span class='ocrx_word' id='word_1_472' title='bbox 2032 1488 2060 1517; x_wconf 86' lang='lat'><strong>«</strong></span> <span class='ocrx_word' id='word_1_473' title='bbox 2090 1484 2200 1523; x_wconf 89' lang='lat' dir='ltr'>nos</span> <span class='ocrx_word' id='word_1_474' title='bbox 2230 1485 2438 1526; x_wconf 90' lang='lat' dir='ltr'>omnes</span> <span class='ocrx_word' id='word_1_475' title='bbox 2479 1477 2660 1528; x_wconf 88' lang='lat' dir='ltr'>testes</span> <span class='ocrx_word' id='word_1_476' title='bbox 2691 1490 2917 1530; x_wconf 88' lang='lat' dir='ltr'>sumus.</span> <span class='ocrx_word' id='word_1_477' title='bbox 2954 1499 2981 1526; x_wconf 87' lang='grc'>››</span> 
     </span>
    </p>
   </div>
   <div class='ocr_carea' id='block_1_59' title="bbox 2102 1557 3683 1639">
    <p class='ocr_par' dir='ltr' id='par_1_59' title="bbox 2102 1557 3683 1639">
     <span class='ocr_line' id='line_1_59' title="bbox 2102 1557 3683 1639; baseline 0.008 -28"><span class='ocrx_word' id='word_1_478' title='bbox 2102 1557 2346 1629; x_wconf 81' lang='lat' dir='ltr'>Expleta</span> <span class='ocrx_word' id='word_1_479' title='bbox 2371 1561 2682 1632; x_wconf 82' lang='lat' dir='ltr'>prophetia</span> <span class='ocrx_word' id='word_1_480' title='bbox 2703 1563 2837 1619; x_wconf 84' lang='lat' dir='ltr'>aliis</span> <span class='ocrx_word' id='word_1_481' title='bbox 2864 1581 3100 1621; x_wconf 88' lang='lat' dir='ltr'>rursum</span> <span class='ocrx_word' id='word_1_482' title='bbox 3123 1566 3463 1639; x_wconf 80' lang='lat' dir='ltr'>aggreditur</span> <span class='ocrx_word' id='word_1_483' title='bbox 3489 1584 3683 1639; x_wconf 65' lang='lat' dir='ltr'>proas-</span> 
     </span>
    </p>
   </div>
   <div class='ocr_carea' id='block_1_60' title="bbox 2032 1646 3680 1728">
    <p class='ocr_par' dir='ltr' id='par_1_60' title="bbox 2032 1646 3680 1728">
     <span class='ocr_line' id='line_1_60' title="bbox 2032 1646 3680 1728; baseline 0.007 -28"><span class='ocrx_word' id='word_1_484' title='bbox 2032 1646 2354 1702; x_wconf 78' lang='lat' dir='ltr'>miis.-Viri</span> <span class='ocrx_word' id='word_1_485' title='bbox 2377 1649 2611 1717; x_wconf 85' lang='lat' dir='ltr'>fratres,</span> <span class='ocrx_word' id='word_1_486' title='bbox 2638 1651 2950 1724; x_wconf 85' lang='lat' dir='ltr'>»inquit.Si</span> <span class='ocrx_word' id='word_1_487' title='bbox 2975 1655 3217 1726; x_wconf 90' lang='lat' dir='ltr'>quidem</span> <span class='ocrx_word' id='word_1_488' title='bbox 3239 1672 3374 1711; x_wconf 91' lang='lat' dir='ltr'>cum</span> <span class='ocrx_word' id='word_1_489' title='bbox 3396 1672 3680 1728; x_wconf 86' lang='lat' dir='ltr'>magnum</span> 
     </span>
    </p>
   </div>
   <div class='ocr_carea' id='block_1_61' title="bbox 2031 1735 3681 1817">
    <p class='ocr_par' dir='ltr' id='par_1_61' title="bbox 2031 1735 3681 1817">
     <span class='ocr_line' id='line_1_61' title="bbox 2031 1735 3681 1817; baseline 0.007 -27"><span class='ocrx_word' id='word_1_490' title='bbox 2031 1735 2260 1806; x_wconf 87' lang='lat' dir='ltr'>aliquid</span> <span class='ocrx_word' id='word_1_491' title='bbox 2289 1737 2555 1796; x_wconf 89' lang='lat' dir='ltr'>dicturus</span> <span class='ocrx_word' id='word_1_492' title='bbox 2586 1742 2682 1812; x_wconf 90' lang='lat' dir='ltr'>sit,</span> <span class='ocrx_word' id='word_1_493' title='bbox 2715 1743 2937 1798; x_wconf 89' lang='lat' dir='ltr'>mitiori</span> <span class='ocrx_word' id='word_1_494' title='bbox 2989 1761 3132 1800; x_wconf 90' lang='lat' dir='ltr'>usus</span> <span class='ocrx_word' id='word_1_495' title='bbox 3183 1751 3274 1801; x_wconf 90' lang='lat' dir='ltr'>est</span> <span class='ocrx_word' id='word_1_496' title='bbox 3310 1745 3681 1817; x_wconf 62' lang='lat' dir='ltr'>prafatione,</span> 
     </span>
    </p>
   </div>
   <div class='ocr_carea' id='block_1_62' title="bbox 2029 1823 3679 1906">
    <p class='ocr_par' dir='ltr' id='par_1_62' title="bbox 2029 1823 3679 1906">
     <span class='ocr_line' id='line_1_62' title="bbox 2029 1823 3679 1906; baseline 0.008 -28"><span class='ocrx_word' id='word_1_497' title='bbox 2029 1823 2242 1882; x_wconf 83' lang='lat' dir='ltr'>fratres</span> <span class='ocrx_word' id='word_1_498' title='bbox 2272 1845 2509 1885; x_wconf 91' lang='lat' dir='ltr'>vocans.</span> <span class='ocrx_word' id='word_1_499' title='bbox 2569 1831 3079 1896; x_wconf 88' lang='lat' dir='ltr'>Quemadmodum</span> <span class='ocrx_word' id='word_1_500' title='bbox 3132 1840 3191 1890; x_wconf 89' lang='lat' dir='ltr'>et</span> <span class='ocrx_word' id='word_1_501' title='bbox 3247 1835 3579 1906; x_wconf 87' lang='lat' dir='ltr'>Stephanus</span> <span class='ocrx_word' id='word_1_502' title='bbox 3611 1833 3679 1902; x_wconf 81' lang='grc'>³³,</span> 
     </span>
    </p>
   </div>
   <div class='ocr_carea' id='block_1_63' title="bbox 2025 1916 3680 1988">
    <p class='ocr_par' dir='ltr' id='par_1_63' title="bbox 2025 1916 3680 1988">
     <span class='ocr_line' id='line_1_63' title="bbox 2025 1916 3680 1988; baseline 0.007 -19"><span class='ocrx_word' id='word_1_503' title='bbox 2025 1916 2257 1974; x_wconf 87' lang='lat' dir='ltr'>Fratres</span> <span class='ocrx_word' id='word_1_504' title='bbox 2274 1925 2333 1975; x_wconf 91' lang='lat' dir='ltr'>et</span> <span class='ocrx_word' id='word_1_505' title='bbox 2355 1922 2577 1988; x_wconf 83' lang='lat' dir='ltr'>Patres,</span> <span class='ocrx_word' id='word_1_506' title='bbox 2603 1922 2820 1978; x_wconf 83' lang='lat' dir='ltr'>audite.</span> <span class='ocrx_word' id='word_1_507' title='bbox 2849 1925 3071 1981; x_wconf 88' lang='lat' dir='ltr'>Deinde</span> <span class='ocrx_word' id='word_1_508' title='bbox 3093 1927 3208 1982; x_wconf 88' lang='lat' dir='ltr'>ait:</span> <span class='ocrx_word' id='word_1_509' title='bbox 3241 1950 3268 1976; x_wconf 88' lang='lat'><strong>«</strong></span> <span class='ocrx_word' id='word_1_510' title='bbox 3304 1927 3464 1982; x_wconf 88' lang='lat' dir='ltr'>Licet</span> <span class='ocrx_word' id='word_1_511' title='bbox 3493 1925 3680 1980; x_wconf 88' lang='lat' dir='ltr'>libere</span> 
     </span>
    </p>
   </div>
   <div class='ocr_carea' id='block_1_64' title="bbox 2024 2004 3682 2082">
    <p class='ocr_par' dir='ltr' id='par_1_64' title="bbox 2024 2004 3682 2082">
     <span class='ocr_line' id='line_1_64' title="bbox 2024 2004 3682 2082; baseline 0.006 -22"><span class='ocrx_word' id='word_1_512' title='bbox 2024 2004 2219 2062; x_wconf 88' lang='lat' dir='ltr'>dicere</span> <span class='ocrx_word' id='word_1_513' title='bbox 2252 2008 2322 2064; x_wconf 90' lang='lat' dir='ltr'>de</span> <span class='ocrx_word' id='word_1_514' title='bbox 2354 2011 2692 2082; x_wconf 88' lang='lat' dir='ltr'>patriarcha</span> <span class='ocrx_word' id='word_1_515' title='bbox 2721 2013 2920 2068; x_wconf 88' lang='lat' dir='ltr'>David.</span> <span class='ocrx_word' id='word_1_516' title='bbox 2960 2038 2986 2063; x_wconf 77' lang='grc' dir='ltr'><strong>υ</strong></span> <span class='ocrx_word' id='word_1_517' title='bbox 3033 2016 3177 2070; x_wconf 90' lang='lat' dir='ltr'>Cum</span> <span class='ocrx_word' id='word_1_518' title='bbox 3208 2015 3436 2071; x_wconf 88' lang='lat' dir='ltr'>nullam</span> <span class='ocrx_word' id='word_1_519' title='bbox 3465 2015 3682 2070; x_wconf 81' lang='lat' dir='ltr'>inferat</span> 
     </span>
    </p>
   </div>
   <div class='ocr_carea' id='block_1_65' title="bbox 2023 2092 3678 2165">
    <p class='ocr_par' dir='ltr' id='par_1_65' title="bbox 2023 2092 3678 2165">
     <span class='ocr_line' id='line_1_65' title="bbox 2023 2092 3678 2165; baseline 0.005 -17"><span class='ocrx_word' id='word_1_520' title='bbox 2023 2092 2330 2165; x_wconf 90' lang='lat' dir='ltr'>injuriam,</span> <span class='ocrx_word' id='word_1_521' title='bbox 2359 2099 2547 2155; x_wconf 89' lang='lat' dir='ltr'>multa</span> <span class='ocrx_word' id='word_1_522' title='bbox 2578 2106 2778 2156; x_wconf 87' lang='lat' dir='ltr'>tamen</span> <span class='ocrx_word' id='word_1_523' title='bbox 2808 2118 2951 2158; x_wconf 91' lang='lat' dir='ltr'>usus</span> <span class='ocrx_word' id='word_1_524' title='bbox 2983 2109 3073 2158; x_wconf 90' lang='lat' dir='ltr'>est</span> <span class='ocrx_word' id='word_1_525' title='bbox 3104 2103 3412 2158; x_wconf 87' lang='lat' dir='ltr'>modestia.</span> <span class='ocrx_word' id='word_1_526' title='bbox 3448 2105 3593 2159; x_wconf 85' lang='lat' dir='ltr'>Nam</span> <span class='ocrx_word' id='word_1_527' title='bbox 3627 2101 3678 2158; x_wconf 89' lang='lat' dir='ltr'>si</span> 
     </span>
    </p>
   </div>
   <div class='ocr_carea' id='block_1_66' title="bbox 2024 2182 3681 2257">
    <p class='ocr_par' dir='ltr' id='par_1_66' title="bbox 2024 2182 3681 2257">
     <span class='ocr_line' id='line_1_66' title="bbox 2024 2182 3681 2257; baseline 0.005 -21"><span class='ocrx_word' id='word_1_528' title='bbox 2024 2182 2106 2238; x_wconf 88' lang='lat' dir='ltr'>ita</span> <span class='ocrx_word' id='word_1_529' title='bbox 2135 2184 2488 2257; x_wconf 87' lang='lat' dir='ltr'>simpliciter</span> <span class='ocrx_word' id='word_1_530' title='bbox 2543 2189 2824 2246; x_wconf 84' lang='lat' dir='ltr'>dixisset:</span> <span class='ocrx_word' id='word_1_531' title='bbox 2883 2193 3013 2248; x_wconf 70' lang='lat' dir='ltr'>Harc</span> <span class='ocrx_word' id='word_1_532' title='bbox 3071 2193 3142 2248; x_wconf 94' lang='lat' dir='ltr'>de</span> <span class='ocrx_word' id='word_1_533' title='bbox 3176 2193 3354 2248; x_wconf 80' lang='lat' dir='ltr'>David</span> <span class='ocrx_word' id='word_1_534' title='bbox 3387 2209 3505 2248; x_wconf 89' lang='lat' dir='ltr'>non</span> <span class='ocrx_word' id='word_1_535' title='bbox 3537 2196 3681 2246; x_wconf 88' lang='lat' dir='ltr'>sunt</span> 
     </span>
    </p>
   </div>
   <div class='ocr_carea' id='block_1_67' title="bbox 2023 2271 3676 2354">
    <p class='ocr_par' dir='ltr' id='par_1_67' title="bbox 2023 2271 3676 2354">
     <span class='ocr_line' id='line_1_67' title="bbox 2023 2271 3676 2354; baseline 0.005 -28"><span class='ocrx_word' id='word_1_536' title='bbox 2023 2271 2198 2336; x_wconf 83' lang='lat' dir='ltr'>dicta,</span> <span class='ocrx_word' id='word_1_537' title='bbox 2233 2275 2474 2333; x_wconf 88' lang='lat' dir='ltr'>odiosus</span> <span class='ocrx_word' id='word_1_538' title='bbox 2521 2280 2727 2351; x_wconf 85' lang='lat' dir='ltr'>utique</span> <span class='ocrx_word' id='word_1_539' title='bbox 2783 2298 2977 2338; x_wconf 91' lang='lat' dir='ltr'>sermo</span> <span class='ocrx_word' id='word_1_540' title='bbox 3009 2283 3403 2354; x_wconf 87' lang='lat' dir='ltr'>apparuisset,</span> <span class='ocrx_word' id='word_1_541' title='bbox 3438 2288 3496 2337; x_wconf 91' lang='lat' dir='ltr'>et</span> <span class='ocrx_word' id='word_1_542' title='bbox 3524 2281 3676 2336; x_wconf 88' lang='lat' dir='ltr'>iram</span> 
     </span>
    </p>
   </div>
   <div class='ocr_carea' id='block_1_68' title="bbox 2022 2364 3679 2444">
    <p class='ocr_par' dir='ltr' id='par_1_68' title="bbox 2022 2364 3679 2444">
     <span class='ocr_line' id='line_1_68' title="bbox 2022 2364 3679 2444; baseline 0.006 -27"><span class='ocrx_word' id='word_1_543' title='bbox 2022 2364 2218 2434; x_wconf 88' lang='lat' dir='ltr'>potius</span> <span class='ocrx_word' id='word_1_544' title='bbox 2249 2365 2575 2435; x_wconf 89' lang='lat' dir='ltr'>incitasset,</span> <span class='ocrx_word' id='word_1_545' title='bbox 2622 2387 2800 2440; x_wconf 88' lang='lat' dir='ltr'>quam</span> <span class='ocrx_word' id='word_1_546' title='bbox 2849 2372 3248 2444; x_wconf 89' lang='lat' dir='ltr'>obsequentes</span> <span class='ocrx_word' id='word_1_547' title='bbox 3292 2373 3679 2429; x_wconf 90' lang='lat' dir='ltr'>reddidisset.</span> 
     </span>
    </p>
   </div>
   <div class='ocr_carea' id='block_1_69' title="bbox 2020 2451 3671 2534">
    <p class='ocr_par' dir='ltr' id='par_1_69' title="bbox 2020 2451 3671 2534">
     <span class='ocr_line' id='line_1_69' title="bbox 2020 2451 3671 2534; baseline 0.007 -27"><span class='ocrx_word' id='word_1_548' title='bbox 2020 2451 2131 2507; x_wconf 89' lang='lat' dir='ltr'>Sed</span> <span class='ocrx_word' id='word_1_549' title='bbox 2152 2454 2341 2510; x_wconf 91' lang='lat' dir='ltr'>multo</span> <span class='ocrx_word' id='word_1_550' title='bbox 2373 2456 2600 2514; x_wconf 90' lang='lat' dir='ltr'>honore</span> <span class='ocrx_word' id='word_1_551' title='bbox 2633 2476 2776 2516; x_wconf 92' lang='lat' dir='ltr'>usus</span> <span class='ocrx_word' id='word_1_552' title='bbox 2803 2477 2940 2534; x_wconf 90' lang='lat' dir='ltr'>erga</span> <span class='ocrx_word' id='word_1_553' title='bbox 2970 2462 3208 2518; x_wconf 89' lang='lat' dir='ltr'>beatum</span> <span class='ocrx_word' id='word_1_554' title='bbox 3242 2462 3444 2531; x_wconf 83' lang='lat' dir='ltr'>David,</span> <span class='ocrx_word' id='word_1_555' title='bbox 3477 2463 3571 2519; x_wconf 72' lang='grc'><strong>21</strong></span> <span class='ocrx_word' id='word_1_556' title='bbox 3611 2463 3671 2519; x_wconf 91' lang='lat' dir='ltr'>id</span> 
     </span>
    </p>
   </div>
   <div class='ocr_carea' id='block_1_70' title="bbox 2021 2543 3674 2622">
    <p class='ocr_par' dir='ltr' id='par_1_70' title="bbox 2021 2543 3674 2622">
     <span class='ocr_line' id='line_1_70' title="bbox 2021 2543 3674 2622; baseline 0.007 -25"><span class='ocrx_word' id='word_1_557' title='bbox 2021 2543 2205 2598; x_wconf 79' lang='lat' dir='ltr'>efﬁcit</span> <span class='ocrx_word' id='word_1_558' title='bbox 2226 2551 2289 2600; x_wconf 90' lang='lat' dir='ltr'>ut</span> <span class='ocrx_word' id='word_1_559' title='bbox 2311 2546 2483 2602; x_wconf 87' lang='lat' dir='ltr'>facile</span> <span class='ocrx_word' id='word_1_560' title='bbox 2505 2549 2865 2622; x_wconf 89' lang='lat' dir='ltr'>suscipiatur</span> <span class='ocrx_word' id='word_1_561' title='bbox 2880 2552 3039 2622; x_wconf 88' lang='lat' dir='ltr'>quod</span> <span class='ocrx_word' id='word_1_562' title='bbox 3061 2553 3133 2608; x_wconf 92' lang='lat' dir='ltr'>de</span> <span class='ocrx_word' id='word_1_563' title='bbox 3157 2553 3389 2608; x_wconf 87' lang='lat' dir='ltr'>Christo</span> <span class='ocrx_word' id='word_1_564' title='bbox 3416 2553 3491 2608; x_wconf 86' lang='lat' dir='ltr'>sit</span> <span class='ocrx_word' id='word_1_565' title='bbox 3510 2553 3674 2610; x_wconf 88' lang='lat' dir='ltr'>testi-</span> 
     </span>
    </p>
   </div>
   <div class='ocr_carea' id='block_1_71' title="bbox 2020 2628 3673 2714">
    <p class='ocr_par' dir='ltr' id='par_1_71' title="bbox 2020 2628 3673 2714">
     <span class='ocr_line' id='line_1_71' title="bbox 2020 2628 3673 2714; baseline 0.007 -27"><span class='ocrx_word' id='word_1_566' title='bbox 2020 2634 2326 2690; x_wconf 88' lang='lat' dir='ltr'>monium:</span> <span class='ocrx_word' id='word_1_567' title='bbox 2366 2643 2426 2691; x_wconf 91' lang='lat' dir='ltr'>et</span> <span class='ocrx_word' id='word_1_568' title='bbox 2475 2637 2560 2693; x_wconf 90' lang='lat' dir='ltr'>ita</span> <span class='ocrx_word' id='word_1_569' title='bbox 2609 2640 2804 2694; x_wconf 88' lang='lat' dir='ltr'>omnis</span> <span class='ocrx_word' id='word_1_570' title='bbox 2854 2641 2951 2696; x_wconf 91' lang='lat' dir='ltr'>hic</span> <span class='ocrx_word' id='word_1_571' title='bbox 2995 2628 3196 2698; x_wconf 89' lang='lat' dir='ltr'>sermo</span> <span class='ocrx_word' id='word_1_572' title='bbox 3238 2641 3673 2714; x_wconf 89' lang='lat' dir='ltr'>dispensatorie</span> 
     </span>
    </p>
   </div>
   <div class='ocr_carea' id='block_1_72' title="bbox 2020 2723 3674 2805">
    <p class='ocr_par' dir='ltr' id='par_1_72' title="bbox 2020 2723 3674 2805">
     <span class='ocr_line' id='line_1_72' title="bbox 2020 2723 3674 2805; baseline 0.007 -28"><span class='ocrx_word' id='word_1_573' title='bbox 2020 2723 2350 2782; x_wconf 88' lang='lat' dir='ltr'>ordinatur.</span> <span class='ocrx_word' id='word_1_574' title='bbox 2383 2728 2550 2782; x_wconf 88' lang='lat' dir='ltr'>Morti</span> <span class='ocrx_word' id='word_1_575' title='bbox 2583 2728 2880 2801; x_wconf 87' lang='lat' dir='ltr'>siquidem</span> <span class='ocrx_word' id='word_1_576' title='bbox 2925 2748 2992 2787; x_wconf 88' lang='lat' dir='ltr'>ac</span> <span class='ocrx_word' id='word_1_577' title='bbox 3043 2733 3317 2805; x_wconf 88' lang='lat' dir='ltr'>sepulcro</span> <span class='ocrx_word' id='word_1_578' title='bbox 3345 2732 3522 2788; x_wconf 86' lang='lat' dir='ltr'>David</span> <span class='ocrx_word' id='word_1_579' title='bbox 3552 2749 3674 2788; x_wconf 86' lang='lat' dir='ltr'>non</span> 
     </span>
    </p>
   </div>
   <div class='ocr_carea' id='block_1_73' title="bbox 2018 2811 3672 2893">
    <p class='ocr_par' dir='ltr' id='par_1_73' title="bbox 2018 2811 3672 2893">
     <span class='ocr_line' id='line_1_73' title="bbox 2018 2811 3672 2893; baseline 0.006 -28"><span class='ocrx_word' id='word_1_580' title='bbox 2018 2811 2246 2869; x_wconf 90' lang='lat' dir='ltr'>addidit</span> <span class='ocrx_word' id='word_1_581' title='bbox 2274 2815 2432 2887; x_wconf 91' lang='lat' dir='ltr'>quod</span> <span class='ocrx_word' id='word_1_582' title='bbox 2453 2833 2572 2872; x_wconf 89' lang='lat' dir='ltr'>non</span> <span class='ocrx_word' id='word_1_583' title='bbox 2605 2821 3056 2888; x_wconf 85' lang='lat' dir='ltr'>resurrexit,sed</span> <span class='ocrx_word' id='word_1_584' title='bbox 3084 2821 3245 2892; x_wconf 94' lang='lat' dir='ltr'>quod</span> <span class='ocrx_word' id='word_1_585' title='bbox 3265 2844 3292 2872; x_wconf 93' lang='grc'>‹‹</span> <span class='ocrx_word' id='word_1_586' title='bbox 3325 2821 3672 2893; x_wconf 89' lang='lat' dir='ltr'>Sepulcrum</span> 
     </span>
    </p>
   </div>
   <div class='ocr_carea' id='block_1_74' title="bbox 2017 2901 3671 2979">
    <p class='ocr_par' dir='ltr' id='par_1_74' title="bbox 2017 2901 3671 2979">
     <span class='ocr_line' id='line_1_74' title="bbox 2017 2901 3671 2979; baseline 0.004 -23"><span class='ocrx_word' id='word_1_587' title='bbox 2017 2901 2196 2957; x_wconf 88' lang='lat' dir='ltr'>etiam</span> <span class='ocrx_word' id='word_1_588' title='bbox 2220 2905 2348 2974; x_wconf 88' lang='lat' dir='ltr'>ejus</span> <span class='ocrx_word' id='word_1_589' title='bbox 2364 2905 2521 2976; x_wconf 88' lang='lat' dir='ltr'>apud</span> <span class='ocrx_word' id='word_1_590' title='bbox 2543 2923 2653 2962; x_wconf 90' lang='lat' dir='ltr'>nos</span> <span class='ocrx_word' id='word_1_591' title='bbox 2677 2913 2819 2974; x_wconf 80' lang='lat' dir='ltr'>est,»</span> <span class='ocrx_word' id='word_1_592' title='bbox 2847 2909 3004 2979; x_wconf 90' lang='lat' dir='ltr'>quod</span> <span class='ocrx_word' id='word_1_593' title='bbox 3031 2909 3398 2964; x_wconf 84' lang='lat' dir='ltr'>tantumdem</span> <span class='ocrx_word' id='word_1_594' title='bbox 3423 2914 3512 2963; x_wconf 89' lang='lat' dir='ltr'>est</span> <span class='ocrx_word' id='word_1_595' title='bbox 3531 2925 3598 2962; x_wconf 88' lang='lat' dir='ltr'>ac</span> <span class='ocrx_word' id='word_1_596' title='bbox 3622 2908 3671 2962; x_wconf 88' lang='lat' dir='ltr'>si</span> 
     </span>
    </p>
   </div>
   <div class='ocr_carea' id='block_1_75' title="bbox 2017 2990 3671 3069">
    <p class='ocr_par' dir='ltr' id='par_1_75' title="bbox 2017 2990 3671 3069">
     <span class='ocr_line' id='line_1_75' title="bbox 2017 2990 3671 3069; baseline 0.004 -25"><span class='ocrx_word' id='word_1_597' title='bbox 2017 2990 2300 3048; x_wconf 83' lang='lat' dir='ltr'>dixisset:</span> <span class='ocrx_word' id='word_1_598' title='bbox 2361 2996 2487 3050; x_wconf 86' lang='lat' dir='ltr'>Non</span> <span class='ocrx_word' id='word_1_599' title='bbox 2546 2999 2888 3052; x_wconf 84' lang='lat' dir='ltr'>resurrexit.</span> <span class='ocrx_word' id='word_1_600' title='bbox 2952 3000 3022 3052; x_wconf 89' lang='lat' dir='ltr'>Et</span> <span class='ocrx_word' id='word_1_601' title='bbox 3077 3015 3270 3069; x_wconf 89' lang='lat' dir='ltr'>neque</span> <span class='ocrx_word' id='word_1_602' title='bbox 3302 2999 3385 3052; x_wconf 86' lang='lat' dir='ltr'>ita</span> <span class='ocrx_word' id='word_1_603' title='bbox 3415 2997 3573 3051; x_wconf 85' lang='lat' dir='ltr'>venit</span> <span class='ocrx_word' id='word_1_604' title='bbox 3595 2996 3671 3050; x_wconf 91' lang='lat' dir='ltr'>ad</span> 
     </span>
    </p>
   </div>
   <div class='ocr_carea' id='block_1_76' title="bbox 2015 3080 3667 3154">
    <p class='ocr_par' dir='ltr' id='par_1_76' title="bbox 2015 3080 3667 3154">
     <span class='ocr_line' id='line_1_76' title="bbox 2015 3080 3667 3154; baseline 0.002 -18"><span class='ocrx_word' id='word_1_605' title='bbox 2015 3080 2337 3146; x_wconf 89' lang='lat' dir='ltr'>Christum,</span> <span class='ocrx_word' id='word_1_606' title='bbox 2361 3085 2464 3140; x_wconf 90' lang='lat' dir='ltr'>sed</span> <span class='ocrx_word' id='word_1_607' title='bbox 2486 3102 2724 3140; x_wconf 88' lang='lat' dir='ltr'>rursum</span> <span class='ocrx_word' id='word_1_608' title='bbox 2750 3085 2952 3141; x_wconf 85' lang='lat' dir='ltr'>laudat</span> <span class='ocrx_word' id='word_1_609' title='bbox 2978 3086 3173 3154; x_wconf 85' lang='lat' dir='ltr'>David,</span> <span class='ocrx_word' id='word_1_610' title='bbox 3202 3086 3406 3142; x_wconf 88' lang='lat' dir='ltr'>dicens</span> <span class='ocrx_word' id='word_1_611' title='bbox 3434 3103 3446 3140; x_wconf 95' lang='lat'>:</span> <span class='ocrx_word' id='word_1_612' title='bbox 3473 3110 3498 3133; x_wconf 76' lang='grc' dir='ltr'>«ι</span> <span class='ocrx_word' id='word_1_613' title='bbox 3527 3087 3667 3140; x_wconf 88' lang='lat' dir='ltr'>Pro-</span> 
     </span>
    </p>
   </div>
   <div class='ocr_carea' id='block_1_77' title="bbox 2015 3168 3669 3247">
    <p class='ocr_par' dir='ltr' id='par_1_77' title="bbox 2015 3168 3669 3247">
     <span class='ocr_line' id='line_1_77' title="bbox 2015 3168 3669 3247; baseline 0.005 -25"><span class='ocrx_word' id='word_1_614' title='bbox 2015 3168 2194 3239; x_wconf 89' lang='lat' dir='ltr'>pheta</span> <span class='ocrx_word' id='word_1_615' title='bbox 2225 3171 2403 3243; x_wconf 78' lang='lat' dir='ltr'>igitur</span> <span class='ocrx_word' id='word_1_616' title='bbox 2432 3190 2566 3228; x_wconf 91' lang='lat' dir='ltr'>cum</span> <span class='ocrx_word' id='word_1_617' title='bbox 2611 3180 2787 3240; x_wconf 90' lang='lat' dir='ltr'>esset,</span> <span class='ocrx_word' id='word_1_618' title='bbox 2822 3197 2851 3224; x_wconf 85' lang='grc'><strong>››</strong></span> <span class='ocrx_word' id='word_1_619' title='bbox 2906 3181 2971 3230; x_wconf 94' lang='lat' dir='ltr'>ut</span> <span class='ocrx_word' id='word_1_620' title='bbox 3025 3191 3133 3247; x_wconf 87' lang='lat' dir='ltr'>per</span> <span class='ocrx_word' id='word_1_621' title='bbox 3171 3176 3456 3230; x_wconf 88' lang='lat' dir='ltr'>honorem</span> <span class='ocrx_word' id='word_1_622' title='bbox 3490 3190 3669 3246; x_wconf 89' lang='lat' dir='ltr'>quem</span> 
     </span>
    </p>
   </div>
   <div class='ocr_carea' id='block_1_78' title="bbox 2017 3256 3665 3335">
    <p class='ocr_par' dir='ltr' id='par_1_78' title="bbox 2017 3256 3665 3335">
     <span class='ocr_line' id='line_1_78' title="bbox 2017 3256 3665 3335; baseline 0.001 -21"><span class='ocrx_word' id='word_1_623' title='bbox 2017 3256 2130 3328; x_wconf 88' lang='lat' dir='ltr'>ipsi</span> <span class='ocrx_word' id='word_1_624' title='bbox 2179 3260 2427 3331; x_wconf 83' lang='lat' dir='ltr'>ejusque</span> <span class='ocrx_word' id='word_1_625' title='bbox 2456 3263 2657 3333; x_wconf 80' lang='lat' dir='ltr'>generi</span> <span class='ocrx_word' id='word_1_626' title='bbox 2692 3263 2950 3329; x_wconf 85' lang='lat' dir='ltr'>exhibet,</span> <span class='ocrx_word' id='word_1_627' title='bbox 2986 3265 3316 3335; x_wconf 90' lang='lat' dir='ltr'>suscipiant</span> <span class='ocrx_word' id='word_1_628' title='bbox 3345 3264 3417 3319; x_wconf 90' lang='lat' dir='ltr'>de</span> <span class='ocrx_word' id='word_1_629' title='bbox 3448 3263 3665 3319; x_wconf 87' lang='lat' dir='ltr'>Christi</span> 
     </span>
    </p>
   </div>
   <div class='ocr_carea' id='block_1_79' title="bbox 2012 3349 3673 3424">
    <p class='ocr_par' dir='ltr' id='par_1_79' title="bbox 2012 3349 3673 3424">
     <span class='ocr_line' id='line_1_79' title="bbox 2012 3349 3673 3424; baseline 0.004 -24"><span class='ocrx_word' id='word_1_630' title='bbox 2012 3349 2448 3405; x_wconf 90' lang='lat' dir='ltr'>resurrectione</span> <span class='ocrx_word' id='word_1_631' title='bbox 2481 3367 2841 3408; x_wconf 88' lang='lat' dir='ltr'>sermonem.</span> <span class='ocrx_word' id='word_1_632' title='bbox 2899 3355 3098 3424; x_wconf 89' lang='lat' dir='ltr'>Neque</span> <span class='ocrx_word' id='word_1_633' title='bbox 3158 3353 3338 3408; x_wconf 89' lang='lat' dir='ltr'>dixit:</span> <span class='ocrx_word' id='word_1_634' title='bbox 3388 3353 3673 3408; x_wconf 88' lang='lat' dir='ltr'>Promisit</span> 
     </span>
    </p>
   </div>
   <div class='ocr_carea' id='block_1_80' title="bbox 2011 3434 3667 3515">
    <p class='ocr_par' dir='ltr' id='par_1_80' title="bbox 2011 3434 3667 3515">
     <span class='ocr_line' id='line_1_80' title="bbox 2011 3434 3667 3515; baseline 0.004 -27"><span class='ocrx_word' id='word_1_635' title='bbox 2011 3434 2125 3506; x_wconf 88' lang='lat' dir='ltr'>ipsi</span> <span class='ocrx_word' id='word_1_636' title='bbox 2186 3437 2360 3506; x_wconf 93' lang='lat' dir='ltr'>Deus,</span> <span class='ocrx_word' id='word_1_637' title='bbox 2421 3441 2525 3496; x_wconf 90' lang='lat' dir='ltr'>sed</span> <span class='ocrx_word' id='word_1_638' title='bbox 2585 3441 2744 3512; x_wconf 92' lang='lat' dir='ltr'>quod</span> <span class='ocrx_word' id='word_1_639' title='bbox 2802 3442 2997 3515; x_wconf 86' lang='lat' dir='ltr'>majus</span> <span class='ocrx_word' id='word_1_640' title='bbox 3051 3448 3177 3498; x_wconf 89' lang='lat' dir='ltr'>erat</span> <span class='ocrx_word' id='word_1_641' title='bbox 3224 3448 3282 3497; x_wconf 92' lang='lat' dir='ltr'>et</span> <span class='ocrx_word' id='word_1_642' title='bbox 3320 3443 3667 3498; x_wconf 84' lang='lat' dir='ltr'>incommu-</span> 
     </span>
    </p>
   </div>
   <div class='ocr_carea' id='block_1_81' title="bbox 2013 3525 3665 3600">
    <p class='ocr_par' dir='ltr' id='par_1_81' title="bbox 2013 3525 3665 3600">
     <span class='ocr_line' id='line_1_81' title="bbox 2013 3525 3665 3600; baseline 0.005 -21"><span class='ocrx_word' id='word_1_643' title='bbox 2013 3525 2214 3594; x_wconf 90' lang='lat' dir='ltr'>tabile,</span> <span class='ocrx_word' id='word_1_644' title='bbox 2245 3529 2486 3584; x_wconf 74' lang='lat' dir='ltr'>Iuravit.</span> <span class='ocrx_word' id='word_1_645' title='bbox 2516 3529 2749 3586; x_wconf 74' lang='lat' dir='ltr'>Additio</span> <span class='ocrx_word' id='word_1_646' title='bbox 2781 3548 2916 3587; x_wconf 90' lang='lat' dir='ltr'>vero</span> <span class='ocrx_word' id='word_1_647' title='bbox 2939 3532 3062 3600; x_wconf 81' lang='lat' dir='ltr'>illa,</span> <span class='ocrx_word' id='word_1_648' title='bbox 3096 3555 3123 3582; x_wconf 86' lang='lat'><strong>«</strong></span> <span class='ocrx_word' id='word_1_649' title='bbox 3158 3532 3496 3588; x_wconf 90' lang='lat' dir='ltr'>Secundum</span> <span class='ocrx_word' id='word_1_650' title='bbox 3529 3549 3665 3587; x_wconf 85' lang='lat' dir='ltr'>car-</span> 
     </span>
    </p>
   </div>
   <div class='ocr_carea' id='block_1_82' title="bbox 2012 3618 3666 3693">
    <p class='ocr_par' dir='ltr' id='par_1_82' title="bbox 2012 3618 3666 3693">
     <span class='ocr_line' id='line_1_82' title="bbox 2012 3618 3666 3693; baseline 0.004 -24"><span class='ocrx_word' id='word_1_651' title='bbox 2012 3630 2171 3683; x_wconf 90' lang='lat' dir='ltr'>nem,</span> <span class='ocrx_word' id='word_1_652' title='bbox 2207 3639 2235 3667; x_wconf 90' lang='grc'><strong>››</strong></span> <span class='ocrx_word' id='word_1_653' title='bbox 2265 3618 2646 3690; x_wconf 68' lang='lat' dir='ltr'>praedicantis</span> <span class='ocrx_word' id='word_1_654' title='bbox 2704 3627 2794 3676; x_wconf 91' lang='lat' dir='ltr'>est</span> <span class='ocrx_word' id='word_1_655' title='bbox 2849 3622 3006 3693; x_wconf 93' lang='lat' dir='ltr'>quod</span> <span class='ocrx_word' id='word_1_656' title='bbox 3063 3621 3330 3678; x_wconf 87' lang='lat' dir='ltr'>Christus</span> <span class='ocrx_word' id='word_1_657' title='bbox 3379 3621 3556 3677; x_wconf 89' lang='lat' dir='ltr'>etiam</span> <span class='ocrx_word' id='word_1_658' title='bbox 3588 3621 3666 3677; x_wconf 87' lang='lat' dir='ltr'>sit</span> 
     </span>
    </p>
   </div>
   <div class='ocr_carea' id='block_1_83' title="bbox 2014 3707 3661 3782">
    <p class='ocr_par' dir='ltr' id='par_1_83' title="bbox 2014 3707 3661 3782">
     <span class='ocr_line' id='line_1_83' title="bbox 2014 3707 3661 3782; baseline 0.004 -21"><span class='ocrx_word' id='word_1_659' title='bbox 2014 3707 2188 3771; x_wconf 85' lang='lat' dir='ltr'>Deus,</span> <span class='ocrx_word' id='word_1_660' title='bbox 2231 3727 2580 3782; x_wconf 88' lang='lat' dir='ltr'>semperque</span> <span class='ocrx_word' id='word_1_661' title='bbox 2642 3729 2775 3767; x_wconf 88' lang='lat' dir='ltr'>cum</span> <span class='ocrx_word' id='word_1_662' title='bbox 2834 3715 3025 3769; x_wconf 90' lang='lat' dir='ltr'>Patre.</span> <span class='ocrx_word' id='word_1_663' title='bbox 3087 3714 3300 3768; x_wconf 87' lang='lat' dir='ltr'>Omnia</span> <span class='ocrx_word' id='word_1_664' title='bbox 3329 3720 3528 3768; x_wconf 89' lang='lat' dir='ltr'>autem</span> <span class='ocrx_word' id='word_1_665' title='bbox 3586 3712 3661 3768; x_wconf 87' lang='lat' dir='ltr'>ad</span> 
     </span>
    </p>
   </div>
   <div class='ocr_carea' id='block_1_84' title="bbox 2010 3797 3659 3875">
    <p class='ocr_par' dir='ltr' id='par_1_84' title="bbox 2010 3797 3659 3875">
     <span class='ocr_line' id='line_1_84' title="bbox 2010 3797 3659 3875; baseline 0.005 -25"><span class='ocrx_word' id='word_1_666' title='bbox 2010 3797 2243 3852; x_wconf 89' lang='lat' dir='ltr'>Patrem</span> <span class='ocrx_word' id='word_1_667' title='bbox 2276 3800 2475 3867; x_wconf 89' lang='lat' dir='ltr'>refert,</span> <span class='ocrx_word' id='word_1_668' title='bbox 2509 3807 2573 3854; x_wconf 90' lang='lat' dir='ltr'>ut</span> <span class='ocrx_word' id='word_1_669' title='bbox 2604 3801 2843 3857; x_wconf 88' lang='lat' dir='ltr'>interim</span> <span class='ocrx_word' id='word_1_670' title='bbox 2876 3804 3246 3875; x_wconf 86' lang='lat' dir='ltr'>excipiantur</span> <span class='ocrx_word' id='word_1_671' title='bbox 3287 3821 3418 3875; x_wconf 64' lang='lat' dir='ltr'>qua:</span> <span class='ocrx_word' id='word_1_672' title='bbox 3450 3805 3659 3859; x_wconf 84' lang='lat' dir='ltr'>dicun-</span> 
     </span>
    </p>
   </div>
   <div class='ocr_carea' id='block_1_85' title="bbox 2011 3887 3661 3964">
    <p class='ocr_par' dir='ltr' id='par_1_85' title="bbox 2011 3887 3661 3964">
     <span class='ocr_line' id='line_1_85' title="bbox 2011 3887 3661 3964; baseline 0.005 -24"><span class='ocrx_word' id='word_1_673' title='bbox 2011 3890 2126 3942; x_wconf 91' lang='lat' dir='ltr'>tur.</span> <span class='ocrx_word' id='word_1_674' title='bbox 2162 3887 2272 3942; x_wconf 91' lang='lat' dir='ltr'>Sed</span> <span class='ocrx_word' id='word_1_675' title='bbox 2303 3889 2598 3960; x_wconf 88' lang='lat' dir='ltr'>quomodo</span> <span class='ocrx_word' id='word_1_676' title='bbox 2655 3892 2809 3946; x_wconf 87' lang='lat' dir='ltr'>sedit</span> <span class='ocrx_word' id='word_1_677' title='bbox 2861 3909 3039 3964; x_wconf 91' lang='lat' dir='ltr'>super</span> <span class='ocrx_word' id='word_1_678' title='bbox 3093 3893 3374 3950; x_wconf 88' lang='lat' dir='ltr'>thronum</span> <span class='ocrx_word' id='word_1_679' title='bbox 3431 3892 3661 3949; x_wconf 88' lang='lat' dir='ltr'>David?</span> 
     </span>
    </p>
   </div>
   <div class='ocr_carea' id='block_1_86' title="bbox 2011 3976 3659 4056">
    <p class='ocr_par' dir='ltr' id='par_1_86' title="bbox 2011 3976 3659 4056">
     <span class='ocr_line' id='line_1_86' title="bbox 2011 3976 3659 4056; baseline 0.005 -27"><span class='ocrx_word' id='word_1_680' title='bbox 2011 3976 2158 4041; x_wconf 89' lang='lat' dir='ltr'>Quia</span> <span class='ocrx_word' id='word_1_681' title='bbox 2190 3985 2398 4050; x_wconf 88' lang='lat' dir='ltr'>regnat</span> <span class='ocrx_word' id='word_1_682' title='bbox 2424 3980 2722 4041; x_wconf 90' lang='lat' dir='ltr'>omnibus.</span> <span class='ocrx_word' id='word_1_683' title='bbox 2745 3981 3081 4052; x_wconf 64' lang='lat' dir='ltr'>Judaeisque</span> <span class='ocrx_word' id='word_1_684' title='bbox 3109 4000 3176 4038; x_wconf 88' lang='lat' dir='ltr'>ac</span> <span class='ocrx_word' id='word_1_685' title='bbox 3206 3984 3481 4056; x_wconf 87' lang='lat' dir='ltr'>gentibus</span> <span class='ocrx_word' id='word_1_686' title='bbox 3510 3984 3659 4037; x_wconf 82' lang='lat' dir='ltr'>irre-</span> 
     </span>
    </p>
   </div>
   <div class='ocr_carea' id='block_1_87' title="bbox 2012 4065 3666 4145">
    <p class='ocr_par' dir='ltr' id='par_1_87' title="bbox 2012 4065 3666 4145">
     <span class='ocr_line' id='line_1_87' title="bbox 2012 4065 3666 4145; baseline 0.005 -25"><span class='ocrx_word' id='word_1_687' title='bbox 2012 4065 2154 4132; x_wconf 88' lang='lat' dir='ltr'>titis,</span> <span class='ocrx_word' id='word_1_688' title='bbox 2181 4068 2304 4122; x_wconf 91' lang='lat' dir='ltr'>sixe</span> <span class='ocrx_word' id='word_1_689' title='bbox 2328 4069 2766 4139; x_wconf 69' lang='lat' dir='ltr'>praedicationis</span> <span class='ocrx_word' id='word_1_690' title='bbox 2789 4072 2994 4144; x_wconf 84' lang='lat' dir='ltr'>sagina</span> <span class='ocrx_word' id='word_1_691' title='bbox 3014 4072 3088 4128; x_wconf 89' lang='lat' dir='ltr'>ad</span> <span class='ocrx_word' id='word_1_692' title='bbox 3111 4075 3242 4145; x_wconf 86' lang='lat' dir='ltr'>ejus</span> <span class='ocrx_word' id='word_1_693' title='bbox 3264 4074 3440 4129; x_wconf 83' lang='lat' dir='ltr'>ﬁdem</span> <span class='ocrx_word' id='word_1_694' title='bbox 3466 4079 3524 4128; x_wconf 92' lang='lat' dir='ltr'>et</span> <span class='ocrx_word' id='word_1_695' title='bbox 3543 4072 3666 4128; x_wconf 91' lang='lat' dir='ltr'>cul-</span> 
     </span>
    </p>
   </div>
   <div class='ocr_carea' id='block_1_88' title="bbox 2011 4157 3664 4236">
    <p class='ocr_par' dir='ltr' id='par_1_88' title="bbox 2011 4157 3664 4236">
     <span class='ocr_line' id='line_1_88' title="bbox 2011 4157 3664 4236; baseline 0.004 -26"><span class='ocrx_word' id='word_1_696' title='bbox 2011 4162 2136 4211; x_wconf 88' lang='lat' dir='ltr'>tum</span> <span class='ocrx_word' id='word_1_697' title='bbox 2163 4157 2448 4213; x_wconf 88' lang='lat' dir='ltr'>attractis.</span> <span class='ocrx_word' id='word_1_698' title='bbox 2481 4159 2544 4213; x_wconf 94' lang='lat' dir='ltr'>ld</span> <span class='ocrx_word' id='word_1_699' title='bbox 2575 4162 2753 4215; x_wconf 88' lang='lat' dir='ltr'>etiam</span> <span class='ocrx_word' id='word_1_700' title='bbox 2780 4162 2936 4232; x_wconf 93' lang='lat' dir='ltr'>quod</span> <span class='ocrx_word' id='word_1_701' title='bbox 2967 4163 3067 4230; x_wconf 90' lang='lat' dir='ltr'>ait,</span> <span class='ocrx_word' id='word_1_702' title='bbox 3093 4185 3120 4212; x_wconf 82' lang='lat'>«</span> <span class='ocrx_word' id='word_1_703' title='bbox 3146 4166 3345 4236; x_wconf 84' lang='lat' dir='ltr'>Neque</span> <span class='ocrx_word' id='word_1_704' title='bbox 3369 4181 3503 4220; x_wconf 90' lang='lat' dir='ltr'>caro</span> <span class='ocrx_word' id='word_1_705' title='bbox 3534 4166 3664 4234; x_wconf 89' lang='lat' dir='ltr'>ejus</span> 
     </span>
    </p>
   </div>
   <div class='ocr_carea' id='block_1_89' title="bbox 2010 4245 3665 4318">
    <p class='ocr_par' dir='ltr' id='par_1_89' title="bbox 2010 4245 3665 4318">
     <span class='ocr_line' id='line_1_89' title="bbox 2010 4245 3665 4318; baseline 0.004 -19"><span class='ocrx_word' id='word_1_706' title='bbox 2010 4245 2156 4300; x_wconf 86' lang='lat' dir='ltr'>vidit</span> <span class='ocrx_word' id='word_1_707' title='bbox 2211 4248 2674 4318; x_wconf 88' lang='lat' dir='ltr'>corruptionem,</span> <span class='ocrx_word' id='word_1_708' title='bbox 2727 4272 2755 4300; x_wconf 86' lang='lat'>»</span> <span class='ocrx_word' id='word_1_709' title='bbox 2810 4267 2931 4306; x_wconf 86' lang='lat' dir='ltr'>non</span> <span class='ocrx_word' id='word_1_710' title='bbox 2965 4253 3166 4308; x_wconf 90' lang='lat' dir='ltr'>minus</span> <span class='ocrx_word' id='word_1_711' title='bbox 3205 4252 3665 4310; x_wconf 87' lang='lat' dir='ltr'>resurrectionis</span> 
     </span>
    </p>
   </div>
   <div class='ocr_carea' id='block_1_90' title="bbox 2013 4335 2556 4406">
    <p class='ocr_par' dir='ltr' id='par_1_90' title="bbox 2013 4335 2556 4406">
     <span class='ocr_line' id='line_1_90' title="bbox 2013 4335 2556 4406; baseline 0.002 -15"><span class='ocrx_word' id='word_1_712' title='bbox 2013 4351 2162 4406; x_wconf 90' lang='lat' dir='ltr'>opus</span> <span class='ocrx_word' id='word_1_713' title='bbox 2194 4335 2556 4392; x_wconf 88' lang='lat' dir='ltr'>manifestat.</span> 
     </span>
    </p>
   </div>
   <div class='ocr_carea' id='block_1_91' title="bbox 2084 4425 3668 4502">
    <p class='ocr_par' dir='ltr' id='par_1_91' title="bbox 2084 4425 3668 4502">
     <span class='ocr_line' id='line_1_91' title="bbox 2084 4425 3668 4502; baseline 0.002 -23"><span class='ocrx_word' id='word_1_714' title='bbox 2084 4425 2154 4492; x_wconf 92' lang='lat' dir='ltr'>II,</span> <span class='ocrx_word' id='word_1_715' title='bbox 2214 4426 2302 4491; x_wconf 87' lang='lat'>33,</span> <span class='ocrx_word' id='word_1_716' title='bbox 2354 4426 2824 4496; x_wconf 27' lang='lat' dir='ltr'>114.;u‘..;Dextera</span> <span class='ocrx_word' id='word_1_717' title='bbox 2880 4429 3059 4502; x_wconf 87' lang='lat' dir='ltr'>igitur</span> <span class='ocrx_word' id='word_1_718' title='bbox 3107 4431 3208 4485; x_wconf 92' lang='lat' dir='ltr'>Dei</span> <span class='ocrx_word' id='word_1_719' title='bbox 3259 4430 3575 4497; x_wconf 84' lang='lat' dir='ltr'>exaltatus,</span> <span class='ocrx_word' id='word_1_720' title='bbox 3609 4431 3668 4483; x_wconf 89' lang='lat' dir='ltr'>et</span> 
     </span>
    </p>
   </div>
   <div class='ocr_carea' id='block_1_92' title="bbox 2016 4517 3666 4593">
    <p class='ocr_par' dir='ltr' id='par_1_92' title="bbox 2016 4517 3666 4593">
     <span class='ocr_line' id='line_1_92' title="bbox 2016 4517 3666 4593; baseline 0.001 -23"><span class='ocrx_word' id='word_1_721' title='bbox 2016 4537 2043 4564; x_wconf 87' lang='grc'><em>‹‹</em></span> <span class='ocrx_word' id='word_1_722' title='bbox 2077 4517 2472 4587; x_wconf 89' lang='lat' dir='ltr'>promissione</span> <span class='ocrx_word' id='word_1_723' title='bbox 2503 4518 2754 4591; x_wconf 90' lang='lat' dir='ltr'>Spiritus</span> <span class='ocrx_word' id='word_1_724' title='bbox 2786 4521 2971 4577; x_wconf 88' lang='lat' dir='ltr'>sancti</span> <span class='ocrx_word' id='word_1_725' title='bbox 3017 4527 3259 4593; x_wconf 86' lang='lat' dir='ltr'>accepta</span> <span class='ocrx_word' id='word_1_726' title='bbox 3287 4537 3322 4576; x_wconf 91' lang='lat' dir='ltr'>a</span> <span class='ocrx_word' id='word_1_727' title='bbox 3351 4521 3543 4586; x_wconf 89' lang='lat' dir='ltr'>Patre,</span> <span class='ocrx_word' id='word_1_728' title='bbox 3577 4517 3666 4575; x_wconf 87' lang='lat' dir='ltr'>ef-</span> 
     </span>
    </p>
   </div>
   <div class='ocr_carea' id='block_1_93' title="bbox 262 4601 1912 4681">
    <p class='ocr_par' dir='ltr' id='par_1_93' title="bbox 262 4601 1901 4681">
     <span class='ocr_line' id='line_1_93' title="bbox 262 4601 1901 4681; baseline 0.001 -23"><span class='ocrx_word' id='word_1_729' title='bbox 262 4603 483 4681; x_wconf 67' lang='grc' dir='ltr'>«ἐξέχεε</span> <span class='ocrx_word' id='word_1_730' title='bbox 539 4609 708 4662; x_wconf 87' lang='grc' dir='ltr'>τοῦτο</span> <span class='ocrx_word' id='word_1_731' title='bbox 758 4605 788 4658; x_wconf 83' lang='grc' dir='ltr'>’ὀ</span> <span class='ocrx_word' id='word_1_732' title='bbox 846 4601 936 4658; x_wconf 79' lang='grc' dir='ltr'>νῦν</span> <span class='ocrx_word' id='word_1_733' title='bbox 999 4604 1154 4678; x_wconf 82' lang='grc' dir='ltr'>ὑμεῖς</span> <span class='ocrx_word' id='word_1_734' title='bbox 1211 4601 1439 4679; x_wconf 73' lang='grc' dir='ltr'>βλέπετε</span> <span class='ocrx_word' id='word_1_735' title='bbox 1506 4601 1596 4657; x_wconf 83' lang='grc' dir='ltr'>καὶ</span> <span class='ocrx_word' id='word_1_736' title='bbox 1661 4601 1901 4659; x_wconf 75' lang='grc' dir='ltr'>ἀκούετε.</span> 
     </span>
    </p>
   </div>
   <div class='ocr_carea' id='block_1_94' title="bbox 2026 4601 3668 4681">
    <p class='ocr_par' dir='ltr' id='par_1_94' title="bbox 2028 4605 3668 4679">
     <span class='ocr_line' id='line_1_94' title="bbox 2028 4605 3668 4679; baseline 0.004 -21"><span class='ocrx_word' id='word_1_737' title='bbox 2028 4628 2040 4653; x_wconf 88' lang='grc'><em>‹</em></span> <span class='ocrx_word' id='word_1_738' title='bbox 2075 4605 2230 4661; x_wconf 88' lang='lat' dir='ltr'>fudit</span> <span class='ocrx_word' id='word_1_739' title='bbox 2254 4607 2365 4663; x_wconf 90' lang='lat' dir='ltr'>hoc</span> <span class='ocrx_word' id='word_1_740' title='bbox 2415 4609 2573 4679; x_wconf 91' lang='lat' dir='ltr'>quod</span> <span class='ocrx_word' id='word_1_741' title='bbox 2617 4626 2775 4666; x_wconf 89' lang='lat' dir='ltr'>nunc</span> <span class='ocrx_word' id='word_1_742' title='bbox 2807 4627 2905 4666; x_wconf 92' lang='lat' dir='ltr'>vos</span> <span class='ocrx_word' id='word_1_743' title='bbox 2937 4611 3146 4666; x_wconf 88' lang='lat' dir='ltr'>videtis</span> <span class='ocrx_word' id='word_1_744' title='bbox 3178 4615 3237 4665; x_wconf 91' lang='lat' dir='ltr'>et</span> <span class='ocrx_word' id='word_1_745' title='bbox 3264 4608 3505 4665; x_wconf 87' lang='lat' dir='ltr'>auditis.</span> <span class='ocrx_word' id='word_1_746' title='bbox 3538 4610 3668 4664; x_wconf 86' lang='lat' dir='ltr'>Non</span> 
     </span>
    </p>
   </div>
   <div class='ocr_carea' id='block_1_95' title="bbox 264 4688 1566 4771">
    <p class='ocr_par' dir='ltr' id='par_1_95' title="bbox 264 4688 1566 4771">
     <span class='ocr_line' id='line_1_95' title="bbox 264 4688 1566 4771; baseline -0.006 -20"><span class='ocrx_word' id='word_1_747' title='bbox 264 4716 288 4742; x_wconf 80' lang='grc' dir='ltr'>ιι</span> <span class='ocrx_word' id='word_1_748' title='bbox 313 4694 387 4751; x_wconf 73' lang='lat'>0&#39;3</span> <span class='ocrx_word' id='word_1_749' title='bbox 416 4697 518 4771; x_wconf 70' lang='grc' dir='ltr'>γαρ</span> <span class='ocrx_word' id='word_1_750' title='bbox 553 4692 721 4750; x_wconf 76' lang='grc' dir='ltr'>Δαυῖδ</span> <span class='ocrx_word' id='word_1_751' title='bbox 752 4688 917 4763; x_wconf 70' lang='grc' dir='ltr'>ἀνέϐη</span> <span class='ocrx_word' id='word_1_752' title='bbox 951 4692 1026 4757; x_wconf 64' lang='grc' dir='ltr'>εἲς</span> <span class='ocrx_word' id='word_1_753' title='bbox 1053 4693 1180 4754; x_wconf 82' lang='grc' dir='ltr'>τοὺς</span> <span class='ocrx_word' id='word_1_754' title='bbox 1210 4690 1495 4767; x_wconf 73' lang='grc' dir='ltr'>οὐρανούς.</span> <span class='ocrx_word' id='word_1_755' title='bbox 1538 4715 1566 4744; x_wconf 81' lang='grc'>››</span> 
     </span>
    </p>
   </div>
   <div class='ocr_carea' id='block_1_96' title="bbox 321 4778 1906 4857">
    <p class='ocr_par' dir='ltr' id='par_1_96' title="bbox 321 4778 1906 4857">
     <span class='ocr_line' id='line_1_96' title="bbox 321 4778 1906 4857; baseline -0.003 -17"><span class='ocrx_word' id='word_1_756' title='bbox 321 4784 415 4840; x_wconf 55' lang='lat' dir='ltr'>Kal</span> <span class='ocrx_word' id='word_1_757' title='bbox 457 4784 630 4839; x_wconf 70' lang='grc' dir='ltr'>πάλιν</span> <span class='ocrx_word' id='word_1_758' title='bbox 687 4788 767 4855; x_wconf 81' lang='grc' dir='ltr'>τῷ</span> <span class='ocrx_word' id='word_1_759' title='bbox 825 4783 992 4855; x_wconf 85' lang='grc' dir='ltr'>Πατρί</span> <span class='ocrx_word' id='word_1_760' title='bbox 1049 4779 1337 4851; x_wconf 81' lang='grc' dir='ltr'>ἀνατίθησι</span> <span class='ocrx_word' id='word_1_761' title='bbox 1386 4781 1448 4836; x_wconf 86' lang='grc' dir='ltr'>τὸ</span> <span class='ocrx_word' id='word_1_762' title='bbox 1494 4782 1740 4857; x_wconf 82' lang='grc' dir='ltr'>γεγονός.</span> <span class='ocrx_word' id='word_1_763' title='bbox 1775 4778 1906 4838; x_wconf 71' lang='grc' dir='ltr'>Οἵδε</span> 
     </span>
    </p>
   </div>
   <div class='ocr_carea' id='block_1_97' title="bbox 261 4869 1906 4946">
    <p class='ocr_par' dir='ltr' id='par_1_97' title="bbox 261 4869 1906 4946">
     <span class='ocr_line' id='line_1_97' title="bbox 261 4869 1906 4946; baseline 0.001 -22"><span class='ocrx_word' id='word_1_764' title='bbox 261 4872 349 4945; x_wconf 76' lang='grc' dir='ltr'>γὰρ</span> <span class='ocrx_word' id='word_1_765' title='bbox 378 4873 522 4929; x_wconf 67' lang='grc' dir='ltr'>οὕτω</span> <span class='ocrx_word' id='word_1_766' title='bbox 552 4875 685 4934; x_wconf 73' lang='grc' dir='ltr'>τοὺς</span> <span class='ocrx_word' id='word_1_767' title='bbox 716 4870 986 4946; x_wconf 79' lang='grc' dir='ltr'>ἀκροατὰς</span> <span class='ocrx_word' id='word_1_768' title='bbox 1044 4869 1446 4945; x_wconf 63' lang='grc' dir='ltr'>ἐπισπώμενος.</span> <span class='ocrx_word' id='word_1_769' title='bbox 1503 4871 1684 4926; x_wconf 79' lang='grc' dir='ltr'>Εἰπὼν</span> <span class='ocrx_word' id='word_1_770' title='bbox 1737 4869 1794 4926; x_wconf 64' lang='grc' dir='ltr'>δὲ</span> <span class='ocrx_word' id='word_1_771' title='bbox 1823 4871 1906 4942; x_wconf 90' lang='grc' dir='ltr'>τὸ,</span> 
     </span>
    </p>
   </div>
   <div class='ocr_carea' id='block_1_98' title="bbox 260 4961 1907 5040">
    <p class='ocr_par' dir='ltr' id='par_1_98' title="bbox 260 4961 1907 5040">
     <span class='ocr_line' id='line_1_98' title="bbox 260 4961 1907 5040; baseline 0.001 -25"><span class='ocrx_word' id='word_1_772' title='bbox 260 4961 528 5037; x_wconf 65' lang='grc' dir='ltr'>Ὑψωθεῖς,</span> <span class='ocrx_word' id='word_1_773' title='bbox 583 4965 678 5020; x_wconf 76' lang='grc' dir='ltr'>καὶ</span> <span class='ocrx_word' id='word_1_774' title='bbox 732 4965 856 5040; x_wconf 81' lang='grc' dir='ltr'>περὶ</span> <span class='ocrx_word' id='word_1_775' title='bbox 918 4969 1019 5033; x_wconf 80' lang='grc' dir='ltr'>τῆς</span> <span class='ocrx_word' id='word_1_776' title='bbox 1105 4961 1428 5036; x_wconf 74' lang='grc' dir='ltr'>ἀναλήψεως</span> <span class='ocrx_word' id='word_1_777' title='bbox 1508 4961 1748 5038; x_wconf 68' lang='grc' dir='ltr'>ᾐνίξατο,</span> <span class='ocrx_word' id='word_1_778' title='bbox 1817 4961 1907 5017; x_wconf 84' lang='grc' dir='ltr'>καὶ</span> 
     </span>
    </p>
   </div>
   <div class='ocr_carea' id='block_1_99' title="bbox 263 5050 1903 5131">
    <p class='ocr_par' dir='ltr' id='par_1_99' title="bbox 263 5050 1903 5131">
     <span class='ocr_line' id='line_1_99' title="bbox 263 5050 1903 5131; baseline 0.001 -26"><span class='ocrx_word' id='word_1_779' title='bbox 263 5051 410 5108; x_wconf 77' lang='grc' dir='ltr'>’ὸτιὲν</span> <span class='ocrx_word' id='word_1_780' title='bbox 440 5061 558 5118; x_wconf 88' lang='grc' dir='ltr'>τοῖς</span> <span class='ocrx_word' id='word_1_781' title='bbox 611 5055 865 5131; x_wconf 77' lang='grc' dir='ltr'>οὐρανοῖς</span> <span class='ocrx_word' id='word_1_782' title='bbox 904 5054 1034 5113; x_wconf 80' lang='grc' dir='ltr'>ἐστι.</span> <span class='ocrx_word' id='word_1_783' title='bbox 1097 5055 1193 5109; x_wconf 87' lang='grc' dir='ltr'>Διὸ</span> <span class='ocrx_word' id='word_1_784' title='bbox 1252 5050 1378 5108; x_wconf 78' lang='grc' dir='ltr'>οὐδὲ</span> <span class='ocrx_word' id='word_1_785' title='bbox 1438 5057 1682 5130; x_wconf 71' lang='grc' dir='ltr'>φανερῶς</span> <span class='ocrx_word' id='word_1_786' title='bbox 1732 5053 1903 5121; x_wconf 81' lang='grc' dir='ltr'>εἶπεν,</span> 
     </span>
    </p>
   </div>
   <div class='ocr_carea' id='block_1_100' title="bbox 265 5141 1908 5222">
    <p class='ocr_par' dir='ltr' id='par_1_100' title="bbox 265 5141 1908 5222">
     <span class='ocr_line' id='line_1_100' title="bbox 265 5141 1908 5222; baseline 0.001 -25"><span class='ocrx_word' id='word_1_787' title='bbox 265 5141 334 5197; x_wconf 78' lang='grc' dir='ltr'>ὅτι</span> <span class='ocrx_word' id='word_1_788' title='bbox 382 5147 466 5201; x_wconf 86' lang='grc' dir='ltr'>Ἐν</span> <span class='ocrx_word' id='word_1_789' title='bbox 521 5153 647 5209; x_wconf 85' lang='grc' dir='ltr'>τοῖς</span> <span class='ocrx_word' id='word_1_790' title='bbox 729 5145 986 5222; x_wconf 72' lang='grc' dir='ltr'>οὐρανοῖς</span> <span class='ocrx_word' id='word_1_791' title='bbox 1046 5143 1210 5202; x_wconf 73' lang='grc' dir='ltr'>ἐστιν.</span> <span class='ocrx_word' id='word_1_792' title='bbox 1281 5143 1429 5201; x_wconf 78' lang='grc' dir='ltr'>Ἐπεὶ</span> <span class='ocrx_word' id='word_1_793' title='bbox 1517 5144 1608 5198; x_wconf 80' lang='grc' dir='ltr'>οὗν</span> <span class='ocrx_word' id='word_1_794' title='bbox 1686 5143 1908 5200; x_wconf 79' lang='grc' dir='ltr'>ἐνταῦθα</span> 
     </span>
    </p>
   </div>
   <div class='ocr_carea' id='block_1_101' title="bbox 266 5231 1908 5309">
    <p class='ocr_par' dir='ltr' id='par_1_101' title="bbox 266 5231 1908 5309">
     <span class='ocr_line' id='line_1_101' title="bbox 266 5231 1908 5309; baseline 0.002 -24"><span class='ocrx_word' id='word_1_795' title='bbox 266 5231 481 5306; x_wconf 71' lang='grc' dir='ltr'>προὲῧη,</span> <span class='ocrx_word' id='word_1_796' title='bbox 539 5236 634 5292; x_wconf 85' lang='grc' dir='ltr'>καὶ</span> <span class='ocrx_word' id='word_1_797' title='bbox 689 5241 799 5292; x_wconf 82' lang='grc' dir='ltr'>τῶν</span> <span class='ocrx_word' id='word_1_798' title='bbox 855 5235 1100 5309; x_wconf 77' lang='grc' dir='ltr'>σημείων</span> <span class='ocrx_word' id='word_1_799' title='bbox 1157 5234 1326 5290; x_wconf 78' lang='grc' dir='ltr'>αὑτοῦ</span> <span class='ocrx_word' id='word_1_800' title='bbox 1384 5232 1625 5306; x_wconf 74' lang='grc' dir='ltr'>ἐμνήσθη</span> <span class='ocrx_word' id='word_1_801' title='bbox 1678 5234 1908 5304; x_wconf 77' lang='grc' dir='ltr'>καὶτῆς</span> 
     </span>
    </p>
   </div>
   <div class='ocr_carea' id='block_1_102' title="bbox 266 5320 1904 5400">
    <p class='ocr_par' dir='ltr' id='par_1_102' title="bbox 266 5320 1904 5400">
     <span class='ocr_line' id='line_1_102' title="bbox 266 5320 1904 5400; baseline 0.003 -27"><span class='ocrx_word' id='word_1_802' title='bbox 266 5320 614 5395; x_wconf 68' lang='grc' dir='ltr'>ἀναστάσεως,</span> <span class='ocrx_word' id='word_1_803' title='bbox 670 5325 866 5382; x_wconf 79' lang='grc' dir='ltr'>λοιπὸν</span> <span class='ocrx_word' id='word_1_804' title='bbox 927 5323 1116 5400; x_wconf 73' lang='grc' dir='ltr'>ἐπάγει</span> <span class='ocrx_word' id='word_1_805' title='bbox 1168 5323 1254 5389; x_wconf 86' lang='grc' dir='ltr'>τὸ,</span> <span class='ocrx_word' id='word_1_806' title='bbox 1311 5348 1338 5376; x_wconf 86' lang='grc'>‹‹</span> <span class='ocrx_word' id='word_1_807' title='bbox 1387 5322 1649 5399; x_wconf 76' lang='grc' dir='ltr'>Ἐξέχεεν.</span> <span class='ocrx_word' id='word_1_808' title='bbox 1687 5348 1714 5374; x_wconf 88' lang='grc'>››</span> <span class='ocrx_word' id='word_1_809' title='bbox 1776 5324 1904 5380; x_wconf 85' lang='grc' dir='ltr'>Κατ’</span> 
     </span>
    </p>
   </div>
   <div class='ocr_carea' id='block_1_103' title="bbox 265 5406 1900 5488">
    <p class='ocr_par' dir='ltr' id='par_1_103' title="bbox 265 5406 1900 5488">
     <span class='ocr_line' id='line_1_103' title="bbox 265 5406 1900 5488; baseline -0.001 -22"><span class='ocrx_word' id='word_1_810' title='bbox 265 5406 420 5485; x_wconf 67' lang='grc' dir='ltr'>ἀρχὰς</span> <span class='ocrx_word' id='word_1_811' title='bbox 477 5416 575 5485; x_wconf 75' lang='grc' dir='ltr'>μὲν</span> <span class='ocrx_word' id='word_1_812' title='bbox 637 5415 741 5488; x_wconf 70' lang='grc' dir='ltr'>γὰρ</span> <span class='ocrx_word' id='word_1_813' title='bbox 799 5413 868 5468; x_wconf 75' lang='grc' dir='ltr'>τὰ</span> <span class='ocrx_word' id='word_1_814' title='bbox 925 5417 1117 5486; x_wconf 81' lang='grc' dir='ltr'>πρῶτα</span> <span class='ocrx_word' id='word_1_815' title='bbox 1170 5407 1352 5487; x_wconf 79' lang='grc' dir='ltr'>ἔλεγεν</span> <span class='ocrx_word' id='word_1_816' title='bbox 1410 5410 1472 5466; x_wconf 77' lang='grc' dir='ltr'>οὗ</span> <span class='ocrx_word' id='word_1_817' title='bbox 1526 5411 1616 5466; x_wconf 85' lang='grc' dir='ltr'>τὸν</span> <span class='ocrx_word' id='word_1_818' title='bbox 1669 5412 1900 5484; x_wconf 76' lang='grc' dir='ltr'>Χριστὸν</span> 
     </span>
    </p>
   </div>
   <div class='ocr_carea' id='block_1_104' title="bbox 263 5496 1900 5578">
    <p class='ocr_par' dir='ltr' id='par_1_104' title="bbox 263 5496 1900 5578">
     <span class='ocr_line' id='line_1_104' title="bbox 263 5496 1900 5578; baseline 0.001 -26"><span class='ocrx_word' id='word_1_819' title='bbox 263 5496 680 5576; x_wconf 67' lang='grc' dir='ltr'>ἐπαγγείλασθαι</span> <span class='ocrx_word' id='word_1_820' title='bbox 708 5508 871 5559; x_wconf 81' lang='grc' dir='ltr'>τοῦτο</span> <span class='ocrx_word' id='word_1_821' title='bbox 904 5502 995 5558; x_wconf 85' lang='grc' dir='ltr'>διὰ</span> <span class='ocrx_word' id='word_1_822' title='bbox 1042 5499 1212 5570; x_wconf 80' lang='grc' dir='ltr'>Ἰωήλ</span> <span class='ocrx_word' id='word_1_823' title='bbox 1259 5505 1359 5556; x_wconf 86' lang='grc' dir='ltr'>τοῦ</span> <span class='ocrx_word' id='word_1_824' title='bbox 1407 5503 1713 5578; x_wconf 67' lang='grc' dir='ltr'>προφήτου,</span> <span class='ocrx_word' id='word_1_825' title='bbox 1750 5499 1900 5558; x_wconf 69' lang='grc' dir='ltr'>’1⁸)πεῖ</span> 
     </span>
    </p>
   </div>
   <div class='ocr_carea' id='block_1_105' title="bbox 267 5582 1901 5670">
    <p class='ocr_par' dir='ltr' id='par_1_105' title="bbox 267 5582 1901 5670">
     <span class='ocr_line' id='line_1_105' title="bbox 267 5582 1901 5670; baseline 0.001 -24"><span class='ocrx_word' id='word_1_826' title='bbox 267 5582 316 5643; x_wconf 63' lang='grc' dir='ltr'><strong>δί</strong></span> <span class='ocrx_word' id='word_1_827' title='bbox 365 5597 470 5648; x_wconf 75' lang='grc' dir='ltr'>τῶν</span> <span class='ocrx_word' id='word_1_828' title='bbox 525 5594 666 5649; x_wconf 78' lang='grc' dir='ltr'>κατὰ</span> <span class='ocrx_word' id='word_1_829' title='bbox 719 5594 950 5670; x_wconf 82' lang='grc' dir='ltr'>Χριστὸν</span> <span class='ocrx_word' id='word_1_830' title='bbox 1011 5590 1224 5668; x_wconf 73' lang='grc' dir='ltr'>ὶμνήση</span> <span class='ocrx_word' id='word_1_831' title='bbox 1287 5588 1628 5667; x_wconf 78' lang='grc' dir='ltr'>παραδόξων,</span> <span class='ocrx_word' id='word_1_832' title='bbox 1688 5588 1901 5666; x_wconf 75' lang='grc' dir='ltr'>θαῤῥῶν</span> 
     </span>
    </p>
   </div>
   <div class='ocr_carea' id='block_1_106' title="bbox 323 5706 688 5767">
    <p class='ocr_par' dir='ltr' id='par_1_106' title="bbox 323 5706 688 5767">
     <span class='ocr_line' id='line_1_106' title="bbox 323 5706 688 5767; baseline 0.005 -2"><span class='ocrx_word' id='word_1_833' title='bbox 323 5706 365 5743; x_wconf 77' lang='grc'><em>³³</em></span> <span class='ocrx_word' id='word_1_834' title='bbox 397 5711 566 5766; x_wconf 87' lang='lat' dir='ltr'>Infra</span> <span class='ocrx_word' id='word_1_835' title='bbox 598 5727 688 5767; x_wconf 80' lang='lat' dir='ltr'>vn.</span> 
     </span>
    </p>
   </div>
   <div class='ocr_carea' id='block_1_107' title="bbox 571 5829 1318 5895">
    <p class='ocr_par' dir='ltr' id='par_1_107' title="bbox 571 5829 1318 5895">
     <span class='ocr_line' id='line_1_107' title="bbox 571 5829 1318 5895; baseline -0.005 -5"><span class='ocrx_word' id='word_1_836' title='bbox 571 5833 843 5895; x_wconf 75' lang='lat' dir='ltr'>PATROL.</span> <span class='ocrx_word' id='word_1_837' title='bbox 891 5833 1002 5891; x_wconf 78' lang='lat' dir='ltr'>Gn.</span> <span class='ocrx_word' id='word_1_838' title='bbox 1051 5829 1318 5889; x_wconf 73' lang='lat' dir='ltr'>CXVIII.</span> 
     </span>
    </p>
   </div>
   <div class='ocr_carea' id='block_1_108' title="bbox 2013 4697 3147 4755">
    <p class='ocr_par' dir='ltr' id='par_1_108' title="bbox 2013 4697 3147 4755">
     <span class='ocr_line' id='line_1_108' title="bbox 2013 4697 3147 4755; baseline 0.004 -5"><span class='ocrx_word' id='word_1_839' title='bbox 2013 4717 2042 4744; x_wconf 87' lang='lat'>«</span> <span class='ocrx_word' id='word_1_840' title='bbox 2079 4697 2237 4750; x_wconf 90' lang='lat' dir='ltr'>enim</span> <span class='ocrx_word' id='word_1_841' title='bbox 2274 4697 2450 4752; x_wconf 90' lang='lat' dir='ltr'>David</span> <span class='ocrx_word' id='word_1_842' title='bbox 2481 4700 2752 4755; x_wconf 89' lang='lat' dir='ltr'>ascendit</span> <span class='ocrx_word' id='word_1_843' title='bbox 2776 4699 2850 4755; x_wconf 88' lang='lat' dir='ltr'>ad</span> <span class='ocrx_word' id='word_1_844' title='bbox 2881 4700 3081 4755; x_wconf 80' lang='lat' dir='ltr'>ccelos.</span> <span class='ocrx_word' id='word_1_845' title='bbox 3118 4722 3147 4748; x_wconf 86' lang='grc'><strong>››</strong></span> 
     </span>
    </p>
   </div>
   <div class='ocr_carea' id='block_1_109' title="bbox 2092 4787 3669 4859">
    <p class='ocr_par' dir='ltr' id='par_1_109' title="bbox 2092 4787 3669 4859">
     <span class='ocr_line' id='line_1_109' title="bbox 2092 4787 3669 4859; baseline 0.003 -19"><span class='ocrx_word' id='word_1_846' title='bbox 2092 4787 2345 4841; x_wconf 83' lang='lat' dir='ltr'>Rursum</span> <span class='ocrx_word' id='word_1_847' title='bbox 2377 4788 2450 4842; x_wconf 89' lang='lat' dir='ltr'>ad</span> <span class='ocrx_word' id='word_1_848' title='bbox 2483 4789 2714 4843; x_wconf 91' lang='lat' dir='ltr'>Patrem</span> <span class='ocrx_word' id='word_1_849' title='bbox 2747 4789 2928 4843; x_wconf 90' lang='lat' dir='ltr'>refert</span> <span class='ocrx_word' id='word_1_850' title='bbox 2985 4788 3142 4859; x_wconf 92' lang='lat' dir='ltr'>quod</span> <span class='ocrx_word' id='word_1_851' title='bbox 3171 4788 3393 4845; x_wconf 87' lang='lat' dir='ltr'>factum</span> <span class='ocrx_word' id='word_1_852' title='bbox 3425 4793 3552 4843; x_wconf 87' lang='lat' dir='ltr'>est:</span> <span class='ocrx_word' id='word_1_853' title='bbox 3587 4789 3669 4844; x_wconf 86' lang='lat' dir='ltr'>ita</span> 
     </span>
    </p>
   </div>
   <div class='ocr_carea' id='block_1_110' title="bbox 2019 4875 3666 4946">
    <p class='ocr_par' dir='ltr' id='par_1_110' title="bbox 2019 4875 3666 4946">
     <span class='ocr_line' id='line_1_110' title="bbox 2019 4875 3666 4946; baseline 0.002 -17"><span class='ocrx_word' id='word_1_854' title='bbox 2019 4875 2177 4929; x_wconf 90' lang='lat' dir='ltr'>enim</span> <span class='ocrx_word' id='word_1_855' title='bbox 2238 4877 2398 4931; x_wconf 89' lang='lat' dir='ltr'>novit</span> <span class='ocrx_word' id='word_1_856' title='bbox 2453 4877 2753 4932; x_wconf 86' lang='lat' dir='ltr'>auditores</span> <span class='ocrx_word' id='word_1_857' title='bbox 2811 4878 3126 4934; x_wconf 87' lang='lat' dir='ltr'>attrahere.</span> <span class='ocrx_word' id='word_1_858' title='bbox 3190 4879 3404 4934; x_wconf 89' lang='lat' dir='ltr'>Dicens</span> <span class='ocrx_word' id='word_1_859' title='bbox 3443 4883 3666 4946; x_wconf 87' lang='lat' dir='ltr'>autem,</span> 
     </span>
    </p>
   </div>
   <div class='ocr_carea' id='block_1_111' title="bbox 2019 4965 3669 5038">
    <p class='ocr_par' dir='ltr' id='par_1_111' title="bbox 2019 4965 3669 5038">
     <span class='ocr_line' id='line_1_111' title="bbox 2019 4965 3669 5038; baseline 0.002 -20"><span class='ocrx_word' id='word_1_860' title='bbox 2019 4965 2340 5032; x_wconf 87' lang='lat' dir='ltr'>Exaltatus,</span> <span class='ocrx_word' id='word_1_861' title='bbox 2363 4967 2537 5021; x_wconf 88' lang='lat' dir='ltr'>etiam</span> <span class='ocrx_word' id='word_1_862' title='bbox 2569 4966 2640 5021; x_wconf 89' lang='lat' dir='ltr'>de</span> <span class='ocrx_word' id='word_1_863' title='bbox 2671 4968 3074 5038; x_wconf 85' lang='lat' dir='ltr'>assumptione</span> <span class='ocrx_word' id='word_1_864' title='bbox 3102 4969 3320 5034; x_wconf 89' lang='lat' dir='ltr'>innuit,</span> <span class='ocrx_word' id='word_1_865' title='bbox 3351 4975 3408 5023; x_wconf 92' lang='lat' dir='ltr'>et</span> <span class='ocrx_word' id='word_1_866' title='bbox 3429 4967 3586 5038; x_wconf 90' lang='lat' dir='ltr'>quod</span> <span class='ocrx_word' id='word_1_867' title='bbox 3606 4967 3669 5021; x_wconf 91' lang='lat' dir='ltr'>in</span> 
     </span>
    </p>
   </div>
   <div class='ocr_carea' id='block_1_112' title="bbox 2019 5054 3666 5113">
    <p class='ocr_par' dir='ltr' id='par_1_112' title="bbox 2019 5054 3666 5113">
     <span class='ocr_line' id='line_1_112' title="bbox 2019 5054 3666 5113; baseline 0 -4"><span class='ocrx_word' id='word_1_868' title='bbox 2019 5054 2181 5109; x_wconf 64' lang='lat' dir='ltr'>caelis</span> <span class='ocrx_word' id='word_1_869' title='bbox 2213 5057 2306 5110; x_wconf 89' lang='lat' dir='ltr'>sit.</span> <span class='ocrx_word' id='word_1_870' title='bbox 2343 5057 2456 5110; x_wconf 87' lang='lat' dir='ltr'>Nec</span> <span class='ocrx_word' id='word_1_871' title='bbox 2483 5062 2681 5111; x_wconf 88' lang='lat' dir='ltr'>tamen</span> <span class='ocrx_word' id='word_1_872' title='bbox 2708 5057 3021 5113; x_wconf 85' lang='lat' dir='ltr'>manifeste</span> <span class='ocrx_word' id='word_1_873' title='bbox 3043 5057 3229 5113; x_wconf 87' lang='lat' dir='ltr'>dixit:</span> <span class='ocrx_word' id='word_1_874' title='bbox 3264 5060 3329 5112; x_wconf 86' lang='lat' dir='ltr'>In</span> <span class='ocrx_word' id='word_1_875' title='bbox 3362 5057 3526 5112; x_wconf 69' lang='lat' dir='ltr'>caslis</span> <span class='ocrx_word' id='word_1_876' title='bbox 3557 5061 3666 5110; x_wconf 91' lang='lat' dir='ltr'>est.</span> 
     </span>
    </p>
   </div>
   <div class='ocr_carea' id='block_1_113' title="bbox 2018 5143 3670 5221">
    <p class='ocr_par' dir='ltr' id='par_1_113' title="bbox 2018 5143 3670 5221">
     <span class='ocr_line' id='line_1_113' title="bbox 2018 5143 3670 5221; baseline 0.001 -23"><span class='ocrx_word' id='word_1_877' title='bbox 2018 5143 2306 5209; x_wconf 90' lang='lat' dir='ltr'>Quoniam</span> <span class='ocrx_word' id='word_1_878' title='bbox 2343 5160 2477 5216; x_wconf 89' lang='lat' dir='ltr'>ergo</span> <span class='ocrx_word' id='word_1_879' title='bbox 2509 5162 2666 5200; x_wconf 90' lang='lat' dir='ltr'>nunc</span> <span class='ocrx_word' id='word_1_880' title='bbox 2703 5146 2944 5217; x_wconf 89' lang='lat' dir='ltr'>paulum</span> <span class='ocrx_word' id='word_1_881' title='bbox 2979 5164 3327 5221; x_wconf 84' lang='lat' dir='ltr'>progressus</span> <span class='ocrx_word' id='word_1_882' title='bbox 3359 5153 3468 5213; x_wconf 90' lang='lat' dir='ltr'>est,</span> <span class='ocrx_word' id='word_1_883' title='bbox 3503 5151 3558 5201; x_wconf 92' lang='lat' dir='ltr'>et</span> <span class='ocrx_word' id='word_1_884' title='bbox 3590 5144 3670 5199; x_wconf 89' lang='lat' dir='ltr'>si-</span> 
     </span>
    </p>
   </div>
   <div class='ocr_carea' id='block_1_114' title="bbox 2015 5235 3672 5307">
    <p class='ocr_par' dir='ltr' id='par_1_114' title="bbox 2015 5235 3672 5307">
     <span class='ocr_line' id='line_1_114' title="bbox 2015 5235 3672 5307; baseline 0.001 -18"><span class='ocrx_word' id='word_1_885' title='bbox 2015 5251 2265 5307; x_wconf 86' lang='lat' dir='ltr'>gnorum</span> <span class='ocrx_word' id='word_1_886' title='bbox 2289 5235 2418 5306; x_wconf 85' lang='lat' dir='ltr'>ejus</span> <span class='ocrx_word' id='word_1_887' title='bbox 2439 5236 2713 5290; x_wconf 91' lang='lat' dir='ltr'>meminit</span> <span class='ocrx_word' id='word_1_888' title='bbox 2731 5253 2797 5293; x_wconf 91' lang='lat' dir='ltr'>ac</span> <span class='ocrx_word' id='word_1_889' title='bbox 2817 5239 3672 5306; x_wconf 85' lang='lat' dir='ltr'>resurrectionis,consequen-</span> 
     </span>
    </p>
   </div>
   <div class='ocr_carea' id='block_1_115' title="bbox 2018 5324 3666 5398">
    <p class='ocr_par' dir='ltr' id='par_1_115' title="bbox 2018 5324 3666 5398">
     <span class='ocr_line' id='line_1_115' title="bbox 2018 5324 3666 5398; baseline 0 -20"><span class='ocrx_word' id='word_1_890' title='bbox 2018 5329 2107 5378; x_wconf 92' lang='lat' dir='ltr'>ter</span> <span class='ocrx_word' id='word_1_891' title='bbox 2137 5324 2312 5379; x_wconf 90' lang='lat' dir='ltr'>etiam</span> <span class='ocrx_word' id='word_1_892' title='bbox 2340 5324 2524 5391; x_wconf 88' lang='lat' dir='ltr'>addit,</span> <span class='ocrx_word' id='word_1_893' title='bbox 2550 5349 2576 5375; x_wconf 78' lang='grc' dir='ltr'>«ι</span> <span class='ocrx_word' id='word_1_894' title='bbox 2601 5327 2837 5381; x_wconf 72' lang='lat' dir='ltr'>Effudit.</span> <span class='ocrx_word' id='word_1_895' title='bbox 2861 5350 2888 5377; x_wconf 69' lang='grc' dir='ltr'>υ</span> <span class='ocrx_word' id='word_1_896' title='bbox 2915 5327 3215 5398; x_wconf 89' lang='lat' dir='ltr'>Siquidem</span> <span class='ocrx_word' id='word_1_897' title='bbox 3241 5327 3400 5382; x_wconf 89' lang='lat' dir='ltr'>circa</span> <span class='ocrx_word' id='word_1_898' title='bbox 3431 5325 3666 5380; x_wconf 89' lang='lat' dir='ltr'>initium</span> 
     </span>
    </p>
   </div>
   <div class='ocr_carea' id='block_1_116' title="bbox 2015 5414 3672 5488">
    <p class='ocr_par' dir='ltr' id='par_1_116' title="bbox 2015 5414 3672 5488">
     <span class='ocr_line' id='line_1_116' title="bbox 2015 5414 3672 5488; baseline 0.001 -20"><span class='ocrx_word' id='word_1_899' title='bbox 2015 5414 2246 5468; x_wconf 87' lang='lat' dir='ltr'>Patrem</span> <span class='ocrx_word' id='word_1_900' title='bbox 2281 5414 2537 5483; x_wconf 88' lang='lat' dir='ltr'>dicebat,</span> <span class='ocrx_word' id='word_1_901' title='bbox 2575 5433 2695 5471; x_wconf 89' lang='lat' dir='ltr'>non</span> <span class='ocrx_word' id='word_1_902' title='bbox 2724 5417 3019 5472; x_wconf 85' lang='lat' dir='ltr'>Christum</span> <span class='ocrx_word' id='word_1_903' title='bbox 3053 5418 3163 5472; x_wconf 89' lang='lat' dir='ltr'>hoc</span> <span class='ocrx_word' id='word_1_904' title='bbox 3194 5417 3536 5488; x_wconf 87' lang='lat' dir='ltr'>promisisse</span> <span class='ocrx_word' id='word_1_905' title='bbox 3564 5432 3672 5486; x_wconf 88' lang='lat' dir='ltr'>per</span> 
     </span>
    </p>
   </div>
   <div class='ocr_carea' id='block_1_117' title="bbox 2011 5503 3668 5578">
    <p class='ocr_par' dir='ltr' id='par_1_117' title="bbox 2011 5503 3668 5578">
     <span class='ocr_line' id='line_1_117' title="bbox 2011 5503 3668 5578; baseline 0.001 -22"><span class='ocrx_word' id='word_1_906' title='bbox 2011 5503 2135 5558; x_wconf 86' lang='lat' dir='ltr'>Joel</span> <span class='ocrx_word' id='word_1_907' title='bbox 2166 5505 2538 5575; x_wconf 88' lang='lat' dir='ltr'>prophetam.</span> <span class='ocrx_word' id='word_1_908' title='bbox 2574 5507 2892 5578; x_wconf 89' lang='lat' dir='ltr'>Postquam</span> <span class='ocrx_word' id='word_1_909' title='bbox 2944 5513 3141 5562; x_wconf 88' lang='lat' dir='ltr'>autem</span> <span class='ocrx_word' id='word_1_910' title='bbox 3177 5505 3668 5562; x_wconf 86' lang='lat' dir='ltr'>admirandorum</span> 
     </span>
    </p>
   </div>
   <div class='ocr_carea' id='block_1_118' title="bbox 2012 5594 3672 5667">
    <p class='ocr_par' dir='ltr' id='par_1_118' title="bbox 2012 5594 3672 5667">
     <span class='ocr_line' id='line_1_118' title="bbox 2012 5594 3672 5667; baseline -0.004 -17"><span class='ocrx_word' id='word_1_911' title='bbox 2012 5594 2289 5650; x_wconf 86' lang='lat' dir='ltr'>meminit</span> <span class='ocrx_word' id='word_1_912' title='bbox 2319 5612 2450 5667; x_wconf 67' lang='lat' dir='ltr'>quas</span> <span class='ocrx_word' id='word_1_913' title='bbox 2478 5597 2635 5652; x_wconf 86' lang='lat' dir='ltr'>circa</span> <span class='ocrx_word' id='word_1_914' title='bbox 2663 5597 2961 5653; x_wconf 89' lang='lat' dir='ltr'>Christum</span> <span class='ocrx_word' id='word_1_915' title='bbox 2992 5597 3146 5654; x_wconf 85' lang='lat' dir='ltr'>facta</span> <span class='ocrx_word' id='word_1_916' title='bbox 3187 5604 3344 5664; x_wconf 89' lang='lat' dir='ltr'>sunt,</span> <span class='ocrx_word' id='word_1_917' title='bbox 3383 5597 3672 5653; x_wconf 85' lang='lat' dir='ltr'>audenter</span> 
     </span>
    </p>
   </div>
   <div class='ocr_carea' id='block_1_119' title="bbox 3312 5838 3343 5892">
    <p class='ocr_par' dir='ltr' id='par_1_119' title="bbox 3312 5838 3343 5892">
     <span class='ocr_line' id='line_1_119' title="bbox 3312 5838 3343 5892; baseline 0.194 -6"><span class='ocrx_word' id='word_1_918' title='bbox 3312 5838 3343 5892; x_wconf 77' lang='lat'><strong><em>3</em></strong></span> 
     </span>
    </p>
   </div>
  </div>
