4134 6196
476 358 552 416 75
1593 349 1989 415 GCUMENI
2035 349 2342 412 TRlCCIE
2387 346 2760 413 EPISCOPI.
3808 351 3892 412 το

442 491 594 564 -jam
627 489 772 545 dicit
801 487 994 559 ipsum
1020 486 1320 541 effudisse.
1349 487 1547 558 Itaque
1573 502 1692 540 non
1724 485 1796 540 de
1828 486 1999 541 Patre
2031 485 2100 540 dii

2236 478 2338 552 ἤδη
2371 482 2534 536 αὐτόν
2565 502 2727 561 φησιν
2784 480 2993 561 ἐκχέαι.
3053 487 3210 538 Ὥστε
3259 480 3322 537 οὐ
3362 479 3491 555 περὶ
3520 483 3620 536 τοῦ
3653 482 3886 554 [ἰατρὸς.

473 581 644 636 cebat
662 579 781 634 Joel
814 594 874 631 :«
897 577 1228 643 Effundam,
1256 600 1283 626 ››
1310 577 1410 632 sed
1433 576 1504 631 de
1528 575 1780 631 Christo.
1805 600 1829 626 ‹‹
1864 575 2118 630 Promis-

474 667 890 738 sione,inquit,
916 673 1204 738 accepta»
1240 683 1274 722 a
1308 667 1509 722 Patre:
1540 667 1631 722 vel
1660 683 1775 738 qua
1801 667 1926 736 ipse
1951 665 2121 720 nobis

472 757 781 828 discipulis
811 757 1104 827 promisit,
1129 757 1366 811 dicens:
1399 777 1419 802 α
1444 758 1510 810 Et
1543 756 1725 811 alium
1752 756 2119 810 Paracletum

472 848 703 903 mittam
736 845 900 902 vobis
923 846 968 881 ³³
995 867 1008 912 ;
1065 870 1091 896 ››
1125 847 1213 901 vel
1246 864 1363 918 qua
1393 849 1564 901 Pater
1614 853 1750 901 ante
1781 845 2119 918 passionem

470 937 581 1008 ipsi
616 938 889 1009 promisit
918 955 1054 992 cum
1113 939 1227 992 ait:
1289 964 1306 984 α
1346 939 1414 991 Et
1442 936 1762 1009 glorificavi
1796 942 1854 990 et
1885 953 2117 992 rursum

467 1028 809 1098 glorificabo
835 1029 899 1084 ⁸⁸.
928 1052 954 1078 ››
979 1029 1439 1083 Promissionem
1473 1044 1608 1082 vero
1639 1027 1797 1082 Patri
1829 1028 2116 1098 attribuit,

470 1136 807 1175 sermonem
840 1125 1262 1192 attemperans,
1287 1125 1351 1174 ut
1380 1119 1612 1174 facilius
1644 1119 1714 1175 ab
1747 1118 2117 1175 auditoribus

470 1210 1230 1281 suscipiatur.Qu:ecunque
1258 1210 1418 1264 enim
1441 1209 1656 1263 dixerit
1676 1208 2114 1280 quispiam,nisi

467 1298 540 1353 ad
574 1299 632 1353 id
664 1300 820 1370 quod
846 1299 990 1354 utile
1019 1306 1107 1355 est
1129 1299 1429 1366 direxerit,
1462 1299 1681 1354 frustra
1702 1305 1760 1354 et
1783 1316 1928 1355 vane
1950 1299 2112 1354 dicit.

469 1387 740 1443 Ostendit
769 1406 904 1459 ergo
928 1388 1084 1459 quod
1110 1389 1301 1460 ipsum
1336 1405 1478 1443 crux
1509 1405 1630 1443 non
1664 1389 1838 1444 modo
1870 1405 1990 1443 non
2023 1388 2112 1444 di—

469 1480 701 1543 minuit,
735 1496 934 1533 verum
971 1480 1146 1533 etiam
1181 1479 1493 1534 clariorem
1531 1479 1804 1534 reddidit.
1839 1480 1937 1534 σιτ
1971 1481 2114 1534 Nam

469 1569 624 1640 quod
657 1586 762 1639 per
788 1570 1074 1624 Joannem
1129 1570 1447 1640 Baptistam
1502 1571 1676 1624 etiam
1711 1575 1847 1624 ante
1879 1587 2114 1625 crucem

466 1659 738 1729 promisit
796 1660 986 1728 Pater,
1044 1675 1292 1730 nempe:
1359 1683 1379 1707 α
1447 1660 1575 1731 lpse
1634 1677 1734 1714 vos
1801 1659 2117 1730 baptizabit

466 1747 685 1817 Spiritu
717 1753 919 1803 sancto
952 1755 1011 1802 et
1041 1749 1159 1820 igni
1189 1748 1252 1815 ³⁸,
1291 1773 1310 1796 ι
1349 1748 1459 1803 hoc
1491 1754 1624 1820 post
1654 1765 1889 1804 crucem
1929 1749 2110 1806 dedit.

535 1929 606 1996 Il,
641 1929 826 1982 34-36.
862 1951 888 1976 ‹‹
919 1928 1029 1982 Sed
1084 1927 1224 1982 dicit
1282 1928 1406 1999 ipse
1443 1945 1456 1983 :
1503 1929 1658 1984 Dixit
1687 1930 1972 1985 Dominus
2003 1932 2113 1986 Do-

470 2038 496 2067 ‹‹
528 2017 690 2071 mino
723 2033 874 2072 meo.
908 2016 1046 2072 sede
1092 2034 1124 2072 a
1169 2016 1391 2071 dextris
1438 2018 1606 2079 meis,
1641 2018 1829 2074 donec
1862 2037 2113 2091 posuero

466 2129 492 2155 «
527 2105 800 2160 inimicos
832 2112 964 2161 tuos
995 2105 1321 2161 scabellum
1379 2107 1596 2178 pedum
1659 2115 1914 2164 tuorum.
1947 2114 2113 2166 Certo

459 2219 485 2246 «
521 2197 667 2252 sciat
694 2213 830 2265 ergo
861 2197 1133 2251 universa
1161 2196 1372 2253 domus
1399 2197 1579 2252 Israel
1605 2199 1762 2269 quod
1795 2201 2112 2256 Dominum

459 2309 487 2336 «
520 2303 588 2341 ac
618 2286 916 2340 Christum
974 2287 1114 2341 fecit
1170 2286 1324 2342 Deus
1383 2286 1541 2343 hunc
1572 2289 1769 2345 Jesum
1804 2306 1980 2361 quem
2013 2309 2112 2346 vos

458 2399 485 2424 «
519 2375 916 2430 crucifixistis.
945 2399 972 2425 »

528 2465 654 2520 Jam
687 2482 808 2520 non
840 2483 973 2521 cum
1009 2466 1412 2522 submissione
1445 2466 1727 2539 loquitur.
1749 2471 1892 2524 Nam
1917 2486 1985 2525 ex
2018 2471 2110 2526 his

460 2572 590 2626 quas
623 2556 778 2610 dicta
810 2562 949 2610 sunt
977 2557 1230 2627 sumpsit
1277 2557 1607 2613 audaciam.
1643 2558 1754 2612 Sed
1798 2559 1939 2629 quid
1983 2560 2110 2615 ait?

459 2645 622 2709 Quod
655 2645 829 2700 David
863 2646 1039 2700 dicit:
1069 2672 1087 2692 -
1118 2647 1272 2700 Dixit
1295 2647 1580 2701 Dominus
1606 2649 1852 2702 Domino
1878 2666 2009 2704 meo
2039 2668 2051 2705 :
2080 2673 2106 2699 »

461 2741 518 2789 et
548 2735 672 2812 ipso
702 2735 880 2789 David
904 2736 1392 2790 excellentiorum
1423 2737 1612 2808 ipsem
1636 2738 1913 2792 ostendit.
1943 2739 2108 2804 Quod

458 2824 505 2878 si
535 2823 710 2878 David
747 2830 909 2878 vocat
941 2824 1132 2894 ipsum
1188 2825 1503 2878 Dominum
1561 2825 1745 2880 multo
1779 2827 1963 2899 magis
1994 2828 2105 2898 ipsi

456 2929 574 2966 non
607 2919 905 2983 respuent.
942 2913 1234 2967 Timorem
1287 2930 1520 2984 quoque
1555 2914 1672 2968 illis
1704 2915 1973 2971 immittit
2002 2917 2108 2972 ad-

449 3001 642 3057 dens:
679 3024 704 3048 ‹‹
741 3002 936 3056 Donec
967 3019 1218 3073 posuero
1252 3002 1524 3057 inimicos
1552 3011 1702 3059 tuos.
1733 3028 1751 3051 -
1791 3006 1859 3058 Et
1889 3022 1962 3059 ne
1995 3007 2105 3060 sibi

456 3091 603 3145 fides
633 3107 751 3144 non
785 3091 1091 3150 habeatur.
1145 3090 1572 3160 subiectionem
1628 3093 1779 3148 Patri
1814 3093 2102 3151 attribuit.

455 3177 566 3232 Sed
595 3180 906 3251 magniﬁca
940 3181 1064 3234 hmo
1094 3197 1298 3236 rursus
1320 3181 1391 3235 ad
1424 3181 1479 3235 id
1515 3181 1673 3252 quod
1706 3184 1990 3238 humilius
2015 3190 2104 3238 est

455 3265 953 3331 reducit,dicens:
990 3291 1014 3315 α
1041 3269 1209 3322 Certo
1234 3285 1369 3340 ergo
1413 3271 1559 3324 sciat
1587 3273 1897 3328 universus
1920 3275 2101 3329 Israel

454 3353 610 3425 quod
644 3361 702 3408 et
734 3355 1045 3409 Dominum
1083 3363 1141 3408 et
1168 3357 1463 3412 Christum
1509 3359 1647 3413 fecit
1678 3361 1829 3414 Deus
1863 3362 2036 3416 hunc.
2075 3386 2102 3412 ››

453 3442 634 3500 Fecit.
659 3442 768 3498 hoc
792 3451 880 3497 est
903 3444 1196 3498 ordinavit
1225 3461 1293 3499 ac
1323 3447 1650 3509 constituit,
1676 3449 1777 3502 sed
1799 3467 1919 3504 non
1944 3452 2101 3521 quod

453 3531 644 3602 ipsam
676 3531 884 3586 fecerit
921 3533 1335 3587 substantiam.
1370 3534 1694 3590 Sublimius
1723 3545 1920 3592 autem
1953 3557 2102 3609 quo-

453 3620 770 3676 dammodo
793 3622 1040 3676 dixisset
1069 3623 1140 3677 de
1173 3623 1404 3678 Christo
1432 3630 1490 3678 et
1512 3625 1700 3697 magis
1725 3643 2100 3699 consequens

453 3709 526 3764 ad
558 3726 626 3766 ea
657 3728 788 3782 qua)
820 3719 1284 3783 prmccsserant:
1318 3715 1487 3770 Certo
1520 3731 1655 3788 ergo
1688 3716 1835 3771 sciat
1865 3719 2097 3774 univer-

452 3816 551 3855 sus
580 3800 762 3856 Israel
795 3801 953 3872 quod
984 3817 1017 3856 a
1047 3802 1267 3857 dextris
1298 3803 1488 3858 Patris
1517 3804 1702 3862 sedet.

518 3891 589 3954 Il,
622 3892 712 3954 37,
743 3893 829 3946 38.
867 3914 893 3940 «
929 3892 1026 3945 His
1061 3898 1257 3947 autem
1291 3892 1529 3959 auditis,
1584 3898 1923 3966 compuncti
1957 3906 2096 3954 sunt

449 4003 476 4027 (ι
509 3978 706 4044 corde,
722 3981 1114 4051 dixeruntque
1132 3980 1206 4035 ad
1224 3983 1462 4036 Petrum
1486 4000 1552 4038 ac
1573 3984 1837 4056 reliquos
1859 3994 2090 4058 aposto-

447 4088 474 4115 ‹‹
509 4067 637 4123 los:
671 4069 820 4133 Quid
851 4069 1157 4138 faciemus,
1202 4069 1310 4124 viri
1362 4070 1572 4127 fratres
1594 4072 1622 4126 ?
1660 4073 1863 4129 Petrus
1893 4082 2090 4132 autem

442 4177 470 4205 (ι
504 4155 653 4211 dixit
681 4157 755 4212 ad
784 4175 904 4214 eos.
943 4181 970 4207 ››

510 4247 588 4301 Ex
613 4264 680 4302 eo
707 4248 863 4318 quod
888 4263 1019 4302 cum
1045 4248 1409 4322 benignitate
1433 4253 1780 4308 concionem
1806 4260 2086 4312 tractave-

2235 565 2417 648 ἔλεγεν
2449 571 2616 642 Ἰωηλ
2646 573 2730 640 τὸ,
2765 597 2792 624 ί(
2829 574 3066 648 Ἐκχεῶ.
3101 596 3128 625 »ι
3162 570 3309 628 ἀλλᾶ
3338 572 3462 647 περὶ
3496 576 3589 627 τοῦ
3626 575 3884 647 Χριστοῦ.

2231 685 2258 710 ‹‹
2293 662 2402 729 Την
2436 660 2762 737 ἐπαγγελίαν
2824 659 2882 716 δὲ
2933 658 3146 732 λαϐὼν,
3181 687 3210 714 ι»
3271 663 3426 742 φησὶ,
3469 662 3614 738 παρὰ
3644 666 3742 717 τοῦ
3773 667 3884 717 Πα-

2231 749 2379 824 τρὸς,
2479 751 2540 819 ἣν
2584 750 2745 812 αὐτὸς
2799 753 2933 825 ἡμῖν
2982 757 3100 814 τοῖς
3163 755 3431 825 μαθηταῖς
3485 749 3881 830 ἐπηγγείλατο,

2227 840 2312 908 τὸ,
2372 863 2399 892 α
2435 840 2540 897 Καὶ
2597 839 2771 896 ἄλλον
2828 840 3187 917 Παράκλητον
3243 840 3430 916 πέμψυ
3466 841 3618 916 ὑμῖν,
3655 865 3682 892 n
3730 841 3765 912 ἢ
3815 839 3882 909 ἦν

2227 931 2415 1001 Πατὴρ
2448 932 2552 1002 πρὸ
2608 937 2706 988 τοῦ
2766 934 2970 994 πάθους
3025 933 3173 1004 αὐτῷ
3206 930 3606 1010 ἐπηγγείλατο,
3639 930 3728 988 διὰ
3759 935 3877 998 τοῦ,

2227 1044 2254 1072 ‹‹
2290 1021 2392 1076 Καὶ
2452 1019 2676 1091 ἐδόξασα
2732 1021 2823 1077 καὶ
2875 1021 3039 1078 πάλιν
3093 1019 3327 1093 δοξάσω.
3382 1045 3410 1073 ››
3453 1027 3540 1094 Τῷ
3597 1023 3765 1096 Πατρὶ
3819 1019 3878 1077 δὲ

2225 1109 2504 1180 ἀνατίθησι
2581 1113 2681 1181 τὴν
2765 1109 3120 1188 έπαγγελίαν,
3182 1111 3482 1182 συσκιάζων
3548 1112 3640 1168 τὸν
3701 1108 3875 1186 λόγον

2224 1199 2360 1273 πρὸς
2418 1201 2479 1255 τὸ
2536 1198 2933 1273 εὐπαράδεκτον
2993 1206 3101 1256 τῶν
3155 1201 3458 1274 ἀκροατῶν.
3510 1202 3646 1259 Ὃσα
3677 1201 3781 1278 γὰρ
3813 1199 3874 1256 ἂν

2225 1287 2352 1363 εἷ’πῃ
2383 1311 2487 1358 τις,
2547 1290 2594 1345 εἴ
2654 1292 2729 1364 μὴ
2780 1291 2916 1366 πρὸς
2963 1291 3027 1345 τὸ
3077 1290 3353 1369 συμφέρον
3382 1289 3721 1361 τελευτήσει,
3754 1289 3872 1360 είκῆ

2223 1379 2315 1434 καὶ
2369 1380 2544 1452 μάτην
2595 1378 2768 1457 λέγει.
2816 1380 3090 1436 Δείκνυσιν
3153 1379 3244 1434 οῦν
3302 1381 3386 1436 ὅτι
3444 1381 3473 1434 6
3530 1380 3760 1454 σταυρὸς
3810 1380 3874 1435 οὐ

2229 1473 2390 1542 μόνον
2420 1469 2579 1525 αὐτὸν
2625 1470 2723 1525 οὐκ
2771 1469 3106 1540 ἠλάττωσεν,
3161 1468 3308 1526 ἀλλὰ
3361 1471 3450 1525 καὶ
3485 1467 3872 1546 λαμπρότερον

2225 1559 2532 1634 εἰργάσατο.
2564 1561 2631 1618 Ὃ
2663 1560 2766 1636 γὰρ
2807 1560 2895 1615 καὶ
2955 1557 3044 1614 διὰ
3103 1564 3200 1616 τοῦ
3259 1560 3507 1618 Ἰωάννου
3536 1565 3632 1616 τοῦ
3665 1563 3874 1618 Βαπτι-

2225 1654 2354 1704 στοῦ
2413 1649 2518 1725 πρὸ
2574 1655 2672 1705 τοῦ
2732 1655 2965 1725 σταυροῦ
3023 1649 3396 1728 ἐπηγγείλατο
3449 1651 3478 1704 6
3517 1650 3730 1725 Πατὴρ,
3788 1650 3874 1721 τὸ,

2225 1763 2252 1790 ‹‹
2283 1739 2458 1800 Αὐτὸς
2492 1740 2631 1811 ὑμᾶς
2668 1739 2915 1815 βαπτίσει
2964 1739 3015 1795 ἐν
3061 1740 3330 1814 Πνεύματι
3361 1738 3504 1818 ἁγίῳ
3531 1740 3624 1795 καὶ
3653 1739 3806 1814 πυρὶ,
3845 1763 3874 1792 ››

2148 1855 2192 1918 Β
2222 1833 2383 1884 τοῦτο
2414 1831 2546 1903 μετὰ
2578 1831 2669 1885 τὸν
2701 1831 2929 1906 σταυρὸν
2963 1826 3183 1886 ἔδωκεν.

2294 1943 2322 1970 ‹‹
2357 1927 2514 1993 Λεγει
2563 1917 2621 1974 δὲ
2668 1919 2856 1980 αὐτός·
2923 1919 3086 1974 Εἶπεν
3116 1920 3144 1974 6
3176 1918 3377 1991 Κύριος
3410 1922 3490 1991 τῷ
3533 1919 3712 1992 Κυρίῳ
3747 1941 3874 1992 μου,

2219 2033 2249 2061 «
2287 2009 2464 2072 Κάθου
2497 2008 2555 2064 ἐκ
2586 2006 2771 2081 δεξιῶν
2804 2029 2929 2081 μου,
2977 2006 3084 2068 ’ἕως
3135 2007 3196 2062 ἃν
3247 2011 3328 2064 θῶ
3357 2009 3484 2070 τοὺς
3515 2007 3748 2084 ἐχθρούς
3780 2029 3875 2064 σου

2223 2122 2247 2152 ε
2283 2096 2579 2154 ὑποπόδιον
2636 2104 2743 2154 τῶν
2794 2097 2978 2154 ποδῶν
3036 2119 3154 2154 σου.
3216 2099 3509 2176 Ἀσφαλῶς
3567 2095 3659 2154 οῦν
3706 2121 3874 2174 γινω-

2221 2212 2248 2239 ‹‹
2283 2187 2453 2244 σκέτω
2485 2195 2588 2250 πᾶς
2633 2189 2784 2250 οἶκος
2838 2188 3082 2262 Ἰσραὴλ,
3148 2187 3232 2242 ὅτι
3263 2187 3456 2262 Κύριον
3505 2189 3594 2243 καὶ
3627 2189 3873 2264 Χρνστὸν

2222 2301 2246 2332 α
2280 2278 2444 2334 αὐτὸν
2494 2280 2521 2333 6
2580 2279 2706 2340 Θεὸς
2767 2276 2991 2348 ἐποίησε
3045 2281 3235 2333 τοῦτον
3267 2279 3358 2334 τὸν
3391 2279 3600 2348 Ἰησοῦν
3629 2277 3686 2334 ὅν
3717 2278 3873 2353 ὑμεῖς

2223 2393 2242 2419 σι
2280 2368 2668 2442 ἐσταυρώσατε.
2707 2390 2731 2422 ε

2287 2457 2402 2515 Οὐκ
2432 2455 2509 2513 ἔτι
2543 2459 2655 2532 μεθ⁷
2693 2458 3004 2528 ὑποστολῆς
3040 2456 3211 2534 λέγει.
3271 2459 3429 2532 Ἔχει
3482 2457 3587 2533 γὰρ
3616 2456 3724 2513 ἀπὸ
3756 2455 3867 2513 τῶν

2216 2546 2516 2621 εἰρημένων
2545 2548 2763 2620 θάρσος.
2797 2545 2970 2605 Ἀλλὰ
3017 2545 3072 2603 τί
3120 2567 3322 2626 «py-civ;
3380 2546 3465 2604 ὅτι
3497 2545 3660 2603 Δαυῗδ
3694 2549 3865 2622 λέγει·

2216 2661 2243 2686 ‹‹
2275 2637 2437 2693 Εἶπεν
2489 2637 2517 2691 ὁ
2577 2637 2776 2707 Κύριος
2833 2641 2912 2709 τῷ
2971 2636 3153 2713 Κυρίῳ
3193 2658 3320 2710 μου,
3367 2661 3396 2690 ››
3442 2638 3532 2693 καὶ
3567 2641 3666 2694 τοῦ
3701 2633 3867 2692 Δαυ³ιδ

2217 2723 2555 2800 ὑψηλότερον
2608 2726 2769 2782 αὐτὸν
2827 2725 3141 2807 ἀποφαίνει.
3204 2726 3268 2784 Ei
3326 2724 3386 2782 δὶ
3443 2725 3605 2782 Δαυῒδ
3665 2725 3864 2802 Κύριον

2213 2815 2375 2870 αὐτὸν
2405 2813 2584 2882 καλεῖ,
2617 2813 2816 2888 πολλῷ
2851 2820 3066 2889 μᾶλλον
3103 2815 3260 2872 αὐτοί
3315 2815 3414 2871 οὐκ
3466 2814 3866 2887 ἆπαξιώσουσι.

2215 2904 2317 2960 Καὶ
2348 2901 2518 2980 φόϐον
2582 2902 2640 2959 δὲ
2692 2903 2972 2976 ἐφίστησιν
3021 2905 3209 2967 αὐτοῖς
3268 2902 3358 2960 διὰ
3408 2909 3528 2972 τοῦ,
3562 2931 3589 2957 «ι
3628 2908 3770 2968 Ἐως
3804 2905 3864 2960 ἃν

2211 2999 2289 3052 θῶ
2320 2997 2448 3061 τοὺς
2491 2997 2724 3072 ἐχθρούς
2779 3020 2896 3057 σου.
2928 3020 2955 3051 ο
3012 2999 3116 3056 Καὶ
3171 2996 3267 3053 ’ίνα
3325 2999 3402 3071 μή
3434 2997 3751 3068 ἀπιστῆται,
3785 3003 3864 3071 τῷ

2215 3088 2382 3162 Πατρὶ
2439 3089 2538 3156 τήν
2597 3086 2849 3158 ὑπόταξιν
2906 3087 3241 3158 ἀνατίθησιν.
3296 3085 3475 3145 Ἀλλά
3529 3088 3598 3144 τὰ
3656 3085 3868 3162 μεγάλα

2212 3180 2380 3232 ταῦτα
2410 3177 2575 3233 πάλιν
2609 3176 2695 3233 ἐπὶ
2736 3178 2798 3232 τὸ
2845 3178 3222 3250 ταπεινότερον
3251 3179 3496 3255 κατάγει,
3531 3200 3561 3230 α
3594 3173 3870 3254 Ἀκριϐῶς

2158 3269 2173 3286 ι
2216 3267 2303 3292 -Τ’-.
2391 3265 2556 3292 -!__‘,__
2640 3265 2945 3292 --,,..___1_,_
3013 3271 3111 3292 _2-
3165 3265 3379 3292 n-----!\
3475 3268 3549 3292 ι’.Δ
3608 3266 3695 3292 un!
3758 3266 3831 3292 lt!

2212 3267 2328 3336 οῦν,
2389 3265 2578 3336 εἰπὼν,
2638 3265 2952 3341 γινωσκέτω
3008 3271 3111 3330 πᾶς
3165 3265 3412 3343 Ἰσραὴλ,
3470 3268 3553 3323 δτι
3608 3266 3698 3322 καὶ
3757 3266 3867 3324 Κύ-

2211 3377 2326 3430 ριον
2355 3356 2443 3410 καὶ
2478 3357 2711 3430 Χριστὸν
2744 3357 2773 3412 6
2805 3357 2932 3418 Θεὸς
2962 3357 3122 3412 αὐτὸν
3163 3354 3405 3428 ἐποίησε.
3439 3379 3467 3408 η
3502 3356 3604 3426 Τὸ,
3637 3355 3868 3426 Ἐποίη-

2210 3467 2314 3510 σεν,
2347 3444 2464 3500 ἀντὶ
2523 3449 2619 3501 τοῦ
2676 3443 2930 3516 κατέταξε
2986 3445 3077 3500 καὶ
3132 3443 3450 3516 κατέστησε,
3501 3446 3697 3522 φήσας,
3729 3443 3868 3500 ἀλλ’

2209 3533 2337 3608 οὐχὶ
2371 3539 2489 3603 τοῦ,
2523 3533 2794 3590 οὐσίωνεν.
2829 3533 3196 3610 Ὑψηλότερον
3230 3532 3289 3590 δέ
3318 3556 3436 3597 πως
3470 3533 3528 3589 ἂν
3569 3535 3688 3590 εἶπε
3733 3534 3861 3610 περὶ

2206 3626 2462 3692 Χριστοῦ,
2496 3624 2587 3679 καὶ
2613 3630 2730 3687 τοῖς
2790 3624 3172 3700 προκειμένοις
3226 3622 3551 3681 ἀκόλουθον·
3585 3619 3860 3700 Ἀκριϐῶς

2205 3711 2298 3768 οῦν
2327 3711 2639 3786 γινωσκέτω
2691 3717 2796 3776 πᾶς
2822 3713 3076 3791 Ἰσραὴλ,
3134 3714 3219 3771 ὅτι
3275 3714 3336 3770 ἐκ
3386 3712 3570 3787 δεξιῶν
3605 3716 3701 3768 τοῦ
3733 3719 3860 3768 ηα-

2203 3803 2331 3873 τρὸς
2354 3801 2610 3873 κάθηται.

2275 3919 2301 3944 ‹‹
2335 3893 2688 3956 Ἀκούσαντες
2748 3890 2825 3962 δὲ,
2885 3894 3250 3968 κατενύγησαν
3304 3895 3373 3966 τῇ
3430 3889 3645 3967 καρδίᾳ,
3694 3891 3852 3946 εἶπόν

2201 4009 2228 4036 α
2259 4004 2316 4038 τε
2346 3984 2481 4058 πρὸς
2531 3986 2622 4039 τὸν
2655 3983 2854 4058 Πέτρον
2908 3983 3000 4040 καὶ
3054 3983 3184 4048 τοὺς
3220 3981 3449 4046 λοιποὺς
3479 3980 3844 4045 ἀποστόλους·

2204 4099 2224 4126 ι
2259 4075 2320 4129 Τί
2344 4077 2670 4149 ποιήσομεν,
2703 4071 2886 4150 ἄνδρες
2915 4071 3182 4156 ἆδελφοί;
3215 4073 3416 4150 Πέτρος
3448 4070 3505 4129 δὶ
3553 4065 3653 4153 ἕςρη
3706 4072 3846 4146 πρὸς

2203 4187 2224 4215 α
2258 4161 2470 4226 αὐτούς.
2509 4188 2537 4216 ››

2267 4253 2346 4309 Τὸ
2381 4253 2496 4326 μετ’
2548 4251 2838 4315 ἐπιεικείας
2901 4250 3382 4329 μεταχειρίσασθαι
3440 4252 3538 4322 τήν
3593 4248 3854 4324 δημηγο-

2195 4342 2336 4418 ρίαν,
2371 4342 2450 4406 εῗς
2499 4343 2780 4412 κατάνυξιν
2837 4341 3035 4404 αὐτοὺς
3086 4341 3282 4419 ἢγαγε.
3334 4343 3405 4399 Τὸ
3437 4337 3515 4411 δέ,
3546 4340 3855 4415 κατενύγη-

2194 4450 2305 4501 σαν,
2337 4430 2452 4486 ἀντὶ
2482 4435 2600 4500 τοῦ,
2629 4427 2971 4509 ἐπλήγησαν,
3003 4427 3199 4486 ἔπαθον
3247 4431 3346 4500 τήν
3393 4430 3604 4505 ψυχὴν,
3637 4427 3848 4483 έαυτῶν

2191 4519 2544 4594 κατέγνωσαν.
2606 4521 2701 4576 Διὸ
2751 4521 2841 4576 καὶ
2904 4524 3128 4591 ζητοῦσι
3184 4524 3282 4575 τοῦ
3321 4518 3490 4575 κακοῦ
3545 4519 3720 4586 Λύσιν,
3751 4517 3852 4571 καὶ

2191 4609 2547 4673 οῗκειωτικῶς
2598 4609 2795 4671 αὐτοὺς
2849 4607 3121 4688 ἀδελφοὺς
3171 4607 3455 4680 καλοῦσιν,
3499 4610 3590 4672 οὕς
3649 4612 3854 4686 πρώην

2186 4696 2503 4773 ἐχλεύαζον.
2537 4699 2653 4758 Οὐκ
2682 4699 2732 4771 ἐξ
2765 4699 3020 4771 ἰσότητος
3053 4698 3110 4755 δὲ
3157 4701 3243 4768 τὸ,
3271 4695 3525 4776 ἀδελφοὶ,
3557 4698 3732 4770 εἶπον,
3764 4701 3852 4764 ὠς

2184 4790 2611 4863 παρισαζόμενοι
2667 4788 2853 4850 αὐτοῖς
2923 4787 3011 4844 διὰ
3081 4797 3180 4859 τῆς
3241 4789 3505 4856 τοιαύτης
3560 4787 3854 4863 κλήσεως,

2189 4875 2317 4932 ἀλλ’
2374 4880 2508 4954 δερον
2567 4878 2701 4950 πρὸς
2759 4878 2956 4940 αὐτοὺς
3016 4877 3368 4951 ᾠκειώθησαν
3419 4875 3853 4952 ἐνδεικνύμενοι.

2190 4966 2287 5022 Καὶ
2343 4965 2528 5037 ἐπειδὴ
2583 4967 2672 5021 καὶ
2733 4973 2933 5032 Πέτρος
2963 4964 3274 5047 ἀρχόμενος
3308 4971 3406 5024 τοῦ
3437 4965 3611 5046 λόγου
3647 4966 3862 5024 ἐκάλε-

2187 5077 2270 5111 σεν
2303 5055 2498 5112 ἐκεῖθεν
2528 5056 2681 5132 εἶχον
2735 5058 2823 5112 καὶ
2883 5056 3043 5113 αὐτοὶ
3097 5062 3195 5114 τοῦ
3250 5057 3397 5113 οὕτω
3427 5054 3608 5114 κελεῖν
3638 5057 3858 5123 αὐτοὺς

2183 5145 2464 5224 ἀφορμήν-

2255 5260 2282 5287 ‹‹
2317 5235 2698 5306 Μετανοήσατε
2754 5235 2844 5290 καὶ
2905 5236 3260 5311 βαπτισθήτω
3299 5233 3524 5299 ἕκαστος
3564 5237 3717 5312 ὑμῶν
3750 5236 3860 5296 ἐπὶ

2184 5329 2318 5395 «τῷ
2349 5321 2575 5396 ὀνόματι
2638 5326 2818 5395 Ἰησοῦ
2875 5329 3115 5400 Χριστοῦ
3171 5331 3248 5389 εἰς
3305 5324 3490 5404 ἄφεσιν
3525 5327 3861 5404 ἁμαρτιῶν,

2181 5413 2330 5468 «καὶ
2391 5412 2630 5486 λήψεσθε
2685 5415 2785 5484 τήν
2850 5411 3053 5488 δωρεὰν
3112 5420 3210 5470 τοῦ
3272 5417 3427 5490 ἁγίου
3497 5416 3858 5490 Πνεύματος.

2179 5503 2391 5577 «Ὑμῖν
2452 5503 2553 5580 γαρ
2615 5503 2757 5560 ἐστιν
2823 5506 2856 5572 ἡ
2938 5503 3242 5579 ἐπαγγελία
3296 5506 3385 5561 καὶ
3443 5511 3562 5568 τοῖς
3616 5509 3859 5575 τέκνοις

2183 5617 2208 5650 ε
2246 5593 2420 5668 ὑμῶν,
2449 5593 2539 5649 καὶ
2587 5596 2717 5648 πᾶσι
2767 5599 2884 5654 τοῖς
2918 5592 2996 5656 εἷς
3030 5595 3266 5672 μακρὰν,
3301 5594 3462 5660 ὅσους
3495 5593 3555 5652 ἂν
3583 5615 3868 5675 aspecta-

437 4337 532 4405 rit,
565 4337 638 4392 ad
667 4340 1187 4410 compunctionem
1247 4357 1346 4396 eos
1403 4342 1666 4400 deduxit.
1708 4343 2085 4420 Κατενύγησαν

435 4442 591 4496 vero,
625 4427 736 4482 hoc
768 4435 875 4494 est,
911 4429 1174 4500 percussi
1209 4437 1385 4484 sunt:
1421 4439 1735 4487 senserunt
1763 4435 1921 4489 enim
1956 4435 2087 4490 ani-

435 4532 592 4571 mam
626 4534 756 4587 quae
788 4517 948 4590 ipsos
981 4517 1455 4574 condemnabat:
1504 4521 1634 4576 ideo
1666 4523 2082 4580 remissionem

437 4611 748 4672 quaerunt:
813 4611 870 4660 et
929 4611 1236 4661 mansuete
1297 4623 1396 4662 eos
1446 4607 1657 4663 fratres
1691 4617 1902 4666 vocant
1933 4629 2081 4682 quos

435 4690 601 4758 prius
625 4691 972 4750 irridebant.
999 4697 1121 4749 Non
1150 4695 1429 4750 dixerunt
1449 4702 1642 4750 autem
1665 4701 1889 4767 fratres,
1915 4702 2083 4771 quasi

433 4792 540 4844 per
571 4776 909 4846 huiusmodi
944 4785 1405 4854 appellationem
1429 4785 1887 4856 adaequarentur
1916 4789 2079 4860 ipsis,

433 4865 532 4918 sed
557 4876 836 4935 quantam
860 4888 994 4942 erga
1015 4873 1147 4928 illos
1169 4873 1628 4930 familiaritatem
1646 4877 2081 4934 contraxissent

432 4953 851 5012 ostendentes:
887 4966 944 5013 et
976 4963 1259 5030 quoniam
1292 4965 1499 5018 Petrus
1539 4981 1773 5035 quoque
1804 4966 1876 5020 ab
1908 4967 2076 5023 initio

434 5045 728 5098 sermonis
759 5045 839 5099 ita
871 5062 970 5101 eos
1002 5059 1324 5117 vocaverat,
1358 5053 1497 5108 inde
1547 5054 1846 5110 habebant
1874 5062 1933 5112 et
1964 5056 2076 5129 ipsi

428 5147 632 5187 ansam
665 5133 746 5188 ita
779 5151 878 5189 eos
908 5139 1269 5207 appellandi.

495 5221 566 5288 II,
600 5223 779 5279 3842.
806 5247 832 5273 ‹‹
861 5225 1206 5296 Resipiscite
1233 5236 1288 5282 et
1309 5229 1635 5300 baptizetur
1664 5235 2074 5307 unusquisque

429 5334 454 5358 α
487 5319 743 5368 vestrum
779 5314 834 5369 in
867 5318 1106 5371 nomine
1136 5318 1270 5372 Jesu
1302 5321 1515 5376 Christi
1556 5325 1627 5378 ad
1660 5327 2072 5381 remissionem

427 5423 454 5448 ‹‹
489 5411 863 5471 peccatorum
894 5422 906 5458 :
933 5412 989 5460 et
1015 5406 1317 5477 accipietis
1338 5409 1557 5466 donum
1585 5413 1836 5485 Spiritus
1859 5415 2067 5470 sancti.

427 5512 454 5539 ι(
488 5489 664 5545 Vobis
685 5494 840 5548 enim
867 5495 1020 5550 facta
1040 5503 1129 5551 est
1149 5499 1460 5568 promissio
1481 5504 1579 5559 28
1600 5512 1656 5558 et
1677 5507 1815 5562 ﬁliis
1835 5508 2063 5575 vestris,

424 5602 452 5631 «
477 5582 873 5657 omnibusque
895 5587 995 5660 qui
1020 5587 1194 5662 longe
1217 5590 1453 5663 absunt,
1477 5602 1859 5670 quotcunque
1890 5596 2062 5653 advo-

491 5706 538 5746 ⁸³
566 5709 734 5770 Joan.
765 5729 878 5786 xiv,
916 5716 1001 5772 t6.
1080 5714 1127 5752 ³⁴
1151 5717 1317 5776 Joan.
1349 5736 1448 5790 xu,
1482 5721 1570 5778 28.
1649 5722 1694 5759 ³⁸
1723 5721 1923 5779 Matth.
1957 5739 2040 5794 ιιι,
2076 5723 2163 5780 tt.

2111 4569 2158 4633 D
