4136 6200
58 70 72 90 Ι
89 70 112 89 r
135 75 146 86 ο
171 62 518 102 “ﬁt,

257 393 315 450 7'7
1172 379 1585 450 COMMENT.
1635 385 1714 448 lN
1762 385 1954 448 ACTA
2008 387 2617 453 APOSTOLORUM.
3544 401 3624 459 '18

268 519 509 590 κλέσηται
541 517 746 592 Κύριος
781 521 810 576 ὁ
841 513 970 582 Θεὸς
1019 513 1200 594 ἡμῶν.
1261 518 1502 595 Ἐτέροις
1559 539 1616 574 τε
1674 517 1864 593 λόγοις

1988 537 2010 568 ι
2043 515 2262 576 caverit
2310 521 2596 579 Dominus
2653 525 2808 581 Deus
2859 529 3080 584 noster.
3135 527 3401 602 Aliisque
3430 531 3623 592 verbis

262 608 498 664 «πλείοσι
532 607 924 686 διεμαρτῦρετο
983 609 1073 664 καὶ
1134 606 1452 684 παρεκάλει,
1510 607 1706 683 λέγωνῖ
1769 606 1875 662 Σώ-

263 727 285 754 ‹‹
313 713 418 769 θητε
441 700 548 755 ἀπὸ
579 707 680 768 τῆς
741 706 924 775 γενεᾶς
975 704 1072 765 τῆς
1129 699 1352 760 σκολιᾶς
1417 699 1642 769 ταύτης.
1676 699 1744 756 Οἱ
1779 696 1872 771 μὶν

261 791 384 844 «οὖν
410 789 655 861 ἁσμένως
687 787 1083 861 ἀποδεξάμενοι
1131 791 1222 844 τὸν
1279 787 1450 864 λόγον
1498 788 1690 857 αὐτοῦ,
1749 784 1874 841 €61-

301 880 600 946 πτῖσθησαν.
666 881 764 937 Καὶ
826 881 1225 956 προσετέθησαν
1274 883 1343 952 τῇ
1429 881 1613 954 ἡμέρᾳ
1698 877 1874 951 ἐκείνῃ

259 969 449 1048 attexui
487 968 615 1024 ὡσεὶ
656 966 992 1045 τρισχίλιαι.
1047 970 1219 1024 Ἦσαν
1280 965 1338 1023 δὲ
1394 970 1872 1042 προσκαρτεροῦν-

253 1087 274 1110 ιι
300 1080 372 1123 τες
395 1062 457 1132 τῇ
492 1057 696 1135 διδαχῇ
728 1064 838 1114 τῶν
871 1058 1222 1126 ἀποστόλων,
1251 1057 1342 1114 καὶ
1369 1061 1438 1123 τῆ
1473 1057 1754 1129 κοινωνίᾳ,
1780 1055 1870 1110 καὶ

253 1175 274 1200 ιι
300 1151 356 1222 τῇ
392 1147 575 1203 κλάσει
603 1153 701 1204 τοῦ
727 1146 920 1224 Sig-:06,
948 1150 1035 1204 καὶ
1073 1153 1194 1211 ταῖς
1226 1152 1583 1223 προσευχαῖς.
1617 1170 1646 1198 ››

300 1327 378 1389 Ὧς
403 1326 614 1382 πάντων
647 1327 824 1401 στόμα
849 1331 958 1382 τῶν
1025 1326 1350 1383 ἀποστόλων
1391 1319 1867 1402 προϐεϐλημένος,

245 1416 372 1493 φησί,
402 1419 780 1488 Μετανοήσατε
808 1418 894 1472 καὶ
962 1417 1340 1492 βαπτισθήτω,
1391 1413 1479 1482 οὐ,
1521 1412 1866 1483 Πιστεόσατε,

246 1504 386 1577 ἀλλὰ,
416 1529 438 1560 ι
472 1507 857 1576 Βαπτισθήτω,
895 1528 918 1559 ι
953 1510 1121 1561 Τοῦτο
1154 1503 1259 1582 γὰρ
1291 1506 1318 1559 ὁ
1350 1501 1605 1576 θεμέλιος
1647 1507 1754 1558 τῶν
1791 1501 1868 1565 εἷς

241 1597 447 1671 Χριστὸν
476 1597 864 1652 πιστευόντων.
917 1600 1087 1652 Τοῦτο
1147 1595 1240 1651 οὗν
1296 1600 1511 1669 πρῶτον
1566 1593 1729 1666 ἀξιοῖ,
1775 1594 1865 1648 καὶ

245 1686 358 1756 μετὰ
383 1689 538 1740 τοῦτο
572 1684 758 1761 ἐπάγει
788 1685 850 1740 τὸ
881 1686 1020 1761 πρὸς
1051 1689 1132 1757 τῷ
1183 1681 1428 1758 θεμελίῳ
1473 1681 1659 1753 τέλος,
1707 1705 1735 1734 ιι
1764 1682 1864 1751 τήν

239 1770 419 1849 δωρεὰν
451 1772 630 1849 λέγων
659 1779 758 1828 τοῦ
815 1774 968 1849 ἁγίου
1022 1773 1354 1848 Πνεόματος,
1393 1798 1412 1824 ι
1453 1771 1528 1834 ὡς
1561 1769 1650 1827 διὰ
1699 1771 1864 1844 μέσου

1989 609 2325 680 «plurimis
2384 613 2812 670 testificabatur
2867 623 2926 670 et
3009 617 3431 676 exhortabatur
3505 638 3627 690 eos,

1990 697 2257 753 «dicens
2315 715 2329 753 :
2391 700 2717 756 Servemini
2783 704 2854 758 ab
2937 706 3046 760 hac
3131 725 3308 778 prava
3389 726 3638 783 genera-

1993 789 2232 844 «tione.
2293 791 2517 862 Itaque,
2579 793 2677 863 qui
2738 793 2994 850 libenter
3061 807 3452 870 susceperunt
3511 818 3636 857 ser-

1986 899 2013 927 ‹‹
2047 893 2285 934 monem
2319 881 2470 951 ejus,
2503 881 2778 953 baptizati
2812 889 2952 938 sunt
2983 901 2997 939 :
3055 891 3113 940 et
3159 889 3443 959 apposita,
3495 898 3636 947 sunt

1983 967 2149 1021 «illo
2181 967 2277 1022 die
2323 969 2537 1024 animae
2596 971 2834 1027 circiter
2893 979 2983 1028 ter
3038 975 3223 1031 mille.
3286 980 3467 1034 Erant
3521 998 3631 1036 au-

1984 1078 2011 1105 ‹‹
2045 1061 2162 1110 tem
2219 1067 2663 1129 perseverantes
2720 1061 2784 1116 in
2843 1062 3114 1119 doctrina
3187 1068 3514 1138 apostolica
3572 1077 3633 1127 et

1982 1166 2010 1194 α
2044 1147 2585 1204 communicatione
2616 1166 2684 1205 ac
2709 1149 2999 1207 iractione
3029 1153 3202 1224 panis
3235 1159 3293 1209 et
3346 1159 3635 1214 orationi-

1981 1255 2010 1285 ((
2043 1233 2173 1292 bus.
2210 1259 2238 1288 ››

2050 1326 2352 1397 Tanquam
2377 1344 2441 1384 os
2456 1331 2721 1386 omnium
2739 1333 3138 1404 apostolorum
3157 1333 3502 1410 designatus
3516 1339 3627 1396 ait:

1982 1413 2330 1486 Resipiscite
2363 1423 2419 1472 et
2450 1417 2800 1490 baptizetur,
2835 1438 2956 1476 non
2988 1428 3186 1478 autem
3218 1425 3473 1496 Credite,
3527 1427 3631 1483 sed

1981 1503 2348 1574 Baptizetur;
2383 1523 2520 1562 nam
2554 1508 2663 1564 hoc
2694 1509 3151 1566 fundamentum
3201 1519 3330 1568 erat
3378 1517 3629 1573 creden-

1978 1590 2124 1646 tium
2159 1593 2219 1648 in
2251 1593 2572 1651 Christum.
2600 1598 2716 1652 Hoc
2742 1614 2876 1671 ergo
2909 1600 3168 1670 primum
3197 1603 3367 1672 petit,
3403 1609 3632 1676 etpost-

1975 1681 2222 1737 modum
2257 1684 2438 1739 ﬁnem
2469 1702 2536 1741 ac
2566 1686 2992 1757 perfectionem
3041 1689 3430 1747 fundamento
3482 1693 3624 1749 sub-

1966 1770 2188 1843 jungit,
2215 1771 2453 1828 dicens:
2482 1795 2509 1826 ιι
2541 1775 2772 1831 Donum
2797 1778 3048 1848 Spiritus
3065 1779 3275 1846 sancti,
3295 1801 3323 1829 »
3338 1787 3624 1854 tanquam

231 1862 400 1918 τοότου
441 1870 542 1933 τῆς
595 1863 828 1925 πίστεως
887 1863 1343 1940 άναφαινομένης.
1397 1864 1492 1934 Τῷ
1551 1858 1608 1915 δὲ
1665 1861 1856 1916 εἰπεῖν·

1983 1859 2090 1914 ﬁde
2122 1875 2228 1932 per
2257 1862 2381 1918 haec
2413 1863 2611 1920 media
2642 1863 3067 1923 demonstrata.
3103 1869 3214 1922 Per
3264 1869 3376 1925 hoc
3424 1878 3625 1928 autem

231 1953 416 2024 «Ὑμῖν
458 1953 567 2028 γὰρ
627 1954 662 2022 ἠ
716 1951 1015 2026 ἐπαγγελία
1067 1949 1158 2006 καὶ
1212 1956 1329 2012 τοῖς
1395 1951 1600 2012 τέκνοις
1685 1949 1860 2023 ὑμῶν,

225 2041 300 2095 καὶ
347 2047 467 2096 πᾶσι
525 2045 649 2102 τοῖς
713 2041 922 2116 μακρὰν
985 2041 1074 2095 καὶ
1132 2046 1251 2102 τοῖς
1311 2040 1490 2116 ἐγγὺς,
1528 2065 1554 2090 »ι
1615 2037 1860 2115 ἐμφαίνει

227 2132 278 2184 τὸ
308 2136 474 2202 μεῖζον
499 2137 608 2200 τῆς
639 2128 871 2204 δωρεᾶς,
905 2128 980 2192 ὦς
1037 2130 1099 2184 οὐ
1157 2130 1321 2203 μόνον
1368 2129 1554 2191 αὐτυῖς
1599 2127 1864 2203 ἐπαρκού-

230 2218 489 2286 mugitui
537 2221 634 2275 καὶ
692 2224 810 2281 τοῖς
866 2221 1095 2281 τέκνοις.
1158 2219 1262 2276 Καὶ
1317 2219 1453 2294 πρὸς
1501 2219 1567 2274 τὰ
1625 2216 1747 2288 ἔθνη
1805 2213 1861 2273 δὲ

229 2305 661 2382 ἐπιδνψιλεόεταῖ.
696 2311 874 2365 Τοῦτο
914 2309 1016 2382 γὰρ
1075 2307 1296 2383 ᾐνίξατο
1359 2305 1448 2362 δια
1495 2311 1612 2374 τοῦ,
1674 2327 1696 2356 ε
1729 2307 1860 2368 Τοῖς

231 2400 426 2470 μικράν.
459 2430 483 2453 η
517 2397 651 2454 ἀλλ’
683 2399 729 2453 εἰ
759 2404 877 2460 τοῖς
915 2400 1146 2473 μακρὰν,
1179 2395 1378 2469 πολλῷ
1405 2395 1586 2469 δήπου
1640 2393 1856 2470 μᾶλλον

229 2489 334 2562 ὖμῖν
360 2496 469 2554 τοῖς
499 2490 687 2565 ἐγγύς.
723 2489 925 2545 Σκόπει
957 2487 1013 2544 δέ
1071 2489 1156 2545 ὅτι
1207 2489 1328 2545 τότε
1374 2491 1474 2558 τήν
1526 2493 1634 2544 τῶν
1695 2487 1856 2543 ἐθνῶν

227 2579 421 2651 ᾐνίξατο
451 2581 658 2645 πίστιν,
721 2579 812 2634 ὅτε
857 2579 1353 2655 κατανενυγμένους
1411 2579 1530 2653 εὗρε
1582 2579 1671 2632 καὶ
1727 2598 1859 2632 κατ-

230 2669 505 2741 εγνωκότας
539 2671 772 2725 ἑαυτῶν.
817 2671 984 2744 Ψυχή
1041 2669 1142 2744 γὰρ
1211 2674 1335 2724 οόταν
1376 2669 1572 2738 ἑαυτήν
1631 2665 1860 2724 καταδιο

221 2760 359 2833 κείσῃ,
389 2759 489 2814 οὐκ
518 2757 607 2814 ἔτι
636 2761 850 2837 φθονεῖν
885 2756 1129 2814 δύναται.

278 2962 302 2988 α
333 2937 575 3015 Ἐγένετο
614 2934 670 2993 δὶ
700 2937 842 3014 πάσῃ
877 2941 1032 3014 ψυχῆ
1065 2931 1254 3017 φόϐος,
1305 2932 1494 2992 πολλά
1547 2957 1608 2991 τε
1664 2936 1862 3011 τέρατα

223 3050 244 3076 α
270 3029 348 3080 καὶ
375 3033 587 3100 σημεῖα
621 3025 710 3082 διὰ
736 3032 844 3082 τῶν
878 3028 1198 3083 ἀποστόλων
1259 3025 1492 3100 ἐγένετο.
1547 3028 1752 3089 Πάντας
1805 3023 1862 3080 δὲ

224 3139 244 3165 a
271 3118 321 3170 οἱ
347 3118 707 3181 πιστεύοντες
734 3118 869 3186 ἦσαν
901 3116 986 3171 έπὶ
1022 3116 1084 3172 τὸ
1116 3115 1270 3182 αὐτὸ,
1302 3117 1392 3170 καὶ
1443 3116 1599 3191 εἶχον
1649 3114 1860 3171 ἅπαντα

223 3208 424 3263 «κοινά.
461 3207 569 3262 Καὶ
611 3207 675 3260 τὰ
722 3208 977 3279 κτήματα
1028 3206 1119 3260 καὶ
1171 3205 1265 3268 τὰς
1325 3203 1576 3281 ὑπάρξεις
1627 3203 1858 3278 ἐπίπρα-

1973 1949 2130 2020 quod
2160 1951 2244 2006 ait
2271 1967 2283 2005 :
2317 1974 2345 2002 ‹‹
2372 1952 2552 2008 Vobis
2583 1955 2742 2010 enim
2776 1955 2930 2012 facta
2961 1962 3050 2012 est
3067 1957 3384 2029 promissio
3403 1966 3461 2016 et
3483 1962 3624 2018 ﬁliis

1972 2040 2202 2107 vestris,
2235 2043 2630 2115 omnibusque
2664 2047 2764 2117 qui
2821 2047 2995 2120 longe
3038 2065 3105 2104 ac
3156 2066 3342 2122 prope
3386 2059 3559 2108 sunt:
3593 2075 3623 2105 »

1973 2129 2236 2184 ostendit
2264 2130 2403 2186 doni
2435 2134 2931 2206 magnitudinem,
2966 2142 3032 2191 ut
3060 2138 3218 2208 quod
3276 2156 3396 2195 non
3446 2141 3623 2197 modo

1972 2215 2120 2287 ipsis
2152 2219 2429 2286 sufficiat,
2467 2222 2568 2277 sed
2601 2228 2661 2278 et
2691 2223 2854 2284 filiis.
2907 2233 3197 2297 praeterea
3245 2234 3304 2283 et
3347 2230 3623 2301 gentibus

1970 2303 2227 2377 benigne
2259 2309 2646 2367 exhibeatur:
2679 2330 2817 2368 nam
2851 2314 2960 2370 hoc
2993 2315 3192 2371 innuit
3222 2333 3327 2388 per
3370 2319 3431 2373 id
3463 2319 3624 2390 quod

1971 2395 2090 2450 ait:
2125 2418 2150 2448 α
2188 2397 2286 2453 His
2319 2401 2418 2470 qui
2453 2399 2628 2474 longe
2683 2402 2934 2472 absunt;
2971 2428 2998 2454 »
3045 2407 3206 2477 atqui
3258 2408 3336 2462 sit
3381 2409 3475 2464 his
3523 2409 3624 2480 qui

1972 2482 2144 2558 longe
2175 2487 2414 2554 absunt,
2446 2490 2637 2545 multo
2669 2493 2857 2565 magis
2889 2511 3032 2550 sane
3071 2496 3234 2552 vobis
3287 2498 3387 2568 qui
3439 2516 3622 2572 prope

1970 2577 2132 2630 estis.
2167 2577 2489 2634 Considera
2519 2597 2652 2636 vero
2712 2583 2869 2653 quod
2928 2589 3070 2640 tunc
3119 2587 3384 2658 gentium
3439 2589 3622 2644 ﬁdem

1969 2665 2186 2734 innuit,
2220 2669 2458 2738 quando
2489 2678 2874 2742 compunctos
2907 2674 3130 2730 invenit
3175 2693 3242 2732 ac
3291 2693 3424 2732 esse
3477 2695 3622 2734 con—

1969 2753 2340 2812 demnantes.
2379 2757 2484 2814 Ubi
2518 2760 2678 2816 enim
2710 2762 2966 2834 seipsam
3000 2766 3202 2822 anima
3247 2767 3618 2824 condemna-

1969 2844 2138 2908 verit,
2163 2846 2290 2917 jam
2324 2847 2584 2905 invidere
2617 2866 2738 2905 non
2770 2857 2984 2923 potest.

2042 2934 2110 2998 ll,
2135 2937 2315 2991 43-46.
2344 2961 2369 2987 ‹‹
2397 2939 2607 2993 Factus
2635 2946 2725 2995 est
2746 2947 2942 2995 autem
2975 2943 3139 2997 omni
3172 2943 3385 2998 animm
3419 2945 3617 3014 timor,

1971 3044 1998 3072 ιι
2023 3025 2329 3096 multaque
2353 3027 2621 3099 prodigia
2642 3029 2888 3099 etsigna
2908 3047 3015 3100 per
3034 3031 3333 3102 apostolos
3356 3032 3617 3088 edeban-

1971 3133 1999 3161 ‹‹
2035 3119 2149 3168 tur.
2184 3115 2402 3170 Omnes
2433 3132 2569 3170 vero
2601 3117 2911 3173 credentes
2962 3126 3133 3175 erant
3183 3121 3510 3193 conjuncti,
3565 3128 3623 3178 et

1973 3223 2002 3252 ιι
2036 3202 2336 3258 habebant
2361 3205 2565 3260 omnia
2602 3208 2976 3262 communia:
3010 3214 3070 3263 et
3117 3212 3523 3280 possessiones
3553 3227 3622 3268 ac

224 3315 400 3366 ισκον,
456 3295 551 3350 καὶ
623 3292 927 3370 διεμέριζον
983 3293 1119 3350 αὐτᾶ
1175 3299 1328 3364 πᾶσι,
1383 3295 1573 3349 καθότι
1660 3291 1720 3348 ἄν
1775 3313 1858 3355 τις

1983 3318 2002 3347 ;‹
2037 3295 2400 3352 substantias
2427 3294 2782 3362 vendebant,
2806 3302 2864 3352 et
2884 3267 3321 3356 distribiiebant
3345 3318 3415 3357 ea
3434 3301 3622 3357 omni-

222 3387 448 3461 ιχρείαν
506 3389 661 3462 εἶχε.
724 3387 852 3442 Καθ’
907 3382 1116 3461 ἡμέραν
1198 3404 1256 3440 τε
1333 3388 1862 3462 προσκαρτεροῦντες

217 3497 242 3524 ιι
271 3475 628 3552 ὁμοθυμαδὸν
659 3476 711 3531 ἐν
741 3479 821 3549 τῷ
851 3476 1004 3551 ἱερῷ.
1044 3501 1064 3527 ι

279 3657 349 3716 Οὔ
379 3660 482 3737 γὰρ
516 3659 604 3722 ὡς
637 3663 745 3714 τῶν
774 3657 1050 3733 τυχόντων
1079 3658 1464 3735 κατεφρόνουν,
1494 3655 1625 3713 ἀλλ’
1670 3652 1858 3725 ἐπειδή

216 3746 370 3812 πολὺς
396 3751 467 3819 ἧν
503 3751 532 3805 ὁ
577 3747 788 3824 Πέτρος
846 3746 1044 3812 ἄνωθεν
1102 3747 1256 3823 ῥέων,
1315 3746 1405 3802 καὶ
1463 3748 1527 3801 τὰ
1586 3744 1861 3821 μέλλοντα

214 3830 297 3892 διὰ
337 3843 444 3894 τῶν
508 3837 871 3914 ἐπαγγελιῶν
928 3834 1206 3905 δεικνῦων,
1269 3835 1492 3898 εἰκότως
1544 3831 1857 3913 ἐσοὸυῦντο.

215 3927 530 4003 Ἐμαρν-ὄρει
597 3929 708 4004 γὰρ
772 3932 850 3999 τῷ
907 3924 1062 4003 λόγῳ
1117 3925 1184 3980 τὰ
1241 3923 1392 4001 ἔργα.
1455 3925 1704 3999 Καθάπερ
1759 3925 1861 3997 γὰρ

211 4015 284 4068 καί
337 4015 421 4072 in?
475 4022 582 4071 τοῦ
653 4019 892 4090 Χριστοῦ
949 4015 1210 4090 πρότερον
1268 4021 1489 4088 σημεῖα,
1545 4015 1663 4069 εἶτα
1720 4011 1864 4068 διδα-

215 4102 413 4170 σκαλία,
450 4105 575 4162 ιῗτα
614 4105 887 4174 θαύματα,
923 4103 1067 4158 οὓτω
1095 4103 1185 4158 καὶ
1217 4107 1331 4161 νῦν,
1365 4105 1440 4160 Τὸ
1489 4100 1546 4158 δὲ
1593 4103 1686 4164 τὰς
1728 4106 1866 4173 κτή-

217 4212 308 4256 σεις
335 4194 550 4250 πωλεῖν
584 4194 680 4249 καὶ
717 4190 1050 4266 δισμερίζειν
1075 4194 1208 4256 καθὸ
1254 4191 1312 4248 ἄν
1361 4213 1444 4252 τις
1496 4193 1678 4268 χρείαν
1722 4195 1863 4266 εἶχε,

212 4279 545 4356 οοόχᾶπλῶς,
584 4281 722 4339 ἄλλ’
765 4281 1154 4355 οἰκονομικῶς,
1213 4279 1525 4356 Διεμέριζον
1585 4283 1690 4356 γὰρ
1748 4283 1866 4336 κατ’

213 4366 358 4438 ἀξίαν.
425 4373 500 4428 Τὸ
569 4368 656 4442 δὲ,
721 4394 748 4423 «ι
811 4368 1200 4443 Ὀμοουμαδὸν
1259 4374 1805 4445 προσκαρτεροῦντες,
1839 4395 1865 4420 ››

214 4459 261 4512 οὗ
290 4462 415 4534 μίαν
450 4461 709 4536 ἡμέραν,
739 4457 869 4516 οὐδὲ
920 4458 1041 4526 δύο,
1101 4458 1252 4516 ἄλλα
1305 4461 1424 4515 καθ’
1477 4460 1712 4532 ἡμέραν,
1773 4459 1866 4513 καὶ

215 4554 502 4629 μιᾷ
541 4553 646 4622 Τῷ
679 4547 737 4604 δὶ
772 4549 905 4624 ἱερῷ
957 4545 1335 4624 προσήδρευον
1397 4548 1448 4602 οἱ
1505 4548 1868 4617 πιστεύοντες,

1967 3411 1995 3438 ‹‹
2029 3386 2162 3451 bus,
2195 3390 2367 3458 prout
2396 3386 2610 3456 cuique
2645 3403 2796 3458 opus
2829 3393 2972 3444 erat.
3009 3390 3078 3444 Et
3107 3391 3371 3461 quotidie
3403 3408 3618 3463 perse-

1965 3498 1994 3528 «
2027 3475 2313 3531 verabant
2340 3475 2708 3531 unaminiter
2737 3476 2799 3531 in
2833 3477 3074 3550 templo.
3113 3500 3141 3528 »

2040 3659 2238 3728 Neque
2271 3657 2430 3712 enim
2463 3674 2628 3712 more
2657 3657 2815 3729 vulgi
2857 3659 3250 3731 desipiebant.
3309 3662 3412 3717 sed
3466 3680 3617 3735 quo-

1968 3746 2124 3802 niam
2166 3751 2368 3800 Petrus
2402 3746 2624 3800 multus
2684 3753 2807 3802 erat
2865 3765 2931 3802 ac
2989 3749 3306 3804 vehemens
3359 3750 3616 3822 desuper

1969 3835 2208 3892 fluendo
2241 3835 2359 3889 sive
2391 3835 2781 3900 exhortando,
2816 3843 2872 3890 et
2892 3836 3089 3892 futura
3113 3839 3609 3908 promissionibus

1970 3923 2578 3979 ostendendomerito
2606 3924 2996 3978 terrebantur.
3025 3928 3165 3980 Nam
3186 3927 3620 3983 attestabantur

1971 4012 2224 4068 sern~oni
2260 4028 2458 4082 opera.
2502 4012 3010 4075 Quemadmodum
3066 4015 3226 4069 enim
3276 4017 3336 4071 in
3382 4019 3617 4073 Christo

1973 4103 2230 4174 primum
2254 4101 2489 4154 fuerunt
2515 4101 2704 4171 signa,
2729 4101 2943 4154 deinde
2967 4103 3620 4177 doctrina.rursumque

1976 4193 2283 4256 miracula,
2317 4192 2399 4244 ita
2431 4198 2487 4243 et
2532 4208 2710 4244 nunc.
2770 4193 3184 4251 Possessionos
3234 4214 3366 4252 vero
3416 4199 3626 4252 distra-

1976 4283 2188 4336 hentes
2219 4297 2285 4335 ac
2320 4279 2745 4333 dislribuentvs
2779 4289 2955 4349 prout
3010 4286 3224 4354 cuique
3273 4304 3424 4356 opus
3475 4292 3630 4354 erat,

1975 4389 2094 4427 non
2126 4370 2478 4431 temere,sed
2503 4369 2936 4440 dispensatorie
2962 4373 3285 4427 faciebant:
3311 4374 3627 4443 namjuxta

1977 4463 2264 4533 cujusque
2301 4459 2646 4530 dignitatem
2706 4459 3066 4516 dividebant.
3123 4465 3415 4518 Prwterea
3462 4462 3622 4533 quod

1976 4550 2265 4621 sequitur,
2299 4572 2325 4597 ‹‹
2363 4549 2825 4605 Perseverabant
2852 4552 3239 4618 unanimiter,
3279 4575 3298 4600 -
3334 4569 3455 4607 non
3497 4569 3619 4608 uno

213 4634 285 4692 ἅτε
313 4639 752 4713 σπουδαιότεροι
781 4635 1161 4713 γεγενημένοι,
1215 4637 1304 4693 καὶ
1354 4637 1477 4712 περὶ
1538 4635 1708 4710 μηδὲν
1752 4633 1865 4691 ἓτε-

1983 4645 2080 4695 aut
2105 4639 2292 4693 altero
2306 4637 2400 4692 die
2417 4637 2726 4704 fiebat,sed
2744 4639 3098 4709 quotidie,ut
3114 4640 3419 4712 prmmisit,
3443 4641 3622 4712 idque

212 4743 286 4798 ρον
315 4724 542 4806 ἔχοντες
599 4725 928 4798 σπουδάζειν
993 4727 1043 4797 ἐξ
1101 4721 1382 4790 εὐλαϐείας
1435 4733 1534 4797 τῆς
1591 4727 1714 4802 περὶ
1776 4727 1868 4782 τὸν

212 4816 376 4888 τόπον,
409 4821 448 4890 ἢ
484 4817 626 4893 περὶ
652 4818 717 4872 τὸ
737 4816 904 4891 ἱερόν,

277 5102 303 5129 α
358 5079 628 5142 κλῶντές
691 5087 749 5136 τε
803 5078 923 5134 κατ’
979 5079 1130 5134 οἷκον
1187 5073 1367 5146 ἄρτον,
1459 5073 1871 5150 μετελάμϐανον

221 5179 490 5250 ατροςιῆς,
525 5171 585 5225 ἐν
650 5165 975 5244 ἀγαλλιάσει
1013 5169 1102 5222 καὶ
1151 5164 1450 5243 ἀφελότητι
1509 5165 1733 5242 καρδίας
1783 5167 1872 5223 αἷ-

219 5276 240 5302 r
266 5263 474 5322 νοῦντες
510 5261 614 5314 τὸν
648 5258 803 5325 Θεὸν,
831 5257 922 5311 καὶ
954 5255 1178 5332 ἔχοντες
1208 5256 1369 5331 χάριν
1412 5256 1548 5331 πρὸς
1600 5255 1730 5312 ὅλον
1779 5263 1872 5314 τὸν

221 5345 415 5405 ιλαόν.
467 5351 537 5408 ὐ
603 5346 671 5402 δὲ
723 5347 918 5421 Κύριος
975 5345 1284 5420 προσετίθει
1341 5345 1469 5406 τοὺς
1525 5347 1872 5421 σωζομένους

223 5455 243 5484 ι
263 5441 372 5500 καθ’
404 5438 634 5510 ἡμέραν
673 5441 739 5509 τῇ
771 5435 1092 5507 Ἐκκλησία.
1135 5461 1155 5487 ι

311 5529 459 5600 ἶπον,
493 5529 564 5582 τὸ
616 5527 766 5592 ἱερὸν
823 5530 916 5578 νῦν
975 5523 1146 5600 λέγει’
1203 5525 1253 5579 ἐν
1303 5524 1448 5596 αὖτῷ
1505 5525 1607 5602 γὰρ
1664 5528 1871 5596 ἢσθιον.

225 5614 281 5667 Pa
313 5613 386 5686 δὲ,
442 5646 463 5670 ι
536 5616 798 5678 Κλῶντες
858 5613 1044 5691 ἄρτον,
1080 5640 1107 5665 υ
1167 5614 1338 5682 εἶπεν,
1390 5614 1480 5669 ἳνα
1537 5615 1601 5669 τὸ
1661 5616 1874 5680 εὐτελὲς

226 5705 672 5763 ηὶαῦτόσκευον
702 5703 993 5784 ὑπεμφήνῃ
1054 5703 1232 5758 αὐτῶν
1290 5705 1389 5767 τῖς
1450 5699 1684 5774 διαίτης,
1739 5709 1876 5784 Ἀρ.

1978 4745 2097 4784 uno
2132 4729 2354 4783 animo.
2387 4729 2452 4781 In
2487 4727 2707 4798 templo
2740 4729 2841 4783 24
2871 4733 3069 4782 autem
3128 4729 3469 4786 residebant
3497 4748 3628 4786 cre-

1981 4819 2188 4875 dentes
2218 4836 2230 4873 :
2269 4825 2550 4888 tanquam
2585 4817 2974 4872 studiosiores
3027 4834 3094 4874 ac
3124 4819 3510 4876 ferventiores
3541 4819 3632 4876 ef-

1978 4908 2140 4972 fecti,
2165 4907 2399 4962 etcirca
2421 4905 2573 4958 nihil
2595 4904 2756 4959 aliud
2786 4909 3060 4975 potentes
3091 4907 3354 4963 studium
3388 4908 3626 4980 pietatis

1982 5011 2256 5053 exercere
2281 5010 2457 5066 quam
2481 4999 2583 5048 aut
2608 4993 2763 5047 circa
2785 4993 2980 5049 locum
3005 5001 3107 5051 aut
3137 4997 3294 5053 circa
3315 4997 3630 5070 templum.

2052 5085 2122 5140 II.
2159 5085 2248 5148 46,
2281 5086 2369 5136 47.
2412 5103 2436 5133 ιι
2472 5082 2535 5135 Et
2564 5081 2902 5154 frangentes
2926 5084 3096 5155 juxta
3119 5086 3365 5144 domum
3389 5103 3626 5160 panem,

1983 5197 2010 5224 ιι
2047 5173 2225 5228 simul
2260 5170 2575 5226 sumebant
2605 5171 2801 5226 cibum
2835 5190 2968 5228 cum
2993 5177 3387 5232 exsultatione
3411 5185 3470 5232 et
3493 5177 3635 5232 sim-

1982 5290 2008 5314 ‹‹
2035 5264 2298 5336 plicitate
2321 5260 2517 5316 cordis
2540 5261 2851 5318 laudantes
2879 5266 3080 5329 Deum,
3106 5273 3165 5320 et
3188 5267 3474 5322 habentes
3504 5283 3634 5338 gra-

1985 5378 2012 5406 «
2048 5356 2186 5409 tiam
2213 5351 2368 5423 apud
2394 5368 2628 5406 omnem
2655 5352 2884 5422 plebem
2921 5356 3203 5411 Dominus
3233 5363 3430 5411 autem
3453 5357 3636 5413 adde-

1983 5467 2010 5494 «
2043 5444 2142 5498 bat
2173 5443 2271 5513 qui
2306 5441 2447 5496 salvi
2483 5442 2693 5496 flerent
2724 5444 2988 5512 quotidie
3029 5446 3471 5517 congregationi
3535 5468 3562 5496 ›ι

2057 5535 2306 5588 Domum
2339 5531 2483 5586 dicit
2515 5547 2671 5585 nunc
2706 5533 3012 5602 templum,
3049 5551 3184 5588 nam
3239 5535 3299 5588 in
3336 5536 3462 5606 ipso
3498 5535 3634 5590 ede-

1985 5625 2145 5682 bant.
2188 5623 2551 5679 liixitautem
2583 5640 2595 5677 :
2629 5646 2647 5672 ι
2671 5624 3028 5696 Frangentes
3045 5643 3282 5698 panem,
3307 5651 3331 5676 ››
3357 5635 3422 5682 ut
3445 5627 3636 5682 tenui-

1989 5719 2076 5770 tas
2105 5730 2174 5769 ac
2205 5713 2556 5786 simplicitas
2588 5713 2778 5768 victus
2813 5731 3012 5770 eorum
3057 5722 3356 5788 appareat.
3418 5717 3637 5770 Panem
