4134 6196
475 335 558 400 ’19
1599 328 1979 392 mCUMENI
2021 328 2329 392 TRICCAE
2375 328 2743 393 EPISCOPI.
3802 333 3880 393 80

484 470 645 525 enim
677 467 1035 539 frangentes,
1068 480 1190 521 una
1214 464 1413 519 cibum
1473 461 1808 530 sumebant,
1859 468 1921 520 at
1956 463 2108 537 genii

2243 481 2336 518 τον
2373 463 2478 540 γὰρ
2532 461 2778 525 κλῶντες
2840 457 3252 539 μετελάμϐανον
3301 467 3532 545 τροφῆς,
3595 461 3728 520 ἀλλ’
3785 464 3883 520 οὑκ

478 575 600 614 non
632 555 1022 628 indulgebant
1054 572 1068 610 :
1102 555 1184 609 ita
1212 554 1389 609 vitain
1424 553 1556 608 fidei
1589 554 1956 610 conformem
1987 554 2120 609 red-

478 651 731 705 debant:
768 647 849 703 ita
882 663 943 703 se
975 653 1180 702 mutuo
1212 645 1525 718 diligentes
1547 645 1796 718 gratiam
1828 643 2125 699 habebant

474 738 631 810 apud
654 753 891 793 omnem
918 736 1183 808 plebem:
1206 752 1344 790 nam
1367 735 1506 790 licet
1536 735 1849 806 pontiﬁces
1882 752 2000 806 prae
2032 735 2121 788 in-

470 828 701 883 vidiain
723 844 823 882 eos
843 827 1219 898 insurgerent
1244 825 1488 897 gratiam
1509 831 1703 879 tamen
1718 824 1873 895 apud
1888 823 2122 895 plebem

475 917 776 973 habebant
803 919 922 972 Hoc
941 924 1134 970 autem
1154 915 1523 970 efficiebatur
1538 931 1643 986 per
1656 915 2122 985 eleemosynam,

473 1023 804 1080 puramque
818 1004 1456 1061 conversationemuln
1473 1003 1854 1075 simplicitate
1868 1003 2123 1070 cordis,»

478 1098 591 1152 hoc
623 1105 713 1151 est
734 1096 794 1150 in
827 1094 1118 1150 modestia
1149 1101 1206 1149 et
1236 1094 1572 1166 fragilitate,
1607 1092 1756 1147 nihil
1780 1093 2034 1148 sublime
2051 1093 2123 1148 de

477 1203 541 1240 se
575 1185 902 1240 sentientes
935 1185 996 1237 in
1031 1183 1203 1236 bonis
1236 1182 1569 1237 actionibus
1617 1198 1685 1237 ac
1735 1181 2123 1253 eleemssynis

477 1292 625 1346 quas
652 1273 1043 1346 praestabant:
1069 1271 1228 1343 quod
1255 1270 1831 1327 maximeludaicum
1859 1271 2123 1335 erat,vel-

473 1365 562 1419 uti
595 1379 664 1418 ex
690 1361 1058 1434 jactabundo
1091 1360 1389 1414 Pharisaeo
1418 1359 1800 1415 manifestum
1831 1364 1922 1413 est
1946 1360 2012 1414 ⁸⁸.

1107 1450 1340 1504 CAPUT
1378 1450 1469 1503 IV.

475 1544 551 1596 De
580 1541 768 1595 claudi
813 1556 847 1593 a
895 1541 1186 1593 nativitate
1243 1554 1378 1592 cura
1437 1537 1639 1593 Christi
1692 1541 1896 1594 virtute
1947 1543 2117 1608 facta,

540 1611 816 1680 electaque
846 1612 1000 1665 Petri
1030 1611 1408 1675 iustructione,
1441 1611 1499 1663 in
1545 1626 1655 1680 qua
1698 1627 1808 1666 sese
1859 1610 2117 1680 demittit,

539 1689 590 1738 et
622 1682 914 1738 consilium
946 1681 1019 1736 ad
1049 1682 1272 1736 illorum
1302 1681 1532 1736 salutem
1581 1681 1856 1736 adducit:
1905 1685 1963 1736 in
2012 1699 2120 1753 quo

541 1757 709 1810 etiam
737 1754 996 1808 subditur
1016 1753 1344 1824 pontiﬁcum
1385 1753 1790 1808 animadversio
1837 1754 1950 1809 zelo
2003 1755 2119 1824 ejus

541 1827 690 1896 quod
717 1828 926 1894 factum
959 1831 1100 1892 erat,
1134 1831 1185 1880 et
1214 1825 1278 1880 de
1305 1825 1576 1880 miraculo
1616 1825 1936 1880 decertatio.

551 1915 644 1982 lll,
680 1917 731 1968 1.
761 1935 787 1966 α
818 1913 1004 1968 Simul
1036 1919 1232 1968 autem
1267 1914 1475 1968 Petrus
1509 1919 1565 1967 et
1609 1913 1865 1968 Joannes
1911 1930 2118 1970 ascen-

480 2025 511 2055 «
543 2001 767 2058 debant
787 2004 847 2058 in
873 2003 1160 2074 templum
1183 2001 1257 2057 ad
1283 2003 1490 2057 horam
1512 2002 1799 2059 orationis
1825 2020 2064 2059 nonam.
2090 2025 2118 2053 ››

540 2184 750 2254 Magna
781 2187 871 2237 est
898 2181 1112 2236 horum
1143 2180 1396 2237 duorum
1427 2181 1791 2237 unanimitas
1823 2187 1882 2237 et
1908 2181 2116 2237 amici-

465 2272 568 2328 tia.
601 2274 747 2327 Nam
776 2271 914 2326 huic
945 2271 1145 2326 innuit
1171 2273 1380 2326 Petrus
1410 2272 1471 2326 in
1503 2272 1738 2327 Domini
1763 2271 2037 2343 passione
2054 2276 2120 2326 ut

459 2369 887 2433 prmceptorem
919 2363 1310 2436 interrogaret
1337 2361 1403 2420 ⁸⁷.
1424 2364 1800 2434 Rursumque
1821 2361 1896 2416 ad
1917 2361 2119 2433 sepul—

459 2467 631 2507 crum
665 2452 845 2507 simul
879 2459 1127 2508 currunt
1154 2452 1221 2507 ³⁸.
1256 2455 1325 2507 Et
1354 2453 1496 2508 item
1531 2453 1601 2508 de
1635 2453 1745 2508 hoc
1775 2453 1859 2508 ait
1907 2453 2114 2506 Petrus

457 2540 690 2596 Christo
717 2558 730 2596 :
766 2542 871 2598 Hic
902 2548 1102 2598 autem
1135 2542 1280 2614 quid
1308 2542 1335 2597 ?
1366 2541 1781 2597 Ascendehant
1820 2547 2018 2596 autem
2052 2542 2112 2595 in

467 2631 778 2703 templum,
815 2647 935 2686 non
968 2638 1252 2703 tanquam
1275 2631 1468 2686 adhuc
1497 2630 2113 2702 25judaizantes,sed

469 2719 720 2774 viriliter
752 2736 880 2775 sese
937 2720 1319 2776 demittentes
1376 2720 1486 2775 hoc
1538 2719 1877 2775 faciebant:
1927 2727 2110 2790 utque

456 2815 660 2864 curato
692 2808 904 2864 claudo
936 2808 994 2862 in
1038 2809 1260 2880 templo
1323 2825 1533 2864 omnes
1589 2808 1880 2863 haberent
1928 2813 2109 2863 testes

457 2905 840 2970 quotcunque
873 2898 1193 2954 venissent.
1229 2898 1393 2953 Multi
1423 2898 1586 2954 enim
1617 2898 1698 2953 ibi
1723 2897 2110 2953 versabantur

453 2988 527 3044 ob
559 2989 673 3044 loci
705 2990 1116 3044 reverentiam.
1154 2990 1265 3043 Per
1293 2990 1404 3042 hoc
1435 2995 1635 3044 autem
1691 2987 1851 3058 quod
1899 2988 2106 3042 horam

455 3077 769 3148 significat,
804 3077 978 3134 docet
1017 3077 1176 3150 quod
1224 3077 1500 3149 precibus
1553 3093 1790 3148 semper
1838 3075 2106 3132 icumbe—

453 3163 618 3217 bant.
653 3165 918 3220 Meminit
937 3183 1072 3222 vero
1095 3172 1152 3221 et
1174 3167 1400 3238 templi,
1431 3173 1494 3220 ut
1514 3174 1787 3238 utroque,
1814 3172 2100 3237 tempore,

2150 1860 2197 1926 B

2235 551 2505 630 ἐτρύφων.
2540 550 2700 609 Οὕτω
2731 554 2822 608 καὶ
2853 553 2945 609 τὸν
2977 553 3097 628 βίον
3125 553 3232 609 ἀπὸ
3265 560 3366 622 τῆς
3403 553 3640 614 πίστεως
3695 553 3884 630 μετερ-

2234 640 2518 714 ῥύθμιζον,
2549 642 2639 696 καὶ
2672 640 3044 719 φιλαλλήλως
3077 643 3234 722 εἶχον
3265 641 3418 717 πρὸς
3445 642 3536 698 τὸν
3572 640 3704 697 λαὸν
3733 640 3880 700 ὅλον.

2235 729 2298 786 Εἰ
2337 729 2441 806 γὰρ
2499 731 2591 786 καὶ
2650 733 2700 786 οἱ
2757 730 3032 810 ἀρχιεριῖς
3093 731 3196 787 ὑπὸ
3254 732 3449 811 φθόνου
3506 729 3881 801 ἐπανέστησαν

2233 819 2447 886 αὐτοῖς,
2477 818 2624 875 ἀλλὰ
2655 821 2792 895 πρὸς
2820 821 2912 876 τὸν
2944 819 3075 876 λαὸν
3125 821 3290 900 χάριν
3348 822 3525 900 εἶχον.
3578 818 3878 877 Ἐδείκνυτο

2234 905 2290 964 δὲ
2319 915 2483 965 τοῦτο
2511 906 2599 965 διὰ
2625 918 2725 980 τῆς
2781 908 3158 984 ἐλεημοσύνης
3209 910 3300 966 καὶ
3339 914 3575 985 καθαρᾶς
3619 909 3880 985 άναστρο-

2234 1005 2362 1076 φῆς·
2396 999 2472 1055 Τὸ
2506 995 2584 1068 δὲ,
2621 1024 2646 1050 «
2682 1000 2773 1056 Ἐν
2804 996 3106 1078 ἀφελότητι
3147 995 3394 1073 καρδίας,
3434 1025 3454 1049 ι
3490 999 3608 1054 ἀντὶ
3659 1003 3781 1068 τοῦ,
3830 998 3881 1055 ἐν

2232 1088 2550 1143 ταπεινώσει
2595 1087 2687 1142 καί
2744 1086 3012 1159 εὐτελείᾳ,
3071 1084 3239 1164 μηδὲν
3297 1085 3510 1163 ὑψηλὸν
3564 1093 3880 1168 φρονοῦντες

2233 1174 2317 1251 ἐφ’
2383 1182 2470 1238 αῖς
2530 1171 2796 1252 ἔπραττον
2853 1177 3238 1254 ἀγαθοεργίαις
3294 1177 3387 1232 καὶ
3463 1175 3880 1250 ἐλεημοσύναις,

2233 1266 2364 1340 ὅπερ
2401 1266 2639 1339 μάλιστα
2668 1266 2736 1334 ἦν
2789 1263 3105 1336 Ἰουδαϊκὸν,
3158 1266 3232 1327 ὡς
3275 1264 3382 1322 άπὸ
3437 1270 3534 1322 τοῦ
3581 1265 3881 1342 καυχωμέ-

2230 1375 2323 1409 νου
2355 1355 2657 1430 Φαρισαίου
2689 1351 2878 1424 δῆλον.

2863 1448 3120 1504 ΚΕΦΔΛ.
3162 1447 3233 1503 Δ“.

2239 1532 2535 1612 Περῇτῇς
2591 1533 2920 1612 ἐνΑΧριστῷ
3006 1537 3316 1612 θεραπείας
3377 1541 3474 1592 τοῦ
3541 1534 3606 1612 ἐκ
3652 1542 3876 1612 χενετῆς

2302 1603 2520 1680 χωλοῦ,
2626 1603 2832 1687 Πέτρου
2891 1603 3008 1687 ’τεῷ
3067 1603 3461 1687 ’.κατηχήσεως
3525 1679 3537 1687 _
3589 1603 3873 1681 ἐκλεκτῆς,

2302 1674 2793 1754 συμπαθητικῆς,
2863 1674 3342 1754 συμϐουλευτὶίξῆς
3441 1679 3594 1754 πρὸςΔ
3703 1674 3879 1754 σωτηῖ-

2306 1749 2424 1830 ρίαν
2486 1750 2683 1830 αὐτῶν.
2740 1749 2944 1830 Ἐνιῷ
3007 1749 3305 1830 ἐπιστασία
3379 1749 3518 1830 τῶνζ
3569 1749 3872 1830 ᾁρχιερέων

2303 1818 2458 1893 ζήλῳ
2521 1827 2619 1876 τοῦ
2673 1818 2984 1899 γεγονότος,
3045 1823 3137 1878 καὶ
3190 1823 3370 1899 κρίσις
3425 1826 3522 1879 τοῦ
3574 1818 3874 1897 θαύματος.

2301 1937 2326 1963 α
2361 1914 2483 1969 Ἐπὶ
2512 1913 2574 1967 τὸ
2606 1913 2737 1968 αὐτὸ
2795 1911 2853 1968 δέ
2898 1912 3100 1988 Πέτρος
3145 1916 3234 1970 καὶ
3296 1916 3546 1986 Ἰωάννης
3603 1911 3875 1972 ἀνέϐαινον

2226 2026 2254 2054 ι(
2291 2002 2366 2062 εἰς
2399 2003 2461 2057 τὸ
2492 2003 2635 2077 ἱερὸν
2669 2000 2757 2058 ἐπὶ
2780 2005 2880 2073 τήν
2932 2001 3077 2078 ὢραν
3126 2011 3226 2074 τῆς
3274 2013 3592 2084 προσευχῆς
3635 2007 3734 2076 τήν
3784 2005 3871 2060 ἐν-

2225 2115 2254 2143 α
2287 2091 2477 2162 νάτην,
2509 2115 2538 2144 ››

2298 2178 2490 2252 Πολλὴ
2525 2184 2560 2252 ἡ
2593 2188 2701 2238 τῶν
2731 2179 2827 2238 δύο
2855 2182 3064 2239 τούτων
3094 2183 3326 2257 ὁμόνοια
3356 2183 3447 2239 καὶ
3477 2184 3870 2264 φιλία.Τούτῳ

2222 2269 2324 2346 γὰρ
2353 2271 2495 2326 νεύει
2539 2273 2567 2326 6
2625 2271 2827 2348 Πέτρος
2886 2272 2938 2327 ἐν
2997 2277 3079 2346 τῷ
3134 2273 3339 2346 Κυρίου
3393 2275 3553 2330 πάθει
3612 2275 3871 2340 πυθέσθαι

2221 2364 2318 2415 τοῦ
2376 2357 2732 2432 διδασκάλου,
2799 2363 2890 2419 καὶ
2972 2361 3061 2418 ἐπὶ
3156 2362 3248 2418 τὸν
3326 2363 3494 2443 τάφον
3568 2361 3623 2419 δὲ
3704 2362 3871 2420 πάλιν

2222 2449 2364 2522 ὁμοῦ
2430 2450 2711 2526 τρέχουσι,
2779 2451 2870 2507 καὶ
2966 2453 3092 2526 περὶ
3189 2451 3366 2507 αὐτῶν
3453 2451 3620 2509 πάλιν
3709 2454 3874 2534 φησὶν

2222 2538 2249 2592 ὁ
2284 2538 2485 2615 Πέτρος
2520 2545 2600 2613 τῷ
2658 2543 2904 2616 Χριστῷ,
2960 2541 3135 2603 Οὗτος
3195 2538 3250 2596 δὲ
3309 2542 3402 2611 τί;
3463 2538 3761 2600 ’Λνέϐαινον
3816 2541 3875 2600 δὲ

2221 2626 2375 2701 ἐντῷ
2403 2630 2555 2703 ἱερῷ,
2583 2629 2720 2708 ζούχ
2778 2631 2852 2692 ὡς
2920 2628 2998 2685 ἔτι
3056 2626 3462 2702 Ἰουδαΐζοντες,
3522 2629 3668 2688 ἀλλὰ
3725 2653 3877 2712 χρη-

2218 2719 2397 2793 σίμως
2448 2720 2538 2774 καὶ
2601 2715 3098 2797 συγκαταϐατικῶς
3182 2725 3346 2777 τοῦτο
3426 2727 3725 2787 ποιοῦντες,
3780 2725 3876 2780 καὶ

2215 2805 2303 2862 ’ίνα
2360 2808 2779 2884 θεραπευθέντος
2837 2813 2936 2864 τοῦ
2996 2807 3194 2889 χωλοῦ
3247 2809 3299 2866 ἐν
3354 2815 3433 2884 τῷ
3486 2813 3616 2887 ἱερῷ
3668 2814 3873 2875 πάντας

2213 2892 2393 2971 ἔχοιεν
2430 2900 2556 2960 τοὺς
2614 2899 2922 2974 ἑωρακότας
2975 2899 3273 2975 μάρτυρας.
3323 2898 3536 2956 Πολλοι
3584 2902 3689 2979 γὰρ
3740 2924 3874 2957 συν-

2214 2987 2375 3060 ῄεσαν
2406 2985 2536 3056 ἐκεῖ,
2570 2984 2659 3043 διὰ
2717 2989 2779 3044 τό
2811 2983 3109 3063 σεϐάσμιον
3137 2993 3235 3043 τοῦ
3271 2989 3465 3048 τόπου.
3499 2991 3596 3045 Διὰ
3661 2988 3717 3046 δὲ
3764 2997 3867 3047 τοῦ

2211 3074 2654 3150 ἐπισημήνασθαι
2685 3079 2786 3148 τήν
2843 3077 3006 3152 ὥραν,
3053 3073 3294 3132 διδάσκει
3348 3077 3424 3142 ὡς
3464 3077 3547 3134 ἀεὶ
3602 3085 3724 3142 ταῖς
3770 3081 3866 3136 εὑ-

2213 3172 2344 3246 χαῖς
2377 3165 2650 3224 ἐνέκειννο.
2696 3166 2982 3242 Μέμνηται
3036 3164 3093 3222 δὲ
3146 3165 3236 3222 καὶ
3287 3171 3386 3223 τοῦ
3441 3169 3615 3245 ἱεροῦ,
3649 3167 3719 3226 δι’
3748 3170 3863 3247 ἆμ-

448 3251 720 3322 inquam,
746 3259 803 3307 et
820 3253 970 3319 loco,
991 3271 1122 3324 quae
1147 3255 1352 3309 scribit
1370 3255 1706 3312 conﬁrmet.
1735 3257 1880 3310 Cum
1902 3263 2100 3311 autem

2232 3256 2473 3336 ροτέρων,
2505 3258 2672 3336 φημὶ,
2698 3261 2795 3312 τοῦ
2826 3256 3031 3336 χρόνου
3063 3256 3155 3311 καὶ
3183 3260 3279 3312 τοῦ
3336 3257 3508 3313 τόπου
3558 3260 3862 3336 πιστούμε-

451 3339 639 3394 multa
669 3340 828 3395 edita
849 3342 970 3396 sint
999 3341 1072 3396 ab
1103 3343 1389 3413 apostolis
1429 3343 1737 3410 miracula,
1796 3350 1972 3414 prout
2001 3359 2096 3398 su-

449 3428 649 3500 perius
699 3429 975 3484 meminit
1024 3431 1209 3485 Lucas
1258 3431 1359 3501 qui
1414 3431 1540 3486 haec
1591 3431 1817 3499 scribit,
1875 3432 2099 3487 nullius

446 3517 690 3574 illorum
728 3519 1083 3574 nominatim
1141 3519 1281 3574 fecit
1330 3519 1736 3574 mentionem:
1797 3519 1900 3574 sed
1950 3520 2097 3574 illud

447 3613 684 3664 tantum
717 3607 924 3663 scribit
966 3625 1082 3680 quo
1137 3624 1346 3664 omnes
1393 3608 1538 3663 moti
1592 3613 1750 3664 sunt.
1799 3610 1943 3664 Nam
1993 3609 2098 3663 illa

442 3697 716 3754 fortassis
749 3699 930 3754 etiam
989 3699 1547 3765 contemnebantur,
1596 3713 1665 3752 eo
1711 3697 1866 3769 quod
1919 3713 2097 3769 parva

440 3788 801 3844 viderentur.
837 3791 953 3843 Aut
985 3787 1187 3855 etiam,
1220 3788 1360 3858 quia
1380 3786 1628 3842 historia
1649 3789 1776 3843 haec
1797 3803 1918 3842 non
1936 3803 2092 3843 arro-

441 3874 655 3944 gantiae
687 3873 878 3946 gratia
908 3873 980 3929 ab
1008 3874 1138 3945 ipso
1169 3873 1471 3929 elaborata
1504 3877 1612 3928 est.

515 4056 616 4122 Ill,
647 4056 758 4111 2-6.
793 4075 821 4103 ‹‹
857 4055 927 4110 Et
956 4053 1196 4126 quidam
1223 4055 1329 4123 vir,
1387 4054 1489 4125 qui
1551 4053 1798 4110 claudus
1842 4059 1971 4110 erat
2017 4053 2090 4109 ab

442 4166 469 4195 ιι
505 4149 675 4201 utero
706 4145 914 4201 matris
945 4161 1087 4214 suae,
1119 4144 1496 4218 bajulabatur
1529 4159 1542 4198 :
1573 4161 1751 4216 quem
1789 4143 2091 4216 ponebant

437 4259 465 4292 ιι
504 4241 771 4312 quotidie
803 4241 876 4297 ad
907 4248 1138 4314 portam
1172 4243 1377 4314 templi
1410 4259 1540 4314 quaa
1586 4241 1896 4297 dicebatur
1946 4241 2088 4313 Spe-

439 4353 460 4380 ι
499 4332 683 4399 ciosa,
715 4338 780 4386 ut
805 4337 1035 4404 peteret
1066 4332 1508 4404 eleemosynam
1539 4330 1611 4386 ab
1643 4330 2086 4386 introeuntibus

439 4440 462 4473 α
499 4421 559 4477 in
595 4421 902 4494 templum.
932 4422 987 4475 Is
1043 4438 1177 4476 cum
1228 4421 1473 4476 vidisset
1519 4420 1756 4474 Petrum
1808 4425 1868 4474 et
1911 4420 2082 4474 Joan-

436 4531 457 4557 ι
492 4527 630 4566 nem
660 4512 1035 4582 ingressuros
1056 4510 1118 4564 in
1147 4509 1456 4579 templum,
1482 4508 1726 4580 rogabat
1746 4514 1812 4562 ut
1835 4507 2087 4562 eleemo-

2208 3367 2298 3408 νος
2329 3346 2364 3401 δι’
2392 3348 2607 3427 γράφει.
2664 3345 2898 3403 Πολλῶν
2955 3343 3012 3402 δὲ
3063 3347 3355 3418 θαυμάτων
3424 3346 3862 3426 ἐπιτελουμένων

2214 3437 2316 3492 ὑπὸ
2376 3437 2482 3493 τῶν
2541 3437 2887 3503 ἀποστόλων,
2945 3437 3022 3500 ὡς
3077 3437 3168 3493 καὶ
3226 3436 3485 3514 ἀνωτέρω
3545 3437 3795 3514 ἐμνήσθη
3830 3443 3860 3496 6

2207 3530 2377 3580 ταῦτα
2435 3534 2658 3608 γράφων
2720 3532 2955 3598 Λουκᾶς,
3014 3523 3233 3589 οὐδενὸς
3307 3526 3526 3583 ἐκείνων
3589 3528 3858 3604 ὀνομαστί

2209 3614 2560 3688 μνημονεύει,
2595 3613 2929 3670 ἀλλ’ἐκεῖνο
2985 3615 3180 3696 γράφει
3241 3615 3401 3690 μόνον
3461 3616 3552 3696 ἀφ’
3609 3621 3671 3673 οὗ
3719 3619 3862 3675 πάν-

2204 3721 2294 3764 τες
2356 3703 2701 3774 ἐκινήθησαν·
2766 3704 2942 3760 ἐκεῖνα
2999 3705 3100 3780 γὰρ
3157 3701 3294 3767 ἴσως
3341 3704 3431 3760 καὶ
3485 3711 3858 3782 παρεωρῶντο

2208 3789 2298 3846 διὰ
2327 3793 2390 3848 τὸ
2420 3793 2626 3869 σμικρᾶ
2656 3790 2853 3849 δοκεῖν
2886 3794 2921 3864 ἢ
2956 3794 3047 3849 καί
3087 3793 3170 3850 ὅτι
3225 3795 3288 3850 οὐ
3346 3793 3562 3868 κόμπου
3615 3794 3780 3872 χάριν
3815 3798 3854 3866 ἡ

2212 3884 2499 3962 συγγραφὴ
2534 3883 2682 3956 αὐτῷ
2712 3883 2848 3954 α’ὑτη
2882 3880 3244 3954 ἐσπουδάσθη.

2279 4088 2307 4115 ‹‹
2344 4062 2443 4118 Καί
2471 4083 2555 4126 τις
2586 4062 2725 4139 ἀνὴρ
2783 4059 2975 4142 χωλὸς
3035 4061 3094 4118 ἐκ
3147 4059 3364 4126 κοιλίας
3417 4061 3629 4138 μητρὸς
3685 4061 3859 4118 αὑτοῦ

2204 4177 2233 4205 ‹‹
2269 4151 2557 4231 ὑπάρχων,
2619 4144 2964 4221 ἐϐαστάζετο,
3025 4151 3083 4206 δν
3140 4149 3351 4217 ἐτίθουν
3433 4153 3554 4207 καθ’
3638 4150 3857 4226 ¹ἡμέραν

2201 4266 2229 4294 ‹‹
2263 4242 2404 4317 πρὸς
2432 4243 2531 4312 τὴν
2566 4241 2730 4316 θύραν
2761 4243 2859 4296 τοῦ
2889 4241 3038 4316 ἱεροῦ
3094 4242 3192 4310 τήν
3252 4238 3557 4319 λεγομένην
3611 4240 3861 4316 Ὠραίαν,

2201 4355 2230 4382 ‹‹
2262 4335 2360 4385 τοῦ
2391 4329 2559 4385 αἰτεῖν
2593 4327 2970 4402 ἐλεημοσύνην
3023 4329 3172 4404 παρὰ
3226 4333 3335 4384 τῶν
3389 4328 3867 4404 εἰσπορευομένων

2195 4443 2222 4471 ι(
2255 4419 2331 4482 εἰς
2360 4419 2421 4474 τὸ
2454 4418 2614 4495 ἱερόν.
2653 4419 2751 4482 Ὃς
2786 4415 2914 4474 ἰδὼν
2981 4416 3184 4491 Πέτρον
3243 4419 3333 4474 καὶ
3400 4419 3653 4488 Ἰωάννην
3711 4417 3866 4493 μέλ-

2201 4527 2222 4555 ι
2259 4504 2454 4569 λοντας
2485 4505 2702 4562 εἰσιέναι
2764 4504 2843 4569 εἰς
2901 4505 2963 4561 τὸ
3016 4506 3180 4581 ἱερὸν,
3235 4506 3425 4580 ἠρώτα
3469 4505 3866 4581 ἐλεημοσύνην

428 4618 457 4644 ‹‹
491 4615 698 4667 synain
731 4606 1048 4670 accrperet.
1089 4598 1301 4652 llelixis
1335 4605 1535 4652 autem
1588 4598 1650 4650 in
1707 4612 1844 4652 eum
1896 4598 2083 4652 oculis

2258 4592 2467 4652 λαϐεῖν.
2531 4597 2811 4657 Ἀτενίσας
2872 4591 2928 4650 δὲ
2985 4593 3190 4671 Πέτρος
3261 4595 3338 4660 εἰς
3394 4597 3556 4652 αὑτὸν
3616 4595 3708 4651 σὺν
3765 4602 3864 4671 τῷ

426 4702 456 4735 ιι
488 4687 696 4741 Petrus
727 4706 860 4743 cum
886 4690 1135 4748 Joanne.
1170 4688 1356 4743 dixit:
1391 4687 1600 4758 Aspice
1625 4686 1685 4740 in
1712 4702 1838 4740 nos.
1877 4693 1949 4740 At
1978 4687 2079 4742 ille

2254 4686 2472 4761 Ἰωάννῃ
2535 4685 2675 4741 εἶπε
2741 4682 2950 4759 Βλέψον
3009 4684 3086 4745 εἰς
3163 4687 3330 4758 ἡμᾶς.
3391 4686 3448 4738 Ὃ
3507 4684 3564 4741 δὶ
3621 4685 3860 4766 ἐπεῖχεν

427 4792 453 4820 ιι
490 4771 836 4830 intendebat
867 4776 928 4830 in
964 4794 1064 4833 eos
1094 4794 1339 4849 sperans
1360 4792 1422 4831 se
1445 4774 1671 4846 aliquid
1693 4781 2076 4845 accepturum

2245 4775 2450 4840 αὐτοῖς,
2511 4772 2830 4850 προσδοκῶν
2884 4795 2939 4828 τι
2993 4773 3121 4848 παρ’
3178 4772 3353 4828 αὐτῶν
3433 4769 3644 4832 λαϐεῖν.
3704 4777 3866 4834 Eine

426 4859 554 4914 «ab
587 4863 692 4915 eis.
730 4863 882 4917 Dixit
913 4873 1112 4922 autem
1147 4869 1374 4922 Petrus.
1412 4886 1440 4914 »

2250 4860 2306 4918 δὲ
2335 4862 2556 4939 Πέτρος.
2592 4887 2620 4915 ››

493 4950 797 5013 Quomodo
825 4951 1020 5007 claudi
1053 4971 1274 5011 nomen
1305 4971 1424 5010 non
1466 4953 1678 5026 ponit?
1708 4953 1854 5018 Quia
1878 4969 2074 5024 neque

2255 4956 2379 5016 Πῶς
2395 4951 2456 5007 οὑ
2486 4949 2632 5029 λέγει
2656 4951 2718 5006 τὸ
2733 4947 2905 5024 ὄνομα
2922 4953 3018 5005 τοῦ
3041 4947 3257 5024 χωλοῦ,
3277 4949 3360 5004 ὅτι
3382 4947 3506 5005 οὐδὲ
3529 4951 3579 5005 οἰ
3605 4950 3864 5010 ἀπόστο-

416 5036 565 5092 illud
592 5046 876 5094 noverant
897 5044 1362 5110 apOstoli.Homo
1382 5060 1639 5115 namque
1663 5043 1901 5114 penitus
1927 5042 2072 5113 ipsis

2232 5062 2276 5096 οι
2306 5037 2526 5116 ᾔδεισαν
2556 5040 2736 5097 αὐτόν.
2771 5037 3060 5102 Βαντελῶς
3110 5038 3214 5117 γὰρ
3247 5039 3275 5093 6
3306 5037 3592 5116 ἄνθρωπος
3640 5038 3861 5117 ἄγνω-

421 5127 662 5200 ignotus
689 5136 844 5184 erat:
869 5129 1068 5198 idque,
1093 5140 1157 5185 ut
1179 5149 1371 5203 neque
1393 5134 1663 5204 obsequii
1685 5140 1788 5187 aut
1807 5133 2069 5187 allectio-

2232 5152 2307 5193 τος
2337 5131 2403 5200 ἦν
2435 5131 2604 5203 αύτῷ.
2639 5130 2741 5186 Καὶ
2773 5133 2956 5196 τοῦτο,
2987 5126 3073 5182 ἳνα
3107 5129 3246 5202 μήτε
3291 5129 3654 5203 χαριζόμενοι
3703 5132 3863 5208 φαί-

419 5233 514 5272 nis
547 5218 734 5290 gratia
762 5217 1044 5273 sanitates
1074 5220 1358 5289 perficere
1380 5222 1713 5286 videantur,
1737 5238 1928 5294 neque
1949 5221 2071 5276 ulla

2232 5241 2404 5290 υνται,
2435 5221 2523 5275 καὶ
2553 5219 2690 5275 κατὰ
2719 5217 3089 5292 προσπάθειαν
3117 5217 3440 5292 ποιούμενοι
3487 5218 3584 5280 τὰς
3634 5218 3864 5294 ἰάσεις,

418 5307 676 5363 ﬂctionis
708 5308 966 5378 suspicio
1001 5310 1179 5363 etiam
1213 5310 1366 5380 apud
1400 5328 1498 5365 eos
1529 5313 1629 5382 qui
1671 5312 2069 5383 impudentis-

2232 5311 2323 5380 ήτε
2351 5329 2433 5371 τις
2471 5309 2697 5364 ὑπόνοια
2741 5306 3079 5381 ὑποκρίσεως
3136 5302 3277 5380 μηδὲ
3327 5306 3473 5378 παρὰ
3521 5311 3628 5363 τῶν
3678 5306 3864 5365 ἀναι-

417 5396 551 5450 simi
582 5405 720 5451 sunt
750 5398 964 5452 exoriri
997 5397 1202 5468 possit,
1225 5399 1384 5468 quod
1416 5399 1476 5453 in
1502 5402 1752 5471 gratiam
1775 5401 2068 5472 apostolo-

2232 5400 2561 5476 (υντοτάτων
2623 5391 3106 5470 ὑπολαμϐάνηται,
3168 5394 3253 5450 ὅτι
3308 5395 3447 5471 πρὸς
3505 5397 3667 5472 χάριν
3719 5403 3863 5456 τῶν

412 5501 544 5541 rum
580 5487 822 5558 quidam
853 5487 998 5559 ipsis
1029 5487 1154 5542 noti
1181 5489 1592 5561 contingerent
1612 5497 1881 5562 peractas
1908 5491 2066 5548 circa

2232 5485 2499 5545 ιοστόλων
2557 5486 2696 5548 τινες
2748 5490 2854 5540 τῶν
2940 5484 3128 5546 αὐτοῖς
3184 5485 3477 5560 γνωρίμων
3541 5485 3638 5548 τὰς
3693 5491 3855 5565 περὶ

410 5591 474 5631 se
507 5575 813 5633 sanitates.
841 5576 1148 5642 Quomodo
1182 5593 1319 5650 ergo
1349 5593 1569 5634 nomen
1600 5594 1719 5634 non
1743 5579 2064 5654 interroga-

2232 5579 2376 5643 ὃτοὺς
2434 5576 2600 5637 ἰάσεις
2661 5573 3063 5651 ὑποκρίνοιντο.
3122 5575 3246 5637 Πῶς
3306 5574 3398 5631 οὖν
3438 5573 3539 5633 οὑκ
3593 5569 3828 5650 ἔμαθον

469 5701 515 5736 ³⁸
545 5700 681 5760 Luc.
723 5717 878 5772 xvm,
913 5704 979 5760 10
1011 5719 1180 5777 seqq.
1265 5702 1308 5739 ³⁷
1337 5704 1505 5760 Joan.
1541 5719 1662 5770 xui,
1695 5705 1782 5761 30-.
1861 5702 1906 5740 ³³
1937 5706 2103 5764 Joan.
2137 5724 2230 5777 xx,
2260 5709 2315 5763 4.
