4136 6200
287 335 352 396 Il
1249 330 1650 394 GOMMENT.
1700 332 1781 394 IN
1825 331 2029 392 ACTA
2071 331 2671 396 APOSTOLORUM.

294 463 428 542 μετᾶ
454 465 556 534 τὴν
579 464 722 521 ἴασιν
752 466 817 522 τὸ
842 465 1013 538 ὄνομα
1049 482 1062 534 ;
1093 465 1219 522 Ὅτι
1272 462 1371 519 οὐκ
1398 463 1467 534 ἦν
1511 461 1696 525 αὐτοῖς
1753 459 1926 537 σχολθ

2054 463 2198 521 bant
2225 471 2361 538 post
2395 465 2593 523 datam
2625 468 2979 525 sanitatem?
3029 471 3176 536 Quia
3207 470 3391 525 otium
3417 471 3562 543 ipsis
3577 486 3701 529 non

293 553 419 630 περὶ
449 554 513 610 τά
545 552 716 628 μηδὲν
749 553 1144 611 λυσιτελοῦντα
1196 554 1680 630 κατασχολεῖσθαι.
1715 557 1837 614 Πῶς
1885 549 1942 608 δὲ

291 643 449 700 αὐτὸν
512 645 577 700 ού
658 647 1008 721 προσήγαγον
1069 643 1289 714 ἰαθῆναι
1343 649 1424 716 τῷ
1481 645 1752 721 Χριστῷ;
1810 642 1940 706 ἴσως

290 735 428 796 τινὲς
485 737 620 803 ἦσαν
698 733 919 789 ἃπιστοι
1005 735 1057 788 οἱ
1114 730 1564 808 προσεδρεύοντες
1644 738 1724 805 τῷ
1783 731 1938 807 ἱερῷ,

287 824 489 899 δπουγε
540 820 667 879 ούὸὶ
721 830 840 886 τοῖς
900 821 1233 886 ἀποστόλοις
1319 822 1482 878 αὐτὸν
1560 825 1937 899 προσήγαγον,

291 911 497 976 ἰδόντες
538 913 736 976 αὐτοὺς
793 913 1058 977 εἶσιόντας
1117 914 1205 969 καὶ
1265 914 1514 987 θαύματα
1569 913 1938 985 πεποιηκότας

288 1008 530 1062 τοιαῦτα.
561 1007 689 1062 ’Ότι
731 1003 925 1066 χωλὸς
980 1007 1046 1074 ἦν
1107 1003 1166 1060 ὲκ
1216 1003 1438 1068 ποιλίας
1493 1005 1722 1080 μητρὸς,
1768 1008 1936 1060 τοῦτο

281 1095 476 1155 πάντες
514 1094 568 1148 οἱ
596 1093 649 1148 ἐν
677 1099 757 1167 τῷ
785 1095 920 1169 ἱερῷ
947 1089 1168 1169 ᾔδεσαν.
1219 1094 1312 1149 Διὸ
1365 1092 1454 1148 καὶ
1512 1093 1587 1157 ὡς
1611 1097 1937 1172 περιφανοῦς

278 1179 432 1246 ὄντος
463 1181 546 1237 ’ἔτι
574 1187 737 1239 τοῦτο
769 1184 860 1254 ἦν,
894 1181 1020 1240 ούδὶ
1049 1188 1146 1238 τοῦ
1180 1183 1449 1256 ὀνόματος
1477 1180 1642 1238 αὐτοῦ
1698 1187 1795 1238 τοῦ
1829 1190 1936 1239 Κυ-

277 1272 399 1347 ρίου
432 1272 746 1351 ἐφρόντιζον
776 1273 914 1344 πρὸς
968 1273 1029 1329 τὸ
1082 1277 1244 1330 τοῦτο
1298 1273 1456 1328 αὐτὸν
1509 1270 1717 1329 καλεῖν.
1777 1271 1936 1330 Ἀλλ’

276 1360 428 1417 ἐνίκα
458 1362 520 1418 τὸ
546 1367 643 1418 τοῦ
672 1365 876 1426 πάθους
905 1363 994 1418 καὶ
1026 1363 1198 1434 αὐτὴν
1256 1363 1356 1432 τὴν
1410 1361 1782 1437 προσηγορίαν
1842 1360 1935 1418 αὖ·

273 1456 396 1522 τοῦ,
428 1453 520 1507 καὶ
570 1449 747 1526 ὄνομα
797 1452 944 1525 αὐτῷ
1001 1453 1079 1514 εἷς
1123 1452 1410 1528 γνώρισμα
1457 1451 1825 1526 κπεξαῖρετον
1872 1453 1937 1508 τὸ

274 1546 428 1606 σῖνος
457 1539 680 1616 ἐγίνετο.
716 1541 951 1598 Πολλῶν
979 1539 1037 1598 δὲ
1066 1541 1386 1617 θαυμάτων,
1421 1542 1497 1604 ὡς
1529 1539 1776 1614 εἴπομεν,
1833 1540 1937 1596 ὑπὸ

269 1635 380 1686 τῶν
413 1631 738 1688 ἀποστόλων
771 1631 1093 1711 γινομένων,
1153 1631 1216 1688 ού
1261 1638 1536 1708 προσῆγον
1593 1630 1754 1687 αὐτὸν
1805 1629 1936 1686 τού-

267 1742 388 1782 τοις
421 1723 475 1776 οἱ
507 1719 787 1792 Ἰουδαῖοι,
820 1722 896 1785 ὡς
927 1728 1005 1796 τῷ
1037 1727 1280 1798 Χριστῷ,
1316 1722 1440 1792 ἦτοι
1496 1722 1841 1799 φθονοῦντες,
1897 1722 1932 1792 ἢ

2055 560 2180 610 erat
2205 560 2270 611 ut
2297 562 2574 612 vacarent
2603 557 2759 613 circa
2816 575 2886 614 ea
2916 577 3048 630 qum
3107 560 3258 614 nihil
3291 559 3696 619 conferebant.

2052 646 2268 700 Verum
2302 645 2598 718 quomodo
2630 647 2800 702 illum
2830 665 2950 703 non
3002 649 3375 704 adduxerunt
3425 649 3495 704 ad
3529 651 3697 704 Chri-

2052 739 2208 790 stum
2240 740 2305 789 ut
2363 741 2674 791 sanaretur
2703 735 2730 791 ?
2774 738 3060 792 Fortassis
3109 738 3399 793 increduli
3453 739 3695 809 quidam

2050 827 2221 876 erant
2244 822 2342 893 qui
2367 822 2541 893 juxta
2564 822 2851 894 templum
2884 824 3361 891 residebant,aut
3389 825 3448 879 in
3483 842 3550 880 eo
3583 826 3697 880 mi-

2047 911 2377 966 nistrabant
2404 911 2532 966 :ubi
2558 928 2751 983 neque
2783 911 2855 967 ad
2887 913 3188 983 apostolos
3218 914 3409 984 ipsum
3433 914 3696 969 adduxe-

2046 1009 2212 1065 runt.
2246 1021 2380 1059 cum
2414 1004 2550 1059 illos
2579 1004 2806 1076 ingredi
2832 1005 3364 1076 viderent.etquod
3398 1008 3538 1062 talia
3570 1008 3697 1062 edi-

2047 1093 2278 1148 dissent
2307 1093 2616 1149 miracula.
2661 1093 2825 1159 Quod
2885 1094 3132 1148 claudus
3187 1101 3346 1150 esset
3401 1096 3472 1150 ab
3524 1102 3694 1152 utero

2044 1183 2273 1249 matris,
2306 1182 2364 1237 id
2398 1182 2678 1238 omnibus
2710 1189 2919 1237 notum
2954 1189 3081 1238 erat
3118 1184 3218 1254 qui
3251 1183 3312 1238 in
3346 1185 3568 1256 templo
3600 1186 3696 1241 de-

2044 1271 2263 1344 gebant
2295 1287 2308 1326 :
2343 1270 2476 1326 ideo
2511 1272 2688 1326 etiam
2722 1287 2856 1326 cum
2890 1271 2998 1326 hoc
3028 1271 3110 1326 ita
3140 1288 3270 1327 esse
3302 1272 3532 1327 cunctis
3567 1289 3696 1328 ma-

2045 1360 2326 1415 nifestum
2361 1367 2538 1427 esset,
2572 1377 2764 1430 neque
2797 1377 2938 1415 cura
2986 1359 3108 1414 illis
3165 1360 3275 1416 fuit
3333 1361 3404 1416 de
3453 1362 3695 1417 nomine

2046 1449 2277 1506 Domini
2313 1449 2607 1520 ipsius,ad
2640 1449 2749 1503 hoc
2773 1454 2838 1503 ut
2868 1449 3066 1520 ipsum
3097 1448 3168 1504 ab
3192 1450 3293 1504 illo
3325 1450 3696 1522 appellantes

2045 1539 2218 1596 nobis
2250 1536 2801 1612 significarent,sed
2833 1535 2904 1592 de
2940 1538 3068 1593 sola
3098 1539 3226 1608 ejus
3257 1538 3691 1607 imbecillitate,

2046 1632 2295 1702 ejusque
2341 1628 2792 1701 appellatione:
2844 1629 2944 1683 26
2997 1633 3054 1682 et
3095 1627 3221 1683 haac
3279 1628 3566 1700 aegritudo
3624 1647 3692 1686 ac

2045 1721 2329 1777 damnum
2361 1717 2581 1773 factum
2614 1717 3066 1788 estipsinomen
3098 1717 3170 1772 ad
3202 1719 3692 1790 praicipuumno-

271 1816 359 1870 καῖ
398 1811 451 1869 δ’
479 1814 756 1872 ἀπιστίαν.
791 1813 958 1871 Οῦπω
990 1817 1092 1894 γάρ
1126 1816 1379 1890 ἐνόμιζον
1427 1819 1686 1870 τοσοῦτον
1734 1813 1926 1877 αὐτοὺς

2047 1818 2288 1883 tumque
2322 1808 2634 1864 indicium.
2661 1810 2803 1862 Cum
2835 1813 3032 1862 autem
3066 1807 3254 1862 multa
3279 1809 3350 1863 ab
3403 1810 3686 1879 apostolis

273 1901 490 1979 ἰσχύειν
524 1906 984 1980 θαυματουργεῖν,

2044 1904 2363 1960 ederentur
2391 1899 2702 1964 miracula,
2734 1899 2910 1954 veluti
2944 1898 3222 1956 diximus.
3256 1915 3391 1952 eum
3422 1899 3495 1953 ad
3526 1899 3688 1970 ipsos

273 2012 397 2050 non
431 1995 1035 2064 adduxeruntJudaai,
1067 1997 1190 2053 sive
1222 1996 1381 2070 quod
1421 1995 1655 2052 Christo
1686 1994 2039 2062 inviderent,
2069 1994 2188 2050 sive
2221 1996 2462 2065 propter
2508 1988 2988 2045 incredulitatem
3023 2004 3035 2042 :
3075 1986 3343 2042 nondum
3392 1987 3551 2044 enim
3585 2004 3686 2044 eos

269 2084 718 2141 arbitrabantur
747 2104 920 2158 posse
952 2087 1183 2159 Operari
1218 2092 1445 2143 tantum
1478 2085 1855 2142 miraculum.

340 2196 366 2222 α
396 2171 685 2250 Ἀργύριον
716 2173 806 2228 καὶ
840 2174 1064 2249 χρυσίον
1094 2173 1204 2250 οὐχ
1237 2174 1452 2255 ὑπάρχε
1490 2192 1605 2247 μοι·
1635 2171 1665 2227 δ
1689 2168 1746 2228 δὲ
1780 2169 1917 2244 ἕλω,

276 2285 299 2313 ι
339 2263 498 2320 τοῦτό
531 2285 618 2319 σοι
650 2261 878 2338 δίδωμι.
918 2289 946 2315 »

343 2354 522 2410 Τοῦτο
570 2355 670 2423 τήν
697 2354 936 2424 παντελῆ
990 2357 1094 2410 τοῦ
1152 2358 1365 2434 χρυσοῦ
1426 2353 1602 2410 αὐτῶν
1659 2352 1919 2423 ἆκτησίαν

269 2439 541 2520 ἐμφαίνει.
574 2445 650 2500 Ού
679 2445 805 2518 γάρ,
839 2444 914 2508 ὡς
943 2441 1213 2507 πολλάκις
1243 2446 1408 2516 ἡμεῖς
1437 2463 1631 2522 φαμεν,
1662 2443 1747 2499 ’ὀτι
1793 2439 1922 2498 Ὧδε

269 2529 368 2585 οῦκ
400 2527 543 2606 ἔγω,
568 2532 712 2588 οὕτω
741 2533 832 2589 καὶ
857 2531 1038 2601 αὐτὸς,
1073 2529 1226 2600 ἀλλ’,
1257 2557 1284 2585 ‹‹
1318 2531 1440 2607 Οὐχ
1474 2531 1732 2612 ὑπάρχει,
1766 2553 1920 2606 μοι,››

271 2624 433 2702 φησὶ,
464 2625 528 2679 τὸ
559 2625 734 2694 πάντη
771 2625 848 2696 μή
881 2623 1093 2678 ὑπεῖναι
1123 2621 1272 2695 αὐτῷ
1313 2621 1538 2698 χρυσίον
1572 2619 1778 2690 δηλῶν.

345 2828 373 2855 ‹‹
410 2805 501 2860 Ἐν
530 2807 611 2876 τῷ
642 2801 871 2876 ὀνόματι
904 2802 1084 2870 Ἰησοῦ
1139 2802 1375 2876 Χριστοῦ
1429 2804 1526 2856 τοῦ
1580 2799 1921 2876 Ναζωραίου,

278 2916 304 2948 ι
335 2892 548 2971 ἔγειραι
605 2890 696 2947 καὶ
754 2891 1058 2965 περιπάτει.
1110 2891 1214 2949 Καὶ
1271 2892 1546 2964 κρατήσας
1607 2889 1765 2946 αὐτὸν
1822 2892 1922 2959 τῆς

267 3009 292 3034 οι
329 2979 509 3053 δεξιᾶς
545 2982 753 3057 χειρὸς,
786 2977 994 3056 ἤγειρε.
1032 2986 1385 3056 Παραχρῆμα
1416 2977 1471 3035 δί
1520 2978 1920 3052 ἐστερεώθησαν

279 3097 301 3123 ο
333 3071 507 3127 αὐτοῦ
565 3071 620 3126 αἱ
675 3071 860 3146 βάσεις
917 3083 1006 3125 καί
1046 3070 1112 3124 τά
1168 3071 1362 3146 σφυρά·
1423 3068 1512 3124 καὶ
1565 3065 1925 3142 ἐξαλλόμενος

272 3185 300 3214 α
329 3159 460 3232 ἔστη
493 3161 585 3216 καὶ
615 3158 947 3236 περιεπάτει.
982 3159 1090 3216 Καὶ
1116 3158 1344 3228 εἰσῆλθε
1402 3157 1494 3214 σὺν
1542 3157 1725 3220 αὐτοῖς
1754 3157 1831 3220 εἲς
1862 3159 1924 3214 τὸ

2104 2173 2201 2239 llI,
2234 2174 2284 2226 6.
2317 2193 2343 2222 ‹‹
2383 2173 2698 2241 Argentum
2731 2173 2790 2222 et
2809 2183 3019 2222 aurum
3051 2182 3171 2222 non
3205 2171 3296 2222 est
3324 2165 3472 2222 mihi
3499 2167 3685 2238 :quod

2041 2285 2066 2316 ιι
2099 2268 2299 2318 autem
2333 2260 2546 2324 habeo,
2581 2259 2691 2314 hoc
2723 2257 2827 2312 tibi
2862 2257 2956 2312 do.
2997 2279 3023 2305 »

2105 2352 2222 2406 Hoc
2253 2349 2516 2421 ipsorum
2541 2345 2944 2403 omnimodam
2985 2347 3114 2401 auri
3144 2347 3407 2417 inopiam
3429 2345 3678 2404 demon-

2031 2443 2198 2496 strat.
2231 2440 2432 2510 Neque
2463 2435 2643 2501 enim,
2679 2434 3181 2506 quemadmodum
3206 2451 3314 2490 nos
3335 2434 3678 2506 frequenter

2031 2529 2307 2594 dicimus,
2340 2528 2458 2582 Hoc
2479 2527 2609 2582 loco
2642 2530 2743 2580 aut
2772 2524 2881 2580 hoc
2911 2530 3174 2596 tempore
3206 2540 3326 2580 non
3357 2524 3567 2592 habeo,
3595 2526 3680 2582 ita

2031 2625 2091 2675 et
2112 2619 2237 2690 ipse
2267 2634 2279 2671 :
2314 2616 2456 2672 sed:
2492 2639 2519 2665 ‹‹
2555 2617 2678 2670 Non
2739 2618 2828 2668 est
2883 2613 3028 2668 mihi
3064 2629 3076 2668 :
3113 2637 3138 2662 ››
3174 2613 3518 2687 signiﬁcans
3547 2631 3676 2672 om-

2031 2709 2175 2764 nino
2209 2723 2272 2761 se
2302 2723 2423 2761 non
2456 2703 2761 2776 possidere
2793 2720 3024 2759 aurum.

2103 2797 2201 2862 IlI,
2228 2798 2380 2851 6-10.
2424 2816 2452 2844 «
2515 2796 2578 2848 ln
2635 2793 2877 2848 nomine
2933 2793 3069 2848 Jesu
3127 2791 3343 2847 Christi
3399 2792 3678 2849 Nazareni

2033 2909 2061 2938 α
2102 2902 2275 2960 surge
2333 2889 2391 2940 et
2441 2883 2702 2939 ambula.
2757 2884 2828 2937 Et
2880 2882 3253 2953 apprehensa
3310 2897 3489 2937 manu
3549 2883 3679 2952 ejus

2039 3001 2059 3027 ι
2095 2977 2356 3035 dextera.
2382 2974 2569 3030 erexit
2599 2971 3039 3028 eum.Protinus
3069 2976 3264 3025 autem
3295 2970 3677 3026 consolidatae

2036 3088 2062 3115 ‹‹
2108 3071 2246 3120 sunt
2277 3063 2494 3134 plantaa
2527 3061 2689 3115 illius
2720 3075 2788 3114 ac
2819 3059 2943 3121 tali,
2980 3064 3038 3112 et
3086 3058 3368 3113 exsiliens
3428 3058 3591 3113 stetit
3622 3064 3680 3113 et

2041 3176 2068 3204 (ι
2100 3150 2460 3208 ambulabat.
2485 3150 2554 3203 Et
2584 3149 2886 3220 ingressus
2912 3151 3003 3202 est
3031 3162 3166 3201 cum
3199 3146 3284 3200 eis
3307 3146 3366 3200 in
3389 3147 3679 3218 templum

270 3276 298 3302 α
326 3250 475 3323 ἱερὸν
505 3254 822 3323 περιπατῶν
851 3248 942 3304 καὶ
973 3247 1281 3321 ἀλλόμενος
1311 3247 1400 3303 καὶ
1442 3247 1600 3302 αἰνῶν
1634 3247 1724 3303 τὸν
1767 3247 1917 3302 Θεόν·

2047 3266 2064 3292 ς‹
2098 3240 2477 3297 inambulans
2499 3254 2566 3293 ac
2599 3236 2819 3292 saliens
2844 3235 3445 3307 laudansque-Deum.
3482 3235 3548 3290 Et
3603 3236 3679 3290 vi-

273 3365 294 3393 ι
329 3340 434 3398 Καὲ
462 3337 602 3396 εἶδεν
632 3339 793 3394 αὐτὸν
822 3344 925 3400 πᾶς
966 3339 995 3394 6
1055 3339 1186 3400 Λαὸς
1244 3341 1639 3412 περιπατοῦντα
1686 3335 1775 3390 καὶ
1833 3335 1918 3391 αἶ’-

267 3454 294 3482 α
325 3433 526 3486 νοῦντα
555 3429 650 3486 τὸν
703 3429 854 3486 Θεόν.
913 3427 1310 3507 Ἐπεγίνωσκόν
1360 3447 1419 3482 τε
1474 3425 1656 3496 αὐτὸν,
1689 3427 1774 3481 ὅτι
1825 3425 1919 3480 οῦ·-

269 3544 298 3571 ε
334 3540 430 3580 τος
460 3521 525 3590 ἦν
555 3521 585 3575 6
643 3518 780 3594 πρὸς
809 3522 908 3587 τήν
937 3517 1316 3591 ἐλεημοσύνην
1347 3518 1654 3590 καθήμενος
1703 3514 1790 3570 ἐπὶ
1847 3518 1916 3590 τῇ

275 3637 300 3663 ει
337 3610 526 3682 Ὡραίᾳ
551 3609 702 3685 πύλῃ
734 3613 832 3665 τοῦ
886 3610 1054 3683 ἱεροῦ.
1115 3607 1220 3667 Καὶ
1269 3605 1615 3678 ἐπλήσθησαν
1677 3600 1922 3682 θάμϐους

273 3725 302 3752 ε
331 3700 428 3756 καὶ
459 3699 760 3761 ἐκστάσεως
791 3699 879 3754 ἐπὶ
907 3702 986 3770 τῷ
1017 3693 1388 3770 συμϐεϐηκότι
1420 3697 1590 3770 αύτῷ.

339 3793 514 3864 Ὅπερ
566 3790 595 3844 6
646 3788 876 3864 Χριστὸς
931 3785 1207 3849 πολλάκις
1266 3785 1352 3843 ἐπὶ
1404 3791 1510 3842 τῶν
1573 3783 1918 3858 ἀτελὲστερον

261 3877 623 3956 διακειμένων
680 3879 744 3935 ού
804 3878 954 3954 λόγῳ
1017 3877 1178 3952 μόνον
1235 3878 1570 3952 θεραπεύων,
1626 3873 1772 3931 ἀλλᾶ
1831 3877 1922 3932 καὶ

263 3970 605 4042 ἁπτόμενος,
636 3971 802 4026 τοῦτο
859 3967 948 4022 καὶ
978 3971 1070 4022 νῦν
1123 3968 1151 4024 6
1204 3969 1407 4042 Πέτρος
1457 3971 1625 4023 ποιεῖ.
1657 3967 1808 4040 Ἅμα
1865 3960 1924 4019 δὶ

265 4063 358 4116 καὶ
394 4057 488 4116 διὰ
545 4063 640 4116 τοῦ
697 4058 920 4133 ἐγεῖραι,
976 4056 1039 4114 τό
1100 4065 1200 4127 τῆς
1250 4057 1592 4119 ἀναστάσεως
1638 4059 1924 4111 πιστοῦται

271 4152 603 4224 μυστήριον,
633 4146 726 4203 καὶ
751 4146 840 4202 ’ἶνα
873 4148 948 4221 μὴ
982 4145 1114 4223 δόξῃ
1145 4146 1250 4203 ἀπὸ
1306 4147 1654 4219 ταυτομάτου
1703 4145 1737 4216 ἢ
1772 4143 1926 4200 αύτο-

269 4237 666 4320 σχεδιάζοντος
700 4239 765 4294 τὸ
821 4237 1135 4312 γενόμενον.
1195 4235 1406 4292 Ἦλατο
1467 4233 1524 4291 δὲ
1578 4234 1830 4304 ἀναστάς,
1888 4233 1925 4304 ἢ

262 4329 514 4384 ἀπιστῶν
545 4327 609 4383 τὸ
639 4322 946 4400 γινόμενον,
1012 4325 1103 4382 καὶ
1161 4326 1432 4400 πειράζων
1467 4324 1543 4386 εἰς
1591 4321 1926 4404 άσφαλὲστευ

263 4438 361 4490 ρον
393 4417 489 4472 καὶ
553 4413 897 4491 ἐδραιότερον
949 4416 1048 4483 τήν
1109 4415 1287 4489 βάσιν,
1345 4411 1380 4483 ἤ
1441 4409 1567 4468 οὐδὲ
1613 4415 1929 4489 περιπατεῖν

263 4505 415 4582 ᾔδει.
448 4505 532 4562 Τὸ
562 4503 642 4576 δὶ,
680 4527 702 4555 ι
753 4504 1109 4579 ἀπεγξνωσκον
1152 4502 1338 4573 αὐτὸν,
1399 4527 1427 4554 ››
1482 4501 1823 4575 πρόσκειται,
1855 4501 1930 4565 ὡς

264 4596 356 4652 καὶ
386 4591 755 4671 άγνοούμεὲον
789 4593 988 4650 λοιπὸν
1047 4592 1152 4649 ἀπὸ
1209 4596 1305 4649 τοῦ
1363 4592 1656 4666 θαύματος.
1712 4592 1782 4649 ’Ὀ
1838 4590 1928 4645 καὶ

269 4686 359 4742 ἰπὶ
392 4689 498 4742 τοῦ
529 4683 590 4741 ix
617 4691 834 4758 γενετῆς
871 4681 1102 4762 τυφλοῦ.
1157 4681 1460 4757 Ἐἷώθαμεν
1520 4677 1577 4737 δὲ
1623 4679 1713 4736 καὶ
1762 4680 1927 4754 ἡμεῖς

267 4779 447 4852 ταύτῃ
482 4781 793 4854 κεχρῆσθαι
823 4777 892 4847 τῇ
925 4772 1066 4847 λέξει
1100 4771 1189 4828 ἐπὶ
1220 4777 1328 4828 τῶν
1393 4768 1557 4844 μόλις
1593 4768 1928 4846 γνωριζομέ-

271 4887 406 4923 νων.
442 4890 472 4917 ιι
510 4867 826 4938 Περιπατῶν
853 4862 944 4918 καὶ
974 4860 1310 4937 ἁλλόμενος.
1367 4883 1394 4911 ιι
1422 4865 1510 4921 Ὠς
1568 4859 1932 4936 ἀγνοούμενον

279 4952 480 5030 σχεδὸν
513 4953 578 5008 τὸ
607 4951 805 5008 λοιπὸν
835 4953 943 5008 ἀπὸ
973 4955 1069 5006 τοῦ
1127 4948 1391 5006 ἅλλεσθαι
1430 4949 1522 5005 τὸν
1583 4949 1687 5025 πρὸ
1733 4948 1929 5004 τούτου

274 5044 442 5121 ἀργὸν
473 5042 565 5099 καὶ
596 5049 699 5113 τῆς
732 5040 927 5118 ἑτέρων
984 5038 1242 5116 δεόμενον
1295 5037 1549 5115 βοηθείας
1607 5039 1746 5103 πρὸς
1778 5036 1932 5113 μετά-

278 5132 462 5196 ϐασιν,

358 5249 386 5278 α
417 5229 756 5297 Κρατοῦντος
788 5221 847 5279 δὲ
885 5227 981 5278 τοῦ
1037 5221 1277 5285 ἳαθὲντος
1333 5219 1529 5295 χωλοῦ
1584 5219 1675 5275 τὸν
1729 5216 1930 5294 Πέτρον

281 5340 310 5369 α
339 5324 435 5374 καὶ
466 5315 748 5386 Ἰωάννην,
779 5309 1078 5388 συνέδραμε
1105 5310 1244 5387 πρὸς
1301 5308 1496 5372 αὐτοὺς
1552 5313 1655 5372 πᾶς
1712 5309 1741 5365 6
1800 5307 1934 5370 λαὸς

291 5433 316 5460 ει
352 5407 443 5466 ἰπὶ
473 5409 544 5479 τῇ
577 5409 708 5474 στοᾷ
732 5406 802 5477 τῇ
831 5400 1147 5475 καλουμένῃ
1206 5397 1594 5472 Σολομῶντος,
1648 5395 1936 5472 ἔκθαμϐοι.

279 5524 306 5549 ι
337 5496 497 5556 Ἰδὼν
524 5492 582 5553 δὲ
615 5494 817 5570 Hirpos
848 5490 1174 5568 ἀπεκρίνατο
1206 5489 1346 5564 πρὸς
1367 5488 1460 5547 τὸν
1491 5487 1644 5547 λαόν.
1682 5512 1709 5540 η

359 5684 409 5728 ³⁸
443 5686 614 5749 Joen.
646 5697 723 5756 Ix,
754 5683 781 5741 1
817 5697 984 5757 seqq.

2031 3356 2060 3386 α
2091 3333 2179 3388 dit
2199 3347 2330 3387 eum
2365 3325 2946 3398 universuspopulus
2978 3325 3452 3382 inambulantem
3471 3326 3682 3383 aclau-

2033 3445 2056 3475 α
2091 3423 2331 3477 dantem
2364 3420 2570 3475 Deum.
2603 3419 3098 3488 Agnoveruntque
3156 3414 3329 3471 illum
3360 3417 3517 3487 quod
3550 3417 3676 3489 ipse

2029 3535 2058 3563 κ
2095 3516 2250 3566 esset
2279 3511 2328 3564 is
2350 3508 2450 3580 qui
2482 3507 2555 3563 ad
2589 3506 3029 3577 eleemosynam
3061 3503 3304 3560 sedebat
3333 3505 3406 3559 ad
3439 3507 3678 3578 Specio-

2030 3623 2059 3654 α
2092 3617 2217 3658 sam
2247 3605 2476 3672 portam
2509 3595 2736 3667 templi.
2771 3596 2841 3651 Et
2871 3593 3100 3666 impleti
3127 3601 3265 3651 sunt
3285 3595 3679 3654 admiratione

2036 3715 2058 3742 α
2093 3696 2153 3747 et
2173 3695 2413 3760 stupore
2447 3703 2627 3759 super
2658 3702 2726 3741 eo
2751 3683 2911 3755 quod
2941 3683 3270 3755 contigerat
3300 3683 3388 3738 illi
3445 3707 3472 3732 ››

2103 3779 2268 3846 Quod
2294 3778 2561 3834 Christus
2584 3776 2926 3846 frequenter
2956 3780 3195 3846 propter
3215 3774 3292 3827 im
3304 3773 3681 3844 perfectiores

2033 3869 2306 3930 faciebat.
2339 3884 2459 3922 non
2490 3865 2615 3922 solo
2648 3880 2921 3920 sermone
2946 3879 3179 3922 curans.
3215 3862 3320 3918 sed
3369 3869 3427 3918 et
3484 3868 3679 3933 tactu;

2035 3960 2144 4018 hoc
2175 3974 2333 4014 nunc
2361 3963 2420 4013 et
2439 3957 2648 4012 Petrus
2676 3953 2850 4009 facit:
2883 3952 3181 4024 simulque
3231 3968 3336 4025 per
3381 3951 3494 4008 hoc
3525 3953 3684 4026 quod

2033 4049 2226 4121 erigit,
2251 4045 2706 4104 resurrectionis
2739 4042 3058 4098 confirmat
3090 4042 3459 4114 mysterium,
3493 4049 3553 4098 et
3609 4059 3684 4100 ne

2034 4138 2302 4193 videatur
2330 4136 2550 4190 factum
2583 4133 2655 4188 ab
2689 4148 2756 4186 eo
2789 4131 2888 4203 qui
2923 4146 3040 4185 non
3074 4138 3310 4200 rogatus
3341 4148 3469 4187 sese
3501 4132 3684 4186 ultro-

2037 4242 2186 4284 neus
2216 4224 2584 4293 ingessisset.
2620 4223 2863 4275 Erectus
2894 4226 3092 4275 autem
3123 4219 3392 4281 saliebat.
3427 4220 3516 4274 vel
3549 4221 3685 4275 facti

2037 4313 2231 4372 adhuc
2262 4310 2626 4375 incredulus,
2663 4315 2721 4363 et
2772 4314 3006 4362 tentans
3040 4307 3112 4362 ad
3141 4308 3462 4364 cautiorem
3498 4314 3557 4361 et
3589 4308 3686 4361 flr-

2038 4405 2287 4462 miorem
2318 4416 2586 4475 gressum
2621 4416 2634 4453 :
2669 4405 2770 4454 aut
2799 4397 2940 4469 quia
2991 4413 3064 4451 ne
3097 4397 3406 4452 ambulare
3445 4395 3688 4466 quidem

2039 4497 2300 4551 noverat.
2343 4489 2622 4546 Additum
2663 4504 2796 4543 vero
2829 4493 2954 4541 est:
2993 4509 3012 4533 ι
3051 4484 3686 4557 Αεηονετυῐιιὶηυιῐιμ)

2039 4582 2352 4660 quasijam
2383 4586 2624 4653 propter
2651 4576 3003 4633 miraculum
3036 4575 3269 4646 ignotus
3301 4573 3688 4630 esset.Simile

2039 4659 2275 4749 quoque
2306 4669 2522 4727 accidit
2555 4667 2625 4722 de
2656 4683 2811 4722 caeco
2872 4681 2906 4719 a
2965 4662 3265 4718 nativitate
3295 4659 3361 4715 ⁸9.
3418 4661 3688 4718 Solemus

2038 4771 2236 4822 autem
2269 4768 2327 4817 et
2357 4777 2465 4816 nos
2495 4759 2605 4814 hac
2636 4757 2721 4813 uti
2752 4754 3034 4818 dictione,
3079 4750 3459 4825 Ἐπιγνώσκω,
3493 4752 3554 4807 in
3597 4753 3689 4808 his

2040 4871 2171 4926 quas
2201 4852 2295 4906 vix
2325 4851 2785 4922 cognoscuntur.
2819 4866 2847 4892 «
2884 4840 3266 4897 inambulans
3298 4857 3366 4896 ac
3395 4841 3617 4897 saliens
3638 4858 3689 4895 :»

2043 4941 2208 5016 quasi
2235 4941 2362 5011 jam
2392 4941 2637 5010 prapter
2669 4932 2889 4988 saltum
2920 4929 3353 5003 propemodum
3384 4929 3691 5002 ignorare-

2045 5039 2138 5088 tur
2169 5030 2217 5084 is
2246 5028 2347 5102 qui
2381 5024 2555 5098 paulo
2579 5027 2715 5076 ante
2752 5019 2898 5074 adeo
2949 5017 3154 5074 tardus
3205 5025 3332 5074 erat
3360 5024 3426 5074 ut
3451 5019 3523 5075 ad
3554 5036 3694 5092 pro-

2043 5135 2312 5197 gressum
2344 5115 2599 5171 aliorum
2632 5115 2837 5184 egeret
2869 5107 3110 5164 auxilio.

2116 5210 2213 5272 IIl,
2251 5210 2336 5264 11.
2365 5207 2448 5259 12.
2482 5224 2510 5252 ‹‹
2543 5203 2688 5258 Cum
2717 5205 2944 5255 teneret
2977 5205 3172 5254 autem
3203 5196 3580 5271 claudus.qui
3601 5216 3698 5255 sa—

2046 5323 2075 5352 «
2109 5303 2284 5355 natus
2315 5293 2777 5361 fuerat,Petrum
2809 5296 2868 5345 et
2895 5290 3204 5348 Joannem.
3225 5289 3489 5343 cucurrit
3507 5288 3580 5343 ad
3595 5305 3696 5345 eos

2048 5413 2077 5440 «
2111 5393 2267 5444 totus
2297 5383 2550 5458 populus
2583 5381 2944 5454 stupefactus
2964 5377 3037 5435 ad
3067 5379 3357 5451 porticum
3386 5395 3516 5450 quae
3538 5380 3694 5436 dice-

2049 5502 2076 5530 ‹‹
2105 5477 2280 5533 batur
2311 5473 2664 5530 Solomonis.
2694 5471 2948 5527 lntuitus
2979 5475 3177 5525 autem
3209 5467 3416 5524 Petrus
3451 5486 3696 5544 respon-

2051 5591 2079 5621 κ
2112 5568 2200 5624 dit
2227 5567 2301 5624 ad
2329 5563 2637 5641 populum.
2671 5586 2700 5614 ››
