4134 6196
375 295 452 356 83
1499 277 1751 340 (ECUM
1766 274 1924 338 ΕΝΙΙ
1967 275 2277 338 'l‘RlCC/E
2324 275 2697 339 EPlSCOPl.
3715 270 3795 332 84

451 428 546 485 2'1
582 422 843 483 Tenebat
872 415 1176 490 apostolos
1199 420 1332 486 post
1373 411 1665 468 redditam
1690 411 2031 477 sanitatem,
2064 413 2116 478 Α

379 519 473 576 vel
507 533 577 572 ex
608 505 1226 576 benevolentia,quasi
1252 504 1518 575 plausum
1548 507 1605 556 et
1635 501 1893 554 favorem
1913 499 2034 553 illis

384 598 833 665 concilians.vel
864 595 1146 650 omnibus
1179 591 1500 648 ostendens
1534 607 1634 644 eos
1660 589 1758 660 qui
1780 605 1841 643 se
1864 605 2036 642 sana-

383 699 593 752 verant
621 710 634 754 ;
669 695 772 745 aut
801 686 1139 758 suspicatus
1172 684 1330 754 quod
1364 683 1411 736 si
1445 680 1517 735 ab
1551 680 1637 734 eis
1669 680 2040 748 relinquere-

390 797 508 850 tur,
541 798 779 839 rursum
811 796 844 834 a
873 777 1122 849 pristino
1183 781 1410 829 natura:
1451 772 1588 827 vitio
1621 771 2040 840 corriperelur.

390 872 807 933 Arbitrabatur
837 868 996 922 enim
1057 883 1118 920 se
1181 871 1428 919 eatenus
1494 860 1696 915 morbo
1729 859 2044 914 liberatum

393 980 542 1026 esse,
573 962 714 1017 dum
746 961 907 1031 ipsos
931 960 1179 1017 teneret,
1207 961 1266 1007 et
1286 953 1358 1008 ab
1392 952 1476 1006 eis
1531 956 2000 1005 contrectaretur
2030 965 2043 1004 :

393 1054 649 1112 maxime
673 1049 832 1122 quod
865 1045 1174 1102 Petrusita
1204 1043 1376 1098 illum
1411 1039 1689 1114 erigendo
1721 1044 2044 1094 curaverat.

393 1164 420 1194 ιι
437 1142 524 1198 Ad
556 1139 848 1213 porticum
879 1152 1008 1206 qua:
1041 1133 1351 1188 dicebatur
1374 1127 2047 1186 Salomonis.»Solah.-.ec

392 1231 658 1305 porticus
691 1228 1001 1297 supererat
1025 1239 1060 1277 a
1085 1221 1418 1277 Salomonis
1449 1217 2050 1273 aadificationeExus-

397 1324 558 1376 serat
585 1317 744 1373 enim
770 1313 1058 1385 templum
1083 1309 1629 1366 Nabuchodonosor
1652 1323 1666 1360 :
1695 1322 2054 1376 rursumque

404 1409 696 1465 aediﬁcare
721 1405 986 1476 jusserat
1014 1401 1196 1470 Cyrus
1228 1401 1427 1453 Persa.

477 1496 570 1563 ΙΙΙ,
599 1497 685 1548 12.
720 1514 748 1541 ‹‹
787 1491 903 1544 Viri
941 1485 1247 1552 Israelitm,
1297 1485 1440 1557 quid
1473 1485 1851 1540 admiramini
1880 1501 2059 1557 super

399 1607 428 1636 «
452 1581 604 1641 hoc?
635 1584 736 1635 aut
769 1594 877 1632 nos
907 1575 1051 1646 quid
1082 1573 1294 1629 deﬁxis
1317 1574 1509 1629 oculis
1541 1574 2057 1646 intuemini.quasi

403 1694 430 1727 α
457 1668 698 1744 propria
727 1665 1000 1739 potentia
1030 1670 1131 1720 aut
1161 1665 1450 1737 religione
1475 1664 1852 1720 effecerimus
1877 1671 1943 1719 ut
1963 1665 2059 1720 hic

402 1783 431 1813 ιι
456 1757 796 1817 ambularet
823 1755 851 1811 ?
882 1776 911 1804 »

474 1848 664 1920 Ipsius
694 1845 879 1901 Israel
928 1843 1262 1915 appellatio
1296 1841 1548 1897 duarum
1580 1860 1779 1899 rerum
1813 1843 2072 1915 suggerit

2222 409 2464 479 Ἐκράτει
2494 408 2622 473 τοὺς
2652 406 2997 465 ἀποστολους
3055 405 3188 476 μετά
3240 405 3339 472 τὴν
3392 400 3555 472 ἴασιν,
3595 400 3632 472 ἤ
3690 403 3798 460 ἀπὸ

2149 496 2359 559 εὐνοίας
2389 496 2568 574 ὥσπερ
2603 495 2874 577 εὐφημίαν
2929 494 3116 555 αὐτοῖς
3173 491 3419 562 πλέκων,
3481 494 3572 548 καὶ
3606 489 3806 550 ἐπιδει-

2147 587 2275 647 κνὺς
2311 581 2474 641 ἅπασι
2500 585 2626 646 τοὺς
2642 593 2916 660 σωτῆρας,
2945 583 2980 652 ἤ
3001 585 3244 639 ὑπονοῶν
3265 583 3359 652 ὡς,
3382 581 3426 638 εί
3445 581 3801 663 ἀπολειφθείη

2150 673 2346 744 αὐτῶν,
2378 673 2544 731 πάλιν
2576 675 2678 728 ὑπὸ
2712 679 2807 728 τοῦ
2837 674 3043 736 πάθους
3081 671 3485 748 καταληφθείη.
3548 673 3800 746 Ἐνόμιζε

2150 765 2251 838 γὰρ
2289 766 2458 839 μέχρι
2487 765 2681 818 τούτου
2713 760 3076 837 ἀπηλλάχθαι
3106 766 3204 815 τοῦ
3233 762 3460 826 πάθους,
3509 762 3711 836 μέχρις
3748 760 3806 816 ἂν

2154 854 2366 928 κατέχῃ
2399 852 2618 920 αὐτοὺς,
2648 852 2737 907 καὶ
2770 851 3071 929 ἐφάπτηται
3107 851 3306 918 αὐτῶν,
3334 849 3576 925 μάλιστα
3605 851 3688 905 ὅτι
3715 851 3804 906 καὶ

2157 944 2185 997 6
2221 945 2418 1015 ΙΙέτρος
2445 944 2718 1014 κρατήσας
2750 941 2912 996 αὐτὸν
2966 940 3137 1003 οὕτως
3198 940 3409 995 ἰάσατο.
3469 964 3489 989 α
3553 939 3680 997 Ἐπὶ
3736 941 3806 1013 τῇ

2157 1039 2289 1104 στοᾷ
2319 1037 2387 1106 τῇ
2410 1031 2748 1107 καλουμένῃ.
2786 1058 2812 1082 ››
2842 1033 2990 1102 Αῧτη
3030 1031 3169 1106 μόνη
3205 1031 3335 1086 στοὰ
3367 1029 3552 1086 ἵστατο
3579 1030 3686 1085 ἀπὸ
3706 1035 3809 1099 τῆς

2159 1129 2493 1190 κατασκευῆς
2572 1122 2960 1195 Σολομῶντος.
3047 1118 3340 1195 Ἐνέπρησε
3405 1120 3508 1195 γὰρ
3547 1120 3609 1175 τὸ
3666 1121 3814 1195 ἱερὸν

2161 1209 2694 1290 Ναϐουχοδονὸσωρ,
2727 1213 2817 1268 καὶ
2850 1209 3177 1286 ᾠκοδόμησε
3210 1216 3384 1287 Κύρος
3435 1212 3462 1266 6
3506 1209 3738 1288 Πέρσης.

2237 1511 2266 1539 ‹‹
2300 1484 2531 1561 ’Ἄνδρες
2586 1485 2949 1560 Ἰσραηλῖται,
2997 1484 3050 1539 τί
3099 1485 3403 1557 θαυμάζετε
3448 1482 3537 1538 ἐπὶ
3588 1483 3816 1555 τοὺτῳς

2169 1602 2197 1632 ‹‹
2225 1575 2260 1646 ἢ
2291 1578 2426 1650 ἡμῖν
2457 1575 2508 1631 τί
2553 1575 2822 1645 ἀτενίζετε
2879 1573 2955 1636 ὠς
3019 1571 3130 1645 ἰδίᾳ
3189 1571 3440 1646 δυνάμει,
3486 1575 3520 1644 ἢ
3581 1567 3826 1643 εὐσεϐείᾳ

2169 1690 2197 1718 ‹‹
2230 1665 2582 1735 πεποιηκόσι,
2615 1668 2711 1718 τοῦ
2743 1667 3060 1739 περιπατεῖν
3096 1661 3254 1720 αὐτόν
3292 1685 3307 1729 ;
3335 1686 3362 1713 ››

2249 1851 2311 1902 Ἡ
2340 1849 2436 1901 τοῦ
2467 1841 2689 1919 ’ίσραήλ
2745 1842 3092 1921 προσηγορία
3145 1840 3331 1912 διττὴν
3390 1835 3697 1897 ὑποϐάλλει
3728 1842 3828 1909 τῆν

411 1936 806 2001 intellectum,
840 1950 1056 2004 nempe
1079 1931 1272 1986 laudis
1303 1948 1338 1986 a
1365 1931 1541 1986 Jacob
1575 1933 1667 1987 cui
1708 1933 1781 1987 ob
1807 1933 1904 1986 Dei
1929 1931 2072 1986 obe-

2203 1930 2435 2009 ῗκληψιν·
2497 1933 2742 2000 ἐπαίνου,
2802 1932 2906 1988 ἀπὸ
2965 1937 3062 1987 τοῦ
3122 1925 3340 2002 Ἰακὼϐ,
3408 1931 3453 2003 ᾧ
3505 1929 3836 1995 θεοπειθείας

417 2025 704 2083 dientiam
735 2021 1054 2094 appellatio
1090 2020 1271 2074 Israel
1303 2020 1580 2091 adaptata
1608 2025 1716 2087 est,
1741 2019 2073 2075 abinferio-

418 2114 585 2171 ribus
615 2111 895 2167 detractis
925 2110 1001 2165 ad
1051 2108 1353 2175 sublimia,
1415 2108 1699 2178 caelestia,
1758 2108 1956 2164 divina
2007 2126 2076 2165 ac

419 2201 858 2275 intelligibilia:
886 2206 945 2256 et
965 2199 1362 2256 accusationis
1394 2200 1640 2254 seminis
1673 2201 1802 2272 ejus
1829 2199 1900 2254 ab
1916 2200 2076 2255 exitu

421 2311 492 2352 ex
522 2290 947 2364 A3gypto,quod
980 2306 1286 2360 nunquam
1321 2290 1662 2360 persuaderi
1697 2289 2080 2361 poterat.ple-

422 2399 566 2441 num
600 2397 836 2446 semper
887 2379 1260 2434 irritationis.
1297 2380 1376 2435 Ex
1407 2385 1660 2450 utroque
1693 2395 1827 2452 ergo
1860 2395 2080 2434 nomen

421 2473 604 2530 Israel
636 2471 758 2526 illis
789 2469 1000 2525 tribuit
1033 2485 1045 2524 :
1081 2469 1220 2524 hinc
1251 2469 1526 2524 videlicet
1583 2469 2080 2535 erubescentiam,

423 2563 582 2636 quod
605 2563 722 2617 Deo
749 2577 869 2616 non
900 2564 1169 2631 pareant.
1211 2564 1277 2613 ut
1309 2559 1652 2630 progenitor
1678 2575 1884 2614 eorum
1915 2559 2080 2613 fece-

429 2659 570 2710 rat.
607 2651 774 2706 illinc
824 2651 1002 2706 etiam
1052 2649 1471 2720 perditionem,
1531 2654 1596 2703 ut
1643 2649 1742 2720 qui
1773 2651 2082 2721 Egyptum

439 2743 659 2816 egressi
691 2746 832 2797 sunt
862 2756 972 2796 nec
1000 2740 1073 2796 ad
1107 2741 1459 2811 promissam
1489 2739 1701 2794 servati
1734 2745 1875 2794 sunt
1905 2740 2084 2794 hatre-

435 2833 686 2889 ditatem
705 2847 717 2885 :
735 2846 988 2902 quorum
1007 2829 1259 2884 duorum
1291 2829 1737 2884 reminiscentia
1751 2845 1855 2900 per
1868 2845 2087 2884 nomen

441 2921 625 2980 Israel
653 2919 1015 2989 facta,hujus
1033 2917 1276 2988 quidem
1304 2917 1593 2988 praebebit
1622 2917 2087 2986 aemulationem,

438 3011 682 3067 illorum
719 3025 854 3064 vero
887 3008 1238 3062 imitationis
1261 3006 1695 3079 fugam,timore
1729 3007 1941 3063 similis
1966 3024 2092 3079 per-

442 3099 709 3166 ditionis,
743 3117 816 3154 ex
845 3098 1174 3154 attentione
1203 3114 1407 3153 eorum
1456 3115 1586 3168 qum
1647 3097 1901 3153 dicenda
1932 3105 2089 3152 sunt.

2183 2025 2345 2100 χάριν
2380 2027 2413 2094 ἡ
2447 2028 2542 2078 τοῦ
2575 2022 2797 2097 Ἰσραὴλ
2857 2021 3260 2098 προσηρμόσθη
3324 2022 3689 2103 προσηγορία,
3729 2020 3840 2077 ἀπὸ

2185 2119 2293 2169 τῶν
2322 2114 2472 2168 κάτω
2504 2111 2817 2186 συρομένων
2870 2111 2958 2167 ἐπὶ
3017 2111 3083 2165 τὰ
3140 2110 3366 2185 οὐράνια
3420 2109 3512 2165 καὶ
3569 2112 3684 2165 θεῖα
3743 2109 3836 2165 καὶ

2184 2203 2356 2270 νοητά
2409 2199 2904 2276 διαπορθμευθεῖσα
2960 2201 3092 2275 {irin-ﬁ
3187 2199 3470 2276 μέμψεως,
3553 2199 3661 2255 ἀπὸ
3735 2203 3837 2285 τῆς

2187 2291 2372 2364 ἐξόδου
2404 2296 2504 2356 τῆς
2550 2291 2599 2363 ἐξ
2646 2291 2929 2365 Αῗγῦπτου
2986 2295 3082 2345 τοῦ
3123 2289 3430 2364 σπέρματος
3485 2291 3650 2345 αὑτοῦ
3707 2286 3837 2345 δυσ-

2190 2382 2412 2460 αγώγου
2468 2379 2558 2435 καὶ
2617 2381 2872 2442 ἀπειθοῦς
2946 2380 3036 2434 καὶ
3094 2383 3555 2454 παραπικρασμοῦ
3619 2382 3838 2451 μεστοῦ.

2194 2474 2256 2542 [ΞΕ
2299 2472 2556 2546 ἑκατέρου
2615 2471 2792 2526 τοίνυν
2825 2469 2886 2524 τὸ
2935 2467 3161 2545 Ἰσραὴλ
3221 2465 3398 2541 ὄνομα
3454 2469 3641 2533 αὑτοῖς
3699 2489 3844 2544 παρ-

2193 2562 2309 2637 έχει
2367 2559 2656 2628 αίσκύνην,
2721 2560 2798 2631 μὴ
2890 2561 3262 2623 θεοπειθοῦσιν
3323 2558 3398 2620 ὡς
3457 2559 3484 2613 ὁ
3542 2558 3844 2633 προπάτωρ

2194 2649 2497 2718 ἀπώλειαν,
2555 2650 2628 2710 ὡς
2691 2650 2743 2703 οἱ
2799 2645 2851 2718 ἐξ
2909 2648 3192 2722 Αἰγύπτου
3229 2648 3304 2719 μή
3351 2651 3420 2721 τῇ
3453 2645 3842 2725 ἐπηγγελμένῃ

2197 2740 2556 2800 ἀνασωθέντες
2629 2734 2992 2810 κληροδοσίᾳ.
3065 2739 3162 2790 Ὧν
3220 2736 3484 2811 ἑκατέρων
3541 2736 3849 2808 ὑπόμνησις

2199 2827 2287 2884 διὰ
2317 2833 2413 2884 τοῦ
2449 2828 2721 2901 ὀνόματος
2754 2825 3099 2902 ἐγγινομένη,
3131 2830 3228 2880 τοῦ
3262 2826 3354 2898 μὲν
3411 2823 3577 2895 ζῆλον
3610 2824 3849 2900 παρέξει,

2197 2920 2304 2973 τῶν
2338 2915 2395 2972 δέ
2419 2918 2517 2984 τῆν
2551 2917 2786 2988 μίμησιν
2815 2913 2905 2970 διὰ
2936 2916 3026 2969 τὸν
3057 2915 3250 2988 ὅμοιον
3310 2911 3539 2989 ὄλεθρον
3572 2913 3848 2990 ἐκφυγεῖν,

2202 3008 2262 3063 ἐκ
2291 3013 2582 3081 προσοχῆς
2612 3011 2722 3062 τῶν
2753 3002 3211 3080 λεχθησομένων.
3276 3005 3539 3066 Πλείονος
3599 3002 3656 3059 δὶ
3713 3002 3848 3074 αὕτη

2207 3098 2363 3176 γέμει
2388 3103 2489 3166 τῆς
2518 3094 2822 3171 παρρησίας
2863 3097 2897 3164 ἡ
2960 3092 3304 3168 δημηγορία,
3368 3094 3476 3168 οὐχ
3533 3092 3617 3149 ὅτι
3675 3091 3727 3148 ἐν
3782 3097 3853 3167 τῇ

445 3191 578 3246 Haec
591 3193 788 3243 autem
804 3188 1008 3242 concio
1025 3188 1233 3258 majori
1249 3186 1484 3243 dicendi
1509 3187 1780 3242 libertate
1796 3187 1973 3260 plena
1986 3193 2086 3254 est;

2221 3150 2487 3176 με...
2596 3150 2697 3171 ν..
3438 3150 3476 3168 η
3829 3150 3853 3167 ,.

2207 3185 2445 3263 προτέρᾳ
2490 3181 2762 3265 ἐφοϐεῖτο,
2821 3183 2948 3239 ἀλλ’
3017 3180 3205 3252 ἐπειδὴ
3265 3181 3505 3263 χαλεποὶ
3559 3178 3708 3246 ὄντες
3764 3182 3856 3238 καὶ

447 3294 568 3332 non
599 3276 757 3347 quod
785 3276 845 3330 in
877 3275 1060 3346 priori
1086 3277 1542 3340 terreretur,sed
1561 3278 1842 3347 quoniam
1862 3277 2098 3332 cumilli

451 3364 586 3422 ἐωννί
603 3368 803 3418 essent
821 3363 1551 3434 etimprobi,nequaquam
1573 3365 2100 3423 tulissentDeinde

457 3457 624 3515 illam
648 3454 1688 3526 quidemincipiens,perproaamium
1710 3459 2100 3513 attentionem

463 3543 526 3599 in
549 3543 669 3598 illis
701 3541 1114 3608 efﬁcit,dicens
1139 3559 1152 3597 :
1178 3543 1296 3597 Hoc
1318 3542 1482 3598 vobis
1511 3550 1720 3598 notum
1753 3545 1848 3613 sit,
1881 3545 2106 3600 etauri-

465 3630 578 3687 bus
605 3629 893 3702 percipite
923 3629 1100 3683 verba
1132 3645 1264 3684 mea
1297 3629 1429 3684 :hic
1460 3647 1594 3685 vero
1647 3630 1748 3685 tali
1807 3649 2105 3703 prmpara-

453 3719 613 3773 tione
637 3733 757 3773 non
789 3733 938 3790 opus
969 3722 1079 3783 est,
1112 3733 1304 3788 neque
1338 3719 1498 3772 enim
1532 3719 1864 3790 torpebant,
1899 3720 2002 3775 sed
2033 3720 2105 3775 si-

457 3823 640 3879 gnum
666 3807 727 3861 in
758 3806 969 3862 claudo
1000 3806 1220 3862 factum
1254 3824 1460 3862 omnes
1483 3807 2108 3876 reddiditattentos,et

458 3897 692 3952 timoris
725 3913 792 3951 ac
823 3897 1322 3951 consternationis
1354 3897 1562 3968 plenos
1593 3898 1807 3952 effecit.
1830 3898 1974 3954 Vide
2003 3915 2106 3954 au-

456 3990 574 4038 tem
618 3984 917 4055 quomodo
952 3986 1251 4056 repellens
1313 4003 1479 4041 suam
1531 3987 1794 4058 ipsorum
1855 3988 2106 4058 gloriam

458 4089 637 4143 quam
676 4072 860 4144 signis
891 4073 1145 4128 assecuti
1199 4079 1388 4140 erant,
1441 4075 1591 4129 nihil
1633 4075 1830 4147 magni
1863 4076 1934 4130 de
1965 4076 2110 4147 ipsis

457 4161 1055 4232 loquitur.Siquidem
1087 4163 1184 4232 qui
1214 4163 1477 4219 modeste
1501 4165 1682 4219 sentit
1706 4165 1776 4219 de
1808 4165 2110 4237 prmclaris

465 4251 588 4306 suis
621 4247 1118 4324 operibus,magis
1143 4253 1388 4308 attrahit
1409 4255 1761 4310 auditorem.
1794 4255 1929 4310 Ideo
1963 4273 2108 4327 quo-

462 4358 576 4414 que
610 4341 724 4412 ipsi
758 4343 1370 4412 contemptabumana
1397 4344 1585 4416 gloria
1615 4345 2110 4417 seipsosamplius

459 4430 894 4503 glorificabant,
929 4432 1029 4488 28
1053 4450 1172 4488 non
1197 4434 1526 4488 humanum
1550 4437 1654 4490 sed
1694 4436 1956 4491 divinum
1983 4452 2110 4492 esse

2209 3278 2398 3350 ἰταμοὶ
2443 3276 2541 3331 οὐκ
2571 3275 2628 3330 ἄν
2690 3273 2914 3348 ἤνεγκαν
2975 3273 3188 3332 ἐκεῖνοι,
3258 3274 3354 3330 Ἐκ
3399 3273 3596 3329 τούτου
3654 3272 3858 3344 ἐκείνης

2213 3367 2308 3439 μὲν
2361 3364 2693 3440 ἀρχόμενος,
2766 3361 3097 3439 ἐπιστροφὴν
3157 3361 3341 3424 αὐτοῖς
3425 3364 3706 3440 ἐργάζεται
3766 3361 3859 3419 διὰ

2208 3458 2304 3508 τοῦ
2341 3451 2663 3528 προοιμίου,
2716 3455 2886 3505 Τοῦτο
2942 3451 3068 3522 ὑμῖν
3123 3451 3385 3526 γνωστὸν,
3449 3447 3646 3525 λέγων,
3698 3449 3859 3521 ἔστω,

2209 3542 2297 3596 καὶ
2385 3539 2707 3604 ἐνωτίσασθε
2753 3540 2819 3594 τά
2899 3538 3117 3616 ῥήματά
3205 3556 3331 3612 μου·
3393 3537 3614 3594 ἐνταῦθα
3678 3537 3736 3595 δέ
3792 3538 3854 3594 οὗ

2213 3627 2384 3685 δεῖται
2430 3636 2532 3698 τῆς
2589 3629 2846 3700 τοιαύτης
2903 3635 3260 3697 κατασκευῆς.
3334 3627 3413 3685 Οὔ
3496 3629 3595 3703 γάρ
3669 3626 3860 3701 ἐρᾳθῦ-

2217 3716 2551 3793 μουν,ἀλλά
2585 3719 2649 3772 16
2707 3723 2935 3790 σημεῖον
2993 3722 3090 3772 τοῦ
3150 3716 3343 3789 χωλοῦ
3385 3716 3700 3792 ἐπέστρεψεν
3757 3717 3854 3771 αὐ-

2211 3808 2340 3870 τοὺς
2401 3808 2658 3876 ἅπαντας,
2735 3806 2826 3862 καὶ
2903 3805 3056 3868 δέους
3113 3806 3202 3862 καὶ
3261 3805 3572 3876 ἐκπλήξεως
3632 3805 3859 3876 ἐποίησε

2217 3896 2469 3970 μεστούς.
2500 3897 2640 3968 Ὅρα
2698 3891 2756 3950 δέ
2806 3898 2928 3957 πῶς
2983 3891 3073 3948 διὰ
3119 3897 3215 3948 τοῦ
3270 3892 3703 3968 παρακρούεσθαι
3762 3894 3864 3962 τῆν

2215 3985 2339 4061 περὶ
2367 3986 2546 4040 αὐτῶν
2581 3983 2736 4056 δόξαν
2759 3985 2858 4052 τὴν
2891 3983 2980 4039 διὰ
3031 3988 3137 4040 τῶν
3191 3983 3458 4056 σημείων,
3517 3980 3670 4038 οὐδὲν
3736 3981 3865 4059 περὶ

2217 4077 2417 4132 ἑαυτῶν
2447 4078 2728 4154 φθέγγεται
2777 4081 2934 4148 μέγα,
2988 4075 3080 4128 ἅτε
3133 4077 3230 4128 τοῦ
3278 4072 3366 4128 ἐπὶ
3429 4071 3688 4149 μεγάλοις
3746 4078 3866 4134 τοῖς

2217 4165 2410 4220 ἐαυτοῦ
2493 4163 2948 4238 κατωρθωμένοις
3057 4165 3611 4236 ταπεινοφρονοῦτος,
3692 4162 3864 4218 πλέον

2219 4256 2585 4334 ἐφελκομένου
2617 4256 2709 4312 τὸν
2758 4255 3051 4327 ἀκροατήν.
3113 4255 3309 4327 Διόπερ
3359 4254 3450 4308 καὶ
3480 4253 3636 4309 αὐτοὶ
3688 4275 3865 4312 κατα-

2219 4347 2580 4422 φρονήσαντες
2637 4352 2736 4413 τῆς
2793 4343 3141 4419 ἀνθρωπίνης
3189 4340 3374 4414 δόξης,
3406 4341 3622 4416 μᾶλλον
3679 4341 3870 4416 ἐδόξα-

2221 4458 2314 4492 σαν
2339 4437 2580 4504 ἑαυτοὺς,
2615 4435 2714 4490 οὐκ
2743 4435 3101 4505 ἀνθρώπινον,
3137 4432 3282 4488 ἀλλά
3330 4435 3470 4490 θεῖον
3530 4435 3591 4489 τὸ
3647 4436 3871 4510 γεγονὸς

463 4517 948 4577 demonstrantes
971 4521 1128 4592 quod
1181 4521 1403 4576 factum
1437 4529 1578 4578 erat.
1616 4547 1641 4572 ‹‹
1669 4526 1843 4588 Quasi
1877 4526 2086 4596 propri;

2223 4523 2509 4598 δείξαντες.
2544 4549 2572 4577 (ι
2604 4525 2694 4586 Ὠς
2735 4521 2846 4595 ἰδίᾳ
2877 4521 3122 4595 δυνάμει.
3155 4543 3186 4576 »
3220 4521 3470 4601 Πρόσεχε
3511 4526 3591 4596 τῷ
3641 4523 3873 4596 εἰρημέ-

461 4612 747 4679 potentia.
759 4610 1205 4666 nAnimadverte
1227 4612 1384 4682 quod
1401 4613 1484 4667 ait
1501 4629 1619 4667 non
1633 4615 1898 4684 potentia
1912 4615 2116 4670 huma-

465 4710 545 4748 na
566 4695 727 4751 hunc
761 4698 987 4754 salvum
1018 4699 1238 4755 factum
1263 4717 1410 4761 esse,
1434 4700 1538 4755 sed
1571 4701 1783 4756 divina.
1811 4705 2113 4759 Nazarmus

467 4782 649 4854 igitur
671 4786 822 4840 Deus
845 4794 935 4842 est
966 4789 1135 4860 cujus
1168 4807 1388 4845 nomen
1420 4791 1588 4844 illum
1621 4792 1862 4846 curavit.

536 4872 633 4935 IlI,
669 4875 857 4927 13-15.
909 4899 934 4924 ‹‹
999 4879 1150 4933 Deus
1200 4880 1495 4935 Abraham
1529 4886 1588 4935 et
1634 4882 1797 4936 Isaac
1830 4887 1888 4937 et
1914 4883 2111 4952 Jacob,

470 4979 492 5008 α
517 4959 671 5014 Deus
692 4966 925 5030 patrum
949 4972 1289 5021 nostrorum
1322 4968 1675 5039 gloriﬁcavit
1695 4969 1907 5024 Filium
1941 4987 2115 5025 suum

465 5068 493 5098 ‹‹
527 5049 749 5116 Iesum,
784 5067 959 5120 quem
990 5071 1089 5108 vos
1122 5055 1467 5123 tradidistis,
1503 5074 1571 5113 ac
1605 5059 1862 5130 negastis
1921 5060 2112 5131 ipsum

468 5161 497 5188 «
530 5154 728 5194 coram
759 5140 970 5205 Pilato,
999 5159 1132 5197 cum
1168 5145 1268 5198 ille
1301 5146 1720 5203 absolvendum
1763 5149 2112 5219 judicasset.

475 5247 496 5276 α
529 5229 635 5282 Vos
665 5236 863 5285 autem
888 5238 1156 5286 sanctum
1183 5239 1242 5287 et
1281 5234 1510 5303 justum
1543 5239 1892 5310 negastis,et
1920 5247 2117 5311 postu‘

469 5337 495 5363 ‹‹
531 5316 697 5372 lastis
729 5324 794 5372 ut
823 5320 1010 5375 virum
1048 5321 1404 5377 homicidam
1437 5324 1686 5381 donaret
1707 5328 1892 5394 vobis,
1921 5336 2119 5384 aucto-

470 5426 499 5454 «
531 5422 656 5461 rem
691 5423 824 5463 vero
856 5410 987 5466 vitae
1014 5411 1418 5481 interfecistis,
1439 5431 1614 5484 quem
1645 5415 1797 5472 Deus
1817 5419 2118 5474 suscitavit

468 5515 497 5544 α
531 5509 566 5549 a
587 5498 855 5564 mortuis,
891 5500 1059 5574 cujus
1091 5517 1200 5556 nos
1232 5506 1411 5558 testes
1445 5520 1667 5560 sumus.
1696 5527 1722 5554 »

541 5584 749 5643 Adhuc
776 5588 1194 5652 humilioribus
1226 5593 1413 5651 hasret
1443 5599 1562 5652 tam
1591 5595 1653 5651 in
1684 5595 1776 5651 his
1795 5613 1925 5669 qum
1956 5597 2115 5670 ipsos

2221 4637 2318 4688 νῳ,
2351 4616 2432 4668 ὅτι
2466 4612 2528 4668 οὑ
2563 4611 2786 4684 δυνάμει
2819 4613 3137 4687 ἀνθρωπίνῃ
3201 4611 3350 4687 λέγει
3411 4611 3570 4666 αὑτὸν
3627 4611 3871 4681 ἰαθῆναι,

2224 4703 2369 4759 ἀλλά
2391 4702 2524 4773 θείᾳ.
2557 4703 2685 4764 Θεὸς
2717 4703 2806 4757 οὖν
2841 4703 2868 4756 6
2914 4703 3257 4776 Ναζωραῖος,
3310 4699 3372 4755 οὗ
3429 4701 3492 4755 τὸ
3549 4721 3722 4773 ονομα
3753 4699 3873 4765 ἐθε-

2223 4792 2483 4867 ράπευσεν
2514 4791 2694 4848 αὐτόν.

2297 4904 2325 4932 ‹‹
2363 4882 2424 4938 Ὀ
2483 4880 2610 4942 Θεὸς
2669 4875 2921 4956 ’Δϐραάμ
3000 4877 3089 4934 καὶ
3149 4877 3336 4935 Ἰσαὰκ
3383 4877 3475 4932 καὶ
3533 4873 3753 4949 Ἰακὼϐ,
3841 4879 3872 4934 6

2224 4995 2252 5023 «
2286 4970 2416 5033 Θεὸς
2443 4975 2551 5025 τῶν
2583 4969 2827 5044 πατέρων
2859 4971 3021 5041 ἡμῶν
3075 4966 3290 5040 ἐδόξασε
3345 4966 3438 5021 τὸν
3498 4963 3671 5022 Παῖδα
3702 4965 3873 5022 αὑτοῦ

2233 5082 2253 5110 ι
2289 5061 2521 5130 Ἰησοῦν,
2554 5055 2612 5114 ὄν
2639 5059 2795 5130 ὑμεῖς
2825 5054 3197 5125 παρεδώκατε,
3230 5055 3322 5110 καὶ
3367 5057 3676 5131 ἠρνήσασθε
3706 5055 3874 5111 αὑτὸν

2225 5174 2253 5199 ‹‹
2284 5148 2417 5202 οιατά
2469 5148 2760 5222 πρόσωπον
2809 5145 3075 5212 Πιλάτου,
3132 5145 3416 5219 κρίναντος
3471 5143 3673 5201 ἐκείνου
3733 5143 3872 5199 ἀπο-

2229 5263 2251 5291 ιν
2288 5237 2460 5292 λύειν.
2492 5238 2672 5308 Ὑμεῖς
2705 5234 2760 5291 δὲ
2791 5237 2883 5291 τὸν
2917 5237 3073 5312 ἅγιον
3127 5234 3217 5289 καὶ
3274 5231 3481 5288 δίκαιον
3538 5236 3871 5308 ἠρνήσασθε,

2228 5323 2374 5380 «καὶ
2409 5327 2678 5401 ᾐτήσασθε
2709 5325 2874 5401 ἂνδρα
2899 5329 3063 5403 φονέα
3094 5329 3426 5404 χαρισθῆναι
3472 5323 3624 5395 ὑμῖν,
3681 5324 3772 5377 τὸν
3816 5320 3876 5380 δὶ

2225 5439 2252 5466 ‹‹
2286 5414 2532 5489 ἀρχηγὸν
2562 5417 2660 5482 τῆς
2684 5421 2832 5487 ζωῆς
2861 5413 3227 5482 ἀπεκτείνατε,
3255 5411 3313 5466 ὅν
3372 5412 3402 5466 6
3461 5414 3593 5474 Θεὸς
3651 5412 3871 5490 ἤγειρεν

2227 5527 2255 5556 (ι
2284 5503 2342 5559 ἐκ
2360 5509 2579 5578 νεκρῶν,
2613 5505 2674 5559 οὗ
2705 5506 2868 5577 ἡμεῖς
2905 5501 3171 5581 μάρτυρές
3200 5500 3378 5573 ἐσμεν.
3417 5526 3438 5556 ι
3498 5497 3502 5502 ’
3599 5495 3601 5498 ⁴

2295 5593 2414 5650 Ἔτι
2453 5597 2561 5650 τῶν
2624 5593 3016 5672 ταπεινοτέρων
3072 5588 3278 5669 ἔχεται,
3331 5595 3438 5646 τῶν
3490 5591 3615 5666 περὶ
3670 5588 3874 5657 αὐτοὺς
