4134 6196
293 320 367 383 88
1251 319 1671 382 COMMENT.
1718 320 1795 380 ΙΝ
1840 321 1929 380 AC

2089 320 2702 388 APOSTOLORUM.
3629 335 3708 397 86

295 453 383 511 καὶ
437 454 695 528 Χριστοῦ·
748 451 871 528 περὶ
928 451 1173 524 ἑαυτοὺς,
1235 449 1324 508 διὰ
1402 456 1499 508 τοῦ
1555 450 1747 519 ε’πεῖν,
1806 450 1929 526 οὐχῖ

2056 462 2443 523 concernunt,
2477 476 2654 530 quam
2679 479 2809 533 quaa
2832 465 3131 521 Christum
3155 465 3485 539 respiciunt
3509 485 3521 523 :
3544 469 3730 540 ipsos‘,

298 542 406 616 ἰδίᾳ
437 542 659 618 δυνάμει
693 545 1206 622 θαυματουργῆσαι·
1265 542 1391 617 περί
1450 547 1694 618 Χριστοῦ
1745 539 1822 610 δὲ,
1874 548 1952 615 τῷ

300 635 728 709 κροσθεῖναιτὸν
775 631 964 690 παῖδα.
1017 633 1080 689 ού
1139 635 1244 710 γὰρ
1301 633 1364 688 τὸ
1423 630 1818 706 αὐτοδόξαστον
1879 628 1952 686 ἔνι

305 727 623 799 προσθήκην
670 721 833 794 δόξης
893 718 1098 780 λαϐεῖν.
1159 723 1510 783 Ταπεινώσας
1569 721 1658 777 οὖν
1713 723 1776 777 τὸ
1833 723 1954 776 καθ’

300 814 521 875 ὶαυτοὺς
552 813 644 870 καὶ
676 814 934 888 Χριστὸν,
985 811 1194 888 ἐπαίρει
1242 814 1302 868 τὸ
1347 818 1454 869 τῶν
1499 809 1770 867 Ἰουδαίων
1817 811 1952 866 κατᾶ

300 907 535 979 Χριστοῦ
564 901 861 978 τόλμημᾶ,
893 904 984 958 καὶ
1027 903 1088 958 οὐ
1149 903 1452 973 συσκιάζιυν
1505 901 1578 963 ὡς
1631 903 1694 957 τὸ
1753 901 1951 976 πρότε-

298 1015 404 1069 ρον.
462 997 640 1051 Τοῦτο
699 990 756 1050 δὲ
812 999 982 1064 ποιεῖ,
1043 992 1257 1068 μᾶλλον
1316 995 1512 1056 αὐτοὺς
1582 991 1947 1070 ἐπαγαγέσθαι

300 1080 657 1157 βουλόμενος.
708 1083 874 1140 Ὅσον
925 1082 1029 1161 γὰρ
1087 1079 1292 1139 ἐδείκνυ
1347 1083 1543 1144 αὐτοὺς
1596 1082 1946 1152 ὑπευθύνους,

292 1176 550 1227 τοσοῦτον
583 1169 798 1246 μᾶλλον
814 1175 1006 1228 τοῦτον
1030 1171 1250 1250 ἐγίνετο.
1282 1172 1379 1230 Διὰ
1411 1169 1468 1227 δὲ
1494 1175 1610 1240 τοῦ,
1637 1197 1662 1223 α
1689 1173 1760 1229 Ον
1787 1172 1944 1244 ὑμεῖς

294 1258 643 1335 παρεδώκατε
693 1261 784 1316 καὶ
842 1263 1162 1335 ἠρνήσασθι,
1225 1286 1253 1313 ››
1315 1258 1411 1316 δύο
1467 1261 1534 1316 τὰ
1589 1259 1938 1338 ἐγκλήματα.

296 1349 520 1422 Heli-rep
573 1371 633 1404 τε
685 1351 788 1428 γὰρ
861 1348 1181 1425 παρέδωκαν
1269 1351 1344 1414 εἷς
1423 1352 1606 1431 φόνον,
1675 1350 1939 1414 εἰπόντες⁶

299 1442 518 1516 «Ἡμῖν
574 1438 762 1496 οὐδένα
818 1439 1015 1512 ἔξεστιν
1074 1442 1407 1497 ἀποκτεῖναι.
1444 1466 1471 1493 ››
1527 1443 1832 1516 ἠρνήσαντο
1883 1440 1939 1501 δὲ

285 1526 597 1604 κρᾶζοντες,
625 1556 652 1583 ‹‹
689 1532 804 1590 Οὐκ
832 1530 1035 1606 ἔχομεν
1091 1530 1320 1606 βασιλέα
1369 1531 1412 1587 εἰ
1474 1535 1550 1606 μὴ
1613 1533 1870 1607 Καίσαρα.
1908 1558 1936 1585 ››

287 1618 467 1676 Ἀλλά
496 1641 559 1697 γε
588 1617 654 1691 δή
687 1620 778 1676 καὶ
809 1618 1049 1676 Πιλάτου
1079 1619 1360 1692 ’Έλληνος
1419 1618 1592 1688 ὄντος,
1651 1623 1739 1676 καὶ
1796 1625 1936 1697 μήτε

292 1716 525 1784 σημεῖον
563 1711 700 1784 πρὸς
757 1708 994 1785 Χριστοῦ
1047 1711 1374 1785 ἑωρακότος.
1439 1713 1580 1785 μήτε
1635 1717 1934 1792 προφητῶν

2062 544 2474 614 quidem,dum
2497 549 2582 603 ait
2603 551 2761 620 quod
2792 570 2910 608 non
2944 557 3184 626 propria
3215 558 3478 627 potentia
3504 559 3709 612 edide-

2058 633 2180 688 rint
2210 635 2596 704 miraculum;
2626 641 2922 696 Christum
2947 661 3102 702 vero.
3137 646 3408 700 addendo
3441 663 3452 701 :
3480 648 3708 704 Glorifi-

2058 725 2208 778 cavit
2238 725 2449 781 Filium
2478 745 2650 783 suum
2672 747 2684 782 :
2703 747 2897 802 neque.
2922 736 3077 786 enim
3102 735 3392 807 contingit
3418 743 3482 789 ut
3500 737 3703 808 gloria:

2055 813 2531 871 additamentum
2564 819 2816 888 accipiat
2847 821 2944 891 qui
2981 839 3046 875 ex
3082 840 3142 876 se
3191 825 3556 895 glorificatus
3591 834 3700 884 est.

2056 903 2161 959 Ubi
2194 920 2328 976 ergo
2358 905 2598 962 demisit
2631 915 2743 963 tam
2782 910 2839 964 id
2899 912 3056 981 quod
3119 913 3344 983 seipsos
3393 918 3701 971 concernit

2053 1009 2230 1064 quam
2266 995 2421 1066 quod
2453 997 2753 1054 Christum
2783 1017 2795 1054 :
2829 999 3059 1055 facinus
3091 1001 3345 1076 adauget
3361 1005 3698 1061 Judaeorum

2051 1082 2331 1139 adversus
2357 1086 2683 1142 Christum:
2709 1105 2902 1159 neq'e
2925 1089 3071 1144 illud
3101 1091 3404 1146 inumbrat
3427 1099 3490 1146 ut
3509 1095 3694 1166 prius.

2051 1172 2169 1227 Hoc
2202 1180 2399 1230 autem
2429 1175 2571 1231 facit
2601 1178 2790 1250 magis
2823 1178 2958 1233 illos
2991 1179 3232 1235 allicere
3275 1181 3498 1235 volens.
3557 1184 3698 1238 Nam

2050 1268 2270 1332 quanto
2305 1265 2490 1336 magis
2531 1266 2692 1336 ipsos
2719 1268 2980 1322 ostendit
3019 1268 3327 1337 obnoxios,
3365 1277 3526 1324 tanto
3576 1288 3698 1326 am-

2046 1350 2204 1422 plius
2234 1353 2383 1407 illud
2415 1357 2698 1410 succedit.
2736 1358 2845 1410 Per
2893 1357 3004 1412 hoc
3051 1363 3272 1428 autem,
3324 1382 3350 1408 ‹‹
3385 1361 3569 1426 Quem
3601 1377 3700 1416 vos

2046 1440 2372 1497 tradidistis
2403 1449 2462 1496 et
2491 1445 2790 1516 negastis:
2821 1465 2847 1494 υ
2888 1445 3018 1500 dua)
3051 1453 3354 1518 ponuntur
3374 1449 3699 1503 accusatio-

2043 1531 2482 1602 nes.Siquidem
2513 1534 2700 1588 Pilato
2727 1534 2799 1589 ad
2823 1535 3042 1590 caadem
3069 1537 3462 1605 tradiderunt,
3488 1539 3692 1593 dicen-

2043 1625 2152 1674 tes:
2167 1644 2192 1668 «
2214 1621 2390 1675 Nobis
2419 1639 2536 1676 non
2561 1622 2700 1678 licet
2723 1625 3056 1680 interficere
3073 1642 3435 1696 quemquam
3455 1626 3555 1681 ⁴⁰.››
3579 1629 3684 1683 Ne-

2038 1717 2323 1782 gaverunt
2351 1718 2546 1766 autem
2583 1713 2908 1767 clamantes
2934 1731 2946 1767 :
2981 1738 3007 1765 ‹‹
3035 1718 3156 1770 Non
3185 1715 3470 1770 habemus
3492 1733 3690 1788 regem

287 1800 592 1868 ἀκηκοότος
650 1799 773 1873 περὶ
807 1804 1061 1875 Χριστοῦ,
1093 1799 1183 1855 καὶ
1218 1799 1556 1876 βουλομένου
1585 1801 1745 1856 αὐτὸν
1803 1801 1929 1858 ἀπο-

2045 1804 2256 1869 praeter
2278 1799 2567 1854 Caesarem
2592 1802 2657 1857 ‘1.
2689 1826 2712 1849 ››
2738 1804 2911 1872 Atqui
2938 1819 3079 1858 sane
3105 1821 3235 1858 cum
3263 1806 3439 1859 etiam
3468 1807 3689 1861 Pilatus

283 1889 454 1950 λύειν,
487 1889 643 1945 αὐτοὶ
675 1890 762 1944 καὶ
813 1894 1332 1967 θαυματουργοῶτα
1390 1889 1622 1966 Χριστὸν
1672 1891 1926 1964 τεθεαμὲΔ

279 2001 376 2044 νοι,
411 1979 509 2035 καὶ
541 1984 840 2059 προφητῶν
874 1980 926 2034 ὲν
955 1980 1150 2052 γνώσει
1204 1985 1310 2035 τῶν
1371 1981 1492 2053 περὶ
1541 1981 1708 2035 αὐτοῦ
1747 1979 1932 2042 αὐτοῖς

279 2069 587 2144 εἰρημένων
643 2068 1024 2130 καταστάντες,
1072 2069 1173 2125 οὐκ
1215 2069 1526 2149 ἠνὲσχεσθε.
1590 2070 1685 2126 Διὰ
1733 2068 1789 2125 δὲ
1836 2075 1933 2126 τυῦ

284 2158 474 2225 ε’πεῖν,
540 2183 566 2210 α
601 2159 774 2214 Φονέα
830 2159 1125 2234 ᾐτήσασθε,
1181 2186 1204 2211 υ
1265 2157 1453 2222 δεινῶς
1529 2159 1932 2230 κατεσκεύασεν,

281 2250 362 2304 δτι
395 2246 657 2304 ἐδύναντο
687 2248 781 2304 τὸν
838 2250 1070 2324 Χριστὸν
1125 2247 1403 2305 ἀπολύειν.
1461 2248 1523 2305 Εἴ
1573 2249 1674 2324 γὰρ
1705 2250 1794 2303 τὸν
1829 2271 1932 2328 φοο

274 2338 360 2393 νέα
388 2335 738 2406 ἀπολυθῆναι
787 2337 1068 2407 ἐποίησαν,
1126 2337 1217 2392 τὸν
1283 2335 1498 2412 μᾶλλον
1557 2338 1832 2405 ὑπαίτιον,
1869 2338 1930 2392 οὐ

270 2425 480 2501 πολλῷ
510 2423 580 2498 δή
614 2449 718 2482 που
744 2427 837 2484 τὸν
869 2426 1152 2484 ἀνεύθυνον
1180 2449 1194 2498 ς
1229 2431 1318 2482 νῦν
1354 2424 1410 2482 δὲ
1466 2427 1806 2495 ἀπεναντίας,
1839 2427 1931 2483 τὸν

274 2517 363 2591 μὲν
434 2516 731 2573 ὑπεύθυνον
799 2513 1090 2587 ἐξείλοντο,
1145 2517 1237 2571 τὸν
1305 2513 1362 2572 δὲ
1440 2516 1720 2572 ἀνεύθυνον
1801 2515 1932 2572 ἀπο-

270 2612 570 2674 κτανθῆναι
632 2600 970 2679 παρέδωκαν.
1033 2604 1217 2662 Εἰπὼν
1304 2601 1380 2672 δὲ,
1443 2629 1469 2655 ‹‹
1530 2603 1619 2659 τὸν
1675 2603 1927 2683 ἀρχηγὸν

267 2701 365 2763 τῆς
409 2696 588 2764 ζωῆς,
624 2691 949 2750 »δείκνυσιν
992 2694 1066 2756 ὡς
1124 2694 1286 2756 αὐτὸς
1348 2693 1534 2748 ἑαυτὸν
1584 2690 1866 2760 ἀνέστησεν
1901 2693 1929 2748 ὁ

260 2783 528 2858 Χριστός.
589 2785 701 2853 Τὴν
757 2783 1040 2838 ἀνάστασιν
1097 2781 1155 2839 δὲ
1212 2785 1274 2839 οὐ
1354 2786 1652 2860 προφητῶν
1702 2777 1931 2856 ἑμπεδοῖ

259 2872 618 2948 μαρτυρίαις,
650 2871 821 2936 ἀλλὰ,
867 2872 1056 2944 ἐπειδὴ
1115 2874 1432 2943 ἀξιόπιστος
1473 2873 1660 2934 αὐτοῖς
1708 2872 1799 2942 ἦν,
1850 2877 1931 2945 τῷ

252 2961 408 3038 κορῷ
451 2965 560 3017 τῶν
590 2961 938 3020 ἀποστόλων.
1001 2963 1153 3019 Ἐπεὶ
1219 2959 1274 3017 δὶ
1337 2962 1673 3036 μετεωρίσας
1727 2962 1789 3017 τὸ
1844 2957 1928 3036 ἔγο

250 3062 480 3127 κλημα,
515 3049 708 3107 ἐλύπει
757 3049 1031 3127 σφοδρῶς,
1094 3049 1258 3107 πάλιν
1315 3051 1552 3124 ἀνίησιν,
1611 3049 1699 3106 ἐπὶ
1762 3051 1926 3124 μετά-

250 3162 400 3197 νοιαν
432 3141 642 3204 αὐτοὺς
676 3145 953 3213 συνωθῶν,
986 3142 1072 3197 ὅτι
1112 3163 1171 3198 τε
1226 3141 1278 3218 ἐξ
1336 3141 1556 3219 ἀγνοίας
1610 3142 1671 3197 τὸ
1726 3139 1930 3218 ἓγκλη-

2044 1887 2302 1959 gentilis.
2338 1890 2436 1960 qui
2470 1907 2664 1961 neque
2695 1892 2860 1964 signa
2893 1910 2925 1946 a
2956 1894 3187 1947 Christo
3219 1893 3462 1960 viderat,
3495 1912 3690 1966 neque

2043 1977 2362 2047 prophetas
2395 1977 2466 2033 de
2497 1980 2724 2034 Christo
2758 1981 3045 2046 audierat,
3076 1984 3252 2036 vellet
3275 1991 3470 2038 tamen
3498 1985 3695 2055 ipsum

2043 2066 2380 2121 absolvere:
2403 2085 2504 2121 vos
2533 2070 2645 2139 ipsi
2669 2071 2766 2140 qui
2796 2079 2845 2124 el
2872 2072 3166 2125 Christum
3194 2073 3480 2128 miracula
3511 2073 3690 2129 eden-

2044 2160 2159 2209 tem
2185 2158 2714 2228 conspexeratis,et
2739 2161 3009 2214 notitiam
3035 2161 3344 2216 habebatis
3365 2164 3689 2233 propheta-

2044 2263 2172 2300 rum
2207 2247 2266 2300 in
2301 2247 2393 2301 his
2426 2265 2556 2318 qua)
2590 2249 2661 2302 de
2693 2250 2818 2320 ipso
2850 2249 3140 2311 dixerant.
3169 2269 3283 2305 non
3311 2260 3505 2306 tamen
3529 2253 3601 2308 ab
3621 2271 3690 2309 eo

2043 2352 2141 2389 vos
2164 2337 2545 2391 continuistis
2595 2338 2804 2392 Diccns
2835 2355 3005 2393 vero:
3035 2360 3064 2391 (ι
3098 2341 3462 2396 Homicidam
3489 2348 3690 2414 postu-

2042 2425 2232 2490 lastis,
2256 2447 2282 2473 ››
2308 2426 2631 2482 efficaciter
2653 2427 2862 2499 probat
2884 2429 3039 2500 quod
3065 2430 3360 2485 Christum
3392 2433 3696 2502 potuerint

2041 2514 2365 2570 absolvere.
2393 2518 2535 2571 Nam
2567 2517 2614 2571 si
2640 2517 2999 2573 homicidam
3027 2518 3249 2574 absolvi
3283 2521 3552 2577 fecerunt
3591 2523 3692 2594 qui

2041 2603 2212 2675 longe
2232 2604 2489 2676 amplius
2508 2606 2800 2662 obnoxius
2817 2614 3042 2675 crat,an
3058 2626 3174 2663 non
3191 2615 3347 2666 certe
3367 2611 3537 2684 longe
3557 2612 3693 2667 faci-

2041 2693 2157 2748 lius
2187 2695 2522 2764 potuissent
2550 2713 2686 2751 eum
2710 2697 3014 2753 absolvere
3037 2699 3140 2770 qui
3162 2701 3412 2755 crimine
3427 2701 3696 2756 carebat?

2042 2784 2206 2838 Nunc
2237 2791 2434 2840 autem
2461 2802 2490 2839 e
2522 2787 2751 2841 diverso
2808 2787 3130 2844 obnoxium
3183 2790 3423 2860 quidem
3473 2791 3691 2846 libera-

2039 2880 2197 2939 runt,
2228 2874 2523 2929 insontem
2557 2893 2690 2930 vero
2719 2884 2783 2932 ut
2814 2879 3262 2934 interimeretur
3295 2879 3686 2935 tradiderunt.

2039 2963 2335 3020 Praaterea
2391 2965 2664 3034 dicendo,
2727 2970 3102 3022 «Auctorem
3160 2967 3312 3028 vitm,
3345 2986 3370 3014 υ
3431 2968 3690 3023 ostendit

2039 3053 2198 3122 quod
2221 3054 2480 3125 seipsum
2516 3055 2887 3110 suscitaverit
2919 3057 3042 3127 ipse
3075 3056 3362 3111 Christus.
3406 3058 3692 3112 Resurre-

2041 3142 2296 3196 ctionem
2333 3159 2464 3197 vero
2497 3161 2615 3198 non
2651 3145 3073 3214 prophetarum
3099 3145 3692 3203 confirmattestimo~

245 3253 318 3302 μα
348 3233 444 3288 καὶ
487 3231 700 3296 ἀνοίας,
731 3232 824 3286 καὶ
857 3231 940 3287 ὅτι
978 3231 1042 3287 τὸ
1099 3231 1151 3304 ἐξ
1211 3231 1392 3310 ἀργῆς
1451 3229 1780 3305 τεταγμένον
1837 3228 1926 3284 καὶ

2045 3231 2178 3294 niis,
2213 3231 2315 3286 sed
2346 3232 2524 3288 choro
2557 3233 2960 3305 apostolorum
3004 3235 3051 3289 si
3113 3235 3257 3305 ipsis
3309 3235 3422 3291 fide
3473 3237 3686 3309 dignus

247 3319 413 3396 λόγῳ
446 3327 762 3398 προφητῶν
818 3317 1392 3402 κεχρησμῳδημὲνον,
1453 3320 1554 3376 οὐκ
1602 3320 1668 3387 ἦν
1720 3316 1926 3393 παρελ-

259 3418 396 3476 Θεῖν.
433 3411 599 3468 Ἐπεὶ
632 3408 690 3466 δὲ
723 3411 890 3487 μέχρι
919 3411 1116 3466 τούτου
1149 3404 1383 3487 προέϐη,
1433 3407 1541 3480 ἢδη
1603 3408 1693 3464 καὶ
1745 3407 1927 3483 ῥητῶς

251 3503 354 3570 τήν
417 3501 721 3575 μετάνοιαν
787 3501 1082 3578 εἰσηγεῖται
1138 3496 1661 3574 κατηναγκασμὲνως
1729 3495 1926 3552 ἀναλα-

243 3583 391 3661 ϐεῖν,
428 3589 578 3665 πρός
610 3610 669 3645 τε
699 3587 970 3664 ἐξάλειψιν
1025 3595 1132 3645 τῶν
1178 3587 1608 3666 ἡμαρτημένων,
1669 3587 1758 3644 καὶ
1803 3607 1930 3662 τρυ-

250 3682 358 3755 Ῡὴν
391 3679 502 3734 καὶ
535 3677 838 3749 ἀπόλαυσιν
871 3685 980 3735 τῶν
1025 3676 1117 3735 διὰ
1176 3679 1465 3754 μετανοίας
1524 3677 1614 3733 καὶ
1664 3677 1931 3754 ἀγαθοερ-

254 3768 383 3844 γίας
417 3773 544 3824 τῶν
574 3766 952 3839 ἀτελευτήτων
981 3766 1197 3846 ἀγαθῶν
1227 3768 1698 3844 εὐμοιρησάντων.

2039 3323 2291 3378 erat?!)
2315 3323 2535 3380 Deinde
2553 3343 2682 3382 vero
2701 3332 3012 3398 postquam
3029 3327 3330 3381 efferendo
3345 3328 3572 3382 crimen
3588 3345 3690 3384 eo-

2038 3413 2581 3474 rum,vehementer
2601 3415 3020 3480 constristavit,
3049 3433 3283 3470 rursum
3312 3417 3579 3484 remittit,
3612 3417 3688 3474 ad

2042 3501 2452 3572 pcenitentiam
2487 3503 2623 3558 illos
2655 3505 2912 3560 invitans
2943 3522 2955 3558 :
2991 3505 3148 3576 quod
3173 3522 3242 3559 ex
3266 3505 3600 3578 ignorantia
3631 3513 3691 3563 et

2044 3589 2387 3662 insipientia
2409 3595 2801 3662 peccaverint,
2821 3600 2878 3649 et
2899 3594 3057 3666 quod
3080 3594 3226 3650 illud
3254 3595 3410 3667 quod
3434 3596 3689 3652 ahinitio

2046 3680 2433 3735 constitutum
2448 3692 2652 3737 eratac
2667 3685 3088 3755 prophetarum
3103 3684 3344 3739 oraculo
3359 3685 3700 3756 prazdictum

2047 3784 2167 3822 non
2199 3771 2457 3840 potuerit
2485 3772 2708 3826 evitari.
2747 3772 2853 3828 Ubi
2889 3789 3022 3827 vero
3049 3774 3355 3843 hucusque
3379 3773 3689 3844 processit,

245 3877 341 3916 am
357 3861 555 3916 etiam
573 3860 771 3932 palam
787 3860 1047 3933 cogendo
1064 3860 1293 3916 inducit
1309 3861 1381 3917 ad
1403 3858 1848 3932 suspiciendam
1866 3858 2426 3929 pmnitentiamJum
2441 3861 2514 3916 ad
2527 3861 2915 3916 abolitionem
2929 3861 3278 3916 delictorum
3294 3867 3433 3921 .tum
3455 3861 3528 3916 ad
3544 3861 3686 3916 deli.

232 3949 355 4007 cias
383 3950 872 4021 fruitionemque
905 3956 1266 4007 aeternorum
1298 3951 1613 4016 bonorum,
1644 3965 1773 4021 qua:
1808 3964 1914 4020 per
1933 3948 2341 4019 paenitentiam
2374 3949 2785 4022 bonorumque
2819 3951 3223 4022 operationem
3253 3950 3682 4022 percipiuntur-

317 4060 338 4085 ι
378 4037 491 4094 Καὶ
523 4036 713 4110 ἐπὶτῇ
756 4037 936 4094 πίστει
992 4042 1089 4092 τοῦ
1147 4037 1414 4112 ὀνόματος
1477 4037 1669 4102 αὐτοῦ,
1728 4039 1919 4090 τοῦτον

236 4152 264 4180 α
328 4129 391 4186 δν
450 4130 718 4205 θεωρεῖτε
773 4125 863 4182 καὶ
950 4124 1154 4197 οἷ’ὂατε,
1229 4126 1522 4203 ὶστερὲωσε
1600 4126 1663 4183 τὸ
1747 4120 1920 4198 ὄνομα

236 4242 261 4268 ιι
298 4217 509 4276 αὐτοῦ.
556 4241 590 4268 ι»

309 4305 624 4371 Τουτέστι,
645 4305 713 4363 Τί
743 4305 914 4383 λέγω,
947 4306 1236 4369 πιστεύσας
1268 4303 1356 4362 ἐπὶ
1413 4309 1493 4376 τῷ
1542 4302 1768 4377 ὀνόματι
1823 4303 1916 4359 a6-

227 4401 328 4452 τοῦ
379 4396 752 4471 ἐστερεώθης
814 4395 905 4450 καὶ
981 4395 1107 4472 πρὶν
1163 4396 1197 4465 ἢ
1259 4399 1562 4464 πιστεῦσαι,
1624 4394 1686 4450 τὸ
1747 4390 1918 4465 ὄνομα

231 4487 404 4560 μόνον
457 4484 770 4556 ἐπικληθὲν
853 4484 1173 4560 ἐστερέωσεν
1230 4485 1413 4541 αὐτόν’
1491 4485 1760 4554 τοσαύτην
1817 4506 1920 4555 πη-

232 4578 394 4654 γάζει
426 4579 500 4631 τὸ
539 4573 722 4651 δνομα
752 4577 852 4645 τήν
885 4575 1070 4650 χάριν.
1104 4573 1268 4631 Οῧπω
1326 4575 1430 4652 γὰρ
1485 4576 1550 4644 ἦν
1610 4573 1916 4644 πιστεύσας,

2101 4037 2199 4101 ΙΙΙ,
2236 4041 2318 4094 16.
2353 4062 2379 4088 ‹‹
2417 4041 2484 4094 Et
2508 4041 2580 4094 ob
2613 4041 2791 4096 fidem
2821 4040 3082 4096 nominis
3110 4041 3259 4110 ejus,
3299 4040 3460 4096 hunc
3493 4057 3672 4112 quem

2036 4151 2057 4177 ι
2092 4145 2193 4185 vos
2226 4130 2431 4187 videtis
2463 4137 2520 4186 et
2544 4131 2752 4198 nostis,
2786 4131 3676 4205 consolidavituomenipsius.»

2101 4309 2221 4364 Hoc
2252 4315 2359 4374 est,
2392 4309 2539 4374 Quid
2571 4309 2703 4363 dico
2737 4310 2895 4380 quod
2922 4312 3022 4380 qui
3057 4310 3311 4366 credidit
3339 4311 3399 4364 in
3433 4310 3678 4364 nomine

2030 4398 2160 4469 ejus
2191 4396 2595 4452 consolidatus
2627 4397 2750 4450 sit?
2781 4396 2899 4452 imo
2928 4404 3106 4453 etiam
3138 4400 3486 4469 priusquam
3545 4413 3674 4451 cre-

2031 4487 2215 4554 deret,
2264 4501 2479 4541 nomen
2543 4492 2775 4542 tantum
2863 4487 3199 4542 invocatum
3283 4484 3676 4539 consolidavit

2028 4577 2238 4633 illum:
2273 4565 2495 4632 tantam
2529 4582 2732 4632 manat
2762 4594 2981 4632 nomen
3014 4575 3174 4630 illius
3206 4574 3492 4646 gratiam:
3528 4588 3677 4629 non-

233 4664 386 4722 ἀλλά
422 4666 587 4741 μόνη
621 4667 656 4735 ἡ
687 4662 977 4736 ἐπίκλησις
998 4669 1096 4721 τοῦ
1147 4663 1415 4738 ὀνόματος
1462 4664 1524 4720 τὸ
1574 4669 1676 4718 πᾶν
1725 4663 1904 4741 εἷργαὶ»

2045 4669 2173 4724 ium
2207 4668 2362 4723 enim
2396 4667 2746 4732 crediderat,
2782 4666 2888 4722 sed
2918 4667 3042 4722 sola
3070 4664 3332 4720 nominis
3384 4662 3674 4720 invocatio

229 4777 388 4815 σατο,

301 4871 330 4896 α
382 4845 498 4902 Καὶ
568 4846 605 4912 ἡ
663 4841 847 4905 πίστις
901 4845 936 4912 ἠ
997 4839 1068 4897 δι’
1126 4842 1292 4898 αὐτοῦ
1350 4836 1547 4899 ἔδωκεν
1607 4841 1756 4914 αὐτῷ
1809 4845 1910 4914 τήν

237 4957 259 4985 σ
293 4931 665 5006 ὁλοκληρίαν
695 4933 901 5002 ταύτην
936 4931 1179 4988 ἀπέναντι
1211 4934 1423 4987 πάντων
1462 4933 1634 5007 ὑμῶν.
1678 4955 1706 4983 ››

301 5026 404 5084 Τίς
437 5020 507 5080 δὶ
541 5025 582 5091 ἡ
615 5022 797 5084 πίστις
829 5024 862 5090 ἡ
897 5017 966 5077 δι’
996 5021 1159 5078 αὐτού
1191 5024 1552 5102 κηρυχθεῖσα,
1615 5021 1775 5085 αὐτὸς
1825 5020 1912 5096 ἐρ-

244 5113 497 5186 μηνεύει.
538 5138 570 5163 ι(
604 5114 717 5169 Ἵνα
747 5135 782 5189 γ
806 5111 1053 5167 νώσκωσῖ
1085 5133 1142 5168 σε
1171 5112 1260 5167 τὸν
1322 5112 1482 5184 μόνον
1522 5110 1726 5181 ἀληθῆ,
1761 5134 1790 5164 ι
1820 5111 1910 5166 καὶ

238 5205 383 5274 ὶεῆς.
415 5208 547 5261 Ἵνα
583 5203 686 5281 γὰν)
723 5205 799 5274 μή
833 5223 916 5264 τις
947 5201 1096 5277 εἶ’πῃ,
1133 5203 1342 5258 fluxo-3v
1373 5202 1466 5257 κᾶν
1520 5202 1744 5264 ἄπιστος
1801 5201 1914 5258 ἐπι·-

238 5292 566 5364 καλέσηται
615 5295 675 5349 τὸ
707 5288 881 5368 ὄνομα
931 5293 1219 5351 αύτοῦ.κῶ
1259 5292 1346 5348 ἐπὶ
1379 5293 1632 5368 θεραπείᾳ
1660 5291 1910 5358 ἀπίστου,

240 5385 398 5443 οὐδὲν
429 5387 616 5456 ἧττον
643 5387 679 5456 ἡ
730 5383 874 5447 ἀσις
933 5387 1313 5460 προχωρήσει,
1370 5382 1520 5459 ε’ῗπερ
1553 5387 1588 5455 ἡ
1621 5383 1910 5454 ἐπίκλησις

240 5477 385 5555 μόνη
416 5480 532 5534 τοῦ
569 5474 840 5549 ὀνόματος
875 5474 1215 5550 ἐστερέωσεν
1248 5471 1335 5528 ἵνα
1359 5475 1449 5530 οὗν
1497 5475 1574 5550 μή
1619 5495 1701 5536 τις
1752 5478 1912 5530 τοῦτο

244 5568 394 5645 εἴη,
491 5562 777 5640 bit/“110°
841 5588 870 5616 α
921 5564 1025 5622 Καὶ
1083 5566 1119 5634 ἡ
1177 5563 1356 5626 πίστις
1419 5565 1455 5636 ἡ
1515 5559 1587 5619 δι’
1641 5564 1827 5623 αὐτοῦ,
1887 5589 1908 5616 ι

2021 4777 2143 4821 rem
2174 4774 2413 4813 omnem
2446 4757 2689 4829 peregit.

2095 4874 2121 4900 α
2154 4852 2221 4904 Et
2255 4848 2401 4904 fides
2433 4863 2563 4918 quae
2596 4863 2701 4918 per
2731 4861 2860 4900 eum
2897 4850 2999 4899 est.
3041 4843 3204 4898 dedit
3231 4843 3344 4916 ipsi
3368 4843 3670 4917 integrita-

2025 4963 2051 4996 ι
2084 4947 2203 4997 tem
2237 4940 2409 4994 istam
2443 4938 2502 4992 in
2535 4941 2858 5007 conspectu
2892 4935 3159 4990 omnium
3189 4942 3474 4991 vestrum.
3520 4958 3547 4984 »

2095 5030 2231 5096 Qua:-
2260 5034 2454 5083 autem
2489 5026 2566 5081 sit
2597 5025 2743 5080 fides
2774 5042 2904 5096 quas
2938 5043 3042 5098 per
3073 5043 3205 5081 eum
3239 5032 3346 5084 est.
3382 5026 3506 5096 ipse
3565 5023 3665 5080 de-

2023 5120 2226 5179 clarat.
2262 5117 2359 5171 ubi
2387 5117 2504 5170 ait:
2547 5137 2565 5162 ι
2595 5116 2665 5172 Ut
2694 5124 3052 5187 cognoscant
3106 5123 3157 5171 te
3213 5117 3407 5171 solum
3462 5133 3661 5170 verum

2022 5213 2205 5266 Deum
2229 5207 2295 5275 ⁸³,
2331 5232 2356 5256 n
2386 5214 2496 5260 etc.
2529 5207 2607 5262 Ne
2639 5207 2773 5277 quis
2806 5207 2965 5260 enim
2995 5207 3186 5262 dicat:
3214 5209 3414 5277 Itaque
3431 5205 3665 5260 etiamsi

2023 5298 2284 5355 infidelis
2309 5297 2538 5351 invocet
2562 5311 2781 5350 nomen
2807 5296 3250 5368 ipsius.eliamsi
3278 5296 3337 5350 in
3361 5295 3664 5350 curatione

2022 5388 2314 5446 increduli
2347 5386 2405 5442 id
2436 5389 2560 5455 flat,
2582 5387 2976 5442 nihilominus
2999 5387 3159 5442 salus
3181 5386 3596 5458 subsequetur,
3618 5386 3666 5440 si

2025 5479 2268 5552 quidem
2302 5478 2427 5534 sola
2453 5478 2714 5533 nominis
2747 5478 3041 5533 invocatio
3075 5477 3663 5533 consolidavithunc.

2025 5571 2104 5626 Ne
2137 5569 2270 5642 quis
2302 5584 2432 5644 ergo
2463 5567 2574 5625 hoc
2602 5567 2778 5636 dicat,
2815 5567 3156 5640 subiunxit:
3198 5587 3218 5613 ι
3253 5567 3322 5620 Et
3352 5566 3500 5622 fides
3531 5581 3661 5637 quae

304 5665 351 5708 υ
402 5667 604 5742 loga,
636 5680 786 5742 um,
815 5665 907 5742 31.
980 5663 1028 5701 α
1055 5664 1222 5724 Joan.
1255 5681 1376 5737 xxx,
1408 5667 1494 5722 15.
1570 5663 1619 5702 ⁸³
1643 5665 1810 5724 Joan.
1841 5682 1975 5735 xvn,
2006 5669 2062 5726 ὂ.
