4134 6196
382 326 458 422 si
1468 346 1883 412 (ECUMENII
1927 346 2234 409 TRICCE
2278 345 2660 410 EPISCOPI.
3725 338 3806 401 se

389 511 497 571 per
527 510 661 550 eum
693 497 821 548 est:
858 513 885 539 »
917 491 1029 545 hoc
1055 493 1163 547 est.
1198 503 1479 558 magnum
1512 485 1750 557 quidem
1785 491 1875 540 est
1930 501 2037 539 no-

2177 479 2432 541 Γουτέστι,
2508 481 2644 554 μέγα
2703 477 2796 554 μέν
2851 477 2962 535 ἐστι
3039 477 3100 534 τὸ
3175 473 3369 550 ὄνομα,
3454 471 3543 528 καὶ
3634 471 3798 548 βρύον

398 602 559 651 men,
593 591 708 638 eta
739 598 854 652 quo
887 585 1170 634 emanant
1222 578 1529 644 sanitates,
1595 575 1698 629 sed
1747 591 1896 646 opus
1959 580 2046 628 est

397 676 574 730 etiam
608 671 922 727 animabus
962 686 1093 740 qum
1124 667 1312 739 gratia
1341 667 1530 738 dignm
1555 664 1761 720 haberi
1799 663 2048 736 possint.

401 761 704 834 Siquidem
737 775 954 814 nomen
988 757 1060 813 ab
1093 756 1436 812 inﬁdelibus
1467 755 1978 817 invocatum,cum
2003 753 2054 807 is

401 853 579 909 etiam
602 850 702 921 qui
727 849 916 904 salute
939 853 1070 920 eget
1100 862 1524 918 permansurus
1555 849 1644 899 est
1684 841 2051 908 incredulus,

404 955 786 1012 nequaquam
811 955 980 993 suum
1007 935 1816 992 sortieturell'ectum.l)icere
1833 933 2052 1002 itaque,

399 1031 625 1086 Nomen
659 1027 844 1099 ipsius
875 1024 1265 1081 consolidavit
1291 1025 1491 1089 istum,
1523 1022 1776 1077 sublime
1821 1038 1888 1077 ac
1917 1037 2052 1093 per-

398 1119 624 1175 fectum
657 1123 768 1183 est,
821 1122 878 1171 et
928 1115 1162 1171 Judaaos
1222 1112 1637 1169 exacerbavit:
1694 1111 1842 1167 illud
1895 1128 2030 1166 vero

400 1209 575 1266 Fides
609 1224 738 1279 quae
769 1221 876 1278 per
897 1221 1032 1261 eum
1060 1210 1168 1266 est,
1192 1203 1440 1264 humile.
1465 1204 1594 1274 Ipse
1617 1207 1811 1257 autem
1838 1201 2054 1273 partim

411 1298 650 1370 quidem
686 1314 754 1352 ex
786 1297 871 1352 rei
897 1301 1108 1351 natura
1129 1309 1466 1349 sermonem
1493 1291 1816 1358 distribuit,
1841 1291 2055 1364 partim

403 1406 539 1446 vero
563 1389 736 1461 juxta
768 1387 1104 1442 auditorum
1139 1385 1417 1439 allectum
1458 1387 1516 1436 et
1546 1381 1893 1454 potentiam,
1942 1381 2050 1436 hu-

2163 571 2354 634 ίάσεις,
2388 570 2533 627 ἀλλὲ
2565 569 2731 626 δεῖται
2764 571 2853 624 ναὶ
2903 572 3096 648 ψυχῶν
3155 565 3460 638 δυναμένων
3512 564 3808 636 ἀξιωθῆναι

2160 663 2259 722 τῆς
2318 658 2564 734 χάριτος.
2623 659 2752 714 Ὑπὸ
2813 658 2916 734 γὰρ
2970 656 3212 711 ἀπίστων
3268 655 3332 709 τὸ
3391 652 3563 726 ὄνομα
3615 651 3803 707 ἐπικαο

2163 747 2448 823 λούμενον,
2505 747 2594 803 καὶ
2647 747 2876 802 ἀπίστου
2937 744 3239 821 μέλλοντος
3299 742 3474 818 μένειν
3560 745 3658 796 τοῦ
3708 747 3811 810 τῆς

2162 837 2358 898 ἰάσεως
2387 835 2666 910 δεομένου,
2703 836 2803 890 οὐκ
2841 835 2901 890 ὄίν
2957 835 3020 890 τὸ
3077 834 3276 888 οἰκεῖον
3331 832 3678 908 ἑνεργήσειεν.
3735 830 3810 887 Τὸ

2167 928 2260 1002 μὲν
2293 927 2383 982 οὖν
2417 927 2608 995 εἰπεῖν,
2675 926 2747 982 Τὸ
2805 924 2977 998 ὄνομα
3035 926 3200 979 αὐτοῦ
3253 921 3568 996 ἐστερέωσεν
3627 920 3809 990 αὐτὸν,

2165 1015 2376 1092 ὑψηλὸν
2428 1017 2518 1072 καὶ
2576 1015 2809 1086 τέλειον,
2876 1013 2966 1070 καὶ
3025 1013 3316 1090 ἐτράχυνεν
3374 1010 3435 1067 ἄν
3481 1011 3610 1073 τοὺς
3667 1013 3809 1067 Ἰου·

2163 1107 2372 1171 δσίους.
2404 1109 2473 1164 Τὸ
2505 1106 2584 1175 δὲ,
2617 1109 2680 1166 Ἠ
2713 1106 2895 1167 πίστις
2927 1108 2963 1175 ἡ
2987 1103 3056 1160 δι’
3109 1100 3294 1176 αὸτοῦ,
3337 1102 3610 1159 ταπεινόν,
3639 1102 3695 1157 ’0
3729 1098 3809 1168 Si,

2160 1198 2226 1254 τά
2255 1199 2350 1273 μὲν
2385 1201 2446 1272 εῇ
2505 1197 2661 1277 φύσει
2717 1195 2898 1272 νέμων
2951 1199 3049 1251 ⁴τοῦ
3108 1195 3452 1271 πράγματος,
3509 1192 3576 1246 τὰ
3627 1187 3686 1246 δέ
3739 1192 3811 1262 τῇ

2164 1286 2398 1353 διαθέσει
2453 1289 2541 1342 καὶ
2589 1291 2656 1361 τῇ
2690 1285 2920 1361 δυνάμει
2947 1289 3053 1340 τῶν
3087 1285 3386 1358 ἀκροατῶν,
3444 1281 3667 1359 μίγνυσι
3719 1299 3810 1335 τα-

2163 1379 2318 1434 πεινᾶ
2348 1377 2585 1453 ὑψηλοῖς
2617 1375 2708 1432 διὰ
2739 1377 2801 1433 τὸ
2833 1372 3249 1451 εὐπαράδεκτον.

400 1487 567 1544 milia
595 1485 959 1558 permiscens
992 1481 1367 1548 sublimibus,
1401 1496 1518 1552 quo
1547 1479 1782 1535 facilius
1811 1495 2008 1535 sermo
2039 1479 2382 1551 excipiatur.

475 1661 574 1730 Ill,
609 1663 785 1715 17-20.
820 1683 847 1710 ‹‹
883 1660 950 1715 Et
977 1675 1175 1730 nunc,
1225 1659 1461 1726 fratres,
1522 1658 1678 1725 novi,
1733 1656 1890 1728 quod
1949 1673 2055 1728 per
2085 1678 2132 1744 Β

405 1774 433 1800 ‹‹
468 1751 864 1821 ignorantiam
896 1750 1158 1805 feceritis
1189 1749 1343 1804 sicut
1399 1753 1458 1802 et
1505 1748 1808 1820 principes
1851 1747 2052 1802 vestri.

409 1862 436 1890 α
469 1842 623 1896 Deus
654 1845 851 1896 autem
884 1856 1016 1911 qum
1047 1839 1551 1911 praenuntiaverat
1572 1854 1678 1910 per
1698 1855 1765 1893 os
1786 1836 2053 1892 omnium

407 1952 433 1979 α
472 1946 716 1985 suorum
746 1929 1194 2002 prophetarum,
1230 1944 1540 1998 passurum
1575 1943 1705 1983 esse
1735 1927 2054 1990 Christum,

409 2043 428 2069 ι
463 2019 782 2090 complevit
811 2020 920 2074 hoc
952 2017 1148 2074 modo.
1184 2017 1534 2089 Resipiscite
1579 2016 1758 2089 igitur
1802 2022 1859 2070 et
1915 2031 2058 2070 con-

403 2128 436 2162 α
464 2109 761 2164 vertimini
795 2109 896 2164 80
924 2124 1041 2179 quo
1072 2107 1386 2162 deleantur
1436 2111 1680 2179 peccata
1725 2110 1920 2161 vestra
1947 2121 1960 2159 :
1993 2110 2060 2160 ut

408 2221 436 2248 ι(
470 2197 713 2254 veniant
742 2203 1013 2270 tempora
1041 2196 1512 2270 refrigerationis
1544 2212 1579 2252 a
1605 2201 1932 2268 conspectu
1953 2197 2060 2251 Do-

405 2310 432 2338 “
469 2304 640 2343 ωιω.
679 2309 708 2336 ))

483 2377 644 2435 Novi.
678 2376 896 2448 inquit,
929 2375 1087 2448 quod
1119 2391 1226 2447 per
1254 2375 1650 2446 ignorantiam
1683 2374 1964 2438 feceritis,
1990 2389 2058 2428 eo

411 2467 571 2541 quod
601 2467 802 2539 plures
833 2472 1090 2522 vestrum
1151 2465 1378 2521 videam
1433 2465 1697 2521 converti
1756 2470 1814 2519 et
1869 2462 2059 2519 salvos

414 2558 566 2615 ﬁeri.
601 2557 905 2630 Siquidem
939 2562 1182 2612 noverat
1212 2556 1369 2627 quod
1388 2573 1510 2610 non
1532 2556 1876 2628 ignoranter
1896 2554 2064 2608 fecis-

413 2653 566 2711 sent,
601 2647 706 2703 sed
739 2647 822 2701 ita
853 2646 1104 2712 dicebat,
1135 2646 1352 2700 ostium
1385 2645 1504 2700 illis
1535 2643 1896 2717 paenitentiae
1928 2659 2063 2714 ape-

415 2738 596 2793 riens.
640 2737 778 2791 Ideo
810 2736 924 2791 ait:
961 2735 1334 2806 Resipiscite,
1366 2753 1488 2790 non
1528 2735 1600 2790 de
1633 2734 1968 2790 commissis
2000 2734 2063 2788 in

413 2843 588 2883 cruce
617 2827 779 2897 (nam
811 2824 882 2880 de
915 2825 1036 2879 illis
1067 2824 1339 2896 praedixit
1361 2824 1519 2895 quod
1547 2823 2062 2896 perignorantiam

422 2917 577 2973 facta
607 2917 848 2984 essent),
882 2913 984 2969 sed
1016 2913 1087 2968 de
1121 2913 1252 2968 aliis
1283 2913 1539 2969 delictis.
1568 2913 1781 2968 Dicens
1811 2918 2010 2968 autem
2047 2928 2060 2966 :

415 3029 443 3056 «
477 3007 766 3076 Tempora
783 3002 1266 3075 refrigerationis,
1293 3026 1319 3053 ›ι
1345 3003 1606 3058 futurum
1637 3001 1898 3057 ostendit
1920 2999 2059 3055 utin

412 3095 632 3152 multas
665 3093 934 3149 miserias
967 3093 1253 3153 incidant.
1300 3098 1360 3147 et
1390 3093 1564 3148 bellis
1592 3097 1930 3148 vastentur:
1965 3092 2061 3147 hic

413 3184 573 3238 enim
602 3199 796 3237 sermo
820 3183 891 3237 ad
932 3199 1068 3237 eum
1100 3183 1200 3253 qui
1234 3182 1636 3254 deplorandus
1664 3187 1754 3237 est
1783 3182 2062 3254 cupitque

414 3271 909 3335 consolationem,
941 3273 1130 3342 aptari
1156 3279 1351 3343 potest
1393 3296 1418 3320 ‹‹
1446 3274 1518 3328 Ut
1538 3273 1779 3328 veniant
1800 3279 2068 3344 tempora

415 3360 903 3432 refrigerationis.
942 3382 968 3407 »
1003 3361 1213 3430 inquit.
1267 3363 1339 3414 Ut
1383 3362 1751 3434 temporibus
1795 3362 2069 3417 videlicet

419 3447 887 3520 refrigerationis
933 3448 1451 3504 refocillarentur:
1509 3467 1638 3520 qua:
1670 3468 1704 3506 a
1747 3457 2068 3522 conspectu

423 3538 658 3595 Domini
693 3537 812 3592 sive
845 3536 1042 3591 divina
1072 3543 1131 3591 et
1161 3545 1408 3608 paterna
1432 3538 1763 3595 substantia
1792 3539 1937 3594 dicit
1964 3537 2070 3592 ad-

422 3627 712 3684 ducenda.
748 3629 947 3698 Neque
982 3627 1140 3681 enim
1173 3627 1496 3681 verisimile
1529 3634 1658 3682 erat
1688 3644 1787 3682 eos
1818 3629 1916 3698 qui
1966 3644 2072 3699 per

423 3717 765 3790 passionem
785 3717 846 3770 in
867 3715 1077 3770 Filium
1099 3715 1302 3787 injurii
1325 3717 1707 3783 fuerant,non
1726 3723 2072 3788 accepturos

424 3807 663 3879 dignam
688 3807 1181 3878 ultionem,quam
1207 3807 1383 3861 etiam
1403 3823 1436 3861 a
1458 3809 1738 3863 Romanis
1757 3808 1913 3864 nacti
1933 3814 2074 3863 sunt

419 3897 712 3951 militibus
744 3913 850 3968 per
884 3896 1305 3967 Vespasianum
1340 3903 1399 3950 et
1428 3898 1621 3952 Titum
1655 3898 1692 3952 ii
1730 3899 1829 3970 qui
1872 3898 2068 3953 Judai-

420 4002 556 4041 cam
615 3985 895 4040 adversus
955 3985 1253 4040 Christum
1309 3987 1605 4042 insaniam
1661 3994 2068 4044 exercuerant.

420 4076 620 4145 Neque
654 4074 846 4127 solum
881 4074 1120 4144 propria
1147 4075 1356 4146 politia
1385 4075 1651 4130 destituti
1684 4084 1841 4146 sunt,
1867 4094 2071 4134 verum

425 4164 602 4218 etiam
634 4168 769 4235 post
798 4179 920 4217 suae
952 4163 1298 4233 metropolis
1329 4165 1654 4237 templique
1677 4168 2070 4237 eversionem,

420 4251 597 4307 vitam
623 4267 859 4323 quoque
884 4251 1435 4309 ducunterraticam
1461 4260 1580 4310 toto
1601 4255 1822 4311 mundo
1842 4256 2069 4328 disper-

422 4344 470 4400 si
505 4359 518 4398 :
553 4349 612 4398 et
641 4359 829 4412 usque
860 4343 933 4398 ad
967 4342 1144 4414 hujus
1165 4344 1433 4400 mortalis
1459 4345 1584 4400 vitm
1616 4349 2071 4402 consummatio-

2238 1688 2264 1710 ι.
2299 1658 2402 1714 Καὶ
2432 1657 2544 1726 νῦν,
2573 1653 2979 1736 ἀδελφοί,οἷδα,
3001 1655 3084 1712 ὅτι
3115 1656 3249 1711 κατᾶ
3279 1653 3501 1732 ἃγνοιαν
3529 1651 3808 1728 ἐπράξατε,

2167 1747 2349 1823 ὥσπερ
2381 1747 2472 1802 καὶ
2507 1748 2559 1802 οἱ
2590 1746 2855 1822 ἀρχόντες
2891 1747 3066 1820 ὑμῶν.
3100 1746 3161 1803 Ὀ
3189 1741 3247 1800 δὲ
3278 1745 3405 1806 Θεὸς
3437 1742 3472 1798 ἅ
3499 1743 3813 1818 προκατήγ·

2162 1837 2312 1914 γειλε
2353 1834 2441 1891 διὰ
2500 1835 2770 1910 στόματος
2831 1836 3040 1890 πάντων
3099 1839 3207 1890 τῶν
3266 1837 3564 1910 προφητῶν
3621 1831 3807 1900 αὐτοῦ,

2161 1933 2350 1992 παθεῖν
2379 1928 2472 1982 τὸν
2509 1927 2766 2002 Χριστὸν,
2825 1923 3142 2000 ἐπλήρωσεν
3193 1922 3385 1985 οὕτως.
3426 1923 3808 1992 Μετανοήσατε

2164 2018 2255 2073 οὗν
2307 2019 2394 2072 καὶ
2455 2017 2808 2092 ἐπιστρέψατε
2880 2015 2958 2078 εἷς
3042 2015 3105 2071 τὸ
3191 2012 3574 2091 ἐξαλειφθῆναι
3657 2013 3812 2085 ὑμῶν

2160 2108 2257 2170 τάς
2317 2107 2606 2182 ἁμαρτίας,
2665 2107 2813 2166 ὅπως
2871 2103 2930 2160 ἄν
2983 2101 3183 2160 ἔλθωσι
3256 2101 3438 2176 καιροὶ
3496 2101 3804 2175 ἀναψύξεως

2163 2197 2270 2254 ἀπὸ
2301 2197 2602 2273 προσώπου
2629 2195 2725 2250 τοῦ
2756 2194 2980 2267 Κυρίου.
3018 2216 3046 2244 ››

2237 2380 2462 2452 Ἕγνων,
2495 2376 2651 2455 φησὶ,
2685 2375 2769 2430 ὅτι
2819 2374 2954 2430 κατά
3012 2375 3232 2448 ἄγνοιαν
3286 2371 3568 2448 ἐπράξατε,
3625 2370 3679 2442 EE
3735 2369 3810 2426 ὧν

2167 2469 2280 2543 ὁρῶ
2310 2465 2557 2527 πολλοὺς
2617 2465 2771 2540 ὑμῶν
2827 2462 3247 2542 ἐπιστρέφοντας
3304 2463 3396 2518 καὶ
3445 2459 3810 2536 σωζομένους.

2165 2555 2313 2626 ᾚδει
2350 2557 2443 2631 μὲν
2473 2555 2575 2633 γὰρ
2607 2555 2690 2608 δτι
2722 2554 2784 2608 οὐ
2816 2554 2953 2607 κατά
2997 2549 3237 2631 ἄγνοιαν,
3283 2549 3412 2607 ἀλλ’
3461 2550 3634 2612 οὕτως
3684 2547 3812 2624 ἔφη,

2167 2647 2329 2722 θύραν
2372 2645 2558 2708 αὐτοῖς
2609 2643 2837 2717 ἀνοίγων
2894 2642 3202 2715 μετανοίας.
3267 2643 3359 2696 Διὸ
3416 2639 3581 2716 λέγει·
3641 2641 3816 2696 Μετα-

2167 2740 2418 2804 νοήσατε,
2452 2734 2514 2789 οὐ
2559 2733 2820 2806 περὶτῶν
2870 2731 2920 2786 ἐν
2979 2737 3060 2804 τῷ
3115 2735 3330 2806 σταυρῷ
3385 2727 3813 2804 τετολμημένων

2171 2821 2327 2904 (ἔφθη
2359 2825 2460 2900 γὰρ
2493 2822 2658 2878 εἰπὼν
2691 2821 2813 2896 περῖ
2846 2819 3088 2890 ἐκείνων,
3142 2819 3228 2878 ὅτι
3280 2820 3331 2875 έν
3374 2820 3607 2894 ἀγνοίᾳ),
3668 2815 3816 2874 ἀλλά

2170 2915 2292 2991 περὶ
2347 2918 2457 2969 τῶν
2516 2909 2703 2967 ἂλλων
2761 2912 3062 2986 ἁμαρτιῶν.
3139 2910 3323 2968 Εἰπὼν
3393 2907 3472 2980 δέ,
3533 2933 3561 2960 ‹‹
3615 2908 3813 2983 Καιροὶ

2175 3004 2503 3078 ἀναψύξεως,
2538 3026 2564 3046 ιι
2598 2998 2829 3055 δείκνυσι
2859 2998 3259 3077 ταλαιπωρίαις
3288 2998 3526 3063 πολλαῖς
3585 2996 3816 3072 μέλλον-

2173 3115 2268 3157 τας
2323 3091 2520 3154 αὐτοὺς
2595 3089 2963 3165 περιπίπτειν,
3039 3091 3126 3146 καὶ
3209 3085 3876 3167 κατεργασθησομένους’

2175 3187 2452 3260 πολέμων.
2488 3185 2626 3258 ΙΙρὸς
2676 3183 2780 3258 γάρ
2833 3183 2924 3237 τὸν
2992 3182 3360 3257 κλαυσόμενον
3415 3183 3505 3238 καὶ
3563 3201 3816 3260 παραμυο

2177 3279 2293 3339 θίας
2354 3275 2720 3347 ἐπιθυμοῦντα
2789 3273 2948 3334 οὗτος
3031 3276 3090 3328 ἄν
3150 3274 3177 3328 ὁ
3261 3272 3424 3349 λόγος
3507 3273 3817 3349 ἀρμᾶσειεν.

2183 3392 2210 3422 ι
2261 3371 2446 3430 Ὀπως
2499 3366 2559 3423 ἄν
2618 3365 2842 3435 ἔλθωσι,
2897 3364 3052 3439 φησὶ,
3134 3363 3314 3438 καιροῖ
3400 3363 3733 3438 ἀναψύξεως.
3793 3385 3818 3414 ο

2179 3457 2326 3513 Κατά
2355 3457 2483 3520 τοὺς
2509 3459 2607 3524 τῆς
2641 3457 2946 3530 ἀναψύξεως
2991 3453 3212 3530 καιροὺς
3273 3449 3514 3524 δηλαδή,
3573 3451 3665 3513 οὒς
3717 3450 3824 3508 ἀπὸ

2178 3542 2475 3616 προσώπου
2504 3547 2600 3598 τοῦ
2633 3544 2859 3618 Κυρίου,
2912 3540 3089 3596 εἴτουν
3148 3548 3247 3611 τῆς
3300 3540 3444 3604 θείας
3491 3539 3579 3594 καὶ
3630 3560 3828 3613 πατρι-

2179 3639 2280 3701 κῆς
2311 3632 2496 3693 οὐσίας
2541 3635 2994 3707 πρυτανευθῆναι,
3055 3631 3237 3704 φησίν.
3299 3627 3440 3688 Οὐδὲ
3493 3630 3594 3705 γὰρ
3653 3629 3822 3694 είκὸς,

2180 3722 2306 3783 τοὺς
2341 3721 2414 3783 είς
2445 3724 2535 3777 τὸν
2565 3723 2685 3776 Υἱὸν
2739 3717 3118 3797 ἐνυϐρίσαντας
3179 3717 3267 3774 διά
3321 3723 3418 3774 τοῦ
3473 3719 3703 3783 πάθους,
3738 3719 3816 3790 μή

2177 3813 2278 3880 τήν
2336 3806 2674 3886 ἀνταμοιϐην
2733 3811 2928 3882 εὐρεῖν,
2985 3809 3053 3879 ἤν
3107 3809 3198 3865 καὶ
3257 3809 3472 3881 ἀνεῦρον
3534 3806 3634 3862 ὑπό
3710 3811 3819 3862 τῶν

2177 3897 2504 3971 Ῥωμαϊκῶν
2551 3897 2926 3976 στρατοπέδων
2987 3897 3075 3954 διὰ
3134 3899 3541 3958 Οὐεσπασιανοῦ
3586 3897 3675 3952 καὶ
3725 3897 3822 3954 Τί-

2177 4010 2275 4045 του
2307 3990 2357 4045 οί
2397 3993 2466 4063 τῇ
2518 3988 2794 4063 Ἰουδαϊκῇ
2849 3989 2985 4046 κατά
3045 3989 3278 4064 Χριστοῦ
3337 3989 3824 4063 ἐγκαρτερήσαντες

2181 4078 2376 4155 λύσσῃ.
2413 4081 2513 4136 Καί
2548 4079 2610 4134 οὐ
2647 4079 2811 4152 μόνον
2861 4079 2977 4134 καθ’
3035 4078 3255 4139 ἑαυτοὺς
3315 4075 3621 4134 πολιτεύειν
3679 4075 3825 4131 ἐστὶ·

2182 4190 2396 4244 ρηνται,
2430 4167 2576 4226 ἀλλά
2606 4169 2695 4224 καὶ
2732 4169 2865 4242 μετᾶ
2895 4171 2994 4238 την
3045 4176 3144 4238 τῆς
3197 4165 3598 4243 μητροπόλεως
3650 4165 3828 4221 αὐτῶν

2179 4259 2268 4315 καὶ
2301 4263 2397 4316 τοῦ
2426 4265 2558 4315 ναοῦ
2613 4261 2990 4332 κατασκαφὴν,
3048 4258 3136 4312 καὶ
3197 4257 3316 4333 βίον
3373 4257 3565 4331 ἄγουσι
3623 4255 3831 4311 πλάνον

2179 4351 2314 4404 κατά
2368 4350 2568 4411 παντὸς
2629 4346 3034 4424 διασπαρέντες,
3105 4347 3195 4402 καὶ
3266 4349 3429 4421 μέχρι
3515 4353 3616 4416 τῆς
3671 4343 3832 4403 τοῦδε

421 4451 560 4491 nem
593 4435 677 4490 ita
733 4434 1148 4506 perdurantes,
1201 4451 1509 4506 nunquam
1563 4437 2063 4509 refrigerationem

2183 4442 2278 4492 τοῦ
2335 4442 2573 4518 φθαρτοῦ
2632 4437 2755 4512 βίου
2816 4420 3117 4496 συντελείας
3177 4433 3578 4508 διατηροῦντες,
3630 4434 3691 4488 οὐ
3747 4435 3829 4510 μή

421 4530 882 4595 consequentur-
908 4525 974 4578 In
999 4540 1065 4578 eo
1084 4524 1242 4577 enim
1267 4524 1480 4579 Christi
1503 4525 1575 4580 de
1602 4527 1766 4581 oculis
1791 4527 2067 4595 adventu,

420 4613 739 4684 unicuique
768 4615 937 4685 juxta
954 4612 1247 4684 condigna
1267 4611 1553 4684 rependet
1576 4616 2070 4686 praemiaJlorum

423 4707 622 4756 autem
653 4720 783 4772 qum
817 4711 955 4760 tunc
987 4704 1186 4759 futura
1217 4709 1374 4768 sunt.
1409 4705 1806 4777 cognitionem
1849 4705 2069 4762 Judmis

424 4804 579 4844 nunc
614 4794 906 4861 proponit,
940 4799 1005 4848 ut
1034 4794 1246 4850 horum
1270 4795 1480 4849 timore
1504 4795 1911 4866 pmnitentiam
1944 4813 2067 4852 maa

421 4877 509 4950 gis
540 4883 779 4934 strenue
810 4885 924 4935 arri
933 4883 1121 4952 piant.

495 5057 590 5120 ΙΙΙ,
615 5057 704 5124 20,
736 5059 822 5110 21.
859 5079 884 5106 α
921 5059 1222 5130 Mittatque
1253 5078 1390 5118 eum
1421 5064 1520 5134 qui
1553 5068 1689 5119 ante
1711 5063 2068 5136 prmdicatus

430 5167 451 5194 ι
483 5153 574 5202 est
595 5145 756 5200 vobis
785 5147 985 5200 Jesum
1019 5146 1336 5211 Christum.
1364 5168 1541 5222 quem
1573 5159 1804 5225 oportet
1826 5154 2066 5226 quidem

430 5255 451 5284 ι
484 5235 631 5290 cazlo
664 5234 882 5306 suscipi
915 5251 1102 5304 usque
1161 5237 1233 5290 ad
1293 5244 1558 5310 tempora
1616 5243 2066 5300 instaurationis

426 5347 453 5374 ‹‹
484 5327 773 5385 omnium.
809 5342 940 5395 qua:
975 5325 1205 5379 locutus
1239 5332 1328 5380 est
1359 5329 1512 5382 Deus
1543 5347 1647 5401 per
1689 5349 1753 5387 os
1797 5335 2064 5388 omnium

423 5438 449 5465 ‹‹
483 5422 822 5470 sanctorum
855 5432 1096 5470 suorum
1138 5433 1172 5470 a
1203 5416 1418 5471 saeculo
1452 5421 1894 5491 prophetarum.
1934 5447 1960 5471 ››

500 5503 636 5557 Vide
669 5504 967 5574 quomodo
1000 5503 1209 5559 ordine
1243 5506 1539 5575 procedat.
1578 5511 1635 5564 ln
1669 5513 1846 5582 priori
1881 5513 2067 5584 siqui-

425 5595 557 5650 dem
591 5597 878 5652 concione
913 5597 1406 5652 resurrectionem
1440 5615 1507 5654 ac
1537 5599 1597 5654 in
1631 5604 1793 5657 caelis
1852 5605 2066 5658 sessio-

425 5701 565 5742 nem
597 5685 791 5742 innuit
821 5703 834 5742 :
867 5687 961 5741 hic
991 5691 1188 5743 autem
1220 5688 1603 5746 manifestum
1635 5691 1813 5747 etiam
1851 5693 2075 5748 adven:

425 5780 551 5834 tum
582 5793 759 5849 quem
787 5781 956 5832 vocat
986 5781 1220 5851 tempus
1251 5778 1738 5852 refrigerationis,
1772 5796 1880 5852 per
1908 5780 2065 5852 quod

2140 5713 2144 5716 ‘
2171 5689 2405 5762 κάθισιν,

2181 4549 2313 4582 ποτε
2352 4527 2572 4601 τύχοιεν
2627 4527 2953 4601 ἀναψύξεως.
3011 4526 3160 4582 Κατά
3215 4523 3318 4598 γὰρ
3375 4525 3575 4594 ταυτὴν
3635 4526 3669 4592 ἡ
3729 4527 3828 4581 τοῦ

2184 4621 2422 4692 Χριστοῦ
2480 4618 2569 4673 ἀπ’
2628 4617 2856 4692 οὐρανοῦ
2931 4615 3216 4692 παρουσία,
3276 4616 3484 4688 ἑκάστῳ
3533 4621 3641 4672 τῶν
3689 4618 3828 4674 κατᾶ

2179 4705 2324 4776 ἀξίαν
2352 4708 2530 4762 πόνων
2563 4700 2852 4782 βραϐεύσει
2908 4705 2974 4761 τὰ
3030 4703 3258 4769 ἔπαθλα.
3321 4706 3545 4762 Τούτων
3603 4703 3660 4762 δὲ
3713 4711 3822 4762 τῶν

2176 4799 2471 4865 τηνικαῦτα
2499 4793 2768 4870 ἐσομένων
2801 4799 2998 4872 γνῶσιν
3049 4800 3138 4850 νῦν
3193 4794 3461 4866 ἐντίθησιν
3509 4795 3821 4867 Ἰουδαίοις,

2179 4886 2254 4946 ὡς
2285 4883 2345 4939 ἄν
2375 4890 2456 4958 τῷ
2484 4881 2640 4965 φὸϐῳ
2662 4885 2870 4941 τούτων
2933 4886 3318 4963 γεννικώτερον
3375 4885 3474 4954 τήν
3531 4887 3820 4959 μετάνοιαν

2178 4973 2598 5030 ἐπισπάσωνται.

2252 5089 2280 5115 ‹‹
2315 5063 2416 5122 Καὶ
2445 5064 2740 5140 ἀποστείλῃ
2799 5065 2889 5119 τὸν
2947 5063 3466 5141 προκεκηρυγμένον
3523 5069 3650 5137 νμῖν
3713 5066 3828 5136 Ἰη-

2181 5159 2303 5210 σοῦν
2362 5156 2616 5230 Χριστὸν,
2674 5155 2731 5209 ίίν
2793 5151 2875 5209 δεῖ
2930 5152 3154 5228 οὐρανόν
3207 5154 3301 5227 μὲν
3387 5151 3630 5225 δέξασθαι
3689 5153 3827 5235 ἄχρι

2177 5245 2392 5320 χρόνων
2452 5246 2937 5306 ἀποκαταστάσεως
3005 5246 3246 5313 πάντων,
3307 5247 3380 5300 ὧν
3466 5244 3733 5316 ἐλάλησεν
3797 5249 3828 5303 ὁ

2177 5335 2304 5394 Θεὸς
2337 5330 2426 5387 διὰ
2462 5334 2734 5408 στόματος
2797 5336 3009 5390 πάκτων
3067 5333 3240 5412 ἁγίων
3295 5335 3463 5390 αὐτοῦ
3522 5339 3828 5416 προφητῶν

2176 5421 2266 5476 ἀπ’
2297 5422 2516 5483 αἰῶνος.
2554 5447 2582 5473 ››

2245 5512 2383 5586 Ὀρα
2413 5516 2529 5575 πῶς
2559 5510 2670 5586 ὁδῷ
2697 5507 2998 5588 προϐαίνει.
3034 5515 3120 5572 Ἑν
3157 5515 3252 5589 μέν
3282 5519 3350 5588 τῇ
3383 5515 3575 5590 πρώτῃ
3622 5511 3823 5587 δημη-

2171 5599 2350 5676 γορίᾳ,
2385 5604 2484 5672 τὴν
2513 5603 2795 5658 ἀνάστασιν
2850 5603 2939 5658 καὶ
2997 5605 3095 5672 τήν
3147 5603 3222 5665 εἰς
3278 5603 3542 5675 οὐρανοὺς
3593 5603 3821 5678 ᾐνίξατο

2492 5690 2711 5749 ἐνταῦθα
2798 5689 2854 5751 δὲ
2907 5691 2997 5748 καὶ
3051 5693 3150 5764 τήν
3224 5690 3436 5774 ἐμφανῆ
3491 5693 3816 5770 παρουσίαν,

2174 5778 2241 5850 ἣν
2270 5782 2457 5860 καιρὸν
2491 5801 2652 5864 φησιν
2675 5782 2999 5857 ἀναψύξεως,
3053 5780 3107 5838 ὃν
3160 5781 3210 5855 ᾧ
3263 5782 3392 5843 τοὺς
3446 5787 3549 5855 τῆς
3589 5779 3827 5843 ἀναστό-
