4134 6196
284 355 355 417 ³9
1239 354 1654 419 COMMENT.
1703 354 1790 414 IN
1833 351 2034 413 ACTA
2084 350 2702 419 APOSTOLOBUM.
3621 362 3709 423 90.

283 507 417 550 σεως
443 482 613 555 δηλοῖ
633 483 882 558 καιρούς.
913 484 1025 548 Οὖς
1081 485 1172 541 καὶ
1232 491 1451 550 Παῦλος
1507 485 1776 558 ἐπιζητεῖ,
1838 480 1915 540 λι.

2035 485 2332 558 significat
2366 492 2634 561 tempora
2672 492 3167 551 resurrectionis:
3201 511 3333 566 quas
3371 500 3429 552 et
3476 497 3696 556 Paulus

281 597 411 653 γων·
451 601 471 624 ι
509 575 614 632 Καὶ
645 578 813 648 ἡμεῖς
862 573 916 631 οῖ
945 575 998 630 ὲν
1052 580 1131 647 τῷ
1190 579 1375 648 σκήνει
1431 577 1612 649 τούτῳ
1671 577 1928 644 στενάζο-

287 688 377 741 μεν
416 665 771 743 βαρούμενοι.
805 690 832 717 ιδ
874 665 940 722 Εἴ
970 663 1028 721 δέ
1056 687 1138 728 τις
1167 667 1257 722 καὶ
1304 665 1432 728 τοὺς
1490 667 1625 739 μετᾶ
1651 668 1751 735 τὴν
1783 665 1927 720 ἅλω·

286 779 365 811 σιν
397 756 545 833 λέγει
574 755 803 832 καιροὺς
832 755 1162 831 ἀναψύξεως,
1205 754 1356 812 οὗδὶν
1415 754 1639 812 κωλύει.
1690 755 1791 812 Καὶ
1823 755 1928 832 γὰρ

280 846 409 911 τοὺς
458 854 557 916 τῆς
609 846 908 911 κακώσεως
974 848 1153 903 αὐτῶν
1211 846 1603 923 αἰχμαλωσίας
1662 843 1750 901 δια
1805 844 1932 907 τοὺς

280 935 564 999 ἐκλεκτοὺς
605 932 947 993 ἐκολόϐωσεν
1002 937 1030 992 6
1077 938 1330 1012 Χριστός,
1353 935 1446 992 ’ίνα
1505 937 1558 992 οἱ
1614 935 1930 991 πιστεύσαν-

279 1047 362 1088 τες
419 1023 644 1100 εὕρωσιν
705 1026 968 1101 ἁνάψυσιν
1005 1068 1019 1094 ,
1085 1026 1177 1082 καῖ
1256 1023 1596 1082 διασωθῶσιν
1665 1025 1773 1080 ἀπο
1829 1031 1930 1093 τῆς

281 1117 517 1198 σφοδρᾶς
572 1117 781 1188 ἐκείνης
836 1117 1207 1192 τακαιπωρίας
1270 1118 1361 1174 καὶ
1431 1117 1692 1193 ἀνάγκης.
1744 1116 1930 1172 Εἰπὼν

279 1207 336 1265 δὲ
363 1209 642 1284 ἀνωτέρω,
670 1210 732 1268 Ὀ
780 1206 838 1264 δὶ
869 1209 1000 1272 Θεὸς
1032 1210 1064 1265 ἃ
1095 1208 1596 1285 προκατήγγειλεν,
1658 1207 1721 1264 οὐ
1749 1205 1930 1278 τίθησι

282 1299 580 1374 μαρτυρίαν
666 1301 943 1376 Γραφικὴν
1021 1301 1144 1375 περῖ
1223 1307 1322 1370 τῆς
1410 1299 1785 1375 σταυρώσεως,
1847 1296 1932 1353 ὅτι

279 1388 476 1459 ἑκάστη
536 1388 711 1444 αὐτῶν
767 1390 903 1462 μετᾶ
956 1388 1187 1446 πολλῶν
1262 1386 1628 1465 ἐγκλημάτων
1689 1388 1781 1443 καὶ
1835 1407 1930 1442 κο.

281 1477 491 1542 λάσεως
547 1486 650 1549 τῆς
696 1479 785 1534 κα’
839 1479 1016 1535 αὐτῶν
1081 1478 1316 1556 εἷ’ρηται,
1376 1478 1465 1534 καὶ
1517 1477 1617 1534 οὐκ
1672 1473 1930 1534 ἐϐούλετο

278 1568 420 1631 τὲως
453 1566 720 1638 λυπῆσαι.
777 1567 1166 1646 Ἀφελὲστερον
1223 1565 1282 1624 δὶ
1335 1566 1605 1644 κέχρηται
1662 1569 1929 1642 τοῖςπερῖ

277 1657 538 1728 Χριστὸν,
565 1661 634 1731 τῇ
663 1657 984 1713 ταπεινώσει
1015 1661 1122 1712 τῶν
1154 1657 1436 1732 ἀκροατῶν
1485 1655 1792 1728 οἰκονομῶν
1839 1659 1930 1712 τὸν

277 1746 470 1822 λόγον.
502 1745 643 1821 Πρὸς
675 1747 780 1822 γὰρ
807 1747 870 1801 τὸ
902 1747 1182 1822 ὁρώμενον
1240 1750 1337 1800 τοῦ
1396 1745 1625 1819 Κυρίου,
1660 1743 1836 1801 εἷ’τουν
1869 1747 1930 1802 τό

2045 574 2296 646 inquirit
2326 576 2570 633 dicens:
2603 602 2629 628 «
2666 581 2735 635 Et
2793 599 2902 637 nos
2951 584 3047 654 qui
3095 601 3302 640 sumus
3359 586 3420 641 in
3454 588 3564 643 hoc
3597 595 3694 644 ta-

2045 664 2368 722 bernaculo
2390 668 2834 740 ingemiscimus
2848 672 3069 741 gravati
3084 672 3144 726 ‘3.
3173 675 3305 729 »31
3331 676 3697 734 Nihilautem

2044 761 2200 810 vetat
2226 763 2289 811 ut
2325 756 2483 813 dicat
2512 759 2807 830 quispiam
2843 767 3109 832 tempora
3139 764 3605 835 refrigerationis
3628 784 3696 823 ea

2044 861 2195 913 esse,
2230 863 2360 918 qum
2392 853 2594 902 secuta
2638 855 2779 903 sunt
2821 850 3360 923 Hierosolymorum
3393 871 3698 929 expugna-

2044 936 2289 991 tionem.
2320 936 2626 1007 Siquidem
2669 937 2796 993 dies
2827 939 3169 996 afflictionis
3204 941 3443 999 illorum
3479 953 3536 1000 et
3567 946 3700 1017 qui-

2043 1025 2154 1081 bus
2185 1027 2245 1080 in
2277 1027 2674 1099 captivitatem
2715 1029 3106 1095 ducebantur,
3170 1040 3414 1104 propter
3476 1035 3697 1091 electos

2043 1113 2401 1171 abbreviavit
2428 1116 2774 1186 Christus“,
2818 1125 2884 1174 ut
2915 1120 3225 1177 credentes
3256 1123 3564 1179 inveniant
3603 1143 3698 1182 re-

2041 1203 2369 1277 frigerium.
2403 1211 2463 1261 et
2501 1214 2808 1263 serventur
2836 1225 2871 1263 a
2901 1210 3234 1265 vehementi
3301 1211 3404 1266 illa
3453 1213 3696 1270 miseria

2044 1297 2104 1347 et
2159 1295 2534 1350 necessitate.
2621 1297 2904 1368 Superius
2951 1303 3149 1353 autem
3187 1339 3201 1362 ,
3261 1299 3486 1367 dicens,
3540 1303 3693 1356 Deus

2043 1390 2242 1440 autem
2274 1401 2406 1455 quae
2441 1387 2958 1457 prmnuntiaverat,
3003 1405 3122 1443 non
3156 1390 3326 1461 ponit
3377 1391 3692 1462 Scriptura)

2045 1472 2453 1528 testimonium
2503 1473 2574 1530 de
2633 1476 3039 1538 cruciﬁxione,
3099 1478 3240 1548 quia
3296 1477 3531 1552 singula
3587 1479 3693 1536 illa

2043 1579 2177 1619 cum
2210 1565 2415 1621 multis
2447 1565 2716 1638 ipsorum
2766 1567 3243 1624 accusationibus
3300 1586 3367 1624 ac
3399 1571 3691 1642 supplicio

2043 1654 2322 1711 adversus
2354 1656 2490 1712 illos
2513 1658 2671 1713 dicta
2701 1663 2860 1726 sunt,
2913 1675 3024 1714 nec
3076 1659 3263 1714 voluit
3309 1660 3556 1714 omnino
3587 1677 3689 1716 eos

2043 1745 2415 1802 contristare.
2471 1747 2811 1819 Simplicius
2867 1765 3003 1803 vero
3081 1764 3224 1803 usus
3279 1754 3369 1803 est
3423 1749 3516 1804 his
3557 1767 3688 1820 quae

275 1836 637 1911 ἀνθρώπινον,
659 1837 694 1906 ἡ
717 1837 810 1891 ἀπ’
839 1836 1070 1910 οὐρανοῦ
1091 1835 1256 1891 αὐτοῦ
1273 1833 1554 1905 ἀποστολὴ
1580 1836 1915 1911 παρηνέχθη,

2044 1836 2116 1892 de
2141 1837 2373 1893 Christo
2406 1842 2594 1904 erant,
2629 1855 2965 1895 sermonem
2991 1841 3163 1911 juxta
3192 1840 3529 1895 auditorum
3578 1841 3691 1895 hu—

275 1923 362 1978 ἰπὶ
396 1922 461 1978 τὸ
521 1921 725 1995 μέλλον
783 1919 840 1978 δὲ
897 1925 932 1992 ἡ
981 1923 1115 1998 πρὸς
1144 1921 1366 1998 οὐρανὸν
1422 1923 1586 1978 αὐτοῦ
1637 1921 1922 1999 ὑποδοχή,

278 2035 306 2062 ‹‹
338 2012 437 2084 ὀν
472 2012 598 2089 γὰρ,
631 2012 786 2088 φησὶ,
821 2008 906 2066 δεῖ
962 2013 1191 2085 οὐρανὸν
1250 2007 1629 2086 ὑποδέξασθαι,
1665 2036 1692 2064 »ι
1749 2012 1926 2068 καίτοι

275 2121 338 2175 γε
369 2098 687 2157 ὑπεδέδεκτο
716 2097 827 2171 ἤδη
859 2101 996 2156 κατὰ
1039 2100 1130 2156 τὸν
1163 2102 1353 2176 καιρὸν
1411 2108 1511 2170 τῆς
1568 2100 1923 2178 ἀναλήψεως.

277 2189 454 2247 Ἀλλᾶ
475 2188 656 2263 τούτῳ
685 2189 721 2259 ἢ
755 2187 1176 2264 ἲδιτυτικώτερον
1202 2189 1469 2266 κέχρηται
1497 2194 1577 2262 τῷ
1600 2191 1774 2266 λόγῳ,
1804 2212 1924 2247 συν-

275 2282 424 2350 ήθως
453 2283 522 2354 τῇ
554 2281 747 2336 εαυτοῦ
788 2278 1076 2354 ἰπιστολῇ,
1133 2280 1186 2336 ἄν
1227 2283 1263 2354 ᾖ
1295 2302 1430 2358 φησι
1484 2281 1608 2355 περὶ
1666 2284 1922 2355 Χριστοῦο

269 2394 298 2420 α
331 2363 529 2425 Λαϐὼν
604 2369 706 2444 γᾶρ
765 2368 1004 2440 ἐξουσίαν
1059 2370 1206 2442 παρὰ
1270 2374 1404 2427 Θεοῦ
1443 2371 1678 2445 Ηατρὸς,
1737 2379 1923 2448 φωνῆς

265 2456 418 2530 αὖτῷ
478 2457 569 2512 ἀπ’
625 2457 856 2533 οὐρανοῦ
904 2459 1236 2539 ἐνεχθείσης.
1298 2459 1400 2517 Καὶ
1448 2459 1548 2535 γὰρ
1588 2462 1674 2530 τὸ,
1731 2483 1760 2513 ‹‹
1808 2465 1919 2518 Λα-

267 2543 404 2616 ϐὼν,
440 2569 465 2599 ι
499 2546 617 2603 ἂντῖ
665 2552 782 2611 τοῦ,
846 2568 868 2596 ι
900 2542 1166 2614 ἔλαϐεν,››
1213 2549 1248 2618 ἡ
1310 2549 1548 2618 σύνταξις
1598 2553 1694 2606 τοῦ
1752 2549 1920 2628 λόγου

269 2635 516 2702 ἀπαιτεῖ,
572 2637 705 2712 πρὸς
761 2637 824 2692 τὸ
879 2636 942 2691 τὸ
994 2638 1180 2710 νόημα
1252 2634 1678 2713 διαρθρωθῆναι.
1760 2641 1920 2696 Ὥστε

262 2725 540 2780 κάνταῦθα
569 2726 652 2787 τὸ,
698 2749 727 2778 ιι
755 2727 854 2784 "Ov
905 2723 990 2780 δεῖ
1045 2721 1427 2797 ὑποδέξασθαι,
1461 2750 1488 2778 ››
1520 2727 1607 2796 τὸ,
1641 2732 1748 2798 Δεῖ,
1800 2729 1916 2786 ἀντὶ

259 2818 381 2882 τοῦ,
413 2811 547 2883 ἔδει,
580 2813 856 2894 εἰλῆφθαι.
919 2817 983 2870 Ἥ
1025 2814 1139 2870 ἐπεὶ
1185 2816 1261 2888 μὴ
1294 2819 1450 2870 πᾶσιν
1477 2817 1513 2885 ἡ
1547 2815 1624 2878 εἷς
1655 2817 1918 2893 οὐρανοὺς

261 2904 432 2960 αὖτοῦ
490 2903 765 2978 ἀνάληψις
821 2903 910 2959 καὶ
961 2903 1195 2979 αὐτοψία
1263 2903 1472 2978 ὡράθη,
1528 2902 1665 2970 τέως
1721 2904 1917 2971 αὖτοὺς

257 2997 326 3068 τῇ
379 2995 586 3048 ἑαυτῶν
662 2993 935 3067 ὑπολήψει
994 2994 1234 3069 χρῆσθαι
1290 2992 1369 3065 ἰᾷ.
1447 2994 1639 3066 Ὅμως
1684 2995 1911 3071 οὐρανὸν

258 3087 432 3142 εἰπὼν
456 3087 597 3162 πρὸς
628 3083 917 3162 ὑποδοχὴν
947 3091 1046 3141 τοῖ’)
1088 3083 1497 3158 ἀπεσταλμένου
1553 3089 1911 3163 ⁴ἧτοιμᾶσθαι,

253 3174 488 3254 ὲνὲῳηνε
522 3181 643 3239 τοῖς
677 3177 1071 3252 ζωτικωτὲροις
1102 3173 1192 3232 διὰ
1244 3179 1361 3233 τοῖ’).
1394 3179 1493 3234 ’Όν
1555 3176 1638 3234 δεῖ
1685 3179 1912 3254 οὐρανὸν

261 3262 655 3336 ὑποδέξασθαι,
710 3266 835 3322 rt?»
912 3262 1042 3322 ὄντα
1093 3267 1181 3322 καὶ
1246 3263 1518 3322 συναίδιον
1578 3273 1658 3340 τῷ
1719 3269 1908 3342 Πατρὶ,

250 3355 340 3410 καὶ
380 3355 486 3410 ὑπὸ
538 3359 640 3410 τοῦ
710 3355 920 3430 Πατρός
976 3355 1367 3420 ἀποσταλέντα.
1418 3355 1508 3432 ἀφ’
1569 3357 1630 3411 οὗ
1689 3353 1913 3433 διῃτᾶτο

257 3445 521 3518 ὁμὲστιος
578 3448 660 3516 τῷ
711 3442 898 3520 Πατρέ,
977 3445 1052 3509 ὡς
1100 3445 1222 3507 Υἱὸς
1273 3444 1362 3500 καὶ
1413 3447 1754 3521 Μονογενής,
1822 3447 1910 3501 καὶ

253 3531 678 3609 ἆναντιῤῥήτως
761 3533 838 3596 εἷς
922 3533 1146 3608 οὐρανὸν
1230 3535 1622 3609 ἀνερχὸμενοθ,
1709 3536 1783 3599 ὡς
1861 3535 1912 3608 ἐξ

256 3623 496 3696 οόρανοῦ
524 3623 804 3689 κατιόντα,
856 3623 944 3677 καὶ
984 3623 1148 3679 πάλιν
1205 3623 1282 3688 εἷς
1308 3626 1408 3694 τὴν
1448 3626 1702 3699 πατρῴαν
1735 3625 1912 3700 ἀπαρ·

250 3716 503 3784 αιτήτως
588 3710 974 3788 εἶσδεχόμενον
1053 3713 1253 3784 ἑστίαν,
1338 3715 1430 3769 καὶ
1515 3713 1603 3791 ἀφ’
1663 3715 1726 3770 οὗ
1779 3715 1915 3771 κατᾶ

245 3805 346 3873 τήν
393 3800 723 3875 οἰκονομίαν
780 3801 1066 3871 κατῆλθεν,
1127 3803 1238 3858 ἐκεῖ
1294 3803 1462 3858 πάλιν
1528 3802 1911 3879 ὶνθρονιζόμε-

243 3914 357 3958 νον,
406 3893 488 3953 ὡς
544 3892 631 3958 τὸ,
690 3892 814 3954 Υἱὸς
872 3893 962 3947 καὶ
1021 3891 1295 3966 οὐράνιος,
1356 3889 1760 3963 ἆμπεδώσηται,
1820 3895 1910 3950 καὶ

241 3983 628 4062 ἀποφαίνηται
656 3981 748 4036 τὸν
809 3981 972 4036 αὐτὸν
1040 3980 1204 4037 πάλιν
1261 3979 1634 4056 προσδόκιμον
1693 3983 1906 4039 ἐὶεύσε·

245 4085 364 4136 σθαι
401 4072 505 4127 ἀπ’
535 4070 789 4143 οὐρανοῦ.
827 4070 926 4126 Καὶ
983 4067 1079 4126 *ίνα
1134 4075 1301 4128 ταῦτα
1348 4075 1569 4146 γνωσθῇ
1636 4068 1907 4148 τηλαυγέ·

247 4183 465 4231 στερον,
491 4160 577 4216 ἐπὶ
615 4161 818 4218 Munia
856 4159 1206 4236 παραπέμπει
1273 4163 1365 4216 καὶ
1414 4166 1543 4224 τοὺς
1599 4165 1907 4236 προφήτας*

247 4252 457 4308 Munia
515 4251 635 4322 μὶν.
701 4271 724 4300 ι
788 4251 1082 4331 Προφήτην
1138 4250 1264 4324 ὑμῖν
1314 4251 1598 4321 ἀναστήσει
1657 4252 1908 4328 Κύριοςὸ

245 4341 373 4401 Θεὸς
408 4343 580 4411 ἡμῶν
610 4339 684 4402 ὡς
715 4337 834 4412 ἐμὲ.
871 4363 898 4391 ››
935 4339 1025 4393 καὶ
1056 4337 1219 4395 Δαυῖδ
1276 4337 1356 4411 δὲ,
1416 4340 1492 4404 ὡς
1549 4341 1697 4396 ὑετὸν
1753 4343 1907 4397 ἀπει-

243 4433 485 4499 καζοντα
517 4429 616 4496 τήν
648 4427 701 4502 ἐξ
733 4428 964 4500 οὐρανοῦ
1021 4427 1186 4484 αὑτοῦ
1215 4429 1287 4490 ὡς
1320 4429 1407 4484 ἐπὶ
1465 4428 1634 4484 πόκον
1671 4427 1906 4486 κατέϐα-

244 4541 344 4577 σιν.
384 4521 490 4576 Καὶ
522 4517 717 4582 ἁπλῶς
747 4519 836 4574 ἐπὶ
886 4520 1014 4582 τοὺς
1069 4522 1353 4598 προφήτας
1391 4520 1588 4585 αὐτοὺς
1615 4525 1908 4598 παραπέμ-

2043 1925 2356 1982 militatem
2389 1927 2764 1999 dispensans.
2793 1929 2936 1984 Nam
2967 1929 3174 1984 missio
3216 1928 3449 1984 Domini
3481 1945 3515 1984 a
3541 1929 3688 1984 coelo

2039 2014 2112 2070 ad
2144 2014 2201 2069 id
2235 2015 2490 2071 adducta
2521 2023 2605 2071 est
2661 2017 2819 2088 quod
2872 2019 2936 2073 in
2997 2034 3066 2074 eo
3115 2017 3350 2072 visibile
3397 2023 3524 2072 erat
3572 2018 3691 2073 sive

2039 2104 2366 2161 humanum
2398 2121 2410 2160 :
2445 2106 2505 2161 in
2538 2106 2751 2162 coelum
2783 2123 2917 2162 vero
2955 2107 3274 2178 susceptio.
3311 2107 3372 2162 in
3418 2107 3686 2162 futurum

2035 2195 2307 2250 refertur.
2338 2218 2364 2244 ‹‹
2399 2197 2582 2261 Quem
2615 2201 2849 2268 oportet
2903 2196 3049 2253 caelo
3104 2197 3346 2268 suscipi,
3384 2218 3411 2244 »
3464 2197 3682 2268 inquit.

2035 2285 2364 2355 Atquijam
2399 2292 2708 2357 susceptus
2756 2291 2846 2340 est
2906 2291 3170 2358 tempore
3228 2286 3678 2358 assumptionis.

2035 2373 2146 2430 Sed
2177 2374 2289 2430 hoc
2319 2374 2514 2446 potius
2544 2391 2685 2431 usus
2717 2380 2808 2430 est
2838 2392 3109 2431 sermone
3143 2392 3321 2448 quam
3354 2377 3453 2448 qui
3488 2376 3680 2448 magis

2032 2465 2308 2537 proprius
2339 2470 2516 2529 esset,
2545 2471 2826 2536 tanquam
2863 2465 3130 2522 videlicet
3156 2467 3342 2539 magis
3374 2483 3442 2522 eo
3474 2483 3680 2522 assue-

2034 2557 2160 2608 tus:
2194 2558 2260 2607 ut
2288 2570 2422 2608 cum
2449 2554 2511 2608 in
2543 2570 2649 2609 sua
2685 2554 2943 2625 Epistola
2972 2555 3043 2610 de
3074 2554 3306 2610 Christo
3366 2554 3630 2626 loquitur
3660 2571 3674 2612 :

2031 2665 2060 2693 ‹‹
2093 2643 2403 2715 Accipiens
2434 2644 2595 2700 enim
2625 2661 2660 2700 a
2686 2646 2802 2700 Deo
2830 2647 3000 2700 Patre
3032 2651 3383 2717 potestatem
3417 2663 3554 2702 voce
3601 2645 3676 2702 ad

2031 2749 2165 2789 eum
2197 2735 2439 2807 delapsa
2468 2735 2541 2791 de
2571 2736 2717 2792 coelo
2745 2735 2810 2787 ‘5.
2848 2758 2874 2784 »
2930 2735 3116 2809 Exigit
3175 2736 3332 2792 enim
3384 2738 3674 2792 sermonis

2029 2829 2342 2879 contextus
2372 2831 2438 2881 ut
2472 2849 2492 2873 ι
2527 2826 2838 2896 Accipiens
2868 2849 2895 2876 ››
2934 2843 3040 2897 pro
3080 2848 3105 2876 α
3127 2826 3368 2897 Accepit
3402 2847 3429 2875 υ
3464 2843 3671 2880 suma-

2027 2918 2142 2982 tur,
2175 2920 2240 2968 ut
2268 2914 2607 2970 intellectus
2647 2915 3027 2986 exprimatur.
3086 2915 3204 2969 Hoc
3261 2914 3460 2984 itaque
3491 2914 3670 2969 etiam

2027 3003 2088 3059 in
2144 3003 2297 3068 loco,
2357 3025 2386 3053 «ι
2419 3004 2603 3067 Quem
2653 3009 2886 3073 oportet
2927 3003 3169 3073 suscipi.
3209 3025 3234 3050 n
3284 3007 3524 3072 Oportet
3561 3018 3667 3073 pro

2025 3092 2344 3163 Oportebat
2366 3092 2621 3162 positum
2653 3096 2759 3146 est.
2793 3093 2911 3145 Aut
2940 3091 3224 3161 quoniam
3265 3090 3394 3160 ejus
3433 3089 3496 3144 iu
3547 3107 3664 3146 cce-

2023 3181 2147 3236 lum
2195 3180 2520 3250 assumptio
2577 3196 2697 3235 non
2755 3179 2826 3235 ab
2884 3179 3160 3234 omnibus
3219 3185 3536 3250 conspecta
3577 3185 3669 3236 est

2022 3268 2276 3341 propriis
2308 3267 2515 3334 oculis,
2550 3269 2694 3323 sinit
2737 3285 2837 3323 eos
2887 3268 3123 3322 interim
3183 3284 3290 3322 sua
3336 3268 3424 3322 uti
3471 3269 3667 3341 suspi-

2021 3359 2212 3416 cione.
2248 3358 2504 3412 Dicenda
2538 3363 2734 3414 tamen
2771 3357 2984 3412 ccrlum
3023 3357 3095 3412 ad
3129 3358 3257 3427 ejus
3289 3357 3389 3429 qui
3446 3358 3666 3416 missus

2021 3455 2148 3504 erat
2178 3448 2616 3520 susceptionem
2648 3453 2920 3520 paratum
2974 3464 3104 3503 esse
3166 3448 3258 3502 his
3317 3447 3417 3518 qui
3449 3448 3666 3520 vigenti

2022 3538 2208 3611 magis
2239 3543 2378 3593 sunt
2403 3537 2640 3608 ingenio
2659 3537 3085 3593 demonstravit
3109 3554 3214 3608 per
3236 3538 3344 3592 hoc
3375 3537 3532 3607 quod
3552 3537 3664 3592 ait:

2021 3628 2204 3695 Quem
2239 3633 2469 3698 oportet
2499 3627 2644 3682 ccnlo
2676 3626 2917 3698 suscipi.
2948 3624 3127 3696 quod.
3187 3641 3317 3682 cum
3376 3625 3558 3680 Filius
3591 3626 3667 3680 sit

2022 3723 2081 3772 et
2110 3723 2442 3772 coaeternus
2475 3717 2592 3770 Deo
2627 3717 2782 3770 Patri
2840 3723 2899 3771 et
2927 3733 2961 3771 a
2995 3719 3160 3771 Patre
3213 3717 3451 3779 missus,
3484 3732 3518 3769 a
3548 3732 3665 3786 quo

2020 3813 2087 3862 ut
2116 3806 2408 3862 mediator
2440 3811 2499 3860 et
2553 3805 2776 3860 arbiter
2826 3805 3183 3861 constitutus
3241 3811 3348 3864 est.
3381 3810 3663 3874 tanquam

2019 3896 2211 3951 Patris
2237 3895 2419 3950 Filius
2454 3901 2513 3950 et
2560 3895 2930 3967 Unigenitus,
2990 3895 3167 3949 etiam
3225 3892 3558 3948 indubitato
3590 3892 3663 3947 ad

2019 3985 2232 4042 cmlum
2325 3983 2563 4041 redeat:
2652 3990 2718 4038 ut
2775 3984 2876 4054 qui
2936 3999 3006 4038 ex
3050 3982 3195 4038 cmlo
3251 3981 3662 4049 descenderat,

2017 4091 2378 4146 rursumque
2436 4074 2497 4128 in
2538 4079 2816 4145 paternas
2871 4070 3028 4127 aedes
3086 4071 3250 4127 nullo
3310 4071 3664 4143 prohibente

2018 4166 2398 4237 suscipiatur.
2441 4169 2499 4218 et
2521 4163 2740 4218 ibidem
2771 4162 2928 4217 unde
2951 4164 3123 4232 juxta
3151 4161 3661 4233 dispensationem

2017 4254 2094 4312 ad
2123 4254 2251 4309 haac
2307 4250 2556 4306 inferior
2611 4256 2868 4312 venerat,
2919 4250 3134 4304 iterum
3193 4249 3252 4303 in
3311 4249 3449 4304 sede
3481 4249 3661 4302 collo-

2017 4349 2228 4401 cetur:
2287 4346 2353 4397 ut
2399 4340 2573 4396 Filius
2627 4357 2696 4396 ac
2752 4340 2978 4396 caelestis
3023 4339 3428 4401 conﬁrmetur,
3478 4343 3660 4408 utque

2015 4433 2461 4489 demonstretur
2491 4430 2766 4486 eumdem
2797 4445 3033 4484 rursum
3059 4435 3342 4499 tanquam
3375 4425 3660 4498 approba-

2017 4529 2142 4579 tum
2175 4539 2210 4578 a
2231 4522 2378 4578 caelo
2409 4527 2741 4578 venturum.
2799 4523 3091 4576 Praeterea
3147 4525 3208 4574 ut
3239 4519 3365 4574 haec
3395 4515 3656 4572 manife-

243 4613 359 4684 ψας.
396 4608 519 4666 παλ
533 4632 576 4665 ιν
605 4610 800 4672 αὐτοὺς
830 4613 1176 4688 ψυχαγωγεῖ,
1209 4610 1285 4672 ὡς
1317 4610 1472 4672 υἱοὺς
1503 4611 1904 4685 γενησομένους

2027 4613 2164 4670 stius
2195 4618 2337 4667 nota
2374 4611 2513 4675 sint.
2547 4611 2622 4666 ad
2676 4613 2871 4666 Mosen
2903 4627 2970 4666 ac
3021 4608 3337 4680 prOphetas
3386 4604 3656 4660 remittit.

242 4700 555 4770 κατηκόους
612 4703 720 4755 τῶν
786 4703 1082 4779 προφητῶν
1149 4700 1534 4768 καταστάντας,
1593 4701 1767 4757 εἶκαὶ
1824 4703 1898 4777 μή

246 4791 423 4867 φύσει,
459 4787 613 4844 ἀλλὰ
641 4789 829 4864 χάριτι
862 4785 953 4844 διὰ
1005 4789 1104 4856 τὴν
1167 4787 1589 4864 μεγαλοδωρεᾶν
1617 4795 1714 4846 τοῦ
1761 4813 1899 4865 παρ-

251 4878 509 4956 ὶχοντος.
539 4877 701 4951 Ἔχει
729 4875 832 4950 γὰρ
887 4875 977 4932 καὶ
1036 4876 1188 4955 φύσει
1247 4878 1394 4934 Υἶόν.
1429 4877 1579 4934 Πολὺ
1609 4877 1668 4934 δὶ
1690 4880 1754 4936 τὸ
1784 4877 1900 4936 διά-

247 4987 412 5042 φορον
443 4968 549 5022 τοῦ
599 4964 754 5040 φύσει
812 4965 950 5033 πρὸς
1002 4964 1132 5027 τοὺς
1182 4966 1344 5030 θέσει.
1399 4967 1466 5024 υἱ
1529 4968 1623 5041 μὶν
1681 4970 1784 5044 γὰρ
1814 4967 1902 5025 διὰ

248 5063 342 5125 τῆς
371 5063 491 5113 τῶν
552 5060 847 5135 προφητῶν
907 5063 1280 5129 πνευματικῆς
1337 5058 1731 5130 υἱοθετήθησαν
1767 5081 1899 5115 παι-

252 5144 419 5215 δείας,
451 5148 483 5202 6
517 5142 572 5201 δὲ
598 5151 800 5224 φυσικῇ
834 5147 1017 5220 σχὲσει
1061 5152 1448 5222 κατευμεγεθεῖ
1494 5149 1596 5217 τὴν
1649 5149 1898 5219 υἱὸτητα.

245 5236 598 5300 -Ἵλλλωςο
632 5236 727 5305 Τὸ,
780 5239 936 5295 «ι’Όν
1001 5233 1086 5292 δεῖ
1140 5236 1364 5312 οὐρανὸν
1425 5238 1518 5313 μὲν
1571 5237 1835 5310 δέξασθαι,
1873 5261 1896 5292 ι

241 5328 472 5390 τέθειται
533 5327 646 5382 ἀντὶ
706 5329 827 5394 τοῦ,
920 5326 1155 5402 Ἀνάγκη
1243 5326 1353 5383 ἔστῖ
1409 5324 1656 5399 δέξασθαι
1713 5327 1898 5395 αὐτὸν,

249 5416 331 5469 ἅτε
391 5413 461 5485 δὴ
522 5417 652 5472 Θεὸν
712 5416 1050 5492 ὑπαρχοετα.
1115 5421 1237 5478 Πῶς
1296 5417 1385 5471 οὗν
1435 5415 1538 5472 οὐκ
1585 5419 1750 5474 εἶπενο
1807 5419 1901 5474 "Ov

254 5505 475 5580 οὖρανός
501 5502 764 5576 ἱδὲξατος
816 5507 994 5564 Τοῦτο
1052 5506 1126 5568 ὡς
1177 5505 1300 5581 περὶ
1360 5509 1468 5562 τῶν
1523 5506 1634 5562 ἂνω
1680 5507 1898 5583 χρόνων

2009 4707 2203 4758 Moses
2229 4701 2472 4773 quidem
2495 4701 2617 4757 ait:
2651 4724 2677 4750 υ
2715 4701 3069 4771 Pr0phetam
3129 4695 3438 4752 suscitabit
3494 4694 3657 4750 vobis

2012 4793 2298 4848 Dominus
2328 4793 2482 4847 Deus
2521 4795 2725 4845 noster
2777 4789 2892 4844 mei
2951 4787 3208 4843 similem
3231 4784 3295 4839 ‘6.
3333 4806 3358 4833 ››
3419 4787 3488 4840 Et
3547 4786 3658 4840 Da-

2010 4881 2105 4938 vid
2123 4881 2194 4937 de
2213 4882 2342 4951 ejus
2359 4880 2430 4935 de
2448 4879 2594 4935 ccelo
2612 4877 3063 4933 descensionem
3081 4875 3372 4932 assimilat
3394 4897 3421 4923 «ι
3444 4873 3656 4946 pluviaa

2011 4970 2396 5028 descendenti
2438 4970 2500 5025 in
2558 4969 2743 5024 vellus
2784 4966 2850 5021 ⁴⁷.
2899 4988 2926 5016 »
2960 4967 3061 5023 82
3114 4967 3337 5022 Deinde
3367 4966 3527 5038 ipsos
3581 4963 3655 5020 ad

2009 5060 2330 5132 prophetas
2388 5057 2789 5122 transmissos,
2847 5057 3064 5112 iterum
3121 5055 3483 5120 consolatur,
3522 5059 3656 5108 tan-

2010 5166 2190 5222 quam
2221 5147 2572 5203 constitutos
2603 5148 2702 5219 qui
2735 5153 3122 5204 nascerentur
3161 5146 3266 5203 lilii
3309 5144 3654 5200 obedientes

2010 5239 2458 5312 prophetarum,
2513 5243 2572 5292 et
2631 5239 2677 5293 si
2735 5256 2854 5294 non
2919 5246 3154 5295 natura.
3211 5243 3408 5292 tamen
3467 5235 3656 5307 gratia

2009 5347 2118 5404 per
2145 5329 2617 5384 muniﬁcentiam
2656 5329 2980 5398 largientis.
3041 5328 3226 5386 Habet
3283 5342 3538 5398 namque
3599 5330 3659 5381 et

2013 5421 2200 5478 filium
2235 5425 2448 5476 natura
2479 5437 2716 5476 :verum
2749 5437 3026 5494 magnum
3051 5426 3142 5477 est
3170 5419 3494 5475 .liscrimen
3527 5419 3656 5488 ejus

2012 5511 2114 5584 qui
2145 5516 2357 5567 natura
2388 5510 2569 5568 Filius
2599 5517 2690 5566 est
2718 5510 2791 5566 ad
2823 5527 2924 5566 eos
2980 5511 3083 5583 qui
3138 5516 3280 5565 sunt
3336 5508 3655 5580 adoptione

319 5682 364 5718 "
393 5684 446 5740 ll
479 5683 610 5741 Cor.
638 5701 684 5740 v.
722 5685 776 5740 4·
808 5683 855 5720 ⁴⁶
883 5684 1084 5743 Matth.
1115 5702 1264 5756 xxiv,
1295 5688 1385 5744 22.
1461 5685 1508 5723 ⁴⁸
1531 5689 1583 5744 II
1612 5689 1770 5746 Petr.
1805 5704 1848 5758 ι,
1883 5689 1908 5745 1

2046 5688 2094 5725 ⁴⁸
2124 5690 2290 5750 Deut.
2321 5705 2483 5760 xvm,
2517 5692 2603 5751 18.
2680 5689 2725 5726 ⁸⁷
2755 5689 2912 5750 Psal.
2944 5703 3098 5762 LXXI,
3127 5690 3182 5746 ο.
