4134 6196
421 333 498 399 9‘1
1501 341 1918 410 (ECUMENII
1963 341 2266 408 'l‘RlGGE
2307 343 2686 409 EPISCOPI.
3748 339 3830 422 92

424 469 555 527 ﬂlii.
590 474 655 529 Hi
685 475 843 530 enim
875 477 1169 548 spirituali
1192 479 1615 552 prophetarum
1648 480 1935 537 ﬁliatione
1967 479 2072 537 ad-

2193 472 2570 552 Βιαλεγομενός
2601 497 2754 554 φησι.
2791 477 2889 533 Διὰ
2917 473 2974 533 δὶ
3021 480 3118 531 τοῦ
3180 502 3201 526 α
3234 478 3400 557 ’Ἀχρι
3451 476 3666 557 χρόνων
3698 477 3830 534 ἀπο-

425 564 605 632 Optati
640 570 798 629 sunt,
834 565 935 620 ille
963 584 1096 621 vero
1128 571 1381 625 naturali
1417 571 1810 642 dispositione
1833 569 2073 624 filiatio-

2193 565 2576 636 καταστάσεως,
2611 590 2639 617 ››
2689 567 2787 634 τὴν
2841 565 3014 620 αἰτίαν
3093 563 3280 637 δηλοῖ,
3340 563 3430 620 διὰ
3479 565 3532 620 τί
3582 570 3675 620 νῦν
3727 568 3828 622 οὐκ

427 643 566 705 nem
595 653 840 707 obtinet.
891 685 949 696 —-
976 656 1094 711 Alio
1125 661 1298 714 modo.
1329 660 1481 716 Illud
1516 660 1755 732 quidem
1788 676 1800 714 :
1835 683 1861 710 ‹‹
1888 660 2073 725 Quem

2193 651 2259 710 ἔτι
2293 653 2534 730 ἔρχεται.
2568 658 3032 725 Ἀποκαταστῆναι
3067 653 3165 721 δεῖ,
3197 655 3330 734 φησί
3388 655 3479 711 καὶ
3537 655 3612 718 εἷς
3660 654 3828 732 πέρας

426 747 658 810 oportet
687 743 928 814 suscipi,
960 766 985 793 ι
1025 749 1282 818 positum
1316 757 1404 805 est
1424 767 1490 806 ac
1523 751 1571 806 si
1604 750 1930 805 diceretur:
1964 749 2076 803 Ne-

2193 743 2360 808 ἐλθεῖν
2395 743 2616 811 ἅπαντα,
2648 746 2733 801 καὶ
2758 745 2879 801 τότε
2911 745 3209 802 ἐλεύσεταιο

423 844 586 884 cesse
620 833 925 904 estipsum
959 838 1201 908 suscipi,
1226 846 1292 894 ut
1321 841 1420 911 qui
1455 857 1596 897 sane
1626 841 1779 896 Deus
1802 839 1896 894 sit.
1929 835 2231 904 Quomodo
2261 853 2394 908 ergo
2427 854 2546 892 non
2595 837 2758 903 dixit,
2819 839 2999 903 Quem
3053 837 3268 893 cmlum
3327 836 3641 908 suscepit?
3713 837 3828 892 Hoc

422 925 706 990 tanquam
739 922 810 979 de
843 926 1250 996 superioribus
1284 929 1652 1000 temporibus
1682 929 1983 983 disserens
2015 925 2297 998 loquitur.
2325 925 2615 982 Caeterum
2647 926 2806 998 quod
2831 927 2908 982 aii
2943 944 2956 981 :
2996 945 3017 973 ι
3051 928 3244 998 Usque
3297 925 3367 981 ad
3402 933 3672 997 tempora
3701 926 3826 981 ins-

425 1011 759 1076 torationis.
792 1037 817 1062 «
854 1031 1093 1072 causam
1118 1018 1460 1074 manifestat
1489 1033 1671 1091 quare
1703 1035 1860 1074 nunc
1891 1016 2085 1072 adhuc
2137 1031 2259 1070 nou
2308 1015 2524 1071 veniat.
2560 1017 2801 1089 Oportet
2832 1016 3046 1088 inquit,
3073 1015 3391 1072 instaurari
3425 1022 3483 1070 et
3511 1014 3586 1071 ad
3618 1015 3826 1070 termi-

424 1115 569 1155 num
597 1103 800 1158 venire
830 1106 1122 1168 universa.
1156 1114 1215 1162 et
1247 1114 1385 1163 tunc
1416 1109 1628 1165 veniet.

497 1190 591 1258 Ill,
625 1195 713 1248 2'3.
747 1197 835 1249 23.
895 1218 924 1245 ‹‹
959 1198 1144 1253 Moses
1193 1197 1487 1268 siquidem
1545 1198 1618 1252 ad
1657 1203 1856 1269 patres
1885 1195 2070 1252 dixit:

428 1302 453 1329 ‹‹
491 1282 846 1353 Prophetam
879 1287 1188 1342 suscitabit
1208 1287 1371 1342 vobis
1394 1287 1677 1343 Dominus
1699 1289 1849 1342 Deus
1869 1291 2074 1341 noster

432 1391 458 1418 «ι
493 1387 522 1425 e
553 1371 834 1429 fratribus
865 1377 1071 1432 vestris
1101 1377 1218 1432 mei
1251 1377 1508 1432 similem
1541 1393 1554 1431 :
1590 1378 1780 1448 ipsum
1818 1375 2074 1431 audietis

427 1480 454 1508 «
480 1459 650 1530 juxta
670 1464 870 1518 omnia
900 1482 1030 1536 quae
1077 1467 1305 1521 locutus
1335 1467 1516 1522 fuerit
1543 1467 1727 1522 vobis.
1761 1465 2075 1538 Continget

426 1568 454 1594 «
489 1555 686 1602 autem
712 1566 725 1603 :
758 1551 962 1606 Omnis
993 1552 1192 1608 anima
1219 1571 1350 1625 quas
1378 1571 1496 1610 non
1525 1553 1782 1610 audierit
1804 1553 2068 1627 prophe-

428 1659 454 1684 α
490 1642 607 1690 tam
631 1637 825 1706 illum,
859 1642 1355 1698 exterminabitur
1383 1661 1414 1700 e
1445 1644 1684 1716 populo.
1712 1667 1739 1694 ››

497 1725 646 1790 Quid
681 1727 830 1783 illud
848 1736 954 1785 est.
979 1732 1086 1786 Mei
1110 1733 1696 1789 similem7Nascitur
1721 1733 1990 1789 Christus
2007 1731 2069 1785 in

427 1815 794 1880 Bethlehem.
841 1825 900 1873 et
931 1821 1116 1875 Moses
1165 1822 1226 1876 in
1279 1825 1560 1894 zEgypto:
1620 1823 1722 1879 ille
1779 1821 2069 1888 Israelita,

427 1904 580 1959 sicut
605 1907 783 1962 etiam
815 1908 930 1975 hic,
970 1911 1144 1980 juxta
1189 1928 1425 1966 carnem
1463 1930 1476 1968 :

425 1993 730 2060 cerdotali,
757 1998 933 2053 veluti
963 2000 1228 2056 Christus
1264 2018 1331 2056 ex
1371 2001 1563 2057 .David
1612 2011 1853 2074 propter
1884 2002 2073 2074 Virgi-

428 2099 602 2137 nem:
637 2087 862 2142 Pharao
895 2089 1064 2142 illum
1096 2092 1490 2161 persequitur.
1547 2092 1707 2146 hunc
1763 2091 2024 2146 Herodes
2057 2107 2071 2145 :

430 2170 686 2228 infantes
717 2175 932 2230 occidit
971 2177 1091 2243 ille,
1135 2178 1393 2235 infantes
1423 2186 1481 2236 et
1512 2180 1608 2235 hic
1665 2180 1989 2240 interemit.
2020 2186 2078 2234 et

431 2267 679 2332 uterque
713 2266 1010 2322 masculos
1039 2283 1050 2321 :
1087 2284 1192 2339 per
1222 2275 1474 2325 matrem
1519 2276 1785 2325 servatur
1814 2269 1937 2337 ille,
1970 2286 2078 2343 per

430 2356 684 2406 matrem
734 2359 792 2406 et
821 2370 953 2409 cum
1015 2363 1203 2412 matre
1261 2363 1524 2413 servatus
1576 2364 1663 2414 est
1721 2365 1779 2414 et
1836 2358 1980 2413 hic:
2013 2359 2076 2414 in

429 2442 672 2512 capsula
703 2443 805 2498 ille
834 2451 893 2499 et
921 2445 995 2500 ad
1055 2447 1245 2518 ripam
1301 2447 1588 2513 ﬂuminis,
1644 2448 1739 2504 hic
1805 2449 1982 2506 etiam
2015 2448 2076 2504 in

431 2531 580 2602 Lyco
611 2533 835 2605 Egypti
859 2535 1277 2606 civitatejuxta
1307 2537 1463 2592 idem
1488 2538 1750 2593 flumen:
1776 2537 1848 2593 ab
1880 2538 2079 2594 allena

429 2616 553 2685 ille,
586 2636 798 2692 nemps
833 2622 954 2678 tilia
986 2624 1334 2690 Pharaonis.
1368 2627 1628 2680 nutritus
1659 2632 1767 2692 est,
1800 2633 1858 2682 et
1889 2627 1983 2682 hic
2013 2628 2076 2682 in

428 2707 625 2764 aliena
655 2712 888 2767 civitate
920 2729 1052 2783 qua;
1083 2714 1380 2770 Pharaoni
1400 2715 1668 2784 subjecta
1691 2715 1903 2772 fuerat.
1943 2717 2076 2772 Hinc

427 2805 624 2855 autem
648 2799 919 2861 dixerim.
945 2817 1066 2857 non
1098 2802 1416 2858 Dominum
1441 2820 1606 2860 servo
1630 2804 2077 2872 conl‘erens,sed

429 2887 623 2944 locum
648 2895 705 2944 et
735 2897 967 2962 tempus
1006 2891 1368 2957 assimilans,
1411 2899 1471 2948 et
1516 2893 1821 2950 veritatem
1852 2894 1915 2950 in
1945 2911 2076 2950 um-

432 2977 538 3033 bra
570 2979 932 3036 describens.

497 3070 596 3134 III,
629 3073 717 3127 24.
753 3094 780 3120 ‹‹
816 3072 1034 3129 Omnes
1065 3089 1302 3146 quoque
1351 3074 1655 3146 propheta:
1705 3089 1740 3130 a
1780 3073 2074 3140 Samuele,

435 3180 456 3205 «
491 3159 870 3233 etdeinceps,
930 3168 1222 3235 quotquot
1287 3163 1468 3220 locuti
1527 3169 1687 3232 sunt,
1749 3163 1926 3220 etiam
1971 3181 2078 3222 an-

427 3271 454 3297 «
492 3249 922 3306 nuntiaverunt
951 3253 1077 3307 dies
1109 3254 1276 3308 istos.
1313 3275 1341 3302 »

499 3339 684 3394 Etiam
713 3339 808 3395 hic
866 3339 1343 3398 subaudiendum
1392 3347 1482 3398 est
1515 3359 1528 3395 :
1589 3341 1676 3398 Ad
1731 3348 1928 3414 patres
1959 3360 2065 3399 no-
2100 3317 2143 3384 Β

427 3431 600 3494 stros,
625 3428 1010 3484 utsitsensus
1031 3445 1044 3483 :
1069 3430 1286 3486 Omn~s
1307 3447 1543 3504 quoque
1571 3438 1862 3504 quotquot
1889 3431 2072 3489 locuti

428 3523 566 3572 sunt
596 3517 668 3572 ad
701 3523 896 3588 patres
923 3525 1172 3573 nostros.

500 3607 598 3668 III.
628 3607 718 3672 25,
749 3608 836 3660 26.
873 3630 897 3654 α
935 3607 1047 3661 Vos
1101 3608 1242 3664 estis
1277 3607 1386 3663 filii
1417 3607 1840 3680 prophetarum
1890 3617 1949 3665 et
1978 3616 2072 3666 te-

431 3720 454 3750 a
482 3698 782 3764 stamenti,
815 3699 914 3754 88
947 3699 1104 3770 quod
1140 3705 1388 3755 testatus
1420 3707 1511 3756 est
1566 3702 1721 3758 Deus
1768 3701 1842 3756 ad
1877 3708 2076 3773 patres

430 3812 457 3839 «
490 3795 748 3852 nostros,
777 3790 982 3845 dicens
1011 3789 1084 3846 ad
1105 3790 1399 3846 Abraham
1425 3808 1440 3848 :
1464 3798 1643 3864 etper
1673 3808 1877 3848 semen
1908 3801 2076 3851 tuum

434 3903 453 3931 ι
490 3883 920 3938 benedicentur
947 3901 1158 3939 omnes
1191 3884 1427 3940 familiai
1456 3891 1627 3940 terrm
1653 3883 1718 3940 ‘3.
1754 3885 1926 3942 Vobis
1955 3888 2074 3960 pri-

428 3995 454 4022 ‹‹
490 3989 651 4028 mum
689 3973 860 4037 Deus,
894 3974 1176 4030 suscitato
1222 3975 1364 4030 Filio
1396 3991 1502 4030 suo
1555 3977 1712 4038 Jesu.
1747 3977 1912 4033 misit
1939 3995 2076 4036 eum

431 4084 456 4111 υ
491 4062 590 4131 qui
624 4061 1003 4117 benediceret
1027 4063 1186 4118 vobis
1207 4063 1348 4121 dum
1382 4066 1875 4125 couverteremini
1898 4084 2074 4126 unus-

435 4172 464 4202 «
498 4151 752 4223 quisque
783 4167 817 4206 a
839 4151 1083 4209 malitiis
1107 4154 1335 4210 vestris.
1375 4176 1402 4204 ι)

501 4355 528 4382 ‹‹
567 4333 678 4388 Vos
710 4333 852 4388 estis
885 4333 990 4389 filii
1023 4332 1444 4406 prophetarum
1478 4351 1492 4390 :
1529 4357 1556 4384 »
1595 4332 1713 4393 hoc
1743 4341 1851 4404 est,
1883 4353 1958 4397 ne
1998 4336 2076 4393 ti-

433 4423 664 4490 mealis,
698 4440 892 4495 neque
933 4423 1282 4480 existimetis
1318 4440 1418 4478 vos
1465 4425 1693 4480 alienos
1720 4441 1849 4480 esse
1880 4443 1913 4482 a
1943 4443 2078 4498 pro-

431 4512 858 4567 missionibus:
891 4528 989 4564 vos
1041 4513 1181 4566 estis
1242 4511 1348 4564 filii
1401 4512 1843 4582 prophetarum.
1879 4515 2079 4585 itaque

428 4599 592 4654 vobis
627 4598 922 4662 dicebant,
954 4603 1012 4652 et
1043 4604 1282 4668 pr0pter
1312 4615 1412 4653 vos
1443 4599 1569 4654 haec
1595 4600 1747 4656 facta
1773 4609 1928 4658 sunt.
1971 4605 2079 4660 Vos

1528 1912 1630 2012 ille
1661 1929 1692 1968 e
1721 1928 1943 2012 genere.
1968 1928 2070 2012 sa-
2104 1945 2150 2012 Β

2253 1198 2490 1262 Μωυσῆς
2544 1194 2636 1266 μὲν
2694 1194 2798 1269 γὰρ
2855 1193 2991 1268 πρὸς
3047 1190 3174 1254 τοὺς
3220 1189 3452 1266 πατέρας
3510 1192 3682 1260 εἶπεν,
3741 1193 3827 1246 ὅτι

2184 1283 2538 1361 «Προφήτην
2595 1282 2722 1357 ὑμῖν
2805 1283 3086 1352 ἀναστήσει
3147 1283 3345 1354 Κύριος
3404 1282 3431 1337 ὁ
3481 1282 3608 1342 Θεὸς
3661 1283 3823 1356 ἡμῶν

2182 1368 2435 1425 «ἐκτῶν
2469 1368 2717 1449 ἀδελφῶν
2783 1373 2936 1444 ὑμῶν
2993 1373 3066 1434 ὡς
3127 1370 3246 1444 ἐμὲ.
3304 1370 3483 1428 Αὐτοῦ
3542 1369 3828 1425 ἀκούσεσθε

2180 1479 2206 1512 α
2251 1460 2386 1515 κατὰ
2415 1460 2585 1514 πάντα
2616 1461 2714 1514 ὅσα
2767 1457 2825 1514 ἃν
2857 1457 3076 1535 λαλήσῃ
3136 1459 3272 1534 πρὸς
3325 1459 3484 1531 ὑμᾶς.
3521 1459 3714 1513 Ἔσται
3747 1454 3825 1527 δὲ,

2183 1573 2210 1601 «
2245 1553 2388 1604 πᾶσα
2417 1550 2570 1626 ψυχὴ
2611 1551 2730 1620 ἣτις
2779 1548 2838 1606 ἂν
2872 1552 2948 1626 μὴ
3006 1549 3209 1624 ἀκούσῃ
3237 1553 3336 1604 τοῦ
3383 1549 3671 1624 προφήτου
3718 1546 3828 1604 ἐκεί

2182 1661 2208 1690 ί(
2241 1660 2355 1710 νου,
2386 1637 2897 1711 ἐξολοθρευθησεται
2930 1639 2990 1695 ἐκ
3016 1643 3110 1694 τοῦ
3138 1637 3297 1695 λαοῦ.
3330 1661 3356 1693 ι

2253 1727 2322 1787 Τί
2350 1728 2460 1784 ἐστι
2485 1729 2570 1797 τὸ,
2617 1730 2705 1794 Ὦς
2735 1728 2830 1799 ἐμὲ
2863 1750 2878 1799 ;
2943 1734 3189 1784 Γεννᾶται
3243 1729 3294 1783 ἐν
3351 1726 3607 1799 Βηθλεὶμ
3636 1728 3663 1783 ὁ
3693 1731 3823 1803 Χρι-

2182 1820 2324 1890 στὸς,
2355 1820 2446 1877 καὶ
2489 1822 2729 1890 Μωυσῆς
2757 1820 2807 1876 ἐν
2866 1819 3152 1899 Αἰγύπτῳ.
3207 1818 3553 1896 Ἰσραηλίτης
3597 1818 3823 1890 ἐκεῖνος,

2182 1909 2256 1973 ὡς
2286 1911 2462 1979 οὗτος,
2494 1911 2555 1965 τὸ
2585 1910 2721 1966 κατᾶ
2751 1910 2940 1981 σάρκα.
3003 1913 3097 1968 Ἐκ
3142 1909 3328 1985 γένους
3387 1909 3661 1983 ἱερατικοῦ
3691 1907 3826 1964 ἐκεῖ·

2181 2019 2295 2065 νος,
2330 1999 2403 2060 ὡς
2454 1999 2610 2060 οὗτος
2664 1998 2723 2055 ἐκ
2772 1997 2930 2054 Δαυίδ
2981 1996 3070 2054 διὰ
3114 2002 3212 2069 την
3270 2001 3556 2072 Παρθένον.
3623 1997 3828 2072 Φαραὼ

2183 2087 2264 2144 ἐπ’
2337 2088 2564 2158 ἐκείνου,
2614 2086 2867 2163 Ἠρώδης
2915 2087 3002 2144 ἐπὶ
3075 2088 3288 2143 τούτου.
3357 2089 3534 2165 Βρέφη
3612 2089 3826 2167 φονεύει

2184 2178 2406 2240 ἐκεῖνος,
2453 2180 2624 2259 βρέφη
2688 2177 2743 2234 δὲ
2798 2177 2954 2242 οὗτος
3011 2178 3240 2253 ἀναιρεῖ·
3303 2177 3560 2254 ἀρῥενικᾶ
3599 2177 3824 2239 ἐκεῖνος.

2182 2268 2272 2324 καὶ
2306 2268 2484 2329 οὗτος.
2519 2268 2616 2324 Διά
2663 2267 2870 2343 μητρὸς
2925 2269 3154 2336 σώζεται
3205 2266 3426 2333 ἐκεῖνος,
3481 2263 3570 2321 διὰ
3607 2265 3830 2343 Μητρὸς

2185 2357 2362 2430 ἐσώθη
2420 2359 2510 2412 καὶ
2586 2358 2717 2430 μετὰ
2793 2358 3015 2434 Μητρὸς
3076 2358 3166 2412 καὶ
3219 2357 3396 2417 οὗτος.
3454 2357 3539 2411 ‘hv
3604 2353 3832 2430 λάρνακι

2185 2447 2384 2510 ἐκεῖνος
2426 2449 2516 2504 καὶ
2568 2448 2714 2523 παρὰ
2771 2448 3039 2522 ποταμὸν,
3099 2445 3150 2503 ἐν
3207 2449 3368 2502 Λυκὼ
3426 2447 3511 2500 καὶ
3573 2445 3731 2505 οὗτος
3761 2449 3832 2516 τῇ

2185 2538 2330 2611 παρᾶ
2375 2537 2466 2592 τὸν
2541 2535 2698 2592 αὐτὸν
2785 2536 3030 2608 ποταμὸν
3114 2535 3384 2612 Αἰγυπτίᾳ
3458 2533 3640 2592 πόλει.
3698 2533 3829 2590 Ὑπὸ

2185 2626 2509 2704 ἀλλοφύλου
2545 2627 2749 2688 ἐκεῖνος
2800 2634 2899 2696 τῆς
2961 2622 3366 2700 Φαραωνίτιδος
3422 2623 3691 2704 ἐτρέφετο,
3723 2622 3830 2679 ύπὸ

2185 2713 2402 2776 πόλεως
2432 2715 2522 2770 καὶ
2555 2715 2720 2776 οὗτος
2753 2711 3164 2786 Φαραωνίτίόος
3196 2711 3520 2794 ἀλλοφύλου
3557 2711 3827 2790 ἐτρέφετο.

2184 2809 2357 2860 Ταῦτα
2439 2803 2498 2860 δὶ
2573 2805 2635 2860 ού
2713 2805 3006 2880 συγκρίνων
3079 2803 3224 2879 λέγω
3272 2803 3364 2859 τὸν
3420 2803 3694 2873 Δεσπότην
3747 2807 3829 2876 τῷ

2187 2893 2393 2969 δούλῳ,
2424 2894 2573 2951 ἀλλὰ
2600 2897 2787 2970 καιρὸν
2819 2895 2908 2950 καὶ
2958 2894 3159 2971 τρόπον
3195 2894 3512 2971 συγκρίνων,
3547 2893 3643 2970 καὶ.
3694 2891 3833 2964 ἀλή-

2187 2998 2330 3051 θειαν
2360 2988 2411 3044 ἓν
2441 2991 2564 3056 σκιᾷ
2583 2983 2921 3064 διαγράφων,

2258 3100 2287 3130 ι(
2322 3077 2420 3131 Καὶ
2451 3075 2643 3136 πάντες
2695 3075 2752 3130 δὲ
2808 3075 2864 3129 οἱ
2918 3081 3198 3152 προφῆται
3253 3074 3359 3130 ἀπὸ
3417 3071 3708 3146 Σαμουὴλ,
3741 3075 3833 3129 καὶ

2185 3169 2292 3220 τῶν
2334 3164 2584 3238 καθεξῆς,
2641 3161 2758 3219 ὅσοι
2813 3160 3112 3234 ἕλαλησαν,
3165 3162 3255 3216 καὶ
3311 3157 3676 3237 κατήγγειλαν
3735 3160 3834 3224 τας

2185 3255 2397 3328 ἡμέρας
2423 3253 2640 3316 ταύτας,
2677 3277 2698 3304 ο

2250 3342 2770 3419 ΙΙροσυπακουστέον
2833 3340 3104 3404 κάνταῦθα
3166 3343 3230 3396 τὸ
3289 3339 3433 3414 Ηρὸς
3484 3339 3614 3403 τοὺς
3660 3339 3831 3396 πατὲ-

2179 3441 2274 3509 ρας
2307 3435 2492 3506 ἡμῶν,
2519 3429 2612 3487 ⁹ίνα
2737 3431 2838 3488 Καὶ
2871 3433 3065 3492 πάντες
3119 3427 3176 3487 δὶ
3206 3429 3323 3485 ὅσοι
3377 3426 3657 3500 ἐλάλησαν
3689 3428 3830 3504 πρὸς

2179 3521 2305 3583 τοὺς
2339 3523 2572 3598 πατέρας
2603 3523 2788 3594 ἡμῶν.

2251 3635 2278 3661 ‹‹
2310 3611 2492 3680 Ὑμεῖς
2541 3609 2658 3667 ἐστὶ
2705 3609 2813 3664 υἱοὶ
2853 3613 2961 3664 τῶν
2989 3613 3294 3684 προφητῶν
3351 3607 3442 3664 καὶ
3498 3613 3600 3678 τῆς
3632 3605 3826 3679 διαθή-

2183 3721 2207 3754 ι
2240 3720 2368 3767 κης,
2397 3699 2464 3768 ἧς
2499 3696 2705 3754 δῖέθετο
2738 3700 2766 3754 ὁ
2808 3700 2936 3760 Θεὸς
2993 3698 3131 3771 πρὸς
3182 3697 3310 3759 τοὺς
3368 3697 3610 3772 Πατέρας
3636 3698 3826 3768 ἡμῶν,

2179 3813 2206 3840 ‹‹
2241 3786 2417 3864 λὲγων
2458 3788 2596 3860 πρὸς
2657 3783 2929 3864 Ἀϐραάμ.
2989 3788 3085 3842 Καὶ
3146 3787 3196 3842 ἐν
3257 3791 3337 3858 τῷ
3396 3784 3662 3861 σπέρματί
3723 3805 3820 3839 σου

2185 3901 2206 3928 σ
2236 3875 2703 3951 εὐλογηθήσονται
2746 3882 2911 3931 πᾶσαι
2967 3877 3023 3933 αἱ
3075 3877 3298 3947 πατριαὶ
3355 3882 3454 3942 τῆς
3506 3881 3629 3950 γῆς·
3692 3873 3825 3946 ὑμῖν

2181 3991 2209 4018 ‹‹
2242 3971 2457 4038 πρῶτον
2491 3967 2519 4022 ὁ
2570 3967 2722 4036 Θεὸς,
2781 3966 3084 4034 ἀναστήσας
3136 3965 3228 4020 τὸν
3287 3961 3460 4020 Baiae:
3516 3963 3683 4019 αὑτοῦ
3713 3963 3830 4034 Ἰη-

2186 4079 2210 4109 a
2247 4061 2371 4112 σοῦν
2407 4101 2421 4124 ,
2481 4056 2792 4112 ἀπέστειλεν
2888 4055 3047 4110 αὐτὸν
3120 4053 3457 4129 εὐλογοῦντα
3547 4055 3707 4126 ὑμᾶς,
3773 4051 3829 4112 ἂν

2187 4171 2214 4199 ι(
2265 4151 2346 4219 τῷ
2410 4147 2765 4222 ἀποστρέφειν
2849 4142 3081 4204 ἵλαστον
3165 4145 3271 4202 ἀπὸ
3355 4149 3463 4200 τῶν
3550 4147 3831 4219 πονηριῶν

2187 4257 2213 4292 ι
2247 4237 2420 4310 ὑμῶν.
2459 4260 2486 4287 ι)
3355 4243 3358 4245 “

2259 4349 2284 4380 ι
2344 4326 2526 4399 Ὑμεῖς
2599 4325 2716 4384 ἰστὶ
2765 4325 2876 4382 υἱοὶ
2926 4329 3033 4380 τῶν
3093 4327 3414 4400 προφητῶν,
3449 4345 3476 4374 ιι
3535 4322 3654 4378 ἀντὶ
3709 4325 3834 4395 τοῦ,

2187 4417 2277 4486 Μὴ
2321 4417 2571 4472 πτοεῖσθε
2629 4413 2768 4488 μηόὶ
2822 4415 3074 4487 νομίζετε
3131 4411 3545 4490 ἦλλοτριῶσθαι
3605 4411 3834 4476 ἑαυτοὺς

2184 4511 2289 4562 τῶν
2334 4506 2698 4584 ἐπαγγελιῶν.
2759 4506 2941 4578 Ὑμεῖς
3002 4503 3117 4560 ἐστὶ
3177 4504 3286 4559 υἱοὶ
3341 4507 3448 4557 τῶν
3504 4505 3837 4580 προφητῶν,

2186 4593 2326 4651 ὥστε
2386 4596 2514 4667 ὑμῖν
2571 4591 2783 4670 ἔλεγον.
2851 4594 2940 4651 γαὶ
2995 4591 3066 4649 δι’
3135 4595 3272 4665 ὑμᾶς
3352 4597 3521 4648 ταῦτα
3585 4591 3842 4670 γέγονεν.

430 4689 670 4758 quidem
692 4689 834 4742 estis
865 4688 968 4742 ﬁlii
996 4687 1439 4759 prophetarum.
1475 4689 1601 4761 ipse
1620 4707 1752 4747 vero
1773 4693 1953 4748 Filius
1974 4693 2075 4750 Dei

2193 4687 2361 4757 ’Υμεῖς
2408 4685 2525 4756 μὶν,
2561 4684 2744 4761 φησίν,
2805 4683 2926 4739 ἐστὶ
2983 4684 3091 4738 υἱοί
3149 4687 3255 4737 τῶν
3318 4686 3640 4759 προφητῶν,
3673 4679 3843 4744 οὗτος

433 4781 544 4840 est,
576 4777 678 4846 qui
711 4777 1082 4849 participavit
1119 4778 1179 4833 in
1213 4793 1275 4833 se
1317 4778 1506 4833 Patris
1539 4778 1954 4846 substantiam,
2005 4797 2075 4836 ac

431 4863 695 4935 seipsum
724 4865 857 4920 aliis
889 4867 1361 4939 participandum
1392 4867 1572 4923 dedit.
1600 4891 1625 4917 α
1664 4871 1772 4924 Vos
1802 4870 1943 4925 estis
1967 4869 2074 4925 filii

431 4955 852 5026 prophetarum
887 4963 944 5009 et
975 4958 1329 5014 testamenti.
1370 4980 1396 5008 υ
1428 4958 1580 5021 Filii,
1619 4959 1730 5016 hoc
1759 4965 1850 5015 est
1888 4961 2078 5016 hiare-

433 5045 570 5100 des:
604 5061 741 5099 nam
776 5045 824 5098 si
861 5045 1036 5111 filius,
1059 5055 1116 5100 et
1145 5047 1332 5104 haeres
1358 5064 1371 5102 :
1400 5048 1667 5105 hmredes
1683 5063 1817 5104 vero
1846 5065 1964 5104 non
1993 5065 2078 5106 re.

428 5141 631 5192 center
660 5136 956 5206 inscripti,
989 5135 1091 5190 sed
1125 5143 1403 5208 tanquam
1445 5137 1572 5194 ﬁlii.
1616 5139 1686 5192 Et
1713 5144 1779 5192 ut
1803 5138 2078 5196 ostendat

429 5225 586 5298 quod
620 5232 908 5296 quantum
939 5231 1030 5279 est
1057 5241 1126 5279 ex
1158 5227 1497 5296 adoptione,
1539 5227 1744 5298 utique
1781 5227 1826 5282 si
1870 5227 2072 5297 velint,

426 5314 694 5370 heredes
727 5322 864 5368 sunt
890 5320 948 5369 et
981 5314 1091 5385 ipsi
1128 5322 1405 5384 tanquam
1442 5314 1546 5370 lilii
1581 5333 1593 5369 :
1637 5315 1768 5372 ideo
1801 5317 1978 5374 eliam
2011 5322 2077 5375 ut

431 5402 589 5464 ﬁliis.
625 5404 841 5474 inquit,
861 5404 1023 5458 misit
1040 5404 1263 5458 Filium.
1295 5401 1448 5458 Misit
1465 5405 1704 5475 quidem
1724 5413 1783 5462 et
1798 5406 1952 5475 aliis,
1972 5405 2074 5464 sed

433 5492 595 5550 vobis
623 5492 918 5566 primum:
952 5509 1144 5565 neque
1174 5492 1236 5549 id
1262 5498 1490 5550 tantum
1523 5493 1626 5550 sed
1650 5495 1913 5567 primum
1942 5496 2072 5569 qui-

498 5672 543 5712 “
569 5674 713 5734 Gen.
747 5689 889 5744 xxii,
919 5673 1006 5733 ω.

2186 4771 2244 4829 δὶ
2274 4773 2398 4836 Υἱός
2428 4774 2538 4829 ἐστι
2582 4771 2677 4828 τοῦ
2731 4777 2886 4839 Θεοῦ,
2947 4772 3266 4848 ἐπιμερίσας
3325 4772 3462 4827 κατὰ
3510 4772 3610 4841 τήν
3647 4769 3842 4826 ούσίαν

2183 4864 2274 4920 τὸν
2318 4865 2548 4938 Πατέρα,
2603 4861 2830 4925 ἐκείνοις
2890 4859 2946 4918 δὲ
3001 4859 3093 4916 καὶ
3151 4862 3357 4920 ἑαυτόν.
3420 4861 3660 4933 «Ὑμεῖς
3717 4859 3847 4917 ἐστι

2185 4955 2291 5011 υἱοὶ
2321 4958 2428 5008 τῶν
2477 4957 2774 5030 προιρητῶν
2807 4951 2894 5006 καὶ
2943 4959 3044 5018 τῆς
3102 4948 3392 5021 διαθήκης.
3431 4975 3456 4999 η
3515 4949 3654 5014 Υἱοὶ,
3714 4947 3846 5004 ἀντὶ

2181 5047 2302 5112 τοῦ,
2335 5041 2704 5116 κληρονσῖμοι.
2741 5041 2802 5098 Εἰ
2833 5041 2931 5115 γὰρ
2973 5041 3108 5103 υίὸς,
3151 5039 3239 5094 καὶ
3286 5039 3660 5114 κληρονόμος,
3690 5036 3845 5109 κλη-

2185 5132 2414 5208 ρονόμοι
2473 5128 2530 5185 δὲ
2589 5129 2651 5184 ού
2727 5131 3054 5206 προσφάτως
3115 5129 3512 5206 ἐγγραφέντες,
3571 5123 3701 5182 ἀλλ’
3760 5127 3850 5192 ὡς

2183 5221 2292 5276 υἱοί
2372 5221 2462 5277 καὶ
2508 5219 2597 5274 ’ἱνα
2665 5216 2810 5290 δείξη
2873 5220 2954 5274 ὅτι
3015 5217 3138 5274 ὅσον
3229 5217 3336 5273 ἀπὸ
3393 5223 3492 5286 τῆς
3539 5213 3843 5285 υἱοθεσίας,

2185 5311 2231 5368 εἰ
2288 5309 2388 5385 ἄρα
2438 5311 2526 5365 καὶ
2589 5309 2739 5364 αύτοὶ
2805 5307 3117 5384 βούλονται,
3177 5304 3523 5381 κληρονόμοι
3587 5304 3688 5360 εἶσὶ
3745 5305 3848 5362 καὶ

2183 5401 2340 5457 αὐτοὶ
2399 5401 2475 5460 ὡς
2532 5399 2665 5466 υἱοὶ,
2739 5395 2823 5452 διὸ
2881 5397 2970 5452 καὶ
3029 5397 3102 5460 ὡς
3161 5398 3300 5459 υἱοῖς
3349 5397 3472 5452 rte»
3528 5394 3848 5461 ἀπέστειλε,

2185 5487 2506 5550 ’Δπὲστειλε
2537 5489 2632 5566 μὶν
2690 5488 2780 5544 καί
2840 5483 3218 5565 ὶτέροις,ἀλλ⁹
3275 5485 3400 5561 ὑμῖν
3461 5488 3701 5562 πρῶτονο
3743 5474 3845 5542 καῖ
