4136 6200
303 327 364 393 93
1217 325 1625 390 COMMENT.
1670 327 1748 386 1N
1796 323 1999 386 ACTA
2041 323 2661 389 APOS'I‘OLORUM.

3587 329 3681 391 9'4

293 461 398 522 οὖδὶ
423 463 588 536 μόνον,
620 457 768 518 ἀλλὰ
818 458 1064 534 πρώτοις
1124 459 1222 533 μὶν
1271 458 1434 515 οἱονεὶ
1468 459 1921 534 προηγουμένως

2041 458 2152 514 lem
2176 464 2234 513 et
2254 460 2548 532 prmcipue
2571 461 2756 526 vobis,
2783 463 2882 533 qui
2908 467 3108 519 tamen
3132 479 3268 518 eum
3291 464 3638 520 cruciﬁxisti

305 560 401 615 τοῖς
426 553 755 621 σταυρώσασι
810 550 899 604 καὶ
946 548 1316 605 ἀποκτείνασι.
1351 549 1454 607 Καὶ
1481 547 1655 616 πότε;
1706 549 1782 605 Ού
1822 551 1913 600 νῦν

315 645 464 718 μόνον,
491 639 633 696 ἀλλά
660 639 750 694 καὶ
780 640 887 714 πρὸ
941 643 1039 695 τοῦ
1097 639 1350 711 σταυροῦ,
1395 638 1486 694 καὶ
1517 639 1625 712 πρὸ
1652 641 1915 693 τοσοῦτου

306 733 650 807 τολμήματος.
683 730 773 785 καὶ
809 729 944 804 μετά
990 731 1088 800 τήν
1140 729 1448 788 ἀνάστασιν.
1483 731 1576 785 Διὸ
1605 729 1695 784 καὶ
1727 748 1914 806 φησιν⁹

307 850 328 875 σι
371 825 504 897 Ὑμῖν
565 825 784 895 πρῶτον
843 819 1151 890 ἀναστήσας
1209 819 1390 875 αὐτόν.
1436 845 1457 872 ι
1521 817 1586 874 Τί
1644 824 1914 886 norint;

303 912 585 986 Εύλογῆσαι
617 911 710 965 καὶ
741 913 912 964 σῶσαι
944 909 1104 983 ὑμᾶς,
1153 909 1197 964 εί
1251 907 1356 984 ἄρα
1391 908 1482 964 καὶ
1514 906 1669 962 αὐτοὶ
1699 904 1917 963 ἕλοισθε

303 1002 580 1077 ἐπιστρέψαι
611 1000 716 1056 ἀπὸ
746 1004 855 1056 τῶν
887 1003 1068 1054 κακῶν
1101 999 1275 1072 ὑμῶν.

355 1089 722 1147 «Λαλούντων
757 1085 814 1146 δὲ
862 1089 1038 1145 αὐτῶν
1090 1089 1227 1161 πρὸς
1285 1088 1376 1144 τὸν
1435 1086 1566 1144 λαὸν
1619 1086 1916 1155 ἐπέστησαν

305 1207 329 1236 α
354 1183 519 1243 αὐτοῖς
549 1181 602 1236 οἱ
630 1181 817 1255 ἱερεῖς,
847 1178 936 1234 καὶ
987 1181 1015 1235 ὁ
1065 1180 1367 1254 στρατηγὸς
1415 1183 1514 1235 τοῦ
1542 1179 1714 1252 ἱεροῦ,
1746 1177 1837 1234 καὶ
1865 1179 1918 1233 οἱ

299 1296 320 1325 ι
352 1268 698 1326 Σαδδουκαῖοι
761 1267 1184 1343 διαπονούμενοι
1242 1265 1334 1324 διὰ
1381 1268 1444 1324 τὸ
1503 1264 1772 1324 διδάσκειν
1827 1267 1918 1322 τὸν

299 1381 317 1410 α
346 1358 482 1426 λαὸν,
510 1357 602 1412 καὶ
630 1355 1021 1433 καταγγέλλειν
1071 1355 1124 1411 ἐν
1177 1361 1257 1428 τῷ
1291 1358 1471 1428 Ἰησοῦ
1501 1356 1600 1422 τὴν
1630 1355 1914 1411 ἀνάστασιν

296 1451 431 1518 «τὴν
459 1447 516 1504 ἰκ
542 1452 769 1519 νεκρῶν.
831 1446 928 1504 Καὶ
987 1441 1256 1503 ἐπέϐαλον
1310 1445 1496 1507 αὐτοῖς
1547 1446 1643 1508 τὰς
1699 1449 1914 1524 χεῖρας,

289 1538 417 1592 «καὶ
471 1535 652 1600 ἔθεντο
709 1534 785 1597 εἷς
841 1536 1076 1610 τήρησιν
1135 1533 1212 1596 εἰς
1265 1534 1364 1601 τήν
1421 1529 1626 1608 αὔριον·
1660 1533 1760 1589 Ἦν
1810 1533 1914 1607 γαρ

287 1626 516 1701 «ἑσπέρα
544 1622 680 1697 ἤδη.
743 1622 956 1680 Πολλοὶ
1009 1620 1068 1679 δὶ
1122 1627 1230 1679 τῶν
1290 1622 1636 1680 ἀκουσάντων
1685 1623 1778 1678 τὸν
1814 1619 1913 1677 λό-

289 1741 312 1768 a
337 1737 422 1790 γον
451 1715 790 1771 ἀπίστευσαν.
818 1737 847 1764 υ

345 1807 472 1879 Ὀρα
518 1808 639 1865 πῶς
719 1803 1089 1876 οἰκονομεῖται
1161 1803 1228 1858 τὰ
1314 1801 1625 1877 πράγματα.
1691 1805 1912 1870 Πρῶτον
1951 1832 1998 1898 Β

286 1893 670 1970 ὲχλευάσθησαν
717 1892 910 1954 πάντες
961 1893 1125 1966 ὁμοῦ.
1183 1891 1315 1949 Ε’Ϊτα
1364 1888 1825 1964 εὐδοκιμήσαντες
1862 1891 1917 1948 ἰν

284 1991 386 2050 ταῖς
467 1982 874 2058 δημηγορίαις,
952 1982 1043 2037 καὶ
1127 1984 1309 2055 θαῦμα
1373 1981 1728 2056 ἐργασάμενοι
1786 1981 1922 2055 μετὰ

283 2078 427 2128 ταῦτα
458 2071 625 2147 μέγα,
659 2070 803 2127 οὕτω
846 2068 912 2142 δὴ
964 2067 1160 2126 λοιπὸν
1218 2071 1353 2144 μετᾶ
1381 2071 1440 2125 τὸ
1471 2070 1758 2145 θαρρῆσαι,
1788 2074 1923 2126 Θεοῦ

291 2165 752 2238 συγχωρήσαντος,
794 2161 870 2223 εἰς
925 2158 1211 2222 κινδύνους
1270 2157 1609 2233 ἐμϐαίνουσι,
1671 2161 1761 2216 καὶ
1817 2165 1925 2215 τῶν

286 2253 480 2326 ἀγώνων
508 2254 802 2308 ἅπτονται.
850 2246 954 2310 Θέα
1005 2247 1062 2305 δὲ
1109 2251 1207 2319 τήν
1253 2249 1332 2312 εἷς
1381 2248 1688 2321 ἰταμότητα
1718 2270 1924 2324 προκο-

287 2344 377 2412 πὴν
416 2345 516 2396 τῶν
579 2337 888 2406 Ἰουδαίων,
938 2337 1024 2400 ὅτι
1075 2337 1162 2394 ἐπὶ
1210 2343 1308 2393 τοῦ
1357 2339 1595 2413 Χριστοῦ
1624 2339 1714 2393 τὸν
1747 2358 1921 2410 παρα-

292 2429 509 2494 δώσοντα
538 2433 863 2501 ζητοῦντες,
885 2432 976 2483 νῦν
997 2427 1152 2486 αὐτοὶ
1185 2428 1280 2491 τὰς
1312 2433 1503 2502 χεῖρας
1536 2421 1921 2495 ἐπιϐάλλουσι,

292 2521 583 2596 θρασύτεροι
636 2517 928 2594 γεγονότες
982 2519 1117 2590 μετὰ
1157 2517 1250 2576 τὸν
1302 2517 1547 2592 σταυρόν.
1602 2518 1772 2594 Εἶχον
1820 2517 1924 2593 γὰρ

287 2611 475 2664 καὶτὸν
503 2607 837 2682 στρατηγὸν,
883 2605 970 2661 ’ίνα
1019 2605 1185 2661 πάλιν
1237 2603 1506 2681 δημόσιον
1546 2605 1798 2681 ἔγκλημα
1828 2627 1924 2660 πε-

293 2703 460 2773 ριθῶσι
484 2704 605 2760 τοῖς
639 2695 1046 2772 γεγενημένοις,
1080 2696 1168 2750 καὶ
1224 2696 1301 2768 μή
1353 2695 1428 2758 ὡς
1471 2692 1748 2750 ἰδιωτικὸν
1782 2692 1925 2751 ἐκδι-

288 2793 430 2854 κῶσι,
462 2789 594 2859 ὅπερ
650 2789 935 2862 πανταχοῦ
995 2781 1362 2862 σπουδάζουσι
1416 2790 1607 2841 ποιεῖν.
1661 2786 1924 2842 Ἐνώπιον

289 2875 338 2933 δὶ
362 2877 452 2934 τού
506 2876 763 2946 πλήθους
819 2879 916 2930 τοῦ
975 2872 1298 2935 ἀποστόλων
1345 2871 1692 2947 ἐδέσμευσαν,
1722 2874 1809 2931 ’ἕνα
1838 2877 1927 2932 καὶ

285 2966 460 3028 αὐτοὺς
545 2967 797 3036 ὁρῶντας
884 2960 1233 3038 δειλοτέρους
1320 2961 1671 3037 ἐργάσωνται.
1753 2964 1930 3021 Ἀλλά

281 3054 564 3112 τουναντίον
613 3053 856 3132 ἐγένετο.
910 3049 1123 3108 Πολλοὶ
1171 3052 1273 3127 γὰρ
1323 3056 1429 3106 τῶν
1462 3052 1803 3109 ἀκουσάντων
1836 3055 1927 3108 τὸν

285 3141 438 3216 λόγον
497 3141 843 3202 ἐπίστευσαν.
899 3143 1063 3215 Ὁρᾷς
1131 3141 1275 3204 θείαν
1335 3139 1597 3216 ἐνέργειαν
1653 3143 1927 3223 φανεράν;

283 3234 358 3288 καί
417 3235 520 3306 μήν
573 3231 672 3288 καί
729 3232 858 3295 τοὺς
911 3229 1023 3302 ἤδη
1085 3231 1470 3294 πιστεύσαντας
1519 3231 1926 3304 ἀσθενεστέρους

286 3320 378 3379 ἔδει
405 3322 675 3398 γενέσθαι.
711 3319 869 3379 Ἀλλ’
925 3323 962 3391 ἡ
1022 3323 1227 3395 Πέτρου
1277 3317 1593 3396 δημηγορία
1660 3319 1932 3395 Πνεύματι

285 3412 394 3485 θείῳ
422 3421 872 3488 συγκροτουμένη
911 3411 1080 3478 αὐτῆς
1132 3409 1310 3465 αὐτῶν
1361 3417 1458 3482 ζῆς
1511 3414 1696 3487 ψυχῆς
1727 3412 1928 3484 ἥψατο.

289 3503 399 3558 Κατ’
451 3499 597 3557 ἰδίαν
662 3498 722 3556 δὶ
777 3498 971 3564 αὖτοὺς
1027 3497 1398 3571 ἐξετάζουσιν,
1454 3499 1542 3554 ἳνα
1575 3499 1653 3572 μὴ
1700 3499 1805 3554 ἀπὸ
1829 3505 1931 3570 τῆς

285 3592 574 3667 παρρησίας
610 3587 793 3646 αὐτῶν
821 3589 872 3644 οἱ
905 3589 1191 3652 ἀκούοντές
1224 3586 1586 3664 κερδήσωσιν.

351 3794 376 3820 «
407 3769 509 3826 Καὶ
539 3768 775 3847 ὶγενηθη
809 3768 838 3822 δ
866 3767 1097 3841 ἀριθμὸς
1153 3772 1264 3827 τῶν
1321 3765 1526 3840 ἀνδρῶν
1581 3767 1709 3823 ὡσεὶ
1740 3765 1933 3848 χιλιά-

287 3883 310 3907 α
343 3856 423 3922 δες
451 3862 638 3917 πέντε.
677 3857 923 3932 Ἐγένετο
982 3855 1039 3913 δὶ
1097 3857 1184 3914 ἐπὶ
1232 3859 1332 3928 τὴν
1375 3856 1560 3933 αύριον
1597 3859 1929 3933 συναχθῆναι

291 3974 315 4001 ιι
342 3951 512 4006 αὐτῶν
544 3951 682 4012 τοὺς
716 3949 986 4025 ἄρχοντας
1042 3949 1132 4003 καὶ
1190 3943 1586 4024 πρεσϐυτέρους
1631 3947 1720 4002 καὶ
1753 3968 1930 4026 γραμ-

289 4063 312 4088 κ
343 4046 522 4111 ματεῖς
571 4040 657 4101 εἷς
713 4036 1096 4112 Ἰερουσαλήμ,
1157 4039 1245 4093 καὶ
1306 4039 1501 4094 Ἀνναν
1529 4038 1620 4092 τὸν
1648 4035 1930 4112 ἀρχιερέα,

288 4132 420 4183 ιικαὶ
480 4130 752 4205 Καῖάφαν,
807 4129 897 4182 καὶ
955 4127 1231 4198 Ἰωάννην,
1283 4128 1372 4181 καὶ
1428 4123 1808 4202 Ἀλέξανδρον,
1839 4125 1931 4182 καὶ

286 4243 306 4266 ε
338 4218 449 4274 ὅσοι
497 4219 642 4288 ἦσαν
695 4216 754 4273 ἐκ
803 4216 990 4293 γένους
1037 4217 1444 4292 ἀρχιερατικοῦ.
1499 4216 1595 4271 Καὶ
1641 4219 1932 4288 στήσαντες

285 4329 309 4356 σι
340 4309 530 4373 αὐτοὺς
557 4308 622 4363 ἐκ
641 4329 723 4380 τῳ
756 4305 924 4382 μέσῳ,
959 4305 1338 4371 ἐπυνθάνοντο.
1368 4329 1397 4358 ››

352 4420 376 4450 σ
402 4394 671 4460 Χιλιάδες
701 4396 878 4454 πέντε.
914 4420 941 4448 »
991 4397 1088 4451 Διά
1137 4396 1241 4470 γὰρ
1289 4399 1451 4451 τοῦτο
1494 4393 1810 4473 προέλεγεν,
1841 4393 1929 4451 ἐπὶ

287 4489 380 4540 τῶν
411 4489 672 4550 πεντάκις
700 4483 928 4562 χιλίωνο
990 4509 1018 4537 ‹‹
1052 4485 1183 4540 Δότε
1241 4484 1423 4549 αὐτοῖς
1473 4485 1628 4556 ὑμεῖς
1665 4490 1866 4562 φαγεῖν.
1902 4509 1928 4536 ››

283 4574 545 4646 Τουτὲστι,

288 4661 428 4734 δμεῖς
463 4665 602 4738 μετᾶ
628 4668 815 4720 τοῦτα.

349 4780 374 4806 ιι
408 4758 493 4813 Ἑν
525 4756 673 4828 ποίᾳ
701 4751 934 4827 δυνήμιι
983 4750 1020 4824 ἤ
1079 4751 1132 4808 ἰν
1185 4754 1331 4828 ποίῳ
1383 4752 1608 4827 ὀνόματι
1638 4753 1929 4826 ἐποιήσατε

284 4848 430 4899 τοῦτο
460 4843 623 4919 ὓμεῖς
652 4863 668 4912 ;
704 4868 732 4894 η

348 4935 439 4990 Καὶ
478 4937 590 5008 μὴν
647 4931 891 5010 ﬂavour
949 4932 1275 5006 πονούμενοι
1328 4935 1452 5009 γὰρ,
1507 4933 1560 4988 ἐν
1616 4938 1694 5006 τῷ
1732 4955 1930 5011 καταγ-

287 5019 486 5094 γέλλειν
519 5024 572 5079 έν
605 5027 690 5096 τῷ
722 5025 903 5090 Ἰησοῦ
932 5024 1032 5093 τήν
1081 5023 1391 5090 ἀνάστασιν,
1421 5024 1685 5100 κατέσχον
1713 5023 1926 5090 αὐτούς.

290 5111 545 5185 Ἐρωτῶσι
605 5111 687 5179 δὶ,
740 5109 1150 5189 προσδοκῶντες
1199 5111 1418 5181 αὐτοὺς,
1466 5114 1528 5168 τὸ
1578 5110 1927 5190 δικαστήριον

287 5201 361 5253 καὶ
414 5203 474 5256 τὸ
531 5201 752 5272 πλῆθος
811 5197 1162 5283 φοϐηθέντας,
1225 5201 1478 5276 ἐξάρνους
1527 5205 1789 5278 γενέσθαι,
1841 5207 1925 5259 καὶ

286 5287 340 5343 τὸ
389 5296 486 5345 πᾶν
550 5289 646 5347 διὰ
698 5290 895 5347 τούτου
947 5290 1364 5364 κατωρθωκέναι
1418 5293 1741 5368 νογίζοντες.
1793 5295 1931 5369 Ὀρα

287 5377 376 5452 γὶρ
405 5384 519 5444 πῶς
565 5381 892 5458 κακούργως
945 5380 1242 5458 ἐρωτῶσιν.
1291 5377 1622 5441 Ἐϐοὲλοντο
1671 5386 1771 5460 γὰρ
1803 5385 1930 5447 τοὺς

348 5653 388 5693 ⁸⁸
416 5658 624 5718 letth.
657 5674 767 5731 xiv,
801 5658 886 5716 10.

2027 553 2086 601 et
2137 549 2544 604 interemistis.
2603 552 2673 605 Et
2731 552 2968 622 quando
3052 553 3278 608 misit?
3337 555 3459 608 Non
3519 571 3675 611 nunc

2027 637 2242 705 solum,
2276 638 2380 693 sed
2433 645 2491 692 et
2521 645 2657 694 ante
2691 643 3030 710 passionem
3062 643 3408 714 priusquam
3449 650 3676 699 tantum

2024 729 2256 784 facinus
2290 736 2692 800 perpetratum
2715 738 2889 786 esset.
2918 739 2974 786 et
2996 738 3126 804 post
3156 735 3672 790 resurrectionem.

2027 818 2194 874 Unde
2226 819 2336 872 ait:
2373 841 2399 867 «
2435 819 2724 874 Suscitato
2753 820 2900 874 Filio
2935 837 3064 883 suo,
3108 821 3269 876 misit
3300 839 3455 877 eum.
3493 845 3519 871 »
3553 825 3674 888 Quo

2027 906 2272 962 tandem
2307 908 2424 962 fine
2453 907 2480 962 ‘2
2508 909 2580 964 Ut
2610 907 2989 963 benediceret
3018 925 3085 964 ac
3145 910 3396 965 salvat-et
3446 929 3567 978 vos,
3628 911 3674 967 si

2027 1012 2169 1052 sane
2201 997 2380 1052 etiam
2408 997 2519 1070 ipsi
2552 998 2810 1052 converti
2847 997 3038 1054 velitis
3064 1015 3098 1052 a
3121 999 3292 1054 malis
3323 1002 3552 1056 vestris.

2096 1088 2188 1155 IV,
2226 1089 2348 1142 1-4.
2385 1111 2409 1136 ιι
2449 1087 2853 1159 Loquentibus
2892 1094 3093 1144 autem
3134 1089 3254 1143 illis
3286 1090 3359 1144 ad
3390 1094 3676 1162 populum

2027 1200 2053 1227 «
2090 1184 2562 1249 supervenerunt
2604 1179 2690 1232 eis
2741 1178 3098 1243 sacerdotes,
3134 1195 3200 1234 ac
3233 1179 3347 1234 dux
3385 1183 3587 1251 templi
3620 1190 3681 1240 et

2025 1288 2053 1315 «
2079 1266 2408 1333 Sadducaai,
2436 1266 2705 1322 dolentes
2731 1284 2800 1325 eo
2824 1267 2982 1339 quod
3010 1268 3294 1324 docerent
3314 1269 3598 1341 populum
3625 1278 3682 1326 et

2031 1378 2051 1404 ι
2087 1357 2514 1411 annuntiarent
2539 1373 2643 1427 per
2670 1358 2869 1411 Jesum
2904 1359 3400 1414 resurrectionem
3426 1367 3683 1416 mortuo-

2026 1467 2053 1494 ‹‹
2089 1461 2221 1500 rum
2251 1461 2264 1500 :
2291 1451 2349 1500 et
2378 1445 2716 1515 injecerunt
2746 1446 2832 1500 eis
2853 1462 3089 1511 manus,
3116 1456 3561 1519 posueruntque
3581 1467 3682 1505 eos

2029 1554 2053 1584 α
2088 1533 2149 1590 in
2179 1533 2516 1590 custodiam
2546 1535 2605 1588 in
2636 1540 2937 1606 posterum
2963 1535 3160 1591 diem:
3195 1542 3322 1592 erat
3373 1538 3680 1609 enimjam
3767 1576 3774 1582 -

2026 1645 2054 1673 «
2087 1640 2350 1696 vespera.
2383 1623 2546 1679 Multi
2564 1634 2761 1679 autem
2786 1640 2855 1680 ex
2877 1625 2962 1680 eis
2985 1625 3085 1697 qui
3117 1625 3428 1681 audierant
3457 1644 3679 1685 sermo-

2026 1734 2054 1762 «
2087 1729 2250 1780 nem,
2280 1711 2692 1768 crediderunt.
2725 1738 2748 1764 ι

2099 1799 2240 1854 Vide
2273 1815 2388 1870 quo
2416 1798 2592 1853 modo
2625 1799 3150 1870 resdisponantur.
3184 1803 3448 1858 Primum
3471 1821 3679 1860 omnes

2031 1887 2211 1967 simul
2257 1887 2412 1942 irrisi
2447 1893 2604 1946 sunt.
2639 1886 2853 1943 deinde
2887 1888 2946 1943 in
2972 1890 3360 1945 concionibus
3418 1891 3682 1946 celebres

2031 1979 2244 2043 effecti,
2280 1995 2414 2034 cum
2447 1979 2624 2034 etiam
2669 1979 2888 2051 grande
2923 1981 3254 2036 edidissent
3284 1983 3638 2038 miraculum
3666 2001 3679 2039 :

2030 2069 2261 2139 itajam
2296 2068 2532 2123 tandem
2576 2076 2888 2140 postquam
2947 2069 3133 2126 libere
3187 2071 3343 2127 locui
3403 2072 3681 2140 fuissent,

2030 2160 2410 2228 permittente
2435 2158 2570 2216 Deo.
2599 2158 2657 2212 in
2680 2158 3309 2228 periculainciduntac
3339 2161 3677 2217 certamini.

2031 2247 2140 2306 bus
2172 2256 2510 2322 tanguntur.
2531 2250 2999 2308 Consideravero
3028 2253 3368 2309 Iudaeorum
3401 2271 3677 2327 progres-

2031 2354 2161 2393 sum
2194 2355 2260 2394 ac
2291 2345 2665 2396 crementum
2693 2341 2764 2394 ad
2790 2340 3225 2405 crudelitatem,
3258 2359 3474 2414 nempe
3519 2343 3677 2415 quod

2033 2429 2132 2501 qui
2151 2429 2312 2500 prius
2326 2430 2386 2484 in
2401 2430 2630 2485 Christo
2649 2431 2936 2502 capiendo
2955 2431 3316 2502 proditorem
3338 2433 3687 2503 qumrebant

2033 2535 2192 2574 nunc
2224 2519 2337 2592 ipsi
2371 2535 2585 2574 manus
2643 2519 2943 2590 injiciunt.
3004 2521 3349 2577 audaciores
3381 2523 3516 2578 facti
3551 2530 3685 2594 post

2035 2607 2397 2679 passionem,
2450 2608 2749 2664 habebant
2793 2609 2951 2664 enim
3012 2611 3244 2676 ducem,
3307 2617 3371 2666 ut
3428 2612 3520 2666 his
3553 2629 3683 2684 qum

2031 2697 2188 2752 facta
2216 2704 2420 2776 essent
2477 2698 2781 2770 publicum
2831 2717 3037 2755 rursus
3089 2701 3314 2755 crimen
3349 2702 3450 2756 34
3480 2702 3685 2775 afﬁge-

2031 2791 2185 2852 rent,
2221 2803 2328 2842 nec
2362 2789 2662 2860 propriam
2721 2788 2928 2844 ulcisci
2982 2789 3324 2846 viderentur
3379 2791 3684 2858 iniuriam,

2035 2875 2193 2948 quod
2226 2876 2448 2948 ubique
2483 2880 2675 2933 facere
2709 2877 3006 2932 nituntur.
3049 2882 3253 2932 Coram
3302 2879 3685 2933 multitudine

2034 2970 2232 3019 autem
2264 2965 2563 3036 apostolos
2595 2965 2925 3026 vinxerunt.
2959 2972 3025 3019 ut
3050 2982 3149 3020 eos
3190 2967 3367 3020 etiam
3400 2967 3499 3035 qui
3524 2966 3682 3020 vide-

2036 3060 2171 3108 rent
2201 3054 2532 3110 timidiores
2548 3054 2884 3108 redderent.
2913 3055 3022 3109 Sed
3055 3054 3414 3110 contrarium
3449 3054 3682 3110 accidit.

2041 3148 2184 3200 Nam
2221 3145 2388 3199 multi
2424 3161 2492 3198 ex
2526 3145 2617 3198 his
2644 3144 2742 3213 qui
2771 3144 3086 3198 audierant
3112 3160 3470 3204 sermonem.
3495 3145 3685 3200 credi-

2043 3234 2277 3290 derunt.
2303 3235 2477 3289 Vides
2503 3234 2814 3289 manifeste
2837 3234 3096 3288 divinam
3117 3234 3443 3289 efficaciam
3467 3235 3494 3289 7
3512 3237 3687 3306 Atqui

2038 3340 2138 3378 eos
2171 3323 2348 3378 etiam
2381 3323 2481 3394 qui
2515 3323 2893 3378 crediderant
2921 3324 3186 3393 oportuit
3214 3323 3378 3378 reddi
3415 3324 3686 3379 imbecil-

2038 3413 2254 3468 liores:
2291 3413 2394 3468 sed
2443 3413 2598 3468 Petri
2658 3413 2887 3478 concio,
2921 3413 3117 3468 divino
3172 3413 3377 3481 adiuta
3437 3413 3686 3485 Spiritu.

2035 3504 2196 3576 ipsas
2223 3519 2425 3558 eorum
2449 3503 2681 3558 animas
2713 3504 3000 3575 tetigerat.
3039 3503 3316 3559 Privatim
3358 3511 3555 3558 autem
3589 3504 3681 3560 in-

2036 3597 2357 3664 terrogant,
2389 3609 2463 3647 ne
2497 3608 2566 3647 ex
2597 3593 2860 3664 ipsorum
2895 3592 3166 3648 libertate
3197 3593 3481 3664 loquendi
3512 3593 3685 3648 audi-

2036 3688 2194 3738 tores
2225 3682 2458 3738 lucrum
2490 3688 2890 3753 reportarent.

2110 3775 2198 3839 ιν,
2227 3774 2258 3828 4
2297 3777 2347 3827 7.
2387 3794 2413 3824 σ
2444 3775 2513 3826 Ει
2540 3772 2730 3829 factus
2762 3778 2851 3829 est
2880 3788 3165 3826 numerus
3205 3771 3462 3826 virorum
3510 3771 3682 3827 circi-

2035 3884 2064 3913 «
2097 3868 2188 3918 ter
2216 3863 2479 3934 quinque
2513 3862 2789 3918 millium.
2825 3860 3052 3915 Accidit
3081 3866 3277 3914 autem
3312 3867 3547 3930 postero
3589 3860 3684 3915 die

2034 3975 2062 4002 ‹‹
2097 3958 2163 4007 ut
2179 3957 2679 4025 congregarentur
2701 3950 3000 4022 principes
3024 3955 3081 4002 et
3103 3950 3367 4004 seniores
3381 3965 3447 4004 ac
3470 3948 3682 4004 scribm

2035 4065 2062 4092 «
2097 4041 2542 4112 Hierosolymis,
2567 4040 2863 4110 simulque
2887 4042 3087 4094 Annas
3109 4039 3384 4111 princeps
3415 4038 3690 4095 sacerdo-

2036 4138 2221 4186 «tum
2254 4147 2322 4186 ac
2373 4129 2645 4200 Caiphas,
2702 4131 3078 4201 Joannesque
3136 4146 3204 4185 ac
3263 4129 3596 4185 Alexander
3626 4134 3687 4183 et

2033 4244 2061 4270 υ
2097 4224 2388 4292 quotquot
2427 4225 2596 4274 erant
2633 4235 2663 4273 e
2694 4235 2911 4293 genere
2962 4219 3314 4274 sacerdotali
3347 4263 3360 4285 ,
3405 4219 3682 4289 ipsosque

2032 4331 2060 4360 «
2093 4310 2157 4364 in
2194 4307 2390 4363 medio
2423 4308 2648 4378 positos
2678 4307 2954 4379 interoge
2974 4308 3140 4362 bant.
3179 4330 3206 4356 »

2107 4420 2135 4446 «
2169 4397 2440 4467 Quinque
2471 4396 2680 4452 millia.
2717 4420 2744 4445 »
2777 4397 2858 4453 0b
2886 4397 2998 4451 hoc
3028 4396 3186 4451 enim
3211 4394 3586 4466 prtedixerat,
3612 4391 3683 4446 de

2038 4487 2304 4562 quinque
2327 4486 2636 4543 millibus:
2663 4509 2690 4536 ‹‹
2719 4487 2860 4542 Date
2885 4486 3006 4540 illis
3037 4501 3135 4537 vos
3161 4483 3318 4554 quod
3342 4481 3523 4536 edant
3542 4479 3588 4514 ‘9
3617 4498 3629 4535 :
3657 4501 3684 4528 n

634 4573 1121 4655 πεντακισχιλίους
1207 4575 1456 4650 κορέσετε
1540 4574 1775 4638 πίστεως
1838 4574 1925 4630 καὶ

2041 4577 2151 4632 hoc
2178 4582 2287 4640 est,
2320 4592 2420 4631 vos
2451 4577 2628 4632 etiam
2656 4575 3034 4650 postmodum
3061 4574 3323 4646 quinque
3356 4569 3546 4625 millia
3575 4569 3691 4624 ﬁde

2042 4672 2322 4723 saturate.

2111 4758 2206 4824 IV,
2238 4761 2268 4812 7
2303 4759 2355 4812 8.
2387 4779 2413 4807 «
2446 4758 2572 4823 Qua
2600 4755 2865 4829 potentia
2894 4759 2996 4810 aut
3025 4769 3140 4824 quo
3173 4751 3416 4807 nomine
3443 4749 3689 4820 fecistis,

2041 4870 2071 4898 «
2105 4849 2217 4905 hoc
2245 4865 2344 4904 vos
2363 4848 2391 4903 ?
2424 4870 2452 4898 »

2114 4937 2292 5008 Atqui
2327 4936 2630 4992 sciebant:
2668 4934 2937 4989 dolentes
2983 4935 3141 4990 enim
3177 4932 3334 5005 quod
3365 4931 3656 4987 annuntia

2043 5033 2179 5082 rent
2209 5044 2313 5098 per
2367 5027 2567 5081 Jesuin
2618 5025 3136 5086 resurrectionem,
3197 5029 3519 5079 tenuerunt
3546 5035 3684 5076 eos:

2042 5115 2487 5192 interrogabant
2519 5121 2716 5170 tamen
2741 5115 3147 5170 existimantes
3169 5132 3269 5171 eos
3293 5113 3586 5185 Judicium
3623 5126 3690 5166 ac

2041 5206 2486 5262 multitudinem
2519 5207 2756 5272 veritos,
2809 5223 2937 5261 esse
2980 5213 3320 5278 negaturos,
3385 5211 3689 5271 totumque

2043 5295 2348 5368 negotium
2381 5311 2484 5366 per
2515 5297 2622 5351 hoc
2654 5295 3069 5367 corrigendum
3131 5294 3507 5350 arbitrantes.
3548 5289 3688 5344 Vide

2043 5392 2243 5442 autem
2266 5402 2444 5457 quam
2476 5385 2723 5443 subdole
2781 5385 3168 5461 interrogant,
3203 5383 3494 5444 Malebant
3523 5381 3683 5437 enim
