4136 6200
372 354 449 418 σε
1496 349 1916 415 (ΕΟΗΜΕΝΙΙ
1957 351 2026 413 'l‘l

2140 349 2264 412 CA!
2305 342 2693 409 EPISCOPI.
3705 339 3785 403 96

375 492 678 564 apostolos
707 491 878 546 fateri
911 505 1084 545 suum
1123 505 1254 546 esse
1309 505 1457 562 opus
1515 505 1695 562 quam
1743 487 2023 562 potentiae

2140 480 2481 541 ἀποστόλους
2516 474 2730 551 μᾶλλον
2777 476 2980 533 ἑαυτῶν
3036 475 3167 530 εἶναι
3199 468 3447 568 τὸῃὲργον
3477 466 3781 568 ὁμολογεῖν

375 581 613 637 Christi.
647 581 716 635 Et
743 579 978 634 adverte
1009 579 1167 650 quod
1191 595 1382 650 neque
1413 579 1724 634 nominare
1751 576 2027 633 volebant

373 670 567 725 claudi
602 669 916 724 sanitatem
943 684 956 724 :
981 686 1174 741 neque
1207 670 1367 724 enim
1401 669 1610 726 dicunt
1639 668 1922 740 quidnam
1949 667 2027 721 sit

377 757 499 822 sed,
526 781 552 807 ‹‹
591 758 830 813 Fecistis
861 759 991 813 hoc.
1015 780 1042 809 »
1070 759 1160 814 llli
1190 776 1320 814 vero
1351 760 1457 814 hos
1489 759 1729 831 quidem
1763 774 1897 814 cum
1919 757 2025 812 ho-

377 864 520 902 nore
553 848 942 903 nominarunt
971 847 1273 904 dicentes:
1308 849 1613 921 Principes
1644 846 1846 920 populi
1878 863 1890 901 :
1922 845 2024 900 ubi

374 943 572 993 autem
605 937 678 993 ad
711 954 835 993 rem
866 945 1175 1002 venerunt,
1211 955 1332 994 non
1363 939 1783 994 abstinuerunt
1820 936 1892 992 ab
1925 952 2025 991 ac-

375 1028 684 1082 cusatione
717 1045 848 1099 quas
881 1034 1214 1100 opportuna
1254 1033 1429 1084 esset.
1463 1028 1646 1083 Aiunt
1676 1027 1832 1083 enim
1860 1043 1875 1082 :
1911 1027 2024 1081 lNos

373 1115 616 1188 quidem
649 1123 934 1189 tanquam
966 1118 1117 1173 bene
1163 1119 1407 1174 meritos
1439 1117 1693 1174 maxime
1748 1115 2021 1173 coronari

371 1205 654 1278 oportuit.
678 1208 891 1262 Verum
911 1207 1195 1277 quoniam
1214 1208 1559 1279 judicamur
1580 1223 1684 1262 seu
1717 1205 2023 1261 examina-

374 1312 530 1362 mur,
565 1300 770 1351 notum
805 1296 882 1352 sit
911 1296 1188 1352 universo
1221 1295 1442 1369 papulo
1462 1314 1482 1349 .·
1503 1297 1615 1351 hoc
1649 1294 1808 1350 enim
1838 1292 2026 1366 magis

378 1401 478 1440 eos
506 1385 917 1441 contristabat.

447 1475 540 1542 IV,
574 1478 724 1532 8-14.
762 1499 788 1525 ‹‹
816 1477 1122 1548 Principes
1151 1476 1355 1548 populi
1379 1481 1438 1531 et
1467 1472 1952 1541 senioreslsrael,
1977 1471 2026 1527 si

385 1587 405 1611 α
439 1582 548 1620 nos
587 1566 764 1621 hodie
795 1567 1206 1622 examinamur
1235 1583 1414 1639 super
1474 1565 1766 1621 beneﬁcio
1798 1561 2026 1619 homini

383 1677 409 1708 υ
436 1654 674 1710 infirmo
706 1656 988 1726 praestita.
1025 1671 1131 1727 per
1159 1656 1316 1727 quod
1348 1655 1444 1711 hic
1475 1655 1673 1710 salvus
1704 1654 1895 1708 factus
1918 1657 2026 1720 est,

381 1766 407 1794 α
445 1749 655 1799 notum
687 1745 764 1798 sit
794 1743 956 1801 vobis
987 1750 1045 1799 et
1074 1745 1348 1799 universo
1380 1745 1477 1800 85
1526 1743 1744 1815 populo
1805 1738 1985 1796 Israel
2013 1755 2025 1794 :

377 1857 405 1884 «
441 1835 597 1906 quod
623 1851 730 1906 per
757 1849 998 1889 nomem
1025 1834 1162 1889 Jesu
1193 1833 1407 1889 Christi
1439 1834 1690 1889 Nazaraei
1717 1847 1895 1904 quem
1925 1846 2026 1885 vos

378 1945 407 1974 ‹‹
441 1924 840 1988 cruciﬁxistis,
898 1939 1077 1994 quem
1126 1925 1280 1980 Deus
1334 1925 1639 1981 suscitavit
1665 1941 1701 1981 a
1729 1923 2023 1980 mortuis:

377 2035 404 2062 «
439 2030 544 2084 per
573 2014 684 2070 hoc
715 2015 1002 2084 (inquam)
1032 2014 1142 2070 iste
1173 2020 1327 2071 astat
1375 2032 1574 2073 coram
1629 2017 1789 2072 vobis
1821 2033 2022 2074 sanus.

377 2124 404 2150 ι(
438 2102 540 2156 Hic
566 2108 655 2157 est
683 2102 785 2158 ille
816 2103 968 2176 lapis
1000 2105 1101 2176 qui
1134 2106 1392 2177 rejectus
1424 2113 1514 2161 est
1543 2123 1578 2162 a
1619 2107 1787 2162 vobis
1837 2107 2023 2162 inditi-

375 2214 402 2239 α
439 2192 733 2258 cantibus,
767 2194 866 2263 qui
899 2193 1088 2250 factus
1119 2200 1210 2249 est
1239 2196 1301 2251 in
1333 2202 1511 2267 caput
1537 2197 1760 2266 anguli,
1793 2203 1854 2252 et
1901 2213 2024 2252 non

378 2298 406 2327 «
439 2285 529 2333 est
552 2295 654 2349 per
683 2280 874 2336 ullum
904 2281 1087 2337 alium
1121 2282 1302 2338 salus.
1335 2285 1534 2355 Neque
1557 2284 1719 2340 enim
1743 2291 1833 2340 est
1861 2283 2024 2340 aliud

376 2394 400 2419 α
430 2388 651 2428 nomen
697 2373 899 2430 datum
959 2375 1303 2432 hominibus
1361 2377 1469 2432 sub
1528 2377 1674 2433 caelo
1731 2394 1838 2449 per
1865 2376 2022 2450 quod

371 2483 398 2510 «
435 2468 706 2533 oporteat
737 2481 846 2519 nos
881 2465 1072 2521 salvos
1105 2465 1253 2523 fleri.
1290 2466 1568 2522 Videntes
1617 2473 1816 2523 autem
1866 2467 2023 2522 Petri

379 2571 403 2601 ι
437 2566 505 2606 ac
531 2553 776 2608 Joannis
807 2553 868 2609 in
889 2555 1142 2610 dicendo
1164 2556 1579 2622 constantiam,
1602 2562 2024 2630 compertoque

383 2656 404 2689 ο
439 2641 594 2714 quod
630 2643 902 2698 homines
933 2650 1134 2699 essent
1162 2645 1249 2700 illi
1282 2647 1454 2701 terati
1486 2652 1545 2700 et
1575 2646 1794 2713 idiotas,
1843 2647 2025 2703 mira-

375 2751 404 2780 ‹‹
436 2731 671 2800 bantur,
705 2738 764 2786 et
797 2734 1196 2805 agnoscebant
1224 2751 1324 2791 eos
1356 2737 1514 2807 quod
1545 2752 1680 2792 cum
1710 2738 1847 2793 Jesu
1876 2737 2023 2792 fuis-

373 2842 402 2870 «
434 2827 605 2887 sent;
633 2822 935 2878 hominem
967 2828 1166 2879 autem
1195 2824 1463 2880 videntes
1491 2831 1746 2882 stantem
1769 2842 1905 2882 cum
1939 2825 2022 2880 eis

371 2931 398 2960 «
435 2910 537 2980 qui
570 2916 813 2965 sanatus
831 2911 1045 2973 fuerat.
1069 2913 1510 2986 nihilpoterant
1540 2915 1967 2972 contradicere.
1994 2937 2021 2965 ››

445 3021 472 3048 ι‹
505 3000 810 3074 Principes
837 3001 1063 3074 populi,
1115 3023 1142 3050 »
1175 3009 1466 3074 quantum
1497 3019 1566 3059 ae
1613 3005 2023 3078 magistratum

373 3089 436 3144 in
468 3090 814 3161 popularem
873 3091 1126 3146 turbam.
1162 3093 1438 3148 Seniores
1496 3093 1700 3159 Israel,
1733 3101 2024 3166 quantum

375 3176 919 3252 adintelligentiam
945 3197 1013 3236 ac
1033 3183 1308 3253 peritiam
1331 3183 1583 3239 docendi
1610 3185 1894 3257 populum
1919 3188 2020 3260 qui

375 3281 411 3319 a
440 3267 692 3320 terrenis
719 3267 794 3321 ad
842 3268 1133 3324 diviniora
1189 3271 1548 3328 sublevatur.
1609 3276 1752 3330 Nam
1810 3276 1871 3331 in
1903 3276 2018 3334 duo

375 3353 576 3407 divisit
599 3355 812 3410 caelum
836 3356 1194 3425 auditorum,
1221 3365 1502 3430 tanquam
1525 3363 1584 3417 hi
1601 3379 1721 3418 non
1755 3381 1824 3420 ex
1849 3383 2019 3438 aaquo

375 3443 611 3516 possint
640 3445 975 3517 intelligere
1008 3464 1140 3519 quae
1172 3448 1493 3521 dicuntur:
1529 3452 1633 3507 sed
1664 3455 2021 3526 quibusdam

374 3533 580 3590 leviter
601 3534 1039 3606 quodammodo
1065 3537 1540 3595 auscultantibus
1563 3557 1693 3612 quas
1716 3544 2027 3613 proferun-

375 3630 490 3690 tur,
523 3625 624 3680 alii
648 3641 792 3681 sane
824 3627 1178 3698 profundius
1208 3646 1274 3685 ac
1308 3629 1608 3688 efficacius
1635 3634 1832 3690 animo
1864 3651 2026 3708 repo-

377 3720 532 3769 nunt
562 3731 694 3787 quas
728 3715 1101 3774 nuntiantur.
1135 3718 1422 3784 Quoniam
1449 3737 1584 3794 ergo
1616 3728 1898 3794 tanquam
1929 3741 2027 3780 cu-

376 3820 504 3860 ram
534 3810 806 3872 qerentes
833 3807 1184 3863 munerisad
1201 3809 1358 3881 quod
1382 3811 1552 3868 electi
1578 3814 1740 3871 estis.
1758 3813 2026 3870 voluistis

377 3910 485 3949 nos
518 3895 695 3951 hodie
720 3897 1082 3963 examinare,
1115 3899 1214 3970 qui
1248 3898 1605 3958 beneﬁcium
1636 3903 1875 3960 inflrmo
1916 3905 2026 3961 ho-

376 3984 523 4039 mini
547 3985 948 4041 contulimus:
985 3993 1043 4043 et
1074 4003 1194 4043 non
1220 3989 1418 4061 potius
1451 4008 1517 4046 ex
1549 3992 1679 4064 ipso
1719 4010 1898 4066 opere
1928 4011 2020 4050 ve—

375 4075 752 4130 nerationem
782 4089 918 4130 cum
950 4075 1344 4134 admiratione
1378 4079 1466 4135 illi
1496 4081 1807 4142 tribuistis.
1852 4085 2023 4156 cujus

375 4163 620 4218 nomine
639 4167 869 4220 tantum
902 4161 1123 4220 bonum
1157 4167 1431 4224 effectum
1457 4173 1582 4225 est:
1618 4171 1904 4245 quonian,
1936 4172 2026 4228 in-

376 4267 577 4324 quam,
610 4253 672 4307 in
704 4258 936 4310 tantum
994 4271 1256 4314 errorem
1317 4257 1631 4320 incidistis.
1667 4261 1810 4333 quid
1864 4261 2028 4319 aliud

376 4341 518 4397 hinc
549 4341 841 4415 agendum
868 4349 976 4415 est,
1001 4361 1180 4416 quam
1205 4352 1269 4401 ut
1301 4364 1410 4403 nos
1436 4365 1470 4404 a
1491 4348 1784 4420 profundo
1817 4368 2027 4424 sopore

376 4448 478 4486 vos
511 4433 856 4497 excitemus,
890 4433 1156 4489 dicentes
1187 4443 1244 4491 et
1273 4437 1435 4492 vobis
1467 4443 1525 4492 et
1554 4438 1711 4510 plebi
1735 4441 1893 4511 quod
1923 4459 2030 4514 per

375 4521 489 4576 hoc
521 4539 738 4578 nomen
767 4523 826 4578 id
885 4526 1304 4581 effecerimus?
1361 4529 1585 4584 Nomen
1633 4535 1831 4586 autem
1863 4536 2031 4587 vocat

2129 574 2164 643 ἢ
2195 580 2296 643 τῆς
2328 568 2610 643 δυνάμεως
2648 572 2745 624 τοῦ
2778 569 3032 640 Χριστοῦ.
3065 566 3202 640 Ὅρα
3249 560 3306 619 δὲ
3352 567 3473 624 πῶς
3505 559 3632 618 οὐδὲ
3663 562 3778 618 ὄνο-

2137 661 2299 736 μάσαι
2332 659 2536 732 ἤθελον
2568 660 2668 728 τήν
2701 655 2985 731 θεραπείαν
3035 658 3132 710 τοῦ
3181 651 3395 729 χωλοῦ·
3431 650 3493 707 οὐ
3537 651 3640 730 γὰρ
3691 648 3788 706 λέ-

2129 772 2288 828 γουσι
2319 756 2496 811 ποῖον,
2528 748 2678 816 ἀλλ’,
2704 771 2731 800 ‹‹
2758 748 3083 816 Ἐποιήσατε
3102 748 3283 800 τοῦτο.
3321 766 3349 793 ι)
3375 742 3442 799 Οἱ
3475 738 3533 796 δὲ
3563 739 3783 814 ὠνόμαο

2129 863 2225 897 σαν
2281 841 2374 912 μὲν
2435 838 2633 903 αὐτοὺς
2694 838 2827 912 μετᾶ
2898 839 3090 908 τιμῆς,
3150 833 3413 894 εἰπόντες·
3477 832 3784 906 Ἄρχοντες

2131 935 2285 990 λαοῦ.
2323 929 2543 1002 Ἐπειδὴ
2588 928 2646 986 δὲ
2673 930 2844 1000 ἦλθον
2885 928 2960 990 ε’ς
3000 928 3062 982 16
3117 933 3365 1005 πρᾶγμα,
3398 923 3498 980 οὐκ
3525 923 3785 978 ἀφίσταν-

2126 1044 2218 1080 ται
2245 1027 2342 1078 τοῦ
2391 1024 2694 1097 πρέποντος
2751 1019 3006 1095 ἐλέγχου.
3064 1016 3203 1074 Φασὶ
3243 1015 3370 1095 γὰρ,
3414 1016 3500 1070 ὅτι
3530 1011 3785 1069 Μάλιστα

2136 1112 2232 1185 μὶν
2281 1111 2449 1186 ἐχρῆν
2502 1110 2886 1188 στεφανοῦσθαι
2937 1109 3086 1180 ἡμᾶς
3134 1106 3206 1168 ὡς
3259 1101 3561 1178 εὐεργέτας,
3593 1097 3782 1172 ἒπειδὴ

2133 1199 2190 1258 6‘s
2269 1202 2589 1276 κρινόμεθα,
2675 1199 2918 1278 γνωστὸν
3006 1195 3144 1253 ἔστω
3227 1194 3384 1252 παντὶ
3469 1197 3568 1264 τῷ·
3621 1194 3783 1248 τοῦτο

2129 1292 2232 1368 γὰρ
2265 1289 2432 1346 πλέον
2465 1289 2662 1353 αὐτοὺς
2695 1287 2907 1346 ἐλύπει.

2204 1499 2232 1526 ‹‹
2266 1475 2565 1550 Ἄρχοντες
2593 1477 2690 1528 τοῦ
2721 1469 2859 1529 λαοῦ
2892 1469 2982 1526 καὶ
3020 1463 3379 1546 πρεσϐύτεροι
3409 1467 3506 1518 τοῦ
3537 1458 3783 1537 Ἰσραὴλ,

2135 1589 2164 1616 ‹‹
2197 1564 2244 1620 εί
2273 1567 2438 1641 ἡμεῖς
2486 1565 2728 1639 σήμερον
2788 1560 3186 1634 ἀνακρινόμεθα
3245 1557 3332 1613 ἐπὶ
3380 1553 3660 1630 εὐεργεσίᾳ
3687 1551 3785 1641 ἆν-

2141 1677 2168 1710 ιι
2193 1640 2412 1730 θρώπου
2466 1653 2733 1722 ἀσθενοῦς,
2788 1651 2840 1707 ἐν
2895 1650 3000 1705 τίνι
3033 1649 3191 1709 οὗτος
3225 1646 3511 1711 σὲσωσται,
3541 1640 3780 1716 γνωστὸν

2133 1769 2160 1796 α
2195 1727 2332 1800 ἔστω
2363 1750 2521 1798 πᾶσιν
2557 1743 2684 1817 ὑμῖν
2719 1741 2808 1796 καὶ
2851 1740 3013 1797 παντὶ
3060 1742 3142 1810 τῷ
3189 1735 3311 1807 λαῷ
3340 1729 3586 1807 Ἰσραῆλ,
3618 1728 3701 1785 δτι
3733 1727 3785 1784 ἐν

2141 1861 2161 1885 ιι
2195 1839 2276 1908 τῷ
2326 1833 2557 1909 ὀνόματι
2619 1834 2799 1902 Ἰησοῦ
2857 1831 3102 1903 Χριστοῦ
3182 1829 3279 1882 τοῦ
3337 1821 3666 1896 Ναζαραίου,
3723 1817 3782 1874 δν

2135 1951 2162 1978 α
2200 1927 2356 1998 ὑμεῖς
2415 1924 2807 1998 ἐσταυρώσατε,
2841 1921 2898 1977 ὅν
2955 1922 2982 1975 6
3039 1919 3168 1980 Θεὸς
3219 1915 3438 1992 ἤγειρεν
3467 1912 3525 1969 ἐκ
3552 1914 3780 1986 νεκρῶν·

2135 2041 2161 2066 ιι
2196 2014 2246 2070 ἐν
2303 2014 2479 2087 τούτῳ
2535 2014 2690 2074 οὗτος
2750 2012 3085 2086 παρέστηκεν
3142 2006 3369 2062 ἐνώπιον
3415 2004 3566 2076 ὑμῶν
3597 2001 3781 2074 ὑγιής.

2134 2130 2161 2156 ‹‹
2194 2105 2368 2167 Οὗτός
2427 2104 2568 2160 ἐστιν
2597 2105 2623 2157 6
2659 2103 2807 2164 λίθος
2865 2104 2894 2157 6
2953 2097 3322 2172 ἐξηυθενωθιῖς
3370 2096 3455 2176 ὑφ’
3488 2094 3642 2166 ὑμῶν
3672 2095 3780 2147 τῶν

2133 2219 2162 2248 ‹‹
2195 2193 2656 2267 οἷκοδομούντων.
2689 2193 2716 2248 6
2745 2193 3034 2268 γενόμενος
3067 2189 3145 2251 είς
3169 2185 3414 2265 κεφαλὴν
3445 2183 3667 2260 γωνίας,
3689 2179 3784 2268 καῖ

2135 2310 2163 2338 α
2193 2285 2294 2343 οὐκ
2318 2265 2458 2341 ἔστιν
2493 2284 2545 2340 ἐν
2566 2282 2723 2357 ἄλλῳ
2750 2265 2923 2337 οὐδενῖ
2949 2282 2985 2349 ἡ
3014 2280 3279 2354 σωτηρία.
3311 2273 3452 2332 Οὔτε
3481 2274 3583 2349 γὰρ
3605 2265 3784 2346 ὃνομᾶ

2134 2398 2164 2432 α
2193 2375 2333 2432 ἐστιν
2363 2371 2547 2450 ’ἕτερον
2596 2373 2658 2429 16
2716 2369 3004 2446 δεδομένον
3061 2368 3114 2424 ἐν
3170 2367 3478 2444 ἀνθρώποις
3528 2362 3580 2419 ἐν
3622 2362 3669 2436 ᾧ
3700 2358 3784 2450 δεῖ

2133 2495 2158 2519 ι(
2193 2473 2434 2534 σωθῆναι
2458 2449 2632 2538 ἡμᾶς.
2667 2459 3007 2538 Θεωροῦντες
3039 2457 3099 2516 δὶ
3125 2461 3226 2529 τήν
3272 2461 3371 2513 τοῦ
3405 2455 3609 2530 [Ιὲτρου
3640 2449 3782 2527 παῤ-

2133 2583 2159 2610 α
2194 2557 2388 2634 ῥπσίαν
2419 2555 2507 2612 καὶ
2539 2555 2810 2620 Ἰσοέάννου,
2841 2552 2930 2609 καῖ
2953 2544 3419 2624 καταλαϐόμενοι,
3455 2545 3540 2603 δτι
3573 2545 3786 2620 ἄνθρω-

2131 2672 2159 2700 ‹‹
2192 2668 2288 2704 ποι
2335 2644 2688 2722 ἀγράμματοί
2736 2643 2840 2699 εἶσι
2883 2640 2974 2696 καὶ
3023 2639 3261 2710 ἰδιῶται,
3311 2637 3638 2710 ἰθαόμαζον,
3687 2633 3786 2691 ἐπ-

2131 2762 2158 2788 ‹‹
2195 2734 2482 2812 εγίνωσκόν
2510 2755 2569 2789 τε
2597 2732 2814 2796 αὐτοὺς,
2869 2733 2952 2787 δτι
3017 2731 3108 2785 σὺν
3155 2733 3236 2800 τῷ
3285 2729 3467 2796 Ἰησοῦ
3495 2724 3650 2792 ἦσαν.
3677 2725 3785 2781 Τὸν

2129 2850 2158 2879 ‹‹
2193 2822 2251 2880 δὶ
2282 2823 2564 2899 ἄνθρωπον
2624 2819 2915 2899 βλέποντες
2977 2822 3069 2876 σὺν
3119 2819 3306 2881 αὐτοῖς
3339 2819 3547 2874 ἑστῶτα
3576 2815 3668 2871 τὸν
3698 2835 3786 2870 τε·

2138 2939 2163 2969 ι
2195 2914 2610 2988 θεραπευμένον,
2639 2909 2796 2968 οὐδὲν
2829 2912 2978 2985 εἶχον
3009 2911 3290 2965 ἀντειπεῖν.
3327 2931 3355 2958 ››

2205 3028 2233 3058 α
2267 3005 2562 3079 Ἀρχοντες
2585 3005 2683 3058 τοῦ
2714 3000 2874 3069 λαοῦ,
2909 3023 2937 3050 ››
2990 2998 3125 3054 κατὰ
3175 2996 3239 3052 τὸ
3293 2997 3510 3069 ἀξίωμα
3552 2997 3649 3051 τοῦ
3678 3013 3790 3070 χυ-

2131 3091 2285 3150 δαίου
2317 3087 2516 3169 ὄχλου·
2572 3117 2599 3144 ‹‹
2637 3086 2999 3165 ιίρεσόὗτεροι
3046 3093 3144 3143 τοῦ
3194 3083 3440 3161 Ἰσραὴλ,
3478 3108 3504 3135 η
3554 3083 3692 3140 κατὰ
3718 3084 3786 3138 16

2133 3180 2515 3239 διδασκαλικὸν
2570 3180 2660 3237 καὶ
2716 3179 3024 3235 συνεκτικὸν
3081 3181 3178 3232 τοῦ
3249 3176 3357 3232 ἀπὸ
3413 3179 3520 3230 τῶν
3574 3174 3782 3252 γηΐνων

2131 3274 2270 3351 πρὸς
2325 3273 2392 3328 τὰ
2447 3271 2690 3343 θειότερα
2739 3267 3082 3348 ἀναγομένου
3129 3265 3286 3323 λαοῦ.
3359 3265 3450 3326 Εἷς
3528 3261 3625 3320 δύο
3680 3262 3785 3338 γὰρ

2134 3363 2304 3420 διεῖλε
2355 3367 2464 3418 τῶν
2516 3362 2797 3436 ἀκροατῶν
2851 3360 2942 3415 τὸν
2999 3359 3184 3431 ἑσμὸν,
3246 3356 3320 3418 ὡς
3381 3356 3439 3410 ἂν
3488 3354 3694 3410 τούτων
3733 3352 3786 3424 ὶξ

2136 3453 2251 3510 ἴσου
2281 3459 2387 3509 τῶν
2417 3453 2731 3532 λεγομὲνων
2762 3452 2836 3526 μὴ
2863 3449 3104 3526 ἑχόντων
3132 3449 3195 3503 τὸ
3221 3445 3479 3515 συνιέναι,
3508 3442 3657 3502 ἆλλᾶ
3677 3447 3785 3500 τῶν

2138 3545 2231 3616 μὶν
2288 3545 2588 3617 ἀκροοιγῶς
2648 3562 2766 3605 πως
2838 3544 2944 3595 τῶν
3024 3537 3366 3616 λεγομένων-’ξ
3397 3535 3789 3611 ἀκροωμένων,

2132 3637 2240 3688 τῶν
2276 3629 2333 3687 δε
2363 3629 2794 3706 δραστικώτερον
2853 3629 2944 3684 καὶ
3001 3629 3293 3705 βαθῦτερον
3334 3631 3402 3701 τῇ
3432 3629 3587 3702 ψυχῇ
3615 3645 3793 3702 παρα-

2135 3720 2463 3794 πεμπόντων
2511 3721 2602 3774 τὸν
2659 3717 3092 3797 ἀγγελλόμενον.
3155 3717 3307 3776 Ἐπεὶ
3356 3716 3535 3772 τοίνυν
3563 3715 3639 3776 ὡς
3668 3714 3791 3771 ἑπι-

2139 3810 2510 3886 μελησόμενοι
2562 3815 2663 3878 τῆς
2710 3809 2846 3883 πρὸς
2877 3809 2939 3877 ἢν
2972 3807 3334 3882 προεκρίθητε
3379 3806 3595 3877 τάξεως,
3641 3805 3790 3877 ἡμᾶς

2138 3902 2377 3976 σήμερον
2437 3898 2743 3974 ἀνακρίνειν
2800 3896 3028 3968 ε’ίλεσθε,
3086 3897 3214 3960 τοὺς
3257 3897 3344 3953 ἐπὶ
3391 3894 3669 3973 εὐεργεσίᾳ
3701 3894 3793 3949 ἆν-

2141 3991 2364 4066 θρώπου
2394 3988 2652 4053 ἀσθενοῦς
2714 3986 3150 4064 ὑπουργηκότας,
3206 3987 3298 4041 καὶ
3345 3984 3476 4061 οὐχὶ
3506 3984 3596 4040 ἀπ’
3626 3983 3793 4040 αὐτοῦ

2137 4084 2235 4136 τοῦ
2290 4076 2448 4154 ἔργον)
2509 4078 2646 4150 μετᾶ
2709 4080 2807 4134 τοῦ
2879 4076 3171 4149 θαυμάζειν
3231 4075 3321 4130 καὶ
3379 4075 3441 4130 τὸ
3499 4068 3795 4149 σεϐάσμιον

2141 4169 2331 4243 ἐκείνῳ
2360 4165 2714 4244 προσνέμετε,
2760 4167 2822 4222 οῦ
2873 4170 2952 4238 τῷ
3008 4164 3237 4237 ὀνόματι
3267 4165 3330 4220 τὸ
3359 4167 3608 4219 τοιοῦτον
3644 4159 3796 4237 ἐνήρ.

2139 4280 2300 4334 γηται
2335 4259 2555 4334 ἀγαθὸν,
2615 4255 2662 4312 εί
2720 4256 2808 4314 ἐπὶ
2865 4259 3121 4312 τοσοῦτον
3179 4255 3244 4310 τὸ
3294 4253 3628 4328 πλημμελὶς
3671 4254 3798 4327 ὑμῖν

2141 4349 2509 4427 περιγέγονεν,
2541 4347 2592 4402 τί
2619 4347 2683 4403 16
2741 4347 2847 4402 ἀπὸ
2903 4344 3082 4413 τοῦδε,
3141 4346 3176 4413 ἢ
3237 4346 3386 4418 ἡμᾶς
3419 4345 3557 4418 ὑμᾶς
3587 4339 3694 4400 ἔδει
3723 4345 3796 4406 ὡς

2143 4437 2204 4494 ἐκ
2252 4438 2426 4514 κάρου
2487 4436 2683 4514 βαθέος
2735 4436 3031 4508 ἐξανιστᾷν,
3093 4433 3357 4510 λέγοντας
3407 4434 3498 4490 καὶ
3547 4434 3677 4509 ὑμῖν
3709 4433 3800 4490 καὶ

2149 4533 2227 4600 τῷ
2253 4524 2438 4604 ὄχλῳ,
2472 4528 2544 4590 ὡς
2577 4527 2628 4582 ἐν
2659 4533 2740 4602 τῷ
2770 4527 2998 4600 ὀνόματι
3027 4527 3300 4599 το·5τῳ...;
3333 4527 3547 4597 Ὄνομα
3576 4529 3668 4581 νῦν
3699 4527 3798 4595 τὴν

394 4608 507 4666 hoc
529 4613 656 4671 loco
679 4618 1021 4689 opinionem
1056 4635 1187 4690 quas
1219 4617 1291 4673 de
1315 4635 1381 4674 eo
1413 4619 1664 4676 habetur
1695 4627 1752 4677 et
1773 4622 2021 4694 gloriam

2157 4615 2434 4689 ὑποληψιν
2470 4615 2645 4694 λὲγων
2674 4616 2760 4671 καὶ
2818 4617 2917 4685 τὴν
2975 4613 3151 4686 δόξαν.
3185 4617 3273 4678 Ὦς
3304 4616 3394 4671 καὶ
3421 4617 3452 4671 ὅ
3484 4613 3803 4689 Ψαλμῳδὸς

381 4705 886 4774 quemadmodum
940 4709 1122 4764 etiam
1180 4707 1673 4782 psalmographus
1734 4710 1872 4765 dum
1903 4711 2032 4768 ait:

384 4816 410 4843 ‹‹
446 4795 1015 4859 Quam’admirabile
1047 4804 1137 4855 est
1166 4815 1386 4854 nomen
1438 4804 1606 4856 tuum
1667 4800 1730 4856 in
1760 4801 2039 4858 universa

385 4883 607 4937 terra”
639 4882 650 4937 l
690 4905 715 4931 ››
748 4886 1120 4958 Quaeppinio
1164 4888 1311 4944 adeo
1343 4887 1475 4944 vilis
1509 4888 1666 4962 apud
1696 4906 1796 4945 vos
1827 4891 2040 4948 ell‘ecta

384 4977 494 5039 est,
526 4978 589 5027 ut
619 4989 738 5027 non
771 4973 963 5029 solum
1001 4977 1371 5032 venerandus
1428 4995 1550 5034 non
1595 4977 1673 5034 sit
1711 4980 2038 5052 judicatus,

378 5078 581 5119 verum
617 5063 794 5119 etiam
829 5066 1082 5135 eumqui
1117 5067 1231 5123 tale
1258 5084 1478 5125 nomen
1512 5069 1710 5138 habet,
1738 5070 2036 5127 maleﬁco-

382 5170 515 5210 rum
574 5154 751 5210 morti
789 5153 1194 5224 ‘subjeceritis.
1269 5159 1587 5214 Nazareum
1645 5166 1843 5216 autem
1902 5177 2038 5218 eum

378 5248 548 5299 vocat
577 5260 611 5299 a
645 5242 772 5299 loco
807 5243 868 5298 in
896 5260 1012 5315 quo
1046 5241 1216 5299 illum
1250 5261 1378 5301 esse
1411 5254 1616 5304 natum
1649 5249 2036 5322 suspicaban-

388 5335 519 5387 tur:
553 5338 614 5386 et
645 5332 740 5387 hic
763 5348 1001 5404 quoque
1023 5334 1082 5387 in
1107 5331 1527 5392 humilioribus
1545 5354 1676 5410 qum
1707 5338 1780 5394 de
1807 5337 2039 5395 Christo

384 5426 526 5475 sunt
544 5428 833 5489 versatur,
869 5429 933 5477 ut
963 5423 1339 5478 manifestius
1372 5425 1580 5481 reddat
1605 5427 1762 5500 quod
1820 5428 1920 5484 80
1950 5445 2042 5485 ve-

377 5527 460 5567 rae
490 5510 695 5584 glorias
733 5511 885 5568 nihil
915 5511 1140 5569 officiat
1177 5512 1432 5586 abjectio
1465 5532 1596 5588 qua:
1624 5522 1713 5573 est
1742 5518 1901 5592 aqud
1932 5519 2041 5576 bo-

449 5688 499 5728 δο
526 5689 681 5751 Psal.
736 5705 865 5760 vxn,
898 5695 984 5751 to.

2145 4706 2313 4776 ἡνίκα
2342 4705 2511 4781 λέγει·
2575 4731 2600 4759 ι(
2634 4706 2722 4768 Ὠς
2777 4707 3084 4780 θαυμαστὸν
3130 4706 3192 4761 16
3243 4705 3416 4782 ὄνομά
3445 4727 3542 4762 σου
3573 4705 3623 4761 ἐν
3654 4705 3802 4781 πάσῃ

2144 4799 2212 4871 τῇ
2273 4797 2446 4874 γῇι»
2501 4797 2660 4859 ’Ἠτις
2725 4792 3002 4870 ὑπόληψις
3051 4801 3310 4853 τοσοῦτον
3363 4799 3490 4872 παρ’
3544 4797 3670 4872 ὑμῖν
3714 4817 3806 4853 κε-

2151 4882 2481 4964 χυὸαίωται,
2508 4885 2585 4950 ὡς
2617 4886 2693 4958 μὴ
2757 4885 2921 4959 μόνον
2985 4887 3062 4960 μὴ
3120 4882 3414 4960 σεϐάσμιον
3458 4883 3627 4957 δόξαι,
3661 4883 3810 4941 ἀλλὰ

2147 4975 2239 5030 καὶ
2270 4975 2430 5032 αὐτὸν
2465 4976 2512 5049 ᾧ
2541 4981 2604 5032 16
2660 4972 2837 5050 ὄνομα
2893 4979 3173 5054 πρόσεστι,
3223 4981 3305 5050 τῷ
3360 4977 3681 5053 κακούργων
3712 4978 3811 5032 θα·

2148 5063 2295 5136 νάτῳ
2332 5059 2651 5122 ὑποϐαλεῖν.
2695 5069 3012 5142 Ναζωραῖον
3069 5063 3126 5122 δὲ
3165 5065 3271 5123 ἀπὸ
3301 5069 3399 5120 τοῦ
3427 5067 3600 5121 τόπου
3649 5063 3812 5122 καλεῖ

2147 5153 2238 5234 ἀφ’
2268 5151 2331 5209 οὗ
2360 5155 2605 5231 γενέσθαι
2653 5153 2811 5210 αὐτὸν
2871 5154 3174 5230 ὑποληψις,
3231 5161 3346 5217 τοῖς
3403 5154 3814 5229 ταπεινοτίροις

2148 5243 2415 5299 κάνταῦθα
2470 5243 2594 5318 περὶ
2650 5247 2889 5320 Χρ.στ(ῦ
2949 5239 3330 5320 ἐνδιατρίϐων,
3362 5245 3437 5307 ὡς
3483 5243 3544 5300 ἃν
3597 5243 3818 5321 ἑναργὶς

2148 5334 2426 5411 παράσχοι
2485 5333 2560 5396 ὡς
2618 5330 2746 5389 οὐδὲ
2802 5336 2837 5403 ὴ
2893 5333 3030 5390 κατὰ
3086 5333 3412 5410 ἀνθρώπους
3467 5331 3711 5389 εὐτέλεια
3745 5335 3816 5407 τῇ

2142 5427 2344 5496 ἄληθεῖ
2379 5423 2512 5501 δόξῃ
2575 5423 2925 5497 λυμανεῖται,
2965 5423 3026 5479 ἂν
3091 5425 3258 5496 μόνον
3313 5419 3608 5499 ὀξυδερκὴς
3638 5425 3667 5479 6
3697 5419 3820 5478 δια-

2153 5517 2371 5594 βλέπων
2497 5515 2591 5572 Διὸ
2631 5513 2723 5571 καὶ
2781 5515 2919 5591 πρὸς
2975 5514 3240 5595 αὶσχύνην
3277 5514 3458 5571 αὐτῶν
3487 5514 3637 5591 πρὸς
3667 5512 3763 5577 οὓς
3795 5514 3827 5571 6
