4136 6200
404 335 481 394 99
1529 319 1948 386 GECUMENII
1991 317 2302 382 TRICCE
2349 317 2732 384 EPISCOPI.

3717 329 3836 390 100

410 496 436 523 ‹‹
473 467 646 525 modo
678 466 813 523 illos
843 462 1125 537 punirent
1152 465 1396 534 propter
1415 461 1724 534 populum,
1745 459 1903 531 quod
1925 449 2044 514 cm-

2175 479 2199 511 α
2229 459 2320 512 καὶ
2352 454 2690 533 ἠκούσαμεν,
2728 455 2804 531 μή
2853 453 3068 517 λαλεῖν.
3129 457 3197 519 Οἳ
3257 455 3315 517 δὲ
3371 459 3836 535 προσαπειλησά-

473 576 578 614 nes
607 556 1006 627 glorificarent
1037 552 1216 605 Deum
1251 567 1428 622 super
1459 568 1526 606 eo
1546 551 1706 622 quod
1737 549 2051 605 acciderat.

408 676 432 700 ι(
467 652 603 703 Erat
660 646 818 699 enim
884 643 1016 714 plus
1077 657 1255 712 quam
1320 641 1710 713 quadraginta
1762 654 2055 694 annorum

407 761 434 789 «
466 738 638 790 homo
663 734 723 787 in
755 750 870 804 quo
901 731 1125 786 editum
1159 737 1285 785 erat
1316 731 1544 803 signum
1563 730 1676 784 hoc
1702 728 2051 784 sanationis.

408 846 434 874 «
469 822 705 878 Dimissi
734 827 932 876 autem
964 824 1252 874 venerunt
1281 819 1356 874 ad
1388 837 1547 876 suos.
1583 839 1609 868 ››

471 1090 617 1144 Cum
648 1105 682 1144 a
712 1089 1009 1161 prioribus
1067 1086 1490 1142 afﬂictionibus
1545 1085 1812 1140 nondum
1861 1083 2050 1154 respi-

403 1186 633 1234 rassent
659 1178 932 1249 apostoli,
967 1177 1409 1247 dispensatione
1433 1175 1685 1247 quadam
1712 1175 1772 1228 in
1794 1173 1940 1228 alias
1962 1171 2054 1227 in-

405 1269 701 1323 cidebant.
739 1266 1038 1338 Siquidem
1074 1265 1350 1335 primum.
1387 1262 1732 1319 subsannati
1763 1268 2051 1316 suntom-

405 1375 512 1413 nes
536 1365 815 1428 tanquam
839 1355 1006 1416 ebrii,
1034 1354 1232 1408 habita
1254 1353 1589 1424 suspicione
1611 1352 1684 1407 ob
1719 1350 2047 1407 efﬁcaciam

410 1447 740 1519 ignotarum
774 1445 893 1499 illis
924 1444 1284 1514 linguarum.
1329 1442 1617 1500 Secundo.
1669 1441 1730 1495 in
1781 1440 2050 1512 pericula

406 1532 695 1587 incidunt.
731 1533 861 1586 Haec
893 1537 1091 1586 tamen
1127 1549 1242 1586 non
1275 1548 1404 1586 sese
1427 1531 1627 1586 statim
1665 1529 2050 1600 subsequun-

399 1625 509 1674 tur.
551 1621 650 1675 38
678 1621 779 1674 sed
812 1621 1068 1691 primum
1102 1620 1486 1676 concionibus
1517 1619 1834 1675 collaudati
1858 1624 1917 1672 et
1946 1633 2052 1688 per

399 1706 593 1761 claudi
640 1708 992 1762 miraculum
1055 1708 1127 1762 ad
1195 1707 1432 1762 dicendi
1491 1707 1830 1763 libertatem
1888 1705 2049 1760 velut

396 1797 720 1860 exercitati,
757 1798 873 1852 Deo
905 1797 1276 1868 potissimum
1313 1797 1713 1868 permittente,
1747 1795 1884 1850 hinc
1916 1809 2046 1848 cer-

395 1886 716 1940 taminibus
749 1892 1087 1957 tanguntur.
1121 1888 1202 1941 Tu
1233 1903 1365 1940 vero
1404 1886 1741 1941 Iudaeorum
1798 1884 2043 1940 technas

395 1975 703 2045 malosque
736 1976 900 2029 nisus
935 1976 1074 2030 hinc
1117 1975 1262 2029 mihi
1312 1975 1641 2030 considera.
1691 1977 1755 2028 In
1809 1973 2041 2028 Christo

397 2064 555 2116 enim
579 2063 924 2133 quaerebant
948 2065 1046 2134 qui
1081 2080 1212 2118 eum
1241 2064 1520 2130 traderet,
1553 2064 1648 2119 hic
1673 2069 1871 2118 autem
1897 2060 2039 2134 ipsi-

396 2154 814 2223 metinjiciunt
846 2173 1076 2210 manus.
1113 2155 1575 2210 confidentiores
1599 2157 1725 2227 jam
1759 2171 1826 2210 ac
1857 2152 2040 2208 auda-

394 2242 584 2296 ciores
609 2249 742 2313 post
763 2261 995 2299 crucem
1022 2244 1237 2312 efTecti,
1278 2261 1411 2299 cum
1449 2244 1626 2299 etiam
1657 2242 1861 2314 templi
1893 2241 2042 2296 duce

396 2330 469 2385 ad
501 2334 883 2388 temerarium
917 2333 1146 2388 facinus
1176 2335 1267 2388 usi
1304 2333 1442 2400 sint,
1477 2333 1550 2388 ad
1592 2332 1895 2404 publicum
1927 2330 2044 2386 cri-

397 2435 535 2473 men
567 2420 722 2477 facta
753 2423 1135 2490 invertentes,
1186 2428 1244 2477 et
1295 2439 1415 2477 non
1463 2422 1536 2478 ad
1591 2422 1847 2493 privatas
1891 2419 2042 2474 ulci-

397 2509 683 2567 scendum
710 2512 981 2583 injurias,
1005 2519 1180 2585 prout
1206 2513 1324 2568 illis
1355 2514 1534 2568 moris
1559 2519 1703 2568 erat.
1729 2513 1929 2583 Neque
1948 2526 2039 2564 re-

396 2603 490 2654 cta
546 2602 621 2656 ad
680 2603 1104 2658 incurrendum
1161 2603 1222 2657 in
1281 2603 1583 2675 apostolos
1642 2601 2041 2681 tetenderunt,

394 2705 613 2761 nempe
644 2698 957 2765 appetente
1007 2709 1290 2764 vespera:
1347 2709 1478 2763 quas
1533 2691 1750 2747 Judmis
1802 2689 2043 2761 quidem

392 2777 535 2832 favit
565 2787 632 2834 ut
663 2781 737 2837 ad
773 2781 960 2838 malos
1005 2788 1252 2837 conatus
1301 2781 1585 2853 temporis
1644 2780 1832 2852 spatio
1873 2779 2042 2852 juva-

395 2877 626 2941 rentur,
662 2876 723 2930 in
749 2882 973 2930 metum
1001 2873 1376 2945 conjiciendo
1398 2873 1698 2946 apostolos
1724 2889 1829 2946 per
1855 2877 2044 2928 custo-

399 2957 581 3022 diam.
617 2969 675 3018 et
715 2964 855 3020 hinc
916 2964 1186 3020 emollire
1240 2981 1340 3019 eos
1397 2963 1637 3036 provide
1695 2961 2042 3036 cogitando:

399 3053 686 3118 apostolis
715 3071 852 3110 vero
892 3071 1060 3110 mora
1114 3054 1215 3109 Dei
1273 3053 1716 3126 dispensatione
1772 3050 2047 3107 ordinata

400 3142 509 3194 est.
545 3145 612 3194 ut
644 3143 856 3197 ﬁerent
883 3143 1284 3198 audentiores.
1313 3143 1588 3208 Quinimo
1613 3159 1810 3198 coram
1842 3141 2048 3197 multi—

395 3224 610 3284 tudine
643 3247 744 3286 eos
775 3231 1054 3297 vinxisse,
1088 3231 1239 3286 clam
1272 3249 1405 3286 vero
1433 3233 1793 3299 examinare,
1827 3230 2044 3287 summi

333 3339 336 3341 λ
370 3310 519 3369 ‘doli
546 3325 704 3386 erat;
728 3336 842 3389 quo
867 3325 1159 3372 terrerent
1186 3320 1414 3388 eos,qui
1434 3337 1630 3375 coram
1661 3320 2044 3376 multitudine

393 3402 783 3470 vincirentur,
814 3413 872 3460 et
901 3407 1010 3461 sub
1043 3405 1327 3459 tribunali
1359 3409 1862 3474 examinarentur,
1883 3409 2048 3462 vide-

396 3491 540 3546 licet
569 3500 854 3564 tanquam
916 3501 1420 3564 transgressores;
1482 3495 1728 3548 seorsim
1785 3512 1920 3549 vero
1971 3511 2044 3548 ne

397 3579 634 3636 dicendi
659 3582 1323 3654 libertate.spectatores
1341 3581 1496 3650 quod
1522 3582 1724 3636 sanius
1747 3589 1836 3636 est
1865 3582 2046 3654 elige-

396 3675 553 3733 rent,
587 3671 764 3726 etiam
793 3670 865 3725 ob
898 3686 1100 3725 eorum
1132 3669 1231 3740 qui
1264 3670 1747 3725 examinarentur
1788 3670 2044 3726 admira-

400 3757 625 3816 tionem
649 3778 715 3816 ac
748 3759 1122 3816 miraculum.
1157 3759 1269 3812 Per
1299 3774 1477 3827 quam
1509 3776 1642 3814 vero
1669 3765 2042 3831 potestatem,

399 3865 742 3922 quanquam
778 3849 1051 3913 scientes,
1086 3847 1457 3917 interrogant
1513 3848 1830 3919 (quomodo
1883 3849 2042 3904 enim

395 3939 671 4010 ignorare
686 3944 975 4010 poterant,
999 3937 1097 4009 qui
1114 3943 1425 4009 propterea
1439 3953 1540 3992 eos
1556 3943 1870 3993 tenuerant
1885 3936 2043 4009 quod

397 4027 611 4086 Christi
645 4028 1139 4084 resurreCIionem
1173 4027 1601 4082 annuntiarent
1620 4027 1669 4099 ?)
1701 4027 2041 4083 existiman-

396 4125 486 4177 tes
515 4138 616 4178 eos
647 4121 854 4177 timore
886 4117 1201 4173 tribunalis
1234 4123 1549 4188 negaturos
1578 4134 1589 4173 :
1641 4123 1697 4172 et.
1727 4117 1917 4188 quasi,
1954 4117 2043 4189 ip-

396 4212 477 4273 sis
508 4214 588 4270 ita
619 4209 1142 4283 interrogantibus.
1179 4207 1471 4279 negotiam
1504 4223 1682 4263 omne
1723 4224 2039 4263 successu-

392 4322 525 4366 rum
561 4311 733 4363 esset.
772 4327 794 4353 σ
823 4300 1068 4358 Fecistis
1106 4323 1130 4348 η
1160 4303 1356 4353 autem
1399 4298 1626 4365 dicunt,
1661 4299 2043 4369 nempe.Qua

397 4405 686 4476 potestate
717 4391 959 4458 fecistis,
995 4398 1276 4462 tanquam
1312 4387 1598 4459 ipsorum,
1655 4403 1776 4444 non
1826 4387 2042 4443 Christi

394 4497 685 4565 potestate
712 4490 1013 4562 peractum
1046 4486 1224 4538 esset.
1288 4478 1396 4533 Sed
1437 4493 1632 4548 neque
1686 4478 2041 4534 nominatim

2163 570 2192 598 ‹‹
2229 567 2381 614 μενοι
2413 546 2686 603 ἀπέλυσαν
2720 547 2938 614 αὐτοὺς,
2977 547 3145 626 μηδὲν
3175 549 3539 626 εύρίσκοντες,
3581 553 3667 616 τὸ.
3711 557 3831 618 πῶς

2164 659 2192 686 ‹‹
2223 632 2569 692 κολάσωνται
2599 635 2798 706 αὐτοὺς
2831 635 2919 692 διὰ
2950 640 3042 694 τὸν
3072 637 3225 706 λαὸν,
3261 641 3346 696 δτι
3397 643 3592 703 πάντες
3638 638 3829 711 ἐδόξα-

2163 731 2317 797 «ζον
2348 729 2440 783 τὸν
2481 727 2613 784 Θεὸν
2643 726 2732 784 ἐπὶ
2789 730 3058 805 γεγονότι.
3119 732 3288 788 Ἐτῶν
3341 731 3444 807 γὰρ
3501 733 3569 802 ἦν
3629 731 3825 789 πλειό-

2165 838 2193 866 ‹‹
2223 837 2328 870 νων
2359 817 2756 889 τεσσαράκοντα
2789 818 2817 874 ὁ
2850 819 3163 893 ἅνθρωπος,
3214 818 3296 898 ἐφ’
3351 820 3409 876 δν
3467 821 3706 896 ἐγεγόνει
3762 824 3826 878 τὸ

2163 928 2191 956 ‹‹
2225 910 2454 977 σημεῖον
2483 910 2645 961 τοῦτο
2669 914 2770 977 τῆς
2812 906 3027 971 ἰάσεως.
3081 907 3476 974 ’Δπολυθέντες
3535 908 3592 965 δὲ
3646 910 3824 982 ἦλθον

2167 1013 2189 1042 ι
2221 994 2359 1068 πρὸς
2381 991 2510 1055 τοὺς
2542 991 2739 1058 ΐδίους.
2775 1018 2804 1048 ››

2229 1082 2399 1138 Ούπω
2437 1087 2547 1138 τῶν
2608 1085 2887 1158 προτέρων
2946 1085 3364 1143 ἀναπευσάντων
3423 1093 3533 1143 τῶν
3593 1087 3829 1145 ἆποστό·

2159 1168 2270 1225 λων
2302 1175 2640 1244 πειρασμῶν,
2689 1172 2766 1235 είς
2816 1173 3032 1249 ἑτέρους
3092 1170 3372 1232 ὶνέϐαινον
3431 1176 3827 1251 ο”κονομικῶς.

2160 1264 2381 1336 Πρῶτον
2440 1263 2535 1336 μὲν
2590 1265 2694 1340 γάρ
2753 1261 3165 1340 ἐχλευάσθησαν
3228 1267 3307 1330 εῗς
3381 1266 3551 1342 μέθην
3609 1270 3826 1341 πάντες,

2161 1350 2577 1416 ὑποπτευθέντες
2628 1355 2728 1424 τήν
2785 1359 2894 1410 τῶν
2956 1357 3248 1432 ἀγνώστων
3305 1357 3495 1421 αὐτοῖς
3553 1358 3828 1434 γλωσσῶν

2159 1439 2452 1518 ἐνέργειαν.
2488 1445 2766 1520 Δεύτερον,
2800 1442 2877 1507 εἰς
2933 1443 3221 1511 κινδύνους
3275 1442 3650 1523 ὲμὸαίνουσιν.
3710 1448 3829 1508 Οὐκ

2159 1528 2349 1609 ἐφεξῆς
2408 1529 2464 1588 δὲ
2519 1536 2710 1603 ταῦτα,
2769 1533 2915 1590 ἀλλὰ
2971 1541 3191 1611 πρῶτον
3248 1543 3373 1603 ταῖς
3445 1536 3826 1616 δημηγορίαις

2157 1636 2642 1714 εὐδοκιμήσαντες,
2700 1642 2791 1697 καὶ
2873 1643 3039 1698 οἱονεὶ
3127 1643 3599 1721 ἑγγυμνασάμενοι
3683 1647 3826 1722 πρὸς

2157 1727 2461 1804 παρρησίαν
2504 1726 2593 1784 διὰ
2645 1735 2744 1786 τοῦ
2802 1733 3085 1805 θαύματος
3141 1737 3239 1788 τοῦ
3298 1734 3516 1810 χωλοῦ,
3581 1733 3823 1809 μάλιστα

2158 1822 2292 1872 Θεοῦ
2332 1821 2824 1897 συγχωρήσαντος,
2891 1823 2954 1877 τὸ
3011 1821 3248 1878 ἐντεῦθεν
3307 1828 3416 1879 τῶν
3475 1822 3707 1902 ἀγώνων
3757 1823 3821 1883 ἇ-

2150 1927 2395 1964 πτονται.
2431 1908 2632 1962 Σκόπει
2663 1906 2722 1964 δέ
2753 1930 2849 1982 μοι
2909 1909 3148 1967 ἐντεῦθεν
3207 1913 3308 1981 τήν
3365 1917 3479 1968 τῶν
3541 1911 3826 1970 Ἰουδαίων

2151 1996 2705 2070 κακοπραγμοσύνην.
2768 1997 2889 2054 Ἐπὶ
2958 2000 3052 2071 μὲν
3109 2001 3211 2076 γάρ
3270 2005 3368 2057 τοῦ
3424 2002 3668 2078 Χριστοῦ
3723 2003 3819 2060 τὸν

2153 2082 2548 2158 παραδώσοντα
2578 2086 2738 2142 αὐτὸν
2797 2085 3052 2159 ἐζήνουν,
3112 2088 3339 2146 ἐνταῦθα
3397 2088 3456 2146 δὲ
3509 2091 3669 2147 αὐτοὶ
3721 2091 3821 2157 τὰς

2153 2180 2344 2253 χεῖρας
2388 2169 2776 2248 ἐπιϐάλλουσι,
2835 2177 3157 2255 θρασύτεροι
3211 2179 3303 2235 ναὶ
3360 2180 3667 2254 τολμητίαι
3717 2203 3821 2238 κα-

2151 2264 2437 2326 ταστάντες
2468 2263 2665 2321 λοιπὸν
2698 2267 2836 2340 μετὰ
2862 2268 2953 2323 τὸν
2994 2272 3247 2342 σταυρόν.
3299 2269 3422 2348 Ἀφ’
3476 2269 3538 2325 οὗ
3592 2271 3684 2327 καὶ
3739 2277 3822 2346 τῷ

2152 2359 2444 2430 στρατηγῷ
2473 2359 2570 2410 τοῦ
2603 2357 2754 2429 ἱεροῦ
2784 2357 2922 2430 πρὸς
2949 2358 3050 2425 τήν
3083 2357 3302 2432 τόλμην
3353 2359 3686 2437 ἐχρήσαντο,
3739 2361 3820 2424 εἷς

2154 2457 2422 2533 δημόσιον
2451 2460 2723 2538 ἔγκλημα,
2767 2463 2857 2520 καὶ
2916 2463 3016 2520 ούκ
3068 2462 3370 2535 ἰδιωτικὸν,
3429 2467 3498 2522 τά
3553 2467 3817 2545 γενόμενα

2157 2550 2600 2625 μετατρέποντες,
2634 2556 2709 2618 ὡς
2767 2551 2888 2618 ἔθος
2945 2557 3152 2623 αὐτοῖς.
3208 2559 3330 2616 Ούκ
3385 2559 3696 2639 ἐχρήσαντο
3757 2557 3817 2614 δὲ

2152 2641 2388 2716 παρευθὺ
2463 2646 2531 2716 τῇ
2616 2644 2755 2700 κατὰ
2835 2650 2943 2700 τῶν
3031 2646 3355 2704 ἀποστόλων
3439 2649 3810 2716 ἆπισυστάσει,

2153 2730 2382 2808 ἑσπέρας
2413 2732 2572 2804 δῆθεν
2604 2731 3000 2810 ἐπιλαϐούσης.
3062 2740 3160 2795 Καὶ
3200 2746 3320 2806 τοῖς
3370 2740 3659 2805 Ἰουδαίοις
3717 2743 3813 2816 μὶν

2154 2821 2241 2878 ἐπὶ
2271 2826 2567 2912 κακουργίᾳ
2597 2829 2908 2902 χρησασθαι
2965 2833 3036 2905 τῇ
3095 2829 3373 2912 ἐκεχειρία
3433 2833 3690 2908 ὑπῆρξεν,
3733 2833 3814 2898 εἷς

2153 2914 2322 2969 πτόαν
2351 2909 2694 2988 ἐμϐάλλουαι
2728 2915 2818 2973 διὰ
2843 2922 2944 2984 τῆς
2994 2909 3271 2998 φυλακῆς,
3329 2923 3417 2978 καὶ
3473 2923 3646 3000 ταύτῃ
3705 2944 3817 2996 μα-

2155 3000 2313 3073 λάξαι
2340 3005 2536 3067 αὐτοὺς
2566 3012 3051 3082 προμηθουμένοις
3124 3017 3249 3074 Τοῖς
3304 3012 3637 3078 ἀποστόλοις
3685 3010 3745 3070 δὲ
3774 3016 3814 3084 ἡ

2155 3090 2400 3164 ἀναϐολή
2432 3095 2570 3169 πρὸς
2607 3097 2672 3152 τὸ
2729 3096 3087 3175 θρασυτέρους
3143 3101 3387 3176 γενέσθαι
3447 3101 3814 3176 ᾠκονομῆθη.

2078 3200 2120 3267 C
2155 3184 2334 3242 Ἀλλὰ
2358 3207 2420 3263 γε
2453 3183 2518 3256 δὴ
2551 3187 2640 3242 καὶ
2671 3189 2734 3244 τὸ
2763 3185 2994 3245 ἐνώπιον
3031 3192 3127 3264 μὲν
3177 3196 3277 3248 τοῦ
3307 3191 3556 3265 πλήθους
3605 3190 3814 3268 δεσμῆ-

2153 3296 2264 3345 σαι,
2307 3274 2583 3349 λαθραίως
2615 3277 2666 3333 εὶ
2696 3278 2997 3354 ἀνακρῖναι,
3037 3287 3141 3350 τῆς
3202 3280 3372 3353 ἄκρας
3427 3283 3495 3352 ἦν
3553 3279 3812 3354 δολιότη·

2150 3383 2264 3426 τος,
2296 3360 2607 3441 φοϐούντων
2671 3367 2765 3441 μὲν
2821 3367 2949 3430 τοὺς
3005 3366 3417 3444 δεσμουμένους
3471 3376 3810 3429 κατενώπιον

2149 3454 2247 3504 τοῦ
2279 3450 2548 3522 πλήθους,
2607 3453 2905 3523 ἐταζόντων
2965 3454 3024 3512 δὲ
3083 3459 3189 3514 ὑπὸ
3248 3456 3585 3535 δικαστηρίῳ
3644 3461 3807 3533 δῆθεν

2151 3553 2226 3617 ὡς
2262 3562 2733 3629 παρανομοῦντας·
2766 3563 2886 3616 κατ’
2917 3561 3057 3619 ἰδίαν
3105 3562 3184 3635 δὲ,
3214 3569 3295 3639 τῷ
3348 3569 3425 3641 μή
3469 3572 3538 3635 τῆ
3595 3570 3808 3626 τούτων

2148 3643 2428 3719 παρρησίᾳ
2455 3646 2582 3707 τοὺς
2613 3649 2800 3711 θεατὰς
2849 3650 2914 3706 τὸ
2974 3650 3192 3727 βέλτιον
3248 3653 3488 3729 ἑλέσθαι,
3544 3658 3634 3712 καὶ
3696 3658 3803 3714 ὑπὸ

2151 3731 2383 3804 θαύματι
2410 3739 2516 3789 τῶν
2550 3732 2912 3810 ἐταζομένων.
2947 3743 3036 3798 Ἐν
3097 3743 3232 3818 ποίᾳ
3290 3744 3347 3800 δὲ
3405 3743 3629 3820 δυνάμει
3686 3748 3798 3802 καί·

2147 3843 2232 3877 τοι
2265 3823 2468 3887 εἰδότες
2495 3823 2738 3900 ἐρωτῶσι
2773 3833 2913 3899 (πῶς
2961 3832 3066 3910 γὰρ
3125 3833 3226 3890 οὐκ
3264 3833 3468 3900 εἰδότες
3506 3838 3556 3892 οἱ
3599 3834 3691 3892 διὰ
3736 3837 3799 3892 τὸ

2148 3912 2539 3989 καταγγέλλειν
2592 3919 2690 3970 τοῦ
2739 3918 2975 3993 Χριστοῦ
3029 3924 3129 3991 τήν
3214 3925 3502 3982 ἀνάστασιν
3551 3926 3811 4002 κατέχον-

2145 4023 2233 4064 τες
2287 4004 2486 4068 αύτούς
2524 4011 2584 4074 ;).
2647 4007 2893 4081 οῗόμενοι
2972 4017 3052 4084 τῷ
3098 4011 3204 4070 δίει
3287 4020 3386 4071 τοῦ
3447 4015 3807 4091 δικαστηρίου

2148 4091 2398 4168 ἐξάρνους
2433 4091 2628 4156 αὸτούς
2652 4099 2918 4174 γενέσθαι,
2947 4101 3037 4156 καὶ
3093 4105 3156 4159 τὸ
3204 4112 3308 4160 πᾶν
3377 4105 3570 4169 αὐτοῖς
3630 4106 3806 4170 οὓτως

2148 4200 2393 4277 ἐρωτῶσι
2425 4201 2513 4259 διὰ
2561 4203 2756 4261 τούτου
2818 4208 3070 4287 ὑπάρξαι.
3105 4231 3131 4258 α
3158 4214 3510 4285 Ἐποιήσατε,
3549 4241 3570 4267 ι
3607 4213 3665 4271 δέ
3712 4234 3811 4294 φα-

2147 4312 2256 4360 σιν,
2288 4292 2431 4359 οἷον⁹
2465 4293 2605 4366 Ποίᾳ
2635 4293 2858 4370 δυνάμει
2890 4295 3200 4370 ἐποιήσατε,
3236 4302 3311 4365 ὡς
3356 4302 3560 4374 αὐτῶν,
3611 4306 3674 4360 οὗ
3703 4292 3804 4360 τοῦ

2148 4382 2386 4454 Χριστοῦ
2439 4386 2510 4457 τῇ
2566 4380 2792 4459 δυνάμει
2850 4392 2947 4443 τοῦ
3005 4387 3402 4466 ἐνηργημένου.
3459 4391 3613 4450 Ἀλλ’
3671 4390 3804 4450 οὐδὲ

2150 4470 2410 4543 ὀνομαστὶ
2467 4477 2565 4528 τοῦ
2632 4473 2832 4553 χωλοῦ
2913 4476 3134 4556 ἔφασαν.
3223 4483 3614 4558 Ἀπεπνίγοντο
3696 4486 3802 4560 γὰρ

391 4561 670 4639 claudum
705 4580 1022 4635 dixerunt:
1058 4589 1126 4628 ex
1157 4572 1268 4626 hoc
1314 4567 1472 4624 enim
1535 4567 1682 4622 adeo
1743 4567 2041 4636 angeban-

2155 4561 2332 4633 τούτῳ
2389 4561 2466 4623 ὡς
2530 4561 2660 4635 μηδ’
2718 4565 2987 4640 ὀνομάσαι
3073 4567 3278 4626 ὶθὲλειν
3336 4572 3437 4641 τὴν
3492 4574 3804 4648 θεραπείαν.

396 4676 509 4736 tur,
539 4680 604 4728 ut
626 4687 819 4742 neque
842 4684 1045 4724 curam
1072 4662 1377 4721 nominare
1400 4656 1778 4712 vellent.Ideo
1803 4673 2042 4728 respon-

393 4760 480 4817 dit
509 4765 716 4817 Petrus
747 4777 761 4816 :
797 4760 1042 4814 Nomine
1073 4757 1207 4812 Jesu
1241 4748 1456 4808 Christi
1510 4746 1812 4810 Nazareni,
1865 4762 2042 4817 quem

391 4869 491 4908 vos
526 4848 926 4912 crucifixistis,
961 4863 1096 4903 cum
1128 4845 1362 4918 abjecta
1392 4837 1583 4913 patria
1614 4843 1673 4893 et
1700 4836 2042 4909 passionem

391 4943 598 5000 dicens
621 4931 1646 4994 et1'esurrectionem.Praedicamus,
1681 4926 1896 4998 inquit.
1930 4927 2040 4982 hu-

392 5036 582 5090 milia.
615 5034 857 5103 propter
879 5025 1153 5082 eximiam
1181 5020 1676 5080 resurrectionem
1694 5017 2042 5092 gloriantes.

400 5127 504 5183 Ubi
541 5129 738 5178 autem
773 5119 864 5174 his
896 5115 1272 5172 sermonibus
1305 5131 1406 5169 eos
1427 5107 2043 5179 stimulasset,adjun-

392 5218 475 5290 git
507 5215 682 5270 etiam
735 5227 866 5283 qua:
898 5225 932 5263 a
963 5205 1264 5276 Scriptura
1323 5208 1482 5269 sunt,
1532 5200 1790 5273 lapidem
1840 5198 2045 5254 dicens

391 5307 761 5380 angularem,
798 5308 854 5357 et
885 5301 931 5355 si
967 5295 1109 5371 quid
1169 5303 1345 5352 antea
1404 5293 1476 5348 de
1537 5292 1646 5348 hac
1712 5309 1775 5348 re
1808 5309 1842 5349 a
1870 5294 2046 5353 nobis

390 5401 705 5452 tractatum
736 5399 844 5448 est.
880 5387 1207 5446 Considera
1233 5401 1365 5439 vero
1390 5382 1549 5453 quod
1574 5382 1676 5436 ubi
1706 5382 1920 5440 docere
1949 5403 2048 5460 op-

390 5493 713 5561 portunum
743 5481 1033 5549 est,etialn
1060 5474 1400 5551 prophetias
1420 5471 1738 5528 adducunt.
1767 5474 1866 5530 30
1891 5482 1954 5530 ut
1984 5477 2046 5533 in

393 5576 579 5652 priori
607 5574 926 5630 concione:
949 5568 1188 5642 quando
1210 5573 1410 5623 autem
1437 5563 1627 5619 solum
1653 5561 1839 5652 libere
1858 5565 2045 5638 loqui,

390 5650 755 5728 sententiam
783 5665 1021 5723 ferunt:
1056 5663 1257 5734 Neque
1291 5655 1452 5714 enim
1483 5658 1571 5712 est
1617 5650 1780 5710 aliud
1828 5671 2048 5717 nomen

2151 4650 2349 4724 Διόπερ
2380 4651 2409 4705 ὁ
2461 4649 2686 4722 Πέτρος,
2736 4656 2834 4728 Τῷ
2887 4655 3116 4730 ὀνόματι
3175 4659 3358 4731 Ἰησοῦ
3405 4665 3651 4737 Χριστοῦ
3705 4664 3806 4716 τοῦ

2151 4739 2578 4813 Ναζωραίου,ὂν
2640 4741 2796 4815 ὑμεῖς
2855 4743 3248 4823 ἐσταυρώσατε,
3301 4748 3648 4825 ἀπεκρίνατο,
3709 4748 3804 4805 σὺν

2150 4849 2218 4921 τῇ
2272 4847 2485 4903 εὐτελεῖ
2538 4849 2758 4924 πατρίδι
2815 4852 2904 4908 καὶ
2961 4855 3026 4911 τὸ
3080 4859 3252 4921 πάθος
3310 4857 3477 4914 είπὼν
3555 4858 3645 4913 καὶ
3700 4859 3806 4929 τὴν

2151 4936 2454 4997 ἀνάστασιν.
2510 4939 2873 5014 Κηρύττομεν
2929 4944 2995 5000 τὰ
3050 4947 3280 5003 ταπεινά
3337 4943 3428 5003 διὰ
3479 4951 3578 5004 τοῦ
3635 4947 3808 5022 ὑπερ-

2151 5030 2318 5102 φυοῦς
2347 5033 2445 5095 τῆς
2478 5027 2816 5093 ἀναστάσεως
2871 5029 3345 5108 ἐμπῦμπεύοντὲς.
3401 5037 3633 5098 Τούτοις
3685 5039 3806 5099 τοῖς

2151 5113 2345 5191 λόγοις
2375 5111 2584 5188 πλήξας
2612 5119 2833 5191 αὖτοὺς,
2883 5125 3212 5198 προστίθησι
3269 5125 3358 5180 καὶ
3413 5124 3482 5181 τὰ
3536 5125 3646 5180 ἀπὸ
3700 5127 3805 5195 τῆς

2154 5209 2396 5284 Γραφῆς.
2434 5207 2527 5261 τὸν
2558 5205 2711 5263 λίθον
2746 5211 2892 5288 φημὶ
2938 5213 3031 5268 τὸν
3086 5213 3504 5290 ἀκρογωνιαῖον,
3551 5213 3641 5270 καὶ
3673 5212 3727 5269 εἶ
3749 5233 3807 5268 τι

2153 5297 2275 5369 περί
2301 5295 2497 5352 τούτου
2529 5297 3144 5376 προδιείληπταιήμῖν.
3199 5305 3402 5360 Σκόπει
3453 5301 3532 5373 δὲ,
3585 5303 3668 5359 ὅτι
3717 5302 3811 5358 ὅτε

2158 5386 2251 5460 μὶν
2283 5382 2494 5458 δπδίξαι
2526 5389 2730 5464 ἐχρῆν,
2769 5395 2859 5448 καὶ
2923 5395 3260 5473 προφητείας
3313 5395 3648 5469 προάγουσιν
3729 5394 3809 5457 ὡς

2154 5475 2242 5532 ἐπὶ
2301 5484 2394 5546 τῆς
2452 5480 2676 5550 πρώτης
2734 5479 3108 5559 δημηγορίας,
3172 5485 3262 5540 ὅτε
3321 5483 3377 5540 δὲ
3430 5484 3809 5560 παῤῥησιάσα-

2160 5569 2279 5624 σθαι
2341 5569 2534 5644 μόνον,
2589 5571 3002 5649 ἀποφαίνονται.
3060 5572 3199 5634 Οὔτε
3255 5578 3356 5654 γάρ
3410 5575 3553 5632 ἐστιν
3623 5571 3809 5650 ἕτερον

2156 5653 2354 5736 ὄνομα,
2386 5660 2542 5740 φησὶ,
2588 5663 2650 5719 τὸ
2710 5659 3023 5741 δεδομένον.
3083 5663 3186 5727 Καὶ
3237 5665 3294 5725 τί
3347 5670 3534 5737 τοῦτο,
3590 5662 3808 5744 εἴρηται
