4134 6196
267 374 374 434 101

1246 370 1649 438 CONMENT.
1697 346 1785 434 mi
1831 351 2038 434 ACTA
2081 351 2696 441 APOSTOLORUM.

3569 391 3683 449 102

267 503 396 576 ἤδη.
430 503 575 579 Πρός
603 501 842 563 Πιλᾶτον
896 500 954 562 δι
986 506 1088 562 οῦκ
1141 503 1335 582 ἄγουσι
1388 506 1517 570 τοὺς
1556 505 1764 562 ἀποστό
1791 504 1923 567 λους

2058 505 2710 582 latum,inquit.thuid
2733 513 2843 571 hoc
2866 511 3084 585 sitjam
3110 513 3330 573 dictum
3356 519 3686 580 estVerum

278 596 347 656 ὡς
376 596 467 650 τὸν
497 596 753 667 Χριστὸν,
803 593 929 651 ἀλλ’
982 597 1135 652 αὐτοὶ
1193 595 1495 672 κρίνουσιν,
1528 596 1915 675 αἰσχυνόμενοι

277 685 362 740 καὶ
417 684 827 759 ἐρυθριάζοντες
877 685 944 740 τὰ
995 687 1282 760 πρότερον,
1342 686 1431 741 καὶ
1485 684 1786 749 δεδοικότες
1845 685 1920 757 μή

279 775 380 849 ἀπο
411 773 619 829 τούτων
651 774 743 829 καὶ
778 775 908 848 ὑπὲρ
941 773 1144 831 ἐκείνου
1176 774 1511 850 ἐγκληθῶσι.

345 978 372 1005 ‹‹
402 951 507 1008 Καὶ
565 953 903 1026 ἀπήγγειλαν
963 953 1062 1008 ὅσα
1117 953 1255 1029 πρὸς
1306 954 1504 1014 αὐτοὺς
1555 950 1606 1007 δὶ
1653 953 1928 1028 ἀρχιερεῖς

280 1069 308 1097 ιι
336 1046 426 1100 καὶ
457 1047 510 1100 οἱ
547 1041 905 1122 πρεσϐύτεροι
963 1046 1136 1104 εἷπον.
1198 1045 1262 1098 Ol.
1321 1041 1377 1100 δὲ
1423 1043 1743 1104 ἀκούσαντες
1791 1042 1927 1115 ὁμο-

283 1160 304 1191 ι
337 1133 579 1211 θυμαὸὸν
634 1137 772 1209 ἦραν
827 1138 1012 1214 φωνὴν
1071 1136 1206 1212 πρὸς
1266 1135 1359 1190 τὸν
1418 1135 1549 1190 Θεὸν
1595 1134 1684 1188 καὶ
1718 1133 1865 1188 εἶπον
1901 1152 1926 1183 ν

278 1226 422 1305 (οὐχὶ
477 1226 801 1303 φιλοτιμίας
847 1223 1020 1281 ἵνεκεν
1072 1223 1412 1301 διηγοῦνται,
1467 1223 1614 1279 ἀλλὰ
1668 1229 1769 1293 τῆς
1806 1226 1933 1296 Χρι-

277 1321 402 1370 στοῦ
458 1316 689 1390 χάριτος
773 1317 840 1369 τα
911 1316 1184 1387 τεκμήρια
1269 1311 1702 1380 ἐπιδεικνύντες)·
1766 1335 1788 1360 ιι
1843 1310 1934 1364 Δέ-

281 1427 302 1457 ιι
335 1425 532 1474 σποτα,
565 1403 628 1458 σὺ
670 1404 698 1459 6
746 1404 899 1472 Θεὸς,
932 1405 960 1458 6
988 1404 1224 1474 ποιήσας
1276 1404 1368 1458 τὸν
1429 1400 1677 1475 οὐρανὸν,
1710 1405 1799 1454 και
1831 1401 1929 1470 τήν

280 1517 301 1548 ε
333 1501 465 1571 γῆν,
501 1495 592 1550 καὶ
623 1496 721 1563 τήν
783 1493 1081 1560 θάλασσαν,
1136 1493 1225 1547 καὶ
1287 1495 1460 1547 πάντα
1487 1493 1554 1547 τὰ
1583 1488 1634 1546 ἐν
1662 1489 1871 1560 αὐτοῖς,
1905 1490 1932 1544 6

276 1610 299 1637 ι(
329 1583 423 1640 διδ⁵
452 1585 720 1659 πόματος
753 1582 915 1639 Δαυῖὂ
948 1579 1144 1644 παιδός
1177 1603 1273 1637 σου
1305 1581 1498 1639 εἰπών.
1540 1608 1562 1636 ι

337 1677 479 1745 Ὀρα
535 1680 651 1736 πῶς
701 1674 842 1729 ἐστιν
897 1668 1256 1749 ἠκριϐωμένη
1316 1673 1406 1728 καὶ
1460 1673 1596 1727 κατὰ
1639 1671 1861 1746 καιροὺς
1897 1672 1932 1739 ἡ

275 1765 486 1820 τοῦτων
520 1765 684 1840 εὐχή·
717 1764 808 1820 ὅτε
850 1765 946 1838 μὲν
1000 1765 1103 1840 γὰρ
1143 1765 1234 1818 τὸν
1293 1761 1440 1834 ἄξιον
1492 1763 1566 1824 εἷς
1621 1759 1935 1830 ἀποστολήν

277 1855 466 1924 ἠξίουν
517 1852 804 1929 δειχθῆναι
857 1854 1062 1915 αὐτοῖς*
1127 1852 1224 1923 Σὺ,
1279 1852 1556 1927 εὔχονται,
1589 1853 1769 1925 Κύριε,
1799 1871 1932 1926 καρ·
1967 1889 2010 1954 Β

276 1941 579 2019 διογνῶστα
608 1944 849 2002 πάντων,
909 1942 1279 2019 Ιῐρογνώσεως
1336 1943 1439 2018 γάρ
1496 1942 1562 2009 ἦν
1610 1939 1721 1995 ἐκεῖ
1749 1943 1928 2014 χρεία.

273 2032 502 2101 Ἐπειδὴ
562 2031 618 2088 δὲ
673 2029 902 2086 ἐνταῦθα
979 2031 1108 2093 τοὺς
1189 2029 1592 2102 ἀντικειμένους
1644 2027 1930 2100 ἐπιστομι-

273 2127 463 2193 σθῆναι
509 2121 704 2197 ἐχρῆν,
765 2149 784 2172 ι
832 2119 1094 2189 Δέσποτα,
1127 2148 1154 2178 ι)
1213 2115 1565 2176 ἐπιϐοῶνται.
1602 2119 1698 2174 Καὶ
1750 2115 1932 2191 ὥσπερ

278 2215 546 2284 συνθήκας
604 2212 959 2273 ἀπαιτοῦντες
1044 2210 1204 2265 αὐτον
1286 2211 1387 2279 τήν
1465 2208 1798 2288 προφητείαν
1859 2205 1935 2269 εἷς

284 2305 446 2377 μέσον
506 2300 753 2378 ἄγουσιν,
816 2300 929 2374 ἅμα
985 2299 1074 2355 καὶ
1143 2298 1366 2361 ἑαυτοὺς
1425 2297 1933 2372 παραμυθούμενοι,

281 2394 356 2448 ’ὁτι
419 2392 544 2461 εἰκῆ
594 2390 684 2446 καὶ
740 2390 858 2445 κατ’
915 2389 1090 2445 αὐτῶν
1148 2389 1238 2444 καὶ
1296 2393 1466 2450 κενῶς
1529 2387 1826 2460 μελετῶσιν
1884 2386 1935 2440 οἱ

283 2481 503 2562 ἐχθροί.
561 2475 761 2536 Σκὸπει
817 2477 876 2536 δὶ
927 2480 1018 2534 καὶ
1078 2479 1390 2536 ἐπιείκειαν.
1425 2477 1502 2536 Οὐ
1540 2477 1642 2554 γὰρ
1677 2473 1936 2551 εὔχονται

279 2572 611 2648 καταρῥάξαι
642 2573 842 2634 αὐτοὺς
899 2571 993 2626 καὶ
1050 2565 1402 2637 καταϐαλεῖν,
1443 2567 1594 2639 ἀλλ’,
1625 2564 1819 2626 Ἔπιδε
1850 2565 1936 2620 ἐπὶ

275 2665 366 2725 τὰς
409 2661 648 2724 ἀπειλὰς
677 2661 880 2732 αὐτῶν,
938 2661 1028 2716 καὶ
1082 2657 1176 2720 δὸς
1227 2664 1346 2724 τοῖς
1375 2656 1596 2720 δούλοις
1647 2679 1744 2712 σου
1806 2656 1940 2730 μετᾶ

277 2752 592 2830 ruﬁ-quia:
649 2753 828 2820 πάσης
875 2745 1065 2806 λαϐεῖν
1119 2750 1212 2805 τὸν
1272 2747 1439 2823 λόγον
1497 2768 1592 2802 σου
1643 2746 1693 2801 ἐν
1736 2750 1814 2817 τῷ
1835 2745 1936 2814 τὴν

274 2842 436 2919 χεῖρα
491 2863 587 2896 σου
645 2840 902 2906 ἐκτεῖναι,
960 2840 1238 2895 τουτέστιν
1271 2838 1323 2893 ὲν
1351 2842 1430 2910 τῷ
1458 2837 1557 2904 τήν
1589 2836 1809 2911 ἄμαχόν
1842 2854 1938 2889 σου

274 2931 513 3005 ὂῦναμιν
595 2929 869 3007 περιέπειν
957 2932 1125 3002 ἡμᾶς.
1208 2930 1384 2984 Τοῦτο
1460 2928 1562 3002 γὰρ
1623 2925 1844 2981 ἐνταῦθα
1902 2925 1938 2994 ἡ

275 3023 423 3098 χείρ.
459 3023 576 3089 Τὴν
610 3017 827 3095 ἄμαχον
876 3019 977 3095 γὰρ
1037 3015 1264 3091 δύναμιν
1311 3014 1514 3086 δηλοῦν
1551 3013 1830 3090 βούλεται,
1864 3015 1939 3077 ὡς

270 3112 357 3168 ἐπὶ
391 3114 522 3178 τοῦ,
561 3133 585 3163 ι
619 3111 680 3165 Ἡ
713 3109 838 3184 χείρ
886 3129 982 3163 σου
1039 3107 1161 3177 ἔθνη
1222 3105 1638 3180 ἐξωλόθρευσεν.
1674 3127 1697 3151 ιο
1729 3104 1853 3161 Ἐπὶ
1885 3101 1943 3158 δὲ

2035 601 2338 670 apostolos
2372 619 2492 656 non
2525 603 2753 658 ducunt
2783 605 2855 660 ad
2896 607 3149 662 Pilatum
3183 611 3685 679 quemadmodum

2036 688 2354 756 Christum,
2380 691 2482 747 sed
2509 692 2621 763 ipsi
2647 694 2958 763 judicant:
2991 696 3281 767 imprimis
3313 699 3550 768 quidem
3581 720 3684 758 ru-

2036 775 2177 832 bore
2209 795 2275 834 ac
2310 779 2535 851 pudore
2567 783 2782 846 affecti,
2815 783 3028 840 deinde
3075 785 3353 841 timentes
3384 805 3457 843 ne
3490 789 3562 844 ab
3594 790 3686 847 his

2039 866 2213 921 etiam
2250 867 2320 922 de
2353 869 2454 924 illo
2486 879 2926 928 accusarentur.

2108 957 2199 1023 IV,
2231 958 2300 1011 23
2335 961 2422 1012 25.
2453 981 2481 1008 «
2514 961 2583 1014 Et
2626 961 3053 1017 nuntiaverunt
3083 982 3450 1037 quaecunque
3481 967 3554 1022 ad
3585 985 3686 1023 eos

2041 1067 2067 1094 «
2100 1047 2411 1116 pontiﬁces
2437 1065 2505 1104 ac
2536 1049 2803 1106 seniores
2843 1052 3131 1107 dixerant.
3178 1057 3251 1108 At
3299 1056 3383 1110 illi
3418 1074 3548 1111 cum
3580 1075 3686 1114 au-

2040 1156 2066 1183 «
2100 1135 2345 1202 dissent,
2380 1153 2499 1192 uno
2532 1139 2732 1194 animo
2763 1140 3140 1197 elevaverunt
3167 1160 3368 1199 vocem
3399 1145 3472 1200 ad
3505 1147 3690 1202 Deum

2040 1247 2069 1273 «
2105 1242 2172 1280 ac
2225 1227 2502 1282 dixerunt
2551 1252 2578 1278 ››
2633 1237 2773 1286 tuon
2833 1231 3152 1302 cupiditate
3210 1233 3404 1288 laudis
3462 1235 3689 1290 inducti

2041 1313 2246 1370 isthmc
2273 1325 2764 1380 commemorant,
2786 1321 2883 1374 sed
2918 1321 3132 1376 Christi
3164 1323 3366 1394 gratia}
3399 1324 3566 1396 signa
3595 1325 3692 1380 de-

2042 1412 2394 1477 monstrant)
2421 1425 2433 1461 :
2470 1431 2495 1457 ‹‹
2532 1410 2798 1476 Domine,
2834 1416 2896 1464 tu
2927 1428 2989 1465 es
3039 1412 3192 1466 Deus
3223 1413 3322 1483 qui
3353 1413 3542 1468 fecisti
3574 1429 3691 1469 cae-

2041 1516 2067 1540 ‹‹
2103 1491 2228 1547 lum
2261 1500 2320 1548 et
2353 1502 2589 1558 terram,
2647 1513 2714 1552 ac
2773 1515 2956 1561 mare.
3018 1517 3270 1571 quasque
3304 1503 3364 1556 in
3396 1502 3481 1557 eis
3513 1510 3689 1570 sunt;

2043 1606 2069 1632 (ι
2105 1583 2204 1654 (Ῑυί
2238 1601 2343 1654 per
2372 1602 2436 1639 os
2469 1586 2646 1641 David
2678 1589 2844 1658 pueri
2883 1588 2963 1643 tui
2989 1588 3209 1644 dixisti.
3249 1615 3270 1642 ι

2113 1673 2258 1728 Vide
2289 1692 2466 1745 quam
2499 1676 2772 1732 absoluta
2802 1678 2877 1733 sit
2900 1680 3188 1751 juxtaque
3219 1687 3554 1753 temporum
3587 1699 3689 1738 oc-

2043 1763 2313 1819 casiones
2339 1765 2547 1820 horum
2574 1767 3160 1838 precatio.Siquidem
3185 1771 3420 1840 quando
3443 1772 3688 1844 dignum

2044 1852 2116 1907 ad
2149 1854 2544 1924 apostolatum
2577 1856 2970 1913 demonstrari
3025 1859 3134 1913 sibi
3185 1860 3520 1931 cupiebant,
3557 1878 3692 1933 pre-

2043 1949 2246 1998 cantes
2278 1943 2585 1999 dicebant:
2639 1946 2740 2010 Tu,
2795 1947 3064 2012 Domine,
3115 1949 3383 2004 cordium
3429 1951 3696 2021 cognitor

2041 2033 2308 2088 omnium
2338 2051 2350 2100 ;
2383 2034 2460 2088 ibi
2496 2034 2653 2090 enim
2688 2038 3167 2108 praecognitioms
3191 2045 3318 2094 erat
3348 2040 3693 2096 necessitas.

2042 2123 2145 2179 Hic
2177 2131 2373 2179 autem
2427 2127 2710 2196 quoniam
2769 2127 3243 2184 adversariorum
3285 2147 3388 2184 ora
3419 2130 3694 2186 obturare

2043 2213 2370 2285 oportebat.
2427 2215 2828 2274 «Domine.»
2889 2217 3232 2274 inclamant.
3291 2220 3360 2273 Et
3411 2226 3694 2291 tanquam

2042 2305 2198 2375 pacti
2259 2303 2437 2359 ﬁdem
2495 2304 2566 2360 ab
2630 2321 2698 2359 eo
2761 2307 3154 2376 postulantes,
3215 2309 3587 2379 prophetiam
3633 2309 3694 2363 in

2042 2391 2306 2446 medium
2340 2392 2683 2463 proferunt:
2720 2393 2898 2448 simul
2939 2401 2996 2449 et
3041 2396 3267 2467 seipsos
3298 2396 3697 2466 consolantes,

2045 2479 2203 2552 quod
2236 2480 2460 2552 absque
2492 2499 2669 2539 causa
2696 2489 2904 2538 contra
2927 2484 3088 2555 ipsos
3114 2501 3378 2556 vaneque
3409 2503 3697 2541 conaren-

2046 2577 2142 2626 tur
2199 2571 2451 2626 inimici.
2511 2573 2835 2629 Considera
2893 2591 3129 2646 quoque
3185 2581 3243 2630 et
3301 2576 3694 2632 modestiam:

2044 2677 2239 2732 neque
2274 2661 2431 2715 enim
2464 2663 2715 2734 cupiunt
2747 2664 3085 2736 discerpere
3117 2671 3222 2719 aut
3267 2667 3538 2738 perdere,
3574 2667 3698 2733 sed,

2046 2749 2312 2821 Respice.
2348 2750 2650 2822 inquiunt,
2701 2752 2775 2808 ad
2821 2753 3012 2809 minas
3057 2770 3285 2818 eorum.
3319 2761 3377 2811 et
3414 2756 3488 2810 da
3518 2755 3700 2811 servis

2047 2839 2164 2893 tuis
2195 2846 2260 2894 ut
2299 2857 2433 2895 cum
2483 2841 2645 2896 omni
2702 2841 2973 2898 libertate
3027 2860 3362 2900 sermonem
3416 2851 3579 2898 tuum
3612 2845 3701 2899 lo~

2049 2935 2330 2999 quantur,
2384 2946 2625 2985 manum
2687 2936 2846 2986 tuam
2916 2931 3292 3003 porrigendo,
3328 2933 3438 2986 hoc
3473 2937 3581 2996 est,
3614 2931 3700 2985 fo-

2047 3017 2236 3072 vendo
2269 3034 2378 3072 nos
2433 3018 2880 3090 inexpugnabili
2935 3026 3036 3074 tua
3089 3021 3373 3090 potentia.
3419 3019 3483 3074 Id
3542 3020 3703 3074 enim

2051 3106 2346 3179 signiﬁcat
2375 3107 2485 3161 hoc
2537 3107 2666 3162 loco
2719 3123 2949 3162 manus.
2986 3108 3118 3162 Vult
3150 3110 3307 3163 enim
3343 3109 3708 3182 inexpugna-

270 3207 368 3258 τοῦ
430 3199 723 3275 ἀνωτέρω,
780 3200 865 3269 τὸ,
929 3199 1047 3254 ιἩ
1108 3197 1232 3273 χείρ
1292 3217 1388 3250 σου
1443 3196 1599 3266 καὶὴ
1636 3193 1810 3271 βουλή
1847 3213 1939 3248 σου

2058 3195 2233 3250 bilem
2265 3196 2600 3267 signiﬁcare
2629 3197 2977 3267 potentiam,
3001 3197 3180 3253 veluti
3213 3212 3346 3254 cum
3383 3199 3502 3256 ait:
3532 3225 3551 3247 τι
3591 3200 3706 3253 Ma-

271 3296 589 3368 προώρισε,
627 3316 653 3342 ››
682 3293 716 3360 ἡ
751 3291 876 3365 χείρ
928 3289 990 3344 τὸ
1051 3289 1185 3362 μετὰ
1215 3286 1388 3361 λόγου
1418 3287 1508 3341 καὶ
1543 3284 1773 3348 δεόντως
1804 3283 1939 3358 ποιρᾶ

2060 3301 2172 3339 nus
2221 3263 2345 3340 tua‘
2376 3291 2582 3354 gentes
2629 3263 2996 3358 disperdidit
3016 3287 3080 3342 “.
3119 3312 3139 3339 ι
3179 3289 3244 3342 In
3303 3287 3707 3359 superioribus

274 3386 412 3436 Θεοῦ
481 3383 552 3436 τα
610 3379 786 3435 πάντα
842 3376 1170 3452 διεξάγεσθαι
1231 3372 1418 3446 δηλοῖ⁸
1478 3376 1562 3430 ὅτι
1613 3373 1703 3429 καὶ
1739 3372 1878 3446 μόνη
1911 3374 1947 3440 ἠ

273 3471 543 3535 σῦνθετος
573 3469 741 3548 φύσις
765 3467 851 3523 κατ
888 3467 1109 3542 λογικῆ,
1158 3467 1277 3535 ἣτις
1337 3466 1438 3520 οὐκ
1489 3464 1636 3535 ἄλλη
1670 3463 1705 3533 ἢ
1739 3464 1951 3537 ἄνθρω-

277 3581 407 3628 πος,
470 3558 632 3637 χειρὶ
691 3558 766 3620 ὡς
823 3553 1018 3612 ὲπῖπαν
1097 3557 1165 3611 τὰ
1247 3553 1654 3632 χρειωδέστατα
1713 3550 1947 3607 ἐκτελεῖν

281 3648 509 3707 εἴωθεν.

343 3923 539 3978 «Ἵνα
596 3919 652 3972 τί
693 3915 958 3993 ἐφρύαξαν
1018 3911 1168 3986 ἔθνη,
1255 3913 1344 3969 καὶ
1431 3911 1554 3968 λαοί
1613 3909 1946 3984 ἐμελέτησαν

271 4031 292 4060 ι
327 4009 465 4065 κενά
498 4030 515 4078 ;
551 4007 900 4084 παρέστησαν
935 4004 986 4060 οἱ
1041 4001 1283 4080 βασιλεῖς
1344 4009 1446 4072 τῆς
1495 4009 1620 4079 γῆς,
1651 4001 1740 4056 καὶ
1773 4001 1825 4056 οἱ
1854 3997 1948 4073 ἅρ-

273 4122 300 4149 a
330 4117 546 4174 χοντες
576 4097 929 4174 συνήχθησαν
986 4091 1075 4148 ἐπὶ
1130 4093 1193 4148 τὸ
1246 4091 1376 4146 αὐτὸ
1425 4089 1560 4145 κατὰ
1606 4094 1702 4145 τοῦ
1754 4089 1950 4164 Κυρίου

265 4212 292 4240 ιι
325 4187 423 4242 καὶ
491 4184 641 4240 κατὰ
694 4187 792 4238 τοῦ
847 4183 1084 4257 Χριστοῦ
1160 4179 1344 4240 αὐτοῦ,
1432 4182 1794 4255 Συνήχθησαν
1847 4177 1950 4253 γὰρ

267 4303 295 4330 ιι
330 4277 422 4332 ἐπ’
460 4274 743 4346 ἀληθείας
801 4272 891 4326 ἐπὶ
948 4272 1039 4326 τὸν
1094 4272 1248 4345 ἅγιον
1297 4267 1470 4324 παϊὂά
1500 4290 1597 4324 σου
1623 4272 1858 4339 Ἰησοῦν,
1894 4269 1952 4323 δν

263 4393 290 4418 α
322 4362 602 4443 ἔχρισας,
638 4359 894 4436 Ἡρώδης
923 4381 980 4417 τε
1012 4361 1100 4416 καὶ
1129 4360 1356 4422 Πόντιος
1393 4358 1645 4420 Πιλᾶτος.
1680 4385 1702 4414 ι

339 4553 491 4606 Ποῖα
555 4544 690 4614 ’ἔθνη
749 4542 1015 4620 ἐφρύαξαν
1060 4542 1195 4597 κατὰ
1249 4545 1346 4596 τοῦ
1404 4542 1683 4610 Χριστοῦ;
1732 4539 1812 4595 Τὰ
1840 4541 1948 4592 τῶν

2059 3379 2256 3428 autem
2288 3373 2500 3437 verbis,
2541 3397 2561 3422 α
2597 3377 2801 3430 Manus
2834 3383 2933 3431 tua
2964 3383 3022 3431 et
3053 3376 3370 3432 consilium
3402 3384 3571 3433 tuum
3598 3394 3706 3433 an-

2058 3467 2151 3518 tea
2173 3462 2576 3520 decreverant.
2601 3485 2625 3515 n
2657 3465 2868 3520 Manus
2890 3466 3186 3538 signiﬁcat
3206 3467 3408 3522 omnia
3428 3467 3709 3523 decenter

2059 3559 2118 3607 et
2175 3569 2310 3608 cum
2362 3553 2592 3610 ratione
2651 3571 2684 3610 a
2744 3555 2861 3611 Deo
2922 3556 3207 3623 ordinari,
3266 3557 3547 3628 quoniam
3583 3557 3710 3612 sola

2059 3643 2392 3714 composita
2421 3643 2849 3716 rationalisque
2891 3652 3123 3712 natura,
3159 3662 3290 3717 quas
3323 3663 3442 3702 non
3476 3647 3592 3702 alia
3621 3651 3712 3702 est

2060 3747 2237 3804 quam
2289 3734 2483 3797 homo,
2521 3750 2701 3790 manu
2749 3741 2815 3789 ut
2862 3735 3189 3807 plurimum
3224 3753 3354 3806 quas
3393 3735 3713 3791 utilissima

2060 3829 2200 3877 sunt
2229 3821 2464 3877 efﬁcere
2495 3823 2666 3879 solet.

2131 3910 2223 3974 ιν,
2257 3914 2327 3967 25
2364 3915 2452 3965 2‘7.
2501 3935 2527 3961 «
2562 3916 2751 3978 Quare
2798 3913 3172 3969 fremuerunt
3214 3914 3486 3968 nationes
3518 3919 3575 3969 et
3605 3931 3711 3985 po-

2061 4001 2245 4072 «puli
2302 4001 2574 4078 meditati
2630 4008 2768 4057 sunt
2832 4003 3079 4057 inania?
3160 4003 3490 4058 Astiterunt
3542 4020 3709 4076 reges

2059 4111 2088 4140 ι(
2123 4096 2292 4146 terrea
2332 4097 2390 4146 et
2419 4081 2718 4162 principes
2759 4098 3165 4147 convenerunt
3195 4092 3256 4146 in
3289 4109 3471 4148 unum
3507 4093 3709 4148 adver-

2065 4201 2091 4229 «
2124 4197 2224 4234 sus
2256 4179 2574 4234 Dominum
2624 4186 2684 4234 et
2735 4181 3014 4236 adversus
3045 4182 3341 4236 Christum
3376 4183 3521 4251 ejus.
3559 4185 3710 4236 Con-

2063 4291 2088 4318 ιι
2122 4274 2413 4324 venerunt
2444 4270 2603 4323 enim
2657 4285 2794 4324 vere
2851 4270 3132 4324 adversus
3165 4276 3431 4325 sanctum
3468 4287 3717 4340 puerum

2061 4379 2088 4408 ς(
2123 4364 2291 4413 tuum
2321 4358 2519 4412 Jesum
2571 4375 2748 4429 quem
2802 4375 3079 4425 unxeras,
3113 4361 3214 4414 40
3247 4358 3504 4414 Herodes
3536 4359 3718 4413 simul

2065 4468 2092 4496 ‹‹
2129 4454 2187 4501 et
2215 4445 2459 4502 Pontius
2492 4447 2734 4502 Pilatus.
2775 4469 2798 4498 ο

2137 4537 2412 4602 Quaenam
2428 4537 2698 4593 nationes
2717 4538 2996 4594 adversus
3011 4537 3299 4594 Christum
3311 4535 3718 4592 fremuerunt?

263 4635 601 4701 Ἰουδαίων,
638 4619 924 4703 δηλονότι.
962 4631 1022 4689 Εἰ
1082 4631 1186 4708 γὰρ
1245 4630 1333 4685 καὶ
1374 4627 1630 4688 Ἰουδαῖοι
1659 4630 1795 4699 ἦσαν
1829 4631 1939 4684 πσὶν⁴

2063 4627 2341 4682 Nationes
2399 4627 2675 4684 videlicet
2729 4628 3084 4684 Iudaeorum.
3147 4628 3291 4681 Nam
3351 4626 3460 4682 etsi
3510 4642 3719 4682 omnes

262 4749 376 4798 τες,
443 4725 594 4780 ἀλλ’
655 4722 748 4778 οὗν
807 4723 867 4778 ἐκ
925 4719 1199 4800 διαφόρων
1252 4719 1436 4788 ἐθνῶν,
1495 4720 1547 4773 ἐν
1598 4722 1678 4782 οἱς
1711 4722 1844 4790 ἦσαν
1879 4716 1956 4773 διο

266 4819 666 4892 εσπαρμὴνοι.
700 4815 778 4870 Τὸ
812 4809 889 4876 δὲ,
916 4837 943 4863 ‹‹
978 4817 1211 4880 Ποιῆσαι
1243 4808 1340 4865 ὅσα
1369 4812 1404 4878 ἡ
1437 4811 1560 4884 χείρ
1594 4830 1712 4878 σου,
1751 4835 1775 4860 ο)
1805 4829 1958 4864 τουτ-

269 4909 438 4978 ἐστιν,
494 4905 618 4961 οὐκ
677 4902 827 4959 αὐτοὶ
891 4899 1146 4978 ἴσχυσαν,
1205 4900 1353 4956 ἀλλᾶ
1382 4901 1443 4956 σὺ
1478 4900 1528 4956 εἶ
1556 4902 1584 4956 6
1615 4900 1678 4956 τὸ
1708 4905 1812 4954 πᾶν
1845 4897 1956 4955 ἐπι-

268 4997 476 5073 τρέψας
533 4996 638 5050 καὶ
687 4992 767 5057 εἷς
815 4994 980 5067 πέρας
1038 4990 1282 5068 ἀγαγὼν,
1316 4991 1344 5046 6
1373 4989 1692 5069 εὐμήχανος
1743 4990 1832 5045 καὶ
1865 5011 1954 5046 σο-

275 5086 392 5162 φάς.
432 5084 740 5153 Συνῆλθον
805 5081 900 5155 μὲν
957 5081 1057 5156 γὰρ
1107 5077 1304 5133 ἐκεῖνοι
1360 5076 1436 5162 tiu:
1488 5075 1703 5152 ἐχθροὶ,
1734 5076 1824 5132 καὶ
1862 5097 1955 5156 φο.

270 5160 395 5249 νικῇ
426 5172 790 5250 προαιρέσει,
824 5167 1040 5225 ἐποίουν
1075 5165 1132 5222 δὲ
1161 5166 1196 5223 ἃ
1227 5168 1290 5222 σὺ
1319 5160 1575 5222 ἐϐὂῦλου.

340 5378 369 5405 ιι
407 5352 520 5408 Σὺν
553 5346 736 5406 ἔθνεσι
767 5347 857 5403 καὶ
888 5345 1044 5408 λαοῖς
1076 5344 1320 5416 Ἰσραήλ,
1356 5368 1383 5396 ››

343 5444 433 5498 Ἐν
464 5439 856 5510 Ἰερουσαλὴμ
901 5431 1143 5513 Ἑϐραῖοι
1194 5434 1328 5508 μετὰ
1373 5434 1590 5514 Καῖάφα
1629 5433 1719 5489 καὶ
1760 5435 1950 5506 Ἀννα,

277 5526 404 5587 λαοὶ
442 5530 598 5605 μετὰ
636 5527 894 5586 Πιλάτου.

348 5730 394 5770 ⁵⁸
428 5729 600 5790 Ρωι.
647 5741 880 5796 xxxxnx,
916 5727 968 5780 ε.

2066 4717 2248 4774 ,1υάᾶή
2273 4725 2729 4776 erantattamen
2752 4737 2819 4774 ex
2839 4719 3012 4774 variis
3036 4717 3378 4773 nationibus
3401 4717 3718 4773 veniebant

2065 4809 2223 4863 inter
2253 4826 2398 4880 quas
2434 4809 2684 4881 dispersi
2737 4815 2922 4864 erant.
2971 4831 2997 4859 ‹‹
3035 4809 3103 4863 Ut
3135 4808 3401 4863 facerent
3431 4825 3714 4880 quaecun-

2069 4915 2181 4970 que
2217 4915 2427 4954 manus
2457 4905 2592 4954 tua:
2628 4920 2654 4948 ››
2713 4897 2822 4954 hoc
2880 4903 2986 4964 est,
3048 4914 3168 4953 non
3215 4897 3324 4970 ipsi
3360 4897 3716 4969 potuissent,

2069 4988 2171 5042 sed
2204 4995 2262 5042 tu
2295 5005 2357 5043 es
2383 4987 2482 5059 qui
2516 5005 2642 5042 rem
2667 5003 2902 5042 omnem
2930 4987 3312 5058 permittebas
3345 4994 3402 5043 et
3430 4988 3504 5044 ad
3532 4988 3712 5043 ﬁnem

2068 5076 2422 5138 deducebas.
2456 5093 2670 5148 nempe
2719 5076 2980 5148 prudens
3013 5093 3079 5132 ac
3113 5079 3369 5149 sapiens.
3408 5076 3498 5131 Illi
3530 5077 3716 5148 siqui-

2067 5161 2200 5222 dem
2237 5171 2640 5222 convenerant
2690 5173 2972 5238 tanquam
3032 5167 3259 5222 inimici
3293 5173 3351 5220 et
3383 5166 3717 5221 truculenta

2063 5257 2380 5325 volentate,
2413 5256 2515 5312 sed
2549 5257 2842 5312 faciebant
2873 5275 3004 5328 qum
3037 5265 3096 5313 tu
3128 5257 3384 5313 volebas.

2135 5369 2162 5395 ‹‹
2197 5348 2341 5401 Cum
2372 5346 2646 5419 gentibus
2667 5353 2725 5402 et
2755 5348 2990 5419 populis
3022 5347 3220 5403 Israel.
3256 5368 3283 5395 ››

2138 5435 2200 5490 In
2231 5435 2557 5490 Jerusalem
2592 5435 2817 5492 Hebraei
2858 5452 2993 5492 cum
3050 5435 3270 5507 Caipha
3301 5440 3358 5490 et
3387 5437 3576 5503 Anna,
3608 5450 3714 5507 po-

2063 5524 2188 5597 puli
2221 5541 2358 5582 cum
2391 5525 2602 5581 Pilato.
