4134 6196
456 321 570 380 103

527 479 556 508 α
584 454 657 514 Ut
675 455 938 512 facerent
956 467 1327 526 quascunque
1351 467 1563 509 manus
1585 458 1687 510 tua
1707 458 1767 509 et
1785 451 2102 510 consilium
2130 472 2182 533 Α

457 569 483 596 ‹‹
515 552 682 601 tuum
716 553 890 601 antea
922 545 1048 599 fleri
1083 544 1484 599 decreverant.
1523 566 1550 594 ››

529 636 683 690 Idem
713 634 1051 707 signiﬁcant
1073 650 1286 689 manus
1309 640 1367 688 et
1385 632 1722 689 consilium.
1745 632 1917 688 Nulla
1947 632 2106 688 enim

453 725 686 780 consilii
722 724 1068 789 necessitas,
1103 725 1196 778 cui
1247 723 1416 778 adest
1447 723 1729 795 potentia.
1765 723 1939 778 Facta
1968 725 2108 776 sunt

450 830 587 885 ergo
621 830 991 884 quaecunque
1047 812 1118 867 ab
1162 812 1331 867 initio
1365 812 1652 867 ordinasti
1684 811 2102 882 Apostolorum

448 903 650 974 itr‘que
682 903 942 974 precatio
967 919 1084 958 non
1113 909 1238 957 erat
1263 901 1336 956 ad
1369 899 1742 973 repellendas
1776 899 2105 964 molestias,

451 991 554 1047 sed
613 1009 718 1064 pro
776 993 1126 1064 evangelicae
1183 991 1468 1046 orationis
1529 1007 1848 1059 successu;
1909 1005 2102 1061 neque

449 1081 608 1136 enim
640 1082 936 1146 dicebant,
976 1082 1199 1149 Libera,
1235 1080 1358 1151 sed,
1386 1081 1466 1136 Da
1499 1081 1682 1137 servis
1707 1081 1847 1149 tuis,
1879 1085 1944 1136 ut
1965 1094 2101 1134 cum

442 1169 714 1228 libertate
749 1171 1086 1243 loquantur.

510 1260 600 1327 1V,
635 1262 702 1314 29
737 1262 822 1315 31.
859 1284 885 1309 ‹‹
918 1263 984 1315 Et
1014 1278 1194 1328 nunc,
1244 1260 1511 1326 Domine,
1545 1259 1776 1332 rezpice
1806 1257 1879 1314 ad
1911 1257 2106 1313 minas

447 1369 469 1398 ι
503 1366 732 1415 eorum,
771 1356 830 1404 et
859 1349 934 1405 da
966 1349 1147 1405 servis
1182 1349 1317 1418 tuis,
1364 1355 1429 1404 ut
1459 1365 1596 1403 cum
1629 1347 1794 1402 omni
1831 1347 2104 1402 libertate

441 1460 468 1489 ‹‹
504 1455 841 1495 sermonem
880 1446 1046 1494 tuum
1077 1439 1401 1509 loquantur
1431 1455 1443 1492 :
1491 1453 1739 1493 manum
1775 1443 1933 1491 tuam
1966 1451 2099 1507 por-

442 1549 466 1578 α
497 1528 740 1600 rigendo
771 1528 843 1582 ad
876 1527 1007 1595 hoc,
1043 1533 1107 1581 ut
1137 1527 1368 1582 sanatio
1421 1533 1478 1582 et
1527 1527 1698 1600 signa
1728 1543 1796 1582 ac
1839 1523 2106 1598 prodigia

450 1639 477 1666 ι(
514 1616 786 1680 edantur,
817 1633 923 1688 per
953 1633 1171 1672 nomen
1219 1616 1406 1672 sancti
1454 1616 1586 1672 Filii
1625 1617 1707 1671 tui
1739 1616 1895 1672 Jesu.
1929 1614 2104 1670 Cum-

447 1727 475 1754 ‹‹
509 1721 623 1775 que
653 1712 927 1760 orassent
957 1705 1068 1771 illi,
1117 1712 1316 1762 motus
1367 1713 1457 1761 est
1500 1707 1666 1762 locus
1697 1707 1759 1761 in
1791 1722 1907 1777 quo
1935 1708 2104 1761 erant

1573 315 2004 381 (ECUMENII
2047 316 2351 381 TRICCE
2395 319 2776 382 EPISCOPI.

3737 323 3858 383 104

2292 474 2321 505 ι(
2354 456 2588 523 Ποιῆσαι
2645 451 2742 512 ὅσα
2770 454 2806 524 ἡ
2841 451 2966 532 χείρ
3025 474 3121 513 σου
3171 455 3260 513 καὶ
3311 455 3347 527 ἡ
3393 451 3570 532 βουλή
3604 475 3702 512 σου
3731 476 3873 530 προ-

2216 565 2245 594 ιι
2275 541 2441 617 ώρισε
2468 541 2734 618 γενέσθαι.
2768 573 2793 600 ι)

2285 632 2362 688 Τὸ
2395 631 2523 688 αὑτὸ
2557 631 2814 709 βούλεται
2844 630 3048 706 δηλοῦν
3082 637 3118 706 ἡ
3149 635 3272 712 χεῖρ
3319 634 3409 692 καὶ
3453 638 3488 705 ἡ
3537 635 3738 712 βουλή.
3773 635 3871 692 Δύ-

2214 741 2379 792 ναμις
2408 721 2509 797 γάρ
2563 723 2610 795 ᾦ
2657 724 2961 799 πρόσεστιν,
3023 726 3086 781 οὐ
3145 725 3308 802 χρεία
3339 724 3568 802 βουλῆς.
3607 727 3742 784 Ὅσα
3774 724 3867 780 οὖν

2212 805 2452 883 διέταξας
2502 810 2552 882 ἐξ
2592 812 2772 888 ἀρχῆς
2822 815 3063 891 γὲγονεν.
3115 813 3194 871 Οὐ
3243 816 3625 887 παραιτήσεως
3667 811 3723 868 δὲ
3751 819 3862 868 τῶν

2211 895 2492 979 δυσχερῶν
2520 903 2554 971 ἡ
2585 905 2692 957 τῶν
2742 901 3064 958 ἀποστόλων
3126 901 3288 978 εὐχὴ,
3321 901 3448 958 ἀλλ’
3495 903 3624 977 ὑπὲρ
3656 899 3863 957 εύοδώ-

2209 1009 2346 1044 σεων
2389 994 2486 1046 τοῦ
2535 989 2892 1067 εὑαγγελικοῦ
2958 993 3333 1067 κηρύγματος.
3389 990 3466 1049 Οὐ
3525 992 3628 1066 γὰρ
3684 991 3861 1062 εἶπον,

2209 1077 2450 1152 Ἐξελοῦ,
2483 1077 2650 1150 ἀλλὰ,
2710 1081 2808 1145 Δὸς
2865 1086 2985 1145 τοῖς
3044 1079 3265 1144 δούλοις
3321 1102 3444 1151 σου,
3482 1087 3620 1155 μετὰ
3648 1079 3869 1156 παρῥη.

2211 1168 2329 1232 σίας
2363 1167 2574 1228 λαλεῖν.

2283 1281 2308 1312 α
2340 1260 2442 1315 Καὶ
2491 1261 2560 1315 τὰ
2606 1263 2720 1329 νῦν,
2776 1261 2957 1336 Κύριε,
3005 1257 3156 1317 ἔπιδε
3195 1259 3284 1316 ἂπὶ
3333 1260 3430 1321 τὰς
3484 1255 3714 1321 ἀπειλὰς
3763 1257 3860 1314 αύ-

2211 1370 2240 1399 ‹‹
2272 1351 2403 1415 τῶν,
2443 1347 2534 1404 καὶ
2595 1345 2686 1412 δὸς
2739 1355 2856 1412 τοῖς
2910 1347 3136 1414 δούλοις
3188 1370 3307 1422 σου,
3367 1368 3502 1424 μετα
3555 1346 3865 1424 παρρησίας

2213 1459 2239 1488 ι(
2270 1435 2452 1507 πάσης
2502 1435 2690 1493 λαλεῖν
2733 1439 2825 1494 τὸν
2881 1436 3046 1516 λόγον
3086 1460 3206 1510 σου,
3239 1437 3293 1494 ἐν
3321 1442 3402 1511 τῷ
3429 1437 3528 1507 τήν
3569 1435 3733 1512 χεῖρά
3763 1456 3859 1491 σου

2211 1550 2237 1577 (ι
2273 1527 2526 1583 εκτείνειν
2577 1527 2737 1594 σεεῗς
2783 1526 2947 1599 ἴασιν,
2991 1530 3082 1586 καὶ
3135 1534 3338 1604 σημεῖα
3383 1526 3474 1584 καὶ
3521 1527 3717 1603 τέρατα
3769 1547 3860 1602 γει

2212 1639 2239 1666 ‹‹
2271 1612 2452 1670 νὲσθαι
2501 1613 2589 1672 διὰ
2616 1622 2713 1673 τοῦ
2757 1617 3024 1692 ὀνόματος
3068 1622 3166 1674 τοῦ
3215 1617 3366 1694 άγίου
3395 1614 3590 1679 παιδός
3621 1637 3717 1671 σου
3751 1618 3860 1688 Ἰη-

2212 1729 2239 1757 «
2273 1711 2394 1762 σοῦ.
2430 1705 2529 1762 Καὶ
2588 1703 2882 1780 δεηθέντων
2941 1707 3141 1779 αὑτῶν,
3199 1705 3464 1779 ἐσαλεύθη
3515 1708 3544 1762 ὁ
3590 1707 3761 1769 τόπος
3804 1705 3858 1762 ἂν

443 1818 471 1845 ι(
505 1795 868 1868 congregati,
922 1801 979 1851 et
1033 1796 1244 1868 repleti
1305 1802 1444 1852 sunt
1475 1813 1682 1852 omnes
1713 1795 1934 1868 Spiritu
1966 1811 2086 1851 san-

2211 1821 2239 1849 ι(
2268 1793 2313 1869 ᾦ
2386 1797 2520 1867 ἦσαν
2601 1798 2945 1875 συνηγμένοι.
3023 1801 3120 1856 Καὶ
3203 1797 3552 1871 ἐπλήσθησαν
3625 1798 3855 1853 ἅπαντας

443 1909 471 1936 ‹‹
506 1892 620 1952 cto,
661 1904 728 1944 ac
785 1887 1190 1960 loquebantur
1249 1905 1586 1944 sermonem
1618 1888 1721 1944 Dei
1753 1903 1888 1944 cum
1918 1887 2098 1944 liberv

443 1998 472 2026 «
510 1982 646 2031 tate.
684 1999 710 2027 ››

513 2066 755 2138 Signum
787 2067 945 2138 quod
995 2066 1197 2122 audita
1257 2072 1415 2123 esset
1473 2067 1683 2134 oratio,
1737 2065 1849 2122 fuit
1896 2071 2098 2123 terrm-

439 2162 635 2210 motus
665 2173 676 2209 :
707 2156 1008 2210 interdum
1045 2173 1178 2212 vero
1210 2157 1423 2212 accidit
1473 2162 1538 2211 ut
1587 2156 1689 2210 iraa
1737 2155 1968 2229 signum
2001 2156 2097 2212 sit.

442 2243 682 2316 Repleri
716 2251 916 2300 autem
963 2246 1186 2317 Spiritu
1235 2252 1438 2301 sancto
1486 2245 1783 2318 signiﬁcat
1811 2252 1964 2301 totos
1995 2244 2102 2300 ad-

440 2333 630 2389 dictos
666 2351 794 2390 esse
826 2335 977 2390 datm
1010 2336 1154 2407 ipsis
1185 2335 1516 2408 operationi
1548 2334 1730 2390 divini
1760 2336 2010 2407 Spiritus
2041 2340 2102 2390 et

443 2440 654 2495 parum
688 2441 722 2480 a
746 2424 928 2480 rebus
958 2426 1139 2481 averti
1166 2425 1506 2482 carnalibus
1532 2442 1545 2480 :
1571 2426 1659 2480 vel
1687 2425 1843 2497 quod
1867 2421 2096 2480 incensi

446 2521 634 2577 erant,
670 2520 726 2570 et
771 2514 1017 2570 ardebat
1075 2517 1132 2570 in
1192 2516 1278 2571 eis
1335 2515 1580 2581 donum,
1636 2521 1879 2587 propter
1935 2513 2095 2586 quod

438 2601 841 2676 loquebantur
870 2621 1003 2660 cum
1036 2605 1328 2672 libertate,
1363 2620 1649 2677 corporea
1691 2603 1956 2675 pericula
1988 2602 2094 2658 de-

440 2693 778 2765 spicientes,
811 2712 846 2752 a
876 2713 991 2766 quo
1050 2696 1229 2750 etiam
1285 2695 1438 2750 dono
1495 2699 1621 2750 erat
1651 2711 1751 2750 cor
1781 2700 1839 2750 et
1868 2693 2091 2764 anima,

432 2788 712 2855 tanquam
742 2785 904 2858 origo
931 2784 1189 2840 motibus
1243 2783 1771 2840 intellectualibus.
1820 2785 1964 2839 Nam
1991 2799 2094 2839 cor

433 2871 492 2926 id
537 2890 697 2929 nunc
752 2875 1067 2947 significat,
1125 2873 1306 2929 veluti
1367 2873 1625 2946 primum
1687 2872 2089 2928 subsistentize

426 2964 727 3031 animalis,
769 2965 927 3036 quod
957 2965 1135 3020 etiam
1195 2963 1397 3019 vitalia
1451 2963 1726 3019 sustinet.
1761 2963 1893 3018 Haac
1926 2963 2089 3018 enim

431 3057 772 3113 subindicat
800 3075 906 3129 per
936 3074 1037 3113 cor
1067 3063 1126 3112 et
1152 3056 1414 3112 animam
1447 3072 1578 3127 quas
1611 3054 1685 3112 ad
1716 3071 1903 3110 unum
1934 3071 2087 3110 con-

420 3153 669 3202 currunt
697 3147 1092 3219 compositum
1123 3146 1288 3212 Quod
1311 3151 1510 3202 autem
1535 3145 1753 3202 dicitur
1778 3161 1790 3199 :
1817 3169 1842 3196 ‹‹
1866 3146 2022 3208 Erat,
2049 3166 2076 3193 ι)

2210 1914 2238 1942 «
2273 1889 2587 1963 Πνεύματος
2631 1891 2806 1967 ἁγίου,
2838 1891 2926 1946 καὶ
2970 1890 3204 1948 ἐλάλουν
3250 1891 3341 1946 τὸν
3389 1889 3557 1966 λόγον
3593 1893 3690 1946 τοῦ
3719 1891 3856 1945 Θεοῦ

2208 2003 2236 2032 ‹‹
2271 1979 2405 2052 μετά
2433 1979 2758 2057 παρρησίας,
2795 2005 2824 2034 ››

2280 2063 2573 2142 Σύμϐολον
2629 2074 2726 2125 τοῦ
2784 2069 3107 2140 ἀκουσθῆναι
3177 2070 3275 2139 τὴν
3327 2067 3509 2140 δέησιν
3569 2067 3767 2138 αὐτῶν,
3825 2067 3853 2122 ὁ

2206 2157 2449 2231 σεισμός⁶
2505 2152 2616 2214 ἔστι
2664 2155 2721 2214 δὲ
2772 2159 2862 2214 ὅτε
2905 2157 2994 2216 καὶ
3038 2158 3227 2234 ὀργῆς.
3286 2160 3363 2216 Τὸ
3421 2155 3480 2213 δὶ
3537 2156 3850 2228 πλησθῆναι

2206 2246 2520 2320 Πνεύματος
2563 2249 2743 2322 ἁγίου,
2776 2245 2944 2319 δηλοῖ
2995 2250 3082 2314 τὸ,
3141 2246 3308 2310 δλους
3337 2253 3437 2318 τῆς
3466 2245 3730 2322 ἐνεργείας
3758 2248 3854 2300 τοῦ

2205 2333 2460 2401 δοθέντος
2519 2336 2704 2399 αὐτοῖς
2759 2337 2906 2402 θείου
2963 2336 3274 2410 Ιινεύματος
3336 2337 3598 2412 γενέσθαι,
3662 2334 3854 2409 μικρὸν

2203 2426 2310 2482 ἀπὸ
2361 2423 2534 2482 τῶνδε
2587 2431 2694 2482 τῶν
2757 2430 3028 2503 σαρκικῶν
3091 2427 3620 2503 ἀποστρεφομένους.
3672 2425 3742 2482 ’Ἡ
3770 2423 3854 2478 ὅτι

2202 2515 2737 2592 ἀνεζωπυρίσθησαν,
2795 2516 2885 2573 καὶ
2937 2517 3208 2573 ἀνεκαίετο
3239 2514 3289 2571 ἐν
3343 2515 3528 2578 αὑτοῖς
3573 2514 3636 2569 τὸ
3689 2512 3852 2593 χάρι-

2200 2627 2332 2679 σμα,
2384 2603 2456 2660 δι’
2501 2605 2633 2682 ὅπερ
2691 2603 2924 2662 ἐλάλουν
2987 2607 3122 2680 μετά
3180 2600 3857 2682 παρῤῥησίας,ἀφειδοῦν-

2195 2715 2282 2757 τες
2336 2700 2443 2751 τῶν
2499 2701 2826 2772 σωματικῶν
2886 2694 3164 2753 κινδύνων.
3227 2695 3341 2775 Ἀφ’
3398 2695 3461 2750 οῦ
3517 2693 3609 2750 καὶ
3657 2690 3852 2768 καρδία

2196 2784 2496 2861 καὶψυχὴ,
2550 2787 2719 2842 οἱονεὶ
2775 2787 2862 2842 καὶ
2919 2791 3038 2842 τοῖς
3094 2790 3305 2862 νοεροῖς
3360 2785 3649 2856 κινήμασι.
3680 2786 3850 2838 Τοῦτο

2196 2875 2299 2949 γάρ
2329 2879 2420 2928 νῦν
2453 2876 2487 2945 ἡ
2519 2871 2718 2950 καρδία
2769 2873 3048 2951 βούλεται,
3107 2875 3197 2929 ἅτε
3249 2872 3337 2928 καὶ
3399 2873 3592 2946 πρώτη
3621 2878 3722 2940 τῆς
3751 2875 3851 2927 τοῦ

2198 2964 2340 3034 ζώου
2400 2964 2746 3027 ὑποστάσεως
2832 2964 3164 3042 ὑφιπαμένη
3245 2963 3338 3018 καὶ
3397 2967 3513 3024 τοῖς
3572 2965 3846 3032 ζωτικοῖς.

2194 3055 2379 3111 Ταῦτα
2440 3055 2544 3130 γὰρ
2608 3055 2975 3110 ὑπαινίττεται
3036 3051 3127 3109 διὰ
3181 3057 3282 3119 τῆς
3343 3048 3568 3125 καρδίας
3619 3050 3711 3105 καὶ
3750 3056 3850 3120 τῆς

2194 3145 2380 3219 ψυχῆς
2412 3145 2549 3215 πρὸς
2578 3139 2632 3198 ἓν
2664 3141 2952 3218 κατάλυμα
3003 3144 3104 3212 τήν
3154 3142 3332 3218 ὁρμὴν
3371 3139 3741 3213 ποιουμένων.
3771 3141 3848 3196 Τὸ

422 3236 520 3290 Dei
545 3237 1054 3292 manutenentiam
1071 3235 1450 3308 signiﬁcatad
1470 3234 1938 3290 conservandam
1957 3233 2081 3290 ani.

2203 3231 2272 3292 δὲ.
2329 3260 2357 3286 ‹‹
2398 3235 2525 3305 Ἢν,
2564 3259 2584 3284 ι
2644 3233 2707 3289 τὸ
2761 3232 2898 3308 πρὸς
2953 3233 3303 3308 εὐαρεστησιν
3360 3235 3628 3286 συντεῖνον
3687 3231 3847 3288 Θεοῦ.

422 3328 504 3382 mi
529 3325 1012 3398 placabilitatem.
1049 3327 1139 3382 4!
1180 3326 1324 3380 Nam
1350 3324 1738 3397 intelligentis
1762 3340 2079 3396 argumen-

421 3422 549 3472 tum
582 3423 672 3472 est
699 3423 1082 3472 contemnere
1114 3413 1400 3485 pericula,
1437 3413 1647 3469 vivacis
1690 3419 1891 3470 autem
1923 3413 2081 3469 indi-

421 3507 582 3562 cium
613 3505 946 3562 absolutam
977 3521 1106 3560 esse
1138 3503 1295 3559 circa
1349 3502 1680 3574 corporalia
1712 3509 2076 3574 temperatu-

420 3613 568 3653 ram.
603 3611 819 3667 nempe
874 3600 940 3649 ut
989 3608 1198 3664 pauca,
1255 3597 1313 3647 et
1367 3597 1660 3662 quantum
1711 3589 1784 3645 ad
1818 3589 2076 3645 tenuiter

415 3685 731 3741 vivendum
763 3683 907 3740 satis
939 3683 1079 3746 sint,
1111 3679 1354 3736 habenti
1389 3679 1691 3735 sufﬁciant
1718 3695 1731 3732 :
1781 3695 2075 3734 summam

418 3781 616 3830 autem
677 3773 891 3829 habeat
946 3787 1149 3827 curam
1211 3775 1275 3824 ut
1335 3767 1644 3842 egentibus
1675 3767 2070 3838 provideatur.

415 3866 708 3920 Prmterea
729 3863 801 3919 de
824 3879 890 3918 eo
915 3861 1072 3933 quod
1096 3863 1428 3915 Commotus
1452 3864 1542 3913 est
1568 3856 1872 3916 locus.hoc
1894 3857 2072 3912 etiam

416 3954 748 4025 intelligere
806 3956 1038 4021 oportet
1088 3947 1246 4019 quod
1306 3947 1496 4001 factus
1558 3952 1646 4001 est
1702 3951 2072 4001 terrasmotus

413 4049 479 4096 ut
509 4039 849 4095 incredulos
906 4036 1146 4108 quidem
1204 4052 1272 4091 ac
1330 4035 1765 4090 comminantes
1796 4040 2067 4100 terreret,

415 4127 714 4200 apostolos
746 4142 880 4180 vero
935 4125 995 4180 in
1054 4123 1364 4180 audaciam
1415 4123 1756 4180 adduceret.
1795 4124 1954 4179 Finis
1986 4124 2065 4178 si-

415 4216 654 4290 quidem
685 4232 752 4270 ac
785 4213 1110 4270 necessitas
1135 4213 1344 4270 talium
1369 4214 1673 4288 signorum
1706 4219 1832 4270 erat
1860 4219 1926 4269 ut
1954 4213 2068 4286 ipsi

414 4305 933 4362 confirmarentur.

483 4394 574 4460 IV,
610 4395 698 4451 32.
764 4416 786 4445 ιι
824 4392 1219 4449 Multitudinis
1277 4399 1477 4450 autem
1537 4391 1906 4450 credentium
1943 4399 2069 4450 erat

420 4505 441 4533 ε
477 4502 577 4542 cor
608 4501 793 4541 unum
827 4491 885 4540 et
914 4483 1117 4539 anima
1147 4499 1305 4539 una:
1368 4499 1478 4538 nec
1510 4484 1827 4554 quisquam
1859 4500 2065 4539 eorum

2190 3327 2300 3378 Τοῦ
2348 3326 2540 3398 νοεροῦ
2586 3321 2686 3399 γὰρ
2737 3318 2992 3400 ἔλεγχος,
3034 3323 3098 3378 τὸ
3151 3318 3388 3400 ἀφειδεῖν
3419 3323 3525 3375 τῶν
3560 3314 3844 3374 κινδύνων.

2190 3417 2301 3470 Τοῦ
2335 3417 2569 3483 ζωτικοῦ
2601 3410 2656 3468 δὲ
2695 3415 3000 3490 γνώρισμα,
3031 3412 3093 3468 τὸ
3153 3411 3276 3485 περὶ
3330 3411 3396 3465 τά
3426 3408 3716 3483 σωματικά
3741 3408 3845 3477 την

2189 3498 2522 3577 διεξαγωγὴν
2579 3497 3000 3578 ἐξηκριϐῶσθαι,
3055 3500 3130 3564 ὡς
3189 3499 3353 3575 ὀλίγα
3413 3499 3509 3572 μὲν
3565 3499 3653 3554 καὶ
3715 3495 3842 3552 ὅσον

2187 3590 2419 3663 ἀποζῇν,
2468 3591 2837 3666 χορηγεῖσθαι
2885 3593 2965 3663 τῷ
3011 3585 3352 3664 κεκτημένῳ,
3383 3588 3446 3643 τὸ
3495 3593 3598 3642 πᾶν
3637 3584 3694 3642 δὲ
3722 3590 3841 3648 τοῖς

2187 3678 2309 3754 βίου
2367 3680 2682 3749 σπανίζουσι
2742 3684 3230 3759 καρποφορεῖσθαι.
3277 3680 3394 3735 Ἒτι
3449 3676 3573 3752 περῖ
3623 3678 3719 3731 τοῦ
3751 3695 3841 3729 σα-

2185 3765 2439 3838 λευθῆναι
2493 3769 2583 3823 τὸν
2636 3767 2830 3835 τόπον,
2888 3769 2979 3824 καὶ
3037 3771 3200 3824 τοῦτο
3252 3773 3443 3836 νοῆσαι
3497 3763 3594 3832 δεῖ,
3628 3764 3700 3825 ὡς
3732 3785 3840 3842 φο-

2183 3851 2295 3911 ϐῶν
2333 3856 2427 3930 μὶν
2479 3857 2608 3919 τοὺς
2664 3855 2926 3922 ἀπίστους
2979 3857 3069 3912 καὶ
3126 3855 3480 3916 ἀπειλοῦντας
3531 3854 3559 3908 ὁ
3609 3854 3835 3926 σεισμὸς

2182 3945 2411 4020 ἐγένετο,
2445 3947 2522 4012 εἰς
2569 3949 2769 4023 θάρσος
2802 3944 2860 4003 δὲ
2908 3949 3054 4023 ἅγὼν
3085 3947 3212 4009 τοὺς
3244 3945 3606 4014 ἀποστόλους,
3638 3941 3831 4013 ἐπειδὴ

2179 4034 2329 4114 ἀρχὴ
2379 4036 2448 4107 ἦν
2499 4037 2586 4092 καὶ
2636 4036 2799 4113 χρεία
2834 4041 2943 4093 τῶν
3000 4035 3267 4092 τοιούτων
3317 4034 3560 4110 σημείων
3602 4033 3738 4111 πρὸς
3766 4033 3833 4089 τὸ

2184 4124 2381 4188 αὐτοὺς
2413 4128 2754 4202 στερεωθῆνα
2763 4148 2798 4182 ι.

2247 4420 2275 4448 ‹‹
2302 4399 2407 4450 Τοῦ
2457 4391 2515 4451 δὶ
2561 4394 2810 4469 πλήθους
2860 4401 2968 4453 τῶν
3017 4398 3416 4454 πιστευσάνυων
3448 4396 3516 4468 ἧν
3561 4399 3596 4468 ἡ
3637 4394 3842 4472 καρδία

2172 4507 2200 4536 οι
2229 4483 2318 4539 καὶ
2348 4487 2383 4554 ἡ
2419 4487 2573 4561 ψυχὴ
2610 4487 2727 4560 μία.
2790 4487 2893 4544 Καὶ
2951 4485 3079 4543 ούδὶ
3137 4488 3217 4551 εἷς
3244 4509 3292 4543 τι
3325 4491 3435 4543 τῶν
3469 4487 3840 4564 ὑπαρχόντων

423 4600 450 4628 ‹‹
480 4595 609 4648 qua:
641 4575 982 4648 possidebat
1029 4573 1256 4644 aliquid
1311 4590 1485 4628 suum
1520 4590 1648 4629 esse
1689 4573 1940 4642 dicebat,
1969 4574 2073 4629 sed

2203 4573 2384 4645 ιαύτῷ
2441 4571 2621 4652 ἔλεγεν
2677 4573 2818 4630 ἴδιον
2878 4575 3037 4646 εἶναι,
3093 4573 3223 4633 ἀλλ’
3281 4576 3348 4646 ἦν
3407 4575 3591 4638 αὑτοῖς
3624 4576 3845 4632 ἅπαντα

415 4691 443 4718 ‹‹
479 4675 647 4724 erant
676 4668 796 4723 illis
829 4666 1030 4722 omnia
1059 4664 1422 4722 communia.
1460 4687 1486 4712 η

487 4757 718 4810 Mutuus
740 4773 906 4810 amor
929 4757 1082 4810 inter
1104 4772 1204 4809 eos
1228 4759 1354 4809 erat
1375 4753 1552 4807 etiam
1583 4769 1652 4808 ex
1683 4753 2066 4824 praeceptoris

410 4844 624 4900 Christi
659 4845 854 4914 jussu,
890 4861 1023 4898 cum
1057 4843 1324 4898 dixerat:
1359 4865 1385 4889 ‹‹
1421 4843 1532 4895 Per
1561 4841 1673 4896 hoc
1705 4847 2066 4913 cognoscent

409 4949 620 4989 omnes
652 4932 809 5003 quod
842 4933 955 4988 mei
991 4933 1118 4986 sitis
1152 4930 1451 5003 discipuli.
1477 4929 1524 4984 si
1553 4929 1933 4985 dilectionem
1968 4931 2064 4987 ha-

404 5021 657 5077 bueritis
691 5021 847 5076 inter
874 5038 972 5075 vos
995 5028 1264 5075 mutuam
1286 5020 1350 5074 ⁸⁵.
1376 5042 1404 5071 η
1439 5019 1574 5074 ldeo
1599 5019 1776 5074 etiam
1811 5019 2064 5092 quisque

406 5110 741 5184 proximum
803 5116 1087 5181 reputans
1141 5115 1423 5180 tanquam
1457 5110 1740 5181 seipsum,
1789 5109 1942 5165 nihil
1974 5128 2066 5166 eo-

406 5217 538 5256 rum
571 5217 701 5271 quze
725 5199 1066 5271 possidebat
1085 5198 1195 5252 sibi
1227 5199 1338 5270 ipsi
1369 5200 1674 5271 proprium
1709 5199 2060 5256 vindicando

405 5291 702 5346 retinebat
743 5289 845 5344 sed
871 5290 928 5343 in
953 5304 1332 5343 communem
1357 5289 1670 5344 utilitatem
1707 5290 2060 5361 proferebat.

405 5377 570 5432 Unde
603 5380 778 5432 etiam
828 5378 1078 5450 gratiam
1141 5392 1417 5448 magnam
1473 5379 1556 5433 ait
1589 5379 1710 5433 illis
1753 5396 1820 5433 ex
1854 5387 2061 5435 mutua

404 5466 725 5522 dilectione
761 5467 1124 5522 accessisse:
1161 5482 1231 5520 ex
1265 5481 1333 5520 eo
1387 5467 1546 5521 enim
1578 5467 1736 5538 quod
1768 5469 1921 5524 nihil
1952 5467 2064 5524 sibi

480 5669 531 5707 ⁸⁵
555 5667 722 5728 Joan.
754 5682 876 5736 ιιιῐ,
906 5672 997 5726 35.

2180 4687 2208 4715 ί(
2237 4685 2413 4720 κοινα.
2447 4689 2474 4715 ³³

2245 4754 2320 4810 Τὸ
2351 4751 2732 4831 φιλάλληλον,
2781 4756 2871 4812 καὶ
2915 4755 2968 4828 ἕξ
3016 4755 3217 4833 ἐγγύης
3257 4761 3466 4832 προσῆν
3517 4755 3703 4818 αὐτοῖς
3731 4759 3846 4811 τοῦ

2175 4838 2503 4900 διδασκάλου
2534 4844 2791 4918 Χριστοῦ,
2824 4841 2894 4900 δι’
2943 4845 3016 4900 ὧν
3062 4841 3260 4922 ἔλεγεν·
3296 4871 3323 4896 ‹‹
3357 4845 3445 4901 Ἐν
3473 4842 3656 4917 τούτῳ
3687 4844 3850 4918 γνώο

2175 4952 2359 4987 σονται
2411 4933 2608 4998 πάντες
2663 4934 2744 4989 δτι
2804 4931 2934 5007 ἐμοὶ
2996 4932 3236 5008 μαθηταί
3286 4933 3420 5006 ἕστε,
3475 4931 3561 4988 ἐὰν
3612 4931 3854 5006 ἀγάπην

2173 5016 2340 5096 ἔχητε
2387 5019 2438 5076 ἓν
2483 5019 2778 5092 ἀλλήλοις.
2818 5047 2844 5073 ››
2893 5023 3090 5098 Διόπερ
3133 5022 3224 5079 καὶ
3273 5021 3496 5083 ἕκαστος
3539 5021 3612 5083 ὡς
3642 5020 3852 5078 ἑαυτὸν

2172 5110 2490 5185 ἡγούμενος
2520 5112 2610 5167 τὸν
2646 5111 2905 5180 πλησίον,
2940 5110 3095 5168 οὐδὲν
3121 5116 3230 5168 τῶν
3270 5110 3628 5187 ὑπαρχόντων
3657 5110 3857 5186 ἑαυτῷ

2173 5196 2576 5272 ἑξιδιαζόμενος
2605 5205 2874 5276 κατεῖχεν,
2924 5199 3050 5257 ἄλλ’
3096 5201 3173 5265 εἷς
3219 5199 3614 5276 κοινοχρησίαν
3660 5219 3863 5274 προσ-

2173 5289 2354 5347 ετίθει.
2388 5289 2472 5363 Ἐξ
2517 5289 2580 5344 οῦ
2630 5291 2718 5345 καὶ
2771 5291 2934 5366 χάριν
2990 5290 3122 5369 φησὶ
3173 5289 3415 5365 μεγάλην
3448 5289 3633 5350 αὐτοῖς
3665 5285 3863 5346 ἐπελ-

2171 5379 2282 5432 θεῖν
2309 5379 2415 5434 ἀπὸ
2464 5388 2566 5449 τῆς
2616 5381 2998 5452 φιλαλληλίας
3069 5383 3164 5452 Τῷ
3205 5380 3306 5456 γάρ
3342 5381 3418 5452 μή
3451 5377 3862 5454 ἐξιδιάζεσθαι,

2172 5465 2355 5532 οὐδεὶς
2410 5469 2477 5539 ἦν
2533 5468 2718 5541 ὶνδεής
2749 5456 2853 5526 ’ἕν’
2883 5471 3086 5534 αὑτοῖς.
3143 5472 3314 5543 ’Όπερ
3352 5473 3474 5542 τοῦ,
3507 5493 3535 5521 α
3569 5467 3868 5543 Ἀνοίγιις
