4134 6196
288 304 400 362 105

1282 297 1688 362 COMMENT.
1737 299 1814 358 ΙΝ
1864 300 2061 360 ACTA
2107 297 2703 364 APOSTOLORUM.

3583 304 3697 366 106

288 433 351 489 σὺ
378 434 484 504 τήν
513 431 675 510 χεῖρά
705 453 824 503 σου,
853 430 944 488 καὶ
974 426 1256 506 έμπιπλᾷς
1288 436 1395 486 πᾶν
1425 435 1589 504 ζῶον,
1625 454 1651 480 ιι
1704 431 1937 504 μίμησις

2084 431 2194 506 psis
2225 433 2822 505 vindicarent,nullus
2851 438 3010 496 inter
3039 456 3138 496 eos
3171 454 3348 514 egens
3378 435 3693 512 erat,quod

288 527 380 594 ἦν.

364 730 385 756 ι
434 705 537 762 Καὶ
569 702 785 780 μεγάλῃ
813 700 1040 776 δυνάμει
1089 699 1375 758 ἀπεδίδουν
1427 702 1490 757 τὸ
1536 700 1827 775 μαρτύριον
1889 700 1941 754 οἱ

291 820 318 848 α
373 793 684 850 ἀπόστολοι
740 799 842 861 τῆς
899 791 1234 853 ἀναστάσεως
1291 796 1387 848 τοῦ
1462 791 1666 864 Κυρίου
1736 791 1937 862 Ἰησοῦ,

292 909 319 936 ιι
354 885 516 958 χάρις
548 904 604 938 τε
637 880 852 957 μεγάλη
886 882 951 949 ἧν
992 879 1081 934 ἐπὶ
1138 880 1343 942 πάντας
1392 879 1610 941 αύτούς.
1644 875 1785 936 Οὐδὲ
1838 877 1939 954 γὰρ

299 999 317 1025 ι
344 972 533 1044 ἐνδεής
562 995 645 1035 τις
679 973 928 1050 ὑπῆρχεν
959 970 1008 1025 ἐν
1051 969 1255 1032 αὐτοῖς.
1315 973 1471 1028 "ant
1518 969 1621 1046 γὰρ
1678 971 1940 1042 κτήτορες

291 1091 318 1120 ιι
350 1066 577 1142 χωρίων
605 1064 640 1133 ἢ
683 1063 872 1119 οἰκιῶν
906 1064 1183 1140 ὑπῆρχον,
1233 1059 1545 1123 πωλοῦντες
1604 1054 1792 1139 ἔφερον
1845 1058 1940 1121 τὰς

290 1182 318 1210 ιι
346 1156 516 1230 τιμὰς
550 1157 660 1210 τῶν
691 1150 1167 1227 πιπρασκομένων.
1204 1175 1225 1202 ι

358 1337 462 1405 Τὸ,
520 1331 835 1400 ἀπεδίδουν,
926 1331 1168 1406 καθάπερ
1253 1329 1693 1407 ἐγχειρισθέντας
1749 1326 1945 1392 αὐτούς

285 1447 361 1497 τι,
396 1423 657 1491 δείκνυσι,
687 1422 777 1478 καὶ
808 1421 884 1483 ὡς
915 1420 1038 1494 περί
1070 1417 1396 1498 ὀφλήματος
1436 1417 1582 1493 λέγει
1636 1417 1792 1472 αὐτό.
1847 1416 1946 1470 Δια

290 1517 396 1591 γὰρ
428 1519 540 1568 τῶν
573 1515 943 1586 θεοσημειῶν,
975 1508 1118 1574 θείαν
1148 1506 1377 1579 δύναμιν
1405 1506 1674 1563 ἐδείκνυον
1701 1502 1824 1561 ὄντα
1852 1505 1942 1562 τὸν

289 1605 349 1659 ἐκ
379 1609 584 1677 νεκρῶν
617 1602 937 1658 ἀναστάντα.

363 1718 389 1746 ιι
424 1694 527 1748 Καὶ
578 1691 788 1748 ἐτίθουν
821 1691 967 1765 παρὰ
1023 1687 1152 1752 τοὺς
1201 1687 1371 1750 πόδας
1429 1692 1536 1744 τῶν
1596 1684 1948 1751 ἀποστόλων.

2051 523 2214 579 illius
2247 525 2502 581 Davidici
2553 527 2691 582 dicti
2749 529 3001 585 imitatio
3063 536 3228 586 erat:
3290 552 3316 579 «
3377 531 3586 602 Aperis
3637 537 3699 587 tu

2052 629 2297 670 manum
2329 621 2517 683 tuam,
2551 625 2609 672 et
2642 618 2858 690 imples
2890 637 3064 675 omne
3097 621 3324 676 animal
3355 621 3419 676 ⁸⁸.
3454 644 3482 672 ››

2124 726 2152 753 ‹‹
2185 706 2277 772 IV,
2311 707 2398 773 33,
2433 709 2519 761 34.
2555 708 2625 762 Et
2657 724 2870 777 magna
2901 710 3114 766 virtute
3172 711 3502 766 reddebant
3555 728 3700 783 apo-

2051 814 2078 844 «
2114 793 2250 848 stoli
2283 794 2691 850 testimonium
2749 799 3204 853 resurrectionis
3261 799 3494 855 Domini
3539 801 3695 868 Iesu,

2050 902 2080 931 ‹‹
2113 882 2416 953 gratiaque
2441 900 2654 955 magna
2687 891 2814 939 erat
2863 902 3043 957 super
3074 886 3234 958 ipsos
3269 905 3280 941 :
3313 905 3507 960 neque
3537 889 3698 944 enim

2049 989 2080 1017 «
2115 969 2408 1042 quispiam
2442 988 2621 1045 egens
2659 981 2788 1029 erat
2817 974 2974 1029 inter
3023 975 3178 1031 illos.
3238 978 3380 1032 Nam
3413 982 3704 1049 quotquot

2055 1077 2084 1110 ιι
2113 1075 2486 1128 possessores
2517 1063 2882 1134 praediorum
2916 1069 3019 1119 aut
3078 1064 3293 1119 aedium
3327 1073 3498 1121 erant
3549 1067 3705 1120 inter

2053 1166 2079 1198 ι
2123 1165 2243 1215 eos,
2292 1149 2612 1208 vendentes
2671 1153 3002 1209 aﬂerebant
3059 1155 3249 1225 pretia
3309 1171 3512 1210 eorum
3573 1171 3703 1226 quea

2054 1258 2083 1287 «
2113 1238 2542 1296 vendebantur.
2576 1263 2604 1291 »

2125 1327 2332 1396 Dictio,
2365 1328 2714 1398 reddebant,
2763 1335 3045 1402 tanquam
3103 1333 3332 1405 aliquid
3389 1333 3568 1389 fuerit
3620 1334 3706 1389 eis

2053 1417 2460 1473 concreditum
2494 1421 2876 1491 signiﬁcat,et
2896 1421 3006 1476 hoc
3021 1422 3200 1477 veluti
3223 1422 3294 1478 de
3326 1422 3526 1479 debito
3541 1424 3705 1480 dicit.

2055 1507 2198 1562 Nam
2231 1524 2336 1579 per
2380 1508 2578 1564 divina
2631 1509 2800 1582 signa
2856 1510 3116 1566 divinam
3174 1513 3572 1568 ostendebant
3601 1529 3711 1585 po-

2056 1597 2304 1652 tentiam
2336 1598 2465 1670 ejus
2491 1598 2591 1668 qui
2623 1615 2658 1653 a
2689 1600 2939 1654 mortuis
2972 1601 3348 1656 surrexisset.

2130 1687 2285 1752 «IV,
2321 1689 2406 1740 35.
2453 1689 2522 1740 Et
2569 1686 2875 1758 ponebant
2933 1688 3008 1744 ad
3064 1689 3246 1760 pedes
3277 1689 3711 1761 apostolorum.

293 1806 321 1835 α
355 1778 638 1842 Διεδίδοτο
696 1776 753 1835 δὲ
807 1776 1022 1852 εκάστῳ
1078 1778 1268 1843 καθότι
1327 1776 1386 1832 ἄν
1467 1797 1549 1838 τις
1631 1773 1820 1852 χρείαν
1869 1776 1947 1829 εἴ·

2084 1795 2086 1822 :
2143 1774 2618 1832 Distribuebatur
2665 1781 2864 1832 autem
2925 1778 3178 1852 singulis
3235 1785 3410 1850 prout
3492 1781 3710 1851 cuique

289 1897 318 1926 κ
358 1891 475 1947 χεν.
512 1895 542 1922 η

363 1963 447 2018 Τὸ
480 1959 632 2036 παρᾶ
657 1958 784 2022 τοὺς
833 1954 1003 2020 πόδας
1061 1958 1155 2019 τὰς
1211 1955 1378 2030 τιμὰς
1434 1956 1638 2012 τιθέναι
1667 1958 1774 2009 τῶν
1807 1952 1948 2008 ἀπο-

295 2050 536 2121 στόλων,
571 2048 719 2105 ἄλλα
752 2049 827 2122 μή
859 2048 995 2124 πρὸς
1018 2046 1112 2110 τὰς
1145 2051 1358 2125 χεῖρας,
1399 2045 1497 2114 τὴν
1527 2043 1746 2114 πολλὴν
1778 2044 1946 2117 τιμὴν
1979 2097 2001 2110 ί

291 2140 387 2198 καὶ
411 2135 700 2198 εὐλάϐειαν
731 2144 838 2194 τῶν
898 2139 1286 2213 προσαγόντων
1340 2134 1527 2206 δηλοῖ.
1583 2137 1702 2192 Ὅτι
1737 2131 1792 2189 δὲ
1849 2133 1951 2188 οὐκ

293 2232 374 2296 εἷς
400 2232 499 2290 τὰς
533 2235 726 2305 χεῖρας
775 2228 1028 2300 ἐτόλμων
1085 2224 1286 2295 δοῦναι,
1347 2224 1542 2287 αὐτοὺς
1609 2223 1829 2298 κυρίους
1883 2223 1946 2292 ἦν

294 2325 470 2374 ποιεῖν
523 2318 616 2373 καὶ
674 2316 1027 2389 οἰκονόμους,
1083 2315 1158 2377 ὡς
1207 2313 1266 2369 ἐκ
1315 2319 1510 2369 κοινῶν
1567 2312 1952 2372 ἀναλίσκοντας

291 2408 556 2484 ταμείων,
589 2406 792 2478 καὶμὴ
835 2406 910 2468 ὡς
968 2404 1018 2473 ἐξ
1080 2403 1234 2458 ίδίων
1298 2401 1385 2458 διὰ
1443 2407 1663 2479 χειρῶν.
1719 2404 1838 2459 Ἔτι
1889 2401 1952 2457 τὸ

293 2501 432 2576 πρὸς
463 2499 594 2557 τοὺς
626 2492 818 2561 πόδας,
878 2494 970 2548 καὶ
1027 2488 1186 2555 σέϐας
1246 2492 1437 2556 αὐτοῖς
1497 2491 1826 2566 περιεποίει.
1889 2511 1958 2546 κα

298 2586 541 2650 ὀνείδους
571 2587 768 2664 ἀφῄρει
800 2587 900 2655 τὴν
929 2580 1131 2640 ἔνδειαν
1162 2589 1271 2640 τῶν
1301 2580 1669 2658 τρεφομένων.
1707 2579 1954 2639 Ἐδίδουν

292 2677 373 2749 δὲ,
408 2679 486 2740 ὡς
521 2676 580 2733 ἐκ
608 2681 808 2732 κοινῶν
831 2674 1074 2749 ταμείων
1103 2669 1560 2750 χορηγουμένων.

367 2882 397 2910 ιι
428 2858 625 2924 Ἰωσῆς
657 2852 716 2909 δὲ
775 2854 803 2908 6
857 2849 1177 2923 ἐπικληθεὶς
1219 2845 1504 2926 Βαρνάϐας
1538 2849 1640 2905 ὑπὸ
1673 2853 1779 2905 τῶν
1814 2848 1954 2904 απο-

298 2973 324 2998 α
359 2943 601 3011 στόλων,
627 2945 656 2998 6'
686 2942 850 3011 ἐστιν,
884 2942 1000 3004 υἱὸς
1060 2939 1482 3018 παρακλήσεως,
1543 2936 1794 3009 Λευίτης,
1855 2937 1957 2995 Κύ-

304 3062 326 3086 .
361 3056 524 3109 πριος
554 3037 636 3104 τῷ
674 3029 834 3108 γένει,
894 3031 1238 3106 ὑπάρχοντος
1295 3029 1463 3084 αὐτοῦ
1512 3029 1700 3104 ἀγροῦ,
1758 3024 1958 3097 πωλήο

305 3150 326 3175 ι
357 3143 452 3184 σας
484 3121 678 3195 ἤνεγκε
705 3122 767 3176 τὸ
803 3123 1021 3195 χρῆμα,
1053 3119 1146 3174 καὶ
1176 3115 1338 3189 ἔθηκε
1392 3117 1540 3192 παρὰ
1597 3116 1727 3178 τοὺς
1784 3112 1956 3176 πόδας

303 3237 331 3265 α
361 3217 470 3268 τῶν
498 3212 850 3266 ἀποστόλων.
887 3232 914 3259 ι)

374 3307 600 3375 Πρῶτον
635 3303 908 3374 μέμνηται
963 3303 1065 3353 τοῦ
1123 3299 1578 3372 κατωρθωκότος,
1639 3297 1805 3372 ἤγουν
1863 3298 1960 3350 τοῦ

299 3396 487 3462 Ἰωσῆ,
522 3392 598 3452 εἷς
654 3385 881 3465 ἔλεγχον
949 3389 1170 3461 μείζονα
1226 3386 1493 3455 Ἀνανίου,
1549 3385 1634 3441 ὅτι
1689 3384 1962 3440 τοσούτων

305 3479 478 3538 ὄντων
509 3486 619 3537 τῶν
651 3484 823 3535 ταῦτα
851 3487 1174 3543 ποιούντων,
1223 3476 1312 3531 καὶ
1360 3475 1635 3531 τοσούτων
1691 3475 1960 3548 σημείων,

306 3573 397 3627 καὶ
425 3571 700 3641 τοσαύτης
727 3569 981 3644 χάριτος,
1016 3567 1103 3622 ὑπ’
1136 3562 1357 3626 οὐδενὸς
1404 3566 1612 3620 τούτων
1646 3561 1960 3634 ἐπαιδεύθη.

315 3665 402 3733 Τῷ
431 3659 677 3733 δὲἸωσῇ
732 3660 838 3715 ἀπὸ
866 3663 976 3714 τῶν
1038 3652 1394 3713 Ἀποστόλων
1548 3653 1747 3723 κλῆσις
1800 3651 1962 3728 ἐπρυ-

308 3751 564 3820 τανεύθη,
601 3748 900 3820 μαρτύριον
957 3745 1154 3819 ἀρετῆς
1209 3741 1681 3819 φιλοικτίρμονος.
1737 3740 1966 3809 Λευῗτης

312 3838 369 3896 δὶ
399 3839 499 3908 ὢν,
534 3838 785 3912 Κύπριος
815 3831 1211 3916 ἐχρημάτιζεν,
1239 3828 1326 3887 ὅτι
1355 3832 1383 3885 6
1412 3829 1582 3903 νόμος
1613 3825 1720 3898 ἤδη
1754 3827 1964 3898 ἐλύετο,

313 3931 402 3984 καὶ
441 3928 722 4000 μετῴκουν
755 3923 804 3994 ἐξ
842 3920 1108 3982 Ἰουδαίας
1140 3920 1277 3977 ὅπου
1332 3920 1392 3975 ἂν
1447 3939 1528 3980 τις
1579 3917 1865 3992 βούλοιτο.
1897 3917 1968 3971 Τὸ

316 4017 372 4074 δε
407 4011 684 4092 βαρναὸας
718 4014 769 4083 ἐξ
811 4011 1075 4074 Ἰουδαίας
1123 4008 1379 4084 γλώσσης
1436 4009 1510 4070 εἰς
1564 4004 1802 4064 Ἐλλάδα
1853 4007 1970 4062 ἀνα.

315 4107 717 4177 πτυσσόμενον,
796 4104 912 4158 υἱὸν
999 4097 1395 4176 παρακλήσεως
1471 4102 1726 4173 παριστᾷ,
1810 4095 1972 4152 οἷονεί

313 4193 665 4272 παραμυθίας
713 4192 804 4249 καὶ
840 4191 1159 4266 οίκτιρμοῦ.
1228 4187 1652 4263 Προπαρασκευή
1713 4183 1770 4241 δὲ
1814 4189 1974 4242 τοῦτο

310 4290 406 4341 τοῦ
439 4283 579 4340 κατὰ
603 4283 845 4339 Ἀνανίαν
873 4281 964 4335 καὶ
987 4281 1294 4354 Σαπφειραν
1324 4275 1575 4351 ὀλεθρίου
1607 4273 1769 4351 διηγὴ
1783 4296 1978 4348 ματος,

313 4377 567 4449 Μιμήσει
595 4374 696 4448 γὰρ
723 4372 816 4427 καὶ
851 4370 1019 4431 οὗτος
1051 4372 1148 4423 τοῦ
1176 4371 1360 4438 Ἰωσῆ,
1393 4366 1481 4420 τὸν
1513 4364 1672 4441 ἀργὸν
1701 4363 1980 4439 ἀποδόμε-

311 4487 424 4532 νος,
473 4465 553 4537 μή
590 4459 964 4530 καταλλήλως
1034 4457 1390 4533 χρησάμενος
1440 4458 1508 4528 τῇ
1566 4453 1715 4529 ἀρχῇ
1762 4453 1850 4509 καί
1906 4459 1984 4526 τῷ

315 4553 491 4622 τέλει,
527 4549 720 4607 ἔλαθεν
759 4549 936 4620 ἑαυτῷ
967 4543 1195 4622 ὄλεθρον
1229 4541 1561 4618 διαθέμενος.

392 4851 420 4877 ιι
457 4825 630 4896 Ἀνὴρ
663 4818 722 4877 δέ
749 4841 835 4882 τις
873 4817 1126 4878 Ἀνανίας
1158 4815 1390 4888 ὀνόματι
1445 4811 1537 4868 σὺν
1571 4813 1852 4894 Σαπφείρῃ
1911 4816 1980 4887 τῇ

329 4942 352 4964 ιι
387 4913 604 4988 γυναικὶ
665 4910 832 4965 αὐτοῦ
916 4905 1172 4976 ἐπώλησε
1243 4911 1450 4978 κτῆμα,
1519 4903 1610 4959 καὶ
1666 4901 1982 4976 ἐνοσφίσατο

339 5027 364 5054 ιι
388 5002 494 5057 ἀπὸ
523 5007 626 5069 τῆς
652 5001 842 5073 τιμῆς,
872 4992 1174 5057 συνειδυίας
1211 4993 1303 5048 καὶ
1359 5001 1460 5063 τῆς
1513 4996 1763 5071 γυναικὸς
1795 4991 1982 5062 αὐτοῦ,

335 5117 364 5142 ι(
392 5092 482 5146 καὶ
515 5085 736 5166 ἐνέγκας
767 5086 933 5162 μέρος
964 5106 1016 5141 τι
1048 5087 1195 5162 παρὰ
1221 5081 1351 5146 τοὺς
1381 5080 1552 5145 πόδας
1611 5087 1717 5138 τῶν
1748 5081 1985 5137 ἀποστό-

345 5210 365 5235 ι
401 5184 513 5240 λων
541 5181 751 5253 ἔθηκεν.
789 5204 812 5233 ι

407 5271 723 5332 Ὀλοτελῶς
755 5269 859 5346 γὰρ
888 5267 1192 5334 Σατανικῆς
1255 5267 1447 5340 μανίας
1502 5265 1714 5338 μεστὸς,
1771 5265 1798 5319 6
1859 5263 1989 5330 αὐθ-

343 5366 605 5440 ορμῆτως
661 5359 882 5416 καῖούκ
910 5359 961 5432 ἐξ
993 5357 1235 5435 ἀνάγκης
1291 5356 1382 5411 καὶ
1445 5354 1563 5428 βίας
1619 5352 1880 5428 ἑλόμενος
1929 5357 1991 5410 τὸ

352 5455 619 5529 χρηστὸν,
649 5450 763 5525 ἅμα
793 5448 852 5505 δὲ
877 5453 946 5522 τῇ
976 5450 1123 5524 ἀρχῇ
1184 5447 1284 5516 τήν
1333 5445 1456 5519 περὶ
1487 5445 1547 5499 τὸ
1604 5443 1800 5520 ἀγαθὸν
1854 5444 1994 5514 ζέσιν

420 5603 466 5640 ⁸⁸
495 5603 653 5661 Psal.
686 5617 950 5671 cxxxxrv,
974 5598 1060 5658 16.

671 5735 938 5792 ΡΑττιυι.
985 5728 1096 5789 Gn.
1144 5726 1398 5790 CXVIII.

2061 1886 2088 1914 «
2123 1881 2270 1936 opus
2303 1871 2446 1921 erat.
2481 1888 2509 1916 ››

2130 1953 2218 2008 Ad
2249 1953 2429 2026 pedes
2461 1955 2864 2026 apostolorum
2901 1957 3088 2030 pretia
3118 1974 3338 2029 ponere
3399 1963 3458 2014 et
3486 1974 3606 2013 non
3637 1956 3712 2014 ad

2061 2059 2294 2113 manus,
2324 2060 2605 2116 magnum
2638 2045 2863 2101 indicat
2883 2047 3172 2103 honorem
3218 2065 3286 2104 ac
3320 2047 3714 2104 reverentiam

2063 2151 2268 2190 eorum
2301 2134 2398 2205 qui
2425 2135 2758 2191 aﬂ‘erebant
2783 2137 2946 2202 Quod
2974 2138 3245 2192 autemin
3280 2139 3559 2193 manibus
3577 2137 3717 2193 dare

2062 2241 2180 2280 non
2213 2223 2534 2292 audebant,
2564 2232 2691 2280 erat
2747 2226 2884 2281 illos
2942 2227 3304 2283 constituere
3344 2228 3622 2283 dominos
3651 2244 3718 2292 ac

2062 2315 2526 2387 dispensatores,
2561 2323 2706 2372 utex
2727 2317 3004 2374 omnibus
3041 2320 3467 2390 promptuariis
3500 2335 3712 2374 consu-~

2062 2412 2379 2474 merent,et
2403 2423 2523 2462 non
2547 2408 2646 2463 42
2670 2425 2774 2479 per
2801 2425 3013 2464 manus
3044 2408 3114 2463 de
3137 2409 3720 2480 propriis.Praeterea

2065 2495 2222 2567 quod
2252 2495 2471 2551 dicitur
2495 2519 2522 2546 ‹‹
2557 2496 2630 2552 ad
2664 2497 2898 2568 pedes,»
2938 2500 3457 2555 etvenerationem
3482 2498 3602 2554 illis
3620 2496 3717 2554 ad-

2067 2584 2330 2651 debat,et
2358 2585 2748 2652 indigentiam
2783 2603 2986 2642 eorum
3029 2587 3130 2658 qui
3165 2588 3471 2643 alerentur
3499 2585 3716 2659 probro

2066 2673 2370 2729 liberabat.
2384 2674 2857 2731 Distribuebatur
2877 2682 3074 2733 autem
3099 2683 3383 2749 tanquam
3399 2693 3428 2731 e
3447 2691 3716 2731 commu-

2064 2763 2242 2818 nibus
2273 2768 2330 2818 et
2359 2762 2807 2820 abundantibus
2840 2767 3284 2838 promptuariis.

2139 2854 2294 2918 «IV,
2325 2855 2417 2920 36,
2457 2853 2545 2907 37.
2605 2854 2768 2909 Joses
2821 2860 3042 2922 autem,
3103 2857 3205 2926 qui
3259 2855 3710 2928 cognominatus

2067 2965 2094 2991 «
2130 2947 2219 2996 est
2247 2942 2546 2998 Barnabas
2577 2942 2649 2996 ab
2682 2943 2989 3013 apostolis,
3024 2943 3181 3014 quod
3215 2949 3324 3010 est,
3376 2943 3536 2997 filius
3569 2957 3710 2997 con-

2068 3052 2095 3080 α
2130 3031 2460 3098 εοιειῐίοηὶε,
2497 3031 2738 3098 Levites,
2773 3030 3017 3103 Cyprius
3047 3048 3284 3103 genere,
3334 3048 3469 3087 cum
3529 3029 3711 3086 habe—

2072 3144 2099 3172 ‹‹
2133 3126 2223 3176 ret
2253 3136 2479 3192 agrum,
2511 3119 2776 3175 vendidit
2805 3126 3037 3188 eum,et
3066 3121 3267 3177 attulit
3293 3122 3572 3193 pretium,
3607 3136 3714 3192 po-

2019 3215 2032 3237 ‘
2072 3234 2098 3260 «
2134 3209 2370 3279 suitque
2399 3207 2474 3263 ad
2504 3207 2684 3280 pedes
2715 3209 3139 3280 apostolorum.
3173 3231 3199 3264 ιι

2142 3298 2406 3354 Primum
2433 3298 2562 3370 ejus
2595 3297 2870 3353 meminit
2920 3300 3019 3370 qui
3078 3301 3431 3372 praclarum
3478 3300 3715 3358 facinus

2072 3395 2348 3462 operatus
2380 3394 2489 3456 est,
2521 3404 2734 3460 nempe
2769 3387 2955 3460 ipsius
2983 3391 3218 3455 Jose,ad
3245 3393 3532 3464 majorem
3564 3394 3724 3448 Ana-

2072 3480 2187 3535 niae
2217 3477 2680 3534 confutationem
2703 3495 2714 3533 :
2741 3479 2919 3550 quod,
2953 3497 3088 3535 cum
3112 3481 3259 3536 tanti
3293 3487 3495 3536 essent
3517 3482 3616 3552 qui
3639 3485 3724 3536 ta-

2074 3569 2154 3624 lia
2184 3572 2427 3639 agerent
2457 3573 2515 3622 et
2543 3572 2704 3622 tanta
2744 3567 2930 3638 signa,
2966 3573 3248 3641 tantaque
3299 3570 3507 3642 gratia,
3559 3568 3725 3624 nullo

2075 3657 2287 3712 horum
2321 3662 2623 3711 correctus
2681 3655 2774 3710 sit.
2828 3658 2961 3728 Ipsa
3013 3663 3210 3713 autem
3237 3659 3369 3713 Jose
3402 3657 3723 3729 appellatio

2076 3746 2148 3801 ab
2181 3745 2464 3817 apostolis
2497 3745 2738 3800 inducta
2771 3751 2860 3800 est
2908 3746 2968 3800 in
3023 3747 3430 3802 testimonium
3489 3746 3725 3800 virtutis

2077 3835 2259 3890 animi
2295 3851 2431 3906 erga
2453 3851 2744 3906 pauperes
2777 3835 3076 3907 propensi.
3111 3835 3253 3891 Cum
3286 3841 3482 3892 autem
3516 3835 3726 3890 levites

2079 3931 2257 3990 esset,
2289 3925 2536 3996 Cyprius
2567 3925 2894 3991 dicebatur,
2928 3926 3085 3996 quod
3119 3926 3210 3982 lex
3246 3929 3374 3999 jam
3406 3927 3600 3983 soluta
3631 3944 3728 3984 es—

2082 4019 2256 4079 set,et
2285 4029 2320 4068 a
2349 4012 2549 4068 Judma
2581 4014 3084 4086 transmigrabant
3112 4032 3228 4086 quo
3257 4017 3507 4087 quisque
3531 4016 3732 4071 vellet.

2084 4103 2270 4157 Dictio
2303 4108 2501 4157 autem
2534 4103 2831 4158 Barnabas
2863 4103 2934 4159 ab
2972 4104 3256 4160 llebraica
3280 4105 3480 4179 lingua
3503 4107 3565 4160 in
3617 4107 3732 4161 La-

2087 4193 2272 4247 tinam
2289 4191 2556 4246 traducta
2581 4192 2767 4246 ﬁliuni
2785 4191 3735 4265 designatconsolationis,nempe

2089 4281 2323 4354 pietatis
2355 4297 2492 4352 erga
2521 4297 2830 4351 pauperes.
2866 4283 2983 4336 Hoc
3015 4288 3213 4337 autem
3261 4290 3540 4354 tanquam
3575 4299 3734 4354 prai-

2089 4371 2322 4428 ludium
2354 4375 2444 4425 est
2472 4368 2546 4426 ad
2577 4370 2981 4426 narrationem
3026 4371 3380 4443 perditionis
3406 4372 3650 4426 Ananiae
3682 4375 3740 4425 et

2096 4461 2418 4533 Sapphiraa.
2455 4461 2596 4515 Nam
2631 4465 2690 4515 et
2719 4460 2814 4516 hic
2843 4461 3028 4533 ipsius
3058 4463 3190 4517 Jose
3221 4461 3549 4516 imitatione
3600 4475 3738 4534 agro

2016 4552 2061 4616 D
2094 4551 2413 4620 divendita,
2446 4567 2566 4607 non
2595 4551 2971 4607 convenienti
3012 4553 3186 4607 modo
3246 4568 3389 4606 usus
3445 4549 3738 4623 principio

2085 4646 2144 4698 et
2173 4642 2312 4708 ﬁne,
2345 4639 2636 4712 ignoravit
2665 4640 2825 4711 quod
2859 4640 2972 4695 sibi
3021 4641 3132 4713 ipsi
3165 4640 3564 4712 perditionem
3599 4657 3742 4696 con-

2089 4731 2338 4788 ciliaret.

2163 4843 2190 4871 «
2225 4822 2284 4887 V,
2323 4824 2370 4885 1,
2396 4823 2447 4874 2.
2477 4821 2787 4875 Virautem
2803 4818 3046 4890 quidam
3061 4820 3322 4875 Ananias
3346 4821 3588 4876 nomine
3607 4836 3744 4876 cum

2093 4933 2120 4961 (ι
2155 4910 2444 4981 Sapphira
2475 4926 2654 4964 uxore
2707 4925 2812 4962 sua
2871 4909 3138 4964 vendidit
3189 4911 3630 4982 possessionem
3689 4914 3750 4963 et

2095 5022 2122 5048 ‹‹
2155 4998 2448 5054 fraudavit
2479 4997 2550 5052 de
2581 4997 2796 5069 pretio,
2833 4999 3070 5055 conscia
3105 5001 3281 5055 etiam
3321 5017 3499 5056 uxore
3543 5015 3669 5066 sua,
3694 5003 3754 5053 et

2097 5111 2125 5139 «ι
2153 5089 2393 5144 allatam
2417 5092 2646 5158 partem
2684 5087 3007 5159 quamdam
3039 5090 3236 5161 posuit
3275 5089 3348 5144 ad
3381 5090 3564 5162 pedes
3607 5105 3753 5160 apo-

2099 5200 2126 5227 ‹‹
2157 5177 2464 5233 stolorum.
2508 5199 2533 5226 ››

2171 5265 2424 5322 Omnino
2457 5266 2617 5321 enim
2652 5268 2923 5323 Satanica
2955 5269 3188 5324 insania
3217 5268 3441 5339 plenus
3474 5266 3618 5327 erat.
3655 5283 3735 5338 qu

2101 5374 2237 5413 cum
2271 5356 2508 5429 pr0prio
2534 5356 2825 5413 instinctu
2856 5363 2914 5412 et
2944 5375 3062 5413 non
3095 5375 3166 5413 ex
3219 5357 3596 5425 necessitate,
3659 5361 3763 5411 aut

2103 5447 2157 5502 vi
2188 5447 2390 5517 aliqua
2429 5446 2588 5519 quod
2618 5447 2841 5503 bonum
2859 5453 2947 5502 est
2975 5447 3463 5521 elegisset,simul
3486 5454 3685 5502 tamen
3698 5449 3765 5498 ut
