4134 6196
491 297 607 356 107
1601 294 2010 358 (ECUMENH
2054 293 2106 354 T

2230 291 2366 352 ICIE’
2406 289 2757 352 EPISCOPI
3777 281 3897 346 108

487 429 730 502 incepit,
755 431 815 484 in
837 430 1058 484 fervore
1091 427 1232 482 boni
1266 427 1526 498 tepidior
1554 428 1741 483 factus
1768 434 1877 496 est,
1912 433 1969 482 et
1999 443 2113 493 cen-

2240 421 2671 497 κατεψυγμὲνος,
2703 421 2792 476 καὶ
2821 421 2884 475 τὸ
2913 424 3115 494 χρῆμα
3145 416 3276 474 ὅλον
3324 414 3632 502 ἀναλώσας.
3666 416 3808 493 Τρία
3839 414 3898 471 δί

487 537 617 574 sum
649 536 884 574 omnem
918 517 1194 589 perdidit.
1229 517 1362 571 Tria
1391 522 1588 572 autem
1641 523 1779 572 tunc
1807 517 1966 572 edita
1997 533 2106 571 sun

2240 513 2374 568 κατά
2432 511 2623 566 ταυτὸν
2679 513 2972 580 τηνικαῦτα
3051 513 3272 582 σημεῖα·
3351 505 3624 581 λαθραίων
3672 509 3895 581 γνῶσις,

485 610 642 664 circa
674 607 946 662 eumdem
980 607 1146 678 signa
1181 623 1193 660 :
1223 607 1480 678 cognitio
1514 607 1905 674 occultorum,
1939 611 2113 662 exter‘

2247 598 2477 674 μελέτης
2513 599 2748 662 διανοίας
2783 593 3102 677 ἑκφόϐησις,
3129 598 3220 653 καὶ
3265 596 3354 652 ἐπὶ
3384 597 3598 658 τούτοις
3629 595 3895 672 ἀναίρεσις

485 697 728 752 refactio
755 712 910 750 curaa
942 696 1182 758 mentis,
1218 701 1276 751 et
1308 701 1598 768 prmterea
1647 696 1926 751 interitus
1959 696 2133 768 jussa

485 785 856 840 subsecutus.

562 897 586 925 α
619 876 682 940 V,
710 877 739 928 3
772 878 824 930 6.
856 875 1010 930 Dixit
1068 882 1266 931 autem
1316 878 1523 932 Petrus
1555 893 1566 930 :
1602 877 1850 942 Anania,
1884 893 1990 931 cur
2019 875 2132 930 im-

485 986 512 1013 ιι
549 963 729 1035 plevit
761 964 1007 1020 Satanas
1040 982 1140 1020 cor
1170 972 1358 1032 tuum,
1393 972 1456 1020 ut
1486 966 1827 1021 mentireris
1885 964 2127 1036 Spiritui

484 1075 510 1099 ‹‹
543 1058 746 1107 sancto
781 1059 838 1107 et
869 1054 1176 1109 fraudares
1209 1054 1279 1109 de
1321 1056 1509 1126 pretio
1541 1055 1659 1126 agri
1691 1055 1719 1108 ‘?
1747 1057 1952 1110 Nonne
2005 1071 2131 1109 ma-

485 1162 514 1190 «
546 1159 696 1196 nens
723 1147 866 1208 {non
901 1143 1194 1212 venditus)
1229 1144 1331 1197 tibi
1371 1145 1674 1207 mansit,et
1703 1143 2038 1199 divenditus
2067 1144 2128 1198 in

486 1253 514 1281 «
542 1238 638 1286 tua
664 1239 790 1286 erat
820 1238 1112 1303 potestate
1133 1232 1160 1287 ?
1191 1233 1380 1297 Quare
1418 1234 1668 1304 posuisti
1701 1234 1761 1287 in
1794 1233 1970 1288 corde
2029 1238 2127 1286 tuo

487 1344 508 1368 ε
547 1337 673 1375 rem
696 1321 868 1376 istam
897 1321 924 1374 ‘?
955 1323 1077 1376 Non
1112 1337 1173 1375 es
1204 1322 1489 1375 mentitus
1521 1321 1990 1387 hominibus,48
2025 1319 2126 1376 sed

486 1429 513 1460 α
547 1412 683 1465 Deo.
720 1410 980 1464 Audiens
1011 1416 1207 1464 autem
1237 1411 1496 1465 Ananias
1529 1411 1636 1464 hos
1668 1426 1974 1465 sermones
2005 1410 2127 1482 col-

485 1525 511 1551 ‹‹
542 1501 742 1570 lapsus
764 1500 1097 1570 exspiravit.
1131 1501 1200 1553 Et
1259 1499 1448 1554 factus
1506 1506 1595 1555 est
1649 1501 1826 1555 timor
1877 1516 2127 1573 magnus

488 1611 508 1637 ιι
550 1604 728 1658 super
761 1604 968 1642 omnes
995 1587 1094 1658 qui
1127 1588 1253 1642 haec
1286 1587 1624 1644 audiebant.
1677 1589 1992 1661 Surgentes
2024 1605 2126 1644 au-

484 1699 508 1730 α
541 1683 659 1732 tem
683 1677 934 1748 juvenes
967 1685 1316 1734 amoverunt
1345 1695 1479 1734 eum
1515 1684 1572 1734 et
1619 1680 1841 1735 elatum
1875 1679 2124 1751 sepelie-

461 1775 470 1783 "
483 1788 510 1816 «
545 1771 702 1822 runt.
737 1789 766 1816 »

553 1878 579 1905 ‹‹
615 1856 868 1924 Anania,
901 1857 1312 1929 curimplevit,
1348 1879 1375 1907 »
1399 1863 1510 1913 etc.
1541 1861 1740 1929 Neque
1783 1859 1940 1912 enim
1973 1857 2120 1912 invi-

481 1950 572 2000 tos
595 1963 694 2000 vos
728 1946 1019 2001 trahimus
1050 1947 1076 2000 ?
1106 1948 1208 2002 sed
1236 1965 1368 2002 cum
1401 1949 1670 2003 ultrones
1701 1949 1991 2021 placuerit
2021 1965 2121 2002 vo-

478 2033 571 2088 bis
593 2035 807 2089 ofi‘erre
862 2037 978 2090 Deo
1028 2038 1348 2103 victimam,
1411 2054 1616 2093 rursus
1674 2054 1774 2092 vos
1834 2038 1996 2109 ipsos
2051 2037 2125 2092 ad

478 2124 784 2195 proprium
816 2142 990 2180 usum
1017 2127 1721 2200 insumerelsacrilegium
1747 2127 1992 2182 indubie
2015 2132 2123 2182 est.

477 2214 614 2268 Ideo
648 2232 884 2285 quoque
939 2216 1362 2287 sacrilegorum
1421 2235 1593 2289 poena
1649 2218 1911 2289 percussi
1965 2223 2122 2272 sunt.

479 2304 743 2366 Quanam
776 2304 803 2358 ?
833 2309 1022 2358 morte
1047 2323 1061 2361 :
1091 2322 1229 2361 nam
1262 2307 1371 2361 hoc
1394 2307 1688 2378 signiﬁcat
1713 2304 1973 2378 ἐξέψυξεν,
2005 2307 2128 2361 vel-

479 2393 564 2446 uti
596 2393 843 2462 exaruit,
878 2394 989 2448 hoc
1019 2400 1130 2462 est,
1163 2395 1324 2450 vitali
1383 2396 1629 2451 humore
1694 2397 1958 2467 privatus
2016 2401 2124 2452 est.

479 2481 615 2536 Ideo
675 2483 852 2538 etiam
903 2484 1098 2538 vivens
1161 2484 1470 2540 dicebatur
1516 2484 1671 2556 apud
1737 2491 1962 2540 veteres
2016 2481 2123 2538 διε-

483 2571 596 2645 ρός,
633 2571 790 2643 quod
823 2572 980 2628 idem
1012 2574 1310 2646 signiﬁcat
1341 2574 1500 2646 quod
1562 2573 1746 2648 ὑγρός,
1779 2574 1839 2629 id
1869 2581 1977 2641 est,
2011 2576 2124 2630 hu-

481 2659 698 2716 midus.

555 2752 614 2815 V,
649 2753 764 2804 7-9.
801 2773 826 2798 ‹‹
860 2751 1202 2806 Intercessit
1243 2757 1439 2806 autem
1499 2753 1676 2807 trium
1737 2753 1921 2807 ferme
1953 2753 2124 2807 hora-

475 2862 503 2890 α
539 2856 670 2895 rum
704 2840 1107 2907 intervallum,
1158 2846 1216 2894 et
1256 2858 1403 2895 uxor
1448 2841 1576 2912 ejus
1634 2841 1908 2896 nesciens
1968 2841 2126 2912 quod

473 2929 852 2998 «acciderat,
949 2931 1230 2985 introivit.
1333 2930 1490 2984 Dixit
1591 2936 1784 2986 autem
1891 2931 1940 2985 ei
2019 2933 2124 2984 Pe-

470 3042 495 3067 ‹‹
535 3025 658 3074 trus
693 3020 834 3074 :Dic
867 3021 1036 3083 mihi,
1076 3035 1219 3074 num
1274 3020 1417 3073 tanti
1454 3036 1660 3090 agrum
1720 3019 2070 3074 vendidistis
2099 3019 2126 3074 ?

471 3130 494 3159 ι(
529 3112 602 3162 At
632 3109 735 3163 illa
761 3109 1184 3175 dixitzEtiam,
1244 3107 1408 3163 tanti.
1473 3111 1680 3164 Petrus
1732 3125 1867 3163 vero
1918 3109 2001 3163 ait
2051 3107 2123 3163 ad

2243 689 2302 746 ἐκ
2332 689 2790 766 προσταγμάτων.

2316 869 2512 926 «Eine
2544 866 2598 924 δὲ
2653 864 2875 941 Πέτρος’
2933 866 3172 935 Ἀνανία,
3231 864 3320 921 διὸ.
3373 864 3428 921 τί
3485 863 3802 938 ἐπλήρωσεν
3863 862 3892 917 ό

2247 979 2270 1008 ι
2304 962 2546 1021 Σατανᾶς
2573 959 2675 1026 τὴν
2703 955 2928 1032 καρδίαν
2960 977 3078 1021 σου,
3121 954 3416 1030 ψεύσασθαί
3448 975 3505 1009 σε
3559 954 3621 1009 τὸ
3672 957 3894 1024 Πνεῦμα

2241 1071 2268 1100 ‹‹
2309 1047 2371 1102 τὸ
2403 1047 2572 1122 ἅγιον,
2603 1047 2692 1102 καὶ
2720 1045 3075 1126 νοσφίσασθαί
3132 1065 3189 1100 σε
3244 1044 3348 1100 ἀπὸ
3411 1050 3512 1113 τῆς
3572 1049 3740 1113 τιμῆς
3795 1045 3891 1096 τοῦ

2241 1163 2271 1194 ιι
2303 1140 2514 1214 χωρίου
2551 1160 2562 1209 ;
2593 1139 2721 1216 ούχῖ
2759 1141 2916 1213 μένον
2947 1161 3032 1194 σοι
3076 1133 3281 1212 ἔμεινε,
3314 1136 3408 1194 καὶ
3455 1137 3652 1211 πραθὶν
3711 1133 3763 1190 έν
3820 1137 3890 1208 τῇ

2241 1255 2268 1282 ‹‹
2297 1233 2364 1303 σῇ
2397 1229 2607 1301 ἐξουσίᾳ
2636 1230 2855 1308 ὑπῆρχε
2887 1251 2902 1300 ;
2933 1229 2985 1284 τί
3012 1228 3095 1284 ὅτι
3155 1226 3278 1282 ἔθου
3337 1225 3388 1281 ἐν
3440 1229 3510 1299 τῇ
3567 1221 3765 1300 καρδίᾳ
3794 1244 3890 1278 σου

2241 1341 2270 1371 (ι
2299 1319 2361 1374 τὸ
2403 1323 2631 1394 πρᾶγμα
2686 1323 2887 1388 τοῦτο;
2943 1319 3042 1374 οὐκ
3097 1316 3307 1393 ἐψεύσω
3359 1315 3688 1390 ἀνθρώποις,
3744 1311 3890 1369 ἀλλά

2241 1431 2270 1460 ι(
2292 1412 2369 1480 τῷ
2389 1413 2525 1480 Θεῷ.
2559 1408 2799 1466 Ἀκούων
2830 1405 2886 1464 δὶ
2917 1405 3161 1470 Ἀνανίας
3212 1405 3338 1468 τοὺς
3401 1402 3604 1480 λογους
3636 1401 3890 1474 τούτους,

2241 1520 2269 1549 ‹‹
2328 1497 2506 1552 πεσὼν
2568 1496 2803 1572 ἐξέψυξε.
2863 1498 2964 1554 Καὶ
3045 1495 3249 1573 ἐγένετο
3312 1488 3484 1571 φόϐος
3573 1493 3746 1569 μέγας
3803 1490 3890 1546 ἐπὶ

2237 1584 2490 1650 «πάντας
2519 1585 2650 1649 τοὺς
2712 1586 3013 1648 ἀκούοντας
3067 1589 3260 1642 ταῦτα.
3313 1586 3664 1645 Ἀνασταντες
3725 1579 3783 1637 δὲ
3839 1583 3890 1636 oi

2238 1703 2263 1728 α
2295 1677 2552 1752 νεώτεροι
2583 1675 2930 1733 συνέστειλαν
2989 1677 3176 1749 αὐτὸν,
3233 1675 3323 1731 καὶ
3377 1672 3742 1750 ἐξενέγκαντες
3772 1669 3894 1737 $0:-

2226 1785 2263 1818 τ(
2300 1769 2421 1840 ψαν.

2307 1879 2333 1907 ε(
2367 1855 2605 1922 Ἀνανία,
2636 1852 2724 1910 διά
2751 1855 2826 1925 τί,
2861 1879 2888 1908 ››
2922 1856 3010 1910 καὶ
3045 1855 3112 1910 τά
3161 1855 3306 1924 έξῆς.
3368 1853 3456 1922 Μὴ
3514 1851 3637 1929 γὰρ,
3696 1850 3884 1931 φησὶν,

2236 1944 2458 2008 ἃκοντας
2491 1945 2630 2018 ὑμᾶς
2687 1944 2972 2020 ’ἑλκομεν;
3032 1945 3096 2000 τὸ
3155 1944 3486 2019 αὐθαιρέτως
3546 1942 3674 2016 ὑμῖν
3732 1939 3884 1998 δοκι-

2239 2035 2433 2108 μασθὲν
2465 2035 2542 2099 εἷς
2589 2040 2722 2092 Θεοῦ
2756 2033 3130 2109 καλλιέρημα,
3163 2032 3316 2098 αὖθις
3374 2030 3569 2094 αὐτοὺς
3626 2031 3702 2094 είς
3757 2031 3882 2086 tau-

2233 2128 2340 2178 τῶν
2369 2129 2558 2203 χρείαν
2589 2122 2848 2196 δαπανᾷν,
2880 2122 3167 2198 ἱεροσυλία
3197 2120 3599 2197 ἀναντίῤῥητος.
3643 2121 3737 2175 Διὸ
3789 2120 3883 2175 καί

2235 2217 2314 2285 τῷ
2342 2219 2450 2269 τῶν
2480 2213 2783 2289 ἱεροσύλων
2843 2207 3331 2283 καθυπεϐλήθησαν
3389 2209 3698 2286 προστίμῳ.
3758 2209 3884 2268 Τίνι

2233 2303 2414 2378 τούτῳ
2448 2325 2460 2373 ;
2493 2306 2720 2379 θανάτῳ·
2748 2309 2908 2360 τοῦτο
2937 2303 3038 2379 γάρ
3093 2303 3158 2358 τὸ
3215 2301 3479 2373 ἐξέψυξεν,
3536 2299 3699 2356 οἱονεὶ
3755 2298 3882 2370 ἐξη-

2237 2395 2428 2469 ράνθη,
2506 2398 2774 2462 τουτέστι,
2831 2401 2932 2464 τῆς
2990 2398 3231 2464 ζωτικῆς
3305 2387 3517 2451 νοτίδος
3577 2388 3882 2462 ἐπέρηται.

2237 2483 2329 2538 Διὸ
2359 2483 2448 2538 καὶ
2477 2481 2674 2560 διερὸς,
2707 2483 2735 2538 ὁ
2783 2488 2914 2554 ζῶν,
2957 2481 3102 2558 παρά
3154 2486 3272 2542 τοῖς
3330 2479 3587 2541 παλαιοῖς
3647 2477 3884 2554 εἴρηται,

2234 2569 2288 2626 ἐν
2320 2569 2424 2626 ἴσω
2453 2575 2571 2641 τοῦ,
2610 2573 2795 2648 ὑγρός.

2306 2752 2616 2826 «Ἐγένετο
2674 2749 2730 2806 δὲ
2787 2751 2862 2812 ὡς
2922 2750 3076 2826 ὡρῶν
3137 2753 3305 2822 τριῶν
3362 2745 3658 2821 διάστημα,
3688 2748 3778 2802 καὶ
3837 2747 3874 2816 ἡ

2235 2864 2262 2891 ‹‹
2297 2841 2432 2915 γυνὴ
2467 2841 2634 2895 αὐτοῦ
2671 2841 2747 2912 μή
2801 2835 2975 2894 εἰδυῖα
3021 2839 3083 2893 τὸ
3139 2838 3383 2913 γεγονὸς,
3443 2835 3714 2906 εἰσῆλθεν.
3743 2837 3882 2892 Ἀπ-

2236 2952 2265 2982 ε(
2299 2928 2485 3004 εκρίθη
2519 2925 2576 2984 δὲ
2606 2929 2744 3001 αὐτῇ
2786 2929 2814 2982 ὁ
2855 2928 3082 2999 Πέτρος·
3116 2927 3254 2984 Εἰπέ
3313 2947 3428 2999 μοι,
3489 2924 3535 2980 εί
3585 2925 3874 2980 τοσούτου.

2233 3044 2261 3070 ‹‹
2295 3020 2356 3074 τὸ
2387 3017 2594 3098 χωρίον
2648 3015 2907 3072 ἀπέδοσθε
2941 3035 2954 3085 ;
2996 3018 3060 3073 Ἦ
3109 3014 3167 3072 δὶ
3225 3016 3366 3084 εἶπε,
3426 3015 3554 3083 Ναὶ,
3583 3013 3869 3070 τοσούτου.

2232 3108 2335 3162 «'0
2368 3105 2423 3162 δὲ
2455 3107 2658 3182 Πέτρος
2692 3107 2808 3163 εἶπε
2836 3107 2974 3183 πρὸς
3004 3105 3197 3177 αὐτήνθ
3252 3104 3320 3162 Τί
3379 3103 3464 3159 ὅτι
3515 3105 3876 3182 συνεφωνήθη

467 3219 494 3245 ι‹
529 3212 659 3250 eam
692 3214 703 3249 :
733 3203 844 3250 Cur
873 3199 1278 3268 conspiratum
1293 3203 1383 3253 est
1411 3198 1568 3252 inter
1589 3216 1688 3253 vos
1711 3204 1775 3253 ut
1806 3197 2113 3253 tentaretis

2230 3223 2252 3249 ι‹
2287 3197 2414 3270 ὑμῖν
2439 3200 2688 3272 πειρᾶσαι
2718 3197 2779 3252 τὸ
2809 3199 3016 3269 πνεῦμα
3046 3195 3254 3271 Κυρίου
3291 3211 3304 3264 ;
3341 3190 3462 3248 ἰδοὺ
3493 3193 3544 3246 oi
3569 3189 3732 3255 πόδες
3763 3196 3875 3247 τῶν

474 3305 500 3336 α
532 3284 816 3354 Spiritum
851 3285 1140 3338 Domini?
1181 3287 1324 3338 Ecce
1393 3285 1574 3356 pedes
1607 3302 1810 3341 eorum
1862 3287 1963 3357 qui
2023 3302 2113 3341 se-

467 3396 493 3422 α
531 3371 830 3443 pelierunt
861 3374 1045 3427 virum
1081 3379 1246 3427 tuum
1269 3373 1343 3427 ad
1365 3374 1582 3428 ostium
1616 3375 1852 3442 adsunt,
1887 3381 1944 3429 et
1974 3377 2111 3430 ell‘e-

468 3483 494 3509 ‹‹
531 3465 664 3515 rent
694 3466 766 3514 te.
798 3483 819 3511 ι

538 3549 680 3604 Vide
714 3551 870 3620 quod
920 3568 1040 3606 non
1093 3552 1335 3606 vocabat
1383 3567 1512 3606 eam
1570 3554 1798 3619 Petrus,
1855 3553 1957 3607 sed
2016 3569 2112 3606 ex-

473 3636 779 3708 spectabat
808 3642 874 3691 ut
920 3638 1050 3708 ipsa
1080 3637 1220 3691 dum
1268 3637 1446 3692 vellet
1492 3638 1921 3710 ingrederetur,
1978 3637 2113 3694 data

473 3725 562 3779 illi
595 3731 883 3796 potestate
916 3732 974 3780 et
1024 3726 1435 3796 resipiscendi,
1471 3733 1529 3781 et
1584 3744 1703 3782 non
1737 3727 2114 3799 impudenter

470 3815 864 3887 ingrediendi.
928 3817 1197 3888 lngressa
1272 3821 1362 3869 est
1417 3821 1613 3870 autem
1669 3817 1946 3889 ignorans
1978 3834 2109 3889 quas

464 3904 622 3958 circa
651 3905 840 3959 virum
869 3906 1210 3960 acciderant
1245 3922 1257 3958 :
1313 3905 1453 3975 quia
1482 3922 1677 3977 neque
1738 3906 1826 3960 illi
1857 3906 2112 3962 audebat

461 3992 778 4064 quisquam
805 3993 1076 4066 detegere
1112 3993 1322 4049 timore
1354 4011 1420 4049 ac
1463 3996 1794 4050 reverentia
1821 3996 2104 4069 magistri.

459 4083 636 4153 Atqui
669 4082 946 4138 horarum
991 4085 1168 4138 trium
1222 4083 1598 4139 intervallum
1650 4085 1952 4141 sufficiens
1984 4091 2110 4140 erat

455 4178 518 4225 ut
549 4189 657 4243 per
687 4173 908 4228 inultos
941 4178 1337 4245 spargeretur,
1361 4172 1464 4229 sed
1493 4175 1704 4229 timore
1736 4175 2108 4230 continentes

456 4262 906 4318 elTecerat.Nam
941 4268 994 4316 et
1028 4263 1138 4317 hoc
1170 4263 1477 4318 admirans
1510 4264 1692 4318 Lucas
1725 4264 2104 4336 evangelista,

450 4358 768 4424 utrumque
801 4354 1019 4425 posuit,
1053 4358 1110 4407 et
1142 4352 1422 4408 horarum
1458 4354 1715 4424 spatium
1749 4359 1807 4408 et
1836 4353 2104 4408 mulieris

449 4441 872 4512 ignorantiam.
947 4443 1324 4513 Interrogans
1371 4449 1567 4496 autem
1631 4444 1836 4514 quanti
1897 4460 2100 4516 agrum

2224 3312 2252 3338 ‹‹
2286 3286 2566 3360 θαψάντων
2595 3287 2686 3341 τὸν
2741 3282 2908 3360 ἄνδρα
2963 3305 3080 3354 σου,
3140 3281 3227 3338 ἐπὶ
3281 3286 3350 3357 τῇ
3401 3282 3558 3358 θύρᾳ,
3614 3282 3703 3336 καὶ
3735 3281 3879 3352 ἐξοί-

2224 3399 2252 3428 ‹‹
2285 3377 2436 3431 σουσί
2471 3396 2546 3432 σε.
2585 3402 2605 3430 ε

2290 3560 2422 3628 Ὅρα
2452 3555 2537 3610 ὅτι
2563 3555 2662 3609 ούκ
2693 3551 2870 3609 ἐκάλει
2903 3554 2931 3608 ὁ
2989 3553 3216 3628 Πέτρος,
3272 3549 3400 3606 ἀλλ’
3460 3549 3733 3622 ἀναμένει,
3797 3551 3877 3612 ὡς

2221 3641 2386 3712 αὐτὴν
2429 3641 2686 3698 εῗσελθεῖν
2716 3642 2804 3697 ὅτε
2853 3641 3132 3716 βούλεται,
3192 3637 3376 3701 διδοὺς
3433 3639 3578 3712 αὐτῇ
3631 3637 3878 3710 ἐξουσίαν

2219 3731 2433 3787 καὶτοῦ
2491 3731 2959 3804 μεταμεληθῆναι,
3015 3729 3104 3784 καὶ
3148 3733 3250 3784 τοῦ
3283 3729 3357 3802 μή
3394 3724 3630 3788 ἀναιδῶς
3682 3726 3874 3782 εἰσελ-

2220 3825 2350 3884 θεῖν.
2389 3819 2624 3884 Εῗσῆλθε
2654 3816 2712 3874 δὲ
2761 3819 2827 3874 τὰ
2874 3819 3009 3874 κατά
3053 3819 3144 3873 τὸν
3201 3815 3367 3892 ἄνδρα
3422 3817 3497 3888 μὴ
3552 3811 3746 3882 εῗδυῖα,
3775 3811 3867 3869 ὅτι

2221 3905 2362 3982 μηδὲ
2390 3929 2472 3970 τις
2501 3906 2712 3982 ἐτόλμα
2769 3907 2907 3982 αὐτῇ
2955 3906 3206 3976 ἐξειπεῖν,
3253 3900 3410 3985 φόϐῳ
3438 3901 3526 3958 καὶ
3580 3905 3720 3976 τιμῇ
3761 3901 3866 3956 τοῦ

2219 3994 2567 4052 διδασκάλου.
2604 3998 2796 4054 Καίτοι
2843 4017 2908 4072 γε
2958 3996 3115 4073 ὡρῶν
3172 3998 3340 4072 τριῶν
3372 3991 3646 4066 διάστημα
3675 3991 3868 4047 ἱκανὸν

2216 4088 2284 4157 ἦν
2317 4086 2392 4150 είς
2424 4084 2671 4152 πολλοὺς
2701 4083 2996 4143 διαδοῦναι.
3031 4083 3188 4143 Ἀλλ’
3219 4085 3248 4140 ὁ
3305 4078 3475 4160 φόϐος
3533 4082 3727 4144 αὐτοὺς
3785 4080 3881 4159 ἐγ-

2216 4181 2430 4248 κρατεῖς
2458 4175 2577 4230 έποί
2590 4196 2655 4231 ει.
2689 4179 2863 4233 Τοῦτο
2895 4174 2999 4252 γάρ
3054 4173 3145 4228 καὶ
3195 4174 3222 4228 ὁ
3279 4169 3687 4248 Εὗαγγελιστής
3720 4181 3876 4225 Λου-

2217 4271 2313 4328 κᾶς
2370 4264 2679 4339 θαυμάζων,
2739 4265 2905 4342 ἃμφω
2987 4261 3209 4333 τέθεικε,
3267 4261 3358 4316 καὶ
3412 4261 3476 4316 τὸ
3533 4263 3644 4316 τῶν
3703 4259 3874 4334 ὡρῶν

2217 4353 2514 4428 διάστημα,
2573 4355 2662 4409 καὶ
2715 4355 2816 4422 τήν
2875 4359 2974 4422 τῆς
3034 4351 3290 4429 γυναικὸς
3320 4351 3564 4426 ἂγνοιαν.
3604 4350 3875 4424 Ἐρωτῶν

2216 4442 2270 4500 δὲ
2300 4445 2473 4501 πόσου
2503 4446 2565 4501 τὸ
2595 4443 2801 4520 χωρίον
2832 4440 3114 4511 ἀπέδοντο,
3158 4441 3296 4515 αὐτῇ
3345 4445 3580 4519 παρεῖχε
3620 4441 3878 4516 συγγνώ-

447 4532 859 4594 vendiderant,
893 4530 1077 4581 veniae
1107 4529 1189 4580 illi
1218 4530 1593 4582 occasionem
1626 4530 1945 4600 praebebat,
1967 4539 2101 4586 tan-

2230 4557 2324 4605 ιης
2351 4535 2636 4612 ἀφορμὴν,
2667 4534 2742 4597 ὡς
2767 4533 2866 4588 ούκ
2894 4531 2976 4588 ἐπ’
3002 4532 3161 4605 αὐτῇ,
3219 4529 3364 4587 ἀλλά
3420 4529 3507 4585 ἐπὶ
3572 4533 3652 4601 τῷ
3708 4526 3875 4606 ἀνδρὶ

451 4635 627 4684 quam
662 4633 778 4671 non
808 4615 962 4686 apud
1011 4615 1198 4686 illam,
1232 4615 1333 4670 sed
1367 4616 1522 4686 apud
1583 4618 1767 4672 virum
1829 4620 1941 4674 sita
1969 4620 2100 4674 fue-

451 4705 523 4758 rit
557 4711 815 4775 potestas
847 4705 1140 4761 vendendi
1203 4711 1260 4760 et
1315 4704 1626 4761 fraudandi
1662 4722 1676 4760 :
1717 4713 1775 4761 et
1814 4711 2094 4779 quoniam

448 4791 508 4844 in
542 4792 678 4845 dolo
710 4792 1078 4850 conformem
1135 4795 1256 4849 viro
1315 4794 1556 4866 reperit,
1616 4795 1796 4849 simili
1857 4813 2093 4869 quoque

445 4896 620 4950 pmna
651 4880 1084 4938 condemnavit.
1123 4884 1288 4938 Novit
1328 4883 1486 4938 enim
1539 4891 1914 4956 contemptus
1946 4888 2093 4941 divi-

443 4986 658 5025 norum
692 4987 827 5024 eum
860 4989 1096 5044 quoque
1128 4975 1186 5028 in
1220 4975 1369 5029 iram
1402 4973 1721 5030 incendere
1754 4975 1854 5046 qui
1906 4983 1994 5032 est
2019 4978 2089 5033 ab

439 5060 528 5114 ira
574 5059 825 5114 alienus.
890 5061 988 5115 His
1042 5064 1216 5117 etiam
1279 5063 1457 5118 fidem
1514 5064 1654 5119 facit
1713 5067 2090 5122 sermonibus

433 5148 538 5203 illa
573 5149 809 5204 traditio
843 5150 952 5205 sub
985 5153 1138 5206 Mose
1193 5154 1699 5220 mansuetissimo,
1752 5161 1818 5209 ut
1869 5155 2084 5226 lapidi-

429 5239 538 5292 bus
565 5237 943 5302 obrueretur,
989 5239 1088 5310 qui
1141 5240 1391 5296 Sabbato
1451 5242 1610 5313 ligna
1669 5242 1989 5316 collegerat
2019 5245 2082 5299 ιο.

2206 4631 2305 4693 τῆς
2339 4624 2575 4694 ἐξουσίας
2603 4625 2862 4697 κειμένης
2891 4626 2988 4678 1:06
3015 4618 3314 4685 ἀποδόσθαι
3373 4618 3464 4674 καὶ
3521 4623 3619 4674 τοῦ
3667 4618 3875 4695 νοσφί-

2205 4715 2417 4770 σασθαι.
2450 4713 2554 4769 Καὶ
2603 4710 2790 4782 ἐπειδὴ
2825 4711 3112 4790 σύμφωνον
3138 4710 3261 4787 εὗρε
3310 4712 3380 4782 τῇ
3414 4705 3702 4778 δολιότητι
3760 4713 3874 4764 τοῦ

2202 4799 2420 4878 ἀνδρὸς,
2451 4805 2529 4873 τῷ
2560 4803 2738 4875 ὁμοίῳ
2767 4801 2855 4856 καὶ
2887 4801 3056 4871 αὐτὴν
3108 4799 3438 4873 ὑποτιμᾶται
3485 4801 3658 4869 κακῷ.
3717 4795 3870 4854 Οἷδε

2199 4887 2300 4962 γὰρ
2332 4890 2365 4956 ἡ
2393 4889 2791 4966 καταρρόνησις
2823 4887 2980 4952 θείων
3007 4886 3096 4942 καὶ
3152 4887 3246 4941 τὸν
3307 4885 3578 4961 ἀόργητον
3614 4881 3872 4938 ἐκκαίειν

2200 4976 2336 5048 πρὸς
2364 4975 2554 5050 ὀργήν,
2591 4976 2774 5039 Ιιίστις
2797 4981 2905 5031 τῶν
2940 4975 3141 5051 λόγων,
3198 4975 3287 5030 καὶ
3345 4976 3381 5044 ἡ
3428 4977 3526 5028 τοῦ
3579 4970 3635 5026 έν
3701 4967 3875 5027 Σαε-

2201 5059 2350 5136 6ίτῳ
2382 5063 2744 5138 ξυλευομένου
2781 5066 2883 5120 ὑπὸ
2936 5064 3214 5126 Μωϋσέως
3244 5067 3342 5119 τοῦ
3375 5061 3690 5136 πραοτάτου
3721 5063 3882 5138 πρὸς

2200 5151 2574 5217 λιθολευστίαν
2609 5151 2841 5218 ἔκδυσις.
2877 5155 3068 5211 Καίτοι
3098 5153 3210 5209 ἐκεῖ
3235 5154 3329 5227 μὶν
3365 5149 3601 5220 ἐντολῆς
3638 5150 3771 5224 περὶ
3809 5154 3891 5208 τὰ

2194 5244 2498 5313 καθήκοντα
2525 5239 2827 5318 παράϐασις
2887 5245 3087 5320 ὡρᾶτο,
3153 5243 3377 5299 ἐνταῦθα
3437 5239 3495 5296 δὲ
3543 5238 3891 5316 ἱεροσυλία.

433 5327 503 5380 Et
528 5327 607 5381 ibi
641 5327 882 5397 quidem
917 5329 1306 5399 transgressio
1339 5331 1613 5400 apparuit
1653 5332 1713 5385 in
1774 5331 1865 5387 his
1952 5350 2083 5404 quae

419 5415 527 5472 dec
543 5417 708 5473 entia
721 5417 1010 5485 erant,hic
1027 5423 1225 5472 autem
1249 5417 1623 5490 sacrilegium
1643 5436 1654 5473 :
1672 5424 1771 5476 44
1786 5421 2082 5493 siquidem

2193 5332 2273 5389 Τὰ
2304 5333 2405 5406 γὰρ
2438 5337 2516 5404 τῷ
2555 5338 2672 5406 Θεῷ
2702 5334 3018 5415 ἀνατεθέντα
3052 5334 3202 5408 πρὸς
3237 5331 3533 5412 διατροφὴν
3580 5335 3690 5386 τῶν
3724 5331 3892 5388 ἀπό-

2195 5440 2323 5496 ρων,
2375 5421 2528 5476 αύτοὶ
2587 5423 2663 5485 εἰς
2723 5424 2978 5500 περιττὰς
3040 5423 3220 5480 αὐτῶν
3279 5421 3478 5498 χρείας
3535 5418 3884 5491 ἀνήλισκον,

506 5627 556 5663 ⁸⁷
579 5631 752 5686 Num.
790 5647 883 5696 xv,
917 5631 982 5684 32
1016 5644 1179 5700 seqq.
