4134 6196
271 286 382 348 109

1247 277 1658 342 COMMENT.
1708 279 2029 341 lN~ACTA
2079 283 2681 351 APOSTOLORUM.

3553 300 3670 359 110

271 436 395 492 quas
425 419 546 475 Deo
579 416 650 473 ad
685 415 982 491 egentium
1023 414 1375 474 alimentum
1411 413 1671 487 reposita
1719 419 1909 482 erant,

2036 417 2152 478 Γαῖς
2199 415 2457 492 ἀνάγκαις
2512 419 2615 494 γὰρ
2674 419 2855 476 ἱκανὸν
2906 427 3024 484 τοῖς
3082 421 3157 486 εἷς
3214 425 3392 482 κοινὸν
3447 434 3670 502 ταμεῖον

270 509 374 581 ipsi
407 508 484 564 ad
515 508 851 580 superﬂuos
883 523 1022 562 suos
1070 523 1213 562 usus
1261 505 1662 559 insnmebant.
1703 505 1913 558 Neces-

273 597 544 657 sitatibus
577 598 736 653 enim
770 598 911 653 satis
941 601 1161 652 eratut
1191 613 1259 651 ex
1316 595 1408 649 his
1441 611 1572 666 quae
1631 594 1704 648 ad
1751 609 1914 648 com-

275 705 448 744 mune
482 688 958 760 promptuarium
1009 691 1474 753 asservarentur,
1530 683 1917 756 indigentiam

281 778 666 850 complerent.
709 778 1031 834 Considera
1059 795 1194 833 vero
1246 783 1305 832 et
1335 777 1463 841 hoc,
1519 775 1815 846 quomodo
1846 773 1921 829 ad

275 866 604 923 familiares
628 867 1008 922 vehementer
1036 867 1373 922 afﬁciantur
1427 865 1655 918 Etenim
1707 862 1922 917 nolunt

273 974 390 1023 eos,
419 957 520 1028 qui
552 956 924 1028 spiritualem
986 957 1233 1029 gratiam
1291 955 1476 1011 semel
1505 953 1702 1025 adepti
1758 957 1916 1018 sunt,

272 1051 368 1101 aut
401 1062 570 1102 suam
639 1046 1171 1114 conversationem,
1232 1044 1391 1100 fures
1449 1048 1552 1098 aut
1603 1041 1919 1113 sacrilegos

272 1152 418 1192 esse.
449 1137 514 1190 ln
547 1138 844 1193 extraneis
872 1142 1070 1191 autem
1100 1152 1222 1191 non
1262 1139 1401 1190 sunt
1452 1134 1544 1189 usi
1602 1131 1920 1212 supplicio,

270 1243 342 1281 ne
373 1225 718 1281 viderentur
747 1226 1020 1282 uolentes
1057 1241 1292 1296 quoque
1337 1223 1610 1279 homines
1645 1221 1922 1293 supplicii

265 1335 473 1391 cogere
506 1320 740 1385 timore,
774 1324 840 1373 ut
870 1318 943 1374 ad
975 1318 1154 1373 fidem
1194 1316 1565 1373 accederent.
1603 1316 1820 1369 Verum
1871 1311 1919 1366 si

265 1408 513 1463 Satanas
532 1408 778 1479 impleto
810 1407 984 1463 corde
1005 1406 1252 1462 Anan-ias
1271 1422 1396 1460 rem
1416 1420 1654 1461 omnem
1673 1402 1918 1475 peregit,

266 1515 393 1569 quae
417 1503 584 1553 tanta
617 1502 706 1552 est
729 1498 854 1553 haac
902 1495 1187 1552 adversus
1246 1494 1539 1550 Ananiam
1591 1493 1869 1548 severitas
1895 1489 1923 1544 ?

263 1587 443 1658 Atqui
471 1603 596 1642 non
629 1591 875 1656 temere,
911 1584 1016 1642 sed
1039 1585 1203 1657 juste
1236 1583 1296 1639 id
1334 1589 1531 1640 actum
1564 1587 1672 1651 est,
1705 1598 1839 1638 cum
1872 1580 1921 1634 is

265 1693 393 1732 sese
417 1676 567 1732 adeo
594 1677 823 1733 Satanae
845 1692 1124 1749 capacem
1154 1674 1525 1748 praabnisset.

339 1768 404 1822 V.
439 1770 524 1837 10,
562 1771 643 1822 ll.
693 1790 722 1817 κ
754 1765 1076 1822 Confestim
1136 1771 1334 1821 autem
1395 1763 1607 1820 cecidit
1636 1763 1709 1819 ad
1740 1759 1920 1834 pedes
1953 1769 1997 1834 Β

263 1879 294 1906 «
327 1857 465 1929 ejus
497 1862 555 1910 et
591 1857 928 1930 exspiravit.
987 1856 1239 1930 Ingressi
1295 1872 1430 1912 vero
1473 1856 1723 1928 juvenes
1752 1871 1923 1927 repe-

267 1969 294 1998 α
328 1953 542 2003 rerunt
595 1965 726 2005 eam
780 1954 1100 2016 mortuam,
1136 1953 1193 2004 et
1234 1946 1572 2005 extulerunt
1629 1963 1696 2002 ac
1754 1964 1920 2019 sepe-

267 2058 292 2089 ι
327 2037 556 2094 lierunt
575 2039 749 2111 juxta
771 2039 963 2094 virum
993 2054 1186 2094 suum.
1241 2038 1570 2109 Factusque
1623 2042 1714 2092 est
1741 2038 1924 2092 timor

265 2149 292 2176 (ι
325 2145 578 2202 magnus
601 2146 782 2202 super
802 2129 1139 2184 universam
1171 2128 1710 2201 congregationem,
1745 2132 1803 2182 et
1824 2144 1922 2182 su-

271 2241 300 2273 ιι
331 2235 438 2290 per
477 2237 686 2275 omnes
717 2220 816 2291 qui
850 2218 1190 2275 audiebant.
1227 2243 1248 2271 ι

343 2308 650 2375 Quomodo
681 2309 754 2364 ad
774 2309 952 2380 pedes
984 2308 1154 2380 ejus?
1176 2308 1315 2380 quia
1336 2308 1509 2379 juxta
1529 2322 1666 2362 eum
1695 2305 1919 2372 stabat;

270 2398 480 2476 Petrus
511 2415 650 2454 vero
700 2399 863 2453 stetit
902 2397 1074 2469 juxta
1132 2414 1284 2464 eam,
1345 2402 1410 2452 ut
1467 2397 1514 2452 si
1569 2395 1920 2467 resipiscere

268 2488 448 2542 vellet
482 2505 549 2544 ac
569 2489 868 2557 confiteri,
889 2505 1009 2543 non
1029 2486 1603 2558 verereturaliosqui
1623 2487 1916 2541 audirent.

268 2579 394 2634 Non
428 2584 518 2633 est
540 2578 892 2650 arrogantia;
941 2577 1098 2649 quod
1156 2579 1364 2632 Petrus
1418 2576 1920 2648 prudentissimus

271 2683 371 2722 eos
403 2670 505 2740 qui
534 2668 683 2740 lapsi
714 2675 885 2724 erant
914 2669 1213 2732 terruerit,
1272 2667 1375 2723 sed
1433 2667 1719 2723 doctrinas
1757 2667 1916 2724 futu-

268 2774 476 2813 rarum
510 2759 937 2831 pracognitivae
969 2774 1099 2828 quae
1131 2756 1318 2811 multa
1338 2756 1648 2811 hominum
1680 2763 1921 2828 peccata

267 2847 587 2902 evertebat.
625 2849 785 2902 Tunc
807 2848 966 2902 enim
994 2863 1127 2902 cum
1150 2845 1445 2919 Evangelii
1473 2846 1918 2917 seminajacere

261 2937 609 3008 coepissent,
668 2937 987 3008 statimque
1048 2942 1248 2991 exorta
1303 2936 1522 2992 zizania
1577 2936 1918 3008 conspexis-

260 3033 418 3088 sent.
479 3026 810 3098 prudenter
865 3042 934 3081 ea
985 3026 1256 3097 protinus
1317 3026 1683 3081 evulserunt.
1739 3026 1830 3081 Sic
1863 3030 1920 3080 et

2027 503 2472 577 ἀποσωρευθεῖσι,
2506 508 2566 561 τὸ
2608 506 2777 572 ἐνδεὲς
2826 510 3190 584 ἀναπληροῦν,
3245 516 3440 572 Σκόπει
3498 517 3668 577 δὲκαὶ

2021 597 2204 660 τοῦτο,
2239 600 2356 659 πῶς
2382 597 2514 671 πρὸς
2546 598 2671 653 τούς
2723 600 2956 663 οἰκείους
3014 601 3261 682 σφοδρῶς
3319 603 3665 666 διατίθενται.

2025 685 2106 741 Οὐ
2137 686 2241 760 γὰρ
2269 684 2560 760 βούλονται
2609 690 2736 750 τοὺς
2794 692 2928 761 ἅπαξ
2988 692 3311 762 ἀξιωθέντας
3366 718 3668 772 πνευματι-

2023 777 2123 844 κῆς
2183 777 2434 851 χάριτος,
2511 779 2599 832 καὶ
2656 786 2755 848 τῆς
2819 781 2936 855 μετ’
2995 781 3170 838 αὐτῶν
3232 794 3668 864 συναναστροφῆς

2024 864 2310 943 τυχόντας,
2343 864 2579 928 κλέπτας
2607 869 2695 922 καὶ
2745 868 3064 941 ἱεροσύλους
3112 872 3270 930 εἶναι.
3332 876 3416 930 Ἐν
3474 873 3530 931 δὲ
3555 883 3670 938 τοῖς

2028 959 2346 1035 ἀλλοτρίοις
2379 965 2444 1019 οὐ
2475 965 2775 1040 κέχρηνται
2805 968 3069 1040 τιμωρίᾳ,
3100 969 3192 1022 ἳνα
3226 972 3300 1043 μὴ
3344 969 3538 1042 δόξωσι
3580 972 3668 1028 καὶ

2031 1052 2107 1124 μὴ
2141 1051 2398 1117 θέλοντας
2418 1054 2545 1116 τοὺς
2577 1055 2911 1129 ἀνθρώπους,
2950 1061 3029 1128 τῷ
3059 1053 3216 1137 φόϐῳ
3271 1081 3370 1129 της
3402 1061 3670 1137 τιμωρίας

2029 1137 2366 1212 ἐκϐιάζεσθαι
2423 1144 2822 1219 προσέρχεσθαι
2873 1146 2942 1216 τῆ
2992 1146 3188 1206 πίστει.
3249 1145 3404 1204 Ἀλλ’
3462 1148 3610 1224 εἷ’περ
3642 1152 3670 1205 ὁ

2031 1237 2266 1292 Σατανᾶς
2324 1229 2623 1306 πληρώσας
2704 1235 2804 1303 τὴν
2863 1230 3086 1309 καρδίαν
3153 1236 3400 1291 ’Δνανίου
3458 1237 3517 1291 τὸ
3568 1243 3668 1293 πᾶν

2029 1318 2340 1396 εἰργάσατο,
2372 1320 2455 1382 τίς
2486 1323 2520 1391 ἡ
2571 1322 2806 1392 τοσαύτη
2865 1320 3184 1398 καταδρομῇ
3241 1323 3330 1380 ἐπὶ
3388 1323 3479 1380 τὸν
3517 1326 3676 1383 Ἀνα-

2025 1409 2137 1462 νίαν
2167 1428 2180 1476 ;
2215 1406 2358 1466 ΑλΛ’
2391 1409 2519 1485 οὐχὶ
2555 1409 2752 1482 μάτην,
2785 1409 2914 1466 ἀλλ’
2972 1409 3219 1483 ἐνδίκως,
3274 1413 3362 1468 ἐπὶ
3414 1418 3671 1469 τοσοῦτον

2030 1501 2241 1569 Σατανᾷ
2270 1497 2457 1553 ἑαυτὸν
2491 1500 2808 1578 χωρητικὸν
2840 1503 3270 1572 καταστήσαντα.

2101 1793 2128 1819 ι(
2162 1770 2353 1826 Ἔπεσε
2387 1767 2443 1825 δὲ
2468 1777 2812 1846 παραχρῆμα
2868 1772 3014 1847 παρὰ
3068 1773 3196 1835 τοὺς
3251 1771 3422 1837 πόδας
3481 1773 3668 1847 αὐτοῦ,

2031 1858 2178 1913 «καὶ
2211 1857 2475 1934 ἐξέψυξεν.
2540 1858 2890 1924 Εἶσελθόντες
2949 1858 3006 1916 δὲ
3063 1863 3115 1916 οἱ
3171 1862 3462 1934 νεανίσκοι,
3515 1863 3667 1937 εὗρον

2035 1970 2062 1998 ‹‹
2114 1946 2280 2018 αὐτὴν
2336 1949 2548 2024 νεκρὰν,
2593 1949 2682 2004 καὶ
2740 1949 3103 2027 ἐξενέγκαντες
3159 1946 3358 2025 ἔθαψαν
3414 1951 3549 2026 πρὸς
3577 1950 3668 2006 τὸν

2034 2058 2058 2091 ι
2092 2034 2258 2111 ἄνδρα
2287 2038 2478 2107 αὐτῆς.
2529 2040 2628 2095 Καὶ
2686 2036 2896 2115 ἐγένετο
2955 2034 3124 2119 φόϐος
3178 2040 3346 2114 μέγας
3406 2039 3487 2118 ἐφ’
3532 2037 3669 2108 ὅλην

2033 2150 2061 2178 ι(
2111 2127 2210 2196 τήν
2251 2123 2567 2198 ἐκκλησίαν,
2635 2128 2724 2183 καὶ
2783 2126 2871 2184 ἐπὶ
2930 2130 3132 2192 πάντας
3199 2129 3326 2192 τοὺς
3381 2128 3673 2190 ἀκούοντας

2036 2238 2062 2270 Ι
2085 2237 2268 2273 ταυτα.
2293 2241 2319 2268 ))

2107 2311 2227 2370 Πῶς
2259 2307 2404 2382 παρὰ
2433 2306 2560 2369 τοὺς
2591 2304 2760 2369 πόδας
2792 2307 2956 2364 αὐτοῦ
2985 2329 3000 2379 ;
3059 2309 3178 2366 Ὅτι
3214 2307 3452 2378 πλησίον
3499 2307 3670 2362 αὐτοῦ

2031 2395 2288 2466 εἱστήκει.
2325 2397 2569 2466 Πλησίον
2601 2394 2656 2452 δὲ
2689 2397 2853 2468 αὐτὴν
2893 2393 3131 2470 ἔστησεν,
3157 2399 3246 2453 ἳνα
3302 2398 3348 2453 εἱ
3411 2394 3670 2473 βούλοιτο

2035 2493 2364 2559 μετανοῆσαι
2421 2485 2510 2540 καὶ
2571 2486 2968 2561 ὁμολογῆσαι,
3031 2489 3106 2562 μὴ
3169 2487 3488 2567 αἶ’σχῦνοιτο
3544 2486 3671 2548 τοὺς

2029 2574 2235 2639 ἄλλους
2276 2576 2349 2638 ὡς
2407 2575 2724 2639 ἀκούοντας.
2758 2576 2872 2634 Οὐκ
2901 2577 3154 2640 ἀπονοίας
3207 2575 3264 2633 δὲ
3311 2577 3449 2632 ἐστιν
3479 2577 3506 2632 ὁ
3537 2579 3672 2631 κατὰ

2027 2674 2133 2723 τῶν
2171 2670 2502 2725 πταισάντων
2544 2666 2713 2750 φόϐος
2755 2674 2852 2725 τοῦ
2897 2671 3211 2749 σοφωτάτου
3267 2667 3491 2743 Πέτρου,
3525 2664 3670 2722 ἀλλὰ

2030 2757 2383 2822 διδασκαλίας
2411 2767 2848 2836 προγνωστικῆς,
2880 2764 2978 2825 τῆς
3023 2756 3209 2814 πολλᾶ
3235 2762 3342 2814 τῶν
3371 2755 3671 2831 ἀνθρώπων

2028 2848 2379 2924 προϊωμένης
2439 2849 2829 2925 ἁμαρτήματα.
2888 2848 3028 2906 Τότε
3102 2848 3205 2924 γὰρ
3272 2844 3674 2922 ἀρξάμενοιτά

2027 2943 2122 2994 τοῦ
2153 2937 2497 3014 Εὐαγγελίου
2540 2935 2976 2996 καταϐάλλεσθαι
3036 2939 3340 3012 σπέρματα,
3388 2935 3477 2990 καὶ
3511 2933 3672 2999 εὐθὺς

2028 3025 2459 3103 παραντείλαντα
2543 3027 2840 3101 ἑωρακότες
2928 3025 3151 3095 ζιζάνια,
3234 3025 3412 3103 σοφῶς
3486 3022 3547 3078 ἂν
3607 3023 3675 3078 τὰ

255 3117 452 3171 Moses
506 3116 568 3169 in
625 3115 867 3170 exordio
926 3115 1072 3188 legis
1118 3120 1614 3187 transgressorem
1649 3115 1708 3169 in
1740 3131 1916 3187 parvo

2036 3124 2373 3192 παραχρῆμα
2413 3114 2672 3186 ἕξέτιλον.
2706 3115 2867 3172 Οὕτω
2897 3115 2984 3170 καὶ
3047 3117 3252 3182 Μωσῆς
3304 3113 3394 3168 τὸν
3453 3113 3503 3166 ἐν
3538 3133 3672 3186 προ-

255 3205 440 3260 etiam
475 3211 718 3276 peccato
739 3204 1037 3277 lapidibus
1068 3205 1237 3261 obrui
1261 3207 1461 3278 jussit,
1496 3207 1701 3262 dicens
1725 3208 1910 3261 Deum

253 3309 388 3350 eam
425 3295 637 3349 tulisse
670 3295 1048 3350 sententiam.
1083 3295 1247 3350 Idem
1280 3313 1514 3367 quoque
1547 3302 1605 3350 et
1637 3297 1697 3349 in
1726 3301 1916 3366 proto-

243 3384 468 3454 plastis
496 3385 768 3456 contigit,
804 3385 904 3456 qui
937 3385 1010 3440 ob
1035 3402 1203 3440 esum
1249 3385 1391 3458 ligni
1433 3385 1580 3441 adeo
1630 3384 1912 3439 condem-

237 3475 370 3528 nati
404 3480 548 3529 sunt
578 3473 660 3541 ‘3;
695 3491 834 3529 nam
879 3474 1171 3544 pestilenta
1208 3475 1491 3544 ﬂagellato
1542 3477 1758 3530 cautior
1813 3475 1918 3528 erit

243 3562 550 3634 insipiens,
577 3563 751 3635 juxta
780 3580 1009 3619 sacram
1039 3565 1384 3635 paraemiam
1403 3565 1470 3620 5°.
1509 3567 1708 3638 Itaque
1741 3568 1918 3623 etiam

245 3650 312 3706 in
344 3653 445 3707 his
465 3652 618 3707 ultio
641 3653 820 3707 cessit
841 3652 902 3707 in
928 3653 1160 3708 lucrum
1184 3653 1258 3708 iis
1281 3655 1379 3724 qui
1403 3662 1728 3725 praesentes
1751 3664 1922 3713 erant

251 3747 312 3795 et
346 3741 642 3797 videbant
671 3759 802 3812 quas
836 3742 1078 3798 ﬁebant.
1139 3745 1488 3814 Quanquam
1519 3745 1652 3800 aliis
1684 3763 1919 3818 quoque

253 3830 758 3900 praecedentibus
780 3831 963 3902 signis
984 3831 1306 3887 nonnullus
1325 3833 1698 3890 exoriebatur
1721 3837 1918 3902 timor,

2026 3205 2230 3280 οιμῖοις
2259 3209 2354 3260 τοῦ
2385 3205 2558 3278 νόμου
2598 3199 2937 3280 παραϐάτην,
2969 3203 3058 3258 καὶ
3089 3200 3174 3257 ἐπὶ
3239 3202 3436 3276 βραχεῖ
3494 3202 3672 3273 άμαρ-

2021 3298 2223 3368 τήματι
2281 3294 2714 3364 καταλευσθῆναι
2772 3295 3085 3367 προσέταξε,
3139 3292 3231 3348 τὸν
3308 3291 3436 3345 Θεὸν
3497 3291 3660 3366 φέσας

2023 3386 2403 3462 ἀποφήνασθαι
2431 3384 2614 3453 τοῦτο,
2649 3383 2726 3440 Τὸ
2760 3381 2806 3437 δ’
2840 3383 2966 3438 αὐτὸ
3015 3383 3103 3437 καὶ
3153 3380 3240 3437 ἐπὶ
3289 3383 3395 3436 τῶν
3452 3399 3668 3453 πρωτοο

2023 3474 2303 3543 πλάστων,
2345 3473 2433 3530 ἐπὶ
2491 3473 2656 3544 ξύλου
2708 3472 2888 3551 γεύσει
2946 3469 3087 3526 οὕτω
3145 3469 3666 3532 καταδικασθέντων.

2024 3568 2237 3638 Λοιμοῦ
2294 3565 2396 3640 γάρ
2488 3564 2922 3639 μαστιγουμένου
2999 3560 3432 3636 πανουργότερος
3487 3557 3672 3637 ἄφρων

2024 3652 2248 3729 γίνεται,
2299 3653 2435 3707 κατά
2491 3655 2589 3720 τήν
2631 3653 2776 3729 ἱεράν
2858 3651 3173 3728 παροιμίαν.
3239 3652 3396 3705 Ὥστε
3451 3648 3542 3704 καὶ
3582 3645 3669 3701 ἐπὶ

2025 3742 2233 3798 τούτων
2263 3743 2298 3810 ἡ
2329 3741 2570 3815 τιμωρία
2613 3741 2689 3805 εἰς
2725 3739 2914 3815 κέρδος
2967 3740 3337 3818 προῦχώρησε
3387 3742 3503 3797 τοῖς
3533 3755 3672 3810 παρ-

2030 3831 2257 3885 οὖσικαὶ
2290 3830 2457 3903 ὁρῶσι
2513 3829 2580 3884 τά
2630 3827 2901 3904 δρώμενα.
2963 3829 3153 3885 Καίτοι
3219 3849 3277 3902 γε
3331 3827 3422 3880 καὶ
3482 3821 3670 3878 ἄλλων

2029 3913 2346 3994 προϐάντων
2381 3919 2649 3991 σημείων,
2708 3915 2833 3971 ἀλλ’
2895 3917 2993 3971 οὐκ
3044 3918 3108 3984 ἦν
3167 3910 3336 3990 φόϐος
3389 3915 3669 3970 τοσοῦτος.

2032 4007 2191 4065 Οὕτω
2248 4007 2568 4082 γινώσκεται
2631 4008 2824 4081 Κύριος
2873 4009 3110 4081 κρίματα
3167 4009 3365 4062 ποιῶν.
3450 4004 3534 4060 Ἐν
3581 4001 3682 4078 γὰρ

244 3927 309 3974 at
342 3938 478 3975 non
519 3927 744 3975 tantus.
800 3921 881 3975 lta
933 3921 1306 3993 cognoscitur
1364 3922 1647 3976 Dominus
1695 3922 1924 3993 judicia

237 4009 488 4066 faciens
512 4010 600 4064 5°:
637 4011 1151 4082 comprehensoin
1184 4011 1463 4083 operibus
1505 4029 1746 4066 manum
1788 4029 1924 4067 sua-

241 4118 389 4156 rum
431 4106 774 4174 peccatore,
809 4101 906 4156 45
941 4117 1010 4155 ex
1033 4100 1185 4156 facto
1217 4101 1375 4172 quod
1399 4101 1555 4156 circa
1577 4101 1744 4156 illum
1775 4101 1923 4156 acci-

2036 4104 2147 4160 τοῖς
2182 4096 2362 4174 ἔργοις
2393 4103 2502 4153 τῶν
2552 4103 2754 4173 χειρῶν
2815 4095 3000 4164 αὐτοῦ,
3056 4101 3152 4151 105
3212 4091 3549 4173 ἁμαρτωλοῦ
3605 4090 3686 4165 τῷ

243 4190 359 4258 dit,
401 4191 698 4246 salutaris
725 4190 914 4245 oritur
941 4191 1002 4246 in
1033 4191 1166 4246 aliis
1199 4190 1393 4246 timor.
1419 4189 1923 4256 Quemadmodum

2036 4188 2119 4244 ἐπ’
2152 4187 2358 4243 ἐκεῖνον
2383 4185 2616 4261 δράματι
2648 4188 2675 4240 ὁ
2711 4188 2981 4260 σωτήριος
3036 4185 3268 4241 τίκτεται
3313 4190 3432 4245 τοῖς
3492 4180 3690 4242 ἄλλοις

246 4287 305 4335 et
339 4282 412 4337 in
451 4279 691 4337 ultione
723 4281 848 4336 02a:
875 4279 920 4317 ⁶¹
958 4301 973 4348 ;
1031 4280 1211 4352 hujus
1259 4297 1516 4352 namque
1570 4279 1923 4352 supplicium

2037 4272 2226 4357 φόϐος.
2256 4278 2456 4349 ’Ὠσπερ
2489 4276 2576 4329 καὶ
2612 4274 2699 4328 ἐπὶ
2728 4280 2825 4329 τοῦ
2855 4277 2983 4345 Ὀζᾶ
3011 4282 3111 4344 τῆς
3141 4273 3434 4350 τιμωρίας.
3487 4276 3550 4327 Ἦ
3586 4270 3690 4346 γὰρ

241 4372 477 4426 multis
536 4369 736 4424 timori
798 4369 932 4436 fuit,
995 4375 1276 4443 tanquam
1334 4369 1802 4435 observantibus,
1863 4385 1923 4425 ea

2036 4367 2232 4422 τούτου
2262 4363 2489 4424 κόλασις
2521 4358 2692 4440 φόϐος
2728 4364 2931 4436 ὑπῆρξε
2958 4368 3074 4428 τοῖς
3103 4362 3361 4428 πολλοῖς,
3394 4361 3469 4421 ὠς
3504 4361 3571 4412 τά
3603 4363 3684 4428 τῷ

239 4478 386 4530 quae
425 4461 563 4516 Deo
595 4465 826 4515 servata
873 4466 1033 4526 sunt,
1086 4461 1391 4516 inaccessa
1440 4475 1508 4514 ac
1556 4459 1923 4531 intangibilia

2047 4459 2168 4526 0εῷ
2205 4453 2523 4526 ἀνακείμενα
2561 4452 2806 4533 ἀνέπαφα
2861 4459 2978 4516 τοῖς
3020 4452 3249 4528 ἀνιὲροις
3300 4447 3693 4521 διατηρεῖσθαι.

2044 4547 2103 4560 0"
2399 4542 2408 4560 Ι
2525 4539 2566 4560 8‘
2610 4541 2625 4560 9
2725 4543 2783 4560 ’Λ
2883 4545 2896 4560 1
2975 4543 2985 4559 Ι
3195 4542 3223 4553 θ’
3305 4539 3319 4560 ἳ
3382 4541 3529 4560 .--2-
3587 4539 3693 4560 -ῗ’.-.

241 4565 382 4605 esse
420 4548 657 4604 debere
689 4548 976 4619 profanis.
1014 4550 1116 4604 Hic
1145 4565 1281 4604 vero
1315 4547 1814 4604 considerandum
1847 4551 1923 4603 est

2042 4542 2477 4617 Ἒπιτημαντὲον
2521 4539 2578 4598 δὲ
2608 4541 2841 4598 ἐντεῦθεν
2883 4543 2988 4597 ἂπό
3038 4562 3100 4619 γε
3155 4542 3252 4609 τῆς
3302 4539 3530 4614 ἐκφορᾶς
3585 4539 3694 4589 τῶν

245 4654 317 4692 ex
350 4636 684 4692 ablatione
732 4634 1009 4691 funerum
1041 4637 1282 4692 Ananiae
1310 4641 1369 4691 et
1397 4636 1598 4691 uxoris
1649 4636 1799 4706 ejus,
1831 4651 1923 4707 pel

2045 4639 2248 4709 νεκρῶν
2318 4634 2566 4691 Ἀνανίου
2617 4632 2705 4687 καὶ
2755 4639 2855 4702 τῆς
2914 4630 3164 4707 γυναικὸς
3226 4626 3408 4695 αὑτοῦ,
3469 4623 3557 4679 διὰ
3585 4626 3693 4678 τῶν

244 4743 349 4781 eos
386 4726 506 4797 qui
550 4731 819 4780 mortuos
850 4724 1198 4795 efferebant,
1232 4725 1424 4798 legem
1457 4741 1586 4780 esse
1617 4723 1923 4796 abjectam.

2047 4723 2223 4779 αὐτῶν
2299 4720 2696 4797 νεκροστόλων,
2777 4716 3284 4799 καταφρονοῦμενον
3353 4715 3446 4770 τὸν
3505 4712 3694 4786 νόμον.

243 4818 472 4889 Neque
540 4816 705 4870 enim
787 4816 886 4886 qui
936 4820 1203 4871 motuum
1254 4815 1570 4886 tetigerant
1622 4815 1923 4880 Ananiam.

2049 4811 2184 4870 Θύδὲ
2234 4813 2337 4890 γὰρ
2396 4813 2448 4865 0't
2504 4814 2695 4887 νεκροῦ
2745 4811 3012 4885 ἁψάμενοι
3076 4808 3342 4874 Ἀνανίου,
3399 4805 3697 4879 ἀκάθαρτοι

243 4904 579 4961 immundi
611 4910 1066 4975 permanserunt
1096 4921 1287 4976 usque
1342 4903 1415 4959 ad
1470 4919 1800 4975 vesperam,
1834 4903 1923 4959 sed

2050 4901 2320 4976 διέμειναν
2352 4898 2454 4963 ἕως
2486 4901 2729 4976 ἑσπέρας,
2763 4897 2890 4954 ἀλλ’
2926 4899 2976 4953 οἱ
3004 4897 3156 4952 αὐτοὶ
3188 4895 3277 4951 καὶ
3310 4900 3389 4968 τῷ
3437 4901 3539 4965 τῆς
3599 4915 3696 4970 γυ.

243 4992 366 5065 ipsi
404 4995 608 5049 etiam
633 4991 710 5048 ad
740 4993 918 5048 {unus
948 4994 1149 5048 uxoris
1196 4993 1327 5065 ejus
1385 4993 1794 5065 praestiterunt
1823 4993 1923 5048 mi-

2048 4993 2232 5054 ναικὸς
2261 4992 2606 5068 ὑπούργησαν
2637 4994 2835 5065 νεκρῷ.

239 5083 620 5139 nisterium.

327 5174 400 5245 ν,
443 5173 645 5228 1216.
688 5195 708 5223 ι
745 5171 856 5228 Per
905 5189 1116 5229 manus
1147 5190 1281 5229 vero
1340 5173 1745 5246 apostolorum
1803 5172 1940 5228 ede-

249 5287 278 5313 ι
313 5263 566 5318 bantur
606 5263 777 5335 signa
817 5268 876 5318 et
908 5261 1176 5335 prodigia
1233 5262 1423 5318 multa
1479 5263 1540 5317 in
1601 5262 1841 5334 p0pnlo.
1874 5264 1944 5316 Et

257 5377 284 5401 ει
315 5357 514 5410 erant
542 5351 913 5408 unanimiter
942 5368 1153 5407 omnes
1185 5352 1248 5408 in
1292 5352 1524 5424 porticu
1585 5351 1939 5408 Salomonis.

260 5466 288 5492 α
320 5445 710 5501 Ceterarum
739 5446 942 5498 autem
975 5458 1150 5497 nemo
1172 5440 1431 5497 audebat
1451 5458 1513 5496 se
1545 5441 1666 5496 illis
1700 5442 1947 5512 conjun-

2124 5195 2152 5223 «
2191 5169 2287 5225 Διᾶ
2318 5167 2374 5224 δὲ
2404 5173 2511 5224 τῶν
2535 5173 2738 5246 χειρῶν
2771 5173 2878 5222 τῶν
2907 5165 3231 5222 ἀποστόλων
3266 5164 3470 5238 ἐγένετο
3503 5163 3704 5233 σημεῖα

2058 5284 2086 5313 ι(
2119 5260 2211 5314 καὶ
2243 5260 2440 5334 τέρατα
2472 5258 2523 5313 ἐν
2554 5262 2634 5330 τῷ
2688 5257 2806 5328 λαῷ
2862 5254 3068 5312 πολλά.
3107 5257 3200 5312 Καὶ
3249 5256 3384 5322 ἦσαν
3417 5254 3705 5324 ὁμοθυμα-

3507 5337 3548 5355 ἢκ

2059 5373 2086 5402 ι(
2119 5346 2210 5404 δὸν
2244 5347 2473 5411 ἅπαντες
2490 5346 2539 5401 ἐν
2571 5351 2640 5420 τῇ
2697 5351 2827 5401 στ’λᾶ
2872 5347 3259 5416 Σολομῶντος.
3296 5346 3445 5398 Τῶν.
3503 5339 3561 5393 δὲ
3585 5339 3700 5392 ἴοις

2057 5463 2085 5492 ι(
2118 5443 2234 5494 πῶν
2265 5435 2442 5499 οὐδεὶς
2499 5435 2708 5512 ἐτόλμα
2735 5435 3040 5500 κολλᾶσθαι
3091 5433 3272 5494 αὐτοῖς
3328 5430 3458 5486 ἀλλ’
3510 5429 3707 5503 ὶμεγά·

1520 5641 1568 5678 ⁸ο
1603 5640 1757 5697 Psal.
1791 5657 1872 5708 ιχ,
1907 5642 1960 5696 5.
2037 5639 2081 5676 ⁶¹
2113 5639 2162 5693 Il
2189 5642 2324 5710 Reg,
2360 5653 2434 5706 Iv,
2468 5638 2489 5690 1
2531 5653 2700 5708 seqq.

321 5646 368 5682 "
401 5646 569 5703 Gen.
602 5643 661 5698 Ill
685 5659 853 5714 seqq.
931 5639 981 5675 δ’
1012 5645 1172 5698 Prov.
1209 5657 1323 5709 χιι,
1355 5644 1443 5696 25.
