4134 6196
241 445 348 508 113

1241 441 1643 503 ΟΟΜΜΕΝΤ.
1689 443 1766 502 ΙΝ
1809 441 2018 502 ACTA
2067 439 2675 501 APOSTULORUM.

3540 440 3655 499 114

237 595 266 635 σ
297 576 387 632 καὶ
418 569 686 632 ἐπέϐαλον
736 574 830 638 τὰς
882 581 1072 656 χεῖρας
1105 573 1282 630 αὐτῶν
1332 571 1420 628 ἐπὶ
1479 571 1606 636 τοὺς
1665 571 1883 628 ἀποστό-

2005 595 2036 625 «
2068 572 2546 639 Sadducseorum,
2579 574 2790 644 repleti
2819 580 2956 629 sunt
2985 575 3383 643 aamulatione,
3416 581 3476 631 et
3504 578 3647 650 inje-

236 692 264 720 ‹‹
304 665 460 735 λους,
493 666 582 720 καὶ
615 660 798 730 ἔθεντο
831 664 1026 727 αὐτοὺς
1057 663 1108 720 ἐν
1140 666 1370 738 τηρήσει
1403 661 1663 736 δημοσίᾳ.
1697 663 1892 738 Ἀγγε-

235 754 393 819 «λος
455 753 512 810 δὲ
571 755 775 831 Κυρίου
833 751 921 809 διὰ
969 761 1069 825 τῆς
1116 754 1306 816 νυκτὸς
1364 751 1546 824 ἤνοιξε
1574 752 1669 815 τὰς
1727 753 1890 829 θύρας

238 868 261 901 ι
296 853 395 915 τῆς
425 844 698 924 φυλακῆς,
733 843 1007 922 ἐξαγαγὼν
1059 841 1116 898 δὲ
1171 842 1364 904 αὐτοὺς
1395 844 1530 897 εἷπε·
1595 842 1891 916 Πορεύεσθε

237 959 264 987 κ
294 935 383 989 καὶ
411 933 690 998 σταθέντες
722 931 946 989 λαλεῖτε
994 930 1046 986 ἐν
1096 936 1176 1003 τῷ
1229 930 1360 1006 ἶερῷ
1406 934 1483 1000 τῷ
1541 928 1660 1003 λαῷ
1717 930 1891 984 πάντα

238 1045 268 1080 ι
295 1024 363 1078 τά
391 1024 614 1098 ῥήματα
670 1029 771 1093 τῆς
831 1027 976 1092 ζωῆς
1038 1019 1262 1090 ταύτης.
1297 1018 1663 1080 Ἀκούσωντες
1697 1015 1754 1073 δὶ
1779 1018 1886 1073 εἷσ-

233 1137 262 1166 α
290 1111 469 1183 ῆλθον
508 1112 612 1168 ὑπὸ
642 1112 734 1166 τὸν
777 1111 970 1188 ὃρθρον
1020 1109 1096 1172 εἰς
1124 1109 1187 1166 τὸ
1218 1109 1385 1185 ἱερὸν,
1441 1107 1531 1162 καὶ
1583 1105 1885 1167 ἐδίδασκον.

239 1228 265 1254 α
305 1204 750 1280 Παραγενόμενος
807 1199 865 1256 δὲ
909 1200 1253 1277 ὁάρχιερεὺς
1310 1198 1400 1254 καὶ
1457 1199 1510 1254 οἱ
1568 1200 1659 1253 σὺν
1718 1197 1884 1269 αύτῷ,

228 1317 256 1344 α
294 1292 655 1349 συνεκάλεσαν
690 1292 755 1347 τὸ
787 1288 1063 1367 συνέδριον
1093 1290 1183 1344 καὶ
1215 1295 1388 1344 πᾶσαν
1446 1290 1546 1358 τὴν
1602 1286 1882 1364 γερουσίαν

231 1386 396 1437 «τῶν
421 1383 552 1436 υἱῶν
602 1381 853 1457 Ἰσραὴλ,
913 1380 1003 1436 καὶ
1035 1378 1356 1435 ἀπεστειλαν
1426 1376 1502 1439 εἴς
1559 1377 1622 1431 τὸ
1667 1373 1880 1450 δεσμω-

228 1496 256 1523 α
287 1472 511 1546 τήριον,
543 1469 778 1546 ἀχθῆναι
828 1469 1048 1531 αὐτούς.
1102 1469 1169 1526 Οἱ
1227 1469 1284 1522 δὲ
1334 1466 1598 1542 ὑπηρέται
1635 1486 1880 1542 παραγε-

227 1585 254 1614 ιι
287 1561 534 1633 νόμενοι,
570 1559 678 1636 ούχ
708 1561 862 1636 εὗρον
907 1559 1099 1622 αὐτοὺς
1158 1557 1211 1614 ἐν
1264 1563 1344 1630 τῷ
1401 1556 1640 1635 φυλακῇ.
1715 1558 1882 1612 Ἀνα-

228 1676 254 1702 ι(
292 1651 618 1727 στρέψαντες
666 1647 724 1706 δὲ
780 1647 1144 1728 ἀπήγγειλαν,
1204 1647 1479 1727 λέγοντες,
1537 1648 1620 1702 ὅτι
1677 1647 1748 1701 Τὸ
1785 1648 1879 1720 μὲν

223 1736 666 1816 «δεσμωτήριον
760 1739 986 1816 εὕρομεν
1058 1737 1434 1812 κεκλεισμένον
1493 1735 1544 1792 ἐν
1603 1737 1748 1812 πάσῃ
1785 1736 1878 1792 ἀσ-

222 1853 249 1880 α
285 1828 508 1907 φαλείᾳ,
538 1829 628 1883 καὶ
680 1827 807 1890 τοὺς
868 1827 1112 1909 φύλακας
1170 1823 1270 1898 ἔξω
1331 1827 1565 1888 ἑστῶτας
1617 1826 1723 1900 πρὸ
1769 1830 1876 1880 τῶν

220 1942 248 1969 ι(
284 1922 484 1992 θυρῶν.
545 1916 878 1989 Ἀνοίξαντες
937 1914 1014 1985 δὲ,
1067 1912 1174 1972 ἔσω
1230 1913 1420 1971 οὐδένα
1477 1915 1724 1992 εὕρομεν.
1783 1915 1871 1978 Ὠς
1914 1946 1957 2010 Β

222 2032 249 2059 α
282 2005 339 2063 δὶ
389 2005 631 2077 ἤκουσαν
688 2007 814 2072 τοὺς
862 2007 1060 2082 λόγους
1117 2007 1343 2068 τούτους
1393 2007 1507 2060 ὅτε
1563 2006 1735 2082 ἱερεὺς
1781 2007 1870 2061 καὶ

223 2098 300 2151 «ὁ
333 2098 644 2176 στρατηγὸς
701 2101 797 2154 τοῦ
858 2098 1006 2173 ’ἱεροῦ
1062 2095 1151 2151 καί
1212 2095 1262 2150 οἷ
1324 2096 1619 2175 ἀρχιερεῖς,
1681 2092 1875 2165 διηπό-

222 2211 250 2238 «
278 2207 398 2262 ρουν
427 2187 553 2262 περὶ
583 2187 784 2258 αὐτῶν,
824 2184 875 2241 τί
933 2186 993 2241 ἂν
1057 2184 1270 2264 γένοιτο
1328 2188 1513 2241 τοῦτο.
1569 2183 1878 2260 Παραγενό-

221 2300 248 2327 et
289 2298 450 2349 μενος
510 2274 566 2332 δέ
597 2299 680 2339 τις
737 2275 1058 2354 ἀπέγγειλεν
1106 2276 1319 2346 αὐτοῖς,
1352 2275 1435 2329 δτι
1495 2271 1634 2331 Ἰδοὺ
1687 2276 1738 2329 οἱ
1787 2272 1882 2328 ἄν-

232 2385 253 2415 ι
287 2363 407 2440 δρες
450 2368 545 2431 οὓς
605 2364 786 2431 ἔθεσθε
844 2365 895 2422 ἐν
923 2369 992 2440 τῇ
1025 2364 1264 2444 φυλακῇ,
1324 2363 1455 2418 εἰσὶν
1515 2363 1566 2418 ἐν
1621 2368 1699 2436 τῷ
1747 2364 1878 2439 ἰερῷ

233 2478 258 2510 ι
303 2457 536 2519 ἑστῶτες
558 2457 646 2512 καὶ
703 2452 1045 2519 διδάσκοντες
1074 2455 1166 2509 τὸν
1226 2452 1383 2513 λαόν.
1441 2453 1573 2510 Τότε
1630 2451 1879 2509 ἀπελθὼν

224 2570 250 2596 α
281 2545 308 2601 ὁ
343 2545 650 2624 στρατηγὸς
683 2546 774 2600 σὺν
805 2551 922 2608 τοῖς
956 2544 1272 2620 ὑπηρέταις,
1304 2543 1391 2599 καὶ
1426 2543 1628 2620 ἤγαγεν
1682 2541 1878 2604 αὐτοὺς

222 2660 249 2687 ‹‹
275 2634 336 2690 οὗ
376 2636 515 2708 μετᾶ
548 2633 690 2710 βίας.
725 2660 753 2686 ››

294 2725 518 2780 Τούτων
573 2723 919 2800 τελουμένων
976 2723 1079 2779 ὑπὸ
1137 2727 1243 2779 τῶν
1314 2722 1660 2796 ἀποστόλων,
1721 2721 1792 2779 δι’
1847 2722 1882 2777 ’ἁ

232 2814 320 2870 καὶ
353 2813 575 2885 πλῆθος
622 2819 702 2886 τῷ
752 2815 1066 2889 κηρύγματι
1124 2811 1570 2890 προσεπορίζετο,
1628 2815 1718 2868 καὶ
1775 2818 1883 2870 τῶν

230 2907 442 2957 πιστῶν
473 2902 538 2958 τὸ
567 2901 781 2972 πλῆθος
812 2901 1042 2976 πελάγει
1074 2900 1371 2974 ἐνάμιλλον
1422 2898 1531 2970 ἤδη
1591 2901 1881 2964 καθίστατο

223 2996 292 3065 τῇ
317 2993 440 3055 καθ’
494 2991 718 3056 ἑκάστθν
767 2989 1027 3047 ἐπιδόσει’
1087 2991 1338 3058 ἀναστὰς,
1392 2990 1578 3069 φησῖνν
1629 2992 1657 3046 ὁ
1693 2992 1884 3068 ἀρχιε-

224 3081 372 3155 ρεύς·
437 3080 683 3136 τουτέστι
728 3077 1021 3156 διεγερθεὶς
1057 3123 1070 3147 ,
1120 3081 1362 3151 κινηθεὶς
1437 3079 1523 3134 ἐπὶ
1575 3086 1692 3144 τοῖς
1737 3102 1884 3157 γινο-

226 3170 440 3243 μένοις,
469 3167 833 3246 σφοδρότερον
895 3168 1077 3232 αύτοῖς
1136 3169 1454 3238 ἐπιτίθεται,
1491 3168 1727 3242 μάλιστα
1777 3174 1883 3224 τῶν

222 3257 614 3316 Σαδδουκαίων
693 3259 856 3314 αὐτὸν
931 3258 1418 3335 ἀπανθρωπότερον
1497 3258 1824 3315 ἐκκαιόντων
1859 3302 1874 3327 ,

215 3349 482 3426 ὁρώντων
559 3353 627 3424 τῇ
707 3347 1045 3425 στυγουμένῃ
1129 3349 1314 3413 αὐτοῖς
1399 3348 1706 3418 ἀναστάσει,
1747 3348 1874 3411 τοὺς

213 3438 568 3501 ἀποστόλους
628 3439 690 3493 τὸ
740 3443 843 3493 πᾶν
875 3439 1298 3514 κατορθοῦντας.
1334 3439 1565 3514 Χριστὸν
1593 3439 1699 3514 γὰρ
1746 3439 1872 3493 ἀνα-

214 3531 416 3585 στάντα
474 3529 861 3605 κηρύσσοντες,
908 3528 1110 3600 ταύτης
1163 3529 1240 3592 εἷς
1298 3527 1477 3586 πίστιν
1517 3551 1584 3599 τη
1616 3533 1713 3584 τοῦ
1761 3531 1880 3584 ἀνα-

215 3620 448 3682 στάντος
473 3618 706 3695 ὀνόματι
751 3623 1286 3695 θαυματουργοῦντες
1344 3617 1721 3696 ἀπεφαίνοντο,
1781 3618 1880 3675 οὐκ

213 3706 274 3764 ἃν
303 3714 474 3766 τοῦτο
511 3704 809 3782 συμϐαῖνον
844 3705 959 3786 εἷ’γε
1016 3705 1212 3784 ψεῦδος
1267 3708 1330 3764 τὸ
1387 3714 1613 3784 πρᾶγμα
1657 3708 1876 3786 ὑπέτρε-

213 3817 334 3875 χεν.
369 3795 568 3861 Οὕτως
599 3799 692 3854 οὗν
738 3793 1196 3874 ἔκτεθηριωμένοι
1246 3798 1334 3853 καὶ
1393 3799 1528 3874 πρὸς
1580 3798 1743 3876 φόνον
1774 3805 1882 3855 τῶν

211 3887 553 3944 ἀποστόλων
609 3888 1160 3964 παρασκευαζόμενοι,
1242 3887 1375 3950 τέως
1459 3889 1552 3960 μὲν
1629 3889 1878 3968 φυλακῆς

211 3977 496 4058 ἀσφαλείᾳ
577 3977 914 4053 συνέχουσιν,
999 3976 1061 4031 οὐ
1146 3976 1414 4052 παρευθὺς
1463 3976 1748 4053 ἀγαγόντες
1803 3977 1879 4040 είς

207 4068 419 4143 κρίσιν,
488 4066 644 4122 αὐτοὶ
695 4063 754 4124 δὲ
776 4072 855 4140 τῷ
913 4064 1187 4139 ἰνδοσίμῳ
1242 4068 1340 4136 τὴν
1404 4067 1734 4144 μετάγνωσιν
1787 4067 1880 4122 αὖ·

206 4164 329 4220 τοῖς
376 4155 477 4212 διὰ
503 4161 602 4212 τοῦ
657 4153 810 4219 δέους
867 4163 968 4226 τῆς
1032 4157 1217 4232 εἱρκῆς
1275 4157 1597 4232 πανούργως
1660 4156 1881 4232 μαιευό-

213 4269 398 4321 μενοι.
473 4247 706 4304 Ἐκεῖνοι
769 4246 865 4320 μὶν
907 4244 1002 4300 οὗν
1056 4245 1250 4309 οὕτως.
1303 4246 1432 4310 Θεὸς
1455 4242 1512 4301 δὲ
1539 4249 1608 4321 τῇ
1670 4244 1758 4301 διὰ
1781 4267 1881 4301 κα·-

211 4336 493 4414 κουργίαν
521 4330 794 4410 ἀναϐολῇ,
845 4333 971 4397 τοὺς
1032 4336 1127 4410 μὲν
1185 4339 1263 4407 τῷ
1293 4334 1368 4398 είς
1405 4336 1579 4410 μάτην
1637 4355 1881 4405 πεπονη-

212 4432 452 4502 ρεῦσθαι
544 4425 872 4506 κατῄσχυνε,
957 4425 1086 4488 τοὺς
1164 4422 1510 4488 ἀποστόλους
1566 4423 1624 4480 δὲ
1669 4428 1737 4498 τῇ
1796 4421 1884 4478 διὰ

212 4517 368 4580 θείου
437 4512 674 4590 ἀγγέλου
731 4521 832 4585 τῆς
889 4512 1139 4592 φυλακῆς
1197 4512 1403 4588 ἐκϐολῇ
1467 4513 1677 4588 μᾶλλον
1740 4513 1881 4570 ἐστε·

214 4605 422 4680 ρέωσε,
459 4603 551 4658 καὶ
581 4601 615 4657 ἃ
654 4604 766 4678 χρὴ
818 4603 910 4658 καὶ
970 4604 1096 4659 ὅποι
1154 4607 1691 4680 προσκαρτεροῦντας
1738 4603 1885 4677 ἐνερ-

211 4679 352 4768 γεῖν,
389 4691 690 4748 συνέτισεν.
730 4690 984 4770 Ἀγνοίας
1043 4689 1101 4747 δὲ
1154 4699 1257 4761 τῆς
1315 4691 1614 4770 ἀγγελικῆς
1671 4690 1896 4762 ἀντιλή-
1927 4679 1972 4742 D

217 4785 371 4856 ψεως
410 4779 547 4842 τοὺς
583 4781 915 4855 μιαιφόνους
979 4778 1416 4854 μεσολαϐούσης,
1448 4784 1566 4837 καθ’
1594 4782 1652 4836 ’ὃν
1703 4780 1888 4854 καιρὸν

218 4867 569 4928 ανεϐτὶλοντο
645 4869 708 4924 τὸ
784 4869 910 4945 τρὸς
965 4869 1138 4945 κρίσιν
1211 4870 1339 4934 τοὺς
1387 4869 1728 4932 ἀποστόλους
1787 4889 1890 4924 πα-

224 4967 531 5037 ραστῆσαι,
559 4959 662 5012 οὐκ
710 4955 851 5014 ἐλέει
898 4962 1038 5030 (πῶς
1071 4959 1179 5034 γὰρ
1209 4960 1260 5014 οἱ
1291 4959 1480 5016 πλεῖον
1534 4954 1707 5038 ὄφεων
1755 4960 1892 5035 πρὸς

223 5049 402 5125 ὀργῆν
480 5046 976 5128 ἀφωρμημένοις),
1036 5047 1162 5105 ἀλλ’
1217 5048 1308 5103 ’ἱνα
1365 5053 1581 5124 πρῶτον
1635 5049 1892 5122 μὲντοὺς

230 5140 526 5211 οἰηθέντας
556 5140 619 5194 τὸ
651 5139 854 5195 ἑαυτῶν
890 5138 1153 5216 βούλημα
1184 5136 1274 5193 διὰ
1330 5146 1428 5209 τῆς
1475 5145 1722 5216 κατοχῆς
1756 5138 1897 5194 ἐκτεο

221 5228 370 5296 λεῖν,
404 5229 501 5283 καὶ
533 5229 714 5303 τούτῳ
745 5227 1135 5305 φραξαμένους,
1170 5228 1285 5284 εἶτα
1343 5229 1728 5304 ἠστοχηκότας
1785 5232 1892 5284 τῶν

231 5317 656 5391 μελετηθέντων
719 5315 809 5372 διὰ
874 5325 973 5388 τῆς
1021 5316 1165 5383 θείας
1224 5317 1549 5389 ἐπισκοπῆς,
1600 5321 1635 5388 ἡ
1697 5318 1896 5395 ἀπορία

233 5413 344 5464 τῶν
384 5403 841 5484 βεϐουλευμένων
890 5405 1173 5483 παιδεύσῃ,
1207 5408 1351 5473 θείαν
1411 5410 1550 5464 εἶναι
1605 5409 1703 5478 τῆν
1738 5407 1895 5464 δύνα-

235 5498 444 5568 μιν.Ἡ
494 5496 602 5571 γὰρ
664 5496 770 5552 ὑπὸ
827 5501 925 5551 τοῦ
981 5496 1219 5573 ἀγγέλου
1270 5504 1371 5568 τῆς
1433 5497 1683 5574 φυλακῆς
1744 5498 1896 5568 ὑπεξ-

241 5587 456 5661 αγωγή,
522 5590 640 5647 τοῖς
704 5585 797 5660 μὶν
839 5585 1177 5648 ἀποστόλοις
1237 5585 1313 5650 εἷς
1367 5586 1731 5661 παραμυθίαν,
1782 5592 1897 5650 τοῖς

242 5673 536 5736 Ἰουδαίοις
570 5671 629 5730 δὶ
659 5674 736 5736 εἷς
767 5671 1032 5750 ὠφέλειαν
1084 5675 1394 5741 καθίστατο.
1456 5675 1657 5732 Ἐλαθε
1689 5673 1744 5730 δὲ
1772 5674 1900 5738 τοὺς

253 5762 573 5835 Ἰουδαίους,
629 5764 723 5818 ἳνα
789 5767 1023 5841 πρῶτον,
1079 5764 1154 5826 ὡς
1205 5761 1356 5842 ἔφην,
1413 5763 1466 5820 ἐν
1496 5763 1695 5843 ἀπορίᾳ
1745 5765 1900 5839 γενό-

2005 683 2030 715 α
2057 667 2266 718 cerunt
2286 679 2498 717 manus
2525 663 2587 716 in
2610 663 2928 732 apostolos,
2957 666 3050 718 47
3080 671 3522 736 posueruntque
3550 685 3650 724 eos

2003 773 2032 802 «
2064 753 2122 806 in
2150 751 2420 806 custodia
2440 751 2695 822 publica.
2722 752 2977 824 Angelus
3000 760 3195 808 autem
3222 755 3454 808 Domini
3479 763 3650 811 nocte

2001 864 2029 890 «
2064 841 2298 912 aperuit
2317 841 2469 896 ostia
2491 841 2769 907 carceris,
2817 842 3079 912 ipsisque
3105 843 3332 897 eductis
3354 843 3533 898 dixit:
3566 847 3648 900 Ite

1999 952 2028 981 «
2062 936 2120 985 et
2150 936 2373 985 stantes
2417 930 2477 984 in
2533 931 2753 1002 templo
2808 931 3123 1001 loquimini
3172 933 3390 1003 populo
3449 936 3652 989 omnia

1999 1042 2027 1069 «
2058 1020 2239 1074 verba
2269 1019 2399 1074 vitae
2429 1021 2630 1092 hujus.
2666 1023 2740 1074 At
2789 1020 2898 1085 illi,
2951 1037 3084 1075 cum
3135 1022 3259 1076 haec
3319 1023 3646 1092 audissent,

2002 1110 2425 1165 «intraverunt
2455 1109 2718 1164 diluculo
2753 1111 2812 1164 in
2866 1111 3157 1182 templum
3210 1129 3277 1166 ac
3334 1113 3642 1168 docebant.

2001 1219 2028 1254 α
2058 1200 2394 1256 Adveniens
2425 1205 2623 1254 autem
2668 1199 2943 1271 princeps
2998 1200 3392 1268 sacerdotum,
3439 1208 3495 1256 et
3544 1204 3643 1273 qui

1999 1313 2022 1340 α
2061 1307 2195 1345 cum
2231 1307 2298 1344 eo
2334 1294 2524 1354 erant,
2584 1296 3057 1344 convocaverunt
3112 1291 3451 1356 concilium,
3511 1293 3647 1346 uni-

1994 1404 2022 1431 ‹‹
2056 1396 2409 1450 versumque
2442 1384 2718 1435 senatum
2748 1379 3007 1434 filiorum
3037 1380 3238 1446 Israel,
3265 1387 3324 1435 et.
3353 1381 3647 1436 miserunt

1993 1492 2020 1520 ‹‹
2054 1469 2126 1524 ad
2157 1486 2482 1537 carcerem,
2511 1475 2576 1523 ut
2627 1468 2713 1522 illi
2772 1469 3228 1524 adducerentur.
3281 1471 3643 1526 Accedentes

1993 1583 2022 1611 «
2053 1566 2251 1615 autem
2285 1559 2545 1615 ministri
2577 1576 2698 1614 non
2730 1559 3089 1615 invenerunt
3119 1578 3218 1616 eos
3249 1563 3311 1615 in
3363 1579 3598 1619 carcere
3627 1582 3640 1618 :

1991 1681 2020 1710 «
2053 1658 2393 1729 reversique
2453 1657 2881 1712 nuntiaverunt
2935 1659 3202 1714 dicentes
3259 1677 3272 1714 :
3331 1662 3640 1718 Carcerem

1993 1768 2022 1798 «
2053 1747 2292 1818 quidem
2316 1746 2584 1801 clausum
2609 1746 2945 1801 invenimus
2966 1764 3098 1802 cum
3123 1749 3283 1803 omni
3307 1749 3636 1821 diligentia,

1991 1859 2020 1887 ‹‹
2054 1843 2111 1892 et
2143 1835 2417 1890 custodes
2465 1835 2609 1890 foris
2663 1841 2906 1903 stantes,
2967 1853 3168 1891 verum
3217 1837 3314 1891 ubi
3368 1840 3636 1909 aperuis-

1989 1947 2016 1975 «
2052 1941 2272 1991 semus,
2307 1925 2612 1980 neminem
2646 1924 2806 1978 intus
2837 1925 3187 1996 reperimus.
3241 1925 3385 1980 Cum
3433 1933 3632 1982 autem

1988 2038 2015 2065 «
2060 2015 2368 2070 audissent
2431 2015 2537 2069 hos
2596 2031 2905 2070 sermones
2961 2020 3018 2069 et.
3082 2015 3348 2086 pontifex
3404 2023 3462 2070 et
3518 2017 3636 2072 dux

1986 2126 2014 2155 «
2047 2103 2252 2175 templi
2283 2104 2702 2176 principesque
2735 2103 3127 2172 sacerdotum,
3148 2104 3529 2176 ambigebant
3553 2105 3627 2162 de

1984 2193 2165 2248 «illis
2197 2193 2483 2265 quidnam
2523 2193 2634 2248 hoc
2691 2193 2911 2248 factum
2967 2198 3140 2249 esset.
3192 2195 3440 2259 Quidam
3487 2211 3621 2250 vero

1986 2282 2369 2338 «adveniens
2398 2283 2691 2338 nuntiavit
2720 2283 2841 2337 eis:
2885 2284 3030 2338 Ecce
3085 2282 3189 2336 viri
3232 2300 3379 2354 quos
3424 2285 3628 2356 posui-

1986 2394 2013 2422 ‹‹
2048 2373 2155 2427 stis
2186 2373 2247 2427 in
2279 2388 2514 2427 carcere
2547 2376 2708 2426 stant
2765 2372 2826 2426 in
2868 2372 3088 2444 templo
3140 2372 3472 2445 docentque
3523 2391 3628 2445 po-

1991 2483 2018 2512 «
2049 2460 2277 2534 pulum.
2311 2462 2471 2516 Tunc
2501 2459 2648 2516 abiit
2676 2460 2793 2516 dux
2823 2477 2958 2516 cum
2988 2461 3303 2528 ministris,
3350 2479 3417 2518 ac
3465 2462 3634 2519 duxit

1988 2572 2016 2600 ‹‹
2049 2550 2185 2606 illos
2218 2550 2347 2606 sine
2378 2549 2454 2605 vi.
2487 2572 2514 2600 »

2057 2730 2158 2784 His
2188 2729 2261 2784 ab
2288 2729 2574 2801 apostolis
2628 2730 2907 2802 peractis,
2967 2736 3209 2802 prapter
3250 2748 3381 2803 quaa
3428 2733 3630 2788 multi-

1987 2818 2129 2873 tudo
2153 2818 2561 2890 praadicationi
2583 2819 2947 2887 attendebat,
2975 2825 3034 2874 et
3056 2820 3321 2875 ﬁdelium
3345 2838 3630 2878 numerus

1987 2907 2334 2979 quotidiana
2358 2908 2726 2963 incremento
2751 2909 2878 2980 jam
2929 2910 3109 2963 maris
3140 2926 3335 2964 arenae
3385 2909 3631 2979 aequalis

1988 2996 2198 3052 fiebat:
2222 2997 3074 3069 exsurgens,inquit,princeps
3089 2997 3482 3064 sacerdotum,
3516 2999 3628 3053 hoc

1988 3091 2078 3140 est
2108 3091 2360 3151 erectus,
2395 3091 2725 3140 commotus
2754 3085 2827 3139 ob
2877 3102 2947 3139 ea
3003 3102 3134 3155 quas
3184 3085 3624 3157 contingebant,

1986 3175 2394 3229 vehementius
2426 3174 2487 3228 in
2522 3191 2622 3229 eos
2654 3174 2860 3228 irruit:
2895 3175 3152 3230 maxime
3185 3174 3521 3231 Sadducmis
3545 3177 3631 3232 in-

1988 3261 2309 3316 humanius
2367 3277 2502 3316 eum
2559 3261 3092 3324 inﬂammantibus.
3154 3279 3289 3318 cum
3363 3263 3635 3320 viderent

1989 3350 2288 3422 apostolos
2320 3366 2557 3405 omnem
2588 3367 2822 3405 movere
2853 3351 3114 3422 lapidem
3145 3351 3219 3406 ad
3263 3353 3632 3424 probandam

1987 3440 2509 3509 resurrectionem,
2568 3441 2661 3495 cui
2725 3440 2838 3512 ipsi
2912 3439 3397 3497 adversabantur.
3487 3445 3632 3500 Cum

1989 3529 2148 3585 enim
2176 3529 2476 3584 Christum
2526 3530 2922 3586 resurrexisse
2979 3531 3393 3602 praedicarent,
3453 3534 3633 3590 etiam

1989 3617 2064 3674 ad
2091 3618 2548 3674 resurrectionis
2579 3619 3116 3687 confirmationem,
3150 3621 3278 3693 ejus
3305 3623 3404 3694 qui
3438 3641 3635 3680 resur-

1989 3715 2223 3764 rexerat
2243 3709 2486 3764 nomine
2511 3709 2799 3764 miracula
2816 3709 2990 3764 edere
3034 3709 3633 3770 demonstrabantur:

1991 3798 2148 3869 quod
2180 3815 2560 3870 nequaquam
2591 3801 2937 3873 contigisset
2958 3801 3004 3855 si
3037 3817 3130 3855 res
3152 3802 3463 3858 mendacio
3497 3803 3634 3859 sub-

1993 3887 2256 3942 serviret.
2288 3889 2375 3943 Ita
2405 3904 2542 3961 ergo
2575 3890 2799 3944 efferati
2833 3896 2892 3944 et
2938 3889 3013 3944 ad
3062 3890 3284 3945 cardem
3333 3892 3635 3962 apostolo-

1991 3992 2124 4031 rum
2155 3978 2491 4048 praaparati,
2523 3979 2763 4034 interim
2815 3979 3054 4049 quidem
3106 3981 3362 4036 carceris
3412 3982 3637 4037 securi-

1993 4069 2112 4120 tate
2145 4082 2244 4120 eos
2275 4073 2599 4132 asservant,
2632 4084 2752 4122 non
2805 4068 3001 4122 statim
3063 4068 3135 4124 ad
3186 4070 3483 4142 judicium
3530 4071 3638 4128 du-

1995 4161 2216 4222 centes,
2252 4155 2354 4210 sed
2383 4162 2615 4211 versute
2677 4173 2822 4211 ansa
2877 4157 3108 4214 timoris
3166 4162 3441 4227 carceris,
3501 4161 3640 4217 facti

1995 4246 2404 4318 paenitentiam
2436 4247 2508 4301 ab
2541 4247 2662 4302 illis
2693 4254 3046 4318 quaerentes.
3079 4253 3150 4304 Et
3177 4251 3262 4305 illi
3298 4252 3537 4322 quidem
3561 4253 3643 4306 ita

1996 4334 2200 4390 afﬂicti
2225 4339 2412 4390 erant.
2450 4336 2603 4391 Deus
2631 4341 2829 4392 autem
2861 4354 2967 4410 per
2994 4355 3220 4395 moram
3254 4357 3384 4410 quae
3417 4346 3543 4394 erat
3569 4340 3641 4394 ad

1998 4425 2222 4480 malum
2255 4429 2556 4492 conatum,
2584 4425 2718 4481 illos
2745 4427 2987 4498 quidem
3011 4428 3236 4500 pudore
3262 4428 3643 4498 affecit,quod

1997 4519 2216 4574 frustra
2240 4515 2546 4588 malignati
2573 4516 2710 4586 sint,
2745 4517 3046 4589 apostolos
3068 4535 3203 4572 vero
3225 4517 3480 4574 carceris
3499 4517 3642 4572 edu-

1999 4606 2193 4661 ctione
2225 4621 2330 4676 per
2359 4604 2627 4660 divinum
2658 4605 2934 4678 angelum
2963 4605 3148 4678 magis
3181 4607 3279 4662 48
3307 4604 3642 4662 roboravit:

2006 4703 2066 4752 et
2093 4695 2308 4767 quibus
2338 4695 2399 4748 in
2433 4694 2610 4749 rebus
2637 4699 2694 4749 et
2722 4694 2821 4750 ubi
2863 4712 2994 4750 cum
3053 4683 3493 4766 perseverantia
3540 4713 3642 4751 an-

2002 4786 2110 4841 niti
2155 4788 2473 4856 0porteret,
2535 4782 2789 4838 edocuit.
2851 4785 2995 4838 Cum
3053 4789 3250 4839 autem
3311 4785 3646 4858 ignorantia

2002 4873 2254 4946 angelici
2288 4873 2489 4928 auxilii
2546 4877 2823 4928 cruentos
2879 4872 3151 4928 homines
3209 4874 3645 4946 intercepisset,

2004 4981 2072 5020 eo
2102 4970 2368 5034 tempore
2409 4979 2524 5032 quo
2557 4960 2854 5032 apostolos
2877 4962 3106 5034 judicio
3139 4965 3416 5020 exhibere
3458 4964 3646 5021 distu-

2002 5055 2216 5119 lerant,
2275 5068 2396 5107 non
2454 5050 2865 5107 misericordia
2922 5053 3088 5120 moti,
3149 5054 3446 5125 quomodo
3489 5055 3646 5111 enim

2004 5144 2116 5199 hoc
2147 5141 2274 5197 fieri
2307 5139 2620 5212 potuisset,
2653 5157 2789 5195 cum
2830 5141 2962 5213 plus
2991 5159 3168 5214 quam
3220 5150 3528 5216 serpentes
3577 5145 3650 5201 ad

2006 5233 2153 5286 iram
2185 5229 2420 5285 excitati
2453 5229 2696 5284 essent?
2727 5229 2829 5284 sed
2861 5235 2924 5285 ut
2954 5233 3216 5303 primum
3255 5233 3496 5304 quidem
3527 5235 3654 5306 opi-

2006 5327 2178 5377 natos
2204 5336 2309 5391 per
2339 5317 2742 5374 detentionem
2777 5319 3015 5392 explere
3049 5339 3215 5377 suam
3266 5322 3654 5391 voluntatem,

2007 5427 2144 5466 nam
2170 5409 2229 5464 in
2251 5409 2410 5464 hunc
2432 5408 2612 5464 finem
2633 5426 2867 5466 carcere
2885 5411 3020 5465 illos
3045 5411 3654 5476 incluserant,deinde

2007 5517 2115 5573 per
2173 5497 2431 5553 divinam
2487 5498 2883 5556 visitationem
2945 5501 3248 5573 conceptis
3303 5501 3483 5559 rebus
3530 5503 3652 5559 fru-

2010 5594 2245 5658 stratos,
2277 5588 2404 5660 ipsa
2436 5589 2672 5643 concilii
2706 5590 2906 5661 in0pia
2937 5591 3095 5645 circa
3121 5607 3189 5645 ea
3222 5607 3352 5661 qua)
3385 5592 3651 5648 decreve-

2009 5685 2163 5749 rant,
2222 5679 2462 5735 doceret
2516 5679 2774 5735 divinam
2835 5697 2962 5735 esse
3020 5681 3344 5752 potentiam
3417 5681 3648 5753 angeli:

2012 5787 2267 5844 namque
2287 5787 2317 5828 e
2337 5787 2570 5827 carcere
2603 5769 2835 5826 eductio
2854 5770 3137 5843 apostolis
3164 5770 3402 5842 quidem
3427 5769 3499 5825 ad
3517 5781 3653 5822 con-
