4134 6196
423 475 538 534 115

1539 466 1966 529 (ECUMENII
2009 462 2317 527 TRICCE
2360 465 2712 527 EPISCOPI

3714 471 3822 529 116

426 605 797 666 solationem.
829 603 1047 660 Iudaeis
1077 620 1214 659 vero
1235 601 1310 658 ad
1333 601 1650 658 utilitatem
1675 600 1937 656 exhibita
1955 606 2062 656 est.
2096 660 2098 666 η

2221 619 2357 667 ενοι,
2393 599 2435 653 εἰ
2465 597 2693 667 θέλοιεν,
2753 599 3176 672 καταλήψωνται
3233 599 3322 653 καὶ
3373 598 3528 658 αὐτοὶ
3587 599 3675 654 καὶ
3707 581 3832 656 πατέρ

426 700 778 770 Ignorarunt
807 700 1004 750 autem
1035 694 1219 749 Judaei
1252 693 1510 748 divinam
1545 708 1672 746 esse
1721 693 2068 762 potentiam,

427 791 494 840 ut
523 785 781 856 primum
813 784 871 837 in
904 782 1266 854 agendorum
1321 781 1709 852 perplexitate
1765 779 2071 834 constituti

431 875 584 930 sicut
626 873 876 936 aiebam,
939 873 985 926 si
1045 871 1265 926 vellent
1319 870 1971 942 comprehenderentur
2018 874 2077 922 et

429 966 542 1037 ipsi
574 983 641 1021 ac
667 966 1039 1020 docerentur.
1074 963 1166 1017 Illi
1198 979 1332 1017 vero
1356 963 1501 1018 adeo
1523 962 1796 1017 excazcati
1822 967 1981 1025 sunt,
2013 965 2080 1015 ut

430 1072 624 1126 neque
656 1055 945 1109 auderent
973 1053 1025 1106 vi
1057 1070 1091 1108 a
1123 1052 1341 1123 templo
1373 1051 1718 1106 abstrahere
1756 1051 2075 1122 apostolos.

433 1163 583 1217 quos
606 1150 803 1199 tamen
826 1143 1081 1197 maxime
1110 1141 1725 1197 abominabantur.Ex
1753 1159 1868 1212 quo
1902 1141 2079 1195 etiam

435 1234 819 1291 manifestum
853 1238 942 1286 est
977 1231 1301 1303 gregariam
1356 1231 1585 1285 turbam
1634 1230 2081 1300 prudentiorem

434 1324 617 1379 fuisse
643 1321 900 1376 Judaicis
932 1321 1339 1392 principibus:
1389 1319 1547 1389 quod
1593 1336 1725 1373 cum
1772 1319 1857 1374 illi
1904 1319 2083 1374 rudes

447 1417 666 1476 essent,
701 1429 734 1466 a
786 1411 999 1465 divinis
1057 1409 1241 1480 signis
1290 1408 1542 1463 salutem
1593 1409 1766 1463 citius
1824 1409 2082 1480 amplexi

441 1504 561 1558 sint
592 1517 767 1571 qnam
801 1497 1146 1569 legisperiti.
1183 1497 1318 1552 Ideo
1368 1503 1501 1568 post
1555 1497 1802 1552 multam
1858 1497 2084 1552 divino-

439 1608 571 1646 rum
591 1591 892 1659 signorum
917 1586 1188 1640 notitiam
1203 1601 1269 1641 ac
1283 1586 1700 1641 certitudinem
1717 1587 2087 1659 interrogant

438 1676 800 1750 legisperiti:
841 1700 859 1724 ι
898 1677 1102 1731 Nonne
1142 1683 1436 1748 praecepto
1497 1677 1874 1748 praecipimus
1921 1676 2084 1731 vobis

439 1784 514 1825 ne
537 1765 968 1837 loqueremini:
998 1789 1018 1814 ι
1045 1765 1221 1835 Atqui
1246 1766 1292 1820 si
1318 1765 1444 1820 solo
1467 1773 1781 1838 prmcepto,
1799 1783 2085 1838 quorsum

442 1854 715 1912 custodia
771 1870 1170 1926 magnumque
1229 1853 1717 1909 munimentum?
1786 1855 2088 1927 Siquidem

2179 685 2431 757 δευθῶσι,
2480 688 2625 752 θείαν
2690 690 2829 744 εἶναι
2879 691 2975 757 τήν
3036 686 3283 761 δύναμιν.
3345 688 3412 746 Οἱ
3463 685 3520 743 δί
3571 693 3828 745 τοσοῦτον

2178 777 2562 852 ἰπηρώθησαν,
2597 777 2735 834 ὥστε
2777 775 2904 833 οὐδὲ
2951 779 3078 840 τοὺς
3114 775 3580 854 βδελυκτοτάτους
3647 778 3830 842 αὐτοῖς

2181 867 2518 932 ἀποστόλους
2573 867 2837 945 θαρρῆσαι
2929 868 3062 941 μετὰ
3125 867 3246 943 βίας
3296 871 3394 922 τοῦ
3451 867 3600 943 ἱεροῦ
3657 867 3827 945 ἀφελ-

2178 961 2358 1016 κῦσαι.
2393 959 2514 1036 Ἀφ’
2543 956 2604 1012 οὗ
2652 959 2740 1012 καὶ
2775 955 2946 1027 δῆλον
2996 959 3071 1019 ὡς
3121 957 3474 1032 συνετώτερος
3509 958 3536 1012 6
3567 956 3824 1032 ἀγελαῖος

2181 1044 2354 1126 ὄχλος
2395 1052 2503 1101 τῶν
2525 1043 2836 1101 Ἰουδαϊκῶν
2871 1047 3174 1122 ἀρχόντων,
3208 1052 3412 1110 θᾶττων
3454 1043 3669 1100 ἐκείνων
3714 1051 3822 1101 τῶν

2183 1138 2663 1210 ἀμαθῶν,τούτων
2721 1142 2826 1191 τῶν
2876 1141 3141 1210 νομικῶν,
3184 1141 3301 1198 ταῖς
3360 1135 3708 1208 θεοσημείαις
3757 1136 3822 1194 τό

2185 1229 2454 1300 σωτήριον
2511 1225 2976 1300 ἐπισπασαμένων.
3027 1225 3224 1301 Διόπερ
3291 1223 3566 1301 ἐρωτῶσιν
3628 1225 3678 1278 oi
3737 1246 3833 1280 νο-

2190 1318 2342 1390 μικοὶ
2393 1317 2480 1372 ἐπὶ
2530 1316 2717 1390 πολλῇ
2774 1320 2842 1390 τῇ
2900 1317 3096 1394 γνώσει
3145 1321 3252 1372 τῶν
3309 1318 3650 1388 θεοσημειῶν
3739 1317 3830 1372 καὶ

2187 1407 2559 1486 πληροφορίᾳο
2595 1433 2622 1459 ι(
2655 1407 2729 1464 Οὐ
2787 1406 3131 1483 παραγγελία
3187 1406 3632 1482 παρηγγείλαμεν
3696 1407 3828 1481 ὑμῖν

2193 1499 2268 1571 μή
2303 1496 2491 1553 λαλεῖν
2515 1517 2528 1566 ς
2549 1519 2573 1550 ι
2608 1496 2784 1552 καίτοι
2816 1498 2862 1551 εἰ
2893 1495 3232 1573 παραγγελία
3267 1496 3425 1571 μόνῃ,
3447 1494 3530 1559 τίς
3552 1498 3586 1566 ἡ
3611 1495 3827 1572 φυλακή

2189 1588 2279 1642 καὶ
2311 1589 2346 1657 ἡ
2375 1587 2562 1656 πολλή
2592 1587 2854 1663 ἀσιράλεια
2888 1608 2901 1656 ;
2935 1589 3071 1665 πρὸς
3130 1589 3235 1663 γὰρ
3288 1591 3357 1661 τῇ
3417 1586 3679 1662 καθείρξει
3740 1586 3831 1642 καὶ

2193 1676 2428 1755 φύλακες
2460 1676 2852 1753 προσήδρευον,
2911 1679 2983 1732 ὧν
3045 1679 3109 1732 οὐ
3169 1679 3361 1750 μνήμη
3421 1676 3519 1752 νῦγ
3578 1676 3653 1739 εἷς
3699 1677 3836 1732 ἀπο-

2193 1761 2399 1841 κρυϐἡν
2457 1773 2556 1835 τῆς
2615 1765 2912 1840 ἀγγελικῆς
2981 1765 3436 1840 θαυματουργίας.
3491 1764 3644 1832 Πλὴν
3704 1761 3846 1820 ἔστιν

2195 1854 2384 1910 εἰπεῖν·
2439 1854 2500 1910 Ei
2560 1858 2627 1927 τῇ
2678 1853 2981 1929 πραγγελίᾳ
3037 1854 3187 1926 ὑμῶν
3247 1852 3335 1908 καὶ
3394 1855 3427 1924 ἠ
3497 1855 3626 1929 παρ’
3682 1856 3844 1926 ἡμῶν

445 1944 720 2002 custodes
751 1961 985 2015 quoque
1009 1943 1350 1999 assidebant
1369 1945 1613 2010 carceri,
1648 1961 1900 2015 quorum
1924 1945 2091 2000 nulla

2221 1943 2334 2018 τρὸς
2394 1943 2642 2017 φυλακὴν
2703 1944 3090 2020 συγκατάθεσις
3147 1943 3464 2019 προσετέθη,
3519 1940 3742 2020 εὓλογοι
3791 1941 3848 1998 αἱ

447 2035 623 2091 modo
657 2034 722 2090 ﬁt
749 2035 975 2090 mentio
1007 2034 1081 2089 ad
1112 2034 1571 2089 occultationem
1624 2034 1877 2107 angelici
1912 2035 2089 2090 mira-

451 2123 603 2180 culi:
638 2140 839 2178 verum
873 2122 1070 2178 dicere
1103 2127 1345 2194 possent
1374 2121 1663 2194 apostoli:
1697 2123 1753 2177 Si
1798 2129 2093 2194 praecepto

448 2219 640 2269 vestro
670 2219 875 2268 noster
905 2213 1081 2268 etiam
1113 2229 1394 2267 assensus
1418 2212 1492 2267 ad
1523 2212 1955 2267 observantiam
1987 2212 2093 2267 ad-

2200 2036 2288 2087 νῦν
2324 2031 2407 2087 ἐπ’
2468 2031 2720 2104 ἀθέτησιν
2777 2033 3081 2108 ἀνακρίσεις
3137 2053 3194 2087 τε
3249 2033 3341 2087 καὶ
3382 2031 3614 2088 εὐθῦναι.
3667 2031 3729 2088 Εἰ
3789 2029 3847 2086 δί

2201 2121 2409 2176 τούτων
2468 2119 2642 2190 οὐδεν,
2695 2121 2939 2198 ἀφρόνων
3000 2123 3057 2176 αἱ
3114 2126 3202 2178 νῦν
3265 2122 3338 2183 ὡς
3398 2120 3485 2176 ἐπὶ
3544 2116 3849 2196 παραϐάσει

2207 2208 2545 2280 ἐπικλήσεις.

439 2304 686 2376 junctUS
719 2307 826 2368 est,
858 2301 1242 2356 rationabiles
1275 2307 1475 2356 essent
1507 2318 1667 2356 nunc
1697 2302 1769 2356 ob
1815 2308 2083 2373 spretum
2139 2307 2500 2372 prmceptum
2547 2302 3042 2374 interrogationes
3087 2301 3266 2357 simul
3315 2305 3373 2355 et
3420 2299 3714 2357 examina.
3775 2301 3852 2355 At

449 2395 496 2451 si
528 2391 678 2448 nihil
709 2393 943 2453 horum.
973 2391 1340 2446 dementium
1374 2397 1514 2446 sunt
1547 2391 1743 2459 modo,
1776 2392 1935 2446 velut
1966 2391 2039 2446 ob
2073 2391 2607 2464 transgressionem
2631 2392 3077 2464 appellationes.

518 2484 585 2549 V,
617 2485 709 2547 26,
740 2485 828 2536 27.
870 2502 890 2529 ι
921 2481 1230 2536 Timebant
1263 2481 1420 2536 enim
1453 2481 1711 2553 plebem,
1761 2499 1835 2536 ne
1881 2480 2095 2552 lapidi-

448 2597 476 2624 α
507 2572 618 2627 bus
648 2573 1149 2642 opprimerentur.
1197 2571 1497 2626 Adductos
1547 2576 1745 2626 autem
1793 2570 1929 2626 illos
1979 2575 2098 2625 sta-

452 2685 479 2716 ιι
515 2666 757 2717 tuerunt
785 2661 848 2715 in
879 2660 1132 2716 concilio
1157 2676 1169 2713 :
1205 2665 1263 2714 et
1293 2660 1676 2733 interrogavit
1696 2676 1798 2716 eos
1819 2660 2097 2732 princeps

453 2773 481 2801 «
518 2749 896 2807 sacerdotum
928 2748 1154 2804 dicens.
1189 2770 1215 2799 »

524 2840 568 2896 Ο
599 2839 965 2895 dementiam
991 2839 1238 2894 istorum
1266 2839 1277 2893 Ι
1313 2839 1413 2910 qui
1441 2839 1627 2894 turbaa
1668 2839 1907 2910 quidem
1958 2856 2096 2911 pru-

456 2929 719 2986 dentiam
751 2929 958 2983 latenti
993 2929 1201 2984 timore
1249 2933 1663 3000 cognoverant,
1717 2928 1994 2984 similiter
2041 2936 2102 2984 et

455 3021 579 3092 Dei,
613 3021 713 3093 qui
745 3019 1057 3076 manifeste
1090 3037 1228 3076 suos
1246 3037 1482 3092 semper
1499 3020 1571 3075 de
1595 3019 1870 3076 manibus
1895 3037 2100 3077 eorum

453 3115 738 3182 tanquam
767 3110 1035 3166 volucres
1067 3109 1357 3182 eripiebat
1385 3126 1398 3164 :
1432 3126 1540 3165 nec
1593 3115 1791 3166 tamen
1835 3126 2101 3182 unquam

457 3203 725 3272 adoptari
758 3203 1099 3274 cupiebant.

526 3290 624 3345 49
651 3292 713 3357 V,
737 3293 804 3345 28
834 3312 859 3343 ι
880 3293 1086 3346 Nonne
1108 3297 1402 3363 praecepto
1429 3294 1820 3364 praecepimus
1833 3293 2101 3357 vobis,ne

2279 2504 2305 2529 «
2343 2473 2676 2557 Ἐφοϐοὖντο
2724 2479 2826 2555 γὰρ
2854 2479 2945 2535 τὸν
3000 2479 3155 2549 λαὸν,
3209 2477 3300 2534 ⁸ίνα
3361 2479 3438 2552 μή
3497 2478 3852 2536 λιθασθῶσιν.

2207 2568 2523 2642 Ἀγαγὸντες
2553 2565 2609 2623 δὶ
2669 2568 2865 2630 αὐτοὺς
2922 2565 3149 2639 ἔστησαν
3209 2567 3261 2624 ἐν
3293 2573 3372 2640 τῷ
3412 2564 3690 2642 συνεδρίῳ.
3753 2565 3856 2624 Καὶ

2207 2655 2558 2731 ἐπηρώτησεν
2592 2656 2786 2720 αὐτοὺς
2809 2659 2836 2712 6
2867 2657 3172 2733 ἀρχιερεύς.
3220 2683 3246 2710 ››

2278 2842 2373 2898 ’Ὡς
2401 2844 2500 2906 τῆς
2533 2833 2934 2911 ἐμϐροντησίας
2967 2842 3073 2892 τῶν
3107 2835 3191 2893 ἐπ’
3221 2834 3415 2909 ἀδήλῳ
3450 2837 3542 2909 μὲν
3569 2840 3648 2908 τῷ
3695 2830 3856 2913 φόϐῳ

2209 2929 2304 2979 τοῦ
2332 2921 2510 3004 ὄχλου
2541 2926 2604 2980 τὸ
2637 2930 2850 3005 σῶφρον
2884 2925 3300 3003 ἐπεγνωκότων,
3357 2929 3456 2980 τοῦ
3504 2929 3638 2981 Θεοῦ
3670 2921 3729 2979 δὶ
3756 2928 3856 2979 τοῦ

2208 3011 2505 3088 προδήλως
2531 3016 2609 3070 ἀεὶ
2658 3019 2765 3070 τῶν
2821 3021 3022 3091 χειρῶν
3085 3015 3259 3070 αὐτῶν
3318 3014 3560 3089 καθάπερ
3615 3011 3858 3084 πτηνοὺς

2211 3102 2337 3166 τοὺς
2369 3105 2570 3176 ἑαυτοῦ,
2618 3103 3031 3180 ἐξαρπάζοντοςζ
3069 3102 3200 3178 μηδ’
3244 3106 3311 3175 ἣν
3365 3125 3485 3159 τινα
3542 3101 3685 3178 ὥραν
3740 3103 3858 3158 υἱο-

2211 3195 2478 3249 ποιεῖσθαι
2509 3195 2980 3269 προθυμουμένων
3016 3195 3028 3250 l

2289 3310 2309 3333 ιι
2346 3283 2424 3341 Οὑ
2475 3283 2819 3359 παραγγελία
2871 3282 3321 3358 παρηγγείλαμεν
3388 3285 3541 3356 ὑμῖν,
3596 3283 3671 3356 μὴ
3705 3279 3862 3337 διδά-

454 3401 484 3429 ‹‹
515 3378 808 3434 doceretis
838 3379 899 3432 in
932 3379 1043 3433 hoc
1075 3380 1316 3435 nomine
1337 3380 1363 3434 ?
1395 3386 1452 3435 et
1484 3399 1616 3437 ecce
1641 3382 1916 3453 replestis
1935 3384 2098 3438 Jeru-

2221 3397 2249 3426 ι(
2281 3393 2419 3428 σκειν
2454 3371 2531 3428 ἒτὶ
2561 3378 2640 3446 τῷ
2697 3373 2924 3446 ὀνόματι
2977 3372 3201 3445 τούτῳ;
3249 3372 3335 3428 καὶ
3391 3371 3511 3428 ἱδοὺ
3561 3370 3862 3444 πεπληρώ-

457 3490 483 3518 ‹‹
521 3467 707 3524 salem
738 3467 1010 3521 doctrina
1042 3474 1254 3523 vestra.
1291 3489 1318 3516 »

529 3556 626 3610 Vir
656 3556 1052 3627 propudiosus
1079 3561 1137 3611 et
1166 3556 1474 3627 improbus
1507 3561 1565 3612 et
1593 3558 1810 3613 stultus
1856 3577 1956 3614 eos
2005 3561 2101 3614 in-

456 3645 790 3718 terrogavit,
824 3667 850 3693 ‹‹
884 3646 1086 3700 Nonne
1134 3651 1450 3716 praecepto,
1510 3652 1620 3701 etc.
1659 3669 1686 3695 ››
1737 3649 2104 3719 Praeceptum

461 3735 701 3807 quidem
728 3734 854 3805 jam
884 3733 1108 3789 dictum
1142 3739 1230 3788 est
1250 3734 1492 3805 plenum
1551 3752 1679 3790 esse
1732 3736 2104 3801 temeritatis,

463 3830 522 3879 et
550 3823 916 3896 superﬂuum
949 3839 1076 3878 esse
1111 3823 1316 3878 eadem
1346 3823 1570 3878 eisdem
1604 3824 1676 3879 de
1706 3824 1884 3880 rebus
1936 3843 2102 3898 repe~

459 3918 606 3969 tere.

537 4004 598 4069 V,
631 4003 721 4071 28,
753 4003 840 4055 29.
876 4024 903 4052 «
935 4003 1006 4056 Et
1033 4001 1207 4057 vultis
1256 4002 1537 4058 inducere
1589 4021 1766 4076 super
1809 4021 1919 4060 nos
1968 4021 2105 4060 san-

472 4109 494 4138 ι
528 4091 766 4162 guinem
797 4090 902 4144 viri
950 4091 1148 4162 hujus.
1210 4092 1595 4164 Respondens
1653 4099 1851 4149 autem
1903 4094 2104 4148 Simon

465 4201 491 4228 «
528 4181 738 4234 Petrus
769 4184 828 4233 et
856 4180 1130 4250 apostoli,
1168 4180 1464 4236 dixerunt.
1502 4202 1526 4232 ι

535 4268 741 4324 Adhuc
773 4269 858 4323 eis
883 4268 1077 4324 nudus
1102 4270 1280 4325 homo
1302 4271 1630 4328 videbatur.
1667 4274 1739 4328 Ut
1781 4277 1980 4328 autem
2012 4290 2109 4327 os-

463 4359 712 4416 tendant
740 4361 1142 4416 necessarium
1174 4361 1356 4416 fuisse
1388 4369 1772 4435 praeceptum,
1805 4368 1864 4419 et
1894 4368 1959 4418 ut
1989 4381 2108 4418 sum

462 4449 844 4522 providerent
873 4449 1070 4518 saluti,
1104 4456 1286 4522 utque
1331 4452 1776 4508 multitudinem
1831 4453 2110 4509 adversus

464 4539 601 4594 illos
635 4538 1075 4607 exacerbarent,
1108 4540 1235 4594 haec
1267 4539 1563 4596 dicebant.

538 4629 603 4695 V,
635 4630 818 4683 29-31.
845 4652 871 4678 «
909 4627 1159 4684 Obedire
1190 4634 1422 4700 oportet
1453 4630 1569 4684 Deo
1598 4630 1783 4703 magis
1815 4647 1990 4702 quam
2012 4631 2114 4686 bo-

2225 3486 2246 3514 ι
2279 3485 2406 3518 κατε
2434 3465 2532 3533 τήν
2569 3463 2932 3540 Ἰερουσαλὴμ
2960 3471 3060 3533 τῆς
3095 3460 3330 3539 διδαχῆς
3359 3463 3531 3536 ὑμῶν.
3570 3486 3598 3514 ››

2289 3554 2348 3609 ὐ
2379 3553 2738 3628 ἀναίσχυντος
2791 3555 2882 3609 καὶ
2936 3555 3130 3629 ἰταμὸς
3183 3557 3269 3609 καὶ
3327 3555 3512 3629 μωρὸς
3571 3555 3861 3628 ἠρώτησεν

2221 3642 2434 3708 αὐτοὺς,
2473 3667 2497 3694 ‹‹
2531 3643 2674 3718 Οὐχὶ
2705 3644 3068 3719 παραγγελία,
3097 3669 3124 3694 ››
3156 3645 3244 3698 καὶ
3280 3645 3422 3716 ἑξῆς.
3451 3645 3513 3698 ἹΙ
3539 3643 3634 3714 μὲν
3663 3662 3868 3716 παραγ-

2220 3731 2376 3808 γελία
2404 3731 2485 3788 ὅτι
2521 3734 2690 3805 μεστή
2722 3733 3052 3808 ἐμπληξίας,
3080 3731 3291 3810 εἴρηται
3349 3729 3481 3804 ἤδη,
3509 3733 3596 3786 καὶ
3654 3730 3865 3805 παρέλ-

2219 3841 2313 3878 κον
2341 3822 2406 3876 τὰ
2435 3820 2568 3876 αὐτά
2597 3822 2719 3897 περὶ
2751 3828 2857 3878 τῶν
2890 3823 3064 3878 αὐτῶν
3095 3818 3622 3898 ἐπαναλαμϐάνουσι.

2292 4029 2319 4056 ‹‹
2355 4003 2452 4058 Καὶ
2512 4003 2775 4080 βούλεσθε
2826 4005 3102 4081 ἐπαγανεῖν
3155 4005 3234 4068 ἐφ’
3288 4007 3435 4077 ἡμᾶς
3485 4004 3547 4058 τὸ
3595 4003 3734 4077 αἷμα
3763 4006 3863 4056 τοῦ

2223 4118 2250 4145 ‹‹
2283 4093 2570 4169 ἀνθρώπου
2594 4094 2829 4164 τούτοο;
2890 4095 3233 4168 Ἀποκριθεὶς
3275 4091 3332 4148 δὲ
3363 4095 3390 4149 6
3426 4093 3626 4168 Πέτρος
3689 4089 3776 4146 καῖ
3811 4091 3866 4146 οἱ

2227 4208 2248 4235 ι
2285 4182 2633 4254 Ἀπόστολοι,
2667 4187 2839 4240 εἷπον.
2878 4209 2904 4235 n

2293 4273 2412 4327 Ἤτι
2452 4271 2637 4336 αὐτοῖς
2689 4273 2852 4348 ψιλὸς
2910 4273 3192 4348 ἄνθρωπος
3226 4269 3423 4328 ἐδόκει.
3475 4274 3589 4329 Ἵνα
3638 4268 3696 4326 δὲ
3753 4265 3867 4324 δεί-

2225 4362 2382 4431 ξωσιν
2417 4361 2498 4416 ὅτι
2530 4361 2790 4436 ἀναγκαία
2819 4363 2886 4432 ἦν
2917 4364 2951 4431 ἡ
2989 4362 3356 4437 παραγγελία,
3416 4360 3505 4415 καὶ
3559 4356 3736 4438 φειδοῖ
3764 4364 3866 4428 τῆς

2225 4451 2427 4512 οἰκείας
2487 4451 2780 4524 σωτηρίας,
2866 4451 2956 4505 καὶ
3011 4451 3102 4504 ἳνα
3152 4451 3464 4529 τραχύνωσι
3514 4449 3630 4504 κατ’
3688 4445 3863 4502 αὐτῶν

2221 4540 2283 4594 τὸ
2314 4537 2548 4609 πλῆθος,
2581 4543 2748 4594 ταῦτα
2780 4538 2987 4616 ἔλεγον.

2299 4652 2326 4681 ι(
2360 4631 2679 4704 Πειθαρχεῖν
2740 4626 2822 4682 δεῖ
2879 4633 2992 4702 Θεῷ
3055 4627 3290 4701 μᾶλλον,
3348 4628 3381 4697 ἢ
3444 4627 3870 4704 ἀνθρώποις.Ὀ

474 4715 815 4772 «minibus.
880 4717 1032 4772 Deus
1089 4723 1324 4788 patrum
1409 4724 1748 4774 nostrorum
1809 4720 2098 4775 suscitavit

2227 4744 2246 4770 ι
2283 4719 2413 4780 Θεὸς
2442 4723 2550 4774 τῶν
2582 4720 2826 4795 πατέρων
2859 4722 3018 4793 ἡμῶν
3048 4720 3264 4794 ἤγειρεν
3325 4721 3558 4790 Ἰησοῦν,
3610 4719 3668 4772 ’ὀν
3712 4717 3876 4789 ὑμεῖς

471 4825 499 4852 ‹‹
531 4804 750 4870 Jesum,
793 4821 969 4874 quem
1037 4823 1137 4861 vos
1195 4805 1585 4862 interemistis
1639 4825 1994 4880 suspensum
2053 4809 2113 4863 in

470 4911 502 4941 α
533 4891 714 4964 ligno.
738 4893 904 4947 Hunc
934 4895 1261 4967 principem
1295 4903 1352 4951 et
1382 4897 1740 4952 Salvatorem
1773 4899 1926 4954 Deus
1957 4900 2113 4955 exal-

474 5000 502 5030 «ι
536 4981 676 5034 tavit
704 4980 944 5036 dextera
975 5000 1105 5039 sua.
1148 5007 1175 5033 »

545 5069 687 5124 Vide
720 5075 944 5140 quanta
971 5073 1151 5127 fuerit
1176 5090 1401 5144 eorum,
1436 5077 1534 5148 qui
1569 5077 2113 5150 interrogabantur,

470 5158 790 5214 modestia:
825 5175 1020 5231 neque
1039 5162 1195 5216 enim
1217 5181 1350 5219 cum
1381 5166 1686 5223 ferocitate
1709 5167 2111 5240 respondent:

470 5247 763 5318 siquidem
793 5257 1188 5323 praeceptores
1221 5260 1409 5322 erant,
1458 5273 1568 5312 nec
1627 5257 2114 5330 indignabantur,

470 5336 572 5392 sed
605 5338 1042 5396 miserabantur
1073 5357 1297 5408 eorum,
1355 5344 1533 5417 idque
1591 5345 2000 5413 intendebant,
2053 5352 2118 5400 ut

469 5425 603 5480 illos
634 5445 834 5484 errore
868 5431 1216 5488 eximerent.
1251 5435 1377 5489 Non
1411 5434 1567 5488 enim
1628 5435 1906 5490 adversus
1956 5435 2116 5506 ipsos

469 5515 640 5570 rixati
674 5525 849 5573 sunt:
897 5527 998 5574 aut
1055 5521 1193 5576 elati
1245 5522 1399 5576 dono
1447 5523 1749 5591 signorum
1781 5541 1814 5578 a
1848 5525 1964 5578 Deo
2013 5541 2119 5596 per

472 5620 572 5659 eos
615 5607 932 5668 editorum.
988 5611 1418 5666 contumeliose
1477 5611 1598 5665 illis
1655 5613 2114 5683 responderunt,

473 5693 634 5762 ipsos
657 5695 936 5749 adversus
963 5699 1272 5753 stimulum
1308 5699 1613 5754 calcitrare
1659 5701 1977 5757 docentes:
2015 5703 2116 5757 sed

473 5779 730 5847 primum
764 5783 1003 5851 quidem
1035 5784 1203 5841 aiunt
1231 5786 1627 5844 obedientiam
1652 5793 1765 5843 Deo
1785 5790 2116 5862 promptius

2225 4833 2252 4857 ‹‹
2287 4804 2683 4884 διεχειρίσασθε
2761 4809 3126 4884 κρεμάσαντες
3207 4807 3295 4862 ἐπὶ
3346 4806 3532 4880 ξύλου.
3595 4809 3802 4862 Τοῦτον
3838 4807 3867 4860 6

2227 4921 2250 4947 α
2286 4897 2414 4959 Θεὸς
2475 4897 2716 4972 ἀρχηγὸν
2775 4898 2864 4952 καὶ
2920 4905 3150 4972 Σωτῆρα
3202 4897 3383 4972 ὕψωσε
3431 4900 3500 4970 τῇ
3561 4893 3703 4969 δεξιᾷ
3764 4893 3864 4949 αὖ·

2227 5009 2253 5036 ‹‹
2281 5007 2395 5041 του.
2431 5007 2462 5039 δ)

2296 5074 2493 5131 Σκόπει
2528 5072 2584 5130 δὲ
2644 5075 2743 5146 ὅση
2778 5079 2813 5145 ἡ
2849 5075 3108 5131 ἐπιείκεια
3163 5082 3269 5130 τῶν
3319 5074 3732 5148 ἐξεταζομένων.
3789 5073 3870 5130 Οὐ

2225 5166 2329 5240 γὰρ
2383 5162 2622 5241 θρασέως
2682 5165 3079 5240 ἀπε-κρίνονται.
3169 5163 3496 5221 Διδάσκαλοι
3553 5165 3654 5240 γὰρ
3710 5163 3871 5234 ἦσαν,

2225 5255 2314 5310 καὶ
2353 5256 2451 5310 οὐκ
2507 5254 2826 5331 ὠργίζοντο,
2884 5254 3009 5310 ἀλλ’
3049 5254 3246 5324 ἠλέουν
3307 5253 3523 5326 αὐτοὺς,
3580 5253 3668 5308 καὶ
3715 5251 3871 5308 ἐσκόο

2225 5366 2361 5400 πουν
2393 5346 2542 5407 ὅπως
2588 5344 2780 5406 αὐτοὺς
2839 5344 3191 5418 ἂπαλλάξωσι
3240 5351 3338 5413 τῆς
3391 5343 3624 5413 πλάνης.
3660 5340 3738 5399 Οὐ
3769 5340 3874 5416 γὰρ

2226 5432 2522 5505 ἐνάμιλλον
2555 5433 2761 5502 αὐτοῖς,
2793 5433 2879 5488 ἐπὶ
2909 5437 2976 5508 τῇ
3029 5431 3101 5488 δι’
3158 5433 3354 5495 αὐτοὺς
3386 5431 3686 5505 θεοσημείᾳ
3713 5430 3871 5485 tmt-

2228 5524 2477 5599 ρόμενοι,
2555 5519 2880 5598 ὑϐριστικῶς
2965 5523 3150 5584 αὐτοῖς
3227 5524 3549 5598 κέχρηνται,
3603 5520 3679 5592 μή
3733 5519 3874 5595 πρὸς

2225 5611 2416 5686 κέντρα
2463 5609 2732 5682 λακτίζειν
2792 5612 2987 5674 αὐτοὺς
3038 5612 3417 5682 συνετίζοντες.
3483 5608 3661 5665 Ἀλλὰ
3721 5611 3875 5684 πρῶ-

2225 5720 2315 5754 τον
2353 5699 2447 5772 μὶν
2479 5702 2560 5773 τῷ
2618 5697 2733 5772 Θεῷ
2789 5701 3066 5771 πειθήνιον
3126 5701 3520 5774 προτιμότερον
3573 5697 3874 5776 φάσκουσιν

2225 5788 2524 5865 ἀνθρώπων
2609 5789 2933 5863 ἀνατιθέναι,
3014 5788 3444 5867 ἀπορῥητὸτερον
3533 5787 3730 5848 αὐτοὺς
3763 5782 3880 5841 ’δι-
