4136 6200
344 458 443 520 117

1292 446 1704 511 COMMENT.
1751 447 1832 508 IN
1878 446 2085 507 ACTA
2129 448 2742 513 APUSTOLORUM.

3611 462 3730 521 118

346 587 675 664 ελέγρχοντες
701 581 779 646 ὡς
819 583 1193 662 καταφόνητὰς
1224 585 1334 636 τῶν
1395 577 1466 635 δι’
1524 579 1718 642 αὐτοὺς
1778 579 1929 634 θεόθε

2075 580 2451 637 referendam
2482 599 2611 638 esse
2633 601 2812 655 quam
2840 587 3218 642 hominibus:
3243 589 3533 645 occultius
3556 592 3719 664 ipsos

339 671 734 747 ὲκτελουμένων,
768 673 886 726 εἶτα
926 667 984 726 δὲ
1041 670 1130 725 καὶ
1191 668 1276 725 ὅτι
1330 667 1386 724 ὅν
1448 667 1733 742 ἄνθρωπον
1795 665 1956 741 ψιλὸν

338 761 668 830 ἀπεκάλεσαν,
699 766 894 817 τοῦτον
946 762 1086 815 εἶναι
1140 759 1234 814 καὶ
1288 765 1524 832 Σωτῆρα
1578 757 1668 812 καὶ
1711 757 1790 828 τῷ
1843 761 1958 828 Θεῷ

340 850 719 926 μεμελημένον,
764 852 840 912 ὡς
897 851 986 905 καὶ
1044 848 1106 904 ἐκ
1164 854 1364 923 νεκρῶν
1421 847 1582 902 αὐτὸν
1640 848 1952 915 ἀναστῆσαι.

337 943 402 1001 Τὸ
428 943 523 1018 γὰρ
554 941 730 1010 οἰκείᾳ
758 939 979 1019 φάσκειν
1015 937 1171 1013 ἰσχύϊ
1197 937 1295 992 οὐκ
1324 935 1562 1014 ἀσφαλες
1609 935 1745 999 τέως
1792 935 1954 1010 ἐρεῖν,

332 1030 474 1093 ὡςᾶν
502 1033 576 1104 μή
609 1028 850 1092 ἀντίθεος
886 1027 1064 1100 τούτῳ
1115 1027 1422 1100 νομίζοιτο.
1483 1027 1694 1082 Τοῦτον
1749 1022 1806 1079 δὲ
1859 1025 1952 1079 τὸν

334 1121 422 1177 ὑπὸ
473 1120 600 1175 Θεοῦ
660 1117 934 1192 ὑψωθέντα
991 1115 1189 1177 αὐτοὺς
1273 1113 1676 1190 διαχρήσασθαι
1744 1112 1953 1186 θανάτῳ

328 1212 554 1284 σταυροῦ,
587 1207 717 1262 ὅσου
762 1210 860 1261 τοῦ
910 1205 1313 1280 κατακρίματος
1375 1200 1660 1268 ὑπόδικον,
1718 1203 1792 1265 ὡς
1844 1201 1950 1256 ἀπὸ

323 1296 470 1371 κὰρου
509 1297 704 1372 βαθέος
737 1294 1050 1366 ἰξανιστῶν,
1081 1293 1442 1370 προτρέπεται
1473 1289 1696 1347 ἐννοεῖν.

375 1591 402 1618 ‹‹
427 1569 622 1622 Δοῦναι
659 1564 948 1638 μετάνοιαν
977 1567 1057 1634 τῷ
1091 1558 1335 1638 Ἰσραὴλ,
1385 1559 1476 1615 καὶ
1524 1557 1708 1634 ἄφεσιν
1768 1557 1945 1634 ἀμαρ-

314 1681 339 1708 α
363 1660 502 1712 τιῶν.
540 1679 574 1707 ιτ)

372 1746 519 1803 Οὕτω
588 1744 920 1818 μετεωρίσας
968 1744 1060 1798 τὸν
1127 1741 1252 1818 περὶ
1307 1746 1404 1796 τοῦ
1459 1744 1692 1812 σταυροῦ
1747 1737 1939 1816 λόγον,

308 1836 383 1890 καὶ
414 1835 484 1896 ὠς
516 1833 903 1910 ἀσύγγνωστον
947 1832 1261 1906 κατάκριμα
1317 1837 1435 1892 τοῖς
1489 1833 1559 1904 τῇ
1621 1828 1758 1899 αὐτῇ
1804 1827 1939 1882 κατὰ

2065 676 2413 726 accusantes
2453 676 2737 742 tanquam
2795 682 3233 747 contemptores
3292 693 3518 745 eorum,
3579 698 3710 751 quas

2031 812 2034 815 .
2066 767 2306 832 propter
2336 761 2471 816 illos
2503 769 2742 832 peracta
2769 770 2956 819 erant.
2992 765 3214 820 Deinde
3248 768 3424 822 etiam
3467 770 3624 838 quod
3656 771 3707 826 is

2064 866 2241 920 quem
2275 850 2385 922 ipsi
2420 851 2645 910 nudum
2675 853 2978 909 hominem
3010 857 3332 926 appellant,
3367 859 3709 915 etSalvator

2063 945 2209 1002 erat,
2243 945 2300 994 et
2331 942 2482 995 Deus
2516 947 2743 996 tantum
2778 943 2939 998 illius
2972 961 3174 999 curam
3225 946 3528 1011 habuerat,
3579 955 3644 1003 ut
3679 965 3712 1004 a

2063 1029 2315 1084 mortuis
2343 1030 2536 1100 ipsum
2564 1033 3046 1088 suscitaret.Nam
3072 1033 3450 1090 dicereillum
3466 1039 3706 1108 propria

2060 1118 2387 1173 surrexisse
2415 1119 2648 1189 virtute,
2683 1120 2919 1175 interim
2954 1127 3141 1176 tutum
3175 1124 3438 1178 nondum
3469 1132 3705 1188 erat,ne

2057 1207 2211 1278 apud
2237 1208 2392 1264 hunc
2415 1209 2857 1264 existimaretur
2879 1212 2995 1267 Deo
3018 1213 3371 1267 contrarius.
3407 1216 3477 1270 Ut
3508 1222 3704 1272 autem

2057 1313 2091 1351 a
2115 1297 2410 1368 profundo
2435 1299 2648 1353 excitet
2671 1317 2902 1371 sopore,
2920 1302 3346 1356 exhortaturad
3364 1303 3702 1376 intelligen-

2052 1384 2196 1440 dum
2228 1393 2464 1457 quantas
2495 1387 2864 1443 damnationi
2897 1390 2973 1443 sit
3002 1391 3324 1445 obnoxium
3357 1392 3515 1462 ipsos
3543 1393 3702 1448 hunc

2055 1489 2090 1529 a
2122 1478 2236 1530 Deo
2270 1475 2592 1530 exaltatum
2626 1482 2816 1530 morte
2851 1479 3044 1532 crucis
3077 1479 3474 1536 interemisse.

2125 1584 2153 1612 ‹‹
2185 1563 2273 1619 Ad
2299 1563 2554 1619 dandam
2586 1566 2992 1637 pmnitentiam
3024 1567 3227 1634 Israel,
3276 1585 3344 1623 ac
3390 1569 3700 1624 remissio-

2053 1672 2077 1703 ε
2112 1667 2250 1706 nem
2280 1660 2677 1724 peccatorum.
2709 1678 2736 1704 υ

2121 1741 2220 1797 50
2242 1742 2384 1798 Cum
2419 1760 2756 1800 sermonem
2789 1746 2860 1801 de
2891 1763 3064 1802 cruce
3105 1747 3250 1802 adeo
3284 1747 3694 1817 sublimasset,

2047 1836 2398 1902 ettanquam
2414 1832 2888 1888 irremissibilem
2904 1835 3267 1889 exhibuisset
3280 1836 3388 1890 dan
3405 1838 3698 1892 nationem

306 1923 514 1998 Χριστὸν
552 1921 730 1998 λύσσῃ
783 1920 1306 1994 ἐναποκαθημὲνοις,
1367 1919 1547 1994 ὥσπερ
1603 1922 1700 1974 τοῦ
1745 1918 1929 1973 τοσού-

2049 1919 2140 1974 his
2173 1921 2273 1992 qui
2305 1921 2487 1976 furori
2521 1921 2802 1977 adversus
2833 1923 3130 1978 Christum
3158 1925 3448 1978 intentato
3489 1926 3690 1982 adhae-

303 2034 387 2068 του
414 2011 623 2088 ἃχθους
654 2011 1068 2086 ἀποφορτισμὸν
1099 2009 1283 2072 αὐτοῖς
1345 2011 1772 2084 μηχανώμενος,
1833 2028 1938 2084 φη-

306 2101 394 2157 σίν.
430 2101 592 2158 Ἀλλ’
626 2100 785 2163 οὗτος
815 2101 908 2174 μὲν
943 2101 1032 2178 ὑφ’
1063 2100 1218 2173 ὑμῶν
1273 2098 1591 2172 ἀτιμωθεὶς,
1645 2097 1747 2152 ὑπὸ
1805 2099 1938 2151 Θεοῦ

307 2189 354 2247 δὲ
389 2191 650 2265 ὑψωθεὶς,
712 2184 882 2244 ἔδωκε
937 2193 1148 2261 πνεῦμα
1206 2188 1491 2261 μετανοίας
1557 2190 1636 2258 τῷ
1694 2183 1936 2258 Ἰσραὴλ,

307 2281 384 2335 καὶ
413 2279 545 2359 ἄφεσ
560 2302 603 2335 ιν
637 2280 942 2355 ἁμαρτιῶν,
975 2276 1127 2333 οὐδὲν
1160 2284 1259 2346 τῆς
1313 2275 1402 2332 διὰ
1441 2277 1532 2331 τὸν
1582 2274 1808 2348 σταυρὸν
1861 2273 1936 2336 είς

295 2371 435 2426 αὑτὸν
484 2368 799 2445 παροινίας,
859 2368 934 2430 εἷς
991 2367 1351 2442 ἀποστροφὴν
1411 2363 1712 2439 δυναμένης
1764 2363 1932 2439 ἄγειν,

293 2461 459 2516 καθότι
491 2460 520 2514 6
555 2460 667 2516 ὑπὸ
714 2461 852 2514 Θεοῦ
907 2455 1150 2531 ὑψωθεὶς
1207 2457 1570 2529 ἀμνησικακεῖ
1616 2454 1752 2527 πρὸς
1806 2451 1936 2514 τοὺς

293 2547 373 2605 διὰ
399 2550 621 2612 πειθοῦς
651 2548 812 2604 αὑτὸν
844 2546 1244 2624 ἐπεγνωκότας.
1277 2547 1416 2618 Ὅρα
1449 2542 1507 2599 δὲ
1554 2548 1671 2605 πῶς
1716 2544 1808 2598 καὶ
1863 2539 1933 2597 δι’

291 2637 453 2714 ἔργων
482 2638 574 2694 καὶ
608 2636 874 2714 ῥημάτων
905 2632 1294 2708 παιδευόμενοι
1329 2631 1612 2703 Ἰουδαῖοι,
1653 2631 1715 2688 οῦ
1760 2651 1934 2706 προσ-

285 2735 443 2805 εῖχον,
475 2727 560 2784 διὸ
590 2729 686 2783 καὶ
717 2731 752 2799 ἡ
786 2728 1100 2800 κατάκρισις
1131 2726 1312 2782 αὐτῶν
1362 2723 1566 2780 δικαία.
1627 2724 1706 2778 Δι’
1752 2720 1927 2799 ἔργων

285 2819 391 2891 μὶν,
448 2821 767 2894 συγχωρῶν
825 2816 954 2878 τοὺς
1008 2812 1355 2878 ἀποστόλους
1413 2813 1489 2876 εἷς
1576 2810 1931 2886 δεσμωτήρια

279 2907 481 2981 ἄγεσθαι
526 2908 655 2980 μὶν,
716 2905 1030 2979 θουμασίως
1083 2901 1142 2960 δὲ
1204 2903 1447 2968 λύεσθαι.
1511 2902 1609 2958 Διά
1661 2901 1923 2978 ῥημάτων

279 2993 348 3065 δί,
370 2995 459 3052 ἵνα
486 2997 581 3052 καὶ
617 2992 875 3053 Ἰουδαῖοι
907 2991 995 3049 διὰ
1031 2997 1132 3048 τοῦ
1189 2991 1362 3069 λόγου
1411 2996 1520 3046 τῶν
1579 2988 1924 3060 ἀποστόλων,

340 3085 448 3106 “’
718 3082 804 3139 δ”
1029 3081 1192 3138 Ἀλλ’
1321 3078 1792 3134 “’“ἱάό
1903 3113 1920 3122 -

277 3106 355 3140 και
379 3106 578 3147 παντες
611 3105 710 3140 παι
750 3104 994 3140 εδωνται.
1172 3103 1203 3136 α
1248 3101 1337 3135 και
1385 3101 1537 3136 αυτοι
1587 3101 1615 3135 ο
1724 3101 1761 3134 π
1799 3101 1892 3134 στο

281 3173 360 3230 λοι
416 3175 495 3237 εἰς
554 3173 870 3251 πσῤῥησίαν
932 3171 1266 3251 ἀλείφονται.
1327 3170 1395 3228 Οἱ
1455 3170 1550 3241 μὶν
1607 3167 1697 3224 οῦν
1757 3167 1920 3224 ἄλλοι

279 3265 668 3340 κατενύγησαν,
727 3263 818 3318 καὶ
873 3265 942 3335 τῇ
1000 3267 1184 3325 πειθοῖ
1230 3265 1339 3316 τῶν
1425 3258 1604 3335 λόγων
1663 3257 1918 3313 κοινωνοὶ

277 3357 372 3408 τῶν
404 3350 739 3409 ἀποστόλων
789 3351 1088 3425 γεγόνασιν.
1147 3350 1209 3407 Ὀ
1263 3347 1549 3424 ἀρχίερεὺς
1604 3344 1662 3402 δὶ
1717 3348 1805 3402 καὶ
1867 3347 1919 3402 οἱ

278 3442 530 3519 ἃρχοντες
560 3441 709 3498 κατά
735 3446 844 3496 τῶν
897 3437 1227 3495 ἀποστόλων
1277 3435 1606 3514 διεπρίοντο,
1651 3441 1920 3517 φονῶντες

276 3533 378 3585 κατ’
410 3533 626 3599 αὐτῶν,
685 3529 800 3586 ἐπεὶ
863 3527 1060 3586 λοιπὸν
1111 3526 1493 3606 ἐκφανέστερον
1523 3533 1558 3596 ἦ
1589 3527 1728 3582 κατὰ
1773 3529 1917 3598 Χρι-

273 3625 388 3677 στοῦ
417 3621 604 3678 αὐτῶν
641 3618 813 3676 λύσσα
843 3617 1042 3692 προῄει
1081 3617 1155 3679 ὡς
1189 3617 1248 3672 οῦ
1282 3614 1483 3685 δικαία,
1541 3614 1686 3672 ἀλλά
1735 3615 1918 3694 φθόνῳ

271 3711 354 3763 καὶ
405 3708 493 3766 ἐπὶ
553 3711 759 3782 ’ὀμοιον
816 3708 980 3786 φόνον
1028 3705 1222 3768 αὐτοὺς
1278 3707 1618 3783 προάγουσα.
1678 3704 1772 3760 Διὸ
1827 3705 1917 3759 καὶ

269 3817 406 3874 φασι⁸
440 3825 470 3851 α
506 3795 792 3857 Βούλεσθε
819 3797 882 3852 τὸ
913 3798 1051 3870 αἷμα
1082 3799 1180 3850 τοῦ
1239 3795 1532 3866 ἀνθρώπου
1587 3791 1783 3850 τούτου
1837 3790 1920 3870 ἐφ’

269 3889 406 3959 ἡμᾶς
429 3887 662 3964 ἀγαγεῖν
692 3904 706 3956 ;
741 3910 769 3937 »
802 3887 941 3957 αἷμα
968 3884 1060 3940 τὸν
1094 3883 1256 3961 φόνον
1316 3883 1589 3958 λέγοντες,
1639 3881 1714 3944 ὠς
1765 3880 1856 3936 καὶ
1889 3882 1917 3936 6

266 3975 386 4039 Θεὸς
408 3977 552 4051 πρὸς
585 3975 701 4030 τὸν·
737 3975 864 4029 Κάϊν
885 3996 911 4022 α
933 3973 1099 4041 Φωνὴ
1121 3971 1355 4045 αἳματος
1373 3975 1470 4026 τοῦ
1497 3969 1735 4048 ἀδελφοῦ
1762 3991 1916 4038 σου,››

268 4065 376 4120 ἀντὶ
404 4069 505 4121 τοῦ
538 4066 569 4119 6
604 4065 793 4138 φόνος.
823 4065 1007 4120 Ταῦτα
1051 4059 1109 4118 δὲ
1166 4059 1415 4140 ἔφασκον.
1475 4057 1751 4127 Ἰουδαῖοι,
1801 4080 1915 4139 φει-

267 4151 348 4209 δοῖ
371 4151 535 4225 δῆθεν
573 4160 679 4223 τῆς
705 4154 908 4210 ἑαυτῶν
944 4152 1240 4226 σωτηρίας,
1271 4150 1334 4206 τὸ
1359 4149 1574 4220 πλῆθος
1621 4148 1756 4204 κατά
1809 4153 1914 4205 τῶν

263 4243 587 4302 ἀποστόλων
633 4241 1010 4318 τραχύνοντες.

2052 2017 2272 2076 serant,
2297 2011 2473 2066 veluti
2501 2012 2644 2066 tanti
2671 2012 2894 2067 doloris
2913 2014 3392 2068 exonerationem
3419 2015 3503 2069 eis
3524 2033 3700 2072 exco-

2047 2100 2261 2170 gitans,
2295 2101 2414 2156 ait:
2449 2101 2561 2156 Sed
2593 2102 2687 2157 hic
2717 2119 2751 2157 a
2774 2102 2936 2157 vobis
2967 2103 3207 2173 quidem
3229 2104 3591 2161 contumelia
3607 2107 3696 2161 af-

2045 2187 2296 2257 fectus,a
2310 2191 2425 2246 Deo
2447 2208 2579 2245 vero
2599 2191 3081 2256 exaltatus,dedit
3103 2193 3376 2263 spiritum
3400 2195 3692 2264 pmniten-

2048 2281 2142 2336 tiaa
2164 2281 2275 2353 ipsi
2299 2283 2502 2346 Israel,
2523 2299 2590 2338 ac
2616 2284 3028 2339 remissionem
3055 2286 3608 2356 peccatorum,adeo
3632 2293 3698 2342 ut

2045 2369 2428 2427 debaccliatio
2461 2372 2520 2426 in
2543 2389 2674 2427 eum
2700 2389 2804 2444 per
2825 2390 3061 2428 crucem
3081 2373 3340 2428 admissa
3359 2391 3478 2428 non
3508 2376 3697 2446 possit

2045 2457 2300 2524 efficere,
2334 2465 2399 2514 ut
2454 2477 2487 2514 a
2542 2459 2706 2514 vobis
2754 2465 3070 2527 avertatur,
3131 2478 3199 2516 eo
3258 2461 3413 2532 quod
3473 2463 3524 2516 is
3581 2464 3683 2533 qui

2042 2562 2076 2602 a
2107 2548 2224 2602 Deo
2257 2549 2547 2604 exaltatus
2603 2555 2692 2605 est
2739 2550 3093 2622 injuriarum
3142 2551 3510 2608 obliviscitur
3554 2571 3692 2624 erga

2040 2635 2176 2691 illos
2208 2637 2307 2708 qui
2340 2654 2446 2709 per
2476 2638 2875 2696 obedientiam
2911 2640 3082 2696 illum
3127 2643 3490 2714 agnoverint.
3547 2643 3688 2698 Vide

2039 2734 2238 2784 autem
2254 2730 2553 2800 quomodo
2565 2731 2749 2786 Judaei
2767 2737 2825 2787 et
2841 2749 2948 2804 per
2965 2750 3146 2802 Opera
3163 2739 3221 2790 et
3244 2751 3350 2806 per
3365 2735 3539 2790 verba
3557 2753 3688 2790 cor-

2039 2819 2191 2889 repti
2237 2835 2356 2874 non
2411 2819 2925 2892 obtemperarunt,
2985 2822 3240 2894 ideoque
3296 2840 3498 2878 eorum
3554 2841 3690 2880 con-

2037 2907 2338 2963 demnatio
2363 2909 2528 2978 justa
2559 2914 2662 2963 est.
2701 2911 2814 2964 Per
2844 2927 3025 2981 Opera
3055 2912 3320 2980 quidem,
3353 2929 3487 2966 cum
3531 2913 3685 2966 Deus

2036 2997 2336 3068 apostolos
2360 2997 2420 3051 in
2441 3014 2706 3053 carceres
2733 2998 2868 3053 duci
2886 2999 3310 3070 permittit,sed
3331 3000 3682 3055 admirando

2037 3085 2213 3140 modo
2245 3085 2478 3141 liberat.
2512 3088 2625 3141 Per
2648 3087 2824 3142 verba
2857 3104 3016 3151 vero,
3050 3093 3187 3142 utet
3210 3088 3393 3142 Judaei
3427 3107 3533 3160 per
3549 3105 3687 3162 apo-

2033 3175 2320 3228 stolorum
2333 3191 2641 3230 sermones
2656 3182 2712 3229 et
2728 3177 2925 3231 caatcri
2939 3193 3144 3231 omnes
3159 3177 3602 3248 corriperentur
3613 3196 3680 3235 ac

2032 3261 2430 3318 erudirentur.
2464 3264 2587 3318 lmo
2621 3270 2679 3318 et
2703 3264 2815 3335 ipsi
2846 3281 3081 3336 quoque
3113 3265 3365 3337 apostoli
3389 3266 3462 3321 ad
3495 3266 3684 3322 libere

2030 3351 2397 3423 loquendum
2417 3353 2928 3425 inunguntur.Alii
2949 3355 3147 3426 itaque
3161 3356 3499 3426 compuncti
3515 3362 3673 3423 sunt,

2030 3446 2089 3496 et
2111 3457 2216 3511 per
2235 3439 2636 3496 obedientiam
2657 3441 2981 3514 participes
3007 3442 3145 3498 facti
3174 3449 3313 3498 sunt
3333 3460 3678 3500 sermonum

2027 3529 2520 3601 apostolicorum:
2543 3532 2760 3586 summi
2782 3548 2913 3586 vero
2932 3532 3268 3588 sacerdotes
3282 3549 3349 3588 ac
3372 3534 3670 3606 principes

2028 3617 2226 3673 furore
2245 3617 2526 3674 adversus
2544 3619 2844 3690 apostolos
2871 3620 3245 3692 agitabantur
3266 3621 3506 3677 illorum
3527 3639 3678 3678 mor-

2031 3714 2149 3763 tem
2164 3713 2541 3780 appetentes:
2562 3709 2653 3781 utj
2663 3726 2759 3764 am
2774 3709 3146 3765 manifestius
3167 3711 3244 3766 sit
3257 3727 3458 3765 eorum
3475 3711 3674 3767 adver-

2031 3813 2130 3852 sus
2144 3797 2438 3852 Christum
2458 3797 2716 3853 furorem
2735 3815 2854 3853 non
2870 3801 3273 3871 quasijustum
3288 3801 3670 3870 processisse,

2031 3884 2133 3940 sed
2155 3885 2481 3953 exinvidia,
2510 3887 2611 3957 qui
2634 3887 2708 3942 ad
2730 3887 3066 3959 hujusmodi
3094 3887 3316 3942 caadem
3340 3889 3501 3959 ipsos
3533 3906 3669 3960 pro-

2031 3971 2367 4028 ducat.ldeo
2387 3973 2565 4028 etiam
2585 3974 2755 4029 aiunt
2773 3991 2786 4027 :
2803 3998 2828 4023 ‹‹
2850 3974 3036 4029 Vultis
3053 3974 3337 4030 inducere
3361 3991 3538 4046 super
3561 3992 3669 4032 nos

2029 4064 2380 4136 sanguinem
2399 4065 2504 4118 viri
2533 4065 2710 4136 hujus
2727 4064 2754 4118 ‘2
2769 4084 2794 4114 ιι
2821 4067 3169 4137 sanguinem
3186 4067 3556 4140 appellantes
3568 4085 3677 4123 cae-

2029 4152 2164 4208 dem
2192 4154 2704 4218 Quemadmodum
2721 4153 2897 4209 etiam
2913 4156 3064 4210 Deus
3079 4156 3152 4211 ad
3165 4157 3330 4212 Cain:
3357 4179 3378 4206 α
3404 4158 3523 4212 Vox
3541 4173 3675 4213 san-

2027 4241 2224 4314 guinis
2245 4243 2444 4298 fratris
2468 4244 2550 4297 tui
2568 4241 2752 4311 “,lioc
2772 4249 2861 4298 est
2879 4245 3091 4300 caedes.
3129 4247 3260 4300 H330
3286 4250 3484 4300 autem
3517 4246 3679 4301 dice-

262 4337 403 4396 bant
419 4340 448 4397 J
454 4337 638 4404 udmi,
648 4333 1090 4393 multitudinem
1103 4338 1312 4390 contra
1322 4331 1620 4405 apostolos
1634 4330 2146 4400 exacerbantes,ac
2161 4332 2208 4386 si
2226 4331 2284 4386 id
2305 4337 2532 4388 tantum
2547 4339 2970 4404 quaererent,ut
2985 4351 3104 4388 suae
3120 4335 3294 4390 saluti
3311 4341 3677 4406 parceretur-

331 4451 358 4478 ει
405 4426 516 4484 Καὶ
577 4427 746 4497 ⁴ἡμεῖς
805 4422 963 4496 ἐσμεν
1018 4420 1169 4477 αὐτοὶ
1233 4421 1500 4497 μάρτυρες
1557 4422 1664 4474 τῶν
1733 4415 1916 4494 ῥημά-

267 4538 293 4568 α
317 4537 425 4572 των
455 4513 694 4570 τούτων.
733 4537 762 4565 ››

2105 4421 2166 4490 ν,
2200 4422 2286 4476 32.
2318 4444 2344 4469 ι(
2379 4421 2448 4476 Ει
2477 4437 2584 4476 nos
2616 4437 2822 4478 sumus
2853 4423 2966 4493 ipsi
3016 4428 3200 4478 testes
3257 4424 3490 4489 horum,
3541 4439 3671 4492 quas

2032 4532 2059 4558 ‹‹
2093 4509 2364 4566 dicimus.
2401 4534 2430 4561 ››

327 4601 510 4656 Ποίων
545 4618 564 4671 ;
598 4597 682 4654 δτι
715 4597 924 4676 ἄφεσιν,
955 4595 1039 4653 ὅτι
1075 4597 1364 4670 μετάνοιαν
1419 4592 1815 4670 ἐπηγγείλατο.
1847 4593 1912 4650 Ἠ

2098 4600 2397 4666 Quorum?
2426 4600 2583 4672 quod
2615 4601 3047 4667 remissionem,
3083 4599 3242 4671 quod
3266 4599 3676 4671 pcenitentiam

264 4689 355 4764 γὰρ
384 4688 684 4749 ἀνάστασις
715 4687 784 4756 ἦν
818 4685 1013 4742 λοιπὸν
1045 4683 1154 4756 ἢδη
1189 4681 1630 4759 ὡμολογημένη.

333 4805 360 4834 α
399 4783 507 4840 Καὶ
545 4782 614 4837 τὸ
645 4783 866 4854 Πνεῦμα
899 4777 958 4836 δὶ
984 4780 1046 4835 τὸ
1076 4780 1256 4856 ἅγιον,
1286 4776 1316 4834 6'
1346 4771 1543 4834 ἔδωκεν
1587 4777 1614 4831 ὁ
1645 4775 1774 4838 Θεὸς
1804 4780 1921 4838 τοῖς

272 4896 294 4927 ι
322 4877 727 4949 πειθαρχοῦσιν
760 4869 928 4945 αὸτῷ.
989 4872 1056 4931 Οἱ
1115 4869 1171 4928 δὶ
1214 4870 1535 4932 ἀκούσαντες
1587 4866 1916 4944 διεπρίοντο,

271 4987 295 5012 οι
326 4964 416 5018 καὶ
447 4959 820 5019 ἰϐουλεύοντο
849 4960 1058 5016 ἀνελεῖν
1090 4957 1312 5020 αὐτούς.

337 5144 462 5200 Ὀτι
496 5141 688 5197 ἄφεσιν
731 5136 944 5210 δίδωσι,
999 5151 1090 5194 και
1145 5139 1309 5210 ἡμεῖς
1371 5138 1772 5211 μαρτυροῦμεν,
1830 5130 1920 5188 καὶ

274 5229 332 5284 τὸ
364 5234 592 5302 Πνεῦμα
618 5229 683 5284 τὸ
721 5229 892 5304 ἅγιον,
933 5227 963 5282 6'
995 5225 1094 5283 οῦκ
1139 5224 1198 5281 ἂν
1244 5224 1502 5295 ἐπῆλθεν,
1545 5223 1591 5278 εἱ
1644 5224 1719 5297 μή
1783 5221 1920 5295 πρό-

270 5336 415 5392 τερον
457 5318 515 5372 αἱ
580 5315 836 5391 ἁμαρτίαι
895 5312 1172 5371 ὲλὲλυντο.
1232 5313 1758 5392 Ταπεινοφροσύνμς
1806 5314 1864 5372 δὶ
1894 5319 1922 5372 6

272 5411 527 5470 τοιοῦτος
564 5406 754 5485 λόγος.
787 5407 864 5466 Οὐ
893 5407 993 5482 γὰρ
1023 5408 1158 5478 ἡμῖν
1188 5403 1398 5482 εἴρηται
1448 5406 1922 5481 ἀποκληρωτικῶς

270 5500 382 5557 τοῖς
432 5494 722 5570 ἀγαπῶσιν
781 5494 965 5566 αὑτὸν,
1015 5491 1163 5550 ἀλλά
1215 5498 1285 5569 τῇ
1338 5495 1727 5570 κοινοποιούσῃ
1783 5517 1922 5571 προ-

274 5586 555 5654 ενήνεκται
588 5584 801 5641 πάντων
831 5589 944 5640 τῶν
973 5583 1420 5660 πειθαρχούντων
1463 5585 1632 5657 αὐτῷ.
1688 5587 1846 5642 ’Ὥστε
1877 5585 1922 5640 εί

340 5757 388 5794 ⁸⁸
419 5757 574 5816 Gen.
604 5773 676 5831 iv,
711 5759 795 5818 to.

2030 4690 2364 4760 promiserit
2392 4707 2404 4744 :
2439 4707 2578 4746 nam
2611 4691 2966 4746 resurrectio
2991 4691 3119 4762 jam
3143 4689 3202 4744 in
3225 4688 3494 4744 confesso
3529 4694 3675 4745 erat.

2102 4780 2161 4850 V,
2185 4780 2273 4835 33.
2313 4803 2332 4827 ι
2369 4781 2619 4851 Insuper
2651 4785 2708 4834 et
2740 4779 2991 4850 Spiritus
3023 4785 3282 4847 sanctus,
3317 4795 3494 4849 quem
3516 4779 3678 4834 dedit

2031 4892 2057 4917 (ι
2076 4869 2229 4923 Deus
2243 4868 2806 4939 obedientibusipsi.
2829 4869 2960 4922 Haec
2990 4872 3189 4922 autem
3211 4885 3345 4923 cum
3368 4867 3675 4924 audissent

2034 4978 2063 5007 ι(
2103 4957 2553 5013 dissecabantur
2586 4973 2652 5012 ac
2696 4955 3134 5027 consultabant,
3172 4963 3236 5012 ut
3265 4958 3673 5013 interficerent

2035 5067 2059 5098 ι
2089 5047 2243 5103 illos.
2278 5067 2302 5092 η

2101 5137 2267 5203 Quod
2297 5137 2714 5194 remissionem
2747 5137 2985 5201 tribuat.
3009 5143 3068 5194 et
3095 5155 3204 5194 nos
3237 5143 3418 5194 testes
3447 5154 3673 5207 sumus,

2031 5232 2091 5282 et
2121 5227 2372 5298 Spiritus
2403 5231 2665 5291 sanctus,
2698 5228 3192 5299 quinequaquam
3240 5227 3678 5299 supervenisset

2032 5316 2146 5369 nisi
2170 5317 2427 5388 primum
2453 5316 2647 5372 soluta
2666 5316 2919 5372 fuissent
2941 5315 3558 5388 peccataliujusmodi
3578 5332 3679 5370 au-

2033 5410 2151 5460 tem
2181 5422 2375 5462 sermo
2407 5405 2656 5462 modesti
2692 5405 2876 5461 animi
2909 5413 3025 5462 est:
3053 5423 3245 5478 neque
3269 5408 3428 5463 enim
3452 5407 3676 5463 dictum

2032 5501 2160 5550 est:
2197 5495 2370 5550 nobis
2401 5495 2564 5563 solis,
2593 5497 2693 5568 qui
2736 5511 2870 5552 eum
2919 5495 3221 5569 diligimus
3263 5496 3676 5553 distribuendo

2037 5587 2402 5656 munera,5l
2436 5586 2538 5642 sed
2561 5586 2862 5643 communi
2882 5603 3155 5642 sermone
3174 5586 3247 5643 ad
3263 5603 3471 5644 omnes
3483 5587 3675 5658 prola-
