4134 6196
420 379 536 444 119

1540 374 1787 436 (Βουλι
1799 374 1895 434 ΕΝ
1904 373 1956 435 ll
2000 375 2306 439 TRICGIE
2352 376 2695 438 EPISCOPI

3723 381 3840 443 120

415 518 542 570 tum
573 519 663 569 est
692 513 792 584 qui
825 512 934 584 ipsi
967 513 1400 583 obtemperant.
1438 511 1524 566 Ita
1553 516 1618 564 ut
1650 510 1827 565 etiam
1875 511 1924 564 si
1980 511 2066 566 illi

2205 509 2274 564 ιαὶ
2307 510 2462 566 αὐτοὶ
2492 509 2790 579 πείθοιντο,
2826 515 2901 586 μὴ
2957 514 3292 588 ἀμοιρησειν
3350 519 3448 585 τῆς
3505 514 3672 570 αὐτοῦ
3729 512 3836 570 δω-

415 602 743 666 obedirent,
771 619 891 656 non
923 601 1344 656 fraudarentur
1369 605 1534 673 parte
1579 600 1714 656 doni
1773 601 1961 672 ipsius
1998 601 2071 655 ob

427 690 956 763 transgressionem
973 708 1102 761 quae
1118 697 1359 762 propter
1381 707 1614 745 crucem
1631 691 1951 746 commissa
1965 695 2074 743 est.

409 777 412 780 ’
496 803 523 829 ‹‹
560 782 618 838 V.
653 781 840 835 34-36.
877 781 1130 853 Surgens
1161 787 1357 834 autem
1415 780 1655 851 quidam
1711 781 1771 835 in
1821 780 2073 835 concilio

423 870 818 929 «.Pharismus
865 870 1108 924 nomine
1174 870 1484 934 Gamaliel,
1544 870 1690 942 legis
1740 869 1967 936 doctor,
2014 870 2075 923 in

427 982 455 1010 ‹‹
489 960 678 1030 pretio
710 959 948 1014 habitus
980 959 1140 1030 apud
1190 966 1378 1013 totum
1432 960 1740 1030 populum,
1787 961 1970 1030 jussit
2012 965 2080 1014 ut

422 1073 445 1097 «ι
477 1049 783 1121 paulisper
810 1048 969 1103 foras
1002 1049 1351 1103 secederent
1381 1049 1659 1120 apostoli,
1707 1049 1972 1120 dixitque
2005 1049 2077 1104 ad

427 1160 454 1189 «
489 1139 638 1194 alios
671 1155 683 1194 :
721 1138 837 1192 Viri
860 1138 1162 1202 Israelitas,
1197 1137 1485 1193 attendite
1511 1138 1676 1193 vobis
1723 1139 1868 1209 ipsis
1901 1155 2080 1210 super

425 1252 453 1280 ι(
481 1229 827 1285 hominibus
860 1229 988 1283 istis
1021 1227 1162 1299 quid
1194 1229 1380 1283 acturi
1417 1229 1567 1283 sitis.
1598 1231 1746 1283 Ante
1777 1229 1888 1283 hos
1919 1229 2076 1283 enim

426 1339 455 1370 ιι
486 1319 614 1373 dies
647 1317 872 1372 exstitit
899 1316 1191 1380 Theudas,
1223 1317 1428 1370 dicens
1462 1333 1523 1370 se
1584 1333 1712 1371 esse
1764 1317 2026 1387 aliquem
2063 1333 2075 1372 :

428 1428 456 1457 «
491 1407 585 1462 cui
619 1407 869 1462 adhaesit
900 1422 1184 1460 numerus
1205 1405 1464 1459 virorum
1516 1405 1752 1460 circiter
1790 1406 2077 1476 quadrin-

426 1519 453 1546 «
488 1501 802 1566 gentorum
835 1511 847 1548 :
881 1494 980 1563 qui
1015 1493 1243 1547 occisus
1275 1497 1382 1559 est,
1417 1509 1739 1562 omnesque
1789 1500 2084 1566 quotquot

430 1606 457 1633 «
494 1584 545 1639 ei
578 1580 965 1637 adhaerebant
993 1580 1264 1652 dissipati
1296 1587 1457 1647 sunt,
1492 1587 1550 1637 et
1574 1581 1648 1638 ad
1688 1583 1949 1639 nihilum
1981 1601 2078 1640 re-

434 1694 455 1720 σ
493 1672 667 1727 dacti.
703 1694 730 1722 »

501 1760 604 1816 Hic
623 1760 910 1817 Gamaliel
933 1761 1098 1817 Pauli
1122 1768 1452 1834 praeceptor
1473 1765 1794 1820 erat.Hunc
1826 1781 1960 1837 ergo
1981 1765 2081 1836 qui

429 1855 762 1923 praeceptor
781 1856 926 1918 erat,
946 1856 1004 1905 et
1033 1851 1095 1906 in
1118 1851 1364 1922 judiciis
1390 1853 1537 1925 legis
1569 1854 1948 1925 approbatus,
1979 1853 2079 1908 ad-

427 1939 544 1994 huc
566 1955 685 1992 non
709 1938 973 2004 credere,
1011 1955 1348 2010 quanquam
1378 1940 1634 2012 perfecte
1658 1941 2080 2014 nonintellige-

433 2032 544 2094 ret,
579 2031 857 2082 extremm
890 2031 1017 2082 erat
1058 2028 1394 2083 dementia.
1449 2031 1517 2082 Et
1559 2029 1944 2085 manifestum
1994 2035 2084 2085 est

431 2133 501 2171 ex
531 2115 724 2170 verbis
757 2117 910 2187 ejus.
939 2134 1070 2188 qum
1104 2118 1282 2172 etiam
1343 2119 1486 2173 satis
1539 2119 1865 2174 ostendunt
1923 2119 2081 2190 quod

430 2206 754 2279 prudentia
786 2207 1118 2262 excelleret.
1156 2209 1226 2262 Et
1256 2208 1434 2262 etiam
1469 2225 1537 2262 ex
1585 2209 1759 2264 factis
1810 2210 1931 2264 suis
1981 2227 2085 2281 pa-

429 2302 532 2352 tet.
568 2298 712 2351 Nam
737 2295 1007 2367 jubendo
1066 2298 1369 2368 apostolos
1429 2299 1562 2369 ejici
1616 2315 1649 2353 a
1699 2299 1972 2361 consilio,
2024 2306 2091 2354 ut

431 2387 578 2459 ipsis
611 2393 899 2440 terrorem
926 2387 1238 2453 incuteret,
1259 2388 1520 2458 seipsum
1541 2405 1777 2460 quoque
1799 2389 2056 2460 suspicio
2073 2420 2090 2428 -

436 2493 510 2532 ne
543 2475 980 2546 liberabat,qua
1010 2481 1321 2547 putaretur
1342 2477 1517 2531 verba
1540 2477 1734 2533 facere
1758 2479 1819 2532 in
1841 2479 2090 2550 gratiam

436 2566 701 2631 illorum,
733 2565 832 2636 qui
865 2565 1137 2636 ejusdem
1171 2583 1306 2620 cum
1337 2567 1466 2637 ipso
1501 2572 1704 2622 essent
1760 2569 2091 2623 sententiae.

443 2655 579 2710 Ideo
611 2669 805 2724 neque
840 2669 1053 2725 magna
1085 2654 1460 2709 vehementia
1494 2671 1636 2709 usus
1668 2660 1778 2719 est,
1813 2655 1916 2710 sed
1965 2661 2095 2711 tan-

447 2761 626 2815 quam
654 2742 998 2798 temulentis
1019 2759 1139 2815 praa
1172 2743 1369 2797 furore
1391 2743 1506 2798 ait:
1549 2765 1577 2792 «
1602 2734 1902 2798 Attendite
1932 2744 2095 2799 vobis

447 2834 594 2904 ipsis
620 2832 764 2904 quid
795 2831 984 2888 acturi
1018 2832 1170 2898 sitis,
1208 2855 1228 2881 ι
1267 2849 1334 2887 ac
1366 2833 1412 2887 si
1437 2833 1690 2887 diceret:
1723 2835 1847 2888 Non
1872 2839 2095 2888 temere

443 2921 970 2978 feramini.Deinde
986 2938 1187 2976 eorum
1209 2937 1444 2992 quoque
1465 2922 1808 2994 exemplain
1832 2922 2096 2978 medium

453 3012 821 3084 adducit,qui
848 3013 1152 3084 sapienter
1173 3029 1241 3067 ac
1265 3012 1376 3066 sibi
1400 3012 1545 3084 ipsis
1565 3013 1858 3068 inutiliter
1886 3030 2101 3068 consu-

449 3100 641 3155 lentes
672 3104 913 3171 propter
945 3100 1284 3170 hujusmodi
1318 3100 1658 3172 interempti
1693 3107 1866 3168 sunt,’
1886 3118 2098 3173 nempe

450 3189 753 3244 Theudam
785 3206 852 3243 ac
871 3189 1079 3244 Judam
1113 3189 1442 3257 Galilazum,
1478 3191 1577 3261 qui
1610 3190 1683 3246 ad
1729 3192 2098 3263 auspicatum

2186 604 2327 675 ρεᾶς,
2357 603 2426 673 τῇ
2461 597 2549 655 διὰ
2578 601 2672 655 τὸν
2713 601 2941 674 σταυρὸν
2975 604 3318 679 παρανομίᾳ.

2254 771 2573 835 «Ἀναστὰς
2604 768 2660 826 δέ
2685 794 2768 836 τις
2807 772 2857 827 ἐν
2916 772 2996 846 τῷ
3045 771 3308 850 συνεδρίῳ
3364 780 3660 850 Φαρισαῖος
3715 775 3834 831 ὀνό-

2184 884 2211 910 ‹‹
2249 880 2375 932 ματι
2406 861 2724 934 Γαμαλιήλ,
2754 861 3253 935 νομοδιδάσκαλος,
3311 867 3497 939 τίμιος
3546 866 3704 920 παντὶ
3753 866 3833 939 τῷ

2191 945 2386 1021 ιλαῷ,
2437 948 2712 1006 ἐκέλευσεν
2765 950 2865 1022 ἔξω
2927 953 3107 1029 βραχύ
3166 974 3216 1008 τι
3283 956 3412 1017 τοὺς
3492 955 3834 1018 ἀποστόλους

2185 1047 2494 1112 «ποιῆσαι,
2555 1041 2672 1096 εἷπὲ
2716 1063 2773 1098 τε
2813 1042 2950 1118 πρὸς
3010 1044 3227 1107 αὐτούς.
3279 1043 3505 1121 Ἀνδρες
3562 1045 3837 1120 Ἰσραηλῖ-

2184 1154 2212 1181 ‹‹
2243 1150 2354 1199 ται,
2397 1132 2696 1206 προσέχετε
2753 1132 2968 1195 ἑαυτοῖς
3023 1133 3112 1189 ἐπὶ
3167 1140 3283 1197 τοῖς
3345 1136 3652 1212 ἀνθρώποις
3705 1136 3837 1191 τού-

2187 1243 2214 1270 ‹‹
2247 1239 2384 1288 τοις,
2413 1219 2465 1274 τί
2500 1219 2732 1294 μέλλετε
2789 1224 3068 1297 πράσσειν.
3128 1223 3240 1300 Πρὸ
3297 1226 3403 1299 γάρ
3459 1224 3668 1280 τούτων
3725 1231 3836 1281 τῶν

2187 1309 2470 1383 «ἡμερῶν
2504 1309 2697 1380 ἀνέστη
2745 1309 2965 1382 Θευδᾶς,
3027 1311 3201 1390 λέγων
3263 1313 3402 1368 εἶναί
3447 1335 3570 1368 τινα
3625 1313 3837 1370 ἑαυτόν.

2185 1420 2213 1448 ι(
2245 1402 2312 1475 ’ῼ
2353 1397 2777 1473 προσεκολλήθη
2837 1401 3070 1474 ἀριθμὸς
3129 1399 3338 1476 ἀνδρῶν
3399 1403 3528 1458 ὡσεὶ
3580 1424 3839 1479 τετρακο-

2187 1484 2389 1542 «σίων.
2423 1488 2523 1551 ’Ός
2549 1486 2809 1563 ἀνῃρέθη,
2845 1491 2932 1544 καὶ
2966 1490 3180 1552 πάντως
3228 1490 3347 1547 ὅσοι
3405 1491 3684 1557 ἐπείθοντο
3739 1493 3836 1548 αὖ·

2193 1599 2212 1625 ι
2248 1578 2326 1646 τῷ
2356 1573 2683 1646 διελύθησαν
2727 1577 2819 1633 καί
2851 1578 3099 1655 ἐγένοντο
3132 1581 3208 1644 εἷς
3237 1578 3413 1637 οὐδὲν.
3451 1603 3475 1634 ι

2261 1755 2431 1816 Οὗτος
2465 1754 2492 1808 ὁ
2525 1753 2817 1828 Γαμαλιήλ
2870 1757 3019 1813 ὁτοῦ
3080 1757 3300 1814 Παύλου
3362 1756 3691 1821 διδάσκαλος
3747 1760 3837 1829 ἧν.

2191 1842 2285 1898 Ὃν
2348 1839 2674 1900 διδάσκαλον
2735 1845 2862 1901 ὄντα
2922 1847 3010 1901 καὶ
3067 1848 3162 1910 τὰς
3223 1850 3358 1904 κατά
3411 1847 3582 1922 νόμον
3637 1849 3840 1924 κρίσεις

2194 1925 2505 2002 εὐδόκιμον,
2543 1933 2618 2004 μὴ
2652 1939 2934 1989 πιστεῦσαι
2969 1935 3044 1996 εἰς
3070 1933 3219 2005 τόδε,
3277 1935 3323 1990 εἰ
3374 1937 3460 1991 καὶ
3522 1937 3598 2010 μή
3651 1933 3841 1991 διόλου

2195 2016 2420 2088 ἐννοεῖν,
2463 2021 2700 2098 ἐσχάτης
2758 2023 2942 2087 ἀνοίας
2999 2024 3127 2082 ἐστί.
3184 2026 3289 2083 Καὶ
3349 2023 3519 2095 δῆλον
3573 2025 3679 2082 ἀπὸ
3732 2032 3842 2081 τῶν

2198 2110 2462 2184 ῥημάτων
2494 2110 2684 2174 αὐτοῦ,
2731 2111 2763 2167 ἃ
2812 2115 2902 2168 καὶ
2963 2116 3048 2170 ὅτι
3105 2114 3306 2170 συνέσει
3365 2113 3629 2193 διεφερεν,
3684 2115 3845 2171 ἱκανά

2198 2205 2483 2275 παριστᾷν,
2521 2201 2623 2257 Καὶ
2658 2200 2829 2271 δῆλον
2873 2202 2929 2258 δὲ
2982 2205 3070 2259 καὶ
3122 2204 3212 2259 ἀπ’
3271 2206 3448 2260 αὐτῶν
3501 2209 3607 2259 τῶν
3666 2223 3843 2283 πραγο

2205 2290 2406 2362 μάτων.
2441 2292 2520 2348 Τὸ
2553 2293 2655 2369 γὰρ
2691 2292 2939 2348 κελεῦσαι
2987 2295 3115 2356 τοὺς
3166 2294 3506 2356 ἀποστόλους
3560 2289 3847 2364 ἐκϐληθῆ-

2201 2400 2283 2433 ναι
2316 2385 2414 2434 τοῦ
2447 2379 2748 2455 συνεδρίου,
2791 2383 2926 2457 πρὸς
2982 2384 3046 2438 τὸ
3101 2378 3377 2461 ἐμφόϐους
3443 2382 3635 2446 αὑτοὺς
3683 2405 3843 2439 κατα-

2203 2477 2420 2540 στῆσαι,
2451 2468 2526 2524 ἔτι
2561 2470 2646 2525 καὶ
2681 2472 2854 2544 ἑαυτῷ
2911 2473 2974 2527 τὸ
3013 2473 3320 2527 ἀνύποπτον
3379 2473 3698 2546 περιεποίει,
3743 2478 3848 2531 τοῦ

2208 2560 2283 2630 μὴ
2317 2559 2391 2621 ὡς
2424 2556 2784 2637 ὁμογνῶμοσι
2817 2561 3206 2636 χαριζόμενον,
3238 2562 3366 2626 τοὺς
3414 2561 3614 2638 λόγους
3667 2567 3851 2616 ποιεῖ-

2204 2646 2343 2700 σθαι.
2379 2647 2574 2720 Διόπερ
2636 2644 2761 2702 οὐδὲ
2812 2646 3005 2722 πολλῇ
3064 2645 3392 2727 σφοδρότητι
3453 2656 3680 2724 χρῆται,
3721 2647 3849 2705 ἀλλ’

2205 2735 2280 2798 ὡς
2311 2735 2413 2789 ὑπὸ
2472 2738 2647 2807 θυμοῦ
2717 2737 3008 2808 μεθύουσιν
3067 2739 3211 2794 οὓτω
3269 2739 3422 2815 φησί’
3487 2736 3853 2814 «Προσέχετε

2205 2824 2416 2885 ἑαυτοῖς
2447 2824 2499 2879 τί
2527 2821 2758 2896 μέλλετε
2787 2825 3063 2901 πράττειν,
3092 2850 3119 2876 ››
3170 2827 3360 2897 οἱονεὶ,
3418 2828 3508 2897 Μὴ
3559 2828 3636 2888 ὡς
3693 2824 3855 2904 ἔτυχε

2207 2912 2448 2989 φέρεσθε.
2485 2915 2617 2969 Εἶτα
2654 2915 2742 2968 καὶ
2800 2913 3211 2991 παραδείγματα
3268 2915 3538 2980 ἀσυνέτως
3597 2917 3684 2972 ἐπὶ
3736 2921 3855 2979 τοῖς

2207 3001 2478 3064 τοιούτοις
2511 3002 2876 3077 χρησαμένων
2909 3005 2997 3058 καὶ
3047 3003 3388 3068 ἀλυσιτελῶς
3438 3006 3669 3074 ³εαυτοῖς,
3721 3024 3857 3077 προ-

2211 3093 2359 3169 φέρει
2420 3089 2619 3147 Θευδᾶν
2678 3093 2769 3147 καὶ
2827 3090 3034 3148 Ἰούδαν
3091 3094 3182 3148 τὸν
3265 3093 3589 3161 Γαλιλαῖον,
3667 3091 3720 3149 o'i
3782 3095 3859 3163 μή

2211 3181 2347 3256 πρὸς
2379 3179 2553 3236 αἶ’σιον
2614 3182 2824 3244 ἑαυτοῖς
2883 3177 3207 3253 ἐκϐεϐήκασι
3266 3185 3456 3259 πὲρας.
3519 3183 3596 3242 Οὐ
3651 3182 3862 3240 παλαιά

442 3277 557 3334 sibi
589 3278 911 3332 terminum
943 3295 1063 3332 non
1093 3285 1594 3348 pervenerunt.At
1615 3297 1736 3335 non
1758 3288 1955 3337 vetera
1971 3299 2093 3353 pro-

2213 3271 2270 3326 δὲ
2299 3271 2364 3325 τὰ
2413 3267 2850 3349 παραδείγματα,
2906 3270 3050 3328 ἀλλὰ
3093 3272 3274 3348 νεαρὰ,
3323 3273 3414 3328 καὶ
3458 3274 3532 3328 ὧν
3593 3273 3858 3330 αὐτόπται

448 3366 564 3421 fert
591 3366 885 3437 exempla,
918 3367 1022 3421 sed
1053 3367 1336 3435 recentia,
1373 3372 1432 3420 et
1460 3385 1717 3437 quorum
1767 3371 1940 3424 multi
1972 3370 2105 3425 fue-

454 3460 590 3510 rant
613 3454 723 3526 ipsi
746 3460 1155 3526 conspectores
1182 3472 1194 3509 :
1219 3463 1284 3509 ut
1305 3457 1674 3526 experientia
1692 3464 1914 3525 caveat,
1949 3476 2024 3513 ne
2047 3460 2106 3514 in

456 3543 716 3599 similem
740 3543 1145 3614 exemplorum
1171 3545 1492 3598 terminum
1513 3545 2024 3601 incurrat.Deinde
2045 3553 2109 3602 ut

470 3650 746 3690 sermone
779 3633 870 3687 his
903 3630 1166 3686 emollito
1199 3638 1385 3687 tentet
1430 3633 1730 3688 auditores
1784 3641 2044 3691 evertere
2075 3654 2110 3693 a

470 3722 688 3778 damno
715 3722 1000 3794 apostolis
1023 3721 1332 3776 inferendo
1355 3738 1367 3774 :
1393 3738 1466 3776 ne
1489 3722 1863 3793 quomodo,si
1889 3741 1958 3780 ea
1977 3744 2107 3796 quas

466 3814 651 3868 Deum
693 3813 914 3868 habent
942 3813 1351 3867 auxiliatorem
1384 3813 1510 3867 sine
1533 3813 1655 3867 ullo
1679 3814 2108 3885 impedimento

465 3904 644 3959 finem
679 3903 1030 3967 sortiuntur,
1065 3901 1499 3974 imprudenter,
1524 3903 1740 3974 inquit,
1767 3906 1883 3960 Deo
1903 3922 2110 3979 repug-

459 3997 674 4045 nantes
707 3991 815 4045 hos
865 3989 1247 4045 occidamus:
1303 3995 1480 4061 atque
1533 3991 1615 4046 ita
1661 4008 1780 4046 non
1829 3993 2111 4050 adversus

457 4079 615 4147 illos,
649 4079 752 4135 sed
783 4079 1067 4135 adversus
1097 4097 1207 4136 nos
1243 4081 1403 4151 ipsos
1437 4097 1756 4136 armemur.
1791 4083 1898 4148 Qui
1948 4084 2107 4140 enim

457 4175 707 4224 conatur
725 4169 810 4225 rei
827 4169 940 4223 Deo
965 4169 1225 4241 probatae
1242 4169 1620 4236 adversariis
1634 4172 1897 4243 seipsum
1911 4190 2107 4246 oppu-

456 4276 635 4332 gnare
659 4259 810 4314 solet
834 4259 932 4315 52
957 4261 1101 4314 Nam
1137 4260 1183 4314 si
1216 4259 1481 4316 humano
1515 4261 1989 4331 haeretconsilio,
2014 4281 2110 4318 su-

456 4351 685 4424 perﬂua
703 4355 793 4406 est
813 4349 1094 4404 adversus
1117 4349 1278 4421 ipsos
1301 4349 1627 4423 indignatio
1651 4368 1664 4404 :
1690 4352 1827 4407 ﬁnis
1849 4369 2107 4425 namque

458 4457 526 4497 ac
559 4441 688 4512 ejus
721 4457 749 4495 e
783 4439 979 4494 medio
1009 4439 1264 4494 sublatio
1299 4440 1579 4495 similiter
1599 4441 1964 4512 procedetut
1995 4443 2106 4498 ini-

459 4531 630 4593 tium,
664 4535 839 4600 prout
869 4530 1139 4600 exempla
1171 4527 1575 4582 subindicant.
1611 4531 1736 4583 Non
1770 4536 1966 4584 autem
1993 4547 2110 4585 ma-

2207 3359 2434 3416 πολλοί.
2471 3360 2559 3422 Ὠς
2591 3360 2650 3414 ἂν
2683 3363 2718 3429 ἡ
2750 3365 2928 3435 πεῖρα,
2987 3361 3048 3416 τὸ
3103 3363 3179 3434 μὴ
3222 3363 3359 3439 πρὸς
3411 3362 3605 3435 ὅμοιον
3659 3383 3858 3417 καταν-

2205 3451 2367 3517 τῆσαι
2425 3445 2588 3524 πὲρας
2648 3448 2951 3525 φυλάξηται
3007 3455 3115 3505 τῶν
3191 3449 3670 3527 παραδειγμάτων·
3736 3453 3854 3506 εἶτα

2211 3539 2284 3599 ὡς
2313 3538 2529 3600 τούτοις
2563 3537 2886 3611 ἐξομαλίσας
2920 3540 3011 3594 τὸν
3072 3538 3263 3615 λόγον,
3313 3542 3616 3611 ἀποστῆναι
3659 3540 3850 3616 πειρά-

2209 3649 2366 3698 σηται
2399 3629 2526 3690 τοὺς
2563 3631 2827 3705 ἀκροατὰς
2857 3636 2956 3699 τῆς
2989 3631 3124 3685 κατά
3177 3635 3284 3686 τῶν
3338 3630 3679 3700 ἀποστόλων,
3728 3633 3853 3686 ἔπι-

2209 3711 2438 3786 ϐουλῆς,
2476 3719 2698 3790 μήπως,
2741 3718 2784 3773 εἰ
2842 3719 2978 3795 πρὸς
3039 3717 3431 3793 ἀνεμπόδιστον
3486 3721 3851 3798 ἀφώρμηνται

2207 3805 2391 3874 τέλος,
2424 3808 2558 3882 ἅπερ
2584 3805 2701 3884 ἔχει
2735 3810 2865 3864 Θεὸν
2897 3808 3272 3884 συλλήπτορα,
3330 3811 3612 3883 λάθοιμεν,
3662 3809 3850 3889 φησὶν,

2210 3895 2299 3951 ἐπὶ
2368 3899 2670 3976 θεομαχῐαν
2723 3897 3209 3970 ἀποτελευτῶντες,
3240 3900 3329 3955 καὶ
3387 3900 3559 3962 οὕτως
3615 3900 3677 3955 οὐ
3733 3902 3856 3955 κατ’

2211 3987 2428 4044 ἐκείνων
2487 3986 2633 4044 ἀλλά
2687 3989 2807 4043 καθ’
2865 3989 3068 4044 ἑαυτῶν
3134 3991 3495 4064 ὀπλιζόμενοι
3551 3991 3858 4067 πεφυκότος

2209 4082 2306 4133 τοῦ
2336 4077 2471 4133 κατά
2502 4081 2692 4147 τοῦτῷ
2722 4082 2838 4150 Θεῷ
2860 4077 3152 4142 δοκοῦντος
3178 4079 3404 4156 βάλλειν
3424 4081 3858 4157 ἐπῖχειροῦντος,

2213 4166 2288 4229 εἰς
2333 4166 2396 4221 τὸ
2449 4168 2566 4222 καθ’
2622 4164 2814 4221 ἐαυτοῦ
2869 4173 3160 4240 καταντᾷν.
3227 4169 3293 4227 Εἰ
3348 4169 3449 4246 γὰρ
3503 4170 3857 4246 ἀνθρωπίνης

2211 4258 2390 4330 ὁρμῆς
2428 4253 2636 4331 ἔχεται,
2693 4258 2920 4332 περιττή
2965 4259 2998 4327 ἡ
3054 4261 3170 4314 κατ’
3229 4261 3404 4314 αὐτῶν
3463 4260 3858 4336 ἀγανάκτησις,

2211 4350 2295 4421 Τῇ
2325 4347 2428 4422 γὰρ
2459 4346 2610 4425 ἀρχῇ
2655 4350 2742 4402 καὶ
2801 4349 2828 4403 ὁ
2878 4348 3179 4426 ἀφανιςμὸς
3237 4347 3558 4426 σύνδρομος,
3597 4351 3736 4427 ὥσγε
3788 4353 3862 4408 τὰ

2210 4437 2620 4516 παραδείγματα
2651 4440 3038 4496 ὑπαινίττεται.
3093 4441 3208 4498 Οὐκ
3257 4441 3375 4496 εἶπε
3429 4439 3486 4498 δὲ
3532 4447 3856 4520 προφανῶς,

2211 4529 2271 4583 τὸ
2301 4531 2408 4582 τῶν
2453 4526 2774 4583 ἀποστόλων
2831 4525 2888 4582 ἐκ
2946 4533 3100 4600 Θεοῦ,
3198 4528 3250 4599 ἐξ
3311 4529 3612 4605 ἀνθρώπων
3672 4532 3858 4607 ὁρμῆς

460 4619 673 4672 nil‘este
691 4618 838 4672 dixit
868 4617 1270 4689 apostolorum
1291 4616 1640 4681 factum,Dei
1669 4625 1770 4671 aut
1793 4618 2093 4673 hominum

2212 4621 2544 4685 κεκινῆσθαι,
2578 4614 2705 4671 ἀλλ’
2731 4613 3132 4682 ἐνδοιαστικῶς.
3167 4618 3230 4675 El
3265 4619 3359 4691 μὲν
3412 4619 3515 4695 γὰρ
3566 4623 3718 4676 εἶπεν
3767 4621 3861 4677 ὅτι

463 4713 687 4760 motum
712 4724 839 4761 esse
864 4705 1245 4769 consilio,sed
1267 4705 1798 4777 ambigue.Etenim
1824 4708 1870 4760 si
1898 4723 1964 4761 ex
1985 4707 2098 4764 Deo

460 4793 724 4855 dixisset.
759 4796 1029 4865 protinus
1062 4795 1147 4849 illi
1181 4794 1719 4850 contradixissent:
1754 4796 1800 4849 si
1842 4813 1976 4852 vero
2033 4815 2103 4853 ex

458 4879 824 4946 hominibus,
855 4899 1093 4937 rursum
1127 4889 1432 4955 promptos
1472 4881 1753 4938 adversus
1802 4887 2100 4957 apostolos

454 4966 1156 5039 reddidisset.Propterea
1173 4973 1809 5044 sapientertemperato
1825 4991 2099 5032 sermone

457 5058 636 5112 finem
653 5058 1189 5128 exspectarejubet,
1213 5067 1402 5116 etnon
1418 5068 1640 5118 temere
1658 5063 1796 5117 ferri
1820 5064 2098 5123 adversus

453 5163 578 5202 rem
611 5162 742 5216 qua)
776 5147 1080 5216 ignoretur
1133 5149 1238 5212 Qui
1272 5152 1429 5204 euim
1459 5157 1683 5223 pugnat
1727 5152 2004 5209 adversus
2036 5157 2098 5210 in

453 5236 610 5308 quod
642 5237 758 5290 Deo
794 5235 1095 5306 probatur,
1131 5252 1250 5290 non
1276 5238 1446 5305 illud,
1472 5241 1572 5294 sed
1597 5242 1857 5313 seipsum
1882 5245 2095 5314 perdit.

454 5325 684 5380 Etenim
723 5325 769 5378 si
796 5325 1122 5379 humanum
1144 5331 1252 5392 est,
1278 5326 1491 5396 inquit,
1517 5329 1659 5399 quid
1679 5331 1839 5385 vobis
1857 5349 2100 5390 necesse

457 5420 547 5468 est
584 5414 875 5468 facessere
912 5414 1213 5485 negotium
1238 5415 1264 5468 ‘I
1294 5414 1340 5468 si
1390 5431 1521 5469 vero
1571 5417 1861 5487 divinum,
1907 5438 2100 5492 neque

455 5502 746 5574 susceptis
778 5502 1069 5557 molestiis
1095 5504 1363 5575 poteritis
1394 5504 1587 5576 ipsum
1649 5508 1992 5578 dissolvere,
2043 5517 2102 5567 et

455 5593 538 5648 ita
561 5608 680 5646 non
712 5591 943 5647 videtur
972 5597 1192 5650 temere
1221 5594 1662 5666 procedendum
1689 5597 1969 5654 adversus
2002 5616 2097 5656 res

460 5697 588 5755 qua
620 5681 988 5756 ignorantur.

2210 4705 2269 4760 ἐκ
2299 4710 2450 4777 Θεοῦ,
2483 4704 2765 4780 ἀντέλεγον
2799 4703 2857 4760 ἄν
2901 4706 3097 4770 εὑθὲως
3156 4705 3367 4764 ἐκεῖνοι.
3426 4709 3495 4765 Εἴ
3542 4707 3600 4765 δὶ
3651 4709 3700 4781 ἐξ
3758 4711 3863 4765 ἀν·

2213 4793 2465 4869 θρώπων,
2499 4793 2830 4869 προχείρους
2880 4794 3044 4852 πάλιν
3091 4797 3262 4852 ἐποίει
3317 4797 3512 4860 αὐτοὺς
3562 4801 3696 4854 κατά
3745 4806 3866 4856 τῶν

2212 4882 2554 4939 ἀποστόλων.
2584 4885 2680 4938 Διά
2730 4889 2890 4939 τοῦτο
2950 4889 3132 4963 σοφῶς
3188 4887 3278 4942 τὸν
3329 4887 3494 4964 λόγον
3553 4889 3865 4961 οἰκονομή-

2211 4993 2325 5039 σας,
2358 4978 2668 5048 περιμεῖιαι
2699 4972 2948 5036 τὸτέλος
3006 4974 3237 5045 κελεύει,
3287 4975 3377 5031 καὶ
3434 4979 3510 5050 μὴ
3563 4985 3864 5053 προπετῶς

2208 5060 2345 5118 κατά
2400 5063 2717 5137 πράγματος
2801 5063 3169 5138 ἀγνοουμένου
3226 5065 3496 5142 φέρεσθαι.
3551 5066 3693 5142 Πρὸς
3749 5071 3866 5145 γὰρ

2209 5151 2269 5205 τὸ
2301 5155 2380 5223 τῷ
2410 5155 2524 5223 Θεῴ
2574 5148 2767 5206 δοκοῦν
2827 5152 2855 5206 δ
2918 5152 3258 5228 μαχόμενος,
3317 5155 3417 5210 οὐκ
3470 5154 3666 5226 ἐκεῖνο,
3724 5157 3869 5215 ἀλλ’

2210 5240 2396 5295 ἑαυτὸν
2429 5238 2706 5296 καταλύει.
2749 5239 2812 5296 Εἰ
2876 5241 2970 5315 μὶν
3022 5242 3124 5318 γὰρ
3173 5241 3529 5319 ἀνθρώπινον,
3589 5245 3744 5318 φῆσὶ,
3809 5249 3872 5304 τί

2211 5327 2293 5385 δεῖ
2323 5329 2658 5404 πραγμάτων
2693 5330 2820 5402 ὑμῖν
2849 5348 2861 5399 ;
2892 5330 2936 5384 εὶ
2985 5327 3040 5386 δὲ
3095 5333 3262 5401 θεῖον,
3315 5331 3442 5388 οὐδὲ
3493 5335 3626 5406 μετὰ
3679 5355 3872 5414 πραγ-

2214 5440 2396 5495 μῃτων
2431 5415 2721 5488 δυνήσεσθε
2750 5418 2881 5473 αὐτὸ
2937 5419 3259 5490 καταλῦσαι,
3314 5422 3389 5484 ὡς
3443 5425 3519 5496 μή
3570 5431 3878 5500 προπετῶς

2210 5505 2360 5580 δόξαι
2388 5509 2524 5563 κατά
2553 5509 2882 5584 πραγμάτων
2917 5509 3290 5585 ἀγνοουμένων
3321 5518 3547 5587 χωρεῖνι
