4136 6200
303 395 415 454 HI

383 551 412 578 ‹‹
442 524 591 583 Μετά
621 525 818 580 τοῦτον
847 522 1042 596 ἀνέστη
1105 521 1312 588 Ἰούδας
1343 525 1372 580 ὁ
1401 523 1697 585 Γαλιλαῖος
1747 520 1799 577 ἐν
1841 527 1958 584 ταῖς
1995 524 2039 590 Α

318 638 348 668 α
379 616 618 691 ἡμέραις
649 621 751 683 τῆς
802 613 1149 692 ἀπογραφῆς,
1208 614 1299 670 καί
1352 612 1621 684 ἀπέστησε
1677 610 1808 667 λαὸν
1849 612 1965 666 ἳκα-

314 730 344 758 α
382 705 471 760 νὸν
501 703 678 759 ὀπίσω
713 703 898 759 αὐτοῦ.
963 703 1224 766 Κάκεῖνος
1282 702 1554 758 ἀπώλετο.
1619 703 1720 758 Καὶ
1775 701 1969 764 πάντες

317 820 344 846 ιι
386 793 503 849 ὅσοι
536 793 816 848 ἐπείθοντο
863 791 1010 864 υῦτῷ
1062 789 1566 865 διεσκορπίσθησαν.
1619 791 1716 846 Καὶ
1768 790 1833 846 τὰ
1884 793 1973 844 νῦν

328 909 350 935 ι
392 881 535 960 λέγω
568 885 722 957 ὑμῖν,
759 907 786 934 η

397 972 670 1030 Ἐοίκασιν
706 972 760 1027 οἱ
792 970 1079 1027 Γαλιλαῖοι
1114 973 1251 1027 κατά
1286 971 1413 1034 τοὺς
1446 971 1686 1052 χρόνους
1729 970 1972 1026 Πιλάτου

316 1061 714 1129 ἐπασιακέναι,
780 1058 1043 1134 δόγμασιν
1101 1061 1364 1134 ἑπόμενοι
1422 1058 1598 1118 Ἰούδα
1652 1065 1748 1116 τοῦ
1807 1058 1974 1115 Γαλι-

315 1149 507 1208 λαίου.
540 1152 642 1208 Ἦν
677 1147 733 1204 δὶ
771 1150 835 1204 τὸ
866 1148 1043 1224 δόγμα
1073 1154 1169 1206 τοῦ
1206 1147 1406 1220 Ἰούδα,
1437 1152 1510 1214 ὡς
1558 1151 1649 1205 καὶ
1703 1151 1971 1225 Ἰῳσηπος

313 1242 368 1298 ἐν
435 1249 551 1304 τοῖς
609 1239 945 1304 τελευταίοις
1004 1247 1103 1311 τῆς
1171 1240 1481 1313 Ἰουδαϊκῆς
1565 1239 1970 1322 ἀρχαιολογίας

314 1330 537 1403 ἔδειξεν,
599 1330 892 1406 φαντασίαν
951 1329 1347 1402 ἐξαποστέλλω
1408 1330 1628 1402 πολλὴν
1684 1327 1754 1386 δι’
1821 1329 1972 1386 εὑσέ-

315 1417 467 1477 ϐειαν
524 1419 795 1482 εὐτονίας.
852 1420 1050 1496 Κύριον
1103 1421 1203 1497 γὰρ
1268 1419 1408 1495 μηδὲ
1479 1420 1645 1496 μέχρι
1701 1420 1971 1492 στόματος

320 1509 521 1588 ἔφασκε
550 1507 660 1565 δεῖν
692 1531 812 1564 τινα
844 1508 1045 1586 λέγειν,
1107 1506 1250 1582 μηδὲ
1299 1510 1436 1566 κατά
1488 1531 1606 1565 τινα
1656 1511 1824 1583 τιμὴν
1883 1509 1974 1564 καὶ

317 1599 748 1684 φιλοφροσύνην.
778 1600 936 1658 Οὕτω
978 1599 1035 1657 δὲ
1096 1599 1238 1674 μηδὲ
1286 1603 1381 1658 τὸν
1442 1600 1816 1677 βασιλεύοντα.
1877 1602 1974 1656 Καὶ

317 1690 530 1750 πολλοί
560 1713 622 1768 γε
649 1689 825 1746 αὐτῶν
860 1688 950 1746 διὰ
986 1691 1049 1746 τὸ
1106 1692 1182 1764 μὴ
1252 1691 1420 1747 εἰπεῖν
1473 1691 1716 1766 Καίσαρα
1766 1691 1972 1766 κύριον,

318 1777 720 1862 χαλεπωτάτοις
779 1781 960 1843 αἰκίας
1020 1781 1335 1854 ὑπέμειναν.
1393 1779 1462 1839 Οἳ
1517 1780 1606 1836 καὶ
1664 1777 1967 1849 ἐδίδασκον,

1283 390 1696 454 COMMENT.
1745 387 1834 448 IN
1879 386 2083 446 ACTA
2128 385 2739 451 APOSTOLORUM.

3604 393 3718 456 122

2145 543 2173 570 (ι
2207 522 2271 576 ν.
2305 523 2392 588 37,
2426 523 2516 579 38.
2559 524 2701 580 Post
2727 525 2885 581 hunc
2909 527 3133 582 exstitit
3159 526 3338 583 Judas
3357 528 3632 586 Galilaeus
3653 531 3716 588 in

2083 629 2104 658 α
2139 609 2350 667 diebus
2381 613 2818 686 descriptionis,
2852 621 2911 672 et
2939 619 3193 674 multum
3227 621 3436 675 avertit
3464 627 3598 693 post
3656 640 3716 678 se

2075 724 2102 747 «ο
2139 702 2462 774 populum:
2494 703 2712 775 illeque
2746 705 2940 777 periit,
2974 713 3032 762 et
3062 715 3354 780 quotquot
3398 718 3718 781 paruerant

2075 811 2104 839 «
2139 791 2190 845 ei
2225 790 2476 862 dispersi
2508 799 2663 848 sunt.
2700 797 2766 848 Et
2795 794 2866 849 de
2914 794 3088 850 rebus
3142 799 3534 869 praesentibus
3584 801 3714 856 dico

2078 902 2106 931 α
2138 880 2320 937 vobis.
2357 904 2383 929 υ

2147 969 2483 1026 Verisimile
2506 977 2596 1026 est
2621 973 2892 1028 Galilaeos
2909 976 3277 1047 temporibus
3291 978 3459 1034 Pilati
3484 981 3545 1034 in
3568 981 3717 1036 sedi-

2075 1059 2298 1115 tionem
2325 1067 2516 1117 motos
2539 1062 3021 1136 fuisse,dogmata
3045 1072 3361 1136 sequentes
3381 1069 3542 1124 ludas
3559 1071 3713 1126 Gali-

2075 1148 2190 1204 lmi.
2228 1150 2446 1221 Dogma
2475 1156 2672 1206 autem
2702 1152 2865 1207 Iudae
2896 1160 3072 1224 prout
3097 1155 3274 1210 etiam
3330 1157 3621 1229 Iosephus
3653 1160 3713 1215 in

2077 1240 2396 1311 postremis
2425 1241 2840 1312 Antiquitatum
2873 1244 3120 1300 Judaicaz
3149 1244 3390 1301 historia:
3429 1247 3594 1301 libris
3623 1265 3715 1303 os-

2078 1327 2270 1384 tendit
2296 1328 2364 1397 °5,
2397 1330 2642 1386 multam
2677 1349 2795 1402 praa
2823 1349 2883 1387 se
2915 1333 3567 1402 ferebatambitionem,
3587 1353 3721 1408 pro-

2078 1424 2210 1491 pter
2235 1420 2646 1475 strenuitatem
2678 1422 3003 1494 religionis.
3039 1424 3279 1481 Dicebat
3299 1427 3459 1482 enim
3491 1427 3723 1482 nullum

2080 1513 2352 1580 oportere
2383 1509 2470 1564 vel
2503 1527 2602 1564 ore
2638 1517 2807 1566 tenus
2839 1513 3150 1569 Dominum
3184 1516 3504 1587 appellare,
3532 1533 3724 1588 neque

2081 1596 2262 1653 ullius
2294 1599 2536 1654 honoris
2559 1600 3104 1658 autbenevolentizn
3131 1605 3337 1675 gratia,
3355 1611 3411 1659 et
3429 1606 3510 1660 ita
3530 1623 3722 1678 neque

2083 1703 2218 1742 eum
2251 1687 2351 1759 qui
2383 1705 2563 1760 regno
2597 1690 2906 1760 potiretur.
2951 1693 3019 1746 Et
3076 1693 3246 1746 multi
3304 1694 3590 1764 ipsorum,
3650 1711 3722 1749 ne

2081 1777 2371 1832 Caesarem
2405 1777 2713 1834 dominum
2745 1787 3038 1849 vocarent,
3077 1782 3412 1838 miserrima
3458 1784 3723 1855 perpessi

323 1876 404 1947 μή
438 1870 550 1926 δεῖν
581 1871 727 1946 παρά
761 1871 854 1933 τάς
917 1867 1334 1943 διατεταγμένας
1393 1868 1444 1924 ἐν
1500 1873 1580 1939 τῷ
1639 1869 1794 1943 νόμῳ
1847 1871 1976 1926 Μω-

2102 1873 2225 1921 sunt
2247 1866 2631 1938 supplicia.l]i
2652 1867 2830 1923 etiam
2850 1868 3141 1925 docebant
3159 1888 3278 1926 non
3296 1884 3568 1942 oportere
3580 1873 3726 1927 alias

319 1961 482 2028 σέως,
543 1959 730 2025 θυσίας
791 1958 976 2035 ἐτέρας
1033 1959 1388 2038 ἀναφέρεσθαι
1445 1964 1527 2032 τῷ
1583 1962 1722 2031 Θεῷ.
1781 1957 1978 2033 Διόπερ

316 2053 411 2108 καὶ
441 2049 689 2107 ἐκώλυον
716 2051 814 2111 τὰς
850 2049 954 2104 ὑπὸ
993 2051 1092 2113 τῆς
1125 2048 1414 2124 γερουσίας
1466 2053 1564 2105 τοῦ
1615 2046 1752 2104 λαοῦ
1805 2068 1981 2123 παρα-

325 2139 622 2213 δεδομένας
654 2140 900 2216 γίνεσθαι
931 2137 1055 2213 περὶ
1080 2144 1181 2208 τῆς
1238 2139 1510 2213 σωτηρίας
1563 2143 1661 2193 τοῦ
1715 2137 1984 2214 βασιλέως

321 2230 415 2285 καί
468 2232 568 2284 τοῦ
625 2227 917 2300 Ῥωμαίων
977 2225 1187 2290 ἔθνους.
1259 2227 1420 2289 Εἰκὸς
1480 2227 1570 2282 οὗν
1627 2225 1714 2282 ἐπὶ
1771 2226 1986 2290 τούτοις

327 2322 730 2398 ἀγανακτοῦντα
764 2318 902 2393 πρὸς
934 2317 1263 2381 Γαλιλαίους
1311 2320 1403 2375 τὸν
1454 2317 1689 2374 Πιλᾶτον
1737 2318 1984 2374 κελεῦσαι

329 2411 460 2486 παρ’
491 2408 680 2471 αύταῖς
717 2410 804 2470 αἷς
854 2405 1077 2462 ἐδόκουν
1121 2408 1257 2463 κατὰ
1304 2409 1394 2462 τὸν
1441 2409 1611 2480 νόμον
1664 2407 1985 2486 προσφέρειν

328 2501 544 2565 θυσίαις
600 2499 797 2560 αὐτοὺς
856 2498 1222 2572 ἀναιρεθῆναι.
1281 2498 1369 2560 Ὠς
1423 2498 1548 2552 τότε
1618 2498 1988 2572 ἀναμιχθῆναι

325 2595 450 2651 ταῖς
483 2584 952 2664 προσφερομέναις
985 2587 1193 2651 θυσίαις
1247 2587 1303 2642 εὸ
1353 2588 1494 2660 αἷμα
1550 2591 1658 2643 τῶν
1716 2607 1986 2663 προσαγο-

332 2679 536 2752 μένων,
565 2677 709 2732 γαθά
737 2676 830 2732 καὶ
861 2675 915 2732 ἐν
947 2680 1028 2749 τῷ
1057 2675 1193 2731 κατὰ
1242 2682 1453 2732 Λουκᾶν
1509 2674 1842 2753 Εὐαγγελίῳ
1891 2675 1988 2750 ἐμ-

332 2768 580 2847 φέρεται.

409 2881 436 2909 «
511 2856 818 2927 Ἀπόστητε
876 2855 981 2910 ἀπὸ
1035 2875 1143 2927 “cev
1225 2853 1526 2928 ἀνθρώπων
1603 2853 1836 2923 τούτων,
1894 2855 1989 2912 καὶ

333 2973 362 3000 α
397 2945 590 3002 ἐάσατε
620 2944 837 3006 αὑτούς.
894 2945 1018 3002 Ὀτι
1073 2944 1160 2998 ἐᾶν
1300 2943 1350 3018 ἐξ
1407 2943 1706 3020 ἀνθρώπων
1739 2946 1773 3015 ἡ
1808 2943 1986 3021 βουλή

334 3060 364 3088 σι
398 3031 437 3103 ἧ
469 3034 534 3090 τὸ
564 3031 723 3109 ἔργον
769 3037 956 3103 τοῦτο,
1015 3030 1468 3103 καταλυθήσεται.
1524 3031 1588 3090 Εἰ
1634 3030 1689 3088 δὲ
1740 3033 1799 3089 ἐκ
1855 3039 1991 3090 Θεοῦ

335 3151 365 3178 ει
403 3122 567 3191 ἐστιν,
603 3123 664 3179 οὐ
696 3119 989 3191 δυνήσεσθε
1040 3120 1337 3179 καταλῦσαι
1383 3122 1538 3192 αὐτὸ,
1589 3125 1664 3192 πή
1715 3143 1846 3178 ποτε
1901 3123 1990 3178 καὶ

332 3241 361 3268 α
404 3212 682 3292 θεομάχοι
740 3211 1019 3286 εὑρεθῆτε.
1076 3211 1428 3278 Ἐπείσθησαν
1489 3208 1547 3266 δὲ
1631 3213 1796 3283 αὑτῷ.
1886 3213 1989 3269 Καὶ

335 3328 364 3355 ιι
399 3298 910 3377 προσκαλεσάμενοι
942 3298 1070 3358 τοὺς
1109 3299 1473 3368 ἀποστόλους,
1530 3297 1800 3374 δείραντες
1848 3320 1988 3375 παρα

337 3418 367 3444 α
403 3389 671 3467 ἤγγειλαν
706 3391 781 3462 μή
814 3387 1003 3446 λαλεῖν
1058 3387 1154 3444 ἐπὶ
1210 3393 1289 3461 τῷ
1345 3389 1574 3462 ὀνόματι
1631 3393 1728 3445 τοῦ
1784 3389 1988 3458 Ἰησοῦ,

337 3504 368 3532 τι
406 3481 513 3537 Καὶ
547 3476 819 3534 ἀπέλυσαν
850 3478 1067 3540 αύτούς.
1102 3478 1168 3536 Οἱ
1205 3478 1297 3552 μὲν
1350 3478 1440 3534 οὖν
1488 3476 1811 3554 ἐπορεύοντο
1868 3479 1992 3553 χαί-

339 3594 368 3620 «
410 3588 588 3644 ροντες
631 3568 737 3622 ἀπὸ
767 3569 1064 3642 προσώπου
1094 3571 1191 3623 τοῦ
1230 3565 1532 3643 συνεδρίου,
1590 3567 1671 3622 ὅτι
1725 3567 1856 3643 ὑπὲρ
1892 3573 1990 3624 τοῦ

341 3684 370 3710 α
405 3659 682 3732 ὀνόματος
739 3656 905 3712 αὐτοῦ
962 3657 1374 3730 κατηξιώθησαν
1434 3658 1818 3730 ἀτιμασθῆναι.
1878 3663 1989 3713 Πᾶ-

337 3771 372 3801 ci
405 3749 500 3803 σάν
534 3769 594 3804 τε
650 3749 863 3823 ἡμέραν
924 3746 974 3802 ἐν
1030 3752 1108 3820 τῷ
1165 3749 1294 3823 ἱερῷ
1350 3749 1440 3803 καὶ
1495 3748 1613 3805 κατ⁹
1679 3749 1835 3803 οἶκον
1893 3748 1994 3803 οὐκ

338 3839 669 3894 «ἐπαύοντο
731 3835 1073 3900 διδάσκοντες
1124 3837 1214 3893 καί
1251 3833 1730 3916 εὸαγγελιζόμενοι
1779 3839 1990 3908 Ἰησοῦν

341 3952 367 3983 ι
399 3929 494 3983 τὸν
527 3927 780 4004 Χριστόν.
817 3951 844 3978 ››

419 4018 541 4075 Οὐκ
570 4017 722 4072 εἶπεν
753 4014 839 4071 ὅτι
896 4014 956 4071 ἐκ
985 4019 1118 4072 Θεοῦ
1166 4016 1328 4086 ἐστιν,
1378 4015 1503 4074 ἀλλ’
1549 4014 1662 4073 οὐδ’
1719 4017 1996 4093 ἀνθρώπι-

333 4127 431 4163 νον
464 4107 530 4163 τὸ
558 4101 738 4181 ἔργον.
786 4105 929 4181 Πρὸς
988 4107 1093 4181 γὰρ
1148 4106 1210 4161 τὸ
1267 4114 1325 4160 ἐκ
1377 4110 1531 4178 Θεοῦ,
1586 4105 1741 4171 εὐθὺς
1799 4107 1996 4164 ἐκεῖνοι

335 4195 637 4270 ἀντέλεγον
666 4195 756 4265 ἃν,
785 4195 848 4250 τὸ
881 4192 937 4250 δὲ
966 4194 1016 4266 ἐξ
1044 4195 1360 4270 ἀνθρώπων,
1420 4197 1775 4273 θρασυτέρους
1822 4195 1994 4254 ἐποίει

339 4288 484 4344 κατά
515 4291 625 4342 τῶν
653 4284 998 4342 ἀποστόλων.
1033 4286 1232 4361 Διόπερ
1279 4286 1379 4362 ’ὸρα
1433 4287 1640 4342 σύνεσιδ
1686 4289 1996 4364 ἀνθρώπου,

343 4383 533 4455 σοφῶς
565 4374 658 4431 τόν
689 4374 858 4450 λόγον
895 4375 1338 4448 οἷκονομοῦντος.
1374 4380 1692 4451 Ηεριμεῖναι
1735 4380 1798 4435 τὸ
1837 4377 1996 4443 τέλος

335 4466 584 4523 κελεύει.
617 4465 736 4522 Οὑκ
766 4466 887 4520 εἷπε
924 4461 1002 4520 δέ.
1035 4465 1135 4520 Καὶ
1167 4464 1255 4520 ἐὰν
1317 4468 1391 4538 μὴ
1451 4465 1794 4538 καταλύσητε
1847 4467 1997 4542 αὐτὸ,

340 4561 528 4631 γνῶτε
556 4555 641 4610 ὅτι
671 4553 776 4609 ἀπὸ
803 4557 932 4609 Θιοῦ
962 4553 1128 4622 ἐστιν,
1159 4552 1288 4610 ἀλλ’
1344 4556 1468 4611 Ἐὰν
1527 4555 1588 4611 ἐκ
1642 4561 1774 4612 Θεοῦ
1832 4556 1998 4628 ἐστιν,

2092 1962 2308 2030 praeter
2338 1958 2668 2030 assignatas
2701 1959 2760 2013 in
2791 1958 2916 2031 lege
2947 1961 3123 2016 Mosis
3152 1961 3419 2016 victimas
3467 1961 3730 2016 exhiberi

2092 2049 2233 2116 Deo,
2256 2046 2508 2118 ideoque
2532 2047 2925 2119 prohibebant
2956 2049 3200 2105 traditas
3232 2067 3263 2104 a
3297 2055 3508 2105 senatu
3539 2067 3605 2105 ac
3633 2069 3733 2122 po-

2092 2136 2232 2209 pulo
2265 2136 2391 2190 fieri
2421 2154 2526 2208 pro
2559 2137 2749 2192 salute
2781 2139 2935 2210 regis
2967 2155 3033 2193 ac
3063 2139 3251 2211 gentis
3311 2140 3734 2195 Romanorum.

2093 2226 2427 2281 Verisimile
2467 2242 2603 2298 ergo
2637 2233 2726 2281 est
2756 2228 3010 2283 Pilatum
3043 2235 3283 2301 propter
3312 2229 3425 2284 ista
3481 2229 3736 2285 Galilaais

2094 2315 2472 2388 indignatum
2497 2316 2773 2387 jussisse,
2807 2317 2963 2371 inter
2992 2318 3282 2373 sacrificia
3313 2319 3628 2390 quaajuxta
3651 2318 3735 2373 le-

2093 2421 2226 2478 gem
2257 2405 2468 2460 oﬂ'erre
2499 2404 2870 2472 videbantur,
2922 2407 3082 2478 ipsos
3125 2407 3426 2463 interimi:
3487 2414 3553 2462 ut
3599 2413 3738 2463 tunc

2094 2496 2308 2552 mistus
2340 2493 2415 2549 sit
2445 2494 2658 2549 oblatis
2692 2495 2900 2551 hostiis
2934 2497 3173 2568 sanguis
3197 2513 3400 2553 eorum
3420 2497 3519 2568 qui
3542 2498 3733 2570 capie-

2095 2584 2332 2651 bantur,
2365 2590 2542 2657 prout
2589 2585 2765 2640 etiam
2826 2585 2886 2641 in
2944 2586 3257 2660 Evangelio
3307 2587 3479 2659 juxta
3527 2587 3738 2643 Lucam

2095 2673 2352 2732 refertur
2378 2673 2445 2728 ⁸⁵.

2170 2851 2267 2909 58
2302 2874 2330 2903 »
2363 2854 2427 2920 V,
2461 2853 2649 2908 38-42.
2687 2853 2992 2909 Abstinete
3023 2854 3095 2910 ab
3126 2854 3469 2910 hominibus
3499 2853 3648 2920 istis,
3685 2858 3742 2907 et

2101 2966 2121 2992 ι
2155 2943 2328 2999 sinite
2348 2943 2502 2998 illos.
2538 2946 2682 2999 Nam
2702 2944 2749 2998 si
2775 2943 2954 2999 fuerit
2973 2961 3040 2999 ex
3064 2944 3404 2999 hominibus
3419 2942 3734 2998 consilium

2099 3055 2127 3084 «
2159 3039 2260 3088 aut
2289 3050 2437 3104 opus
2470 3033 2600 3099 hoc,
2636 3032 2990 3087 dissolvetur
3020 3034 3143 3087 :sin
3170 3040 3368 3087 autem
3392 3048 3460 3087 ex
3485 3033 3602 3086 Deo
3625 3036 3733 3098 est,

2097 3144 2124 3171 ‹‹
2160 3138 2281 3176 non
2312 3121 2581 3192 poteritis
2613 3120 2761 3175 illud
2789 3121 3128 3190 dissolvere,
3154 3138 3227 3176 ne
3263 3121 3498 3194 quando
3531 3127 3588 3176 et
3619 3121 3734 3176 Deo

2021 3249 2064 3314 Ο
2103 3234 2131 3262 ‹‹
2160 3227 2491 3282 repugnare
2523 3209 2923 3282 reperiamini.
2959 3211 3232 3266 Persuasi
3267 3217 3406 3266 sunt
3437 3218 3636 3267 autem
3667 3212 3738 3268 ab

2097 3324 2124 3351 «
2159 3318 2250 3356 eo.
2283 3301 2546 3371 Cumque
2569 3299 2953 3355 advocassent
2969 3301 3292 3372 apostolos,
3318 3301 3489 3356 caesis
3519 3319 3746 3374 praece-

2098 3413 2126 3441 ‹‹
2160 3395 2376 3462 perunt
2405 3406 2478 3444 ne
2511 3390 2898 3460 loquerentur
2927 3390 2989 3445 in
3020 3391 3260 3445 nomine
3290 3392 3447 3458 Jesu,
3479 3397 3538 3446 et
3567 3391 3745 3447 dimi-

2101 3503 2121 3530 ι
2148 3486 2352 3535 serunt
2373 3495 2492 3534 eos.
2512 3479 2602 3533 Illi
2618 3479 2816 3550 itaque
2841 3479 3350 3552 ibantgaudentes
3372 3497 3405 3536 a
3422 3488 3744 3552 conspectu

2102 3594 2129 3621 ‹‹
2161 3569 2442 3626 concilii:
2475 3570 2630 3642 quod
2663 3570 2823 3643 digni
2857 3577 3078 3636 essent,
3111 3577 3177 3625 ut
3205 3589 3310 3643 pro
3343 3573 3585 3627 nomine
3613 3573 3742 3643 ejus

2100 3683 2127 3710 «
2161 3658 2522 3715 contumelia
2553 3658 2955 3715 afficerentur.
2976 3661 3045 3714 Et
3066 3660 3331 3732 quotidie
3354 3661 3414 3716 in
3441 3662 3660 3732 templo
3686 3668 3744 3717 et

2099 3770 2128 3798 ‹‹
2161 3749 2224 3804 in
2257 3747 2505 3821 singulis
2533 3747 2808 3803 domibus
2865 3765 2986 3804 non
3043 3749 3357 3805 cessabant
3411 3749 3623 3805 docere
3683 3757 3740 3806 et

2103 3860 2130 3889 ‹‹
2163 3839 2518 3895 annuntiare
2545 3839 2744 3893 Jesum
2775 3839 3092 3895 Christum.
3130 3860 3157 3887 ››

2170 4021 2296 4076 Non
2328 4019 2477 4075 dixit
2511 4019 2668 4091 quod
2700 4034 2770 4073 ex
2801 4020 2917 4074 Deo
2953 4025 3128 4087 esset,
3184 4020 3289 4077 sed
3347 4038 3540 4093 neque
3589 4021 3748 4092 quod

2101 4112 2431 4167 humanum
2455 4113 2612 4164 esset
2627 4124 2795 4180 opus.
2831 4110 2972 4164 Nam
2995 4109 3217 4166 dicenti
3240 4112 3400 4183 quod
3423 4129 3490 4167 ex
3511 4112 3746 4177 Deo,illi

2105 4200 2306 4256 statim
2339 4196 2839 4254 contradixissent
2868 4213 2880 4251 :
2914 4197 2962 4252 si
2994 4216 3126 4255 vero
3177 4201 3422 4257 dixisset
3469 4202 3627 4272 quod
3677 4218 3746 4256 ex

2103 4286 2822 4354 hominibus,audaciores
2839 4293 3046 4343 contra
3058 4290 3355 4360 apostolos
3370 4290 3744 4345 reddidisset.

2105 4378 2247 4433 Vide
2266 4392 2401 4448 ergo
2425 4375 2686 4430 hominis
2703 4375 3081 4448 prudentiam
3102 4379 3201 4449 qui
3221 4379 3522 4449 sapienter
3537 4379 3746 4446 dirige-

2103 4469 2204 4524 bat
2225 4481 2582 4522 sermonem.
2609 4464 2782 4521 Jubet
2803 4471 3001 4521 autem
3025 4473 3364 4538 exspectare
3387 4468 3589 4521 finem.
3624 4469 3742 4522 Ne-

2108 4574 2222 4629 que
2245 4556 2420 4611 dixit:
2443 4555 2638 4610 Sinon
2663 4555 3048 4611 dissolveritis
3068 4555 3234 4623 illud,
3261 4556 3468 4611 scitote
3487 4557 3642 4626 quod
3677 4574 3747 4612 ex

350 4616 413 4702 ού
440 4643 898 4714 καταλυθήσεται.
932 4643 1011 4700 Τὸ
1047 4645 1142 4717 μὲν
1175 4642 1279 4721 γὰρ
1307 4649 1406 4713 τῆς
1449 4645 1666 4699 ἐκείνων
1716 4646 1988 4722 λογισθείη

2109 4616 2227 4702 lico
2259 4651 2367 4702 est.
2403 4643 2530 4710 sed,
2563 4645 2618 4700 Si
2652 4663 2719 4700 ex
2752 4647 2867 4700 Deo
2900 4651 3007 4708 est,
3043 4662 3162 4700 non
3194 4616 3567 4700 dissolvetur.
3600 4645 3753 4700 Illud

340 4733 638 4805 ἀπηνείας,
668 4733 731 4787 τὸ
793 4729 850 4786 δὲ
904 4738 1004 4802 τῆς
1071 4732 1218 4794 θείας
1278 4729 1581 4806 δυνάμεως
1640 4736 1998 4808 Ἐπείσθησαν

342 4823 404 4881 δὲ
432 4827 519 4895 τῷ
551 4823 627 4894 μὴ
660 4821 932 4893 παρουσίᾳ
959 4825 1068 4876 τῶν
1130 4821 1456 4878 ἀποστόλων
1519 4829 1688 4879 ταῦτα
1747 4826 2002 4900 ῥηθῆναι,

341 4913 496 4971 ἀλλά
525 4911 722 4988 χωρίς.
771 4912 891 4969 Ἔτι
949 4908 1007 4966 δὲ
1064 4912 1154 4966 καὶ
1214 4911 1297 4967 ὅτι
1347 4915 1772 4989 συνεπιγνώμων
1818 4917 2003 4981 αὐτοῖς

347 5001 658 5079 νομισθεὶς,
695 5001 787 5056 καὶ
815 5001 915 5070 τὴν
945 4995 1164 5056 ἔκϐασιν
1207 5002 1283 5065 ὡς
1311 5001 1369 5057 ἃν
1425 5003 1515 5058 καὶ
1563 5005 1772 5079 γένοιτο
1829 5003 2007 5064 δεδοι-

343 5093 483 5158 κὼς,
542 5088 726 5164 ὥσπερ
779 5089 872 5143 καὶ
923 5087 1109 5152 αὐτοῖς
1171 5088 1427 5147 ὑπετίθει.
1485 5091 1626 5166 Πρὸς
1687 5090 1744 5148 δὶ
1818 5096 1908 5150 καὶ
1968 5099 2002 5168 ἡ

354 5179 640 5256 γλυκύτης
670 5183 782 5234 τῶν
823 5178 1006 5256 λόγων
1067 5178 1201 5252 μετά
1255 5183 1354 5235 τοῦ
1411 5177 1625 5236 δικαίου
1679 5180 2006 5243 συνεϐάλετο

358 5271 511 5341 αύτῷ
563 5269 704 5342 πρὸς
763 5269 826 5322 τὸ
881 5271 1086 5326 πεῖσαι.
1145 5266 1325 5337 Ἀλλ’,
1385 5267 1429 5324 εἰ
1491 5269 1834 5344 ἐπείσθησαν,
1887 5280 2007 5338 πῶς

361 5355 610 5434 Qum;
641 5356 996 5426 Ἐπείσθησαν
1027 5359 1127 5421 τῆς
1169 5363 1378 5437 σφαγῆς
1427 5359 1785 5438 ἀποσχέσθαι.
1837 5369 2006 5420 Τοῦτο

352 5449 458 5526 γὰρ
518 5446 714 5522 ὤργων
773 5443 1080 5519 μανιωδῶς.
1138 5445 1388 5523 Ἓδειραν
1451 5445 1508 5503 δὲ
1581 5454 1662 5523 τῷ
1720 5453 1797 5524 μὴ
1857 5451 2006 5524 δόξαι

339 5538 596 5616 ἀφρόνως
625 5535 940 5612 ὁρμηθῆναι
971 5535 1061 5590 καὶ
1092 5536 1232 5592 κατά
1273 5531 1606 5595 ἀνεκϐάτων.
1663 5538 1770 5596 Καὶ
1815 5542 1883 5612 ἦν
1929 5565 2008 5616 τῳ

415 5743 466 5779 ⁸³
501 5744 623 5800 Lib.
655 5759 809 5815 mn,
847 5747 868 5800 1
905 5747 1046 5832 et}.
1125 5742 1336 5832 “huc.
1373 5759 1456 5816 ιιι,
1483 5747 1533 5802 1.

2115 4737 2275 4794 enim
2306 4734 2546 4790 daretur
2575 4735 2794 4791 feritati
2827 4735 3088 4802 illorum,
3136 4736 3246 4790 hoc
3294 4742 3492 4791 autem
3541 4737 3752 4792 divina)

2112 4826 2694 4898 potentim.Persuasi
2716 4830 2852 4880 sunt
2873 4831 3234 4889 autem,cum
3257 4827 3383 4883 haec
3414 4828 3474 4882 in
3518 4834 3753 4900 aposto-

2113 4916 2310 4972 lorum
2342 4916 2658 4987 praesentia
2687 4931 2805 4968 non
2868 4913 3228 4985 dicerentur,
3281 4917 3382 4972 sed
3431 4918 3551 4973 illis
3597 4919 3754 4975 foras

2116 5006 2341 5079 ejectis,
2377 5010 2502 5059 tum
2534 5002 2691 5075 quod
2722 5003 2772 5058 is
2804 5005 2903 5074 qui
2934 5019 3060 5059 rem
3092 5022 3211 5061 una
3240 5024 3373 5063 cum
3398 5009 3541 5080 ipsis
3561 5010 3756 5081 explo-

2115 5096 2304 5161 rabat,
2337 5093 2424 5150 rei
2457 5098 2756 5160 eventum,
2789 5093 2980 5149 hocne
3010 5112 3085 5151 an
3117 5095 3219 5150 illo
3252 5097 3426 5152 modo
3477 5099 3757 5154 succede-

2116 5193 2226 5251 ret,
2260 5183 2634 5251 formidabat,
2667 5185 3171 5255 quemadmodum
3204 5189 3382 5244 etiam
3411 5189 3530 5245 illis
3558 5208 3757 5264 sugge-

2117 5277 2302 5332 rebat.
2326 5276 2620 5328 Praeterea
2639 5279 2835 5330 autem
2859 5293 3206 5332 sermonum
3230 5278 3444 5334 lenitas
3477 5295 3594 5334 una
3625 5297 3760 5336 cum

2118 5365 2398 5438 aaquitate
2430 5363 2503 5420 ad
2536 5365 3039 5437 persuadendum,
3072 5367 3314 5423 fuerunt
3354 5369 3467 5441 ipsi
3519 5371 3762 5427 auxilio.

2117 5455 2335 5510 Verum
2360 5454 2408 5510 si
2431 5455 2698 5526 persuasi
2731 5461 2890 5525 sunt,
2924 5458 3219 5528 quomodo
3242 5458 3442 5531 ﬂagris
3483 5459 3618 5516 illos
3668 5478 3767 5517 ce-

2124 5545 2442 5602 ciderunt?
2471 5546 2745 5604 Persuasi
2777 5548 3018 5622 quidem
3070 5555 3227 5618 sunt,
3278 5566 3352 5609 ne
3399 5551 3761 5616 occiderent,
