4134 6196
435 441 546 500 123

1545 431 1963 496 (ECUMENII
2006 433 2312 495 TRlCCE
2353 433 2702 510 EPISCOPI

3720 439 3838 499 124

427 589 564 632 nam
598 573 710 629 hoc
738 569 1055 627 furibunde
1089 569 1484 642 exoptabant:
1538 574 1802 624 attamen
1849 568 2071 625 cecide-

2194 563 2338 637 ὅντι,
2376 567 2439 622 τό
2503 569 2597 642 μὶν
2655 571 2754 638 τήν
2811 567 3154 648 σφοδρότητα
3207 569 3384 626 αὐτῶν
3444 569 3838 642 καταλυθῆναι,

428 669 668 718 runt.ne
688 659 1394 731 viderenturinsipienter
1407 675 1473 714 ea
1493 663 1754 714 tentasse
1774 675 1904 729 quas
1925 659 2070 730 ipsis

428 749 822 820 impossibilia
853 754 1041 803 erant.
1076 748 1157 803 Ad
1203 750 1329 803 haec
1381 765 1584 804 revera
1631 748 1955 815 accidebat,
2005 753 2073 804 ut

429 839 846 893 truculentiam
871 839 1111 908 quidem
1142 838 1380 893 illorum
1435 837 1693 903 dissolvi,
1744 854 1814 892 ex
1857 837 2070 893 virtute

429 933 585 982 esset
606 927 1267 995 consiliarii,verberare
1291 932 1488 982 autem
1511 925 1834 997 apostolos,
1867 943 2069 982 eorum

427 1017 525 1088 qui
551 1018 779 1072 imbuta
799 1018 1034 1072 insania
1060 1017 1322 1089 persuasi
1347 1023 1533 1070 erant.
1554 1015 1696 1070 Vide
1717 1021 1913 1070 autem
1937 1033 2071 1086 apo-

429 1107 716 1163 stolorum
749 1108 821 1162 ad
860 1107 1105 1162 meliora
1136 1108 1594 1162 incrementum.
1630 1107 1772 1160 Nam
1792 1123 1897 1177 per
1917 1105 2070 1161 afﬂi-

426 1197 654 1253 ctiones
679 1197 896 1267 quibus
919 1196 1268 1252 devincendi
1289 1195 1900 1267 sperabantur,magis
1917 1212 2074 1251 exer-

425 1287 736 1352 cebantur,
769 1293 833 1342 ut
862 1287 935 1342 ad
967 1287 1362 1342 efficaciorem
1386 1287 1692 1359 magisque
1714 1285 2074 1358 imperterri-

423 1384 546 1434 tam
569 1379 901 1434 doctrinam
925 1379 1334 1450 procederent,
1367 1383 1432 1432 ut
1454 1394 1572 1433 non
1592 1379 1652 1432 in
1685 1377 1938 1440 occulto,
1972 1377 2075 1432 sed

428 1470 624 1524 statim
650 1469 711 1523 in
735 1470 958 1538 templo
991 1483 1227 1538 quoque
1248 1466 1405 1522 unde
1439 1467 1851 1540 comprehensi
1885 1470 2073 1535 erant,

2182 663 2283 726 τῆς
2316 657 2516 727 ἀρετῆς
2542 663 2640 714 τοῦ
2673 655 3018 732 συμϐούλου,
3049 661 3110 714 τὸ
3159 657 3216 716 δὶ
3277 661 3527 735 μαστίξαι
3585 665 3686 726 τῆς
3733 665 3839 716 τῶν

2186 741 2708 818 συμϐουΛευθὲντων
2770 745 3092 805 δευσοποιοῦ
3154 751 3370 823 μανίας.
3429 752 3566 826 Ὀρα
3644 748 3700 806 δὲ
3750 750 3841 805 καὶ

2180 841 2289 892 τῶν
2324 836 2645 892 ἀποστόλων
2677 841 2777 908 τὴν
2807 837 2895 894 ἐπὶ
2927 840 2989 895 τὸ
3020 846 3263 913 κρεῖττον
3317 837 3580 899 ἐπίδοσιν.
3633 840 3737 896 Καὶ
3769 838 3838 895 δι’

2183 926 2256 980 ὧν
2313 925 2613 997 ἠλπίζοντο
2672 930 3132 1003 καταγωνίζεσθαι
3219 923 3512 1005 θλιϐερῶν,
3593 928 3839 1002 μάλιστα

2184 1012 2273 1069 διὰ
2315 1015 2522 1071 τούτων
2576 1015 3042 1095 ἐπαλειφομένους
3093 1019 3231 1093 πρὸς
3289 1017 3660 1095 ἐνεργεστέραν
3719 1037 3835 1094 χωρ

2187 1111 2297 1180 ρεῖν
2353 1105 2442 1160 καὶ
2502 1105 3059 1182 ἀκαταπληκτοτέραν
3123 1104 3496 1174 διδασκαλίαν,
3555 1108 3628 1169 ὡς
3671 1109 3748 1181 μή
3781 1107 3833 1163 ἐν

2185 1189 2536 1268 παραϐύστῳ,
2569 1194 2832 1252 ἀλλὰκαὶ
2864 1197 3014 1261 αὖθις
3047 1196 3097 1251 ἐν
3152 1202 3229 1270 τῷ
3281 1198 3414 1273 ἱερῷ
3464 1197 3552 1274 ἀφ’
3601 1197 3662 1252 οὗ
3711 1219 3834 1252 συν-

2185 1283 2527 1361 ελήφθησαν,
2558 1285 2649 1340 καὶ
2681 1285 2806 1341 ὅποι
2839 1283 2906 1354 δὴ
2940 1283 3199 1362 ἀλλαχοῦ
3250 1287 3340 1341 τὸν
3386 1286 3621 1360 Χριστὸν
3670 1287 3834 1360 εὐαγ-

2184 1375 2514 1451 γελίζεσθαι,
2601 1375 2662 1430 τὸ
2766 1375 2992 1448 μάταιον
3074 1379 3180 1432 τῶν
3246 1375 3657 1451 ἐπηρεασάντων
3713 1383 3832 1440 τοῖς

2184 1462 2472 1536 ἀκροαταῖς
2498 1461 2973 1537 ὲμπομπεύοντας.

425 1557 614 1612 ubivis
646 1556 823 1611 etiam
855 1555 993 1610 alibi
1028 1556 1325 1611 Christum
1359 1556 1810 1623 annuntiarent,
1843 1571 2049 1611 eorum
2080 1555 2182 1627 qui
2211 1554 2327 1609 vim
2360 1554 2444 1610 eis
2475 1555 2802 1612 intulerant
2831 1556 3152 1613 vanitatem
3207 1556 3580 1614 auditoribus
3629 1561 3830 1613 osten-

423 1651 637 1700 tantes.

981 1736 1084 1792 54
1125 1735 1357 1792 CAPUT
1399 1735 1515 1789 VII.

737 1828 812 1881 De
840 1825 1107 1881 electione
1135 1832 1337 1895 septem
1369 1825 1746 1880 diaconorum.

495 1939 522 1965 (ι
561 1916 651 1983 VI,
688 1917 737 1984 1,
769 1919 823 1970 2.
858 1917 923 1970 In
956 1916 1048 1970 his
1079 1921 1279 1970 autem
1310 1914 1520 1970 diebus
1551 1931 1688 1969 cum
1709 1913 2074 1985 multiplica-

2827 1736 3083 1791 ΚΕΦΑΛ.
3119 1741 3188 1790 Z'.

2445 1823 2575 1897 Περὶ
2609 1822 2950 1898 χειροτονίας
2982 1828 3089 1880 τῶν
3118 1822 3253 1879 ἑπτα
3280 1821 3567 1882 διακόνων.

2255 1935 2283 1960 κ
2319 1913 2405 1967 Ἐν
2441 1910 2497 1967 δὲ
2525 1918 2645 1976 ταῖς
2699 1913 2934 1988 ἡμέραις
2990 1911 3212 1976 ταύταις
3266 1911 3659 1982 πληθυνόντων
3717 1918 3825 1967 τῶν

422 2027 449 2054 ‹‹
483 2011 692 2060 rentur
713 2004 1012 2076 discipuli,
1037 2010 1306 2060 exortum
1329 2009 1418 2058 est
1441 2019 1712 2058 murmur
1735 2004 2071 2058 Grmcorum

2184 2022 2210 2048 «
2248 2004 2532 2072 μαθητῶν,
2591 1999 2806 2078 ἐγένετο
2891 2003 3216 2079 γογγυσμὸς
3280 2007 3387 2057 τῶν
3457 2000 3829 2072 Ἑλληνιστῶν

422 2116 450 2143 ‹‹
483 2095 764 2150 adversus
805 2094 1104 2160 Hebraeos,
1162 2110 1230 2148 eo
1283 2093 1441 2163 quod
1499 2093 1949 2164 despicerentur
2007 2092 2069 2147 in

424 2207 450 2234 ‹‹
486 2184 818 2239 ministerio
851 2183 1197 2254 quotidiano
1231 2181 1418 2237 vidum
1457 2183 1745 2254 ipsorum.
1777 2183 2067 2237 Caeterum

426 2295 453 2322 ‹‹
488 2272 802 2328 duodecim
842 2271 930 2326 illi
989 2289 1124 2327 cum
1181 2271 1569 2328 advocassent
1623 2271 2069 2326 multitudinem

429 2387 455 2414 α
490 2363 940 2435 discipulorum,
975 2362 1288 2418 dixerunt:
1313 2364 1438 2418 Non
1460 2369 1551 2418 est
1579 2379 1817 2433 acquum
1846 2367 1913 2416 ut
1939 2379 2068 2432 nos,

433 2476 459 2504 κ
491 2454 775 2510 derelicto
809 2469 1082 2508 sermone
1109 2453 1233 2521 Dei,
1268 2452 1678 2507 ministremus
1724 2451 1970 2506 mensis.
2005 2474 2027 2503 ι

495 2545 620 2599 Non
641 2543 702 2598 in
726 2541 950 2597 eisdem
969 2541 1200 2605 diebus,
1235 2541 1413 2596 sedin
1435 2540 1790 2612 quibusdam
1815 2557 2069 2620 sequen-

424 2631 602 2687 tibus.
640 2633 853 2687 Verum
880 2646 1045 2686 more
1077 2629 1392 2701 Scriptura:
1423 2629 1686 2685 facturus
1712 2628 2072 2708 narrationis

424 2719 756 2785 exordium,
782 2718 895 2773 hoc
925 2717 1100 2772 modo
1129 2717 1304 2772 etiam
1338 2733 1498 2772 nunc
1529 2717 1814 2788 procedit.
1864 2713 2070 2785 Ἐλλη-

425 2809 608 2868 vieta;
629 2814 827 2864 autem
850 2812 1017 2862 vocat
1039 2823 1158 2862 non
1183 2809 1414 2862 Graecos
1427 2806 1736 2880 religione,
1755 2807 1859 2862 sed
1875 2808 2071 2862 Graece

426 2899 758 2970 loquentes.
786 2899 896 2951 Per
926 2913 1199 2952 murmur
1229 2913 1388 2962 vero,
1437 2895 1682 2952 alterius
1729 2895 2072 2952 tentationis

424 3005 610 3059 genus
637 2992 895 3055 enarrat,
923 3002 1043 3040 non
1065 2984 1137 3040 ab
1161 2985 1511 3040 extrinsecis
1544 2990 1835 3052 exortum,
1865 2984 1968 3039 sed
1998 2984 2070 3040 ab

422 3079 514 3133 his
541 3077 642 3148 qui
673 3077 834 3132 intus
856 3081 1045 3132 erant.
1080 3075 1198 3130 Hoc
1218 3075 1376 3130 enim
1394 3074 1797 3146 apostolorum
1807 3072 2072 3146 probita—

421 3175 539 3224 tem
568 3169 956 3232 demonstrat,
991 3167 1090 3238 qui
1125 3166 1388 3239 undique
1413 3171 1472 3222 et
1494 3166 1856 3222 intrinsecus
1887 3170 1946 3220 et
1972 3182 2070 3222 ex-

419 3257 712 3311 trinsecus
741 3255 1267 3326 impugnabantur,
1301 3255 1566 3325 undique
1591 3261 1792 3311 autem
1811 3255 2071 3328 palmam

2186 2110 2206 2139 ι
2244 2089 2378 2162 πρὸς
2428 2091 2554 2153 τοὺς
2608 2085 2918 2164 Ἐϐραίους,
2974 2091 3091 2146 ’ὀτιο
3135 2093 3577 2167 παρεθεωροῦντο
3647 2091 3699 2146 ἐν
3756 2094 3825 2166 τῇ

2179 2201 2206 2229 ι(
2242 2175 2487 2250 διακονίᾳ
2517 2184 2584 2253 τῇ
2615 2182 2957 2255 καθημερινῇ
2989 2182 3045 2236 αἱ
3102 2187 3275 2256 χῆραι
3326 2180 3523 2237 αὐτῶν.
3581 2186 3828 2258 Προσκα-

2179 2289 2204 2321 ιι
2243 2270 2530 2342 Λεσάμενοι
2561 2266 2619 2324 δὲ
2649 2271 2701 2324 οἱ
2733 2267 2944 2325 δώδεκα
2998 2271 3060 2326 τὸ
3111 2268 3325 2339 πλῆθος
3377 2275 3483 2325 τῶν
3545 2272 3830 2343 μαθητῶν,

2177 2380 2206 2408 ‹‹
2240 2357 2412 2416 εἶπον,
2445 2359 2562 2416 Οὐκ
2590 2359 2810 2434 ἀρεστόν
2843 2358 2984 2414 ἐστιν
3039 2361 3186 2432 ἡμᾶς
3242 2358 3671 2433 καταλείψαντας
3722 2361 3814 2416 τὸν

2176 2469 2204 2497 ι(
2241 2444 2410 2522 λόγον
2442 2451 2539 2502 τοῦ
2565 2453 2700 2504 Θεοῦ
2731 2445 2995 2504 διακονεῖν
3017 2449 3329 2524 τραπέζαις.
3362 2475 3390 2501 ιι

2247 2533 2360 2592 Οὐκ
2416 2534 2468 2591 ἐν
2529 2544 2647 2600 ταῖς
2706 2537 2892 2601 αὑταῖς
2947 2539 3200 2614 ἡμέραις,
3257 2536 3387 2594 ἀλλ’
3439 2536 3494 2594 ἔν
3547 2561 3657 2595 τισι
3707 2544 3817 2595 τῶν

2180 2630 2293 2699 μετ’
2348 2623 2571 2689 ἐκείνας.
2630 2631 2721 2699 Τῷ
2796 2632 3039 2704 γρασικῷ
3123 2625 3180 2683 δὶ
3262 2626 3394 2697 ἔθει,
3473 2627 3653 2704 ἀρχήν
3738 2625 3824 2683 δι-

2178 2720 2431 2792 ηγήσεως
2462 2712 2866 2782 καταϐαλέσθαι
2899 2715 3145 2790 μέλλων,
3177 2718 3328 2774 οὕτω
3361 2719 3567 2794 πρόεισι
3595 2717 3684 2774 καὶ
3708 2722 3823 2778 νῦν.

2153 2805 2532 2877 ’Ἑλληνιστάς
2566 2804 2624 2862 δὲ
2655 2807 2716 2862 οὐ
2745 2809 2842 2877 τὴν
2879 2807 3190 2882 θρησκείαν,
3241 2807 3388 2864 ἀλλᾶ
3439 2809 3565 2870 τοὺς
3616 2806 3827 2879 Ἐλλη-

2175 2896 2315 2950 νιστὶ
2360 2896 2758 2974 φθεγγομένους
2827 2896 3007 2952 καλεῖ.
3070 2899 3167 2952 Διά
3221 2894 3277 2952 δὲ
3330 2901 3428 2952 τοῦ
3482 2900 3822 2972 γογγυσμοῦ,

2177 2983 2354 3041 ἄλλου
2384 2989 2697 3059 πειρασμοῦ
2733 2981 2876 3046 εἶδος
2907 2983 3249 3062 ἐξαγγέλλει,
3283 2986 3382 3041 οὐκ
3409 2986 3515 3042 ἀπὸ
3544 2990 3650 3041 τῶν
3682 2982 3824 3057 ἔξω-

2151 3075 2286 3144 νθεν,
2317 3071 2462 3129 ἀλλὰ
2491 3074 2599 3128 ἀπὸ
2630 3079 2741 3130 τῶν
2769 3072 2934 3137 ἐντός.
2970 3076 3148 3132 Τοῦτο
3185 3074 3287 3152 γὰρ
3335 3076 3398 3130 τὸ
3443 3072 3670 3150 δόκιμον
3716 3079 3824 3130 τῶν

2151 3161 2501 3219 ιάποστόλων
2534 3167 2788 3236 παριστᾷ,
2847 3163 3188 3243 πανταχόθεν
3246 3164 3340 3237 μὶν
3389 3163 3824 3240 πολεμουμένων

2177 3252 2285 3308 ἀπὸ
2313 3257 2422 3308 τῶν
2455 3252 2604 3315 ἐντὸς
2655 3252 2743 3307 καὶ
2794 3251 2972 3320 ἐκτὸς,
3023 3254 3282 3317 πάντοθεν
3335 3251 3392 3309 δὲ
3437 3253 3500 3308 τὸ
3553 3255 3822 3326 ἀριστεῖον

416 3346 774 3403 referebant.
808 3347 953 3400 Nam
984 3363 1116 3400 cum
1150 3344 1466 3400 duodecim
1499 3345 1584 3399 illi
1619 3345 2065 3400 multitudinem

2184 3341 2626 3421 ἀποφερομένων.
2662 3340 3175 3415 Προσκαλεσάμενοι
3230 3342 3334 3417 γὰρ
3384 3343 3436 3398 οἱ
3496 3340 3712 3400 δώδοκα
3759 3345 3822 3401 τὸ

423 3435 974 3498 advocassent,illos
989 3451 1204 3506 nempe
1221 3433 1320 3504 qui
1336 3450 1406 3488 ex
1423 3450 1627 3488 eorum
1642 3434 1742 3505 qui
1756 3433 2067 3506 designan-

421 3525 481 3582 di
505 3530 676 3580 erant
697 3524 1070 3598 praefectura,
1094 3522 1476 3578 commodum
1505 3528 1674 3577 erant
1694 3524 2072 3596 reportaturi,

425 3615 777 3672 electionem
812 3615 958 3686 ipsis
989 3613 1346 3686 permittunt
1369 3628 1381 3664 :
1403 3611 1709 3683 indignum
1734 3612 2075 3683 judicantes

421 3721 551 3762 sese
566 3705 723 3761 circa
736 3719 1080 3760 mensarum
1099 3705 1446 3772 apparatum
1462 3700 1733 3772 impediri
1749 3701 2074 3772 postposito

419 3795 595 3851 verbo
627 3795 844 3851 divino.
881 3791 1046 3848 Unde
1073 3791 1298 3845 electos
1321 3796 1600 3846 crearunt
1616 3789 1926 3855 diaconos,
1953 3807 2074 3846 non

411 3886 586 3956 juxta
616 3883 864 3956 gradum
898 3880 998 3950 qui
1034 3896 1193 3934 nunc
1224 3884 1314 3934 est
1343 3880 1404 3933 in
1448 3879 1729 3946 Ecclesia,
1763 3879 1865 3934 sed
1889 3875 2075 3933 διακό-

416 3992 562 4034 νους,
587 3972 644 4026 id
677 3976 785 4036 est,
825 3968 1160 4022 ministros:
1191 3973 1254 4022 ut
1291 3969 1453 4022 omni
1497 3985 1630 4024 cum
1679 3968 1989 4042 diligentia
2018 3974 2076 4025 ct

421 4078 539 4115 non
556 4058 869 4132 neglectim
885 4056 1515 4113 distribuereutviduis
1527 4057 1706 4112 simul
1720 4059 2074 4130 etorphanis

423 4166 492 4204 ea
513 4165 644 4220 quin
676 4147 749 4202 ad
780 4146 1130 4201 alimentum
1163 4146 1424 4216 reposita
1448 4152 1657 4202 erant:
1689 4147 1866 4220 idque
1890 4148 2070 4220 potis-

423 4241 639 4295 simum
672 4236 866 4290 viduis
897 4241 956 4290 et
997 4235 1304 4306 orphanis,
1338 4241 1580 4308 propter
1617 4253 1764 4308 quos
1816 4237 2072 4293 maxime

419 4333 688 4385 exortum
722 4330 850 4381 erat
879 4341 1171 4380 murmur.
1209 4326 1386 4380 Vocat
1425 4331 1623 4380 autem
1673 4325 2071 4382 ministerium

418 4417 835 4490 quotidianum
866 4414 1328 4486 eleemosynam,
1363 4420 1428 4469 ut
1458 4432 1588 4486 quae
1621 4421 1680 4470 et
1716 4414 2072 4471 facientibus

421 4508 729 4563 medicinae
747 4505 876 4560 loco
894 4504 989 4570 sit,
1014 4502 1374 4558 etbeneﬁcio
1398 4504 1639 4559 allectos
1652 4504 1921 4560 honoret.
1947 4507 2072 4560 Non

423 4603 548 4652 erat
579 4602 779 4652 autem
812 4593 1055 4648 malitiae
1088 4591 1244 4662 quod
1283 4591 1473 4647 viduas
1521 4598 2070 4662 contemnerentur,

426 4685 528 4740 sed
561 4684 805 4756 ignaviae
838 4682 1183 4738 multorum.
1217 4681 1474 4752 Ideoque
1497 4681 1595 4736 ubi
1619 4682 1859 4754 dignum
1883 4682 2071 4738 visum

2178 3430 2418 3502 πλῆθος,
2449 3431 2574 3494 τοὺς
2603 3433 2690 3486 καὶ
2725 3429 3020 3487 ἀπολαύειν
3080 3429 3382 3505 μέλλοντας
3431 3439 3529 3502 τῆς
3575 3453 3823 3509 προστα-

2180 3517 2297 3579 σίας
2329 3522 2436 3573 τῶν
2495 3516 3030 3594 προχειριζομὲνων,
3087 3517 3271 3581 αὐτοῖς
3327 3517 3675 3594 ἐπιτρέπουσι
3721 3523 3822 3592 τήν

2176 3605 2435 3680 ἐκλογήν,
2477 3606 2720 3678 ἀναξίους
2777 3607 3046 3684 κρίνοντες
3103 3607 3323 3671 ἑαυτοὺς
3376 3611 3497 3686 περὶ
3556 3617 3821 3686 τραπεζοο

2177 3695 2359 3750 ποιίαν
2395 3694 2853 3770 ἀπασχολεῖσθαι,
2883 3697 2979 3752 τοῦ
3019 3698 3155 3753 κατὰ
3212 3699 3342 3754 Θεὸν
3383 3698 3555 3778 λόγου
3594 3700 3822 3778 ὠλιγω-

2179 3784 2431 3860 ρηκότας.
2467 3786 2623 3842 Ὅθεν
2661 3784 2790 3848 τοὺς
2849 3784 3171 3864 ἐκλεγέντας
3207 3786 3283 3851 εἷς
3343 3785 3620 3851 διακόνους
3669 3788 3822 3870 ἐχει-

2180 3873 2495 3950 ροτόνησαν,
2529 3872 2591 3928 οὐ
2622 3874 2758 3930 κατᾶ
2797 3875 2886 3931 τὸν
2920 3879 3010 3929 νῦν
3068 3874 3119 3931 ἐν
3180 3882 3298 3938 ταῖς
3350 3875 3668 3948 ἐκκλησίαις
3718 3881 3823 3955 βα·-

2180 3961 2336 4034 θμὸν,
2370 3959 2516 4018 ἀλλὰ
2545 3966 2640 4019 τοῦ
2676 3959 2944 4036 διανέμειν
2989 3963 3124 4036 μετᾶ
3181 3960 3460 4037 ἀκριϐείας
3511 3966 3601 4021 καὶ
3651 3966 3822 4044 ὀρφα-

2177 4058 2292 4114 νοῖς
2330 4052 2420 4107 καὶ
2463 4055 2666 4128 χήραις
2720 4054 2788 4108 τὰ
2847 4055 2982 4128 πρὸς
3043 4051 3346 4131 διατροῳήν
3403 4057 3491 4111 καὶ
3551 4058 3628 4132 μὴ
3695 4079 3823 4115 κατ·

2179 4139 2575 4216 ημελημένως,
2611 4141 2847 4214 μάλιστα
2879 4139 2936 4197 δὲ
2965 4145 3168 4218 χήραις
3198 4146 3286 4200 καὶ
3323 4146 3582 4220 ὀρφανοῖς
3629 4145 3699 4203 δι’
3730 4149 3826 4213 οὓς

2181 4229 2420 4304 μάλιστα
2452 4233 2480 4286 ὁ
2507 4231 2843 4309 γογγυσμός.
2877 4232 3158 4288 Διακονίαν
3193 4231 3250 4289 δὲ
3304 4233 3464 4290 καλεῖ
3510 4237 3610 4304 τήν
3660 4234 3826 4307 ἐλεη-

2183 4319 2444 4394 μοσύνην,
2479 4321 2552 4382 ὡς
2585 4319 2674 4375 καὶ
2724 4318 2850 4383 τοὺς
2906 4324 3197 4384 ποιοῦντας
3258 4325 3674 4398 θεραπεύουσαν,
3731 4326 3826 4382 καὶ

2176 4410 2304 4473 τοὺς
2334 4409 2822 4484 εὖεργετουμὲνους
2870 4410 3257 4483 σεμνύνουσαν.
3316 4412 3430 4471 Οὐκ
3484 4415 3550 4484 ἦν
3613 4411 3668 4471 δὶ
3723 4436 3824 4472 κα-

2177 4501 2299 4562 κίας
2333 4499 2395 4554 τὺ
2427 4501 2806 4576 παροραθῆναι
2835 4499 2928 4561 τᾶς
2957 4503 3162 4576 χήρας,
3203 4500 3349 4558 ἀλλὰ
3404 4505 3670 4580 ῥᾳθυμίας
3715 4510 3827 4565 τῶν

2177 4587 2428 4645 πολλῶν.
2465 4591 2562 4645 Διὸ
2593 4589 2682 4644 καὶ
2714 4586 3008 4667 φροντίδος
3041 4591 3264 4664 ἀξιωθὶν
3319 4592 3586 4649 ἐπαύσατο
3634 4595 3696 4650 τὸ
3728 4593 3829 4650 λυ-

2179 4683 2338 4735 ποῦν.
2378 4680 2446 4736 ’Ἡ
2479 4678 2567 4733 καὶ
2627 4679 2725 4747 τήν
2789 4674 3060 4751 δημοσίαν
3115 4680 3431 4756 ὑπηρεσίαν.
3490 4687 3664 4740 Τοῦτο
3723 4685 3829 4760 γὰρ

424 4779 514 4829 est
545 4742 615 4826 ut
639 4788 781 4826 cura
812 4770 1216 4836 adhiberetur,
1252 4742 1490 4826 sedatus
1522 4776 1612 4826 est
1636 4742 1820 4826 animi
1881 4771 2068 4826 dolor.

2184 4771 2242 4826 τὸ
2273 4777 2373 4839 τῆς
2408 4766 2683 4832 διακονίας
2709 4763 2881 4842 ὄνομα
2912 4765 3117 4840 δηλοῦν
3149 4742 3427 4847 βοῦλεται.
3474 4776 3680 4845 Λήϊτον
3725 4742 3828 4850 γὰρ

422 4858 532 4912 Vel
561 4859 738 4912 etiam
763 4857 1064 4927 publicam
1088 4857 1908 4914 dicuntadministrationem.
1925 4861 2071 4914 Nam

422 4949 534 5004 hoc
585 4945 920 5018 significare
981 4945 1105 5000 vult
1161 4963 1380 5002 nomen
1440 4943 1702 5002 διακονία.
1767 4947 2071 5020 Siquidem

428 5036 609 5091 Graeci
645 5033 948 5106 publicum
984 5051 1140 5105 penu
1175 5033 1367 5103 λῆϊτον
1401 5037 1724 5109 appellant,
1783 5037 1940 5108 quod
1973 5036 2067 5094 55

429 5126 680 5198 quisque
712 5139 927 5194 magno
954 5122 1148 5177 studio
1173 5125 1481 5181 contendit
1502 5126 1831 5183 liberaliter
1847 5126 2075 5182 inillud

427 5214 646 5271 inferre
679 5212 750 5266 ad
783 5227 1158 5268 communem
1195 5213 1530 5286 impensam
1562 5233 1692 5287 quin
1725 5215 1836 5271 sibi
1877 5214 2074 5271 abun-

425 5304 586 5360 dant.

499 5395 588 5457 Vl,
632 5394 740 5448 3-7.
776 5415 802 5441 ‹‹
836 5392 1289 5463 Circumspicite
1322 5408 1478 5465 ergo,
1543 5393 1774 5461 fratres,
1825 5392 1979 5448 viros
2008 5409 2079 5448 ex

423 5508 451 5534 (ι
488 5484 650 5538 vobis
683 5483 1026 5537 testimonio
1089 5479 1509 5551 comprobatos
1569 5489 1816 5553 septem,
1869 5482 2079 5554 plenos

432 5595 450 5618 σ
488 5573 708 5644 Spiritu
742 5577 944 5626 sancto
977 5576 1036 5624 et
1067 5569 1382 5640 sapientia,
1445 5586 1599 5640 quos
1648 5571 2079 5626 constituamus

429 5683 452 5711 ιι
491 5677 671 5731 super
695 5659 806 5712 hoc
837 5657 1094 5727 negotio.
1133 5658 1246 5711 Nos
1278 5672 1413 5710 vero
1475 5657 1728 5713 orationi
1785 5663 1840 5712 et
1888 5659 2082 5714 admi-

423 5769 453 5800 «
489 5746 824 5800 nislrationi
877 5745 1172 5799 sermonis
1232 5745 1674 5802 incumbemus.
1735 5747 2081 5822 Placuitque

2180 4859 2243 4914 τὸ
2270 4856 2535 4931 δημόσιον
2567 4856 2825 4914 καλοῦσιν
2871 4857 3142 4930 Ἓλληνες
3169 4867 3413 4934 ταμεῖον,
3472 4864 3711 4938 παρόσον
3753 4864 3836 4928 εἰς

2181 4947 2312 5002 αὐτὸ
2370 4953 2472 5009 πᾶς
2538 4968 2622 5008 τις
2672 4949 3146 5024 κατεσπευσμένως
3203 4947 3361 5006 ἵεταιι
3414 4951 3736 5033 προσφέρειν
3773 4951 3838 5010 ,ἅ

2185 5035 2494 5116 φιλοτίμως
2527 5035 2676 5109 αὐτῷ
2715 5035 3015 5112 εὐπόρηται
3045 5041 3181 5114 πρὸς
3213 5038 3483 5117 χορηγίαν
3514 5043 3720 5112 κοινήν.

2262 5419 2290 5448 ιι
2323 5395 2743 5471 Ἐπισκὲψασθε
2803 5400 2921 5466 οῦν,
2977 5393 3230 5471 ἀδελφοὶ,
3289 5398 3478 5477 ἄνδρες
3557 5401 3608 5474 ἐξ
3678 5403 3843 5478 ὑμῶν

2190 5509 2218 5534 ‹‹
2253 5484 2732 5560 μαρτυρουμένους
2789 5486 2942 5554 ἑπτα,
2995 5484 3228 5562 πλήρεις
3298 5489 3616 5564 Ιινεύματος
3675 5491 3854 5568 ἁγίου

2194 5597 2221 5628 α
2251 5573 2340 5629 καὶ
2368 5574 2576 5652 σοφίας,
2617 5575 2713 5637 οὓς
2747 5576 3160 5649 καταστήσομεν
3194 5576 3282 5633 ἐπὶ
3313 5585 3414 5648 τῆς
3464 5581 3652 5655 χρείας
3701 5584 3854 5638 ταύ-

2194 5687 2221 5715 ‹‹
2253 5685 2371 5734 της.
2405 5665 2596 5740 Ἡμεῖς
2627 5660 2684 5718 δὲ
2727 5666 2794 5738 τῇ
2853 5664 3138 5742 προσευχῇ
3195 5667 3285 5722 καὶ
3341 5672 3412 5744 τῇ
3463 5665 3711 5744 διακονίᾳ
3737 5677 3858 5733 τοῦ

2197 5778 2225 5806 ‹‹
2256 5751 2424 5828 λόγου
2481 5754 3054 5832 προσκαρτερήσομεν.
3133 5757 3274 5813 παῖ’
3315 5753 3507 5834 ἤρεσεν
3573 5760 3602 5817 ὁ
3661 5760 3859 5841 λόγος
