4136 6200
407 386 526 452 137

1527 385 1952 451 ECUMENII
1999 389 2302 452 TRICCE
2345 392 2700 454 EPISCOPI

3709 391 3823 452 128

411 521 952 596 philoSOphandum
976 520 1189 576 idonea
1207 524 1351 589 erat,
1385 538 1600 594 nempe
1618 523 2053 581 Libertinorum

2186 524 2389 596 r156ew,
2449 521 2783 599 Λιϐερτίνων
2855 527 2943 582 καὶ
3001 523 3411 601 Ἀλεξανδρέων,
3469 522 3559 580 καὶ
3617 525 3821 598 Κυρηοθ

414 619 472 667 et
501 610 1059 672 Alexandrinorum,
1094 616 1151 666 et
1181 613 1694 683 Cyrenensium,et
1714 614 2060 679 Cilicum,et

414 701 787 756 Asianorum.
823 702 891 755 Et
921 701 1425 773 quemadmodum
1449 720 1556 775 per
1575 721 1753 760 unam
1790 704 2062 760 multitu-

413 791 610 845 dinem
637 795 726 844 est
746 789 1093 861 disputatio,
1127 790 1207 845 ita
1234 797 1292 846 et
1315 809 1418 864 per
1447 793 1596 848 alios
1631 799 1720 848 est
1739 795 2059 863 accusatio,

413 885 472 932 et
499 878 689 933 forma
712 879 880 934 dolos
913 881 1239 935 texentium
1273 898 1340 937 ac
1362 882 1826 954 deploratorum.
1853 885 2058 939 Prohi~

412 967 520 1022 biti
563 967 722 1022 enim
750 984 783 1022 a
816 969 1154 1035 Gamaliele,
1190 975 1254 1024 ut
1302 971 1453 1025 nihil
1509 978 1715 1027 contra
1761 973 2063 1044 apostolos

413 1060 735 1121 tentarent,
769 1057 888 1112 imo
921 1059 1072 1112 nihil
1106 1059 1391 1117 habentes
1423 1062 1706 1117 adversus
1736 1062 1873 1117 illos
1899 1079 2066 1118 accu-

416 1145 687 1213 sationis,
724 1147 1087 1219 Stephanum
1121 1149 1193 1204 de
1225 1152 1618 1222 prmsentibus
1638 1153 1816 1208 rebus
1837 1147 2061 1209 'calum-

415 1235 582 1290 niose
606 1235 1052 1308 aggrediuntur,
1087 1255 1120 1294 a
1151 1240 1268 1294 veri
1302 1240 1688 1312 inquisitione
1719 1241 2064 1297 aberrantes

418 1325 628 1397 nugaci
652 1326 1030 1398 loquacitate.
1048 1328 1376 1385 Libertinos
1402 1337 1597 1386 autem
1626 1331 1771 1386 dicit
1795 1332 2064 1388 fortassis

413 1415 606 1470 vocari
642 1418 958 1476 Romanos.
1012 1416 1170 1488 quod
1227 1435 1261 1472 a
1308 1419 1463 1474 Livia
1510 1422 1755 1492 Augusti
1815 1422 2065 1494 conjuge

419 1505 646 1575 seipsos
683 1505 947 1559 celebres
978 1505 1383 1562 reddiderint:
1419 1525 1485 1564 eo
1536 1509 1695 1580 quod
1745 1516 1803 1566 et
1847 1511 2067 1567 mulier

417 1592 778 1664 percelebris
811 1599 985 1662 esset,
1021 1599 1080 1649 et
1109 1595 1181 1650 ab
1239 1599 1522 1666 Augusto,
1572 1599 1804 1655 virtutis
1857 1603 2064 1674 gratia,

417 1681 632 1736 eximie
664 1680 1045 1738 adamaretur
1073 1701 1086 1738 :
1121 1685 1214 1740 cui
1248 1703 1389 1742 sane
1423 1687 1548 1759 ipsa
1579 1707 1815 1760 quoque
1863 1690 1924 1745 id
1970 1709 2064 1745 re-

423 1770 650 1842 pendit,
686 1777 750 1825 ut
780 1772 853 1826 ad
871 1774 1112 1845 Augusti
1148 1776 1487 1848 sepulcrum
1540 1778 1814 1834 toleranti
1869 1781 2066 1837 animo

419 1863 907 1932 perseveraverit.
940 1863 1060 1918 Alio
1091 1865 1248 1920 modo
1278 1882 1290 1919 :
1328 1865 1762 1924 Libertinorum
1803 1875 1862 1924 et
1890 1870 2064 1942 Cyre-

421 1949 720 2012 nensium,
783 1951 881 2022 qui
943 1958 1114 2007 erant
1166 1971 1199 2009 a
1259 1954 1512 2021 civitate,
1568 1974 1698 2028 quas
1758 1964 1847 2013 est
1906 1964 2068 2016 trans

430 2038 897 2096 Alexandriam:
931 2059 1145 2116 nempe
1178 2045 1335 2100 circa
1387 2047 1749 2119 sophisticen
1797 2049 1950 2104 vires
2007 2067 2074 2106 ac

430 2126 680 2202 gloriam
702 2131 858 2201 apud
885 2132 1162 2188 Hebrmos
1200 2135 1578 2192 habentium:
1618 2155 1867 2209 quorum
1900 2140 2074 2195 varias

431 2221 916 2292 congregationes
939 2223 1364 2296 Hierosolymis
1387 2232 1575 2294 erant,
1611 2229 2074 2286 inhabitantium

430 2323 592 2362 more
626 2310 908 2383 gentium.
947 2311 1083 2366 Ideo
1117 2331 1354 2386 quoque
1389 2333 1714 2392 synagogas
1754 2318 2072 2391 habebant,

431 2415 644 2470 nempe
671 2399 801 2454 loca
819 2408 1090 2472 separata
1111 2403 1183 2458 ad
1215 2404 1533 2462 lectionem
1565 2407 1762 2480 legum
1793 2410 2076 2466 Mosaica-

428 2505 582 2544 rum.
617 2489 780 2544 Multi
809 2490 1105 2562 siquidem
1129 2510 1356 2560 eorum,
1379 2497 1479 2567 qui
1507 2497 1872 2554 adorationis
1889 2500 2077 2568 gratia

429 2579 756 2635 Jerusalem
778 2581 1157 2649 accedebant,
1195 2586 1451 2641 maxime
1469 2587 1626 2643 circa
1644 2589 1886 2658 Pascha,
1915 2591 2075 2662 quod

431 2685 551 2724 non
586 2669 803 2725 licebat
831 2675 996 2726 extra
1023 2673 1348 2729 Jerusalem
1383 2675 1703 2744 celebrare,
1740 2679 1800 2734 in
1837 2696 1906 2736 ea
1933 2696 2072 2753 age-

428 2757 592 2813 bant.
627 2760 706 2814 Ne
736 2759 893 2815 enim
927 2761 1209 2817 continue
1241 2771 1593 2837 cogerentur
1622 2784 1655 2822 a
1679 2767 1888 2839 patriis
1927 2768 2073 2825 locis

429 2864 673 2920 peregre
704 2864 875 2920 agere
906 2849 1343 2922 frequentando
1367 2854 1717 2924 Jerusalem,
1740 2857 1962 2914 ibidem
1980 2876 2074 2914 re-

431 2936 722 2993 sidebant.
761 2939 1093 2995 Libertinos
1124 2947 1323 2998 autem
1355 2945 1757 3016 appellabant,
1785 2948 1939 3019 quia
1959 2950 2073 3004 Ro-

428 3027 624 3083 manis
657 3029 1005 3085 manumissi
1030 3036 1218 3086 erant.
1246 3032 1542 3106 Stephano
1561 3035 1741 3108 igitur
1764 3037 2074 3112 indignum

431 3117 685 3175 ducente
701 3136 836 3175 cum
860 3121 945 3176 eis
972 3127 1254 3195 tanquam
1288 3125 1463 3182 corde
1496 3129 1802 3186 excaecatis
1831 3148 2076 3190 conver-

432 3207 572 3272 sari,
601 3208 736 3279 ipsi,
770 3225 890 3265 suae
920 3212 1162 3268 vanitati
1197 3214 1470 3283 fidentes,
1529 3217 1603 3272 ad
1651 3217 2073 3291 disputandum

2165 612 2352 685 ναίων,
2380 616 2471 669 καὶ
2532 613 2797 683 Κιλίκων,
2853 615 2943 671 καὶ
3003 617 3285 673 Ἀσιανῶν.
3346 615 3448 672 Καὶ
3507 613 3688 688 ὥσπερ
3749 610 3806 667 δι

2166 702 2350 779 ἑτέρου
2379 701 2630 774 πλήθους
2659 707 2694 774 ἡ
2729 706 3042 775 συζήτησις,
3085 704 3230 760 οὕτω
3291 703 3379 759 καὶ
3439 701 3510 758 δι’
3553 703 3751 777 έτέρων
3782 704 3817 772 ἡ

2165 793 2491 869 κατηγορία,
2523 794 2704 848 καὶτὸ
2750 797 2942 869 σχῆμα
2999 791 3359 850 δολοπλόκων
3417 793 3510 848 καὶ
3569 792 3819 870 ἀπεγνω-

2168 881 2394 955 σμένων.
2431 882 2734 947 Κωλθέντες
2780 883 2882 960 γὰρ
2943 884 3047 940 ὑπὸ
3105 881 3398 956 Γαμαλιήλ
3461 880 3629 956 μηδὲν
3679 882 3814 936 κατὰ

2166 976 2274 1026 τῶν
2302 971 2626 1028 ἀποστόλων
2673 971 2991 1049 ἐπιχειρεῖν,
3051 972 3139 1028 καὶ
3203 969 3372 1045 μηδὲν
3432 970 3651 1051 ἔχοντες
3706 992 3807 1026 κατ

2170 1055 2386 1111 ἐκείνων
2465 1055 2737 1132 ἐγκαλεῖν,
2823 1059 3079 1138 Στεφάνῳ
3146 1057 3213 1114 τὰ
3257 1062 3348 1112 νῦν
3409 1060 3814 1135 συκοφαντικῶς

2170 1143 2515 1214 ἐπιτίθενται,
2548 1146 2950 1223 ἀστοχήσαντες
2997 1155 3100 1218 τῆς
3149 1144 3240 1202 διὰ
3293 1153 3400 1202 τῶν
3453 1144 3820 1223 Αογολεσχῶν

2172 1240 2536 1310 συζυτήσεως.
2569 1235 2923 1313 Λιϐερτίνους
2983 1239 3041 1296 δὲ
3096 1239 3224 1302 τοὺς
3282 1240 3586 1312 Ῥωμαίους
3638 1236 3823 1294 καλεῖ-

2173 1339 2292 1392 σθαι
2321 1329 2465 1404 τάχα
2497 1329 2683 1403 φησὲν,
2715 1329 2821 1386 ἀπὸ
2878 1326 3075 1394 Λιϐίας
3102 1336 3202 1400 τῆς
3256 1327 3574 1406 Αὐγούστου
3631 1349 3821 1406 γυναι-

2170 1416 2265 1478 κὸς
2315 1415 2738 1497 ἐπιφημίσαντες
2790 1417 3013 1483 ἑαυτοὺς
3069 1419 3257 1484 καθότι
3303 1417 3392 1473 καὶ
3450 1418 3751 1494 περιφανὴς
3784 1418 3820 1485 ἡ

2169 1508 2328 1581 γυνὴ,
2363 1507 2454 1562 καὶ
2512 1505 2580 1563 δι’
2635 1508 2827 1582 ἀρετὴν
2888 1508 3224 1587 στεργομένη
3284 1505 3642 1587 διαφερόντως
3709 1506 3815 1561 ὑπὸ

2174 1595 2508 1671 Αὐγούστου.
2641 1595 2708 1668 δὴ
2741 1598 2831 1652 καὶ
2863 1597 2998 1667 αὐτή
3045 1596 3120 1659 εἷς
3161 1596 3503 1671 ἀντάμειψιν,
3534 1600 3612 1667 τῷ
3667 1595 3823 1675 τάφῳ

2174 1685 2270 1740 τοῦ
2358 1685 2673 1762 Αὐγούστου
2732 1691 3212 1762 προσκαρτεροῦσα
3271 1684 3535 1755 διέζησεν.
3572 1718 3637 1728 -
3690 1684 3824 1742 Ἀλ-

2175 1773 2307 1837 λωςο
2342 1769 2670 1850 Λιϐερτίνων
2695 1777 2781 1832 καὶ
2819 1775 3139 1852 Κυρηναίων
3199 1781 3305 1832 τῶν
3364 1775 3611 1831 ἐπέκεινα
3659 1773 3821 1831 Ἀλε-

2174 1862 2470 1940 ξανδρείας,
2497 1867 2590 1920 ἅτε
2613 1866 2738 1941 περὶ
2796 1867 3114 1947 σοφιστικὴν
3171 1866 3234 1920 τὸ
3285 1865 3486 1940 κράτος
3543 1863 3820 1940 ἀποφερο-

2187 1950 2359 2026 μένων
2388 1949 2838 2030 παρ”Εϐραίοις.
2902 1958 2994 2010 Ὦν
3053 1954 3144 2010 καὶ
3199 1952 3453 2028 διάφοροι
3510 1952 3821 2028 συναγωγαὶ

2182 2040 2233 2098 ἐν
2281 2043 2645 2118 Ἰερουσαλὴμ
2699 2045 2838 2100 κατὰ
2891 2042 3017 2116 ἔθνη
3079 2041 3527 2116 ἐναυλιζομένων.
3584 2041 3677 2098 Διὸ
3729 2040 3824 2096 καὶ

2184 2133 2490 2208 συναγωγάς
2519 2135 2672 2208 εἶχον
2729 2129 2931 2195 τόπους
2981 2131 3388 2212 ἀφωρισμένοςς
3444 2130 3527 2186 ἐπ’
3584 2131 3826 2204 ἀναγνώ-

2184 2223 2390 2274 σειτῶν
2424 2220 2669 2284 Μωσέως
2693 2219 2898 2294 νόμων.
2934 2219 3144 2276 Πολλοὶ
3178 2221 3281 2298 γὰρ
3319 2224 3428 2275 τῶν
3487 2216 3828 2292 ἐπιδημούν-

2181 2330 2289 2364 των
2316 2312 2730 2384 προσκυνήσεως
2763 2311 2924 2386 χάριν
2984 2309 3061 2372 εἷς
3117 2307 3501 2384 Ἰερουσαλὴμ,
3565 2307 3830 2381 μάλιστα·

2181 2404 2316 2456 κατὰ
2343 2401 2406 2456 τὸ
2439 2403 2647 2477 Πάσχα,
2683 2403 2712 2457 6'
2755 2401 2855 2457 οὐκ
2909 2399 3029 2474 ἐξῆν
3085 2394 3186 2470 ἔξω
3228 2396 3405 2454 τελεῖν
3464 2405 3565 2468 τῆς
3621 2399 3824 2473 Ἰερου-

2183 2487 2393 2563 σαλήμ,
2427 2486 2794 2566 συνδιέτριϐον
2824 2489 2875 2546 έν
2926 2488 3082 2563 αὐτῇ.
3138 2494 3227 2550 Ὠς
3283 2487 3344 2542 ἂν
3399 2487 3492 2542 οὗν
3549 2488 3625 2560 μὴ
3689 2507 3825 2542 συν-

2183 2585 2331 2659 εχῶς
2362 2580 2763 2659 ἀναγκάζωνται
2822 2581 2928 2636 ἀπὸ
2985 2583 3256 2658 πατρίνων
3316 2580 3650 2655 ἀποδημεῖν,
3712 2602 3832 2656 φοι-

2179 2674 2379 2731 τῶντες
2405 2669 2481 2733 εἷς
2533 2668 2898 2746 Ἰερουσαλὴμ.
2953 2668 3327 2746 προσήδρευον
3388 2671 3518 2728 ἐκεῖ.
3579 2666 3828 2746 Λιϐερτίο

2181 2780 2305 2821 νους
2327 2756 2384 2814 δὲ
2409 2758 2538 2822 τοὺς
2591 2758 2883 2833 Ῥωμαίων
2940 2759 3332 2836 ἀπελευθέρους
3387 2759 3637 2816 ἐκάλουν.
3697 2767 3829 2817 Στε-

2183 2850 2352 2926 φάνου
2380 2849 2558 2905 τοίνυν
2601 2849 2955 2920 ἀπαξιοῦντος
3010 2849 3196 2914 αὐτοῖς
3257 2851 3349 2906 ἅτε
3397 2851 3832 2926 πεπωρωμένοις

2180 2943 2250 3015 τῇ
2280 2936 2477 3015 καρδίᾳ
2517 2937 2898 3016 προσομιλεῖν,
2931 2939 3082 2995 αὐτοὶ
3113 2944 3183 3015 τῇ
3239 2940 3442 2996 ἑαυτῶν
3501 2938 3827 3013 ματαιότητι

2182 3027 2528 3106 θαρροῦντες,
2612 3028 2701 3084 έπὶ
2758 3029 2819 3084 τὸ
2907 3035 3155 3102 συςητεῖν
3231 3029 3381 3104 αὐτῷ
3446 3028 3830 3107 προεφέροντο.

2183 3121 2331 3196 Πρὸς
2363 3119 2525 3175 αὑτὸν
2559 3116 2615 3175 δὲ
2647 3119 2832 3192 μόνον,
2865 3118 2927 3174 οὔ
2956 3119 3094 3194 πρὸς
3125 3116 3324 3191 ἕτερον,
3372 3119 3436 3175 τὸ
3497 3119 3615 3192 μὶν,
3648 3119 3833 3196 φθόνῳ

2185 3215 2294 3266 τῶν
2356 3209 2445 3264 ὑπ’
2494 3209 2657 3265 αὐτοῦ
2713 3208 3060 3283 τελουμένων
3111 3208 3373 3282 σημείων,
3431 3208 3506 3270 ὡς
3563 3206 3622 3262 ἂν
3669 3205 3834 3262 εἴπω-

433 3312 567 3352 cum
591 3313 658 3352 eo
681 3303 1328 3369 processerunt.Solum
1351 3310 1547 3360 autem
1570 3306 1642 3361 ad
1662 3323 1820 3376 eum,
1853 3329 1973 3367 non
2003 3315 2075 3369 ad

2189 3299 2264 3363 είς
2324 3299 2554 3376 ἀπορίαν
2643 3298 2801 3354 αὐτὸν
2882 3299 3308 3373 παραστήσιῐαν,
3367 3296 3638 3372 αἰσχύνην
3691 3295 3838 3368 αὐτῷ

433 3387 618 3443 alium
644 3405 656 3442 :
687 3393 811 3443 tum
834 3389 1073 3459 quidem
1094 3392 1316 3448 invidia
1338 3411 1564 3462 eorum,
1599 3414 1730 3468 quas
1753 3399 2080 3458 edebantur

431 3476 504 3532 ab
531 3493 599 3531 eo
625 3477 952 3549 signorum,
976 3484 1042 3533 ut
1063 3481 1112 3534 si
1138 3480 1284 3537 forte
1307 3481 1381 3538 ad
1404 3484 1801 3542 hassitantiam
1835 3506 1902 3545 ac
1932 3507 2075 3546 con-

434 3563 552 3618 silii
584 3565 846 3636 inopiam
879 3583 1013 3622 eum
1037 3568 1364 3642 adigerent,
1389 3572 1614 3642 pudore
1642 3576 2074 3642 suffunderem,

432 3659 719 3724 tanquam
751 3654 1105 3726 insipienter
1132 3675 1194 3713 se
1226 3659 1544 3716 habentem
1585 3662 1647 3716 in
1679 3663 1772 3719 his
1803 3683 1934 3736 qua:
1964 3667 2076 3722 sibi

437 3742 707 3816 delegata
738 3752 974 3812 essent;
1009 3751 1132 3800 tum
1166 3749 1343 3804 etiam
1376 3757 1441 3804 ut
1469 3750 1852 3810 distractione
1875 3755 2074 3828 dispu-

438 3834 680 3888 tationis
708 3849 845 3906 erga
906 3835 1087 3906 ipsos,
1139 3853 1316 3893 causa
1356 3839 1442 3894 illi
1487 3849 1688 3897 essent
1739 3849 1865 3899 uta
1895 3845 2080 3919 signis

439 3929 691 3978 vacaret.
725 3925 869 3979 Cum
898 3923 1096 3995 itaque
1129 3926 1218 3982 his
1265 3928 1338 3983 de
1387 3931 1581 3985 causis
1630 3931 1717 3986 illi
1766 3933 2079 4004 instarent,

439 4011 686 4080 insuper
703 4010 960 4082 maligno
984 4029 1218 4086 quoque
1241 4017 1442 4073 animo
1463 4019 1536 4074 ad
1554 4020 1857 4092 quippiam
1873 4022 2080 4079 adver-

443 4115 542 4153 sus
575 4099 761 4172 legem
798 4102 1115 4159 dicendum
1138 4107 1537 4178 impellerent,
1569 4110 1643 4164 ad
1701 4112 1858 4183 quod
1904 4114 2081 4170 etiam

439 4205 616 4245 omne
639 4191 901 4247 studium
924 4192 1161 4250 illorum
1186 4196 1496 4254 tendebat:
1519 4199 1620 4257 58
1644 4201 1769 4272 ipse
1791 4203 2082 4260 malitiam

443 4296 648 4335 eorum
670 4297 1001 4353 aggressus,
1037 4285 1205 4341 initio
1232 4287 1374 4343 facit
1394 4289 1526 4358 hoc,
1555 4296 1620 4344 ut
1651 4293 1863 4347 acriori
1894 4299 2085 4350 certa-

442 4369 604 4425 mine
635 4371 792 4442 quod
824 4372 944 4427 illis
975 4377 1341 4448 prmcipuum
1403 4385 1529 4435 erat
1576 4382 1966 4454 aggrediatur,
2019 4401 2086 4440 ac

444 4457 622 4514 divini
655 4459 755 4531 qui
789 4460 849 4514 in
882 4477 949 4516 eo
980 4468 1109 4517 erat
1138 4464 1390 4534 Spiritus
1423 4473 1480 4521 et
1527 4469 1833 4540 sapientia)
1875 4471 2086 4526 virtute

445 4563 511 4600 os
541 4549 687 4619 ipsis
713 4550 1000 4607 obstruat.
1037 4553 1260 4608 Deinde
1294 4556 1468 4610 etiam
1500 4558 1572 4612 ad
1595 4575 1663 4613 ea
1686 4576 1816 4630 quas
1857 4560 1952 4615 isti
1985 4559 2085 4616 de-

2185 3388 2620 3465 προσπορίσωσι,
2677 3391 2784 3443 τῶν
2844 3382 3290 3463 πρεσϐευομένων
3345 3387 3566 3459 ἀμαθῶς
3627 3383 3838 3461 ἔχοντι·

2181 3479 2244 3534 τὸ
2276 3475 2354 3546 δὲ,
2385 3477 2475 3532 καὶ
2508 3477 2582 3540 ὡς
2610 3481 2688 3548 τῷ
2725 3474 3088 3552 περισπασμῷ
3141 3482 3242 3546 τῆς
3300 3475 3438 3551 πρὸς
3488 3472 3684 3536 αὐτοὺς
3741 3495 3840 3528 συ-

2184 3569 2483 3637 ζητήσεως,
2529 3563 2742 3640 σχολήν
2772 3565 2919 3638 αὐτῷ
2972 3569 3080 3620 τῶν
3142 3565 3384 3638 σημείων
3442 3570 3842 3639 περιποιοῖντο.

2183 3656 2281 3710 Διά
2308 3657 2474 3708 ταῦτα
2505 3652 2595 3708 οὗν
2657 3653 3014 3727 ἐπικειμένων
3047 3651 3224 3710 αὒτῶν
3285 3653 3376 3710 καὶ
3431 3654 3570 3729 πρὸς
3626 3652 3845 3714 τούτοις

2184 3744 2350 3799 εἰπεῖν
2382 3763 2436 3796 τι
2489 3740 2793 3818 ἐπαγόντων
2852 3741 3247 3822 φιλοπονήρως
3303 3742 3440 3799 κατᾶ
3495 3746 3590 3798 τοῦ
3645 3741 3841 3813 νόμου,

2185 3834 2254 3891 δι’
2286 3836 2315 3890 ’ὀ
2347 3834 2437 3890 καὶ
2467 3836 2502 3904 ἡ
2536 3840 2679 3889 πᾶσα
2710 3831 2942 3902 σπουδὴ,
3003 3833 3164 3896 αὐτὸς
3223 3834 3428 3910 φθάσας
3481 3835 3542 3889 τὸ
3598 3830 3827 3914 φιλοπόο

2184 3945 2351 3998 νηρον
2410 3924 2609 3992 αὐνῶν,
2639 3927 2804 3980 τοῦτο
2853 3928 3004 3979 ποιεῖ
3055 3926 3173 3980 κατ’
3230 3924 3406 4000 ἀρχὰς
3457 3923 3833 4001 ἀγωνιστικῶ-

2186 4038 2340 4092 τερον
2377 4014 2561 4075 αὐτοῖς
2591 4014 2772 4090 ἀρχὴν
2800 4005 3141 4092 ἐφορμήσας,
3179 4015 3268 4070 καὶ
3326 4019 3396 4088 τῇ
3457 4011 3683 4087 δυνάμει
3736 4017 3836 4068 τοῦ

2185 4105 2239 4164 έν
2289 4106 2438 4178 αὐτῷ
2498 4105 2645 4160 θείου
2705 4104 3016 4178 Ιινεόματος
3073 4104 3160 4159 καί
3220 4103 3412 4181 σοφίας
3472 4103 3551 4168 εἴς
3608 4101 3838 4184 ἀφασίαν

2187 4195 2383 4258 αὐτοὺς
2415 4193 2729 4256 συνελάσας’
2767 4195 2888 4250 εἶτα
2944 4192 3035 4249 καὶ
3092 4194 3229 4267 πρὸς
3262 4193 3297 4248 ἃ
3349 4188 3652 4249 έϐουλοντο
3684 4193 3840 4248 οὗτοι

2189 4282 2744 4360 αἰνιγματωδέστερον
2796 4277 3119 4356 συμϐαλῶν,
3172 4282 3255 4346 ὼς·
3304 4279 3429 4338 οὐδὲ
3483 4282 3620 4358 πρὸς
3677 4285 3838 4338 τοῦτο

2192 4379 2419 4436 συνετῶς
2452 4367 2622 4449 ἔχειν.
2657 4373 2753 4427 Διά
2777 4393 2864 4427 τοι
2919 4375 3082 4427 τοῦτο
3133 4371 3222 4426 καὶ
3278 4370 3720 4448 λῃστρικώτερον
3775 4370 3839 4428 τὸ

2190 4466 2298 4521 ἀπὸ
2342 4460 2502 4519 τοῦδε
2559 4460 2806 4538 ὶχώρουν
2864 4457 2997 4531 ἤδη.
3058 4459 3160 4517 Καὶ
3211 4461 3372 4524 αὐτὸς
3413 4461 3477 4518 τὸ
3519 4460 3627 4516 ἀπὸ
3682 4456 3844 4516 τοῦδε

2194 4554 2507 4629 γυμνότατα
2591 4551 2652 4607 τὸ
2736 4547 2807 4606 δι’
2886 4549 3172 4623 ἐπιθυμίας
3228 4549 3416 4614 αὐτοῖς
3463 4550 3713 4609 ἐπετίθει.
3774 4548 3843 4607 Τί

443 4639 785 4707 cernebant,
820 4641 1131 4698 obscurius
1158 4661 1337 4715 quam
1369 4651 1435 4701 ut
1465 4649 1696 4718 possint
1735 4649 2075 4723 intelligere.

2199 4648 2399 4710 10610;
2430 4642 2530 4711 τήν
2586 4644 2682 4696 τοὺ⁹
2737 4639 2912 4713 νόμου
2964 4641 3318 4698 κατάπαυσιν.
3376 4642 3476 4698 Ἦν
3534 4640 3634 4696 οὐκ
3688 4637 3844 4715 ἔλεγε

445 4726 796 4812 quaedamin
821 4732 1083 4788 medium
1108 4735 1295 4790 affert.
1322 4738 1569 4808 Propter
1584 4738 1738 4809 quod
1764 4743 1822 4793 et
1842 4739 2089 4812 ipsijam

445 4809 724 4885 deinceps
748 4816 903 4873 clam
928 4821 1350 4890 procedebant,
1382 4830 1440 4879 et
1460 4825 1586 4897 ipse
1609 4831 1814 4897 postea
1837 4809 2091 4898 apertis-

450 4898 617 4966 sime,
648 4905 807 4973 quod
841 4908 900 4961 in
933 4911 1131 4967 animo
1172 4920 1300 4970 erat
1343 4915 1426 4970 eis
1468 4915 1856 4987 proponebat.
1911 4915 2088 4982 Quid-

449 5007 589 5046 nam
608 4991 635 5047 ?
655 4995 820 5050 Certe
840 4997 984 5070 legis
1005 5004 1419 5072 cessationem,
1441 5021 1620 5077 quam
1644 5021 1765 5061 non
1797 5006 2089 5077 exprime-

2202 4734 2317 4806 μὲν,
2345 4731 2588 4807 ᾐνίττετο
2616 4727 2692 4784 δέ.
2727 4730 2879 4784 Ἐπεὶ
2941 4729 2986 4784 εἰ
3051 4733 3294 4808 φανερῶς
3351 4727 3560 4807 ἔλεγεν,
3621 4730 3724 4786 οὐκ
3779 4728 3838 4783 ἃν

2198 4819 2410 4879 ἐδέοντο
2483 4825 2590 4875 τῶν
2653 4815 3134 4893 ψευδομάρτόρων.
3200 4824 3365 4893 Ὅπερ
3422 4819 3571 4893 αὗτῷ
3629 4819 3723 4894 μὲν
3779 4819 3842 4874 16

2198 4911 2532 4984 ποθούμενον
2555 4907 2734 4976 τέλος,
2766 4908 2994 4969 ἐκείνοις
3041 4905 3099 4963 δὲ
3154 4911 3246 4964 τὸν
3275 4904 3502 4984 ὄλεθρον
3558 4907 3846 4982 έθησαύριυ

2203 5024 2310 5060 σιν.

450 5083 572 5149 bat,
605 5083 708 5140 sed
742 5087 1046 5144 innuebat.
1083 5094 1224 5147 Nam
1258 5095 1304 5149 si
1338 5095 1397 5150 id
1430 5094 1744 5151 manifeste
1772 5095 2184 5167 expressisset,
2215 5093 2380 5151 falsis
2412 5108 2532 5149 non
2561 5090 2773 5147 fuisset
2801 5089 2887 5146 eis
2919 5105 3068 5163 opus
3096 5089 3367 5157 testibus,
3400 5090 3558 5164 quod
3578 5090 3692 5163 ipsi
3718 5089 3848 5162 qui-

451 5175 587 5230 dem
619 5177 758 5231 finis
790 5184 1026 5248 optatus
1058 5181 1190 5249 fuit,
1222 5183 1342 5240 illis
1374 5203 1507 5242 vero
1540 5187 1936 5260 perditionem
1968 5186 2215 5258 paravit.

526 5287 553 5315 ‹‹
572 5267 641 5320 Ει
669 5267 1047 5341 insurgentes
1077 5273 1496 5345 corripuerunt
1526 5276 2096 5346 eum,adduxerunt-

454 5380 480 5405 ·;‹
511 5374 626 5428 que
665 5360 726 5414 in
755 5363 1096 5420 concilium.
1133 5386 1160 5414 ››

524 5452 790 5507 Furtivos
821 5453 1044 5524 ubique
1077 5455 1352 5510 nituntur
1398 5472 1710 5528 aggressus
1739 5474 1752 5512 :
1800 5457 2098 5512 Christum

451 5541 1027 5612 comprehendentes
1076 5563 1179 5618 per
1236 5545 1389 5600 viros
1439 5545 1789 5612 homicidas,
1848 5547 2099 5619 gladios,

451 5633 644 5688 noctis
675 5633 1019 5706 lampadum
1041 5635 1358 5707 facumque
1388 5634 1630 5703 auxilio,
1681 5634 1959 5695 ferentes.
1995 5635 2102 5693 Pe-

451 5730 610 5780 trum
643 5723 1024 5797 reliquosque
1053 5725 1355 5800 apostolos
1386 5743 1422 5784 a
1452 5725 1696 5800 templo,
1719 5741 1879 5784 nunc
1900 5731 2099 5786 autem

2281 5297 2309 5325 «
2341 5271 2444 5330 Kal
2500 5269 2810 5330 ἐπιστάντες
2869 5268 3211 5345 συνήρπασαν
3281 5269 3463 5339 αὐτὸν,
3511 5271 3602 5324 καὶ
3641 5267 3855 5349 ἤγαγον

2207 5388 2236 5416 u
2271 5361 2349 5425 εἷς
2380 5363 2442 5415 16
2471 5357 2769 5436 συνέδριον.
2807 5385 2828 5412 ι

2280 5455 2570 5530 Πανταιγοῦ
2599 5455 2696 5506 τοῦ
2726 5449 3022 5527 λῃστρικοῦ
3049 5447 3292 5528 ἳχονταιο
3318 5450 3550 5525 Χριστὸν
3585 5452 3681 5525 μὶν
3719 5449 3859 5525 μετὰ

2211 5544 2498 5622 φονώντων
2544 5541 2846 5618 ἀνθρώπων
2907 5541 3010 5597 ὑπὸ
3071 5539 3317 5613 λαμπάσι
3370 5541 3460 5596 καὶ
3518 5545 3711 5620 φανοῖς
3766 5538 3864 5596 καὶ

2216 5631 2777 5710 μαχαιροφοροόντων
2811 5625 3309 5704 συλλαμϐάνοντες.
3346 5630 3547 5708 Πέτρον
3606 5630 3699 5686 καὶ
3729 5630 3860 5692 τοὺς

2211 5722 2444 5786 Αοιποίις
2473 5718 2816 5786 ἀποστόλους
2843 5720 2954 5779 ἀπὸ
2981 5724 3079 5778 τοῦ
3133 5719 3306 5797 ἱεροῦ,
3352 5718 3442 5777 καὶ
3472 5725 3561 5780 νῦν
3622 5718 3680 5781 δὶ
3728 5719 3860 5780 Σπέ-
