4134 6196
289 331 396 396 129

1286 328 1692 394 COMMENT.
1743 329 1818 390 IN
1871 328 2069 391 ACTA
2117 327 2726 395 APOSTOLORUM.

3577 346 3693 409 130

286 486 446 546 φανον
483 463 592 521 ἀπὸ
644 467 741 520 τοῦ
771 461 1162 540 διδασκαλικοῦ
1191 460 1363 520 τόπου
1416 461 1508 520 ἐπὶ
1559 463 1622 519 τὸ
1654 458 1927 539 συνέδριον

2057 466 2102 518 at
2131 461 2495 535 Stephanum
2546 465 2963 538 judicandum,
3019 487 3053 526 a
3110 469 3394 530 doctrinae
3450 475 3581 534 loco
3610 477 3688 536 ad

286 555 676 632 κριθησόμενον
711 556 1059 628 ἁρπάζοντες.

357 645 681 715 ιιἝστησάν
765 665 823 699 τε
911 643 1186 718 μάρτυρας
1243 641 1477 718 ψευδεῖς,
1532 639 1812 718 λέγοντας·
1871 642 1933 699 Ὀ

292 758 318 788 ιι
350 732 629 809 ἄνθρωπος
662 735 821 796 οὗτος
855 733 915 788 οὐ
965 732 1192 790 παύεται
1230 733 1451 810 ῥήματα
1482 730 1786 812 βλάσφημα
1836 729 1934 785 λα-

288 849 316 877 ‹‹
348 823 458 879 λῶν
484 823 620 878 κατὰ
648 826 745 877 τοῦ
775 823 946 877 τόπου
993 826 1090 877 τοῦ
1151 821 1306 898 ἁγίου
1361 821 1560 877 τούτου
1589 819 1678 876 καὶ
1709 823 1807 874 τοῦ
1833 840 1934 872 νο-

293 939 312 966 ι
346 935 470 986 μου.
530 912 878 985 Ἀκηκόαμεν
935 912 1036 988 γὰρ
1096 912 1264 967 αὐτοῦ
1321 910 1600 987 λέγοντος,
1635 909 1718 964 ὅτι
1761 909 1788 963 6
1824 911 1929 979 ’Ῐηο

288 1029 314 1054 ι(
346 1005 469 1063 σοῦς
502 1002 530 1055 6
563 1005 881 1075 Ναζωραῖος
941 1001 1096 1063 οὗτος
1155 998 1445 1055 καταλύσει
1487 997 1578 1054 τὸν
1610 995 1776 1054 τόπον
1808 1000 1936 1051 τοῦ-

293 1119 312 1144 ι
344 1113 463 1160 τον,
489 1092 579 1146 καὶ
635 1087 863 1160 ἀλλάξει
919 1091 984 1145 τὰ
1041 1087 1134 1161 ἔθη
1194 1091 1226 1144 ’ὰ
1282 1087 1592 1165 παρέδωκεν
1645 1091 1932 1163 691'va-

290 1189 528 1252 «σῆς»

352 1265 650 1326 ’Υπέῦαλον
709 1266 903 1344 ἄνδρας
967 1268 1250 1346 λέγοντας,
1306 1267 1390 1323 ὅτι
1451 1263 1797 1341 Ἀκηκόαμεν
1837 1266 1936 1322 αὖ·

287 1364 378 1416 τοῦ
435 1359 658 1435 ῥήματα
719 1358 1022 1436 βλάσφημα
1081 1355 1384 1421 λαλοῦντος
1443 1357 1517 1420 εἷς
1577 1364 1813 1427 Μωυσῆς
1845 1357 1935 1412 καὶ

287 1450 375 1506 τὸν
404 1450 558 1505 Θεόν.
594 1474 617 1502 ι
655 1447 785 1504 Τίνα
817 1445 873 1503 δὶ
902 1449 970 1502 τὰ
1000 1447 1259 1524 ῥήματα,
1294 1471 1321 1500 ι(
1351 1454 1470 1505 Ὃτι
1523 1448 1732 1518 Ἰησοῦς
1765 1447 1792 1501 6
1826 1453 1937 1500 Να-

289 1544 519 1614 ζωραῖος
577 1539 735 1600 οὗτος
794 1535 1083 1593 καταλύσει
1141 1538 1234 1594 τὸν
1293 1537 1459 1593 τόπον
1512 1541 1791 1593 τοῦτον.»
1832 1533 1934 1592 Καὶ

291 1630 397 1703 μὴν
457 1627 644 1703 εἷ’ρηκε
700 1632 862 1683 τοῦτο
923 1627 1214 1706 Στέγανος,
1245 1626 1289 1681 εί
1319 1625 1409 1682 καὶ
1467 1628 1544 1700 μὴ
1592 1630 1809 1700 γυμνῶς
1842 1623 1939 1680 οὕ-

283 1741 411 1782 τως.
446 1724 571 1781 Πῶς
605 1715 697 1773 οὖν
734 1713 1134 1791 ὑποϐολιμαῖοι
1192 1717 1344 1772 οὗτοι
1403 1716 1493 1772 καὶ
1553 1713 1936 1791 ψευδομάρτυ-

287 1830 372 1886 ρες
401 1830 415 1879 ;
447 1809 532 1865 ὅτι
562 1808 672 1885 οὐχ
718 1805 901 1882 ὥσπερ
959 1804 1218 1877 ἤκουσαν,
1260 1808 1347 1862 καὶ
1406 1803 1746 1881 έληρώδουν,
1781 1803 1935 1863 Ἀλλ’

2044 553 2369 610 concilium
2390 555 2709 628 rapientes.

2115 644 2203 714 Vl,
2240 646 2325 711 13,
2364 647 2447 698 14.
2487 669 2506 693 α
2541 647 2620 701 Ac
2655 653 2989 704 statuerunt
3016 651 3198 707 falsos
3224 659 3424 722 testes,
3461 659 3560 729 qui
3592 661 3691 716 di-

2048 755 2068 783 c
2105 739 2344 788 cerent:
2381 735 2564 790 Homo
2592 736 2700 791 iste
2734 754 2853 793 non
2885 746 3077 795 cessat
3120 741 3280 813 loqui
3313 746 3490 802 verba
3523 747 3689 804 blas-

2043 846 2072 874 «
2104 824 2322 894 phema
2355 825 2636 880 adversus
2667 825 2863 882 locum
2896 837 3164 886 sanctum
3197 833 3358 889 hunc
3390 841 3447 890 et
3477 837 3688 910 legem.

2046 933 2074 964 ‹‹
2106 913 2458 968 Audivimus
2482 915 2642 970 enim
2675 932 2807 970 eum
2838 915 3154 982 dicentem,
3193 923 3348 990 quod
3379 925 3546 980 Jesus
3580 929 3691 982 Na-

2043 1024 2070 1052 ‹‹
2104 1019 2349 1058 zarenus
2380 1004 2476 1059 hic
2507 1004 2863 1060 demolietur
2909 1006 3104 1062 locum
3144 1008 3323 1079 hunc,
3357 1018 3415 1066 et
3441 1015 3691 1070 mutabit

2044 1114 2071 1141 ‹‹
2105 1092 2378 1149 instituta
2407 1110 2538 1164 quae
2571 1094 2814 1148 tradidit
2844 1094 3013 1150 nobis
3045 1096 3251 1154 Moses.
3288 1123 3314 1148 υ

2116 1269 2531 1326 Submiserunt
2561 1271 2736 1335 viros,
2789 1272 2890 1342 qui
2941 1271 3247 1329 dicerent:
3284 1299 3310 1325 ‹‹
3345 1278 3692 1336 Audivimus

2042 1374 2175 1414 eum
2210 1359 2551 1430 loquentem
2581 1359 2756 1414 verba
2782 1359 3129 1432 blasphema
3159 1363 3439 1422 adversus
3471 1369 3691 1438 Mosen,

2043 1465 2109 1503 ac
2143 1448 2345 1504 Deum.
2374 1473 2400 1499 »
2436 1451 2717 1514 Quasnam
2740 1457 2938 1506 autem
2969 1459 3106 1507 sunt
3128 1470 3196 1509 ea
3226 1455 3401 1511 verba
3424 1457 3452 1513 ?
3474 1481 3500 1507 ‹‹
3526 1459 3692 1524 Quod

2041 1537 2208 1592 Jesus
2241 1538 2571 1593 Nazarenus
2631 1539 2725 1594 hic
2784 1539 3141 1596 demolietur
3197 1543 3395 1599 locum
3447 1546 3626 1604 hunc.
3665 1573 3685 1600 ι

2043 1626 2218 1697 Atqui
2249 1626 2360 1681 hoc
2394 1626 2543 1681 dixit
2568 1627 2919 1699 Stephanus,
2953 1631 3062 1685 etsi
3117 1649 3236 1687 non
3269 1633 3416 1688 adeo
3445 1643 3646 1705 aperte
3679 1654 3692 1690 :

2044 1716 2341 1787 quomodo
2374 1733 2508 1790 ergo
2543 1724 2682 1773 sunt
2711 1718 2768 1772 hi
2805 1721 3165 1791 supposititii
3189 1722 3444 1794 falsique
3472 1725 3698 1780 testes?

2045 1806 2190 1871 Quia
2221 1823 2339 1861 non
2372 1813 2435 1861 ut
2461 1807 2773 1863 audierant
2796 1808 2878 1864 ita
2900 1810 3257 1866 narrabant:
3283 1813 3388 1867 sed
3414 1813 3531 1868 alio
3564 1815 3692 1886 qui-

286 1865 471 1973 έπειδή
534 1865 724 1961 ἄλλως
783 1900 876 1973 μὲν
935 1899 1191 1969 ἤκουσαν,
1272 1896 1460 1960 ἄλλως
1518 1894 1574 1953 δὲ
1629 1902 1720 1952 νῦν
1781 1896 1936 1952 αὐτοὶ

2057 1865 2085 1871 τ
3130 1865 3147 1866 η
3248 1865 3386 1867 ,
3570 1865 3663 1886 γ-

2057 1895 2182 1951 dem
2213 1896 2390 1951 modo
2422 1896 2754 1967 audierant,
2787 1915 2945 1954 nunc
3004 1917 3136 1955 vero
3197 1902 3308 1972 ipsi
3367 1902 3484 1958 alio
3515 1905 3693 1961 modo

285 1991 672 2066 προῦχώρουν,
735 1989 959 2051 εἰκότως
1024 1988 1114 2043 καὶ
1193 1984 1632 2063 ψευδομάρτυρες
1708 1985 1937 2061 ἀναγράο

289 2081 618 2155 φονται.⁹Ως
674 2079 778 2154 γὰρ
833 2078 920 2133 ἐπὶ
978 2081 1210 2153 Χριστοῦ
1262 2077 1324 2132 τὸ
1383 2074 1670 2151 δυνάμενον
1699 2074 1940 2131 καταλῦ-

292 2190 378 2224 σαι
431 2170 524 2224 τὸν
574 2169 722 2237 ναὸν,
781 2164 1223 2242 ψευδομαρτυρία
1274 2165 1359 2239 (οὗ
1401 2165 1502 2243 γὰρ
1532 2166 1766 2241 Χριστὸς
1796 2163 1935 2233 εἶπε,

287 2258 466 2328 Λύσω,
526 2255 696 2324 ἀλλα,
754 2281 775 2309 ι
818 2254 1048 2326 Λύσατε,
1094 2281 1120 2306 ››
1189 2253 1411 2316 ἐκείνοις
1466 2253 1527 2308 τὸ
1585 2250 1768 2322 λῦσαι,
1828 2254 1940 2329 οὐχ

288 2349 463 2421 ἑαυτῷ
514 2345 804 2411 ἀνατιθεὶς,
863 2342 934 2399 δι’
989 2345 1018 2398 ’ὀ
1076 2342 1166 2398 καὶ
1223 2339 1462 2418 ψευδεῖς)
1496 2361 1510 2375 ⁸
1552 2342 1696 2398 οὕτω
1723 2340 1814 2397 καὶ
1845 2344 1934 2396 νῦν

287 2436 521 2513 ψευδεῖς,
580 2437 628 2493 οἷ
687 2442 767 2510 τῷ
820 2436 1129 2511 Ναζωραίῳ
1177 2436 1268 2490 τὸν
1318 2436 1590 2512 Στέφανον
1639 2435 1936 2513 φάσκοντες

283 2528 380 2595 τὴν
410 2525 708 2582 κατάλυσιν
758 2529 853 2581 τοῦ
908 2524 1083 2598 νόμου
1137 2524 1226 2579 καὶ
1281 2528 1376 2578 τοῦ
1405 2522 1577 2579 τόπου
1611 2523 1934 2581 ἀνατιθέναι.

287 2617 382 2674 Καὶ
436 2619 598 2672 τοῦτο
651 2619 825 2672 ποιεῖν
882 2611 1050 2689 ἄνδρα
1103 2617 1420 2689 Ναζωραῖον
1473 2609 1728 2678 δηλονότι
1784 2610 1939 2667 αὐτο-

279 2706 454 2785 χειρὶ,
483 2706 575 2762 καὶ
630 2705 694 2760 οὐ
743 2705 872 2760 Θεὸν
920 2703 1008 2760 καὶ
1055 2701 1144 2760 διὰ
1174 2704 1500 2776 Ῥωμαῖκῶν
1533 2699 1934 2778 στρατοπέδων.

283 2797 364 2854 Τὰ
424 2792 483 2850 δὲ
539 2791 814 2855 Μωυσέως
882 2792 974 2865 ἔθη
1033 2789 1336 2868 προδήλως
1391 2793 1417 2846 ὁ
1469 2791 1631 2854 αὐτὸς
1665 2793 1815 2856 Θεὸς,
1846 2791 1936 2848 καὶ

284 2883 373 2941 διὰ
431 2890 541 2940 τῶν
606 2885 773 2939 αὑτοῦ
834 2887 1096 2958 μαθητῶν
1181 2883 1270 2937 καί
1329 2880 1675 2952 ἀποστόλων,
1730 2880 1817 2937 ἐπὶ
1874 2882 1937 2937 τὸ

284 2980 531 3048 κρεῖττον
561 2971 892 3043 ἠλλοίωσεν.
934 2973 1008 3028 Τὸ
1056 2970 1134 3042 δὲ,
1193 2972 1221 3026 6
1274 2975 1613 3046 Ναζωραῖος,
1648 2969 1940 3027 ὀνειδιστι-

285 3068 417 3125 κῶς.
480 3059 752 3141 Στέφανος
809 3059 867 3116 δὲ
924 3059 1174 3134 οὐδαμοῦ
1231 3062 1553 3137 Ναζωραῖον
1606 3060 1792 3136 ε’ἰρηκε
1846 3061 1937 3116 τὸν

285 3149 545 3225 Χριστὸν,
578 3149 624 3204 εἰ
661 3150 736 3223 μὴ
771 3149 822 3204 οἱ
854 3143 1123 3222 Ἑϐραίων
1176 3145 1460 3222 ἄρχοντες.
1515 3147 1687 3208 Αὐτὸς
1739 3144 1793 3202 δὲ
1850 3167 1938 3202 σε-

2045 1986 2462 2058 proferebant:
2499 1989 2708 2042 merito
2756 1989 2953 2060 itaque
3007 1989 3139 2045 falsi
3171 1995 3352 2047 testes
3385 2011 3514 2049 esse
3545 1995 3694 2050 refe-

2045 2082 2276 2132 runtur.
2305 2077 2812 2143 Quemadmodum
2837 2081 2997 2136 enim
3021 2080 3091 2135 de
3114 2082 3343 2138 Christo
3371 2085 3527 2154 quod
3559 2103 3696 2156 pos-

2047 2172 2135 2221 set
2166 2167 2452 2238 templum
2482 2168 2799 2224 dissolvere
2822 2169 3037 2225 falsum
3059 2170 3170 2225 fuit
3200 2173 3608 2229 testimonium
3626 2175 3692 2243 ⁸⁵,

2044 2260 2261 2327 (neque
2296 2257 2452 2312 enim
2488 2258 2756 2314 Christus
2786 2259 3034 2327 dixerat,
3071 2261 3321 2330 Solvam,
3359 2262 3482 2328 sed,
3509 2288 3535 2315 ‹‹
3570 2264 3696 2320 Sol-

2045 2345 2158 2398 vite
2179 2345 2246 2412 ",
2281 2368 2308 2394 »
2341 2346 2413 2400 ad
2444 2347 2600 2414 illos,
2626 2365 2746 2403 non
2769 2349 2842 2404 ad
2866 2367 2926 2404 se
2952 2349 3218 2406 referens
3243 2351 3695 2424 resolutionem)

2046 2433 2127 2488 ita
2159 2440 2216 2489 et
2248 2453 2403 2491 nunc
2434 2437 2748 2493 mendaces
2796 2444 2934 2494 sunt
2981 2439 3081 2510 qui
3133 2441 3500 2512 Stephanum
3531 2443 3700 2498 aiunt

2045 2522 2192 2596 legis
2213 2542 2277 2580 ac
2298 2525 2410 2580 loci
2435 2526 2880 2582 demolitionem
2905 2530 3198 2585 Nazareno
3223 2531 3545 2587 attribuere
3564 2550 3576 2599 ;
3593 2533 3694 2588 59

2046 2613 2322 2685 quodque
2349 2615 2436 2669 vir
2461 2617 2792 2671 Nazarenus
2825 2617 2946 2672 suis
2995 2618 3271 2675 videlicet
3303 2621 3582 2677 manibus
3613 2621 3700 2676 fa-

2046 2708 2226 2771 ceret,
2259 2709 2462 2759 etnon
2495 2711 2650 2760 Deus
2682 2706 2860 2762 etiam
2905 2725 3011 2779 per
3051 2710 3349 2764 Romanos
3383 2711 3694 2766 exercitus.

2045 2793 2218 2847 Mosis
2244 2810 2379 2849 vero
2409 2794 2682 2851 instituta
2711 2797 3022 2852 manifeste
3056 2799 3206 2854 Deus
3238 2799 3365 2870 ipse
3387 2816 3493 2870 per
3518 2800 3696 2854 disci-

2046 2881 2218 2952 pulos
2272 2900 2409 2938 suos
2470 2891 2527 2939 et
2585 2885 2884 2956 apostolos
2917 2887 2977 2940 in
3026 2887 3241 2942 melius
3287 2888 3692 2942 commutavit.

2046 2973 2375 3028 Nazarenus
2431 2979 2629 3028 autem
2687 2975 3114 3029 contumeliose
3174 2975 3368 3030 dictus
3409 2981 3514 3030 est.
3550 2979 3693 3030 Nam

2047 3060 2378 3133 Stephanus
2405 3079 2778 3134 nequaquam
2806 3065 3166 3118 Nazarenum
3198 3063 3347 3118 dixit
3375 3065 3703 3134 Christum,

2048 3149 2151 3204 sed
2185 3151 2564 3206 Hebraeorum
2595 3152 2926 3224 principes:
2961 3153 3084 3224 ipse
3113 3153 3517 3208 venerandum
3545 3171 3703 3209 sem-

284 3235 520 3313 ϐάσμιον
559 3239 641 3294 ἀεὶ
692 3239 784 3293 τὸν
837 3237 1066 3314 Χριστὸν
1122 3238 1212 3292 καί
1267 3233 1473 3292 δίκαιον
1508 3236 1609 3291 ὑπὸ
1639 3240 1936 3310 προφητῶν

2057 3255 2155 3309 per
2185 3239 2480 3294 Christum
2512 3256 2579 3295 ac
2602 3241 2832 3311 justum
2860 3258 2889 3297 a
2923 3241 3227 3313 prophetis
3259 3244 3701 3314 annuntiatum,

282 3326 816 3406 καταγγελλόμενον,
871 3321 959 3383 καὶ
1018 3326 1372 3402 συμπαρόντα
1431 3327 1508 3381 ἀεὶ
1565 3331 1643 3399 τῷ
1690 3329 1824 3398 Θεῷ.
1857 3325 1946 3387 Ὦς

284 3418 454 3490 δῆλον
505 3419 596 3474 καὶ
654 3417 762 3474 ἀπὸ
819 3422 928 3474 τῶν
988 3417 1375 3493 προκειμένων
1408 3416 1574 3471 αὐτοῦ
1606 3415 1806 3492 λόγων.
1842 3415 1944 3478 Οἷς

282 3513 372 3566 καὶ
405 3508 724 3580 συναπῆλθε
751 3513 848 3564 τοῦ
911 3513 1204 3584 μοχθηροῦ
1259 3506 1456 3562 τούτου
1499 3510 1596 3581 ζῇν
1630 3504 1943 3570 ἀπολυθείς.

291 3625 321 3652 κ
355 3599 669 3658 Καταλύσει
697 3599 790 3654 τὸν
817 3598 983 3653 τόπον
1005 3601 1220 3654 τοῦτον.
1248 3621 1276 3648 ››
1303 3593 1496 3665 Πολλή
1530 3595 1636 3672 {dp
1669 3595 1732 3664 ἦν
1761 3595 1946 3657 αὐτοῖς

287 3685 544 3746 εὐλαὸεια
573 3687 826 3764 περὶτοῦ
881 3691 1032 3756 ναοῦ,
1089 3687 1181 3741 ἅτε
1237 3683 1327 3741 καὶ
1372 3689 1645 3758 μετοικεῖν
1683 3681 1950 3758 βουλομέ-

284 3803 422 3845 νοις.
485 3778 671 3846 Διπλῆ
732 3776 788 3834 δέ
845 3777 1150 3853 κατηγορία
1202 3775 1250 3830 εἲ
1302 3773 1525 3848 ἀλλάξει
1575 3775 1640 3831 τὰ
1688 3768 1808 3844 ἔθη,
1859 3773 1949 3828 καὶ

285 3869 452 3946 ἕτερα
508 3868 818 3940 ἐπεισάξει.
891 3861 1275 3943 Προεϐάλλετο
1333 3863 1391 3920 δὶ
1447 3867 1731 3942 πανταχοῦ
1763 3864 1790 3917 6
1823 3869 1950 3920 Μω-

287 3968 412 4031 σῆς,
447 3957 635 4029 ἐπειδή
667 3961 734 4014 τὰ
775 3962 871 4015 τοῦ
929 3961 1064 4014 Θεοῦ
1122 3953 1183 4012 οὗ
1243 3952 1448 4035 σφόδρα
1478 3949 1707 4026 ἔμελλεν
1743 3952 1945 4022 αὐτοῖς,

282 4050 365 4113 ὡς
394 4049 463 4105 τα
491 4044 756 4112 Μωσιίως.
819 4046 1008 4109 Οὕτως
1067 4044 1213 4107 ὅλως
1271 4042 1404 4114 ἔζων
1464 4044 1598 4117 πρὸς
1645 4041 1815 4116 μόνην
1847 4041 1946 4110 τὴν

281 4143 384 4196 τοῦ
414 4138 533 4211 πλη
545 4151 671 4205 θους
700 4133 880 4209 δόξαν.

360 4345 387 4372 α
421 4319 528 4376 Καὶ
586 4317 921 4380 ἀτενίσαντες
979 4313 1055 4377 εἷς
1115 4311 1271 4370 αὐτὸν
1330 4313 1558 4375 ἅπαντες
1618 4311 1670 4366 οἱ
1727 4308 1952 4380 καθεζό-

285 4433 312 4464 ι
352 4430 509 4483 μενοι
543 4407 594 4463 ἐν
650 4408 728 4480 τῷ
786 4403 1070 4480 συνεδρίῳ,
1137 4399 1284 4460 εἶδον
1341 4403 1406 4458 τὸ
1464 4401 1755 4479 πρόσωπον
1787 4397 1952 4454 αὐτοῦ

289 4522 312 4550 ι
349 4498 482 4555 ὡσιὶ
544 4496 831 4572 πρόσωπον
891 4490 1148 4571 ἀγγέλου.
1208 4493 1342 4551 Eine
1391 4489 1448 4548 δὶ
1479 4493 1507 4548 6
1541 4489 1848 4567 ἀρχιερεὺς,
1886 4486 1950 4546 Εἰ

285 4616 313 4640 α
344 4588 452 4664 ἄρα
478 4588 649 4641 ταῦτα
681 4582 854 4645 οὕτως
887 4578 1006 4659 ἔχει
1031 4601 1047 4654 ;
1077 4584 1140 4641 Ὀ
1173 4580 1232 4638 δὶ
1261 4577 1387 4661 ἔφη.
1420 4605 1448 4634 ιο

365 4793 386 4816 ι
424 4762 591 4824 Εἶδον
630 4765 694 4820 τὸ
743 4763 1037 4838 πρόσωπον
1099 4761 1296 4820 αὐτοῦ.
1339 4784 1367 4811 ››
1401 4759 1587 4823 Οῦτως
1624 4756 1737 4816 ἔστι
1766 4758 1857 4816 καὶ
1892 4758 1942 4815 έν

286 4855 541 4911 ἐλάττονι
603 4853 799 4929 βαθμῷ
854 4848 1002 4919 ὄντα,
1054 4849 1309 4930 ἐπίχαριν
1367 4849 1458 4904 καὶ
1516 4847 1770 4924 λαμπρὸν
1827 4849 1947 4924 ὁρᾶ-

288 4948 437 5001 σθαι.
467 4946 582 5002 Ἰνα
612 4941 706 4999 οὖν
737 4941 1031 5016 πληγῶσιν
1084 4941 1168 5004 οἷς
1218 4937 1447 5013 ἔμελλεν
1489 4937 1651 5013 ἐρεῖν,
1684 4943 1760 5010 τῷ
1789 4960 1946 4994 κατα-

284 5032 586 5106 πληκτικῷ
613 5036 710 5089 τοῦ
767 5033 1065 5107 προσώπου
1124 5029 1199 5092 εἷς
1249 5028 1313 5084 τὸ
1363 5032 1474 5083 τῶν
1507 5025 1685 5103 λόγων
1720 5027 1946 5101 εὐπαρά-

285 5119 480 5178 δεκτον
509 5120 835 5197 προοιμιάζε
848 5145 882 5177 ι.

360 5237 391 5263 ιι
422 5209 652 5288 Ἀνδρες
683 5209 916 5288 ἀδελφοὶ
945 5208 1036 5266 καὶ
1065 5209 1314 5283 πατέρες,
1346 5205 1629 5262 ἀκούσατε.
1664 5231 1693 5261 ››

353 5301 497 5375 Ὅρα
552 5299 712 5354 αὐτὸν
774 5297 875 5353 οὐκ
931 5296 1290 5372 ἐπιτρέχοντα
1345 5298 1424 5369 τῷ
1484 5292 1774 5365 διδάσκειν,
1816 5292 1946 5352 ἀλλ’

279 5387 720 5464 ἀναγκαζόμενον
775 5387 878 5444 ὑπὸ
924 5391 1033 5443 τῶν
1067 5385 1396 5457 ζητούντων.
1433 5384 1536 5440 Καὶ
1567 5383 1754 5455 ἐπειδή
1795 5383 1946 5460 ἐκρά-

277 5499 363 5534 τει
395 5484 479 5551 τῷ
504 5478 655 5554 λόγῳ
710 5477 801 5534 καὶ
856 5481 974 5540 τοῖς
1035 5475 1310 5551 σημείοις,
1353 5475 1628 5554 ἀφόρητος
1657 5476 1725 5544 ἦν
1760 5475 1944 5536 αὐτοῖς

358 5679 412 5714 ⁸⁸
445 5677 649 5740 Matth.
679 5693 843 5747 xxvr,
874 5680 962 5733 2t.
1041 5667 1088 5713 ⁸⁷
1116 5678 1282 5734 Joan.
1315 5693 1373 5744 ιι,
1407 5677 1491 5736 19.

2054 3327 2289 3397 Deoque
2321 3344 2560 3400 semper
2613 3329 2759 3384 dixit
2812 3335 3127 3397 astantem,
3179 3331 3357 3386 veluti
3404 3332 3582 3387 etiam
3635 3349 3706 3387 ex

2053 3417 2372 3489 propositis
2402 3418 2531 3490 ejus
2577 3420 2951 3475 sermonibus
3004 3420 3393 3476 manifectum
3426 3427 3533 3484 est,
3568 3438 3702 3476 cum

2054 3505 2268 3577 quibus
2288 3523 2408 3561 una
2425 3507 2698 3563 discessit
2714 3507 2785 3562 ab
2805 3507 2913 3564 hac
2932 3509 3046 3564 vita
3065 3509 3358 3582 flagitiosa
3375 3509 3702 3566 absolutus.

2058 3617 2085 3644 «
2119 3595 2484 3650 Demolietur
2517 3596 2714 3652 locum
2764 3597 2941 3653 hunc.
2975 3621 2994 3646 ι
3054 3597 3269 3653 Multus
3303 3599 3601 3670 siquidem
3634 3599 3706 3652 de

2057 3685 2276 3756 templo
2308 3685 2430 3740 illis
2452 3693 2647 3742 metus
2675 3693 2820 3756 erat,
2845 3693 2911 3742 ut
2935 3688 3035 3759 qui
3059 3690 3237 3744 etiam
3263 3696 3505 3762 propter
3536 3689 3707 3754 illud,

2056 3772 2253 3829 locum
2288 3774 2671 3831 habitationis
2718 3783 3064 3833 mutassent.
3100 3779 3324 3850 Duplex
3356 3786 3553 3834 autem
3589 3783 3715 3834 erat

2055 3864 2390 3919 accusatio:
2417 3865 2573 3934 quod
2596 3865 2868 3920 instituta
2890 3872 3222 3922 mutaturus
3245 3873 3486 3922 essetet
3509 3883 3712 3922 eorum

2057 3952 2187 4008 loco
2219 3954 2730 4010 aliainducturus.
2791 3955 3016 4026 Ubique
3068 3956 3244 4010 etiam
3278 3956 3712 4012 obtendebatur

2057 4043 2283 4098 Moses:
2318 4044 2799 4115 quandoquidem
2833 4044 2934 4098 Dei
2981 4044 3196 4115 placita
3241 4063 3359 4100 non
3394 4063 3560 4118 aeque
3589 4045 3710 4100 illis

2057 4150 2214 4189 cura;
2265 4139 2434 4189 erant
2489 4141 2556 4189 ut
2609 4133 2794 4189 Mosi:
2855 4135 2934 4189 ita
2981 4135 3053 4190 ad
3087 4135 3274 4192 solam
3308 4137 3710 4192 multitudinis

2057 4223 2328 4295 gloriam,
2359 4224 2537 4279 vitam
2570 4223 2812 4278 omnino
2846 4223 3199 4297 dirigebant.

2133 4310 2220 4376 VI,
2257 4314 2362 4378 15;
2422 4312 2540 4378 VII,
2601 4315 2717 4365 1-2.
2781 4331 2800 4360 ι
2835 4312 2905 4364 Et
2949 4313 3250 4368 intuentes
3284 4331 3419 4369 eum
3451 4315 3710 4369 universi

2061 4425 2086 4452 ‹‹
2123 4402 2223 4472 qui
2255 4400 2540 4456 sedebant
2587 4402 2647 4456 in
2697 4402 2974 4468 consilio,
3025 4403 3301 4458 viderunt
3336 4403 3549 4458 faciem
3578 4404 3707 4474 ejus

2059 4515 2086 4542 «
2123 4498 2406 4563 tanquam
2456 4492 2668 4548 faciem
2719 4493 2935 4566 angeli.
2988 4493 3145 4548 Dixit
3194 4498 3390 4550 autem
3430 4493 3708 4565 princeps

1982 4602 2027 4666 Ι)
2058 4602 2086 4631 α
2123 4579 2534 4637 sacerdotum:
2568 4583 2718 4637 Num
2770 4583 2894 4638 haec
2945 4584 3026 4640 ita
3079 4600 3140 4638 se
3190 4581 3458 4637 habent?
3505 4584 3577 4637 At
3607 4582 3708 4637 ille

2061 4693 2088 4722 α
2121 4672 2222 4727 ait.
2269 4694 2290 4723 ιι

2129 4784 2156 4812 ‹‹
2193 4761 2699 4817 Videruntfaciem
2716 4763 2862 4833 ejus.
2887 4783 2907 4812 ι
2935 4762 3015 4816 ita
3032 4761 3514 4834 contingitetiam
3538 4761 3708 4818 illum

2059 4851 2158 4922 qui
2187 4851 2246 4904 in
2277 4850 2544 4907 inferiori
2568 4850 2753 4924 gradu
2776 4855 2866 4904 est
2885 4851 3209 4923 gratiosum
3233 4867 3299 4906 ac
3324 4851 3705 4923 splendidum

2058 4939 2262 4994 videri.
2321 4941 2392 4994 Ut
2449 4957 2584 5011 ergo
2645 4938 3020 4994 sermonibus
3075 4958 3224 5011 quos
3285 4940 3550 4996 dicturus
3584 4947 3709 4996 erat

2057 5034 2607 5097 consternarentur,
2662 5044 2696 5083 a
2743 5028 2916 5084 faciei
2976 5035 3237 5101 stupore,
3299 5048 3414 5102 quo
3473 5031 3709 5086 facilius

2056 5119 2233 5175 verba
2263 5134 2391 5192 ejus
2425 5118 2812 5189 excipiantur,
2847 5119 3027 5174 sumit
3057 5120 3384 5176 exordium.

2130 5232 2157 5260 «
2189 5209 2305 5263 Viri
2333 5208 2544 5263 fratres
2571 5212 2628 5262 et
2657 5214 2876 5279 patres,
2909 5209 3128 5265 audite.
3167 5233 3186 5259 ι

2132 5299 2268 5353 Vide
2301 5296 2457 5368 quod
2489 5313 2550 5351 se
2581 5297 2653 5351 ad
2685 5297 3014 5354 docendum
3070 5317 3189 5354 non
3230 5300 3569 5365 inseruerit,
3604 5298 3709 5355 sed

2055 5387 2126 5442 ab
2159 5387 2251 5442 his
2283 5387 2385 5458 qui
2419 5387 2930 5460 interrogaverunt
2959 5394 3195 5443 coactus
3220 5389 3401 5442 sit.Et
3423 5389 3711 5459 quoniam

2055 5474 2250 5530 verbis
2297 5492 2363 5530 ac
2422 5475 2606 5546 signis
2664 5475 2953 5546 vincebat,
3012 5475 3407 5532 intolerabilis
3441 5478 3524 5532 eis
3561 5483 3710 5532 erat.
