4134 6196
410 276 523 338 131

1527 269 1936 333 (ἙΟΗΜΕΝΙΙ
1981 267 2291 329 ἸῚὶΙΟΟιΕ
2336 267 2678 330 EPISCOPl

3709 279 3826 337 132

411 403 648 463 Falsum
699 422 833 462 vero
879 402 1285 459 testimonium
1325 403 1600 459 mercede
1631 404 2051 460 conductorum

2175 398 2239 455 Ἢ
2273 393 2330 452 δὲ
2360 394 2803 473 ψευδομαρτυρία
2847 403 2956 456 τῶν
3015 399 3391 475 μισθωθέντων
3435 404 3829 482 aiens-fstole

416 497 724 552 inductum
779 501 886 560 est,
934 511 1008 548 ne
1058 493 1338 549 violentia
1382 493 1440 548 in
1493 495 1724 566 negotio
1766 493 2054 550 suboleat.

414 586 715 656 Siquidem
748 585 930 637 Deum
964 598 1083 636 non
1134 582 1442 652 timebant,
1477 584 1580 638 sed
1634 584 1708 638 ad
1749 585 2058 640 hominum

411 674 655 746 gloriam
690 671 1106 742 respiciebant.
1165 673 1265 726 Est
1320 678 1517 728 autem
1551 691 1680 728 vere
1721 674 1959 745 sapiens
1990 690 2058 728 ac

410 764 590 820 animi
624 762 1029 836 magnitudine
1085 763 1328 834 plenum
1380 764 1707 820 exordium.
1743 764 2058 819 Nominum

407 853 627 907 etenim
658 852 1016 924 proprietate
1041 851 1448 908 demonstrare
1473 853 1730 908 intendit
1749 853 2058 925 prudentis

407 963 526 1001 non
555 963 704 1013 esse,
734 947 1089 1017 injuriosum
1113 947 1442 1018 quidpiam,
1464 954 1568 1002 aut
1587 948 1742 1018 quod
1772 947 2058 1003 damnum

407 1037 615 1092 afferat
646 1037 923 1092 adversus
956 1038 1164 1092 fratres
1189 1054 1256 1092 ac
1280 1044 1476 1108 patres
1508 1037 1788 1092 inducere
1815 1054 1828 1091 :
1862 1037 1921 1092 id
1952 1053 2056 1092 au-

406 1130 524 1180 tem
549 1127 760 1180 afferre
783 1126 940 1196 quod
961 1133 1017 1180 et
1036 1127 1282 1193 gloriam
1315 1127 1474 1181 novit
1498 1133 1555 1181 et
1575 1127 1805 1182 lucrum
1828 1141 2056 1203 parere,

411 1216 519 1271 hoc
554 1216 794 1270 demum
831 1216 936 1270 viri
972 1222 1060 1270 est
1090 1223 1302 1271 natura
1331 1217 1611 1275 absoluti.
1645 1216 1865 1287 quique
1898 1215 2058 1270 salu-

410 1305 580 1359 tifere
605 1303 678 1359 ad
710 1320 810 1358 eos
841 1304 1104 1374 loquitur
1135 1303 1207 1359 ad
1240 1321 1388 1374 quos
1403 1303 1882 1360 estsermo.Atde
1898 1303 2058 1358 vobis

403 1394 616 1464 inquit,
650 1393 800 1448 nihil
835 1393 948 1448 tale
973 1393 1204 1464 concipi
1229 1399 1459 1464 potest:
1493 1393 1651 1464 quod
1683 1393 1846 1447 enim
1881 1409 2054 1448 voca-

405 1484 583 1538 tionis
606 1483 856 1537 fratrum
880 1499 947 1537 ac
969 1488 1204 1553 patrum
1241 1482 1384 1536 mihi
1407 1482 1562 1538 facta
1585 1482 1660 1538 sit
1682 1483 1783 1538 οο
1808 1483 2052 1551 mentio,

404 1571 464 1625 in
496 1571 864 1626 contrarium
891 1571 1069 1642 hujus
1100 1576 1296 1626 actum
1328 1576 1437 1641 est,
1470 1588 1604 1626 cum
1640 1589 1738 1627 vos
1772 1577 2058 1643 tauquam

401 1661 736 1714 communis
759 1666 987 1714 natura
1011 1659 1227 1716 oblitos
1245 1659 1566 1732 procedere
1588 1661 2057 1717 animadvertam

2178 487 2254 560 μή
2290 485 2417 559 δόξῃ
2447 488 2507 542 τὸ
2551 493 2774 565 πρᾶγμα
2829 488 3055 566 ἐπήρεια
3110 493 3268 552 εἶναι.
3300 495 3398 549 Τὸν
3435 497 3530 566 μὶν
3561 495 3664 570 γὰρ
3694 495 3823 551 Θεὸν

2172 577 2272 632 οὐκ
2303 573 2619 655 ἐφοϐοῦντο,
2680 579 2816 654 πρὸς
2877 579 2935 636 δὲ
2990 583 3090 651 τὴν
3149 587 3258 638 τῶν
3317 583 3616 660 ἀνθρώπων
3673 582 3828 656 δόξαν

2173 661 2494 726 ἐπέϐλεπον.
2544 669 2720 748 Σοφὸν
2781 666 2836 724 δὲ
2886 675 2965 742 τῷ
3021 671 3136 726 ὂντι
3190 672 3280 727 καὶ
3340 672 3826 755 μεγαλοφροσύνης

2179 757 2374 829 μεστὸν
2404 757 2467 811 τὸ
2498 758 2816 832 προοίμιον.
2851 762 2936 834 Τῇ
2997 761 3104 836 γὰρ
3161 766 3268 817 τῶν
3306 762 3590 836 ὀνομάτων
3623 763 3834 819 οἰκειώ-

2173 864 2250 900 σει
2286 845 2546 920 βούλεται
2589 853 2874 922 παριστᾷν,
2934 850 3009 913 ὡς
3066 852 3204 926 πρὸς
3259 850 3388 915 τοὺς
3447 849 3713 932 ἀδελφοὺς
3741 838 3832 907 καὶ

2171 937 2409 1010 πατέρας
2448 933 2757 1011 ὑϐριστικόν
2799 959 2850 992 τι
2901 939 2990 995 καὶ
3044 937 3336 1013 ἐπιζήμιον
3371 940 3703 1016 είσηγεῖσθαι
3736 940 3835 996 οὑκ

2172 1021 2463 1100 ἔμφρονος.
2501 1024 2661 1081 Ἀλλ’
2719 1026 2748 1081 ’ὸ
2803 1027 2894 1082 καὶ
2955 1025 3110 1098 δόξαν
3167 1025 3282 1083 οἶδε
3339 1029 3429 1084 καὶ
3458 1027 3650 1104 κέρδος
3685 1049 3834 1104 περι-

2169 1119 2370 1183 ποιεῖν,
2411 1111 2604 1190 ἀνδρὸς
2661 1119 2823 1171 τοῦτο
2878 1117 2978 1186 τήν
3040 1116 3196 1196 φύσιν
3248 1113 3679 1193 ἐξακριϐοῦντος,
3736 1117 3826 1174 καὶ

2172 1204 2457 1279 σωτηρίως
2507 1209 2624 1268 τοῖς
2679 1206 2812 1280 πρὸς
2874 1205 2967 1268 οὕς
3023 1207 3051 1262 6
3110 1205 3277 1282 λόγος
3317 1207 3825 1286 ἀποφθεγγομένου.

2173 1296 2186 1319 ,
2320 1294 2333 1313 ν
2432 1294 2445 1314 ι
2481 1294 2495 1314 ρ
2553 1299 2575 1310 -
2777 1294 2790 1311 ς
2943 1294 2957 1316 9
3002 1297 3016 1313 ι
3400 1301 3422 1312 η.
3752 1303 3777 1314 ..

2193 1291 2314 1348 Αλλ
2363 1292 2426 1371 ἐφ
2476 1315 2628 1368 υμιν,
2660 1316 2848 1372 φησιν,
2902 1292 3055 1351 ουδεν
3104 1290 3215 1351 ἔστι
3271 1317 3492 1352 τοιουτο
3521 1319 3828 1355 κατανοειν.

2170 1387 2339 1457 Ὅπερ
2367 1382 2474 1458 γὰρ
2503 1381 2629 1456 ἐμοὶ
2661 1386 2696 1454 ἡ
2728 1388 2834 1439 τῶν
2883 1383 3131 1466 ἀδελφῶν
3181 1386 3270 1441 γαί
3301 1387 3546 1462 πατέρων
3583 1383 3829 1444 ὑποϐάλ-

2173 1471 2325 1528 λεται
2356 1470 2578 1542 κλῆσις,
2610 1472 2931 1539 ἀπεναντίας
2980 1473 3200 1545 τούτου,
3229 1473 3414 1552 ὥσπερ
3457 1474 3828 1552 ἐπιλελησμέ-

2170 1584 2295 1644 νους
2325 1569 2426 1632 τῆς
2459 1568 2646 1632 κοινῆς
2705 1563 2916 1644 φύσεως
2969 1569 3285 1640 χωροῦντας
3337 1566 3474 1640 ὑμᾶς
3506 1565 3819 1642 ἀναθεωρῶ,

2169 1652 2267 1710 τοῦ
2321 1656 2458 1729 πρὸς
2526 1656 2675 1728 ἡμᾶς
2749 1652 3063 1729 ἀδιακρίτου
3124 1655 3342 1729 μίσους,
3397 1655 3820 1732 παρευδοκιμεῖν

402 1748 726 1804 indiscreto
779 1765 914 1822 erga
961 1766 1069 1805 nos
1111 1749 1269 1819 odio,
1303 1750 1462 1821 quod
1492 1767 1594 1806 vos
1626 1750 1859 1806 inducit
1889 1751 1962 1806 ad
1995 1767 2051 1806 ea

2172 1743 2530 1818 ἐμποιοῦντος
2588 1745 2714 1818 ὑμῖν
2775 1744 2864 1800 καὶ
2922 1745 2989 1800 τὰ
3034 1745 3169 1818 πρὸς
3229 1745 3374 1800 θείαν
3425 1744 3598 1822 ῥοπὴν
3631 1746 3818 1823 ἀναγό-

401 1855 634 1909 quoque
668 1839 1297 1912 praetergrediendum,
1334 1857 1464 1911 quas
1496 1840 1570 1895 ad
1601 1839 1861 1895 divinam
1893 1839 2053 1896 refe-

401 1935 616 1983 runtur
646 1930 986 1999 potentiam.
1025 1931 1168 1984 Nam
1201 1936 1265 1984 ut
1297 1935 1510 1984 caatera
1541 1930 2055 1993 omittam,horum

402 2017 564 2073 vobis
600 2021 946 2074 memoriam
969 2036 1240 2092 suggero,
1267 2037 1399 2090 qua:
1426 2036 1544 2074 non
1576 2021 1702 2074 sine
1728 2019 1924 2075 divina
1949 2037 2052 2093 po-

401 2109 582 2163 tentia
637 2109 817 2163 ﬁnem
877 2110 1230 2174 sortiuntur,
1292 2111 1621 2183 signorum,
1678 2110 1944 2181 inquam,
1987 2126 2054 2165 ac

398 2196 800 2269 prodigiorum
845 2216 949 2270 per
1006 2216 1114 2254 nos
1171 2198 1488 2268 editorum,
1537 2215 1789 2270 quorum
1846 2205 1905 2254 et
1955 2216 2052 2254 vos

398 2292 579 2342 testes
611 2287 772 2352 estis,
809 2305 940 2358 quas
976 2305 1095 2343 non
1129 2287 1246 2343 alio
1279 2288 1454 2343 modo
1495 2305 1844 2360 prosperum
1876 2290 2050 2344 sorti-

397 2383 608 2432 rentur
638 2378 936 2433 effectum.
999 2377 1109 2433 Sed
1169 2385 1483 2450 postquam
1539 2379 1903 2450 Stephanum
1948 2396 2054 2450 per

396 2465 647 2520 fratrum
678 2483 745 2522 ac
791 2473 1025 2538 patrum
1089 2468 1572 2539 appellationem.
1629 2468 1751 2524 haec
1799 2467 2049 2523 obscure

2172 1853 2319 1906 μενα.
2351 1834 2460 1888 Ἵνα
2490 1833 2594 1908 γὰρ
2624 1833 2672 1888 τ’
2700 1831 2846 1889 ἄλλα
2874 1833 3050 1913 ἀφείς,
3095 1836 3192 1904 τὴν
3241 1836 3449 1891 τούτων
3481 1835 3607 1910 ὑμῖν
3633 1835 3816 1901 ἆναθῶ

2166 1925 2415 1997 μνήμην,
2450 1925 2482 1978 ἅ
2510 1924 2654 1986 θείας
2691 1923 2790 1982 οὑκ
2819 1923 3023 1999 ἄμοιρα
3073 1924 3232 1987 τέλος
3291 1927 3459 1982 θεῖναι
3512 1927 3711 2001 ῥοπῆς,
3753 1926 3817 1981 τὰ

2166 2009 2235 2066 δι’
2292 2015 2451 2085 ἡμῶν
2509 2034 2652 2089 φημι
2716 2019 2919 2086 σημεῖα
2975 2015 3064 2068 καὶ
3119 2014 3337 2090 τέρατα,
3384 2017 3459 2070 ὧν
3510 2015 3601 2071 καὶ
3661 2017 3818 2088 ὑμεῖς

2171 2101 2457 2177 μάρτυρες,
2518 2101 2617 2157 οὑκ
2698 2100 2885 2164 ἄλλως
2971 2101 3295 2180 ἐνεργεῖσθαι
3356 2102 3816 2178 κατευοδούμενα.

2163 2179 2341 2246 Ἀλλά
2395 2195 2560 2246 ταῦτα
2620 2187 2708 2246 διὰ
2762 2197 2862 2261 τῆς
2931 2196 3040 2248 τῶν
3104 2179 3364 2267 ἀδελφῶν
3424 2192 3514 2248 καὶ
3570 2195 3818 2269 πατέρων

2163 2280 2575 2354 ὑπαινιξάμενον
2601 2279 2868 2353 Δκλήσεως
2921 2283 3190 2356 Στέφανον
3243 2281 3663 2361 κατειληφότες,
3698 2301 3823 2338 σκο·

2161 2377 2348 2443 πῶμεν
2401 2368 2508 2440 ἤδη
2567 2371 2653 2425 καὶ
2706 2371 2770 2425 τὰ
2829 2371 2965 2446 πρὸς
3021 2371 3238 2435 τούτοις
3271 2373 3339 2428 οὗ
3371 2373 3593 2428 κατὰτὸ
3623 2374 3817 2450 τυχὸν,

2164 2462 2308 2521 ἀλλὰ
2340 2463 2473 2536 μετὰ
2507 2460 2727 2532 πολλῆς
2761 2461 2985 2535 κείμενα
3012 2469 3115 2534 τῆς
3149 2463 3330 2519 ἐνθέου
3364 2464 3572 2543 σοφίας.

400 2553 810 2627 designantem
843 2557 1246 2628 comperimus
1273 2574 1285 2610 :
1321 2573 1478 2612 nunc
1509 2557 1689 2612 etiam
1719 2556 2168 2613 consideremus
2200 2573 2330 2628 qua:
2375 2554 2466 2609 his
2517 2553 2718 2610 addita
2749 2560 2888 2609 sunt
2917 2571 3036 2610 non
3069 2555 3294 2628 vulgari
3328 2555 3527 2624 modo,
3551 2555 3655 2611 sed
3683 2571 3819 2613 cum

401 2659 614 2716 magna
639 2661 706 2699 ac
737 2645 1018 2700 divinitus
1049 2645 1250 2700 afflata
1283 2646 1593 2717 sapientia.

472 2735 590 2800 VlI,
650 2737 758 2790 25.
823 2735 976 2789 Deus
1037 2735 1237 2807 gloriae
1297 2736 1572 2807 apparuit
1639 2736 1791 2807 patri
1849 2741 2054 2791 nostro

403 2823 780 2888 «Abraham,
837 2840 972 2877 cum
1025 2830 1182 2878 esset
1238 2825 1297 2879 in
1356 2826 1794 2896 Mesopotamia,
1859 2825 2054 2896 prius-

405 2931 433 2960 ‹‹
466 2927 646 2982 quam
678 2912 970 2968 habitaret
1030 2914 1092 2968 in
1151 2914 1435 2980 Charran,
1469 2914 1734 2986 dixitque
1777 2915 1851 2969 ad
1885 2930 2059 2969 eum:

400 3022 428 3050 ‹‹
461 3001 752 3073 Egredere
784 3001 857 3056 de
897 3008 1055 3058 terra
1101 3009 1202 3059 tua
1249 3010 1306 3058 et
1349 3003 1421 3059 de
1469 3005 1820 3076 cognatione
1853 3009 1972 3063 tua.
2006 3009 2065 3058 et

400 3112 428 3140 α
463 3092 596 3144 veni
628 3091 689 3145 in
720 3098 934 3146 terram
967 3109 1386 3164 quamcunque
1420 3092 1735 3148 ostendero
1762 3092 2052 3149 tibi.Tunc

406 3202 426 3226 α
465 3195 736 3250 egressus
764 3181 834 3236 de
863 3189 1016 3238 terra
1039 3184 1450 3239 Chaldaeorum
1476 3183 1758 3238 habitavit
1781 3183 1842 3238 in
1875 3184 2046 3238 Char-

401 3289 428 3315 ‹‹
463 3284 571 3322 ran
599 3285 610 3321 :
645 3275 703 3322 et
733 3270 890 3336 inde,
926 3279 1239 3341 postquam
1289 3280 1556 3327 mortuus
1587 3279 1677 3327 est
1707 3279 1874 3344 pater
1904 3275 2053 3342 ejus,

408 3375 430 3404 ι
465 3359 768 3414 transtulit
800 3377 934 3414 eum
970 3362 1028 3415 in
1064 3367 1279 3417 terram
1308 3364 1482 3427 hanc,
1515 3365 1575 3418 in
1618 3381 1734 3434 qua
1764 3381 1863 3419 vos
1895 3380 2055 3419 nunc

401 3469 428 3495 ‹‹
462 3446 764 3513 habitatis,
798 3455 856 3504 et
885 3466 1004 3504 non
1062 3451 1225 3506 dedit
1282 3452 1368 3505 illi
1428 3453 1836 3509 haareditatem
1869 3454 1930 3507 in
1962 3470 2052 3523 ea,

398 3557 425 3585 ‹‹
462 3553 537 3592 ne
569 3538 878 3610 vestigium
914 3539 1155 3611 quidem
1190 3541 1377 3612 pedis.
1415 3563 1439 3592 ι)

471 3627 613 3682 Vide
647 3633 705 3682 et
764 3627 858 3682 hic
915 3629 1213 3700 quomodo
1257 3631 1454 3685 statim
1509 3631 1582 3686 ab
1626 3631 1866 3686 exordio
1899 3630 2055 3686 tollit

398 3731 602 3770 eorum
627 3715 897 3789 gloriam,
920 3718 1227 3773 referendo
1249 3719 1498 3791 gloriam
1523 3736 1641 3774 non
1665 3719 1738 3774 ad
1767 3720 2051 3792 templum

398 3820 590 3876 neque
623 3806 698 3861 ad
724 3815 981 3878 gentem,
1013 3809 1114 3862 sed
1145 3809 1218 3862 ad
1252 3809 1443 3863 solum
1478 3810 1682 3864 Deum.
1717 3811 1858 3864 Nam
1892 3809 2050 3880 quod

396 3895 479 3948 ait
507 3898 646 3950 Deus
677 3896 897 3966 glori/2,
932 3897 1090 3952 idem
1132 3905 1220 3953 est
1277 3916 1343 3954 ac
1397 3900 1446 3954 si
1506 3899 1725 3954 dictum
1765 3900 1860 3963 sit,
1897 3900 2050 3954 Deus

393 3983 778 4054 gloriﬁcatus.
816 3986 917 4041 Hic
976 3994 1173 4042 autem
1231 3987 1388 4043 Deus
1445 3988 1808 4061 glorificatus
1856 3996 1945 4044 est
1981 4005 2047 4044 eo

395 4074 554 4142 quod
586 4075 634 4128 is
667 4075 767 4144 qui
799 4092 869 4129 ex
899 4077 1197 4148 perplexis
1241 4094 1308 4132 ac
1348 4077 1695 4132 difﬁcilibus
1738 4077 2050 4133 commoda

391 4161 534 4216 facit
565 4168 621 4217 et
650 4163 868 4228 facilia,
903 4171 1080 4235 atque
1113 4183 1180 4220 ex
1215 4166 1484 4239 ingloriis
1511 4165 1706 4221 reddit
1734 4167 2043 4238 gloriosos,

393 4251 570 4306 etiam
605 4269 714 4307 nos
749 4253 894 4308 tales
919 4253 1154 4311 efficiet.
1182 4256 1483 4327 Siquidem
1514 4257 1615 4327 qui
1640 4257 1932 4312 immensa
1953 4273 2045 4312 sa-

392 4342 618 4413 pientia
647 4343 989 4399 hominibus
1019 4361 1054 4399 a
1085 4345 1302 4400 saeculo
1355 4347 1686 4418 imperavit,
1729 4346 1886 4403 idem
1918 4349 2044 4420 ipse

391 4447 550 4487 nunc
583 4449 651 4487 ea
684 4449 813 4504 quze
847 4432 939 4486 his
971 4433 1091 4487 visa
1122 4439 1261 4488 sunt
1291 4434 1702 4504 impossibilia,
1736 4435 1809 4490 ad
1849 4434 2041 4491 facili-

2243 2732 2360 2790 «Ὀ
2415 2732 2543 2794 Θεὸς
2603 2736 2704 2802 τῆς
2766 2727 2931 2802 δοςης
3017 2728 3171 2812 ὣφθη
3251 2736 3331 2804 τῷ
3413 2733 3578 2807 πατρὶ
3647 2735 3808 2806 ἡμῶν

2170 2844 2198 2874 ιι
2227 2818 2480 2896 Ἀϐραὰμ
2510 2816 2624 2875 ὄντι
2669 2819 2720 2874 ἐν
2769 2823 2839 2894 τῇ
2893 2820 3304 2894 Μεσοποταμίᾳ,
3339 2821 3458 2897 πρὶν
3494 2821 3528 2892 ἢ
3559 2828 3820 2890 κατοικῆο

2164 2933 2192 2960 ‹‹
2226 2930 2314 2964 σαι
2345 2909 2505 2964 αὑτὸν
2537 2907 2587 2963 ἐν
2621 2905 2862 2982 Χαῤῥάν,
2895 2909 2983 2964 καὶ
3038 2909 3156 2964 εἶπε
3204 2909 3340 2984 πρὸς
3371 2909 3552 2965 αὐτόν’
3586 2909 3810 2980 Ἔξελθε

2170 3023 2190 3050 ι
2228 2998 2286 3054 ἐκ
2314 3005 2413 3069 τῆς
2468 3005 2569 3074 γῆς
2629 3019 2746 3066 σου,
2803 2998 2894 3054 καὶ
2951 2997 3012 3054 ἐκ
3066 3002 3166 3072 τῇς
3225 2999 3535 3075 συγγενείας
3578 3019 3695 3068 σου,
3726 2999 3817 3054 καὶ

2167 3086 2384 3164 «δεῦρο
2429 3087 2504 3151 εἰς
2556 3094 2678 3164 γῆν,
2729 3085 2795 3158 ἤν
2857 3086 2915 3142 ἄν
2978 3108 3063 3143 σοι
3121 3085 3298 3160 δείξω.
3331 3088 3468 3146 Τότε
3497 3087 3727 3158 ἐξελθὼν
3760 3087 3821 3144 ἐκ

2176 3201 2196 3228 ι
2233 3185 2339 3254 γῆς
2400 3175 2714 3246 Χαλδαίων,
2773 3178 3091 3252 κατῴκησεν
3161 3175 3213 3232 ἐν
3272 3177 3515 3256 Χαρράν.
3580 3178 3827 3235 Κάκεῖθεν

2165 3268 2364 3341 «μετὰ
2423 3271 2485 3323 τὸ
2550 3268 2838 3322 ἀποθανεῖν
2893 3267 2988 3321 τὸν
3043 3268 3248 3342 πατέρα
3303 3268 3470 3322 αὑτοῦ
3527 3268 3826 3342 μετῴκισεν

2165 3381 2192 3408 ‹‹
2225 3356 2383 3411 αὐτὸν
2417 3356 2491 3419 είς
2521 3358 2620 3426 τήν
2669 3362 2770 3430 γῆν
2799 3355 3002 3426 ταύτην
3036 3355 3110 3418 εἷς
3159 3353 3226 3425 ἤν
3277 3356 3435 3429 ὑμεῖς
3486 3359 3576 3410 νῦν
3631 3377 3824 3412 κατοι-

2167 3469 2194 3498 ιι
2225 3451 2388 3501 κεῖτε.
2443 3447 2536 3500 Καὶ
2591 3446 2692 3501 οὐκ
2747 3443 2944 3500 ἔδωκεν
2993 3445 3142 3516 αὐτῷ
3172 3443 3544 3521 κληρονομίαν
3577 3442 3633 3500 ἐν
3660 3446 3822 3521 αὐτῇ,

2163 3559 2191 3586 ι(
2225 3531 2350 3589 οὖδὶ
2381 3536 2539 3610 βῆμα
2569 3531 2758 3596 ποδός.
2794 3559 2822 3587 )›

2228 3625 2367 3697 Ὀρα
2423 3623 2691 3680 κάνταῦθα
2741 3628 2863 3686 πῶς
2941 3622 3000 3679 ἐκ
3057 3625 3366 3700 προοιμίων
3398 3624 3496 3692 τήν
3549 3620 3702 3693 δόξαν
3736 3623 3826 3678 αὑ-

2162 3716 2272 3766 τῶν
2309 3713 2578 3788 καθαιρεῖ,
2633 3713 2731 3780 τήν
2792 3710 2946 3781 διῗξαν
3007 3713 3071 3767 οὗ
3125 3717 3205 3785 τῷ
3259 3717 3390 3785 νοῷ,
3439 3713 3504 3768 οὐ
3561 3717 3639 3783 τῷ
3684 3706 3825 3767 ἔθνει

2157 3799 2604 3869 ἀνατιθεὶς,ἀλλὰ
2629 3803 2781 3876 μόνῳ
2803 3801 2939 3874 Θεῷ.
2963 3801 3038 3858 Τὸ
3061 3802 3185 3877 γὰρ,
3212 3826 3238 3853 ‹‹
3263 3802 3291 3856 ὸ
3315 3801 3443 3863 Θεὸς
3463 3807 3561 3870 τῆς
3585 3799 3767 3868 δόξης,
3790 3822 3820 3850 ιο

2170 3891 2195 3910 ν
2270 3894 2281 3907 ι
2415 3899 2437 3908 ς
2507 3896 2518 3914 φ
2564 3891 2587 3910 ἢ
2627 3892 2650 3910 λ
3039 3893 3062 3913 ν
3386 3896 3398 3912 ρ
3557 3893 3577 3908 ι
3712 3890 3753 3908 om

2159 3915 2283 3948 αντι
2347 3915 2466 3963 του,
2499 3915 2526 3949 ο
2561 3896 2969 3968 οεοοξεσμένος,
3011 3915 3033 3949 ε
3063 3913 3243 3969 ρηται,
3301 3902 3448 3956 Θεις.
3505 3895 3675 3954 Ουτος
3709 3913 3764 3946 οε
3797 3895 3825 3947 6

2169 3981 2587 4059 δεδοξασμένος,
2669 3985 2718 4055 ἐξ
2803 3985 3110 4064 ἀμηχάνων
3168 3986 3455 4065 εὑμγξχανα
3513 3982 3677 4059 δρῶν,
3737 3981 3823 4038 καὶ

2169 4074 2298 4137 τοὺς
2338 4074 2566 4148 ἀτίμους
2625 4074 2876 4148 ἐντίμους
2921 4079 3118 4145 ποιῶν,
3169 4077 3257 4130 καὶ
3314 4077 3461 4148 ἡμᾶς
3491 4077 3736 4145 ποιήσει.
3765 4073 3826 4130 Ὀ

2163 4163 2269 4238 γὰρ
2303 4169 2420 4226 τοῖς
2485 4163 2534 4234 ἐξ
2593 4164 2789 4227 αῗῶνος
2847 4163 3124 4240 ἀμηχάνῳ
3179 4164 3483 4240 ἀνθρώποις
3516 4166 3678 4244 σοφίᾳ
3712 4161 3826 4217 δια⁸

2162 4253 2487 4327 ταξάμενος,
2549 4254 2704 4316 οὗτος
2765 4251 2968 4316 ἐκεῖνος
3044 4257 3156 4323 νῦν,
3208 4254 3273 4308 τά
3323 4252 3548 4325 δόξαντα
3602 4253 3821 4316 τούτοις

2153 4343 2417 4420 ἀμήχανα
2448 4342 2536 4398 ἐπὶ
2568 4343 2628 4398 τὸ
2666 4343 2986 4420 εὐμήχανον
3021 4343 3282 4420 προάγειν
3329 4339 3682 4420 βεϐούληται.
3718 4342 3817 4398 Καὶ

2152 4433 2243 4486 ἳνα
2289 4437 2454 4488 τοῦτο
2521 4433 2712 4488 πιστὸν
2763 4433 2821 4504 ᾖ,
2882 4427 3137 4510 Ἀϐραὰμ
3190 4438 3269 4506 τῷ
3326 4431 3480 4508 λόγῳ
3519 4432 3819 4507 παράγεται

390 4524 570 4576 tatem
604 4521 928 4592 perducere
961 4521 1164 4576 voluit.
1219 4522 1407 4592 thue
1460 4523 1569 4578 hoc
1602 4523 1704 4580 ﬁat
1733 4524 2037 4594 credibile,

2167 4521 2238 4576 ιαὶ
2333 4522 2449 4576 κατ’
2475 4520 2634 4575 αὑτὸν
2663 4522 2898 4597 ἱστορία,
2947 4522 3004 4584 ’ὀς
3064 4523 3167 4578 οὐκ
3216 4520 3270 4578 ἐν
3321 4527 3456 4596 ναῷ,
3517 4521 3578 4577 οὑ
3611 4518 3698 4576 διὰ
3730 4531 3819 4584 θυ-

390 4608 685 4663 Abraham
719 4611 970 4681 ejusque
1006 4609 1258 4664 historia
1305 4611 1365 4665 in
1413 4612 1675 4667 medium
1708 4613 2044 4678 adducitur,

393 4697 492 4765 qui
526 4714 645 4751 non
692 4699 750 4752 in
799 4699 1042 4768 templo,
1077 4716 1195 4754 non
1241 4717 1346 4770 per
1398 4702 1644 4766 hostias,
1679 4703 1778 4757 Dei
1811 4702 2044 4773 appari-

394 4784 616 4839 tionem
649 4793 858 4841 nactus
891 4794 981 4842 est
1012 4805 1145 4843 cum
1178 4789 1236 4844 in
1271 4791 1696 4863 MesOpotamia
1726 4791 2044 4846 essethaec

392 4879 590 4928 autem
622 4875 864 4945 profert,
887 4876 1210 4949 velutijam
1237 4878 1457 4936 dictum
1484 4886 1594 4948 est,
1629 4880 2046 4935 demonstrans

395 4963 580 5016 Deum
628 4963 971 5036 gloriosum,
1013 4968 1169 5038 quod
1216 4971 1276 5024 in
1327 4971 1447 5025 illis
1497 4970 1656 5036 fecit,
1689 4985 1865 5040 posse
1898 4974 1955 5022 et
1984 4969 2045 5022 in

394 5051 565 5105 nobis
597 5052 810 5121 facere,
843 5056 1120 5128 quodque
1173 5059 1472 5114 occultum
1524 5064 1613 5113 est
1663 5059 2044 5113 manifestum

394 5143 774 5200 constituere.
825 5147 1001 5218 Atqui
1054 5165 1190 5202 cum
1241 5149 1443 5203 multa;
1475 5148 1748 5202 nationes
1779 5165 1845 5202 ac
1878 5164 2044 5220 reges

393 5231 597 5290 dolose
620 5252 750 5289 cum
771 5235 1067 5292 Abraham
1090 5240 1338 5308 ejusque
1359 5239 1583 5292 semine
1608 5236 2042 5311 congrederen-

393 5328 508 5392 tur,
567 5325 654 5378 illi
714 5327 954 5396 quidem
1008 5328 1081 5382 ad
1137 5327 1396 5382 nihilum
1441 5329 1662 5384 redacti
1695 5335 1851 5395 sunt,
1887 5329 2045 5401 quod

391 5418 589 5468 autem
621 5415 929 5484 humilius,
952 5416 1172 5470 factum
1200 5422 1288 5470 est
1309 5415 1710 5472 sublimius.Si
1734 5435 1868 5491 ergo
1892 5421 2044 5475 Deus

390 5501 594 5575 gloriaa
628 5503 686 5557 in
719 5503 811 5557 his
837 5504 918 5558 ita
966 5503 1355 5576 dispensavit,
1390 5506 1480 5560 6|
1541 5512 1792 5578 oportet,
1825 5508 2043 5581 inquit,

393 5593 770 5649 considerare
828 5609 905 5648 ne
963 5599 1022 5650 et
1077 5595 1140 5651 in
1192 5594 1363 5652 nobis
1414 5597 1555 5652 talia
1583 5598 1947 5672 contingant.
1976 5630 2045 5642 —

2158 4615 2310 4680 σιῶν,
2347 4619 2449 4681 τῆς
2511 4609 2646 4667 Θεοῦ
2702 4611 2991 4692 ἐμφανείας
3046 4611 3274 4683 ἠξίωται
3304 4613 3356 4668 ἐν
3385 4616 3452 4688 τῇ
3487 4614 3820 4670 Μεσοποταο

2159 4702 2278 4775 μίᾳ.
2311 4705 2494 4759 Ταῦτα
2527 4699 2584 4757 δὲ
2613 4704 2964 4778 προκομίζει,
2999 4704 3074 4768 ὡς
3116 4701 3229 4775 ἤδη
3252 4703 3498 4781 εἴρηται,
3533 4707 3813 4778 παριστῶν

2157 4791 2230 4853 ὡς
2286 4792 2314 4845 6
2371 4788 2762 4866 δεδοξασμένος
2819 4793 2949 4857 Θεὸς
3009 4793 3142 4869 ὅπερ
3200 4791 3283 4849 ἐπ’
3340 4793 3558 4849 ἐκείνων
3603 4794 3695 4848 καὶ
3727 4791 3814 4869 ἐφ’

2154 4881 2314 4953 ἡμῶν
2375 4877 2595 4942 δυνατὸς
2653 4889 2905 4956 ποιῆσαι,
2961 4883 3049 4939 καὶ
3112 4883 3164 4954 ἐξ
3212 4883 3464 4962 ἆφανείας
3519 4881 3594 4944 εἷς
3644 4879 3818 4960 ἐμφά-

2154 4989 2297 5024 νειαν
2335 4977 2682 5045 περιστῆσαι.
2744 4971 2993 5049 Καίτοιγε
3031 4970 3258 5028 πολλῶν
3319 4967 3634 5032 ἐπιϐούλως
3666 4970 3816 5041 αὑτῷ

2157 5054 2407 5136 ’Δὸραᾶμ
2453 5061 2542 5115 καὶ
2587 5064 2667 5132 τῷ
2724 5061 2992 5137 σπέρματι
3053 5061 3216 5118 αὐτοῦ
3275 5061 3442 5128 ἐθνῶν
3512 5061 3602 5117 καὶ
3657 5061 3813 5135 βασιο

2157 5148 2294 5204 λέων
2329 5150 2819 5229 προσενεχθέντων,
2853 5150 2981 5208 ἀλλ’
3040 5153 3092 5208 οἱ
3137 5154 3250 5226 ,μὲν
3294 5151 3691 5230 ἠφανίσθησαν,
3723 5148 3812 5204 ἐπὶ

2159 5244 2343 5315 μεῖζον
2386 5235 2443 5294 δὲ
2472 5240 2533 5294 τὸ
2569 5240 2948 5316 ταπεινότερον
3004 5237 3244 5318 προῦϐη.
3297 5241 3358 5298 Ei
3388 5240 3481 5296 οὖν
3515 5241 3690 5302 οὕτως
3723 5239 3811 5294 ἐπὶ

2153 5327 2359 5384 τούτων
2422 5328 2450 5382 ό
2511 5335 2614 5400 τῆς
2675 5327 2835 5402 δόξης
2894 5331 3023 5394 Θεὸς
3105 5331 3431 5404 ᾤκονόμεῖν,
3489 5329 3644 5408 φησὶ,
3700 5329 3813 5405 χρὴ

2153 5417 2242 5474 καὶ
2275 5418 2399 5493 περὶ
2431 5420 2577 5491 ἡμᾶς
2614 5421 2691 5493 μή
2722 5421 2790 5474 τὰ
2818 5418 2987 5494 ὅμοια
3029 5415 3227 5495 ἆροϐῇ.
3274 5453 3342 5463 -
3389 5417 3639 5481 Ἄλλωςο
3672 5420 3814 5494 Ὅρα

2154 5510 2274 5570 πῶς
2305 5506 2499 5570 αὑτοὺς
2550 5508 2743 5586 ἀπάγει
2801 5512 2908 5564 τῶν
2967 5513 3316 5585 σωματικῶν,
3363 5510 3451 5566 καὶ
3508 5507 3646 5572 τέως
3705 5507 3812 5563 ἀπὸ

2151 5593 2251 5654 to?)
2277 5617 2478 5670 τοπου,
2508 5602 2626 5672 Θεῷ
2666 5600 2766 5668 τήν
2815 5596 2994 5673 δόξαν,
3045 5600 3110 5655 οὑ
3158 5603 3238 5672 τῷ
3283 5599 3437 5673 τόπῳ
3464 5599 3810 5675 προσνέμων,
