4136 6200
279 261 388 324 133

1258 255 1670 322 COMMENT.
1719 259 1796 320 IN
1843 258 2050 320 ACTA
2092 261 2703 329 APOSTOLORUM.

3573 270 3687 334 134

280 396 459 458 Αὐτὸς
483 391 592 476 γὰρ
824 389 986 470 δόξης
1010 395 1191 488 πηγὴ,
1253 394 1331 470 μή
1364 392 1618 488 δεόμενος
1807 394 1932 488 παρ’

2051 397 2165 453 Alio
2194 401 2374 456 modo.
2432 402 2573 458 Vide
2631 405 2928 475 quomodo
2973 405 3148 480 {ipsos
3207 424 3241 463 a
3283 405 3699 488 corporalibus

279 485 459 561 ὑμῶν,
486 485 644 562 φησί,
677 480 766 538 διὰ
796 488 889 538 τοῦ
918 482 1049 538 ναοῦ
1079 482 1260 559 δόξης.
1294 487 1402 549 Τῆς
1425 485 1640 560 Γραφῆς
1663 481 1718 538 δὲ
1743 481 1928 559 λεγού-

280 597 400 647 σης,
434 575 620 650 Θάρρα
659 573 752 628 τὸν
813 575 1016 649 πατέρα
1071 579 1168 629 τοῦ
1229 569 1480 648 Ἀϐραὰμ
1536 572 1815 647 ἐξορμίσαι
1870 571 1930 627 ἐκ

280 673 384 741 γῆς
440 660 736 721 Χαλδαίων
788 660 1045 732 ἐξελθεῖν,
1115 663 1234 727 πῶς
1314 666 1406 716 νῦν
1496 660 1769 740 Στέφανος
1853 665 1932 733 τῷ

282 749 541 828 ’Δϐραάμ
571 750 857 822 ἀνατίθησι
907 752 998 806 τὸν
1059 749 1454 826 χρηματισμὸν
1505 748 1739 819 τοῦτον;
1795 752 1932 824 πρὸς

287 842 483 899 δξστιν
525 842 717 909 εἰπεῖν,
780 841 856 902 ὡς
913 845 993 912 τῷ
1052 835 1303 912 Ἀϐραὰμ
1365 840 1511 912 μὲνὸ
1542 840 1934 915 χρηματισμὸς

285 936 520 1009 γέγονεν,
553 931 682 988 ἀλλ’
711 928 900 1000 ἐπειδή
961 928 1154 992 παιδὸς
1215 932 1362 1004 ὁρμὴ
1424 929 1483 986 ἐκ
1535 935 1934 1006 χρηματισμοῦ

293 1027 391 1081 οὖκ
445 1027 592 1101 εἶχεν
653 1022 958 1097 ἀντιλέγειν
1018 1021 1112 1078 κάν
1171 1024 1374 1099 πατὴρ,
1434 1027 1513 1095 τῷ
1575 1021 1932 1098 ὑποδείγματι

283 1116 462 1188 τούτῳ
515 1114 591 1175 εἰς
648 1112 920 1168 ἀπείθειαν
979 1112 1342 1167 ἀποσκάπτων
1426 1112 1555 1174 τοὺς
1612 1116 1727 1180 νῦν,
1789 1113 1934 1166 οὕτω

284 1206 513 1280 προάγει
553 1204 642 1257 τὸν
700 1199 885 1277 λόγον.
941 1201 1063 1262 Πῶς
1114 1201 1216 1277 γάρ
1269 1199 1366 1256 οὐκ
1424 1201 1661 1255 ἀπειθεῖν
1721 1198 1938 1277 ἐξελέγ-

284 1313 502 1368 χονται,
563 1293 610 1346 εἱ
659 1289 840 1368 Θάῤῥα
900 1291 993 1364 μὶν
1055 1286 1247 1351 παιδὸς
1307 1288 1404 1344 οὐκ
1460 1289 1703 1345 ἀντεῖπεν
1761 1291 1931 1364 ὁρμῇ,

283 1383 437 1437 αὐτοὶ
470 1379 527 1436 δὲ
553 1380 687 1454 μετά
707 1383 1050 1454 θεοσημειῶν
1095 1383 1284 1455 πεῖραν
1331 1378 1393 1432 οὐ
1441 1379 1606 1453 μόνον
1652 1381 1935 1442 ἀπειθοῦν-

275 1493 385 1539 τες,
416 1469 564 1526 ἀλλά
595 1468 683 1525 καὶ
710 1469 892 1547 φθόνῳ
922 1470 1060 1544 πρὸς
1093 1469 1258 1545 φόνον
1293 1472 1404 1523 τῶν
1435 1474 1554 1531 ταῖς
1583 1467 1933 1542 θεοσημείαις

279 1559 589 1631 δοξάζεσθαι
649 1559 831 1630 ἀξίων,
890 1555 1168 1631 δυσμενῶς
1248 1557 1687 1634 προσφερόμενοι
1755 1555 1936 1613 διατε-

283 1648 446 1708 λοῦσι
474 1667 491 1718 ς

2037 487 2300 554 abducit,
2338 495 2397 545 et
2426 491 2669 548 interim
2708 513 2741 550 a
2771 495 2925 556 loco.
2960 490 3208 570 gloriam
3235 499 3374 568 Deo,
3410 516 3532 554 non
3563 500 3692 555 loco

2038 577 2390 633 attribuens.
2419 585 2547 651 Ipse
2577 582 2798 638 etenim
2822 585 3023 657 gloriaa
3055 588 3188 643 fons
3222 593 3333 654 est,
3369 606 3488 644 non
3513 606 3691 662 egens

2042 667 2246 740 gloria,
2287 686 2419 740 quas
2449 687 2555 742 per
2584 674 2871 745 templum
2903 694 2936 731 a
2968 678 3137 733 nobis
3169 684 3275 734 est.
3314 680 3456 735 Cum
3489 687 3688 736 autem

2042 756 2186 813 dicit
2212 759 2511 830 Scriptura
2539 762 2723 817 Thare
2755 769 2988 834 patrem
3044 767 3340 824 Abraham
3386 787 3691 842 egressum

2043 860 2193 912 esse,
2223 852 2287 901 ut
2310 849 2789 918 proficisceretur
2810 853 2883 908 de
2911 859 3065 910 terra
3080 857 3516 930 Chaldazprum,
3540 877 3688 931 quo-

2043 935 2217 990 modo
2242 953 2400 992 nunc
2431 939 2764 1010 Stephanus
2788 941 2898 1012 ipsi
2931 943 3223 1000 Abraham
3245 949 3557 1004 oraculum
3583 951 3692 1006 hoc

2043 1027 2356 1082 attribuit?
2380 1027 2467 1082 Ad
2501 1029 2655 1100 quod
2688 1029 2803 1085 dici
2847 1038 3039 1102 potest
3074 1035 3230 1104 quod
3286 1030 3396 1107 ipsi
3451 1039 3688 1109 quidem

2044 1115 2341 1171 Abraham
2397 1115 2660 1172 divinum
2742 1135 3095 1190 responsum
3156 1123 3359 1179 datum
3418 1134 3527 1193 est,
3588 1128 3692 1183 sed

2045 1203 2347 1275 Scriptura
2368 1207 2521 1276 patri
2543 1207 3123 1280 attribuit,quoniam
3148 1211 3253 1265 tilii
3275 1215 3524 1270 consilio
3548 1216 3690 1287 quid

2045 1296 2079 1348 a
2109 1293 2305 1348 divino
2339 1303 2463 1350 erat
2493 1297 2730 1352 oraculo
2765 1315 2883 1353 non
2916 1302 3293 1372 contradixit,
3349 1321 3690 1376 quanquam

2045 1389 2215 1454 pater
2252 1391 2428 1449 esset,
2486 1385 2595 1440 hoc
2652 1388 2923 1459 exemplo
2983 1389 3258 1463 detegens
3307 1395 3690 1465 praesentium

2045 1472 2532 1530 inobedientiam.
2560 1477 2764 1530 Utrum
2792 1478 2950 1532 enim
2977 1495 3103 1534 esse
3123 1480 3536 1541 inobedientes
3570 1502 3693 1540 non

2045 1562 2496 1633 convincuntur,
2529 1580 2664 1618 cum
2687 1566 2869 1621 Thare
2901 1569 3151 1623 consilio
3185 1571 3291 1626 filii
3323 1590 3443 1629 non
3467 1581 3695 1630 contra-

2049 1649 2282 1719 dixerit,
2317 1651 2430 1723 ipsi
2456 1669 2590 1708 vero
2621 1660 2756 1724 post
2783 1655 3116 1712 divinorum
3162 1660 3463 1731 signorum
3512 1681 3693 1736 expe-

277 1742 559 1798 rientiam
588 1756 712 1795 non
744 1739 940 1795 solum
969 1737 1286 1806 increduli,
1326 1754 1533 1794 verum
1564 1739 1744 1794 etiam
1774 1756 1895 1810 praa
1943 1739 2166 1795 invidia
2194 1739 2269 1796 ad
2322 1741 2544 1797 easdem
2599 1743 2900 1800 hostiliter
2950 1763 3050 1801 eos
3111 1751 3508 1822 aggredienda
3556 1771 3693 1825 per-

278 1833 575 1899 severent,
609 1827 713 1899 qul
738 1828 812 1882 ob
845 1827 1044 1882 divina
1075 1827 1244 1894 signa
1272 1825 1596 1898 gloriﬁcari
1624 1832 1931 1883 merentur
1957 1827 1984 1883 Τ

354 1917 517 1972 «Καὶ
570 1914 940 1991 ἐπηγγείλατο
995 1914 1145 1987 αὐτῷ
1199 1912 1381 1969 δοῦναι
1442 1914 1517 1976 εἷς
1601 1917 1932 1992 κατάσχεσιν
1966 1923 2014 1988 Β

278 2006 529 2076 «αὐτὴν,
579 2005 668 2060 καὶ
729 2002 810 2076 τῷ
867 2002 1134 2079 σπέρματι
1191 2001 1358 2058 αὐτοῦ
1411 2007 1528 2076 μετ’
1586 2005 1936 2074 αύτὸν,,οὐκ

280 2121 311 2151 α
343 2095 500 2158 ὄντος
533 2093 680 2166 αὐτῷ
707 2095 916 2150 τέκνου.
950 2091 1224 2162 Ἐλάλησε
1257 2090 1314 2147 δὲ
1363 2093 1535 2155 οὕτως
1579 2094 1607 2148 6
1639 2096 1816 2163 ’Θεὸς,
1849 2094 1936 2150 ὅτι

284 2209 316 2239 α
344 2183 494 2240 ἔσται
519 2184 585 2239 τὸ
615 2183 832 2258 σπέρμα
879 2183 1045 2237 αὐτοῦ
1101 2183 1364 2257 πάροικον
1415 2181 1468 2237 ἐν
1515 2185 1588 2256 γῇ
1642 2181 1934 2258 ἀλλοτρίᾳ,

285 2300 316 2328 ει
346 2275 436 2329 καὶ
477 2271 849 2329 δουλώσουσιν
879 2272 1031 2340 αὐτὸ,
1070 2270 1159 2324 καὶ
1217 2270 1557 2326 κακώσουσιν
1606 2265 1699 2342 ἔτη
1748 2293 1934 2348 τετρα-

289 2389 316 2416 ι(
349 2363 529 2420 κόσια.
558 2361 660 2418 Καὶ
690 2362 752 2415 τὸ
784 2359 931 2424 ἔθνος
961 2360 1008 2432 ᾧ
1038 2360 1126 2414 έάν
1163 2356 1528 2430 δουλεύσωσι,
1576 2364 1749 2435 κρινῶ
1804 2360 1933 2437 ἐγὼ,

286 2475 318 2502 ι.
348 2451 501 2505 εἶπεν
533 2450 562 2503 ὸ
594 2448 746 2510 Θεός.
790 2447 893 2503 Kal
929 2447 1064 2519 μετά
1090 2451 1258 2502 ταῦτα
1286 2445 1653 2517 ἐξελεύσονται
1695 2449 1782 2502 καὶ
1839 2446 1937 2503 λα-

285 2564 317 2592 ει
350 2536 636 2614 τρεύσουσί
671 2557 765 2609 μοι
797 2536 850 2590 ἐν
881 2540 961 2608 τῷ
990 2535 1144 2609 τόπῳ
1171 2536 1370 2608 τούτῳ.
1408 2535 1505 2590 Καὶ
1563 2531 1762 2592 ἔδωκεν
1795 2536 1939 2608 αύτῷ

291 2654 318 2681 οι
356 2626 626 2698 διαθήκην
710 2632 1038 2701 περιτομῆς.
1121 2624 1218 2679 Καὶ
1307 2623 1479 2689 οὕτως
1559 2626 1799 2699 ἐγέννησε
1848 2625 1940 2680 τὸν

290 2741 319 2769 ιι
355 2717 560 2786 Ἰσαὰκ,
589 2715 680 2771 καὶ
707 2715 1026 2790 περιέτεμεν
1055 2713 1218 2769 αὐτὸν
1276 2712 1346 2787 τῇ
1394 2713 1576 2788 ἡμέρᾳ
1618 2719 1688 2789 τῇ
1743 2712 1938 2790 ὀγδόῃ,

282 2832 312 2861 ει
350 2807 442 2862 καί
477 2807 506 2861 6
536 2806 718 2862 Ἰσαάκ
745 2804 837 2861 τὸν
901 2799 1121 2873 Ἰακὼϐ,
1180 2804 1268 2858 καὶ
1327 2805 1356 2858 ὸ
1414 2799 1606 2859 Ἰακὼϐ
1662 2804 1789 2867 τοὺς
1821 2801 1939 2859 δώ-

287 2920 317 2949 ιι
351 2894 484 2951 δεκα
511 2897 877 2972 πατριάρχας.
932 2894 1033 2951 Καὶ
1091 2893 1143 2947 οἱ
1192 2893 1531 2969 πατριάρχαι
1591 2892 1939 2964 ζηλώσαντες

288 3011 316 3039 ει
343 2987 436 3041 τὸν
472 2987 698 3061 Ἰωσὴφ,
731 2981 996 3039 ἀπέδοντο
1030 2982 1108 3045 εἷς
1156 2981 1453 3057 Αἴγυπτον.
1504 2983 1602 3037 Kal
1651 2984 1718 3053 ἦν
1753 2985 1781 3038 ὁ
1813 2985 1940 3046 Θεὸς

285 3101 313 3128 a
349 3077 470 3150 μετ’
501 3075 686 3144 αὐτοῦ,
719 3073 810 3128 καὶ
842 3071 1077 3144 ἐξείλετο
1109 3072 1272 3128 αὐτὸν
1318 3071 1378 3128 ἐκ
1425 3078 1607 3128 πασῶν
1657 3078 1765 3128 τῶν
1819 3071 1939 3138 θλί‹

285 3189 313 3220 ι
343 3169 494 3239 ψεων
523 3164 708 3218 αὐτοῦ.
756 3163 860 3219 Καὶ
917 3157 1115 3216 ἔδωκεν
1177 3161 1326 3234 αὐτῷ
1383 3163 1546 3238 χάριν
1598 3161 1689 3216 καὶ
1743 3163 1935 3237 σοφίαν

2121 1942 2142 1967 ι
2168 1920 2288 1986 VII,
2314 1923 2363 1974 5-
2383 1923 2464 1974 18.
2483 1923 3086 1994 Etpromisitillieam
3115 1945 3176 1984 se
3199 1928 3474 1986 daturum
3501 1935 3694 2004 possi-

2043 2029 2072 2057 «
2097 2006 2375 2076 dendam,
2409 2012 2690 2066 etsemini
2719 2013 2845 2085 ejus
2885 2022 3019 2086 post
3039 2016 3401 2087 ipsum,cum
3435 2037 3554 2076 non
3588 2022 3694 2077 ha-

2046 2117 2074 2146 «
2096 2096 2264 2152 beret
2285 2098 2750 2156 ﬂlium.Locutus
2773 2110 2861 2158 est
2881 2110 3078 2160 autem
3112 2106 3197 2161 ita
3227 2109 3382 2164 Deus
3415 2111 3573 2180 quod
3606 2109 3695 2166 fu-

2046 2207 2073 2237 «
2099 2191 2295 2240 turum
2317 2194 2472 2243 esset
2487 2205 2690 2244 semen
2710 2192 2838 2263 ejus
2853 2193 3214 2264 inquilinum
3229 2197 3292 2251 in
3309 2204 3463 2254 terra
3476 2200 3694 2270 aliena,

2046 2299 2069 2324 «ι
2095 2282 2153 2331 et
2171 2279 2440 2332 servituti
2465 2279 2658 2351 ipsum
2693 2282 3016 2354 subjecturi
3040 2293 3240 2341 essent
3268 2289 3542 2360 maleque
3576 2297 3698 2347 tra-

2047 2390 2074 2417 «
2101 2369 2312 2424 ctaturi
2337 2370 2510 2425 annis
2534 2372 3085 2445 quadringentis.Et
3104 2383 3338 2448 gentem
3365 2379 3701 2453 cuicunque

2048 2481 2074 2512 α
2097 2457 2411 2513 servierint
2452 2459 2737 2530 judicabo
2769 2479 2897 2535 ego,
2931 2464 3077 2519 dicit
3108 2467 3282 2522 Deus.
3317 2470 3382 2522 Et
3417 2477 3550 2540 post
3580 2470 3705 2527 hazc

2047 2568 2075 2595 ‹‹
2101 2547 2348 2602 exibunt
2387 2553 2444 2602 et
2471 2550 2725 2606 servient
2756 2551 2901 2606 mihi
2931 2554 2991 2608 in
3024 2554 3152 2610 loco
3187 2557 3321 2612 isto.
3361 2559 3426 2612 Et
3457 2558 3618 2615 dedit
3652 2562 3705 2616 ei

2047 2658 2075 2685 ‹‹
2110 2641 2535 2692 testamentum
2563 2639 3056 2700 circumcisionis.
3110 2647 3302 2717 Atque
3353 2647 3450 2704 hic
3502 2652 3709 2721 genuit

2048 2744 2075 2772 ‹‹
2105 2726 2290 2790 Isaac,
2313 2732 2372 2780 et
2392 2727 2766 2785 circumcidit
2789 2747 2924 2786 eum
2951 2739 3152 2788 octavo
3176 2734 3292 2803 die,
3327 2742 3385 2792 et
3417 2738 3576 2794 Isaac
3607 2742 3702 2796 Ja-

2049 2834 2075 2861 α
2111 2813 2240 2881 cob,
2275 2820 2334 2869 et
2361 2816 2540 2872 Jacob
2571 2816 2882 2875 duodecim
2915 2823 3306 2892 patriarchas.
3342 2827 3410 2879 Et
3442 2828 3702 2897 patriar-

2051 2902 2236 2958 «chaa
2296 2904 2517 2961 invidia
2571 2909 2805 2962 accensi
2889 2911 3105 2982 Joseph
3186 2913 3582 2969 vendiderunt
3639 2917 3699 2971 in

2048 3011 2077 3040 ι(
2115 2993 2461 3064 Egyptum:
2497 2999 2554 3050 et
2584 3001 2712 3050 erat
2743 2998 2899 3051 Deus
2931 3015 3064 3053 cum
3100 3015 3190 3066 eo,
3230 3006 3287 3054 et
3317 3002 3535 3073 eripuit
3563 3019 3699 3058 eum

2046 3098 2080 3130 α
2104 3094 2172 3133 ex
2199 3081 2474 3136 omnibus
2501 3083 2932 3139 afﬂictionibus
2962 3085 3172 3156 ipsius,
3204 3094 3263 3142 et
3292 3089 3453 3143 dedit
3485 3091 3535 3146 ei
3567 3107 3700 3164 gra-

2051 3188 2077 3218 ιι
2104 3168 2247 3222 tiam
2272 3176 2330 3223 et
2355 3171 2711 3242 sapientiam
2743 3189 2940 3228 coram
2965 3175 3273 3231 Pharaone
3299 3193 3432 3251 rege
3450 3179 3699 3253 Egypti.

283 3278 307 3309 ε
341 3253 584 3309 ἐναντίον
613 3252 816 3329 Φαραὼ
850 3251 1119 3327 βασιλέως
1148 3249 1453 3325 Αἰγύπτου,
1476 3251 1578 3308 Καὶ
1604 3253 1929 3322 κατέστησεν

386 3343 402 3358 .
452 3344 467 3358 .
558 3344 572 3358 .
673 3342 687 3358 .
896 3340 910 3358 τ
966 3343 978 3358 .
1026 3339 1085 3358 ..ι
1411 3339 1426 3358 κ
1464 3340 1515 3358 ..κ
1679 3341 1691 3357 ς
1812 3343 1835 3358 ν

2051 3277 2081 3307 κ
2112 3258 2548 3330 Constituitque
2582 3277 2719 3316 eum
2771 3263 3114 3334 praefectum
3167 3283 3345 3337 super
3372 3249 3700 3341 'Egyvpt'um

279 3369 309 3398 ι(
343 3343 505 3398 αὐτὸν
547 3342 860 3416 ἡγούμενον
894 3340 978 3395 ἐπ’
1009 3339 1306 3416 Αἴγυπτον,
1339 3339 1428 3394 καὶ
1459 3340 1591 3394 ὅλον
1639 3341 1730 3396 τὸν
1779 3343 1929 3396 οἷκον

279 3460 308 3486 ε(
333 3434 530 3489 αὐτοῦ.
565 3431 737 3489 Ἦλθε
767 3428 824 3486 δέ
854 3429 1019 3502 λιμὸς
1051 3429 1132 3508 ἐφ’
1163 3431 1300 3499 ὅλην
1340 3431 1442 3499 τήν
1498 3436 1601 3504 γῆν
1649 3430 1933 3507 Αἰγύπτου

275 3550 303 3576 κ
339 3523 428 3578 καὶ
460 3522 700 3591 Χαναὰν,
743 3520 834 3575 καὶ
876 3519 1062 3594 θλίψις
1098 3517 1333 3594 μεγάλη,
1380 3520 1469 3574 καὶ
1529 3518 1636 3595 οὐχ
1686 3517 1932 3594 εὕρισκον

288 3637 317 3665 α
350 3614 712 3688 χορτάσματα
741 3611 793 3665 οἱ
823 3611 1050 3684 πατέρες
1081 3613 1262 3682 ἡμῶν.
1317 3609 1578 3674 Ἀκούσας
1633 3607 1691 3665 δὲ
1738 3606 1934 3666 Ἰακὼϐ

282 3727 311 3754 σε
345 3700 618 3757 ὄντασῖτα
664 3698 716 3754 ἐν
774 3698 1060 3774 Αἰγύπτῳ,
1119 3696 1462 3769 ἐξαπέστειλε
1517 3698 1646 3760 τοὺς
1702 3699 1934 3774 πατέρας

284 3777 314 3845 ά
347 3795 512 3864 ἡμῶν
547 3796 784 3867 πρῶτον.
821 3789 921 3846 Καὶ
955 3788 1006 3843 ἐν
1033 3794 1114 3862 τῷ
1143 3787 1378 3863 δευτέρῳ
1410 3790 1780 3865 ἀνεγνωρίσθη
1817 3793 1932 3846 Ἰω-

295 3906 323 3938 α
357 3882 470 3958 σήφ
493 3886 610 3941 τοῖς
640 3877 902 3954 ἀδελφοῖς
935 3879 1122 3934 αὐτοῦ.
1157 3878 1260 3935 Καὶ
1314 3880 1542 3958 φανερὸν
1593 3879 1804 3958 ἐγένετο
1859 3884 1938 3952 τῷ

287 3996 317 4022 α
351 3974 560 4046 Φαραῷ
587 3970 650 4024 τὸ
680 3968 836 4043 γένος
865 3972 962 4023 τοῦ
993 3969 1217 4045 Ἰωσήφ.
1253 3967 1611 4040 ’νποστείλας
1645 3967 1702 4024 δὲ
1735 3971 1936 4046 Ἰωσήφ

289 4084 317 4111 ι’
355 4058 760 4134 μετακαλέσατο
788 4058 882 4113 τὸν
913 4055 1119 4132 πατέρα
1144 4057 1312 4112 αὐτοῦ
1361 4052 1579 4127 Ἰακὼϐ,
1628 4059 1718 4113 καὶ
1767 4065 1939 4114 πᾶσαν

288 4175 321 4204 κ
354 4152 457 4219 τὴν
515 4147 828 4224 συγγένειαν
887 4148 938 4202 ἐν
1017 4151 1222 4222 ψυχαῖς
1308 4141 1688 4222 ἐϐδομήκοντα
1757 4151 1935 4205 πέντε.

284 4265 314 4294 ι(
349 4233 569 4308 Κατέϐη
601 4235 659 4293 δὶ
712 4231 906 4295 Ἰακὼὸ
964 4236 1038 4298 εἷς
1094 4234 1395 4312 Αἴγυπτον,
1449 4237 1538 4291 καὶ
1596 4236 1941 4310 ἐτελεύτησεν

288 4356 315 4380 ι
349 4329 514 4393 αὐτὸς
537 4328 628 4383 καὶ
663 4329 714 4381 οἱ
771 4326 996 4402 πατέρες
1050 4328 1236 4399 ἡμῶν,
1294 4328 1383 4381 καὶ
1451 4326 1804 4400 μετετέθησαν
1864 4328 1941 4390 εἲς

292 4442 323 4470 α
357 4418 577 4493 Συχὲμ,
603 4417 690 4471 καὶ
726 4415 982 4488 ἐτέθησαν
1030 4414 1083 4470 ἐν
1128 4420 1210 4489 τῷ
1271 4417 1538 4489 μνήματι,
1600 4418 1630 4470 6'
1688 4416 1939 4488 ὠνήσατυ

290 4534 314 4561 ι
352 4502 608 4581 Ἀϐραὰμ
636 4513 805 4580 τιμῆς
842 4505 1102 4581 ἀργυρίου
1159 4505 1304 4579 παρά
1362 4510 1473 4561 τῶν
1531 4507 1662 4560 υἱῶν
1723 4508 1939 4584 Ἐμμὸρ

289 4625 318 4650 ι’(
349 4602 454 4654 τοῦ
486 4596 698 4673 Συχέμ.
733 4596 921 4661 Καθὼς
973 4594 1029 4650 δί
1079 4593 1302 4670 ἤγγιζεν
1333 4598 1361 4652 ὸ
1391 4598 1591 4673 χρόνος
1631 4604 1734 4667 τῆς
1782 4596 1942 4673 ἐπαγ-

2049 3372 2072 3397 «
2096 3362 2164 3402 ac
2195 3352 2376 3403 totam
2414 3348 2658 3405 domum
2693 3368 2880 3406 suam.
2916 3354 3089 3408 Venit
3127 3361 3324 3411 autem
3386 3357 3575 3414 fames
3606 3375 3702 3414 su-

2042 3456 2071 3484 ‹‹
2098 3451 2205 3506 per
2235 3437 2572 3493 universam
2606 3444 2826 3495 terram
2860 3441 3084 3514 Egypti
3120 3448 3176 3498 et
3223 3444 3534 3514 Chanaan,
3572 3463 3702 3503 ma-

2047 3547 2075 3575 α
2114 3542 2350 3598 gnaque
2381 3526 2648 3596 afflictio,
2683 3545 2792 3583 nec
2852 3529 3239 3587 inveniebant
3286 3533 3449 3589 cibos
3508 3541 3704 3607 patres

2043 3633 2074 3667 «
2104 3615 2311 3669 nostri.
2354 3616 2622 3672 Audiens
2654 3624 2855 3673 autem
2888 3619 3064 3675 Jacob
3105 3622 3262 3692 quod
3290 3623 3587 3680 frumenta
3617 3643 3706 3680 es-

2043 3724 2072 3754 «
2108 3710 2245 3758 eent
2273 3705 2335 3759 in
2368 3707 2610 3778 Egypto
2654 3707 2822 3762 misit
2877 3715 3078 3778 patres
3126 3716 3362 3767 nostros
3420 3714 3701 3784 primum,

2047 3814 2069 3841 ι
2105 3810 2361 3864 cumque
2391 3794 2653 3849 secundo
2705 3797 2871 3851 missi
2908 3801 3391 3871 essent,,agnitus
3423 3803 3699 3858 estafra-

2047 3903 2076 3933 ‹‹
2109 3882 2296 3937 tribus
2329 3884 2472 3951 suis,
2508 3891 2567 3938 et
2596 3885 2861 3940 innotuit
2892 3887 3183 3943 Pharaoni
3215 3906 3401 3961 genus
3455 3891 3694 3962 Joseph.

2051 3993 2072 4022 ι
2103 3971 2203 4027 62
2237 3971 2393 4026 Misit
2419 3978 2615 4027 autem
2643 3975 2859 4046 Joseph
2891 3977 3243 4032 accersitum
3276 3985 3502 4049 patrem
3529 3998 3700 4036 suum

2048 4059 2307 4128 «Jacob,
2372 4077 2734 4133 omnemque
2801 4065 3215 4135 cognationem
3273 4069 3333 4122 in
3389 4070 3701 4127 animabus

2050 4171 2078 4200 «
2118 4150 2493 4221 septuaginta
2551 4150 2834 4221 quinque.
2892 4154 2961 4207 Et
3018 4153 3327 4212 descendit
3407 4160 3582 4215 Jacob
3637 4162 3698 4216 in

2063 4259 2084 4286 ι
2121 4240 2451 4310 Ᾰίεζγρῐιιῐη,
2479 4246 2867 4312 mortuusque
2900 4248 2990 4297 est
3016 4244 3145 4314 ipse
3178 4253 3234 4300 et
3262 4252 3458 4318 patres
3484 4250 3696 4302 no;--.’.ri.

2050 4349 2078 4378 «
2112 4332 2177 4381 Et
2209 4327 2480 4383 translati
2513 4339 2652 4384 sunt
2682 4330 2742 4384 in
2795 4331 3046 4401 Sichem,
3102 4337 3394 4408 positique
3443 4345 3583 4392 sunt
3633 4339 3693 4393 in

2049 4438 2076 4466 ‹‹
2112 4416 2407 4487 sepulcro,
2444 4417 2600 4488 quod
2634 4419 2776 4473 emit
2822 4419 3114 4477 Abraham
3172 4426 3360 4494 pretio
3400 4427 3628 4498 argenti
3662 4443 3696 4480 a

2050 4527 2076 4554 ‹‹
2105 4505 2244 4560 ﬁliis
2269 4507 2446 4560 Emor
2469 4507 2577 4561 filii
2602 4508 2855 4566 Sichem.
2880 4512 3023 4567 Cum
3047 4520 3243 4568 autem
3267 4515 3516 4569 instaret
3540 4522 3686 4572 tein-

2056 4618 2075 4642 ι
2113 4611 2222 4665 pus
2241 4596 2675 4667 promissionis,
2704 4616 2882 4670 quam
2904 4603 3179 4672 promisit
3201 4603 3352 4658 Deus
3369 4603 3688 4673 Abraham,

265 4714 322 4741 -α
352 4669 664 4766 γελίας,ἦς
694 4683 906 4759 ὤμοσεν
941 4687 968 4740 ὁ
1018 4669 1146 4747 Θεὸς
1173 4669 1278 4757 ⁷τῷ
1318 4669 1602 4760 -Ἀέραάμ,
1653 4669 1939 4758 ηὕξησενὸ

2063 4707 2090 4735 ι(
2125 4686 2305 4740 crevit
2335 4685 2592 4757 populus
2625 4693 2682 4741 et
2711 4669 3139 4760 multiplicatus
3198 4697 3287 4747 est
3334 4693 3394 4747 in
3443 4669 3684 4767 Egypto

294 4804 324 4829 ε(
358 4777 497 4838 λαὸς
526 4777 616 4831 καὶ
647 4775 963 4846 ἐπληθύνθη
997 4773 1048 4829 ἐν
1080 4774 1363 4848 Αἰγύπτῳ,
1421 4772 1586 4850 ἄχρις
1637 4777 1698 4830 οὗ
1750 4775 1941 4848 ἀνέστη

294 4893 323 4919 u
363 4865 625 4942 βασιλεὺς
656 4861 858 4940 ἕτερος,
889 4864 948 4926 ὅς
980 4864 1079 4919 οὐκ
1107 4861 1228 4938 ᾔδει
1253 4865 1346 4920 τὸν
1379 4867 1604 4943 Ἰωσήφ.
1637 4889 1665 4918 »

367 4957 466 5012 Ἐκ
493 4953 722 5010 πολλῶν
755 4951 844 5008 διὰ
871 4959 972 5023 τῆς
1002 4949 1370 5027 προκειμένης
1401 4951 1746 5030 δημηγορίας
1779 4955 1806 5010 ὁ
1841 4975 1945 5028 μα-

290 5044 486 5119 κάριος
549 5046 822 5122 Στέφανος
880 5042 1173 5119 ἀπελέγχει
1230 5043 1321 5098 καὶ
1374 5044 1473 5113 τήν
1560 5045 1751 5099 ἑαυτοῦ
1809 5045 1943 5120 πρὸς

291 5134 425 5195 τοὺς
443 5131 740 5194 Ἰουδαίους
773 5132 1072 5204 εὐμένειαν,
1104 5131 1195 5186 καὶ
1243 5133 1342 5199 τήν
1395 5130 1612 5186 ἐκείνων
1663 5135 1802 5208 πρὸς
1843 5135 1945 5188 αὗ-

295 5223 393 5278 τὸν
425 5223 742 5298 ἀγριότητα.
766 5223 839 5279 Τὸ
869 5222 971 5297 γάρ
1000 5222 1074 5282 ὡς
1123 5222 1258 5297 πρὸς
1317 5218 1584 5299 ἀδελφοὺς
1642 5225 1730 5278 καὶ
1781 5223 1946 5279 πατέ-

292 5333 395 5388 ρας
428 5313 730 5368 ἀποτείνειν
759 5312 852 5367 τὸν
883 5310 1069 5384 λόγον,
1109 5312 1162 5366 τί
1195 5311 1255 5366 ἄν
1290 5309 1432 5366 ἄλλο
1456 5313 1544 5366 διὰ
1575 5313 1780 5369 τούτων
1836 5318 1943 5368 τῶν

290 5399 583 5472 ὀνομάτων
615 5396 907 5465 δείκνυται,
942 5397 976 5466 ἢ
1007 5397 1071 5452 τὸ
1100 5397 1216 5451 κατ’
1263 5397 1432 5468 ἀξίαν,
1483 5398 1584 5468 τῆς
1632 5398 1941 5476 συγγενείας

263 5491 432 5566 πρὸς
481 5487 683 5552 αὐτοὺς
742 5485 1032 5564 φέρεσθαι;
1088 5484 1216 5548 τοὺς
1271 5484 1570 5551 Ἰουδαίους
1631 5486 1687 5544 δὲ
1745 5490 1938 5566 μικρὸν

284 5579 472 5653 τούτῳ
504 5578 964 5656 προσανέχοντας,
995 5579 1111 5637 τοῖς
1143 5572 1202 5632 δὶ
1243 5571 1316 5630 δι’
1362 5575 1529 5634 αὑτοῦ
1575 5577 1788 5652 μᾶλλον
1839 5600 1937 5649 ση-

2059 4795 2086 4824 ‹‹
2115 4773 2304 4829 donec
2336 4781 2572 4830 exortus
2603 4781 2693 4830 est
2746 4777 2899 4832 alius
2948 4795 3069 4847 rex,
3131 4781 3229 4851 qui
3275 4798 3395 4837 non
3454 4790 3697 4839 noverat

2057 4884 2084 4912 «
2112 4863 2350 4934 Ioseph.
2386 4885 2414 4912 ››

2126 4955 2190 5008 In
2222 4955 2500 5026 praesenti
2523 4954 2806 5010 concione
2850 4956 3058 5015 beatus
3108 4961 3438 5032 Stephanus
3487 4965 3692 5019 multis

2056 5041 2426 5098 demonstrat
2454 5048 2512 5096 et
2542 5060 2708 5098 suam
2741 5062 2878 5116 erga
2915 5047 3147 5105 Judaeos
3196 5051 3695 5110 benevolentiam.

2058 5137 2115 5186 et
2135 5131 2372 5187 illorum
2396 5148 2532 5204 erga
2553 5149 2615 5186 se
2638 5133 3022 5192 ferocitatem.
3052 5141 3193 5194 Nam
3223 5142 3382 5212 quod
3416 5148 3698 5212 tanquam

2056 5221 2129 5276 ad
2154 5221 2366 5275 fratres
2383 5237 2449 5274 ac
2472 5227 2668 5290 patres
2689 5222 2958 5281 intendat
2979 5243 3339 5297 sermonem,
3373 5231 3512 5301 quid
3536 5231 3700 5286 aliud

2055 5309 2148 5364 his
2181 5309 2404 5364 indicat
2428 5311 2773 5367 nominibus
2804 5333 2980 5385 quam
3016 5317 3172 5388 quod
3231 5319 3558 5375 secundum
3599 5337 3698 5375 σου

2055 5400 2353 5471 gnationis
2383 5399 2730 5471 dignitatem
2763 5404 2835 5458 ad
2868 5405 3004 5461 illos
3036 5406 3276 5473 feratur,
3328 5409 3512 5464 Judzei
3564 5427 3698 5466 vero

2056 5505 2267 5562 parum
2299 5489 2436 5544 huic
2466 5491 2702 5546 effectui
2735 5492 3023 5565 deferant,
3049 5497 3150 5551 sed
3177 5499 3374 5569 potius
3422 5499 3701 5557 adversus

2059 5579 2226 5651 signa
2254 5594 2362 5651 per
2385 5579 2582 5652 ipsum
2609 5579 2766 5640 facta
2795 5585 3116 5643 crudeliter
3145 5589 3340 5645 aﬂ‘ecti
3372 5590 3535 5646 sint?
3562 5591 3698 5644 Ideo
