4136 6200
419 322 530 384 135

1535 317 1943 382 CECUMENII
1986 314 2300 379 ΤΗΙΟΟᾸΞ
2341 316 2688 379 EPISCOPI

3708 322 3827 384 136

419 473 654 530 quoque
685 453 1016 526 Stephanus
1047 451 1108 508 in
1134 451 1374 509 illorum
1401 452 1802 526 improbitate,
1835 468 1966 524 quas
1989 466 2062 507 ex

2181 469 2359 522 μειοις
2417 443 2836 513 ὑποϐλεπτικῶς
2875 449 3353 527 προσκειμένουςς
3411 449 3496 509 διὸ
3545 451 3637 509 καῖ
3696 452 3832 510 Στέ-

420 548 638 604 infecto
663 544 861 600 animo
894 548 1038 612 erat,
1069 543 1316 598 liberius
1343 541 1718 616 coarguenda
1738 547 2058 614 occupatus

417 643 524 692 est.
558 636 627 689 Et
653 632 1132 704 promissionem,
1167 649 1297 704 quas
1330 632 1403 688 ad
1434 639 1630 704 patres
1661 632 1815 688 facta
1845 635 1955 698 est,
1984 630 2057 686 ob

413 741 588 796 quam
615 722 1033 790 efferebantur,
1054 723 1315 778 ostendit
1341 728 1478 777 ante
1500 739 1634 777 cum
1666 721 1887 788 locum,
1921 724 2060 776 ante

413 813 947 879 circumcisionem,
983 818 1119 867 ante
1151 811 1461 877 sacrificia,
1492 817 1629 867 ante
1657 811 1947 882 templum
1977 809 2062 866 fa-

413 909 568 960 ctam
597 918 724 956 esse
753 919 764 955 :
798 908 857 956 et
887 918 1080 972 neque
1113 901 1708 956 hicircumcisionem
1739 905 1842 956 aut
1869 900 2060 973 legem

415 996 767 1062 acceperant
793 989 950 1060 quod
973 989 1131 1060 digni
1154 989 1537 1056 fuissent,sed
1562 989 1747 1044 solius
1778 987 2062 1044 obedien-

417 1081 512 1136 tiaa
545 1095 772 1134 merces
803 1085 929 1134 erat
959 1078 1083 1134 sola
1115 1084 1290 1134 terra.
1326 1080 1397 1133 Et
1425 1095 1618 1150 neque
1641 1078 1778 1134 data
1807 1078 2061 1134 circum-

417 1170 640 1227 cisione
672 1167 973 1240 completa
993 1175 1082 1223 est
1103 1168 1436 1240 promissio,
1467 1167 1626 1240 quod
1649 1169 1826 1224 etiam
1851 1168 1978 1224 haec
1998 1167 2063 1222 in

417 1260 605 1332 figura
627 1259 1058 1330 contingerent.
1089 1257 1413 1313 Considera
1439 1274 1593 1324 vero,
1628 1258 1784 1329 quod
1817 1258 1864 1312 si
1899 1263 2067 1329 pater

416 1351 602 1404 Thare
635 1365 755 1402 non
813 1347 924 1400 fuit
979 1347 1172 1402 socius
1212 1347 1708 1419 peregrinationis
1757 1363 1892 1402 cum
1942 1346 2064 1401 filio

421 1438 715 1493 Abraham
736 1453 803 1491 eo
827 1435 985 1507 quod
1011 1435 1288 1508 indignus
1312 1441 1488 1500 esset,
1516 1437 1702 1490 multo
1729 1435 1912 1508 magis
1932 1435 2064 1504 ﬁlii,

425 1525 657 1582 etiamsi
689 1525 1012 1596 plurimum
1045 1525 1150 1579 via:
1182 1523 1565 1580 confecerint.
1615 1525 1906 1580 Abraham
1956 1525 2064 1582 ita-

424 1634 537 1690 que
570 1616 715 1671 adeo
745 1615 856 1670 fuit
882 1615 1321 1686 obtemperans,
1356 1621 1420 1670 ut
1450 1622 1508 1672 et
1539 1617 1952 1689 cognationem
2012 1621 2071 1672 et

425 1708 677 1780 patriam
711 1707 836 1762 solo
868 1712 1062 1761 motus
1096 1707 1334 1762 oraculo
1358 1706 1668 1778 reliquerit
1695 1707 1861 1773 Quod
1893 1707 1940 1763 si
1971 1707 2068 1762 hic

2176 560 2344 615 φανος
2374 543 2442 614 τῇ
2477 537 2695 595 ἐκείνων
2729 541 2834 596 ἀπὸ
2893 545 3192 617 χρὼματος
3248 543 3634 623 κακεντρεχείᾳ
3687 543 3832 619 παρ-

2171 626 2663 705 ῥησιαστικώτερον
2709 625 3050 704 ἐπεμϐαίνων
3111 632 3494 704 κατείληπται.
3554 633 3658 690 Καὶ
3717 630 3830 687 δεί-

2167 737 2319 772 κνυσι
2357 719 2457 787 τήν
2484 719 2620 794 πρὸς
2647 720 2774 781 τοὺς
2805 717 3045 797 πατέρας
3073 719 3423 797 ἐπαγγελίαν,
3455 721 3540 800 ἐφ’
3566 721 3635 798 ᾖν
3691 724 3831 799 μέγα

2171 805 2452 885 ἐφρόνουν,
2483 809 2592 884 πρὸ
2621 813 2718 864 τοῦ
2748 809 2921 866 τόπου
2950 810 3276 885 γενομένην,
3307 813 3412 887 πρὸ
3456 818 3558 874 τῖς
3605 832 3832 887 περιτο-

2179 902 2309 968 μῆς,
2341 897 2572 972 πρὸτῆς
2603 898 2810 968 Θυσίας,
2860 899 2967 974 πρὸ
3023 904 3120 955 τοῦ
3171 898 3329 959 ναοῦ.
3398 899 3503 958 Καὶ
3562 900 3646 956 ὅτι
3704 899 3831 956 οὐδὲ

2170 987 2287 1041 κατ’
2319 987 2466 1058 ἀξίαν
2495 987 2643 1043 οῦτοι
2669 983 2865 1044 ἔλαϐον
2899 987 3024 1044 οὑδὲ
3085 990 3409 1065 περιτομὴν,
3458 987 3582 1045 οὑδὲ
3631 990 3828 1063 νόμον,

2173 1074 2320 1130 ἀλλά
2348 1083 2448 1146 τῆς
2494 1077 2739 1144 ὑπακοῆς
2782 1078 2951 1151 μόνης
3002 1080 3030 1134 ὁ
3088 1080 3280 1153 μισθὸς
3326 1079 3394 1148 ἦν
3443 1081 3478 1149 ἡ
3533 1086 3606 1154 γῆ
3659 1081 3827 1152 μόνη.

2173 1165 2275 1222 Καὶ
2311 1163 2439 1222 οὑδὲ
2486 1173 2791 1241 περιτομῆς
2846 1165 3091 1238 δοθείσης
3147 1170 3182 1238 ἡ
3235 1166 3538 1248 ἐπαγγελία
3585 1168 3834 1244 πληροῦ-

2171 1278 2282 1324 ται,
2315 1257 2404 1312 καὶ
2440 1257 2526 1312 ὅτι
2554 1257 2721 1312 τύποι
2771 1255 2905 1332 ᾖσαν
2956 1261 3143 1315 ταῦτα.
3198 1257 3400 1314 Σκόπει
3450 1256 3508 1313 δὲ
3554 1258 3663 1327 ὃτι,
3718 1255 3769 1313 εἴ
3797 1257 3828 1312 ὁ

2176 1347 2359 1421 πατὴρ
2393 1346 2572 1422 Θάῥρα
2603 1346 2702 1402 οὐκ
2733 1345 3059 1418 ἐκοινώνησε
3114 1351 3195 1420 τῷ
3255 1347 3358 1420 υἱῷ
3416 1341 3672 1424 ’Δϐραάμ
3727 1353 3831 1419 τῆς

2179 1433 2493 1510 ἀποδημίας
2525 1437 2630 1492 ἀπὸ
2660 1441 2770 1492 τῶν
2801 1434 3120 1506 Χαλδαίων,
3155 1435 3244 1493 διά
3288 1438 3353 1494 τὸ
3402 1438 3617 1508 ἀνάξιος
3667 1439 3828 1508 εἶναι,

2177 1523 2376 1600 πολλῷ
2439 1525 2652 1600 μᾶλλον
2697 1527 2764 1582 τὰ
2815 1525 3032 1596 παιδία,
3088 1524 3184 1583 κᾶν
3243 1523 3469 1599 δόξωσιν
3528 1526 3615 1582 ἐπὶ
3681 1525 3830 1583 πολὺ

2176 1615 2462 1690 προελθεῖν
2493 1623 2592 1686 τῆς
2630 1613 2782 1673 ὀδοῦ.
2815 1610 3063 1692 Ἀϐραὰμ
3097 1616 3191 1690 μὲν
3227 1616 3320 1671 οὗν
3354 1617 3499 1672 οὕτω
3545 1618 3832 1688 πειθήνιος

2178 1705 2413 1783 ἐγένετο,
2445 1705 2520 1768 ὡς
2553 1704 2643 1761 καὶ
2672 1703 2824 1781 γένος
2853 1705 2944 1761 καὶ
2991 1702 3226 1782 πατρίδα
3274 1705 3381 1761 ἀπὸ
3429 1709 3831 1782 χρηματισμοῦ

421 1798 505 1852 ita
526 1814 587 1852 se
619 1796 844 1863 habuit,
870 1795 1166 1866 quomodo
1200 1796 1280 1864 hi,
1315 1796 1414 1866 qui
1447 1797 1508 1850 in
1547 1796 1825 1851 omnibus
1856 1795 2068 1851 inobe-

2181 1793 2347 1868 ψιλοῦ
2378 1792 2640 1852 ἐκλιπεῖν.
2691 1793 2756 1852 Εἰ
2811 1791 2867 1850 δὲ
2927 1794 3085 1859 οὗτος
3137 1795 3339 1864 οὕτως,
3392 1799 3512 1858 πῶς
3568 1794 3716 1851 οὗτοι
3774 1793 3827 1858 ἐν

421 1886 650 1941 dientes
683 1902 810 1940 esse
843 1883 1392 1955 deprehenduntur,
1426 1886 1483 1939 in
1519 1885 1674 1940 filios
1695 1885 1938 1942 Abrahaa
1968 1902 2065 1940 re-

422 1975 826 2045 putabuntur?
847 1975 1044 2044 Neque
1067 1975 1226 2028 enim
1250 1974 1378 2028 vita:
1401 1975 1809 2042 nativitas,sed
1831 1993 2069 2032 morum

420 2063 674 2119 imitatio
708 2063 1056 2118 liliationem
1089 2063 1406 2118 conciliat:
1431 2065 1711 2135 quoniam
1735 2065 1814 2120 ita
1831 2081 2070 2137 quoque

424 2153 709 2209 monstris
743 2152 895 2208 mala
924 2153 1162 2208 fortuna
1191 2154 1366 2214 natis,
1424 2153 1582 2224 quod
1641 2154 1970 2227 legitimum
2002 2169 2070 2210 ac

424 2242 693 2298 naturale
709 2241 1387 2313 estpossetattribuiﬂtl
1410 2243 1526 2298 lloc
1541 2243 1714 2299 modo
1727 2260 2071 2316 quanquam

426 2331 705 2388 dictionis
737 2331 888 2385 serie
915 2347 1034 2384 non
1063 2331 1362 2401 procedat,
1397 2348 1610 2404 magna
1631 2338 1827 2388 tamen
1858 2332 2069 2388 abbre-

424 2421 561 2476 viati
592 2420 909 2486 sermonis,
935 2419 1329 2493 intelligentia
1345 2420 2071 2494 progrediens,etillorum

426 2510 863 2583 impudentiam
896 2510 967 2565 ad
1008 2509 1223 2565 Christi
1271 2527 1459 2582 usque
1508 2511 1846 2582 passionem
1905 2528 2073 2568 coar-

426 2619 613 2677 guens
646 2619 856 2674 passus
889 2607 1136 2672 estquae
1195 2602 1514 2656 verisimile
1573 2609 1699 2658 erat
1755 2619 1892 2658 eum
1951 2604 2072 2676 pati

431 2699 724 2765 Oportere,
756 2691 856 2762 qui
889 2690 1080 2746 malos
1110 2697 1399 2763 argueret.
1434 2694 1504 2745 Et
1549 2693 1821 2764 promisit
1871 2709 1933 2748 se
1984 2693 2072 2748 illi

431 2783 730 2838 daturum.
765 2809 789 2833 ››
821 2780 924 2834 Hic
950 2779 1231 2851 deinceps
1263 2780 1512 2836 Abrahae
1569 2782 1836 2852 procedit
1886 2783 2075 2838 histo-

429 2873 539 2939 ria,
569 2889 702 2942 quaa
737 2875 856 2925 tota
898 2869 1250 2942 patriarchas
1309 2875 1511 2925 narrat
1568 2869 1945 2926 tolerantiam
1997 2869 2073 2926 ad

429 2967 703 3017 eventum
737 2976 924 3031 usque
944 2959 1428 3030 promissionum.
1455 2959 1756 3030 Siquidem
1777 2959 2074 3016 Abraham

428 3053 678 3125 ejusque
706 3056 973 3122 nepotes,
1007 3049 1104 3121 qui
1150 3050 1306 3105 circa
1363 3048 1589 3105 divinas
1646 3050 2073 3121 promissiones

426 3141 798 3213 longanimes
819 3139 1078 3202 fuerunt,
1103 3140 1473 3195 demonstrat
1485 3139 2074 3214 percelebres,negli-

423 3236 628 3301 gentes
649 3246 784 3284 vero
818 3229 1043 3283 similes
1073 3229 1467 3300 praesentibus
1514 3235 1655 3285 tunc
1699 3229 2070 3286 auditoribus

427 3319 527 3389 qui
561 3324 619 3374 et
649 3318 759 3390 ipsi
799 3318 1039 3372 illorum
1082 3319 1450 3374 calamitates
1505 3319 1729 3391 absque
1783 3321 2068 3378 dilatione

427 3423 548 3462 una
579 3423 708 3460 cum
744 3405 829 3460 eis
886 3412 1301 3476 assequentur,
1359 3407 1672 3464 abstractis
1727 3409 1802 3465 ab
1861 3426 2070 3466 eorum

424 3493 701 3552 manibus
732 3493 903 3548 bonis
930 3510 1059 3564 quae
1092 3493 1431 3564 sperabant.

495 3584 632 3647 Quas
667 3588 864 3637 tamen
893 3581 1094 3636 omnia
1123 3597 1298 3653 parva
1329 3587 1488 3651 sunt,
1523 3583 1570 3637 si
1615 3584 1688 3638 ad
1741 3591 2070 3642 extremum

421 3675 484 3730 in
503 3674 799 3730 Christum
815 3689 1024 3728 ausum
1047 3679 1628 3729 commensurentur.
1667 3675 1802 3730 Ideo
1835 3692 2070 3747 quoque

421 3765 554 3819 duri
587 3763 811 3819 cervice
840 3769 894 3818 et
927 3763 1329 3818 incircumcisi
1363 3763 1538 3818 corde
1569 3780 1637 3820 ac
1689 3764 1932 3820 auribus
1982 3764 2070 3820 di-

423 3859 676 3910 cuntur:
710 3859 954 3926 propter
983 3869 1114 3924 quas
1167 3859 1224 3907 et
1284 3852 1704 3923 prophetarum
1756 3853 2070 3910 homicida

425 3960 552 4000 esse
584 3948 1009 4015 coarguuntur,
1045 3941 1162 3996 imo
1195 3941 1382 4012 ipsius
1409 3941 1588 3997 etiam
1621 3942 1858 4010 Christi,
1883 3943 1982 4014 qui
2015 3948 2074 3998 et

423 4032 732 4088 interitum
767 4037 825 4086 et
869 4032 1248 4086 novissimam
1301 4031 1446 4102 ipsis
1497 4031 1926 4104 dispersionem
1977 4050 2070 4089 re-

423 4121 664 4194 pendet.
697 4123 882 4177 Tanta
912 4121 1110 4192 itaque
1143 4126 1302 4190 sunt,
1355 4138 1484 4192 quas
1533 4121 1730 4178 videre
1781 4123 2074 4195 contingit

421 4212 483 4266 in
507 4212 618 4266 hoc
649 4210 986 4266 abbreviato
1019 4226 1292 4266 sermone
1327 4210 1802 4282 prudentissimas
1834 4213 2074 4269 concio-

421 4301 516 4356 nis
555 4300 835 4372 Stephani
899 4299 1096 4354 divina
1151 4299 1383 4371 praediti
1441 4301 1755 4372 sapientia,
1815 4319 2068 4372 quorum

422 4391 601 4447 etiam
624 4390 797 4463 juxta
827 4395 1092 4445 nostram
1125 4389 1472 4445 tenuitatem
1505 4395 1806 4462 sumptum
1838 4391 2072 4448 intelle-

423 4486 582 4538 ctum
613 4480 900 4536 hactenus
923 4479 1326 4534 ordinavimus
1365 4480 1690 4537 secundum
1722 4481 2070 4552 qualitatem

2179 1890 2338 1940 πᾶσιν
2396 1883 2637 1948 ἀπειθεῖς
2694 1879 3262 1958 καταλαμϐανόμενοι,
3348 1884 3425 1948 εἷς
3507 1885 3668 1940 τέκνα
3727 1887 3828 1940 τοῦ

2176 1969 2434 2049 Ἀϐραὰμ
2465 1971 2887 2048 λογισθήσονται
2915 1992 2928 2043 ;
2967 1967 3030 2029 οὗ
3059 1972 3163 2051 γάρ
3194 1975 3229 2044 ἡ
3263 1970 3494 2044 ζωώδης
3547 1972 3827 2044 σύστασις,

2180 2062 2308 2120 ἀλλ’
2338 2065 2372 2132 ἡ
2405 2067 2510 2118 τῶν
2551 2062 2768 2138 τρόπων
2827 2062 3067 2136 μίμησις
3121 2065 3222 2133 τήν
3275 2063 3504 2133 υἱότητα
3557 2063 3822 2138 προξενεῖ.

2180 2151 2329 2210 Ἐπεί
2361 2151 2508 2206 οὕτω
2536 2172 2596 2227 γε
2625 2151 2714 2206 καὶ
2744 2153 2928 2227 τέρασι
2960 2151 3024 2207 τὸ
3080 2153 3304 2228 γνήσιον
3363 2158 3478 2214 τοῖς
3539 2150 3823 2228 δυστυχῶς

2179 2241 2374 2317 φύσασι
2433 2241 2864 2317 προσνεμηθείη.
2922 2241 3082 2299 Οὓτω
3139 2240 3235 2296 κᾶν
3312 2240 3356 2297 εί
3418 2243 3496 2315 μή
3553 2244 3622 2314 τῇ
3681 2237 3824 2314 λὲξει

2178 2330 2483 2405 προελθὼν,
2514 2334 2584 2404 τῇ
2615 2334 2743 2406 γοῦν
2772 2334 2870 2386 τοῦ
2929 2327 3369 2404 συντετμημένου
3425 2329 3591 2405 λόγου
3649 2329 3830 2385 πολυ-

2179 2421 2299 2492 νοίᾳ
2338 2414 2566 2496 προϐὰς,
2621 2420 2710 2476 καὶ
2775 2421 2942 2497 μέχρι
2988 2424 3086 2476 τοῦ
3142 2420 3277 2477 κατὰ
3327 2422 3562 2496 Χριστὸν
3619 2420 3827 2484 πάθους

2177 2512 2277 2580 τὴν
2308 2507 2572 2565 ἀναίδειαν
2607 2508 2930 2586 ἀπελέγξας,
2967 2507 3159 2574 ἔπαθεν
3220 2509 3324 2566 ὑπὸ
3380 2514 3489 2566 τῶν
3535 2509 3633 2565 ὅσα
3684 2508 3832 2573 εἰκὸς

2179 2598 2270 2653 τὸν
2340 2598 2642 2674 ἐλέγχοντα
2695 2599 2913 2668 κακοὺς,
2982 2604 3193 2663 παθεῖν.
3279 2599 3374 2654 Καὶ
3456 2595 3830 2673 ἐπηγγείλατο

2183 2685 2365 2744 δοῦναι
2397 2689 2560 2756 αὐτῷ.
2594 2689 2729 2745 Ἀπὸ
2760 2691 2970 2745 τούτων
2991 2686 3186 2746 λοιπὸν
3216 2691 3250 2759 ἡ
3282 2687 3419 2744 κατὰ
3448 2687 3543 2744 τὸν
3578 2682 3834 2764 Ἀϐραὰμ

2180 2777 2396 2852 ἱστορία
2451 2778 2714 2851 πρόεισιν,
2767 2779 2890 2847 ἣτις
2971 2775 3148 2834 ἃπασα
3222 2779 3283 2833 τὸ
3369 2777 3828 2853 προσκαρτερικὸν

2181 2867 2270 2922 ἐπὶ
2310 2872 2427 2930 ταῖς
2467 2873 2574 2922 τῶν
2633 2865 2972 2942 ἐπαγγελιῶν
3029 2862 3275 2922 ἐκϐάσεσι
3333 2871 3429 2922 τοῦ
3481 2866 3828 2942 πατριάρχου

2183 2955 2476 3028 διεξιοῦσα,
2507 2958 2598 3012 τὸν
2635 2951 2886 3032 Ἀϐραὰμ
2919 2957 3013 3030 μὲν
3044 2956 3136 3013 καὶ
3165 2955 3295 3019 τοὺς
3325 2958 3442 3012 κατ’
3483 2955 3666 3021 αὐτὸν,
3697 2954 3827 3019 τοὺς

2181 3047 2302 3121 περὶ
2363 3047 2457 3110 τὰς
2517 3047 2660 3110 θείας
2718 3044 3040 3121 ἐπαγγελίας
3099 3045 3476 3122 καρτερικοίις,
3537 3043 3829 3120 ἀοιδίμους

2181 3134 2491 3210 ἀποφαίνει,
2521 3136 2648 3198 τοὺς
2697 3134 3009 3211 ὀλιγώρους
3060 3132 3137 3205 δε,
3188 3134 3417 3210 ὁμοίους
3462 3139 3571 3190 τῶν
3623 3134 3829 3211 παρόνο

2105 3194 2147 3261 C
2179 3248 2288 3282 των
2315 3230 2614 3297 τηνικαῦτα
2668 3225 2968 3298 ἀκροατῶν,
3033 3223 3086 3281 ο⁹ί
3135 3225 3226 3281 καὶ
3268 3224 3422 3281 αὐτοὶ
3479 3230 3590 3282 τῶν
3649 3224 3828 3282 αὐτῶν

2183 3315 2406 3379 ἐκείνοις
2466 3313 2876 3391 ἀκληρημάτων
2964 3315 3332 3390 ἀνυπερθὴως
3414 3314 3716 3388 τεύξονται,
3777 3314 3829 3386 ἐξ

2181 3404 2356 3461 αὐτῶν
2417 3410 2638 3481 χειρῶν,
2697 3409 2805 3460 τῶν
2888 3403 3264 3478 ἐλπιζομένων
3327 3404 3539 3466 αὐτοῖς.
3612 3405 3830 3479 ῥυϊσκο-

2185 3496 2278 3568 μὲν
2285 3518 2357 3549 ων
2367 3537 2379 3550 .

2251 3585 2422 3658 Ἀπερ
2451 3583 2659 3639 ἃπαντα
2711 3584 2864 3657 ’ὀμως
2921 3584 3090 3660 μικρά
3144 3583 3639 3662 παραμετρούμεια
3695 3584 3830 3660 πρὸς

2179 3670 2242 3726 τὸ
2273 3667 2502 3747 ἔσχατον
2533 3673 2668 3728 κατὰ
2698 3677 2931 3748 Χριστοῦ
2959 3674 3248 3748 τόλμημα.
3298 3674 3391 3729 Διὸ
3449 3674 3536 3729 καὶ
3588 3673 3831 3749 σκληρο-

2181 3759 2459 3836 τρσὶχηλοι
2491 3760 2578 3816 καὶ
2612 3761 3080 3838 ἀπερίτμητοιτῇ
3132 3761 3348 3840 καρδίᾳ,
3406 3763 3494 3818 καὶ
3549 3767 3664 3824 τοῖς
3724 3760 3828 3817 ὡσὶ

2183 3845 2677 3928 παραϐεϐυσμένοι.
2713 3853 2791 3907 Δι’
2821 3854 2854 3906 ἅ
2882 3855 2968 3908 καὶ
3005 3859 3187 3929 φονεῖς
3229 3858 3521 3932 προφητῶν
3568 3852 3660 3907 τὸν
3707 3847 3830 3908 ϐλε-

2182 3945 2308 4019 θρον
2340 3944 2429 4000 καὶ
2459 3943 2914 4023 ἀπηλέγχθησαν,
2947 3948 3036 4002 καὶ
3069 3948 3236 4003 αὐτοῦ
3265 3951 3362 4003 τοῦ
3415 3947 3670 4022 Χριστοῦ.
3727 3948 3827 4010 ’Ός

2179 4037 2270 4092 καὶ
2294 4039 2393 4108 τὴν
2427 4037 2661 4114 ἐσχάτην
2710 4039 2893 4102 αὐτοῖς
2943 4035 3230 4116 βραϐεύσει
3281 4037 3599 4116 διασποράν.
3633 4040 3700 4097 Ἀ
3733 4040 3828 4113 μὶν

2183 4124 2274 4182 οὖν
2310 4125 2708 4204 ἐνθεωρηθῆναι
2739 4127 2884 4194 εἰκὸς
2911 4133 3018 4185 τῶν
3051 4131 3187 4186 κατά
3241 4130 3334 4186 τὸν
3392 4129 3834 4202 συντετμημὲνον

2183 4213 2345 4293 λόγον
2377 4223 2476 4287 τῆς
2511 4219 2777 4298 θεοσόφου
2809 4219 3086 4298 Στεφάνου
3139 4225 3312 4297 σοφῆς
3359 4215 3704 4294 δημηγορίας
3755 4239 3837 4276 τε·

2183 4309 2653 4381 θησαυρισμένων,
2689 4307 2942 4364 τοσαῦτον
2989 4308 3064 4364 ὧν
3108 4309 3198 4365 καὶ
3245 4309 3310 4364 τὸ
3357 4307 3624 4385 ἡμέτερον
3685 4308 3834 4363 εὐτερ-

2181 4393 2273 4459 λὲς
2303 4396 2437 4452 κατὰ
2466 4398 2528 4454 τὸ
2558 4394 2853 4470 ἐνάμιλλον
2876 4405 2976 4468 τῆς
3033 4396 3344 4474 προσούσης
3385 4399 3523 4471 ⁴ἡμῖν
3574 4396 3833 4472 καθαριό-

2181 4508 2345 4558 τητος
2379 4482 2549 4544 λαϐὸν
2570 4489 2668 4558 τὴν
2700 4488 2912 4544 σύνεσιν
2970 4486 3102 4562 τῇδε
3143 4487 3531 4562 κατετάξαμεν,
3579 4485 3830 4544 συνελόν-

426 4571 546 4626 dati
569 4571 741 4625 nobis
763 4568 1079 4640 sermonis,
1105 4568 1285 4624 finem
1315 4583 1435 4624 una
1457 4585 1591 4624 cum
1614 4569 1908 4642 principio
1929 4588 2070 4627 con-

2181 4599 2266 4642 τες
2299 4581 2434 4655 πρὸς
2463 4583 2533 4654 τῇ
2565 4579 2715 4656 ἀρχῇ
2741 4580 2830 4636 καὶ
2855 4581 2918 4636 τὸ
2947 4579 3137 4657 πέρας,
3198 4580 3345 4654 αὖτῷ
3401 4601 3461 4637 τε
3509 4579 3681 4655 λόγῳ,
3742 4579 3836 4654 ἀφ’

424 4661 726 4716 trahentes
753 4678 766 4716 :
797 4661 858 4715 in
889 4661 1017 4732 ipso
1051 4674 1350 4726 sermone,
1382 4675 1417 4713 a
1449 4673 1564 4729 quo
1596 4657 1753 4714 latex
1781 4659 1879 4716 hic
1923 4660 2073 4717 divi-

425 4748 586 4802 nitus
616 4751 947 4805 scaturiens
979 4749 1231 4817 efﬂuxit,
1265 4764 1374 4803 nos
1405 4745 1794 4804 obiectantes.
1818 4748 1946 4804 1am
1971 4766 2074 4806 au-

425 4841 544 4890 tem
577 4837 722 4891 utile
755 4838 866 4891 erit
898 4855 1002 4909 per
1032 4844 1229 4910 partes
1275 4854 1344 4891 ea
1388 4851 1624 4908 quoque
1673 4837 2073 4909 interpretari,

415 4926 592 4998 juxta
621 4932 887 4981 nostram
921 4927 1399 4998 possibilitatem,
1432 4943 1564 4998 quas
1597 4926 1886 4998 majorem
1919 4928 2078 4984 desi-

426 5015 638 5070 derant
667 5031 914 5070 moram.
951 5017 1075 5070 Non
1108 5017 1266 5072 enim
1297 5016 1517 5072 frustra
1546 5015 1618 5071 ad
1665 5017 2076 5075 concionantis

422 5105 866 5160 roborationem
900 5110 1205 5174 assumpta
1231 5110 1321 5159 est
1352 5104 1602 5160 Abrahze
1634 5105 1882 5178 ejusque
1904 5106 2079 5164 dein-

430 5212 571 5267 ceps
598 5199 880 5266 nepotum
912 5192 1160 5247 historia
1188 5209 1200 5246 :
1235 5193 1338 5248 sed
1371 5199 1435 5248 ut
1467 5194 1833 5266 ostendatur,
1869 5203 1927 5254 et
1947 5215 2074 5256 ma-

418 5288 625 5359 jorum
659 5285 819 5340 circa
849 5283 905 5337 id
940 5282 1095 5354 quod
1129 5281 1394 5338 divinum
1428 5291 1517 5339 est
1560 5285 1752 5342 facilis
1796 5287 2075 5348 obedien-

427 5374 530 5439 tia,
563 5379 619 5428 et
653 5371 948 5426 minorum
983 5370 1054 5424 ob
1087 5369 1390 5442 improbos
1422 5387 1617 5427 mores
1651 5373 2074 5436 inobedientia.

427 5465 496 5518 Et
517 5464 775 5535 primum
798 5460 1039 5533 quidem
1063 5461 1400 5533 exemplum
1421 5478 1490 5517 ex
1521 5462 1818 5520 Abraham
1846 5469 2078 5538 proter-

426 5558 546 5621 tur,
574 5551 735 5624 quod
765 5567 886 5608 non
913 5556 1183 5623 oporteat
1212 5551 1546 5609 accelerare
1580 5568 1650 5608 ea
1703 5570 1834 5626 qua
1865 5555 2078 5616 divinis

427 5641 742 5714 promissis
763 5641 1132 5712 deferuntur,
1156 5643 1297 5715 quia
1313 5658 1508 5715 neque
1531 5639 1830 5705 Abraham
1859 5652 2080 5711 accele-

2185 4668 2248 4726 οὗ
2303 4669 2396 4725 καὶ
2450 4672 2514 4726 τὸ
2572 4666 2900 4736 θεόϐλυστον
2957 4676 3120 4729 τοῦτο
3191 4671 3357 4749 ἐρῥύη
3415 4676 3583 4746 νᾶμα,
3641 4670 3838 4727 ἐπανα-

2182 4759 2505 4824 παύσαντες.
2541 4759 2720 4819 Ἀλλά
2746 4763 2848 4840 γὰρ
2879 4763 3045 4838 σοφὸν
3089 4759 3198 4834 ἢδη
3247 4762 3337 4818 καὶ
3387 4768 3504 4826 τοῖς
3549 4760 3685 4818 κατά
3737 4759 3834 4834 μί-

2188 4871 2280 4926 ρος
2306 4851 2638 4929 χρήσασθαι,
2667 4852 2890 4908 κατὰτὸ
2947 4854 3081 4924 ἡμῖν
3138 4851 3353 4930 ἐφικτὸν
3404 4849 3836 4928 ἐμφιλοχωροῦο

2186 4959 2288 4994 σιν.
2339 4939 2416 4998 Οὐ
2480 4940 2584 5017 γὰρ
2632 4941 2806 5014 μάτην
2861 4940 2939 5003 είς
2997 4938 3291 5018 ἐπίρῥωσιν
3349 4941 3679 5019 παρελήφθη
3737 4942 3839 4994 τοῦ

2186 5027 2666 5105 δημηγοροῦντος,
2706 5033 2740 5099 ἡ
2771 5029 2903 5086 κατά
2955 5031 3048 5086 τὸν
3102 5025 3364 5106 Ἀϐραὰμ
3415 5027 3505 5086 καὶ
3560 5032 3670 5084 τῶν
3719 5027 3844 5093 καθ’

2187 5120 2310 5190 ἑξῆς
2342 5121 2626 5194 ἀπογόνων
2682 5117 2846 5176 αὐτοῦ
2903 5119 3145 5196 ἱσαορία,
3201 5117 3329 5176 ἀλλ’
3385 5119 3461 5182 ὡς
3515 5116 3578 5173 ἂν
3636 5114 3839 5192 δειχθῇ

2185 5209 2275 5266 καὶ
2308 5214 2416 5266 τῶν
2449 5211 2735 5287 προγόνων
2787 5212 2821 5280 ἡ
2883 5209 3006 5286 περὶ
3058 5211 3122 5267 τὸ
3180 5215 3336 5267 Θεῖον
3398 5209 3692 5279 εὐπείθεια,
3745 5206 3841 5264 καί

2188 5304 2295 5356 τῶν
2348 5299 2635 5374 ἀπογόνων
2694 5301 2729 5369 ἡ
2781 5298 2840 5355 ἐκ
2887 5305 3078 5356 σκαιοῦ
3130 5299 3335 5376 τρόπου
3389 5299 3657 5366 ἀπείθεια,
3731 5294 3844 5355 Καὶ

2190 5392 2406 5463 πρῶτον
2437 5389 2529 5461 μὶν
2567 5388 2872 5466 ὑπόδειγμα
2901 5387 2951 5460 ἐξ
2987 5385 3261 5463 Ἀϐραὰμ,
3315 5391 3378 5446 τὸ
3439 5389 3516 5462 μὴ
3569 5384 3847 5463 ἐπιταχῦο

2188 5500 2296 5534 νειν
2351 5479 2416 5534 τὰ
2472 5484 2591 5542 ταῖς
2648 5479 2816 5544 θείαις
2872 5479 3220 5555 ἐμφερόμενα
3269 5478 3636 5557 ἐπαγγελίαις.
3708 5479 3844 5538 Ὀτι

2194 5564 2335 5643 μηδι
2394 5564 2645 5644 Ἀϐραὰμ
2697 5570 2798 5639 τὴν
2846 5568 2941 5626 ἀπ’
2997 5569 3276 5648 Λῖγύπτου
3355 5573 3464 5627 τῶν
3551 5567 3841 5646 ἀπογόνων

2193 5653 2398 5730 ἔξοδον,
2427 5657 2526 5726 τῆς
2554 5661 2804 5736 κατοχῆς
2855 5657 3030 5716 αὐτῶν
3077 5656 3166 5718 ἐπὶ
3213 5657 3534 5735 τετρακόσια
3578 5652 3672 5729 ἔτη
3727 5675 3848 5712 πα-
