4136 6200
252 331 374 391 13³7

1242 324 1644 389 COMMENT.
1694 323 1771 383 IN
1816 322 2015 385 ACTA
2059 324 2678 389 APUS'I‘OLORUM.

3555 332 3674 392 138

252 464 564 539 ραταθῆναι
589 458 964 531 δηλωθείσης,
983 456 1073 513 καὶ
1092 458 1228 531 μετὰ
1249 455 1473 528 πολλῆς
1491 463 1591 527 τῆς
1622 455 1915 521 κακώσεως

2027 460 2143 514 rari
2175 460 2348 531 petiit
2377 470 2661 536 nepotum
2708 462 2780 518 ab
2839 464 3080 537 Egypto
3137 478 3478 537 egressum:
3532 481 3671 522 cum

259 555 357 609 καὶ
388 548 736 613 δουλώσεως.
772 546 1105 609 Δουλώσεως
1135 544 1193 603 δὶ
1224 546 1285 602 οὗ
1321 554 1418 616 τῆς
1448 546 1753 622 τυχούσης,
1776 543 1924 601 ἀλλὰ

261 646 364 711 τῆς
395 640 751 698 ἆνυποίστου.
781 640 902 697 Ὀτι
937 636 1079 712 μηδὲ
1109 638 1183 699 ὡς
1218 635 1461 703 δούλοις,
1519 634 1648 692 ἀλλ’
1700 637 1776 698 ὡς
1826 635 1923 713 ἐχ-

260 735 416 806 θροῖς
451 729 722 805 ἐχρῶντο.
759 728 862 784 Καὶ
893 727 955 782 οὐ
988 724 1165 797 δήπου
1198 724 1383 797 δέησις
1415 724 1465 796 ἐξ
1501 721 1757 800 Ἀϐραὰμ
1788 745 1921 779 συν-

253 818 479 893 τέμνειν
510 821 604 875 τὸν
638 819 860 892 χρόνον,
894 814 1021 871 ἀλλ’
1054 817 1138 871 ὕτι
1192 816 1360 889 μόνον
1422 816 1615 891 μικρὸν
1669 813 1744 876 εἷς
1796 814 1924 869 ἀνα-

253 912 445 986 ψυχῆν
480 911 515 978 ἡ
553 908 860 968 ἀντέκτισις
908 908 1045 978 πρὸς
1104 906 1232 969 τοὺς
1288 910 1587 964 κακοῦντας
1648 903 1698 976 ἐξ
1756 902 1921 959 αὐτοῦ

257 1000 458 1055 τοότου
484 1016 685 1072 κρινειν
726 992 1198 1073 ἐπαγγειλαμένου
1254 994 1382 1057 τοὺς
1441 990 1739 1069 ἐχθρωδῶς
1795 992 1923 1057 τοὺς

238 1086 424 1145 ὀὐδὲν
453 1086 790 1158 ἠδικηκότας
823 1085 1299 1160 ἐπανῃρημένους,
1343 1085 1420 1143 Τὸ
1466 1083 1524 1139 δὲ
1569 1083 1676 1138 ἀπὸ
1726 1081 1921 1152 Περσί-

262 1178 360 1242 δος
410 1178 489 1244 εἰς
546 1176 917 1247 Παλαιστίνην
977 1177 1072 1239 τὰς
1160 1173 1495 1253 ἐπαγγελίας
1579 1172 1920 1249 περαίνεσθαι

256 1266 596 1344 προσδοκᾷν,
628 1267 719 1322 καὶ
750 1264 876 1321 οὐδὲ
909 1263 1000 1320 διὰ
1046 1266 1109 1321 τὸ
1153 1263 1498 1339 μακροδαπές
1556 1263 1630 1326 εἷς
1678 1264 1741 1319 τὸ
1789 1259 1919 1318 ἀδύ-

255 1379 420 1414 νατον
452 1362 735 1431 περιιστᾷν
775 1359 878 1428 τήν
909 1355 1262 1434 ἐπαγγελίαν,
1311 1358 1375 1411 τὸ
1431 1359 1535 1411 πᾶν
1586 1354 1920 1428 ἀναθέμενον

260 1453 332 1523 τῇ
364 1453 467 1505 τοῦ
523 1444 1000 1524 ἐπαγγειλαμένου
1061 1444 1310 1520 δυνάμει,
1369 1445 1569 1516 πόσης,
1623 1451 1722 1514 τῆς
1783 1444 1919 1520 πρὸς

258 1539 391 1594 Θεὸν
428 1532 752 1610 σύμϐουλον
782 1538 1189 1607 πεποιθήσεως,
1221 1536 1356 1611 πρὸς
1400 1535 1621 1597 τούτοις
1665 1534 1691 1589 ὁ
1748 1533 1920 1604 ζῆλος

253 1632 364 1684 τῶν
396 1625 652 1706 ἀδελφῶν
685 1626 825 1700 πρὸς
848 1627 941 1682 τὸν
1002 1627 1230 1706 Ἰωσήφ,
1287 1625 1379 1680 καὶ
1440 1623 1814 1699 ἆμνησικακία
1864 1623 1917 1678 ἐν

247 1716 330 1791 τῷ
365 1718 445 1790 μὴ
507 1713 903 1771 ἀνταποδοῦναι
962 1715 1154 1789 καίπερ
1217 1714 1532 1786 δυνηθέντα,
1591 1718 1702 1770 τῶν
1761 1733 1917 1768 κεκα-

246 1810 546 1879 κωμένων,
579 1804 709 1861 ἀλλ’
759 1806 983 1881 ἀγαθοῖς
1042 1803 1490 1880 ξινταμείψασθνι.
1546 1804 1691 1861 Μετὰ
1747 1807 1918 1859 ταῦτα

247 1896 497 1972 ’ἐλεγχος
527 1901 637 1951 τῶν
696 1894 1120 1974 ἀπροφασίστως
1175 1894 1311 1950 κατὰ
1369 1896 1604 1969 Χριστοῦ
1660 1893 1749 1950 καὶ
1800 1898 1911 1949 τῶν

260 1990 529 2059 μαθητῶν
559 1985 727 2041 αὑτοῦ
759 1981 1057 2047 λυσσωδῶς
1088 1985 1445 2057 κινουμένων.

2032 551 2410 608 manifestata
2441 560 2598 609 esset
2635 555 2686 609 ei
2722 553 3005 612 detentio.
3027 571 3159 627 qum
3189 553 3263 611 ad
3285 554 3655 630 quadringen

2032 644 2123 696 tos
2163 658 2353 697 annos
2384 644 2758 715 proroganda
2787 651 2933 711 erat,
2967 645 3145 716 idque
3177 661 3312 701 cum
3357 645 3545 700 multa
3598 644 3687 700 af-

2031 729 2297 785 ﬂictione
2330 737 2389 785 et
2445 732 2791 788 subactione
2843 734 2903 789 in
2937 735 3301 801 servitutem,
3336 733 3685 790 subactione

2030 835 2165 873 vero
2183 836 2302 875 non
2317 820 2713 891 qualibet,sed
2728 822 3413 894 intolerabili.siquidem
3429 823 3549 877 illis
3562 838 3684 879 non

2030 915 2096 964 ut
2125 910 2329 978 servis,
2364 911 2464 967 sed
2499 918 2564 966 ut
2594 912 2856 968 inimicis
2886 913 3232 969 utebantur.
3264 915 3367 970 04
3396 917 3466 970 Et
3521 921 3681 972 certe

2031 999 2198 1054 nulla
2228 1001 2528 1071 profertur
2556 1000 2629 1056 ab
2661 1001 2959 1057 Abraham
2991 1002 3327 1074 deprecatio
3366 1003 3437 1058 de
3468 1004 3679 1060 abbre-

2027 1089 2240 1145 viando
2274 1095 2562 1162 tempore,
2592 1090 2697 1146 sed
2729 1092 3042 1164 paululum
3075 1092 3359 1164 quiddam
3391 1092 3680 1150 duntaxat

2029 1178 2103 1233 ad
2132 1178 2627 1236 refocillationem
2660 1182 3013 1253 praestitum,
3044 1198 3260 1253 nempe
3307 1183 3677 1253 respondens

2029 1268 2309 1324 adversus
2332 1269 2662 1343 afﬁigentes
2680 1271 2849 1338 ultio,
2874 1272 2946 1327 ab
2966 1287 3033 1327 eo
3060 1272 3162 1343 qui
3190 1288 3252 1327 se
3268 1271 3680 1344 judicaturum

2029 1359 2304 1429 promisit
2350 1360 2507 1430 illos,
2567 1361 2668 1432 qui
2724 1360 3025 1416 hostiliter
3081 1377 3182 1417 eos
3240 1359 3679 1426 interimerent,

2028 1447 2129 1518 qui
2160 1448 2311 1502 nihil
2332 1448 2570 1520 injurias
2594 1450 2706 1521 ipsi
2736 1449 3103 1505 intulissent.
3138 1450 3407 1506 Auimari
3435 1467 3576 1506 vero
3606 1448 3683 1507 ad

2030 1538 2456 1610 exspectandas
2487 1556 2521 1595 a
2545 1539 2787 1595 Perside
2819 1541 2880 1595 in
2914 1540 3292 1596 Palaestinam
3322 1540 3680 1612 promissio-

2026 1643 2154 1695 nes,
2189 1634 2247 1684 et
2276 1646 2470 1700 neque
2504 1636 2747 1702 prOpter
2795 1630 3032 1703 longam
3081 1618 3312 1687 moram
3367 1646 3435 1687 ac
3478 1645 3680 1686 rerum

2026 1719 2503 1787 magnitudinem
2521 1720 2877 1792 detorquere
2892 1720 3353 1792 promissionem
3367 1719 3441 1776 ad
3455 1720 3677 1792 impos-

2027 1808 2398 1876 sibilitatem,
2433 1810 2574 1881 quia
2605 1815 2794 1865 totum
2826 1810 2889 1864 in
2932 1810 3338 1882 promittentis
3384 1814 3676 1882 potestate

2020 1899 2352 1970 reponitur,
2385 1904 2623 1971 quantm
2656 1905 2747 1955 est
2786 1914 2923 1972 erga
2963 1898 3151 1955 Deum
3210 1899 3313 1971 qui
3360 1898 3423 1954 id
3467 1897 3679 1955 suadet

2023 1986 2450 2043 conﬁdentiae?
2478 1989 2773 2044 Praeterea
2819 1987 3042 2043 invidia
3096 1987 3349 2043 fratrum
3392 1985 3675 2043 adversus

256 2077 482 2149 Ioseph
522 2077 768 2149 ponitur
797 2082 855 2131 et
889 2077 1247 2148 injuriarum
1279 2074 1515 2136 oblivio.
1550 2076 1612 2130 in
1646 2091 1714 2131 eo
1747 2073 1926 2146 quod,
1960 2090 2093 2131 cum
2127 2082 2349 2149 posset,
2382 2093 2505 2132 non
2548 2077 2711 2133 ultus
2763 2077 2841 2132 sit
2891 2093 2992 2133 eos
3041 2076 3142 2149 qui
3202 2094 3265 2134 se
3315 2075 3673 2146 afﬂixerant,

260 2167 407 2239 quin
439 2166 639 2239 potius
670 2165 963 2222 beneﬁcia
1018 2164 1313 2238 rependit.
1370 2167 1512 2220 Post
1558 2164 1685 2219 haec
1743 2163 2123 2238 subjungitur
2177 2182 2383 2222 eorum
2438 2167 2756 2240 correptio,
2814 2166 2917 2238 qui
2974 2172 3177 2239 aperte
3228 2183 3297 2224 ac
3352 2165 3674 2223 furibunde

254 2255 653 2312 movebantur
681 2254 964 2311 adversus
994 2254 1294 2311 Christum
1327 2255 1576 2326 ejusque
1608 2252 1946 2324 discipulos.

328 2367 358 2395 ιι
391 2342 569 2404 Οὗτος
600 2343 1105 2416 κατασοφισάμενος
1132 2342 1196 2397 τὸ
1226 2341 1382 2419 γένος
1432 2344 1620 2413 ἡμῶν,
1674 2339 1915 2395 ἐκάκωσε

253 2458 283 2485 κ
313 2432 447 2497 τοὺς
481 2439 719 2507 πατίρας
761 2434 948 2504 ἡμῶν,
994 2435 1091 2487 τοῦ
1148 2436 1328 2487 ποιεῖν
1386 2426 1575 2495 ἔκθετα
1631 2430 1697 2485 τὰ
1738 2430 1913 2510 βρέφη

251 2546 281 2576 α
316 2521 524 2592 αὖτὼν,
559 2521 637 2587 εἲς
662 2522 727 2577 τὸ
762 2523 838 2595 μὴ
876 2522 1278 2596 ζωογονεῖσθαι.
1314 2544 1344 2574 ››

327 2610 874 2690 Κατασοφισάμενος,
934 2611 1179 2666 τουτέστι
1237 2609 1569 2688 πανούργοις
1641 2608 1921 2681 ἐπινοίας,

258 2700 440 2756 αὐτῶν
500 2699 873 2776 περιγενέσθαι
963 2699 1418 2776 βουλευσάμενος.
1478 2699 1757 2777 Σοφισμὸς
1813 2699 1914 2775 γάρ

257 2789 374 2846 ἇστι
409 2783 749 2864 βεϐιασμένη
782 2787 1063 2864 ἐξήγησις.
1098 2790 1176 2865 Διί
1198 2789 1228 2844 8
1259 2786 1367 2844 ὦδε
1391 2790 1426 2858 ἡ
1461 2786 1691 2865 ἔμφασις
1744 2785 1915 2864 λέγει,

253 2880 320 2935 τὸ
356 2878 553 2954 βιαίως
581 2876 769 2941 αὑτοῖς
796 2875 1072 2941 ἐπιθέσθαι
1124 2875 1408 2947 δηλονότι·
1458 2876 1575 2932 ’ὀθεν
1619 2876 1707 2931 καὶ
1757 2897 1915 2941 σοφι-

260 2969 393 3030 στὰς
421 2967 554 3029 τοὺς
583 2966 787 3043 γόητας
813 2966 1096 3036 καλοῦσιν,
1133 2967 1209 3029 ὡς
1238 2969 1301 3022 τὸ
1330 2966 1536 3037 ἀληθὲς
1580 2964 1650 3021 δι’
1702 2966 1913 3037 ἀπάτης

255 3060 349 3114 καὶ
382 3061 669 3136 σοιρισμῶν
695 3057 1059 3132 κρύπτοντας.
1092 3057 1315 3133 Ἐφεξῆς
1345 3059 1453 3110 τῶν
1487 3055 1607 3128 περὶ
1643 3050 1920 3127 Ἀϐραὰμ-

257 3146 596 3223 εἶρημένων,
630 3145 690 3202 ἐκ
717 3149 1116 3221 χρηματισμοῦ
1163 3146 1263 3214 τήν
1321 3148 1429 3200 τῶν
1489 3144 1772 3219 ἀπογόνων
1820 3143 1919 3198 αὖ-

253 3242 355 3292 τοῦ
380 3237 489 3292 ὑπὸ
517 3234 833 3312 Αἰγυπτίων
868 3232 1037 3304 δηλοῖ
1082 3232 1486 3308 ταλαιπωρίαν.
1532 3237 1633 3295 Ἧς
1676 3232 1765 3288 καὶ
1823 3233 1917 3287 ἀν-

253 3324 560 3396 τισήκωσίς
589 3323 730 3379 ἐστιν
764 3323 1118 3400 ἀναῴὖχουσα
1175 3325 1203 3380 ὁ
1256 3328 1365 3379 τῶν
1422 3321 1736 3397 Αἰγυπτίων
1792 3316 1914 3376 ὄλε-

2094 2343 2163 2415 ν,
2228 2348 2313 2401 19.
2372 2368 2401 2396 ‹‹
2459 2345 2565 2402 Hic
2621 2346 3094 2402 circumveniens
3148 2361 3335 2419 genus
3402 2351 3676 2403 nostrum

2025 2458 2053 2485 ‹‹
2088 2434 2301 2492 afﬂixit
2336 2442 2535 2509 patres
2568 2443 2825 2505 nostros,
2887 2442 2954 2493 ut
2996 2442 3364 2511 exponerent
3414 2436 3675 2495 infantes

2027 2544 2059 2577 ιι
2089 2542 2250 2591 suos,
2285 2542 2360 2581 ne
2391 2526 2453 2582 in
2483 2527 2603 2583 vita
2635 2532 3031 2584 servarentur.
3069 2549 3097 2577 ››

2098 2612 2635 2690 Κατασοφισάμενος,
2665 2616 2726 2672 id
2759 2623 2848 2674 est
2895 2617 3388 2684 circumveniens,
3444 2617 3556 2673 hoc
3587 2621 3679 2675 est

2027 2701 2357 2761 decernens
2387 2723 2505 2778 quo
2538 2714 2708 2779 pacto
2735 2708 2989 2764 versutis
3021 2708 3254 2764 technis
3284 2707 3559 2779 superior
3589 2707 3675 2763 eis

2028 2793 2421 2850 sufﬁceretur.
2469 2797 2614 2851 Nam
2676 2795 2943 2874 σοφισμὸς
3003 2802 3207 2852 coacta
3262 2794 3672 2867 interpretatio

2026 2881 2262 2939 dicitur.
2298 2886 2546 2957 Propter
2574 2886 2732 2957 quod
2763 2886 2846 2941 ita
2877 2886 3282 2958 signiﬁcanter
3338 2884 3500 2952 dicit,
3548 2883 3670 2938 vio«

2025 2971 2221 3028 lenter
2247 2973 2523 3029 videlicet
2562 2974 2683 3029 illis
2740 2973 3047 3045 imponere
3104 2972 3327 3028 volens.
3393 2971 3557 3028 Unde
3615 2976 3675 3027 et

2027 3061 2285 3137 σοφιστὰς
2336 3069 2550 3118 vocant
2605 3063 2983 3134 impostores,
3069 3067 3273 3133 utpote
3359 3061 3670 3117 veritatem

2024 3150 2231 3206 fraude
2253 3168 2319 3206 ac
2343 3151 2477 3206 dolo
2497 3152 2884 3206 occultantes.
2920 3152 3061 3206 Post
3085 3166 3155 3207 ea
3203 3166 3335 3222 quas
3381 3149 3455 3204 de
3484 3149 3673 3205 Abra-

2028 3241 2165 3296 ham
2197 3239 2353 3296 dicta
2382 3244 2523 3295 sunt
2552 3257 2623 3296 ex
2645 3240 2843 3294 divino
2874 3256 3181 3313 responso,
3232 3239 3527 3312 signiﬁcat
3557 3254 3672 3294 ne-

2027 3335 2232 3402 potum
2258 3329 2446 3400 ipsius
2468 3345 2764 3384 mrumnas
2794 3328 2866 3384 ab
2896 3328 3180 3401 Egyptiis
3210 3327 3488 3384 toleratas
3528 3342 3675 3400 qua-

258 3428 409 3491 θρος,
440 3415 501 3476 ’ὀς
533 3414 626 3469 ὑπ’
653 3413 819 3468 αὐτοῦ
848 3418 944 3468 τοῦ
976 3418 1110 3468 Θεοῦ
1163 3412 1348 3475 αὐτοῖς
1402 3412 1540 3467 κατὰ
1584 3412 1683 3479 τὴν
1744 3412 1910 3484 Ἐρυ-

2027 3434 2152 3473 rum
2185 3419 2363 3474 etiam
2394 3418 2801 3489 compensatio
2827 3433 3126 3482 recreans,
3148 3417 3552 3489 Egyptiorum
3585 3420 3677 3472 est

264 3505 396 3579 θραν
459 3501 731 3557 θάλασσαν
787 3501 1126 3575 ἐπηρτῆσθαι
1189 3501 1608 3575 ὑπεσημαίνετο.
1683 3500 1773 3562 Ὠς
1834 3499 1911 3571 μή

262 3598 333 3667 τῇ
384 3592 621 3673 ἐπιφορᾷ
673 3596 781 3647 τῶν
842 3592 1143 3657 ἀνιώντων,
1202 3593 1515 3668 ἀπόγνωσις
1561 3594 1672 3646 τῶν
1731 3609 1915 3660 σωτη-

264 3683 421 3758 ρίων,
468 3684 608 3758 πρὸς
662 3682 914 3738 ἀπιστίαν
971 3680 1317 3752 ξολισθῆσαι
1375 3683 1659 3757 παράσχῃ.
1714 3680 1913 3737 Σκόπει

258 3772 450 3829 καὶτὸ
481 3769 751 3846 ἐχέγγυον
781 3778 882 3840 τῆς
939 3771 1172 3833 πίστεως
1227 3776 1334 3826 τῶν
1393 3768 1911 3846 ἑπαγγελλομὲνων.

260 3866 429 3917 Ποῖον
458 3863 623 3915 τοῦτο
651 3877 667 3929 ;
698 3861 800 3930 τὴν
830 3861 1134 3933 περιτομὴν
1165 3864 1274 3915 τῶν
1325 3864 1652 3936 γεννητικῶν
1703 3858 1911 3934 μορίων

256 3952 451 4010 αὐτοῖς
487 3950 680 4021 μόνοις
712 3947 811 4004 οὐκ
838 3947 1037 4011 ἄλλοις
1068 3951 1350 4026 γνώριμον
1380 3954 1497 4010 τοῖς
1546 3949 1621 4021 μή
1655 3946 1915 4003 πεπονθό-

260 4061 366 4096 σιν.
402 4039 493 4108 Ἐξ
526 4038 601 4092 ὦν
628 4035 695 4106 δὴ
722 4039 936 4093 πάντων
988 4039 1049 4092 τὸ
1106 4040 1385 4109 πειθήνιον
1445 4037 1547 4114 ὅρα
1600 4042 1705 4092 τῶν
1768 4056 1913 4112 χρη·

265 4130 672 4204 ματιζομὲνων.
699 4127 879 4185 Ἀλλὰ
934 4128 1024 4183 καὶ
1074 4130 1192 4183 καθ’
1243 4123 1302 4182 ὅν
1358 4127 1619 4207 χρόνονὴ
1649 4131 1756 4183 τῶν
1815 4147 1912 4181 κα-

257 4218 665 4295 κουχουμένων
689 4216 916 4294 ἤγγιζεν
966 4214 1172 4290 ἔξοδος,
1228 4216 1316 4273 ἐπὶ
1372 4219 1435 4273 τὸ
1493 4215 1705 4289 μᾶλλον
1738 4218 1913 4286 ἡτῶν

255 4310 575 4365 κακούντων
626 4301 786 4381 ’ὑϐρις
836 4301 1107 4381 προϐἆσα,
1160 4308 1260 4376 τὴν
1340 4310 1448 4361 τῶν
1502 4304 1739 4381 ἆρῥὲνων
1794 4309 1914 4366 ταῖς

257 4397 450 4470 μαίαις
480 4394 684 4473 ιρθορᾶν
718 4394 1034 4470 εἶσγήσατο.
1070 4393 1230 4449 Ἀλλ’
1269 4393 1357 4449 ἐπὶ
1407 4394 1501 4467 μὲν
1549 4399 1671 4458 ταῖς
1716 4391 1917 4456 ἃλλαις

254 4487 555 4552 κακώσεσι,
588 4484 650 4538 τὸ
706 4480 874 4538 πλέον
933 4483 1061 4548 τοὺς
1113 4484 1482 4557 κακουμένους
1545 4481 1914 4551 πληθύνεσθαι

254 4576 610 4649 ἀντεξήγετο,
645 4572 872 4637 ἐνταῦθα
902 4571 959 4628 δὲ
986 4575 1125 4649 πρὸς
1166 4578 1247 4646 τῷ
1301 4571 1618 4649 διαμαρτεῖν
1667 4577 1776 4626 τῶν
1821 4592 1915 4627 κα-

252 4664 692 4741 κουργημάτων,
750 4664 841 4718 καὶ
898 4663 1060 4723 αὖτὸι
1115 4658 1315 4719 Μωσὲα
1367 4664 1459 4719 τὸν
1516 4660 1915 4737 ὂλοθρεῦσοντα

256 4759 457 4820 αὖτοὺς
517 4757 666 4823 παρὰ
717 4753 1044 4831 προσδοκίαν
1106 4753 1380 4827 διασωζει,

256 4852 473 4924 τροφῆς
504 4846 653 4917 ἀξιοῖ
680 4846 772 4902 καὶ
803 4845 1143 4920 ἐπιμελείας.
1179 4848 1323 4922 Πρὸς
1370 4847 1423 4903 τί
1473 4844 1531 4902 δὲ
1582 4845 1911 4928 παρελήφθη

254 4939 342 4994 καὶ
372 4942 544 4993 τοῦτο
572 4955 587 5005 ;
621 4936 761 5010 ηρδς
795 4933 1149 5007 ὑποδήΛωσιν
1178 4941 1273 4991 τοῦ
1303 4937 1394 4991 καὶ
1443 4941 1530 4992 νῦν
1585 4938 1661 5009 μή
1711 4936 1914 5011 ἀπογι-

249 5027 666 5095 νώσκειν,τοὺς
719 5026 858 5082 κατὰ
915 5029 1152 5102 Χριστοῦ
1196 5029 1287 5083 καὶ
1344 5031 1452 5082 τῶν
1510 5026 1676 5082 αὐτοῦ
1735 5038 1914 5099 μαθη-

251 5119 363 5172 τών
395 5114 809 5191 όπλιζομὲνους
836 5120 942 5171 τῶν
977 5116 1190 5190 ὁμοίων
1220 5122 1432 5193 τυχεῖν,
1465 5115 1518 5171 ἐν
1562 5121 1683 5178 τοῖς
1730 5114 1914 5193 ἔργοις

255 5212 369 5263 τῶν
412 5211 621 5281 χειρῶν
680 5205 859 5262 αὐτῶν
917 5200 1504 5282 συλλαμϐανομένους.
1562 5207 1639 5262 Τὸ
1698 5202 1757 5261 δὲ
1813 5212 1914 5276 τῆς

255 5302 570 5372 περιτομῆς
626 5301 861 5368 σημεῖον
918 5294 1006 5350 ἐπὶ
1075 5300 1194 5358 τοῖς
1276 5299 1617 5371 γενντ,τικοῖς
1697 5294 1916 5370 μορίοις

251 5392 417 5441 τοῦτο
452 5384 665 5456 δηλοῦν
700 5383 977 5460 βούλεται.
1011 5386 1082 5440 Τὸ
1113 5383 1493 5461 προκάλυμμα
1522 5385 1586 5440 τὸ
1624 5390 1743 5448 τοῖς
1782 5405 1915 5462 γεν-

250 5478 488 5555 νὶρχαις
554 5473 608 5527 ἐν
666 5475 744 5545 τῷ
794 5470 1123 5549 παραδείσω,
1185 5475 1373 5552 φθόνῳ
1454 5478 1557 5529 τοῦ
1604 5474 1913 5550 ἀρχεκάκου

253 5563 431 5643 ἕξεως
460 5564 733 5642 ὑποφυὶν,
766 5564 855 5644 ἀφ’
880 5564 950 5627 οὗ
979 5564 1069 5619 καὶ
1124 5562 1567 5640 ἀξιοπιστότερος
1623 5561 1774 5634 ἔδοξε
1816 5565 1914 5619 τοῦ

252 5655 623 5726 πεποιηκότος
656 5656 792 5709 Θεοῦ
821 5654 945 5730 περὶ
972 5654 1073 5724 τὴν
1103 5656 1284 5733 γεῦσιν
1341 5649 1440 5710 τοῦ
1489 5650 1682 5723 ξύλου.
1736 5654 1913 5708 Τοῦτο

700 5783 945 5835 Pana!»
989 5776 1095 5835 Gn.
1135 5776 1393 5836 CXVIII.

1466 4757 1559 4845 καὶ
1628 4756 1911 4832 βασιλείου
1948 4782 1989 4845 D

2020 3508 2319 3571 interitus,
2344 3509 2444 3579 qui
2465 3508 2538 3564 ab
2561 3508 2691 3581 ipso
2725 3508 2839 3563 Deo
2871 3507 2992 3562 illis
3022 3507 3181 3563 circa
3211 3522 3375 3562 mare
3407 3506 3672 3563 Rubrum

2019 3597 2384 3670 impendisse
2425 3597 2791 3670 signiﬁcatus
2824 3602 2933 3662 est,
2963 3613 3040 3651 ne
3063 3595 3551 3652 discruciantium
3572 3611 3673 3650 re-

2018 3704 2149 3742 rum
2182 3688 2430 3759 impetu,
2460 3686 2794 3758 desperatio
2827 3685 3178 3741 salutarium
3229 3702 3469 3741 causam
3515 3701 3667 3755 pras-

2018 3775 2157 3831 beat
2185 3774 2519 3832 collabendi
2552 3775 2609 3829 in
2642 3774 3078 3830 infidelitatem.
3113 3772 3437 3829 Considera
3486 3773 3662 3828 etiam

2020 3881 2153 3936 quae
2185 3864 2262 3919 sit
2292 3864 2429 3920 ﬁdei
2457 3864 2742 3919 securitas
2775 3862 2845 3917 de
2896 3863 2989 3917 his
3042 3878 3173 3933 quae
3212 3861 3662 3933 promittuntur.

2019 3954 2303 4020 Quasnam
2328 3955 2432 4010 illa
2453 3959 2562 4021 est,
2582 3951 2856 4025 inquies?
2871 3953 3092 4023 Nempe
3108 3951 3265 4023 quod
3288 3950 3661 4007 circumcisio

2019 4045 2365 4119 genitalium
2391 4043 2648 4115 partium
2676 4041 2821 4113 ipsis
2853 4039 2995 4096 solis
3026 4038 3183 4108 data,
3208 4040 3440 4113 insigne
3461 4038 3663 4106 fuerit,

2020 4153 2140 4191 non
2172 4135 2244 4190 iis
2276 4132 2490 4205 quibus
2521 4148 2640 4186 non
2672 4128 3017 4201 contigerat.
3046 4131 3125 4184 Ex
3145 4131 3362 4201 quibus
3384 4129 3665 4185 omnibus

2021 4240 2224 4281 eorum
2257 4224 2491 4277 intuere
2522 4219 2945 4279 obedientiam,
2974 4219 3074 4288 qui
3100 4218 3298 4275 divina
3315 4220 3670 4289 acceperant

2019 4327 2325 4384 responsa.
2361 4309 2471 4365 Sed
2503 4315 2865 4380 ettempore,
2889 4324 3006 4378 quo
3033 4305 3670 4363 afﬂictoruminstabat

2021 4416 2314 4475 egressus,
2347 4397 2604 4469 amplius
2636 4411 2947 4469 progressa
2975 4401 3066 4451 est
3094 4394 3481 4468 afﬂigentium
3503 4393 3669 4464 inju-

2019 4493 2129 4557 ria,
2189 4506 2321 4561 quae
2379 4487 2728 4543 obstetrices
2785 4485 3058 4541 admonit
3121 4483 3195 4539 ad
3263 4481 3667 4538 masculorum

2020 4580 2440 4654 perditionem.
2477 4578 2693 4633 Verum
2727 4577 2788 4631 in
2820 4575 2955 4631 aliis
2978 4573 3220 4645 quidem
3241 4570 3669 4628 afﬂictionibus

2019 4670 2080 4725 id
2112 4668 2450 4741 oppositum
2481 4673 2571 4722 est
2602 4667 2760 4737 quod
2794 4664 2997 4720 afflicti
3023 4661 3280 4734 amplius
3304 4660 3667 4733 multiplica-

2021 4758 2361 4815 bantur.65
2381 4758 2514 4812 Haec
2528 4763 2724 4810 autem
2741 4752 2991 4825 improbi
3002 4759 3089 4808 tas
3103 4757 3496 4823 prmterquam
3511 4749 3670 4822 quod

2024 4849 2087 4903 in
2119 4847 2292 4903 malis
2333 4845 2485 4900 dolis
2516 4845 2746 4899 intento
2778 4840 3193 4904 frustrabatur,
3237 4841 3437 4895 Mosen
3465 4839 3669 4907 etiam,

2026 4938 2126 5010 qui
2157 4938 2318 5008 ipsos
2348 4933 2688 5005 perditurus
2720 4941 2847 4986 erat
2900 4934 3116 5001 printer
3166 4929 3671 5001 exspectationem

2026 5025 2295 5086 servavit,
2319 5039 2387 5078 ac
2412 5020 2572 5085 regia
2594 5019 2947 5077 educatione
2970 5034 3234 5089 curaque
3256 5018 3501 5091 dignum
3526 5017 3669 5073 effe-

2025 5116 2124 5172 cit.
2157 5116 2280 5180 Quo
2311 5117 2511 5169 autem
2545 5110 2662 5164 ﬁne
2692 5108 2749 5163 id
2796 5114 3168 5179 assumptum
3217 5110 3354 5163 est?
3399 5105 3485 5162 Ad
3516 5104 3671 5162 indi-

2025 5204 2279 5261 candum
2306 5199 2465 5271 quod
2498 5213 2693 5268 neque
2727 5214 2887 5253 nunc
2918 5197 3256 5269 negandum
3301 5197 3375 5251 sit
3428 5196 3522 5263 iis,
3572 5196 3675 5266 qui

2025 5295 2307 5351 adversus
2337 5289 2637 5345 Christum
2669 5290 2919 5360 ejusque
2969 5288 3294 5359 discipulos
3343 5292 3672 5355 armantur,

2024 5381 2244 5439 similia
2274 5379 2638 5450 contingere,
2668 5379 2767 5450 qui
2802 5379 2862 5433 in
2896 5378 3178 5450 operibus
3217 5393 3502 5433 manuum
3536 5392 3675 5431 sua-

2023 5489 2157 5529 rum
2176 5468 2783 5541 comprehenduntur.
2797 5468 3041 5540 Signum
3055 5482 3189 5521 vero
3203 5465 3677 5522 circumcisionis

2024 5563 2086 5618 in
2116 5559 2385 5634 partibus
2410 5556 2773 5632 genitalibus
2805 5556 2865 5612 id
2896 5556 3233 5629 signiﬁcare
3265 5556 3410 5622 vult,
3462 5568 3675 5625 nempe

2024 5650 2468 5723 operimentum
2491 5662 2608 5720 quo
2634 5663 2698 5705 se
2718 5646 2898 5719 primi
2918 5649 3197 5718 parentes
3220 5648 3586 5721 operuerunt
3612 5641 3677 5700 in

3281 5766 3317 5825 6
