4134 6196
479 381 592 443 139

1595 374 2017 437 (ECUMENII
2065 373 2365 435 TRICC/E
2407 375 2760 441 EPISCOPI

3767 362 3886 453 ιω

473 517 770 591 paradiso,
804 522 1009 573 natum
1043 513 1263 572 invidia
1286 511 1600 586 serpentis,
1629 512 1728 584 qui
1763 508 2111 584 principium

2237 506 2566 584 ἀναιρεῖσθαι
2621 515 2656 582 ἡ
2715 518 2991 589 περιτομή
3053 514 3386 594 είσηγήσατο
3443 522 3521 584 τῷ
3567 518 3705 592 πρὸς
3754 522 3884 577 Θεὸν

475 616 534 664 et
556 613 732 680 caput
761 606 1174 663 est‘malorum
1203 622 1215 661 :
1250 622 1320 660 ex
1353 621 1468 676 quo
1501 603 1681 659 etiam
1714 601 1828 656 ﬁde
1888 599 2123 672 dignior

474 698 709 752 habitus
740 704 829 752 est
859 713 1037 768 quam
1071 698 1221 751 Deus
1254 696 1412 751 circa
1439 694 1583 766 ligni
1627 708 1814 747 esum.
1869 691 1987 744 Hoc
2017 688 2118 743 ab-

463 787 652 858 jicere
686 787 1060 842 circumcisio
1114 803 1248 841 eum
1296 784 1737 844 adhortabatur,
1793 780 1892 853 qui
1942 781 2118 834 vitam

473 876 802 932 secundum
836 879 1019 932 Deum
1046 874 1684 946 transmutabat.juxta
1708 871 1852 926 Mosi
1878 869 2120 941 quidem

468 968 910 1042 Iegislationem
973 984 1178 1024 eorum
1236 967 1590 1039 praecipiens
1647 963 2118 1036 amputationem

470 1075 601 1130 quae
633 1076 667 1114 a
725 1066 939 1115 natura
995 1057 1192 1113 solent
1248 1057 1564 1128 amputari.
1634 1060 1924 1110 Praeterea
1980 1066 2118 1106 vero

470 1148 649 1204 etiam
674 1153 910 1222 tempus
935 1148 1219 1204 adventus
1251 1147 1464 1204 Christi
1498 1145 1800 1215 designat:
1834 1159 1950 1214 quo
1983 1140 2115 1196 uni-

468 1253 638 1295 versa
659 1238 990 1294 umbratica
1010 1256 1078 1294 ac
1105 1238 1410 1310 figurativa
1431 1235 1505 1290 ad
1533 1234 1936 1306 evangelicam
1969 1230 2120 1286 veri-

473 1333 654 1384 tatem
680 1328 1138 1383 transferuntur.
1175 1326 1340 1381 Unde
1379 1341 1481 1380 eos
1514 1324 1612 1395 qui
1645 1324 1729 1378 ita
1758 1321 1969 1393 corrigi
1997 1336 2118 1374 non

474 1419 773 1474 sustinent
797 1417 857 1472 in
891 1415 1278 1487 sequentibus
1309 1415 1490 1469 duros
1539 1413 1764 1468 cervice
1812 1428 1879 1466 ac
1929 1409 2116 1464 incir-

473 1508 764 1563 cumcisos
796 1523 924 1562 esse
956 1505 1279 1561 describit:
1313 1504 1493 1560 duros
1517 1503 1759 1575 quidem
1788 1499 2118 1566 cervice,ad

470 1595 915 1666 subjiciendum
949 1612 1011 1651 se
1063 1594 1262 1650 divino
1323 1593 1604 1666 Spiritui:
1668 1590 2119 1648 incircumcisos

469 1692 668 1741 autem
701 1686 878 1742 corde
923 1691 983 1742 et
1037 1685 1301 1748 auribus,
1359 1689 1563 1756 utpote
1617 1700 1738 1738 non
1796 1682 2118 1738 tolerantes

468 1781 676 1830 mutuo
709 1775 864 1831 datis
891 1774 1304 1830 occasionibus
1333 1772 1582 1844 expiari,
1639 1777 1741 1827 aut
1789 1770 1996 1842 attingi
2055 1769 2118 1824 in

2225 599 2288 653 τὸ
2322 601 2416 674 ζῇν
2455 603 2866 676 μετατάττοντι,
2894 604 3029 660 κατά
3067 606 3160 678 μὲν
3220 608 3319 676 τήν
3383 606 3663 670 Μωὺσέως
3715 631 3886 685 νομο-

2228 691 2410 745 θεσίαν
2444 697 2547 746 τῶν
2581 693 2685 748 ἀπὸ
2717 701 2902 772 γενεᾶς
2952 693 3159 768 ἐθίμων
3218 695 3574 752 ἐπιτάττουσα
3625 701 3724 769 τήν
3782 721 3879 756 τεο

2228 781 2515 856 ριαίρεσιν.
2558 783 2678 840 Ἔτι
2709 781 2766 838 δὲ
2798 785 2887 839 καὶ
2945 785 3132 860 καιρὸν
3178 791 3340 842 τοῦτο
3401 795 3499 856 τῆς
3553 791 3689 844 κατά
3751 797 3831 866 Χρ
3859 824 3880 836 -

2225 869 2349 924 στὸν
2381 868 2677 943 ἐπιδημίας
2707 871 3106 948 προβαλλεται.
3142 878 3266 932 Καθ’
3297 871 3356 930 ὅν
3384 878 3449 932 τὰ
3501 876 3708 948 σκιώδη
3744 880 3878 935 παν·

2223 981 2288 1014 τα
2319 962 2407 1015 καὶ
2431 963 2632 1018 τυπικά
2662 961 2748 1018 ἐπὶ
2777 965 2874 1034 τήν
2925 965 3061 1020 κατά
3117 966 3179 1021 τὸ
3227 965 3566 1045 Εὐαγγέλνον
3614 969 3877 1039 ἀληθειαν

2228 1052 2641 1128 μεταφέρονται.
2692 1055 2853 1110 ’Όθεν
2905 1055 3033 1117 τοὺς
3097 1055 3243 1110 οὕτω
3325 1064 3732 1128 μεταποιεῖσθαι
3797 1061 3874 1133 μή

2222 1138 2589 1216 ἀνεχομένους
2621 1141 2695 1204 είς
2745 1141 3278 1220 σκληροτραχτςλους
3326 1147 3416 1200 καὶ
3469 1147 3880 1224 ἀπεριτμήτους

2223 1224 2533 1305 προϐαίνων
2589 1231 2892 1301 ἀπεικάσει,
2969 1234 3502 1310 σκΑηροτραχήλους
3561 1237 3674 1311 μὶν,
3737 1238 3876 1314 πρὸς

2222 1319 2320 1389 τὴν
2379 1323 2475 1374 τοῦ
2533 1320 2678 1383 θείου
2739 1321 3054 1396 Πνεύματος
3115 1322 3419 1402 ὑποταγὴν,
3469 1324 3880 1401 ἀπεριτμήτους

2226 1405 2283 1463 δὲ
2304 1410 2401 1478 τήν
2433 1405 2654 1485 καρδίαν
2685 1410 2773 1465 καὶ
2804 1412 2870 1466 τὰ
2901 1411 3035 1477 ὦτα,
3069 1412 3143 1476 ὡς
3177 1415 3251 1486 μή
3285 1413 3650 1490 ἀνεχομένους
3671 1416 3876 1472 καταλ-

2224 1493 2418 1568 λήλως
2449 1504 2565 1561 τοῖς
2593 1505 2809 1574 καιροῖς
2841 1500 3193 1578 ἀφοσιοῦσθαι
3225 1503 3291 1557 τά
3346 1503 3656 1580 πράγματα.
3705 1505 3774 1562 Εἴ
3818 1502 3876 1561 δὲ

2221 1587 2284 1641 τὸ
2313 1590 2641 1669 τοῦΊωσὴφ
2685 1590 3017 1663 θαυμαστὸν,
3069 1587 3153 1646 ὅτι
3205 1591 3294 1646 ὑπ’
3343 1589 3592 1672 ἀδελφῶν
3639 1593 3873 1670 ἐπράθη,

2223 1677 2312 1732 καὶ
2344 1674 2539 1733 ἔσωσεν
2601 1677 2794 1742 αὐτοὺς
2828 1680 2856 1735 6
2886 1680 3129 1756 πραθεὶς,
3183 1685 3345 1736 τοῦτο
3405 1685 3874 1758 θαυμασιώτερον,

2223 1766 2306 1821 δτι
2336 1767 2364 1822 6
2401 1764 2659 1841 βασιλεὺς
2693 1766 2907 1847 ἔτρεφεν
2943 1768 3102 1824 αὐτὸν
3132 1771 3222 1825 τὸν
3278 1769 3554 1845 μέλλοντα
3601 1776 3874 1849 καθαιρή-

468 1863 667 1920 rebus.
697 1864 862 1930 Quod
893 1865 940 1918 si
973 1862 1393 1920 admirandum
1426 1868 1553 1918 erat
1583 1863 1642 1916 in
1698 1860 1915 1932 Ioseph
1959 1857 2111 1930 quod

2231 1877 2338 1912 σειν
2369 1857 2536 1912 αὐτοῦ
2565 1858 2663 1925 τήν
2697 1857 2897 1933 ἀρχήν.
2931 1859 3008 1915 Τὸ
3041 1857 3097 1914 δέ
3127 1866 3302 1915 ποιεῖν
3352 1859 3539 1926 ἔκθετα
3567 1864 3634 1917 τα
3677 1863 3874 1941 βρέῳη,

473 1955 551 2010 sit
577 1953 848 2009 venditus
879 1970 913 2008 a
935 1953 1238 2020 fratribus,
1268 1953 1428 2024 ipsos
1460 1957 1659 2006 tamen
1690 1949 1962 2005 venditus
1992 1963 2118 2002 ser-

471 2042 910 2100 vaveritzillud
971 2043 1156 2116 magis
1213 2041 1607 2097 admiratione
1665 2039 1907 2106 dignum
1966 2035 2122 2109 quod

474 2151 577 2188 rex
609 2150 745 2188 eum
777 2133 1075 2188 nutrierit.
1130 2131 1229 2202 qui
1287 2131 1475 2202 ipsius
1532 2129 1931 2201 principatum
1999 2132 2126 2182 erat

471 2223 881 2278 subversurus.
945 2220 1219 2278 Ostendit
1274 2227 1471 2274 autem
1556 2219 1781 2274 faciens
1866 2217 2122 2271 infantes

472 2313 685 2385 exponi
719 2311 878 2384 quod
909 2329 1029 2367 non
1061 2311 1238 2366 vellet
1279 2327 1378 2366 eos
1431 2309 1744 2366 manifeste
1797 2307 2006 2363 occidi.
2054 2308 2122 2361 Et

470 2403 600 2458 vide
633 2405 787 2474 quod
825 2401 1099 2457 diabolus
1130 2418 1237 2474 per
1258 2417 1327 2456 ea
1357 2399 1690 2472 provexerit
1720 2398 1822 2454 Dei
1863 2396 2117 2469 promis—

470 2494 722 2559 sionem,
755 2508 862 2563 per
901 2508 1030 2562 quae
1087 2490 1413 2547 conabatur
1462 2506 1593 2545 eam
1653 2487 1994 2543 dissolvere.
2056 2487 2121 2542 In

471 2583 745 2640 exsilium
780 2582 1078 2654 relegatur
1107 2583 1316 2646 Moses,
1352 2580 1454 2636 sed
1487 2581 1548 2634 in
1595 2577 1800 2634 exsilio
1831 2578 2120 2632 visionem

471 2671 635 2726 illam
668 2670 1041 2742 adipiscitur,
1074 2675 1133 2725 et
1160 2669 1364 2741 populi
1404 2668 1654 2724 ducatus
1704 2667 1793 2722 illi
1845 2667 2121 2722 commit-

469 2760 652 2816 titur:
686 2760 767 2816 ita
796 2759 1100 2815 venditum
1143 2774 1380 2830 quoque
1438 2774 1670 2813 servum
1739 2756 1820 2812 ibi
1870 2773 2116 2830 regnare

2230 1942 2468 2002 δείκνυσι
2504 1948 2579 2018 μή
2611 1945 2947 2022 βουλόμενον
2978 1954 3218 2025 φανερῶς
3269 1952 3367 2020 τὴν
3407 1950 3614 2006 τούτων
3666 1952 3876 2028 ἀναίρε-

2230 2057 2311 2092 σιν
2341 2037 2629 2092 ποιεῖσθαι.
2664 2036 2766 2093 Καὶ
2794 2038 2895 2111 ὅρα
2941 2037 3025 2093 δτι
3076 2037 3122 2094 δ’
3174 2040 3248 2095 ὧν
3280 2041 3308 2094 6
3341 2036 3600 2105 διάϐολος
3658 2041 3872 2118 ἐπεχεί-

2229 2148 2309 2202 ρει
2339 2124 2627 2182 καταλύειν
2655 2129 2756 2197 τήν
2799 2126 3128 2206 ἐπαγγελίαν
3173 2135 3270 2184 τοῦ
3320 2135 3476 2198 Θεοῦ,
3527 2129 3615 2187 διά
3665 2133 3875 2189 τούτων

2229 2215 2437 2292 ηὔξετο.
2481 2215 2847 2296 Φυγαδεῦεται
2910 2221 3142 2286 Μωσῆς,
3199 2219 3326 2276 ἀλλ’
3384 2219 3434 2276 ἐν
3488 2226 3556 2296 τῇ
3606 2223 3874 2301 φυγαδείᾳ

2225 2313 2325 2376 τῆς
2386 2303 2562 2381 ὅψεως
2617 2306 2824 2377 ἐκείνης
2885 2309 3153 2382 ἀξιοῦται,
3211 2309 3303 2365 καὶ
3359 2311 3459 2379 τήν
3520 2308 3874 2390 δημαγωγίαν

2227 2395 2609 2472 ἐγχειρίζεται.
2653 2397 2812 2455 Οὕτω
2867 2397 2960 2452 καὶ
3021 2399 3112 2454 τὸν
3163 2399 3425 2473 πραθέντα
3469 2396 3665 2456 δοῦλον
3723 2407 3877 2458 ποιεῖ

2230 2485 2536 2561 βασιλεύειν
2583 2484 2706 2550 ἔνθα
2759 2487 3043 2559 ἐνομίζετο
3101 2485 3324 2552 δοῦλος.
3386 2490 3483 2544 Καὶ
3539 2490 3702 2552 αὐτὸς
3755 2487 3812 2546 δὲ
3843 2493 3872 2546 6

2225 2576 2464 2650 Χριστὸς
2495 2574 2545 2630 ἐν
2575 2579 2654 2648 τῷ
2714 2579 2925 2650 θανάτῳ
2980 2579 3080 2647 τήν
3137 2574 3360 2651 δύναμιν
3422 2576 3726 2651 ἐπεδείξατο
3783 2579 3877 2637 καὶ

2223 2664 2286 2720 τὸ
2317 2666 2537 2740 κράτος.
2571 2662 2760 2729 Οὕτως
2791 2666 3106 2744 εὐμήχανος
3149 2669 3177 2722 6
3236 2669 3389 2739 Θεὸς,
3446 2669 3536 2724 καὶ
3597 2667 3880 2742 ἀκατάλη-

2221 2775 2357 2816 πτος
2391 2757 2426 2824 ἠ
2461 2754 2692 2828 πρόνοια
2722 2756 2912 2812 αὐτοῦ.

467 2849 609 2905 facit
656 2849 756 2904 ubi
807 2865 1008 2904 servus
1035 2847 1371 2904 habebatur
1399 2845 1462 2903 ⁸⁸,
1501 2848 1570 2902 Et
1601 2847 1726 2918 ipse
1758 2846 2025 2902 Christus
2055 2847 2115 2902 in
2143 2853 2334 2903 morte
2360 2847 2690 2918 potentiam
2744 2846 3172 2904 demonstiavit
3213 2866 3281 2905 ac
3335 2850 3537 2920 robur,
3587 2850 3732 2907 adeo
3785 2869 3879 2908 sa-

463 2939 636 3010 piens
667 2944 756 2994 est
787 2939 959 3006 Deus,
995 2944 1052 2992 et
1081 2936 1708 3008 incomprehensibilis
1739 2935 2110 3007 providentia
2141 2937 2289 3010 ejus.

535 3028 659 3095 VII,
691 3031 760 3084 20
795 3030 884 3084 24.
944 3050 970 3077 ‹‹
1011 3029 1133 3093 Quo
1194 3033 1459 3098 tempore
1529 3032 1708 3082 natus
1760 3031 1849 3080 est
1903 3027 2111 3092 Moses,

473 3139 493 3167 ι
526 3118 756 3188 fuitque
785 3123 986 3190 gratus
1018 3117 1157 3184 Deo,
1189 3117 1290 3188 qui
1323 3116 1582 3171 nutritus
1637 3115 1737 3170 (ιθ
1787 3120 1877 3170 est
1925 3113 2111 3170 tribus

2301 3051 2320 3076 ι
2356 3027 2442 3082 Ἐν
2476 3025 2522 3098 ᾦ
2552 3029 2725 3098 καιρῷ
2765 3024 3026 3102 ἐγεννήθη
3083 3033 3342 3097 Μωϋσῆς.
3389 3030 3492 3085 Καὶ
3540 3030 3608 3099 ἦν
3658 3029 3875 3094 ἀστεῖος

2225 3138 2253 3167 ι(
2283 3119 2363 3186 τῷ
2394 3119 2530 3186 Θεῷ,
2565 3115 2622 3176 ὅς
2654 3115 2920 3194 ἀνετράφη
2957 3123 3129 3188 μῆνας
3159 3123 3305 3190 τρεῖς
3359 3118 3409 3172 ἐν
3461 3123 3542 3190 τῷ
3597 3117 3733 3190 οῗκῳ
3771 3123 3872 3175 τοῦ

465 3231 493 3259 ‹‹
529 3207 834 3263 mensibus
892 3207 952 3260 in
1011 3206 1186 3261 domo
1246 3206 1450 3276 patris,
1522 3204 1853 3277 expositum
1912 3209 2109 3258 autem

2225 3204 2500 3276 «πατρός.
2551 3203 2864 3268 Ἐκτεθέντα
2922 3205 2979 3259 δὲ
3043 3205 3199 3261 αὐτὸν
3247 3206 3489 3263 ἀνείλετο
3549 3210 3583 3278 ἡ
3627 3209 3866 3285 θυγάτηρ

467 3320 494 3347 ‹‹
531 3297 724 3368 ipsum
753 3295 889 3350 tulit
921 3294 1042 3349 filia
1074 3295 1418 3352 Pharaonis.
1447 3299 1506 3348 et
1536 3293 1805 3349 educavit
1837 3309 1972 3347 eum
2005 3291 2117 3347 sibi

468 3413 492 3439 ιι
524 3387 586 3442 in
612 3387 822 3441 filium.
857 3386 927 3439 Et
957 3383 1224 3439 eruditus
1249 3390 1339 3438 est
1369 3385 1557 3439 Moses
1587 3383 1648 3437 in
1680 3382 1841 3437 omni
1876 3383 2114 3453 sapien-

468 3501 488 3528 α
523 3479 603 3534 tia
631 3477 1059 3550 Egyptiorum,
1094 3481 1338 3546 eratque
1372 3482 1582 3546 potens
1614 3475 1675 3528 in
1732 3473 2012 3545 operibus
2061 3477 2118 3528 et

465 3590 492 3619 ‹‹
523 3566 920 3623 sermonibus.
979 3566 1051 3620 Ut
1089 3571 1286 3620 autem
1339 3563 1639 3635 expletum
1691 3569 1780 3618 est
1826 3562 1913 3616 illi
1970 3577 2114 3632 qua-

470 3677 494 3707 c
529 3655 801 3728 draginta
829 3670 1122 3710 annorum
1163 3660 1418 3724 tempus,
1454 3651 1637 3708 subiit
1667 3650 1728 3705 in
1760 3667 1861 3706 cor
1885 3651 2117 3722 ejus.ut

467 3767 495 3796 ιι
529 3746 811 3801 inviseret
837 3744 1048 3800 fratres
1079 3759 1216 3798 suos
1249 3741 1404 3797 ﬁlios
1453 3739 1657 3797 Israel.
1713 3741 1977 3812 Cumque
2028 3739 2114 3794 vi-

474 3856 496 3885 ι
531 3833 716 3890 disset
745 3832 1064 3905 quemdam
1109 3831 1334 3904 injuria
1362 3830 1541 3898 affici,
1573 3828 1842 3885 defendit
1866 3843 2024 3894 eum,
2057 3833 2117 3884 et.

469 3945 499 3974 «ς
531 3923 693 3978 ultus
723 3929 814 3978 est
842 3923 1026 3978 vicem
1060 3922 1190 3993 ejus
1219 3921 1319 3993 qui
1343 3919 1736 3993 afﬂigebatur.
1771 3941 1797 3970 ››

542 4010 652 4065 Illo
678 4010 861 4084 igitur
889 4016 1154 4082 tempore
1184 4017 1361 4066 natus
1388 4007 1718 4080 est,inquit.
1751 4009 1958 4074 Moses,
1981 4007 2114 4064 fuit-

470 4115 584 4172 que
614 4098 844 4165 ἀστεῖος,
878 4099 937 4155 id
969 4107 1061 4156 est
1087 4106 1309 4173 gratus,
1343 4100 1462 4155 sive
1511 4099 1765 4156 dilectus
1817 4100 1957 4156 Deo.
2009 4097 2111 4156 Vel

463 4186 676 4250 ἀστεῖος
707 4191 968 4263 proprie,
999 4189 1112 4245 hoc
1144 4195 1254 4257 est,
1282 4189 1344 4244 in
1392 4189 1609 4262 puerili
1655 4189 1850 4262 quoad
1894 4205 2108 4262 corpus

461 4285 633 4337 etate
665 4278 1229 4350 irrerrehensibilis.
1266 4279 1612 4352 Expositum
1663 4286 1861 4335 autem
1911 4280 2108 4352 ipsum

458 4386 588 4428 cum
614 4371 848 4428 tulisset
870 4370 992 4426 filia
1013 4368 1602 4436 Pharaonis,edocuit
1622 4369 1784 4425 omni
1815 4369 2108 4442 sapientia

453 4462 880 4535 Egyptiorum.
912 4461 994 4516 Ex
1024 4459 1136 4515 hoc
1167 4459 1551 4514 manifestum
1587 4465 1677 4514 est
1706 4475 1826 4514 non
1860 4459 2102 4531 ejicien-

2227 3317 2255 3348 α
2286 3293 2490 3358 Φαραὼ
2518 3293 2615 3348 παὶ
2650 3294 2974 3367 ἀνεθρέψατο
3024 3293 3183 3350 αὐτὸν
3232 3295 3392 3366 ἑαυτῇ
3448 3295 3523 3359 εἷς
3573 3298 3687 3351 υἱόν
3758 3297 3867 3353 Καὶ

2219 3407 2247 3435 ι(
2282 3380 2572 3450 ἐπαιδεύθη
2609 3386 2845 3450 Μωυσῆς
2878 3385 3019 3456 πάσῃ
3079 3383 3241 3461 σοφίᾳ
3297 3383 3632 3462 Αἰγυπτίων,
3693 3386 3758 3455 ἦν
3808 3383 3869 3441 δέ

2221 3495 2249 3524 ιι
2282 3467 2508 3534 δυνατὸς
2537 3469 2587 3524 ἐν
2618 3469 2798 3546 ἔργοις
2819 3471 2909 3526 καὶ
2940 3470 2992 3526 ἐν
3027 3469 3236 3547 λόγοις,
3295 3474 3383 3535 Ὠς
3442 3471 3498 3530 δὲ
3551 3473 3866 3547 ἐπληροῦτο

2217 3584 2244 3610 ‹‹
2279 3559 2428 3632 αὖτῷ
2459 3562 2981 3635 τεσταρακονταετὴς
3015 3563 3239 3637 χρόνος.
3271 3558 3431 3634 ἀνέϐη
3465 3564 3552 3618 ἐπὶ
3599 3566 3701 3632 την
3731 3585 3864 3639 καρ-

2217 3672 2244 3700 ‹‹
2285 3645 2404 3703 δίαν
2432 3647 2622 3712 αὐτοῦ,
2656 3648 3042 3724 ἐπισκέψασθαι
3073 3652 3200 3714 τοὺς
3227 3648 3496 3732 ἀδελφοὺς
3541 3654 3707 3709 αὑτοῦ
3738 3653 3868 3717 τοὺς

2218 3759 2244 3791 ι
2278 3735 2702 3812 υίοὺςἸσραῆλ.
2763 3738 2863 3793 Καὶ
2919 3737 3049 3795 ἰδών
3103 3761 3226 3796 τινα
3286 3739 3663 3816 ἀδικούμενον,
3720 3743 3866 3814 iud-

2217 3847 2426 3894 ιινατο,
2510 3826 2601 3882 καὶ
2678 3824 2928 3899 ἐποίησεν
3013 3827 3287 3902 ἐκδίκησιν
3363 3835 3442 3905 τῷ
3521 3851 3866 3887 καταπονου-

2215 3941 2242 3967 ‹‹
2280 3916 2421 3989 μένῳ
2432 3959 2444 3973 .
2483 3941 2503 3967 ι

2287 4008 2374 4063 Ἑν
2409 4005 2554 4079 αὖτῷ
2583 4008 2766 4063 τοίνυν
2797 4012 2877 4082 τῷ
2906 4013 3082 4084 καιρῷ
3113 4008 3393 4084 ἐγεννήθη,
3431 4009 3586 4088 φησὶ,
3629 4016 3854 4081 Μωσῆς,

2213 4094 2398 4164 καὶῆν
2436 4094 2650 4161 ἀστεῖος
2697 4101 2777 4168 τῷ
2833 4101 2968 4169 Θεῷ,
3029 4100 3303 4154 τνυτέστιν
3363 4099 3668 4174 εὐάρεστος,
3725 4099 3854 4171 ἤτοι

2211 4181 2492 4262 θεοφιλής·
2526 4186 2596 4242 ἸΙ
2651 4187 2863 4247 ἀστεῖος
2920 4187 3124 4259 κυρίως
3183 4189 3210 4242 6
3269 4186 3320 4242 ἐν
3374 4186 3603 4263 παιδικῇ
3661 4189 3857 4262 ἡλικίᾳ

2209 4274 2348 4329 κατά
2378 4278 2536 4346 σῶμα
2565 4273 2896 4346 ἀμώμητος.
2959 4275 3270 4341 Ἐκτεθέντα
3327 4275 3383 4332 δὲ
3431 4277 3590 4334 αὐτὸν
3699 4278 3862 4351 θυγά-

2208 4383 2312 4434 τηρ
2345 4363 2546 4438 Φαραὼ
2578 4361 2880 4437 ἀνελομένη
2911 4369 3083 4422 πᾶσαν
3145 4365 3336 4441 σοφίαν
3394 4366 3702 4442 Λίγσπτίων
3756 4365 3864 4422 ἐδί·

2209 4449 2375 4524 δαξεν.
2412 4454 2505 4509 Ἐκ
2534 4451 2728 4508 τούτου
2784 4449 2974 4523 δῆΛον,
3027 4455 3102 4519 ὡς
3152 4455 3252 4510 οὐκ
3306 4451 3627 4527 ἀποϐλητέα
3679 4457 3856 4528 πάντη

456 4548 592 4605 dam
623 4567 750 4608 esse
783 4564 1022 4607 omnem
1056 4554 1313 4604 externa)
1341 4547 1647 4619 scripturas
1678 4547 2096 4604 eruditionem.

2221 4541 2412 4612 ἑστὶνή
2461 4546 2567 4597 τῶν
2629 4539 2815 4616 ἔξωθεν
2857 4549 2959 4613 τῆς
3028 4549 3248 4618 Γραφῆς
3305 4543 3602 4607 παίδευσις.
3659 4547 3861 4622 Τρόπῳ

458 4636 756 4709 Siquidem
785 4639 1036 4696 encomii
1098 4638 1220 4692 vice
1276 4635 1501 4691 dictum
1552 4641 1641 4690 est
1695 4637 1853 4707 quod
1911 4639 2097 4692 Moses

457 4727 722 4783 eruditus
754 4738 843 4784 est
872 4729 1033 4784 omni
1066 4726 1357 4798 sapientia
1393 4725 1814 4796 lEgyptiorum.
1874 4727 1950 4780 De
2001 4726 2098 4781 tri-

455 4810 566 4867 bus
598 4832 830 4887 quoque
870 4819 1070 4890 pueris
1100 4834 1167 4872 ac
1200 4814 1440 4871 Daniele
1473 4813 1690 4868 dicitur
1721 4814 1877 4886 quod
1919 4833 2098 4887 super

455 4917 662 4956 omnes
675 4905 1015 4960 eminebant
1030 4905 1429 4960 Chaldaeorum
1443 4903 1645 4972 sapien
1658 4903 1735 4958 tia
1747 4905 2094 4976 cmterisque

454 4989 802 5048 scientiis“.
832 4993 1068 5063 Oportet
1090 5001 1285 5049 autem
1312 4992 1618 5064 paululum
1647 4993 1768 5046 illis
1790 4993 2092 5050 adhwrere

451 5078 679 5148 eosqui
701 5080 1010 5150 Scriptura:
1026 5081 1309 5136 divinitus
1341 5081 1643 5152 inspiratae
1676 5082 2091 5139 immorantur.

449 5169 648 5238 Neque
677 5169 833 5222 enim
867 5171 1053 5223 Moses
1084 5185 1276 5239 neque
1312 5171 1597 5234 Ananias,
1628 5177 1730 5226 aut
1760 5172 1964 5226 Daniel
1987 5189 2058 5244 pe
2079 5204 2091 5214 -

445 5256 743 5329 regrinam
776 5256 1112 5313 didicerunt
1141 5256 1558 5324 eruditionem,
1593 5260 1707 5314 nisi
1739 5262 2090 5318 necessitate

443 5361 511 5400 ac
542 5347 845 5402 coactione
878 5346 1257 5402 dominorum
1294 5361 1306 5397 :
1341 5344 1402 5398 in
1436 5346 1599 5400 nullo
1633 5350 1856 5403 etenim
1898 5366 1966 5406 ea
1995 5351 2087 5406 usi

441 5441 600 5502 sunt,
635 5437 750 5492 nisi
783 5436 933 5492 forte
965 5436 1099 5507 quis
1144 5434 1302 5490 dicat
1350 5434 1509 5504 quod
1563 5435 1785 5494 bonum
1835 5441 1911 5496 sit
1958 5458 2088 5498 eam

440 5523 668 5582 discere
699 5525 775 5583 ad
807 5525 1154 5584 evertendas
1182 5523 1427 5581 illorum
1457 5524 1721 5588 fraudeS.

507 5680 554 5717 ⁸⁸
583 5681 715 5757 Sep.
749 5689 818 5756 x,‘
841 5686 925 5741 14.
958 5685 1006 5722 ⁸⁸
1038 5685 1179 5746 Dan.
1216 5703 1254 5756 ι,
1292 5690 1376 5744 17.

2207 4632 2311 4709 γάρ
2345 4632 2625 4707 ἐγκωμίου
2675 4631 2910 4708 εἷ’ρηται,
2976 4635 3050 4697 ὡς
3102 4632 3390 4706 ἐπαιδεύθη
3447 4643 3651 4704 Μωσῆς
3707 4639 3856 4713 πάσῃ

2207 4723 2369 4800 σοφίᾳ
2400 4723 2733 4796 Αἰγυπτίων.
2774 4723 2876 4780 Καὶ
2933 4717 3057 4799 περί
3115 4730 3222 4780 τῶν
3277 4730 3443 4800 τριῶν
3504 4724 3710 4780 παίδων
3760 4727 3857 4782 καὶ

2205 4812 2434 4882 Δανιὴλ,
2486 4813 2560 4874 ὡς
2623 4809 2994 4885 ὑπερέϐαλλον
3064 4824 3262 4878 παντας
3322 4816 3372 4871 ἐν
3428 4821 3496 4891 τῇ
3558 4814 3853 4874 Χαλδαίων

2455 4903 2465 4922 ρ
2626 4903 2639 4922 ε
2741 4909 2761 4919 -
3015 4911 3036 4921 ..
3585 4914 3605 4924 -
3685 4908 3698 4924 ς

2205 4903 2519 4980 φιλοσοιριᾳ,
2553 4925 2642 4957 και
2673 4926 2790 4966 ταις
2843 4902 3063 4966 λοιπαις
3122 4905 3468 4981 ἐπιστήμαις.
3515 4917 3603 4962 Δει
3653 4906 3710 4962 δε
3767 4907 3862 4965 ἐπ’

2203 4989 2390 5067 ὀλίγον
2423 4991 2609 5053 αὐταῖς
2640 4991 2953 5069 προσέχειν,
2995 4998 3063 5068 τῇ
3119 4995 3458 5068 θεοπνεύστψ
3511 5000 3695 5074 Γραφῇ
3755 4995 3865 5070 ἐμ-

2205 5079 2460 5155 μένοντας
2517 5079 2654 5139 Οὔτε
2684 5082 2787 5157 γὰρ
2821 5089 3083 5152 Μωυσῆς,
3137 5082 3259 5140 οὔτε
3316 5085 3367 5138 οἱ
3417 5086 3538 5159 περί
3599 5087 3859 5143 Ἀνανίαν

2201 5171 2289 5226 καὶ
2326 5171 2532 5239 Δανιὴλ
2559 5169 2756 5243 ἔμαθον
2789 5170 2845 5226 ἄν
2874 5173 2971 5240 τήν
3002 5171 3150 5243 ξένην
3184 5171 3450 5236 παιδείαν,
3486 5173 3530 5229 εί
3566 5176 3640 5249 μή
3690 5175 3864 5251 ἀνάγ-

2199 5281 2268 5334 κῃ
2292 5259 2380 5314 καὶ
2415 5260 2506 5334 βία
2551 5257 2846 5319 δεσποτῶν.
2909 5262 3012 5317 Καὶ
3067 5263 3171 5338 γὰρ
3225 5263 3276 5316 ἐν
3332 5261 3510 5318 οὐδενῖ
3567 5263 3705 5337 αὐτῇ
3757 5263 3860 5320 κέ-

2200 5369 2460 5426 χρηνται,
2493 5348 2540 5404 εἷ’
2575 5352 2648 5422 μή
2683 5371 2788 5405 που
2832 5351 2964 5427 (ξαίη
3026 5352 3084 5406 ἄν
3142 5374 3247 5422 τις,
3308 5354 3389 5408 ’ὀτι
3449 5352 3618 5408 καλὸν
3675 5354 3855 5423 αὐτήν

2203 5441 2391 5514 μαθεῖν
2423 5437 2560 5512 πρὸς
2589 5439 2652 5494 τὸ
2685 5439 2977 5514 ἀνατρέψαι
3009 5440 3104 5503 τὰς
3135 5439 3350 5496 ἐκείνων
3373 5441 3602 5504 ἀπάτας.
