4136 6200
294 403 379 461 Mi

345 619 528 678 Ἀνεῖλε
560 621 799 687 Μωυσῆς
829 620 920 674 τὸν
949 617 1277 695 Αἶγόπτιον,
1309 618 1377 673 οὐ
1405 618 1563 692 θυμῷ
1593 616 1753 689 εἴξας,
1773 613 1899 672 οὐδὲ

295 711 406 784 ὀργῇ
434 708 688 778 κινηθεές.
725 709 884 780 ζήλῳ
913 705 989 765 δέ.
1026 714 1132 764 [liv
1162 706 1219 764 δὲ
1250 709 1278 763 ’ὁ
1311 708 1397 764 ἐάν
1431 707 1653 785 γένηται
1684 707 1760 769 εἰς
1796 706 1895 761 λόο

291 821 370 874 γον
393 802 528 857 Θεοῦ.
567 793 817 852 εὐσέϐειά
848 797 981 869 ἐστι,
1029 796 1124 852 κὲίν
1182 799 1342 877 φόνος
1456 794 1544 852 διὰ
1591 798 1740 866 Θεὸν,
1802 795 1901 851 οὐκ

288 884 571 964 ἔπιφὸνος.
604 887 663 942 Ὀ
693 890 821 962 γοῦν
853 887 1035 950 Φινεὲς
1091 884 1186 940 δύο
1244 885 1294 941 ἐν
1352 891 1450 959 μιᾷ
1502 887 1650 965 χειρὶ
1708 884 1900 964 φονεύ-

293 997 386 1043 σας,
411 973 651 1043 ἤκουσεν·
689 999 716 1026 ‹‹
749 979 921 1046 ’Έστη
955 977 1138 1037 Φινεὲς
1168 975 1257 1030 καὶ
1289 973 1594 1048 έξιλάσατο,
1654 975 1743 1029 καὶ
1776 973 1898 1029 ἐκό-

287 1067 476 1132 πασενὴ
512 1065 755 1136 Θραῦσις,
815 1065 902 1120 καὶ
963 1063 1226 1141 ἐλογίσθη
1288 1064 1436 1136 αὐτῷ
1492 1065 1567 1126 εἰς
1621 1060 1898 1118 δικαιοσύο

289 1175 382 1222 νην.
414 1176 438 1203 ››
465 1155 732 1230 Διάφορος
760 1154 866 1229 γὰρ
891 1155 924 1222 ἡ
970 1158 1283 1228 προαίρεσις
1341 1155 1547 1231 φονέως
1606 1153 1696 1208 καὶ
1755 1152 1901 1208 εὐσε-

289 1237 497 1310 ϐοὖντος,
559 1243 655 1296 κᾶν
712 1242 776 1296 τὸ
827 1243 1113 1317 γινόμενον
1169 1247 1397 1317 πρᾶγμα
1455 1239 1532 1298 ἓν.
1595 1243 1673 1300 Τὸ
1717 1242 1896 1296 τοίνυν

284 1331 530 1406 γενόμενον
576 1328 666 1385 διὰ
724 1331 1022 1400 Μωυσέως,
1073 1336 1304 1404 σημεῖον
1357 1332 1424 1401 ἦν
1479 1326 1563 1385 ὅτι
1620 1329 1813 1404 μέλλει
1871 1332 1898 1385 6

282 1422 389 1483 Θεὸς
417 1419 499 1475 διὰ
558 1423 839 1482 Μωυσέως
879 1420 1208 1494 Αἰγυπτίους
1268 1421 1630 1493 ἀποκτείνειν,
1683 1420 1810 1482 τοὺς
1844 1417 1902 1475 δέ

286 1509 587 1585 λεγομένους
643 1509 984 1586 Ἰσραηλίτας
1042 1510 1254 1580 σώζειν.
1313 1512 1410 1566 Καὶ
1493 1509 1600 1566 ὦδε
1682 1511 1775 1584 μὲν
1833 1511 1901 1565 τὰ

283 1603 520 1663 Μωσέως.
583 1601 825 1675 Θεωρίας
909 1598 966 1655 δε
1071 1603 1170 1670 τῆς
1281 1601 1542 1658 ἀνωτάτω
1649 1602 1900 1671 συνθήσει

282 1687 420 1744 πάλιν
447 1692 582 1762 ἡμῖν
618 1689 845 1768 ὁλόγος
894 1693 994 1762 τήν
1061 1691 1402 1765 οἴκονομίαν,
1459 1694 1559 1762 τὴν
1619 1692 1704 1746 ἐπὶ
1763 1691 1899 1764 Χρι-

280 1783 389 1850 στῷ.
471 1779 664 1853 Εὐρὼν
722 1780 825 1856 γὰρ
893 1781 921 1835 6
983 1783 1181 1856 Σωτὴρ
1267 1779 1446 1850 δεινήν
1532 1780 1901 1854 ὑπομένοντας

1203 394 1607 456 OOMMENT.
1658 394 1735 454 IN
1783 390 1987 452 ACTA
2030 392 2644 461 APOSTOLORUM.

349 557 372 585 α
401 527 626 600 Πατάξας
654 528 747 584 τὸν
796 527 1118 606 Αἰγύπτιον.
1152 552 1186 582 n
1919 527 1974 594 Α

3540 403 3655 465 142

2078 547 2107 578 ι(
2138 528 2427 588 Percussa
2457 533 2744 607 Egyptio.
2783 555 2813 585 »

2081 619 2308 676 Occidit
2328 621 2516 678 Moses
2546 623 2878 696 [Egyptium
2904 639 3026 680 non
3055 623 3238 680 animi
3270 623 3456 682 furori
3489 625 3659 684 obse-

2011 709 2301 778 cundans,
2333 728 2529 784 neque
2567 714 2655 768 ira
2687 721 2902 779 motus,
2937 714 3040 769 sed
3069 715 3212 770 zelo.
3246 716 3432 772 Omne
3460 723 3660 772 autem

2011 799 2406 871 quodcunque
2434 803 2651 856 factum
2675 803 3037 874 fueritjuxta
3068 805 3168 858 Dei
3201 804 3661 878 verbum.pietas

2012 894 2120 954 est,
2156 890 2389 944 etiamsi
2423 890 2614 946 caedes
2646 892 2825 946 fuerit
2858 893 2954 947 hei
2989 894 3227 959 intuitu,
3251 896 3378 966 jam
3411 912 3532 950 non
3573 899 3664 950 est

2010 977 2220 1033 caedes.
2257 980 2424 1034 Certe
2457 997 2591 1035 cum
2626 981 2879 1036 Phinees
2911 981 3058 1036 duos
3089 999 3208 1037 una
3258 1000 3439 1039 manu
3479 985 3666 1039 inter-

2013 1067 2260 1123 emisset
2303 1067 2641 1124 7°.audivit:
2678 1093 2705 1120 «
2741 1070 3210 1136 StetitPhinees,
3245 1079 3304 1127 et
3331 1073 3574 1143 placuit,
3609 1077 3668 1128 et

2013 1157 2237 1228 quievit
2269 1159 2535 1231 plaga,ac
2559 1167 2897 1232 reputatum
2931 1165 3022 1215 est
3044 1161 3154 1231 ipsi
3187 1161 3261 1216 ad
3281 1161 3596 1233 justitiam.
3635 1185 3664 1212 »

2013 1247 2251 1303 Diversa
2282 1265 2539 1320 namque
2574 1261 2664 1304 est
2692 1250 2965 1306 voluntas
2991 1250 3307 1306 homicida:
3331 1256 3388 1306 et
3405 1250 3533 1323 ejus
3566 1251 3668 1322 qui

2011 1337 2294 1407 pietatem
2327 1339 2821 1405 exercet,etiamsi
2850 1347 3152 1412 peractum
3188 1357 3337 1412 opus
3365 1340 3439 1395 sit
3461 1357 3665 1396 unum.

2011 1425 2253 1481 Factum
2278 1427 2479 1498 itaque
2511 1444 2617 1499 per
2647 1430 2845 1484 Mosen
2879 1429 3114 1502 signum
3165 1430 3274 1484 fuit
3307 1429 3467 1502 quod
3515 1430 3669 1485 Deus

2011 1531 2116 1586 per
2137 1517 2337 1572 Mosen
2363 1518 2661 1589 Aigyptios
2693 1517 3008 1587 occideret,
3043 1519 3234 1574 dictos
3263 1526 3463 1575 autem
3484 1520 3667 1575 Israe-

2010 1605 2145 1660 litas
2177 1614 2459 1662 servaret.
2495 1609 2564 1661 Et
2595 1608 2676 1662 ita
2737 1607 2980 1679 quidem
3038 1625 3099 1663 se
3159 1607 3382 1664 habent
3433 1625 3564 1679 quae
3596 1606 3671 1663 ad

2013 1695 2213 1750 Mosen
2229 1696 2502 1752 attinent.
2527 1698 2741 1751 Verum
2774 1713 2969 1752 sermo
3001 1697 3097 1751 hic
3123 1713 3359 1752 rursum
3383 1696 3557 1752 nobis
3581 1712 3668 1751 su-

2013 1801 2234 1854 premae
2268 1785 2794 1856 contemplationis
2821 1786 3329 1856 dispensationem
3347 1785 3674 1841 concinna-

278 1869 360 1936 τήν
402 1868 711 1939 πλεονεξίαν
771 1870 898 1932 τοὺς
955 1869 1005 1940 ἐξ
1066 1871 1288 1946 Ἰσραὴλ
1345 1868 1615 1944 (ἐπεπήδα
1668 1872 1769 1945 γάρ
1828 1870 1903 1932 εἰς

2031 1873 2122 1941 ait,
2142 1890 2272 1944 quae
2290 1874 2350 1928 in
2367 1874 2595 1930 Christo
2609 1874 2740 1929 fuit.
2763 1875 2857 1930 67
2879 1874 3182 1946 Siquidem
3196 1892 3332 1930 cum
3346 1874 3672 1929 invenisset

277 1958 450 2022 αὐτοὺς
528 1959 713 2034 ὥσπερ
799 1955 1096 2034 συντρίϐων
1180 1962 1207 2015 6
1275 1965 1566 2028 Σατανᾶς),
1647 1958 1906 2031 ἐλεήσας,

279 2048 573 2125 ἒΑευθεροῦν
632 2049 936 2107 ἐσκέπτετο.
999 2051 1344 2113 Ἀπεκτονὼς
1419 2048 1476 2106 δὲ
1531 2051 1730 2126 τρόπον
1789 2051 1910 2106 τινὰ

277 2139 356 2192 τὸν
408 2137 614 2194 ἀδικεῖν
673 2140 976 2214 ᾑρημένον,
1034 2138 1363 2215 κατέκρυψεν
1425 2140 1502 2204 εἷς
1568 2148 1692 2216 γῆν,
1749 2161 1906 2196 τουτ-

280 2224 399 2282 έστιν
455 2227 506 2283 ἐν
570 2234 688 2292 τοῖς
769 2228 1120 2305 ὑποχθονίοις
1206 2227 1545 2285 κατέκλεισεν
1605 2230 1683 2292 είς
1750 2228 1907 2301 ᾅδην.

282 2316 737 2392 Προκατακλείσας
766 2320 943 2373 τοίνυν
975 2319 1156 2395 ὥσπερ
1198 2318 1274 2381 εἷς
1333 2317 1467 2391 ᾅδην
1524 2321 1615 2376 τὸν
1673 2324 1910 2376 Σατανᾶν

278 2407 524 2484 ὁΣωτὴρ,
579 2406 929 2480 δικαιοσῦνης
989 2409 1234 2488 ἐφαίνετο
1296 2403 1529 2486 βραϐεὺς
1587 2415 1703 2472 τοῖς
1735 2409 1784 2482 ἐξ
1817 2411 1914 2466 ’Ῑσο

275 2496 418 2571 ραῆλ.
455 2499 522 2555 υἱ
567 2495 624 2553 δὲ
680 2497 762 2578 ἐφ’
818 2499 904 2560 οἷς
961 2496 1198 2571 ἔμελλον
1260 2498 1603 2574 εὐχαριστεῖν
1655 2495 1915 2579 ἔφασκον,

273 2609 294 2636 ιι
317 2584 478 2649 Οὗτος
509 2585 617 2642 οὐκ
658 2581 918 2642 ἐκϐάλλει
974 2589 1042 2642 τά
1081 2585 1359 2662 δαιμονια,
1392 2587 1439 2643 εἰ
1475 2589 1550 2660 μὴ
1585 2587 1636 2642 ἐν
1688 2585 1912 2657 Βεελζέ-

277 2669 397 2731 ϐοὒλ
426 2677 658 2754 ἄρχοντι
683 2683 790 2734 τῶν
853 2677 1169 2752 δαιμονίων.
1230 2703 1258 2732 ››
1307 2681 1406 2734 Διά
1460 2701 1546 2736 τοι
1603 2684 1766 2734 τοῦτο
1823 2679 1914 2734 καὶ

280 2773 735 2850 μεταπεφοίτηκεν
769 2771 828 2826 ἐκ
879 2778 978 2842 τῆς
1038 2769 1298 2834 ἰουδαίας
1329 2771 1405 2834 εἶς
1444 2772 1542 2841 τήν
1591 2768 1914 2839 Γαλιλαίαν,

269 2861 491 2936 καθάπερ
513 2863 605 2916 καὶ
648 2863 854 2929 Μωσῆς
890 2862 1142 2934 μετετέθη
1175 2861 1252 2924 εἷς
1285 2869 1387 2936 γῆν
1413 2859 1659 2934 Μαδιάμ,
1693 2862 1782 2916 καὶ
1813 2861 1917 2930 τὴν

271 2945 317 3018 ἐξ
354 2948 516 3006 ἐθνῶν
551 2949 742 3006 ἐκάλει
784 2953 1122 3028 συναγωγήν.

330 3153 356 3180 α
387 3130 650 3203 Ἐνόμιζε
681 3126 738 3184 δὲ
767 3128 1001 3184 συνιέναι
1033 3130 1160 3193 τοὺς
1219 3128 1489 3209 ἀδελφους
1523 3130 1709 3200 αὐτοῦ,
1743 3131 1828 3186 ὅτι
1891 3132 1920 3186 6

273 3221 446 3282 «Θεὸς
478 3217 572 3274 διὰ
619 3220 810 3298 χειρὸς
869 3219 1033 3274 αὐτοῦ
1095 3217 1315 3275 δίδωσιν
1368 3220 1562 3284 αὐτοῖς
1617 3220 1912 3296 σωτηρίαν.

270 3332 295 3359 ιι
321 3309 384 3365 υἱ
415 3307 472 3364 δὲ
504 3309 570 3364 οὐ
601 3315 854 3378 συνῆκαν.
908 3310 985 3381 Τῇ
1014 3330 1072 3364 τε
1128 3308 1356 3385 ἐπιούσῃ
1389 3307 1568 3385 ἡμέρᾳ
1601 3310 1756 3389 ὤφθη
1818 3310 1914 3364 αὐ-

271 3404 432 3461 «τοῖς
462 3396 846 3474 μαχομένοις,
904 3399 991 3454 καὶ
1047 3399 1347 3470 συνήλασεν
1402 3397 1598 3462 αὐτοὺς
1656 3399 1732 3462 εἷς
1767 3399 1915 3474 εἰρή-

266 3513 291 3540 α
320 3512 434 3560 νην,
477 3491 682 3546 εἰπών·
742 3487 988 3564 Ἀνδρες,
1043 3488 1275 3567 ἀδελφοί
1323 3491 1437 3547 ἐστε
1487 3491 1662 3564 ὑμεῖς.
1696 3493 1807 3548 Ἵνα
1862 3490 1916 3546 τί

267 3601 292 3628 α
323 3576 558 3636 ἀδικεῖτε
591 3576 884 3649 ἀλλήλους
909 3598 924 3648 ;
946 3580 1008 3636 Ὀ
1040 3576 1097 3635 δὲ
1128 3577 1326 3635 ἀδικῶν
1358 3581 1447 3635 τὸν
1475 3580 1736 3650 πλησίον,
1763 3580 1918 3634 ἀπώ-

263 3696 288 3723 «
320 3692 445 3728 uno
477 3674 675 3742 αὐτὸν,
706 3672 894 3728 εἶπών·
929 3673 1028 3736 Τίς
1061 3694 1117 3728 σε
1173 3672 1496 3744 κατέστησεν
1551 3671 1796 3748 ἄρχοντα
1825 3673 1913 3728 καὶ

264 3783 289 3810 ι
317 3759 581 3832 δικαστὴν
618 3762 704 3842 ἐφ’
735 3767 882 3835 ἡμᾶς
912 3781 926 3832 ;
963 3763 1038 3834 μή
1072 3761 1281 3818 ἀνελεῖν
1345 3783 1412 3836 με
1473 3762 1535 3816 σὺ
1596 3761 1793 3834 θέλεις,
1855 3761 1914 3818 ὅν

258 3875 283 3900 «
314 3853 518 3925 τρόπον
548 3852 768 3914 ἀνεῖλες
802 3853 930 3926 χθὲς
950 3852 1042 3907 τὸν
1071 3851 1369 3930 Αἷγόπτιον
1406 3871 1418 3921 ;
1453 3854 1658 3932 Ἕφυγε
1692 3849 1749 3906 δὲ
1784 3853 1918 3909 Μω-

261 3963 284 3988 α
316 3947 412 4009 σῆς
445 3940 498 3997 ἐν
563 3946 652 4014 τῷ
710 3942 867 4018 Λόγῳ
925 3939 1122 4015 τούτῳ,
1160 3943 1248 3997 καῖ
1284 3940 1499 4018 ἐγένετο
1538 3942 1810 4016 πάροικος
1863 3940 1914 3996 ἐν

260 4054 283 4077 «
313 4033 384 4105 γῇ
416 4029 688 4104 Μαδιάμ,
718 4030 780 4085 οὐ
812 4029 1084 4107 ἐγέννησεν
1121 4029 1272 4093 υἱοὺς
1316 4029 1432 4090 δύο,
1469 4055 1498 4082 ››

325 4212 563 4280 Σκόπει,
586 4209 782 4288 φησὶν,
803 4209 892 4266 καὶ
926 4209 1163 4274 ἐντεῦθεν
1194 4212 1257 4267 τὸ
1306 4210 1628 4289 ἀχάριστον,
1665 4210 1754 4266 καὶ
1785 4210 1920 4286 πρὸς

260 4297 376 4362 τοὺς
431 4300 734 4376 εὐεργέτας
786 4293 1076 4355 ἐπίϐουλον
1136 4304 1244 4355 τῶν
1320 4297 1618 4359 Ἰουδαίων.
1678 4303 1921 4366 Μωυσῆς

261 4388 345 4460 μὲν
377 4390 488 4466 γάρ
542 4391 574 4445 6
646 4389 780 4462 μετὰ
840 4393 1014 4461 θυμοῦ
1071 4389 1279 4444 ἀνελὼν
1339 4391 1430 4445 τὸν
1488 4387 1773 4446 ἀδικουντα
1829 4392 1920 4446 τὸν

257 4479 523 4550 ὁμοεθνῆ,
593 4479 853 4543 ἐπιεικῶς
909 4485 998 4535 νῦν
1053 4482 1412 4558 προσφέρεται
1466 4485 1546 4553 τῷ
1624 4479 1920 4538 ἀδικοῦντι.

257 4568 309 4626 Ὁ
355 4567 415 4625 δὲ
463 4575 540 4645 τῇ
629 4569 859 4644 πατρῴᾳ
919 4569 1204 4648 χρώμενος
1262 4572 1398 4625 κατὰ
1451 4574 1558 4625 τῶν
1629 4571 1920 4647 εὐεργετῶν

257 4657 541 4736 ἀσελγείᾳ,
579 4661 846 4714 ἀπώσατο
891 4661 1053 4715 αὐτὸν
1108 4658 1323 4735 μᾶλλον
1375 4655 1768 4732 ἐνδιαϐάλλων,
1829 4661 1920 4717 καὶ

255 4744 642 4825 ἒπῖὅλεθρον,
692 4748 785 4805 τὸν
843 4751 1110 4824 σωτήριον
1162 4754 1243 4822 τῷ
1308 4751 1556 4823 ὁμοεθνεῖ
1609 4753 1772 4829 φόνον
1826 4756 1923 4805 τοῦ

262 4838 572 4910 Αἰγυπτίου
609 4839 707 4894 τὸν
747 4838 1213 4914 κατεργασάμενον
1275 4839 1470 4896 Μωσέα
1529 4844 1925 4920 περιστοιχῶν.

263 4929 320 5006 ’ῼ
352 4924 422 4998 δὴ
456 4929 668 5004 τρόπῳ
693 4929 783 4982 καὶ
835 4929 969 4984 κατᾶ
1025 4930 1260 5004 Χριστοῦ
1314 4926 1618 5004 διεγένοντο
1666 4929 1753 4985 ἐπὶ
1811 4934 1929 4992 ταῖς

262 5019 612 5094 εὐεργεσίαις
677 5018 842 5073 αὐτοῦ
897 5019 988 5073 τὸν
1039 5015 1265 5093 ὄλεθρον
1318 5023 1414 5074 τοῦ
1453 5019 1734 5095 εὐεργέτου
1793 5021 1927 5094 βου-

267 5106 540 5174 Αεῦοντες.
580 5109 683 5166 Διό
713 5108 806 5164 καί
837 5129 985 5189 φασι·
1027 5133 1053 5164 ι
1083 5109 1150 5166 Τί
1198 5113 1482 5184 ποιοῦμεν,
1517 5109 1601 5166 ὅτι
1661 5111 1688 5166 ὁ
1721 5107 1926 5187 ἄνθρω·

266 5216 363 5258 nos
397 5199 570 5262 οὗτος
605 5197 801 5256 πολλὰ
829 5203 1032 5273 σημεῖα
1061 5204 1212 5254 ποιεῖ
1243 5217 1258 5269 ;
1297 5224 1325 5252 ››

330 5404 359 5429 ε(
419 5380 531 5437 Καὶ
595 5377 1000 5456 ⁸επληριιυθέντων
1088 5382 1222 5437 ἑτῶν
1295 5382 1711 5456 τεσσαράκοντα,
1772 5381 1927 5461 ὤφθη

264 5490 290 5519 ε
320 5467 471 5542 αὐτῷ
513 5469 571 5524 ἐν
604 5473 680 5542 τῇ
701 5470 897 5549 ἐρήμῳ
933 5477 1032 5529 τοῦ
1063 5471 1224 5549 ὅρους
1255 5477 1386 5528 Σινᾶ
1441 5469 1671 5548 ἃγγελος
1731 5474 1931 5547 Κυρίου

267 5581 288 5608 ι
318 5558 371 5614 έν
405 5561 590 5640 φλογὶ
631 5561 800 5639 πυρὸς
836 5563 1022 5639 βάτου.
1056 5564 1118 5621 Ὀ
1152 5560 1210 5619 δὲ
1263 5569 1504 5634 Μωϋσῆς
1563 5561 1694 5620 ἰδὼν
1772 5562 1928 5618 ἐθαύ-

2016 1962 2480 2019 Deuslsraelitas
2504 1963 2810 2036 indignam
2847 1964 3143 2020 sustinere
3157 1963 3496 2019 violentiam
3513 1965 3672 2034 (nam

2015 2052 2311 2108 insilierat
2335 2054 2394 2108 in
2427 2071 2528 2110 eos
2559 2055 2806 2110 Satanas
2838 2055 3018 2110 veluti
3050 2055 3466 2110 comminuens
3487 2052 3673 2110 acde-

2016 2151 2275 2211 vorans),
2309 2143 2588 2199 misertus
2621 2145 3017 2200 consideravit
3067 2150 3136 2199 ut
3165 2144 3466 2200 liberaret.
3526 2143 3672 2199 Cum

2017 2238 2215 2287 autem
2249 2232 2423 2288 modo
2455 2233 2709 2304 quodam
2727 2233 3130 2289 interemisset
3156 2232 3256 2305 qui
3275 2232 3554 2306 injuriam
3572 2231 3673 2287 in-

2019 2321 2577 2386 tulerat,abscondit
2596 2322 2657 2376 in
2690 2322 3050 2387 terram,hoc
3065 2321 3242 2389 est,in
3265 2320 3672 2377 subterraneis

2019 2412 2166 2468 locis
2192 2413 2558 2469 conclusitin
2586 2413 3086 2470 infernum.Prius
3107 2414 3267 2469 enim
3290 2413 3352 2468 in
3374 2413 3674 2468 infernum

2019 2503 2179 2563 velut
2209 2504 2448 2560 occluso
2481 2505 2717 2573 Satana,
2750 2506 2906 2560 visus
2962 2512 3053 2560 est
3090 2504 3378 2560 Israelitis
3428 2502 3679 2576 justitim

2021 2593 2335 2663 praemium
2369 2593 2668 2649 tribuisse.
2708 2597 2778 2649 At
2813 2593 2900 2648 illi
2934 2610 3066 2650 cum
3108 2595 3325 2668 gratias
3375 2609 3546 2667 agere
3577 2590 3682 2647 de-

2019 2681 2312 2752 buissent,
2343 2682 2658 2738 dicebant:
2694 2707 2721 2733 ‹‹
2757 2684 2859 2739 Hic
2890 2701 3011 2739 non
3045 2684 3208 2754 ejicit
3236 2683 3533 2738 daemonia
3564 2681 3684 2736 nisi

2021 2787 2128 2844 per
2141 2772 2453 2828 Beelzebul
2478 2773 2811 2845 principem
2833 2773 3268 2828 daemoniorum
3286 2771 3389 2829 ⁷³.»
3410 2774 3693 2842 Propter-

2025 2878 2094 2917 ea
2128 2863 2308 2918 etiam
2333 2881 2402 2919 ex
2430 2865 2632 2919 Judaaa
2664 2859 3688 2937 transmigravitinGalilmam,sicut

2026 2959 2084 3008 et
2115 2954 2302 3009 Moses
2323 2955 2644 3010 translatus
2677 2962 2766 3009 est
2796 2955 2857 3009 in
2892 2961 3108 3008 terram
3142 2952 3489 3018 Madiam,et
3511 2965 3684 3006 voca-

2023 3043 2110 3096 vit
2138 3044 2723 3110 transmigrationem
2755 3043 3042 3114 genlium.

2100 3132 2220 3193 VII,
2253 3135 2433 3188 25-29.
2469 3154 2496 3182 ‹‹
2530 3130 2919 3188 Existimabat
2947 3136 3146 3186 autem
3195 3129 3529 3202 intelligere
3560 3127 3682 3184 fra-

2036 3243 2060 3273 ιι
2093 3226 2212 3276 tres
2243 3238 2403 3290 suos,
2467 3221 2625 3292 quod
2675 3223 2831 3276 Deus
2871 3238 2977 3293 per
3029 3236 3271 3275 manum
3325 3219 3454 3290 ejus
3513 3218 3683 3273 daret

2032 3311 2241 3382 «ipsis
2272 3311 2570 3367 salutem:
2610 3311 2698 3366 illi
2753 3327 2889 3366 vero
2939 3327 3059 3366 non
3115 3309 3558 3364 intellexerunt.
3618 3307 3689 3362 Et

2033 3425 2059 3451 α
2095 3402 2365 3473 sequenti
2399 3401 2493 3458 die
2525 3407 2880 3474 conspectus
2911 3406 3001 3456 est
3031 3399 3150 3455 illis
3199 3397 3592 3472 litigantibus,
3625 3401 3686 3452 et

2038 3515 2058 3542 α
2093 3491 2319 3564 redegit
2353 3509 2454 3548 eos
2511 3492 2574 3548 in
2633 3491 3035 3558 concordiam,
3098 3489 3351 3545 dicens:
3395 3488 3538 3555 Viri,
3587 3503 3688 3542 vos

2034 3581 2308 3638 «fratres
2339 3583 2502 3648 estis,
2552 3587 2619 3636 ut
2675 3580 2817 3652 quid
2876 3597 2976 3636 vos
3029 3579 3282 3634 invicem
3334 3576 3550 3633 lmditis
3579 3577 3606 3632 ?
3635 3577 3689 3631 Is

2035 3692 2060 3724 α
2097 3678 2318 3738 autem,
2372 3671 2473 3743 qui
2531 3671 2722 3743 primo
2782 3669 3081 3744 irrogabat
3136 3667 3419 3741 injuriam
3470 3664 3693 3738 repulit

2035 3783 2063 3812 «
2098 3777 2254 3826 eum,
2291 3762 2494 3816 dicens
2529 3778 2540 3814 :
2571 3760 2712 3826 Quis
2751 3765 2806 3816 te
2871 3758 3181 3814 constituit
3231 3756 3564 3828 principem
3622 3769 3690 3810 ac

2034 3878 2062 3905 ‹‹
2088 3854 2352 3927 judicem
2387 3869 2566 3923 super
2594 3851 2752 3907 nos?
2806 3851 2954 3906 Num
2991 3855 3053 3904 tu
3085 3865 3177 3903 me
3209 3847 3292 3901 vis
3324 3845 3686 3911 interﬁcere,

2035 3968 2062 3996 ‹‹
2097 3943 2598 4016 quemadmodum
2632 3940 2980 3996 interfecisti
3013 3938 3141 3992 beri
3166 3933 3543 4008 Egyptium?
3577 3935 3690 3989 Fu-

2037 4057 2064 4085 «
2096 4035 2395 4107 gitautem
2431 4033 2617 4087 Moses
2643 4029 2715 4085 ad
2760 4027 3004 4083 verbum
3061 4026 3195 4089 hoc,
3258 4026 3566 4095 factusque
3599 4027 3691 4078 est

2038 4126 2303 4181 «advena
2333 4124 2393 4176 in
2428 4128 2583 4176 terra
2610 4119 2950 4174 Madiam.et
2975 4117 3276 4188 generavit
3309 4113 3688 4169 ﬁliosduos.»

2107 4214 2252 4268 Hinc
2285 4226 2520 4282 quoque
2554 4206 3064 4280 ingratitudinem.
3119 4205 3336 4275 inquit,
3370 4202 3686 4258 considera

2034 4308 2094 4360 et
2123 4301 2369 4357 insidias
2399 4297 2736 4354 Iudaeorum
2782 4311 2920 4367 erga
2950 4295 3100 4349 bene
3160 4293 3232 4348 de
3295 4308 3356 4348 se
3419 4289 3685 4346 meritos.

2035 4397 2222 4450 Moses
2251 4389 2549 4462 siquidem
2587 4387 2688 4459 qui
2746 4385 2931 4442 animi
2992 4381 3488 4440 excandescentia
3519 4379 3690 4433 illum

2035 4482 2358 4548 interemit,
2393 4479 2494 4552 qui
2521 4479 2776 4535 alterum
2808 4475 2918 4532 sibi
2963 4473 3362 4548 congentilem
3394 4467 3692 4526 afficiebat

2035 4574 2282 4646 injuria,
2314 4574 2626 4626 mansuete
2659 4574 2800 4623 tunc
2831 4583 2965 4622 cum
2997 4581 3065 4621 eo
3097 4564 3217 4635 agit
3247 4561 3346 4634 qui
3406 4557 3692 4630 injuriam

2037 4665 2276 4734 irrogat.
2310 4664 2383 4717 At
2413 4661 2514 4716 ille
2547 4659 2738 4732 patria
2765 4663 2941 4713 utens
2972 4654 3253 4709 adversus
3283 4648 3692 4706 benefactores

2040 4753 2420 4826 procacitate,
2453 4767 2590 4806 eum
2624 4747 2810 4816 magis
2837 4746 3004 4800 illata
3027 4740 3390 4799 contumelia
3427 4736 3647 4810 repulit
3674 4751 3689 4794 :

2040 4861 2107 4900 ac
2135 4846 2331 4898 Mosen
2365 4840 2436 4897 ad
2468 4838 2868 4912 perditionem
2905 4839 3171 4901 venatur,
3200 4831 3300 4904 qui
3331 4829 3550 4885 caedem
3585 4843 3690 4882 suo

2041 4931 2361 4990 contributi
2413 4927 2783 4986 salutiferam
2869 4926 3112 4997 Egypto
3199 4920 3504 4976 intulerat.
3565 4917 3688 4983 Quo

2041 5039 2184 5079 sane
2220 5020 2393 5076 modo
2426 5019 2604 5074 etiam
2635 5014 2919 5071 adversus
2972 5012 3272 5068 Christum
3337 5007 3528 5065 affecti
3563 5007 3691 5060 fue-

2043 5120 2200 5171 runt.
2219 5113 2291 5169 ob
2325 5113 2455 5184 ejus
2486 5107 2798 5163 benefacta
2816 5112 3065 5160 mortem
3099 5103 3250 5158 bene
3283 5100 3354 5156 de
3385 5116 3446 5154 se
3482 5096 3691 5153 merito

2040 5204 2422 5263 meditantes.
2483 5197 2618 5253 Ideo
2650 5195 2831 5251 etiam
2865 5195 3072 5250 dicunt
3104 5208 3117 5248 :
3152 5215 3177 5240 α
3232 5189 3380 5256 Quid
3411 5187 3687 5252 facimus,

2041 5293 2182 5364 quia
2214 5291 2306 5345 hic
2337 5291 2512 5344 homo
2546 5285 2736 5340 multa
2766 5285 2935 5356 signa
2965 5280 3088 5336 edit
3117 5281 3162 5315 ⁷³
3191 5279 3219 5334 ?
3250 5301 3278 5329 »

2113 5381 2213 5437 68
2251 5379 2364 5438 VlI.
2398 5380 2465 5432 30
2499 5377 2587 5430 32.
2622 5399 2648 5424 «
2684 5376 2754 5428 Et
2793 5372 3044 5446 expletis
3080 5369 3254 5426 annis
3283 5365 3702 5440 quadraginta,

2041 5470 2372 5544 «apparuit
2425 5467 2477 5522 ei
2537 5465 2599 5520 in
2655 5463 2887 5520 deserto
2949 5461 3172 5518 montis
3229 5458 3369 5513 Sina
3453 5453 3702 5529 angelus

2042 5587 2071 5616 ‹‹
2105 5559 2342 5619 Domini
2367 5559 2430 5615 in
2480 5555 2724 5613 ﬂamma
2789 5553 2944 5626 ignis
3005 5549 3160 5606 rubi.
3216 5547 3470 5604 lntuitus
3498 5551 3700 5601 autem

332 5745 376 5781 τ’
404 5748 594 5802 Num.
636 5761 765 5817 xxv,
796 5749 830 5801 ’1
861 5764 1027 5821 seqq.
1060 5749 1101 5786 '"
1138 5748 1294 5807 Psal.
1327 5765 1413 5820 αν,
1446 5751 1535 5820 30,
1568 5751 1656 5808 3t.
1689 5750 1734 5786 ⁷³
1767 5750 1913 5808 Metti

2031 5765 2110 5819 :n,
2141 5746 2232 5804 24.
2267 5741 2316 5781 ⁷⁸
2341 5744 2511 5801 loan.
2547 5755 2628 5809 ιι,
2661 5738 2750 5793 47.
