4136 6200
478 375 590 438 143

1597 367 2014 429 (ECUMENII
2057 365 2362 428 'l‘illCCx‘E
2414 365 2762 428 EPISCOPI

3773 362 3889 422 Ml

481 535 510 566 ‹‹
543 515 730 568 Moses
760 509 1088 567 admiratus
1119 511 1209 563 est
1235 506 1426 562 visum
1457 523 1468 559 :
1503 521 1757 576 cumque
1789 503 2116 570 accederet,

2237 526 2264 553 ‹‹
2305 523 2438 575 μασε
2463 503 2524 557 τὸ
2555 501 2738 578 ὅραμα
2793 499 3247 579 Προσερχομένου
3285 495 3342 555 δὲ
3398 499 3566 554 αὐτοῦ
3617 499 3887 566 κατανοῆ-

481 626 509 656 ‹‹
546 609 612 658 ut
641 601 998 663 attenderet,
1027 599 1180 654 facta
1221 603 1312 652 est
1367 615 1474 651 vox
1533 595 1767 652 Domini
1820 596 1893 650 ad
1943 611 2078 650 eum
2111 610 2125 649 :

481 715 502 742 σι
540 693 655 764 Ego
688 707 822 746 sum
853 691 1008 744 Deus
1037 695 1268 760 patrum
1313 693 1575 752 tuorum,
1618 686 1772 740 Deus
1807 683 2127 752 Abraham,

481 803 510 832 α
541 786 600 836 et
631 781 784 836 Deus
816 780 1001 844 Isaac,
1031 785 1089 833 et
1112 777 1265 832 Deus
1295 775 1491 832 Jacob.
1529 797 1557 824 »

549 869 764 926 Filium
799 869 900 923 Dei
931 873 1098 922 vocat
1125 882 1285 921 nunc
1315 862 2130 937 angelum,quemadmodum

478 966 537 1016 et
566 960 708 1015 alibi
735 959 1063 1014 hominem.
1089 959 1219 1030 Ipse
1251 973 1508 1027 namque
1541 961 1632 1011 est
1661 955 1858 1028 magni
1891 954 2129 1011 consilii

476 1050 744 1122 angelus.
793 1049 928 1104 Ideo
981 1064 1218 1118 quoque
1257 1046 1435 1118 paulo
1494 1051 1628 1118 post
1675 1044 1938 1100 ostendit
1995 1059 2130 1099 eum

475 1138 650 1194 beato
697 1139 838 1193 Mosi
901 1137 1198 1192 dicentem
1234 1151 1246 1190 :
1281 1159 1306 1185 α
1341 1137 1456 1206 Ego
1516 1151 1644 1190 sum
1686 1135 1839 1189 Deus
1894 1140 2130 1206 patrum

476 1235 734 1289 tuorum.
765 1229 919 1282 Deus
950 1227 1271 1286 Abraham.
1305 1231 1365 1279 et
1393 1226 1576 1290 Isaac,
1611 1229 1669 1278 et
1695 1223 1871 1279 Jacob
1903 1224 1966 1274 Ἠ.
2004 1246 2030 1272 η
2063 1223 2130 1277 In

474 1317 719 1372 ﬂamma
748 1323 944 1371 autem
973 1315 1128 1387 ignis
1172 1313 1303 1368 rubi
1357 1313 1790 1368 manifestatur.
1826 1312 2130 1382 Siquidem

479 1407 542 1461 in
571 1407 766 1477 specie
799 1421 1036 1475 quoque
1103 1401 1257 1475 ignis
1290 1407 1347 1455 et
1401 1401 1462 1456 in
1521 1407 1722 1456 monte
1783 1402 1922 1456 Sina
1977 1403 2130 1456 Deus

476 1496 942 1556 demonstratur,
971 1491 1165 1547 dando
1201 1491 1408 1562 legem.
1445 1492 1582 1556 Quae
1605 1492 1786 1563 igitur
1814 1491 1965 1546 ratio
1989 1497 2078 1546 est
2106 1490 2134 1546 ‘I

475 1585 650 1640 Sacra
686 1583 986 1654 Scriptura
1018 1582 1278 1638 divinam
1338 1587 1612 1637 naturam
1671 1581 1789 1654 igni
1840 1582 2133 1636 assimilat

475 1679 718 1744 pr0pter
747 1671 1334 1743 omnipotentiam.et
1359 1670 1516 1741 quod
1549 1671 1750 1726 omnia
1769 1677 2082 1727 consumat
2115 1687 2128 1726 :

474 1760 782 1817 hominem
814 1777 950 1816 vero
984 1760 1161 1834 lignis
1194 1766 1252 1814 et
1283 1759 1505 1814 herbis.
1543 1759 1694 1814 Dicit
1725 1760 1884 1815 enim
1935 1759 2076 1814 alibi
2114 1777 2126 1816 :

471 1872 499 1900 ι(
536 1851 690 1906 Deus
749 1850 902 1922 ignis
961 1865 1325 1904 consumens
1377 1853 1466 1903 est
1516 1846 1585 1916 ⁷⁵,
1649 1868 1673 1899 υ
1737 1854 1795 1903 et
1849 1865 2126 1904 rursum:
2159 1883 2206 1946 Β

471 1961 499 1989 cc
533 1939 740 2003 Homo,
776 1940 930 1993 sicut
965 1939 1171 1992 fenum
1205 1937 1334 1992 dies
1365 1937 1493 2006 ejus
1513 1935 1579 1991 ⁷⁸.
1612 1960 1639 1987 ››
1697 1937 1809 1992 Sed
1841 1937 2126 2009 quemad-

471 2027 718 2084 modum
751 2028 903 2101 ignis
933 2033 1027 2082 est
1055 2028 1245 2098 spinis
1273 2025 1688 2088 intolerabilis.
1715 2027 1799 2082 sic
1829 2033 1888 2082 et
1909 2027 2126 2082 divini-

475 2123 563 2172 tas
595 2117 975 2172 humanitati.
1012 2120 1286 2172 Attamen
1317 2117 1378 2170 in
1409 2116 1639 2172 Christo
1672 2115 1848 2171 simul
1879 2133 2124 2172 concur-

473 2207 553 2262 rit
583 2207 854 2277 factaque
872 2213 961 2261 est
979 2205 1498 2262 tolerabilis.velut
1521 2205 1825 2276 quidpiam
1851 2206 2126 2277 operiens

473 2314 690 2369 purum
726 2314 1028 2352 accessum
1063 2297 1317 2368 propriae
1351 2302 1578 2352 natura)
1611 2297 1784 2368 ignis,
1815 2304 1882 2352 ut
1937 2298 1998 2352 in
2055 2313 2124 2352 eo

477 2384 700 2456 suscipi
734 2391 951 2455 posset.
975 2384 1475 2455 quemadmodum
1507 2389 1565 2438 et
1621 2384 1680 2437 in
1712 2384 1900 2455 spinis
1947 2385 2120 2456 ignis.

476 2469 640 2534 Quod
671 2477 872 2525 autem
905 2487 1142 2525 carnem
1169 2469 1534 2524 suointeritu
1565 2469 1773 2524 reddat
1788 2469 2123 2537 meliorem,

476 2561 846 2632 aenigmatice
879 2561 1262 2615 manifestare
1295 2567 1488 2632 potest
1517 2560 1670 2632 ignis
1709 2561 1770 2614 in
1820 2559 1987 2626 rubo,
2019 2560 2121 2630 qui

473 2651 702 2721 lignum
737 2651 980 2705 omnino
1015 2651 1721 2722 servabatincorruptum.
1747 2652 1939 2722 Capax
1964 2652 2122 2706 enim

476 2745 686 2799 eﬂ‘ecta
718 2749 808 2798 est
838 2743 1161 2798 divinitatis
1219 2742 1562 2798 humanitas
1592 2759 1605 2796 :
1649 2748 1707 2797 et
1761 2743 1872 2797 hoc
1903 2749 2122 2814 myste-

467 2833 624 2888 rium
656 2833 715 2886 in
747 2832 979 2887 Christo
1011 2833 1233 2888 factum
1261 2837 1368 2887 est.

541 2923 886 2988 Vll,32-36.
935 2945 961 2973 ‹‹
1023 2921 1475 2978 Tremebundus
1527 2937 1662 2976 vero
1729 2922 1917 2976 Moses
2002 2937 2123 2976 non

473 3031 496 3061 α
529 3010 788 3068 audebat
829 3009 1160 3067 attendere.
1210 3011 1365 3067 Dixit
1420 3016 1618 3066 autem
1669 3011 1724 3066 ei
1783 3010 2119 3065 Dominus:

469 3123 490 3150 ιι
529 3103 696 3157 Solve
759 3103 1230 3158 calceamentum
1294 3103 1514 3175 pedum
1597 3108 1832 3158 tuorum
1887 3119 1900 3156 :
1957 3103 2122 3157 locus

468 3211 494 3238 ‹‹
525 3191 684 3244 enim
717 3191 778 3244 in
809 3209 926 3262 quo
959 3199 1100 3248 stas.
1135 3198 1293 3247 terra
1352 3199 1554 3247 sancta
1608 3199 1715 3247 est.
1753 3190 1971 3246 Videns
2001 3191 2118 3245 vidi

467 3299 494 3328 ι(
529 3276 918 3332 aftlictionem
951 3278 1156 3348 pOpuli
1189 3280 1326 3340 mei,
1361 3280 1464 3350 qui
1497 3285 1587 3334 est
1643 3281 1703 3334 in
1734 3281 2002 3352 Egypto,
2064 3285 2122 3336 et

463 3387 492 3416 «
525 3365 815 3437 gemitum
849 3381 1054 3419 eorum
1087 3366 1304 3432 audivi,
1359 3367 1764 3438 descendique
1803 3375 1868 3422 ut
1900 3368 2120 3422 libera—

459 3477 488 3504 α
524 3469 653 3508 rem
685 3469 786 3508 eos
823 3455 894 3507 Et
921 3469 1079 3508 nunc
1097 3455 1226 3508 veni
1259 3469 1326 3509 ac
1357 3455 1588 3510 mittam
1618 3462 1675 3511 te
1707 3457 1766 3509 in
1785 3459 2117 3527 Egyptum.

461 3564 489 3593 «
525 3541 694 3596 Hunc
724 3543 922 3596 Mosen
955 3557 1134 3612 quem
1165 3549 1550 3614 negaverunt,
1583 3543 1852 3598 dicentes
1878 3544 2045 3608 :Quis
2065 3549 2120 3598 te

461 3655 490 3682 «
520 3631 830 3687 constituit
858 3630 1189 3702 principem
1219 3647 1285 3686 ac
1310 3630 1576 3702 judicem
1607 3631 1636 3686 ?
1663 3633 2116 3703 huncjnquam,

465 3744 493 3774 ‹‹
527 3723 682 3778 Deus
713 3721 1047 3794 principem
1081 3738 1148 3777 ac
1201 3721 1586 3777 liberatorem
1619 3723 1780 3778 misit
1835 3740 1942 3795 per
1993 3741 2121 3780 ma-

461 3835 490 3864 ‹‹
525 3829 665 3868 num
696 3812 1022 3885 angeli,qui
1050 3818 1408 3884 apparuerat
1438 3813 1488 3867 ei
1522 3813 1583 3868 in
1619 3813 1900 3869 rubo.liic
1919 3813 2122 3869 eduxit

464 3917 618 3957 «eos
650 3901 834 3958 edens
861 3901 1127 3974 prodigia
1183 3901 1283 3956 69
1335 3907 1394 3956 et
1453 3903 1622 3975 signa
1672 3903 1733 3957 in
1765 3903 2006 3974 Egypto
2062 3909 2120 3958 et

465 4013 494 4041 α
527 3992 589 4046 in
605 3992 752 4046 mari
788 3991 1089 4060 Rubro,ac
1121 3991 1182 4045 in
1215 3991 1451 4047 deserto
1470 3992 1642 4048 annis
1657 3993 2117 4066 quadraginta.»

533 4172 884 4242 Quanquam
919 4187 1039 4225 non
1063 4171 1276 4226 iisdem
1310 4171 1672 4226 dictionibus
1695 4179 1982 4244 apparent
2014 4190 2116 4245 po-

459 4261 586 4316 sitae
621 4262 682 4315 in
715 4260 910 4316 Exodo
942 4276 1110 4315 voces
1132 4259 1197 4328 ⁷⁷,
1233 4262 1439 4317 eodem
1470 4267 1667 4318 tamen
1701 4279 1879 4318 sensu
1911 4265 2116 4334 positae

457 4357 613 4406 sunt.
648 4353 848 4422 Neque
873 4350 1032 4404 enim
1085 4349 1341 4405 multum
1407 4351 1693 4408 differunt
1731 4349 1997 4425 ἔντρπμνις
2057 4357 2116 4408 et

455 4433 720 4520 ἔμφοϐος,
754 4439 815 4495 id
847 4447 938 4496 est
971 4439 1397 4495 tremebundus
1429 4447 1486 4495 et
1519 4443 1947 4512 expavel‘actus.
1983 4443 2114 4498 Haec

452 4537 652 4585 autem
683 4530 892 4585 dicunt
928 4529 1001 4584 de
1037 4530 1165 4584 visu
1206 4530 1364 4584 circa
1421 4529 1638 4586 rubum
1696 4532 2006 4586 tremendo
2059 4537 2116 4586 et

2239 616 2266 643 ‹‹
2312 613 2422 661 σαι,
2477 591 2684 665 ἐγένετο
2743 592 2896 660 φωνὴ
2959 593 3164 665 Κυρίου
3221 590 3356 664 πρὸς
3415 586 3600 641 αὐτόν’
3661 588 3802 658 Ἐγὼ
3859 587 3886 641 6

2251 708 2270 732 ι
2303 683 2434 744 Θεὸς
2459 686 2566 736 τῶν
2599 678 2843 756 πατέρων
2873 701 2991 749 σου,
3017 681 3044 734 6
3071 679 3200 741 Θεὸς
3237 675 3510 753 Ἀϐραάμ,
3559 677 3648 732 καὶ
3682 679 3710 730 ὁ
3759 677 3888 740 Θεὸς

2239 795 2266 822 ‹‹
2301 771 2498 840 Ἰσαὰκ,
2528 771 2617 826 καὶ
2649 772 2677 825 ὁ
2708 771 2836 831 Θεὸς
2867 764 3081 826 Ἰακώϐ.
3113 793 3140 820 η

2312 861 2418 917 Τὸν
2452 861 2567 914 υἱὸν
2593 863 2691 915 τοῦ
2723 865 2858 916 Θεοῦ
2885 857 3114 937 ἄγγελον
3147 862 3238 913 νῦν
3267 854 3445 926 καλεῖ,
3503 855 3745 930 καθάπερ
3799 853 3888 910 καὶ

2241 949 2523 1026 ἄνθρωπον
2560 949 2838 1030 ἀλλαχοῦ.
2884 950 3058 1013 Αὐτὸς
3087 954 3190 1026 γάρ
3247 949 3388 1003 ἐστιν
3423 947 3449 1000 6
3486 944 3730 1020 μεγάλης
3760 947 3889 1021 βου-

2240 1039 2345 1110 λῆς
2377 1039 2626 1114 ἅγγελος.
2676 1041 2767 1095 Διὸ
2826 1039 2916 1095 καὶ
2977 1041 3091 1112 μετ’
3151 1036 3342 1115 ὀλίγον
3404 1033 3668 1092 δείκνυσιν
3729 1037 3888 1091 αὐτὸν

2240 1130 2474 1206 λεγοντα
2502 1135 2580 1203 τῷ
2613 1133 2866 1206 μακαρίῳ
2899 1132 3139 1188 Μωϋσεῖ·
3177 1153 3205 1181 (ι
3241 1129 3386 1204 Ἐγὼ
3418 1129 3445 1182 6
3495 1129 3624 1190 Θεὸς
3654 1131 3764 1181 τῶν
3793 1147 3892 1181 πα-

2238 1222 2406 1296 τέρων
2449 1242 2567 1288 σου,
2603 1223 2630 1276 6
2662 1221 2791 1282 Θεὸς
2832 1215 3105 1296 Ἀϐραάμ,
3138 1219 3230 1274 καὶ
3265 1219 3462 1286 Ἰσαάκ,
3493 1218 3583 1272 καὶ
3616 1211 3833 1272 Ἰακώϐ.
3864 1241 3884 1268 ι

2241 1312 2327 1366 Ἐν
2361 1309 2524 1388 φλογέ
2556 1311 2726 1386 πυρὸς
2758 1311 2929 1385 βάτου
2961 1306 3018 1364 δὲ
3048 1305 3432 1363 διαδείκνυται.
3471 1310 3561 1362 Ἐν
3595 1303 3724 1360 εἷ’δει
3783 1307 3888 1380 γάρ

2241 1401 2410 1473 πυρὸς
2440 1400 2528 1454 καὶ
2563 1399 2613 1455 ἐν
2657 1405 2735 1474 τῷ
2791 1397 2905 1474 ὄρει
2957 1403 3092 1470 Σινᾷ
3147 1400 3175 1452 6
3235 1398 3364 1459 Θεὸς
3423 1393 3755 1474 διαφαίνεται
3794 1396 3888 1450 τὸν

2239 1488 2408 1562 νόμον
2439 1487 2640 1553 διδούς.
2675 1490 2768 1552 Τίς
2800 1489 2891 1544 οῦν
2925 1489 2952 1543 6
2985 1487 3150 1564 λόγος
3185 1506 3198 1556 ;
3231 1485 3367 1562 Πυρῖ
3399 1487 3498 1554 τήν
3547 1485 3691 1549 οεῖαν
3749 1505 3887 1558 παρ-

2241 1582 2442 1650 εικάζει
2475 1580 2631 1660 φύσιν
2659 1579 2722 1634 τὸ
2753 1579 2983 1654 γράμμα
3040 1578 3103 1632 τὸ
3155 1578 3322 1652 ἱερὸν,
3383 1573 3473 1630 διὰ
3499 1575 3560 1631 τὸ
3591 1574 3888 1642 παναλκες,

2239 1667 2424 1739 ξύλοις
2455 1691 2513 1724 τε
2569 1669 2658 1726 καὶ
2713 1669 2874 1732 πόαις
2923 1669 3014 1722 τὸν
3049 1666 3354 1742 ἄνθρωπον.
3401 1665 3548 1737 Φησὶ
3606 1667 3712 1742 γάρ
3757 1683 3887 1719 που·

2241 1783 2268 1810 ‹‹
2300 1759 2356 1814 Ὀ
2389 1759 2516 1821 Θεὸς
2547 1763 2655 1834 πῦρ
2684 1756 3082 1813 καταναλίσκον
3117 1755 3250 1811 ἐστί.
3285 1781 3304 1806 ι
3345 1754 3445 1812 Καὶ
3477 1752 3666 1817 πάλιν,
3697 1779 3723 1804 ι(
3757 1755 3890 1810 Ἀν-

2237 1849 2478 1924 Θρωπος,
2511 1848 2636 1903 ὡσεὶ
2671 1848 2871 1924 χόρτος
2905 1847 2958 1902 αἱ
2989 1846 3192 1922 ἡμέραι
3222 1844 3407 1902 αὐτοῦ.
3461 1869 3488 1895 ››
3522 1841 3673 1900 Ἀλλ’
3704 1842 3886 1918 ὥσπερ

2236 1937 2380 1992 ἐστὶν
2411 1937 2478 1992 οὐ
2507 1938 2745 2016 φορητὸν
2779 1938 3034 1999 ἀκάνθαις
3065 1937 3128 1990 τὸ
3179 1939 3309 2011 πῦρ,
3368 1933 3510 1989 οὕτω
3568 1933 3657 1988 καὶ
3691 1933 3885 2003 θεότης

2233 2026 2636 2102 ἀνθρωπότητι.
2671 2023 2822 2095 Ηλὴν
2863 2025 2916 2081 ἐν
2969 2026 3188 2100 Χριστῷ
3250 2017 3446 2094 συνέϐη
3511 2021 3600 2077 καὶ
3659 2023 3879 2099 γὲγονεν

2234 2117 2412 2186 οἰστή,
2456 2117 2622 2172 οἱονεὶ
2655 2114 3012 2192 περιστελλον
3049 2136 3103 2169 τι
3159 2115 3257 2184 τήν
3317 2113 3546 2188 ἄκρατον
3601 2115 3701 2167 τοῦ
3779 2117 3882 2180 τῆς

2234 2203 2375 2269 ἰδίας
2401 2207 2613 2287 φύσεως
2645 2208 2812 2282 πυρὸς
2869 2199 3206 2281 προσϐολήν,
3259 2202 3352 2258 ’ἱνα
3405 2200 3630 2276 γένηται
3687 2221 3878 2276 χωρη-

2231 2299 2346 2365 τὸς,
2404 2297 2646 2372 καθάπερ
2702 2297 2792 2351 καὶ
2858 2295 3112 2356 ἀκάνθαις
3167 2291 3248 2348 τὸ
3287 2297 3414 2368 πῦρ.
3479 2293 3606 2349 ’Ότι
3665 2287 3723 2345 δὲ
3779 2291 3878 2358 τήν

2232 2389 2403 2462 σ.²ρκα
2440 2389 2540 2456 τὴν
2601 2383 2794 2442 ἑαυτοῦ
2853 2391 3058 2462 φθορᾶς
3113 2382 3362 2439 ἀπετέλει
3421 2383 3716 2458 κρείττονα,
3776 2380 3893 2436 δια-

2233 2473 2446 2545 δεὶξειεν
2480 2473 2538 2530 ἂν
2569 2472 2990 2553 αἰνιγματωδῶς
3021 2473 3083 2529 τὸ
3134 2473 3224 2528 ἐπὶ
3279 2476 3346 2546 τῇ
3383 2472 3532 2548 βάτῳ
3576 2477 3707 2546 πῦρ,
3741 2469 3890 2526 ἀδια-

2231 2560 2489 2631 λώϐητον
2521 2565 2801 2626 παντελῶς
2859 2570 3104 2640 τηρῆσαν
3145 2563 3207 2616 τὸ
3239 2561 3416 2632 ξύλον.
3456 2563 3762 2636 Κεχώρῃιε
3789 2561 3892 2636 γάρ

2229 2654 2422 2723 Θεότης
2453 2653 2502 2707 ἐν
2537 2654 2938 2730 ἀνθρωπὸτητι.
2975 2652 3072 2707 Καὶ
3103 2655 3263 2706 τοῦτο
3313 2657 3526 2727 γεγονεν
3583 2649 3637 2705 ἐν
3669 2651 3895 2727 Χριστῷ

2229 2743 2291 2797 τὸ
2321 2745 2640 2818 μυστήριον,

2301 2948 2328 2976 ‹‹
2363 2925 2671 3000 Ἒντρομος
2731 2921 2788 2978 δε
2855 2923 3148 2998 γενόμενος
3203 2928 3465 2991 Μωϋσῆς,
3525 2920 3622 2976 οὐκ
3679 2917 3894 2993 ἐτόλμα

2229 3037 2256 3065 ‹‹
2291 3019 2644 3083 κατανοῆσαι,
2677 3014 2820 3068 Εἴπε
2851 3011 2908 3068 δὲ
2931 3012 3076 3083 αὐτῷ
3107 3014 3135 3066 6
3167 3010 3387 3087 Κύριος·
3425 3015 3602 3065 Λῦσον
3648 3011 3711 3066 τὸ
3749 3009 3884 3065 ὑπό-

2230 3127 2258 3154 ‹‹
2294 3100 2443 3176 δημα
2470 3106 2578 3157 τῶν
2613 3100 2799 3157 ποδῶν
2832 3121 2948 3156 σου·
2984 3103 3011 3156 6
3051 3101 3152 3177 γάρ
3207 3101 3374 3163 τόπος
3433 3100 3484 3154 ἐν
3535 3101 3582 3172 ᾧ
3623 3096 3883 3170 ἕστηκας,

2237 3215 2258 3242 ι
2286 3199 2353 3270 γῆ
2390 3193 2513 3268 ἀγία
2543 3192 2706 3249 ἐστίν.
2743 3188 2891 3248 Ἰδὼν
2925 3189 3072 3246 εἶδον
3129 3192 3229 3258 τήν
3289 3192 3525 3245 κάκωσιν
3585 3193 3684 3243 τοῦ
3741 3187 3880 3243 λαοῦ

2233 3309 2258 3335 α
2289 3303 2415 3355 μου,
2443 3287 2538 3336 τοῦ
2590 3281 2642 3337 ἐν
2706 3281 2979 3357 Αἰγύπτῳ,
3040 3281 3128 3336 καὶ
3188 3283 3285 3334 τοῦ
3339 3283 3647 3352 στεναγμοῦ
3701 3279 3880 3333 αὐτῶν

2228 3395 2254 3423 ιτ
2285 3369 2514 3441 ἥκουσα,
2567 3373 2656 3426 καὶ
2710 3365 2944 3440 κατέϐην
3002 3368 3277 3440 ἐξελέσθαι
3329 3367 3545 3432 αὐτούς.
3603 3368 3703 3422 Καὶ
3785 3372 3878 3422 νῦν

2227 3485 2254 3512 ‹‹
2287 3459 2464 3536 δεῦρο,
2495 3460 2584 3515 καὶ
2625 3459 2910 3515 ἀποστελῶ
2971 3480 3029 3514 σε
3062 3459 3138 3521 εἷς
3193 3456 3488 3534 Αἴγυπτον.
3549 3461 3758 3515 Τοῦτον
3783 3459 3876 3514 τὸν

2225 3572 2252 3598 ‹‹
2285 3555 2540 3618 Μωϋσῆν,
2570 3547 2629 3602 ὅν
2689 3551 2994 3623 ἠρνησαντο
3055 3547 3319 3616 εἰπόντες,
3369 3547 3464 3610 Τίς
3521 3569 3578 3603 σε
3623 3545 3884 3618 κατέστη·

2224 3663 2252 3689 ‹‹
2287 3659 2372 3692 σεν
2405 3635 2641 3712 ἄρχοντα
2670 3639 2760 3692 καί
2795 3635 3052 3708 δικαστήν
3089 3657 3102 3708 ;
3135 3641 3326 3692 τοῦτον
3387 3638 3414 3691 6
3473 3637 3603 3699 Θεὸς
3635 3636 3884 3712 ἂρχοντα

2225 3751 2252 3778 ‹‹
2284 3727 2376 3782 καὶ
2421 3728 2708 3802 Λυτρωτήν
2773 3727 3091 3782 ἀπέστειλεν
3151 3727 3202 3781 ἐν
3259 3727 3404 3802 χειρῖ
3463 3725 3723 3800 ἀγγέλου,
3781 3729 3882 3779 τοῦ

2223 3840 2248 3863 η
2285 3812 2541 3894 ὀφθέντος
2571 3815 2716 3889 αὐτῷ
2756 3815 2808 3871 ἐν
2864 3821 2932 3889 τῇ
2993 3817 3162 3892 βάτῳ.
3225 3815 3396 3878 Οὗτος
3457 3815 3714 3889 ἐξήγαγεν
3775 3814 3880 3869 αῦ-

2223 3929 2251 3957 ‹‹
2280 3904 2432 3970 τοὺς,
2461 3907 2698 3976 ποιήσας
2727 3907 2925 3980 τὲρατα
2975 3905 3065 3960 καὶ
3121 3911 3324 3976 σημεῖα
3383 3904 3434 3960 ἐν
3492 3908 3557 3978 τῇ
3595 3902 3874 3979 Αἰγύπτῳ,

2223 4017 2252 4046 ιι
2282 3994 2370 4049 καὶ
2414 3994 2466 4048 ἐν
2497 3993 2693 4070 ἐρυθρᾷ
2724 3994 2994 4070 θαλάσσῃ,
3026 3994 3117 4049 καὶ
3149 3992 3203 4048 ἐν
3263 3997 3330 4068 τῇ
3365 3993 3561 4069 ἐρήμῳ
3617 3989 3710 4063 ἔτη
3749 4013 3872 4047 τεσ-

2223 4107 2250 4135 ι(
2293 4105 2353 4136 σα
2365 4102 2614 4158 ρακοντα,
2655 4107 2680 4132 κ

2295 4173 2354 4228 Εἰ
2384 4173 2472 4226 καὶ
2520 4173 2596 4246 μή
2656 4165 2843 4235 αύταῖς
2899 4172 3071 4243 λέξεσι
3131 4173 3371 4244 φαίνεται
3431 4171 3482 4226 ἐν
3541 4175 3610 4244 τῇ
3663 4169 3872 4245 ’ὲξόδῳ

2218 4263 2440 4336 κειμένη
2476 4265 2509 4333 ἡ
2543 4265 2719 4341 (ρων-ἧ,
2753 4261 2879 4318 ἀλλ’
2911 4265 3002 4318 οὖν
3037 4261 3364 4336 ἷσοδύναμος
3387 4269 3580 4320 κεῖται.
3616 4264 3696 4320 Οὗ
3727 4262 3873 4316 πολὺ

2219 4352 2323 4428 γάρ
2382 4351 2574 4408 ὂιοῖσει
2631 4353 2692 4408 τὸ
2753 4349 3017 4428 ἔντρομος
3089 4357 3186 4408 τοῦ
3263 4349 3508 4432 ἔμφοϐος
3563 4353 3874 4426 γενόμενος.

2217 4443 2439 4514 Λέγεται
2476 4439 2722 4498 δὲταῦτα
2754 4443 2874 4518 περὶ
2905 4447 3000 4496 τοῦ
3030 4442 3166 4498 κατὰ
3211 4443 3310 4510 τήν
3373 4443 3535 4516 βάτον
3569 4443 3874 4516 ὁράματος,

2221 4531 2483 4604 μενούσης
2512 4538 2612 4601 τῆς
2643 4531 2811 4601 αὐτῆς
2845 4530 3105 4610 διαφορᾶς
3135 4535 3234 4588 τοῦ
3263 4527 3506 4612 φοϐεροῦ
3559 4531 3647 4586 καὶ
3695 4530 3872 4606 ἐμφό-

452 4619 718 4674 timendo
741 4619 898 4694 quod
931 4621 1058 4691 ipse
1089 4624 1360 4674 maneret
1388 4617 1789 4690 incorruptus.
1825 4621 2109 4676 Similiter

2232 4617 2338 4691 ἴου,
2369 4623 2459 4676 καὶ
2518 4620 2571 4676 ἐν
2617 4626 2685 4696 τῇ
2720 4607 2975 4698 διηγήσει
3025 4627 3093 4696 τῇ
3153 4607 3287 4698 περὶ-
3335 4627 3433 4678 τοῦ
3497 4625 3632 4678 Σινᾶ
3685 4618 3872 4696 ὅρους.

451 4709 598 4763 etin
629 4710 970 4765 narratione
1021 4710 1180 4765 circa
1235 4715 1500 4764 montem
1550 4709 1690 4765 Sina
1772 4711 1889 4764 Deo
1943 4711 2104 4766 enim

449 4793 596 4849 dixit
627 4797 907 4851 Mosesza
969 4797 1394 4870 Expavet‘actus
1452 4813 1583 4852 sum
1640 4804 1699 4854 et
1755 4798 2102 4854 tremebun-

446 4883 558 4940 dus
585 4883 653 4952 ⁷⁸,
693 4907 716 4934 η
749 4885 1057 4942 alternatis
1087 4905 1154 4943 ac
1184 4887 1501 4961 geminatis
1535 4905 1680 4943 usus
1713 4888 2100 4946 dictionibus.

443 4973 817 5042 Stupefactus
871 4973 1069 5045 itaque
1146 4978 1272 5032 visu
1329 4978 1540 5033 beatus
1604 4979 1792 5033 Moses
1851 4978 2104 5034 addebat

443 5064 1080 5134 consequenterillud,
1145 5063 1348 5120 dicens
1397 5066 1537 5121 alibi
1597 5067 1752 5138 apud
1815 5068 2098 5138 seipsum,

443 5176 472 5203 κ
501 5159 825 5226 Aggressus
853 5152 1063 5208 videbo
1096 5153 1388 5209 visionem
1425 5155 1576 5211 hanc
1629 5173 1923 5227 magnam.
1957 5157 2100 5227 quid

445 5245 700 5316 sitquod
745 5261 866 5300 non
900 5251 1184 5298 exuratur
1231 5245 1414 5300 rubus
1447 5247 1510 5302 7°.
1547 5269 1574 5296 ››
1627 5248 1738 5302 Sed
1797 5248 2101 5320 prohibiit

445 5351 580 5391 eum
613 5335 812 5391 statim
859 5334 1164 5398 Dominus.
1228 5334 1434 5391 dicens
1470 5354 1483 5391 :
1518 5339 1596 5394 Ne
1655 5341 2098 5411 appropinques

442 5422 579 5494 huc,
633 5425 920 5499 pedisque
979 5425 1453 5484 calceamentum
1509 5429 1654 5484 solvi
1705 5430 1898 5501 jubet.
1949 5431 2096 5485 Ecce

2215 4715 2335 4770 Ἐπ’
2363 4714 2531 4768 αὐτοῦ
2559 4713 2662 4788 γὰρ
2693 4713 2811 4768 εἶπε
2845 4716 3108 4783 Μωϋσῆς·
3169 4738 3196 4764 ιι
3260 4707 3552 4789 ’Έμιροϐὁς
3603 4711 3717 4784 εἶμι
3774 4709 3872 4766 καὶ

2212 4801 2492 4878 ἔντρομος,
2525 4827 2552 4854 ››
2583 4801 2643 4858 ἐκ
2674 4801 3040 4879 παραλλήλου
3091 4808 3212 4866 ταῖς
3271 4801 3448 4873 λέξεσι
3488 4801 3870 4882 χρησάμενος.

2213 4893 2612 4964 Κατατεθηπὼς
2673 4891 2852 4948 τοίνυν
2911 4893 3010 4960 τήν
3069 4887 3193 4967 ὄψιν
3247 4892 3275 4946 6
3329 4891 3594 4968 μακάριος
3653 4892 3870 4960 Μωσῆς

2211 4981 2514 5056 προσετίθει
2600 4980 2814 5050 λοιπὸν,
2895 4979 3066 5036 ἐκεῖνό
3125 5001 3229 5035 που
3305 4981 3475 5054 λὲγων
3550 4978 3600 5033 ἐν
3661 4979 3866 5050 ἑαυτῷο

2212 5095 2238 5122 ιι
2267 5067 2558 5144 Παρελθὼν
2593 5067 2799 5143 ὄψομαι
2831 5071 2893 5125 τὸ
2921 5071 3101 5144 ὅραμα
3131 5075 3292 5124 τοῦτο
3342 5070 3403 5124 τὸ
3459 5067 3613 5142 μέγα,
3673 5067 3724 5121 τί
3777 5065 3865 5121 ὅτι

2211 5158 2276 5212 ού
2319 5159 2661 5214 κατακαίεται
2697 5161 2729 5228 ἡ
2767 5159 2956 5234 βάτος,
2995 5183 3021 5208 »
3053 5155 3182 5212 ἀλλ’
3215 5155 3380 5235 ε’ἷργει
3443 5155 3617 5232 λέγων
3647 5155 3799 5216 εὐθὺς
3834 5154 3864 5208 6

2209 5249 2438 5323 Κύριος,
2477 5251 2566 5319 Μὴ
2602 5249 2821 5324 ἐγγίσῃς
2877 5246 3000 5303 ὦδε.
3065 5247 3166 5304 Καὶ
3224 5253 3321 5303 τοῦ
3381 5243 3547 5308 ποδὸς
3603 5243 3868 5300 ἀπολύειν

2207 5341 2596 5412 προστάττεται
2629 5340 2690 5392 τὸ
2723 5335 3004 5409 ὑπόδημα.
3043 5335 3182 5392 Ἰδοὺ
3223 5339 3282 5392 δν
3311 5338 3417 5412 πρὸ
3471 5339 3669 5411 μεθιροῦ
3701 5332 3864 5408 ἃγγεο

2207 5424 2304 5483 λον
2333 5427 2505 5504 εἶπεν,
2529 5431 2618 5485 νῦν
2673 5425 2938 5485 δείκνυσιν
2979 5427 3139 5484 αὐτὸν
3174 5425 3374 5502 Κύριον
3430 5423 3558 5482 ὅντα
3585 5425 3676 5482 καὶ
3705 5423 3837 5481 Θεόν

513 5638 560 5712 'f
588 5640 701 5697 Isa.
735 5655 811 5705 ix,
843 5636 980 5712 6.λί
1007 5640 1274 5712 Deut.1v,
1307 5643 1379 5698 24
1409 5656 1423 5708 ;
1477 5639 1652 5698 Hebr.
1713 5655 1816 5710 xu,
1876 5643 1964 5697 29.
2021 5639 2066 5677 ⁷⁸

2232 5637 2280 5696 .l.
2318 5656 2410 5712 cn,
2471 5643 2554 5698 ιδ.
2613 5640 2657 5675 ’⁷
2711 5637 2892 5700 Exod.
2951 5654 3032 5712 ιιι,
3065 5639 3090 5694 1
3127 5653 3289 5710 seqq.
3333 5633 3385 5672 ⁸³⁸
3415 5634 3600 5695 Exod.
3629 5651 3748 5708 xxx,
3783 5635 3809 5689 ί
3845 5647 3864 5708 3

440 5709 618 5768 Hebr.
651 5726 756 5782 ιιι,
782 5713 871 5768 21.
905 5709 953 5746 ⁷ο
983 5713 1167 5772 Exod.
1191 5709 1272 5780 In,
1308 5713 1360 5767 3.
