4136 6200
268 302 363 362 145

1190 303 1600 366 COMMENT.
1649 305 1728 365 IN
1773 305 1975 366 ACTA
2019 307 2633 378 APOSTOLORUM.

3519 323 3637 384 146

266 439 412 497 Αὐτὸς
452 437 549 510 γὰρ
606 434 745 489 ἐστιν
779 436 806 490 6
840 443 936 505 τῆς
999 435 1248 508 μεγάλης
1284 437 1492 511 βουλῆς
1527 435 1756 514 ἐέγγελος
1788 437 1870 491 καῖ

1999 459 2174 512 quem
2206 445 2381 516 paulo
2414 455 2548 503 ante
2581 450 2730 506 rlixit
2750 454 3048 526 angelum,
3083 471 3242 511 nunc
3277 473 3410 512 eum
3441 460 3643 515 Domi-

266 532 377 584 630-3
407 526 538 588 Υἱός.
572 525 638 581 Τί
678 523 771 579 οὖν
801 524 912 580 ἐστι
940 526 1004 580 τὸ
1035 523 1379 598 δηλούμενον
1409 524 1497 581 δια
1524 532 1620 581 τοῦ
1672 529 1879 597 ὑποδή-

267 637 410 691 ματος
464 615 732 687 α’ἶνιγμα;
790 616 1116 688 Ἀναγκαῖον
1172 617 1361 685 εἰπεῖν,
1422 618 1746 692 νεκρότητος
1788 617 1878 673 καὶ

267 711 438 780 φθορᾶς
491 709 549 758 τι)
600 702 862 774 ὑπόδημα
921 705 1050 759 εῖναι
1097 711 1347 776 σημεῖον.
1416 706 1581 781 Ε’ῗπερ
1627 707 1737 761 ἐστὶ
1777 712 1879 763 πᾶν

273 797 285 810 ο
344 793 383 814 r\
596 795 606 808 ι
1208 799 1228 809 ὀ
1403 791 1466 813 νὴ
1632 802 1652 812 ν
1774 795 1784 816 1

269 814 495 864 υποοημα
543 798 687 863 {mou
743 792 994 863 λείψανον
1052 796 1338 858 τεθνεωτος
1396 815 1528 869 ῃοη.
1564 805 1651 850 Δει
1698 818 1878 850 τοινον

264 885 415 952 πάσης
439 890 623 957 νεκρᾶς
667 884 755 936 καὶ
816 891 1074 958 σαρκικῆς
1135 886 1420 961 φαντασῖας
1450 884 1634 960 ὥσπερ
1666 883 1878 957 ὑποδη-

265 976 420 1046 μάτων
448 978 604 1028 τινῶν
663 972 824 1030 λῦσαι
875 974 965 1028 τὸν
1016 974 1103 1028 ἐπὶ
1153 979 1260 1029 τῶν
1311 976 1466 1030 θείων
1507 977 1879 1048 θεωρημάτων

260 1059 489 1132 ἀναϐῆναι
549 1061 882 1138 πειρώμενον
936 1069 1080 1131 νοῦν,
1163 1065 1253 1119 καὶ
1327 1067 1390 1119 τὸ
1450 1066 1583 1120 κατά
1642 1068 1872 1140 Χριστὸν

258 1158 420 1222 νοῆσαι
476 1154 797 1226 μυστήριον.
859 1151 1184 1228 Ἀπρὸσιτος
1241 1153 1420 1208 τοίνυν
1481 1153 1532 1208 ἐν
1589 1159 1668 1226 τῷ
1723 1176 1877 1229 νομῳ

257 1242 328 1296 καί
366 1245 425 1314 τῇ
470 1237 853 1316 παιδαγωγικῇ
915 1240 1138 1316 λατρεία
1194 1242 1222 1296 6
1281 1243 1516 1312 Χριστὸς
1549 1243 1740 1316 (νόμου
1771 1244 1876 1320 γάρ

256 1333 513 1404 πρόσωπον
551 1331 578 1384 6
611 1334 892 1404 Μωυσῆς),
953 1333 996 1385 εἰ
1055 1335 1134 1402 μή
1187 1352 1296 1387 που
1325 1331 1416 1386 τὸν
1446 1333 1552 1387 ἀπὸ
1576 1340 1676 1402 τῆς
1710 1333 1878 1408 ἁμαρ-

255 1419 352 1482 τίσς
391 1420 888 1495 προαποτρίψοιντο
932 1418 1238 1492 μολυσμὸν,
1290 1423 1378 1476 καὶ
1424 1423 1524 1490 την
1569 1420 1621 1477 ἐν
1680 1422 1873 1484 τύποις

254 1509 317 1564 ἔτι
344 1511 423 1564 καὶ
453 1515 630 1571 σκιαῖς
684 1511 1099 1584 προαπώθοιντο
1160 1509 1433 1584 λατρείαν.
1471 1509 1529 1566 Εἰ
1579 1508 1636 1566 δὲ
1671 1510 1876 1585 βουλη-

255 1602 368 1654 θεῖεν
399 1598 767 1655 ἀπολύσασθαι
816 1600 876 1654 τὸ
928 1598 1284 1674 προδηλωθέν
1317 1597 1599 1672 ὑπόδημα,
1627 1600 1872 1675 ἐγκγιοῦσι

251 1688 352 1742 τότε
381 1693 612 1764 Χριστῷ,
671 1691 770 1758 τὴν
824 1688 874 1742 ἐν
937 1689 1207 1762 Ηνεύματι
1239 1689 1328 1744 καὶ
1358 1688 1588 1761 ἀληθείᾳ
1619 1689 1872 1766 λατρείαν

247 1778 594 1852 προσιέμενοι.

299 2047 506 2110 «Οὗτός
567 2045 713 2103 ἐστιν
771 2047 800 2101 6
860 2048 1104 2117 Μωυσῆς
1156 2047 1185 2101 6
1232 2046 1400 2102 εἰπὼν
1455 2052 1572 2110 τοῖς
1603 2047 1744 2111 υἶοῖς
1778 2049 1877 2104 Ἰσ“

240 2136 434 2212 αραήλ·
487 2139 802 2215 Προφήτην
861 2137 988 2210 ὑμῖν
1045 2138 1336 2209 ἀναστήσει
1397 2137 1594 2212 Κύριος
1654 2139 1682 2193 6
1741 2139 1870 2202 Θεὸς

245 2250 266 2277 ιι
293 2227 424 2299 ὑμῶν
454 2227 511 2282 ἐκ
550 2232 655 2282 τῶν
689 2225 938 2306 ἀδελφῶν
970 2227 1146 2299 ὑμῶν,
1175 2227 1249 2290 ὡς
1282 2225 1398 2299 ἐμὲ.
1437 2251 1464 2278 ››

297 2319 451 2373 Τοῦτο
483 2317 756 2393 ἐπήγαγεν
817 2318 844 2373 6
908 2317 1172 2392 μακάριος
1234 2314 1526 2395 Στέφανος,
1559 2319 1867 2390 αἰνιττομε-

239 2426 312 2467 νος
335 2406 504 2469 αὐτοῖς
572 2415 632 2461 τὸ
693 2407 830 2461 κατὰ
876 2407 1102 2481 Χριστὸν
1156 2409 1475 2482 μυστήριον,
1521 2406 1610 2462 καὶ
1659 2404 1865 2463 δεικνὺς

241 2495 303 2551 ὅτι
337 2500 421 2551 Καὶ
452 2499 479 2552 6
513 2503 729 2567 Μωσῆς
760 2498 882 2572 περὶ
913 2498 1081 2553 αὐτοῦ
1123 2497 1250 2570 ὑμῖν
1296 2496 1594 2566 λελάληκε.
1631 2505 1868 2574 Ηροανα-

239 2593 380 2661 ιφωνεῖ
406 2588 506 2661 γὰρ
541 2586 708 2642 πάλιν
733 2587 832 2654 την
859 2590 955 2640 τοῦ
1005 2584 1145 2641 ἰδίου
1205 2589 1546 2660 γεννήματος
1607 2587 1866 2663 ἐνανθρώ-

239 2696 376 2746 πησιν
403 2678 429 2731 6
460 2679 593 2739 Θεὸς
626 2677 716 2731 καὶ
752 2678 936 2751 υατήρ
995 2674 1084 2730 δια
1129 2682 1226 2731 τοῦ
1286 2677 1562 2754 πανσὸιρου
1595 2679 1863 2747 Μωσέως,

236 2767 307 2818 καί
336 2766 410 2820 δτι
442 2764 694 2840 δεύτερος
725 2766 806 2839 ἐφ’
853 2767 1002 2838 ἡμᾶς
1051 2768 1356 2838 νομοθέτης
1389 2764 1859 2843 ἀναδειχθήσεται,

237 2852 452 2925 λαλήσας
484 2857 583 2928 μὲν
611 2854 776 2911 πάλιν
822 2861 938 2917 τοῖς
987 2855 1368 2934 ἀρχαιοτέροις
1413 2857 1572 2919 αὐτὸς
1605 2855 1672 2911 δι’
1707 2856 1864 2932 ἀγγε-

234 2942 327 3000 λων
354 2947 437 3001 τὸν
469 2947 666 3018 νόμον,
694 2947 745 3002 ἐν
777 2943 836 3001 δὲ
865 2951 980 3008 τοῖς
1009 2945 1344 3009 τελευταίοις
1385 2953 1598 3022 καιροῖς
1629 2947 1861 3022 αὐτουρ-

233 3036 310 3109 γὸς
362 3036 432 3100 εἷς
487 3040 644 3110 ἡμᾶς
696 3034 1166 3110 ἀναδεδειγμένος,
1211 3038 1303 3092 καὶ
1352 3045 1543 3108 καινῆς
1594 3035 1859 3109 διαθήκης

233 3125 551 3198 χρηματίσας
629 3125 880 3201 ἅγγελος.
939 3127 968 3181 6
1028 3125 1272 3200 μεγαλῆς
1349 3127 1560 3200 βουλῆς
1605 3134 1705 3197 τῆς
1763 3130 1860 3182 τοῦ

237 3186 414 3290 illa-:66:
472 3186 730 3291 ἄγγελος.
794 3186 894 3272 Καὶ
949 3186 1120 3270 τοὸτόι
1168 3186 1279 3270 ἐστι
1331 3186 1556 3287 έηλοῦνν
1593 3186 1739 3280 τὸζνα
1772 3216 1860 3278 Ὧς
1894 3186 1936 3253 C

236 3303 331 3374 ἐμὲ,
365 3330 389 3355 n
442 3307 696 3360 τουτέστι
751 3304 1074 3378 νομοθέτην.
1145 3308 1439 3386 Προφήτην
1490 3302 1546 3360 δὲ
1593 3304 1753 3361 καλεῖ
1779 3306 1868 3360 τὸν

237 3397 644 3477 τῶνπροφητῶν
680 3396 872 3470 Κύριον
909 3393 996 3450 διά
1025 3396 1085 3450 τὸ
1119 3396 1474 3469 ἀνθρώπινον.
1511 3419 1538 3447 ιι
1569 3401 1654 3459 Ὠς
1686 3395 1803 3468 ἐμὲ,
1840 3422 1862 3451 ι

236 3480 630 3559 ἒξσδθενημένον
663 3486 749 3563 ὑφ’
779 3486 852 3539 ὧν
885 3481 992 3540 ἔδει
1019 3491 1339 3556 τιμηθῆναι.
1371 3485 1661 3560 Ἐκατερος
1696 3486 1868 3557 νόμον

245 3567 407 3642 ἔδωκε,
465 3580 676 3648 σημεῖα
731 3575 992 3649 πρότερον
1049 3576 1302 3644 ποιήσας·
1359 3572 1487 3631 ἀλλ’
1535 3572 1663 3630 οὐδὲ
1695 3576 1867 3638 οὕτως

242 3661 391 3719 αὐτῶν
423 3663 716 3740 οὐδετέρου
746 3663 1021 3736 ἠθέλησαν
1058 3665 1380 3723 ὑπακοῦσαι.

299 3958 321 3983 α
354 3933 526 3991 Αὐτοῦ
568 3933 882 3992 ἀκούσεσθε.
943 3935 1116 3999 Οὗτός
1171 3934 1312 3992 ἐστιν
1346 3935 1374 3989 ὁ
1404 3936 1691 4011 γενόμενος
1723 3933 1774 3990 ἐν
1802 3939 1870 4010 τῇ

241 4046 257 4069 ι
287 4021 538 4096 ἐκκλησίᾳ
570 4024 626 4079 ἐν
673 4028 742 4098 τῇ
803 4023 996 4099 ἐρήμῳ
1059 4024 1193 4098 μετᾶ
1239 4028 1336 4081 τοῦ
1392 4020 1626 4099 ἀγγέλου
1656 4029 1747 4080 τοῦ
1778 4022 1874 4080 λά-

239 4109 502 4177 «λοῦντος
568 4114 716 4185 αὖτῷ
769 4114 820 4168 ἐν
876 4118 954 4187 τῷ
1011 4110 1128 4190 ὄρει
1187 4118 1333 4184 Σινᾷ,
1368 4115 1591 4168 καὶτῶν
1625 4114 1871 4190 πατέρων

238 4225 260 4251 ι(
288 4203 455 4273 ἡμῶν.
489 4205 594 4267 ⁸ος
656 4202 868 4277 ἐδέξατο
925 4201 1090 4278 λόγον
1154 4208 1330 4274 ζῶντα
1385 4200 1580 4259 δοῦντα
1617 4206 1774 4276 ἡμῖν.
1807 4207 1872 4283 ’ῼ

237 4292 377 4349 «οὐκ
403 4293 688 4365 ἠθὲλησαν
746 4294 982 4364 ὑπήκοοι
1037 4295 1283 4369 γενέσθαι
1333 4295 1386 4349 οἱ
1432 4294 1657 4369 πατέρες
1688 4296 1870 4368 ἡμῶν,

239 4379 404 4438 «ἀλλ’
432 4384 731 4441 ἀπώσαντο
792 4384 882 4438 καὶ
942 4383 1278 4460 ἐστράφησαν
1327 4388 1398 4458 τῇ
1453 4381 1650 4458 καρδίᾳ
1695 4383 1873 4439 αὐτῶν

238 4493 258 4519 α
285 4469 350 4533 εἷς
392 4472 704 4548 Αἴγυπτον,
743 4472 986 4536 εῗπὸντες
1044 4472 1123 4546 τῷ
1174 4473 1409 4549 ’Λαρώνο
1465 4475 1699 4545 Ποίησον
1735 4477 1870 4547 ἡμῖν

1987 549 2130 588 num
2162 551 2292 590 esse
2323 539 2584 594 ostendit
2613 558 2677 596 ac
2708 544 2908 598 Deum.
2945 547 3074 616 Ipse
3124 547 3282 603 enim
3316 555 3406 603 est
3433 552 3628 623 magni

1987 625 2222 679 consilii
2259 628 2507 699 Angelus
2537 646 2603 684 ac
2653 632 2750 686 Dei
2786 634 2985 688 Filius.
3020 636 3185 699 Quod
3223 653 3358 709 ergo
3389 641 3641 711 aenigma

1984 730 2092 785 per
2144 715 2610 773 calceamentum
2672 721 3083 793 signiﬁcatur?
3136 727 3384 782 Necesse
3430 735 3539 794 est,
3573 735 3637 784 ut

1985 803 2217 858 dicatur
2241 807 2707 864 calceamentum
2742 828 2870 866 esse
2901 815 3376 870 mortiﬁcationis
3400 818 3636 890 signum

1984 909 2052 948 ac
2082 897 2496 966 corruptionis.
2521 900 2688 954 Certe
2715 917 2893 954 omne
2919 903 3384 959 calceamentum
3420 909 3634 963 mortui

1975 982 2103 1053 jam
2135 985 2407 1041 animalis
2466 987 2766 1058 reliquum
2827 997 2934 1044 est.
2991 993 3232 1063 Oportet
3260 995 3438 1066 igitur
3468 1014 3638 1052 men-

1984 1079 2103 1128 tem
2135 1091 2285 1137 eam,
2322 1093 2453 1147 qua)
2485 1086 2735 1132 conatur
2781 1079 2855 1134 ad
2886 1079 3115 1135 divinas
3146 1085 3464 1138 ascendere
3495 1102 3638 1141 con-

1983 1163 2423 1235 templationes,
2480 1166 2818 1239 Christique
2871 1169 3204 1241 intelligere
3263 1174 3635 1253 mysterium,

1983 1253 2145 1308 omni
2178 1259 2411 1309 mortua
2441 1269 2508 1310 ac
2561 1256 2788 1312 carnali
2841 1257 2985 1312 solvi
3031 1257 3477 1332 imaginatione.
3513 1263 3638 1317 Non

1983 1359 2119 1414 ergo
2151 1359 2256 1414 per
2285 1342 2475 1415 legem
2508 1344 2853 1415 cultumque
2888 1346 3339 1404 ministerialem
3371 1348 3443 1404 ad
3470 1348 3640 1405 Chri-

1983 1436 2139 1486 stum
2170 1438 2420 1503 possunt
2440 1433 2724 1488 accedere
2747 1435 2955 1504 (Moses
2981 1452 3238 1506 namque
3262 1437 3408 1509 legis
3432 1454 3638 1510 perso-

1980 1539 2118 1578 nam
2161 1523 2449 1596 gerebat),
2485 1524 2600 1579 nisi
2634 1525 3130 1596 inquinationem,
3165 1545 3298 1598 quas
3331 1545 3365 1584 a
3394 1535 3637 1601 peccato

1979 1618 2282 1667 contracta
2315 1619 2426 1678 est,
2460 1613 2829 1685 cultumque,
2876 1617 2978 1685 qui
3026 1616 3218 1671 adhuc
3250 1618 3310 1672 in
3344 1619 3548 1690 figuris
3580 1625 3638 1675 et

1978 1701 2207 1756 umbris
2257 1708 2364 1766 est,
2411 1709 2588 1757 antea
2634 1703 2981 1774 repulerint.
3016 1704 3074 1759 Si
3121 1712 3319 1761 autem
3351 1707 3632 1778 praedicto

1898 1811 1946 1876 Β
1979 1790 2383 1846 calceamento
2441 1792 2664 1846 absolvi
2725 1793 2928 1860 velint,
2962 1799 3102 1849 tunc
3152 1797 3636 1868 appropinquant

1986 1881 2239 1949 Christo,
2272 1882 2498 1938 cultum
2530 1884 2631 1954 qui
2655 1883 2716 1938 in
2747 1883 2967 1955 Spiritu
2996 1890 3055 1939 et
3083 1885 3326 1942 veritate
3358 1893 3449 1942 est
3477 1904 3633 1943 com-

1984 1971 2325 2042 probantes.

2055 2060 2172 2129 VlI,
2201 2062 2282 2115 37,
2325 2080 2346 2108 α
2381 2060 2484 2117 Hic
2539 2066 2630 2117 est
2685 2064 2894 2131 Moses,
2927 2063 3028 2136 qui
3063 2062 3210 2118 dixit
3240 2063 3382 2120 filiis
3413 2064 3633 2121 Israel:

1985 2171 2012 2198 «
2037 2150 2394 2221 Prophetam
2425 2150 2736 2206 suscitabit
2754 2151 2921 2208 vobis
2943 2151 3230 2208 Dominus
3262 2154 3416 2209 Deus
3446 2159 3638 2210 vester

1985 2262 2006 2288 ι
2045 2239 2116 2294 de
2145 2240 2430 2296 fratribus
2460 2241 2690 2305 vestris,
2727 2241 2986 2297 similem
3019 2243 3154 2297 mei.
3187 2265 3214 2292 ››

2050 2330 2170 2384 Hoc
2201 2329 2507 2400 subjunxit
2563 2330 2770 2386 beatus
2831 2333 3164 2403 Stephanus
3215 2331 3490 2389 indicans
3547 2334 3634 2389 eis

1979 2419 2138 2490 quod
2194 2420 2256 2474 in
2315 2420 2547 2475 Christo
2601 2427 2906 2493 peractum
2965 2427 3092 2477 erat
3150 2423 3526 2494 mysterium.
3563 2439 3631 2480 ac

1978 2509 2300 2564 ostendens
2321 2510 2476 2580 quod
2502 2512 2688 2566 Moses
2709 2528 2946 2583 quoque
2968 2512 3039 2567 de
3065 2513 3192 2584 ipso
3216 2513 3450 2568 locutus
3472 2520 3630 2569 esset

1976 2599 2117 2654 illis.
2153 2601 2406 2655 Rursum
2438 2601 2596 2655 enim
2632 2603 2730 2655 70
2764 2602 2915 2656 Deus
2947 2618 3014 2656 ac
3055 2604 3228 2658 Pater
3253 2620 3360 2674 per
3384 2605 3628 2676 sapien-

1977 2689 2274 2743 tissimum
2298 2691 2496 2745 Mosen
2520 2691 2740 2762 proprii
2767 2691 2895 2745 Filii
2921 2693 3394 2748 incarnationem
3418 2694 3628 2766 praedi-

1975 2779 2076 2844 cit,
2108 2783 2174 2833 ut
2214 2779 2313 2850 qui
2365 2778 2516 2834 alter
2572 2779 2874 2852 legislator
2929 2781 3002 2836 ad
3061 2798 3167 2836 nos
3225 2781 3626 2854 designandus

1977 2873 2164 2924 esset:
2201 2868 2302 2940 qui
2333 2868 2575 2939 quidem
2623 2869 2920 2924 veteribus
2968 2886 3205 2940 quoque
3251 2887 3356 2942 per
3384 2870 3628 2943 angelos

1973 2957 2162 3030 legem
2194 2957 2427 3013 locutus
2449 2964 2638 3013 esset:
2663 2959 3003 3013 novissimis
3033 2965 3231 3013 autem
3265 2959 3630 3030 temporibus

1973 3053 2181 3101 auctor
2209 3047 2335 3118 ipse
2376 3046 2450 3100 ad
2501 3063 2610 3101 nos
2663 3047 3028 3118 designatus,
3063 3047 3165 3118 qui
3197 3063 3412 3102 novum
3447 3053 3632 3103 testa-

1975 3143 2246 3192 mentum
2293 3142 2575 3206 tanquam
2636 3136 2880 3208 angelus
2938 3136 3064 3208 ipse
3123 3137 3401 3205 sanciret,
3432 3138 3632 3210 magni

1973 3225 2209 3282 consilii
2269 3225 2459 3280 Patris
2512 3225 2758 3295 angelus
2808 3226 2926 3280 sive
2977 3228 3261 3282 nuntius:
3296 3233 3354 3282 et
3386 3228 3496 3282 hoc
3527 3244 3631 3300 per

1975 3316 2035 3370 id
2065 3315 2462 3388 significatum
2495 3320 2585 3370 est
2613 3315 2771 3386 quod
2802 3315 3040 3384 dicitur,
3071 3339 3096 3363 ιι
3131 3315 3397 3372 Similem
3431 3317 3570 3379 mei.
3600 3338 3628 3368 ι)

1973 3405 2086 3463 hoc
2144 3410 2232 3460 est
2291 3403 2713 3477 legislatorem.
2773 3405 2951 3460 Vocat
3018 3411 3218 3460 autem
3278 3407 3630 3478 prophetam

1976 3495 2291 3550 Dominum
2372 3493 2799 3565 prophetarum
2855 3499 3095 3565 propter
3151 3495 3626 3551 humanitatem:

1979 3605 2006 3634 υ
2037 3583 2296 3639 similem
2353 3583 2492 3651 mei,
2528 3605 2556 3631 »
2623 3589 3032 3654 contemptum
3061 3584 3134 3639 ab
3174 3585 3267 3640 his
3319 3600 3354 3640 a
3411 3584 3626 3658 quibus

1975 3672 2181 3729 debuit
2210 3672 2511 3727 honorari.
2548 3673 2804 3743 Uterque
2836 3672 3025 3746 legem
3059 3672 3239 3736 dedit,
3280 3673 3464 3746 signis
3494 3674 3625 3745 pri-

1975 3780 2140 3821 mum
2172 3763 2382 3818 editis:
2445 3762 2548 3818 sed
2607 3779 2682 3818 ne
2737 3762 2822 3819 sic
2875 3762 3117 3834 quidem
3147 3762 3326 3818 alicui
3357 3763 3626 3833 ipsorum

1977 3853 2388 3924 obtemperare
2419 3851 2755 3908 voluerunt.

2049 3943 2172 4006 Vll,
2202 3943 2402 3996 37-42.
2441 3961 2464 3992 α
2497 3942 2699 4012 Ipsum
2756 3939 3030 3994 audietis.
3084 3939 3186 3994 Hic
3237 3942 3346 4000 est,
3388 3939 3490 4011 qui
3521 3938 3633 3994 fuit

1979 4053 2006 4081 ‹‹
2043 4030 2104 4085 in
2134 4029 2586 4102 congregatione
2617 4028 2679 4082 in
2713 4026 2946 4081 deserto
2979 4025 3040 4081 in
3073 4033 3274 4082 monte
3304 4027 3462 4088 Sina.
3497 4041 3634 4083 cum

1980 4143 2008 4172 ‹‹
2040 4120 2251 4194 angelo
2283 4121 2338 4176 ei
2364 4120 2645 4191 loquente
2677 4119 2738 4172 in
2771 4123 2974 4172 monte
3001 4117 3160 4186 Sina,
3195 4123 3254 4172 et
3283 4135 3417 4174 cum
3449 4118 3634 4190 patri-

1979 4235 2006 4262 α
2039 4211 2150 4266 bus
2201 4209 2439 4273 nostris,
2497 4207 2598 4280 qui
2658 4206 2887 4278 accepit
2943 4206 3187 4264 verbum
3245 4209 3444 4264 vivens
3493 4207 3634 4264 dare

1981 4322 2004 4354 α
2039 4300 2232 4367 nobis,
2287 4299 2382 4354 cui
2437 4298 2762 4353 noluerunt
2836 4297 3184 4353 obedientes
3241 4315 3370 4354 esse
3433 4303 3632 4369 patres

1980 4413 2008 4440 ‹‹
2036 4389 2263 4445 nostri:
2297 4387 2402 4443 sed
2432 4386 2784 4459 repulerunt
2842 4391 2900 4441 et
2956 4388 3224 4442 conversi
3271 4392 3411 4442 sunt
3451 4384 3629 4442 corde

1982 4501 2010 4530 «
2041 4495 2146 4534 suo
2175 4478 2236 4533 in
2266 4478 2597 4550 Egyptum,
2629 4475 2896 4532 dicentes
2927 4475 3000 4532 ad
3035 4478 3228 4531 Aaron
3255 4492 3267 4530 :
3308 4476 3421 4530 Fac
3449 4473 3624 4529 nobis

241 4561 448 4629 ιθεοὺς,
505 4562 559 4619 οἳ
630 4564 1093 4639 προπορεύσονται
1148 4565 1333 4637 ἡμῶν.
1389 4564 1452 4622 Ὁ
1509 4565 1614 4640 γὰρ
1657 4571 1862 4634 Μωσῆς

1986 4592 1999 4618 ‹
2034 4568 2196 4634 deos,
2231 4567 2331 4638 qui
2365 4565 2707 4639 praacedant
2753 4582 2902 4622 nos:
2955 4567 3143 4620 Moses
3174 4563 3334 4619 enim
3368 4563 3484 4623 hic.
3519 4561 3624 4633 qui

237 4650 454 4716 «οὗτος,
507 4654 570 4716 ’ὸς
633 4651 888 4730 ἐξήγαγεν
945 4656 1094 4727 ἡμᾶς
1142 4652 1201 4708 ἐκ
1255 4659 1356 4728 γῆς
1403 4653 1703 4730 Αἰγύπτου,
1762 4654 1862 4710 οὐκ

235 4738 494 4814 ιοῗδαμεν
540 4742 600 4800 τί
637 4741 853 4818 γέγονεν
912 4743 1078 4815 αὐτῷ.
1139 4741 1240 4801 Καὶ
1300 4743 1747 4819 ἐμοσχοποίησαν
1806 4744 1856 4800 ἐν

239 4835 391 4892 «ταῖς
448 4832 687 4907 ἡμέραις
746 4830 992 4896 ἓκείναις,
1051 4831 1141 4886 καὶ
1205 4832 1476 4906 ἀνήγαγον
1547 4834 1729 4888 θυσίαν
1784 4838 1863 4906 τῷ

240 4937 263 4963 ιι
292 4915 516 4995 εἰδώλῳ,
549 4923 644 4976 καὶ
677 4921 1022 4999 εὐφραίνοντο
1071 4920 1124 4975 ἐν
1174 4925 1289 4983 τοῖς
1319 4920 1497 4996 ἔργοις
1526 4927 1634 4977 τῶν
1663 4928 1864 4999 χειρῶν

245 5029 261 5052 ι
288 5007 470 5064 αὐτῶν.
501 5012 768 5086 Ἐστρεψε
825 5009 882 5065 δὲ
937 5011 964 5064 ὁ
1026 5010 1175 5078 Θεὸς,
1208 5010 1296 5064 καὶ
1327 5009 1634 5085 παρέδωκεν
1667 5012 1864 5077 αὐτούς

245 5094 548 5172 ιλατρεῦειν
605 5104 674 5172 τῇ
735 5104 958 5174 στρατιᾷ
1002 5104 1099 5154 τοῦ
1158 5098 1404 5175 οὐρανοῦ,
1455 5101 1633 5164 καθὼς
1665 5103 1862 5178 γέγρα-

245 5205 403 5239 ιπται
461 5189 512 5243 ἐν
577 5185 758 5260 Βίϐλῳ
812 5193 920 5243 τῶν
985 5193 1308 5266 προφητῶν·
1372 5190 1458 5256 Μὴ
1519 5190 1718 5267 σφάγια
1773 5190 1862 5246 καὶ

242 5295 264 5321 σι
293 5278 462 5341 θυσίας
516 5280 922 5355 προσηνέγκατὲ
979 5300 1072 5351 μοι
1129 5275 1222 5350 ἔτη
1281 5279 1677 5355 τεσσαράκοντα
1713 5279 1764 5337 ἐν
1793 5283 1860 5356 τῇ

245 5385 266 5410 α
294 5362 494 5440 ἐρήμῳ,
527 5369 681 5431 οῗκος
714 5369 972 5444 ἰσραήλ;
1009 5392 1037 5421 ››

303 5455 490 5511 Σκόπει
542 5457 628 5512 ὅτι
683 5464 898 5533 πρῶτον
953 5459 1148 5521 αὐτοὺς
1190 5457 1393 5535 εἷ’σάγει
1434 5457 1620 5522 θυσίας
1647 5458 1863 5536 ἀνενεγ-

245 5541 432 5609 κιόντας,
464 5549 554 5602 καὶ
587 5549 710 5603 τότε
735 5553 851 5610 τοῖς
884 5545 1160 5612 εἰδώλοις.
1198 5548 1346 5604 Ἐπεί
1376 5549 1482 5624 πρὸ
1527 5547 1722 5604 τούτου
1775 5548 1866 5604 οὖα

250 5625 401 5707 ἰαμοῦ
424 5637 614 5700 θυσίας
670 5634 865 5713 ὄνομα,
922 5636 1067 5697 ἀλλὰ
1118 5638 1511 5716 προστάγματα
1550 5643 1743 5713 ζῶντα,
1775 5638 1864 5696 καὶ

1976 4682 1995 4707 ι
2029 4657 2230 4714 eduxit
2261 4673 2370 4712 nos
2402 4655 2474 4710 de
2520 4662 2678 4710 terra
2721 4653 2968 4725 Egypti,
3002 4653 3303 4708 nescimus
3336 4651 3482 4725 quid
3520 4667 3620 4707 ac-

1977 4770 1998 4796 ι
2034 4745 2245 4803 ciderit
2273 4746 2344 4800 ei.
2380 4747 2449 4800 Et
2473 4743 2746 4799 fecerunt
2771 4742 3016 4797 vitulum
3054 4741 3116 4796 in
3147 4740 3356 4796 diebus
3387 4741 3529 4806 illis,
3563 4744 3624 4797 et

1979 4857 2006 4890 α
2036 4835 2381 4892 obtulerunt
2408 4834 2663 4888 hostiam
2712 4830 2892 4892 idolo,
2944 4847 3012 4885 ac
3054 4829 3415 4886 laetabantur
3443 4847 3623 4902 super

1973 4947 2003 4977 «
2035 4925 2314 4998 operibus
2340 4937 2625 4978 manuum
2684 4935 2946 4975 suarum.
2999 4920 3298 4975 Convertit
3327 4937 3389 4976 se
3420 4927 3620 4977 autem

1977 5036 2001 5067 α
2036 5017 2189 5070 Deus
2222 5019 2275 5068 ct
2308 5011 2550 5066 tradidit
2580 5027 2702 5078 eos,
2753 5015 2819 5063 ut
2867 5009 3132 5066 colerent
3165 5009 3436 5066 militiam
3467 5009 3620 5077 coeli,

1977 5127 2004 5156 ι(
2037 5104 2188 5160 sicut
2217 5103 2498 5172 scriptum
2534 5105 2623 5155 est
2651 5099 2713 5152 in
2752 5098 2903 5154 libro
2958 5100 3385 5172 Prophetarum
3417 5116 3430 5154 :
3461 5101 3624 5156 Nun-

1976 5218 2005 5246 «
2037 5193 2180 5266 quid
2209 5193 2478 5248 victimas
2509 5196 2569 5244 et
2605 5189 2829 5245 hostias
2859 5189 3159 5245 obtulistis
3191 5190 3335 5245 mihi
3368 5190 3622 5262 quadra-

1978 5306 2005 5335 ι(
2037 5284 2197 5357 ginta
2227 5281 2400 5337 annis
2439 5280 2503 5335 in
2528 5279 2783 5346 deserto,
2818 5277 3028 5335 domus
3059 5279 3242 5334 Israel
3262 5279 3291 5333 ‘I
3320 5301 3348 5329 η

2045 5463 2368 5520 Considera
2397 5459 2556 5534 quod
2599 5460 2856 5533 primum
2915 5457 3146 5515 inducit
3175 5475 3275 5515 eos
3306 5459 3628 5516 offerentes

1976 5555 2220 5618 hostias,
2255 5556 2313 5607 et
2343 5557 2483 5606 tunc
2513 5549 2672 5624 quod
2716 5565 2814 5605 eas
2872 5549 3049 5605 idolis
3077 5548 3446 5604 obtulerunt.
3479 5549 3623 5603 Nam

1973 5650 2150 5703 antea
2175 5657 2474 5718 nusquam
2503 5639 2802 5699 invenitur
2839 5638 3026 5703 θυσίας
3058 5653 3302 5708 nomen,
3333 5638 3439 5696 sed
3469 5651 3618 5711 prm-
