4136 6200
426 337 537 396 14⁸1

1544 329 1976 392 CECUMENII
2020 328 2332 390 TRICCE
2376 323 2732 387 EPlSCOPl

3730 325 3847 386 148

424 480 596 548 cepta
647 475 818 530 erant
872 470 943 527 de
993 468 1136 524 vivis
1167 473 1226 526 et
1264 468 1656 526 rationalibus
1687 468 2073 524 animalibus.

2204 463 2352 539 λόγια
2383 468 2574 534 ζῶντα.
2611 462 2856 537 Παράγει
2907 459 2967 517 δὶ
3000 461 3099 531 τήν
3154 460 3452 536 μαρτυρίαν
3499 457 3608 548 oux
3636 456 3846 548 ἁτλῶς,

424 563 848 620 Testimonium
881 564 1076 615 autem
1138 559 1367 614 inducit
1418 575 1537 614 non
1593 565 1937 630 utcumque.
1967 555 2072 611 sed

427 653 583 726 quod
614 649 888 707 ostendat
918 649 1143 704 nullam
1203 666 1332 704 esse
1391 649 1717 703 hostiarum
1751 647 2076 702 necessita-

427 748 568 808 tem,
605 741 663 796 in
722 756 790 796 eo
849 739 1007 810 quod
1062 739 1181 794 ait:
1243 738 1519 810 Nunquid
1577 737 1843 793 victimas
1889 743 1948 792 et
1978 736 2079 790 bo-

426 831 588 892 stias.
624 836 760 895 etc.,
794 846 862 884 ac
893 830 938 883 si
972 829 1168 884 dicat:
1223 829 1421 884 uicere
1470 845 1589 884 non
1640 827 1885 899 potestis
1917 825 2076 898 quod

427 936 560 975 eum
591 920 705 974 Deo
739 918 1175 980 sacriﬁcaretis,
1220 917 1394 972 etiam
1430 917 1550 972 illis
1581 916 1939 982 oll‘erebatis,
1973 913 2076 970 sed

424 1008 545 1065 illis
577 1009 836 1080 primum
867 1006 1242 1063 immolastis.
1306 1008 1375 1061 Et
1429 1006 1556 1062 haec
1607 1006 1848 1078 quidem
1879 1005 1939 1060 in
1974 1003 2078 1059 de-

425 1104 582 1156 serto
615 1099 714 1153 ubi
748 1097 1094 1170 longissima
1123 1096 1234 1152 fuit
1264 1113 1430 1153 mora
1459 1102 1666 1152 vestra.
1706 1096 1849 1151 Vide
1880 1101 2078 1151 autem

423 1188 714 1256 integram
746 1188 1114 1252 concionem,
1140 1203 1323 1256 quam
1347 1185 1577 1241 fortiter
1607 1191 1663 1241 et
1694 1185 1916 1258 absque
1941 1185 2077 1241 odio

425 1277 486 1332 in
545 1282 667 1332 tota
719 1276 960 1332 illorum
1013 1277 1392 1331 accusatione
1442 1281 1796 1347 perseveret,
1848 1281 2078 1330 tantum

424 1383 545 1422 non
577 1365 815 1422 dicens:
848 1367 918 1421 Et
940 1365 985 1420 si
1011 1364 1295 1435 templum
1326 1364 1576 1419 dixerim
1607 1362 2076 1431 dissolvendum,

425 1461 484 1511 et
517 1457 606 1510 71
654 1455 928 1510 instituta
954 1453 1300 1524 hostiasque
1333 1453 1727 1516 immutanda,
1760 1452 1912 1508 nihil
1945 1452 2079 1508 novi

427 1542 566 1598 dixi.
603 1543 790 1597 Moses
822 1540 1141 1612 siquidem,
1178 1541 1239 1595 in
1299 1557 1414 1611 quo
1460 1541 1786 1612 plurimum
1841 1541 2080 1614 gloriari

424 1629 733 1693 videmini,
767 1627 940 1683 annis
963 1628 1355 1700 quadraginta
1377 1645 1572 1699 neque
1597 1629 1821 1684 hostias
1843 1629 2077 1696 obtulit,

427 1733 623 1790 neque
657 1717 946 1788 templum
1005 1717 1211 1780 erexit,
1255 1717 1359 1772 sed
1409 1734 1602 1789 neque
1652 1717 1851 1785 David,
1885 1733 2078 1788 neque

2187 551 2334 610 ἀλλᾶ
2362 554 2538 608 καὶτὸ
2573 555 2648 624 μὴ
2683 553 2822 608 εἶναι
2884 551 3072 627 χρείαν
3129 557 3240 606 τῶν
3288 555 3488 614 θυσιῶν
3523 547 3754 616 δεικνὺς,
3788 547 3842 603 ἐν

2183 648 2263 716 τῷ
2293 643 2494 718 λέγειν.
2532 643 2620 711 Μὴ
2653 643 2871 717 σφάγια,
2905 641 2992 696 καὶ
3047 639 3189 711 ἑξῆς,
3244 640 3355 695 ἀντὶ
3385 644 3504 708 τοῦ,
3537 639 3656 696 Οὐκ
3684 637 3845 715 ἔχετε

2187 732 2354 787 εἰπεῖν
2388 732 2473 787 ὅτι
2526 732 2632 786 ἀπὸ
2689 735 2786 787 τοῦ
2849 729 2992 794 θύειν
3045 735 3124 804 τῷ
3183 734 3299 802 Θεῷ
3326 730 3602 791 κάκείνοις
3635 728 3834 799 ἐθύετε,

2185 821 2314 877 ἀλλ’
2369 821 2592 882 ἐκείνοις
2651 820 2912 896 πρότερον
2973 819 3211 887 ἐθύσατε,
3266 820 3357 874 καὶ
3413 823 3602 885 ταῦτα,
3654 816 3705 873 έν
3764 822 3835 892 τῇ

2186 909 2380 983 ἐρήμῳ
2439 905 2562 974 ἔνθα
2622 910 2775 982 ὑμῶν
2833 911 3217 984 προειστήκειν
3281 907 3544 982 μάλιστα.
3615 909 3753 981 Ὅρα
3785 906 3840 963 δὲ

2185 1005 2358 1056 πᾶσαν
2389 1002 2488 1070 τήν
2519 997 2895 1075 δημηγορίαν,
2931 1003 3049 1060 πῶς
3106 999 3354 1073 ἰσχυρῶς
3392 997 3481 1052 καὶ
3514 997 3845 1073 ἀνεπαχθῶς

2181 1087 2398 1145 ’ίσταται
2433 1091 2570 1163 πρὸς
2601 1087 2738 1158 ὃλην
2780 1089 2960 1145 αὐτῶν
2992 1090 3093 1159 τὴν
3142 1087 3502 1162 κατηγορίαν,
3539 1087 3844 1162 μονονουχῖ

2186 1181 2246 1236 λε
2415 1178 2446 1235 ὅ
2636 1186 2646 1199 ‘
2723 1179 2750 1199 '
2951 1178 2963 1198 '
3188 1179 3201 1196 ‘
3733 1179 3749 1198 ‘

2229 1203 2382 1255 εγων,
2447 1201 2497 1234 τι
2545 1181 2648 1238 Και
2699 1200 2850 1234 ειπον
2902 1199 2994 1234 τον
3029 1199 3088 1234 τε
3115 1199 3240 1233 ναον
3276 1178 3626 1248 λυθήσεσθαι,
3657 1199 3750 1233 και
3779 1200 3848 1235 τα

2187 1267 2282 1340 ἔθη
2315 1268 2404 1324 καὶ
2444 1269 2540 1331 τὰς
2582 1267 2770 1330 θυσίας
2829 1265 3259 1343 ἀλλαγήσεσθαι,
3315 1265 3468 1322 οὐδὲν
3525 1265 3640 1342 ετμι
3694 1264 3842 1338 ξένον

2188 1358 2444 1434 εἶρηκώς.
2507 1363 2711 1426 Μωσῆς
2770 1357 2895 1432 γὰρ,
2951 1355 3032 1433 ἐφ’
3086 1357 3131 1430 ᾦ
3185 1358 3325 1434 μέγα
3366 1361 3581 1432 φρονεῖν
3614 1354 3847 1428 δοκεῖτε,

2190 1447 2282 1519 ἔτη
2341 1450 2742 1523 τεσσαράκοντα
2828 1444 2952 1504 οὔτε
3029 1448 3216 1509 θυσίας
3281 1449 3667 1521 προσήνεγκεν,
3723 1445 3846 1501 οὔτε

2188 1538 2313 1593 ναὸν
2346 1538 2654 1607 ἀνέστησεν.
2689 1535 2846 1594 Ἀλλ’
2892 1535 3017 1592 οὐδὲ
3064 1534 3248 1605 Δαυῖδ,
3301 1533 3425 1592 οὐδέ
3455 1558 3538 1597 τις
3569 1534 3758 1591 ἄλλων
3791 1533 3844 1590 ὲν

2187 1632 2266 1698 τῷ
2300 1629 2468 1701 μέσῳ,
2494 1626 2674 1684 καίτοι
2725 1623 3391 1701 κατακληροδοτουμένης
3423 1626 3551 1698 ὑμῖν
3583 1628 3682 1689 τῆς
3711 1632 3840 1700 γῆς.

2190 1716 2368 1775 Ἀλλὰ
2394 1717 2483 1772 καὶ
2517 1717 2570 1772 οἱ
2603 1723 2880 1794 προφῆται
2940 1716 3014 1777 ὡς
3075 1717 3152 1789 μή
3194 1711 3321 1771 ὅντα
3373 1715 3636 1793 ἀναγκαῖα
3673 1717 3842 1771 ταῦτα

431 1807 728 1880 quispiam
760 1806 1014 1862 aliorum
1039 1806 1101 1862 in
1130 1807 1328 1862 medio
1358 1808 1708 1879 positorum,
1737 1806 1916 1878 idque
1949 1823 2084 1861 cum

2204 1806 2335 1862 δῦτω
2387 1807 2508 1882 περὶ
2568 1806 2744 1861 αὐτῶν
2785 1806 3198 1886 ἀποφαίνονται.
3241 1807 3448 1874 Μωσῆν
3501 1802 3558 1860 δὲ
3602 1808 3693 1858 νῦν
3724 1808 3844 1865 πῶς

425 1897 550 1968 jam
585 1901 740 1952 sorte
772 1896 910 1951 data
957 1912 1024 1952 ac
1078 1896 1264 1952 divisa
1293 1896 1456 1950 vobis
1488 1901 1645 1952 esset
1673 1900 1850 1950 terra.
1884 1894 1995 1950 Sed
2027 1900 2087 1950 et

432 1986 738 2058 propheta;
761 1991 1047 2057 tanquam
1071 1985 1141 2041 de
1166 1985 1344 2040 rebus
1366 2002 1484 2040 non
1511 1984 1886 2052 necessariis,
1915 1983 1996 2039 ita
2017 1983 2088 2039 de

433 2075 529 2130 his
553 2076 965 2145 pronuntiant.
991 2076 1113 2140 Quo
1145 2081 1341 2130 autem
1372 2080 1543 2148 pacto
1571 2076 1768 2130 Mosen
1802 2091 1960 2129 nunc
1992 2091 2090 2129 vos

431 2163 639 2220 ulcisci
674 2163 915 2237 fingitis,
950 2181 1128 2236 quem
1178 2165 1529 2238 repulerunt
1573 2170 1631 2219 et
1683 2170 1880 2236 patres
1911 2163 2090 2219 vestri

2200 1896 2606 1972 σχηματίζεσθε
2637 1893 2942 1967 διεκδικεῖν,
2990 1895 3048 1950 δν
3100 1896 3387 1950 ἀπώσαντο
3416 1895 3507 1949 καὶ
3540 1895 3593 1950 οἱ
3621 1893 3849 1967 πατέρες

2201 1986 2353 2058 ὑμῶν
2401 1985 2491 2040 καὶ
2548 1985 2742 2057 ὑμεῖς;
2802 1984 2891 2039 καὶ
2949 1983 3142 2049 ἁπλῶς
3199 1982 3288 2040 διὰ
3343 1985 3521 2055 πάσης
3553 1981 3692 2039 ἔστιν
3720 1980 3850 2038 ἰδεῖν

2199 2077 2296 2143 τῆς
2325 2074 2691 2149 δημηγορίας,
2727 2078 2909 2151 σογῶς
2959 2096 3016 2130 τε
3066 2074 3179 2149 ἅμα
3207 2075 3298 2129 καὶ
3328 2072 3582 2135 ἐπιεικῶς
3611 2071 3699 2127 καὶ
3731 2069 3849 2146 δρι-

2205 2163 2351 2238 μέως
2380 2165 2478 2232 τήν
2508 2163 2834 2239 κατηγορίαν
2868 2165 3043 2218 αὐτῶν
3077 2160 3468 2236 διαλυομένην.

433 2260 493 2310 et
523 2268 622 2309 vos
642 2252 670 2308 ‘I
701 2255 889 2325 thue
917 2271 1035 2309 uno
1065 2253 1243 2309 verbo
1275 2253 1491 2322 dicam,
1526 2259 1646 2310 tota
1677 2253 1962 2310 concione
2004 2253 2202 2311 videre
2247 2261 2336 2310 est
2383 2270 2561 2327 quam
2607 2255 2906 2327 sapienter
2953 2255 3132 2311 simul
3182 2262 3240 2312 et
3290 2254 3558 2312 modeste
3589 2259 3649 2310 et
3675 2256 3847 2309 acute

433 2342 678 2400 illorum
707 2344 1005 2398 accusatio
1035 2343 1412 2400 dissolvatur.

499 2433 622 2498 VII,
656 2433 744 2488 43.
778 2455 803 2481 ‹‹
839 2433 909 2487 Et
937 2433 1282 2504 suscepistis
1330 2431 1781 2488 tabernaculum
1829 2431 2077 2497 Moloch,

427 2545 456 2572 «
490 2527 549 2578 et
578 2521 741 2578 sidus
775 2521 875 2578 Dei
906 2523 1084 2578 vestri
1107 2523 1474 2596 Rephpham,
1508 2523 1726 2595 ﬁguras
1757 2538 1906 2594 quas
1933 2521 2079 2577 ieci-

443 2631 466 2658 α
500 2612 630 2679 stis,
655 2615 719 2666 ut
749 2611 1076 2666 adoraretis
1108 2627 1227 2668 eas.
1284 2613 1354 2666 Et
1401 2611 1755 2666 transferam
1786 2627 1886 2666 vos
1919 2615 2083 2666 trans

433 2721 461 2751 ‹‹
493 2701 877 2772 Babylonem.
911 2721 938 2750 ιι

502 2790 750 2855 Moloch,
785 2790 903 2845 sive
946 2790 1240 2846 Molchom
1297 2791 1534 2847 dicitur.
1569 2791 1706 2847 Erat
1734 2796 1934 2846 autem
1969 2791 2081 2846 hoc

433 2879 820 2936 simulacrum
843 2879 1251 2947 Moabitarum,
1277 2880 1505 2936 habens
1529 2880 1788 2952 lapidem
1818 2885 2086 2951 transpa-

430 2975 662 3025 rentem
694 2986 761 3025 ac
794 2970 1121 3040 pretiosum
1161 2971 1222 3026 in
1271 2969 1510 3026 modum
1561 2970 1790 3026 luciferi
1825 2975 2090 3026 extrema

431 3058 647 3115 frontis
677 3066 863 3131 parte.
899 3060 1246 3133 Rephpham
1277 3076 1411 3116 vero
1445 3060 1673 3132 species
1705 3065 1794 3115 est
1824 3059 2089 3115 tenebra-

436 3165 592 3206 rum.
654 3150 798 3205 Nam
858 3167 993 3205 cum
1046 3150 1417 3206 ascendisset
1469 3152 1655 3206 Moses
1702 3150 1764 3205 in
1800 3155 2088 3217 montem,

437 3236 846 3292 conﬂaverunt
873 3238 1122 3292 vitulum
1183 3246 1241 3293 et
1299 3239 1588 3310 provoluti
1619 3246 1758 3295 sunt
1787 3239 1859 3294 ad
1892 3239 2088 3295 cultus

437 3331 756 3386 astrorum.
790 3326 1064 3396 factoque
1115 3327 1496 3382 tabernaculo
1537 3335 1873 3383 statuerunt
1902 3330 2090 3384 simu-

435 3411 684 3474 lacrum.
715 3414 873 3484 quod
905 3414 1284 3484 appellarunt
1329 3416 1576 3471 Moloch.
1614 3419 1713 3471 Est
1741 3426 1937 3472 autem
1971 3419 2090 3473 Mo-

436 3501 592 3569 loch,
628 3503 677 3556 si
728 3503 862 3573 quis
897 3503 1340 3574 interpretetur,
1395 3521 1496 3560 rex
1547 3522 1775 3572 eorum,
1807 3507 2094 3578 Rephpha

438 3607 575 3647 vero
612 3591 890 3656 tenebrae,
953 3597 1056 3646 aut
1111 3593 1446 3648 excaecatio.
1509 3593 1864 3666 Susccpistis
1893 3596 2094 3664 itaque

443 3681 893 3738 tabernaculum
926 3681 1174 3744 Moloch,
1209 3682 1320 3736 hoc
1381 3687 1472 3737 est
1527 3683 1680 3755 regis
1709 3684 1924 3749 vestri;
1960 3683 2093 3753 quis

438 3777 639 3830 autem
674 3771 775 3827 ille
804 3771 936 3828 est?
957 3773 1195 3826 Astrum
1230 3771 1331 3826 Dei
1359 3773 1534 3827 vestri
1559 3772 2096 3844 Rephphamquod

439 3862 624 3917 etiam
675 3861 788 3916 fuit
833 3860 997 3916 vobis
1046 3859 1119 3916 ad
1171 3861 1648 3916 excmcationem.
1701 3861 2097 3918 Obtenebrata

441 3957 583 4006 sunt
611 3951 772 4006 enim
801 3949 982 4006 corda
1016 3955 1226 4005 vestra.
1262 3950 1548 4015 Quoniam
1583 3957 1781 4006 autem
1815 3951 2096 4007 Moabita-

439 4057 571 4096 rum
631 4041 926 4095 insaniam
985 4039 1341 4111 explevistis.
1406 4057 1538 4112 qua:
1597 4041 1865 4096 Damasci
1909 4041 2098 4097 vicina

440 4129 602 4202 regio
647 4134 754 4193 est,
802 4135 1115 4200 propterea
1166 4128 1612 4200 proﬁciscimini
1662 4136 1824 4185 trans
1884 4131 2096 4185 Dama-

441 4235 630 4278 scum.
663 4218 775 4274 hoc
832 4225 940 4284 est,
999 4217 1058 4273 in
1117 4218 1499 4290 Babylonem.
1535 4221 1603 4274 Et
1640 4219 1781 4276 licet
1812 4221 2099 4292 propheta

440 4308 678 4365 dixerit.
739 4330 768 4358 «
823 4309 1009 4364 Trans
1064 4307 1416 4365 Damascum
1468 4329 1495 4357 ››
1556 4308 1719 4381 (nam
1787 4308 1869 4364 ita
1922 4309 2100 4365 habet

443 4395 754 4452 translatio
800 4396 1222 4468 Septuaginta).
1270 4395 1478 4452 beatus
1528 4401 1726 4452 tamen
1767 4397 2099 4468 Stephanus

443 4489 546 4554 ait,
581 4489 816 4544 «Trans
849 4486 1230 4559 Babylonem,
1269 4509 1294 4534 »
1347 4503 1603 4558 sequens
1634 4487 1955 4542 editionem
1989 4488 2098 4543 He-

447 4575 764 4645 braeorum,
789 4576 879 4631 vel
902 4575 1058 4647 quod
1084 4576 1375 4632 terminus
1397 4576 1900 4632 Damascenorum
1927 4577 2098 4648 Syro-

451 4681 703 4736 rumque
736 4667 993 4740 regionis
1025 4666 1104 4721 sit
1132 4665 1418 4738 Babylon.

524 4755 635 4815 Vll.
669 4757 848 4812 44-46.
899 4777 925 4808 ιι
954 4755 1424 4812 Tabernaculum
1471 4755 1798 4811 testimonii
1850 4753 1957 4810 fuit
1993 4772 2096 4827 pa-

448 4863 475 4890 ‹‹
513 4842 702 4897 tribus
727 4845 947 4900 nostris
976 4847 1036 4902 in
1064 4846 1319 4910 deserto,
1354 4845 1508 4901 sicut
1554 4844 1928 4900 ordinaverat
1974 4845 2094 4900 illis

445 4931 758 5004 «loquens
789 4933 863 4988 ad
917 4937 1136 5000 Mosen.
1188 4941 1251 4991 ut
1308 4936 1528 4992 faceret
1586 4935 1734 4990 illud
1765 4935 2095 4991 secundum

447 5041 476 5070 ‹‹
507 5021 756 5078 formam
787 5039 966 5094 quam
1013 5025 1257 5080 viderat.
1311 5025 1476 5092 Quod
1525 5026 1704 5082 etiam
1734 5023 2098 5081 induxerunt

446 5133 476 5162 «
509 5117 708 5184 patres
740 5111 952 5177 nostri,
1012 5113 1112 5183 qui
1175 5120 1592 5170 successerunt
1647 5129 1782 5170 cum
1837 5115 1976 5170 Jesu
2035 5115 2097 5172 in

448 5223 475 5249 «
513 5201 954 5273 possessionem
1007 5201 1296 5274 gentium,
1357 5220 1504 5274 quas
1559 5203 1788 5276 expulit
1854 5204 2007 5259 Deus
2063 5220 2099 5260 a

443 5313 470 5340 «
507 5290 656 5347 facie
683 5296 916 5363 patrum
953 5295 1316 5358 nostrorum,
1347 5308 1535 5364 usque
1583 5294 1656 5350 ad
1702 5294 1800 5351 72
1830 5293 1958 5350 dies
1985 5295 2096 5350 Da-

439 5400 467 5426 «
499 5379 614 5442 vid,
645 5380 745 5451 qui
780 5384 989 5436 nactus
1020 5384 1112 5434 est
1140 5379 1390 5448 gratiam
1435 5397 1632 5438 coram
1665 5384 1803 5451 Deo,
1842 5389 1901 5440 et
1929 5383 2099 5456 petiit

440 5490 468 5518 «
501 5475 567 5523 ut
592 5469 888 5525 inveniret
913 5468 1361 5525 tabernaculum
1392 5471 1510 5527 Deo
1538 5472 1735 5528 Jacob.
1771 5494 1799 5524 »

514 5560 985 5618 Tabernaculum
1044 5562 1392 5631 testimonii,
1453 5565 1564 5620 hoc
1642 5570 1732 5621 est
1787 5564 2097 5636 jussorum

450 5649 570 5720 Dei,
632 5651 791 5725 quod
848 5652 1297 5710 tabernaculum
1356 5655 1499 5712 Mosi
1547 5655 1610 5712 in
1659 5660 1861 5712 monto
1895 5655 2035 5712 Sina
2064 5671 2100 5711 ε

2127 4656 2176 4720 D

2270 2453 2297 2486 α
2327 2429 2432 2488 Καὶ
2472 2425 2761 2488 ἀνελάϐετε
2814 2433 2916 2500 τήν
2977 2432 3176 2503 σκηνὴν
3227 2435 3324 2486 τοῦ
3373 2428 3595 2506 Μολὸχ.
3647 2429 3737 2486 καὶ
3785 2428 3850 2487 τὸ

2198 2544 2219 2572 ι
2256 2519 2449 2595 ἄστρον
2479 2525 2576 2576 τοῦ
2634 2524 2766 2578 Θεοῦ
2821 2521 2973 2592 ὑμῶν
3030 2519 3283 2598 Ῥεφφᾶν,
3341 2520 3469 2581 τοὺς
3515 2520 3718 2582 τόπους
3749 2520 3846 2583 οὕς

2195 2633 2223 2660 «ι
2255 2607 2568 2678 ἐποιήσατε.
2600 2614 2919 2684 προσκυνεῖν
2971 2608 3181 2672 αὐτοῖς.
3251 2609 3354 2664 Καὶ
3407 2613 3670 2682 μετοικιῶ
3707 2609 3851 2682 ὑμᾶς

2195 2723 2223 2750 ι(
2257 2697 2497 2754 ἐπέκεινα
2532 2693 2879 2761 Βαϐυλῶνος.
2914 2722 2942 2752 »

2266 2789 2491 2868 ΜοΛὸχ,
2524 2787 2648 2858 ἢτοι
2676 2787 2946 2864 Μολχὸμ.
2973 2785 3225 2845 Εῗδωλον
3250 2785 3307 2844 δὶ
3326 2791 3495 2843 τοῦτο
3519 2782 3852 2858 Μωαϐιτῶν,

2197 2877 2351 2933 λίθον
2384 2873 2513 2953 ἔχον
2566 2875 2795 2957 διαφανῆ
2855 2877 2946 2933 καὶ
3006 2877 3273 2950 ἐξαίρετον
3328 2878 3405 2939 είς
3450 2877 3731 2958 ἑωσφόρου
3761 2877 3860 2932 τύ·-

2195 2988 2297 3023 πον
2365 2965 2452 3024 ἐπὶ
2513 2968 2769 3040 μετώπου
2828 2965 3019 3043 ἄκρου.
3091 2967 3326 3047 Ῥεφιρᾶιν
3386 2965 3444 3022 δέ
3509 2965 3651 3024 ἐστιν
3707 2963 3854 3030 εἶδος

2198 3060 2532 3130 σκοτασμοῦ.
2579 3054 2931 3118 Ἀνελθόντος
2983 3057 3088 3132 γαρ
3147 3055 3221 3118 εἴς
3281 3055 3342 3111 τὸ
3399 3052 3527 3130 ὅρος
3589 3059 3853 3127 Μωσέως,

2204 3146 2728 3221 μεμοσχοποιτίκασί
2783 3165 2841 3200 τε
2905 3146 2996 3201 καὶ
3054 3151 3172 3208 ταῖς
3248 3151 3356 3202 τῶν
3413 3144 3626 3221 ἄστρων
3684 3166 3858 3221 προσ-

2202 3235 2562 3305 εκυλίσθησαν
2623 3233 2898 3310 λατρείαις
2979 3235 3066 3290 καὶ
3128 3237 3668 3308 σκηνοποιησάμενοι
3699 3234 3861 3306 ἔστη-

2205 3347 2297 3380 σαν
2330 3322 2588 3394 εἶ’δωλον,
2620 3325 2648 3380 ’ὁ
2681 3323 2978 3394 κεκλήκασι
3017 3322 3236 3404 Μολόχ.
3287 3324 3676 3400 Ἐρμηνεύεται
3707 3321 3762 3380 δὲ
3790 3325 3856 3382 τὸ

2205 3417 2297 3489 μὲν
2350 3414 2572 3493 Μολόχ,
2626 3412 2880 3491 βασιλεὺς
2935 3415 3138 3480 αὐτῶν,
3187 3417 3392 3496 Ῥειρφα
3438 3413 3495 3472 δὲ
3524 3418 3855 3492 σκοτασμὸς,

2201 3501 2236 3570 ἢ
2267 3500 2567 3579 τύφλωσις.
2628 3501 2780 3560 Ἀνελ
2798 3498 2944 3558 ὶϐετε
2999 3503 3178 3559 τοῖνυν
3237 3506 3338 3573 τήν
3373 3505 3576 3572 σκηνήν
3609 3509 3706 3561 τοῦ
3739 3511 3852 3561 Μο-

2205 3591 2336 3670 Λὸχ,
2367 3593 2609 3645 τουτέστι
2659 3596 2756 3648 τοῦ
2799 3591 3070 3666 βασιλέως
3121 3593 3295 3667 ὑμῶν.
3327 3592 3420 3654 Τίς
3462 3589 3520 3650 δὶ
3549 3594 3748 3664 οὗτοςῖ
3784 3595 3858 3652 Τὸ

2205 3677 2397 3754 ἄστρον
2431 3684 2527 3735 τοῦ
2559 3685 2698 3736 Θεοῦ
2749 3683 2901 3753 ὑμῶν
2961 3682 3188 3762 Ῥεφφα,
3243 3683 3274 3737 ὃ
3339 3683 3427 3737 καὶ
3481 3681 3695 3760 γέγονεν
3727 3684 3852 3757 ὑμῖν

2206 3767 2281 3829 είς
2313 3765 2614 3843 τύφλωσιν.
2677 3769 3095 3841 Ἐσκοτίσθησαν
3155 3771 3258 3848 γαρ
3313 3772 3368 3825 αἱ
3427 3768 3642 3846 καρδίαι
3678 3771 3857 3846 ὑμῶν.

2204 3853 2428 3924 Ἐπειδὴ
2464 3854 2519 3913 δὲ
2567 3857 2666 3925 τήν
2711 3862 2819 3912 τῶν
2855 3853 3166 3915 Μωαϐιτῶν
3204 3859 3400 3934 μανίαν
3433 3857 3858 3935 πεπληρώκατε,

2205 3944 2328 4015 ἥτις
2383 3944 2494 4004 ἐστὶ
2551 3946 2745 4020 γείτων
2821 3953 3131 4020 Δαμασκοῦ,
3191 3945 3280 4004 διὰ
3346 3954 3510 4006 τοῦτο
3567 3950 3858 4025 πορεύεσθε

2208 4040 2497 4110 Δαμασκοῦ
2547 4035 2810 4103 ἐπέκεινα,
2867 4040 3164 4108 τουτέστιν,
3227 4038 3303 4101 εἲς
3361 4033 3676 4096 Βαϐυλῶνα.
3710 4038 3778 4096 Εἴ
3803 4035 3863 4097 δὶ

2206 4125 2294 4180 καὶ
2327 4126 2352 4179 ὁ
2383 4127 2635 4200 προὴτης
2690 4152 2716 4178 ‹‹
2753 4125 2994 4182 ἐπέκεινα
3051 4132 3339 4202 Δαμασκοῦ
3373 4153 3402 4180 »
3447 4128 3652 4205 εἰρήκει
3695 4127 3860 4202 (οὕτω

2207 4215 2310 4291 γαρ
2342 4215 2376 4282 ἡ
2418 4218 2524 4268 τῶν
2557 4209 2969 4288 Ἑϐδομήκοντα
3011 4213 3224 4278 ἔκδοσις
3259 4216 3422 4298 ἔχει),
3457 4217 3587 4274 ἀλλ’
3617 4219 3644 4272 ὁ
3678 4219 3858 4290 μακα-

2209 4324 2327 4380 ριος
2358 4302 2625 4383 Στέφανος
2659 4330 2686 4356 ι(
2719 4303 2962 4361 ἐπέκεινα
2986 4301 3311 4369 Βαϐυλῶνος
3348 4331 3374 4357 »ι
3406 4307 3589 4386 φησὶν,
3621 4306 3862 4364 ἀκολουο

2209 4397 2377 4464 θησας
2433 4400 2502 4469 τῇ
2562 4391 2826 4469 Ἑϐραίων
2883 4394 3111 4456 ἐκδόσει.
3166 4399 3235 4455 Ἦ
3282 4398 3366 4453 ὅτι
3415 4400 3591 4474 τέρμα
3619 4406 3720 4469 τῆς
3749 4407 3861 4454 Δα-

2211 4489 2500 4558 μασκηνῶν
2533 4485 2620 4540 καὶ
2651 4486 2839 4561 Σύρων
2872 4487 3060 4563 χώρας
3090 4489 3124 4556 ἡ
3160 4483 3424 4544 Βαϐυλὼν
3466 4488 3748 4568 τυγχάνει.

2278 4778 2304 4805 (ι
2338 4754 2401 4811 Ἢ
2434 4753 2607 4823 σκηνὴ
2668 4757 2766 4808 τοῦ
2823 4755 3122 4831 μαρτυρίου
3151 4757 3218 4826 ἧν
3250 4761 3368 4818 τοῖς
3406 4757 3668 4832 πατράσιν
3698 4758 3863 4829 ἡμῶν

2208 4867 2234 4894 (ι
2271 4841 2322 4898 ἐν
2355 4847 2424 4917 τῇ
2457 4841 2671 4916 ἐρήμῳ,
2729 4844 2906 4908 καθὼς
2968 4843 3249 4916 διετάξατο
3277 4848 3305 4901 ὁ
3336 4845 3525 4904 λαλῶν
3555 4851 3632 4918 τῷ
3661 4848 3867 4921 Μωσῇο

2209 4959 2236 4984 ‹‹
2271 4940 2502 5003 ποιῆσαι
2559 4933 2729 5003 αὐτὴν
2788 4937 2929 4992 κατᾶ
2985 4937 3078 4991 τὸν
3134 4937 3326 5001 τύπον,
3381 4939 3439 4993 ’ὀν
3500 4937 3726 5012 ἑωράκει
3766 4939 3870 4995 Ἦν

2203 5048 2232 5075 ‹‹
2265 5023 2356 5078 καὶ
2388 5023 2682 5103 εἶ’σηγαγον
2723 5022 3100 5098 διαδεξάμενοι
3157 5028 3210 5082 οἱ
3270 5029 3496 5103 πατέρες
3534 5030 3693 5102 ἡμῶν
3727 5026 3863 5100 μετὰ

2205 5116 2445 5181 «Ἰησοῦ
2503 5115 2554 5171 ὲν
2611 5120 2679 5190 τῇ
2731 5118 3052 5193 κατασχέσει
3084 5123 3192 5173 τῶν
3224 5117 3414 5190 ἐθνῶν,
3473 5120 3548 5174 ῶν
3605 5116 3794 5189 ἔξωσεν
3829 5119 3859 5175 ὁ

2209 5228 2235 5255 ‹‹
2270 5204 2401 5267 Θεὸς
2429 5204 2536 5259 ἀπὸ
2581 5207 2880 5278 προσώπου
2933 5211 3042 5263 τῶν
3101 5206 3350 5283 πατέρων
3405 5210 3584 5281 ἡμῶν,
3617 5205 3722 5271 ἕως
3755 5212 3862 5265 τῶν

2211 5320 2236 5346 ε(
2268 5296 2492 5370 ἡμερῶν
2525 5291 2708 5348 Δαυίδο
2758 5296 2818 5358 ’ὀς
2876 5297 2998 5373 εὗρε
3057 5296 3221 5374 χάριν
3273 5297 3502 5354 ἐνώπιον
3553 5302 3650 5352 τοῦ
3703 5302 3863 5361 Θεοῦ,

2207 5407 2235 5435 ‹‹
2269 5383 2366 5440 Καὶ
2397 5383 2649 5458 ᾐτήσατο
2676 5383 2848 5459 εὑρεῖν
2879 5387 3146 5460 σκήνωμα
3174 5391 3254 5460 τῷ
3291 5390 3410 5459 Θεῷ
3442 5381 3658 5446 Ἰακώϐ.
3694 5411 3723 5440 »

2279 5565 2464 5634 Σκηνή
2495 5567 2592 5619 τοῦ
2655 5564 2976 5641 μαρτυρίου,
3032 5565 3280 5621 τουτέστι
3336 5571 3444 5621 τῶν
3495 5567 3860 5645 προσταγμᾶ-

2206 5673 2313 5708 των
2347 5655 2442 5708 τοῦ
2474 5656 2628 5710 Θεοῦ·
2684 5656 2718 5725 ἡ
2780 5653 2832 5711 ἰν
2893 5659 2971 5730 τῷ
3027 5653 3142 5732 ὄρει
3191 5658 3320 5729 Σινᾷ
3349 5659 3427 5729 τῷ
3455 5656 3652 5715 Mam?
3679 5675 3860 5735 παρο-
