  <div class='ocr_page' id='page_1' title='image "/cluster/home/n/w/nwhite01/storage/ocr_20150623/118/hvd.32044073502247/080.png"; bbox 0 0 4136 6200; ppageno 0'>
   <div class='ocr_carea' id='block_1_1' title="bbox 353 269 472 327">
    <p class='ocr_par' dir='ltr' id='par_1_1' title="bbox 353 269 472 327">
     <span class='ocr_line' id='line_1_1' title="bbox 353 269 472 327; baseline 0.017 -2"><span class='ocrx_word' id='word_1_1' title='bbox 353 269 472 327; x_wconf 78' lang='grc'><strong>149</strong></span> 
     </span>
    </p>
   </div>
   <div class='ocr_carea' id='block_1_2' title="bbox 1321 262 2771 330">
    <p class='ocr_par' dir='ltr' id='par_1_2' title="bbox 1321 262 2771 330">
     <span class='ocr_line' id='line_1_2' title="bbox 1321 262 2771 330; baseline -0.003 -2"><span class='ocrx_word' id='word_1_2' title='bbox 1321 267 1729 330; x_wconf 84' lang='lat' dir='ltr'><strong>COMMENT.</strong></span> <span class='ocrx_word' id='word_1_3' title='bbox 1777 265 1867 324; x_wconf 91' lang='lat' dir='ltr'><strong>IN</strong></span> <span class='ocrx_word' id='word_1_4' title='bbox 1911 263 2116 322; x_wconf 78' lang='lat' dir='ltr'><strong>ACTA</strong></span> <span class='ocrx_word' id='word_1_5' title='bbox 2160 262 2771 327; x_wconf 79' lang='lat' dir='ltr'><strong>APOSTOLORUM.</strong></span> 
     </span>
    </p>
   </div>
   <div class='ocr_carea' id='block_1_3' title="bbox 3667 273 3780 332">
    <p class='ocr_par' dir='ltr' id='par_1_3' title="bbox 3667 273 3780 332">
     <span class='ocr_line' id='line_1_3' title="bbox 3667 273 3780 332; baseline 0.018 -2"><span class='ocrx_word' id='word_1_6' title='bbox 3667 273 3780 332; x_wconf 68' lang='lat'><strong>{50</strong></span> 
     </span>
    </p>
   </div>
   <div class='ocr_carea' id='block_1_4' title="bbox 359 395 1997 476">
    <p class='ocr_par' dir='ltr' id='par_1_4' title="bbox 359 395 1997 476">
     <span class='ocr_line' id='line_1_4' title="bbox 359 395 1997 476; baseline -0.002 -22"><span class='ocrx_word' id='word_1_7' title='bbox 359 397 646 476; x_wconf 80' lang='grc' dir='ltr'><strong>δειχθεῖσα</strong></span> <span class='ocrx_word' id='word_1_8' title='bbox 680 399 785 457; x_wconf 76' lang='grc' dir='ltr'><strong>ὑπὸ</strong></span> <span class='ocrx_word' id='word_1_9' title='bbox 817 404 970 466; x_wconf 75' lang='grc' dir='ltr'>Θεοῦ,</span> <span class='ocrx_word' id='word_1_10' title='bbox 1001 400 1222 476; x_wconf 68' lang='grc' dir='ltr'>ἐλεγετο</span> <span class='ocrx_word' id='word_1_11' title='bbox 1253 398 1343 456; x_wconf 77' lang='grc' dir='ltr'><strong>διὰ</strong></span> <span class='ocrx_word' id='word_1_12' title='bbox 1387 401 1450 457; x_wconf 91' lang='grc' dir='ltr'><strong>τὸ</strong></span> <span class='ocrx_word' id='word_1_13' title='bbox 1512 401 1616 456; x_wconf 80' lang='grc' dir='ltr'><strong>ὑπὸ</strong></span> <span class='ocrx_word' id='word_1_14' title='bbox 1662 401 1796 454; x_wconf 86' lang='grc' dir='ltr'>Θεοῦ</span> <span class='ocrx_word' id='word_1_15' title='bbox 1849 395 1997 452; x_wconf 88' lang='grc' dir='ltr'>διατε</span> 
     </span>
    </p>
   </div>
   <div class='ocr_carea' id='block_1_5' title="bbox 2119 395 3780 476">
    <p class='ocr_par' dir='ltr' id='par_1_5' title="bbox 2133 397 3780 475">
     <span class='ocr_line' id='line_1_5' title="bbox 2133 397 3780 475; baseline 0.009 -25"><span class='ocrx_word' id='word_1_16' title='bbox 2133 397 2252 452; x_wconf 90' lang='lat' dir='ltr'><strong>Deo</strong></span> <span class='ocrx_word' id='word_1_17' title='bbox 2281 397 2752 455; x_wconf 88' lang='lat' dir='ltr'><strong>demonstratum</strong></span> <span class='ocrx_word' id='word_1_18' title='bbox 2787 407 2892 457; x_wconf 89' lang='lat' dir='ltr'><strong>est.</strong></span> <span class='ocrx_word' id='word_1_19' title='bbox 2927 405 3245 475; x_wconf 84' lang='lat' dir='ltr'><strong>Propterea</strong></span> <span class='ocrx_word' id='word_1_20' title='bbox 3299 410 3500 462; x_wconf 91' lang='lat' dir='ltr'><strong>autem</strong></span> <span class='ocrx_word' id='word_1_21' title='bbox 3555 406 3780 467; x_wconf 90' lang='lat' dir='ltr'><strong>dictum</strong></span> 
     </span>
    </p>
   </div>
   <div class='ocr_carea' id='block_1_6' title="bbox 351 483 2013 566">
    <p class='ocr_par' dir='ltr' id='par_1_6' title="bbox 351 483 2013 566">
     <span class='ocr_line' id='line_1_6' title="bbox 351 483 2013 566; baseline -0.004 -21"><span class='ocrx_word' id='word_1_22' title='bbox 351 489 556 565; x_wconf 66' lang='grc' dir='ltr'>ταχθαι</span> <span class='ocrx_word' id='word_1_23' title='bbox 592 489 783 558; x_wconf 69' lang='grc' dir='ltr'>αὐτην,</span> <span class='ocrx_word' id='word_1_24' title='bbox 842 491 932 544; x_wconf 83' lang='grc' dir='ltr'>ἳνα</span> <span class='ocrx_word' id='word_1_25' title='bbox 995 491 1238 566; x_wconf 72' lang='grc' dir='ltr'>μάρτυρα</span> <span class='ocrx_word' id='word_1_26' title='bbox 1281 491 1370 545; x_wconf 89' lang='grc' dir='ltr'><strong>τὸν</strong></span> <span class='ocrx_word' id='word_1_27' title='bbox 1401 491 1531 546; x_wconf 87' lang='grc' dir='ltr'><strong>Θεὸν</strong></span> <span class='ocrx_word' id='word_1_28' title='bbox 1559 487 1784 565; x_wconf 81' lang='grc' dir='ltr'><strong>ἔχωσιν,</strong></span> <span class='ocrx_word' id='word_1_29' title='bbox 1831 487 1915 542; x_wconf 78' lang='grc' dir='ltr'>ὅτι</span> <span class='ocrx_word' id='word_1_30' title='bbox 1963 483 2013 539; x_wconf 71' lang='grc' dir='ltr'>ἐν</span> 
     </span>
    </p>
   </div>
   <div class='ocr_carea' id='block_1_7' title="bbox 347 574 2011 658">
    <p class='ocr_par' dir='ltr' id='par_1_7' title="bbox 347 574 2011 658">
     <span class='ocr_line' id='line_1_7' title="bbox 347 574 2011 658; baseline -0.004 -24"><span class='ocrx_word' id='word_1_31' title='bbox 347 583 431 650; x_wconf 67' lang='grc' dir='ltr'>τῷ</span> <span class='ocrx_word' id='word_1_32' title='bbox 462 575 576 651; x_wconf 81' lang='grc' dir='ltr'>ὄρει</span> <span class='ocrx_word' id='word_1_33' title='bbox 603 581 638 648; x_wconf 81' lang='grc' dir='ltr'>ἡ</span> <span class='ocrx_word' id='word_1_34' title='bbox 674 580 966 658; x_wconf 73' lang='grc' dir='ltr'>ὑπογραφή</span> <span class='ocrx_word' id='word_1_35' title='bbox 1001 581 1203 652; x_wconf 67' lang='grc' dir='ltr'>ταύτης</span> <span class='ocrx_word' id='word_1_36' title='bbox 1258 580 1467 658; x_wconf 80' lang='grc' dir='ltr'>γέγονε,</span> <span class='ocrx_word' id='word_1_37' title='bbox 1500 579 1592 635; x_wconf 84' lang='grc' dir='ltr'><strong>καὶ</strong></span> <span class='ocrx_word' id='word_1_38' title='bbox 1652 577 1812 638; x_wconf 74' lang='grc' dir='ltr'>αὐτὸς</span> <span class='ocrx_word' id='word_1_39' title='bbox 1847 574 2011 645; x_wconf 79' lang='grc' dir='ltr'>αὖτῆν</span> 
     </span>
    </p>
   </div>
   <div class='ocr_carea' id='block_1_8' title="bbox 355 663 979 741">
    <p class='ocr_par' dir='ltr' id='par_1_8' title="bbox 355 663 979 741">
     <span class='ocr_line' id='line_1_8' title="bbox 355 663 979 741; baseline 0.003 -19"><span class='ocrx_word' id='word_1_40' title='bbox 355 663 650 738; x_wconf 71' lang='grc' dir='ltr'>διετέξατο</span> <span class='ocrx_word' id='word_1_41' title='bbox 672 670 749 741; x_wconf 81' lang='grc' dir='ltr'>τῷ</span> <span class='ocrx_word' id='word_1_42' title='bbox 773 674 979 724; x_wconf 72' lang='grc' dir='ltr'>Μωσεῖ.</span> 
     </span>
    </p>
   </div>
   <div class='ocr_carea' id='block_1_9' title="bbox 428 752 2016 835">
    <p class='ocr_par' dir='ltr' id='par_1_9' title="bbox 428 752 2016 835">
     <span class='ocr_line' id='line_1_9' title="bbox 428 752 2016 835; baseline -0.003 -22"><span class='ocrx_word' id='word_1_43' title='bbox 428 781 455 809; x_wconf 75' lang='grc' dir='ltr'><strong>ιι</strong></span> <span class='ocrx_word' id='word_1_44' title='bbox 488 757 754 830; x_wconf 75' lang='grc' dir='ltr'>Σολομὼν</span> <span class='ocrx_word' id='word_1_45' title='bbox 789 755 846 814; x_wconf 76' lang='grc' dir='ltr'>δὲ</span> <span class='ocrx_word' id='word_1_46' title='bbox 879 756 1235 831; x_wconf 68' lang='grc' dir='ltr'><strong>ᾠκοδόμησεν</strong></span> <span class='ocrx_word' id='word_1_47' title='bbox 1287 757 1437 830; x_wconf 72' lang='grc' dir='ltr'><strong>αὖτῷ</strong></span> <span class='ocrx_word' id='word_1_48' title='bbox 1494 758 1672 816; x_wconf 74' lang='grc' dir='ltr'>οἶκον.</span> <span class='ocrx_word' id='word_1_49' title='bbox 1727 752 1883 813; x_wconf 84' lang='grc' dir='ltr'>Ἀλλ’</span> <span class='ocrx_word' id='word_1_50' title='bbox 1908 753 2016 835; x_wconf 76' lang='grc' dir='ltr'><strong>οὐχ</strong></span> 
     </span>
    </p>
   </div>
   <div class='ocr_carea' id='block_1_10' title="bbox 359 846 2013 929">
    <p class='ocr_par' dir='ltr' id='par_1_10' title="bbox 359 846 2013 929">
     <span class='ocr_line' id='line_1_10' title="bbox 359 846 2013 929; baseline -0.001 -30"><span class='ocrx_word' id='word_1_51' title='bbox 359 871 386 898; x_wconf 78' lang='grc' dir='ltr'>οι</span> <span class='ocrx_word' id='word_1_52' title='bbox 417 848 446 901; x_wconf 87' lang='lat'><strong>6</strong></span> <span class='ocrx_word' id='word_1_53' title='bbox 476 849 734 922; x_wconf 77' lang='grc' dir='ltr'>Ὕψιστος</span> <span class='ocrx_word' id='word_1_54' title='bbox 767 846 818 903; x_wconf 83' lang='grc' dir='ltr'>ἐν</span> <span class='ocrx_word' id='word_1_55' title='bbox 853 851 1272 929; x_wconf 71' lang='grc' dir='ltr'><strong>χειροποιήτοις</strong></span> <span class='ocrx_word' id='word_1_56' title='bbox 1300 854 1448 910; x_wconf 80' lang='grc' dir='ltr'>ναοῖς</span> <span class='ocrx_word' id='word_1_57' title='bbox 1506 850 1776 912; x_wconf 81' lang='grc' dir='ltr'><strong>κατοικεῖ,</strong></span> <span class='ocrx_word' id='word_1_58' title='bbox 1831 846 2013 907; x_wconf 75' lang='grc' dir='ltr'>καθὼς</span> 
     </span>
    </p>
   </div>
   <div class='ocr_carea' id='block_1_11' title="bbox 356 930 2010 1012">
    <p class='ocr_par' dir='ltr' id='par_1_11' title="bbox 356 930 2010 1012">
     <span class='ocr_line' id='line_1_11' title="bbox 356 930 2010 1012; baseline 0.007 -26"><span class='ocrx_word' id='word_1_59' title='bbox 356 960 385 986; x_wconf 76' lang='grc' dir='ltr'><strong>α</strong></span> <span class='ocrx_word' id='word_1_60' title='bbox 417 936 446 990; x_wconf 97' lang='lat'><strong>6</strong></span> <span class='ocrx_word' id='word_1_61' title='bbox 477 938 768 1011; x_wconf 72' lang='grc' dir='ltr'>προφήτης</span> <span class='ocrx_word' id='word_1_62' title='bbox 800 936 967 1012; x_wconf 86' lang='grc' dir='ltr'>λεγει·</span> <span class='ocrx_word' id='word_1_63' title='bbox 1000 938 1061 994; x_wconf 85' lang='grc' dir='ltr'><strong>Ὀ</strong></span> <span class='ocrx_word' id='word_1_64' title='bbox 1103 937 1328 1012; x_wconf 76' lang='grc' dir='ltr'>οὐρανός</span> <span class='ocrx_word' id='word_1_65' title='bbox 1386 958 1481 1009; x_wconf 86' lang='grc' dir='ltr'><strong>μοι</strong></span> <span class='ocrx_word' id='word_1_66' title='bbox 1541 935 1752 1011; x_wconf 78' lang='grc' dir='ltr'>θρόνος,</span> <span class='ocrx_word' id='word_1_67' title='bbox 1784 937 1819 1004; x_wconf 79' lang='grc' dir='ltr'>ἡ</span> <span class='ocrx_word' id='word_1_68' title='bbox 1852 930 1909 989; x_wconf 60' lang='grc' dir='ltr'>δὲ</span> <span class='ocrx_word' id='word_1_69' title='bbox 1937 935 2010 1007; x_wconf 79' lang='grc' dir='ltr'><strong>γῇ</strong></span> 
     </span>
    </p>
   </div>
   <div class='ocr_carea' id='block_1_12' title="bbox 350 1023 2008 1101">
    <p class='ocr_par' dir='ltr' id='par_1_12' title="bbox 350 1023 2008 1101">
     <span class='ocr_line' id='line_1_12' title="bbox 350 1023 2008 1101; baseline 0.001 -23"><span class='ocrx_word' id='word_1_70' title='bbox 350 1051 380 1078; x_wconf 76' lang='grc' dir='ltr'><strong>ιι</strong></span> <span class='ocrx_word' id='word_1_71' title='bbox 418 1025 716 1082; x_wconf 68' lang='grc' dir='ltr'>ὑποπόδιον</span> <span class='ocrx_word' id='word_1_72' title='bbox 747 1032 856 1082; x_wconf 83' lang='grc' dir='ltr'>τῶν</span> <span class='ocrx_word' id='word_1_73' title='bbox 887 1025 1068 1084; x_wconf 79' lang='grc' dir='ltr'>ποδῶν</span> <span class='ocrx_word' id='word_1_74' title='bbox 1101 1049 1228 1101; x_wconf 90' lang='grc' dir='ltr'>μου.</span> <span class='ocrx_word' id='word_1_75' title='bbox 1290 1033 1451 1084; x_wconf 85' lang='grc' dir='ltr'>Ποῖον</span> <span class='ocrx_word' id='word_1_76' title='bbox 1513 1033 1662 1083; x_wconf 82' lang='grc' dir='ltr'>οἷκον</span> <span class='ocrx_word' id='word_1_77' title='bbox 1711 1023 2008 1097; x_wconf 80' lang='grc' dir='ltr'>οἰκοδομή·</span> 
     </span>
    </p>
   </div>
   <div class='ocr_carea' id='block_1_13' title="bbox 358 1113 2007 1193">
    <p class='ocr_par' dir='ltr' id='par_1_13' title="bbox 358 1113 2007 1193">
     <span class='ocr_line' id='line_1_13' title="bbox 358 1113 2007 1193; baseline -0.002 -23"><span class='ocrx_word' id='word_1_78' title='bbox 358 1137 380 1163; x_wconf 76' lang='grc' dir='ltr'><strong>ι</strong></span> <span class='ocrx_word' id='word_1_79' title='bbox 417 1117 534 1170; x_wconf 82' lang='grc' dir='ltr'>σετὲ</span> <span class='ocrx_word' id='word_1_80' title='bbox 566 1137 660 1188; x_wconf 88' lang='grc' dir='ltr'><strong>μοι</strong></span> <span class='ocrx_word' id='word_1_81' title='bbox 695 1135 711 1184; x_wconf 89' lang='grc'><strong>;</strong></span> <span class='ocrx_word' id='word_1_82' title='bbox 745 1115 898 1191; x_wconf 74' lang='grc' dir='ltr'>λέγει</span> <span class='ocrx_word' id='word_1_83' title='bbox 929 1118 1149 1193; x_wconf 73' lang='grc' dir='ltr'>Κύριος,</span> <span class='ocrx_word' id='word_1_84' title='bbox 1182 1117 1216 1188; x_wconf 77' lang='grc' dir='ltr'><strong>ἢ</strong></span> <span class='ocrx_word' id='word_1_85' title='bbox 1248 1116 1333 1180; x_wconf 83' lang='grc' dir='ltr'><strong>τίς</strong></span> <span class='ocrx_word' id='word_1_86' title='bbox 1363 1119 1532 1181; x_wconf 82' lang='grc' dir='ltr'>τόπος</span> <span class='ocrx_word' id='word_1_87' title='bbox 1574 1123 1676 1185; x_wconf 80' lang='grc' dir='ltr'>τῆς</span> <span class='ocrx_word' id='word_1_88' title='bbox 1734 1113 2007 1170; x_wconf 72' lang='grc' dir='ltr'>καταπαύ-</span> 
     </span>
    </p>
   </div>
   <div class='ocr_carea' id='block_1_14' title="bbox 351 1201 2007 1282">
    <p class='ocr_par' dir='ltr' id='par_1_14' title="bbox 351 1201 2007 1282">
     <span class='ocr_line' id='line_1_14' title="bbox 351 1201 2007 1282; baseline -0.002 -22"><span class='ocrx_word' id='word_1_89' title='bbox 351 1231 376 1255; x_wconf 72' lang='grc' dir='ltr'>ει</span> <span class='ocrx_word' id='word_1_90' title='bbox 412 1205 550 1268; x_wconf 85' lang='grc' dir='ltr'>σεώς</span> <span class='ocrx_word' id='word_1_91' title='bbox 579 1223 722 1277; x_wconf 73' lang='grc' dir='ltr'>μους</span> <span class='ocrx_word' id='word_1_92' title='bbox 759 1205 892 1282; x_wconf 79' lang='grc' dir='ltr'>οὐχὶ</span> <span class='ocrx_word' id='word_1_93' title='bbox 916 1209 950 1276; x_wconf 74' lang='grc' dir='ltr'><strong>ἡ</strong></span> <span class='ocrx_word' id='word_1_94' title='bbox 986 1208 1112 1282; x_wconf 77' lang='grc' dir='ltr'>χείρ</span> <span class='ocrx_word' id='word_1_95' title='bbox 1145 1226 1251 1280; x_wconf 87' lang='grc' dir='ltr'><strong>μου</strong></span> <span class='ocrx_word' id='word_1_96' title='bbox 1285 1205 1521 1278; x_wconf 82' lang='grc' dir='ltr'>ἐποίησε</span> <span class='ocrx_word' id='word_1_97' title='bbox 1539 1208 1707 1260; x_wconf 80' lang='grc' dir='ltr'>ταῦτα</span> <span class='ocrx_word' id='word_1_98' title='bbox 1738 1201 1910 1258; x_wconf 74' lang='grc' dir='ltr'>πάντα</span> <span class='ocrx_word' id='word_1_99' title='bbox 1936 1224 1951 1268; x_wconf 71' lang='grc' dir='ltr'><strong>ι</strong></span> <span class='ocrx_word' id='word_1_100' title='bbox 1981 1225 2007 1251; x_wconf 73' lang='grc' dir='ltr'><strong>ιι</strong></span> 
     </span>
    </p>
   </div>
   <div class='ocr_carea' id='block_1_15' title="bbox 419 1375 2006 1458">
    <p class='ocr_par' dir='ltr' id='par_1_15' title="bbox 419 1375 2006 1458">
     <span class='ocr_line' id='line_1_15' title="bbox 419 1375 2006 1458; baseline -0.004 -17"><span class='ocrx_word' id='word_1_101' title='bbox 419 1385 516 1455; x_wconf 81' lang='grc' dir='ltr'><strong>Τῷ</strong></span> <span class='ocrx_word' id='word_1_102' title='bbox 542 1387 980 1458; x_wconf 72' lang='grc' dir='ltr'><strong>τετρακοσιοστῷ</strong></span> <span class='ocrx_word' id='word_1_103' title='bbox 1034 1387 1450 1458; x_wconf 72' lang='grc' dir='ltr'>τεσσαρακοστῷ</span> <span class='ocrx_word' id='word_1_104' title='bbox 1509 1379 1614 1438; x_wconf 79' lang='grc' dir='ltr'>ἔτει</span> <span class='ocrx_word' id='word_1_105' title='bbox 1666 1387 1767 1452; x_wconf 86' lang='grc' dir='ltr'><strong>τῆς</strong></span> <span class='ocrx_word' id='word_1_106' title='bbox 1820 1375 2006 1451; x_wconf 78' lang='grc' dir='ltr'>ἐξόδου</span> 
     </span>
    </p>
   </div>
   <div class='ocr_carea' id='block_1_16' title="bbox 343 1466 2007 1546">
    <p class='ocr_par' dir='ltr' id='par_1_16' title="bbox 343 1466 2007 1546">
     <span class='ocr_line' id='line_1_16' title="bbox 343 1466 2007 1546; baseline -0.002 -21"><span class='ocrx_word' id='word_1_107' title='bbox 343 1476 452 1525; x_wconf 81' lang='grc' dir='ltr'>τῶν</span> <span class='ocrx_word' id='word_1_108' title='bbox 487 1473 619 1526; x_wconf 75' lang='grc' dir='ltr'>υἱῶν</span> <span class='ocrx_word' id='word_1_109' title='bbox 670 1469 893 1545; x_wconf 76' lang='grc' dir='ltr'>Ἰσραήλ</span> <span class='ocrx_word' id='word_1_110' title='bbox 953 1469 1003 1542; x_wconf 79' lang='grc' dir='ltr'><strong>ἐξ</strong></span> <span class='ocrx_word' id='word_1_111' title='bbox 1057 1470 1362 1546; x_wconf 77' lang='grc' dir='ltr'>Αἰγύπτου,</span> <span class='ocrx_word' id='word_1_112' title='bbox 1421 1471 1620 1543; x_wconf 74' lang='grc' dir='ltr'>ἤρξατο</span> <span class='ocrx_word' id='word_1_113' title='bbox 1671 1471 1699 1525; x_wconf 93' lang='lat'><strong>6</strong></span> <span class='ocrx_word' id='word_1_114' title='bbox 1739 1466 2007 1543; x_wconf 85' lang='grc' dir='ltr'>Σολομῶν</span> 
     </span>
    </p>
   </div>
   <div class='ocr_carea' id='block_1_17' title="bbox 349 1559 2003 1637">
    <p class='ocr_par' dir='ltr' id='par_1_17' title="bbox 349 1559 2003 1637">
     <span class='ocr_line' id='line_1_17' title="bbox 349 1559 2003 1637; baseline -0.001 -23"><span class='ocrx_word' id='word_1_115' title='bbox 349 1559 665 1634; x_wconf 75' lang='grc' dir='ltr'>οἰκοδομεῖν</span> <span class='ocrx_word' id='word_1_116' title='bbox 700 1561 751 1615; x_wconf 84' lang='grc' dir='ltr'>ἐν</span> <span class='ocrx_word' id='word_1_117' title='bbox 787 1562 1154 1636; x_wconf 69' lang='grc' dir='ltr'>Ἰερουσαλὴμ</span> <span class='ocrx_word' id='word_1_118' title='bbox 1184 1562 1276 1618; x_wconf 90' lang='grc' dir='ltr'><strong>τὸν</strong></span> <span class='ocrx_word' id='word_1_119' title='bbox 1327 1562 1475 1633; x_wconf 79' lang='grc' dir='ltr'>ναὸν,</span> <span class='ocrx_word' id='word_1_120' title='bbox 1532 1560 1609 1622; x_wconf 86' lang='grc' dir='ltr'>ὠς</span> <span class='ocrx_word' id='word_1_121' title='bbox 1638 1563 1674 1629; x_wconf 78' lang='grc' dir='ltr'>ἡ</span> <span class='ocrx_word' id='word_1_122' title='bbox 1707 1559 1864 1637; x_wconf 81' lang='grc' dir='ltr'>τρίτη</span> <span class='ocrx_word' id='word_1_123' title='bbox 1896 1562 2003 1615; x_wconf 79' lang='grc' dir='ltr'><strong>τῶν</strong></span> 
     </span>
    </p>
   </div>
   <div class='ocr_carea' id='block_1_18' title="bbox 347 1646 2004 1726">
    <p class='ocr_par' dir='ltr' id='par_1_18' title="bbox 347 1646 2004 1726">
     <span class='ocr_line' id='line_1_18' title="bbox 347 1646 2004 1726; baseline -0.002 -19"><span class='ocrx_word' id='word_1_124' title='bbox 347 1647 653 1707; x_wconf 82' lang='grc' dir='ltr'>Βασιλειῶν</span> <span class='ocrx_word' id='word_1_125' title='bbox 689 1649 931 1706; x_wconf 76' lang='grc' dir='ltr'>διδάσκει</span> <span class='ocrx_word' id='word_1_126' title='bbox 967 1646 1184 1726; x_wconf 74' lang='grc' dir='ltr'>βίϐλος.</span> <span class='ocrx_word' id='word_1_127' title='bbox 1220 1651 1316 1706; x_wconf 77' lang='grc' dir='ltr'>Διά</span> <span class='ocrx_word' id='word_1_128' title='bbox 1351 1654 1510 1706; x_wconf 80' lang='grc' dir='ltr'>τοῦτο</span> <span class='ocrx_word' id='word_1_129' title='bbox 1560 1648 1618 1705; x_wconf 73' lang='grc' dir='ltr'>δὲ</span> <span class='ocrx_word' id='word_1_130' title='bbox 1650 1650 1784 1723; x_wconf 88' lang='grc' dir='ltr'>μετά</span> <span class='ocrx_word' id='word_1_131' title='bbox 1813 1652 2004 1704; x_wconf 77' lang='grc' dir='ltr'>τοσοῦ-</span> 
     </span>
    </p>
   </div>
   <div class='ocr_carea' id='block_1_19' title="bbox 2121 486 3774 558">
    <p class='ocr_par' dir='ltr' id='par_1_19' title="bbox 2121 486 3774 558">
     <span class='ocr_line' id='line_1_19' title="bbox 2121 486 3774 558; baseline 0.007 -16"><span class='ocrx_word' id='word_1_132' title='bbox 2121 492 2212 542; x_wconf 83' lang='lat' dir='ltr'><strong>est</strong></span> <span class='ocrx_word' id='word_1_133' title='bbox 2240 486 2436 558; x_wconf 90' lang='lat' dir='ltr'><strong>ipsum</strong></span> <span class='ocrx_word' id='word_1_134' title='bbox 2460 505 2494 543; x_wconf 90' lang='lat' dir='ltr'><strong>a</strong></span> <span class='ocrx_word' id='word_1_135' title='bbox 2521 489 2637 543; x_wconf 91' lang='lat' dir='ltr'><strong>Deo</strong></span> <span class='ocrx_word' id='word_1_136' title='bbox 2669 492 3056 547; x_wconf 88' lang='lat' dir='ltr'><strong>constitutum</strong></span> <span class='ocrx_word' id='word_1_137' title='bbox 3081 509 3230 557; x_wconf 86' lang='lat' dir='ltr'><strong>esse.</strong></span> <span class='ocrx_word' id='word_1_138' title='bbox 3254 500 3320 548; x_wconf 90' lang='lat' dir='ltr'><strong>ut</strong></span> <span class='ocrx_word' id='word_1_139' title='bbox 3345 495 3528 550; x_wconf 90' lang='lat' dir='ltr'><strong>Deum</strong></span> <span class='ocrx_word' id='word_1_140' title='bbox 3561 503 3774 556; x_wconf 78' lang='lat' dir='ltr'><strong>testem</strong></span> 
     </span>
    </p>
   </div>
   <div class='ocr_carea' id='block_1_20' title="bbox 2118 575 3774 657">
    <p class='ocr_par' dir='ltr' id='par_1_20' title="bbox 2118 575 3774 657">
     <span class='ocr_line' id='line_1_20' title="bbox 2118 575 3774 657; baseline 0.008 -27"><span class='ocrx_word' id='word_1_141' title='bbox 2118 575 2426 639; x_wconf 89' lang='lat' dir='ltr'><strong>haberent,</strong></span> <span class='ocrx_word' id='word_1_142' title='bbox 2461 577 2620 649; x_wconf 91' lang='lat' dir='ltr'><strong>quod</strong></span> <span class='ocrx_word' id='word_1_143' title='bbox 2652 579 2781 651; x_wconf 84' lang='lat' dir='ltr'><strong>ejus</strong></span> <span class='ocrx_word' id='word_1_144' title='bbox 2807 581 3126 638; x_wconf 87' lang='lat' dir='ltr'><strong>delineatio</strong></span> <span class='ocrx_word' id='word_1_145' title='bbox 3153 583 3214 639; x_wconf 91' lang='lat' dir='ltr'><strong>in</strong></span> <span class='ocrx_word' id='word_1_146' title='bbox 3257 591 3460 640; x_wconf 89' lang='lat' dir='ltr'><strong>monte</strong></span> <span class='ocrx_word' id='word_1_147' title='bbox 3489 585 3685 657; x_wconf 83' lang='lat' dir='ltr'><strong>fuerit,</strong></span> <span class='ocrx_word' id='word_1_148' title='bbox 3712 593 3774 644; x_wconf 91' lang='lat' dir='ltr'><strong>et</strong></span> 
     </span>
    </p>
   </div>
   <div class='ocr_carea' id='block_1_21' title="bbox 2116 666 3052 741">
    <p class='ocr_par' dir='ltr' id='par_1_21' title="bbox 2116 666 3052 741">
     <span class='ocr_line' id='line_1_21' title="bbox 2116 666 3052 741; baseline 0.006 -21"><span class='ocrx_word' id='word_1_149' title='bbox 2116 666 2243 736; x_wconf 89' lang='lat' dir='ltr'><strong>ipse</strong></span> <span class='ocrx_word' id='word_1_150' title='bbox 2278 666 2425 722; x_wconf 90' lang='lat' dir='ltr'><strong>illud</strong></span> <span class='ocrx_word' id='word_1_151' title='bbox 2459 667 2599 722; x_wconf 82' lang='lat' dir='ltr'><strong>Mosi</strong></span> <span class='ocrx_word' id='word_1_152' title='bbox 2634 668 3052 741; x_wconf 77' lang='lat' dir='ltr'><strong>descripserat.</strong></span> 
     </span>
    </p>
   </div>
   <div class='ocr_carea' id='block_1_22' title="bbox 2189 757 3764 824">
    <p class='ocr_par' dir='ltr' id='par_1_22' title="bbox 2189 757 3764 824">
     <span class='ocr_line' id='line_1_22' title="bbox 2189 757 3764 824; baseline 0.01 -15"><span class='ocrx_word' id='word_1_153' title='bbox 2189 757 2305 821; x_wconf 88' lang='lat' dir='ltr'><strong>VlI,</strong></span> <span class='ocrx_word' id='word_1_154' title='bbox 2339 759 2404 811; x_wconf 78' lang='grc'><strong>47</strong></span> <span class='ocrx_word' id='word_1_155' title='bbox 2439 761 2526 813; x_wconf 84' lang='grc'><strong>50.</strong></span> <span class='ocrx_word' id='word_1_156' title='bbox 2566 782 2584 805; x_wconf 75' lang='grc' dir='ltr'><strong>ιι</strong></span> <span class='ocrx_word' id='word_1_157' title='bbox 2624 758 2903 816; x_wconf 89' lang='lat' dir='ltr'><strong>Solomon</strong></span> <span class='ocrx_word' id='word_1_158' title='bbox 2955 768 3156 818; x_wconf 91' lang='lat' dir='ltr'><strong>autem</strong></span> <span class='ocrx_word' id='word_1_159' title='bbox 3218 764 3530 821; x_wconf 66' lang='lat' dir='ltr'><strong>aedificavit</strong></span> <span class='ocrx_word' id='word_1_160' title='bbox 3575 767 3626 822; x_wconf 89' lang='lat' dir='ltr'><strong>ei</strong></span> <span class='ocrx_word' id='word_1_161' title='bbox 3659 767 3764 824; x_wconf 85' lang='lat' dir='ltr'><strong>do-</strong></span> 
     </span>
    </p>
   </div>
   <div class='ocr_carea' id='block_1_23' title="bbox 2117 847 3765 914">
    <p class='ocr_par' dir='ltr' id='par_1_23' title="bbox 2117 847 3765 914">
     <span class='ocr_line' id='line_1_23' title="bbox 2117 847 3765 914; baseline 0.008 -15"><span class='ocrx_word' id='word_1_162' title='bbox 2117 868 2144 895; x_wconf 88' lang='grc'><strong>‹‹</strong></span> <span class='ocrx_word' id='word_1_163' title='bbox 2178 863 2361 902; x_wconf 91' lang='lat' dir='ltr'><strong>mum.</strong></span> <span class='ocrx_word' id='word_1_164' title='bbox 2395 847 2506 903; x_wconf 89' lang='lat' dir='ltr'>Sed</span> <span class='ocrx_word' id='word_1_165' title='bbox 2538 847 2990 904; x_wconf 85' lang='lat' dir='ltr'><strong>Excelsissimus</strong></span> <span class='ocrx_word' id='word_1_166' title='bbox 3024 851 3123 906; x_wconf 92' lang='lat' dir='ltr'><strong>ille</strong></span> <span class='ocrx_word' id='word_1_167' title='bbox 3157 869 3275 908; x_wconf 91' lang='lat' dir='ltr'><strong>non</strong></span> <span class='ocrx_word' id='word_1_168' title='bbox 3316 854 3376 908; x_wconf 82' lang='lat' dir='ltr'><strong>in</strong></span> <span class='ocrx_word' id='word_1_169' title='bbox 3412 856 3765 914; x_wconf 76' lang='lat' dir='ltr'><strong>manufactis</strong></span> 
     </span>
    </p>
   </div>
   <div class='ocr_carea' id='block_1_24' title="bbox 2122 937 3763 1017">
    <p class='ocr_par' dir='ltr' id='par_1_24' title="bbox 2122 937 3763 1017">
     <span class='ocr_line' id='line_1_24' title="bbox 2122 937 3763 1017; baseline 0.009 -29"><span class='ocrx_word' id='word_1_170' title='bbox 2122 957 2148 987; x_wconf 76' lang='grc' dir='ltr'><strong>ιι</strong></span> <span class='ocrx_word' id='word_1_171' title='bbox 2180 937 2416 1008; x_wconf 82' lang='lat' dir='ltr'><strong>templis</strong></span> <span class='ocrx_word' id='word_1_172' title='bbox 2454 937 2700 998; x_wconf 89' lang='lat' dir='ltr'><strong>habitat.</strong></span> <span class='ocrx_word' id='word_1_173' title='bbox 2760 940 3262 1010; x_wconf 85' lang='lat' dir='ltr'><strong>quemadmodum</strong></span> <span class='ocrx_word' id='word_1_174' title='bbox 3316 945 3398 998; x_wconf 88' lang='lat' dir='ltr'><strong>ait</strong></span> <span class='ocrx_word' id='word_1_175' title='bbox 3428 946 3763 1017; x_wconf 84' lang='lat' dir='ltr'><strong>Propheta:</strong></span> 
     </span>
    </p>
   </div>
   <div class='ocr_carea' id='block_1_25' title="bbox 2115 1025 3760 1093">
    <p class='ocr_par' dir='ltr' id='par_1_25' title="bbox 2115 1025 3760 1093">
     <span class='ocr_line' id='line_1_25' title="bbox 2115 1025 3760 1093; baseline 0.009 -16"><span class='ocrx_word' id='word_1_176' title='bbox 2115 1051 2140 1074; x_wconf 85' lang='lat'><strong>«</strong></span> <span class='ocrx_word' id='word_1_177' title='bbox 2175 1025 2395 1080; x_wconf 72' lang='lat' dir='ltr'><strong>Cwlum</strong></span> <span class='ocrx_word' id='word_1_178' title='bbox 2432 1027 2577 1082; x_wconf 90' lang='lat' dir='ltr'><strong>mihi</strong></span> <span class='ocrx_word' id='word_1_179' title='bbox 2610 1027 2782 1083; x_wconf 88' lang='lat' dir='ltr'><strong>sedes</strong></span> <span class='ocrx_word' id='word_1_180' title='bbox 2812 1033 2922 1093; x_wconf 88' lang='lat' dir='ltr'><strong>est,</strong></span> <span class='ocrx_word' id='word_1_181' title='bbox 2979 1034 3136 1085; x_wconf 87' lang='lat' dir='ltr'><strong>terra</strong></span> <span class='ocrx_word' id='word_1_182' title='bbox 3183 1037 3381 1088; x_wconf 89' lang='lat' dir='ltr'><strong>autem</strong></span> <span class='ocrx_word' id='word_1_183' title='bbox 3433 1034 3760 1092; x_wconf 89' lang='lat' dir='ltr'><strong>scabellum</strong></span> 
     </span>
    </p>
   </div>
   <div class='ocr_carea' id='block_1_26' title="bbox 2113 1114 3759 1186">
    <p class='ocr_par' dir='ltr' id='par_1_26' title="bbox 2113 1114 3759 1186">
     <span class='ocr_line' id='line_1_26' title="bbox 2113 1114 3759 1186; baseline 0.011 -23"><span class='ocrx_word' id='word_1_184' title='bbox 2113 1137 2141 1163; x_wconf 88' lang='grc'><strong><em>‹‹</em></strong></span> <span class='ocrx_word' id='word_1_185' title='bbox 2175 1114 2393 1186; x_wconf 89' lang='lat' dir='ltr'><strong>pedum</strong></span> <span class='ocrx_word' id='word_1_186' title='bbox 2421 1132 2709 1172; x_wconf 92' lang='lat' dir='ltr'><strong>meorum.</strong></span> <span class='ocrx_word' id='word_1_187' title='bbox 2735 1119 2921 1184; x_wconf 89' lang='lat' dir='ltr'><strong>Quam</strong></span> <span class='ocrx_word' id='word_1_188' title='bbox 2940 1117 3182 1174; x_wconf 90' lang='lat' dir='ltr'><strong>domum</strong></span> <span class='ocrx_word' id='word_1_189' title='bbox 3210 1121 3587 1179; x_wconf 76' lang='lat' dir='ltr'><strong>mdiﬂcabitis</strong></span> <span class='ocrx_word' id='word_1_190' title='bbox 3610 1125 3759 1183; x_wconf 88' lang='lat' dir='ltr'><strong>mihi</strong></span> 
     </span>
    </p>
   </div>
   <div class='ocr_carea' id='block_1_27' title="bbox 2117 1204 3762 1281">
    <p class='ocr_par' dir='ltr' id='par_1_27' title="bbox 2117 1204 3762 1281">
     <span class='ocr_line' id='line_1_27' title="bbox 2117 1204 3762 1281; baseline 0.009 -26"><span class='ocrx_word' id='word_1_191' title='bbox 2117 1225 2139 1254; x_wconf 80' lang='grc' dir='ltr'>(ι</span> <span class='ocrx_word' id='word_1_192' title='bbox 2173 1204 2318 1259; x_wconf 83' lang='lat' dir='ltr'><strong>dicit</strong></span> <span class='ocrx_word' id='word_1_193' title='bbox 2349 1205 2654 1271; x_wconf 86' lang='lat' dir='ltr'><strong>Dominus,</strong></span> <span class='ocrx_word' id='word_1_194' title='bbox 2687 1213 2789 1261; x_wconf 90' lang='lat' dir='ltr'><strong>aut</strong></span> <span class='ocrx_word' id='word_1_195' title='bbox 2813 1208 2946 1279; x_wconf 88' lang='lat' dir='ltr'><strong>quis</strong></span> <span class='ocrx_word' id='word_1_196' title='bbox 2977 1213 3145 1264; x_wconf 80' lang='lat' dir='ltr'><strong>locus</strong></span> <span class='ocrx_word' id='word_1_197' title='bbox 3179 1209 3566 1281; x_wconf 78' lang='lat' dir='ltr'><strong>requietionis</strong></span> <span class='ocrx_word' id='word_1_198' title='bbox 3615 1229 3762 1269; x_wconf 66' lang='lat' dir='ltr'><strong>mea</strong></span> 
     </span>
    </p>
   </div>
   <div class='ocr_carea' id='block_1_28' title="bbox 2114 1293 3656 1356">
    <p class='ocr_par' dir='ltr' id='par_1_28' title="bbox 2114 1293 3656 1356">
     <span class='ocr_line' id='line_1_28' title="bbox 2114 1293 3656 1356; baseline 0.005 -8"><span class='ocrx_word' id='word_1_199' title='bbox 2114 1315 2142 1343; x_wconf 84' lang='lat'><strong>«</strong></span> <span class='ocrx_word' id='word_1_200' title='bbox 2175 1293 2344 1348; x_wconf 87' lang='lat' dir='ltr'><strong>erit?</strong></span> <span class='ocrx_word' id='word_1_201' title='bbox 2375 1311 2576 1351; x_wconf 84' lang='lat' dir='ltr'><strong>nonne</strong></span> <span class='ocrx_word' id='word_1_202' title='bbox 2607 1312 2822 1352; x_wconf 89' lang='lat' dir='ltr'><strong>manus</strong></span> <span class='ocrx_word' id='word_1_203' title='bbox 2853 1313 2986 1352; x_wconf 89' lang='lat' dir='ltr'><strong>mea</strong></span> <span class='ocrx_word' id='word_1_204' title='bbox 3017 1297 3155 1354; x_wconf 89' lang='lat' dir='ltr'><strong>fecit</strong></span> <span class='ocrx_word' id='word_1_205' title='bbox 3185 1299 3312 1354; x_wconf 72' lang='lat' dir='ltr'><strong>hmo</strong></span> <span class='ocrx_word' id='word_1_206' title='bbox 3343 1300 3546 1356; x_wconf 86' lang='lat' dir='ltr'><strong>omnia</strong></span> <span class='ocrx_word' id='word_1_207' title='bbox 3571 1301 3600 1356; x_wconf 85' lang='lat'><strong>?</strong></span> <span class='ocrx_word' id='word_1_208' title='bbox 3628 1323 3656 1350; x_wconf 82' lang='lat'>»</span> 
     </span>
    </p>
   </div>
   <div class='ocr_carea' id='block_1_29' title="bbox 2181 1383 3762 1459">
    <p class='ocr_par' dir='ltr' id='par_1_29' title="bbox 2181 1383 3762 1459">
     <span class='ocr_line' id='line_1_29' title="bbox 2181 1383 3762 1459; baseline 0.006 -21"><span class='ocrx_word' id='word_1_209' title='bbox 2181 1383 2776 1451; x_wconf 69' lang='lat' dir='ltr'><strong>Quadringentesimo</strong></span> <span class='ocrx_word' id='word_1_210' title='bbox 2805 1387 3164 1459; x_wconf 82' lang='lat' dir='ltr'><strong>octogesimo</strong></span> <span class='ocrx_word' id='word_1_211' title='bbox 3197 1405 3352 1443; x_wconf 86' lang='lat' dir='ltr'><strong>anno</strong></span> <span class='ocrx_word' id='word_1_212' title='bbox 3403 1391 3762 1458; x_wconf 75' lang='lat' dir='ltr'><strong>egressionis</strong></span> 
     </span>
    </p>
   </div>
   <div class='ocr_carea' id='block_1_30' title="bbox 2111 1473 3762 1548">
    <p class='ocr_par' dir='ltr' id='par_1_30' title="bbox 2111 1473 3762 1548">
     <span class='ocr_line' id='line_1_30' title="bbox 2111 1473 3762 1548; baseline 0.005 -19"><span class='ocrx_word' id='word_1_213' title='bbox 2111 1473 2372 1529; x_wconf 85' lang='lat' dir='ltr'><strong>filiorum</strong></span> <span class='ocrx_word' id='word_1_214' title='bbox 2395 1474 2577 1530; x_wconf 79' lang='lat' dir='ltr'><strong>Israel</strong></span> <span class='ocrx_word' id='word_1_215' title='bbox 2603 1491 2673 1530; x_wconf 86' lang='lat' dir='ltr'><strong>ex</strong></span> <span class='ocrx_word' id='word_1_216' title='bbox 2689 1477 2930 1548; x_wconf 64' lang='lat' dir='ltr'><strong>Egypto</strong></span> <span class='ocrx_word' id='word_1_217' title='bbox 2953 1477 3130 1548; x_wconf 75' lang='lat' dir='ltr'><strong>coepit</strong></span> <span class='ocrx_word' id='word_1_218' title='bbox 3161 1477 3439 1534; x_wconf 89' lang='lat' dir='ltr'><strong>Solomon</strong></span> <span class='ocrx_word' id='word_1_219' title='bbox 3465 1481 3762 1538; x_wconf 75' lang='lat' dir='ltr'><strong>aadiﬁcare</strong></span> 
     </span>
    </p>
   </div>
   <div class='ocr_carea' id='block_1_31' title="bbox 2111 1562 3759 1635">
    <p class='ocr_par' dir='ltr' id='par_1_31' title="bbox 2111 1562 3759 1635">
     <span class='ocr_line' id='line_1_31' title="bbox 2111 1562 3759 1635; baseline 0.005 -18"><span class='ocrx_word' id='word_1_220' title='bbox 2111 1563 2172 1618; x_wconf 90' lang='lat' dir='ltr'><strong>in</strong></span> <span class='ocrx_word' id='word_1_221' title='bbox 2202 1562 2530 1618; x_wconf 83' lang='lat' dir='ltr'><strong>Jerusalem</strong></span> <span class='ocrx_word' id='word_1_222' title='bbox 2583 1564 2892 1635; x_wconf 81' lang='lat' dir='ltr'><strong>templum,</strong></span> <span class='ocrx_word' id='word_1_223' title='bbox 2926 1565 3105 1620; x_wconf 90' lang='lat' dir='ltr'><strong>veluti</strong></span> <span class='ocrx_word' id='word_1_224' title='bbox 3137 1567 3310 1622; x_wconf 86' lang='lat' dir='ltr'><strong>docet</strong></span> <span class='ocrx_word' id='word_1_225' title='bbox 3341 1569 3550 1623; x_wconf 90' lang='lat' dir='ltr'><strong>tertius</strong></span> <span class='ocrx_word' id='word_1_226' title='bbox 3608 1571 3759 1627; x_wconf 89' lang='lat' dir='ltr'><strong>liber</strong></span> 
     </span>
    </p>
   </div>
   <div class='ocr_carea' id='block_1_32' title="bbox 2109 1650 3748 1728">
    <p class='ocr_par' dir='ltr' id='par_1_32' title="bbox 2109 1650 3748 1728">
     <span class='ocr_line' id='line_1_32' title="bbox 2109 1650 3748 1728; baseline 0.004 -20"><span class='ocrx_word' id='word_1_227' title='bbox 2109 1654 2329 1725; x_wconf 79' lang='lat' dir='ltr'><strong>Regum</strong></span> <span class='ocrx_word' id='word_1_228' title='bbox 2361 1650 2428 1707; x_wconf 80' lang='grc' dir='ltr'><strong>⁸ο.</strong></span> <span class='ocrx_word' id='word_1_229' title='bbox 2454 1653 2773 1724; x_wconf 82' lang='lat' dir='ltr'><strong>Propterea</strong></span> <span class='ocrx_word' id='word_1_230' title='bbox 2803 1660 3003 1709; x_wconf 91' lang='lat' dir='ltr'><strong>autem</strong></span> <span class='ocrx_word' id='word_1_231' title='bbox 3035 1661 3196 1711; x_wconf 90' lang='lat' dir='ltr'><strong>tanto</strong></span> <span class='ocrx_word' id='word_1_232' title='bbox 3215 1663 3349 1727; x_wconf 91' lang='lat' dir='ltr'><strong>post</strong></span> <span class='ocrx_word' id='word_1_233' title='bbox 3379 1663 3646 1728; x_wconf 89' lang='lat' dir='ltr'><strong>tempore</strong></span> <span class='ocrx_word' id='word_1_234' title='bbox 3676 1660 3748 1716; x_wconf 90' lang='lat' dir='ltr'><strong>ab</strong></span> 
     </span>
    </p>
   </div>
   <div class='ocr_carea' id='block_1_33' title="bbox 344 1736 1997 1822">
    <p class='ocr_par' dir='ltr' id='par_1_33' title="bbox 344 1736 1997 1815">
     <span class='ocr_line' id='line_1_33' title="bbox 344 1736 1997 1815; baseline -0.001 -21"><span class='ocrx_word' id='word_1_235' title='bbox 344 1761 436 1794; x_wconf 84' lang='grc' dir='ltr'><strong>τον</strong></span> <span class='ocrx_word' id='word_1_236' title='bbox 471 1741 674 1815; x_wconf 77' lang='grc' dir='ltr'>χρόνον</span> <span class='ocrx_word' id='word_1_237' title='bbox 699 1748 797 1810; x_wconf 77' lang='grc' dir='ltr'><strong>τῆς</strong></span> <span class='ocrx_word' id='word_1_238' title='bbox 816 1738 1084 1796; x_wconf 73' lang='grc' dir='ltr'>ἐπανόδου</span> <span class='ocrx_word' id='word_1_239' title='bbox 1115 1748 1216 1810; x_wconf 81' lang='grc' dir='ltr'><strong>τῆς</strong></span> <span class='ocrx_word' id='word_1_240' title='bbox 1245 1741 1334 1795; x_wconf 82' lang='grc' dir='ltr'><strong>ἀπ’</strong></span> <span class='ocrx_word' id='word_1_241' title='bbox 1357 1739 1640 1815; x_wconf 69' lang='grc' dir='ltr'>Αἰγύπτου</span> <span class='ocrx_word' id='word_1_242' title='bbox 1661 1742 1757 1794; x_wconf 76' lang='grc' dir='ltr'><strong>τοῦ</strong></span> <span class='ocrx_word' id='word_1_243' title='bbox 1779 1736 1997 1814; x_wconf 78' lang='grc' dir='ltr'>Ἰσραὴλ</span> 
     </span>
    </p>
   </div>
   <div class='ocr_carea' id='block_1_34' title="bbox 2119 1736 3753 1822">
    <p class='ocr_par' dir='ltr' id='par_1_34' title="bbox 2119 1741 3753 1819">
     <span class='ocr_line' id='line_1_34' title="bbox 2119 1741 3753 1819; baseline 0.005 -23"><span class='ocrx_word' id='word_1_244' title='bbox 2119 1756 2363 1796; x_wconf 75' lang='lat' dir='ltr'><strong>ascensu</strong></span> <span class='ocrx_word' id='word_1_245' title='bbox 2385 1741 2563 1796; x_wconf 86' lang='lat' dir='ltr'><strong>Israel</strong></span> <span class='ocrx_word' id='word_1_246' title='bbox 2586 1757 2657 1796; x_wconf 85' lang='lat' dir='ltr'><strong>ex</strong></span> <span class='ocrx_word' id='word_1_247' title='bbox 2680 1745 2920 1815; x_wconf 66' lang='lat' dir='ltr'><strong>Egypto</strong></span> <span class='ocrx_word' id='word_1_248' title='bbox 2948 1743 3306 1800; x_wconf 74' lang='lat' dir='ltr'><strong>aadiﬁcatum</strong></span> <span class='ocrx_word' id='word_1_249' title='bbox 3331 1751 3420 1802; x_wconf 91' lang='lat' dir='ltr'><strong>est</strong></span> <span class='ocrx_word' id='word_1_250' title='bbox 3440 1747 3753 1819; x_wconf 88' lang='lat' dir='ltr'><strong>templum,</strong></span> 
     </span>
    </p>
   </div>
   <div class='ocr_carea' id='block_1_35' title="bbox 345 1827 2000 1904">
    <p class='ocr_par' dir='ltr' id='par_1_35' title="bbox 345 1827 2000 1904">
     <span class='ocr_line' id='line_1_35' title="bbox 345 1827 2000 1904; baseline -0.002 -20"><span class='ocrx_word' id='word_1_251' title='bbox 345 1831 376 1885; x_wconf 90' lang='lat'><strong>6</strong></span> <span class='ocrx_word' id='word_1_252' title='bbox 405 1830 534 1891; x_wconf 77' lang='grc' dir='ltr'>ναὸς</span> <span class='ocrx_word' id='word_1_253' title='bbox 562 1828 927 1903; x_wconf 77' lang='grc' dir='ltr'>ᾠκοδομήθη,</span> <span class='ocrx_word' id='word_1_254' title='bbox 955 1827 1050 1884; x_wconf 76' lang='grc' dir='ltr'>’ἕνα</span> <span class='ocrx_word' id='word_1_255' title='bbox 1079 1833 1147 1904; x_wconf 80' lang='grc' dir='ltr'><strong>τῇ</strong></span> <span class='ocrx_word' id='word_1_256' title='bbox 1201 1829 1276 1891; x_wconf 70' lang='grc' dir='ltr'>εἷς</span> <span class='ocrx_word' id='word_1_257' title='bbox 1344 1829 1409 1885; x_wconf 67' lang='grc' dir='ltr'><strong>τὰ</strong></span> <span class='ocrx_word' id='word_1_258' title='bbox 1440 1827 1541 1902; x_wconf 79' lang='grc' dir='ltr'><strong>ὅρη</strong></span> <span class='ocrx_word' id='word_1_259' title='bbox 1605 1827 2000 1898; x_wconf 81' lang='grc' dir='ltr'>περιπλανήσει</span> 
     </span>
    </p>
   </div>
   <div class='ocr_carea' id='block_1_36' title="bbox 340 1915 2002 1993">
    <p class='ocr_par' dir='ltr' id='par_1_36' title="bbox 340 1915 2002 1993">
     <span class='ocr_line' id='line_1_36' title="bbox 340 1915 2002 1993; baseline -0.003 -20"><span class='ocrx_word' id='word_1_260' title='bbox 340 1918 726 1992; x_wconf 78' lang='grc' dir='ltr'>ἀποκαμόντες</span> <span class='ocrx_word' id='word_1_261' title='bbox 760 1962 773 1982; x_wconf 94' lang='lat'><strong>,</strong></span> <span class='ocrx_word' id='word_1_262' title='bbox 830 1921 922 1974; x_wconf 88' lang='grc' dir='ltr'><strong>τὸν</strong></span> <span class='ocrx_word' id='word_1_263' title='bbox 979 1915 1075 1974; x_wconf 73' lang='grc' dir='ltr'>ἕνα</span> <span class='ocrx_word' id='word_1_264' title='bbox 1147 1919 1314 1975; x_wconf 90' lang='grc' dir='ltr'>τόπον</span> <span class='ocrx_word' id='word_1_265' title='bbox 1374 1919 1465 1975; x_wconf 90' lang='grc' dir='ltr'><strong>τὸν</strong></span> <span class='ocrx_word' id='word_1_266' title='bbox 1523 1917 1576 1973; x_wconf 80' lang='grc' dir='ltr'>ἐν</span> <span class='ocrx_word' id='word_1_267' title='bbox 1635 1915 2002 1993; x_wconf 76' lang='grc' dir='ltr'>Ἰερουσαλὴμ</span> 
     </span>
    </p>
   </div>
   <div class='ocr_carea' id='block_1_37' title="bbox 342 2003 1998 2086">
    <p class='ocr_par' dir='ltr' id='par_1_37' title="bbox 342 2003 1998 2086">
     <span class='ocr_line' id='line_1_37' title="bbox 342 2003 1998 2086; baseline -0.002 -23"><span class='ocrx_word' id='word_1_268' title='bbox 342 2009 730 2086; x_wconf 76' lang='grc' dir='ltr'>ἀγαπήσωσιν,</span> <span class='ocrx_word' id='word_1_269' title='bbox 764 2009 823 2064; x_wconf 80' lang='grc' dir='ltr'>’ὸν</span> <span class='ocrx_word' id='word_1_270' title='bbox 857 2010 884 2063; x_wconf 98' lang='lat'><strong>6</strong></span> <span class='ocrx_word' id='word_1_271' title='bbox 916 2009 1045 2070; x_wconf 79' lang='grc' dir='ltr'>Θεὸς</span> <span class='ocrx_word' id='word_1_272' title='bbox 1075 2008 1298 2080; x_wconf 82' lang='grc' dir='ltr'>ἐποίησε</span> <span class='ocrx_word' id='word_1_273' title='bbox 1340 2009 1548 2081; x_wconf 84' lang='grc' dir='ltr'>τίμιον.</span> <span class='ocrx_word' id='word_1_274' title='bbox 1579 2007 1745 2064; x_wconf 80' lang='grc' dir='ltr'>Οὗτοι</span> <span class='ocrx_word' id='word_1_275' title='bbox 1779 2003 1834 2060; x_wconf 72' lang='grc' dir='ltr'>δὲ</span> <span class='ocrx_word' id='word_1_276' title='bbox 1863 2006 1998 2082; x_wconf 80' lang='grc' dir='ltr'>βρα-</span> 
     </span>
    </p>
   </div>
   <div class='ocr_carea' id='block_1_38' title="bbox 340 2093 2000 2172">
    <p class='ocr_par' dir='ltr' id='par_1_38' title="bbox 340 2093 2000 2172">
     <span class='ocr_line' id='line_1_38' title="bbox 340 2093 2000 2172; baseline -0.002 -20"><span class='ocrx_word' id='word_1_277' title='bbox 340 2095 456 2160; x_wconf 83' lang='grc' dir='ltr'>δεῖς</span> <span class='ocrx_word' id='word_1_278' title='bbox 514 2096 664 2159; x_wconf 83' lang='grc' dir='ltr'>ὅντες</span> <span class='ocrx_word' id='word_1_279' title='bbox 741 2097 818 2160; x_wconf 83' lang='grc' dir='ltr'><strong>εἰς</strong></span> <span class='ocrx_word' id='word_1_280' title='bbox 873 2097 1099 2162; x_wconf 72' lang='grc' dir='ltr'>σύνεσιν,</span> <span class='ocrx_word' id='word_1_281' title='bbox 1156 2096 1245 2151; x_wconf 78' lang='grc' dir='ltr'><strong>καὶ</strong></span> <span class='ocrx_word' id='word_1_282' title='bbox 1302 2100 1410 2151; x_wconf 80' lang='grc' dir='ltr'>τῶν</span> <span class='ocrx_word' id='word_1_283' title='bbox 1463 2095 1585 2172; x_wconf 85' lang='grc' dir='ltr'>περὶ</span> <span class='ocrx_word' id='word_1_284' title='bbox 1635 2094 1769 2152; x_wconf 73' lang='grc' dir='ltr'><strong>Θεοῦ</strong></span> <span class='ocrx_word' id='word_1_285' title='bbox 1818 2093 2000 2169; x_wconf 91' lang='grc' dir='ltr'>λόγων</span> 
     </span>
    </p>
   </div>
   <div class='ocr_carea' id='block_1_39' title="bbox 336 2184 1996 2259">
    <p class='ocr_par' dir='ltr' id='par_1_39' title="bbox 336 2184 1996 2259">
     <span class='ocr_line' id='line_1_39' title="bbox 336 2184 1996 2259; baseline -0.003 -18"><span class='ocrx_word' id='word_1_286' title='bbox 336 2187 793 2259; x_wconf 71' lang='grc' dir='ltr'>ἀνεπιστήμονες,</span> <span class='ocrx_word' id='word_1_287' title='bbox 832 2187 925 2242; x_wconf 82' lang='grc' dir='ltr'><strong>καὶ</strong></span> <span class='ocrx_word' id='word_1_288' title='bbox 966 2187 1098 2242; x_wconf 74' lang='grc' dir='ltr'>Θεοῦ</span> <span class='ocrx_word' id='word_1_289' title='bbox 1155 2185 1319 2243; x_wconf 84' lang='grc' dir='ltr'>πόλιν</span> <span class='ocrx_word' id='word_1_290' title='bbox 1377 2184 1646 2256; x_wconf 68' lang='grc' dir='ltr'>οἰηθέντες</span> <span class='ocrx_word' id='word_1_291' title='bbox 1707 2187 1839 2241; x_wconf 84' lang='grc' dir='ltr'>εἶναι</span> <span class='ocrx_word' id='word_1_292' title='bbox 1894 2184 1996 2253; x_wconf 75' lang='grc' dir='ltr'>τὴν</span> 
     </span>
    </p>
   </div>
   <div class='ocr_carea' id='block_1_40' title="bbox 337 2273 1996 2354">
    <p class='ocr_par' dir='ltr' id='par_1_40' title="bbox 337 2273 1996 2354">
     <span class='ocr_line' id='line_1_40' title="bbox 337 2273 1996 2354; baseline -0.005 -19"><span class='ocrx_word' id='word_1_293' title='bbox 337 2274 727 2354; x_wconf 74' lang='grc' dir='ltr'>Ἰερουσαλὴμ,</span> <span class='ocrx_word' id='word_1_294' title='bbox 760 2275 812 2330; x_wconf 80' lang='grc' dir='ltr'>ἐν</span> <span class='ocrx_word' id='word_1_295' title='bbox 846 2275 982 2349; x_wconf 79' lang='grc' dir='ltr'>αὐτῇ</span> <span class='ocrx_word' id='word_1_296' title='bbox 1023 2273 1094 2344; x_wconf 81' lang='grc' dir='ltr'>δὴ</span> <span class='ocrx_word' id='word_1_297' title='bbox 1151 2276 1240 2330; x_wconf 84' lang='grc' dir='ltr'><strong>καὶ</strong></span> <span class='ocrx_word' id='word_1_298' title='bbox 1303 2274 1444 2351; x_wconf 72' lang='grc' dir='ltr'>μόνῃ</span> <span class='ocrx_word' id='word_1_299' title='bbox 1499 2279 1772 2330; x_wconf 77' lang='grc' dir='ltr'>κατοικεῖν</span> <span class='ocrx_word' id='word_1_300' title='bbox 1835 2273 1996 2329; x_wconf 80' lang='grc' dir='ltr'>αὐτὸν</span> 
     </span>
    </p>
   </div>
   <div class='ocr_carea' id='block_1_41' title="bbox 334 2363 1998 2444">
    <p class='ocr_par' dir='ltr' id='par_1_41' title="bbox 334 2363 1998 2444">
     <span class='ocr_line' id='line_1_41' title="bbox 334 2363 1998 2444; baseline -0.004 -20"><span class='ocrx_word' id='word_1_301' title='bbox 334 2365 548 2441; x_wconf 73' lang='grc' dir='ltr'>ἔλεγον.</span> <span class='ocrx_word' id='word_1_302' title='bbox 582 2367 797 2443; x_wconf 82' lang='grc' dir='ltr'>Σμικρᾶ</span> <span class='ocrx_word' id='word_1_303' title='bbox 852 2371 1142 2444; x_wconf 74' lang='grc' dir='ltr'>τοιγαροῦν</span> <span class='ocrx_word' id='word_1_304' title='bbox 1193 2364 1515 2438; x_wconf 64' lang='grc' dir='ltr'>δοξάζοντας</span> <span class='ocrx_word' id='word_1_305' title='bbox 1556 2363 1775 2442; x_wconf 82' lang='grc' dir='ltr'>ἐλὲγχει</span> <span class='ocrx_word' id='word_1_306' title='bbox 1808 2365 1836 2420; x_wconf 93' lang='lat'><strong>6</strong></span> <span class='ocrx_word' id='word_1_307' title='bbox 1866 2363 1998 2427; x_wconf 84' lang='grc' dir='ltr'>Θεὸς</span> 
     </span>
    </p>
   </div>
   <div class='ocr_carea' id='block_1_42' title="bbox 331 2448 1998 2538">
    <p class='ocr_par' dir='ltr' id='par_1_42' title="bbox 331 2448 1998 2538">
     <span class='ocr_line' id='line_1_42' title="bbox 331 2448 1998 2538; baseline -0.002 -26"><span class='ocrx_word' id='word_1_308' title='bbox 331 2458 427 2512; x_wconf 83' lang='grc' dir='ltr'><strong>καί</strong></span> <span class='ocrx_word' id='word_1_309' title='bbox 458 2477 611 2538; x_wconf 74' lang='grc' dir='ltr'>φησι’</span> <span class='ocrx_word' id='word_1_310' title='bbox 650 2462 810 2512; x_wconf 87' lang='grc' dir='ltr'>Ποῖον</span> <span class='ocrx_word' id='word_1_311' title='bbox 832 2457 982 2513; x_wconf 72' lang='grc' dir='ltr'>οἷκον</span> <span class='ocrx_word' id='word_1_312' title='bbox 1015 2454 1411 2529; x_wconf 75' lang='grc' dir='ltr'>οἰκοδομήσετέ</span> <span class='ocrx_word' id='word_1_313' title='bbox 1446 2475 1540 2529; x_wconf 90' lang='grc' dir='ltr'><strong>μοι</strong></span> <span class='ocrx_word' id='word_1_314' title='bbox 1574 2455 1766 2530; x_wconf 84' lang='grc' dir='ltr'>θρόνον</span> <span class='ocrx_word' id='word_1_315' title='bbox 1810 2448 1998 2531; x_wconf 82' lang='grc' dir='ltr'>ἔχοντι</span> 
     </span>
    </p>
   </div>
   <div class='ocr_carea' id='block_1_43' title="bbox 334 2543 1996 2624">
    <p class='ocr_par' dir='ltr' id='par_1_43' title="bbox 334 2543 1996 2624">
     <span class='ocr_line' id='line_1_43' title="bbox 334 2543 1996 2624; baseline -0.002 -21"><span class='ocrx_word' id='word_1_316' title='bbox 334 2549 430 2603; x_wconf 88' lang='grc' dir='ltr'><strong>τὸν</strong></span> <span class='ocrx_word' id='word_1_317' title='bbox 463 2548 712 2624; x_wconf 70' lang='grc' dir='ltr'>οὐρανὸν,</span> <span class='ocrx_word' id='word_1_318' title='bbox 744 2547 836 2604; x_wconf 82' lang='grc' dir='ltr'><strong>καὶ</strong></span> <span class='ocrx_word' id='word_1_319' title='bbox 869 2545 1170 2603; x_wconf 82' lang='grc' dir='ltr'>ὑποπόδιον</span> <span class='ocrx_word' id='word_1_320' title='bbox 1200 2549 1299 2616; x_wconf 74' lang='grc' dir='ltr'>τήν</span> <span class='ocrx_word' id='word_1_321' title='bbox 1351 2554 1454 2622; x_wconf 81' lang='grc' dir='ltr'><strong>γῆν</strong></span> <span class='ocrx_word' id='word_1_322' title='bbox 1493 2565 1506 2615; x_wconf 90' lang='grc'><strong>;</strong></span> <span class='ocrx_word' id='word_1_323' title='bbox 1539 2543 1686 2604; x_wconf 83' lang='grc' dir='ltr'>Ἔδει</span> <span class='ocrx_word' id='word_1_324' title='bbox 1746 2545 1848 2624; x_wconf 72' lang='grc' dir='ltr'><strong>γαρ</strong></span> <span class='ocrx_word' id='word_1_325' title='bbox 1879 2550 1996 2606; x_wconf 89' lang='grc' dir='ltr'>τοῖς</span> 
     </span>
    </p>
   </div>
   <div class='ocr_carea' id='block_1_44' title="bbox 339 2632 1998 2715">
    <p class='ocr_par' dir='ltr' id='par_1_44' title="bbox 339 2632 1998 2715">
     <span class='ocr_line' id='line_1_44' title="bbox 339 2632 1998 2715; baseline -0.002 -23"><span class='ocrx_word' id='word_1_326' title='bbox 339 2636 704 2694; x_wconf 75' lang='grc' dir='ltr'>συνεστάλθαι</span> <span class='ocrx_word' id='word_1_327' title='bbox 733 2638 822 2693; x_wconf 79' lang='grc' dir='ltr'>καὶ</span> <span class='ocrx_word' id='word_1_328' title='bbox 879 2638 1236 2712; x_wconf 82' lang='grc' dir='ltr'>περιωρίσθαι</span> <span class='ocrx_word' id='word_1_329' title='bbox 1296 2636 1489 2698; x_wconf 85' lang='grc' dir='ltr'>τόποις</span> <span class='ocrx_word' id='word_1_330' title='bbox 1537 2639 1635 2701; x_wconf 73' lang='grc' dir='ltr'><strong>τήν</strong></span> <span class='ocrx_word' id='word_1_331' title='bbox 1697 2635 1860 2690; x_wconf 74' lang='grc' dir='ltr'>αὐτοῦ</span> <span class='ocrx_word' id='word_1_332' title='bbox 1905 2632 1998 2715; x_wconf 67' lang='grc' dir='ltr'>φό-</span> 
     </span>
    </p>
   </div>
   <div class='ocr_carea' id='block_1_45' title="bbox 343 2723 1996 2806">
    <p class='ocr_par' dir='ltr' id='par_1_45' title="bbox 343 2723 1996 2806">
     <span class='ocr_line' id='line_1_45' title="bbox 343 2723 1996 2806; baseline -0.002 -24"><span class='ocrx_word' id='word_1_333' title='bbox 343 2749 430 2782; x_wconf 86' lang='grc' dir='ltr'><strong>σιν</strong></span> <span class='ocrx_word' id='word_1_334' title='bbox 466 2727 800 2806; x_wconf 73' lang='grc' dir='ltr'>ὑπειληφόσι</span> <span class='ocrx_word' id='word_1_335' title='bbox 830 2726 1136 2797; x_wconf 79' lang='grc' dir='ltr'>καταδεῖξαι</span> <span class='ocrx_word' id='word_1_336' title='bbox 1197 2731 1405 2803; x_wconf 55' lang='grc' dir='ltr'>σαοῶς,</span> <span class='ocrx_word' id='word_1_337' title='bbox 1463 2724 1547 2781; x_wconf 78' lang='grc' dir='ltr'><strong>δτι</strong></span> <span class='ocrx_word' id='word_1_338' title='bbox 1607 2745 1665 2781; x_wconf 90' lang='grc' dir='ltr'><strong>τε</strong></span> <span class='ocrx_word' id='word_1_339' title='bbox 1718 2723 1801 2796; x_wconf 78' lang='grc' dir='ltr'><strong>εἶή</strong></span> <span class='ocrx_word' id='word_1_340' title='bbox 1862 2745 1996 2778; x_wconf 84' lang='grc' dir='ltr'>παν-</span> 
     </span>
    </p>
   </div>
   <div class='ocr_carea' id='block_1_46' title="bbox 337 2811 1997 2897">
    <p class='ocr_par' dir='ltr' id='par_1_46' title="bbox 337 2811 1997 2897">
     <span class='ocr_line' id='line_1_46' title="bbox 337 2811 1997 2897; baseline -0.003 -25"><span class='ocrx_word' id='word_1_341' title='bbox 337 2821 543 2893; x_wconf 80' lang='grc' dir='ltr'>ταχοῦ,</span> <span class='ocrx_word' id='word_1_342' title='bbox 573 2815 660 2871; x_wconf 83' lang='grc' dir='ltr'><strong>καὶ</strong></span> <span class='ocrx_word' id='word_1_343' title='bbox 691 2821 869 2897; x_wconf 75' lang='grc' dir='ltr'>χωρεῖ</span> <span class='ocrx_word' id='word_1_344' title='bbox 897 2817 993 2890; x_wconf 73' lang='grc' dir='ltr'>μὲν</span> <span class='ocrx_word' id='word_1_345' title='bbox 1049 2816 1212 2872; x_wconf 85' lang='grc' dir='ltr'>αὐτὸν</span> <span class='ocrx_word' id='word_1_346' title='bbox 1266 2813 1444 2879; x_wconf 69' lang='grc' dir='ltr'>οὐδὲν,</span> <span class='ocrx_word' id='word_1_347' title='bbox 1501 2816 1619 2884; x_wconf 83' lang='grc' dir='ltr'>ἣκει</span> <span class='ocrx_word' id='word_1_348' title='bbox 1678 2811 1736 2870; x_wconf 72' lang='grc' dir='ltr'>δὲ</span> <span class='ocrx_word' id='word_1_349' title='bbox 1783 2813 1997 2887; x_wconf 78' lang='grc' dir='ltr'>μᾶλλον</span> 
     </span>
    </p>
   </div>
   <div class='ocr_carea' id='block_1_47' title="bbox 336 2903 1996 2981">
    <p class='ocr_par' dir='ltr' id='par_1_47' title="bbox 336 2903 1996 2981">
     <span class='ocr_line' id='line_1_47' title="bbox 336 2903 1996 2981; baseline -0.002 -19"><span class='ocrx_word' id='word_1_350' title='bbox 336 2903 433 2962; x_wconf 72' lang='grc' dir='ltr'><strong>διὰ</strong></span> <span class='ocrx_word' id='word_1_351' title='bbox 465 2909 681 2961; x_wconf 67' lang='grc' dir='ltr'>πάντων</span> <span class='ocrx_word' id='word_1_352' title='bbox 709 2907 892 2975; x_wconf 75' lang='grc' dir='ltr'>αὐτός,</span> <span class='ocrx_word' id='word_1_353' title='bbox 926 2906 1012 2961; x_wconf 83' lang='grc' dir='ltr'><strong>καὶ</strong></span> <span class='ocrx_word' id='word_1_354' title='bbox 1053 2903 1277 2981; x_wconf 88' lang='grc' dir='ltr'>πλήρης</span> <span class='ocrx_word' id='word_1_355' title='bbox 1339 2905 1433 2978; x_wconf 76' lang='grc' dir='ltr'>μὶν</span> <span class='ocrx_word' id='word_1_356' title='bbox 1463 2906 1492 2959; x_wconf 91' lang='lat'><strong>6</strong></span> <span class='ocrx_word' id='word_1_357' title='bbox 1523 2903 1750 2976; x_wconf 77' lang='grc' dir='ltr'>οὐρανὸς</span> <span class='ocrx_word' id='word_1_358' title='bbox 1801 2903 1996 2976; x_wconf 80' lang='grc' dir='ltr'>αὐτοῦ,</span> 
     </span>
    </p>
   </div>
   <div class='ocr_carea' id='block_1_48' title="bbox 339 2991 811 3070">
    <p class='ocr_par' dir='ltr' id='par_1_48' title="bbox 339 2991 811 3070">
     <span class='ocr_line' id='line_1_48' title="bbox 339 2991 811 3070; baseline -0.008 -2"><span class='ocrx_word' id='word_1_359' title='bbox 339 2997 520 3068; x_wconf 78' lang='grc' dir='ltr'>μεπή</span> <span class='ocrx_word' id='word_1_360' title='bbox 554 2991 611 3050; x_wconf 73' lang='grc' dir='ltr'>δὲ</span> <span class='ocrx_word' id='word_1_361' title='bbox 635 2996 668 3064; x_wconf 72' lang='grc' dir='ltr'><strong>ἡ</strong></span> <span class='ocrx_word' id='word_1_362' title='bbox 714 3002 811 3070; x_wconf 80' lang='grc' dir='ltr'><strong>γῆ,</strong></span> 
     </span>
    </p>
   </div>
   <div class='ocr_carea' id='block_1_49' title="bbox 411 3167 1986 3253">
    <p class='ocr_par' dir='ltr' id='par_1_49' title="bbox 411 3167 1986 3253">
     <span class='ocr_line' id='line_1_49' title="bbox 411 3167 1986 3253; baseline -0.001 -27"><span class='ocrx_word' id='word_1_363' title='bbox 411 3198 441 3226; x_wconf 79' lang='grc' dir='ltr'><strong>ιι</strong></span> <span class='ocrx_word' id='word_1_364' title='bbox 471 3171 983 3253; x_wconf 79' lang='grc' dir='ltr'>Σκληροτράχηλοι</span> <span class='ocrx_word' id='word_1_365' title='bbox 1018 3173 1110 3229; x_wconf 81' lang='grc' dir='ltr'><strong>καὶ</strong></span> <span class='ocrx_word' id='word_1_366' title='bbox 1174 3171 1543 3246; x_wconf 81' lang='grc' dir='ltr'>ἀπερίτμητοι</span> <span class='ocrx_word' id='word_1_367' title='bbox 1571 3174 1640 3247; x_wconf 77' lang='grc' dir='ltr'><strong>τῇ</strong></span> <span class='ocrx_word' id='word_1_368' title='bbox 1670 3167 1868 3250; x_wconf 69' lang='grc' dir='ltr'>καρδίᾳ</span> <span class='ocrx_word' id='word_1_369' title='bbox 1895 3169 1986 3226; x_wconf 79' lang='grc' dir='ltr'>καὶ</span> 
     </span>
    </p>
   </div>
   <div class='ocr_carea' id='block_1_50' title="bbox 335 3265 775 3328">
    <p class='ocr_par' dir='ltr' id='par_1_50' title="bbox 335 3265 775 3328">
     <span class='ocr_line' id='line_1_50' title="bbox 335 3265 775 3328; baseline -0.002 -10"><span class='ocrx_word' id='word_1_370' title='bbox 335 3291 363 3318; x_wconf 71' lang='grc' dir='ltr'><strong>α</strong></span> <span class='ocrx_word' id='word_1_371' title='bbox 397 3271 516 3328; x_wconf 82' lang='grc' dir='ltr'>τοῖς</span> <span class='ocrx_word' id='word_1_372' title='bbox 548 3265 680 3322; x_wconf 80' lang='grc' dir='ltr'>ὠσίν</span> <span class='ocrx_word' id='word_1_373' title='bbox 746 3290 775 3318; x_wconf 77' lang='grc' dir='ltr'>ι)</span> 
     </span>
    </p>
   </div>
   <div class='ocr_carea' id='block_1_51' title="bbox 407 3350 1986 3430">
    <p class='ocr_par' dir='ltr' id='par_1_51' title="bbox 407 3350 1986 3430">
     <span class='ocr_line' id='line_1_51' title="bbox 407 3350 1986 3430; baseline -0.004 -19"><span class='ocrx_word' id='word_1_374' title='bbox 407 3355 572 3416; x_wconf 80' lang='grc' dir='ltr'>Τίνος</span> <span class='ocrx_word' id='word_1_375' title='bbox 599 3352 775 3410; x_wconf 72' lang='grc' dir='ltr'>ἕνεκεν</span> <span class='ocrx_word' id='word_1_376' title='bbox 828 3352 993 3430; x_wconf 68' lang='grc' dir='ltr'>μέχρι</span> <span class='ocrx_word' id='word_1_377' title='bbox 1049 3355 1246 3410; x_wconf 74' lang='grc' dir='ltr'>τούτου</span> <span class='ocrx_word' id='word_1_378' title='bbox 1311 3352 1500 3426; x_wconf 81' lang='grc' dir='ltr'>πράως</span> <span class='ocrx_word' id='word_1_379' title='bbox 1561 3350 1986 3430; x_wconf 83' lang='grc' dir='ltr'>δημηγορήσας,</span> 
     </span>
    </p>
   </div>
   <div class='ocr_carea' id='block_1_52' title="bbox 337 3438 1993 3523">
    <p class='ocr_par' dir='ltr' id='par_1_52' title="bbox 337 3438 1993 3523">
     <span class='ocr_line' id='line_1_52' title="bbox 337 3438 1993 3523; baseline -0.002 -25"><span class='ocrx_word' id='word_1_380' title='bbox 337 3442 572 3507; x_wconf 70' lang='grc' dir='ltr'>ἐνταῦθα</span> <span class='ocrx_word' id='word_1_381' title='bbox 599 3445 852 3523; x_wconf 71' lang='grc' dir='ltr'>τραχὲως</span> <span class='ocrx_word' id='word_1_382' title='bbox 883 3447 961 3515; x_wconf 81' lang='grc' dir='ltr'>τῷ</span> <span class='ocrx_word' id='word_1_383' title='bbox 992 3440 1143 3517; x_wconf 86' lang='grc' dir='ltr'>λόγῳ</span> <span class='ocrx_word' id='word_1_384' title='bbox 1172 3442 1440 3520; x_wconf 82' lang='grc' dir='ltr'>κέχρηται</span> <span class='ocrx_word' id='word_1_385' title='bbox 1475 3462 1490 3512; x_wconf 86' lang='grc'><strong>;</strong></span> <span class='ocrx_word' id='word_1_386' title='bbox 1546 3444 1668 3500; x_wconf 83' lang='grc' dir='ltr'><strong>Ὅτι</strong></span> <span class='ocrx_word' id='word_1_387' title='bbox 1726 3441 1872 3516; x_wconf 64' lang='grc' dir='ltr'>ἑώρα</span> <span class='ocrx_word' id='word_1_388' title='bbox 1902 3438 1993 3494; x_wconf 83' lang='grc' dir='ltr'><strong>αὐ-</strong></span> 
     </span>
    </p>
   </div>
   <div class='ocr_carea' id='block_1_53' title="bbox 337 3531 1506 3611">
    <p class='ocr_par' dir='ltr' id='par_1_53' title="bbox 337 3531 1506 3611">
     <span class='ocr_line' id='line_1_53' title="bbox 337 3531 1506 3611; baseline -0.002 -21"><span class='ocrx_word' id='word_1_389' title='bbox 337 3534 469 3596; x_wconf 75' lang='grc' dir='ltr'>τοὺς</span> <span class='ocrx_word' id='word_1_390' title='bbox 503 3536 581 3606; x_wconf 81' lang='grc' dir='ltr'>μή</span> <span class='ocrx_word' id='word_1_391' title='bbox 613 3536 986 3611; x_wconf 66' lang='grc' dir='ltr'>προσέχοντας</span> <span class='ocrx_word' id='word_1_392' title='bbox 1015 3540 1131 3598; x_wconf 88' lang='grc' dir='ltr'>τοῖς</span> <span class='ocrx_word' id='word_1_393' title='bbox 1160 3531 1506 3611; x_wconf 78' lang='grc' dir='ltr'>λογομένοις·</span> 
     </span>
    </p>
   </div>
   <div class='ocr_carea' id='block_1_54' title="bbox 411 3712 1916 3791">
    <p class='ocr_par' dir='ltr' id='par_1_54' title="bbox 411 3712 1916 3791">
     <span class='ocr_line' id='line_1_54' title="bbox 411 3712 1916 3791; baseline -0.001 -27"><span class='ocrx_word' id='word_1_394' title='bbox 411 3737 440 3764; x_wconf 72' lang='lat' dir='ltr'><strong>u</strong></span> <span class='ocrx_word' id='word_1_395' title='bbox 467 3714 650 3788; x_wconf 75' lang='grc' dir='ltr'>Ὑμεῖς</span> <span class='ocrx_word' id='word_1_396' title='bbox 683 3715 765 3769; x_wconf 78' lang='grc' dir='ltr'>ἀεὶ</span> <span class='ocrx_word' id='word_1_397' title='bbox 791 3713 871 3787; x_wconf 77' lang='grc' dir='ltr'>τῷ</span> <span class='ocrx_word' id='word_1_398' title='bbox 907 3713 1180 3787; x_wconf 71' lang='grc' dir='ltr'>Πνεόματι</span> <span class='ocrx_word' id='word_1_399' title='bbox 1218 3719 1300 3787; x_wconf 78' lang='grc' dir='ltr'><strong>τῷ</strong></span> <span class='ocrx_word' id='word_1_400' title='bbox 1327 3713 1462 3791; x_wconf 81' lang='grc' dir='ltr'>ἁγίῳ</span> <span class='ocrx_word' id='word_1_401' title='bbox 1493 3712 1852 3770; x_wconf 78' lang='grc' dir='ltr'>ἀντιπίπτετε.</span> <span class='ocrx_word' id='word_1_402' title='bbox 1888 3737 1916 3764; x_wconf 73' lang='grc' dir='ltr'>ι)</span> 
     </span>
    </p>
   </div>
   <div class='ocr_carea' id='block_1_55' title="bbox 409 3802 1993 3876">
    <p class='ocr_par' dir='ltr' id='par_1_55' title="bbox 409 3802 1993 3876">
     <span class='ocr_line' id='line_1_55' title="bbox 409 3802 1993 3876; baseline -0.001 -17"><span class='ocrx_word' id='word_1_403' title='bbox 409 3803 521 3859; x_wconf 67' lang='grc' dir='ltr'>Οὐκ</span> <span class='ocrx_word' id='word_1_404' title='bbox 553 3804 693 3872; x_wconf 83' lang='grc' dir='ltr'>εἷπε,</span> <span class='ocrx_word' id='word_1_405' title='bbox 724 3807 804 3875; x_wconf 83' lang='grc' dir='ltr'>τῷ</span> <span class='ocrx_word' id='word_1_406' title='bbox 871 3808 987 3874; x_wconf 85' lang='grc' dir='ltr'>Θεῷ</span> <span class='ocrx_word' id='word_1_407' title='bbox 1043 3803 1412 3868; x_wconf 74' lang='grc' dir='ltr'>ἀντιπίπτετε,</span> <span class='ocrx_word' id='word_1_408' title='bbox 1470 3802 1638 3871; x_wconf 75' lang='grc' dir='ltr'>ἀλλὰ,</span> <span class='ocrx_word' id='word_1_409' title='bbox 1696 3802 1776 3876; x_wconf 83' lang='grc' dir='ltr'><strong>τῷ</strong></span> <span class='ocrx_word' id='word_1_410' title='bbox 1827 3804 1993 3862; x_wconf 73' lang='grc' dir='ltr'><strong>ΙῙνεῦ-</strong></span> 
     </span>
    </p>
   </div>
   <div class='ocr_carea' id='block_1_56' title="bbox 343 3889 1987 3973">
    <p class='ocr_par' dir='ltr' id='par_1_56' title="bbox 343 3889 1987 3973">
     <span class='ocr_line' id='line_1_56' title="bbox 343 3889 1987 3973; baseline 0.001 -26"><span class='ocrx_word' id='word_1_411' title='bbox 343 3914 476 3966; x_wconf 86' lang='grc' dir='ltr'>ματι</span> <span class='ocrx_word' id='word_1_412' title='bbox 507 3897 588 3966; x_wconf 80' lang='grc' dir='ltr'><strong>τῷ</strong></span> <span class='ocrx_word' id='word_1_413' title='bbox 618 3892 996 3966; x_wconf 72' lang='grc' dir='ltr'>ἁγίωοῧτως</span> <span class='ocrx_word' id='word_1_414' title='bbox 1051 3891 1310 3969; x_wconf 76' lang='grc' dir='ltr'>οὐδεμῖαν</span> <span class='ocrx_word' id='word_1_415' title='bbox 1362 3891 1478 3949; x_wconf 74' lang='grc' dir='ltr'>οἶδε</span> <span class='ocrx_word' id='word_1_416' title='bbox 1531 3889 1815 3973; x_wconf 72' lang='grc' dir='ltr'>διαφορὰν,</span> <span class='ocrx_word' id='word_1_417' title='bbox 1873 3893 1987 3949; x_wconf 81' lang='grc' dir='ltr'>ἐπεὶ</span> 
     </span>
    </p>
   </div>
   <div class='ocr_carea' id='block_1_57' title="bbox 331 3979 1990 4056">
    <p class='ocr_par' dir='ltr' id='par_1_57' title="bbox 331 3979 1990 4056">
     <span class='ocr_line' id='line_1_57' title="bbox 331 3979 1990 4056; baseline -0.001 -18"><span class='ocrx_word' id='word_1_418' title='bbox 331 3983 426 4038; x_wconf 75' lang='grc' dir='ltr'><strong>καὶ</strong></span> <span class='ocrx_word' id='word_1_419' title='bbox 455 3983 520 4036; x_wconf 85' lang='grc' dir='ltr'><strong>τὸ</strong></span> <span class='ocrx_word' id='word_1_420' title='bbox 553 3983 775 4054; x_wconf 72' lang='grc' dir='ltr'>Πνεῦμα</span> <span class='ocrx_word' id='word_1_421' title='bbox 797 3983 952 4050; x_wconf 86' lang='grc' dir='ltr'>Θεὸς,</span> <span class='ocrx_word' id='word_1_422' title='bbox 994 3980 1088 4037; x_wconf 75' lang='grc' dir='ltr'><strong>κόἷν</strong></span> <span class='ocrx_word' id='word_1_423' title='bbox 1123 3985 1198 4056; x_wconf 74' lang='grc' dir='ltr'>μὴ</span> <span class='ocrx_word' id='word_1_424' title='bbox 1229 3979 1368 4056; x_wconf 85' lang='grc' dir='ltr'>δοκῇ</span> <span class='ocrx_word' id='word_1_425' title='bbox 1400 3988 1516 4045; x_wconf 82' lang='grc' dir='ltr'>τοῖς</span> <span class='ocrx_word' id='word_1_426' title='bbox 1548 3983 1747 4044; x_wconf 80' lang='grc' dir='ltr'>ἀθέοις.</span> <span class='ocrx_word' id='word_1_427' title='bbox 1808 3983 1990 4056; x_wconf 77' lang='grc' dir='ltr'>Ὑμεῖς</span> 
     </span>
    </p>
   </div>
   <div class='ocr_carea' id='block_1_58' title="bbox 334 4071 1989 4147">
    <p class='ocr_par' dir='ltr' id='par_1_58' title="bbox 334 4071 1989 4147">
     <span class='ocr_line' id='line_1_58' title="bbox 334 4071 1989 4147; baseline -0.001 -20"><span class='ocrx_word' id='word_1_428' title='bbox 334 4071 524 4128; x_wconf 80' lang='grc' dir='ltr'>τοίνυν</span> <span class='ocrx_word' id='word_1_429' title='bbox 559 4071 666 4140; x_wconf 78' lang='grc' dir='ltr'>ἀεὶ,</span> <span class='ocrx_word' id='word_1_430' title='bbox 727 4073 921 4143; x_wconf 78' lang='grc' dir='ltr'>ῳησῐν,</span> <span class='ocrx_word' id='word_1_431' title='bbox 981 4073 1323 4128; x_wconf 80' lang='grc' dir='ltr'>ἀντιπίπτετε</span> <span class='ocrx_word' id='word_1_432' title='bbox 1377 4077 1457 4145; x_wconf 73' lang='grc' dir='ltr'>τῷ</span> <span class='ocrx_word' id='word_1_433' title='bbox 1513 4077 1649 4144; x_wconf 80' lang='grc' dir='ltr'>Θεῷ.</span> <span class='ocrx_word' id='word_1_434' title='bbox 1700 4074 1829 4130; x_wconf 86' lang='grc' dir='ltr'>Ὅτε</span> <span class='ocrx_word' id='word_1_435' title='bbox 1888 4073 1989 4147; x_wconf 81' lang='grc' dir='ltr'>γᾶρ</span> 
     </span>
    </p>
   </div>
   <div class='ocr_carea' id='block_1_59' title="bbox 332 4157 1991 4232">
    <p class='ocr_par' dir='ltr' id='par_1_59' title="bbox 332 4157 1991 4232">
     <span class='ocr_line' id='line_1_59' title="bbox 332 4157 1991 4232; baseline -0.001 -14"><span class='ocrx_word' id='word_1_436' title='bbox 332 4157 601 4218; x_wconf 69' lang='grc' dir='ltr'>ἐϐούλετο</span> <span class='ocrx_word' id='word_1_437' title='bbox 633 4162 818 4225; x_wconf 81' lang='grc' dir='ltr'>Θυσίας</span> <span class='ocrx_word' id='word_1_438' title='bbox 851 4162 1008 4232; x_wconf 79' lang='grc' dir='ltr'>εἶναι,</span> <span class='ocrx_word' id='word_1_439' title='bbox 1060 4160 1160 4216; x_wconf 80' lang='grc' dir='ltr'>τόκ</span> <span class='ocrx_word' id='word_1_440' title='bbox 1209 4159 1388 4218; x_wconf 56' lang='grc' dir='ltr'>ἒθλόετε</span> <span class='ocrx_word' id='word_1_441' title='bbox 1444 4162 1614 4232; x_wconf 76' lang='grc' dir='ltr'>αὐτῷ,</span> <span class='ocrx_word' id='word_1_442' title='bbox 1674 4161 1764 4220; x_wconf 81' lang='grc' dir='ltr'><strong>ὅτε</strong></span> <span class='ocrx_word' id='word_1_443' title='bbox 1815 4159 1871 4218; x_wconf 77' lang='grc' dir='ltr'>δὲ</span> <span class='ocrx_word' id='word_1_444' title='bbox 1929 4161 1991 4217; x_wconf 82' lang='grc' dir='ltr'>οὗ</span> 
     </span>
    </p>
   </div>
   <div class='ocr_carea' id='block_1_60' title="bbox 331 4249 1991 4327">
    <p class='ocr_par' dir='ltr' id='par_1_60' title="bbox 331 4249 1991 4327">
     <span class='ocr_line' id='line_1_60' title="bbox 331 4249 1991 4327; baseline 0.001 -22"><span class='ocrx_word' id='word_1_445' title='bbox 331 4250 620 4327; x_wconf 66' lang='grc' dir='ltr'>βούλεται,</span> <span class='ocrx_word' id='word_1_446' title='bbox 668 4250 840 4315; x_wconf 70' lang='grc' dir='ltr'>θύετε.</span> <span class='ocrx_word' id='word_1_447' title='bbox 890 4253 1015 4305; x_wconf 83' lang='grc' dir='ltr'>Ὂτε</span> <span class='ocrx_word' id='word_1_448' title='bbox 1065 4250 1300 4322; x_wconf 75' lang='grc' dir='ltr'>εἱστήκει</span> <span class='ocrx_word' id='word_1_449' title='bbox 1335 4253 1363 4307; x_wconf 93' lang='lat'><strong>6</strong></span> <span class='ocrx_word' id='word_1_450' title='bbox 1417 4252 1562 4319; x_wconf 76' lang='grc' dir='ltr'>ναὸς,</span> <span class='ocrx_word' id='word_1_451' title='bbox 1624 4249 1830 4308; x_wconf 71' lang='grc' dir='ltr'>εἴδωλα</span> <span class='ocrx_word' id='word_1_452' title='bbox 1887 4250 1991 4317; x_wconf 74' lang='grc' dir='ltr'><strong>ἐθε.</strong></span> 
     </span>
    </p>
   </div>
   <div class='ocr_carea' id='block_1_61' title="bbox 330 4339 1996 4418">
    <p class='ocr_par' dir='ltr' id='par_1_61' title="bbox 330 4339 1996 4418">
     <span class='ocr_line' id='line_1_61' title="bbox 330 4339 1996 4418; baseline 0.001 -22"><span class='ocrx_word' id='word_1_453' title='bbox 330 4340 614 4417; x_wconf 62' lang='lat' dir='ltr'><strong>parm-33:1.</strong></span> <span class='ocrx_word' id='word_1_454' title='bbox 698 4342 826 4399; x_wconf 70' lang='grc' dir='ltr'><strong>Ὀτι</strong></span> <span class='ocrx_word' id='word_1_455' title='bbox 911 4339 1169 4417; x_wconf 73' lang='grc' dir='ltr'>βούλεται</span> <span class='ocrx_word' id='word_1_456' title='bbox 1244 4341 1420 4418; x_wconf 84' lang='grc' dir='ltr'>χωρὶς</span> <span class='ocrx_word' id='word_1_457' title='bbox 1505 4347 1638 4396; x_wconf 79' lang='grc' dir='ltr'>ναοῦ</span> <span class='ocrx_word' id='word_1_458' title='bbox 1711 4342 1996 4413; x_wconf 75' lang='grc' dir='ltr'>θεραπεύε-</span> 
     </span>
    </p>
   </div>
   <div class='ocr_carea' id='block_1_62' title="bbox 328 4429 1991 4506">
    <p class='ocr_par' dir='ltr' id='par_1_62' title="bbox 328 4429 1991 4506">
     <span class='ocr_line' id='line_1_62' title="bbox 328 4429 1991 4506; baseline 0.001 -21"><span class='ocrx_word' id='word_1_459' title='bbox 328 4442 484 4498; x_wconf 80' lang='grc' dir='ltr'>σθαι,</span> <span class='ocrx_word' id='word_1_460' title='bbox 516 4429 578 4484; x_wconf 89' lang='grc' dir='ltr'><strong>τὸ</strong></span> <span class='ocrx_word' id='word_1_461' title='bbox 611 4429 848 4486; x_wconf 83' lang='grc' dir='ltr'>ἐναντίον</span> <span class='ocrx_word' id='word_1_462' title='bbox 883 4436 1113 4498; x_wconf 83' lang='grc' dir='ltr'>ποιεῖτε,</span> <span class='ocrx_word' id='word_1_463' title='bbox 1143 4430 1314 4503; x_wconf 81' lang='grc' dir='ltr'>ὃμοια</span> <span class='ocrx_word' id='word_1_464' title='bbox 1343 4434 1460 4493; x_wconf 87' lang='grc' dir='ltr'>τοῖς</span> <span class='ocrx_word' id='word_1_465' title='bbox 1512 4432 1776 4506; x_wconf 72' lang='grc' dir='ltr'>πατράσιν</span> <span class='ocrx_word' id='word_1_466' title='bbox 1840 4433 1991 4506; x_wconf 81' lang='grc' dir='ltr'>ὑμῶν</span> 
     </span>
    </p>
   </div>
   <div class='ocr_carea' id='block_1_63' title="bbox 333 4517 828 4594">
    <p class='ocr_par' dir='ltr' id='par_1_63' title="bbox 333 4517 828 4594">
     <span class='ocr_line' id='line_1_63' title="bbox 333 4517 828 4594; baseline 0 -18"><span class='ocrx_word' id='word_1_467' title='bbox 333 4517 828 4594; x_wconf 79' lang='grc' dir='ltr'>διαπραττόμενοι.</span> 
     </span>
    </p>
   </div>
   <div class='ocr_carea' id='block_1_64' title="bbox 415 4699 1488 4774">
    <p class='ocr_par' dir='ltr' id='par_1_64' title="bbox 415 4699 1488 4774">
     <span class='ocr_line' id='line_1_64' title="bbox 415 4699 1488 4774; baseline -0.003 -18"><span class='ocrx_word' id='word_1_468' title='bbox 415 4720 438 4750; x_wconf 73' lang='grc' dir='ltr'><strong>α</strong></span> <span class='ocrx_word' id='word_1_469' title='bbox 469 4699 564 4763; x_wconf 81' lang='grc' dir='ltr'>Ὠς</span> <span class='ocrx_word' id='word_1_470' title='bbox 593 4699 643 4754; x_wconf 79' lang='grc' dir='ltr'><strong>οὶ</strong></span> <span class='ocrx_word' id='word_1_471' title='bbox 674 4699 899 4774; x_wconf 70' lang='grc' dir='ltr'>πατέρες</span> <span class='ocrx_word' id='word_1_472' title='bbox 931 4699 1106 4773; x_wconf 78' lang='grc' dir='ltr'>ὑμῶν,</span> <span class='ocrx_word' id='word_1_473' title='bbox 1126 4700 1216 4755; x_wconf 84' lang='grc' dir='ltr'>καὶ</span> <span class='ocrx_word' id='word_1_474' title='bbox 1251 4700 1425 4772; x_wconf 79' lang='grc' dir='ltr'>ὑμεῖς.</span> <span class='ocrx_word' id='word_1_475' title='bbox 1458 4721 1488 4753; x_wconf 75' lang='grc' dir='ltr'><strong>ι</strong></span> 
     </span>
    </p>
   </div>
   <div class='ocr_carea' id='block_1_65' title="bbox 408 4789 1988 4863">
    <p class='ocr_par' dir='ltr' id='par_1_65' title="bbox 408 4789 1988 4863">
     <span class='ocr_line' id='line_1_65' title="bbox 408 4789 1988 4863; baseline 0 -17"><span class='ocrx_word' id='word_1_476' title='bbox 408 4790 656 4846; x_wconf 85' lang='grc' dir='ltr'>Δείκνυσι</span> <span class='ocrx_word' id='word_1_477' title='bbox 725 4791 789 4846; x_wconf 90' lang='grc' dir='ltr'><strong>τὸ</strong></span> <span class='ocrx_word' id='word_1_478' title='bbox 867 4791 1030 4846; x_wconf 89' lang='grc' dir='ltr'>κακὸν</span> <span class='ocrx_word' id='word_1_479' title='bbox 1110 4789 1308 4846; x_wconf 79' lang='grc' dir='ltr'>ἄνωθεν</span> <span class='ocrx_word' id='word_1_480' title='bbox 1395 4790 1470 4853; x_wconf 82' lang='grc' dir='ltr'><strong>είς</strong></span> <span class='ocrx_word' id='word_1_481' title='bbox 1540 4789 1734 4855; x_wconf 76' lang='grc' dir='ltr'>αὐτοὺς</span> <span class='ocrx_word' id='word_1_482' title='bbox 1781 4790 1988 4863; x_wconf 86' lang='grc' dir='ltr'>κατιόν,</span> 
     </span>
    </p>
   </div>
   <div class='ocr_carea' id='block_1_66' title="bbox 327 4877 1990 4956">
    <p class='ocr_par' dir='ltr' id='par_1_66' title="bbox 327 4877 1990 4956">
     <span class='ocr_line' id='line_1_66' title="bbox 327 4877 1990 4956; baseline 0.002 -21"><span class='ocrx_word' id='word_1_483' title='bbox 327 4880 492 4935; x_wconf 69' lang='grc' dir='ltr'>Οὕτω</span> <span class='ocrx_word' id='word_1_484' title='bbox 573 4881 663 4934; x_wconf 77' lang='grc' dir='ltr'>καὶ</span> <span class='ocrx_word' id='word_1_485' title='bbox 726 4881 754 4934; x_wconf 87' lang='lat'><strong>6</strong></span> <span class='ocrx_word' id='word_1_486' title='bbox 812 4878 1046 4955; x_wconf 80' lang='grc' dir='ltr'>Χριστδς</span> <span class='ocrx_word' id='word_1_487' title='bbox 1104 4879 1299 4952; x_wconf 79' lang='grc' dir='ltr'>ἐποίει,</span> <span class='ocrx_word' id='word_1_488' title='bbox 1361 4877 1588 4951; x_wconf 78' lang='grc' dir='ltr'>Ἐπειδὴ</span> <span class='ocrx_word' id='word_1_489' title='bbox 1643 4880 1851 4956; x_wconf 70' lang='grc' dir='ltr'>μεγάλα</span> <span class='ocrx_word' id='word_1_490' title='bbox 1909 4882 1990 4938; x_wconf 80' lang='grc' dir='ltr'>ἀεὶ</span> 
     </span>
    </p>
   </div>
   <div class='ocr_carea' id='block_1_67' title="bbox 330 4966 1133 5045">
    <p class='ocr_par' dir='ltr' id='par_1_67' title="bbox 330 4966 1133 5045">
     <span class='ocr_line' id='line_1_67' title="bbox 330 4966 1133 5045; baseline -0.004 -20"><span class='ocrx_word' id='word_1_491' title='bbox 330 4969 424 5026; x_wconf 77' lang='grc' dir='ltr'><strong>ὲπῗ</strong></span> <span class='ocrx_word' id='word_1_492' title='bbox 455 4975 574 5031; x_wconf 86' lang='grc' dir='ltr'>τοῖς</span> <span class='ocrx_word' id='word_1_493' title='bbox 604 4974 866 5043; x_wconf 75' lang='grc' dir='ltr'>πατράσιν</span> <span class='ocrx_word' id='word_1_494' title='bbox 899 4966 1133 5045; x_wconf 68' lang='grc' dir='ltr'>ηὔχουν.</span> 
     </span>
    </p>
   </div>
   <div class='ocr_carea' id='block_1_68' title="bbox 408 5055 1990 5137">
    <p class='ocr_par' dir='ltr' id='par_1_68' title="bbox 408 5055 1990 5137">
     <span class='ocr_line' id='line_1_68' title="bbox 408 5055 1990 5137; baseline 0.004 -27"><span class='ocrx_word' id='word_1_495' title='bbox 408 5058 607 5115; x_wconf 75' lang='grc' dir='ltr'>«Τίνα</span> <span class='ocrx_word' id='word_1_496' title='bbox 657 5062 768 5114; x_wconf 82' lang='grc' dir='ltr'>τῶν</span> <span class='ocrx_word' id='word_1_497' title='bbox 851 5063 1152 5132; x_wconf 68' lang='grc' dir='ltr'>προφητῶν</span> <span class='ocrx_word' id='word_1_498' title='bbox 1213 5057 1315 5114; x_wconf 79' lang='grc' dir='ltr'><strong>οὐκ</strong></span> <span class='ocrx_word' id='word_1_499' title='bbox 1369 5055 1591 5132; x_wconf 73' lang='grc' dir='ltr'>ἐδίωξαν</span> <span class='ocrx_word' id='word_1_500' title='bbox 1655 5058 1707 5115; x_wconf 80' lang='grc' dir='ltr'>οἰ</span> <span class='ocrx_word' id='word_1_501' title='bbox 1764 5059 1990 5137; x_wconf 66' lang='grc' dir='ltr'>πατέρες</span> 
     </span>
    </p>
   </div>
   <div class='ocr_carea' id='block_1_69' title="bbox 334 5149 658 5220">
    <p class='ocr_par' dir='ltr' id='par_1_69' title="bbox 334 5149 658 5220">
     <span class='ocr_line' id='line_1_69' title="bbox 334 5149 658 5220; baseline -0.006 -21"><span class='ocrx_word' id='word_1_502' title='bbox 334 5174 365 5200; x_wconf 73' lang='grc' dir='ltr'><strong>(ί</strong></span> <span class='ocrx_word' id='word_1_503' title='bbox 630 5170 658 5199; x_wconf 70' lang='grc' dir='ltr'>ι)</span> 
     </span>
    </p>
   </div>
   <div class='ocr_carea' id='block_1_70' title="bbox 406 5235 1989 5316">
    <p class='ocr_par' dir='ltr' id='par_1_70' title="bbox 406 5235 1989 5316">
     <span class='ocr_line' id='line_1_70' title="bbox 406 5235 1989 5316; baseline -0.002 -21"><span class='ocrx_word' id='word_1_504' title='bbox 406 5240 592 5295; x_wconf 70' lang='grc' dir='ltr'>Ταῦτα</span> <span class='ocrx_word' id='word_1_505' title='bbox 631 5235 859 5313; x_wconf 69' lang='grc' dir='ltr'>λὲγοντα</span> <span class='ocrx_word' id='word_1_506' title='bbox 905 5237 998 5292; x_wconf 91' lang='grc' dir='ltr'><strong>τὸν</strong></span> <span class='ocrx_word' id='word_1_507' title='bbox 1064 5238 1328 5310; x_wconf 69' lang='grc' dir='ltr'>μακάριον</span> <span class='ocrx_word' id='word_1_508' title='bbox 1392 5237 1658 5316; x_wconf 76' lang='grc' dir='ltr'>Στέφανον</span> <span class='ocrx_word' id='word_1_509' title='bbox 1705 5237 1989 5312; x_wconf 68' lang='grc' dir='ltr'>ἀληθεύειν</span> 
     </span>
    </p>
   </div>
   <div class='ocr_carea' id='block_1_71' title="bbox 332 5324 1992 5407">
    <p class='ocr_par' dir='ltr' id='par_1_71' title="bbox 332 5324 1992 5407">
     <span class='ocr_line' id='line_1_71' title="bbox 332 5324 1992 5407; baseline 0.001 -24"><span class='ocrx_word' id='word_1_510' title='bbox 332 5327 501 5383; x_wconf 75' lang='grc' dir='ltr'>αὐτὸν</span> <span class='ocrx_word' id='word_1_511' title='bbox 554 5324 799 5399; x_wconf 68' lang='grc' dir='ltr'>οῗδαμεν,</span> <span class='ocrx_word' id='word_1_512' title='bbox 867 5326 1139 5399; x_wconf 71' lang='grc' dir='ltr'>ΙΙνεόματι</span> <span class='ocrx_word' id='word_1_513' title='bbox 1191 5328 1334 5405; x_wconf 83' lang='grc' dir='ltr'>ἁγίῳ</span> <span class='ocrx_word' id='word_1_514' title='bbox 1383 5329 1770 5407; x_wconf 69' lang='grc' dir='ltr'>φθεγγόμενον.</span> <span class='ocrx_word' id='word_1_515' title='bbox 1822 5331 1992 5388; x_wconf 78' lang='grc' dir='ltr'>Ἀπο-</span> 
     </span>
    </p>
   </div>
   <div class='ocr_carea' id='block_1_72' title="bbox 336 5414 1990 5500">
    <p class='ocr_par' dir='ltr' id='par_1_72' title="bbox 336 5414 1990 5500">
     <span class='ocr_line' id='line_1_72' title="bbox 336 5414 1990 5500; baseline 0.001 -25"><span class='ocrx_word' id='word_1_516' title='bbox 336 5416 510 5491; x_wconf 77' lang='grc' dir='ltr'>δεῖξαι</span> <span class='ocrx_word' id='word_1_517' title='bbox 541 5414 602 5472; x_wconf 74' lang='grc' dir='ltr'>δὶ</span> <span class='ocrx_word' id='word_1_518' title='bbox 652 5417 758 5474; x_wconf 83' lang='grc' dir='ltr'><strong>ἀπὸ</strong></span> <span class='ocrx_word' id='word_1_519' title='bbox 813 5422 914 5486; x_wconf 85' lang='grc' dir='ltr'><strong>τῆς</strong></span> <span class='ocrx_word' id='word_1_520' title='bbox 959 5414 1196 5479; x_wconf 84' lang='grc' dir='ltr'>παλαιᾶς</span> <span class='ocrx_word' id='word_1_521' title='bbox 1249 5415 1540 5492; x_wconf 80' lang='grc' dir='ltr'>διαθήκης,</span> <span class='ocrx_word' id='word_1_522' title='bbox 1600 5424 1717 5484; x_wconf 82' lang='grc' dir='ltr'><strong>πῶς</strong></span> <span class='ocrx_word' id='word_1_523' title='bbox 1781 5420 1990 5500; x_wconf 68' lang='grc' dir='ltr'>μέμφε-</span> 
     </span>
    </p>
   </div>
   <div class='ocr_carea' id='block_1_73' title="bbox 409 5597 1474 5674">
    <p class='ocr_par' dir='ltr' id='par_1_73' title="bbox 409 5597 1474 5674">
     <span class='ocr_line' id='line_1_73' title="bbox 409 5597 1474 5674; baseline 0.004 -19"><span class='ocrx_word' id='word_1_524' title='bbox 409 5598 460 5634; x_wconf 74' lang='grc' dir='ltr'><strong><em>ὀ</em></strong></span> <span class='ocrx_word' id='word_1_525' title='bbox 491 5597 572 5668; x_wconf 81' lang='grc' dir='ltr'><strong>ιιι</strong></span> <span class='ocrx_word' id='word_1_526' title='bbox 602 5598 742 5674; x_wconf 74' lang='lat' dir='ltr'><strong>Reg.</strong></span> <span class='ocrx_word' id='word_1_527' title='bbox 772 5614 854 5669; x_wconf 68' lang='grc' dir='ltr'><strong>τι,</strong></span> <span class='ocrx_word' id='word_1_528' title='bbox 885 5614 1052 5673; x_wconf 73' lang='lat' dir='ltr'><strong>seqq.</strong></span> <span class='ocrx_word' id='word_1_529' title='bbox 1127 5597 1173 5636; x_wconf 72' lang='grc' dir='ltr'>’ί</span> <span class='ocrx_word' id='word_1_530' title='bbox 1202 5597 1367 5658; x_wconf 82' lang='lat' dir='ltr'><strong>Joan.</strong></span> <span class='ocrx_word' id='word_1_531' title='bbox 1400 5614 1474 5659; x_wconf 74' lang='lat' dir='ltr'><strong>iv.</strong></span> 
     </span>
    </p>
   </div>
   <div class='ocr_carea' id='block_1_74' title="bbox 2023 4477 2070 4543">
    <p class='ocr_par' dir='ltr' id='par_1_74' title="bbox 2023 4477 2070 4543">
     <span class='ocr_line' id='line_1_74' title="bbox 2023 4477 2070 4543; baseline 0 0"><span class='ocrx_word' id='word_1_532' title='bbox 2023 4477 2070 4543; x_wconf 90' lang='lat' dir='ltr'><strong>D</strong></span> 
     </span>
    </p>
   </div>
   <div class='ocr_carea' id='block_1_75' title="bbox 2108 1831 3752 1903">
    <p class='ocr_par' dir='ltr' id='par_1_75' title="bbox 2108 1831 3752 1903">
     <span class='ocr_line' id='line_1_75' title="bbox 2108 1831 3752 1903; baseline 0.005 -18"><span class='ocrx_word' id='word_1_533' title='bbox 2108 1835 2173 1886; x_wconf 92' lang='lat' dir='ltr'><strong>ut</strong></span> <span class='ocrx_word' id='word_1_534' title='bbox 2201 1835 2515 1903; x_wconf 87' lang='lat' dir='ltr'><strong>postquam</strong></span> <span class='ocrx_word' id='word_1_535' title='bbox 2548 1831 2609 1886; x_wconf 90' lang='lat' dir='ltr'><strong>in</strong></span> <span class='ocrx_word' id='word_1_536' title='bbox 2640 1831 2942 1887; x_wconf 88' lang='lat' dir='ltr'><strong>montibus</strong></span> <span class='ocrx_word' id='word_1_537' title='bbox 2973 1833 3456 1890; x_wconf 89' lang='lat' dir='ltr'><strong>circumerrando</strong></span> <span class='ocrx_word' id='word_1_538' title='bbox 3489 1835 3752 1893; x_wconf 87' lang='lat' dir='ltr'><strong>laboras-</strong></span> 
     </span>
    </p>
   </div>
   <div class='ocr_carea' id='block_1_76' title="bbox 2109 1921 3759 1999">
    <p class='ocr_par' dir='ltr' id='par_1_76' title="bbox 2109 1921 3759 1999">
     <span class='ocr_line' id='line_1_76' title="bbox 2109 1921 3759 1999; baseline 0.005 -25"><span class='ocrx_word' id='word_1_539' title='bbox 2109 1927 2261 1986; x_wconf 90' lang='lat' dir='ltr'><strong>sent,</strong></span> <span class='ocrx_word' id='word_1_540' title='bbox 2293 1937 2478 1976; x_wconf 91' lang='lat' dir='ltr'><strong>unum</strong></span> <span class='ocrx_word' id='word_1_541' title='bbox 2512 1921 2730 1988; x_wconf 90' lang='lat' dir='ltr'><strong>locum,</strong></span> <span class='ocrx_word' id='word_1_542' title='bbox 2764 1922 2864 1993; x_wconf 87' lang='lat' dir='ltr'><strong>qui</strong></span> <span class='ocrx_word' id='word_1_543' title='bbox 2899 1927 3056 1978; x_wconf 91' lang='lat' dir='ltr'><strong>esset</strong></span> <span class='ocrx_word' id='word_1_544' title='bbox 3085 1923 3144 1978; x_wconf 93' lang='lat' dir='ltr'><strong>in</strong></span> <span class='ocrx_word' id='word_1_545' title='bbox 3174 1925 3522 1984; x_wconf 86' lang='lat' dir='ltr'><strong>Jerusalem.</strong></span> <span class='ocrx_word' id='word_1_546' title='bbox 3555 1926 3759 1999; x_wconf 81' lang='lat' dir='ltr'><strong>dilige-</strong></span> 
     </span>
    </p>
   </div>
   <div class='ocr_carea' id='block_1_77' title="bbox 2109 2011 3750 2081">
    <p class='ocr_par' dir='ltr' id='par_1_77' title="bbox 2109 2011 3750 2081">
     <span class='ocr_line' id='line_1_77' title="bbox 2109 2011 3750 2081; baseline 0.005 -17"><span class='ocrx_word' id='word_1_547' title='bbox 2109 2016 2260 2076; x_wconf 90' lang='lat' dir='ltr'><strong>rent,</strong></span> <span class='ocrx_word' id='word_1_548' title='bbox 2289 2026 2467 2081; x_wconf 91' lang='lat' dir='ltr'><strong>quem</strong></span> <span class='ocrx_word' id='word_1_549' title='bbox 2510 2013 2662 2067; x_wconf 89' lang='lat' dir='ltr'><strong>Deus</strong></span> <span class='ocrx_word' id='word_1_550' title='bbox 2717 2011 2777 2067; x_wconf 89' lang='lat' dir='ltr'><strong>in</strong></span> <span class='ocrx_word' id='word_1_551' title='bbox 2819 2012 3044 2068; x_wconf 90' lang='lat' dir='ltr'><strong>honore</strong></span> <span class='ocrx_word' id='word_1_552' title='bbox 3104 2013 3429 2069; x_wconf 86' lang='lat' dir='ltr'><strong>habuisset.</strong></span> <span class='ocrx_word' id='word_1_553' title='bbox 3491 2015 3557 2072; x_wconf 84' lang='lat' dir='ltr'><strong>Hi</strong></span> <span class='ocrx_word' id='word_1_554' title='bbox 3617 2033 3750 2072; x_wconf 91' lang='lat' dir='ltr'><strong>vero</strong></span> 
     </span>
    </p>
   </div>
   <div class='ocr_carea' id='block_1_78' title="bbox 2105 2100 3749 2175">
    <p class='ocr_par' dir='ltr' id='par_1_78' title="bbox 2105 2100 3749 2175">
     <span class='ocr_line' id='line_1_78' title="bbox 2105 2100 3749 2175; baseline 0.004 -20"><span class='ocrx_word' id='word_1_555' title='bbox 2105 2116 2241 2155; x_wconf 90' lang='lat' dir='ltr'><strong>cum</strong></span> <span class='ocrx_word' id='word_1_556' title='bbox 2295 2100 2604 2158; x_wconf 91' lang='lat' dir='ltr'><strong>intellectu</strong></span> <span class='ocrx_word' id='word_1_557' title='bbox 2636 2101 2786 2157; x_wconf 88' lang='lat' dir='ltr'><strong>tardi</strong></span> <span class='ocrx_word' id='word_1_558' title='bbox 2846 2108 3068 2169; x_wconf 88' lang='lat' dir='ltr'><strong>essent,</strong></span> <span class='ocrx_word' id='word_1_559' title='bbox 3122 2103 3344 2175; x_wconf 86' lang='lat' dir='ltr'><strong>Deique</strong></span> <span class='ocrx_word' id='word_1_560' title='bbox 3403 2121 3749 2163; x_wconf 88' lang='lat' dir='ltr'><strong>sermonum</strong></span> 
     </span>
    </p>
   </div>
   <div class='ocr_carea' id='block_1_79' title="bbox 2104 2189 3757 2261">
    <p class='ocr_par' dir='ltr' id='par_1_79' title="bbox 2104 2189 3757 2261">
     <span class='ocr_line' id='line_1_79' title="bbox 2104 2189 3757 2261; baseline 0.005 -18"><span class='ocrx_word' id='word_1_561' title='bbox 2104 2189 2387 2261; x_wconf 89' lang='lat' dir='ltr'><strong>imperiti,</strong></span> <span class='ocrx_word' id='word_1_562' title='bbox 2451 2191 2858 2246; x_wconf 81' lang='lat' dir='ltr'><strong>existimantes</strong></span> <span class='ocrx_word' id='word_1_563' title='bbox 2911 2192 3238 2249; x_wconf 83' lang='lat' dir='ltr'><strong>Jerusalem</strong></span> <span class='ocrx_word' id='word_1_564' title='bbox 3301 2193 3400 2248; x_wconf 90' lang='lat' dir='ltr'><strong>Dei</strong></span> <span class='ocrx_word' id='word_1_565' title='bbox 3459 2194 3757 2252; x_wconf 86' lang='lat' dir='ltr'><strong>civitatem</strong></span> 
     </span>
    </p>
   </div>
   <div class='ocr_carea' id='block_1_80' title="bbox 2105 2280 3755 2352">
    <p class='ocr_par' dir='ltr' id='par_1_80' title="bbox 2105 2280 3755 2352">
     <span class='ocr_line' id='line_1_80' title="bbox 2105 2280 3755 2352; baseline 0.006 -19"><span class='ocrx_word' id='word_1_566' title='bbox 2105 2295 2257 2346; x_wconf 88' lang='lat' dir='ltr'><strong>esse,</strong></span> <span class='ocrx_word' id='word_1_567' title='bbox 2339 2281 2399 2335; x_wconf 91' lang='lat' dir='ltr'><strong>in</strong></span> <span class='ocrx_word' id='word_1_568' title='bbox 2475 2280 2605 2352; x_wconf 90' lang='lat' dir='ltr'><strong>ipsa</strong></span> <span class='ocrx_word' id='word_1_569' title='bbox 2662 2281 2854 2336; x_wconf 89' lang='lat' dir='ltr'><strong>solum</strong></span> <span class='ocrx_word' id='word_1_570' title='bbox 2934 2281 3203 2338; x_wconf 86' lang='lat' dir='ltr'><strong>habitare</strong></span> <span class='ocrx_word' id='word_1_571' title='bbox 3269 2282 3565 2340; x_wconf 89' lang='lat' dir='ltr'><strong>dicebant.</strong></span> <span class='ocrx_word' id='word_1_572' title='bbox 3643 2286 3755 2342; x_wconf 86' lang='lat' dir='ltr'><strong>Eos</strong></span> 
     </span>
    </p>
   </div>
   <div class='ocr_carea' id='block_1_81' title="bbox 2102 2368 3758 2446">
    <p class='ocr_par' dir='ltr' id='par_1_81' title="bbox 2102 2368 3758 2446">
     <span class='ocr_line' id='line_1_81' title="bbox 2102 2368 3758 2446; baseline 0.005 -23"><span class='ocrx_word' id='word_1_573' title='bbox 2102 2368 2302 2440; x_wconf 90' lang='lat' dir='ltr'><strong>itaque</strong></span> <span class='ocrx_word' id='word_1_574' title='bbox 2335 2369 2630 2426; x_wconf 89' lang='lat' dir='ltr'><strong>convincit</strong></span> <span class='ocrx_word' id='word_1_575' title='bbox 2655 2371 2808 2426; x_wconf 89' lang='lat' dir='ltr'><strong>Deus</strong></span> <span class='ocrx_word' id='word_1_576' title='bbox 2839 2371 2998 2441; x_wconf 93' lang='lat' dir='ltr'><strong>quod</strong></span> <span class='ocrx_word' id='word_1_577' title='bbox 3028 2389 3310 2444; x_wconf 89' lang='lat' dir='ltr'><strong>perparce</strong></span> <span class='ocrx_word' id='word_1_578' title='bbox 3353 2372 3758 2446; x_wconf 79' lang='lat' dir='ltr'><strong>gloriﬁcarent</strong></span> 
     </span>
    </p>
   </div>
   <div class='ocr_carea' id='block_1_82' title="bbox 2105 2459 3750 2533">
    <p class='ocr_par' dir='ltr' id='par_1_82' title="bbox 2105 2459 3750 2533">
     <span class='ocr_line' id='line_1_82' title="bbox 2105 2459 3750 2533; baseline 0.004 -20"><span class='ocrx_word' id='word_1_579' title='bbox 2105 2474 2262 2523; x_wconf 91' lang='lat' dir='ltr'><strong>eum,</strong></span> <span class='ocrx_word' id='word_1_580' title='bbox 2297 2463 2354 2514; x_wconf 91' lang='lat' dir='ltr'><strong>et</strong></span> <span class='ocrx_word' id='word_1_581' title='bbox 2378 2459 2504 2515; x_wconf 89' lang='lat' dir='ltr'><strong>ait:</strong></span> <span class='ocrx_word' id='word_1_582' title='bbox 2554 2459 2801 2525; x_wconf 89' lang='lat' dir='ltr'><strong>Qualem</strong></span> <span class='ocrx_word' id='word_1_583' title='bbox 2854 2460 3096 2516; x_wconf 91' lang='lat' dir='ltr'><strong>domum</strong></span> <span class='ocrx_word' id='word_1_584' title='bbox 3157 2462 3300 2517; x_wconf 89' lang='lat' dir='ltr'><strong>mihi</strong></span> <span class='ocrx_word' id='word_1_585' title='bbox 3359 2463 3750 2533; x_wconf 70' lang='lat' dir='ltr'><strong>aadiﬁcabitis,</strong></span> 
     </span>
    </p>
   </div>
   <div class='ocr_carea' id='block_1_83' title="bbox 2104 2548 3752 2620">
    <p class='ocr_par' dir='ltr' id='par_1_83' title="bbox 2104 2548 3752 2620">
     <span class='ocr_line' id='line_1_83' title="bbox 2104 2548 3752 2620; baseline 0.005 -18"><span class='ocrx_word' id='word_1_586' title='bbox 2104 2548 2205 2620; x_wconf 90' lang='lat' dir='ltr'><strong>qui</strong></span> <span class='ocrx_word' id='word_1_587' title='bbox 2236 2548 2451 2604; x_wconf 80' lang='lat' dir='ltr'><strong>ccelum</strong></span> <span class='ocrx_word' id='word_1_588' title='bbox 2483 2549 2733 2604; x_wconf 86' lang='lat' dir='ltr'><strong>habeam</strong></span> <span class='ocrx_word' id='word_1_589' title='bbox 2764 2551 2826 2604; x_wconf 92' lang='lat' dir='ltr'><strong>in</strong></span> <span class='ocrx_word' id='word_1_590' title='bbox 2867 2551 3170 2616; x_wconf 85' lang='lat' dir='ltr'><strong>thronum,</strong></span> <span class='ocrx_word' id='word_1_591' title='bbox 3223 2559 3440 2609; x_wconf 89' lang='lat' dir='ltr'><strong>terram</strong></span> <span class='ocrx_word' id='word_1_592' title='bbox 3499 2569 3634 2608; x_wconf 88' lang='lat' dir='ltr'><strong>vero</strong></span> <span class='ocrx_word' id='word_1_593' title='bbox 3688 2555 3752 2611; x_wconf 89' lang='lat' dir='ltr'><strong>in</strong></span> 
     </span>
    </p>
   </div>
   <div class='ocr_carea' id='block_1_84' title="bbox 2103 2638 3752 2715">
    <p class='ocr_par' dir='ltr' id='par_1_84' title="bbox 2103 2638 3752 2715">
     <span class='ocr_line' id='line_1_84' title="bbox 2103 2638 3752 2715; baseline 0.006 -23"><span class='ocrx_word' id='word_1_594' title='bbox 2103 2638 2427 2694; x_wconf 90' lang='lat' dir='ltr'><strong>scabellum</strong></span> <span class='ocrx_word' id='word_1_595' title='bbox 2461 2640 2678 2710; x_wconf 90' lang='lat' dir='ltr'><strong>pedum</strong></span> <span class='ocrx_word' id='word_1_596' title='bbox 2708 2640 2905 2712; x_wconf 90' lang='lat' dir='ltr'><strong>?Ipsis</strong></span> <span class='ocrx_word' id='word_1_597' title='bbox 2937 2643 3097 2698; x_wconf 90' lang='lat' dir='ltr'><strong>enim</strong></span> <span class='ocrx_word' id='word_1_598' title='bbox 3145 2643 3245 2714; x_wconf 90' lang='lat' dir='ltr'><strong>qui</strong></span> <span class='ocrx_word' id='word_1_599' title='bbox 3297 2651 3568 2700; x_wconf 89' lang='lat' dir='ltr'><strong>naturam</strong></span> <span class='ocrx_word' id='word_1_600' title='bbox 3622 2648 3752 2715; x_wconf 73' lang='lat' dir='ltr'><strong>ejus</strong></span> 
     </span>
    </p>
   </div>
   <div class='ocr_carea' id='block_1_85' title="bbox 2104 2728 3750 2805">
    <p class='ocr_par' dir='ltr' id='par_1_85' title="bbox 2104 2728 3750 2805">
     <span class='ocr_line' id='line_1_85' title="bbox 2104 2728 3750 2805; baseline 0.004 -21"><span class='ocrx_word' id='word_1_601' title='bbox 2104 2728 2560 2800; x_wconf 83' lang='lat' dir='ltr'><strong>suspicabantur</strong></span> <span class='ocrx_word' id='word_1_602' title='bbox 2589 2736 2955 2787; x_wconf 89' lang='lat' dir='ltr'><strong>contractam</strong></span> <span class='ocrx_word' id='word_1_603' title='bbox 2997 2749 3148 2798; x_wconf 90' lang='lat' dir='ltr'><strong>esse,</strong></span> <span class='ocrx_word' id='word_1_604' title='bbox 3185 2733 3448 2805; x_wconf 89' lang='lat' dir='ltr'><strong>locisque</strong></span> <span class='ocrx_word' id='word_1_605' title='bbox 3499 2735 3750 2790; x_wconf 89' lang='lat' dir='ltr'><strong>conclu-</strong></span> 
     </span>
    </p>
   </div>
   <div class='ocr_carea' id='block_1_86' title="bbox 2104 2819 3752 2894">
    <p class='ocr_par' dir='ltr' id='par_1_86' title="bbox 2104 2819 3752 2894">
     <span class='ocr_line' id='line_1_86' title="bbox 2104 2819 3752 2894; baseline 0.005 -22"><span class='ocrx_word' id='word_1_606' title='bbox 2104 2834 2225 2873; x_wconf 88' lang='lat' dir='ltr'><strong>sam</strong></span> <span class='ocrx_word' id='word_1_607' title='bbox 2275 2824 2476 2890; x_wconf 89' lang='lat' dir='ltr'><strong>aperte</strong></span> <span class='ocrx_word' id='word_1_608' title='bbox 2535 2819 2945 2876; x_wconf 89' lang='lat' dir='ltr'><strong>demonstrare</strong></span> <span class='ocrx_word' id='word_1_609' title='bbox 3002 2821 3265 2892; x_wconf 90' lang='lat' dir='ltr'><strong>oportuit</strong></span> <span class='ocrx_word' id='word_1_610' title='bbox 3316 2822 3475 2893; x_wconf 92' lang='lat' dir='ltr'><strong>quod</strong></span> <span class='ocrx_word' id='word_1_611' title='bbox 3536 2823 3752 2894; x_wconf 88' lang='lat' dir='ltr'><strong>ubique</strong></span> 
     </span>
    </p>
   </div>
   <div class='ocr_carea' id='block_1_87' title="bbox 2103 2907 3754 2982">
    <p class='ocr_par' dir='ltr' id='par_1_87' title="bbox 2103 2907 3754 2982">
     <span class='ocr_line' id='line_1_87' title="bbox 2103 2907 3754 2982; baseline 0.004 -20"><span class='ocrx_word' id='word_1_612' title='bbox 2103 2913 2260 2963; x_wconf 89' lang='lat' dir='ltr'><strong>esset</strong></span> <span class='ocrx_word' id='word_1_613' title='bbox 2285 2907 2556 2979; x_wconf 90' lang='lat' dir='ltr'><strong>nihilque</strong></span> <span class='ocrx_word' id='word_1_614' title='bbox 2583 2909 2712 2980; x_wconf 86' lang='lat' dir='ltr'><strong>ejus</strong></span> <span class='ocrx_word' id='word_1_615' title='bbox 2743 2925 2925 2980; x_wconf 84' lang='lat' dir='ltr'><strong>capax</strong></span> <span class='ocrx_word' id='word_1_616' title='bbox 2957 2917 3134 2974; x_wconf 90' lang='lat' dir='ltr'><strong>esset,</strong></span> <span class='ocrx_word' id='word_1_617' title='bbox 3167 2910 3313 2980; x_wconf 90' lang='lat' dir='ltr'><strong>quin</strong></span> <span class='ocrx_word' id='word_1_618' title='bbox 3370 2910 3568 2982; x_wconf 87' lang='lat' dir='ltr'><strong>potius</strong></span> <span class='ocrx_word' id='word_1_619' title='bbox 3626 2912 3754 2982; x_wconf 88' lang='lat' dir='ltr'><strong>ipse</strong></span> 
     </span>
    </p>
   </div>
   <div class='ocr_carea' id='block_1_88' title="bbox 2103 2999 3748 3070">
    <p class='ocr_par' dir='ltr' id='par_1_88' title="bbox 2103 2999 3748 3070">
     <span class='ocr_line' id='line_1_88' title="bbox 2103 2999 3748 3070; baseline 0.003 -18"><span class='ocrx_word' id='word_1_620' title='bbox 2103 3014 2209 3070; x_wconf 92' lang='lat' dir='ltr'><strong>per</strong></span> <span class='ocrx_word' id='word_1_621' title='bbox 2265 3015 2473 3054; x_wconf 91' lang='lat' dir='ltr'><strong>omnes</strong></span> <span class='ocrx_word' id='word_1_622' title='bbox 2528 2999 2762 3066; x_wconf 85' lang='lat' dir='ltr'><strong>transit,</strong></span> <span class='ocrx_word' id='word_1_623' title='bbox 2822 3014 3011 3070; x_wconf 92' lang='lat' dir='ltr'><strong>eoque</strong></span> <span class='ocrx_word' id='word_1_624' title='bbox 3067 2999 3312 3070; x_wconf 90' lang='lat' dir='ltr'><strong>plenum</strong></span> <span class='ocrx_word' id='word_1_625' title='bbox 3373 3005 3464 3055; x_wconf 91' lang='lat' dir='ltr'><strong>est</strong></span> <span class='ocrx_word' id='word_1_626' title='bbox 3510 3001 3748 3070; x_wconf 74' lang='lat' dir='ltr'><strong>caalum,</strong></span> 
     </span>
    </p>
   </div>
   <div class='ocr_carea' id='block_1_89' title="bbox 2015 3086 2695 3181">
    <p class='ocr_par' dir='ltr' id='par_1_89' title="bbox 2015 3086 2695 3181">
     <span class='ocr_line' id='line_1_89' title="bbox 2015 3086 2695 3181; baseline -0.001 -40"><span class='ocrx_word' id='word_1_627' title='bbox 2015 3115 2061 3181; x_wconf 68' lang='grc' dir='ltr'>ο</span> <span class='ocrx_word' id='word_1_628' title='bbox 2102 3086 2282 3181; x_wconf 79' lang='lat' dir='ltr'><strong>plena</strong></span> <span class='ocrx_word' id='word_1_629' title='bbox 2312 3093 2404 3143; x_wconf 91' lang='lat' dir='ltr'><strong>est</strong></span> <span class='ocrx_word' id='word_1_630' title='bbox 2431 3092 2490 3142; x_wconf 92' lang='lat' dir='ltr'><strong>et</strong></span> <span class='ocrx_word' id='word_1_631' title='bbox 2519 3092 2695 3181; x_wconf 65' lang='lat' dir='ltr'><strong>terra.</strong></span> 
     </span>
    </p>
   </div>
   <div class='ocr_carea' id='block_1_90' title="bbox 2175 3175 3750 3238">
    <p class='ocr_par' dir='ltr' id='par_1_90' title="bbox 2175 3175 3750 3238">
     <span class='ocr_line' id='line_1_90' title="bbox 2175 3175 3750 3238; baseline 0.006 -9"><span class='ocrx_word' id='word_1_632' title='bbox 2175 3175 2291 3236; x_wconf 84' lang='lat' dir='ltr'><strong>VII.</strong></span> <span class='ocrx_word' id='word_1_633' title='bbox 2329 3179 2415 3230; x_wconf 76' lang='grc'><strong>51.</strong></span> <span class='ocrx_word' id='word_1_634' title='bbox 2449 3197 2477 3225; x_wconf 92' lang='grc'>‹‹</span> <span class='ocrx_word' id='word_1_635' title='bbox 2519 3175 2660 3231; x_wconf 92' lang='lat' dir='ltr'><strong>Duri</strong></span> <span class='ocrx_word' id='word_1_636' title='bbox 2718 3176 2945 3232; x_wconf 83' lang='lat' dir='ltr'><strong>cervice</strong></span> <span class='ocrx_word' id='word_1_637' title='bbox 2998 3181 3058 3232; x_wconf 91' lang='lat' dir='ltr'><strong>et</strong></span> <span class='ocrx_word' id='word_1_638' title='bbox 3107 3177 3512 3234; x_wconf 87' lang='lat' dir='ltr'><strong>incircumcisi</strong></span> <span class='ocrx_word' id='word_1_639' title='bbox 3571 3177 3750 3238; x_wconf 85' lang='lat' dir='ltr'><strong>corde</strong></span> 
     </span>
    </p>
   </div>
   <div class='ocr_carea' id='block_1_91' title="bbox 2103 3264 2487 3321">
    <p class='ocr_par' dir='ltr' id='par_1_91' title="bbox 2103 3264 2487 3321">
     <span class='ocr_line' id='line_1_91' title="bbox 2103 3264 2487 3321; baseline -0.01 1"><span class='ocrx_word' id='word_1_640' title='bbox 2103 3287 2132 3314; x_wconf 84' lang='lat'><strong>«</strong></span> <span class='ocrx_word' id='word_1_641' title='bbox 2166 3264 2427 3321; x_wconf 80' lang='lat' dir='ltr'><strong>auribus.</strong></span> <span class='ocrx_word' id='word_1_642' title='bbox 2467 3289 2487 3317; x_wconf 75' lang='grc' dir='ltr'><strong>ι</strong></span> 
     </span>
    </p>
   </div>
   <div class='ocr_carea' id='block_1_92' title="bbox 2173 3355 3752 3423">
    <p class='ocr_par' dir='ltr' id='par_1_92' title="bbox 2173 3355 3752 3423">
     <span class='ocr_line' id='line_1_92' title="bbox 2173 3355 3752 3423; baseline 0.004 -14"><span class='ocrx_word' id='word_1_643' title='bbox 2173 3357 2358 3420; x_wconf 89' lang='lat' dir='ltr'><strong>Quam</strong></span> <span class='ocrx_word' id='word_1_644' title='bbox 2391 3355 2464 3410; x_wconf 91' lang='lat' dir='ltr'><strong>ob</strong></span> <span class='ocrx_word' id='word_1_645' title='bbox 2487 3372 2746 3423; x_wconf 88' lang='lat' dir='ltr'><strong>causam,</strong></span> <span class='ocrx_word' id='word_1_646' title='bbox 2781 3373 2914 3412; x_wconf 90' lang='lat' dir='ltr'><strong>cum</strong></span> <span class='ocrx_word' id='word_1_647' title='bbox 2945 3357 3234 3413; x_wconf 86' lang='lat' dir='ltr'><strong>hactenus</strong></span> <span class='ocrx_word' id='word_1_648' title='bbox 3264 3363 3572 3414; x_wconf 88' lang='lat' dir='ltr'><strong>mansuete</strong></span> <span class='ocrx_word' id='word_1_649' title='bbox 3604 3376 3752 3417; x_wconf 86' lang='lat' dir='ltr'><strong>con-</strong></span> 
     </span>
    </p>
   </div>
   <div class='ocr_carea' id='block_1_93' title="bbox 2102 3445 3750 3518">
    <p class='ocr_par' dir='ltr' id='par_1_93' title="bbox 2102 3445 3750 3518">
     <span class='ocr_line' id='line_1_93' title="bbox 2102 3445 3750 3518; baseline 0.004 -18"><span class='ocrx_word' id='word_1_650' title='bbox 2102 3445 2373 3502; x_wconf 80' lang='lat' dir='ltr'><strong>cinnatus</strong></span> <span class='ocrx_word' id='word_1_651' title='bbox 2405 3450 2582 3511; x_wconf 91' lang='lat' dir='ltr'><strong>esset,</strong></span> <span class='ocrx_word' id='word_1_652' title='bbox 2605 3463 2813 3518; x_wconf 88' lang='lat' dir='ltr'><strong>aspero</strong></span> <span class='ocrx_word' id='word_1_653' title='bbox 2847 3463 3006 3502; x_wconf 92' lang='lat' dir='ltr'><strong>nunc</strong></span> <span class='ocrx_word' id='word_1_654' title='bbox 3036 3448 3223 3502; x_wconf 88' lang='lat' dir='ltr'><strong>utitur</strong></span> <span class='ocrx_word' id='word_1_655' title='bbox 3255 3465 3529 3504; x_wconf 91' lang='lat' dir='ltr'><strong>sermone</strong></span> <span class='ocrx_word' id='word_1_656' title='bbox 3550 3449 3577 3505; x_wconf 85' lang='lat'><strong>?</strong></span> <span class='ocrx_word' id='word_1_657' title='bbox 3601 3451 3750 3516; x_wconf 88' lang='lat' dir='ltr'><strong>Quia</strong></span> 
     </span>
    </p>
   </div>
   <div class='ocr_carea' id='block_1_94' title="bbox 2101 3534 3749 3611">
    <p class='ocr_par' dir='ltr' id='par_1_94' title="bbox 2101 3534 3749 3611">
     <span class='ocr_line' id='line_1_94' title="bbox 2101 3534 3749 3611; baseline 0.005 -23"><span class='ocrx_word' id='word_1_658' title='bbox 2101 3534 2336 3590; x_wconf 79' lang='lat' dir='ltr'><strong>videbat</strong></span> <span class='ocrx_word' id='word_1_659' title='bbox 2365 3534 2498 3591; x_wconf 90' lang='lat' dir='ltr'><strong>illos</strong></span> <span class='ocrx_word' id='word_1_660' title='bbox 2533 3536 2732 3593; x_wconf 90' lang='lat' dir='ltr'><strong>animo</strong></span> <span class='ocrx_word' id='word_1_661' title='bbox 2774 3553 2894 3592; x_wconf 91' lang='lat' dir='ltr'><strong>non</strong></span> <span class='ocrx_word' id='word_1_662' title='bbox 2942 3535 3246 3593; x_wconf 84' lang='lat' dir='ltr'><strong>advertere</strong></span> <span class='ocrx_word' id='word_1_663' title='bbox 3295 3537 3388 3595; x_wconf 90' lang='lat' dir='ltr'><strong>his</strong></span> <span class='ocrx_word' id='word_1_664' title='bbox 3427 3555 3558 3611; x_wconf 74' lang='lat' dir='ltr'><strong>qum</strong></span> <span class='ocrx_word' id='word_1_665' title='bbox 3591 3539 3749 3597; x_wconf 84' lang='lat' dir='ltr'><strong>dice-</strong></span> 
     </span>
    </p>
   </div>
   <div class='ocr_carea' id='block_1_95' title="bbox 2103 3625 2340 3682">
    <p class='ocr_par' dir='ltr' id='par_1_95' title="bbox 2103 3625 2340 3682">
     <span class='ocr_line' id='line_1_95' title="bbox 2103 3625 2340 3682; baseline -0.008 -1"><span class='ocrx_word' id='word_1_666' title='bbox 2103 3625 2340 3682; x_wconf 87' lang='lat' dir='ltr'><strong>bantur.</strong></span> 
     </span>
    </p>
   </div>
   <div class='ocr_carea' id='block_1_96' title="bbox 2178 3713 3524 3787">
    <p class='ocr_par' dir='ltr' id='par_1_96' title="bbox 2178 3713 3524 3787">
     <span class='ocr_line' id='line_1_96' title="bbox 2178 3713 3524 3787; baseline 0.002 -18"><span class='ocrx_word' id='word_1_667' title='bbox 2178 3737 2205 3764; x_wconf 76' lang='grc' dir='ltr'>(ι</span> <span class='ocrx_word' id='word_1_668' title='bbox 2238 3717 2352 3770; x_wconf 90' lang='lat' dir='ltr'><strong>Vos</strong></span> <span class='ocrx_word' id='word_1_669' title='bbox 2383 3730 2620 3787; x_wconf 88' lang='lat' dir='ltr'><strong>semper</strong></span> <span class='ocrx_word' id='word_1_670' title='bbox 2650 3713 2892 3787; x_wconf 87' lang='lat' dir='ltr'><strong>Spiritui</strong></span> <span class='ocrx_word' id='word_1_671' title='bbox 2925 3721 3130 3772; x_wconf 89' lang='lat' dir='ltr'><strong>sancto</strong></span> <span class='ocrx_word' id='word_1_672' title='bbox 3161 3717 3459 3772; x_wconf 90' lang='lat' dir='ltr'><strong>resistitis.</strong></span> <span class='ocrx_word' id='word_1_673' title='bbox 3496 3739 3524 3766; x_wconf 82' lang='lat'><strong>»</strong></span> 
     </span>
    </p>
   </div>
   <div class='ocr_carea' id='block_1_97' title="bbox 2179 3803 3749 3877">
    <p class='ocr_par' dir='ltr' id='par_1_97' title="bbox 2179 3803 3749 3877">
     <span class='ocr_line' id='line_1_97' title="bbox 2179 3803 3749 3877; baseline 0.003 -18"><span class='ocrx_word' id='word_1_674' title='bbox 2179 3805 2276 3860; x_wconf 74' lang='grc'><strong>73</strong></span> <span class='ocrx_word' id='word_1_675' title='bbox 2309 3805 2433 3860; x_wconf 82' lang='lat' dir='ltr'><strong>Non</strong></span> <span class='ocrx_word' id='word_1_676' title='bbox 2463 3803 2757 3867; x_wconf 84' lang='lat' dir='ltr'><strong>dixit,l)eo</strong></span> <span class='ocrx_word' id='word_1_677' title='bbox 2781 3804 3078 3871; x_wconf 90' lang='lat' dir='ltr'><strong>resistitis,</strong></span> <span class='ocrx_word' id='word_1_678' title='bbox 3101 3804 3224 3870; x_wconf 87' lang='lat' dir='ltr'><strong>sed,</strong></span> <span class='ocrx_word' id='word_1_679' title='bbox 3247 3805 3487 3876; x_wconf 87' lang='lat' dir='ltr'><strong>Spiritui</strong></span> <span class='ocrx_word' id='word_1_680' title='bbox 3521 3813 3749 3877; x_wconf 87' lang='lat' dir='ltr'><strong>sancto,</strong></span> 
     </span>
    </p>
   </div>
   <div class='ocr_carea' id='block_1_98' title="bbox 2104 3893 3752 3966">
    <p class='ocr_par' dir='ltr' id='par_1_98' title="bbox 2104 3893 3752 3966">
     <span class='ocr_line' id='line_1_98' title="bbox 2104 3893 3752 3966; baseline 0.002 -17"><span class='ocrx_word' id='word_1_681' title='bbox 2104 3893 2801 3950; x_wconf 74' lang='lat' dir='ltr'><strong>adeonullaminterheec</strong></span> <span class='ocrx_word' id='word_1_682' title='bbox 2837 3893 2998 3948; x_wconf 89' lang='lat' dir='ltr'><strong>novit</strong></span> <span class='ocrx_word' id='word_1_683' title='bbox 3019 3893 3446 3950; x_wconf 78' lang='lat' dir='ltr'><strong>differentiam:</strong></span> <span class='ocrx_word' id='word_1_684' title='bbox 3485 3897 3752 3966; x_wconf 84' lang='lat' dir='ltr'><strong>quando-</strong></span> 
     </span>
    </p>
   </div>
   <div class='ocr_carea' id='block_1_99' title="bbox 2103 3982 3750 4057">
    <p class='ocr_par' dir='ltr' id='par_1_99' title="bbox 2103 3982 3750 4057">
     <span class='ocr_line' id='line_1_99' title="bbox 2103 3982 3750 4057; baseline 0.003 -20"><span class='ocrx_word' id='word_1_685' title='bbox 2103 3983 2342 4056; x_wconf 84' lang='lat' dir='ltr'><strong>quidem</strong></span> <span class='ocrx_word' id='word_1_686' title='bbox 2376 3983 2554 4038; x_wconf 89' lang='lat' dir='ltr'><strong>etiam</strong></span> <span class='ocrx_word' id='word_1_687' title='bbox 2583 3982 2835 4054; x_wconf 89' lang='lat' dir='ltr'><strong>Spiritus</strong></span> <span class='ocrx_word' id='word_1_688' title='bbox 2866 3987 2956 4036; x_wconf 92' lang='lat' dir='ltr'><strong>est</strong></span> <span class='ocrx_word' id='word_1_689' title='bbox 3004 3983 3157 4038; x_wconf 88' lang='lat' dir='ltr'><strong>Deus</strong></span> <span class='ocrx_word' id='word_1_690' title='bbox 3187 3983 3256 4049; x_wconf 69' lang='grc' dir='ltr'>εί,</span> <span class='ocrx_word' id='word_1_691' title='bbox 3305 4001 3648 4057; x_wconf 89' lang='lat' dir='ltr'><strong>quanquam</strong></span> <span class='ocrx_word' id='word_1_692' title='bbox 3678 3985 3750 4043; x_wconf 90' lang='lat' dir='ltr'><strong>iis</strong></span> 
     </span>
    </p>
   </div>
   <div class='ocr_carea' id='block_1_100' title="bbox 2103 4071 3751 4148">
    <p class='ocr_par' dir='ltr' id='par_1_100' title="bbox 2103 4071 3751 4148">
     <span class='ocr_line' id='line_1_100' title="bbox 2103 4071 3751 4148; baseline 0.003 -21"><span class='ocrx_word' id='word_1_693' title='bbox 2103 4089 2225 4127; x_wconf 90' lang='lat' dir='ltr'><strong>non</strong></span> <span class='ocrx_word' id='word_1_694' title='bbox 2252 4071 2625 4142; x_wconf 89' lang='lat' dir='ltr'><strong>videaturqui</strong></span> <span class='ocrx_word' id='word_1_695' title='bbox 2653 4071 2832 4125; x_wconf 89' lang='lat' dir='ltr'><strong>Deum</strong></span> <span class='ocrx_word' id='word_1_696' title='bbox 2855 4087 2974 4125; x_wconf 93' lang='lat' dir='ltr'><strong>non</strong></span> <span class='ocrx_word' id='word_1_697' title='bbox 2998 4071 3221 4130; x_wconf 90' lang='lat' dir='ltr'><strong>colunt.</strong></span> <span class='ocrx_word' id='word_1_698' title='bbox 3243 4075 3354 4130; x_wconf 89' lang='lat' dir='ltr'><strong>Vos</strong></span> <span class='ocrx_word' id='word_1_699' title='bbox 3377 4074 3575 4148; x_wconf 87' lang='lat' dir='ltr'><strong>itaque</strong></span> <span class='ocrx_word' id='word_1_700' title='bbox 3599 4092 3751 4132; x_wconf 87' lang='lat' dir='ltr'><strong>sem-</strong></span> 
     </span>
    </p>
   </div>
   <div class='ocr_carea' id='block_1_101' title="bbox 2105 4160 3750 4234">
    <p class='ocr_par' dir='ltr' id='par_1_101' title="bbox 2105 4160 3750 4234">
     <span class='ocr_line' id='line_1_101' title="bbox 2105 4160 3750 4234; baseline 0.003 -19"><span class='ocrx_word' id='word_1_701' title='bbox 2105 4178 2230 4232; x_wconf 90' lang='lat' dir='ltr'><strong>per,</strong></span> <span class='ocrx_word' id='word_1_702' title='bbox 2264 4161 2478 4230; x_wconf 90' lang='lat' dir='ltr'><strong>inquit,</strong></span> <span class='ocrx_word' id='word_1_703' title='bbox 2504 4161 2620 4215; x_wconf 91' lang='lat' dir='ltr'><strong>Deo</strong></span> <span class='ocrx_word' id='word_1_704' title='bbox 2654 4160 3098 4220; x_wconf 82' lang='lat' dir='ltr'><strong>resistitis.Nam</strong></span> <span class='ocrx_word' id='word_1_705' title='bbox 3131 4164 3367 4234; x_wconf 89' lang='lat' dir='ltr'><strong>quando</strong></span> <span class='ocrx_word' id='word_1_706' title='bbox 3401 4164 3624 4220; x_wconf 86' lang='lat' dir='ltr'><strong>hostias</strong></span> <span class='ocrx_word' id='word_1_707' title='bbox 3653 4165 3750 4220; x_wconf 78' lang='lat' dir='ltr'><strong>of-</strong></span> 
     </span>
    </p>
   </div>
   <div class='ocr_carea' id='block_1_102' title="bbox 2104 4248 3749 4324">
    <p class='ocr_par' dir='ltr' id='par_1_102' title="bbox 2104 4248 3749 4324">
     <span class='ocr_line' id='line_1_102' title="bbox 2104 4248 3749 4324; baseline 0.002 -19"><span class='ocrx_word' id='word_1_708' title='bbox 2104 4249 2244 4305; x_wconf 85' lang='lat' dir='ltr'><strong>ferri</strong></span> <span class='ocrx_word' id='word_1_709' title='bbox 2273 4249 2525 4310; x_wconf 85' lang='lat' dir='ltr'><strong>volebat,</strong></span> <span class='ocrx_word' id='word_1_710' title='bbox 2573 4265 2676 4303; x_wconf 87' lang='lat' dir='ltr'><strong>vos</strong></span> <span class='ocrx_word' id='word_1_711' title='bbox 2727 4248 2814 4304; x_wconf 92' lang='lat' dir='ltr'><strong>illi</strong></span> <span class='ocrx_word' id='word_1_712' title='bbox 2865 4267 2985 4305; x_wconf 90' lang='lat' dir='ltr'><strong>non</strong></span> <span class='ocrx_word' id='word_1_713' title='bbox 3018 4253 3480 4308; x_wconf 77' lang='lat' dir='ltr'><strong>sacriﬁcabatis:</strong></span> <span class='ocrx_word' id='word_1_714' title='bbox 3512 4253 3749 4324; x_wconf 91' lang='lat' dir='ltr'><strong>quando</strong></span> 
     </span>
    </p>
   </div>
   <div class='ocr_carea' id='block_1_103' title="bbox 2105 4337 3754 4406">
    <p class='ocr_par' dir='ltr' id='par_1_103' title="bbox 2105 4337 3754 4406">
     <span class='ocr_line' id='line_1_103' title="bbox 2105 4337 3754 4406; baseline 0 -12"><span class='ocrx_word' id='word_1_715' title='bbox 2105 4344 2302 4394; x_wconf 90' lang='lat' dir='ltr'><strong>autem</strong></span> <span class='ocrx_word' id='word_1_716' title='bbox 2333 4355 2454 4394; x_wconf 89' lang='lat' dir='ltr'><strong>non</strong></span> <span class='ocrx_word' id='word_1_717' title='bbox 2484 4337 2626 4403; x_wconf 88' lang='lat' dir='ltr'><strong>vult,</strong></span> <span class='ocrx_word' id='word_1_718' title='bbox 2681 4339 3048 4398; x_wconf 75' lang='lat' dir='ltr'><strong>saetiﬁcatis.</strong></span> <span class='ocrx_word' id='word_1_719' title='bbox 3099 4343 3342 4406; x_wconf 89' lang='lat' dir='ltr'><strong>Quando</strong></span> <span class='ocrx_word' id='word_1_720' title='bbox 3391 4341 3754 4396; x_wconf 77' lang='lat' dir='ltr'><strong>consistebat</strong></span> 
     </span>
    </p>
   </div>
   <div class='ocr_carea' id='block_1_104' title="bbox 2105 4426 3754 4499">
    <p class='ocr_par' dir='ltr' id='par_1_104' title="bbox 2105 4426 3754 4499">
     <span class='ocr_line' id='line_1_104' title="bbox 2105 4426 3754 4499; baseline 0.001 -17"><span class='ocrx_word' id='word_1_721' title='bbox 2105 4426 2415 4499; x_wconf 88' lang='lat' dir='ltr'><strong>templum,</strong></span> <span class='ocrx_word' id='word_1_722' title='bbox 2447 4426 2766 4483; x_wconf 90' lang='lat' dir='ltr'><strong>simulacra</strong></span> <span class='ocrx_word' id='word_1_723' title='bbox 2797 4428 3240 4484; x_wconf 89' lang='lat' dir='ltr'><strong>venerabamini</strong></span> <span class='ocrx_word' id='word_1_724' title='bbox 3268 4446 3282 4484; x_wconf 88' lang='lat'><strong>:</strong></span> <span class='ocrx_word' id='word_1_725' title='bbox 3333 4428 3571 4499; x_wconf 89' lang='lat' dir='ltr'><strong>quando</strong></span> <span class='ocrx_word' id='word_1_726' title='bbox 3627 4428 3754 4484; x_wconf 87' lang='lat' dir='ltr'><strong>vult</strong></span> 
     </span>
    </p>
   </div>
   <div class='ocr_carea' id='block_1_105' title="bbox 2103 4517 3748 4592">
    <p class='ocr_par' dir='ltr' id='par_1_105' title="bbox 2103 4517 3748 4592">
     <span class='ocr_line' id='line_1_105' title="bbox 2103 4517 3748 4592; baseline 0.003 -19"><span class='ocrx_word' id='word_1_727' title='bbox 2103 4517 2230 4573; x_wconf 90' lang='lat' dir='ltr'><strong>sinc</strong></span> <span class='ocrx_word' id='word_1_728' title='bbox 2263 4518 2482 4590; x_wconf 91' lang='lat' dir='ltr'><strong>templo</strong></span> <span class='ocrx_word' id='word_1_729' title='bbox 2514 4518 2648 4583; x_wconf 90' lang='lat' dir='ltr'><strong>coli,</strong></span> <span class='ocrx_word' id='word_1_730' title='bbox 2682 4519 3043 4576; x_wconf 91' lang='lat' dir='ltr'><strong>contrarium</strong></span> <span class='ocrx_word' id='word_1_731' title='bbox 3075 4519 3292 4589; x_wconf 82' lang='lat' dir='ltr'><strong>facitis,</strong></span> <span class='ocrx_word' id='word_1_732' title='bbox 3314 4519 3538 4576; x_wconf 84' lang='lat' dir='ltr'><strong>similia</strong></span> <span class='ocrx_word' id='word_1_733' title='bbox 3565 4519 3748 4592; x_wconf 78' lang='lat' dir='ltr'><strong>patri-</strong></span> 
     </span>
    </p>
   </div>
   <div class='ocr_carea' id='block_1_106' title="bbox 2101 4606 2806 4681">
    <p class='ocr_par' dir='ltr' id='par_1_106' title="bbox 2101 4606 2806 4681">
     <span class='ocr_line' id='line_1_106' title="bbox 2101 4606 2806 4681; baseline 0.003 -19"><span class='ocrx_word' id='word_1_734' title='bbox 2101 4606 2212 4664; x_wconf 92' lang='lat' dir='ltr'><strong>hus</strong></span> <span class='ocrx_word' id='word_1_735' title='bbox 2243 4608 2452 4664; x_wconf 88' lang='lat' dir='ltr'><strong>vestris</strong></span> <span class='ocrx_word' id='word_1_736' title='bbox 2470 4615 2806 4681; x_wconf 88' lang='lat' dir='ltr'><strong>operantes.</strong></span> 
     </span>
    </p>
   </div>
   <div class='ocr_carea' id='block_1_107' title="bbox 2176 4698 3252 4770">
    <p class='ocr_par' dir='ltr' id='par_1_107' title="bbox 2176 4698 3252 4770">
     <span class='ocr_line' id='line_1_107' title="bbox 2176 4698 3252 4770; baseline -0.007 -16"><span class='ocrx_word' id='word_1_737' title='bbox 2176 4720 2203 4747; x_wconf 77' lang='grc' dir='ltr'><strong>α</strong></span> <span class='ocrx_word' id='word_1_738' title='bbox 2236 4698 2398 4754; x_wconf 92' lang='lat' dir='ltr'><strong>Sicut</strong></span> <span class='ocrx_word' id='word_1_739' title='bbox 2427 4704 2624 4770; x_wconf 89' lang='lat' dir='ltr'><strong>patres</strong></span> <span class='ocrx_word' id='word_1_740' title='bbox 2641 4699 2839 4765; x_wconf 90' lang='lat' dir='ltr'><strong>vestri,</strong></span> <span class='ocrx_word' id='word_1_741' title='bbox 2873 4699 2953 4754; x_wconf 90' lang='lat' dir='ltr'><strong>ita</strong></span> <span class='ocrx_word' id='word_1_742' title='bbox 2985 4705 3044 4754; x_wconf 90' lang='lat' dir='ltr'><strong>et</strong></span> <span class='ocrx_word' id='word_1_743' title='bbox 3061 4715 3186 4754; x_wconf 85' lang='lat' dir='ltr'><strong>vos.</strong></span> <span class='ocrx_word' id='word_1_744' title='bbox 3225 4719 3252 4747; x_wconf 78' lang='grc' dir='ltr'>ι)</span> 
     </span>
    </p>
   </div>
   <div class='ocr_carea' id='block_1_108' title="bbox 2172 4786 3751 4860">
    <p class='ocr_par' dir='ltr' id='par_1_108' title="bbox 2172 4786 3751 4860">
     <span class='ocr_line' id='line_1_108' title="bbox 2172 4786 3751 4860; baseline 0 -14"><span class='ocrx_word' id='word_1_745' title='bbox 2172 4788 2441 4846; x_wconf 90' lang='lat' dir='ltr'><strong>Ostendit</strong></span> <span class='ocrx_word' id='word_1_746' title='bbox 2469 4789 2692 4844; x_wconf 90' lang='lat' dir='ltr'><strong>malum</strong></span> <span class='ocrx_word' id='word_1_747' title='bbox 2726 4804 2980 4860; x_wconf 88' lang='lat' dir='ltr'><strong>superne</strong></span> <span class='ocrx_word' id='word_1_748' title='bbox 3012 4787 3085 4844; x_wconf 87' lang='lat' dir='ltr'><strong>ad</strong></span> <span class='ocrx_word' id='word_1_749' title='bbox 3115 4804 3217 4846; x_wconf 91' lang='lat' dir='ltr'><strong>eos</strong></span> <span class='ocrx_word' id='word_1_750' title='bbox 3248 4786 3630 4845; x_wconf 89' lang='lat' dir='ltr'><strong>descendere.</strong></span> <span class='ocrx_word' id='word_1_751' title='bbox 3661 4789 3751 4846; x_wconf 82' lang='lat' dir='ltr'><strong>Ita</strong></span> 
     </span>
    </p>
   </div>
   <div class='ocr_carea' id='block_1_109' title="bbox 2101 4877 3748 4951">
    <p class='ocr_par' dir='ltr' id='par_1_109' title="bbox 2101 4877 3748 4951">
     <span class='ocr_line' id='line_1_109' title="bbox 2101 4877 3748 4951; baseline 0.001 -16"><span class='ocrx_word' id='word_1_752' title='bbox 2101 4884 2160 4936; x_wconf 90' lang='lat' dir='ltr'><strong>et</strong></span> <span class='ocrx_word' id='word_1_753' title='bbox 2189 4879 2455 4934; x_wconf 88' lang='lat' dir='ltr'><strong>Christus</strong></span> <span class='ocrx_word' id='word_1_754' title='bbox 2482 4877 2866 4934; x_wconf 88' lang='lat' dir='ltr'><strong>ostendebat:</strong></span> <span class='ocrx_word' id='word_1_755' title='bbox 2901 4878 3184 4950; x_wconf 87' lang='lat' dir='ltr'><strong>quoniam</strong></span> <span class='ocrx_word' id='word_1_756' title='bbox 3226 4878 3550 4951; x_wconf 90' lang='lat' dir='ltr'><strong>plurimum</strong></span> <span class='ocrx_word' id='word_1_757' title='bbox 3583 4895 3748 4936; x_wconf 89' lang='lat' dir='ltr'><strong>sem-</strong></span> 
     </span>
    </p>
   </div>
   <div class='ocr_carea' id='block_1_110' title="bbox 2102 4968 3067 5042">
    <p class='ocr_par' dir='ltr' id='par_1_110' title="bbox 2102 4968 3067 5042">
     <span class='ocr_line' id='line_1_110' title="bbox 2102 4968 3067 5042; baseline 0.001 -18"><span class='ocrx_word' id='word_1_758' title='bbox 2102 4986 2208 5042; x_wconf 90' lang='lat' dir='ltr'><strong>per</strong></span> <span class='ocrx_word' id='word_1_759' title='bbox 2239 4969 2311 5024; x_wconf 92' lang='lat' dir='ltr'><strong>de</strong></span> <span class='ocrx_word' id='word_1_760' title='bbox 2343 4969 2608 5041; x_wconf 88' lang='lat' dir='ltr'><strong>patribus</strong></span> <span class='ocrx_word' id='word_1_761' title='bbox 2638 4968 3067 5042; x_wconf 81' lang='lat' dir='ltr'><strong>gloriabantur.</strong></span> 
     </span>
    </p>
   </div>
   <div class='ocr_carea' id='block_1_111' title="bbox 2175 5058 3752 5130">
    <p class='ocr_par' dir='ltr' id='par_1_111' title="bbox 2175 5058 3752 5130">
     <span class='ocr_line' id='line_1_111' title="bbox 2175 5058 3752 5130; baseline 0.001 -18"><span class='ocrx_word' id='word_1_762' title='bbox 2175 5059 2292 5125; x_wconf 89' lang='lat' dir='ltr'><strong>VII,</strong></span> <span class='ocrx_word' id='word_1_763' title='bbox 2323 5061 2414 5113; x_wconf 85' lang='lat'><strong>52.</strong></span> <span class='ocrx_word' id='word_1_764' title='bbox 2457 5059 2694 5123; x_wconf 84' lang='lat' dir='ltr'><strong>«Quem</strong></span> <span class='ocrx_word' id='word_1_765' title='bbox 2742 5058 3168 5130; x_wconf 89' lang='lat' dir='ltr'><strong>prophetarum</strong></span> <span class='ocrx_word' id='word_1_766' title='bbox 3225 5075 3347 5116; x_wconf 88' lang='lat' dir='ltr'><strong>non</strong></span> <span class='ocrx_word' id='word_1_767' title='bbox 3403 5058 3752 5116; x_wconf 89' lang='lat' dir='ltr'><strong>occiderunt</strong></span> 
     </span>
    </p>
   </div>
   <div class='ocr_carea' id='block_1_112' title="bbox 2102 5146 2679 5219">
    <p class='ocr_par' dir='ltr' id='par_1_112' title="bbox 2102 5146 2679 5219">
     <span class='ocr_line' id='line_1_112' title="bbox 2102 5146 2679 5219; baseline 0 -18"><span class='ocrx_word' id='word_1_768' title='bbox 2102 5170 2128 5196; x_wconf 89' lang='grc'><strong>‹‹</strong></span> <span class='ocrx_word' id='word_1_769' title='bbox 2165 5153 2364 5219; x_wconf 88' lang='lat' dir='ltr'><strong>patres</strong></span> <span class='ocrx_word' id='word_1_770' title='bbox 2393 5146 2621 5202; x_wconf 81' lang='lat' dir='ltr'><strong>vestri?</strong></span> <span class='ocrx_word' id='word_1_771' title='bbox 2652 5168 2679 5195; x_wconf 84' lang='lat'><strong>»</strong></span> 
     </span>
    </p>
   </div>
   <div class='ocr_carea' id='block_1_113' title="bbox 2172 5236 3751 5310">
    <p class='ocr_par' dir='ltr' id='par_1_113' title="bbox 2172 5236 3751 5310">
     <span class='ocr_line' id='line_1_113' title="bbox 2172 5236 3751 5310; baseline 0.003 -17"><span class='ocrx_word' id='word_1_772' title='bbox 2172 5238 2449 5293; x_wconf 86' lang='lat' dir='ltr'><strong>Novimus</strong></span> <span class='ocrx_word' id='word_1_773' title='bbox 2479 5236 2716 5294; x_wconf 89' lang='lat' dir='ltr'><strong>beatum</strong></span> <span class='ocrx_word' id='word_1_774' title='bbox 2741 5238 3105 5310; x_wconf 87' lang='lat' dir='ltr'><strong>Stephanum</strong></span> <span class='ocrx_word' id='word_1_775' title='bbox 3139 5255 3268 5294; x_wconf 90' lang='lat' dir='ltr'><strong>cum</strong></span> <span class='ocrx_word' id='word_1_776' title='bbox 3299 5239 3425 5296; x_wconf 73' lang='lat' dir='ltr'><strong>hmo</strong></span> <span class='ocrx_word' id='word_1_777' title='bbox 3456 5245 3751 5298; x_wconf 86' lang='lat' dir='ltr'><strong>assereret</strong></span> 
     </span>
    </p>
   </div>
   <div class='ocr_carea' id='block_1_114' title="bbox 2099 5326 3750 5403">
    <p class='ocr_par' dir='ltr' id='par_1_114' title="bbox 2099 5326 3750 5403">
     <span class='ocr_line' id='line_1_114' title="bbox 2099 5326 3750 5403; baseline 0.004 -23"><span class='ocrx_word' id='word_1_778' title='bbox 2099 5343 2232 5383; x_wconf 90' lang='lat' dir='ltr'><strong>vere</strong></span> <span class='ocrx_word' id='word_1_779' title='bbox 2265 5326 2482 5394; x_wconf 90' lang='lat' dir='ltr'><strong>dicere,</strong></span> <span class='ocrx_word' id='word_1_780' title='bbox 2513 5333 2579 5382; x_wconf 93' lang='lat' dir='ltr'><strong>ut</strong></span> <span class='ocrx_word' id='word_1_781' title='bbox 2595 5327 2695 5400; x_wconf 91' lang='lat' dir='ltr'><strong>qui</strong></span> <span class='ocrx_word' id='word_1_782' title='bbox 2717 5344 2823 5400; x_wconf 92' lang='lat' dir='ltr'><strong>per</strong></span> <span class='ocrx_word' id='word_1_783' title='bbox 2852 5327 3137 5401; x_wconf 88' lang='lat' dir='ltr'><strong>Spiritum</strong></span> <span class='ocrx_word' id='word_1_784' title='bbox 3169 5335 3442 5386; x_wconf 88' lang='lat' dir='ltr'><strong>sanctum</strong></span> <span class='ocrx_word' id='word_1_785' title='bbox 3472 5330 3750 5403; x_wconf 83' lang='lat' dir='ltr'><strong>loquere-</strong></span> 
     </span>
    </p>
   </div>
   <div class='ocr_carea' id='block_1_115' title="bbox 2104 5417 3746 5492">
    <p class='ocr_par' dir='ltr' id='par_1_115' title="bbox 2104 5417 3746 5492">
     <span class='ocr_line' id='line_1_115' title="bbox 2104 5417 3746 5492; baseline 0.002 -20"><span class='ocrx_word' id='word_1_786' title='bbox 2104 5421 2214 5472; x_wconf 86' lang='lat' dir='ltr'><strong>tur.</strong></span> <span class='ocrx_word' id='word_1_787' title='bbox 2248 5417 2628 5474; x_wconf 87' lang='lat' dir='ltr'><strong>Demonstrat</strong></span> <span class='ocrx_word' id='word_1_788' title='bbox 2654 5423 2852 5474; x_wconf 87' lang='lat' dir='ltr'><strong>autem</strong></span> <span class='ocrx_word' id='word_1_789' title='bbox 2877 5434 2909 5474; x_wconf 90' lang='lat' dir='ltr'><strong>a</strong></span> <span class='ocrx_word' id='word_1_790' title='bbox 2938 5418 3119 5476; x_wconf 90' lang='lat' dir='ltr'><strong>veteri</strong></span> <span class='ocrx_word' id='word_1_791' title='bbox 3176 5419 3598 5489; x_wconf 90' lang='lat' dir='ltr'><strong>instrumento,</strong></span> <span class='ocrx_word' id='word_1_792' title='bbox 3629 5436 3746 5492; x_wconf 88' lang='lat' dir='ltr'><strong>quo</strong></span> 
     </span>
    </p>
   </div>
  </div>
