4134 6196
392 354 505 420 151

1488 339 1899 402 αδδυντ-ξυμ
1944 339 2252 400 ΤΒΙΩΟᾸΞ
2299 342 2648 408 EPISCOPI

3691 339 3804 400 152

390 493 528 568 jure
557 496 755 563 patres
785 489 1024 542 accuset
1069 479 1335 539 illorum.
1395 479 1494 551 qui
1556 479 1617 533 in
1673 480 1872 533 Jesum
1925 493 2043 532 non

2174 499 2245 534 ται
2279 487 2393 543 τοῖς
2425 484 2656 557 πατράσι
2714 487 2821 537 τῶν
2883 480 2961 542 εἷς
3014 478 3107 534 τὸν
3160 479 3374 548 Ἰησοῦν
3434 477 3808 534 ἀπιστούντων

399 583 740 644 credebant,
775 573 932 647 quod
966 571 1260 644 persecuti
1294 570 1413 624 sint
1452 569 1770 641 prophetas
1802 574 1860 622 et
1890 568 2045 622 occi-

400 673 598 729 derint
631 686 643 722 :
678 681 872 736 neque
905 663 1063 718 enim
1119 667 1320 733 posset
1353 661 1543 715 facere
1576 658 1647 712 ab
1682 658 1774 712 his
1833 659 1931 728 qui
1963 657 2045 711 fe-

398 768 612 819 runtur
641 756 778 812 Novi
798 751 1156 809 Testamenti
1183 750 1368 804 libris.
1395 750 1452 803 Si
1485 766 1642 821 ergo.
1675 748 1886 818 inquit,
1913 747 2049 802 illos

398 847 721 913 occidistis,
741 845 841 916 qui
860 842 931 897 de
951 841 1080 913 ejus
1102 839 1355 896 adventu
1377 837 1880 910 praenuntiabant,
1903 835 2044 907 quid

397 939 615 996 mirum
649 935 696 990 si
725 940 784 990 et
812 949 916 1005 ego
949 931 1050 1002 qui
1075 930 1536 1001 praenuntiatum
1569 927 1847 998 prmdico,
1881 942 1915 981 a
1945 942 2043 980 νοο

395 1028 487 1084 bis
517 1025 826 1081 interimar
848 1022 871 1077 ?
897 1022 1023 1076 Non
1050 1018 1362 1090 ignorabat
1418 1023 1618 1073 autem
1650 1016 1806 1088 quod
1840 1015 1911 1070 ab
1959 1016 2045 1070 eis

399 1123 556 1175 esset
585 1111 968 1176 occidendus,
1002 1126 1137 1166 cum
1195 1108 1411 1180 plenus
1453 1113 1610 1163 esset
1659 1107 1881 1178 Spiritu
1913 1121 2044 1160 san-

401 1215 516 1276 cto,
549 1206 802 1278 ideoque
833 1204 1056 1275 absque
1086 1206 1250 1258 metu
1276 1217 1418 1256 usus
1449 1204 1540 1255 est
1562 1197 1844 1269 loquendi
1876 1196 2049 1252 liber-

403 1304 540 1355 tate.

473 1388 591 1454 VII,
625 1389 712 1451 52,
755 1387 844 1440 53.
878 1404 906 1432 «
940 1384 1010 1436 Et
1055 1378 1402 1436 occiderunt
1449 1394 1572 1444 eos,
1623 1376 1724 1448 qui
1758 1391 2046 1448 premun-

403 1501 430 1529 ι(
463 1477 693 1533 tiabant
721 1474 792 1529 de
822 1471 1076 1528 adventu
1099 1468 1248 1539 justi
1295 1467 1480 1533 illius,
1542 1467 1713 1535 cujus
1762 1482 1861 1520 vos
1891 1481 2050 1520 nunc

407 1591 429 1616 α
473 1565 805 1638 proditores
838 1565 894 1615 et
924 1558 1218 1614 occisores
1246 1555 1466 1618 fuistis,
1494 1555 1594 1626 qui
1628 1555 1938 1626 accepistis
1971 1554 2046 1608 le'

405 1678 432 1705 ‹‹
465 1670 598 1727 gem
620 1652 694 1706 ad
750 1647 1174 1721 dispositiones
1221 1645 1592 1718 angelorum,
1645 1649 1702 1699 et
1755 1661 1876 1700 non
1926 1660 2050 1700 ser-

405 1766 433 1794 ι(
465 1741 665 1798 vastis.
705 1761 727 1788 ι

2151 571 2225 632 ὡς
2281 569 2518 642 διώξωσι
2575 573 2703 636 τοὺς
2757 573 3044 648 προφήτας
3127 569 3216 623 καὶ
3276 568 3690 639 ἀποκτείνωσιν,
3745 566 3805 622 οὐ

2153 658 2377 716 δυνατὸν
2437 663 2541 716 ἀπὸ
2593 667 2700 716 τῶν
2769 663 3081 739 ιρερομένων
3173 653 3402 733 βιϐλίων
3463 665 3561 726 τῆς
3616 664 3806 726 καινῆς

2151 746 2440 820 διαθήκης.
2477 751 2538 807 Εἰ
2587 750 2786 817 τοίνυν,
2849 749 3004 828 φησὶ,
3034 749 3161 810 τοὺς
3204 745 3804 824 προκαταγγεὶίλαντας

2149 840 2272 914 περὶ
2305 848 2406 910 τῆς
2435 839 2696 902 ἐλεύσεως
2733 841 2903 894 αὐτοῦ
2959 837 3222 907 ἀνείλετε,
3284 833 3438 891 οὐδὲν
3491 835 3801 911 θαυμαστὸν

2150 931 2239 985 καὶ
2273 929 2370 1004 ἐμὲ
2399 932 2734 1006 κηρύττοντα
2777 931 2868 985 τὸν
2927 925 3493 1003 προκαταγγελθέντα,
3529 926 3615 1005 ὑφ’
3649 926 3804 997 ὑμῶν

2151 1019 2514 1094 ἀναιρεθῆναι.
2549 1020 2663 1077 Οὐκ
2693 1019 2877 1096 ἠγνόει
2907 1015 2964 1074 δὲ
3009 1015 3401 1090 τεθνηξόμενος
3461 1015 3548 1069 ὑπ’
3604 1015 3800 1085 αὐτῶν,

2150 1107 2375 1184 πλήρης
2407 1105 2479 1164 ὤν
2520 1110 2830 1182 Πνεῦματος
2883 1108 3059 1183 ἁγίου.
3115 1108 3206 1161 Διὸ
3264 1105 3354 1160 καὶ
3413 1105 3803 1166 ἀνυποστόλως

2151 1200 2421 1276 κὲλρηται
2455 1199 2750 1276 παρρησίᾳ.

2225 1406 2252 1432 ‹‹
2312 1382 2410 1437 Καὶ
2467 1383 2776 1438 ἀπέκτειναν
2834 1381 2962 1442 τοὺς
3045 1377 3619 1458 προκαταγγείλαντας
3679 1377 3802 1452 περὶ

2154 1495 2184 1528 α
2213 1473 2312 1540 τῆς
2347 1469 2612 1534 ἐλεύσεως
2641 1476 2738 1527 τοῦ
2764 1469 2997 1537 δίκαίου,
3061 1468 3122 1524 οὗ
3179 1473 3270 1524 νῦν
3323 1469 3480 1543 ὑμεῖς
3537 1464 3804 1544 προδόται

2159 1581 2179 1608 ι
2217 1557 2302 1612 καὶ
2339 1561 2517 1637 φονεῖς
2572 1555 2884 1634 γεγένησθε.
2945 1553 3160 1616 Οῖτινες
3216 1549 3436 1609 ἐλάϐετε
3497 1557 3587 1608 τὸν
3637 1553 3805 1624 νόμον

2155 1671 2182 1699 ‹‹
2218 1646 2293 1709 είς
2324 1646 2582 1724 διαταγὰς
2610 1645 2858 1725 ἀγγέλων
2890 1645 2981 1700 καὶ
3015 1645 3117 1700 οὐκ
3135 1641 3451 1721 ἐφυλάξατε.
3491 1667 3517 1694 ii

473 1830 623 1888 Justi
652 1828 868 1901 inquit,
902 1825 1225 1881 ostendens
1255 1823 1413 1896 quod
1444 1824 1492 1879 si
1526 1823 1628 1879 ille
1671 1824 1873 1895 justus
1904 1827 2048 1890 erat,

2227 1827 2340 1882 Τοῦ
2408 1821 2621 1880 δικαίου
2681 1823 2836 1901 φησί,
2896 1820 3106 1885 δεικνὺς
3175 1821 3261 1878 ὅτι
3315 1820 3518 1884 ἐκεῖνος
3577 1817 3806 1891 δίκαιος,

402 1921 574 1976 valde
603 1918 797 1990 iniqui
848 1921 1016 1972 erant
1037 1914 1137 1986 qui
1173 1913 1344 1969 illum
1403 1912 1772 1969 occiderunt.
1821 1913 2050 1967 Justum

413 2016 612 2067 autem
643 2008 813 2064 illum
845 2010 1029 2070 vocat,
1056 2003 1212 2076 quod
1244 2018 1438 2073 neque
1478 2002 1565 2056 illi
1620 2017 1838 2075 negare
1889 2006 2055 2072 pote-

402 2106 556 2157 rant.
591 2099 940 2168 Quanquam
965 2094 1123 2149 enim
1155 2092 1473 2148 admodum
1498 2092 1792 2164 prmfracti
1825 2108 1890 2146 ac
1913 2107 2052 2146 con-

403 2196 671 2246 tumaces
703 2191 890 2250 erant,
918 2185 979 2238 in
1012 2183 1177 2238 nullo
1220 2188 1420 2238 tamen
1454 2198 1589 2237 eum
1623 2181 1931 2252 injustitim
1953 2197 2050 2236 ac-

400 2277 692 2336 cusabant
727 2293 740 2331 :
775 2273 1070 2346 quomodo
1104 2273 1262 2328 enim
1324 2273 1436 2327 hoc
1493 2271 1778 2336 facerent,
1811 2287 1943 2326 cum
1980 2287 2053 2325 ne

403 2367 647 2424 domum
678 2365 920 2436 quidem
953 2362 1198 2418 haberet
1226 2361 1254 2416 ?
1279 2362 1510 2417 Justum
1533 2368 1731 2416 autem
1765 2367 1930 2414 vocat
1957 2361 2052 2414 Je-

402 2473 556 2522 sum,
588 2455 789 2510 volens
821 2470 923 2509 eos
952 2452 1271 2508 attrahere.
1308 2451 1499 2522 Ipsius
1530 2467 1668 2506 vero
1718 2449 2054 2521 proditores

403 2551 461 2602 et
491 2544 783 2601 occisores
815 2541 978 2600 dicit.
1011 2539 1167 2612 quod
1199 2555 1405 2594 eorum
1465 2544 1664 2594 essent
1711 2538 2052 2610 participes,

403 2635 504 2708 qui
537 2636 731 2707 ipsum
755 2631 1191 2693 cruciﬁxerant,
1225 2628 1404 2700 idque
1427 2645 1563 2682 cum
1596 2628 1806 2701 legem.
1837 2626 2051 2698 inquit,

403 2724 774 2796 accepissent
803 2719 1214 2776 ordinationes
1246 2718 1586 2779 habentem,
1619 2734 1750 2788 quae
1791 2717 2058 2772 facerent

409 2832 510 2872 eos
540 2814 641 2885 qui
672 2812 863 2883 ipsam
895 2825 1072 2882 Opere
1097 2808 1467 2879 complerent
1515 2806 1745 2876 angelis
1799 2805 2055 2861 similem

410 2920 642 2960 servare
673 2900 964 2975 politiam.
991 2899 1109 2954 Hoc
1141 2913 1399 2968 namque
1433 2896 1591 2967 quod
1621 2897 1741 2952 ait:
1781 2897 1879 2950 74
1901 2915 1920 2940 ι
1947 2894 2055 2960 Qui

409 2993 722 3067 accepistis
777 2991 968 3065 legem
1025 2988 1100 3044 ad
1159 2987 1578 3061 diSpositiones
1623 2985 1990 3059 angelorum.
2027 3006 2054 3033 ››

409 3084 656 3152 Quidam
689 3099 824 3138 vero
867 3081 1044 3136 etiam
1077 3079 1189 3134 hoc
1219 3079 1387 3134 aiunt
1426 3077 1596 3132 illum
1646 3076 1864 3140 dicere,
1897 3075 2053 3148 quod

403 3191 512 3249 per
558 3172 801 3245 angelos
855 3175 1074 3227 statuta
1126 3174 1301 3237 esset,
1363 3173 1421 3223 et
1476 3168 1617 3222 Mosi
1676 3167 1892 3222 tradita
1947 3183 2052 3238 per

409 3261 710 3333 angelum,
743 3259 845 3329 qui
893 3259 1004 3328 ipsi
1037 3258 1099 3311 in
1148 3258 1294 3312 rubo
1355 3259 1648 3329 apparuit.
1719 3253 1812 3316 E’ic
1873 3253 2055 3310 διατα-

2089 3217 2131 3282 C

2162 1915 2284 1972 λίαν
2319 1912 2499 1972 ἄδικοι
2530 1916 2582 1970 οἱ
2612 1912 2810 1970 ἐκεῖνον
2874 1914 3231 1986 ἀνῃρηκότες.
3289 1912 3504 1969 Δίκαιον
3565 1909 3622 1968 δί
3650 1911 3811 1966 αὐτὸν

2161 2004 2341 2068 καλεῖ.
2386 2006 2415 2060 ’ὁ
2474 2002 2599 2060 οὐδὲ
2652 2005 2849 2059 ἐκεῖνον
2907 2000 3169 2074 ἡδ·5ναντο
3229 2003 3579 2077 ἀρνήσασθαι.
3640 1999 3813 2056 Οὐδα-

2170 2094 2273 2170 μοῦ
2304 2095 2406 2173 γάρ
2439 2094 2529 2150 καί
2559 2116 2643 2149 τοι
2669 2091 2790 2151 λίαν
2824 2091 2972 2155 ὄντες
3037 2089 3306 2160 αὐθάδεις,
3331 2092 3382 2146 ἐν
3417 2089 3594 2147 οὐδενῖ
3651 2091 3812 2148 αὐτὸν

2165 2184 2376 2244 ἀδικίας
2409 2184 2723 2260 ᾐτιάσαντο.
2761 2189 2881 2244 Πῶς
2913 2185 3017 2258 γὰρ
3049 2183 3140 2239 τὸν
3178 2179 3319 2255 μηδὲ
3351 2181 3539 2256 στέγην
3571 2180 3768 2257 ἔχοντα
3795 2201 3809 2251 ;

2163 2275 2376 2332 Δίκαιον
2411 2273 2466 2329 δὲ
2495 2273 2586 2329 τὸν
2640 2273 2851 2342 Ἰησοῦν
2912 2271 3118 2340 ἐκέλει,
3177 2271 3570 2335 ἐπισπάσασθαι
3610 2272 3811 2336 αὐτοὺς

2167 2363 2524 2440 βουλόμενος.
2560 2360 2837 2435 Προδότας
2871 2359 2928 2416 δὲ
2975 2361 3144 2415 αὐτοῦ
3199 2360 3289 2414 καὶ
3347 2365 3529 2440 φονεῖς
3579 2359 3812 2423 ’ἀσίτους

2163 2452 2341 2520 καλεῖ,
2375 2453 2450 2514 ὡς
2481 2451 2776 2512 κοινωνοὺς
2811 2448 2967 2511 ὄντας
3027 2455 3143 2510 τοῖς
3203 2449 3574 2522 σταυρώσασιν
3632 2448 3811 2518 αὐτὸν,

2163 2543 2254 2598 καί
2305 2542 2578 2615 τοι,.φησὶ
2632 2541 2803 2610 νόμον
2860 2534 3128 2600 λαϐόντας
3188 2536 3450 2609 διατάξεις
3501 2537 3715 2615 ἔχοντα,
3760 2539 3819 2593 αῖ

2165 2652 2309 2693 τινες
2341 2628 2630 2708 ἰσάγγελον
2662 2627 2880 2684 ἐποίουν
2914 2627 3198 2685 πολιτείαν
3226 2623 3373 2703 ἔχειν
3404 2627 3530 2689 τοῦς
3585 2626 3816 2683 τελοῦν-

2164 2721 2259 2782 τάς
2285 2721 2463 2778 αὐτὸν.
2498 2723 2674 2774 Τοῦτο
2707 2719 2810 2795 γάρ
2842 2716 3006 2783 ἐστιν,
3041 2743 3069 2769 ‹‹
3095 2718 3148 2772 οἳ
3174 2737 3315 2777 τινες
3347 2712 3568 2772 ἱλάϐετε
3597 2717 3688 2772 τὸν
3715 2718 3816 2772 νό-

2169 2829 2268 2882 μον
2304 2807 2379 2869 είς
2413 2805 2673 2880 διαταγὰς
2701 2805 2973 2883 ἀγγέλων.
3013 2829 3040 2856 ››
3069 2803 3220 2864 Τινὲς
3271 2801 3327 2860 δὶ
3381 2803 3471 2858 καὶ
3529 2809 3691 2860 τοῦτο
3725 2803 3819 2860 λέ-

2163 2919 2274 2973 γειν
2308 2897 2460 2966 ωασῖ,
2492 2897 2583 2951 τὸν
2617 2897 2706 2951 ὑπ’
2743 2894 2990 2972 ἀγγέλων
3039 2891 3395 2969 διαταχθέντα
3425 2892 3513 2948 καὶ
3572 2892 3821 2968 ἐγχειρι-

2165 2988 2357 3042 σθὲντα
2388 2983 2458 3041 δι’
2488 2983 2723 3061 ἀγγέλου
2773 2989 2850 3058 τῷ
2910 2986 3152 3048 Μωϋςεῖ,
3208 2987 3304 3038 τοῦ
3363 2981 3616 3062 ὀφθέντος
3675 2983 3821 3055 αὐτῷ

2163 3075 2215 3130 ἐν
2256 3081 2324 3151 τῇ
2349 3077 2519 3152 βάτῳ.
2565 3074 2656 3138 Εἷς
2705 3072 2984 3146 διαταγὰς,
3027 3072 3151 3129 ἀντὶ
3183 3076 3299 3143 τοῦ,
3331 3073 3468 3128 κατὰ
3497 3072 3593 3134 τὰς
3645 3069 3827 3128 διατα·

2165 3168 2286 3242 γάς,
2319 3166 2500 3229 καθὼς
2540 3164 2742 3221 ἐκεῖνοι
2802 3158 3109 3233 διεῖτάξαντο
3170 3167 3250 3234 τῷ
3310 3167 3518 3234 Μωσεῖ,
3577 3160 3823 3240 ὀφθέντες

2166 3255 2218 3312 ἐν
2253 3260 2320 3329 τῇ
2355 3257 2506 3331 βάτῳ
2525 3255 2616 3310 καὶ
2650 3255 2700 3310 ἐν
2725 3259 2804 3326 τῷ
2832 3249 2974 3328 ὄρει.

407 3346 530 3420 γάς.
564 3348 622 3402 id
656 3352 763 3413 est,
798 3347 859 3400 in
888 3345 979 3399 vel
1009 3345 1081 3398 ad
1108 3345 1550 3415 dispositiones,
1587 3346 1698 3400 hoc
1727 3351 1836 3414 est,
1869 3347 2200 3403 secundum
2254 3347 2700 3418 dispositiones,
2761 3342 3267 3417 quemadmodum
3325 3343 3414 3399 illi
3465 3347 3817 3402 statuerant.

409 3436 551 3492 Mosi
581 3439 936 3506 apparentes
967 3433 1027 3487 in
1058 3433 1205 3486 rubo
1237 3439 1296 3487 et
1325 3432 1386 3487 in
1421 3440 1645 3488 monte.

482 3524 599 3587 VII,
631 3525 720 3587 54,
753 3525 840 3577 55.
875 3544 902 3571 ‹‹
937 3521 1265 3576 Audientes
1288 3527 1486 3576 autem
1521 3523 1647 3576 haec
1679 3522 2061 3578 dissecaban-

412 3636 439 3664 ‹‹
473 3618 570 3668 tur
598 3611 877 3667 cordibus
900 3611 1046 3677 suis,
1079 3615 1139 3664 et
1170 3609 1502 3664 stridebant
1531 3609 1812 3665 dentibus
1844 3611 1967 3665 suis
1999 3613 2060 3666 in

418 3728 439 3755 ι
469 3721 624 3760 eum.
660 3704 803 3758 Cum
835 3708 1032 3757 autem
1074 3706 1232 3756 esset
1281 3699 1494 3771 plenus
1553 3701 1773 3772 Spiritu
1833 3689 2058 3768 sancto,

415 3794 715 3851 «intentis
744 3793 805 3848 iu
836 3792 1050 3847 cmlum
1081 3790 1290 3857 oculis,
1322 3789 1465 3844 vidit
1489 3790 1735 3862 gloriam
1769 3793 1890 3846 Dei.
1925 3814 1953 3841 »

485 3884 542 3938 Si
577 3899 712 3938 eum
743 3881 1012 3937 occidere
1034 3880 1329 3946 volebant,
1363 3879 1659 3950 quomodo
1691 3897 1810 3934 non
1864 3881 2062 3935 statim

415 3973 759 4029 occidebant
791 3972 818 4027 ‘I
848 3972 998 4036 Quia
1019 3969 1403 4025 verisimilem
1429 3969 1638 4025 sceleri
1689 3971 2063 4026 occasionem

413 4069 738 4138 praetexere
768 4060 1062 4115 volebant.
1107 4062 1250 4115 Nam
1302 4059 1523 4126 injuria
1571 4059 1850 4115 adversus
1903 4061 2062 4132 ipsos

413 4170 534 4210 non
566 4158 692 4207 erat
716 4150 1086 4206 rationabilis
1107 4155 1426 4221 praetextus
1448 4148 1521 4204 ad
1540 4150 2062 4222 interemptionem

415 4243 518 4300 sed
549 4244 623 4298 ad
654 4243 1007 4316 ejectionem
1038 4247 1140 4296 aut
1170 4241 1240 4295 ad
1276 4240 1732 4313 ﬂagellationem
1773 4241 2062 4307 fortassis,

414 4333 489 4389 ad
545 4333 905 4389 occisionem
965 4347 1102 4386 vero
1149 4347 1332 4386 causa
1385 4330 1692 4386 sufﬁziens
1749 4348 1869 4386 non
1917 4338 2062 4387 erat.

416 4422 655 4494 Alioqui
682 4421 861 4477 etiam
894 4436 1088 4491 neque
1122 4420 1308 4490 ipsius
1358 4420 1722 4475 contumelia
1780 4428 1927 4482 erat,
1961 4419 2065 4476 sed

418 4511 720 4584 propheta)
752 4510 1032 4564 adversus
1062 4507 1198 4560 illos
1245 4508 1563 4575 accusatio,
1605 4525 1715 4563 nec
1745 4509 1927 4564 videri
1969 4526 2065 4564 vo-

2241 3549 2267 3574 ‹‹
2302 3522 2619 3586 Ἀκούοντες
2678 3519 2735 3579 δὲ
2790 3525 2957 3576 ταῦτα
3041 3518 3346 3595 διεπρίοντο
3398 3541 3517 3583 ταις
3571 3518 3821 3594 καρδίαις

2169 3637 2197 3664 ‹‹
2231 3611 2432 3682 αὐτῶν,
2463 3612 2552 3666 καὶ
2587 3607 2823 3691 ἔϐρυχον
2867 3611 2994 3672 τοὺς
3036 3607 3257 3671 ὀδόντας
3288 3609 3464 3665 αὐτων
3522 3609 3605 3666 ἐπ’
3635 3610 3818 3672 αὐτόν.

2171 3725 2199 3752 ‹‹
2231 3700 2519 3780 Ύπάρχων
2571 3698 2627 3755 δὲ
2681 3699 2905 3770 πλήρης
2968 3699 3283 3772 Πνεόματος
3342 3701 3524 3776 ἁγίου,
3575 3699 3822 3763 ἀτενίσας

2170 3817 2197 3845 ‹‹
2228 3793 2301 3854 είς
2331 3793 2422 3847 τὸν
2455 3791 2700 3868 οὐρανὸν,
2734 3789 2847 3846 εἶδε
2885 3789 3040 3862 δόξαν
3073 3796 3226 3850 Θεοῦ,
3263 3815 3292 3844 ››

2243 3877 2630 3939 Είέϐούλοντο
2689 3881 2914 3949 ἀνελεῖν,
2973 3886 3088 3943 πῶς
3149 3880 3248 3936 οὐκ
3306 3881 3516 3936 ἀνείλον
3577 3880 3698 3938 τότε
3728 3882 3821 3938 εὖ-

2173 3971 2306 4036 θέως
2335 3992 2356 4026 ε
2385 3973 2511 4028 ’Ότι
2539 3991 2809 4048 προφασιν
2859 3967 3088 4043 εὔλογον
3133 3967 3334 4039 ἤθελον
3385 3972 3682 4043 περιθεῖναι
3742 3977 3823 4045 τῷ

2172 4059 2516 4135 τολμήματι.
2549 4061 2608 4116 ἸΙ
2645 4063 2747 4137 γὰρ
2779 4059 2854 4120 εἰς
2890 4059 3083 4123 αὐτοὺς
3129 4054 3283 4135 ὕϐρις
3314 4060 3416 4114 οὐκ
3471 4060 3536 4129 ἦν
3595 4058 3822 4134 εὔλογος

2172 4150 2440 4230 πρόφασις
2481 4150 2615 4224 πρὸς
2645 4150 2937 4222 ἀναίρεσιν,
3000 4147 3126 4204 ἀλλ’
3195 4147 3462 4204 ἀπελάσαι
3523 4151 3616 4224 μὶν
3649 4155 3683 4220 ἧ
3717 4172 3824 4224 μα-

2173 4241 2348 4310 στίξαι
2382 4237 2532 4308 ἴσως,
2566 4237 2774 4294 ἀνελεῖν
2835 4237 2892 4293 δὲ
2923 4238 3022 4294 οὐκ
3080 4238 3310 4316 εὔλογος
3369 4238 3539 4294 αῗτία.
3593 4237 3824 4302 Ἀλλως

2175 4327 2232 4385 δὲ
2261 4327 2384 4384 οὐδὲ
2406 4329 2470 4397 ἦν
2511 4323 2726 4400 ἧῦϐρις
2761 4328 2950 4396 αὐτοῦ,
3015 4326 3158 4382 ἀλλὰ
3217 4332 3311 4382 τοῦ
3357 4330 3646 4406 προφήτου
3701 4331 3830 4385 κατ’

2173 4419 2347 4475 αὐτῶν
2381 4418 2702 4492 κατηγορία.
2735 4419 2834 4474 Καὶ
2881 4417 2983 4473 οὐκ
3011 4416 3214 4486 ἤθελον
3274 4415 3450 4472 δοκεῖν
3509 4415 3597 4473 διὰ
3649 4420 3716 4474 τὰ
3748 4419 3828 4482 είς

2175 4508 2367 4570 αὐτοὺς
2401 4508 2562 4563 αὐτὸν
2593 4507 2820 4563 ἀνελεῖν.
2870 4505 3049 4582 ὥσπερ
3106 4504 3232 4562 οὐδὲ
3284 4507 3375 4562 τόν
3429 4507 3682 4583 Χριστόν.
3743 4509 3825 4567 Οὐ

421 4600 626 4655 lebant
680 4597 1024 4652 i::terimere
1099 4593 1270 4647 illum
1329 4594 1402 4648 ob
1459 4598 1725 4666 proprias
1785 4598 2056 4669 injurias,

2174 4599 2268 4674 γὰρ
2303 4599 2540 4673 ᾑροῦντο
2573 4597 2648 4660 εἷς
2674 4598 2772 4666 τὴν
2807 4596 3141 4674 μιαιφονίαν,
3175 4595 3301 4652 ἀλλ’
3323 4591 3581 4653 ἔσπευδον
3609 4598 3698 4653 καὶ
3728 4601 3832 4670 τὴν

423 4683 926 4758 quemadmodum
957 4698 1150 4754 neque
1191 4681 1508 4737 Christum.
1543 4685 1771 4738 Etenim
1805 4688 2067 4742 contenti

427 4793 548 4834 non
580 4780 749 4831 erant
777 4772 1165 4827 homicidium
1197 4777 1560 4844 perpetrare,
1596 4772 1699 4827 sed
1755 4779 1813 4828 et
1867 4775 2069 4847 glorias

425 4867 555 4937 ejus
582 4878 795 4918 nocere
827 4861 1214 4917 ('onabantur.
1249 4860 1550 4932 Siquidem
1592 4863 1958 4926 metuebant,
1995 4881 2071 4919 ne

423 4952 674 5012 celebris
705 4951 890 5023 magis
924 4951 1288 5019 redderetur,
1325 4951 1373 5006 si
1405 4949 1476 5006 ob
1505 4951 1790 5024 injuriam
1823 4952 1968 5024 ipsis
1994 4952 2070 5008 il-

420 5045 602 5102 latam
633 5040 1096 5096 interimeretur.

491 5156 518 5183 ‹‹
551 5131 842 5187 EtJesum
875 5134 1128 5184 stantem
1158 5145 1192 5183 a
1223 5129 1448 5185 dextris
1488 5132 1610 5197 Dei,
1659 5136 1718 5188 et
1747 5132 1868 5187 ait:
1923 5132 2070 5188 Ecce

417 5247 446 5274 (ι
470 5222 635 5278 video
663 5220 842 5277 caelos
873 5223 1132 5289 apertos,
1161 5223 1219 5271 et
1249 5219 1463 5275 Filium
1497 5221 1758 5276 hominis
1811 5227 2066 5278 stantem

417 5335 444 5363 ‹‹
480 5329 516 5368 a
545 5309 767 5367 dextris
798 5307 922 5365 Dei.
960 5328 989 5356 »

483 5490 749 5546 Stantem
780 5491 838 5543 et
892 5501 1016 5541 non
1079 5483 1388 5541 sedentem
1421 5485 1562 5541 vidit
1608 5488 1805 5544 Jesum
1857 5487 2068 5545 beatus

413 5580 767 5654 Stephanus,
802 5581 866 5632 ut
897 5590 1064 5632 suam
1099 5573 1376 5630 exhibeat
1435 5576 1700 5634 Christus
1743 5580 2062 5651 protectio-

419 5687 557 5727 nem
587 5686 598 5724 :
633 5675 692 5724 et
721 5681 997 5740 magnam
1028 5681 1131 5719 suo
1155 5665 1389 5721 athleta
1425 5667 1644 5724 tribuat
1675 5668 2064 5725 alacritatem.

2181 4687 2335 4758 δόξαν
2368 4688 2531 4742 αὐτοῦ
2565 4685 2797 4762 βλάψαι.
2861 4683 3164 4743 Ἑδεδίεσαν
3204 4686 3308 4761 γὰρ
3371 4688 3445 4758 μὴ
3502 4688 3832 4762 ἀναιρούμε-

2176 4798 2265 4838 νος
2316 4775 2406 4832 διά
2451 4777 2552 4844 τὴν
2608 4776 2684 4837 εἰς
2743 4775 2945 4836 αὐτοὺς
3006 4770 3187 4850 ὕϐριν,
3246 4773 3677 4852 αἰδεσιμώτερος
3734 4777 3829 4853 γέ-

2179 4888 2358 4938 νηται.

2250 5161 2276 5185 ι.
2313 5133 2409 5190 Καὶ
2469 5136 2683 5205 Ἰησοῦν
2750 5134 2958 5188 ἑστῶτα
3023 5131 3081 5187 ἐκ
3133 5130 3320 5206 δεξιῶν
3377 5137 3474 5190 τοῦ
3532 5139 3689 5201 Θεοῦ,
3738 5136 3831 5190 καὶ

2180 5249 2208 5276 ‹‹
2242 5225 2412 5278 εἶπεν
2473 5219 2611 5280 Ἰδοὺ
2678 5223 2868 5296 θεωρῶ
2922 5223 3051 5283 τοὺς
3105 5222 3369 5296 οὐρανοὺς
3428 5223 3828 5299 ἀνεῳγμένους,

2181 5338 2208 5365 ‹‹
2241 5311 2329 5368 καὶ
2385 5312 2507 5368 Υἱὸν
2564 5315 2660 5367 τοῦ
2741 5311 3028 5382 ἀνθρώπου
3088 5311 3148 5367 ἐκ
3215 5309 3400 5383 δεξιῶν
3466 5315 3672 5371 ἑστῶτα
3727 5318 3829 5371 τοῦ

2187 5424 2207 5453 ι
2242 5399 2398 5460 Θεοῦ.
2436 5425 2463 5452 ››

2249 5492 2488 5547 Ἐστῶτα
2516 5491 2605 5546 καὶ
2632 5491 2784 5568 οὐχὶ
2816 5492 3126 5564 καθήμενον
3160 5492 3188 5546 ὁ
3223 5493 3491 5567 μακάριος
3551 5493 3824 5575 Στέφανος

2179 5583 2278 5655 ὁρᾷ
2306 5582 2397 5636 τὸν
2453 5585 2684 5653 Ἰησοῦν,
2743 5581 2833 5635 ἳνα
2893 5577 3036 5653 δείξῃ
3093 5582 3192 5648 τήν
3249 5579 3540 5659 ἀντίληψιν
3586 5586 3686 5654 τήν
3745 5583 3826 5648 ε’ίς

2177 5670 2365 5739 αὐτὸν,
2389 5670 2474 5724 καὶ
2510 5665 2726 5740 πολλὴν
2752 5668 2828 5742 τῷ
2884 5667 3099 5744 ἀθλητῇ
3153 5669 3250 5741 τὴν
3308 5671 3614 5748 προθυμίαν
3649 5673 3825 5751 παρά-
