4134 6196
295 349 394 408 I57

1255 340 1671 404 OOMMENT.
1719 340 1803 401 IN
1851 339 2060 400 ACTA
2105 337 2715 402 APOSTOLOBUM.

3578 342 3690 402 158

292 504 318 532 κ
349 499 522 554 ματος
553 483 650 536 τοῦ
680 479 867 548 Ἰησοῦ
923 478 1189 551 Χριστοῦ,
1225 470 1580 545 ἐϐαπτίζοντο
1627 471 1817 547 ἄνδρες
1866 492 1926 527 τε

2067 494 2069 518 r
2103 473 2374 545 Philippo
2397 475 2812 548 evangelizanti
2842 476 2913 531 de
2934 492 3115 542 regno
3135 476 3236 533 Dei
3259 477 3409 534 etde
3438 478 3690 536 nomine

291 570 431 624 «καὶ
487 572 756 644 γυναῖκες.
815 568 879 625 Ὁ
940 564 998 621 δέ
1049 564 1238 638 Σίμων
1297 564 1388 619 καὶ
1442 564 1604 626 αὐτὸς
1636 563 1933 631 ἐπίστευσε,

291 661 430 714 «καί
492 657 807 734 βαπτισθεὶς
871 656 941 725 ἦν
1026 659 1445 729 προσκαρτερῶν
1507 659 1587 727 τῷ
1645 652 1934 724 Φιλίππῳ,

289 775 314 801 ιι
352 751 570 823 θεωρῶν
596 767 656 802 τε
714 743 971 818 δυνάμεις
1028 744 1120 799 καὶ
1176 749 1383 817 σημεῖα
1413 743 1696 822 γινόμενα,
1729 741 1938 813 ἐξίστα-

289 864 315 891 ‹‹
341 860 422 894 το.
453 836 811 896 ’Λκοῦσαντες
845 831 902 889 δὲ
955 834 1008 888 οἱ
1065 832 1116 888 ἐν
1157 831 1570 907 Ἱεροσολύμοις
1613 829 1934 898 ἀπόστολοι,

293 952 318 981 ιι
345 928 432 988 ὅτι
459 923 700 980 δέδεκται
733 928 770 995 ἠ
806 922 1085 997 Σαμάρεια
1139 923 1231 977 τὸν
1283 923 1453 996 λόγον
1506 926 1604 977 τοῦ
1635 925 1789 987 Θεοῦ,
1825 920 1931 974 ἀπ-

288 1044 315 1068 α
348 1014 590 1072 ἐστειλαν
623 1013 760 1089 πρός
799 1013 996 1075 αὐτοὺς
1036 1013 1127 1067 τὸν
1156 1011 1358 1087 Πέτρον
1407 1011 1497 1066 καὶ
1551 1011 1819 1080 Ἰωάννην,
1853 1008 1938 1062 οἳ·

290 1127 485 1167 «τινες
537 1098 894 1168 καταϐάντες,
952 1101 1328 1179 προσηύξαντο
1377 1100 1500 1175 περῖ
1554 1099 1754 1168 αὐτῶν,
1786 1098 1939 1160 ὅπως

294 1223 312 1245 ι
349 1189 564 1251 λάϐωσι
597 1193 818 1267 Πνεῦμα
841 1191 1023 1267 ἆγιον.
1059 1217 1081 1244 ι

357 1371 708 1447 Σημειωτέον
767 1373 852 1427 ὅτι
911 1371 974 1426 οὗ
1032 1368 1115 1425 δεῖ
1164 1368 1489 1441 πλησιάζειν
1543 1370 1754 1444 μάγοις.
1789 1367 1856 1426 Εἴ
1885 1365 1942 1425 δὲ

291 1487 372 1527 τις
433 1461 733 1532 ἂπατηθεὶς
793 1459 1149 1531 ἐπλησίασεν,
1215 1458 1528 1538 ἀφιστάσθω
1582 1457 1817 1533 ταχέως.
1875 1459 1941 1513 Ἡ

286 1555 386 1632 γάρ
453 1552 690 1625 ἐπιμονή
758 1553 795 1620 ἡ
861 1550 914 1604 ἐν
981 1550 1171 1610 αὐτοῖς
1210 1548 1288 1611 εἷς
1327 1544 1572 1604 ἔκστασιν
1631 1545 1746 1624 ἄγει
1804 1567 1941 1626 φρε-

285 1648 415 1712 νῶν,
486 1642 628 1697 ὥστε
696 1641 772 1713 μὴ
840 1638 1076 1693 συνιὲναι
1139 1635 1429 1714 διακρῖναι.
1471 1638 1648 1700 Οὗτος
1689 1637 1866 1692 τοίνυν
1914 1638 1942 1693 ὁ

289 1730 478 1806 Σίμων
565 1726 1036 1800 ὑποκορισάμενος
1117 1728 1248 1787 τοὺς
1341 1725 1686 1790 ἀποστόλους
1771 1725 1946 1801 μάγος

290 1822 577 1894 ὑπάρχων,
607 1817 695 1872 καὶ
729 1815 940 1890 ὁμοίως
969 1822 1086 1878 τοῖς
1147 1814 1344 1878 ἄλλοις
1398 1816 1502 1872 ὑπὸ
1533 1813 1818 1872 Φιλίππου
1846 1819 1944 1872 τοῦ

293 1906 410 1968 ἐνὸς
451 1909 561 1961 τῶν
597 1904 760 1972 ἑπτα,
791 1903 1107 1981 βαπτισθεὶς
1169 1903 1306 1976 μετά
1361 1901 1609 1970 πολλῶν,
1641 1902 1704 1958 06
1738 1905 1833 1975 μὲν
1860 1923 1948 1960 τοι

297 1994 512 2067 ἐδέξατο
543 1994 634 2051 διὰ
659 2002 762 2064 τῆς
820 1994 1108 2056 ἐπιθέσεως
1167 1999 1274 2048 τῶν
1336 1999 1540 2069 χειρῶν
1570 1999 1678 2049 τῶν
1709 1993 1946 2050 ἀποστόο

295 2086 407 2143 λων
441 2088 504 2144 τὸ
533 2087 696 2161 ’ἅγιον
730 2087 968 2158 Πνεῦμα.
1017 2084 1078 2139 Τί
1135 2085 1266 2152 οῦνς
1325 2085 1377 2139 οἱ
1437 2085 1812 2159 βαπτισθέντες
1847 2085 1950 2139 ὑπὸ

295 2177 584 2234 Φιλίππου
650 2175 750 2230 οὐκ
798 2169 998 2231 ἔλαϐον
1064 2178 1286 2248 Ηνεῦμα
1347 2175 1548 2248 ἅγιον;
1602 2178 1820 2246 Πνεῦμα
1852 2175 1946 2247 μὲν

290 2268 442 2342 ἅγιον
475 2260 677 2322 ἔλαϐον
716 2265 781 2321 τὸ
825 2271 926 2333 τῆς
957 2263 1223 2342 ἀφέσεως,
1254 2263 1318 2320 τὸ
1349 2261 1408 2320 δὶ
1435 2268 1544 2320 τῶν
1577 2263 1820 2336 σημείων
1850 2263 1952 2319 οὐκ

284 2351 505 2412 ἔλαϐον.
539 2357 696 2413 Ὅθεν
725 2355 754 2409 6
791 2356 982 2428 Σίμων
1034 2351 1164 2410 ίδὼν
1213 2352 1296 2408 ὅτι
1347 2350 1557 2408 δίδοται
1587 2350 1676 2407 διὰ
1703 2359 1802 2423 τῆς
1831 2352 1952 2408 ἐπι-

289 2443 489 2510 θέσεως
519 2448 632 2499 τῶν
667 2448 898 2523 χειρῶν,
932 2439 1216 2518 προσῆλθε
1265 2446 1384 2502 τοῖς
1442 2440 1773 2504 ἀποστόλοις
1815 2441 1949 2497 ἀπο·

290 2535 583 2606 τολμήσας
614 2534 763 2605 αῦτῷ
821 2533 1289 2607 ἐμπορεύσασθαι.
1345 2531 1476 2605 Ιιρὶν
1529 2531 1636 2606 γὰρ
1669 2529 1802 2587 ἰδεῖν
1837 2530 1950 2586 ὲτέο

293 2645 423 2698 ρους
489 2617 870 2696 λαμϐάνοντας
935 2621 999 2677 τὸ
1063 2621 1172 2676 τῶν
1239 2621 1487 2693 σημείων
1569 2625 1786 2692 Πνεῦμα
1852 2620 1953 2676 οὐκ

298 2713 515 2790 ἐθάρῤἐι
575 2714 814 2782 αἰτῆσαι.
875 2716 998 2774 Πῶς
1054 2707 1113 2767 ὂὶ
1165 2710 1258 2766 τὸν
1307 2714 1556 2766 τοιοῦτον
1589 2712 1618 2766 6
1666 2708 1952 2772 Φίλιππος

294 2799 628 2871 ἐϐαπτισενς
683 2802 774 2862 Ὦς
829 2800 919 2855 καὶ
976 2801 1068 2856 τὸν
1125 2797 1338 2856 Ἰούδαν
1388 2800 1619 2873 Χριστὸν
1653 2797 1950 2872 ἐξελέξατο.

300 2897 424 2953 Πῶς
457 2889 517 2947 δὶ
545 2890 708 2946 αὑτὸν
737 2889 836 2946 οὐκ
867 2889 1081 2944 ἀνεῖλον
1135 2890 1211 2950 ὡς
1250 2888 1343 2942 τὸν
1396 2887 1635 2944 Ἀνανίαν
1662 2907 1677 2957 ;
1709 2889 1832 2946 Ὀτι
1861 2874 1952 2943 καὶ

296 2980 348 3036 ἐν
404 2984 474 3051 τῇ
525 2977 737 3050 παλαιᾷ
768 2980 848 3039 εἷς
898 2977 1135 3053 ἀνῃρέθη
1200 2977 1229 3032 6
1276 2976 1344 3031 τὰ
1389 2975 1526 3050 ξύλα
1557 2974 1841 3050 συλλέξας,
1877 2977 1952 3039 εἰς

296 3068 684 3145 σωφρονισμὸν
739 3068 962 3140 ὶτέρων,
1029 3063 1210 3128 οὐδεὶς
1242 3061 1512 3138 δὶὲτερος
1549 3068 1712 3121 τοῦτο
1752 3064 1952 3120 πεπον-

298 3161 403 3216 θεν.
453 3161 612 3214 Ἐστι
659 3154 720 3214 δὶ
776 3153 1009 3212 συνιδεῖν
1069 3157 1155 3211 ὅτι
1211 3153 1264 3210 ἐν
1313 3158 1381 3228 τῇ
1441 3152 1588 3211 δόσει
1643 3159 1740 3209 τοῦ
1798 3156 1952 3231 ἁγίου

2044 585 2073 614 ‹‹
2105 562 2243 619 Jesu
2265 563 2959 636 Christi,baptizabantur
2978 568 3082 622 viri
3105 569 3280 622 simul
3299 585 3368 624 ac
3382 570 3688 624 mulieres.

2046 674 2073 702 «
2107 653 2310 708 Simon
2343 658 2538 708 autem
2564 661 2621 708 et
2644 655 2768 725 ipse
2787 656 3060 721 credidit,
3084 675 3338 728 cumque
3359 658 3687 729 baptizatus

2051 765 2072 792 ι
2105 748 2279 805 esset,
2314 742 2655 798 adhaerebat
2684 745 2978 816 Philippo,
3014 753 3071 800 et
3114 748 3314 802 videns
3347 749 3590 804 virtutes
3622 767 3689 805 ac

2048 854 2074 881 «
2108 831 2276 903 signa
2305 848 2435 903 qua)
2461 832 2701 898 fiebant,
2727 839 2970 906 stupens
2990 835 3563 893 admirabatur.Cum
3586 856 3691 894 au-

2049 947 2074 975 ι(
2109 930 2226 978 tem
2259 923 2567 980 audissent
2599 925 2849 995 apostoli
2899 927 2999 997 qui
3045 934 3213 982 erant
3243 929 3690 1000 Hierosolymis,

2049 1035 2077 1064 «
2109 1012 2266 1086 quod
2300 1013 2621 1084 recepisset
2657 1014 2919 1069 Samaria
2967 1016 3208 1070 verbum
3243 1019 3365 1081 Dei,
3399 1020 3693 1073 miserunt

2050 1125 2076 1152 ‹‹
2110 1102 2183 1158 ad
2215 1119 2316 1158 eos
2343 1105 2580 1158 Petrum
2609 1119 2676 1158 ac
2694 1104 3003 1159 Joannem.
3031 1104 3126 1160 78
3155 1106 3262 1170 Qui
3285 1122 3419 1162 cum
3450 1107 3694 1163 descen-

2050 1215 2076 1242 «
2111 1191 2359 1258 dissent,
2390 1199 2706 1248 oraverunt
2734 1210 2839 1265 pro
2872 1194 3037 1265 ipsis,
3059 1199 3125 1249 ut
3154 1196 3492 1266 acciperent
3522 1197 3699 1268 Spiri-

2054 1303 2079 1329 «
2113 1287 2234 1338 tum
2270 1288 2558 1337 sanctum.
2595 1303 2623 1331 ››

2122 1371 2241 1428 Hoc
2265 1371 2395 1427 loco
2426 1371 2809 1428 indicandum
2835 1376 2924 1428 est
2947 1389 3066 1428 non
3089 1379 3363 1445 oportere
3397 1375 3471 1430 ad
3498 1391 3698 1448 magos

2052 1463 2374 1519 accedere:
2419 1463 2576 1534 quod
2633 1464 2681 1519 si
2739 1463 3021 1535 deceptus
3076 1465 3150 1520 ad
3210 1482 3311 1521 eos
3359 1467 3697 1534 accesserit,

2053 1552 2406 1624 quantocius
2454 1560 2797 1623 separetur:
2846 1555 3283 1624 perseverantis
3331 1572 3589 1626 namque
3637 1555 3700 1611 in

2053 1642 2145 1696 his
2174 1641 2351 1696 rebus
2381 1647 2680 1712 stuporem
2707 1642 2923 1696 mentis
2950 1642 3212 1708 adducit,
3244 1659 3318 1698 ne
3350 1644 3540 1714 possit
3568 1645 3698 1714 quis

2054 1729 2387 1800 intelligere
2444 1730 2518 1784 ad
2577 1729 3047 1801 diiudicandum.
3108 1731 3212 1786 Hic
3263 1732 3464 1802 itaque
3496 1732 3698 1788 Simon

1975 1853 2023 1918 Β
2056 1835 2192 1875 cum
2226 1824 2612 1918 magusesset
2638 1819 3041 1892 apostolisque
3070 1819 3530 1883 blandiretur,et
3549 1822 3703 1877 sicut

2056 1907 2252 1964 caeteri
2285 1924 2319 1962 a
2352 1907 2638 1979 Philippo.
2672 1909 2771 1979 qui
2814 1925 2967 1964 unus
3027 1925 3096 1964 ex
3153 1916 3380 1980 septem
3429 1916 3575 1974 erat,
3609 1910 3701 1965 in-

2055 2002 2146 2053 ter
2176 1996 2392 2052 multos
2413 1997 2737 2068 baptizatus
2763 2003 2938 2063 esset,
2963 2015 3079 2053 non
3105 2004 3302 2054 tamen
3325 2015 3432 2070 per
3462 1997 3706 2070 imposi-

2057 2086 2278 2142 tionem
2314 2103 2598 2141 manuum
2658 2087 3063 2158 apostolorum
3114 2089 3394 2159 Spiritum
3431 2093 3704 2145 sanctum

2056 2175 2290 2248 accipit.
2324 2175 2472 2240 Quid
2505 2192 2640 2249 ergo
2663 2175 2690 2231 ?
2742 2180 2828 2232 An
2886 2194 2920 2233 a
2976 2178 3246 2250 Philippo
3280 2178 3550 2249 baptizati
3584 2195 3705 2234 non

2057 2271 2410 2336 acceperant
2439 2265 2719 2338 Spiritum
2753 2273 3022 2322 sanctum
3049 2267 3076 2322 ?
3121 2268 3404 2338 Spiritum
3437 2275 3707 2324 sanctum

2056 2361 2410 2427 acceperant
2438 2355 2700 2426 quidem,
2738 2355 2934 2427 quoad
2974 2363 3351 2428 peccatorum
3404 2357 3710 2414 remissio-

2060 2460 2222 2510 nem,
2256 2444 2361 2500 sed
2412 2460 2534 2500 non
2565 2451 2919 2516 acceperant
2955 2453 3242 2517 quantum
3297 2445 3371 2502 ad
3405 2447 3707 2520 signorum

2059 2533 2402 2591 editionem.
2431 2533 2596 2590 Unde
2619 2534 2870 2589 intuitus
2894 2535 3094 2590 Simon
3117 2535 3276 2605 quod
3299 2552 3405 2606 per
3424 2552 3710 2593 manuum

2059 2623 2505 2694 impositionem
2538 2623 2800 2682 daretur.
2833 2625 3086 2679 accessit
3113 2624 3186 2679 ad
3218 2626 3520 2695 apostolos
3549 2642 3709 2682 sum-

2061 2719 2162 2786 pta
2186 2712 2454 2774 audacia.
2487 2719 2553 2768 ut
2584 2712 2754 2768 illum
2813 2713 2926 2768 sibi
2955 2721 3341 2770 mercaretur.
3378 2719 3712 2785 Antequam

2060 2801 2219 2857 enim
2250 2801 2398 2856 alios
2421 2800 2644 2856 videret
2668 2801 2948 2873 Spiritum
2993 2801 3067 2857 ad
3101 2802 3330 2857 edenda
3361 2803 3528 2870 signa
3559 2804 3713 2856 acci-

2060 2891 2309 2963 pientes.
2329 2906 2449 2945 non
2469 2889 2726 2945 audebat
2748 2898 2963 2961 petere.
2991 2891 3294 2955 Quomodo
3317 2897 3513 2945 autem
3540 2890 3709 2946 talem

2062 2979 2376 3050 baptizavit
2395 2978 2745 3050 Philippus?
2768 2979 2979 3034 Eodem
3006 2979 3202 3044 modo,
3228 2995 3343 3049 quo
3365 2985 3424 3032 et
3445 2978 3712 3033 Christus

2060 3069 2272 3126 Judam
2303 3068 2497 3139 elegit.
2552 3068 2854 3132 Quomodo
2914 3081 3048 3122 vero
3102 3068 3297 3138 ipsum
3339 3083 3458 3121 non
3497 3067 3717 3121 occidit

2063 3161 2272 3213 Petrus
2314 3163 2382 3212 ut
2428 3156 2765 3211 Ananiam?
2806 3157 3094 3222 Quoniam
3144 3157 3206 3212 in
3255 3157 3436 3211 veteri
3478 3173 3714 3226 quoque

299 3247 642 3320 ιΙνεόματος,
697 3245 958 3315 α’σθητόν
988 3265 1041 3299 τι
1073 3244 1280 3317 ἐγίνετο
1339 3221 1667 3316 παράδοξον,
1717 3244 1817 3298 Καὲ
1843 3221 1951 3319 ’γάρ

2067 3250 2440 3304 Testamento
2454 3263 2608 3301 unus
2626 3247 3022 3317 interemptus
3041 3253 3150 3314 est,
3170 3247 3270 3318 qui
3290 3247 3449 3319 ligna
3462 3221 3713 3303 sabbato

299 3339 325 3392 6
360 3337 552 3408 Σίμων
580 3335 682 3390 οὐκ
711 3333 770 3389 ἂν
803 3332 1115 3410 προσῆλθεν
1159 3332 1346 3400 αἰτῶν,
1397 3332 1444 3390 εἰ
1507 3335 1581 3405 μή
1614 3336 1775 3388 τοῦτο
1807 3330 1951 3396 ἐθεάι

308 3448 459 3484 σατο.
497 3430 618 3486 lli):
651 3422 710 3482 δὲ
760 3426 834 3498 μὴ
895 3421 1025 3479 ἰδὼν
1083 3423 1214 3484 τοὺς
1262 3422 1606 3486 ἀποστόλους
1649 3425 1955 3498 χρημάτων

297 3521 457 3572 τοῦτο
490 3516 850 3587 πράττοντας,
903 3512 1183 3585 ἐτόλμησε
1228 3515 1494 3588 χρήματα
1538 3518 1957 3588 προσενεγκεῖνς

308 3607 430 3662 ὐτι
477 3604 580 3662 οὐκ
625 3603 693 3672 ἦν
742 3601 992 3680 ἀγνοίας,
1042 3601 1190 3658 ἀλλᾶ
1236 3601 1612 3672 πειράζοντος.
1648 3603 1780 3659 Δι⁹ὃ
1807 3602 1898 3657 καὶ
1929 3603 1958 3658 ὁ

309 3697 533 3769 Πέτρος,
565 3694 628 3750 Ἦ
660 3689 858 3764 καρδία
906 3711 1000 3746 σου
1061 3689 1161 3745 οὐκ
1209 3686 1350 3744 ἔστιν
1383 3691 1583 3753 εὐθεῖά.
1617 3688 1848 3761 δεικνὺς,
1875 3691 1961 3748 ὅτι

307 3781 431 3840 οῦδὲ
477 3784 550 3840 τά
599 3781 652 3838 ἐν
713 3784 782 3854 τῇ
841 3778 1060 3850 διανοίᾳ
1115 3779 1282 3836 αὐτοῦ
1337 3780 1744 3853 σκευωρήϐἐντα
1777 3779 1964 3837 ἔλαθεν

307 3874 486 3928 αὐτόν.
538 3873 681 3946 Ὀρα
713 3868 770 3925 δε
818 3872 919 3939 τὴν
969 3869 1358 3948 ἀναισχυντίαν
1397 3874 1495 3923 τοῦ
1528 3870 1799 3942 Σίμωνος.
1834 3871 1960 3925 Δέον

307 3965 404 4038 γάρ
437 3961 605 4017 αὐτὸν
654 3959 880 4028 αἰτῆσαι
931 3962 1152 4030 Πνεῦμα
1201 3953 1389 4014 λαϐεῖν
1429 3961 1609 4036 ἄγον,
1641 3956 1829 4024 ἐπειδὴ
1861 3960 1966 4014 οὐκ

305 4048 499 4124 ἔμελεν
539 4049 688 4122 αὐτῷ
721 4048 940 4113 τούτου,
999 4047 1088 4102 ἳνα
1141 4044 1277 4118 δ.δῷ
1307 4046 1512 4119 ἕτεροις
1560 4046 1718 4104 αἰτεῖ.
1768 4049 1966 4105 Ἤθελε

305 4141 406 4216 γάρ
436 4141 529 4197 καῖ
561 4139 850 4196 Φιλίππου
900 4135 1050 4208 δόξαι
1097 4135 1502 4213 λαμπρότερος,
1529 4139 1590 4196 Ὀ
1621 4141 1724 4216 γὰρ
1757 4139 1966 4195 Φίλιπ..

306 4252 404 4294 πος
433 4233 516 4291 εἷς
551 4227 626 4284 ὢν
675 4232 784 4283 τῶν
844 4226 998 4294 ἑπτά,
1053 4223 1309 4288 διάκονος
1349 4223 1446 4292 ὢν,
1499 4226 1598 4282 οὐκ
1654 4227 1801 4304 εἶχεν
1851 4229 1968 4299 ξου-

307 4321 420 4373 σίαν
452 4317 544 4372 διά
597 4323 700 4385 τῆς
752 4315 1098 4394 χειροθεσίας
1159 4313 1345 4383 αὐτοῦ,
1405 4311 1617 4370 διδόναι
1652 4317 1714 4371 τὸ
1752 4320 1968 4386 Πνεῦμα

310 4407 370 4464 τὸ
391 4403 576 4481 ἅγιον.
606 4407 735 4462 Ὀτι
765 4403 822 4460 δί
876 4407 1043 4458 τοῦτο
1092 4402 1319 4474 ἀληθὲς,
1376 4403 1465 4458 καὶ
1493 4404 1557 4458 τὸ
1589 4409 1695 4459 τῶν
1724 4406 1968 4476 σημείων

309 4501 540 4570 Πνεῦμα
599 4495 700 4550 οὔκ
754 4488 970 4563 ἐλαϐεν,
1027 4491 1130 4566 ὅρα
1183 4497 1306 4555 πῶς
1366 4514 1553 4570 φησιν,
1612 4495 1696 4549 ’ὁτι
1749 4500 1964 4571 θεωρῶν

2067 3337 2388 3409 collegerat
2405 3333 2473 3403 ⁸³,
2497 3335 2570 3391 ad
2593 3337 3024 3391 correctionem
3051 3343 3562 3393 caeterorumcum
3589 3337 3718 3391 nul-

2068 3425 2162 3482 lus
2193 3425 2345 3481 alius
2376 3425 2486 3481 hoc
2518 3441 2725 3496 passus
2780 3425 2874 3479 sit.
2935 3425 3095 3481 Licet
3149 3433 3349 3482 autem
3381 3426 3715 3497 intelligere

2069 3517 2225 3589 quod
2256 3517 2317 3571 in
2349 3515 2590 3572 datioue
2612 3515 2864 3585 Spiritus
2895 3517 3084 3571 sancti
3118 3517 3379 3573 sensible
3411 3516 3718 3589 quidpiam

2069 3605 2486 3662 admirandum
2520 3604 2919 3676 contingebat,
2951 3622 3147 3677 neque
3179 3607 3338 3662 enim
3372 3607 3595 3677 alioqui
3628 3607 3717 3664 Si-

2072 3712 2212 3752 mon
2243 3695 2316 3750 ad
2347 3695 2665 3766 petendum
2699 3695 3068 3762 accessisset,
3098 3696 3212 3750 nisi
3247 3696 3359 3752 hoc
3389 3695 3728 3768 conspexis-

2072 3792 2163 3843 set
2210 3786 2514 3851 Quomodo
2539 3791 2736 3841 autem
2763 3803 2896 3841 cum
2923 3787 2982 3840 id
3005 3804 3124 3842 non
3148 3787 3394 3842 vidisset
3423 3788 3722 3858 apostolos

2071 3875 2459 3949 pecuniarum
2490 3876 2678 3946 gratia
2706 3875 3012 3936 facientes.
3047 3892 3227 3931 ausus
3258 3883 3347 3932 est
3377 3878 3590 3932 offerre
3624 3892 3726 3948 pe-

2073 3965 2280 4021 cunias
2300 3965 2324 4018 1’
2355 3964 2502 4029 Quia
2533 3980 2652 4018 non
2683 3965 2936 4019 errantis
2969 3965 3227 4022 erat._sed
3252 3966 3555 4020 tentantis.
3583 3967 3724 4019 Pro-

2071 4061 2276 4126 pterea
2307 4054 2484 4109 etiam
2516 4054 2744 4118 Petrus,
2801 4074 2828 4100 τι
2869 4053 2983 4107 Cor
3012 4059 3202 4112 tuum.
3235 4054 3452 4126 inquit,
3487 4071 3604 4110 non
3639 4059 3730 4111 est

2072 4149 2330 4200 rectum:
2349 4167 2374 4191 ιο
2397 4141 2718 4197 ostendens
2740 4140 2896 4212 quod
2923 4159 3114 4213 neque
3138 4144 3241 4200 illa
3263 4145 3518 4199 laterent
3538 4147 3727 4217 ipsum

2076 4249 2208 4303 quae
2263 4232 2325 4287 in
2376 4231 2504 4301 ejus
2534 4237 2728 4285 mente
2763 4231 3187 4288 tractabantur.
3227 4235 3365 4289 Vide
3409 4241 3608 4290 autem
3639 4235 3730 4288 Si-

2077 4321 2270 4375 monis
2290 4319 2740 4390 impudentiam.
2767 4327 2908 4376 tium
2931 4322 3091 4376 enim
3114 4323 3305 4394 ipsum
3341 4331 3540 4395 petere
3564 4341 3732 4394 opor-

2076 4409 2276 4474 tuerit,
2299 4414 2364 4462 ut
2385 4408 2664 4478 Spiritum
2685 4409 3011 4480 acciperet:
3039 4412 3320 4481 quoniam
3345 4412 3510 4466 id-illi
3533 4412 3727 4468 studio

2077 4515 2198 4553 non
2231 4503 2376 4562 erat,
2410 4497 2555 4570 petit
2589 4497 2652 4554 ul
2700 4498 2835 4554 aliis
2889 4499 3076 4556 daret.
3119 4499 3364 4555 Volebat
3395 4502 3553 4556 enim
3590 4503 3725 4557 Plii-

311 4583 567 4656 δυνάμεις
607 4604 669 4638 τε
695 4581 787 4637 καὶ
818 4587 1021 4654 σημεῖα
1047 4579 1329 4657 γινόμενα,
1387 4580 1653 4652 ἐξίστατο,
1677 4582 1768 4637 καὶ
1798 4603 1951 4657 προσι

2079 4589 2240 4661 lippo
2262 4605 2496 4660 quoque
2519 4587 2702 4645 videri
2725 4590 2958 4646 clarior.
2980 4593 3122 4647 Nam
3147 4591 3458 4662 Philippus
3475 4609 3629 4649 unus
3661 4611 3733 4652 ex

311 4675 452 4743 ἦλθε
479 4677 647 4728 τοῦτο
678 4670 864 4728 αῗτῶν.

2077 4683 2324 4750 septem,
2352 4694 2487 4734 cum
2509 4677 2795 4737 diaconus
2824 4685 2999 4738 esset.
3023 4685 3376 4751 potestatem
3401 4697 3522 4735 non
3546 4682 3728 4738 habe~

312 4765 434 4826 bat.
469 4771 537 4820 ut
563 4763 638 4820 ad
670 4778 956 4819 manuum
988 4777 1230 4818 suarum
1261 4762 1704 4834 impositionem
1763 4763 1934 4821 daret
1979 4767 2263 4840 Spiritum
2313 4775 2609 4825 sanctum.
2643 4768 2807 4834 Quod
2840 4774 3038 4823 autem
3070 4769 3179 4824 hoc
3208 4786 3410 4824 verum
3444 4771 3539 4836 sit,
3572 4773 3732 4843 quod

312 4854 599 4926 Spiritum
630 4852 704 4908 ad
737 4851 967 4909 edenda
997 4852 1166 4924 signa
1194 4867 1315 4906 non
1347 4851 1666 4924 acceperit,
1699 4852 1832 4909 vide
1861 4857 2158 4926 quomodo
2182 4857 2340 4914 dicat
2360 4857 2519 4931 quod
2541 4859 2744 4915 videns
2773 4858 3020 4914 virtutes
3048 4875 3116 4915 ac
3149 4860 3315 4934 signa
3346 4879 3478 4934 qua)
3511 4864 3736 4920 ﬁebant

311 4950 561 5016 stupens
592 4940 1026 5006 admirabatur,
1060 4946 1118 4996 et
1147 4941 1260 4996 hoc
1288 4940 1585 5012 petiturus
1617 4943 1886 5000 accessit.

379 5055 406 5079 ει
445 5027 618 5088 Οῦπω
671 5029 771 5104 γάρ
826 5027 893 5096 ἦν
947 5026 1031 5082 ἐπ’
1089 5023 1270 5082 οὐδενὶ
1329 5027 1506 5081 αὑτῶν
1565 5025 1969 5103 ἐπιπεπτωκὸς,

307 5143 336 5169 ει
375 5121 540 5192 μόνον
570 5118 628 5176 δὶ
661 5113 1089 5194 βεϐαπτισμένοι
1125 5118 1378 5197 ὑπῆρχον
1431 5116 1508 5179 εἷς
1560 5118 1622 5174 τὸ
1668 5114 1844 5192 ὄνομα
1872 5125 1968 5176 τοῦ

309 5232 337 5258 ι(
367 5211 607 5283 Χριστοῦ
640 5209 842 5284 Ἰησοῦ.
902 5206 1035 5262 Τότε
1091 5205 1369 5262 ἐπετίθουν
1407 5208 1502 5268 τάς
1536 5212 1724 5283 χεῖρας
1757 5207 1841 5265 ἐπ’
1872 5210 1972 5266 αὖ-

309 5320 338 5353 ο
369 5300 522 5367 τοὺς,
553 5299 645 5353 καὶ
673 5291 989 5370 ἐλάμϐανον
1022 5301 1245 5372 Πνεῦμα
1271 5297 1448 5372 ἅγιον.
1485 5319 1514 5349 »

381 5475 678 5558 Πρόδηλον
712 5478 797 5533 ὅτι
828 5477 882 5532 οἱ
915 5477 1018 5533 ὑπὸ
1067 5474 1352 5534 Φιλίππου
1384 5472 1750 5556 ἐν’Σαμαρείᾳ
1780 5480 1972 5557 βαπτι-

385 5691 435 5728 ³³
461 5691 637 5750 Num.
663 5703 757 5756 xv,
786 5686 878 5744 82.

2157 5037 2252 5093 79
2283 5035 2432 5093 VIII.
2468 5038 2554 5102 l6,
2591 5039 2673 5090 t7.
2723 5057 2752 5084 «
2785 5036 3056 5093 Nondum
3089 5040 3249 5096 enim
3282 5041 3343 5098 in
3371 5060 3733 5117 quemquam

2081 5149 2108 5175 ‹‹
2144 5126 2381 5182 illorum
2408 5127 2654 5198 illapsus
2673 5125 2997 5193 fuerat,sed
3017 5130 3287 5203 baptizati
3315 5139 3542 5191 tantum
3567 5142 3738 5193 erant

2083 5237 2106 5266 ι
2143 5217 2204 5272 in
2236 5217 2478 5272 nomine
2513 5215 2743 5272 Domini
2792 5219 2949 5276 Jesu.
2983 5221 3142 5277 Tunc
3184 5223 3574 5296 imponebaut
3605 5243 3733 5282 ma-

2082 5322 2258 5361 «nus
2310 5320 2490 5376 super
2536 5304 2693 5373 illos,
2729 5313 2788 5363 et
2832 5309 3208 5382 accipiebant
3255 5313 3538 5387 Spiritum
3592 5332 3734 5372 san-

2081 5414 2109 5443 ‹‹
2138 5399 2319 5449 ctum.
2366 5415 2380 5443 )

2153 5483 2529 5540 Manifestum
2562 5491 2652 5542 est
2697 5503 2816 5558 eos,
2867 5489 2968 5561 qui
3000 5505 3034 5547 a
3062 5491 3337 5566 Philippo
3377 5492 3442 5550 in
3471 5493 3735 5554 Samaria
