4134 6196
389 319 504 378 159

1467 321 1898 387 (ΕΟΠΜΕΝΙΙ
1943 314 2254 378 ΤΒῙΟΟΑΞ
2298 308 2651 372 EPISCOPI

3677 311 3795 372 £60

385 453 659 526 baptizati
695 462 859 511 erant
891 472 1008 510 non
1066 459 1366 528 accepisse
1422 461 1706 532 Spiritum
1738 461 2034 520 sanctum,

2152 445 2359 510 σθέντ;ς
2394 444 2652 521 Coptica-1
2710 439 2970 504 λλῧόντες
3025 445 3240 518 Πνεῦμα
3292 445 3464 518 ἅγιον,
3511 441 3596 498 διὰ
3621 445 3681 498 τὸ
3717 448 3792 520 μὴ

391 561 457 601 eo
487 546 641 615 quod
676 545 891 599 donum
927 547 1264 612 huiusmodi
1298 566 1416 604 non
1452 551 1736 604 haberet:
1771 545 2035 618 quando-

391 635 650 702 quidem.
676 641 739 687 ut
765 634 1043 698 diximus,
1070 637 1162 690 hic
1186 654 1338 692 unus
1370 655 1437 693 ex
1471 648 1698 710 septem
1725 644 1868 692 erat.
1894 637 2036 691 Nam

391 723 448 776 lli
483 721 754 776 virtutem
788 724 1024 793 quidem
1080 725 1151 779 ad
1202 727 1433 782 edenda
1473 729 1640 800 signa
1664 729 2035 796 acceperant,

392 827 509 864 non
541 817 734 864 autem
773 819 835 865 ut
875 814 1104 868 cwteris
1153 833 1387 886 quoque
1436 817 1648 872 darent
1694 811 2036 883 huiusmodi

391 899 667 969 Spiritum
697 917 709 954 :
744 902 852 956 hoc
881 904 1038 957 enim
1073 907 1355 975 apostolis
1387 914 1682 962 servatum
1716 911 1860 961 erat.
1882 907 2037 958 Pras-

388 993 549 1043 terea
599 989 907 1062 Philippus
955 993 1013 1046 in
1067 1010 1188 1058 eos,
1243 997 1406 1065 quia
1440 1013 1501 1051 se
1546 995 1819 1066 baptizati
1872 997 2042 1047 erant

389 1076 668 1147 Spiritum
703 1078 867 1133 illabi
911 1097 1028 1134 non
1078 1081 1234 1148 fecit,
1271 1084 1569 1139 honorans
1597 1083 1870 1138 videlicet
1900 1098 2032 1152 apo-

391 1165 592 1220 stolos.
631 1169 828 1238 Neque
861 1170 1018 1224 enim
1071 1177 1348 1244 tanquam
1383 1173 1646 1244 abjectus
1673 1178 1732 1228 et
1761 1171 2038 1243 indignus

389 1256 646 1325 (quando
679 1257 857 1312 etiam
914 1259 984 1314 de
1043 1260 1171 1330 ipso
1230 1263 1532 1332 proditum
1563 1269 1653 1319 est
1685 1261 1841 1332 quod
1874 1261 2040 1333 signa

391 1347 644 1401 ediderit
665 1349 722 1402 in
757 1350 1107 1406 sanitatibus
1135 1353 1499 1418 morborum,
1525 1352 2038 1422 ejectionibusque

389 1439 772 1505 daemonum),
807 1441 908 1494 sed
969 1440 1125 1510 quod
1175 1459 1294 1496 non
1341 1442 1613 1507 oraverit,
1663 1448 1729 1498 ut
1778 1443 1888 1497 hoc
1920 1441 2040 1494 illis

385 1529 774 1599 contingeret.
829 1528 1095 1584 nondum
1153 1530 1427 1586 videlicet
1483 1532 1637 1602 aptis
1668 1531 1742 1587 ad
1786 1531 2038 1602 Spiritus

387 1619 824 1687 susceptionem
853 1636 864 1672 :
900 1619 1139 1687 quando
1174 1627 1232 1674 et
1264 1621 1464 1676 Simon
1497 1621 1596 1693 qui
1629 1621 1700 1676 ab
1732 1638 1802 1675 eo
1843 1619 2036 1690 bapti-

384 1713 545 1760 zatus
574 1711 719 1772 erat,
752 1724 882 1777 quas
915 1709 1111 1763 carnis
1160 1717 1301 1764 sunt
1348 1711 1543 1766 adhuc
1583 1712 1841 1781 sapiens,
1878 1715 2042 1780 pete-

2143 531 2290 611 ἕχειν
2328 536 2575 612 χάρισμα
2631 539 2902 590 τοιοῦτον
2960 531 3146 602 ἐπειδὴ
3208 535 3387 599 οὗτος,
3442 535 3516 595 ὡς
3565 534 3794 611 ἔφημεν,

2141 628 2219 688 εἷς
2276 647 2382 680 των
2441 625 2576 682 ἔπτὰ
2635 627 2722 694 ἦν.
2776 626 2943 682 Οὗτοι
2995 625 3096 700 γὰρ
3147 621 3404 695 δύναμεις
3456 625 3549 696 μὲν
3599 621 3794 680 ἔλαεον

2142 721 2317 770 ποιεῖν
2348 721 2571 786 σημεῖα,
2623 714 2750 789 οὐχὶ
2805 711 2861 768 δὲ
2914 715 3002 767 καὶ
3067 719 3286 787 Πνεῦμα
3335 712 3540 768 διδόναι
3569 717 3794 788 ἕτεροις·

2143 809 2303 861 τοῦτο
2353 805 2456 879 γὰρ
2505 807 2570 873 ἦν
2618 804 2680 858 τὸ
2725 808 2834 858 τῶν
2883 801 3206 857 ἀποστόλων
3247 804 3536 877 ἐξαίρετον.
3571 804 3797 866 Ἀλλως

2141 917 2198 949 τε
2231 893 2288 950 δὲ
2321 894 2382 948 οὐ
2415 896 2688 967 κατήγαγε
2739 893 2801 948 τὸ
2864 897 3080 966 Πνεῦμα
3139 894 3167 947 ὁ
3227 893 3506 954 Φίλιππος
3549 893 3635 947 ἐπὶ
3669 895 3795 951 τοῦς

2144 985 2232 1040 ὑπ’
2261 983 2430 1039 αὐτοῦ
2466 979 2872 1058 βαπτισθέντας,
2905 980 3030 1050 ἤτοι
3071 986 3247 1051 τιμῶν
3277 981 3404 1042 τοὺς
3434 982 3795 1045 ἀποστόλους.

2142 1073 2220 1130 Ού
2277 1074 2377 1147 γὰρ
2436 1073 2510 1132 ὡς
2570 1071 2797 1138 εὐτελὴς
2857 1071 2944 1125 καὶ
3004 1069 3221 1140 ἀνάξιος
3282 1071 3470 1142 ίὸπότε
3517 1071 3797 1132 καίαύτὸς

2141 1161 2418 1237 ἀνεγράφη
2479 1166 2680 1230 σημεῖα
2737 1159 3054 1230 πεποιηκὼς
3114 1158 3164 1213 ἐν
3229 1157 3396 1212 ῖάσεσι
3456 1160 3651 1222 νόσων,
3705 1161 3796 1214 καὶ

2144 1245 2399 1312 ἐκϐολαῖς
2431 1247 2751 1324 δαιμόνων),
2777 1247 2905 1304 ἀλλ’
2935 1247 3018 1303 ὅτι
3051 1247 3152 1302 οὐκ
3190 1245 3387 1317 ⁸ηὔξατο
3418 1253 3581 1302 τοῦτο
3611 1248 3796 1311 αὐτοῖς

2146 1339 2399 1412 ὑπάρξαι,
2457 1339 2529 1400 ὡς
2579 1340 2757 1410 ἀκμήν
2817 1341 2893 1411 μὴ
2956 1335 3108 1392 οὖσιν
3168 1334 3498 1406 ἐπιτηδείοις
3531 1337 3665 1412 πρὸς
3695 1338 3794 1406 τὴν

2140 1434 2238 1485 τοῦ
2273 1429 2582 1501 Πνεύματος
2615 1425 2924 1502 ὑποδοχὴν,
2981 1427 3144 1482 ὁπότε
3186 1427 3275 1482 καὶ
3309 1428 3334 1481 ὁ
3373 1427 3558 1500 Σίμων
3600 1429 3794 1502 βαπτι-

2145 1525 2289 1584 σθεῖς
2323 1519 2411 1574 ὑπ’
2438 1519 2629 1588 αὐτοῦ,
2677 1518 2860 1590 ἀκμὴν
2917 1518 2986 1572 τὰ
3040 1524 3138 1586 τῆς
3197 1517 3392 1592 σαρκὸς
3425 1522 3638 1594 φρονῶν
3675 1515 3795 1590 ᾔτει

2143 1610 2270 1672 τοὺς
2303 1609 2644 1671 ἀποστόλους
2677 1605 2768 1663 διὰ
2824 1609 3132 1682 χρημάτων
3189 1604 3392 1667 δόσεως
3425 1601 3613 1660 λαϐεῖν
3649 1606 3800 1679 ἐξου-

2145 1699 2287 1764 σίαν,
2345 1699 2392 1771 ᾧ
2452 1698 2538 1752 ἐὰν
2597 1697 2755 1770 ἐθέλῃ
2808 1694 2898 1752 διὰ
2952 1704 3054 1766 τῆς
3113 1701 3221 1751 τῶν
3263 1700 3468 1771 χειρῶν
3508 1695 3795 1759 ἐπιθέσεως

385 1793 486 1850 bat
507 1794 578 1849 ab
601 1797 886 1867 apostolis
909 1797 1064 1852 dono
1083 1801 1472 1869 pecuniarum
1495 1801 1761 1872 accipere
1785 1805 2034 1871 potesta-

2152 1787 2331 1844 δοῦναι
2364 1792 2580 1862 Πνεῦμα
2608 1789 2788 1865 ἅγιον.

387 1887 528 1950 tem,
565 1890 625 1938 ut
665 1887 998 1956 cuicunque
1056 1887 1254 1955 vellet,
1309 1905 1598 1944 manuum
1656 1888 2037 1961 impositione

385 1970 554 2028 daret
583 1972 866 2044 Spiritum
899 1981 1191 2034 sanctum.

456 2062 604 2126 VIII,
645 2065 726 2124 l8.
771 2069 856 2120 19.
905 2089 932 2115 ‹‹
969 2069 1225 2124 Intuitus
1279 2075 1478 2125 autem
1512 2069 1713 2126 Simon
1745 2069 1903 2140 quod
1933 2085 2040 2141 per

383 2175 411 2201 ‹‹
451 2153 893 2225 impositionem
928 2173 1210 2212 manuum
1241 2159 1648 2230 apostolorum
1682 2159 1924 2214 daretur
1955 2161 2039 2214 eis

383 2265 409 2293 ‹‹
450 2243 701 2315 Spiritus
732 2251 992 2310 sanctus.
1047 2247 1262 2303 obtulit
1312 2249 1400 2304 eis
1449 2249 1756 2320 pecunias.
1795 2248 2036 2304 dicens:

390 2354 415 2380 α
451 2333 589 2387 Date
623 2338 680 2386 et
708 2334 850 2388 mihi
883 2341 1231 2406 potestatem
1261 2339 1456 2404 istam,
1482 2345 1544 2393 ut
1571 2340 1903 2410 cuicunque
1937 2339 2041 2393 im-

391 2442 417 2472 α
450 2438 702 2492 posuero
734 2439 966 2490 manus,
1001 2427 1248 2498 accipiat
1283 2427 1567 2498 Spiritum
1595 2435 1886 2484 sanctum.
1921 2451 1948 2476 ››

455 2511 750 2567 Scelestus
783 2513 877 2568 hic
910 2515 1111 2570 Simon
1143 2533 1261 2571 non
1314 2518 1451 2572 ﬁdei
1511 2519 1718 2590 gratia,
1753 2519 2039 2590 pecunias

389 2602 662 2658 offerens.
699 2603 810 2657 hoc
869 2604 981 2659 sibi
1049 2607 1394 2677 contingere
1434 2607 1749 2678 cupiebat:
1785 2607 1888 2662 sed
1919 2624 2036 2678 quo

389 2691 498 2746 sibi
535 2698 795 2761 quaastus
853 2710 921 2748 ac
980 2696 1210 2750 occasio
1266 2697 1655 2766 pecuniarum
1702 2698 1811 2752 hoc
1847 2698 2035 2753 ﬁeret.

387 2781 654 2836 Accessit
691 2782 874 2840 enim.
909 2788 973 2837 ut
1002 2790 1245 2856 accepta
1295 2786 1638 2854 huiusmodi
1669 2787 1856 2858 gratia
1885 2786 2038 2841 dite-

389 2878 580 2927 sceret
605 2888 709 2942 per
735 2873 936 2944 signa:
961 2874 1463 2944 quemadmodum
1488 2882 1662 2931 antea
1691 2875 2042 2946 imaginaria

387 2961 579 3015 solum
638 2977 891 3031 operans
952 2963 1292 3019 daamonum
1350 2965 1595 3028 auxilio,
1637 2965 1756 3020 sive
1806 2970 2040 3020 tentans

385 3051 684 3121 apostolos
717 3052 828 3108 hoc
856 3053 1340 3120 faciebat,volens
1363 3056 1806 3111 accusationem
1838 3071 2039 3128 capes‘

385 3154 536 3194 sere.
570 3140 707 3195 Ideo
740 3142 918 3197 etiam
949 3142 1147 3198 audit:
1181 3167 1208 3193 ‹‹
1244 3146 1368 3200 Non
1401 3149 1492 3199 est
1523 3145 1624 3200 tibi
1659 3163 1796 3217 pars
1828 3144 1887 3199 in
1918 3163 2036 3200 ser—
2065 3181 2106 3246 Ο

382 3246 558 3284 mone
583 3230 718 3294 isto,
752 3248 854 3285 cor
883 3234 1044 3288 enim
1077 3240 1244 3289 tuum
1294 3253 1412 3291 non
1455 3241 1545 3291 est
1576 3243 1801 3292 rectum
1835 3253 2032 3292 coram

381 3317 520 3370 Deo.
558 3318 856 3386 Resipisce
889 3320 1068 3391 igitur
1094 3323 1140 3376 si
1173 3322 1323 3378 forte
1355 3325 1692 3379 remittatur
1716 3325 1798 3380 ibi
1829 3342 2036 3396 pecca-

384 3409 508 3460 tum
531 3403 594 3457 ⁸³.
634 3427 660 3452 ››
694 3407 1050 3462 Prmviderat
1093 3426 1350 3482 namque
1401 3415 1609 3468 Petrus
1641 3430 1774 3469 eum
1806 3415 1880 3469 ad
1913 3432 2035 3487 pce-

383 3493 699 3550 nitentiam
735 3510 854 3549 non
887 3499 1370 3561 convertendum,
1398 3509 1714 3572 propterea
1734 3503 1896 3568 dicit,
1923 3527 1949 3552 «
1978 3504 2032 3560 Si

382 3581 531 3640 forte
590 3582 945 3638 remittatur.
982 3607 1011 3634 ››
1074 3587 1224 3642 Illud
1293 3589 1587 3658 siquidem
1643 3591 1802 3661 quod
1849 3591 2031 3659 addit,

386 3696 406 3720 ιι
445 3673 617 3730 Orate
648 3690 768 3742 vos,
798 3697 822 3721 ι)
847 3691 966 3730 non
991 3677 1353 3746 paenitentia:
1379 3685 1583 3734 estaut
1607 3681 2031 3749 conversionis,

386 3761 487 3816 80
533 3760 634 3815 sed
668 3762 703 3818 d
727 3762 1053 3819 ‘functoriaa
1087 3771 1314 3820 tantum
1349 3769 1716 3840 purgationis
1749 3775 2034 3840 praetextu

385 3849 654 3904 dicebat:
687 3850 788 3905 ubi
847 3851 1004 3906 enim
1067 3852 1344 3926 lacrymaa
1403 3861 1543 3910 sunt
1591 3862 1649 3910 et
1691 3856 2037 3914 confessio?

386 3939 504 3995 Hoc
525 3947 723 3994 autem
746 3940 1116 3998 demonstrat
1135 3959 1259 3999 rem
1284 3961 1412 4000 esse
1435 3952 1702 4001 correctu
1733 3945 2034 4003 difﬁcilem

385 4028 695 4100 multaque
729 4031 1074 4099 paenitentia
1103 4049 1250 4103 opus
1291 4032 1528 4089 habere.
1563 4036 1612 4089 si
1643 4035 1746 4106 qui
1779 4036 1840 4090 in
1871 4052 2030 4091 eam.

386 4117 518 4172 dem
557 4135 678 4173 rem
723 4119 981 4176 divinam
1021 4123 1346 4191 oﬁ'endant,
1379 4125 1437 4178 in
1489 4142 1666 4196 quam
1698 4126 1948 4182 offendit
1976 4133 2036 4182 et

385 4208 608 4272 Simon,
643 4209 742 4280 qui
792 4209 1166 4266 existimabat
1210 4213 1493 4284 Spiritum
1540 4221 1812 4272 sanctum
1846 4232 2032 4287 pecu-

383 4296 498 4351 niae
522 4296 928 4356 obsecundare
951 4301 1024 4356 ad
1056 4301 1380 4359 efﬁcaciam
1412 4305 1778 4378 operationis
1805 4306 2036 4364 haben-

388 4387 544 4444 dam.

1026 4479 1257 4537 CAPUT
1296 4480 1385 4537 IV.

2217 2080 2245 2108 ‹‹
2279 2057 2616 2128 Θεασάμενος
2665 2053 2724 2110 δὶ
2774 2057 2802 2108 ὀ
2855 2052 3064 2128 Σίμων,
3117 2053 3204 2110 ὅτι
3261 2052 3351 2109 διὰ
3377 2057 3476 2121 τῆς
3515 2053 3800 2118 ἐπιθέσεως

2151 2168 2177 2201 ι
2207 2149 2312 2200 τῶν
2359 2149 2562 2220 χειρῶν
2609 2149 2718 2200 τῶν
2774 2141 3096 2200 ἀποστόλων
3156 2141 3371 2200 δίδοται
3400 2145 3463 2198 τὸ
3494 2148 3710 2216 Πνεῦμα
3740 2146 3802 2199 τὸ

2145 2255 2172 2287 α
2203 2236 2377 2311 ἅγιον,
2434 2236 2807 2311 προσήνεγκεν
2865 2233 3049 2294 αὐτοῖς
3109 2235 3394 2308 χρήματα,
3441 2231 3638 2306 λέγων’
3674 2235 3805 2291 Δότε

2146 2349 2175 2379 ‹‹
2207 2326 2374 2398 κάμοὶ
2433 2327 2532 2394 τήν
2588 2323 2826 2397 ἐξουσίαν
2872 2324 3094 2393 ταύτην,
3142 2321 3237 2378 ’ίνα
3267 2324 3313 2396 ᾧ
3360 2323 3445 2378 ἐὰν
3503 2323 3672 2389 ἐπιθῶ
3705 2325 3798 2388 τὰς

2143 2439 2173 2467 ‹‹
2201 2421 2414 2490 χεῖρας,
2447 2409 2701 2487 λαμϐάνῃ
2733 2417 2954 2485 Πνεῦμα
2981 2413 3158 2486 ἅγιον.
3195 2438 3221 2464 ››

2214 2505 2270 2558 Ὀ
2301 2505 2496 2578 μιαρὸς
2527 2503 2687 2563 οὗτος
2739 2503 2948 2574 Σίμων,
3009 2503 3073 2557 οὐ
3123 2502 3354 2564 πίστεως
3410 2499 3578 2558 ἕνεκεν
3628 2523 3796 2566 προσ-

2144 2595 2323 2668 φέρων
2351 2594 2419 2650 τα
2449 2596 2734 2668 χρήματα,
2792 2591 2911 2667 ᾔτει
2971 2596 3133 2647 τοῦτο
3185 2591 3426 2666 γενέσθαι
3468 2593 3634 2664 αὐτῷ,
3664 2593 3794 2649 ἆΛλ’

2145 2682 2283 2739 ὥστε
2339 2683 2609 2757 πορισμὸν
2668 2683 2816 2752 αὐτῷ
2878 2683 3183 2756 χρημάτων
3242 2681 3331 2736 καὶ
3389 2683 3642 2758 ἀξορμήν
3703 2705 3796 2756 γε·

2143 2773 2321 2829 νὲσθαι
2353 2777 2511 2827 τοῦτο
2567 2770 2855 2845 Προσῆλθε
2911 2772 3016 2846 γὰρ
3079 2771 3237 2837 ὥστε,
3293 2768 3576 2843 δεξάμενος
3604 2773 3794 2825 τοιαύ-

2142 2885 2243 2935 την
2274 2862 2460 2942 χάριν,
2495 2861 2802 2926 πλουτῆσαι
2847 2858 2937 2915 διὰ
2987 2865 3093 2916 τῶν
3130 2861 3398 2933 σημείων,
3431 2861 3567 2915 κατὰ
3596 2863 3788 2933 πρώην

2143 2952 2428 3030 φαντασίαν
2489 2950 2716 3026 ἐνεργῶν
2775 2948 2864 3006 διὰ
2918 2955 3025 3005 τῶν
3086 2947 3384 3024 δαιμόνων,
3439 2950 3562 3020 ἢτοι
3603 2952 3789 3026 πειράο

2147 3049 2250 3113 ζων
2276 3042 2404 3104 τοὺς
2453 3039 2794 3102 ἀποστόλους
2840 3044 3006 3096 τοῦτο
3057 3039 3253 3108 ἐποίει,
3291 3039 3628 3115 βουλόμενος
3660 3062 3792 3096 κατ-

2148 3131 2374 3209 ηγορίαν
2425 3125 2765 3202 περιϐαλεῖν.
2826 3132 2918 3184 Διὸ
2974 3129 3063 3184 καὶ
3121 3128 3325 3184 ἀκούει·
3368 3152 3386 3177 ι
3421 3128 3533 3188 Ούκ
3564 3127 3676 3185 ἔστι
3707 3151 3792 3184 σοι

2150 3223 2302 3294 μερὶς
2336 3221 2386 3276 ἐν
2413 3226 2494 3293 τῷ
2524 3220 2672 3295 λόγῳ
2717 3218 2916 3291 τούτῳ·
2949 3221 2984 3288 ἡ
3017 3219 3121 3294 γαρ
3169 3215 3360 3287 καρδία
3393 3239 3490 3273 σου
3521 3218 3620 3273 οὐκ
3648 3215 3788 3274 ἔστιν

2147 3311 2322 3368 εὐθεῖα
2378 3310 2608 3366 ἐνώπιον
2667 3313 2764 3366 τοῦ
2821 3314 2975 3365 Θεοῦ.
3039 3310 3386 3381 Μετανόησον
3445 3307 3560 3378 οῦν,
3594 3309 3638 3365 εἰ
3686 3308 3789 3385 ἄρα

2145 3399 2468 3480 ἀφεθήσεταί
2507 3421 2594 3454 σοι
2631 3399 2692 3454 τὸ
2741 3399 3064 3473 ἁμάρτημα.
3102 3423 3130 3449 ›ο
3166 3394 3399 3472 Προῄδει
3431 3399 3534 3476 γὰρ
3565 3399 3728 3454 αὐτὸν
3761 3399 3788 3455 ὁ

2147 3489 2347 3564 Πέτρος
2399 3491 2473 3563 μή
2525 3489 2660 3563 πρὸς
2724 3488 3007 3561 μετάνοιαν
3050 3486 3459 3561 ἐπιστρέψοντα.
3495 3487 3593 3543 Διὰ
3622 3490 3788 3546 τοῦτό

2144 3599 2332 3658 φησιν,
2375 3602 2401 3627 ‹‹
2436 3577 2502 3634 Εἰ
2557 3577 2882 3657 ἀφεθήσεταί
2941 3598 3046 3633 σοι.
3082 3598 3106 3623 η
3165 3578 3242 3634 Τὸ
3299 3577 3426 3654 γὰρ,
3485 3601 3513 3628 ‹‹
3547 3580 3791 3648 Δεήθητε

2146 3668 2323 3741 ὑμεῖς,
2362 3693 2386 3718 ι)
2445 3669 2509 3723 οὐ
2565 3671 2849 3739 μετανοίας
2905 3668 2996 3724 καὶ
3054 3666 3408 3747 ἐπιστροφῆς.
3442 3665 3588 3724 ἀλλὰ
3621 3668 3787 3741 μόνον

2142 3757 2492 3834 ἀφοσιώσεως
2545 3755 2699 3813 ἓνεκα
2753 3755 2878 3836 ἔφη’
2939 3756 3078 3826 ἐπεὶ,
3155 3761 3260 3813 ποῦ
3314 3758 3380 3812 τὰ
3440 3754 3643 3831 δάκρυα
3693 3758 3785 3813 καὶ

2143 3847 2177 3914 ἡ
2247 3843 2690 3922 ἐξομολόγησις;
2757 3849 2928 3902 Τοῦτο
2996 3843 3053 3902 δὲ
3119 3843 3422 3910 δεικνύντος
3500 3845 3639 3901 ἐστιν
3708 3846 3785 3907 ὡς

2144 3931 2588 4009 δυσκατόρθωτον
2643 3935 2706 3990 τὸ
2761 3939 3012 4012 πρᾶγμα,
3082 3935 3174 3990 καὶ
3255 3933 3474 4004 πολλῆς
3533 3932 3786 4009 δεόμενον

2147 4025 2454 4096 μετανοίας,
2511 4029 2629 4087 τοῖς
2684 4023 2760 4086 εἰς
2811 4024 2943 4078 αιτὸ
2998 4025 3061 4080 τὸ
3118 4029 3261 4087 θεῖον
3315 4023 3792 4100 ἐξαμαρτάνουσιν,

2144 4113 2221 4174 είς
2254 4112 2284 4168 ὅ
2329 4114 2420 4168 καὶ
2478 4112 2662 4188 Σίμων
2721 4113 3041 4188 ἐξήμαρτεν,
3099 4112 3363 4190 ἀργυρίου
3397 4114 3686 4171 ὑπακούειν
3717 4115 3794 4178 εἱς

2143 4203 2238 4268 τὰς
2268 4203 2529 4279 ἐνεργείας
2557 4205 2617 4260 τὸ
2649 4206 2866 4277 Πνεῦμα
2894 4203 2956 4260 τὸ
2985 4203 3141 4278 ἅγιον
3176 4205 3541 4280 ἡγησάμενος.

2761 4475 3026 4531 ΚΕΦΑΛ.
3071 4475 3172 4531 ΙΑ“.

385 4565 541 4632 Quod
568 4583 685 4654 non.
721 4575 977 4654 argento.
1005 4586 1183 4640 neque
1236 4570 1670 4654 simulatorihus:
1704 4573 1800 4654 sed
1825 4577 2029 4654 sanctis

2152 4567 2256 4654 ’(ὶτέ
2279 4566 2416 4654 ὀὔκ
2436 4635 2447 4654 '
2471 4563 2728 4654 ἀργυρίου
2797 4561 2923 4620 ούδὶ
2980 4565 3355 4654 ιὑποκριταῖςε
3409 4563 3556 4654 ἀλλὰ
3598 4565 3791 4654 ’ἁγίοις

450 4654 554 4707 per
608 4641 766 4708 ﬁdem
823 4644 1065 4711 Spiritus
1120 4645 1297 4696 sancti
1345 4646 1698 4697 commutatio
1731 4644 1939 4703 datur:
1975 4650 2033 4701 in

458 4723 564 4784 quo
595 4713 759 4763 etiam
794 4721 1080 4779 ponuntur
1129 4729 1248 4784 quae
1303 4719 1431 4768 sunt
1481 4715 1546 4770 de
1589 4716 1941 4772 simulatione
1969 4734 2033 4773 ac

456 4779 840 4847 objurgatione
871 4784 1132 4839 Simonis.

461 4865 598 4920 Vlll.
637 4869 815 4920 49-25.
854 4892 879 4918 «
915 4873 1120 4928 Petrus
1149 4880 1347 4928 autem
1396 4873 1543 4928 dixit
1585 4873 1660 4928 ad
1709 4891 1844 4930 eum
1877 4892 1889 4930 :
1924 4877 2033 4931 Pe-

385 4975 414 5002 ‹‹
448 4954 618 5008 cunia
664 4962 762 5010 tua
815 4964 1008 5015 tecum
1060 4963 1136 5016 sit
1182 4964 1242 5018 in
1296 4964 1715 5035 perditionem.
1751 4966 2034 5036 quoniam

389 5068 407 5090 α
448 5042 671 5098 donum
710 5045 812 5099 Dei
845 5050 1194 5105 existimasti
1227 5053 1494 5122 pecuniis
1540 5055 1756 5125 parari.
1792 5057 1914 5110 Non
1949 5060 2038 5110 est

386 5156 406 5180 ε
445 5132 552 5187 tibi
586 5150 722 5204 pars
753 5151 945 5206 neque
980 5155 1108 5194 sors
1151 5142 1210 5194 in
1260 5158 1529 5197 sermone
1565 5143 1711 5198 isto:
1746 5160 1846 5198 cor
1875 5144 2036 5198 enim

388 5240 412 5272 ιι
443 5227 606 5276 tuum
645 5240 760 5277 non
791 5231 880 5278 est
906 5233 1131 5282 rectum
1157 5245 1352 5282 coram
1379 5232 1513 5285 Deo.
1541 5232 1838 5304 Resipisce
1860 5232 2038 5304 igitur

388 5331 414 5360 α
445 5311 515 5365 ab
548 5312 660 5367 hoc
690 5314 851 5379 vitio,
884 5321 942 5369 et
986 5333 1128 5390 roga
1178 5319 1363 5372 Deum
1420 5320 1468 5374 si
1515 5321 1666 5375 forte
1700 5323 2039 5378 remittatur

387 5425 412 5451 ‹‹
447 5401 552 5456 tibi
585 5405 862 5477 cogitatio
897 5408 1092 5463 cordis
1117 5409 1222 5463 tui.
1249 5411 1391 5464 Nam
1424 5411 1483 5466 in
1515 5411 1654 5468 felle
1686 5413 2037 5471 amaritudi-

384 5511 412 5538 «
445 5492 539 5547 uis
589 5499 646 5549 et
693 5495 1015 5553 collatione
1062 5498 1395 5570 iniquitatis
1445 5501 1612 5558 video
1645 5509 1700 5560 te
1735 5519 1885 5560 esse.
1925 5503 2035 5558 Re-

448 5673 499 5712 ⁸
528 5679 652 5737 Act.
686 5695 801 5751 un,
833 5680 924 5751 Il.
956 5682 1046 5740 12.

2218 4635 2306 4712 διᾲ
2387 4635 2638 4712 πίστεως
2678 4638 2712 4705 ἡ
2745 4707 2755 4712 _
2790 4637 3028 4712 μετοχὴ-
3087 4635 3203 4712 τοῦ
3270 4638 3422 4710 ἁγίου
3478 4635 3795 4712 λΙΙνεύματος

2215 4706 2444 4766 δίδοται·
2499 4707 2550 4762 ἐν
2609 4709 2654 4780 ᾦ
2706 4706 2964 4783 τὰἾπερῖ
3009 4706 3346 4784 ὑποκρίσεως
3403 4710 3494 4764 καὶ
3551 4706 3794 4778 ἐπὶπλῆ-

2213 4783 2344 4852 Esto;
2377 4781 2648 4852 Σίμωνος.

2216 4897 2245 4925 ‹‹
2278 4870 2483 4944 Πέτρος
2512 4868 2568 4926 δὲ
2599 4870 2716 4926 εῗπε
2755 4871 2889 4946 πρὸς
2947 4870 3127 4926 αὐτόν·
3185 4873 3254 4926 Τὸ
3285 4872 3537 4946 ἀργύριόν
3568 4891 3663 4928 σου
3695 4871 3791 4925 σὺν

2147 4987 2175 5014 ‹‹
2208 4962 2292 5018 σοὶ
2325 4959 2409 5030 εἶή
2445 4961 2518 5022 εἷς
2546 4959 2847 5027 ἂπώλειαν,
2880 4961 2964 5016 ὅτι
3007 4962 3105 5028 τὴν
3153 4957 3357 5035 δωρεὰν
3380 4966 3475 5016 τοῦ
3506 4965 3642 5016 Θεοῦ
3676 4961 3793 5016 ἐνόο

2148 5077 2174 5103 υ
2213 5072 2374 5126 μισας
2433 5048 2521 5105 διὰ
2571 5051 2876 5130 χρημάτων
2932 5052 3178 5106 κτᾶσθαι.
3214 5049 3323 5104 Οὐκ
3354 5049 3466 5106 ἔστι
3519 5071 3604 5105 σοι
3639 5050 3794 5121 μερὶς

2147 5167 2173 5194 ‹‹
2209 5137 2332 5196 οὐδέ
2361 5138 2570 5214 κλῆρος
2604 5139 2653 5193 ἐν
2701 5144 2780 5211 τῷ
2834 5137 2984 5214 λόγῳ
3042 5139 3242 5212 τούτῳ·
3276 5142 3308 5208 ἡ
3341 5141 3440 5213 γὰρ
3472 5135 3667 5213 καρδία
3699 5160 3795 5195 σου

2148 5255 2176 5282 ι(
2210 5229 2309 5285 ούκ
2365 5227 2506 5284 ἔστιν
2565 5229 2740 5284 εὐθεῖα
2797 5226 3026 5283 ἐνώπιον
3083 5232 3180 5284 τοῦ
3239 5233 3373 5284 Θεοῦ
3443 5228 3791 5299 Μετανόησον

2147 5345 2175 5371 α
2209 5319 2300 5374 οὗν
2334 5317 2439 5372 ἀπὸ
2468 5325 2568 5386 τῆς
2607 5317 2798 5378 κακίας
2842 5338 2938 5372 σου
2990 5318 3231 5389 sonitm;
3292 5319 3381 5372 καὶ
3443 5314 3666 5388 δεήθητι
3694 5321 3793 5374 τοῦ

2147 5432 2174 5456 υ
2211 5411 2366 5476 Θεοῦ,
2399 5407 2444 5463 εί
2472 5404 2572 5480 ἄρα
2602 5406 2926 5486 ἀφεθήσεταί
2976 5427 3059 5461 σοι
3107 5409 3142 5475 ἡ
3197 5406 3409 5462 ἐπίνοια
3439 5414 3537 5476 τῆς
3570 5405 3795 5480 καρδίας

2149 5522 2176 5552 ‹‹
2209 5517 2330 5552 σου.
2367 5495 2456 5559 Εἷς
2488 5495 2591 5573 γὰρ
2622 5493 2803 5572 χολὴν
2845 5497 3088 5570 πικρίας,
3135 5496 3224 5550 καὶ
3258 5493 3552 5570 σύνδεσμον
3581 5493 3796 5560 ἀδικίας
