4134 6196
433 367 546 425 ίΐ3

1547 361 1678 424 (ΕΟ
1690 359 1799 421 UM
1812 358 1962 418 ENll
2008 355 2309 416 TRlCCzE
2353 355 2709 418 EPISCOPI

3723 368 3840 427 164

429 521 460 550 «
490 501 619 571 ejus
645 497 940 555 sublatum
974 497 1541 553 est.Generationem
1567 503 1764 553 autem
1795 495 1925 567 ejus
1947 493 2073 566 quis

2188 512 2218 541 α
2249 491 2284 560 ἡ
2326 489 2506 566 κρίσις
2559 489 2728 547 αὐτοῦ
2783 491 2952 569 ἤρθη.
3010 497 3125 566 Τὴν
3181 496 3240 554 δὶ
3286 497 3470 575 γενεὰν
3525 499 3694 559 αὐτοῦ
3754 501 3842 568 τίς

437 615 455 636 υ
496 586 1154 652 ρηίιιταιιὶιῗρυοιιὶειῐη
1191 587 1452 643 elevatur
1480 604 1513 642 a
1544 595 1700 642 terra
1748 587 1864 641 vita
1920 586 2069 656 ejus.

433 699 459 724 ‹‹
495 677 878 746 Respondens
910 685 1104 732 autem
1142 677 1451 732 eunuchus
1472 677 1744 747 Philippo
1763 674 1912 730 dixit
1935 689 1946 726 :
1972 671 2077 729 Ob-

431 788 459 815 «
485 783 648 821 secro
685 767 757 821 de
790 783 905 837 quo
940 767 1084 822 dicit
1116 769 1225 822 hoc
1256 767 1645 840 propheta,de
1677 766 1976 837 seipso,an
2008 762 2078 818 de

437 875 458 901 ς
493 856 610 910 alio
644 857 925 927 quopiam
966 857 994 912 ‘I
1048 857 1336 928 Aperiens
1393 864 1591 911 autem
1648 854 1958 925 Philippus
2015 869 2079 907 os

435 967 454 993 ι
492 962 687 1013 suum,
708 953 766 1000 et
788 947 1081 1017 incipiens
1114 947 1185 1001 ab
1219 949 1328 1002 hac
1358 946 1680 1017 Scriptura.
1710 942 2083 999 annuntiavit

429 1058 456 1083 «
491 1035 578 1089 illi
609 1037 828 1091 Jesum.
864 1038 1126 1108 Cumque
1165 1038 1320 1091 irent
1345 1053 1449 1108 per
1479 1037 1652 1104 viam,
1687 1039 1978 1090 venerunt
2004 1030 2080 1088 ad

432 1149 459 1173 u
499 1125 820 1196 quamdam
846 1143 1084 1198 aquam,
1121 1133 1178 1180 et
1209 1126 1290 1182 ait
1320 1125 1650 1181 eunuchus.
1687 1147 1715 1175 »

504 1304 652 1358 Hinc
681 1304 1050 1376 signiﬁcatur
1082 1309 1410 1375 spontanea
1441 1302 1656 1357 Christi
1713 1301 1986 1356 voluntas
2016 1298 2080 1352 in

433 1394 842 1465 aggrediendis
874 1394 966 1448 his
997 1411 1128 1464 quas
1160 1393 1434 1448 ordinata
1463 1397 1650 1447 erant.
1713 1391 1873 1446 Sicut
1921 1387 2081 1444 enim

431 1484 573 1544 ovis,
610 1499 739 1552 qum
771 1482 844 1537 ad
878 1483 1173 1537 victimam
1208 1482 1466 1548 ducitur,
1498 1482 1592 1537 vel
1649 1497 1833 1554 agnus
1883 1492 2082 1534 coram

433 1571 714 1624 tondente
747 1587 808 1625 se
855 1572 976 1641 (qui
1011 1577 1208 1626 autem
1243 1571 1411 1626 nulla
1442 1572 1798 1627 necessitate
1828 1567 2078 1642 cogitur,

429 1675 623 1729 neque
655 1660 893 1715 balandi
923 1661 1101 1716 habet
1129 1663 1549 1731 occasionem),
1587 1661 1668 1715 ita
1699 1677 1839 1715 cum
1872 1664 2082 1730 sponte

427 1755 750 1820 pateretur,
807 1751 1058 1806 tacebat.
1117 1751 1280 1816 Quod
1340 1758 1538 1806 autem
1605 1750 1894 1821 sequitur,
1931 1771 1957 1798 ιι
2016 1749 2081 1802 In

2185 603 2214 631 ‹‹
2251 577 2578 657 διηγήσεται
2611 599 2626 650 ;
2656 582 2780 639 ὐτι
2812 583 3021 658 αἴρεται
3055 585 3161 643 ἀπὸ
3211 592 3314 659 τῆς
3351 595 3454 665 γῆς
3485 591 3519 660 ἡ
3571 594 3684 661 ζωή
3735 592 3834 649 αὗ-

2189 691 2217 720 ‹‹
2245 673 2365 724 τοῦ.
2398 669 2740 744 ’Λποκριθεὶς
2767 668 2824 727 δὲ
2856 674 2884 726 ὁ
2915 673 3179 755 εὐνοῦχος
3237 681 3320 750 τῷ
3349 675 3636 752 Φιλίππῳ,
3693 681 3831 737 εἶπε·

2190 780 2212 810 ι
2249 755 2447 829 Δέομαί
2483 780 2601 829 σου,
2635 761 2758 836 περὶ
2804 761 2952 826 τίνος
2983 765 3012 819 ὁ
3070 768 3362 842 προφήτης
3421 767 3569 845 λέγει
3620 774 3782 826 τοῦτο
3817 791 3831 841 ;

2185 871 2213 898 ι(
2246 847 2370 921 περὶ
2399 848 2612 917 ἑαυτοῦ,
2658 851 2693 920 ἢ
2753 851 2876 926 περὶ
2935 851 3119 927 ἑτέρου
3175 857 3372 924 τινόςς
3426 857 3667 928 Ἀνοίξας
3700 857 3756 914 δὲ
3808 861 3837 914 ὁ

2187 959 2214 986 υ
2248 934 2528 998 Φίλιππος
2555 938 2618 992 τὸ
2649 939 2825 1012 στόμα
2856 939 3042 1010 αὐτοῦ,
3099 942 3191 997 καὶ
3247 943 3542 1019 ἀρξάμενος
3575 946 3682 1002 ἀπὸ
3736 954 3836 1018 τῆς

2187 1029 2463 1104 «Γραφῆς
2510 1027 2737 1098 ταύτης.
2791 1027 3183 1106 εὐηγγελίσατο
3242 1032 3392 1106 αὐτῷ
3446 1034 3538 1090 τὸν
3597 1037 3837 1108 Ἰησοῦν,

2184 1139 2212 1166 ι(
2241 1115 2329 1176 Ὠς
2362 1113 2418 1170 δὲ
2448 1113 2770 1190 ἐπορεύοντο
2795 1119 2932 1174 κατά
2959 1122 3058 1190 τήν
3089 1118 3233 1192 ὁδὸν,
3265 1120 3438 1192 ἦλθον
3460 1123 3543 1180 ἐπί
3577 1146 3629 1179 τι
3659 1123 3832 1202 ὕδωρ,

2189 1228 2211 1254 ι
2245 1203 2332 1259 καί
2365 1226 2528 1283 φησιν
2557 1206 2586 1260 ὁ
2622 1204 2899 1286 εὐνοῦχος.
2934 1231 2963 1260 »

2255 1295 2522 1350 Ἐντεῦθεν
2551 1295 2612 1350 τὸ
2644 1295 2888 1352 ὶκοῦσιον
2918 1302 3020 1354 τοῦ
3064 1305 3328 1377 Σωτῆρος
3353 1301 3406 1358 ἐν
3437 1307 3505 1376 τῇ
3537 1303 3696 1380 πείρᾳ
3724 1310 3834 1360 τῶν

2185 1380 2663 1456 οἷ’κονομουμένύν
2693 1385 3035 1458 σημαίνεται.
3069 1389 3158 1453 Ὠς
3217 1393 3321 1467 γάρ
3380 1387 3654 1460 πγιόϐατον
3711 1395 3840 1472 ἀγό-

2190 1494 2351 1546 μενον
2383 1473 2458 1535 εἷς
2491 1474 2698 1545 θυσῗαν,
2731 1475 2766 1546 ἢ
2799 1476 2968 1550 ἀμνὸς
2993 1477 3233 1536 ἐναντίου
3265 1485 3363 1538 τοῦ
3387 1483 3664 1558 κείροντος
3683 1485 3844 1542 αὐτὸν

2186 1561 2407 1648 (ἀνάγκῃ
2450 1561 2507 1618 δὲ
2537 1561 2914 1640 δαμαζόμενος
2947 1565 3071 1624 οὐδὲ
3096 1565 3416 1646 βληχᾶσθαι
3459 1573 3523 1628 τὸ
3554 1571 3840 1648 ἐνδόσιμον

2185 1644 2352 1727 ἔχει),
2405 1651 2577 1717 οὕτως
2636 1654 2772 1710 ἑκὼν
2833 1655 2884 1711 ἐν
2943 1662 3024 1730 τῷ
3081 1658 3317 1736 πάσχειν
3373 1661 3604 1718 ἐσιώπα.
3635 1664 3714 1720 Τὸ
3762 1661 3842 1735 δὲ,

2191 1767 2219 1794 «ι
2251 1743 2431 1816 1ι;‹;ντῇ
2459 1745 2778 1800 ταπεινώσει
2837 1745 3003 1802 αὐτοῦ
3061 1750 3096 1818 ἡ
3152 1751 3330 1822 χρίσις
3388 1749 3552 1807 αὐτοῦ
3606 1753 3775 1828 ἤρθη,
3811 1777 3837 1808 ,

427 1838 764 1893 humilitate
794 1840 979 1910 ipsius
1029 1841 1326 1910 judicium
1388 1843 1518 1909 ejus
1550 1839 1848 1894 sublatum
1908 1842 2018 1902 est,
2053 1858 2073 1885 »ι

2190 1826 2358 1902 δηλοῖ
2385 1832 2484 1899 τήν
2514 1832 2829 1924 παράνομον
2862 1834 3039 1907 κρίσιν
3067 1836 3151 1893 ἐπ’
3189 1838 3338 1912 αὗτῷ
3390 1826 3705 1916 γενομένην,
3735 1849 3836 1913 τῆς

428 1927 722 1998 significat
753 1929 1351 1999 iniquumjudicium
1404 1929 1465 1984 in
1519 1930 1715 2000 ipsum
1767 1926 2078 1982 inductum

426 2017 718 2072 occultata
748 2018 1009 2072 veritate.
1073 2021 1328 2074 Rursum
1393 2019 1679 2082 inferens,
1733 2040 1760 2068 «
1819 2017 2081 2073 Genera-

424 2107 650 2161 tionem
683 2109 812 2178 ejus
839 2109 972 2178 quis
1005 2107 1352 2162 enarrabit?
1384 2131 1411 2158 »
1443 2107 1705 2162 ostendit
1737 2107 1931 2178 ipsum
1963 2102 2082 2179 ἀγε-

427 2193 758 2268 νεολὸγητον
791 2214 942 2263 esse,
979 2214 1194 2269 nempe
1225 2197 1382 2268 quod
1431 2198 1592 2270 origo
1624 2197 1859 2268 generis
1889 2197 2080 2268 ipsius

425 2284 552 2341 dari
585 2304 700 2341 non
737 2288 939 2360 possit.
999 2288 1302 2358 Siquidem
1357 2289 1482 2360 ipse
1533 2294 1590 2343 et
1645 2283 2078 2360 ἀγενεαλόγητος

425 2385 550 2431 erat
586 2383 863 2449 tanquam
901 2379 1074 2444 Deus,
1108 2385 1166 2433 et
1209 2378 1543 2450 descriptus
1593 2395 1660 2432 ac
1715 2377 1774 2432 in
1835 2391 2080 2432 censum

428 2466 651 2521 relatus
685 2474 963 2538 tanquam
1011 2470 1183 2538 juxta
1237 2485 1478 2522 carnem
1511 2473 1845 2540 generatus.
1897 2465 2030 2520 Sive
2063 2479 2078 2518 :

429 2557 701 2628 gloriam,
723 2574 851 2627 qua:
885 2564 1018 2628 post
1047 2557 1547 2612 resurrectionem
1581 2556 1692 2628 ipsi
1725 2561 2078 2622 accesserat,

429 2663 496 2701 ac
527 2663 878 2717 generosam
907 2647 1094 2716 ipsius
1113 2645 1481 2718 dignitatem.
1505 2663 1681 2716 quam
1716 2645 2082 2717 experientia

431 2752 629 2790 rerum
705 2736 1112 2790 ordinatarum
1166 2735 1582 2802 manit‘estavit,
1639 2735 1772 2806 quis
1829 2735 2079 2790 idoneus

429 2825 630 2889 erit,ut
661 2843 934 2881 sermone
961 2825 1435 2880 edisserat?cum
1469 2826 1594 2896 ipse
1627 2824 1868 2896 quidem
1902 2825 2078 2880 morti

430 2915 734 2985 subjectus
762 2915 962 2980 fuerit,
1014 2915 1273 2970 universi
1306 2931 1440 2970 vero
1462 2914 1534 2970 ad
1567 2914 2077 2985 incorruptionem

428 3005 615 3076 gratia
637 3006 766 3073 ejus
796 3005 1066 3060 vivificati
1101 3005 1220 3060 sint
1251 3004 1486 3076 ﬁdeque
1517 3003 1828 3075 redempti.
1855 3003 2078 3058 Deinde

433 3093 534 3158 ait,
576 3122 593 3141 υ
627 3095 915 3158 Quoniam
945 3095 1210 3150 elevatur
1239 3095 1311 3149 de
1345 3103 1500 3150 terra
1555 3094 1670 3149 vita
1700 3095 1849 3165 ejus.
1902 3117 1928 3143 υ
1961 3094 2080 3149 Hoc

2187 1919 2449 1992 ἀληθείας
2471 1918 2787 1997 κρυὸείσης.
2835 1925 2910 1980 Τὸ
2960 1923 3038 1995 δὲ,
3072 1953 3100 1978 ι(
3163 1929 3275 1996 Τὴν
3332 1931 3514 2004 γενεὰν
3559 1930 3722 1988 αὐτοῦ
3759 1933 3842 1997 τίς

2188 2007 2559 2086 διηγήσεται;
2621 2036 2642 2065 ι
2707 2013 3022 2090 ἐπενεγκὼν,
3084 2013 3347 2074 δείκνυσιν
3407 2020 3569 2076 αὐτὸν
3620 2023 3839 2096 ἀγενεα-

2188 2097 2572 2176 λόγητον.Ἦν
2611 2103 2706 2174 μὲν
2761 2103 2866 2180 γὰρ
2902 2104 3062 2168 αὐτὸς
3119 2107 3209 2162 καὶ
3269 2108 3706 2186 ἀγενεαλόγητος
3763 2113 3840 2176 ὡς

2187 2191 2340 2257 Θεὸς,
2389 2190 2479 2246 καὶ
2535 2191 2672 2247 κατά
2737 2193 2907 2268 σάρκα
2972 2197 3309 2270 γεννώμενος
3362 2198 3437 2262 ὡς
3511 2200 3834 2280 ἀπογραφό-

2191 2299 2370 2351 μενος.
2433 2282 2591 2336 Ἤτοι
2649 2283 2746 2352 την
2825 2283 2958 2356 μετά
3004 2287 3104 2356 τήν
3177 2286 3458 2343 ἀνάστασιν
3543 2288 3836 2364 γενομένην

2188 2363 2483 2438 δόξαν,καέ
2516 2371 2615 2438 τήν
2671 2370 2851 2446 εὐγενῆ
2912 2372 3080 2429 αὐτοῦ
3129 2375 3300 2446 ἀξίαν,
3355 2376 3423 2448 ἢν
3483 2379 3658 2448 ⁴ἡτῶν
3693 2379 3840 2436 03.no-

2187 2460 2532 2529 νοαηθέντων
2570 2457 2809 2532 ὑπέδειξε
2866 2468 3046 2538 πεῖρα,
3095 2463 3176 2527 τίς
3226 2459 3378 2522 ἔσται
3434 2467 3618 2531 ἱκανὸς
3678 2467 3830 2544 λόγῳ

2187 2546 2384 2626 φράσαι
2420 2565 2433 2616 ;
2467 2548 2630 2603 αὐτοῦ
2666 2549 2760 2621 μὲν
2821 2551 3028 2625 θανάτῳ
3086 2548 3567 2628 ὑποϐαλλομένου,
3628 2558 3840 2615 πάντων

2188 2632 2244 2690 δὲ
2278 2635 2353 2697 εἰς
2409 2636 2707 2714 ἀφθαρσίαν
2765 2639 2954 2715 χάριτι
3005 2641 3171 2696 αὑτοῦ
3231 2648 3714 2719 ζωοποιουμένων,
3745 2648 3839 2703 καὶ

2186 2725 2368 2782 πίστει
2397 2723 2805 2802 λυτρουμένων.
2841 2729 2974 2785 Εἶτά
3003 2754 3190 2810 φησιν.
3239 2759 3266 2785 (ι
3301 2737 3421 2790 Ὅτι
3477 2733 3680 2808 α’ίρεται
3735 2735 3846 2792 ἀπὸ

2187 2821 2287 2885 τῆς
2317 2819 2484 2891 γῆςὴ
2545 2819 2660 2888 ζωὴ
2719 2818 2908 2889 αὐτοῦ,
2973 2843 2997 2874 ι
3048 2823 3323 2878 τουτὲστιν
3389 2823 3685 2901 ἐπαίρεται,
3741 2827 3839 2883 καὶ

2189 2902 2501 2980 ὑψηλοτέρα
2530 2911 2637 2961 τῶν
2671 2905 2758 2961 ἐπὶ
2787 2913 2890 2984 γῆς
2922 2907 3063 2964 ἐστιν
3090 2912 3125 2980 ἡ
3187 2912 3300 2981 ζωὴ
3341 2911 3529 2983 αὐτοῦ,
3561 2913 3837 2971 τουτέστιν

2185 2995 2220 3062 ἡ
2252 2992 2522 3053 πολιτεία.
2558 2993 2779 3071 Αἴρεται
2814 2994 2984 3052 δὲκαὶ
3015 2997 3229 3075 ἑτέρως,
3290 3001 3378 3056 καὶ
3441 3002 3572 3078 ὗπὶρ
3631 3003 3832 3068 πάντας

3564 3089 3590 3102 ει

2187 3082 2532 3154 ξστίνὴζωή
2565 3083 2754 3146 αὐτοῦ,
2786 3085 3059 3142 τουτέστιν
3118 3091 3152 3158 ἡ
3213 3087 3437 3166 ὕπαρξις
3496 3089 3592 3147 τοῦ
3652 3095 3832 3150 Μονο-

431 3183 833 3239 estattollitur
863 3202 928 3239 ac
957 3185 1273 3239 sublimior
1321 3191 1410 3239 est
1464 3184 1577 3250 his,
1613 3200 1744 3254 qum
1803 3183 1865 3237 in
1920 3189 2073 3238 terra

2186 3176 2394 3246 γενοῦς,
2431 3175 2555 3230 ὅταν
2590 3173 2689 3248 ἔξω
2719 3180 2920 3230 νοεῖται
2951 3177 3167 3252 σαρκὸς,
3201 3179 3291 3233 καὶ
3324 3180 3478 3235 οὖπω
3509 3183 3628 3246 καθ’
3685 3186 3838 3257 ἡμᾶς

429 3279 568 3327 sunt
594 3274 707 3328 vita
739 3274 888 3344 ejus,
914 3273 972 3326 id
1006 3281 1093 3328 est
1124 3273 1511 3328 conversatio.
1547 3274 1822 3328 Elevatur
1876 3280 2074 3328 autem

426 3367 484 3418 et
514 3362 629 3417 alio
672 3361 942 3427 modo,ac
974 3378 1154 3432 super
1184 3379 1393 3416 omnes
1425 3368 1513 3416 est
1529 3362 1645 3416 vita
1675 3363 1823 3432 ejus,
1855 3361 1964 3416 hoc
1987 3373 2080 3422 est

424 3451 754 3506 substantia
780 3451 1096 3522 Unigeniti,
1122 3467 1255 3504 cum
1288 3451 1608 3521 separatim
1643 3467 1676 3504 a
1701 3466 1878 3504 carne
1902 3449 2076 3504 intel-

423 3539 626 3609 ligitur
651 3539 750 3593 88
775 3539 1161 3610 nondumque
1193 3538 1267 3593 ad
1300 3555 1408 3592 nos
1438 3537 1897 3594 accedens.Cum
1915 3537 2075 3592 enim

421 3627 494 3684 ad
519 3633 767 3682 mortem
787 3634 1111 3698 spontanee
1130 3624 1759 3688 descenderit.elevala
1772 3631 1904 3679 esta
1919 3631 2075 3679 terra

423 3719 559 3782 vita,
595 3718 986 3788 sublimisque
1044 3718 1254 3772 effecta
1299 3721 1408 3782 est,
1453 3732 1520 3771 ac
1551 3729 1933 3787 supergressa
1983 3719 2073 3768 est

423 3808 597 3863 caelos
631 3809 694 3864 ⁸⁵.
716 3809 853 3878 quia
886 3823 985 3862 rex
1015 3809 1216 3880 gloria)
1236 3812 1447 3862 eratet
1475 3807 1592 3861 vita
1613 3807 1741 3877 ejus
1755 3804 2068 3873 naturalis,

420 3897 824 3967 Dominusque
852 3898 1131 3952 virtutum
1159 3914 1172 3950 :
1197 3912 1536 3968 quanquam
1561 3901 1800 3966 propter
1826 3893 2069 3965 dispen-

420 3987 714 4041 sationem
738 3987 894 4041 circa
927 4004 1034 4041 nos
1064 4005 1130 4042 ac
1163 3995 1551 4059 spontaneam
1576 3984 2068 4051 exinanitionem,

418 4075 480 4130 in
514 4076 786 4146 passione
821 4077 1243 4133 contumeliam
1276 4084 1335 4133 et
1363 4077 1748 4150 ignominiam
1771 4074 2067 4131 sustinue-

417 4165 515 4230 rit,
549 4165 725 4220 dante
755 4165 864 4222 hoc
897 4167 949 4221 ei
1008 4167 1219 4222 merito
1278 4183 1472 4222 carne.
1512 4183 1642 4237 quae
1675 4161 2070 4237 personaliter

416 4271 482 4310 ac
524 4255 1003 4326 inseparabiliter
1032 4257 1084 4311 ei
1116 4256 1284 4312 unita
1323 4262 1469 4324 erat,
1503 4256 1660 4310 circa
1691 4270 1868 4326 quam
1909 4253 2065 4309 afﬂi~

415 4343 530 4399 ctio
565 4344 848 4400 etexinde
879 4346 1243 4401 contumelia
1273 4345 1549 4418 contigit:
1583 4344 1809 4400 audens
1824 4343 2064 4416 quidem

415 4433 696 4490 adversus
727 4435 913 4490 Deum
970 4436 1366 4499 incarnatum,
1417 4451 1538 4490 non
1596 4441 1796 4489 tamen
1854 4441 2063 4505 potens

414 4523 846 4595 impassibilem
879 4525 1190 4594 attingere,
1225 4525 1284 4580 id
1316 4525 1473 4580 enim
1509 4523 1877 4595 impossibile
1915 4527 2061 4579 erat.

416 4613 579 4668 Hunc
612 4616 790 4688 igitur
821 4632 949 4671 esse
979 4616 1201 4679 Jesum,
1237 4620 1294 4669 et
1319 4615 1470 4669 hanc
1503 4613 1565 4668 in
1611 4629 1678 4667 eo
1711 4614 2066 4684 completam

415 4717 542 4754 esse
575 4703 937 4775 Scripturam
970 4704 1280 4775 Philippus
1310 4702 1584 4758 eunucho
1616 4701 2066 4756 denuntiat:cui

417 4789 592 4842 etiam
623 4791 926 4857 obediens,
957 4795 1278 4864 statimque
1343 4791 1689 4863 baptizatus,
1732 4789 1948 4845 missus
1977 4795 2066 4845 est

417 4877 489 4932 ad
521 4879 817 4949 regionem
862 4883 1190 4954 Ethiopian,
1251 4880 1680 4954 praedicaturus
1738 4879 1847 4934 hoc
1906 4879 2064 4950 quod

416 4969 542 5039 ipse
575 4969 956 5025 crediderat:
991 4973 1175 5027 Deum
1233 4971 1471 5044 quidem
1535 4986 1719 5025 unum
1775 4985 1902 5024 esse
1956 4987 2064 5042 per

414 5058 735 5130 prophetas
769 5059 1173 5128 prmdicatum,
1208 5061 1385 5131 hujus
1420 5067 1615 5117 autem
1667 5059 1880 5115 Filium
1932 5059 2059 5130 jam

414 5146 743 5201 secundum
767 5148 1196 5203 humanitatem
1230 5149 1535 5205 advenisse
1568 5167 1633 5205 ac
1664 5149 1882 5204 factum
1907 5165 2058 5218 esse,

413 5241 472 5290 et
497 5241 563 5289 ut
592 5252 755 5290 ovem
780 5235 852 5291 ad
884 5237 1244 5292 occisionem
1301 5239 1544 5294 ductum
1577 5255 1726 5302 esse,
1761 5245 1819 5292 et
1847 5245 2062 5293 cwtera

2184 3263 2498 3337 γενόμενος.
2535 3264 2714 3320 Αὐτοῦ
2771 3265 2874 3341 γὰρ
2932 3265 3008 3329 εἷς
3060 3267 3286 3331 θάνατον
3348 3269 3608 3332 ἑκουσίως
3667 3293 3831 3328 κατα-

2186 3347 2512 3425 ϐεϐηκότος,
2544 3353 2687 3428 ἢρθη
2723 3355 2828 3410 ἀπὸ
2857 3362 2955 3424 τῆς
2986 3362 3092 3431 γῆς
3149 3359 3183 3427 ἡ
3245 3359 3360 3428 ζωὴ
3417 3360 3507 3415 καὶ
3571 3361 3838 3436 μετεωρί-

2185 3443 2310 3512 σθη,
2378 3443 2465 3496 καὶ
2524 3438 2825 3518 ὑπερανὲϐη
2898 3444 3025 3508 τοὺς
3091 3444 3373 3522 οὐρανοὺς,
3443 3448 3525 3504 ὅτι
3581 3451 3841 3524 βασιλεὺς

2187 3529 2402 3604 ὑπῆρχε
2433 3537 2533 3600 τῆς
2566 3529 2748 3604 δόξης,
2781 3532 2868 3588 καὶ
2900 3535 2934 3604 ἡ
2978 3534 3142 3590 αὐτοῦ
3196 3537 3311 3606 ζωὴ
3341 3537 3479 3594 κατὰ
3533 3539 3708 3617 φύσιν,
3743 3542 3837 3596 καὶ

2183 3618 2384 3692 Κύριος
2440 3625 2547 3675 τῶν
2594 3618 2896 3695 δυνάμεων
2959 3623 3004 3679 εἰ
3056 3626 3145 3680 καὶ
3197 3623 3286 3681 διὰ
3339 3628 3438 3697 τήν
3497 3629 3618 3704 περῖ
3677 3632 3840 3704 ἡμᾶς

2181 3705 2510 3782 οἰκονομίαν
2545 3711 2631 3766 καὶ
2667 3713 2765 3780 τήν
2808 3711 3052 3769 ἑκούσιον
3113 3711 3360 3783 κένωσιν,
3419 3723 3519 3787 τῆς
3576 3721 3713 3774 κατά
3770 3720 3834 3776 τὸ

2179 3796 2349 3886 πάθος
2383 3797 2470 3854 ἐπὶ
2501 3805 2603 3875 γῆς
2638 3800 2858 3874 ἀτιμίας
2917 3803 3008 3858 καί
3060 3800 3276 3876 ἀδοξίας
3316 3807 3604 3886 ἠνέσχετο,
3665 3812 3833 3863 τοῦτο

2181 3883 2439 3959 διδούσης
2482 3887 2730 3967 εὐλόγως
2788 3889 2935 3964 αὐτῷ
2981 3900 3081 3962 τῆς
3131 3896 3252 3949 καθ’
3304 3883 3591 3951 ὑπόστασιν
3676 3895 3829 3970 αὖτῷ

2177 3975 2266 4030 καὶ
2294 3972 2612 4050 ἀδιαιρὲτιυς
2643 3977 2930 4052 ἡνιυμένης
2963 3980 3180 4054 σαρκὸς,
3232 3983 3353 4058 περὶ
3414 3982 3480 4052 ἢν
3542 3984 3604 4039 τὸ
3636 3984 3836 4052 πάθος,

2175 4065 2264 4121 καὶ
2325 4067 2360 4136 ἡ
2422 4065 2658 4130 ἐντεῦθεν
2714 4067 2909 4140 ἀτιμία
2964 4064 3260 4126 συνέϐαινεο
3350 4072 3484 4128 κατᾶ
3534 4077 3671 4129 Θεοῦ
3734 4074 3829 4147 μὲν

2175 4152 2508 4229 τολμωμένη
2541 4159 2637 4210 τοῦ
2668 4155 3102 4233 σεσαρκωμένου,
3165 4164 3365 4235 ψαῦσαι
3422 4159 3480 4217 δὲ
3541 4165 3618 4236 μή
3673 4160 3836 4218 δυνα-

2179 4243 2312 4317 μὲνη
2374 4248 2471 4300 τοῦ
2523 4245 2784 4318 ἀπαθοῦς,
2845 4248 2978 4323 ὅπερ
3036 4249 3348 4328 ἀμήχανον.
3406 4256 3606 4307 Τοῦτον
3651 4253 3840 4310 τοίνυν

2175 4334 2314 4390 εἶναι
2373 4335 2464 4390 τὸν
2521 4335 2751 4406 Ἰησοῦν,
2810 4337 2901 4391 καὶ
2962 4335 3360 4414 πεπληρῶσθαι
3419 4339 3472 4396 ἂν
3530 4341 3684 4415 αὐτῷ
3729 4344 3830 4412 τήν

2173 4422 2449 4502 Γραφὴνὸ
2509 4420 2792 4486 Φίλιππος
2848 4424 3050 4496 ταύτην
3106 4431 3184 4499 τῷ
3242 4427 3493 4507 εὐνούχῳ
3543 4427 3832 4505 εὐαγγελί-

2176 4515 2339 4580 ζεται·
2401 4511 2447 4584 ᾧ
2503 4510 2593 4565 καὶ
2661 4513 2920 4582 πεισθεῖς,
2977 4514 3068 4568 καὶ
3128 4515 3435 4590 παραυτίκα
3509 4518 3828 4594 βαπτισθεὶς

2102 4579 2429 4680 θέπὲμφθηγ
2483 4601 2559 4662 είς
2615 4601 2680 4657 τα
2757 4579 3001 4676 κλίματα
3053 4609 3153 4674 τῆς
3208 4579 3520 4674 λίθιοπίας,
3577 4579 3828 4683 κηρύξων

2173 4692 2322 4755 τοῦθ’
2353 4692 2487 4766 ὅπερ
2525 4690 2685 4753 αὐτὸς
2743 4689 3038 4766 ἐπίστευσε,
3099 4695 3229 4749 Θεὸν
3289 4696 3384 4768 μὲν
3439 4695 3533 4752 ἕνα
3573 4695 3663 4752 διὰ
3719 4703 3828 4755 τῶν

2183 4783 2482 4858 προφητῶν
2539 4780 2962 4855 κεκηρυγμένον,
3043 4783 3240 4839 τούτου
3290 4781 3349 4840 δὲ
3403 4785 3496 4841 τὸν
3553 4786 3677 4842 Υἱὸν
3727 4789 3829 4856 τήν

2173 4871 2315 4924 κατά
2345 4867 2626 4946 ἄνθρωπον
2665 4866 2772 4940 ἢδη
2829 4873 3161 4942 πεποιῆσθαι
3219 4875 3541 4950 παρουσίαν,
3602 4877 3689 4931 καὶ
3752 4877 3830 4940 ὡς

2171 4955 2444 5037 πρόϐατον
2492 4960 2579 5017 ἐπὶ
2613 4964 2824 5040 σφαγὴν
2881 4964 3078 5036 ἧγθαι.
3138 4966 3228 5021 καὶ
3280 4968 3346 5023 τὰ
3399 4968 3569 5024 λοιπά
3624 4968 3723 5023 ὅσα
3776 4955 3834 5024 οἱ

2167 5058 2443 5130 προφῆται
2478 5049 2702 5126 λέγουσι
2763 5051 2888 5127 περὶ
2943 5053 3134 5114 αὐτοῦ.
3191 5055 3295 5112 Καὶ
3346 5057 3568 5113 ἐνταῦθα
3610 5056 3830 5128 πεπλή-

2169 5142 2402 5216 ρωταιή
2464 5139 2695 5216 λέγουσα
2755 5141 3084 5219 προφητεία,
3139 5169 3165 5196 ι(
3223 5144 3482 5202 Αἰθιοπία
3530 5146 3830 5227 προφθάσει

2167 5238 2328 5308 χεῖρα
2363 5231 2532 5300 αὐτῆς
2567 5235 2650 5304 τῷ
2677 5237 2815 5303 Θεῷ.
2854 5257 2882 5285 ››

415 5341 786 5396 quaecunque
819 5327 1026 5382 dicunt
1054 5327 1124 5382 de
1181 5328 1308 5399 ipso
1339 5328 1668 5400 prophetas.
1736 5329 1806 5382 Et
1832 5328 1929 5383 hic
1959 5324 2254 5398 completa
2311 5329 2401 5378 est
2441 5323 2774 5394 prophetia,
2807 5339 2938 5395 quas
2970 5325 3054 5380 ait
3087 5342 3099 5380 :
3133 5349 3163 5377 «
3187 5327 3481 5400 Ethiopia
3506 5328 3835 5400 praeveniet

415 5429 630 5468 manus
654 5416 783 5486 ejus
813 5417 930 5470 Deo
960 5415 1028 5471 ⁸⁸.
1065 5441 1092 5466 υ

487 5527 516 5556 (ι
547 5505 692 5574 VIII,
732 5507 920 5564 36-40.
982 5509 1128 5564 Ecce
1183 5523 1358 5580 aqua,
1420 5506 1564 5580 quid
1621 5507 1896 5581 prohibet
1947 5519 2065 5580 quo

488 5684 709 5742 “Psal.
744 5703 857 5756 vm,
890 5689 942 5744 3.
974 5688 1019 5725 ⁸⁸
1047 5687 1202 5747 Ρεει.
1235 5703 1405 5756 van,
1439 5688 1527 5744 31.

2248 5525 2278 5555 «
2309 5497 2448 5557 Ἰδοὺ
2471 5497 2638 5576 ὕδωρ,
2674 5499 2723 5557 τί
2756 5497 2960 5557 κωλύει
2993 5523 3062 5578 με
3113 5503 3479 5579 βαπτισθῆναι
3513 5523 3529 5576 ;
3590 5505 3727 5563 Εἶπε
3769 5502 3832 5564 δὶ
