  <div class='ocr_page' id='page_1' title='image "/cluster/home/n/w/nwhite01/storage/ocr_20150623/118/hvd.32044073502247/089.png"; bbox 0 0 4134 6196; ppageno 0'>
   <div class='ocr_carea' id='block_1_1' title="bbox 417 335 532 398">
    <p class='ocr_par' dir='ltr' id='par_1_1' title="bbox 417 335 532 398">
     <span class='ocr_line' id='line_1_1' title="bbox 417 335 532 398; baseline -0.052 0"><span class='ocrx_word' id='word_1_1' title='bbox 417 335 532 398; x_wconf 68' lang='grc'>167</span> 
     </span>
    </p>
   </div>
   <div class='ocr_carea' id='block_1_2' title="bbox 1535 318 2696 385">
    <p class='ocr_par' dir='ltr' id='par_1_2' title="bbox 1535 318 2696 385">
     <span class='ocr_line' id='line_1_2' title="bbox 1535 318 2696 385; baseline -0.004 0"><span class='ocrx_word' id='word_1_2' title='bbox 1535 320 1944 385; x_wconf 67' lang='lat' dir='ltr'>(ECU’siENII</span> <span class='ocrx_word' id='word_1_3' title='bbox 1991 318 2298 381; x_wconf 68' lang='lat' dir='ltr'>TRIOCIE</span> <span class='ocrx_word' id='word_1_4' title='bbox 2343 320 2696 382; x_wconf 82' lang='lat' dir='ltr'>EPISCOPI</span> 
     </span>
    </p>
   </div>
   <div class='ocr_carea' id='block_1_3' title="bbox 3708 327 3827 388">
    <p class='ocr_par' dir='ltr' id='par_1_3' title="bbox 3708 327 3827 388">
     <span class='ocr_line' id='line_1_3' title="bbox 3708 327 3827 388; baseline 0.008 -3"><span class='ocrx_word' id='word_1_5' title='bbox 3708 327 3827 388; x_wconf 82' lang='grc'>168</span> 
     </span>
    </p>
   </div>
   <div class='ocr_carea' id='block_1_4' title="bbox 419 450 2066 542">
    <p class='ocr_par' dir='ltr' id='par_1_4' title="bbox 419 455 2060 530">
     <span class='ocr_line' id='line_1_4' title="bbox 419 455 2060 530; baseline -0.01 -2"><span class='ocrx_word' id='word_1_6' title='bbox 419 471 480 527; x_wconf 89' lang='lat' dir='ltr'>in</span> <span class='ocrx_word' id='word_1_7' title='bbox 502 468 798 526; x_wconf 81' lang='lat' dir='ltr'>Christum</span> <span class='ocrx_word' id='word_1_8' title='bbox 827 479 1030 520; x_wconf 82' lang='lat' dir='ltr'>verum</span> <span class='ocrx_word' id='word_1_9' title='bbox 1051 461 1236 518; x_wconf 89' lang='lat' dir='ltr'>Deum</span> <span class='ocrx_word' id='word_1_10' title='bbox 1262 463 1554 516; x_wconf 87' lang='lat' dir='ltr'>nostrum.</span> <span class='ocrx_word' id='word_1_11' title='bbox 1573 473 1749 528; x_wconf 88' lang='lat' dir='ltr'>quam</span> <span class='ocrx_word' id='word_1_12' title='bbox 1773 455 2060 530; x_wconf 73' lang='lat' dir='ltr'>prazdica-</span> 
     </span>
    </p>
   </div>
   <div class='ocr_carea' id='block_1_5' title="bbox 2182 450 3834 542">
    <p class='ocr_par' dir='ltr' id='par_1_5' title="bbox 2182 450 3834 530">
     <span class='ocr_line' id='line_1_5' title="bbox 2182 450 3834 530; baseline 0.003 -22"><span class='ocrx_word' id='word_1_13' title='bbox 2182 453 2298 508; x_wconf 84' lang='grc' dir='ltr'>στὸν</span> <span class='ocrx_word' id='word_1_14' title='bbox 2331 453 2426 508; x_wconf 81' lang='grc' dir='ltr'>τὸν</span> <span class='ocrx_word' id='word_1_15' title='bbox 2461 450 2643 523; x_wconf 77' lang='grc' dir='ltr'>ἀληθῆ</span> <span class='ocrx_word' id='word_1_16' title='bbox 2677 453 2806 509; x_wconf 86' lang='grc' dir='ltr'>Θεὸν</span> <span class='ocrx_word' id='word_1_17' title='bbox 2839 455 3021 528; x_wconf 74' lang='grc' dir='ltr'>ἡμῶν,</span> <span class='ocrx_word' id='word_1_18' title='bbox 3053 451 3120 525; x_wconf 69' lang='grc' dir='ltr'>ἦν</span> <span class='ocrx_word' id='word_1_19' title='bbox 3151 455 3449 530; x_wconf 78' lang='grc' dir='ltr'>ἐκήρυττον</span> <span class='ocrx_word' id='word_1_20' title='bbox 3485 456 3538 510; x_wconf 72' lang='grc' dir='ltr'>οἱ</span> <span class='ocrx_word' id='word_1_21' title='bbox 3593 456 3834 513; x_wconf 82' lang='grc' dir='ltr'>ἀπόστο-</span> 
     </span>
    </p>
   </div>
   <div class='ocr_carea' id='block_1_6' title="bbox 421 547 2066 630">
    <p class='ocr_par' dir='ltr' id='par_1_6' title="bbox 421 547 2066 630">
     <span class='ocr_line' id='line_1_6' title="bbox 421 547 2066 630; baseline -0.009 -14"><span class='ocrx_word' id='word_1_22' title='bbox 421 562 566 616; x_wconf 91' lang='lat' dir='ltr'>bant</span> <span class='ocrx_word' id='word_1_23' title='bbox 594 557 881 630; x_wconf 78' lang='lat' dir='ltr'>apostoli:</span> <span class='ocrx_word' id='word_1_24' title='bbox 916 562 974 609; x_wconf 88' lang='lat' dir='ltr'>et</span> <span class='ocrx_word' id='word_1_25' title='bbox 1005 554 1215 608; x_wconf 85' lang='lat' dir='ltr'>merito</span> <span class='ocrx_word' id='word_1_26' title='bbox 1239 547 1707 620; x_wconf 86' lang='lat' dir='ltr'>sane.Siquidem</span> <span class='ocrx_word' id='word_1_27' title='bbox 1733 548 1795 602; x_wconf 91' lang='lat' dir='ltr'>in</span> <span class='ocrx_word' id='word_1_28' title='bbox 1819 563 2066 620; x_wconf 80' lang='lat' dir='ltr'>regnum</span> 
     </span>
    </p>
   </div>
   <div class='ocr_carea' id='block_1_7' title="bbox 421 637 2068 717">
    <p class='ocr_par' dir='ltr' id='par_1_7' title="bbox 421 637 2068 717">
     <span class='ocr_line' id='line_1_7' title="bbox 421 637 2068 717; baseline -0.01 -12"><span class='ocrx_word' id='word_1_29' title='bbox 421 652 702 705; x_wconf 75' lang='lat' dir='ltr'>cwlorum</span> <span class='ocrx_word' id='word_1_30' title='bbox 723 663 826 717; x_wconf 88' lang='lat' dir='ltr'>per</span> <span class='ocrx_word' id='word_1_31' title='bbox 849 645 1013 699; x_wconf 90' lang='lat' dir='ltr'>illam</span> <span class='ocrx_word' id='word_1_32' title='bbox 1040 651 1098 698; x_wconf 92' lang='lat' dir='ltr'>et</span> <span class='ocrx_word' id='word_1_33' title='bbox 1119 660 1236 698; x_wconf 89' lang='lat' dir='ltr'>non</span> <span class='ocrx_word' id='word_1_34' title='bbox 1271 658 1375 712; x_wconf 90' lang='lat' dir='ltr'>per</span> <span class='ocrx_word' id='word_1_35' title='bbox 1399 641 1578 696; x_wconf 88' lang='lat' dir='ltr'>aliam</span> <span class='ocrx_word' id='word_1_36' title='bbox 1601 639 1785 694; x_wconf 89' lang='lat' dir='ltr'>ullam</span> <span class='ocrx_word' id='word_1_37' title='bbox 1816 637 2068 710; x_wconf 80' lang='lat' dir='ltr'>ingredi-</span> 
     </span>
    </p>
   </div>
   <div class='ocr_carea' id='block_1_8' title="bbox 416 726 2068 798">
    <p class='ocr_par' dir='ltr' id='par_1_8' title="bbox 416 726 2068 798">
     <span class='ocr_line' id='line_1_8' title="bbox 416 726 2068 798; baseline -0.008 -6"><span class='ocrx_word' id='word_1_38' title='bbox 416 755 567 791; x_wconf 85' lang='lat' dir='ltr'>mur.</span> <span class='ocrx_word' id='word_1_39' title='bbox 609 735 829 789; x_wconf 87' lang='lat' dir='ltr'>Veriori</span> <span class='ocrx_word' id='word_1_40' title='bbox 865 739 1063 788; x_wconf 88' lang='lat' dir='ltr'>autem</span> <span class='ocrx_word' id='word_1_41' title='bbox 1099 746 1372 786; x_wconf 77' lang='lat' dir='ltr'>sermone</span> <span class='ocrx_word' id='word_1_42' title='bbox 1419 729 1511 783; x_wconf 88' lang='lat' dir='ltr'>via</span> <span class='ocrx_word' id='word_1_43' title='bbox 1561 726 1949 798; x_wconf 82' lang='lat' dir='ltr'>intelligenda</span> <span class='ocrx_word' id='word_1_44' title='bbox 1979 729 2068 779; x_wconf 90' lang='lat' dir='ltr'>est</span> 
     </span>
    </p>
   </div>
   <div class='ocr_carea' id='block_1_9' title="bbox 416 815 2066 894">
    <p class='ocr_par' dir='ltr' id='par_1_9' title="bbox 416 815 2066 894">
     <span class='ocr_line' id='line_1_9' title="bbox 416 815 2066 894; baseline -0.008 -14"><span class='ocrx_word' id='word_1_45' title='bbox 416 825 806 890; x_wconf 74' lang='lat' dir='ltr'>conversatio,</span> <span class='ocrx_word' id='word_1_46' title='bbox 843 822 1015 876; x_wconf 73' lang='lat' dir='ltr'>velut:</span> <span class='ocrx_word' id='word_1_47' title='bbox 1053 820 1210 894; x_wconf 90' lang='lat' dir='ltr'>apud</span> <span class='ocrx_word' id='word_1_48' title='bbox 1243 819 1486 874; x_wconf 88' lang='lat' dir='ltr'>Isaiam:</span> <span class='ocrx_word' id='word_1_49' title='bbox 1522 840 1548 866; x_wconf 88' lang='grc'>‹‹</span> <span class='ocrx_word' id='word_1_50' title='bbox 1587 817 1658 872; x_wconf 92' lang='lat' dir='ltr'>Ut</span> <span class='ocrx_word' id='word_1_51' title='bbox 1697 815 1838 886; x_wconf 87' lang='lat' dir='ltr'>quid</span> <span class='ocrx_word' id='word_1_52' title='bbox 1869 829 2066 868; x_wconf 85' lang='lat' dir='ltr'>errare</span> 
     </span>
    </p>
   </div>
   <div class='ocr_carea' id='block_1_10' title="bbox 421 910 2066 972">
    <p class='ocr_par' dir='ltr' id='par_1_10' title="bbox 421 910 2066 972">
     <span class='ocr_line' id='line_1_10' title="bbox 421 910 2066 972; baseline -0.007 -2"><span class='ocrx_word' id='word_1_53' title='bbox 421 933 530 972; x_wconf 89' lang='lat' dir='ltr'>nos</span> <span class='ocrx_word' id='word_1_54' title='bbox 563 917 830 970; x_wconf 76' lang='lat' dir='ltr'>fecerunt</span> <span class='ocrx_word' id='word_1_55' title='bbox 867 930 900 967; x_wconf 91' lang='lat' dir='ltr'>a</span> <span class='ocrx_word' id='word_1_56' title='bbox 935 913 1023 966; x_wconf 87' lang='lat' dir='ltr'>via</span> <span class='ocrx_word' id='word_1_57' title='bbox 1058 919 1154 964; x_wconf 89' lang='lat' dir='ltr'>tua</span> <span class='ocrx_word' id='word_1_58' title='bbox 1185 911 1224 944; x_wconf 73' lang='grc'>³⁷</span> <span class='ocrx_word' id='word_1_59' title='bbox 1248 911 1275 965; x_wconf 79' lang='lat'>&#39;?</span> <span class='ocrx_word' id='word_1_60' title='bbox 1303 930 1327 958; x_wconf 77' lang='grc' dir='ltr'><strong><em>η</em></strong></span> <span class='ocrx_word' id='word_1_61' title='bbox 1395 910 1512 963; x_wconf 83' lang='lat' dir='ltr'>Hoc</span> <span class='ocrx_word' id='word_1_62' title='bbox 1561 913 1650 961; x_wconf 89' lang='lat' dir='ltr'>est</span> <span class='ocrx_word' id='word_1_63' title='bbox 1680 923 1714 960; x_wconf 91' lang='lat' dir='ltr'>a</span> <span class='ocrx_word' id='word_1_64' title='bbox 1759 920 2066 960; x_wconf 87' lang='lat' dir='ltr'>conversa-</span> 
     </span>
    </p>
   </div>
   <div class='ocr_carea' id='block_1_11' title="bbox 419 989 2067 1076">
    <p class='ocr_par' dir='ltr' id='par_1_11' title="bbox 419 989 2067 1076">
     <span class='ocr_line' id='line_1_11' title="bbox 419 989 2067 1076; baseline -0.009 -16"><span class='ocrx_word' id='word_1_65' title='bbox 419 1005 601 1072; x_wconf 81' lang='lat' dir='ltr'>tione,</span> <span class='ocrx_word' id='word_1_66' title='bbox 637 1022 767 1076; x_wconf 72' lang='lat' dir='ltr'>qum</span> <span class='ocrx_word' id='word_1_67' title='bbox 801 1003 914 1057; x_wconf 91' lang='lat' dir='ltr'>tuis</span> <span class='ocrx_word' id='word_1_68' title='bbox 948 1001 1222 1056; x_wconf 81' lang='lat' dir='ltr'>convenit</span> <span class='ocrx_word' id='word_1_69' title='bbox 1282 996 1536 1069; x_wconf 76' lang='lat' dir='ltr'>placitis.</span> <span class='ocrx_word' id='word_1_70' title='bbox 1588 997 1668 1048; x_wconf 90' lang='lat' dir='ltr'>Ita</span> <span class='ocrx_word' id='word_1_71' title='bbox 1715 1010 1850 1066; x_wconf 80' lang='lat' dir='ltr'>ergo</span> <span class='ocrx_word' id='word_1_72' title='bbox 1885 996 1942 1046; x_wconf 88' lang='lat' dir='ltr'>et</span> <span class='ocrx_word' id='word_1_73' title='bbox 1971 989 2067 1045; x_wconf 89' lang='lat' dir='ltr'>hic</span> 
     </span>
    </p>
   </div>
   <div class='ocr_carea' id='block_1_12' title="bbox 421 1081 2068 1166">
    <p class='ocr_par' dir='ltr' id='par_1_12' title="bbox 421 1081 2068 1166">
     <span class='ocr_line' id='line_1_12' title="bbox 421 1081 2068 1166; baseline -0.011 -14"><span class='ocrx_word' id='word_1_74' title='bbox 421 1099 571 1152; x_wconf 85' lang='lat' dir='ltr'>viam</span> <span class='ocrx_word' id='word_1_75' title='bbox 607 1095 923 1166; x_wconf 82' lang='lat' dir='ltr'>appellavit</span> <span class='ocrx_word' id='word_1_76' title='bbox 966 1091 1472 1146; x_wconf 79' lang='lat' dir='ltr'>conversationem</span> <span class='ocrx_word' id='word_1_77' title='bbox 1521 1083 1844 1140; x_wconf 87' lang='lat' dir='ltr'>secundum</span> <span class='ocrx_word' id='word_1_78' title='bbox 1900 1081 2068 1136; x_wconf 88' lang='lat' dir='ltr'>Chri-</span> 
     </span>
    </p>
   </div>
   <div class='ocr_carea' id='block_1_13' title="bbox 420 1172 2068 1245">
    <p class='ocr_par' dir='ltr' id='par_1_13' title="bbox 420 1172 2068 1245">
     <span class='ocr_line' id='line_1_13' title="bbox 420 1172 2068 1245; baseline -0.008 -5"><span class='ocrx_word' id='word_1_79' title='bbox 420 1193 596 1240; x_wconf 84' lang='lat' dir='ltr'>stum.</span> <span class='ocrx_word' id='word_1_80' title='bbox 631 1185 722 1239; x_wconf 86' lang='lat' dir='ltr'>Sic</span> <span class='ocrx_word' id='word_1_81' title='bbox 742 1191 798 1237; x_wconf 78' lang='lat' dir='ltr'>el.</span> <span class='ocrx_word' id='word_1_82' title='bbox 831 1181 963 1236; x_wconf 89' lang='lat' dir='ltr'>aliis</span> <span class='ocrx_word' id='word_1_83' title='bbox 1005 1181 1150 1235; x_wconf 89' lang='lat' dir='ltr'>locis</span> <span class='ocrx_word' id='word_1_84' title='bbox 1183 1179 1280 1233; x_wconf 89' lang='lat' dir='ltr'>ubi</span> <span class='ocrx_word' id='word_1_85' title='bbox 1315 1178 1417 1230; x_wconf 68' lang='lat' dir='ltr'>vim</span> <span class='ocrx_word' id='word_1_86' title='bbox 1453 1175 1746 1230; x_wconf 84' lang='lat' dir='ltr'>meminit.</span> <span class='ocrx_word' id='word_1_87' title='bbox 1782 1172 2068 1245; x_wconf 70' lang='lat' dir='ltr'>prmdica-</span> 
     </span>
    </p>
   </div>
   <div class='ocr_carea' id='block_1_14' title="bbox 421 1264 2070 1337">
    <p class='ocr_par' dir='ltr' id='par_1_14' title="bbox 421 1264 2070 1337">
     <span class='ocr_line' id='line_1_14' title="bbox 421 1264 2070 1337; baseline -0.008 -8"><span class='ocrx_word' id='word_1_88' title='bbox 421 1276 640 1329; x_wconf 88' lang='lat' dir='ltr'>tionem</span> <span class='ocrx_word' id='word_1_89' title='bbox 674 1272 1000 1328; x_wconf 88' lang='lat' dir='ltr'>secundum</span> <span class='ocrx_word' id='word_1_90' title='bbox 1035 1269 1333 1324; x_wconf 88' lang='lat' dir='ltr'>Christum</span> <span class='ocrx_word' id='word_1_91' title='bbox 1368 1264 1737 1337; x_wconf 80' lang='lat' dir='ltr'>significavit.</span> <span class='ocrx_word' id='word_1_92' title='bbox 1766 1268 1866 1317; x_wconf 86' lang='lat' dir='ltr'>aut</span> <span class='ocrx_word' id='word_1_93' title='bbox 1923 1277 2070 1316; x_wconf 88' lang='lat' dir='ltr'>con-</span> 
     </span>
    </p>
   </div>
   <div class='ocr_carea' id='block_1_15' title="bbox 422 1349 2068 1430">
    <p class='ocr_par' dir='ltr' id='par_1_15' title="bbox 422 1349 2068 1430">
     <span class='ocr_line' id='line_1_15' title="bbox 422 1349 2068 1430; baseline -0.01 -12"><span class='ocrx_word' id='word_1_94' title='bbox 422 1362 822 1418; x_wconf 80' lang='lat' dir='ltr'>versationem</span> <span class='ocrx_word' id='word_1_95' title='bbox 867 1361 1037 1430; x_wconf 83' lang='lat' dir='ltr'>juxta</span> <span class='ocrx_word' id='word_1_96' title='bbox 1091 1357 1304 1428; x_wconf 85' lang='lat' dir='ltr'>placita</span> <span class='ocrx_word' id='word_1_97' title='bbox 1362 1353 1598 1407; x_wconf 82' lang='lat' dir='ltr'>Christi.</span> <span class='ocrx_word' id='word_1_98' title='bbox 1660 1353 1830 1406; x_wconf 86' lang='lat' dir='ltr'>Forte</span> <span class='ocrx_word' id='word_1_99' title='bbox 1889 1349 2068 1404; x_wconf 90' lang='lat' dir='ltr'>etiam</span> 
     </span>
    </p>
   </div>
   <div class='ocr_carea' id='block_1_16' title="bbox 425 1438 2066 1524">
    <p class='ocr_par' dir='ltr' id='par_1_16' title="bbox 425 1438 2066 1524">
     <span class='ocr_line' id='line_1_16' title="bbox 425 1438 2066 1524; baseline -0.01 -17"><span class='ocrx_word' id='word_1_100' title='bbox 425 1453 592 1524; x_wconf 89' lang='lat' dir='ltr'>quasi</span> <span class='ocrx_word' id='word_1_101' title='bbox 613 1455 990 1504; x_wconf 88' lang='lat' dir='ltr'>attenuantes</span> <span class='ocrx_word' id='word_1_102' title='bbox 1014 1452 1114 1500; x_wconf 90' lang='lat' dir='ltr'>aut</span> <span class='ocrx_word' id='word_1_103' title='bbox 1133 1443 1514 1499; x_wconf 80' lang='lat' dir='ltr'>detrahentes</span> <span class='ocrx_word' id='word_1_104' title='bbox 1537 1441 1617 1494; x_wconf 90' lang='lat' dir='ltr'>ita</span> <span class='ocrx_word' id='word_1_105' title='bbox 1639 1456 1740 1495; x_wconf 91' lang='lat' dir='ltr'>eos</span> <span class='ocrx_word' id='word_1_106' title='bbox 1762 1438 2066 1494; x_wconf 87' lang='lat' dir='ltr'>vocabant.</span> 
     </span>
    </p>
   </div>
   <div class='ocr_carea' id='block_1_17' title="bbox 421 1527 2070 1612">
    <p class='ocr_par' dir='ltr' id='par_1_17' title="bbox 421 1527 2070 1612">
     <span class='ocr_line' id='line_1_17' title="bbox 421 1527 2070 1612; baseline -0.009 -15"><span class='ocrx_word' id='word_1_107' title='bbox 421 1542 722 1612; x_wconf 85' lang='lat' dir='ltr'>Siquidem</span> <span class='ocrx_word' id='word_1_108' title='bbox 738 1539 1055 1593; x_wconf 89' lang='lat' dir='ltr'>obscurum</span> <span class='ocrx_word' id='word_1_109' title='bbox 1077 1535 1193 1588; x_wconf 88' lang='lat' dir='ltr'>sive</span> <span class='ocrx_word' id='word_1_110' title='bbox 1214 1532 1532 1604; x_wconf 69' lang='lat' dir='ltr'>ignobilem</span> <span class='ocrx_word' id='word_1_111' title='bbox 1549 1530 1742 1586; x_wconf 89' lang='lat' dir='ltr'>solent</span> <span class='ocrx_word' id='word_1_112' title='bbox 1767 1527 2070 1600; x_wconf 86' lang='lat' dir='ltr'>appellare</span> 
     </span>
    </p>
   </div>
   <div class='ocr_carea' id='block_1_18' title="bbox 422 1618 2067 1691">
    <p class='ocr_par' dir='ltr' id='par_1_18' title="bbox 422 1618 2067 1691">
     <span class='ocr_line' id='line_1_18' title="bbox 422 1618 2067 1691; baseline -0.008 -7"><span class='ocrx_word' id='word_1_113' title='bbox 422 1631 724 1684; x_wconf 87' lang='lat' dir='ltr'>hominem</span> <span class='ocrx_word' id='word_1_114' title='bbox 759 1644 787 1680; x_wconf 91' lang='lat' dir='ltr'>e</span> <span class='ocrx_word' id='word_1_115' title='bbox 817 1625 910 1680; x_wconf 89' lang='lat' dir='ltr'>via</span> <span class='ocrx_word' id='word_1_116' title='bbox 941 1641 1042 1679; x_wconf 88' lang='lat' dir='ltr'>seu</span> <span class='ocrx_word' id='word_1_117' title='bbox 1095 1639 1125 1677; x_wconf 91' lang='lat' dir='ltr'>e</span> <span class='ocrx_word' id='word_1_118' title='bbox 1182 1621 1370 1676; x_wconf 81' lang='lat' dir='ltr'>trivio.</span> <span class='ocrx_word' id='word_1_119' title='bbox 1438 1622 1563 1675; x_wconf 90' lang='lat' dir='ltr'>Non</span> <span class='ocrx_word' id='word_1_120' title='bbox 1623 1618 1827 1691; x_wconf 87' lang='lat' dir='ltr'>petivit</span> <span class='ocrx_word' id='word_1_121' title='bbox 1867 1625 2067 1674; x_wconf 89' lang='lat' dir='ltr'>autem</span> 
     </span>
    </p>
   </div>
   <div class='ocr_carea' id='block_1_19' title="bbox 419 1707 2070 1788">
    <p class='ocr_par' dir='ltr' id='par_1_19' title="bbox 419 1707 2070 1788">
     <span class='ocr_line' id='line_1_19' title="bbox 419 1707 2070 1788; baseline -0.006 -16"><span class='ocrx_word' id='word_1_122' title='bbox 419 1723 776 1788; x_wconf 87' lang='lat' dir='ltr'>potestatem</span> <span class='ocrx_word' id='word_1_123' title='bbox 801 1733 901 1770; x_wconf 88' lang='lat' dir='ltr'>eos</span> <span class='ocrx_word' id='word_1_124' title='bbox 928 1713 1006 1768; x_wconf 88' lang='lat' dir='ltr'>ibi</span> <span class='ocrx_word' id='word_1_125' title='bbox 1037 1711 1345 1785; x_wconf 85' lang='lat' dir='ltr'>puniendi.</span> <span class='ocrx_word' id='word_1_126' title='bbox 1369 1711 1470 1765; x_wconf 84' lang='lat' dir='ltr'>sed</span> <span class='ocrx_word' id='word_1_127' title='bbox 1495 1707 2070 1766; x_wconf 82' lang='lat' dir='ltr'>adducendiJeroso-</span> 
     </span>
    </p>
   </div>
   <div class='ocr_carea' id='block_1_20' title="bbox 421 1799 2066 1878">
    <p class='ocr_par' dir='ltr' id='par_1_20' title="bbox 421 1799 2066 1878">
     <span class='ocr_line' id='line_1_20' title="bbox 421 1799 2066 1878; baseline -0.006 -16"><span class='ocrx_word' id='word_1_128' title='bbox 421 1807 582 1878; x_wconf 84' lang='lat' dir='ltr'>lyma</span> <span class='ocrx_word' id='word_1_129' title='bbox 609 1823 620 1861; x_wconf 92' lang='lat'>:</span> <span class='ocrx_word' id='word_1_130' title='bbox 647 1805 804 1877; x_wconf 89' lang='lat' dir='ltr'>quod</span> <span class='ocrx_word' id='word_1_131' title='bbox 842 1805 968 1859; x_wconf 65' lang='lat' dir='ltr'>hinc</span> <span class='ocrx_word' id='word_1_132' title='bbox 993 1803 1200 1874; x_wconf 86' lang='lat' dir='ltr'>majori</span> <span class='ocrx_word' id='word_1_133' title='bbox 1227 1800 1575 1856; x_wconf 86' lang='lat' dir='ltr'>auctoritate</span> <span class='ocrx_word' id='word_1_134' title='bbox 1607 1799 1736 1855; x_wconf 78' lang='lat' dir='ltr'>ﬁeri</span> <span class='ocrx_word' id='word_1_135' title='bbox 1769 1799 1962 1853; x_wconf 89' lang='lat' dir='ltr'>vellet.</span> <span class='ocrx_word' id='word_1_136' title='bbox 2001 1799 2066 1853; x_wconf 89' lang='lat' dir='ltr'>In</span> 
     </span>
    </p>
   </div>
   <div class='ocr_carea' id='block_1_21' title="bbox 418 1887 2064 1960">
    <p class='ocr_par' dir='ltr' id='par_1_21' title="bbox 418 1887 2064 1960">
     <span class='ocr_line' id='line_1_21' title="bbox 418 1887 2064 1960; baseline -0.007 -8"><span class='ocrx_word' id='word_1_137' title='bbox 418 1897 654 1952; x_wconf 85' lang='lat' dir='ltr'>civitate</span> <span class='ocrx_word' id='word_1_138' title='bbox 679 1913 814 1951; x_wconf 88' lang='lat' dir='ltr'>vero</span> <span class='ocrx_word' id='word_1_139' title='bbox 841 1911 958 1950; x_wconf 91' lang='lat' dir='ltr'>non</span> <span class='ocrx_word' id='word_1_140' title='bbox 983 1893 1197 1948; x_wconf 85' lang='lat' dir='ltr'>accidit</span> <span class='ocrx_word' id='word_1_141' title='bbox 1219 1891 1383 1956; x_wconf 86' lang='lat' dir='ltr'>visio,</span> <span class='ocrx_word' id='word_1_142' title='bbox 1416 1889 1516 1945; x_wconf 92' lang='lat' dir='ltr'>sed</span> <span class='ocrx_word' id='word_1_143' title='bbox 1541 1891 1600 1944; x_wconf 91' lang='lat' dir='ltr'>in</span> <span class='ocrx_word' id='word_1_144' title='bbox 1641 1890 1732 1944; x_wconf 91' lang='lat' dir='ltr'>via</span> <span class='ocrx_word' id='word_1_145' title='bbox 1761 1906 1867 1960; x_wconf 92' lang='lat' dir='ltr'>per</span> <span class='ocrx_word' id='word_1_146' title='bbox 1897 1887 2064 1960; x_wconf 84' lang='lat' dir='ltr'>quie-</span> 
     </span>
    </p>
   </div>
   <div class='ocr_carea' id='block_1_22' title="bbox 423 1977 2070 2054">
    <p class='ocr_par' dir='ltr' id='par_1_22' title="bbox 423 1977 2070 2054">
     <span class='ocr_line' id='line_1_22' title="bbox 423 1977 2070 2054; baseline -0.005 -14"><span class='ocrx_word' id='word_1_147' title='bbox 423 1993 562 2054; x_wconf 60' lang='lat' dir='ltr'>tem,</span> <span class='ocrx_word' id='word_1_148' title='bbox 599 2003 670 2040; x_wconf 91' lang='lat' dir='ltr'>ne</span> <span class='ocrx_word' id='word_1_149' title='bbox 701 1985 834 2040; x_wconf 88' lang='lat' dir='ltr'>aliis</span> <span class='ocrx_word' id='word_1_150' title='bbox 865 1985 1072 2039; x_wconf 87' lang='lat' dir='ltr'>liceret</span> <span class='ocrx_word' id='word_1_151' title='bbox 1101 1983 1216 2037; x_wconf 88' lang='lat' dir='ltr'>alio</span> <span class='ocrx_word' id='word_1_152' title='bbox 1249 1981 1422 2036; x_wconf 90' lang='lat' dir='ltr'>modo</span> <span class='ocrx_word' id='word_1_153' title='bbox 1455 1995 1699 2035; x_wconf 88' lang='lat' dir='ltr'>narrare</span> <span class='ocrx_word' id='word_1_154' title='bbox 1731 1978 1886 2050; x_wconf 89' lang='lat' dir='ltr'>quod</span> <span class='ocrx_word' id='word_1_155' title='bbox 1911 1977 2070 2032; x_wconf 80' lang='lat' dir='ltr'>circa</span> 
     </span>
    </p>
   </div>
   <div class='ocr_carea' id='block_1_23' title="bbox 421 2066 2069 2147">
    <p class='ocr_par' dir='ltr' id='par_1_23' title="bbox 421 2066 2069 2147">
     <span class='ocr_line' id='line_1_23' title="bbox 421 2066 2069 2147; baseline -0.006 -16"><span class='ocrx_word' id='word_1_156' title='bbox 421 2075 615 2147; x_wconf 90' lang='lat' dir='ltr'>ipsum</span> <span class='ocrx_word' id='word_1_157' title='bbox 653 2075 1014 2143; x_wconf 75' lang='lat' dir='ltr'>contigisset,</span> <span class='ocrx_word' id='word_1_158' title='bbox 1051 2072 1152 2128; x_wconf 90' lang='lat' dir='ltr'>sed</span> <span class='ocrx_word' id='word_1_159' title='bbox 1184 2072 1309 2142; x_wconf 89' lang='lat' dir='ltr'>ipse</span> <span class='ocrx_word' id='word_1_160' title='bbox 1361 2070 1474 2125; x_wconf 82' lang='lat' dir='ltr'>ﬁde</span> <span class='ocrx_word' id='word_1_161' title='bbox 1531 2069 1742 2141; x_wconf 82' lang='lat' dir='ltr'>dignus</span> <span class='ocrx_word' id='word_1_162' title='bbox 1793 2073 1950 2122; x_wconf 85' lang='lat' dir='ltr'>esset</span> <span class='ocrx_word' id='word_1_163' title='bbox 1995 2066 2069 2122; x_wconf 89' lang='lat' dir='ltr'>ad</span> 
     </span>
    </p>
   </div>
   <div class='ocr_carea' id='block_1_24' title="bbox 415 2159 2068 2234">
    <p class='ocr_par' dir='ltr' id='par_1_24' title="bbox 415 2159 2068 2234">
     <span class='ocr_line' id='line_1_24' title="bbox 415 2159 2068 2234; baseline -0.007 -13"><span class='ocrx_word' id='word_1_164' title='bbox 415 2165 819 2232; x_wconf 87' lang='lat' dir='ltr'>referendum,</span> <span class='ocrx_word' id='word_1_165' title='bbox 856 2163 956 2234; x_wconf 89' lang='lat' dir='ltr'>qui</span> <span class='ocrx_word' id='word_1_166' title='bbox 989 2162 1277 2217; x_wconf 80' lang='lat' dir='ltr'>visionem</span> <span class='ocrx_word' id='word_1_167' title='bbox 1311 2159 1572 2223; x_wconf 84' lang='lat' dir='ltr'>vidisset,</span> <span class='ocrx_word' id='word_1_168' title='bbox 1607 2165 1666 2214; x_wconf 89' lang='lat' dir='ltr'>et</span> <span class='ocrx_word' id='word_1_169' title='bbox 1687 2173 1888 2212; x_wconf 90' lang='lat' dir='ltr'>casum</span> <span class='ocrx_word' id='word_1_170' title='bbox 1935 2173 2068 2228; x_wconf 89' lang='lat' dir='ltr'>per-</span> 
     </span>
    </p>
   </div>
   <div class='ocr_carea' id='block_1_25' title="bbox 417 2247 2070 2330">
    <p class='ocr_par' dir='ltr' id='par_1_25' title="bbox 417 2247 2070 2330">
     <span class='ocr_line' id='line_1_25' title="bbox 417 2247 2070 2330; baseline -0.007 -16"><span class='ocrx_word' id='word_1_171' title='bbox 417 2275 626 2330; x_wconf 86' lang='lat' dir='ltr'>pessus</span> <span class='ocrx_word' id='word_1_172' title='bbox 659 2258 886 2311; x_wconf 83' lang='lat' dir='ltr'>fuisset.</span> <span class='ocrx_word' id='word_1_173' title='bbox 932 2257 1055 2310; x_wconf 87' lang='lat' dir='ltr'>Non</span> <span class='ocrx_word' id='word_1_174' title='bbox 1117 2269 1326 2308; x_wconf 89' lang='lat' dir='ltr'>omnes</span> <span class='ocrx_word' id='word_1_175' title='bbox 1374 2257 1572 2307; x_wconf 88' lang='lat' dir='ltr'>autem</span> <span class='ocrx_word' id='word_1_176' title='bbox 1630 2254 1904 2308; x_wconf 68' lang='lat' dir='ltr'>excaecat.</span> <span class='ocrx_word' id='word_1_177' title='bbox 1965 2247 2070 2304; x_wconf 92' lang='lat' dir='ltr'>sed</span> 
     </span>
    </p>
   </div>
   <div class='ocr_carea' id='block_1_26' title="bbox 419 2335 2069 2408">
    <p class='ocr_par' dir='ltr' id='par_1_26' title="bbox 419 2335 2069 2408">
     <span class='ocr_line' id='line_1_26' title="bbox 419 2335 2069 2408; baseline -0.007 -5"><span class='ocrx_word' id='word_1_178' title='bbox 419 2349 612 2404; x_wconf 90' lang='lat' dir='ltr'>solum</span> <span class='ocrx_word' id='word_1_179' title='bbox 646 2345 933 2400; x_wconf 84' lang='lat' dir='ltr'>duntaxat</span> <span class='ocrx_word' id='word_1_180' title='bbox 986 2341 1257 2408; x_wconf 86' lang='lat' dir='ltr'>Paulum,</span> <span class='ocrx_word' id='word_1_181' title='bbox 1315 2355 1390 2395; x_wconf 91' lang='lat' dir='ltr'>ne</span> <span class='ocrx_word' id='word_1_182' title='bbox 1439 2338 1774 2394; x_wconf 85' lang='lat' dir='ltr'>communis</span> <span class='ocrx_word' id='word_1_183' title='bbox 1827 2335 2069 2392; x_wconf 81' lang='lat' dir='ltr'>afﬂictio</span> 
     </span>
    </p>
   </div>
   <div class='ocr_carea' id='block_1_27' title="bbox 422 2424 2070 2502">
    <p class='ocr_par' dir='ltr' id='par_1_27' title="bbox 422 2424 2070 2502">
     <span class='ocr_line' id='line_1_27' title="bbox 422 2424 2070 2502; baseline -0.007 -11"><span class='ocrx_word' id='word_1_184' title='bbox 422 2437 879 2492; x_wconf 81' lang='lat' dir='ltr'>existimaretur.</span> <span class='ocrx_word' id='word_1_185' title='bbox 910 2439 968 2487; x_wconf 92' lang='lat' dir='ltr'>et</span> <span class='ocrx_word' id='word_1_186' title='bbox 997 2449 1126 2502; x_wconf 64' lang='lat' dir='ltr'>qua:</span> <span class='ocrx_word' id='word_1_187' title='bbox 1173 2447 1314 2486; x_wconf 90' lang='lat' dir='ltr'>casu</span> <span class='ocrx_word' id='word_1_188' title='bbox 1362 2428 1727 2499; x_wconf 66' lang='lat' dir='ltr'>contigisset,</span> <span class='ocrx_word' id='word_1_189' title='bbox 1781 2425 1884 2481; x_wconf 91' lang='lat' dir='ltr'>sed</span> <span class='ocrx_word' id='word_1_190' title='bbox 1915 2442 1948 2480; x_wconf 92' lang='lat' dir='ltr'>a</span> <span class='ocrx_word' id='word_1_191' title='bbox 1981 2424 2070 2479; x_wconf 90' lang='lat' dir='ltr'>di—</span> 
     </span>
    </p>
   </div>
   <div class='ocr_carea' id='block_1_28' title="bbox 418 2514 2069 2597">
    <p class='ocr_par' dir='ltr' id='par_1_28' title="bbox 418 2514 2069 2597">
     <span class='ocr_line' id='line_1_28' title="bbox 418 2514 2069 2597; baseline -0.008 -17"><span class='ocrx_word' id='word_1_192' title='bbox 418 2527 554 2581; x_wconf 86' lang='lat' dir='ltr'>vina</span> <span class='ocrx_word' id='word_1_193' title='bbox 577 2523 964 2597; x_wconf 88' lang='lat' dir='ltr'>providentia.</span> <span class='ocrx_word' id='word_1_194' title='bbox 991 2522 1180 2585; x_wconf 88' lang='lat' dir='ltr'>Quare</span> <span class='ocrx_word' id='word_1_195' title='bbox 1201 2526 1398 2575; x_wconf 86' lang='lat' dir='ltr'>autem</span> <span class='ocrx_word' id='word_1_196' title='bbox 1432 2535 1552 2572; x_wconf 89' lang='lat' dir='ltr'>non</span> <span class='ocrx_word' id='word_1_197' title='bbox 1603 2515 1984 2571; x_wconf 88' lang='lat' dir='ltr'>crediderunt</span> <span class='ocrx_word' id='word_1_198' title='bbox 2029 2514 2069 2568; x_wconf 92' lang='lat' dir='ltr'>ii</span> 
     </span>
    </p>
   </div>
   <div class='ocr_carea' id='block_1_29' title="bbox 420 2605 2070 2687">
    <p class='ocr_par' dir='ltr' id='par_1_29' title="bbox 420 2605 2070 2687">
     <span class='ocr_line' id='line_1_29' title="bbox 420 2605 2070 2687; baseline -0.007 -17"><span class='ocrx_word' id='word_1_199' title='bbox 420 2617 517 2687; x_wconf 91' lang='lat' dir='ltr'>qui</span> <span class='ocrx_word' id='word_1_200' title='bbox 547 2631 680 2670; x_wconf 88' lang='lat' dir='ltr'>cum</span> <span class='ocrx_word' id='word_1_201' title='bbox 705 2631 772 2667; x_wconf 89' lang='lat' dir='ltr'>eo</span> <span class='ocrx_word' id='word_1_202' title='bbox 799 2619 958 2666; x_wconf 81' lang='lat' dir='ltr'>erant</span> <span class='ocrx_word' id='word_1_203' title='bbox 979 2610 1006 2665; x_wconf 85' lang='lat'><strong>?</strong></span> <span class='ocrx_word' id='word_1_204' title='bbox 1039 2611 1108 2666; x_wconf 87' lang='lat' dir='ltr'>Ut</span> <span class='ocrx_word' id='word_1_205' title='bbox 1141 2607 1254 2664; x_wconf 86' lang='lat' dir='ltr'>fide</span> <span class='ocrx_word' id='word_1_206' title='bbox 1305 2607 1468 2680; x_wconf 80' lang='lat' dir='ltr'>digni</span> <span class='ocrx_word' id='word_1_207' title='bbox 1501 2613 1680 2660; x_wconf 88' lang='lat' dir='ltr'>testes</span> <span class='ocrx_word' id='word_1_208' title='bbox 1712 2609 1913 2659; x_wconf 81' lang='lat' dir='ltr'>essent</span> <span class='ocrx_word' id='word_1_209' title='bbox 1943 2605 2070 2674; x_wconf 90' lang='lat' dir='ltr'>ejus</span> 
     </span>
    </p>
   </div>
   <div class='ocr_carea' id='block_1_30' title="bbox 419 2693 2066 2777">
    <p class='ocr_par' dir='ltr' id='par_1_30' title="bbox 419 2693 2066 2777">
     <span class='ocr_line' id='line_1_30' title="bbox 419 2693 2066 2777; baseline -0.009 -17"><span class='ocrx_word' id='word_1_210' title='bbox 419 2707 571 2777; x_wconf 84' lang='lat' dir='ltr'>quod</span> <span class='ocrx_word' id='word_1_211' title='bbox 595 2704 752 2758; x_wconf 87' lang='lat' dir='ltr'>circa</span> <span class='ocrx_word' id='word_1_212' title='bbox 776 2701 1018 2756; x_wconf 87' lang='lat' dir='ltr'>Paulum</span> <span class='ocrx_word' id='word_1_213' title='bbox 1049 2698 1546 2767; x_wconf 72' lang='lat' dir='ltr'>contigerat.Nam</span> <span class='ocrx_word' id='word_1_214' title='bbox 1575 2695 1622 2750; x_wconf 90' lang='lat' dir='ltr'>si</span> <span class='ocrx_word' id='word_1_215' title='bbox 1648 2693 2066 2758; x_wconf 88' lang='lat' dir='ltr'>credidissent,</span> 
     </span>
    </p>
   </div>
   <div class='ocr_carea' id='block_1_31' title="bbox 420 2783 2069 2862">
    <p class='ocr_par' dir='ltr' id='par_1_31' title="bbox 420 2783 2069 2862">
     <span class='ocr_line' id='line_1_31' title="bbox 420 2783 2069 2862; baseline -0.007 -15"><span class='ocrx_word' id='word_1_216' title='bbox 420 2795 762 2849; x_wconf 79' lang='lat' dir='ltr'>viderentur</span> <span class='ocrx_word' id='word_1_217' title='bbox 819 2791 892 2846; x_wconf 91' lang='lat' dir='ltr'>ad</span> <span class='ocrx_word' id='word_1_218' title='bbox 950 2790 1198 2862; x_wconf 81' lang='lat' dir='ltr'>gratiam</span> <span class='ocrx_word' id='word_1_219' title='bbox 1260 2785 1584 2841; x_wconf 85' lang='lat' dir='ltr'>testiﬁcari.</span> <span class='ocrx_word' id='word_1_220' title='bbox 1655 2807 1682 2834; x_wconf 83' lang='grc'>‹‹</span> <span class='ocrx_word' id='word_1_221' title='bbox 1747 2783 2069 2837; x_wconf 84' lang='lat' dir='ltr'>Audientes</span> 
     </span>
    </p>
   </div>
   <div class='ocr_carea' id='block_1_32' title="bbox 423 2871 2073 2954">
    <p class='ocr_par' dir='ltr' id='par_1_32' title="bbox 423 2871 2073 2954">
     <span class='ocr_line' id='line_1_32' title="bbox 423 2871 2073 2954; baseline -0.008 -16"><span class='ocrx_word' id='word_1_222' title='bbox 423 2883 663 2954; x_wconf 89' lang='lat' dir='ltr'>quidem</span> <span class='ocrx_word' id='word_1_223' title='bbox 695 2897 916 2935; x_wconf 82' lang='lat' dir='ltr'>vocem.</span> <span class='ocrx_word' id='word_1_224' title='bbox 957 2901 983 2926; x_wconf 66' lang='grc' dir='ltr'>ι)</span> <span class='ocrx_word' id='word_1_225' title='bbox 1018 2879 1142 2932; x_wconf 83' lang='lat' dir='ltr'>Non</span> <span class='ocrx_word' id='word_1_226' title='bbox 1176 2893 1306 2931; x_wconf 89' lang='lat' dir='ltr'>eam</span> <span class='ocrx_word' id='word_1_227' title='bbox 1338 2891 1468 2946; x_wconf 77' lang='lat' dir='ltr'>qum</span> <span class='ocrx_word' id='word_1_228' title='bbox 1519 2873 1777 2943; x_wconf 88' lang='lat' dir='ltr'>desuper</span> <span class='ocrx_word' id='word_1_229' title='bbox 1828 2871 2073 2943; x_wconf 84' lang='lat' dir='ltr'>delapsa</span> 
     </span>
    </p>
   </div>
   <div class='ocr_carea' id='block_1_33' title="bbox 419 2959 2070 3035">
    <p class='ocr_par' dir='ltr' id='par_1_33' title="bbox 419 2959 2070 3035">
     <span class='ocr_line' id='line_1_33' title="bbox 419 2959 2070 3035; baseline -0.008 -7"><span class='ocrx_word' id='word_1_230' title='bbox 419 2979 545 3028; x_wconf 88' lang='lat' dir='ltr'>erat</span> <span class='ocrx_word' id='word_1_231' title='bbox 567 2987 763 3025; x_wconf 87' lang='lat' dir='ltr'>vocem</span> <span class='ocrx_word' id='word_1_232' title='bbox 787 2967 1108 3024; x_wconf 88' lang='lat' dir='ltr'>audierunt</span> <span class='ocrx_word' id='word_1_233' title='bbox 1149 2967 1205 3020; x_wconf 89' lang='lat' dir='ltr'>hi</span> <span class='ocrx_word' id='word_1_234' title='bbox 1235 2965 1332 3035; x_wconf 91' lang='lat' dir='ltr'>qui</span> <span class='ocrx_word' id='word_1_235' title='bbox 1363 2981 1496 3018; x_wconf 90' lang='lat' dir='ltr'>cum</span> <span class='ocrx_word' id='word_1_236' title='bbox 1529 2962 1710 3017; x_wconf 91' lang='lat' dir='ltr'>Paulo</span> <span class='ocrx_word' id='word_1_237' title='bbox 1742 2967 1932 3022; x_wconf 84' lang='lat' dir='ltr'>erant,</span> <span class='ocrx_word' id='word_1_238' title='bbox 1967 2959 2070 3016; x_wconf 90' lang='lat' dir='ltr'>sed</span> 
     </span>
    </p>
   </div>
   <div class='ocr_carea' id='block_1_34' title="bbox 418 3051 2068 3128">
    <p class='ocr_par' dir='ltr' id='par_1_34' title="bbox 418 3051 2068 3128">
     <span class='ocr_line' id='line_1_34' title="bbox 418 3051 2068 3128; baseline -0.008 -12"><span class='ocrx_word' id='word_1_239' title='bbox 418 3060 584 3116; x_wconf 79' lang='lat' dir='ltr'>Pauli</span> <span class='ocrx_word' id='word_1_240' title='bbox 619 3075 832 3114; x_wconf 40' lang='lat' dir='ltr'>vocem.</span> <span class='ocrx_word' id='word_1_241' title='bbox 876 3059 1076 3128; x_wconf 89' lang='lat' dir='ltr'>Ipsum</span> <span class='ocrx_word' id='word_1_242' title='bbox 1114 3055 1334 3110; x_wconf 89' lang='lat' dir='ltr'>etenim</span> <span class='ocrx_word' id='word_1_243' title='bbox 1367 3051 1616 3106; x_wconf 84' lang='lat' dir='ltr'>Paulum</span> <span class='ocrx_word' id='word_1_244' title='bbox 1649 3051 1710 3105; x_wconf 89' lang='lat' dir='ltr'>in</span> <span class='ocrx_word' id='word_1_245' title='bbox 1769 3051 2068 3120; x_wconf 89' lang='lat' dir='ltr'>sequenti-</span> 
     </span>
    </p>
   </div>
   <div class='ocr_carea' id='block_1_35' title="bbox 417 3137 2072 3212">
    <p class='ocr_par' dir='ltr' id='par_1_35' title="bbox 417 3137 2072 3212">
     <span class='ocr_line' id='line_1_35' title="bbox 417 3137 2072 3212; baseline -0.008 -8"><span class='ocrx_word' id='word_1_246' title='bbox 417 3149 528 3204; x_wconf 90' lang='lat' dir='ltr'>bus</span> <span class='ocrx_word' id='word_1_247' title='bbox 562 3148 791 3202; x_wconf 87' lang='lat' dir='ltr'>inducit</span> <span class='ocrx_word' id='word_1_248' title='bbox 821 3147 1120 3201; x_wconf 88' lang='lat' dir='ltr'>dicentem</span> <span class='ocrx_word' id='word_1_249' title='bbox 1151 3161 1162 3198; x_wconf 94' lang='lat'>:</span> <span class='ocrx_word' id='word_1_250' title='bbox 1199 3167 1224 3193; x_wconf 79' lang='grc' dir='ltr'>ι(</span> <span class='ocrx_word' id='word_1_251' title='bbox 1266 3148 1330 3196; x_wconf 84' lang='lat' dir='ltr'>l-t</span> <span class='ocrx_word' id='word_1_252' title='bbox 1357 3142 1456 3212; x_wconf 87' lang='lat' dir='ltr'>qui</span> <span class='ocrx_word' id='word_1_253' title='bbox 1491 3155 1722 3195; x_wconf 91' lang='lat' dir='ltr'>mecum</span> <span class='ocrx_word' id='word_1_254' title='bbox 1757 3145 1946 3198; x_wconf 88' lang='lat' dir='ltr'>erant.</span> <span class='ocrx_word' id='word_1_255' title='bbox 1981 3137 2072 3192; x_wconf 89' lang='lat' dir='ltr'>lu-</span> 
     </span>
    </p>
   </div>
   <div class='ocr_carea' id='block_1_36' title="bbox 2175 541 3835 623">
    <p class='ocr_par' dir='ltr' id='par_1_36' title="bbox 2175 541 3835 623">
     <span class='ocr_line' id='line_1_36' title="bbox 2175 541 3835 623; baseline 0.002 -25"><span class='ocrx_word' id='word_1_256' title='bbox 2175 542 2289 611; x_wconf 87' lang='grc' dir='ltr'>λοι,</span> <span class='ocrx_word' id='word_1_257' title='bbox 2331 543 2536 596; x_wconf 79' lang='grc' dir='ltr'>πίστιν·</span> <span class='ocrx_word' id='word_1_258' title='bbox 2583 543 2674 598; x_wconf 87' lang='grc' dir='ltr'>καὶ</span> <span class='ocrx_word' id='word_1_259' title='bbox 2735 541 2882 615; x_wconf 84' lang='grc' dir='ltr'>μάλα</span> <span class='ocrx_word' id='word_1_260' title='bbox 2931 543 3174 607; x_wconf 77' lang='grc' dir='ltr'>εἰκότως.</span> <span class='ocrx_word' id='word_1_261' title='bbox 3233 547 3311 600; x_wconf 87' lang='grc' dir='ltr'>Δι’</span> <span class='ocrx_word' id='word_1_262' title='bbox 3368 545 3538 611; x_wconf 81' lang='grc' dir='ltr'>αὐτῆς</span> <span class='ocrx_word' id='word_1_263' title='bbox 3593 545 3697 623; x_wconf 77' lang='grc' dir='ltr'>γάρ</span> <span class='ocrx_word' id='word_1_264' title='bbox 3757 546 3835 610; x_wconf 81' lang='grc' dir='ltr'>εἷς</span> 
     </span>
    </p>
   </div>
   <div class='ocr_carea' id='block_1_37' title="bbox 2173 630 3834 709">
    <p class='ocr_par' dir='ltr' id='par_1_37' title="bbox 2173 630 3834 709">
     <span class='ocr_line' id='line_1_37' title="bbox 2173 630 3834 709; baseline 0.002 -23"><span class='ocrx_word' id='word_1_265' title='bbox 2173 633 2271 700; x_wconf 77' lang='grc' dir='ltr'>τήν</span> <span class='ocrx_word' id='word_1_266' title='bbox 2303 635 2412 687; x_wconf 83' lang='grc' dir='ltr'>τῶν</span> <span class='ocrx_word' id='word_1_267' title='bbox 2443 630 2684 706; x_wconf 79' lang='grc' dir='ltr'>οὐρανῶν</span> <span class='ocrx_word' id='word_1_268' title='bbox 2717 631 3022 709; x_wconf 80' lang='grc' dir='ltr'>βασιλείαν,</span> <span class='ocrx_word' id='word_1_269' title='bbox 3045 635 3136 689; x_wconf 82' lang='grc' dir='ltr'>καὶ</span> <span class='ocrx_word' id='word_1_270' title='bbox 3189 633 3254 689; x_wconf 84' lang='grc' dir='ltr'>οὐ</span> <span class='ocrx_word' id='word_1_271' title='bbox 3315 631 3384 689; x_wconf 87' lang='grc' dir='ltr'>δι’</span> <span class='ocrx_word' id='word_1_272' title='bbox 3443 633 3625 704; x_wconf 78' lang='grc' dir='ltr'>ἄλλης</span> <span class='ocrx_word' id='word_1_273' title='bbox 3683 637 3834 700; x_wconf 76' lang='grc' dir='ltr'>τινὸς</span> 
     </span>
    </p>
   </div>
   <div class='ocr_carea' id='block_1_38' title="bbox 2175 723 3828 800">
    <p class='ocr_par' dir='ltr' id='par_1_38' title="bbox 2175 723 3828 800">
     <span class='ocr_line' id='line_1_38' title="bbox 2175 723 3828 800; baseline 0.003 -23"><span class='ocrx_word' id='word_1_274' title='bbox 2175 723 2555 796; x_wconf 70' lang='grc' dir='ltr'>εἰσερχόμεθα.</span> <span class='ocrx_word' id='word_1_275' title='bbox 2594 724 2972 799; x_wconf 83' lang='grc' dir='ltr'>Ἀληθεστέρῳ</span> <span class='ocrx_word' id='word_1_276' title='bbox 3009 723 3066 780; x_wconf 76' lang='grc' dir='ltr'>δὲ</span> <span class='ocrx_word' id='word_1_277' title='bbox 3107 723 3285 800; x_wconf 82' lang='grc' dir='ltr'>λόγῳ,</span> <span class='ocrx_word' id='word_1_278' title='bbox 3335 723 3460 781; x_wconf 81' lang='grc' dir='ltr'>ὁδὸν</span> <span class='ocrx_word' id='word_1_279' title='bbox 3501 728 3600 796; x_wconf 81' lang='grc' dir='ltr'>τήν</span> <span class='ocrx_word' id='word_1_280' title='bbox 3655 726 3828 782; x_wconf 88' lang='grc' dir='ltr'>πολι-</span> 
     </span>
    </p>
   </div>
   <div class='ocr_carea' id='block_1_39' title="bbox 2172 804 3829 888">
    <p class='ocr_par' dir='ltr' id='par_1_39' title="bbox 2172 804 3829 888">
     <span class='ocr_line' id='line_1_39' title="bbox 2172 804 3829 888; baseline 0.004 -25"><span class='ocrx_word' id='word_1_281' title='bbox 2172 810 2316 864; x_wconf 82' lang='grc' dir='ltr'>τείαν</span> <span class='ocrx_word' id='word_1_282' title='bbox 2400 808 2708 876; x_wconf 81' lang='grc' dir='ltr'>ἀκουστέον,</span> <span class='ocrx_word' id='word_1_283' title='bbox 2778 813 2854 874; x_wconf 83' lang='grc' dir='ltr'>ὡς</span> <span class='ocrx_word' id='word_1_284' title='bbox 2911 813 3056 888; x_wconf 71' lang='grc' dir='ltr'>παρὰ</span> <span class='ocrx_word' id='word_1_285' title='bbox 3111 817 3190 886; x_wconf 81' lang='grc' dir='ltr'>τῷ</span> <span class='ocrx_word' id='word_1_286' title='bbox 3249 813 3440 884; x_wconf 79' lang='grc' dir='ltr'>Ἱισαΐᾳ</span> <span class='ocrx_word' id='word_1_287' title='bbox 3517 839 3544 866; x_wconf 89' lang='grc'>‹‹</span> <span class='ocrx_word' id='word_1_288' title='bbox 3600 817 3717 872; x_wconf 81' lang='grc' dir='ltr'>Ἵνα</span> <span class='ocrx_word' id='word_1_289' title='bbox 3773 804 3829 870; x_wconf 83' lang='grc' dir='ltr'>τί</span> 
     </span>
    </p>
   </div>
   <div class='ocr_carea' id='block_1_40' title="bbox 2175 900 3826 976">
    <p class='ocr_par' dir='ltr' id='par_1_40' title="bbox 2175 900 3826 976">
     <span class='ocr_line' id='line_1_40' title="bbox 2175 900 3826 976; baseline 0.003 -20"><span class='ocrx_word' id='word_1_290' title='bbox 2175 900 2486 972; x_wconf 83' lang='grc' dir='ltr'>ἐπλάνησαν</span> <span class='ocrx_word' id='word_1_291' title='bbox 2521 905 2668 976; x_wconf 71' lang='grc' dir='ltr'>ἡμᾶς</span> <span class='ocrx_word' id='word_1_292' title='bbox 2699 903 2807 959; x_wconf 84' lang='grc' dir='ltr'>ἀπὸ</span> <span class='ocrx_word' id='word_1_293' title='bbox 2838 911 2936 974; x_wconf 72' lang='grc' dir='ltr'>τῆς</span> <span class='ocrx_word' id='word_1_294' title='bbox 2997 901 3127 960; x_wconf 77' lang='grc' dir='ltr'>ὁδοῦ</span> <span class='ocrx_word' id='word_1_295' title='bbox 3169 925 3306 974; x_wconf 85' lang='grc' dir='ltr'>σου;</span> <span class='ocrx_word' id='word_1_296' title='bbox 3343 929 3371 956; x_wconf 86' lang='grc'>››</span> <span class='ocrx_word' id='word_1_297' title='bbox 3427 907 3673 961; x_wconf 86' lang='grc' dir='ltr'>τουτέστι</span> <span class='ocrx_word' id='word_1_298' title='bbox 3725 913 3826 976; x_wconf 76' lang='grc' dir='ltr'>τῆς</span> 
     </span>
    </p>
   </div>
   <div class='ocr_carea' id='block_1_41' title="bbox 2174 993 3820 1067">
    <p class='ocr_par' dir='ltr' id='par_1_41' title="bbox 2174 993 3820 1067">
     <span class='ocr_line' id='line_1_41' title="bbox 2174 993 3820 1067; baseline 0.002 -19"><span class='ocrx_word' id='word_1_299' title='bbox 2174 997 2308 1051; x_wconf 83' lang='grc' dir='ltr'>κατὰ</span> <span class='ocrx_word' id='word_1_300' title='bbox 2349 997 2407 1052; x_wconf 69' lang='grc' dir='ltr'>σε</span> <span class='ocrx_word' id='word_1_301' title='bbox 2463 993 2767 1058; x_wconf 82' lang='grc' dir='ltr'>πολιτείας.</span> <span class='ocrx_word' id='word_1_302' title='bbox 2830 997 3020 1060; x_wconf 75' lang='grc' dir='ltr'>Πῧτως</span> <span class='ocrx_word' id='word_1_303' title='bbox 3078 997 3169 1051; x_wconf 84' lang='grc' dir='ltr'>οὗν</span> <span class='ocrx_word' id='word_1_304' title='bbox 3232 995 3454 1061; x_wconf 76' lang='grc' dir='ltr'>ἐνταῦθα</span> <span class='ocrx_word' id='word_1_305' title='bbox 3509 995 3665 1066; x_wconf 82' lang='grc' dir='ltr'>ὁδὸν,</span> <span class='ocrx_word' id='word_1_306' title='bbox 3721 999 3820 1067; x_wconf 78' lang='grc' dir='ltr'>τήν</span> 
     </span>
    </p>
   </div>
   <div class='ocr_carea' id='block_1_42' title="bbox 2175 1084 3826 1165">
    <p class='ocr_par' dir='ltr' id='par_1_42' title="bbox 2175 1084 3826 1165">
     <span class='ocr_line' id='line_1_42' title="bbox 2175 1084 3826 1165; baseline 0.002 -26"><span class='ocrx_word' id='word_1_307' title='bbox 2175 1087 2310 1142; x_wconf 86' lang='grc' dir='ltr'>κατᾶ</span> <span class='ocrx_word' id='word_1_308' title='bbox 2343 1087 2572 1165; x_wconf 82' lang='grc' dir='ltr'>Χριστὸν</span> <span class='ocrx_word' id='word_1_309' title='bbox 2603 1086 2720 1141; x_wconf 78' lang='grc' dir='ltr'>εἶπε</span> <span class='ocrx_word' id='word_1_310' title='bbox 2759 1084 3038 1142; x_wconf 80' lang='grc' dir='ltr'>πολιτείαν</span> <span class='ocrx_word' id='word_1_311' title='bbox 3096 1086 3193 1142; x_wconf 83' lang='grc' dir='ltr'>Καὶ</span> <span class='ocrx_word' id='word_1_312' title='bbox 3225 1085 3278 1142; x_wconf 83' lang='grc' dir='ltr'>ἐν</span> <span class='ocrx_word' id='word_1_313' title='bbox 3308 1089 3392 1151; x_wconf 81' lang='grc' dir='ltr'>οἷς</span> <span class='ocrx_word' id='word_1_314' title='bbox 3441 1085 3633 1150; x_wconf 73' lang='grc' dir='ltr'>ἄλλοις</span> <span class='ocrx_word' id='word_1_315' title='bbox 3695 1086 3826 1144; x_wconf 75' lang='grc' dir='ltr'>ὀδοῦ</span> 
     </span>
    </p>
   </div>
   <div class='ocr_carea' id='block_1_43' title="bbox 2183 1175 3826 1252">
    <p class='ocr_par' dir='ltr' id='par_1_43' title="bbox 2183 1175 3826 1252">
     <span class='ocr_line' id='line_1_43' title="bbox 2183 1175 3826 1252; baseline 0.002 -24"><span class='ocrx_word' id='word_1_316' title='bbox 2183 1176 2536 1249; x_wconf 73' lang='grc' dir='ltr'>μνημονεύει,</span> <span class='ocrx_word' id='word_1_317' title='bbox 2568 1177 2630 1230; x_wconf 88' lang='grc' dir='ltr'>τὸ</span> <span class='ocrx_word' id='word_1_318' title='bbox 2661 1175 2798 1230; x_wconf 79' lang='grc' dir='ltr'>κατα</span> <span class='ocrx_word' id='word_1_319' title='bbox 2827 1177 3060 1251; x_wconf 82' lang='grc' dir='ltr'>Χριστὸν</span> <span class='ocrx_word' id='word_1_320' title='bbox 3109 1178 3372 1252; x_wconf 75' lang='grc' dir='ltr'>κήρυγμα</span> <span class='ocrx_word' id='word_1_321' title='bbox 3417 1177 3505 1232; x_wconf 75' lang='grc' dir='ltr'>καὶ</span> <span class='ocrx_word' id='word_1_322' title='bbox 3552 1179 3652 1246; x_wconf 73' lang='grc' dir='ltr'>την</span> <span class='ocrx_word' id='word_1_323' title='bbox 3708 1177 3826 1232; x_wconf 87' lang='grc' dir='ltr'>κατ’</span> 
     </span>
    </p>
   </div>
   <div class='ocr_carea' id='block_1_44' title="bbox 2175 1262 3830 1339">
    <p class='ocr_par' dir='ltr' id='par_1_44' title="bbox 2175 1262 3830 1339">
     <span class='ocr_line' id='line_1_44' title="bbox 2175 1262 3830 1339; baseline 0.002 -20"><span class='ocrx_word' id='word_1_324' title='bbox 2175 1265 2334 1320; x_wconf 78' lang='grc' dir='ltr'>αὐτὸν</span> <span class='ocrx_word' id='word_1_325' title='bbox 2369 1267 2620 1339; x_wconf 76' lang='grc' dir='ltr'>σημαίνει</span> <span class='ocrx_word' id='word_1_326' title='bbox 2673 1262 2956 1321; x_wconf 80' lang='grc' dir='ltr'>πολιτείαν</span> <span class='ocrx_word' id='word_1_327' title='bbox 3037 1267 3196 1328; x_wconf 86' lang='grc' dir='ltr'>Ἴσως</span> <span class='ocrx_word' id='word_1_328' title='bbox 3243 1267 3335 1322; x_wconf 85' lang='grc' dir='ltr'>καὶ</span> <span class='ocrx_word' id='word_1_329' title='bbox 3386 1267 3461 1329; x_wconf 85' lang='grc' dir='ltr'>ὡς</span> <span class='ocrx_word' id='word_1_330' title='bbox 3521 1265 3830 1337; x_wconf 70' lang='grc' dir='ltr'>εὐτελίζον-</span> 
     </span>
    </p>
   </div>
   <div class='ocr_carea' id='block_1_45' title="bbox 2179 1353 3828 1433">
    <p class='ocr_par' dir='ltr' id='par_1_45' title="bbox 2179 1353 3828 1433">
     <span class='ocr_line' id='line_1_45' title="bbox 2179 1353 3828 1433; baseline 0.001 -23"><span class='ocrx_word' id='word_1_331' title='bbox 2179 1376 2265 1417; x_wconf 93' lang='grc' dir='ltr'>τες</span> <span class='ocrx_word' id='word_1_332' title='bbox 2297 1355 2385 1410; x_wconf 83' lang='grc' dir='ltr'>καὶ</span> <span class='ocrx_word' id='word_1_333' title='bbox 2420 1353 2763 1430; x_wconf 68' lang='grc' dir='ltr'>διασύροντες</span> <span class='ocrx_word' id='word_1_334' title='bbox 2821 1355 2994 1418; x_wconf 79' lang='grc' dir='ltr'>οὓτως</span> <span class='ocrx_word' id='word_1_335' title='bbox 3040 1355 3234 1420; x_wconf 83' lang='grc' dir='ltr'>αὐτοὺς</span> <span class='ocrx_word' id='word_1_336' title='bbox 3281 1355 3532 1412; x_wconf 79' lang='grc' dir='ltr'>ἐκάλουν.</span> <span class='ocrx_word' id='word_1_337' title='bbox 3583 1357 3681 1411; x_wconf 84' lang='grc' dir='ltr'>Καὶ</span> <span class='ocrx_word' id='word_1_338' title='bbox 3727 1359 3828 1433; x_wconf 75' lang='grc' dir='ltr'>γὰρ</span> 
     </span>
    </p>
   </div>
   <div class='ocr_carea' id='block_1_46' title="bbox 2176 1443 3832 1522">
    <p class='ocr_par' dir='ltr' id='par_1_46' title="bbox 2176 1443 3832 1522">
     <span class='ocr_line' id='line_1_46' title="bbox 2176 1443 3832 1522; baseline 0.001 -22"><span class='ocrx_word' id='word_1_339' title='bbox 2176 1445 2266 1500; x_wconf 87' lang='grc' dir='ltr'>τὸν</span> <span class='ocrx_word' id='word_1_340' title='bbox 2299 1443 2492 1519; x_wconf 81' lang='grc' dir='ltr'>ἃτιμον</span> <span class='ocrx_word' id='word_1_341' title='bbox 2527 1445 2747 1500; x_wconf 83' lang='grc' dir='ltr'>εἰώθασι</span> <span class='ocrx_word' id='word_1_342' title='bbox 2797 1444 2983 1500; x_wconf 80' lang='grc' dir='ltr'>καλεῖν</span> <span class='ocrx_word' id='word_1_343' title='bbox 3043 1443 3329 1522; x_wconf 74' lang='grc' dir='ltr'>ἄνθρωπον</span> <span class='ocrx_word' id='word_1_344' title='bbox 3389 1445 3439 1517; x_wconf 76' lang='grc' dir='ltr'>ἐξ</span> <span class='ocrx_word' id='word_1_345' title='bbox 3503 1444 3653 1504; x_wconf 75' lang='grc' dir='ltr'>ὁδοῦ.</span> <span class='ocrx_word' id='word_1_346' title='bbox 3715 1447 3832 1504; x_wconf 80' lang='grc' dir='ltr'>Οὐκ</span> 
     </span>
    </p>
   </div>
   <div class='ocr_carea' id='block_1_47' title="bbox 2175 1531 3832 1612">
    <p class='ocr_par' dir='ltr' id='par_1_47' title="bbox 2175 1531 3832 1612">
     <span class='ocr_line' id='line_1_47' title="bbox 2175 1531 3832 1612; baseline 0.002 -24"><span class='ocrx_word' id='word_1_347' title='bbox 2175 1531 2408 1604; x_wconf 69' lang='grc' dir='ltr'>ἐζήτησε</span> <span class='ocrx_word' id='word_1_348' title='bbox 2439 1531 2496 1590; x_wconf 76' lang='grc' dir='ltr'>δὲ</span> <span class='ocrx_word' id='word_1_349' title='bbox 2527 1534 2769 1605; x_wconf 74' lang='grc' dir='ltr'>ἐξουσίαν</span> <span class='ocrx_word' id='word_1_350' title='bbox 2800 1533 2910 1590; x_wconf 80' lang='grc' dir='ltr'>ἐκεῖ</span> <span class='ocrx_word' id='word_1_351' title='bbox 2959 1537 3376 1612; x_wconf 66' lang='grc' dir='ltr'>τιμωρήσασθαι</span> <span class='ocrx_word' id='word_1_352' title='bbox 3433 1536 3648 1606; x_wconf 77' lang='grc' dir='ltr'>αὐτοὺς,</span> <span class='ocrx_word' id='word_1_353' title='bbox 3703 1534 3832 1592; x_wconf 83' lang='grc' dir='ltr'>ἀλλ’</span> 
     </span>
    </p>
   </div>
   <div class='ocr_carea' id='block_1_48' title="bbox 2177 1622 3828 1700">
    <p class='ocr_par' dir='ltr' id='par_1_48' title="bbox 2177 1622 3828 1700">
     <span class='ocr_line' id='line_1_48' title="bbox 2177 1622 3828 1700; baseline 0.002 -22"><span class='ocrx_word' id='word_1_354' title='bbox 2177 1623 2397 1700; x_wconf 77' lang='grc' dir='ltr'><strong>ἀγαγεῖν</strong></span> <span class='ocrx_word' id='word_1_355' title='bbox 2431 1622 2510 1684; x_wconf 72' lang='grc' dir='ltr'>εἷς</span> <span class='ocrx_word' id='word_1_356' title='bbox 2541 1623 2932 1698; x_wconf 75' lang='grc' dir='ltr'>Ἰερουσαλὴμ,</span> <span class='ocrx_word' id='word_1_357' title='bbox 2964 1625 3049 1681; x_wconf 82' lang='grc' dir='ltr'>δτι</span> <span class='ocrx_word' id='word_1_358' title='bbox 3111 1625 3247 1698; x_wconf 79' lang='grc' dir='ltr'>μετὰ</span> <span class='ocrx_word' id='word_1_359' title='bbox 3298 1624 3556 1688; x_wconf 89' lang='grc' dir='ltr'>πλείονος</span> <span class='ocrx_word' id='word_1_360' title='bbox 3600 1633 3700 1696; x_wconf 78' lang='grc' dir='ltr'>τῆς</span> <span class='ocrx_word' id='word_1_361' title='bbox 3745 1625 3828 1696; x_wconf 80' lang='grc' dir='ltr'>ἒξ-</span> 
     </span>
    </p>
   </div>
   <div class='ocr_carea' id='block_1_49' title="bbox 2177 1712 3830 1788">
    <p class='ocr_par' dir='ltr' id='par_1_49' title="bbox 2177 1712 3830 1788">
     <span class='ocr_line' id='line_1_49' title="bbox 2177 1712 3830 1788; baseline 0.004 -22"><span class='ocrx_word' id='word_1_362' title='bbox 2177 1712 2361 1774; x_wconf 86' lang='grc' dir='ltr'>ουσίας</span> <span class='ocrx_word' id='word_1_363' title='bbox 2391 1717 2558 1766; x_wconf 75' lang='grc' dir='ltr'>ταῦτα</span> <span class='ocrx_word' id='word_1_364' title='bbox 2587 1713 2753 1782; x_wconf 69' lang='grc' dir='ltr'>ἤθελε</span> <span class='ocrx_word' id='word_1_365' title='bbox 2783 1716 3058 1788; x_wconf 84' lang='grc' dir='ltr'>πράττειν.</span> <span class='ocrx_word' id='word_1_366' title='bbox 3094 1716 3184 1770; x_wconf 87' lang='grc' dir='ltr'>Ἐν</span> <span class='ocrx_word' id='word_1_367' title='bbox 3244 1713 3404 1771; x_wconf 84' lang='grc' dir='ltr'>πόλει</span> <span class='ocrx_word' id='word_1_368' title='bbox 3443 1713 3499 1772; x_wconf 80' lang='grc' dir='ltr'>δὲ</span> <span class='ocrx_word' id='word_1_369' title='bbox 3529 1716 3563 1786; x_wconf 79' lang='grc' dir='ltr'><strong>ἠ</strong></span> <span class='ocrx_word' id='word_1_370' title='bbox 3598 1717 3830 1772; x_wconf 84' lang='grc' dir='ltr'>ὸπτασία</span> 
     </span>
    </p>
   </div>
   <div class='ocr_carea' id='block_1_50' title="bbox 2177 1798 3826 1882">
    <p class='ocr_par' dir='ltr' id='par_1_50' title="bbox 2177 1798 3826 1882">
     <span class='ocr_line' id='line_1_50' title="bbox 2177 1798 3826 1882; baseline 0.003 -29"><span class='ocrx_word' id='word_1_371' title='bbox 2177 1798 2238 1853; x_wconf 87' lang='grc' dir='ltr'>οὐ</span> <span class='ocrx_word' id='word_1_372' title='bbox 2264 1799 2494 1874; x_wconf 83' lang='grc' dir='ltr'>γίνεται,</span> <span class='ocrx_word' id='word_1_373' title='bbox 2527 1799 2653 1856; x_wconf 84' lang='grc' dir='ltr'>ἀλλ’</span> <span class='ocrx_word' id='word_1_374' title='bbox 2684 1799 2737 1855; x_wconf 86' lang='grc' dir='ltr'>ἐν</span> <span class='ocrx_word' id='word_1_375' title='bbox 2771 1804 2838 1874; x_wconf 78' lang='grc' dir='ltr'>τῇ</span> <span class='ocrx_word' id='word_1_376' title='bbox 2871 1799 2984 1874; x_wconf 73' lang='grc' dir='ltr'>ὁδῷ</span> <span class='ocrx_word' id='word_1_377' title='bbox 3015 1801 3094 1882; x_wconf 70' lang='grc' dir='ltr'>ἐφ’</span> <span class='ocrx_word' id='word_1_378' title='bbox 3128 1805 3356 1879; x_wconf 74' lang='grc' dir='ltr'>ἠσυχίᾳ,</span> <span class='ocrx_word' id='word_1_379' title='bbox 3415 1804 3492 1866; x_wconf 86' lang='grc' dir='ltr'>ὡς</span> <span class='ocrx_word' id='word_1_380' title='bbox 3523 1805 3599 1877; x_wconf 77' lang='grc' dir='ltr'>μή</span> <span class='ocrx_word' id='word_1_381' title='bbox 3633 1804 3826 1874; x_wconf 80' lang='grc' dir='ltr'>ἐξεῖναι</span> 
     </span>
    </p>
   </div>
   <div class='ocr_carea' id='block_1_51' title="bbox 2179 1889 3824 1968">
    <p class='ocr_par' dir='ltr' id='par_1_51' title="bbox 2179 1889 3824 1968">
     <span class='ocr_line' id='line_1_51' title="bbox 2179 1889 3824 1968; baseline 0.004 -26"><span class='ocrx_word' id='word_1_382' title='bbox 2179 1889 2240 1942; x_wconf 85' lang='grc' dir='ltr'>τὸ</span> <span class='ocrx_word' id='word_1_383' title='bbox 2289 1890 2413 1964; x_wconf 87' lang='grc' dir='ltr'>περὶ</span> <span class='ocrx_word' id='word_1_384' title='bbox 2470 1889 2627 1944; x_wconf 78' lang='grc' dir='ltr'>αὐτὸν</span> <span class='ocrx_word' id='word_1_385' title='bbox 2686 1891 2914 1965; x_wconf 85' lang='grc' dir='ltr'>γεγονὸς</span> <span class='ocrx_word' id='word_1_386' title='bbox 2971 1889 3178 1955; x_wconf 81' lang='grc' dir='ltr'>ἀλλους</span> <span class='ocrx_word' id='word_1_387' title='bbox 3239 1891 3426 1955; x_wconf 79' lang='grc' dir='ltr'>ἁλλως</span> <span class='ocrx_word' id='word_1_388' title='bbox 3494 1890 3824 1968; x_wconf 82' lang='grc' dir='ltr'>διηγεῖσθαι,</span> 
     </span>
    </p>
   </div>
   <div class='ocr_carea' id='block_1_52' title="bbox 2179 1975 3824 2060">
    <p class='ocr_par' dir='ltr' id='par_1_52' title="bbox 2179 1975 3824 2060">
     <span class='ocr_line' id='line_1_52' title="bbox 2179 1975 3824 2060; baseline 0.003 -27"><span class='ocrx_word' id='word_1_389' title='bbox 2179 1975 2310 2033; x_wconf 78' lang='grc' dir='ltr'>ἀλλ’</span> <span class='ocrx_word' id='word_1_390' title='bbox 2335 1978 2494 2040; x_wconf 76' lang='grc' dir='ltr'>αὐτὸς</span> <span class='ocrx_word' id='word_1_391' title='bbox 2535 1979 2845 2049; x_wconf 72' lang='grc' dir='ltr'>ἀξιόπιστος</span> <span class='ocrx_word' id='word_1_392' title='bbox 2879 1978 2959 2052; x_wconf 66' lang='grc' dir='ltr'>εἴη</span> <span class='ocrx_word' id='word_1_393' title='bbox 3000 1978 3308 2060; x_wconf 79' lang='grc' dir='ltr'>διηγεῖσθαι</span> <span class='ocrx_word' id='word_1_394' title='bbox 3340 1983 3414 2044; x_wconf 87' lang='grc' dir='ltr'>ὡς</span> <span class='ocrx_word' id='word_1_395' title='bbox 3440 1981 3531 2038; x_wconf 81' lang='grc' dir='ltr'>καὶ</span> <span class='ocrx_word' id='word_1_396' title='bbox 3567 1984 3666 2053; x_wconf 76' lang='grc' dir='ltr'>τήν</span> <span class='ocrx_word' id='word_1_397' title='bbox 3699 1980 3824 2058; x_wconf 74' lang='grc' dir='ltr'>ὄψιν</span> 
     </span>
    </p>
   </div>
   <div class='ocr_carea' id='block_1_53' title="bbox 2181 2063 3830 2153">
    <p class='ocr_par' dir='ltr' id='par_1_53' title="bbox 2181 2063 3830 2153">
     <span class='ocr_line' id='line_1_53' title="bbox 2181 2063 3830 2153; baseline 0.004 -32"><span class='ocrx_word' id='word_1_398' title='bbox 2181 2063 2331 2136; x_wconf 81' lang='grc' dir='ltr'>ἰδὼν,</span> <span class='ocrx_word' id='word_1_399' title='bbox 2363 2067 2454 2122; x_wconf 85' lang='grc' dir='ltr'>καὶ</span> <span class='ocrx_word' id='word_1_400' title='bbox 2483 2066 2546 2123; x_wconf 70' lang='grc' dir='ltr'>τὰ</span> <span class='ocrx_word' id='word_1_401' title='bbox 2577 2067 2749 2133; x_wconf 78' lang='grc' dir='ltr'>πάθος</span> <span class='ocrx_word' id='word_1_402' title='bbox 2783 2068 3041 2132; x_wconf 84' lang='grc' dir='ltr'>ὑποστάς.</span> <span class='ocrx_word' id='word_1_403' title='bbox 3075 2071 3153 2128; x_wconf 78' lang='grc' dir='ltr'><strong>Οὐ</strong></span> <span class='ocrx_word' id='word_1_404' title='bbox 3183 2073 3386 2134; x_wconf 82' lang='grc' dir='ltr'>πάντας</span> <span class='ocrx_word' id='word_1_405' title='bbox 3440 2069 3496 2128; x_wconf 69' lang='grc' dir='ltr'>δὲ</span> <span class='ocrx_word' id='word_1_406' title='bbox 3547 2071 3751 2153; x_wconf 76' lang='grc' dir='ltr'>τυιρλοῖ</span> <span class='ocrx_word' id='word_1_407' title='bbox 3779 2069 3830 2128; x_wconf 74' lang='grc' dir='ltr'>εἴ</span> 
     </span>
    </p>
   </div>
   <div class='ocr_carea' id='block_1_54' title="bbox 2184 2155 3830 2237">
    <p class='ocr_par' dir='ltr' id='par_1_54' title="bbox 2184 2155 3830 2237">
     <span class='ocr_line' id='line_1_54' title="bbox 2184 2155 3830 2237; baseline 0.003 -26"><span class='ocrx_word' id='word_1_408' title='bbox 2184 2158 2258 2230; x_wconf 77' lang='grc' dir='ltr'>μή</span> <span class='ocrx_word' id='word_1_409' title='bbox 2295 2155 2507 2212; x_wconf 80' lang='grc' dir='ltr'>Παῦλον</span> <span class='ocrx_word' id='word_1_410' title='bbox 2544 2158 2726 2230; x_wconf 79' lang='grc' dir='ltr'>μόνον,</span> <span class='ocrx_word' id='word_1_411' title='bbox 2753 2156 2846 2213; x_wconf 74' lang='grc' dir='ltr'>’ἱνα</span> <span class='ocrx_word' id='word_1_412' title='bbox 2882 2162 2957 2233; x_wconf 78' lang='grc' dir='ltr'>μὴ</span> <span class='ocrx_word' id='word_1_413' title='bbox 3011 2162 3194 2216; x_wconf 88' lang='grc' dir='ltr'>κοινὸν</span> <span class='ocrx_word' id='word_1_414' title='bbox 3238 2161 3329 2216; x_wconf 86' lang='grc' dir='ltr'>καὶ</span> <span class='ocrx_word' id='word_1_415' title='bbox 3377 2161 3452 2224; x_wconf 84' lang='grc' dir='ltr'>ὡς</span> <span class='ocrx_word' id='word_1_416' title='bbox 3500 2162 3606 2217; x_wconf 84' lang='grc' dir='ltr'>ἀπὸ</span> <span class='ocrx_word' id='word_1_417' title='bbox 3650 2162 3830 2237; x_wconf 85' lang='grc' dir='ltr'>τύχης</span> 
     </span>
    </p>
   </div>
   <div class='ocr_carea' id='block_1_55' title="bbox 2179 2245 3826 2325">
    <p class='ocr_par' dir='ltr' id='par_1_55' title="bbox 2179 2245 3826 2325">
     <span class='ocr_line' id='line_1_55' title="bbox 2179 2245 3826 2325; baseline 0.003 -24"><span class='ocrx_word' id='word_1_418' title='bbox 2179 2246 2241 2301; x_wconf 86' lang='grc' dir='ltr'>τὸ</span> <span class='ocrx_word' id='word_1_419' title='bbox 2267 2248 2440 2310; x_wconf 88' lang='grc' dir='ltr'>πάθος</span> <span class='ocrx_word' id='word_1_420' title='bbox 2471 2249 2733 2321; x_wconf 78' lang='grc' dir='ltr'>νομισθῇ,</span> <span class='ocrx_word' id='word_1_421' title='bbox 2764 2245 2912 2304; x_wconf 79' lang='grc' dir='ltr'>ἀλλά</span> <span class='ocrx_word' id='word_1_422' title='bbox 2943 2249 3088 2313; x_wconf 86' lang='grc' dir='ltr'>θείας</span> <span class='ocrx_word' id='word_1_423' title='bbox 3119 2247 3398 2325; x_wconf 81' lang='grc' dir='ltr'>προνοίας.</span> <span class='ocrx_word' id='word_1_424' title='bbox 3433 2250 3529 2306; x_wconf 71' lang='grc' dir='ltr'>Διά</span> <span class='ocrx_word' id='word_1_425' title='bbox 3557 2251 3610 2307; x_wconf 83' lang='lat' dir='ltr'><strong>1i</strong></span> <span class='ocrx_word' id='word_1_426' title='bbox 3660 2247 3717 2306; x_wconf 68' lang='grc' dir='ltr'>δὲ</span> <span class='ocrx_word' id='word_1_427' title='bbox 3749 2251 3826 2320; x_wconf 79' lang='grc' dir='ltr'>μὴ</span> 
     </span>
    </p>
   </div>
   <div class='ocr_carea' id='block_1_56' title="bbox 2178 2333 3830 2410">
    <p class='ocr_par' dir='ltr' id='par_1_56' title="bbox 2178 2333 3830 2410">
     <span class='ocr_line' id='line_1_56' title="bbox 2178 2333 3830 2410; baseline 0.004 -21"><span class='ocrx_word' id='word_1_428' title='bbox 2178 2333 2492 2390; x_wconf 81' lang='grc' dir='ltr'>ἐπίστευσαν</span> <span class='ocrx_word' id='word_1_429' title='bbox 2556 2337 2607 2391; x_wconf 78' lang='grc' dir='ltr'>οἱ</span> <span class='ocrx_word' id='word_1_430' title='bbox 2669 2336 2760 2392; x_wconf 81' lang='grc' dir='ltr'>σὺν</span> <span class='ocrx_word' id='word_1_431' title='bbox 2835 2336 3026 2410; x_wconf 76' lang='grc' dir='ltr'>αὖτῷς</span> <span class='ocrx_word' id='word_1_432' title='bbox 3116 2340 3228 2394; x_wconf 84' lang='grc' dir='ltr'>Ἵνα</span> <span class='ocrx_word' id='word_1_433' title='bbox 3311 2340 3441 2394; x_wconf 83' lang='grc' dir='ltr'>ὦσιν</span> <span class='ocrx_word' id='word_1_434' title='bbox 3523 2339 3830 2410; x_wconf 81' lang='grc' dir='ltr'>ἀξιόπιστοι</span> 
     </span>
    </p>
   </div>
   <div class='ocr_carea' id='block_1_57' title="bbox 2183 2425 3826 2504">
    <p class='ocr_par' dir='ltr' id='par_1_57' title="bbox 2183 2425 3826 2504">
     <span class='ocr_line' id='line_1_57' title="bbox 2183 2425 3826 2504; baseline 0.003 -27"><span class='ocrx_word' id='word_1_435' title='bbox 2183 2428 2577 2500; x_wconf 68' lang='grc' dir='ltr'>μαρτυροῦντες</span> <span class='ocrx_word' id='word_1_436' title='bbox 2609 2426 2670 2480; x_wconf 87' lang='grc' dir='ltr'>τὸ</span> <span class='ocrx_word' id='word_1_437' title='bbox 2727 2425 2848 2503; x_wconf 83' lang='grc' dir='ltr'>περὶ</span> <span class='ocrx_word' id='word_1_438' title='bbox 2912 2425 3149 2484; x_wconf 76' lang='grc' dir='ltr'>Παῦλον.</span> <span class='ocrx_word' id='word_1_439' title='bbox 3210 2427 3275 2486; x_wconf 81' lang='lat' dir='ltr'>Ei</span> <span class='ocrx_word' id='word_1_440' title='bbox 3329 2429 3430 2504; x_wconf 82' lang='grc' dir='ltr'>γὰρ</span> <span class='ocrx_word' id='word_1_441' title='bbox 3489 2429 3826 2499; x_wconf 81' lang='grc' dir='ltr'>ἐπίστευσαν,</span> 
     </span>
    </p>
   </div>
   <div class='ocr_carea' id='block_1_58' title="bbox 2181 2511 3828 2593">
    <p class='ocr_par' dir='ltr' id='par_1_58' title="bbox 2181 2511 3828 2593">
     <span class='ocr_line' id='line_1_58' title="bbox 2181 2511 3828 2593; baseline 0.003 -25"><span class='ocrx_word' id='word_1_442' title='bbox 2181 2511 2366 2584; x_wconf 77' lang='grc' dir='ltr'>ἔδοξαν</span> <span class='ocrx_word' id='word_1_443' title='bbox 2397 2515 2456 2569; x_wconf 82' lang='grc' dir='ltr'>ἂν</span> <span class='ocrx_word' id='word_1_444' title='bbox 2509 2515 2646 2590; x_wconf 79' lang='grc' dir='ltr'>πρὸς</span> <span class='ocrx_word' id='word_1_445' title='bbox 2704 2519 2866 2592; x_wconf 88' lang='grc' dir='ltr'>χάριν</span> <span class='ocrx_word' id='word_1_446' title='bbox 2929 2523 3242 2593; x_wconf 82' lang='grc' dir='ltr'>μαρτυρεῖν.</span> <span class='ocrx_word' id='word_1_447' title='bbox 3299 2519 3677 2581; x_wconf 79' lang='grc' dir='ltr'>«Ἀκούοντες</span> <span class='ocrx_word' id='word_1_448' title='bbox 3731 2519 3828 2592; x_wconf 77' lang='grc' dir='ltr'>μὶν</span> 
     </span>
    </p>
   </div>
   <div class='ocr_carea' id='block_1_59' title="bbox 2181 2604 3828 2690">
    <p class='ocr_par' dir='ltr' id='par_1_59' title="bbox 2181 2604 3828 2690">
     <span class='ocr_line' id='line_1_59' title="bbox 2181 2604 3828 2690; baseline 0.002 -30"><span class='ocrx_word' id='word_1_449' title='bbox 2181 2611 2281 2674; x_wconf 73' lang='grc' dir='ltr'>τῆς</span> <span class='ocrx_word' id='word_1_450' title='bbox 2333 2613 2540 2682; x_wconf 67' lang='grc' dir='ltr'>φωνῆς.</span> <span class='ocrx_word' id='word_1_451' title='bbox 2576 2629 2602 2655; x_wconf 55' lang='lat' dir='ltr'>ai</span> <span class='ocrx_word' id='word_1_452' title='bbox 2661 2605 2738 2664; x_wconf 82' lang='grc' dir='ltr'>Οὐ</span> <span class='ocrx_word' id='word_1_453' title='bbox 2796 2608 2894 2674; x_wconf 69' lang='grc' dir='ltr'>τῆς</span> <span class='ocrx_word' id='word_1_454' title='bbox 2953 2604 3155 2672; x_wconf 81' lang='grc' dir='ltr'>ἃνωθεν</span> <span class='ocrx_word' id='word_1_455' title='bbox 3237 2609 3474 2678; x_wconf 76' lang='grc' dir='ltr'>ἤκουσαν</span> <span class='ocrx_word' id='word_1_456' title='bbox 3533 2616 3716 2690; x_wconf 73' lang='grc' dir='ltr'>φωνῆς</span> <span class='ocrx_word' id='word_1_457' title='bbox 3774 2612 3828 2666; x_wconf 82' lang='grc' dir='ltr'>οἱ</span> 
     </span>
    </p>
   </div>
   <div class='ocr_carea' id='block_1_60' title="bbox 2182 2694 3829 2770">
    <p class='ocr_par' dir='ltr' id='par_1_60' title="bbox 2182 2694 3829 2770">
     <span class='ocr_line' id='line_1_60' title="bbox 2182 2694 3829 2770; baseline 0.004 -22"><span class='ocrx_word' id='word_1_458' title='bbox 2182 2694 2427 2756; x_wconf 74' lang='grc' dir='ltr'>συνόντες</span> <span class='ocrx_word' id='word_1_459' title='bbox 2451 2699 2531 2766; x_wconf 78' lang='grc' dir='ltr'>τῷ</span> <span class='ocrx_word' id='word_1_460' title='bbox 2564 2696 2784 2770; x_wconf 71' lang='grc' dir='ltr'>Παύλῳ,</span> <span class='ocrx_word' id='word_1_461' title='bbox 2825 2695 2971 2752; x_wconf 85' lang='grc' dir='ltr'>ἀλλᾶ</span> <span class='ocrx_word' id='word_1_462' title='bbox 3026 2704 3126 2766; x_wconf 78' lang='grc' dir='ltr'>τῆς</span> <span class='ocrx_word' id='word_1_463' title='bbox 3160 2701 3258 2753; x_wconf 75' lang='grc' dir='ltr'>τοῦ</span> <span class='ocrx_word' id='word_1_464' title='bbox 3321 2697 3560 2754; x_wconf 79' lang='grc' dir='ltr'>Παύλου.</span> <span class='ocrx_word' id='word_1_465' title='bbox 3622 2696 3829 2756; x_wconf 71' lang='grc' dir='ltr'>Οὸδένα</span> 
     </span>
    </p>
   </div>
   <div class='ocr_carea' id='block_1_61' title="bbox 2183 2777 3826 2862">
    <p class='ocr_par' dir='ltr' id='par_1_61' title="bbox 2183 2777 3826 2862">
     <span class='ocr_line' id='line_1_61' title="bbox 2183 2777 3826 2862; baseline 0.004 -26"><span class='ocrx_word' id='word_1_466' title='bbox 2183 2777 2240 2836; x_wconf 74' lang='grc' dir='ltr'>δὲ</span> <span class='ocrx_word' id='word_1_467' title='bbox 2268 2781 2534 2858; x_wconf 80' lang='grc' dir='ltr'>ἐθεώρουν</span> <span class='ocrx_word' id='word_1_468' title='bbox 2567 2783 2702 2858; x_wconf 85' lang='grc' dir='ltr'>πρὸς</span> <span class='ocrx_word' id='word_1_469' title='bbox 2737 2781 2795 2839; x_wconf 78' lang='grc' dir='ltr'>ὅν</span> <span class='ocrx_word' id='word_1_470' title='bbox 2827 2783 3172 2858; x_wconf 84' lang='grc' dir='ltr'>ἁπεκρίνατο·</span> <span class='ocrx_word' id='word_1_471' title='bbox 3230 2788 3258 2842; x_wconf 85' lang='grc' dir='ltr'><strong>ὁ</strong></span> <span class='ocrx_word' id='word_1_472' title='bbox 3285 2784 3341 2842; x_wconf 73' lang='grc' dir='ltr'>δὲ</span> <span class='ocrx_word' id='word_1_473' title='bbox 3388 2788 3604 2852; x_wconf 78' lang='grc' dir='ltr'>ΙΙαῦλος</span> <span class='ocrx_word' id='word_1_474' title='bbox 3653 2787 3826 2862; x_wconf 68' lang='grc' dir='ltr'>μόνος</span> 
     </span>
    </p>
   </div>
   <div class='ocr_carea' id='block_1_62' title="bbox 2179 2871 3828 2954">
    <p class='ocr_par' dir='ltr' id='par_1_62' title="bbox 2179 2871 3828 2954">
     <span class='ocr_line' id='line_1_62' title="bbox 2179 2871 3828 2954; baseline 0.005 -29"><span class='ocrx_word' id='word_1_475' title='bbox 2179 2879 2280 2940; x_wconf 77' lang='grc' dir='ltr'>τῆς</span> <span class='ocrx_word' id='word_1_476' title='bbox 2309 2871 2534 2929; x_wconf 79' lang='grc' dir='ltr'>ἂνωθεν.</span> <span class='ocrx_word' id='word_1_477' title='bbox 2571 2874 2671 2930; x_wconf 72' lang='grc' dir='ltr'>Καὶ</span> <span class='ocrx_word' id='word_1_478' title='bbox 2725 2873 2828 2951; x_wconf 74' lang='grc' dir='ltr'>γὰρ</span> <span class='ocrx_word' id='word_1_479' title='bbox 2877 2873 3085 2948; x_wconf 84' lang='grc' dir='ltr'>προϊὼν</span> <span class='ocrx_word' id='word_1_480' title='bbox 3143 2876 3306 2931; x_wconf 80' lang='grc' dir='ltr'>αὑτὸν</span> <span class='ocrx_word' id='word_1_481' title='bbox 3363 2875 3560 2951; x_wconf 68' lang='grc' dir='ltr'>εἰσάγει</span> <span class='ocrx_word' id='word_1_482' title='bbox 3601 2875 3828 2954; x_wconf 85' lang='grc' dir='ltr'>λέγοντα</span> 
     </span>
    </p>
   </div>
   <div class='ocr_carea' id='block_1_63' title="bbox 2180 2959 3826 3046">
    <p class='ocr_par' dir='ltr' id='par_1_63' title="bbox 2180 2959 3826 3046">
     <span class='ocr_line' id='line_1_63' title="bbox 2180 2959 3826 3046; baseline 0.004 -29"><span class='ocrx_word' id='word_1_483' title='bbox 2180 2961 2272 3017; x_wconf 83' lang='grc' dir='ltr'>τὸν</span> <span class='ocrx_word' id='word_1_484' title='bbox 2309 2959 2522 3016; x_wconf 78' lang='grc' dir='ltr'>Παῦλον</span> <span class='ocrx_word' id='word_1_485' title='bbox 2609 2964 2732 3021; x_wconf 72' lang='grc' dir='ltr'>«υἱ</span> <span class='ocrx_word' id='word_1_486' title='bbox 2791 2961 2848 3019; x_wconf 74' lang='grc' dir='ltr'>δὲ</span> <span class='ocrx_word' id='word_1_487' title='bbox 2897 2965 2989 3019; x_wconf 80' lang='grc' dir='ltr'>σὺν</span> <span class='ocrx_word' id='word_1_488' title='bbox 3043 2965 3167 3038; x_wconf 79' lang='grc' dir='ltr'>ἐμοὶ</span> <span class='ocrx_word' id='word_1_489' title='bbox 3224 2965 3372 3030; x_wconf 79' lang='grc' dir='ltr'>ὄντες</span> <span class='ocrx_word' id='word_1_490' title='bbox 3428 2968 3490 3022; x_wconf 87' lang='grc' dir='ltr'>τὸ</span> <span class='ocrx_word' id='word_1_491' title='bbox 3551 2969 3646 3040; x_wconf 78' lang='grc' dir='ltr'>μὶν</span> <span class='ocrx_word' id='word_1_492' title='bbox 3709 2973 3826 3046; x_wconf 73' lang='grc' dir='ltr'>φῶς</span> 
     </span>
    </p>
   </div>
   <div class='ocr_carea' id='block_1_64' title="bbox 2180 3048 3830 3132">
    <p class='ocr_par' dir='ltr' id='par_1_64' title="bbox 2180 3048 3830 3132">
     <span class='ocr_line' id='line_1_64' title="bbox 2180 3048 3830 3132; baseline 0.005 -27"><span class='ocrx_word' id='word_1_493' title='bbox 2180 3049 2483 3121; x_wconf 74' lang='grc' dir='ltr'>ἐθεάσαντο,</span> <span class='ocrx_word' id='word_1_494' title='bbox 2515 3052 2604 3108; x_wconf 80' lang='grc' dir='ltr'>καὶ</span> <span class='ocrx_word' id='word_1_495' title='bbox 2637 3048 2874 3126; x_wconf 66' lang='grc' dir='ltr'>ἔμφοϐοι</span> <span class='ocrx_word' id='word_1_496' title='bbox 2915 3053 3180 3130; x_wconf 79' lang='grc' dir='ltr'>ἐγένοντο,</span> <span class='ocrx_word' id='word_1_497' title='bbox 3233 3057 3334 3126; x_wconf 79' lang='grc' dir='ltr'>τὴν</span> <span class='ocrx_word' id='word_1_498' title='bbox 3387 3054 3444 3112; x_wconf 74' lang='grc' dir='ltr'>δὲ</span> <span class='ocrx_word' id='word_1_499' title='bbox 3492 3061 3681 3132; x_wconf 71' lang='grc' dir='ltr'>φωνην</span> <span class='ocrx_word' id='word_1_500' title='bbox 3727 3059 3830 3114; x_wconf 85' lang='grc' dir='ltr'>οὑκ</span> 
     </span>
    </p>
   </div>
   <div class='ocr_carea' id='block_1_65' title="bbox 2180 3138 3828 3227">
    <p class='ocr_par' dir='ltr' id='par_1_65' title="bbox 2180 3138 3828 3227">
     <span class='ocr_line' id='line_1_65' title="bbox 2180 3138 3828 3227; baseline 0.005 -32"><span class='ocrx_word' id='word_1_501' title='bbox 2180 3138 2416 3227; x_wconf 71' lang='grc' dir='ltr'>ἤκουσαν</span> <span class='ocrx_word' id='word_1_502' title='bbox 2458 3147 2563 3227; x_wconf 34' lang='grc' dir='ltr'>τοῦ.</span> <span class='ocrx_word' id='word_1_503' title='bbox 2614 3143 2912 3227; x_wconf 64' lang='grc' dir='ltr'>λαλούντός</span> <span class='ocrx_word' id='word_1_504' title='bbox 2973 3166 3090 3218; x_wconf 88' lang='grc' dir='ltr'>μοι.</span> <span class='ocrx_word' id='word_1_505' title='bbox 3127 3171 3154 3197; x_wconf 80' lang='grc' dir='ltr'>υ</span> <span class='ocrx_word' id='word_1_506' title='bbox 3209 3145 3272 3203; x_wconf 83' lang='grc' dir='ltr'>Εἰ</span> <span class='ocrx_word' id='word_1_507' title='bbox 3330 3147 3434 3220; x_wconf 72' lang='grc' dir='ltr'>γάρ</span> <span class='ocrx_word' id='word_1_508' title='bbox 3485 3151 3582 3216; x_wconf 73' lang='grc' dir='ltr'>τῆς</span> <span class='ocrx_word' id='word_1_509' title='bbox 3639 3157 3828 3227; x_wconf 72' lang='grc' dir='ltr'>φωνῆς</span> 
     </span>
    </p>
   </div>
   <div class='ocr_carea' id='block_1_66' title="bbox 419 3213 2066 3308">
    <p class='ocr_par' dir='ltr' id='par_1_66' title="bbox 419 3231 2062 3308">
     <span class='ocr_line' id='line_1_66' title="bbox 419 3231 2062 3308; baseline -0.007 -15"><span class='ocrx_word' id='word_1_510' title='bbox 419 3255 556 3294; x_wconf 90' lang='lat' dir='ltr'>men</span> <span class='ocrx_word' id='word_1_511' title='bbox 589 3237 825 3308; x_wconf 87' lang='lat' dir='ltr'>quidem</span> <span class='ocrx_word' id='word_1_512' title='bbox 859 3236 1136 3290; x_wconf 89' lang='lat' dir='ltr'>viderunt</span> <span class='ocrx_word' id='word_1_513' title='bbox 1167 3239 1224 3287; x_wconf 90' lang='lat' dir='ltr'>et</span> <span class='ocrx_word' id='word_1_514' title='bbox 1259 3231 1522 3286; x_wconf 85' lang='lat' dir='ltr'>exterriti</span> <span class='ocrx_word' id='word_1_515' title='bbox 1548 3235 1708 3290; x_wconf 86' lang='lat' dir='ltr'>sunt.</span> <span class='ocrx_word' id='word_1_516' title='bbox 1740 3243 1940 3283; x_wconf 90' lang='lat' dir='ltr'>vocem</span> <span class='ocrx_word' id='word_1_517' title='bbox 1969 3243 2062 3282; x_wconf 86' lang='lat' dir='ltr'>au~</span> 
     </span>
    </p>
   </div>
   <div class='ocr_carea' id='block_1_67' title="bbox 2182 3213 3831 3308">
    <p class='ocr_par' dir='ltr' id='par_1_67' title="bbox 2182 3213 3831 3300">
     <span class='ocr_line' id='line_1_67' title="bbox 2182 3213 3831 3300; baseline 0.004 -20"><span class='ocrx_word' id='word_1_518' title='bbox 2182 3225 2417 3295; x_wconf 70' lang='grc' dir='ltr'>ἤκουσαν</span> <span class='ocrx_word' id='word_1_519' title='bbox 2455 3225 2687 3298; x_wconf 79' lang='grc' dir='ltr'>ἐκείνης,</span> <span class='ocrx_word' id='word_1_520' title='bbox 2723 3226 2822 3283; x_wconf 84' lang='grc' dir='ltr'>οὐκ</span> <span class='ocrx_word' id='word_1_521' title='bbox 2851 3225 2911 3282; x_wconf 80' lang='grc' dir='ltr'>ἃν</span> <span class='ocrx_word' id='word_1_522' title='bbox 2965 3229 3293 3300; x_wconf 75' lang='grc' dir='ltr'>ἠπίστησαν.</span> <span class='ocrx_word' id='word_1_523' title='bbox 3336 3213 3440 3288; x_wconf 66' lang='grc' dir='ltr'>Τὸν</span> <span class='ocrx_word' id='word_1_524' title='bbox 3499 3213 3556 3286; x_wconf 64' lang='grc' dir='ltr'>δέ</span> <span class='ocrx_word' id='word_1_525' title='bbox 3611 3213 3831 3288; x_wconf 72' lang='grc' dir='ltr'>Πάὖλον</span> 
     </span>
    </p>
   </div>
   <div class='ocr_carea' id='block_1_68' title="bbox 417 3315 2068 3396">
    <p class='ocr_par' dir='ltr' id='par_1_68' title="bbox 417 3315 2068 3396">
     <span class='ocr_line' id='line_1_68' title="bbox 417 3315 2068 3396; baseline -0.007 -15"><span class='ocrx_word' id='word_1_526' title='bbox 417 3333 536 3382; x_wconf 88' lang='lat' dir='ltr'>tem</span> <span class='ocrx_word' id='word_1_527' title='bbox 561 3343 680 3381; x_wconf 87' lang='lat' dir='ltr'>non</span> <span class='ocrx_word' id='word_1_528' title='bbox 704 3326 1022 3382; x_wconf 90' lang='lat' dir='ltr'>audierunt</span> <span class='ocrx_word' id='word_1_529' title='bbox 1048 3324 1176 3396; x_wconf 85' lang='lat' dir='ltr'>ejus</span> <span class='ocrx_word' id='word_1_530' title='bbox 1199 3322 1298 3391; x_wconf 88' lang='lat' dir='ltr'>qni</span> <span class='ocrx_word' id='word_1_531' title='bbox 1321 3319 1674 3389; x_wconf 86' lang='lat' dir='ltr'>loquebatur</span> <span class='ocrx_word' id='word_1_532' title='bbox 1695 3333 1924 3372; x_wconf 87' lang='lat' dir='ltr'>mecum</span> <span class='ocrx_word' id='word_1_533' title='bbox 1945 3315 2010 3369; x_wconf 73' lang='grc'>⁸⁸.</span> <span class='ocrx_word' id='word_1_534' title='bbox 2041 3339 2068 3364; x_wconf 69' lang='grc' dir='ltr'>ιι</span> 
     </span>
    </p>
   </div>
   <div class='ocr_carea' id='block_1_69' title="bbox 416 3407 2067 3479">
    <p class='ocr_par' dir='ltr' id='par_1_69' title="bbox 416 3407 2067 3479">
     <span class='ocr_line' id='line_1_69' title="bbox 416 3407 2067 3479; baseline -0.007 -7"><span class='ocrx_word' id='word_1_535' title='bbox 416 3417 472 3472; x_wconf 89' lang='lat' dir='ltr'>Si</span> <span class='ocrx_word' id='word_1_536' title='bbox 505 3417 662 3472; x_wconf 86' lang='lat' dir='ltr'>enim</span> <span class='ocrx_word' id='word_1_537' title='bbox 685 3432 882 3471; x_wconf 88' lang='lat' dir='ltr'>vocem</span> <span class='ocrx_word' id='word_1_538' title='bbox 921 3413 1082 3468; x_wconf 91' lang='lat' dir='ltr'>illam</span> <span class='ocrx_word' id='word_1_539' title='bbox 1117 3411 1426 3466; x_wconf 89' lang='lat' dir='ltr'>audissent</span> <span class='ocrx_word' id='word_1_540' title='bbox 1479 3423 1852 3479; x_wconf 88' lang='lat' dir='ltr'>nequaquam</span> <span class='ocrx_word' id='word_1_541' title='bbox 1883 3407 2067 3462; x_wconf 90' lang='lat' dir='ltr'>incre-</span> 
     </span>
    </p>
   </div>
   <div class='ocr_carea' id='block_1_70' title="bbox 417 3496 2066 3577">
    <p class='ocr_par' dir='ltr' id='par_1_70' title="bbox 417 3496 2066 3577">
     <span class='ocr_line' id='line_1_70' title="bbox 417 3496 2066 3577; baseline -0.008 -15"><span class='ocrx_word' id='word_1_542' title='bbox 417 3506 540 3561; x_wconf 90' lang='lat' dir='ltr'>duli</span> <span class='ocrx_word' id='word_1_543' title='bbox 574 3504 1059 3577; x_wconf 80' lang='lat' dir='ltr'>permansissent.</span> <span class='ocrx_word' id='word_1_544' title='bbox 1105 3499 1354 3554; x_wconf 88' lang='lat' dir='ltr'>Paulum</span> <span class='ocrx_word' id='word_1_545' title='bbox 1415 3513 1550 3552; x_wconf 73' lang='lat' dir='ltr'>vero</span> <span class='ocrx_word' id='word_1_546' title='bbox 1605 3496 2066 3567; x_wconf 85' lang='lat' dir='ltr'>respondentem</span> 
     </span>
    </p>
   </div>
   <div class='ocr_carea' id='block_1_71' title="bbox 415 3585 2068 3651">
    <p class='ocr_par' dir='ltr' id='par_1_71' title="bbox 415 3585 2068 3651">
     <span class='ocr_line' id='line_1_71' title="bbox 415 3585 2068 3651; baseline -0.008 0"><span class='ocrx_word' id='word_1_547' title='bbox 415 3597 694 3651; x_wconf 85' lang='lat' dir='ltr'>videntes.</span> <span class='ocrx_word' id='word_1_548' title='bbox 709 3589 1242 3648; x_wconf 71' lang='lat' dir='ltr'>mirabanturldeo</span> <span class='ocrx_word' id='word_1_549' title='bbox 1258 3595 1454 3642; x_wconf 89' lang='lat' dir='ltr'>autem</span> <span class='ocrx_word' id='word_1_550' title='bbox 1471 3586 1582 3640; x_wconf 86' lang='lat' dir='ltr'>hoc</span> <span class='ocrx_word' id='word_1_551' title='bbox 1595 3585 1668 3640; x_wconf 87' lang='lat' dir='ltr'>ab</span> <span class='ocrx_word' id='word_1_552' title='bbox 1689 3585 1857 3639; x_wconf 86' lang='lat' dir='ltr'>initio</span> <span class='ocrx_word' id='word_1_553' title='bbox 1872 3591 2068 3638; x_wconf 87' lang='lat' dir='ltr'>actum</span> 
     </span>
    </p>
   </div>
   <div class='ocr_carea' id='block_1_72' title="bbox 417 3674 2065 3752">
    <p class='ocr_par' dir='ltr' id='par_1_72' title="bbox 417 3674 2065 3752">
     <span class='ocr_line' id='line_1_72' title="bbox 417 3674 2065 3752; baseline -0.009 -10"><span class='ocrx_word' id='word_1_554' title='bbox 417 3703 537 3742; x_wconf 90' lang='lat' dir='ltr'>non</span> <span class='ocrx_word' id='word_1_555' title='bbox 571 3691 678 3752; x_wconf 90' lang='lat' dir='ltr'>est,</span> <span class='ocrx_word' id='word_1_556' title='bbox 713 3683 811 3739; x_wconf 80' lang='lat'>86</span> <span class='ocrx_word' id='word_1_557' title='bbox 845 3687 909 3736; x_wconf 90' lang='lat' dir='ltr'>ut</span> <span class='ocrx_word' id='word_1_558' title='bbox 949 3679 1362 3734; x_wconf 88' lang='lat' dir='ltr'>ostenderelur</span> <span class='ocrx_word' id='word_1_559' title='bbox 1418 3674 1578 3746; x_wconf 90' lang='lat' dir='ltr'>quod</span> <span class='ocrx_word' id='word_1_560' title='bbox 1611 3689 1744 3728; x_wconf 83' lang='lat' dir='ltr'>vere</span> <span class='ocrx_word' id='word_1_561' title='bbox 1799 3688 2065 3728; x_wconf 85' lang='lat' dir='ltr'>surrexe-</span> 
     </span>
    </p>
   </div>
   <div class='ocr_carea' id='block_1_73' title="bbox 414 3761 2068 3839">
    <p class='ocr_par' dir='ltr' id='par_1_73' title="bbox 414 3761 2068 3839">
     <span class='ocr_line' id='line_1_73' title="bbox 414 3761 2068 3839; baseline -0.009 -9"><span class='ocrx_word' id='word_1_562' title='bbox 414 3777 494 3830; x_wconf 89' lang='lat' dir='ltr'>rit</span> <span class='ocrx_word' id='word_1_563' title='bbox 519 3773 806 3830; x_wconf 87' lang='lat' dir='ltr'>Christus.</span> <span class='ocrx_word' id='word_1_564' title='bbox 843 3773 982 3826; x_wconf 80' lang='lat' dir='ltr'>Nam</span> <span class='ocrx_word' id='word_1_565' title='bbox 1017 3770 1066 3824; x_wconf 93' lang='lat' dir='ltr'>is</span> <span class='ocrx_word' id='word_1_566' title='bbox 1100 3767 1200 3839; x_wconf 91' lang='lat' dir='ltr'>qui</span> <span class='ocrx_word' id='word_1_567' title='bbox 1228 3767 1398 3820; x_wconf 91' lang='lat' dir='ltr'>illum</span> <span class='ocrx_word' id='word_1_568' title='bbox 1459 3762 1736 3834; x_wconf 89' lang='lat' dir='ltr'>ejiciebat</span> <span class='ocrx_word' id='word_1_569' title='bbox 1785 3777 1895 3816; x_wconf 90' lang='lat' dir='ltr'>nec</span> <span class='ocrx_word' id='word_1_570' title='bbox 1939 3761 2068 3832; x_wconf 90' lang='lat' dir='ltr'>ejus</span> 
     </span>
    </p>
   </div>
   <div class='ocr_carea' id='block_1_74' title="bbox 2179 3315 3830 3391">
    <p class='ocr_par' dir='ltr' id='par_1_74' title="bbox 2179 3315 3830 3391">
     <span class='ocr_line' id='line_1_74' title="bbox 2179 3315 3830 3391; baseline 0.004 -20"><span class='ocrx_word' id='word_1_571' title='bbox 2179 3317 2410 3390; x_wconf 82' lang='grc' dir='ltr'>ὁρῶντες</span> <span class='ocrx_word' id='word_1_572' title='bbox 2472 3315 2932 3390; x_wconf 74' lang='grc' dir='ltr'>ἀποκρινόμενον,</span> <span class='ocrx_word' id='word_1_573' title='bbox 2992 3317 3320 3391; x_wconf 73' lang='grc' dir='ltr'>ἐθαύμαζον.</span> <span class='ocrx_word' id='word_1_574' title='bbox 3382 3321 3479 3377; x_wconf 84' lang='grc' dir='ltr'>Διὰ</span> <span class='ocrx_word' id='word_1_575' title='bbox 3547 3323 3708 3379; x_wconf 77' lang='grc' dir='ltr'>τοῦτο</span> <span class='ocrx_word' id='word_1_576' title='bbox 3771 3321 3830 3378; x_wconf 73' lang='grc' dir='ltr'>δὲ</span> 
     </span>
    </p>
   </div>
   <div class='ocr_carea' id='block_1_75' title="bbox 2179 3401 3824 3485">
    <p class='ocr_par' dir='ltr' id='par_1_75' title="bbox 2179 3401 3824 3485">
     <span class='ocr_line' id='line_1_75' title="bbox 2179 3401 3824 3485; baseline 0.005 -28"><span class='ocrx_word' id='word_1_577' title='bbox 2179 3401 2281 3458; x_wconf 78' lang='grc' dir='ltr'>οὐκ</span> <span class='ocrx_word' id='word_1_578' title='bbox 2313 3403 2363 3474; x_wconf 80' lang='grc' dir='ltr'>ἐξ</span> <span class='ocrx_word' id='word_1_579' title='bbox 2397 3404 2574 3480; x_wconf 71' lang='grc' dir='ltr'>ἀρχῆς</span> <span class='ocrx_word' id='word_1_580' title='bbox 2607 3403 2768 3460; x_wconf 68' lang='grc' dir='ltr'>τοῦτο</span> <span class='ocrx_word' id='word_1_581' title='bbox 2812 3407 3057 3482; x_wconf 84' lang='grc' dir='ltr'>γέγονεν,</span> <span class='ocrx_word' id='word_1_582' title='bbox 3117 3405 3210 3462; x_wconf 71' lang='grc' dir='ltr'>’ἱνα</span> <span class='ocrx_word' id='word_1_583' title='bbox 3261 3405 3456 3485; x_wconf 82' lang='grc' dir='ltr'>δειχθῇ</span> <span class='ocrx_word' id='word_1_584' title='bbox 3506 3408 3678 3472; x_wconf 78' lang='grc' dir='ltr'>ὅντως</span> <span class='ocrx_word' id='word_1_585' title='bbox 3739 3412 3824 3468; x_wconf 81' lang='grc' dir='ltr'>δτι</span> 
     </span>
    </p>
   </div>
   <div class='ocr_carea' id='block_1_76' title="bbox 2178 3492 3826 3572">
    <p class='ocr_par' dir='ltr' id='par_1_76' title="bbox 2178 3492 3826 3572">
     <span class='ocr_line' id='line_1_76' title="bbox 2178 3492 3826 3572; baseline 0.005 -24"><span class='ocrx_word' id='word_1_586' title='bbox 2178 3492 2370 3564; x_wconf 74' lang='grc' dir='ltr'>ἀνέστη</span> <span class='ocrx_word' id='word_1_587' title='bbox 2431 3493 2685 3568; x_wconf 85' lang='grc' dir='ltr'>Χριστός.</span> <span class='ocrx_word' id='word_1_588' title='bbox 2735 3495 2796 3553; x_wconf 77' lang='grc' dir='ltr'>Ὀ</span> <span class='ocrx_word' id='word_1_589' title='bbox 2843 3496 2944 3572; x_wconf 75' lang='grc' dir='ltr'>γάρ</span> <span class='ocrx_word' id='word_1_590' title='bbox 3003 3496 3238 3553; x_wconf 83' lang='grc' dir='ltr'>ἐλαύνων</span> <span class='ocrx_word' id='word_1_591' title='bbox 3318 3499 3477 3555; x_wconf 82' lang='grc' dir='ltr'>αὐτὸν</span> <span class='ocrx_word' id='word_1_592' title='bbox 3529 3501 3621 3556; x_wconf 82' lang='grc' dir='ltr'>καὶ</span> <span class='ocrx_word' id='word_1_593' title='bbox 3693 3503 3826 3557; x_wconf 82' lang='grc' dir='ltr'>ἀπι-</span> 
     </span>
    </p>
   </div>
   <div class='ocr_carea' id='block_1_77' title="bbox 2177 3581 3821 3662">
    <p class='ocr_par' dir='ltr' id='par_1_77' title="bbox 2177 3581 3821 3662">
     <span class='ocr_line' id='line_1_77' title="bbox 2177 3581 3821 3662; baseline 0.005 -24"><span class='ocrx_word' id='word_1_594' title='bbox 2177 3587 2313 3638; x_wconf 83' lang='grc' dir='ltr'>στῶν</span> <span class='ocrx_word' id='word_1_595' title='bbox 2341 3581 2506 3638; x_wconf 75' lang='grc' dir='ltr'>αὐτοῦ</span> <span class='ocrx_word' id='word_1_596' title='bbox 2535 3587 2604 3657; x_wconf 79' lang='grc' dir='ltr'>τῇ</span> <span class='ocrx_word' id='word_1_597' title='bbox 2663 3583 2971 3655; x_wconf 76' lang='grc' dir='ltr'>ἀναστάσει,</span> <span class='ocrx_word' id='word_1_598' title='bbox 3028 3586 3289 3650; x_wconf 78' lang='grc' dir='ltr'>καὶτοὺς</span> <span class='ocrx_word' id='word_1_599' title='bbox 3352 3590 3596 3662; x_wconf 76' lang='grc' dir='ltr'>μαθητὰς</span> <span class='ocrx_word' id='word_1_600' title='bbox 3652 3590 3821 3647; x_wconf 71' lang='grc' dir='ltr'>αὐτοῦ</span> 
     </span>
    </p>
   </div>
   <div class='ocr_carea' id='block_1_78' title="bbox 2179 3669 3819 3752">
    <p class='ocr_par' dir='ltr' id='par_1_78' title="bbox 2179 3669 3819 3752">
     <span class='ocr_line' id='line_1_78' title="bbox 2179 3669 3819 3752; baseline 0.006 -26"><span class='ocrx_word' id='word_1_601' title='bbox 2179 3669 2416 3738; x_wconf 82' lang='grc' dir='ltr'>διώκων,</span> <span class='ocrx_word' id='word_1_602' title='bbox 2449 3673 2610 3728; x_wconf 75' lang='grc' dir='ltr'>πόθεν</span> <span class='ocrx_word' id='word_1_603' title='bbox 2645 3675 2701 3728; x_wconf 78' lang='grc' dir='ltr'>αν</span> <span class='ocrx_word' id='word_1_604' title='bbox 2741 3673 3067 3747; x_wconf 79' lang='grc' dir='ltr'>ἐπίστευσεν,</span> <span class='ocrx_word' id='word_1_605' title='bbox 3122 3676 3168 3733; x_wconf 80' lang='grc' dir='ltr'>εί</span> <span class='ocrx_word' id='word_1_606' title='bbox 3211 3679 3286 3752; x_wconf 81' lang='grc' dir='ltr'><strong>μή</strong></span> <span class='ocrx_word' id='word_1_607' title='bbox 3345 3676 3534 3748; x_wconf 88' lang='grc' dir='ltr'>πολλή</span> <span class='ocrx_word' id='word_1_608' title='bbox 3592 3679 3658 3750; x_wconf 75' lang='grc' dir='ltr'>ἦν</span> <span class='ocrx_word' id='word_1_609' title='bbox 3717 3687 3819 3751; x_wconf 82' lang='grc' dir='ltr'>τῆς</span> 
     </span>
    </p>
   </div>
   <div class='ocr_carea' id='block_1_79' title="bbox 2180 3761 2818 3841">
    <p class='ocr_par' dir='ltr' id='par_1_79' title="bbox 2180 3761 2818 3841">
     <span class='ocr_line' id='line_1_79' title="bbox 2180 3761 2818 3841; baseline 0.002 -25"><span class='ocrx_word' id='word_1_610' title='bbox 2180 3761 2513 3823; x_wconf 73' lang='grc' dir='ltr'>ἀναστάσεως</span> <span class='ocrx_word' id='word_1_611' title='bbox 2545 3763 2579 3832; x_wconf 79' lang='grc' dir='ltr'>ἠ</span> <span class='ocrx_word' id='word_1_612' title='bbox 2615 3763 2777 3841; x_wconf 77' lang='grc' dir='ltr'>ἷ¹σχύς</span> <span class='ocrx_word' id='word_1_613' title='bbox 2804 3784 2818 3830; x_wconf 78' lang='grc' dir='ltr'>ς</span> 
     </span>
    </p>
   </div>
   <div class='ocr_carea' id='block_1_80' title="bbox 411 3850 3824 3933">
    <p class='ocr_par' dir='ltr' id='par_1_80' title="bbox 411 3850 3824 3933">
     <span class='ocr_line' id='line_1_80' title="bbox 411 3850 3824 3933; baseline -0.001 -13"><span class='ocrx_word' id='word_1_614' title='bbox 411 3863 710 3921; x_wconf 90' lang='lat' dir='ltr'>credendo</span> <span class='ocrx_word' id='word_1_615' title='bbox 741 3859 1162 3917; x_wconf 84' lang='lat' dir='ltr'>resurrectioni</span> <span class='ocrx_word' id='word_1_616' title='bbox 1194 3857 1372 3912; x_wconf 89' lang='lat' dir='ltr'>etiam</span> <span class='ocrx_word' id='word_1_617' title='bbox 1406 3853 1594 3925; x_wconf 89' lang='lat' dir='ltr'>ipsius</span> <span class='ocrx_word' id='word_1_618' title='bbox 1625 3850 1951 3922; x_wconf 75' lang='lat' dir='ltr'>discipulos</span> <span class='ocrx_word' id='word_1_619' title='bbox 1981 3852 2470 3925; x_wconf 88' lang='lat' dir='ltr'>persequebatur,</span> <span class='ocrx_word' id='word_1_620' title='bbox 2505 3853 2663 3911; x_wconf 89' lang='lat' dir='ltr'>unde</span> <span class='ocrx_word' id='word_1_621' title='bbox 2697 3853 3068 3926; x_wconf 87' lang='lat' dir='ltr'>credidisset,</span> <span class='ocrx_word' id='word_1_622' title='bbox 3113 3857 3231 3914; x_wconf 85' lang='lat' dir='ltr'>nisi</span> <span class='ocrx_word' id='word_1_623' title='bbox 3280 3874 3492 3933; x_wconf 80' lang='lat' dir='ltr'>magna</span> <span class='ocrx_word' id='word_1_624' title='bbox 3535 3865 3690 3916; x_wconf 89' lang='lat' dir='ltr'>esset</span> <span class='ocrx_word' id='word_1_625' title='bbox 3737 3859 3824 3916; x_wconf 86' lang='lat' dir='ltr'>vis</span> 
     </span>
    </p>
   </div>
   <div class='ocr_carea' id='block_1_81' title="bbox 418 3947 1082 4018">
    <p class='ocr_par' dir='ltr' id='par_1_81' title="bbox 418 3947 1082 4018">
     <span class='ocr_line' id='line_1_81' title="bbox 418 3947 1082 4018; baseline -0.014 -8"><span class='ocrx_word' id='word_1_626' title='bbox 418 3951 873 4010; x_wconf 86' lang='lat' dir='ltr'>resurrectionis</span> <span class='ocrx_word' id='word_1_627' title='bbox 907 3951 1035 4018; x_wconf 87' lang='lat' dir='ltr'>ejus</span> <span class='ocrx_word' id='word_1_628' title='bbox 1055 3947 1082 4002; x_wconf 86' lang='lat'><strong>?</strong></span> 
     </span>
    </p>
   </div>
   <div class='ocr_carea' id='block_1_82' title="bbox 491 4033 1544 4106">
    <p class='ocr_par' dir='ltr' id='par_1_82' title="bbox 491 4033 1544 4106">
     <span class='ocr_line' id='line_1_82' title="bbox 491 4033 1544 4106; baseline -0.008 -14"><span class='ocrx_word' id='word_1_629' title='bbox 491 4065 518 4092; x_wconf 79' lang='grc' dir='ltr'>ι(</span> <span class='ocrx_word' id='word_1_630' title='bbox 553 4043 620 4094; x_wconf 84' lang='lat' dir='ltr'>Et</span> <span class='ocrx_word' id='word_1_631' title='bbox 647 4056 770 4094; x_wconf 89' lang='lat' dir='ltr'>non</span> <span class='ocrx_word' id='word_1_632' title='bbox 803 4037 1061 4093; x_wconf 88' lang='lat' dir='ltr'>comedit</span> <span class='ocrx_word' id='word_1_633' title='bbox 1091 4051 1285 4106; x_wconf 89' lang='lat' dir='ltr'>neque</span> <span class='ocrx_word' id='word_1_634' title='bbox 1311 4033 1480 4089; x_wconf 92' lang='lat' dir='ltr'>bibit.</span> <span class='ocrx_word' id='word_1_635' title='bbox 1517 4053 1544 4082; x_wconf 85' lang='lat'><strong>»</strong></span> 
     </span>
    </p>
   </div>
   <div class='ocr_carea' id='block_1_83' title="bbox 485 4119 2064 4195">
    <p class='ocr_par' dir='ltr' id='par_1_83' title="bbox 485 4119 2064 4195">
     <span class='ocr_line' id='line_1_83' title="bbox 485 4119 2064 4195; baseline -0.007 -10"><span class='ocrx_word' id='word_1_636' title='bbox 485 4131 670 4195; x_wconf 88' lang='lat' dir='ltr'>Quam</span> <span class='ocrx_word' id='word_1_637' title='bbox 705 4127 778 4183; x_wconf 93' lang='lat' dir='ltr'>ob</span> <span class='ocrx_word' id='word_1_638' title='bbox 811 4124 1100 4182; x_wconf 83' lang='lat' dir='ltr'>causam?</span> <span class='ocrx_word' id='word_1_639' title='bbox 1129 4123 1422 4190; x_wconf 89' lang='lat' dir='ltr'>Quoniam</span> <span class='ocrx_word' id='word_1_640' title='bbox 1453 4122 1717 4192; x_wconf 87' lang='lat' dir='ltr'>seipsum</span> <span class='ocrx_word' id='word_1_641' title='bbox 1749 4120 1967 4175; x_wconf 88' lang='lat' dir='ltr'>mirum</span> <span class='ocrx_word' id='word_1_642' title='bbox 2004 4119 2064 4174; x_wconf 89' lang='lat' dir='ltr'>in</span> 
     </span>
    </p>
   </div>
   <div class='ocr_carea' id='block_1_84' title="bbox 416 4211 2063 4290">
    <p class='ocr_par' dir='ltr' id='par_1_84' title="bbox 416 4211 2063 4290">
     <span class='ocr_line' id='line_1_84' title="bbox 416 4211 2063 4290; baseline -0.006 -14"><span class='ocrx_word' id='word_1_643' title='bbox 416 4219 660 4278; x_wconf 89' lang='lat' dir='ltr'>modum</span> <span class='ocrx_word' id='word_1_644' title='bbox 693 4235 864 4290; x_wconf 80' lang='lat' dir='ltr'>pcena</span> <span class='ocrx_word' id='word_1_645' title='bbox 885 4217 1128 4290; x_wconf 81' lang='lat' dir='ltr'>dignum</span> <span class='ocrx_word' id='word_1_646' title='bbox 1145 4213 1454 4286; x_wconf 89' lang='lat' dir='ltr'>judicabat</span> <span class='ocrx_word' id='word_1_647' title='bbox 1473 4212 1547 4268; x_wconf 89' lang='lat' dir='ltr'>ob</span> <span class='ocrx_word' id='word_1_648' title='bbox 1569 4211 1843 4268; x_wconf 70' lang='lat' dir='ltr'>Ecclesiae</span> <span class='ocrx_word' id='word_1_649' title='bbox 1867 4227 2063 4282; x_wconf 88' lang='lat' dir='ltr'>perse-</span> 
     </span>
    </p>
   </div>
   <div class='ocr_carea' id='block_1_85' title="bbox 415 4299 2064 4379">
    <p class='ocr_par' dir='ltr' id='par_1_85' title="bbox 415 4299 2064 4379">
     <span class='ocr_line' id='line_1_85' title="bbox 415 4299 2064 4379; baseline -0.007 -12"><span class='ocrx_word' id='word_1_650' title='bbox 415 4312 738 4377; x_wconf 87' lang='lat' dir='ltr'>cutionem,</span> <span class='ocrx_word' id='word_1_651' title='bbox 775 4309 1080 4379; x_wconf 88' lang='lat' dir='ltr'>tristisque</span> <span class='ocrx_word' id='word_1_652' title='bbox 1127 4307 1310 4362; x_wconf 89' lang='lat' dir='ltr'>Deum</span> <span class='ocrx_word' id='word_1_653' title='bbox 1361 4304 1795 4376; x_wconf 88' lang='lat' dir='ltr'>deprecabatur</span> <span class='ocrx_word' id='word_1_654' title='bbox 1837 4309 1904 4357; x_wconf 90' lang='lat' dir='ltr'>ut</span> <span class='ocrx_word' id='word_1_655' title='bbox 1951 4299 2064 4356; x_wconf 87' lang='lat' dir='ltr'>sibi</span> 
     </span>
    </p>
   </div>
   <div class='ocr_carea' id='block_1_86' title="bbox 409 4402 760 4458">
    <p class='ocr_par' dir='ltr' id='par_1_86' title="bbox 409 4402 760 4458">
     <span class='ocr_line' id='line_1_86' title="bbox 409 4402 760 4458; baseline -0.011 0"><span class='ocrx_word' id='word_1_656' title='bbox 409 4402 760 4458; x_wconf 83' lang='lat' dir='ltr'>remitteret.</span> 
     </span>
    </p>
   </div>
   <div class='ocr_carea' id='block_1_87' title="bbox 485 4479 2064 4555">
    <p class='ocr_par' dir='ltr' id='par_1_87' title="bbox 485 4479 2064 4555">
     <span class='ocr_line' id='line_1_87' title="bbox 485 4479 2064 4555; baseline -0.008 -9"><span class='ocrx_word' id='word_1_657' title='bbox 485 4493 579 4555; x_wconf 76' lang='lat' dir='ltr'>IX,</span> <span class='ocrx_word' id='word_1_658' title='bbox 617 4493 682 4543; x_wconf 81' lang='grc'>10</span> <span class='ocrx_word' id='word_1_659' title='bbox 719 4491 804 4540; x_wconf 82' lang='grc'>12.</span> <span class='ocrx_word' id='word_1_660' title='bbox 839 4487 974 4538; x_wconf 85' lang='lat' dir='ltr'>Erat</span> <span class='ocrx_word' id='word_1_661' title='bbox 1025 4487 1224 4536; x_wconf 88' lang='lat' dir='ltr'>autem</span> <span class='ocrx_word' id='word_1_662' title='bbox 1285 4481 1524 4550; x_wconf 89' lang='lat' dir='ltr'>quidam</span> <span class='ocrx_word' id='word_1_663' title='bbox 1577 4479 1905 4550; x_wconf 90' lang='lat' dir='ltr'>discipulus</span> <span class='ocrx_word' id='word_1_664' title='bbox 1955 4480 2064 4534; x_wconf 82' lang='lat' dir='ltr'>Da-</span> 
     </span>
    </p>
   </div>
   <div class='ocr_carea' id='block_1_88' title="bbox 419 4567 2067 4638">
    <p class='ocr_par' dir='ltr' id='par_1_88' title="bbox 419 4567 2067 4638">
     <span class='ocr_line' id='line_1_88' title="bbox 419 4567 2067 4638; baseline -0.009 -3"><span class='ocrx_word' id='word_1_665' title='bbox 419 4601 445 4628; x_wconf 86' lang='grc'><strong><em>‹‹</em></strong></span> <span class='ocrx_word' id='word_1_666' title='bbox 483 4577 666 4634; x_wconf 89' lang='lat' dir='ltr'>masci</span> <span class='ocrx_word' id='word_1_667' title='bbox 699 4571 940 4627; x_wconf 87' lang='lat' dir='ltr'>nomine</span> <span class='ocrx_word' id='word_1_668' title='bbox 970 4567 1272 4622; x_wconf 83' lang='lat' dir='ltr'>Ananias:</span> <span class='ocrx_word' id='word_1_669' title='bbox 1326 4574 1383 4620; x_wconf 91' lang='lat' dir='ltr'>et</span> <span class='ocrx_word' id='word_1_670' title='bbox 1425 4567 1570 4620; x_wconf 86' lang='lat' dir='ltr'>dixit</span> <span class='ocrx_word' id='word_1_671' title='bbox 1617 4567 1690 4620; x_wconf 91' lang='lat' dir='ltr'>ad</span> <span class='ocrx_word' id='word_1_672' title='bbox 1739 4568 1908 4620; x_wconf 89' lang='lat' dir='ltr'>illum</span> <span class='ocrx_word' id='word_1_673' title='bbox 1961 4583 2067 4638; x_wconf 91' lang='lat' dir='ltr'>per</span> 
     </span>
    </p>
   </div>
   <div class='ocr_carea' id='block_1_89' title="bbox 417 4655 2064 4728">
    <p class='ocr_par' dir='ltr' id='par_1_89' title="bbox 417 4655 2064 4728">
     <span class='ocr_line' id='line_1_89' title="bbox 417 4655 2064 4728; baseline -0.004 -12"><span class='ocrx_word' id='word_1_674' title='bbox 417 4689 444 4716; x_wconf 84' lang='grc'>‹‹</span> <span class='ocrx_word' id='word_1_675' title='bbox 479 4667 666 4719; x_wconf 90' lang='lat' dir='ltr'>visum</span> <span class='ocrx_word' id='word_1_676' title='bbox 699 4659 1021 4714; x_wconf 87' lang='lat' dir='ltr'>Dominus:</span> <span class='ocrx_word' id='word_1_677' title='bbox 1069 4656 1315 4711; x_wconf 89' lang='lat' dir='ltr'>Anania.</span> <span class='ocrx_word' id='word_1_678' title='bbox 1353 4661 1424 4711; x_wconf 83' lang='lat' dir='ltr'>At</span> <span class='ocrx_word' id='word_1_679' title='bbox 1455 4655 1555 4710; x_wconf 84' lang='lat' dir='ltr'>ille</span> <span class='ocrx_word' id='word_1_680' title='bbox 1587 4655 1708 4710; x_wconf 88' lang='lat' dir='ltr'>ait:</span> <span class='ocrx_word' id='word_1_681' title='bbox 1761 4655 1903 4710; x_wconf 87' lang='lat' dir='ltr'>Ecce</span> <span class='ocrx_word' id='word_1_682' title='bbox 1935 4671 2064 4728; x_wconf 83' lang='lat' dir='ltr'>ego,</span> 
     </span>
    </p>
   </div>
   <div class='ocr_carea' id='block_1_90' title="bbox 417 4744 2067 4816">
    <p class='ocr_par' dir='ltr' id='par_1_90' title="bbox 417 4744 2067 4816">
     <span class='ocr_line' id='line_1_90' title="bbox 417 4744 2067 4816; baseline -0.004 -8"><span class='ocrx_word' id='word_1_683' title='bbox 417 4775 445 4802; x_wconf 86' lang='grc'>‹‹</span> <span class='ocrx_word' id='word_1_684' title='bbox 479 4752 744 4808; x_wconf 89' lang='lat' dir='ltr'>Domine.</span> <span class='ocrx_word' id='word_1_685' title='bbox 783 4751 848 4805; x_wconf 87' lang='lat' dir='ltr'>Et</span> <span class='ocrx_word' id='word_1_686' title='bbox 878 4749 1161 4805; x_wconf 90' lang='lat' dir='ltr'>Dominus</span> <span class='ocrx_word' id='word_1_687' title='bbox 1183 4747 1255 4802; x_wconf 86' lang='lat' dir='ltr'>ad</span> <span class='ocrx_word' id='word_1_688' title='bbox 1283 4761 1458 4802; x_wconf 91' lang='lat' dir='ltr'>eum:</span> <span class='ocrx_word' id='word_1_689' title='bbox 1507 4745 1686 4816; x_wconf 71' lang='lat' dir='ltr'>Surge</span> <span class='ocrx_word' id='word_1_690' title='bbox 1739 4750 1797 4800; x_wconf 92' lang='lat' dir='ltr'>et</span> <span class='ocrx_word' id='word_1_691' title='bbox 1831 4744 1972 4799; x_wconf 89' lang='lat' dir='ltr'>vade</span> <span class='ocrx_word' id='word_1_692' title='bbox 2005 4747 2067 4801; x_wconf 91' lang='lat' dir='ltr'>in</span> 
     </span>
    </p>
   </div>
   <div class='ocr_carea' id='block_1_91' title="bbox 416 4833 2064 4911">
    <p class='ocr_par' dir='ltr' id='par_1_91' title="bbox 416 4833 2064 4911">
     <span class='ocr_line' id='line_1_91' title="bbox 416 4833 2064 4911; baseline -0.002 -20"><span class='ocrx_word' id='word_1_693' title='bbox 416 4863 444 4892; x_wconf 83' lang='lat'><strong>«</strong></span> <span class='ocrx_word' id='word_1_694' title='bbox 477 4841 669 4896; x_wconf 88' lang='lat' dir='ltr'>vicum</span> <span class='ocrx_word' id='word_1_695' title='bbox 697 4841 796 4911; x_wconf 89' lang='lat' dir='ltr'>qui</span> <span class='ocrx_word' id='word_1_696' title='bbox 827 4846 1068 4895; x_wconf 88' lang='lat' dir='ltr'>vocatur</span> <span class='ocrx_word' id='word_1_697' title='bbox 1107 4839 1342 4898; x_wconf 82' lang='lat' dir='ltr'>Rectus.</span> <span class='ocrx_word' id='word_1_698' title='bbox 1403 4851 1470 4891; x_wconf 91' lang='lat' dir='ltr'>ac</span> <span class='ocrx_word' id='word_1_699' title='bbox 1531 4851 1729 4906; x_wconf 83' lang='lat' dir='ltr'>quaere</span> <span class='ocrx_word' id='word_1_700' title='bbox 1785 4833 1848 4888; x_wconf 89' lang='lat' dir='ltr'>in</span> <span class='ocrx_word' id='word_1_701' title='bbox 1889 4834 2064 4889; x_wconf 91' lang='lat' dir='ltr'>domo</span> 
     </span>
    </p>
   </div>
   <div class='ocr_carea' id='block_1_92' title="bbox 415 4927 2066 4988">
    <p class='ocr_par' dir='ltr' id='par_1_92' title="bbox 415 4927 2066 4988">
     <span class='ocr_line' id='line_1_92' title="bbox 415 4927 2066 4988; baseline -0.003 -1"><span class='ocrx_word' id='word_1_702' title='bbox 415 4953 443 4982; x_wconf 87' lang='grc'>‹‹</span> <span class='ocrx_word' id='word_1_703' title='bbox 477 4930 640 4988; x_wconf 72' lang='lat' dir='ltr'>Judaa</span> <span class='ocrx_word' id='word_1_704' title='bbox 671 4931 912 4986; x_wconf 88' lang='lat' dir='ltr'>Saulum</span> <span class='ocrx_word' id='word_1_705' title='bbox 963 4929 1204 4986; x_wconf 88' lang='lat' dir='ltr'>nomine</span> <span class='ocrx_word' id='word_1_706' title='bbox 1263 4929 1649 4984; x_wconf 79' lang='lat' dir='ltr'>Tarsensem:</span> <span class='ocrx_word' id='word_1_707' title='bbox 1711 4941 1846 4981; x_wconf 83' lang='lat' dir='ltr'>ecce</span> <span class='ocrx_word' id='word_1_708' title='bbox 1905 4927 2066 4982; x_wconf 89' lang='lat' dir='ltr'>enim</span> 
     </span>
    </p>
   </div>
   <div class='ocr_carea' id='block_1_93' title="bbox 421 5021 2066 5096">
    <p class='ocr_par' dir='ltr' id='par_1_93' title="bbox 421 5021 2066 5096">
     <span class='ocr_line' id='line_1_93' title="bbox 421 5021 2066 5096; baseline 0.001 -20"><span class='ocrx_word' id='word_1_709' title='bbox 421 5049 441 5076; x_wconf 73' lang='grc' dir='ltr'><strong>α</strong></span> <span class='ocrx_word' id='word_1_710' title='bbox 479 5033 628 5082; x_wconf 88' lang='lat' dir='ltr'>orat.</span> <span class='ocrx_word' id='word_1_711' title='bbox 675 5026 946 5096; x_wconf 87' lang='lat' dir='ltr'>Viditque</span> <span class='ocrx_word' id='word_1_712' title='bbox 979 5041 1086 5096; x_wconf 89' lang='lat' dir='ltr'>per</span> <span class='ocrx_word' id='word_1_713' title='bbox 1136 5025 1322 5079; x_wconf 86' lang='lat' dir='ltr'>visum</span> <span class='ocrx_word' id='word_1_714' title='bbox 1375 5024 1563 5078; x_wconf 88' lang='lat' dir='ltr'>virum</span> <span class='ocrx_word' id='word_1_715' title='bbox 1614 5021 1857 5076; x_wconf 87' lang='lat' dir='ltr'>nomine</span> <span class='ocrx_word' id='word_1_716' title='bbox 1907 5025 2066 5077; x_wconf 87' lang='lat' dir='ltr'>Ana-</span> 
     </span>
    </p>
   </div>
   <div class='ocr_carea' id='block_1_94' title="bbox 417 5111 2063 5184">
    <p class='ocr_par' dir='ltr' id='par_1_94' title="bbox 417 5111 2063 5184">
     <span class='ocr_line' id='line_1_94' title="bbox 417 5111 2063 5184; baseline 0 -18"><span class='ocrx_word' id='word_1_717' title='bbox 417 5139 444 5167; x_wconf 86' lang='grc'>‹‹</span> <span class='ocrx_word' id='word_1_718' title='bbox 483 5117 643 5171; x_wconf 89' lang='lat' dir='ltr'>niam</span> <span class='ocrx_word' id='word_1_719' title='bbox 677 5117 1102 5174; x_wconf 80' lang='lat' dir='ltr'>introeuntem.</span> <span class='ocrx_word' id='word_1_720' title='bbox 1135 5121 1194 5168; x_wconf 90' lang='lat' dir='ltr'>et</span> <span class='ocrx_word' id='word_1_721' title='bbox 1223 5115 1628 5184; x_wconf 90' lang='lat' dir='ltr'>imponentem</span> <span class='ocrx_word' id='word_1_722' title='bbox 1671 5111 1782 5166; x_wconf 89' lang='lat' dir='ltr'>sibi</span> <span class='ocrx_word' id='word_1_723' title='bbox 1817 5126 2063 5166; x_wconf 86' lang='lat' dir='ltr'>manum</span> 
     </span>
    </p>
   </div>
   <div class='ocr_carea' id='block_1_95' title="bbox 417 5206 1161 5275">
    <p class='ocr_par' dir='ltr' id='par_1_95' title="bbox 417 5206 1161 5275">
     <span class='ocr_line' id='line_1_95' title="bbox 417 5206 1161 5275; baseline -0.011 -13"><span class='ocrx_word' id='word_1_724' title='bbox 417 5229 443 5257; x_wconf 82' lang='grc'>‹‹</span> <span class='ocrx_word' id='word_1_725' title='bbox 478 5212 544 5261; x_wconf 93' lang='lat' dir='ltr'>ut</span> <span class='ocrx_word' id='word_1_726' title='bbox 573 5207 760 5261; x_wconf 87' lang='lat' dir='ltr'>visum</span> <span class='ocrx_word' id='word_1_727' title='bbox 793 5206 1100 5275; x_wconf 90' lang='lat' dir='ltr'>reciperet.</span> <span class='ocrx_word' id='word_1_728' title='bbox 1135 5224 1161 5254; x_wconf 76' lang='grc' dir='ltr'>ιι</span> 
     </span>
    </p>
   </div>
   <div class='ocr_carea' id='block_1_96' title="bbox 487 5289 2062 5367">
    <p class='ocr_par' dir='ltr' id='par_1_96' title="bbox 487 5289 2062 5367">
     <span class='ocr_line' id='line_1_96' title="bbox 487 5289 2062 5367; baseline -0.005 -15"><span class='ocrx_word' id='word_1_729' title='bbox 487 5297 558 5352; x_wconf 89' lang='lat' dir='ltr'>Ut</span> <span class='ocrx_word' id='word_1_730' title='bbox 590 5296 754 5367; x_wconf 85' lang='lat' dir='ltr'>quid,</span> <span class='ocrx_word' id='word_1_731' title='bbox 789 5294 1052 5360; x_wconf 86' lang='lat' dir='ltr'>obsecro,</span> <span class='ocrx_word' id='word_1_732' title='bbox 1113 5291 1346 5346; x_wconf 90' lang='lat' dir='ltr'>nullum</span> <span class='ocrx_word' id='word_1_733' title='bbox 1397 5308 1744 5363; x_wconf 79' lang='lat' dir='ltr'>magnorum</span> <span class='ocrx_word' id='word_1_734' title='bbox 1794 5291 1894 5361; x_wconf 88' lang='lat' dir='ltr'>qui</span> <span class='ocrx_word' id='word_1_735' title='bbox 1947 5289 2062 5345; x_wconf 85' lang='lat' dir='ltr'>ﬁde</span> 
     </span>
    </p>
   </div>
   <div class='ocr_carea' id='block_1_97' title="bbox 413 5380 2060 5457">
    <p class='ocr_par' dir='ltr' id='par_1_97' title="bbox 413 5380 2060 5457">
     <span class='ocr_line' id='line_1_97' title="bbox 413 5380 2060 5457; baseline -0.002 -19"><span class='ocrx_word' id='word_1_736' title='bbox 413 5385 625 5457; x_wconf 75' lang='lat' dir='ltr'>dignus</span> <span class='ocrx_word' id='word_1_737' title='bbox 657 5391 812 5440; x_wconf 82' lang='lat' dir='ltr'>esset</span> <span class='ocrx_word' id='word_1_738' title='bbox 845 5384 1041 5448; x_wconf 83' lang='lat' dir='ltr'>traxit,</span> <span class='ocrx_word' id='word_1_739' title='bbox 1091 5387 1192 5437; x_wconf 91' lang='lat' dir='ltr'>aut</span> <span class='ocrx_word' id='word_1_740' title='bbox 1248 5380 1322 5435; x_wconf 88' lang='lat' dir='ltr'>ad</span> <span class='ocrx_word' id='word_1_741' title='bbox 1379 5381 1546 5435; x_wconf 86' lang='lat' dir='ltr'>Pauli</span> <span class='ocrx_word' id='word_1_742' title='bbox 1605 5380 2060 5435; x_wconf 89' lang='lat' dir='ltr'>instructionem</span> 
     </span>
    </p>
   </div>
   <div class='ocr_carea' id='block_1_98' title="bbox 409 5470 2060 5542">
    <p class='ocr_par' dir='ltr' id='par_1_98' title="bbox 409 5470 2060 5542">
     <span class='ocr_line' id='line_1_98' title="bbox 409 5470 2060 5542; baseline -0.004 -11"><span class='ocrx_word' id='word_1_743' title='bbox 409 5475 760 5540; x_wconf 84' lang='lat' dir='ltr'>transmisit,</span> <span class='ocrx_word' id='word_1_744' title='bbox 797 5474 898 5529; x_wconf 92' lang='lat' dir='ltr'>sed</span> <span class='ocrx_word' id='word_1_745' title='bbox 921 5473 1210 5528; x_wconf 82' lang='lat' dir='ltr'>Auaniam</span> <span class='ocrx_word' id='word_1_746' title='bbox 1235 5471 1336 5542; x_wconf 89' lang='lat' dir='ltr'>qui</span> <span class='ocrx_word' id='word_1_747' title='bbox 1367 5486 1522 5526; x_wconf 87' lang='lat' dir='ltr'>unus</span> <span class='ocrx_word' id='word_1_748' title='bbox 1555 5477 1682 5526; x_wconf 86' lang='lat' dir='ltr'>erat</span> <span class='ocrx_word' id='word_1_749' title='bbox 1713 5487 1782 5526; x_wconf 84' lang='lat' dir='ltr'>ex</span> <span class='ocrx_word' id='word_1_750' title='bbox 1813 5470 2060 5541; x_wconf 82' lang='lat' dir='ltr'>Septua-</span> 
     </span>
    </p>
   </div>
   <div class='ocr_carea' id='block_1_99' title="bbox 479 5681 1464 5756">
    <p class='ocr_par' dir='ltr' id='par_1_99' title="bbox 479 5681 1464 5756">
     <span class='ocr_line' id='line_1_99' title="bbox 479 5681 1464 5756; baseline -0.004 -14"><span class='ocrx_word' id='word_1_751' title='bbox 479 5683 526 5721; x_wconf 81' lang='grc'>⁸⁷</span> <span class='ocrx_word' id='word_1_752' title='bbox 554 5685 664 5746; x_wconf 75' lang='grc' dir='ltr'>ιεθη</span> <span class='ocrx_word' id='word_1_753' title='bbox 697 5698 855 5753; x_wconf 80' lang='lat' dir='ltr'>um,</span> <span class='ocrx_word' id='word_1_754' title='bbox 893 5687 978 5744; x_wconf 80' lang='grc' dir='ltr'>Π.</span> <span class='ocrx_word' id='word_1_755' title='bbox 1053 5681 1098 5720; x_wconf 80' lang='grc'>⁸³</span> <span class='ocrx_word' id='word_1_756' title='bbox 1123 5682 1304 5756; x_wconf 79' lang='lat' dir='ltr'>Infra,</span> <span class='ocrx_word' id='word_1_757' title='bbox 1326 5699 1464 5744; x_wconf 75' lang='lat' dir='ltr'>nn.</span> 
     </span>
    </p>
   </div>
   <div class='ocr_carea' id='block_1_100' title="bbox 2251 4027 3175 4105">
    <p class='ocr_par' dir='ltr' id='par_1_100' title="bbox 2251 4027 3175 4105">
     <span class='ocr_line' id='line_1_100' title="bbox 2251 4027 3175 4105; baseline 0.004 -22"><span class='ocrx_word' id='word_1_758' title='bbox 2251 4060 2272 4084; x_wconf 75' lang='grc' dir='ltr'>ιι</span> <span class='ocrx_word' id='word_1_759' title='bbox 2311 4031 2408 4085; x_wconf 84' lang='grc' dir='ltr'>Καὶ</span> <span class='ocrx_word' id='word_1_760' title='bbox 2441 4031 2539 4086; x_wconf 80' lang='grc' dir='ltr'>οὐκ</span> <span class='ocrx_word' id='word_1_761' title='bbox 2568 4027 2758 4105; x_wconf 77' lang='grc' dir='ltr'>ἔφαγεν</span> <span class='ocrx_word' id='word_1_762' title='bbox 2793 4031 2918 4088; x_wconf 73' lang='grc' dir='ltr'>οὐδὲ</span> <span class='ocrx_word' id='word_1_763' title='bbox 2943 4029 3110 4092; x_wconf 76' lang='grc' dir='ltr'>ἔπιεν.</span> <span class='ocrx_word' id='word_1_764' title='bbox 3147 4059 3175 4088; x_wconf 88' lang='grc'><strong>››</strong></span> 
     </span>
    </p>
   </div>
   <div class='ocr_carea' id='block_1_101' title="bbox 2249 4119 3830 4203">
    <p class='ocr_par' dir='ltr' id='par_1_101' title="bbox 2249 4119 3830 4203">
     <span class='ocr_line' id='line_1_101' title="bbox 2249 4119 3830 4203; baseline 0.006 -30"><span class='ocrx_word' id='word_1_765' title='bbox 2249 4119 2346 4173; x_wconf 83' lang='grc' dir='ltr'>Διᾶ</span> <span class='ocrx_word' id='word_1_766' title='bbox 2373 4121 2426 4174; x_wconf 83' lang='grc' dir='ltr'>τί</span> <span class='ocrx_word' id='word_1_767' title='bbox 2455 4142 2468 4190; x_wconf 78' lang='grc' dir='ltr'>ς</span> <span class='ocrx_word' id='word_1_768' title='bbox 2503 4122 2620 4177; x_wconf 85' lang='grc' dir='ltr'>Ὅτι</span> <span class='ocrx_word' id='word_1_769' title='bbox 2653 4121 2776 4176; x_wconf 81' lang='grc' dir='ltr'>Αίαν</span> <span class='ocrx_word' id='word_1_770' title='bbox 2811 4122 3002 4178; x_wconf 75' lang='grc' dir='ltr'>ἑαυτοῦ</span> <span class='ocrx_word' id='word_1_771' title='bbox 3043 4125 3284 4200; x_wconf 87' lang='grc' dir='ltr'>κατέγνω</span> <span class='ocrx_word' id='word_1_772' title='bbox 3337 4124 3425 4180; x_wconf 72' lang='grc' dir='ltr'>ἐπὶ</span> <span class='ocrx_word' id='word_1_773' title='bbox 3473 4131 3552 4199; x_wconf 80' lang='grc' dir='ltr'>τῷ</span> <span class='ocrx_word' id='word_1_774' title='bbox 3601 4123 3830 4203; x_wconf 80' lang='grc' dir='ltr'>διωγμῷ</span> 
     </span>
    </p>
   </div>
   <div class='ocr_carea' id='block_1_102' title="bbox 2175 4206 3830 4290">
    <p class='ocr_par' dir='ltr' id='par_1_102' title="bbox 2175 4206 3830 4290">
     <span class='ocr_line' id='line_1_102' title="bbox 2175 4206 3830 4290; baseline 0.006 -28"><span class='ocrx_word' id='word_1_775' title='bbox 2175 4206 2650 4280; x_wconf 75' lang='grc' dir='ltr'>τῆςἚκκλησίας,</span> <span class='ocrx_word' id='word_1_776' title='bbox 2685 4211 2776 4266; x_wconf 79' lang='grc' dir='ltr'>καὶ</span> <span class='ocrx_word' id='word_1_777' title='bbox 2806 4209 3152 4288; x_wconf 87' lang='grc' dir='ltr'>λυπούμενος</span> <span class='ocrx_word' id='word_1_778' title='bbox 3212 4213 3510 4290; x_wconf 69' lang='grc' dir='ltr'>παρεκάλει</span> <span class='ocrx_word' id='word_1_779' title='bbox 3562 4215 3653 4272; x_wconf 86' lang='grc' dir='ltr'>τὸν</span> <span class='ocrx_word' id='word_1_780' title='bbox 3700 4217 3830 4272; x_wconf 83' lang='grc' dir='ltr'>Θεὸν</span> 
     </span>
    </p>
   </div>
   <div class='ocr_carea' id='block_1_103' title="bbox 2174 4296 2638 4375">
    <p class='ocr_par' dir='ltr' id='par_1_103' title="bbox 2174 4296 2638 4375">
     <span class='ocr_line' id='line_1_103' title="bbox 2174 4296 2638 4375; baseline 0.009 -23"><span class='ocrx_word' id='word_1_781' title='bbox 2174 4296 2438 4375; x_wconf 73' lang='grc' dir='ltr'>ἀφεθῆναι</span> <span class='ocrx_word' id='word_1_782' title='bbox 2473 4299 2638 4373; x_wconf 79' lang='grc' dir='ltr'>αύτῷ.</span> 
     </span>
    </p>
   </div>
   <div class='ocr_carea' id='block_1_104' title="bbox 2249 4476 3826 4560">
    <p class='ocr_par' dir='ltr' id='par_1_104' title="bbox 2249 4476 3826 4560">
     <span class='ocr_line' id='line_1_104' title="bbox 2249 4476 3826 4560; baseline 0.009 -32"><span class='ocrx_word' id='word_1_783' title='bbox 2249 4501 2277 4528; x_wconf 88' lang='grc'>‹‹</span> <span class='ocrx_word' id='word_1_784' title='bbox 2307 4479 2408 4535; x_wconf 83' lang='grc' dir='ltr'>ἾΙν</span> <span class='ocrx_word' id='word_1_785' title='bbox 2441 4476 2499 4533; x_wconf 82' lang='grc' dir='ltr'>δέ</span> <span class='ocrx_word' id='word_1_786' title='bbox 2527 4498 2610 4540; x_wconf 92' lang='grc' dir='ltr'>τις</span> <span class='ocrx_word' id='word_1_787' title='bbox 2637 4481 2890 4552; x_wconf 77' lang='grc' dir='ltr'>μαθητὴς</span> <span class='ocrx_word' id='word_1_788' title='bbox 2922 4479 2973 4535; x_wconf 81' lang='grc' dir='ltr'>ἔν</span> <span class='ocrx_word' id='word_1_789' title='bbox 3040 4486 3334 4555; x_wconf 83' lang='grc' dir='ltr'>Δαμασκῷ,</span> <span class='ocrx_word' id='word_1_790' title='bbox 3386 4483 3611 4560; x_wconf 76' lang='grc' dir='ltr'>ὀνόματι</span> <span class='ocrx_word' id='word_1_791' title='bbox 3668 4489 3826 4542; x_wconf 82' lang='grc' dir='ltr'>Ἀνα·</span> 
     </span>
    </p>
   </div>
   <div class='ocr_carea' id='block_1_105' title="bbox 2178 4567 3830 4650">
    <p class='ocr_par' dir='ltr' id='par_1_105' title="bbox 2178 4567 3830 4650">
     <span class='ocr_line' id='line_1_105' title="bbox 2178 4567 3830 4650; baseline 0.007 -31"><span class='ocrx_word' id='word_1_792' title='bbox 2178 4590 2204 4619; x_wconf 83' lang='grc' dir='ltr'>ι(</span> <span class='ocrx_word' id='word_1_793' title='bbox 2231 4567 2360 4630; x_wconf 77' lang='grc' dir='ltr'>νίας·</span> <span class='ocrx_word' id='word_1_794' title='bbox 2421 4568 2511 4623; x_wconf 84' lang='grc' dir='ltr'>καὶ</span> <span class='ocrx_word' id='word_1_795' title='bbox 2569 4568 2688 4624; x_wconf 76' lang='grc' dir='ltr'>εἶπε</span> <span class='ocrx_word' id='word_1_796' title='bbox 2745 4569 2884 4644; x_wconf 85' lang='grc' dir='ltr'>πρὸς</span> <span class='ocrx_word' id='word_1_797' title='bbox 2937 4569 3095 4626; x_wconf 73' lang='grc' dir='ltr'>αὐτὸν</span> <span class='ocrx_word' id='word_1_798' title='bbox 3153 4573 3180 4626; x_wconf 87' lang='grc' dir='ltr'>ὁ</span> <span class='ocrx_word' id='word_1_799' title='bbox 3213 4573 3414 4646; x_wconf 86' lang='grc' dir='ltr'>Κύριος</span> <span class='ocrx_word' id='word_1_800' title='bbox 3463 4573 3513 4627; x_wconf 81' lang='grc' dir='ltr'>ἐν</span> <span class='ocrx_word' id='word_1_801' title='bbox 3567 4576 3830 4650; x_wconf 83' lang='grc' dir='ltr'>ὁράματι,</span> 
     </span>
    </p>
   </div>
   <div class='ocr_carea' id='block_1_106' title="bbox 2178 4655 3832 4737">
    <p class='ocr_par' dir='ltr' id='par_1_106' title="bbox 2178 4655 3832 4737">
     <span class='ocr_line' id='line_1_106' title="bbox 2178 4655 3832 4737; baseline 0.005 -27"><span class='ocrx_word' id='word_1_802' title='bbox 2178 4656 2475 4715; x_wconf 77' lang='grc' dir='ltr'>«Ἀνανία.</span> <span class='ocrx_word' id='word_1_803' title='bbox 2537 4657 2599 4715; x_wconf 75' lang='grc' dir='ltr'><strong>Ὀ</strong></span> <span class='ocrx_word' id='word_1_804' title='bbox 2655 4655 2713 4713; x_wconf 74' lang='grc' dir='ltr'>δὲ</span> <span class='ocrx_word' id='word_1_805' title='bbox 2769 4659 2936 4713; x_wconf 59' lang='grc' dir='ltr'>εἶπεν</span> <span class='ocrx_word' id='word_1_806' title='bbox 2993 4657 3140 4716; x_wconf 80' lang='grc' dir='ltr'>Ἰδοὺ</span> <span class='ocrx_word' id='word_1_807' title='bbox 3197 4659 3324 4734; x_wconf 83' lang='grc' dir='ltr'>ἐγὼ,</span> <span class='ocrx_word' id='word_1_808' title='bbox 3409 4663 3594 4737; x_wconf 86' lang='grc' dir='ltr'>Κύριε.</span> <span class='ocrx_word' id='word_1_809' title='bbox 3653 4665 3708 4718; x_wconf 82' lang='grc' dir='ltr'>Ὀ</span> <span class='ocrx_word' id='word_1_810' title='bbox 3769 4662 3832 4722; x_wconf 66' lang='grc' dir='ltr'>δὲ</span> 
     </span>
    </p>
   </div>
   <div class='ocr_carea' id='block_1_107' title="bbox 2178 4745 3831 4827">
    <p class='ocr_par' dir='ltr' id='par_1_107' title="bbox 2178 4745 3831 4827">
     <span class='ocr_line' id='line_1_107' title="bbox 2178 4745 3831 4827; baseline 0.007 -29"><span class='ocrx_word' id='word_1_811' title='bbox 2178 4771 2206 4798; x_wconf 94' lang='grc'>‹‹</span> <span class='ocrx_word' id='word_1_812' title='bbox 2241 4745 2440 4822; x_wconf 87' lang='grc' dir='ltr'>Κύριος</span> <span class='ocrx_word' id='word_1_813' title='bbox 2482 4747 2616 4821; x_wconf 86' lang='grc' dir='ltr'>πρὸς</span> <span class='ocrx_word' id='word_1_814' title='bbox 2675 4746 2858 4802; x_wconf 69' lang='grc' dir='ltr'>αὐτόν·</span> <span class='ocrx_word' id='word_1_815' title='bbox 2922 4749 3177 4812; x_wconf 75' lang='grc' dir='ltr'>’Δναστᾶς</span> <span class='ocrx_word' id='word_1_816' title='bbox 3233 4749 3527 4827; x_wconf 85' lang='grc' dir='ltr'>πορεύθητι</span> <span class='ocrx_word' id='word_1_817' title='bbox 3585 4751 3673 4810; x_wconf 82' lang='grc' dir='ltr'>ἐπὶ</span> <span class='ocrx_word' id='word_1_818' title='bbox 3725 4757 3831 4825; x_wconf 78' lang='grc' dir='ltr'>τήν</span> 
     </span>
    </p>
   </div>
   <div class='ocr_carea' id='block_1_108' title="bbox 2183 4834 3830 4914">
    <p class='ocr_par' dir='ltr' id='par_1_108' title="bbox 2183 4834 3830 4914">
     <span class='ocr_line' id='line_1_108' title="bbox 2183 4834 3830 4914; baseline 0.009 -28"><span class='ocrx_word' id='word_1_819' title='bbox 2183 4857 2203 4886; x_wconf 76' lang='grc' dir='ltr'>ι</span> <span class='ocrx_word' id='word_1_820' title='bbox 2240 4834 2418 4911; x_wconf 79' lang='grc' dir='ltr'>ῥύμην</span> <span class='ocrx_word' id='word_1_821' title='bbox 2471 4837 2568 4904; x_wconf 70' lang='grc' dir='ltr'>τὴν</span> <span class='ocrx_word' id='word_1_822' title='bbox 2627 4835 2975 4911; x_wconf 71' lang='grc' dir='ltr'>καλουμένην</span> <span class='ocrx_word' id='word_1_823' title='bbox 3039 4839 3284 4908; x_wconf 78' lang='grc' dir='ltr'>Εὐθεῖαν,</span> <span class='ocrx_word' id='word_1_824' title='bbox 3325 4842 3415 4898; x_wconf 77' lang='grc' dir='ltr'>καὶ</span> <span class='ocrx_word' id='word_1_825' title='bbox 3475 4845 3710 4914; x_wconf 75' lang='grc' dir='ltr'>ζήτησον</span> <span class='ocrx_word' id='word_1_826' title='bbox 3771 4843 3830 4900; x_wconf 83' lang='grc' dir='ltr'>ἐν</span> 
     </span>
    </p>
   </div>
   <div class='ocr_carea' id='block_1_109' title="bbox 2181 4923 3828 5010">
    <p class='ocr_par' dir='ltr' id='par_1_109' title="bbox 2181 4923 3828 5010">
     <span class='ocr_line' id='line_1_109' title="bbox 2181 4923 3828 5010; baseline 0.01 -35"><span class='ocrx_word' id='word_1_827' title='bbox 2181 4947 2202 4975; x_wconf 72' lang='grc' dir='ltr'>ι</span> <span class='ocrx_word' id='word_1_828' title='bbox 2237 4925 2383 4996; x_wconf 80' lang='grc' dir='ltr'>οἰκίᾳ</span> <span class='ocrx_word' id='word_1_829' title='bbox 2439 4923 2618 4982; x_wconf 85' lang='grc' dir='ltr'>Ἰούδα</span> <span class='ocrx_word' id='word_1_830' title='bbox 2679 4925 2894 4982; x_wconf 77' lang='grc' dir='ltr'>Σαῦλον</span> <span class='ocrx_word' id='word_1_831' title='bbox 2950 4927 3180 5002; x_wconf 80' lang='grc' dir='ltr'>ὂνόματι</span> <span class='ocrx_word' id='word_1_832' title='bbox 3241 4931 3472 5006; x_wconf 81' lang='grc' dir='ltr'>Ταρσέα·</span> <span class='ocrx_word' id='word_1_833' title='bbox 3544 4931 3661 4989; x_wconf 76' lang='grc' dir='ltr'>ἰδοὺ</span> <span class='ocrx_word' id='word_1_834' title='bbox 3719 4935 3828 5010; x_wconf 75' lang='grc' dir='ltr'>γὰρ</span> 
     </span>
    </p>
   </div>
   <div class='ocr_carea' id='block_1_110' title="bbox 2171 5015 3828 5098">
    <p class='ocr_par' dir='ltr' id='par_1_110' title="bbox 2171 5015 3828 5098">
     <span class='ocr_line' id='line_1_110' title="bbox 2171 5015 3828 5098; baseline 0.01 -31"><span class='ocrx_word' id='word_1_835' title='bbox 2171 5041 2198 5068; x_wconf 86' lang='grc'>‹‹</span> <span class='ocrx_word' id='word_1_836' title='bbox 2237 5016 2620 5092; x_wconf 83' lang='grc' dir='ltr'>προσεύχεται.</span> <span class='ocrx_word' id='word_1_837' title='bbox 2655 5016 2758 5074; x_wconf 86' lang='grc' dir='ltr'>Καὶ</span> <span class='ocrx_word' id='word_1_838' title='bbox 2792 5015 2930 5072; x_wconf 77' lang='grc' dir='ltr'>εἶδεν</span> <span class='ocrx_word' id='word_1_839' title='bbox 2963 5019 3012 5072; x_wconf 76' lang='grc' dir='ltr'>ἐν</span> <span class='ocrx_word' id='word_1_840' title='bbox 3075 5021 3309 5094; x_wconf 81' lang='grc' dir='ltr'>ὁράματι</span> <span class='ocrx_word' id='word_1_841' title='bbox 3367 5019 3536 5098; x_wconf 77' lang='grc' dir='ltr'>ἄνδρα</span> <span class='ocrx_word' id='word_1_842' title='bbox 3594 5023 3828 5098; x_wconf 74' lang='grc' dir='ltr'>ὀνόματι</span> 
     </span>
    </p>
   </div>
   <div class='ocr_carea' id='block_1_111' title="bbox 2176 5104 3824 5191">
    <p class='ocr_par' dir='ltr' id='par_1_111' title="bbox 2176 5104 3824 5191">
     <span class='ocr_line' id='line_1_111' title="bbox 2176 5104 3824 5191; baseline 0.008 -33"><span class='ocrx_word' id='word_1_843' title='bbox 2176 5130 2204 5159; x_wconf 84' lang='grc' dir='ltr'>ιι</span> <span class='ocrx_word' id='word_1_844' title='bbox 2238 5106 2486 5164; x_wconf 79' lang='grc' dir='ltr'>Ἀνανίαν</span> <span class='ocrx_word' id='word_1_845' title='bbox 2532 5104 2866 5177; x_wconf 76' lang='grc' dir='ltr'>εἰσελθόντα,</span> <span class='ocrx_word' id='word_1_846' title='bbox 2925 5109 3017 5163; x_wconf 84' lang='grc' dir='ltr'>καὶ</span> <span class='ocrx_word' id='word_1_847' title='bbox 3075 5108 3378 5167; x_wconf 68' lang='grc' dir='ltr'>ἐπιτιθέντα</span> <span class='ocrx_word' id='word_1_848' title='bbox 3430 5113 3579 5186; x_wconf 82' lang='grc' dir='ltr'>αὐτῷ</span> <span class='ocrx_word' id='word_1_849' title='bbox 3637 5120 3824 5191; x_wconf 82' lang='grc' dir='ltr'>χεῖρα,</span> 
     </span>
    </p>
   </div>
   <div class='ocr_carea' id='block_1_112' title="bbox 2173 5189 2778 5268">
    <p class='ocr_par' dir='ltr' id='par_1_112' title="bbox 2173 5189 2778 5268">
     <span class='ocr_line' id='line_1_112' title="bbox 2173 5189 2778 5268; baseline 0.003 -20"><span class='ocrx_word' id='word_1_850' title='bbox 2173 5221 2200 5248; x_wconf 89' lang='grc'>‹‹</span> <span class='ocrx_word' id='word_1_851' title='bbox 2237 5196 2385 5256; x_wconf 77' lang='grc' dir='ltr'>ὅπως</span> <span class='ocrx_word' id='word_1_852' title='bbox 2419 5189 2717 5268; x_wconf 72' lang='grc' dir='ltr'>ἀναϐλέψῃ.</span> <span class='ocrx_word' id='word_1_853' title='bbox 2755 5226 2778 5250; x_wconf 72' lang='grc' dir='ltr'><strong>ι</strong></span> 
     </span>
    </p>
   </div>
   <div class='ocr_carea' id='block_1_113' title="bbox 2243 5280 3823 5368">
    <p class='ocr_par' dir='ltr' id='par_1_113' title="bbox 2243 5280 3823 5368">
     <span class='ocr_line' id='line_1_113' title="bbox 2243 5280 3823 5368; baseline 0.007 -28"><span class='ocrx_word' id='word_1_854' title='bbox 2243 5283 2312 5340; x_wconf 86' lang='grc' dir='ltr'>Τί</span> <span class='ocrx_word' id='word_1_855' title='bbox 2339 5280 2407 5353; x_wconf 70' lang='grc' dir='ltr'>δή</span> <span class='ocrx_word' id='word_1_856' title='bbox 2441 5303 2572 5338; x_wconf 85' lang='grc' dir='ltr'>ποτε</span> <span class='ocrx_word' id='word_1_857' title='bbox 2603 5281 2796 5339; x_wconf 72' lang='grc' dir='ltr'>οὐδένα</span> <span class='ocrx_word' id='word_1_858' title='bbox 2853 5289 2962 5341; x_wconf 83' lang='grc' dir='ltr'>τῶν</span> <span class='ocrx_word' id='word_1_859' title='bbox 3023 5287 3355 5357; x_wconf 79' lang='grc' dir='ltr'>ἀξιοπίστων</span> <span class='ocrx_word' id='word_1_860' title='bbox 3414 5291 3502 5346; x_wconf 81' lang='grc' dir='ltr'>καὶ</span> <span class='ocrx_word' id='word_1_861' title='bbox 3565 5293 3823 5368; x_wconf 87' lang='grc' dir='ltr'>μεγάλων</span> 
     </span>
    </p>
   </div>
   <div class='ocr_carea' id='block_1_114' title="bbox 2172 5370 3824 5450">
    <p class='ocr_par' dir='ltr' id='par_1_114' title="bbox 2172 5370 3824 5450">
     <span class='ocr_line' id='line_1_114' title="bbox 2172 5370 3824 5450; baseline 0.007 -22"><span class='ocrx_word' id='word_1_862' title='bbox 2172 5371 2438 5441; x_wconf 74' lang='grc' dir='ltr'>ε’ἶλκυσεν,</span> <span class='ocrx_word' id='word_1_863' title='bbox 2497 5370 2624 5427; x_wconf 72' lang='grc' dir='ltr'>οὑδὲ</span> <span class='ocrx_word' id='word_1_864' title='bbox 2687 5376 2980 5446; x_wconf 82' lang='grc' dir='ltr'>μετέστησε</span> <span class='ocrx_word' id='word_1_865' title='bbox 3043 5377 3182 5450; x_wconf 86' lang='grc' dir='ltr'>πρὸς</span> <span class='ocrx_word' id='word_1_866' title='bbox 3265 5381 3365 5449; x_wconf 77' lang='grc' dir='ltr'>τήν</span> <span class='ocrx_word' id='word_1_867' title='bbox 3424 5385 3522 5436; x_wconf 75' lang='grc' dir='ltr'>τοῦ</span> <span class='ocrx_word' id='word_1_868' title='bbox 3601 5382 3824 5440; x_wconf 87' lang='grc' dir='ltr'>Παύλου</span> 
     </span>
    </p>
   </div>
   <div class='ocr_carea' id='block_1_115' title="bbox 2169 5459 3825 5548">
    <p class='ocr_par' dir='ltr' id='par_1_115' title="bbox 2169 5459 3825 5548">
     <span class='ocr_line' id='line_1_115' title="bbox 2169 5459 3825 5548; baseline 0.008 -30"><span class='ocrx_word' id='word_1_869' title='bbox 2169 5463 2505 5536; x_wconf 77' lang='grc' dir='ltr'>κατήγησιν,</span> <span class='ocrx_word' id='word_1_870' title='bbox 2564 5459 2690 5517; x_wconf 82' lang='grc' dir='ltr'>ἀλλ’</span> <span class='ocrx_word' id='word_1_871' title='bbox 2745 5463 2994 5522; x_wconf 86' lang='grc' dir='ltr'>Ἀνανίαν</span> <span class='ocrx_word' id='word_1_872' title='bbox 3053 5463 3182 5523; x_wconf 75' lang='grc' dir='ltr'>ὄντα</span> <span class='ocrx_word' id='word_1_873' title='bbox 3238 5473 3348 5524; x_wconf 80' lang='grc' dir='ltr'>τῶν</span> <span class='ocrx_word' id='word_1_874' title='bbox 3401 5464 3825 5548; x_wconf 60' lang='grc' dir='ltr'>ἑϐδομήκοντη</span> 
     </span>
    </p>
   </div>
  </div>
