4134 6196
255 327 368 387 169

250 456 472 527 Ἐπειδή
510 457 611 513 οὔκ
651 451 855 529 ἔμελλε
910 452 979 510 δί’
1036 454 1335 528 ἀνθρώπων
1392 453 1696 529 ἑνᾶγεσθαι,
1751 452 1897 509 ἀλλὰ

252 548 319 604 δι’
350 549 515 604 αὐτοῦ
545 551 642 602 τοῦ
678 549 931 618 Χριστοῦ.
973 543 1125 601 Ἐπεὶ
1182 545 1271 598 καὶ
1332 542 1490 606 οὗτος
1549 541 1756 616 ἐδίδαξε
1807 544 1902 616 μὶν

252 640 408 696 αὐτὸν
447 635 628 703 οὐδὲν,
687 633 944 691 ἐϐίπτισε
997 632 1310 705 δὶῖξμόνον.
1359 637 1512 706 ’Ἅμα
1568 633 1670 706 γὰρ
1728 652 1898 709 φωτι-

253 731 391 792 σθεὶς
443 726 645 800 ἔμελλε
704 725 922 792 πολλῆν
970 723 1360 779 ἐπισπάσασθαι
1431 729 1528 778 τοῦ
1590 722 1898 794 Ilva-59.110;

253 823 407 896 χάριν
447 821 555 874 ἀπὸ
588 823 683 873 τοῦ
717 815 1011 888 ζήλου’καὶ
1065 823 1167 884 τῆς
1222 815 1555 891 προθυμίας.
1619 816 1893 871 Ἐντεῦθεν

255 910 309 964 δὲ
348 907 685 980 σημειωτέον
719 907 803 960 ὅτι
862 905 1036 959 ἐκεῖνα
1067 905 1132 958 τὰ
1189 904 1436 977 ὀνεὲρατα
1491 900 1572 957 δεῖ
1623 901 1894 977 λέγεσθαι,

252 1001 382 1073 ἅπερ
440 995 754 1074 κοινωςοελῆ
805 995 939 1061 ἔστι,
987 994 1079 1049 καὶ
1138 988 1514 1064 συμϐάλλεται
1576 992 1650 1052 εἰς
1714 990 1897 1046 θεοσέ-

251 1084 422 1152 ϐειαν,
459 1088 558 1141 ὅσα
617 1085 736 1161 ἔχει
791 1089 890 1139 τοῦ
946 1083 1146 1156 Κυρίου
1201 1084 1303 1151 τὴν
1361 1078 1693 1154 παράστασιν
1726 1081 1760 1148 ἢ
1793 1079 1897 1154 ἀγ-

249 1176 447 1254 γὲλων.
482 1179 638 1232 Ἐστι
671 1173 730 1230 δὲ
757 1173 848 1228 καὶ
894 1174 1010 1228 κατ’
1063 1168 1193 1244 ὄναρ
1261 1168 1430 1235 ἰδικα,
1465 1165 1497 1223 ἅ
1528 1168 1628 1224 οὐκ
1684 1167 1894 1247 ὀφείλει

249 1265 555 1330 λαλεῖσθαι.
590 1264 770 1333 Πλὴν,
804 1264 846 1318 εἰ
878 1263 968 1318 καὶ
1011 1260 1159 1332 ἰδική
1191 1266 1288 1316 τοῦ
1318 1257 1536 1315 Σαύλου
1566 1261 1600 1328 ἡ
1633 1257 1892 1336 ὠφέλεια,

250 1354 494 1410 ἇλλόὗν
557 1351 698 1416 ἴασις
760 1349 1061 1425 παράδοξος
1109 1345 1382 1424 συμϐᾶσα,
1440 1347 1604 1403 πάλιν
1666 1347 1743 1405 εἰς
1774 1359 1895 1410 θεο-

249 1439 453 1499 σέὅειαν
483 1449 590 1498 τῶν
624 1441 912 1515 ἄνθρωπον
963 1438 1378 1514 προσκαλεῖται·
1434 1439 1524 1492 καὶ
1585 1434 1674 1490 διὰ
1731 1441 1894 1490 τοῦτο

247 1536 317 1594 ὡς
357 1531 672 1610 κοινωφελῆ
732 1529 1080 1593 ἐκλαλεῖσθαι
1139 1527 1269 1586 ἔδει.
1327 1553 1353 1579 ‹‹
1386 1527 1644 1587 Ἀναστὰς
1696 1526 1895 1598 πορεύ-

243 1625 382 1694 θητι.
423 1647 450 1671 η
481 1621 582 1676 Καὶ
613 1622 770 1682 οὗτος
804 1622 832 1675 6
863 1619 1111 1678 ’Δνανίας
1165 1615 1416 1679 διάκονος
1475 1619 1564 1685 ἦν,
1610 1615 1685 1678 ὡς
1731 1614 1892 1676 αὐτὸς

245 1711 456 1775 Παῦλος
493 1716 760 1787 μαρτυρεῖ
816 1709 867 1766 ἐν
917 1715 1035 1771 τοῖς
1089 1708 1300 1764 κανόσι.
1361 1711 1538 1766 Τοῦτο
1598 1703 1655 1761 δὲ
1706 1701 1894 1780 γέγονε

243 1803 328 1859 δια
353 1805 416 1858 τὸ
461 1805 539 1876 μή
591 1806 840 1877 παρεῖναι
887 1794 1251 1874 πρεσϐύτερον
1286 1798 1338 1852 ὲν
1400 1800 1672 1870 Δαμασκῷ
1714 1793 1889 1852 ἕνεκεν

1244 320 1654 382 COMMENT.
1703 320 1775 379 IN
1823 319 2022 390 ACTA
2068 321 2663 386 APOS'I‘OLORUM.

3538 326 3658 390 1⁸10

2008 454 2172 527 ginta
2199 455 2228 511 ?
2255 457 2544 523 Quoniam
2577 475 2684 529 per
2711 460 2945 514 omines
2976 458 3331 515 inducturus
3362 477 3498 518 eum
3531 477 3656 520 non

2010 553 2154 612 erat,
2207 548 2310 602 sed
2368 565 2474 620 per
2531 550 2724 620 ipsum
2787 551 3101 606 (‘hristum.
3138 552 3440 623 Siquidem
3499 555 3654 612 nihil

2008 653 2141 691 eum
2177 637 2396 699 docuit.
2431 639 2533 693 sed
2567 646 2793 694 tantum
2818 640 3146 711 baptizavit.
3180 643 3367 698 Simul
3397 645 3558 700 enim
3590 652 3656 701 ut

2008 725 2113 780 illu
2127 726 2383 782 minatus
2415 735 2589 791 esset,
2616 745 2889 801 magnam
2922 731 3172 800 Spiritus
3196 734 3443 802 gratiam
3475 751 3510 789 a
3529 735 3652 790 zelo

2007 815 2314 886 animique
2373 817 2840 887 promptitudine
2870 825 3227 875 attracturus
3295 829 3440 877 erat.
3503 823 3651 880 Hinc

2005 911 2202 959 autem
2237 905 2688 976 intelligendum
2729 913 2819 961 est
2872 908 3006 962 illas
3063 909 3292 964 narrari
3323 911 3536 967 debere
3566 913 3647 967 vi-

2006 994 2205 1049 siones
2236 1001 2337 1048 aut
2369 996 2601 1049 somnia
2632 1013 2762 1066 quae
2796 996 2855 1050 in
2886 1013 3262 1053 communem
3322 1006 3462 1054 sunt
3486 1001 3647 1056 utili-

2005 1088 2207 1148 tatem,
2241 1085 2676 1155 conferuntque
2703 1084 2776 1139 ad
2811 1086 2910 1139 Dei
2943 1086 3190 1142 cultum.
3224 1104 3354 1157 qua)
3411 1089 3644 1145 Domini

2003 1171 2401 1228 assistentiam
2422 1173 3254 1246 habentautangelorumCon
3266 1176 3644 1247 tingitautem

2003 1267 2062 1315 et
2092 1263 2314 1332 privata
2362 1280 2468 1334 per
2524 1281 2797 1319 somnum
2832 1264 3039 1331 videri,
3068 1282 3199 1336 quas
3247 1282 3367 1321 non
3425 1267 3647 1323 debent

2004 1349 2232 1406 referri.
2267 1355 2541 1406 Attamen
2575 1370 2919 1424 quanquam
2953 1355 3047 1408 hic
3077 1355 3301 1425 privata
3332 1361 3458 1410 erat
3489 1356 3647 1412 Sauli

2002 1441 2250 1505 utilitas,
2283 1448 2340 1497 at
2373 1449 2532 1498 certe
2590 1443 2946 1499 admiranda
3001 1462 3133 1515 quas
3192 1447 3407 1501 accidit
3465 1448 3648 1514 salus,

2003 1547 2238 1586 rursum
2270 1533 2343 1587 ad
2375 1533 2639 1588 divinum
2671 1534 2897 1589 cultum
2930 1536 3168 1590 asciscit
3205 1537 3509 1593 hominem
3537 1555 3550 1593 :
3594 1545 3654 1595 et

2003 1619 2077 1674 ob
2109 1620 2166 1674 id
2200 1628 2482 1692 tanquam
2517 1622 2587 1678 de
2618 1624 2922 1678 communi
2953 1624 3208 1679 utilitate
3259 1625 3420 1696 loqui
3453 1626 3525 1681 de
3583 1644 3654 1684 ea

2002 1711 2281 1780 oportuit.
2313 1735 2332 1757 -
2367 1712 2547 1784 Surge
2590 1720 2647 1768 et
2675 1713 2840 1769 vade.
2877 1736 2904 1763 n
2939 1715 3008 1767 Et
3064 1715 3159 1770 hic
3214 1717 3473 1772 Ananias
3524 1718 3654 1775 dia-

2003 1819 2188 1858 conus
2215 1810 2360 1862 erat.
2395 1811 2572 1876 prout
2597 1807 2724 1877 ipse
2753 1806 2972 1860 Paulus
3005 1806 3064 1860 in
3111 1808 3440 1863 canonibus
3469 1815 3650 1866 testa-

242 1898 339 1948 τοῦ
364 1892 658 1968 γεγονότος
704 1889 978 1967 διωγμοῦ,
1037 1911 1062 1942 ι
1097 1888 1202 1944 Καὶ
1270 1885 1406 1942 εἶδεν
1464 1888 1516 1941 ἐν
1567 1887 1823 1959 ὁράματι.
1857 1909 1885 1937 ››

2000 1898 2112 1945 tur.
2148 1891 2212 1945 Id
2242 1863 2439 1948 autem
2473 1863 2692 1949 factum
2725 1900 2835 1959 est,
2878 1893 3038 1966 quod
3091 1897 3358 1950 Damasci
3412 1863 3653 1967 propter

241 1983 350 2041 Οὖδι
374 1981 615 2052 ἠδυνατο
647 1981 753 2056 γὰρ
785 1978 919 2035 ἰδεῖν
948 1979 1067 2034 καθ’
1100 1977 1264 2052 ὕπαρ,
1297 1973 1485 2045 ἐπειδὴ
1519 1975 1696 2048 πηρὸς
1725 1975 1815 2044 ἦν.

316 2275 338 2302 ι
397 2252 699 2327 Ἀπεκρίθη
788 2247 846 2305 δὴ
927 2249 1198 2310 Ἀνανῖας.
1271 2245 1458 2319 Κύριε,
1509 2244 1724 2316 ἀκήκοα
1780 2244 1886 2299 απὸ

241 2370 267 2396 (ι
297 2342 524 2398 πολλῶν
554 2341 679 2415 περὶ
706 2345 808 2396 τοῦ
838 2337 1032 2414 ἀνδρὸς
1058 2338 1276 2408 τούτου,
1318 2338 1416 2391 ὅσα
1473 2335 1612 2390 κακᾶ
1666 2333 1890 2406 ἑττοίησε

239 2460 258 2484 ι
290 2438 405 2494 τοῖς
440 2432 617 2507 αγῖοις
647 2451 743 2486 σου
773 2429 825 2484 ἐν
860 2427 1247 2503 Ἰερουσαλὴμ.
1300 2425 1403 2482 Καὶ
1463 2422 1574 2478 ὦδε
1630 2418 1743 2478 ἕκει
1803 2421 1889 2492 ἐξ-

234 2525 475 2579 αουσίαν
564 2523 711 2596 παρὰ
774 2527 882 2576 τῶν
931 2519 1230 2594 ἀρχιερέων
1287 2515 1448 2581 δῆσαι
1499 2517 1701 2576 πάντας
1758 2512 1886 2575 τοὺς

237 2637 257 2665 ι
291 2609 764 2684 ἐπικαλουμένους
795 2611 856 2664 τὸ
891 2607 1066 2680 ὄνομά
1107 2628 1225 2664 σου.
1278 2607 1417 2663 Εἷπε
1448 2601 1505 2659 δὲ
1559 2604 1696 2676 πρὸς
1729 2601 1888 2657 αὐτὸν

237 2726 257 2753 ι
290 2705 317 2758 6
360 2702 578 2776 Κύριοςο
628 2700 893 2776 Πορεύου,
928 2700 1012 2753 ὅτι
1045 2701 1233 2760 σκεῦος
1291 2694 1524 2768 ἐκλογῆς
1596 2693 1690 2767 μοί
1747 2713 1888 2748 εστιν

228 2820 254 2845 κ
287 2791 470 2862 οὗτος,
501 2795 600 2846 τοῦ
647 2790 906 2865 βαστάσαι
936 2789 1000 2843 τὸ
1031 2784 1208 2859 ὄνομα
1269 2807 1374 2858 μου
1429 2783 1661 2840 ὲνῶπιον
1716 2781 1885 2838 ἐθνῶν

230 2882 369 2936 «καὶ
431 2880 729 2955 βασιλέων,
789 2879 922 2932 υἱῶν
970 2898 1028 2932 τε
1087 2873 1328 2948 Ἰσραήλ.
1389 2875 1528 2948 Ἐγώ
1585 2874 1686 2947 γὰρ
1747 2872 1886 2927 ὑπο-

237 2996 263 3023 α
296 2970 452 3045 δείξω
479 2971 626 3043 αὖτῷ
675 2970 772 3024 ὅσα
802 2966 885 3024 δεῖ
914 2969 1077 3023 αὐτὸν
1115 2966 1247 3040 ὑπὲρ
1295 2969 1392 3020 τοῦ
1449 2963 1719 3036 ὀνόματός
1782 2984 1886 3036 μου

239 3068 507 3125 «παθεῖν.
582 3056 828 3128 Ἀπὴλθε
913 3055 970 3112 δὲ
1019 3055 1294 3123 Ἀνανίας,
1349 3053 1440 3109 καὶ
1499 3052 1750 3123 εἰσῆλθεν
1809 3051 1886 3114 εἰς

239 3173 261 3202 ι
293 3151 393 3218 τὴν
427 3148 623 3204 οἰκίαν·
656 3148 746 3203 καὶ
778 3146 981 3211 ἐπιθεὶς
1011 3145 1092 3200 ἐπ’
1137 3143 1296 3199 αὐτὸν
1352 3143 1447 3204 τὰς
1508 3147 1699 3216 χεῖρας
1745 3140 1878 3194 εἴπω

238 3258 259 3288 ι
295 3237 479 3293 Σαοὺλ
511 3236 728 3314 ἀδελφέ.
758 3264 779 3291 ι

307 3352 333 3382 ι
364 3328 610 3397 Ἀκήκοα
660 3327 768 3380 ἀπὸ
817 3324 1066 3381 πολλῶν.
1104 3349 1131 3375 ››
1183 3323 1366 3381 Ταῦτά
1427 3341 1588 3400 φησιν
1649 3320 1677 3374 6
1727 3319 1886 3376 Ἀνα-

229 3417 370 3486 νὶας,
403 3417 514 3492 οὐχ
544 3417 619 3478 ὡς
650 3416 890 3471 ἀπιστῶν
911 3419 1031 3475 τοῖς
1090 3412 1435 3488 λεγομένοις,
1489 3408 1618 3465 οὐδὲ
1665 3411 1884 3477 ἡπατῆ-

238 3509 356 3560 σθαι
387 3507 625 3579 νομέζων
682 3505 776 3559 τὸν
825 3505 1086 3580 Χριστόνο
1139 3504 1215 3577 μὴ
1266 3501 1530 3578 γὲνοιτοέ
1590 3497 1737 3553 ἀλλὰ
1787 3518 1882 3573 φοι

233 3591 499 3668 ϐοὖμενος
550 3596 642 3650 καὶ
729 3590 968 3668 τρέμων.
1056 3593 1220 3654 Εἰκὸς
1293 3592 1393 3668 γὰρ
1446 3591 1514 3659 ἦν
1576 3588 1774 3650 αὐτοὺς
1833 3587 1886 3653 ἐν

232 3684 388 3761 φόϐῳ
461 3687 620 3750 ὄντας
698 3686 1167 3761 περιεργάζεσθαι,
1264 3683 1404 3738 ὥστε
1483 3679 1764 3755 μανθάνειν
1819 3680 1886 3734 τὰ

227 3780 341 3832 κατ’
373 3777 550 3831 αὐτῶν
605 3777 900 3850 ὁριζόμενα
932 3774 1066 3835 ιέπεὶ
1124 3774 1286 3838 πόθεν
1315 3773 1382 3841 ἧν
1443 3769 1613 3840 δῆλον
1676 3770 1882 3837 αὐτοῖς,

235 3869 314 3921 ὅτι
347 3868 440 3921 καὶ
482 3865 591 3920 ὦδε
648 3865 890 3938 ἐξουσίαν
949 3860 1065 3943 ἔχει
1125 3864 1272 3938 παρά
1326 3866 1433 3916 τῶν
1493 3859 1885 3936 ἀρχιερέωνς)

231 3956 317 4010 καὶ
354 3957 560 4030 λέγειν,
621 3956 705 4010 ὅτι
763 3953 980 4009 Τούτων
1040 3951 1211 4007 ὄντων
1269 3957 1387 4013 πῶς
1439 3948 1657 4004 δύναται
1717 3952 1884 4002 ταῦτα

228 4046 617 4121 γενέσθαι;’1’ί
674 4048 768 4100 οὖν
827 4046 854 4099 6
906 4045 1101 4119 Κύριος
1149 4046 1177 4098 6
1234 4049 1352 4104 ταῖς
1409 4039 1657 4116 καρδίαις
1712 4037 1884 4113 ἐμϐα-

228 4138 397 4192 τεόων
427 4137 567 4191 κατᾶ
600 4134 817 4190 Παύλου
876 4133 1253 4208 ἐμαρτ·3ρησε;
1306 4130 1578 4187 Δεῖκνυσιν
1639 4129 1722 4184 ὅτι
1781 4130 1884 4184 οὐκ

226 4221 332 4280 ἔστι
369 4224 828 4305 ι’ξιιονικὴὴκακία
884 4223 1052 4297 αὐτῷ.
1116 4227 1317 4285 Σκεῦος
1373 4223 1497 4299 γὰρ,
1549 4219 1735 4299 φησὶν,
1796 4217 1883 4274 ἐκ·

231 4303 402 4388 λογῆς
436 4315 570 4371 ἐστι.
608 4315 708 4370 Διά
762 4317 950 4383 τοῦτο,
1011 4313 1198 4388 φησὶν,
1253 4307 1445 4382 ἔδειξεν
1506 4308 1592 4364 ὅτι
1649 4303 1879 4380 δόκιμὸς

227 4401 358 4458 ἐστι·
394 4404 456 4458 τὸ
490 4401 722 4476 δόκιμον
779 4402 882 4478 γὰρ
936 4423 1020 4464 τις
1077 4398 1351 4476 ἐκλέγεται
1402 4403 1612 4460 σκεῦος.
1673 4397 1776 4452 Καί
1821 4395 1883 4450 οὐ

229 4493 390 4564 μόνον
420 4494 615 4554 πιστὸς
648 4488 818 4558 ἔσται,
849 4491 1035 4567 φησὶν,
1069 4488 1214 4545 ἀλλὰ
1269 4491 1360 4544 καὶ
1419 4486 1749 4547 διδασκαλος
1789 4485 1880 4539 καὶ

1997 1988 2220 2037 motam
2253 1984 2732 2054 persecutionem
2756 2001 2875 2040 non
2897 1985 3132 2041 adesset
3159 1985 3485 2058 presbyter.
3523 2012 3544 2036 ι
3581 1987 3652 2040 Et

1995 2070 2141 2126 vidit
2164 2088 2268 2142 per
2297 2072 2505 2128 visum.
2525 2095 2552 2122 ››
2586 2075 2786 2145 Neque
2808 2075 2967 2130 enim
2993 2092 3192 2130 revera
3212 2075 3408 2131 videre
3430 2076 3642 2147 potuit,

1996 2161 2278 2230 quoniam
2308 2176 2501 2218 caecus
2530 2169 2676 2218 erat.

2070 2250 2165 2311 ΙΧ,
2195 2253 2382 2306 13-17.
2417 2273 2443 2303 ι
2474 2253 2802 2324 Respondit
2825 2260 3021 2310 autem
3048 2255 3307 2311 Ananias
3333 2272 3345 2309 :
3373 2254 3642 2324 Domine,

1998 2359 2025 2386 ‹‹
2057 2337 2255 2394 audivi
2291 2357 2362 2395 ex
2394 2341 2598 2396 multis
2630 2341 2701 2398 de
2734 2343 2855 2398 viro
2884 2344 3015 2411 hoc,
3048 2350 3270 2416 quanta
3299 2345 3459 2400 mala
3487 2345 3644 2400 fece-

1998 2449 2026 2477 «
2057 2428 2137 2482 rit
2167 2431 2386 2485 sanctis
2421 2431 2539 2486 tuis
2569 2432 2972 2503 Jerosolymis.
3027 2436 3092 2488 lit
3125 2435 3232 2490 hoc
3288 2434 3418 2489 loco
3475 2441 3646 2506 pote-

1994 2543 2022 2569 ‹‹
2051 2525 2263 2576 statem
2297 2521 2475 2577 habet
2504 2539 2538 2577 a
2569 2523 2938 2595 principibus
2962 2526 3333 2581 sacerdotum
3351 2523 3646 2581 vinciendi

1994 2631 2022 2660 «
2048 2625 2259 2666 omnes
2279 2613 2377 2682 qui
2399 2612 2783 2668 invocant81
2814 2630 3033 2669 nomen
3058 2621 3244 2670 tuum.
3275 2615 3426 2670 Dixit
3447 2621 3646 2671 autem

1999 2721 2019 2746 ι
2056 2699 2129 2753 ad
2162 2716 2298 2754 eum
2332 2701 2615 2756 Dominus
2645 2717 2658 2755 :
2694 2701 2875 2763 Vade,
2911 2703 3196 2774 quoniam
3236 2720 3334 2758 vas
3391 2703 3648 2758 electum

1997 2809 2023 2835 ιι
2057 2793 2148 2842 est
2176 2789 2321 2843 mihi
2369 2791 2500 2854 iste,
2552 2795 2618 2844 ut
2669 2797 2865 2861 portet
2915 2808 3132 2848 nomen
3188 2809 3387 2846 meum
3445 2807 3647 2846 coram

1997 2899 2018 2926 α
2054 2879 2329 2948 gentibus
2363 2885 2422 2933 et
2452 2880 2708 2951 regibus,
2743 2897 2810 2935 ac
2857 2881 2994 2936 ﬁliis
3045 2882 3246 2937 Israel.
3306 2883 3422 2953 Ego
3481 2881 3638 2934 enim

1997 2987 2024 3014 ιι
2060 2966 2368 3022 ostendam
2399 2968 2484 3021 illi
2518 2974 2742 3038 quanta
2773 2975 3044 3038 oporteat
3073 2985 3207 3023 eum
3241 2986 3346 3040 pro
3396 2969 3638 3023 nomine

1993 3077 2019 3104 «
2057 3071 2188 3109 meo
2248 3057 2389 3126 pati.
2453 3059 2520 3110 Et
2568 3057 2720 3110 abiit
2780 3057 3061 3122 Ananias,
3123 3058 3502 3128 introivitque
3578 3057 3642 3112 in

1997 3165 2022 3192 ι(
2067 3143 2330 3211 domum,
2364 3151 2423 3199 et
2453 3145 2747 3216 impositis
2794 3145 2881 3199 illi
2937 3145 3212 3201 manibus
3269 3146 3462 3202 dixit:
3497 3145 3642 3202 SauI

1912 3202 1954 3268 δ
1995 3258 2022 3286 ιι
2056 3233 2258 3290 frater.
2307 3202 2333 3284 ᾖ

2065 3345 2088 3376 ι
2122 3324 2330 3380 Audivi
2362 3342 2432 3380 ex
2477 3326 2701 3382 multis.
2736 3347 2763 3375 »
2820 3328 2954 3382 Πίου
3013 3327 3159 3383 dicit
3202 3327 3486 3395 Ananias,
3517 3344 3638 3384 non

1991 3419 2273 3486 tanquam
2310 3415 2655 3471 incredulus
2701 3417 2793 3471 his
2851 3434 2982 3488 qua;
3024 3417 3394 3485 dicebantur,
3445 3434 3641 3489 neque

1991 3521 2187 3560 errare
2221 3505 2517 3560 Christum
2557 3506 2944 3562 existimans:
3006 3506 3196 3562 absit!
3259 3508 3362 3564 sed
3425 3509 3643 3564 timens

1991 3610 2058 3649 ac
2089 3601 2367 3650 tremens.
2432 3597 2570 3650 Erat
2601 3597 2762 3651 enim
2822 3597 3118 3654 versimile
3168 3597 3327 3668 quod
3391 3615 3526 3654 cum
3583 3599 3646 3654 in

1992 3684 2202 3739 timore
2235 3691 2457 3746 essent,
2520 3685 2997 3748 sciscitabantur,
3050 3689 3116 3742 ut
3168 3687 3466 3743 discerent
3516 3705 3647 3758 qua:

1989 3781 2196 3829 contra
2219 3791 2279 3828 se
2313 3774 2558 3830 deﬁnita
2591 3782 2779 3830 erant.
2817 3776 3072 3847 (Alioqui
3131 3778 3288 3830 enim
3350 3777 3646 3847 quomodo

1988 3861 2109 3917 illis
2144 3863 2524 3918 manifestum
2585 3870 2743 3919 esset
2800 3865 2957 3935 quod
3010 3866 3188 3920 etiam
3250 3865 3343 3920 hic
3403 3865 3649 3921 haberet

1989 3957 2341 4021 potestatem
2374 3970 2408 4008 a
2431 3953 2800 4023 principibus
2832 3953 3209 4008 sacerdotum
3240 3954 3285 4016 ‘3)
3316 3956 3519 4025 Itaque
3551 3954 3644 4010 di-

1987 4040 2197 4096 cebat:
2230 4047 2370 4096 Cum
2407 4043 2531 4097 haec
2586 4044 2668 4096 ita
2700 4043 2839 4102 sint.
2873 4041 3170 4112 quomodo
3222 4051 3473 4115 possunt
3529 4045 3644 4101 ista

1989 4132 2355 4198 ﬁeri?Quid
2414 4150 2551 4205 ergo
2612 4133 2920 4194 Dominus,
2981 4133 3041 4188 in
3102 4151 3306 4190 eorum
3366 4136 3643 4190 cordibus

1989 4220 2284 4284 habitans.
2319 4221 2601 4276 adversus
2636 4221 2882 4276 Paulum
2935 4223 3264 4278 testabatur
3291 4224 3318 4280 ?
3373 4223 3645 4279 Ostendit

1987 4328 2106 4366 non
2139 4327 2268 4366 esse
2301 4311 2572 4365 naturale
2603 4311 2690 4364 illi
2737 4311 2967 4367 vitium.
3030 4314 3171 4367 Nam
3229 4330 3328 4368 vas
3387 4313 3641 4368 electum

1987 4405 2096 4466 est,
2131 4398 2344 4468 inquit.
2379 4399 2699 4469 Propterea
2730 4399 2994 4454 ostendit
3022 4399 3178 4469 quod
3210 4399 3491 4470 probatus
3523 4401 3600 4455 sit
3627 4417 3642 4454 :

1988 4507 2125 4546 nam
2149 4489 2461 4560 probatum
2487 4506 2584 4544 vas
2607 4490 2799 4560 quivis
2826 4490 3010 4564 eligit.
3037 4493 3151 4546 Nec
3174 4490 3391 4553 solum,
3423 4490 3641 4562 inquit,

223 4587 392 4659 κῆρυξ
444 4591 546 4652 τῆς
621 4582 969 4656 οἰκουμένης,
1042 4579 1187 4638 ἀλλὰ
1246 4581 1332 4636 καὶ
1391 4579 1627 4635 πείσεται
1685 4575 1873 4632 πολλᾶ

2000 4579 2178 4634 idelis
2211 4579 2346 4638 erit.
2368 4577 2470 4633 sed
2498 4584 2557 4634 et
2573 4584 2902 4650 praeceptor
2920 4595 2986 4634 ac
3008 4577 3362 4651 praedicator
3383 4579 3643 4636 universi

227 4673 358 4749 ὑπὲρ
387 4674 548 4748 ἒμοῦ.
580 4674 678 4727 Δια
701 4673 863 4727 τοῦτὸ
895 4693 1079 4750 φησιν,
1121 4670 1204 4725 ὅτι
1239 4673 1440 4731 Σκεῦος
1491 4666 1726 4741 ἐκλογῆς
1788 4665 1887 4738 μοί

231 4761 362 4830 ἰστι,
385 4763 480 4818 καὶ
510 4764 593 4818 ὅτι
629 4763 882 4837 βαστάσει
921 4761 982 4815 τὸ
1027 4758 1203 4832 ὄνομα
1237 4781 1363 4832 μου.
1417 4758 1568 4814 Ἐπεὶ
1623 4754 1680 4811 δὲ
1710 4755 1884 4810 ἀκού-

229 4871 319 4912 σας
352 4852 665 4914 ὁἈνανίας
712 4852 795 4905 ὅτι
851 4847 1055 4923 τυφλός
1100 4848 1242 4904 ἐστιν
1301 4849 1329 4902 6
1382 4851 1621 4914 Παῦλος,
1682 4844 1883 4922 ἐχάρη,

225 4944 313 4994 και
349 4942 651 5016 μονονουχὶ
682 4946 843 4996 τοῦτο
889 4939 1037 5017 λέγει
1066 4937 1154 4995 διὰ
1201 4944 1310 4994 τῶν
1369 4938 1534 4993 αὑτοῦ
1595 4936 1878 5012 ῥημάτων.

229 5029 426 5093 Καλῶς
509 5025 646 5106 ἔχει,
708 5028 836 5104 ἄφες
906 5030 1066 5084 αὐτὸν
1125 5033 1506 5101 πεπηρῶσθαιο
1565 5028 1616 5082 τί
1674 5047 1740 5098 με
1791 5046 1880 5080 κε-

229 5116 407 5180 λεύεις
438 5120 645 5189 ἀνοῖξαι
680 5118 806 5183 τοὺς
837 5117 1157 5196 ὀαθάλμοὺς
1194 5139 1208 5184 ;
1253 5115 1346 5172 ’ἱνα
1401 5116 1562 5171 πάλιν
1621 5114 1833 5190 κολάσῃ
1865 5134 1880 5184 ;

224 5208 298 5260 Οὐ
333 5211 522 5280 μόνον,
557 5209 742 5285 φησὶν,
805 5205 958 5264 οὐδεν
1019 5207 1296 5284 ἐργάσεται
1357 5203 1554 5278 δεινὸν,
1585 5203 1732 5259 ἀλλά
1789 5202 1881 5258 καὶ

231 5299 478 5353 πείσεται
512 5297 700 5354 πολλᾶ
734 5299 863 5372 ὑπὲρ
895 5298 1058 5372 ἐμοῦ.
1227 5303 1239 5314 ’

295 5478 394 5544 αό
423 5477 628 5551 Κύριος
661 5476 962 5533 ἀπεσταλκὲ
998 5499 1063 5550 με
1085 5479 1113 5533 6
1168 5477 1352 5555 ὀφθεὶς
1411 5497 1493 5530 σοι
1557 5474 1608 5530 ἐν
1668 5479 1737 5549 τῇ
1769 5473 1880 5548 ὁδῷ

228 5589 254 5610 κ
353 5568 560 5643 ἤρχου,
594 5569 744 5628 ὅπως
773 5561 1084 5640 ἀναϐλέψῃς
1128 5567 1216 5622 καὶ
1265 5563 1513 5634 κλησθῇς
1565 5565 1878 5638 Πνεῦματος

229 5678 256 5704 ιι
287 5657 472 5735 ἁγίου.
524 5657 626 5714 Καὶ
677 5655 873 5722 εὐθέως
934 5655 1196 5710 απὲπεσον
1257 5653 1363 5709 ἀπὸ
1414 5659 1524 5709 τῶν
1577 5653 1880 5732 ὀφθαλμῶν

428 5777 699 5841 Ρλτιιοι..
743 5775 855 5838 Gn.
907 5774 1175 5837 CXVIII.

1999 4669 2180 4736 orbis,
2207 4668 2510 4740 multaque
2537 4685 2642 4740 pro
2667 4685 2759 4723 me
2773 4669 3049 4740 patietur.
3075 4670 3394 4740 Propterea
3409 4669 3510 4731 ait,
3531 4669 3647 4726 Vas

1997 4759 2253 4814 electum
2314 4759 2457 4813 mihi
2514 4763 2622 4824 est,
2676 4764 2735 4812 et
2786 4773 3004 4812 nomen
3088 4774 3286 4813 meum
3365 4759 3644 4830 portabit.

1995 4850 2284 4916 Quoniam
2343 4855 2539 4905 autem
2596 4849 2859 4903 Ananias
2919 4848 3166 4904 audiens
3238 4849 3397 4921 quod
3455 4867 3648 4908 caecus

1995 4945 2154 4995 esset
2186 4938 2418 5003 Paulus,
2469 4938 2702 5010 gavisus
2732 4944 2840 5004 est,
2874 4943 2932 4993 et
2988 4938 3417 5010 propemodum
3448 4941 3642 4996 verbis
3676 4942 3684 4948 ’

1995 5029 2119 5083 suis
2151 5029 2259 5083 hoc
2289 5027 2468 5082 dicit:
2506 5028 2658 5081 Bene
2691 5043 2752 5081 se
2785 5027 2980 5092 habet,
3023 5029 3152 5084 sine
3204 5045 3340 5084 eum
3389 5045 3646 5086 excaeca-

1995 5125 2118 5173 tum
2151 5135 2280 5174 esse
2307 5133 2318 5172 ;
2349 5123 2412 5170 ut
2441 5115 2584 5186 quid
2614 5133 2709 5170 me
2735 5117 2911 5187 jubes
2957 5119 3085 5188 ejus
3117 5119 3321 5174 oculos
3351 5121 3584 5191 aperire
3614 5119 3642 5176 ?

1993 5225 2068 5262 an
2101 5213 2165 5261 ut
2195 5222 2430 5260 rursum
2479 5205 2695 5259 vinciat
2723 5206 2749 5260 ‘I
2780 5213 2843 5260 ut
2891 5224 3125 5263 rursum
3186 5209 3394 5280 puniat
3424 5209 3452 5264 ?
3508 5209 3640 5264 ideo

1991 5297 2069 5352 ait
2098 5314 2110 5350 :
2136 5297 2258 5350 Non
2293 5294 2482 5348 solum
2510 5294 2660 5348 nihil
2691 5294 2832 5349 mali
2863 5298 3226 5367 operabitur,
3250 5298 3351 5353 sed
3376 5305 3434 5354 et
3453 5299 3648 5355 multa

1998 5402 2100 5457 pro
2128 5401 2218 5438 me
2245 5384 2325 5438 tol
2351 5383 2538 5437 ~rabit.

2061 5476 2152 5532 1X.
2192 5476 2375 5526 17-19.
2417 5494 2436 5521 ι
2474 5473 2758 5528 Dominus
2793 5474 2952 5530 misit
2975 5493 3065 5530 me
3099 5477 3196 5546 qui
3231 5480 3506 5549 apparuit
3539 5479 3648 5535 tibi

1994 5589 2016 5619 α
2055 5566 2115 5620 in
2148 5565 2238 5619 via
2271 5579 2386 5634 qua
2420 5563 2719 5626 veniebas,
2775 5571 2838 5619 ut
2884 5567 3072 5622 visum
3137 5568 3409 5639 recipias,
3444 5578 3497 5623 et
3532 5570 3644 5622 im-

1991 5678 2019 5708 ‹‹
2050 5654 2274 5728 plearis
2301 5653 2524 5724 Spiritu
2556 5661 2782 5710 sancto.
2819 5654 3148 5727 Statimque
3181 5657 3545 5713 deciderunt
3581 5653 3653 5708 ab

3419 5774 3458 5831 6
