4134 6196
432 355 537 414 1⁵71

1445 352 1935 414 (ECUMENIUS
1980 351 2281 413 'l‘RlCOAE
2327 352 2771 415 EPISCOPUS.

3727 359 3841 420 l7!

433 505 464 536 κ
497 484 684 541 oculis
720 485 849 557 ejus
903 487 1187 555 tanquam
1241 498 1527 555 squamas,
1562 490 1621 541 et
1660 484 1851 543 visum
1908 501 2078 541 rece-

2199 505 2229 535 ι(
2258 482 2424 539 αὐτοῦ
2480 483 2607 539 ὡσεὶ
2709 482 2946 555 λεπίδες,
3025 479 3291 560 ἀνὲϐλεψὲ
3354 506 3415 543 τε
3467 485 3558 543 καὶ
3615 486 3850 557 ἆναστᾶς

437 594 463 627 ¢
497 575 602 646 pit,
637 591 704 631 ac
737 589 984 646 surgens
1034 573 1359 646 baptizatus
1417 582 1525 632 est.
1586 577 1852 648 Cumque
1919 592 2088 632 acce-

434 684 463 713 ιι
496 665 684 735 pisset
718 663 917 719 cibum
949 664 1316 720 confortatus
1347 671 1454 720 est.
1485 665 1616 720 Fuit
1645 672 1844 722 autem
1877 665 2089 722 Saulus

437 768 625 808 «cum
684 751 994 825 discipulis
1051 753 1151 825 qui
1212 760 1383 811 erant
1439 755 1709 811 Damasci
1791 756 1919 811 dies
1975 755 2086 811 ali-

440 865 470 894 α
505 849 668 915 quot.
707 866 734 893 ››

518 972 542 1004 ιι
579 952 689 1016 Qui
724 950 1002 1023 apparuit
1032 952 1159 1008 tibi.
1194 973 1221 1001 »
1251 952 1427 1023 Atqui
1459 969 1580 1007 non
1632 952 1782 1008 dixit
1827 952 1881 1007 ei
1921 952 2091 1009 Chri—

447 1046 573 1097 stus
603 1059 616 1096 :
651 1043 768 1115 Ego
803 1043 889 1097 illi
923 1042 1191 1115 apparui,
1226 1042 1329 1098 sed
1383 1043 1493 1099 hoc
1522 1060 1557 1098 a
1587 1042 1829 1115 Spiritui
1886 1049 2089 1099 sancto

451 1130 681 1188 didicit.
717 1133 930 1188 Verum
963 1149 1083 1188 non
1110 1133 1220 1188 fuit
1249 1132 1320 1188 ab
1355 1149 1422 1189 eo
1458 1133 1633 1188 visus.
1670 1133 1882 1203 Utique
1913 1132 2089 1188 rebus

447 1220 598 1294 ipsis
625 1226 683 1277 et
711 1222 977 1278 efficacia
1003 1222 1159 1278 visus
1189 1223 1302 1277 fuit
1332 1229 1390 1277 et
1422 1223 1714 1295 apparuit.
1770 1223 1897 1278 Non
1943 1220 2092 1277 dixit

446 1320 679 1370 autem:
712 1313 811 1368 88
836 1314 942 1379 Qui
976 1319 1032 1369 te
1064 1313 1393 1374 excaecavit,
1449 1314 1876 1385 improperium
1907 1311 2090 1368 decli-

445 1418 617 1471 nans,
638 1401 741 1456 sed
773 1403 873 1472 qui
905 1401 1179 1472 apparuit
1210 1401 1665 1474 tibi.:Decidunt
1682 1408 1882 1459 autem
1913 1417 2091 1473 squa-

441 1507 577 1557 mae,
610 1490 1040 1545 vehementiam
1074 1490 1355 1546 caecitatis
1402 1489 1808 1563 ostendentes,
1863 1492 2091 1549 sanita-

440 1579 635 1650 tisque
666 1577 1107 1635 certitudinem.

511 1689 609 1750 IX,
642 1690 825 1745 20.25.
861 1713 887 1740 ‹‹
923 1691 993 1745 Et
1022 1690 1337 1747 confestim
1361 1692 1423 1746 in
1456 1692 1767 1766 synagogis
1797 1691 2092 1765 praedica-

444 1799 470 1832 σ
502 1778 606 1835 bat
633 1779 952 1841 Christum,
987 1780 1145 1851 quod
1180 1782 1275 1836 hic
1307 1787 1463 1837 esset
1513 1781 1695 1837 Filius
1728 1782 1849 1837 Dei.
1885 1782 2095 1854 Stupe-

2203 597 2222 623 ι
2258 566 2580 644 ἐϐαπτίσθη,
2612 572 2702 630 καὶ
2736 568 2921 631 λαϐὼν
2981 575 3187 655 τροφὴν
3245 572 3546 653 ἐνίσχυσεν.
3598 578 3843 655 Ἐγένετο

2200 684 2228 715 α
2258 659 2315 717 δὲ
2398 663 2426 718 ὁ
2517 660 2728 728 Σαῦλος
2808 664 2942 738 μετὰ
2983 668 3090 721 τῶν
3143 662 3195 719 ἐν
3256 672 3529 742 Δαμασκῷ
3583 670 3843 744 μαθητῶν

2202 776 2224 804 ι
2262 750 2473 828 ἡμέρας
2504 753 2674 817 τινάς.
2714 778 2743 807 υ

2274 948 2383 1004 οὈ
2442 949 2627 1030 ὀφθεὶς
2681 971 2786 1008 σοι.
2823 974 2851 1003 »
2911 952 3015 1008 Καὶ
3078 953 3191 1026 μὴν
3249 952 3353 1008 οὔκ
3409 954 3558 1010 εἶπεν
3624 953 3768 1028 αὐτῷ
3815 956 3845 1012 ὁ

2196 1040 2448 1110 Χριστὸς,
2480 1039 2563 1093 ὅτι
2595 1040 2802 1119 Ὠφθην
2832 1040 3005 1113 αὐτῷ,
3058 1039 3185 1097 ἀλλ’
3223 1042 3331 1097 ἀπὸ
3380 1047 3477 1098 τοῦ
3535 1048 3848 1117 Ιινεύματος

2198 1123 2413 1201 ἔμαθεν.
2470 1128 2576 1185 Καὶ
2641 1132 2749 1204 μὴν
2809 1131 2912 1186 οὐκ
2962 1125 3143 1209 ὤφθη.
3204 1130 3308 1187 Ναὶ
3368 1129 3457 1187 διὰ
3503 1142 3842 1209 πραγματων

2196 1217 2415 1286 καὶτῆς
2443 1215 2710 1294 ἐνεργείας
2762 1215 2942 1295 ὤφθη.
3001 1221 3117 1278 υῦκ
3166 1221 3281 1278 εἶπε
3338 1219 3416 1290 δὲ,
3464 1223 3526 1283 Ὅ
3583 1225 3845 1298 πηρώσεις

2198 1326 2280 1373 σε,
2311 1305 2575 1361 ἐκκλίνων
2624 1308 2713 1362 τὸν
2774 1306 3106 1383 ὀνειδισμὸν,
3176 1307 3326 1382 ἀλλ’,
3384 1311 3445 1370 Ὀ
3495 1311 3679 1389 ὀφθεὶς
3734 1335 3844 1371 σοι.

2199 1393 2551 1452 Ἐκπίπτουσι
2586 1394 2641 1452 δὲ
2685 1394 2925 1469 λεπίδες,
2980 1399 3045 1455 τὸ
3102 1396 3339 1478 σφοδρὸν
3404 1397 3710 1457 δεικύουσαι
3741 1409 3845 1474 τῆς

2196 1481 2550 1560 τυφλώσεως,
2583 1487 2669 1542 καὶ
2700 1487 2763 1542 τὸ
2791 1483 3169 1567 ἆναμιρίϐολον
3200 1495 3303 1561 τῆς
3335 1487 3551 1554 ἰάσεως.

2273 1709 2300 1738 ‹‹
2336 1685 2438 1742 Καὶ
2489 1683 2687 1750 εὐθέως
2752 1683 2805 1741 ἐν
2862 1690 2984 1750 ταῖς
3039 1692 3385 1763 συναγωγαῖς
3437 1687 3699 1765 ἐκήρυσσε
3754 1691 3849 1747 τὸν

2206 1797 2234 1827 ιι
2266 1774 2518 1850 Χριστὸν,
2581 1776 2667 1830 δτι
2718 1774 2874 1838 οὗτός
2925 1774 3069 1832 ἐστιν
3101 1777 3130 1832 ὁ
3168 1777 3285 1839 fio:
3341 1782 3443 1833 τοῦ
3500 1782 3655 1837 Θεοῦ.
3733 1779 3849 1852 Ἐε-

446 1891 474 1920 ‹‹
506 1868 651 1924 bant
674 1874 873 1924 autem
907 1886 1114 1925 omnes
1145 1871 1246 1942 qui
1282 1887 1415 1925 eum
1455 1870 1794 1931 audiebant.
1829 1887 1897 1927 ac
1935 1871 2079 1927 dice‘

2207 1888 2234 1915 ‹‹
2272 1862 2485 1920 ίσταντο
2519 1862 2576 1919 δίι
2613 1865 2809 1927 πάντες
2856 1867 2907 1920 οἱ
2969 1866 3277 1934 ἄκούοντις,
3333 1868 3424 1924 καὶ
3480 1866 3695 1946 ἔλεγονο
3728 1849 3852 1948 Ούλχ

452 1979 474 2009 σ
502 1956 643 2013 bant
669 1973 682 2011 :
708 1959 909 2013 Nonne
938 1958 1034 2014 hic
1060 1965 1149 2014 est
1178 1959 1278 2030 qui
1311 1959 1687 2031 expugnabat
1714 1959 2094 2031 Jerosolgmis

446 2068 475 2097 ιι
505 2063 606 2102 eos
637 2048 735 2119 qui
763 2047 1110 2103 invocabant
1135 2065 1355 2103 nomen
1387 2049 1546 2104 istud
1576 2049 1603 2104 '?
1626 2051 1694 2103 Et
1724 2049 1838 2105 huc
1868 2050 1941 2105 ad
1984 2050 2096 2104 hoc

452 2156 473 2185 ι
508 2138 669 2193 venit
687 2144 752 2192 ut
771 2136 998 2193 vinctos
1029 2139 1310 2193 educeret
1331 2138 1466 2194 illos
1487 2139 1561 2193 ad
1584 2139 1885 2211 principes
1908 2152 2097 2195 sacer-

444 2249 473 2278 ι(
508 2228 710 2284 dctum
739 2228 767 2283 ‘2
796 2229 1006 2285 Saulus
1030 2246 1163 2285 vero
1194 2230 1383 2303 magis
1407 2230 1824 2299 invalescebat,
1862 2238 1919 2287 et
1946 2249 2093 2288 con-

442 2337 470 2365 α
502 2315 791 2373 fundebat
818 2317 1052 2374 Iudaeos
1083 2319 1183 2389 qui
1216 2318 1491 2374 habitant
1532 2320 1823 2381 Damasci.
1874 2320 2089 2375 conﬁr-

442 2428 470 2456 ‹‹
504 2422 675 2463 mans
697 2408 858 2464 hunc
881 2425 1009 2463 esse
1034 2408 1350 2464 Christum.
1380 2408 1639 2481 Expletis
1662 2420 1860 2465 autem
1883 2409 2092 2465 diebus

441 2518 471 2548 «
504 2498 931 2569 compluribus,
962 2499 1229 2554 inierunt
1256 2498 1413 2554 inter
1443 2516 1505 2554 se
1548 2499 1732 2555 Judaei
1772 2499 2090 2554 consilium

444 2607 472 2637 ιι
503 2593 568 2641 ut
597 2587 793 2659 ipsum
836 2587 1193 2643 occiderent.
1258 2589 1471 2644 Verum
1516 2594 1671 2644 notae
1728 2589 1896 2644 factm
1955 2595 2093 2645 sunt

443 2699 472 2728 ι(
506 2676 681 2732 Saulo
716 2677 947 2731 insidiae
979 2692 1205 2732 eorum.
1245 2678 1313 2731 Et
1340 2677 1724 2733 asservabant
1762 2682 1961 2749 portas
1996 2678 2090 2732 die

443 2790 472 2818 «
505 2786 571 2823 ac
600 2774 773 2823 nocte
795 2774 861 2822 ut
899 2769 1091 2839 ipsum
1126 2767 1483 2824 occiderent.
1521 2773 1837 2839 Acceptum
1890 2773 2090 2823 autem

443 2881 471 2908 ιι
507 2874 640 2913 eum
665 2857 937 2928 discipuli
967 2863 1149 2913 noctu
1175 2874 1281 2929 per
1307 2855 1936 2927 murum‘demiserunt
1958 2856 2092 2912 sub-

448 2968 470 2999 ι
507 2948 814 3004 mittentes
846 2947 905 3002 in
938 2954 1158 3019 sporta.
1193 2968 1222 2997 ››

514 3080 542 3108 ‹‹
566 3055 933 3112 Priedicabat
990 3055 1288 3111 Christum
1339 3055 1399 3111 in
1432 3055 1762 3128 synagogis.
1800 3076 1828 3103 »
1868 3056 2088 3127 Nempe

441 3164 577 3202 cum
623 3146 811 3218 legem
872 3145 1198 3213 didicisset,
1254 3162 1357 3200 ora
1415 3144 1534 3199 illis
1583 3143 1916 3211 obturabat,
1980 3160 2087 3200 nec

2206 1977 2233 2005 ι(
2264 1953 2422 2016 οὗτός
2452 1953 2590 2009 ἐστιν
2624 1954 2653 2009 ὁ
2684 1956 2962 2029 πορθήσας
3020 1955 3076 2011 ἐν
3134 1955 3498 2033 Ἰερουσαλὴμ
3551 1958 3680 2023 τοὺς
3727 1958 3848 2016 ἐπι-

2204 2042 2630 2116 «καλουμένους
2687 2044 2750 2099 τὸ
2796 2040 2971 2117 ὄνομα
3025 2049 3225 2116 τοῦτο;
3270 2047 3369 2103 Καὶ
3417 2045 3524 2103 ὧδε
3581 2048 3658 2111 είς
3687 2054 3850 2107 τοῦτο

2204 2132 2551 2206 «ἐλήλυθεν,
2597 2132 2687 2189 ἶνα
2746 2132 3065 2209 δεδεμένους
3125 2136 3327 2201 αὐτοὺς
3376 2138 3552 2215 ἀγάγῃ
3582 2139 3667 2195 ἐπὶ
3717 2141 3852 2203 τοὺς

2205 2246 2233 2275 ιι
2264 2223 2590 2302 ἀρχιερεῖς;
2644 2223 2857 2287 Σαῦλος
2916 2222 2974 2281 δὲ
3035 2224 3250 2302 μᾶλλον
3309 2225 3703 2302 ἐνεδυναμοῦτο
3756 2230 3849 2285 καὶ

2205 2333 2231 2367 ι
2266 2313 2528 2392 συνέχυνε
2596 2312 2726 2377 τοὺς
2813 2312 3111 2378 Ἰουδαίους
3162 2315 3291 2379 τοὺς
3344 2322 3733 2381 κατοικοῦντας
3789 2316 3842 2373 ἐν

2208 2428 2228 2453 ι
2264 2407 2555 2476 Δαμασκῷ.
2589 2397 2941 2474 συμϐιϐάζων
3001 2404 3085 2460 ὅτι
3139 2405 3296 2468 οὗτός
3360 2405 3503 2463 ἐστιν
3528 2407 3557 2462 ὁ
3588 2408 3846 2482 Χριστός.

2203 2497 2347 2553 «Ὡς
2404 2489 2462 2547 δὲ
2518 2490 2861 2567 ἐπληροῦντο
2917 2492 3121 2569 ἡμέραι
3198 2496 3381 2551 ἱκαναὶ
3416 2542 3432 2565 ,
3491 2491 3856 2554 συνεϐουλεύ-

2204 2605 2227 2633 σ
2262 2601 2423 2637 σαντο
2454 2583 2506 2637 οἱ
2538 2580 2791 2639 Ἰουδαῖοι
2852 2581 3062 2639 ἀνελεῖν
3123 2584 3302 2641 αὐτόν.
3372 2586 3650 2663 Ἐγνώσθη
3684 2584 3741 2644 ὂὶ
3772 2609 3853 2662 τῳ

2199 2695 2228 2723 (ι
2262 2669 2462 2744 Σαύλῳ
2489 2673 2524 2741 ἡ
2558 2666 2828 2743 ἐπιϐουλὴ
2861 2672 3059 2730 αὐτῶν.
3104 2676 3450 2752 Παρετήρουν
3507 2696 3567 2731 τε
3618 2676 3715 2738 τὰς
3745 2678 3850 2733 πύ-

2200 2783 2229 2812 ι(
2258 2757 2356 2820 λας
2385 2759 2596 2834 ἡμέρας
2633 2781 2693 2816 τε
2730 2760 2821 2816 καὶ
2878 2763 3091 2831 νυκτὸς,
3153 2762 3305 2827 ὅπως
3362 2764 3522 2821 αὐτὸν
3586 2765 3847 2826 ἀνέλωσι.

2200 2873 2228 2901 ‹‹
2263 2843 2534 2913 Λαϐόντες
2563 2847 2620 2905 δὲ
2651 2849 2809 2907 αύτὸν
2839 2852 2890 2905 οἱ
2926 2853 3165 2927 μαθηταὶ
3205 2854 3418 2924 νυκτὸς,
3459 2862 3699 2926 καθῆκαν
3758 2854 3853 2912 διὰ

2199 2963 2227 2993 ιι
2249 2943 2346 2995 τοῦ
2376 2939 2617 3017 τείχους,
2653 2941 2991 3016 χαλάσαντες
3024 2943 3075 2998 ἐν
3109 2943 3350 3020 σπυρίδι.
3385 2970 3415 2998 ι»

2271 3071 2299 3100 ‹‹
2329 3048 2630 3123 Ἐκήρυσσε
2683 3050 2774 3105 τὸν
2841 3051 3069 3124 Χριστὸν
3127 3049 3180 3107 ἐν
3239 3058 3360 3115 ταῖς
3412 3059 3779 3131 συναγωγαῖς.
3814 3076 3847 3107 io

2196 3137 2324 3193 Ἀτε
2353 3140 2675 3211 νομομαθής
2708 3138 2782 3194 ὤν
2816 3139 3168 3215 ἑπεστόμιζεν
3223 3142 3445 3215 αὑτοὺς,
3502 3144 3591 3199 καὶ
3626 3143 3725 3199 οὐκ
3755 3143 3842 3200 εἴα

439 3236 672 3292 sinebat
718 3234 900 3306 loqui.
942 3235 1044 3290 sed
1076 3252 1110 3290 a
1140 3234 1457 3306 Scripturis
1487 3233 1850 3289 contrarium
1882 3238 2079 3289 osten-

2198 3224 2531 3303 φθέγγεσθαι,
2566 3226 2692 3283 ἀλλ’
2717 3227 2824 3284 ἀπὸ
2873 3234 2982 3285 τῶν
3038 3235 3262 3308 Γραφῶν
3314 3227 3568 3289 ἐδείκνυε.
3627 3258 3655 3285 α
3691 3239 3844 3306 Συμ-

438 3322 632 3379 debat.
658 3346 685 3372 a
713 3322 1106 3391 Conﬁrmans,
1133 3346 1160 3371 ››
1191 3321 1302 3377 hoc
1326 3327 1434 3383 est.
1458 3338 1592 3377 cum
1625 3322 2082 3378 mansuetudine

436 3413 655 3469 docens
684 3413 883 3468 Iesum
917 3429 1045 3467 esse
1103 3411 1402 3466 Christum
1462 3412 1565 3467 Dei
1624 3411 1858 3467 Filium.
1893 3414 1966 3466 At
1995 3412 2083 3466 illi

434 3502 871 3559 insidiabantur
900 3508 965 3556 ut
991 3502 1186 3575 ipsum
1218 3501 1594 3557 occiderent:
1626 3518 1826 3556 verum
1858 3518 1891 3556 a
1912 3517 2081 3557 muro

435 3610 541 3669 per
566 3593 887 3664 discipulos
928 3591 1224 3647 demissus
1282 3596 1373 3646 est
1417 3591 1479 3645 in
1548 3596 1769 3661 sporta,
1822 3605 1890 3645 ac
1945 3590 2083 3661 fuga

437 3690 701 3739 servatus
734 3688 841 3738 est.
876 3680 1198 3737 Considera
1228 3680 1384 3752 quod
1412 3680 1535 3747 jam
1573 3677 1898 3750 discipulos
1937 3695 2080 3748 quo-

441 3790 555 3844 que
588 3779 797 3829 nactus
828 3778 973 3839 erat,
1005 3772 1151 3825 adeo
1185 3776 1340 3823 totus
1370 3766 1616 3823 ardebat
1670 3784 1737 3822 ac
1794 3767 2081 3838 prmdica-

440 3864 601 3918 tione
635 3861 1296 3934 perficiebaturzatque
1354 3873 1421 3912 eo
1475 3857 1603 3927 ipso
1650 3856 1806 3927 quod
1855 3857 2079 3913 tardius

438 3953 808 4016 accessisset,
840 3947 1170 4019 promptior
1200 3945 1588 4000 efﬁciebatur.
1640 3945 1707 3999 Et
1734 3961 2078 4016 quanquam

436 4040 576 4093 hinc
608 4038 860 4109 migrare
914 4041 1175 4107 cuperet,
1205 4040 1467 4090 attamen
1499 4034 1806 4090 hominum
1841 4052 2077 4107 quoque

432 4126 687 4182 salutem
719 4124 957 4181 amabat
989 4143 1001 4179 :
1035 4130 1278 4198 propter
1306 4125 1465 4196 quod
1508 4124 1687 4180 etiam
1734 4124 2080 4196 frequenter

429 4215 774 4286 hujusmodi
832 4214 1443 4283 comminiscebatur,
1518 4230 1755 4270 servans
1812 4214 2074 4285 seipsum

426 4304 868 4377 praedicationi;
902 4320 1012 4360 nec
1041 4304 1356 4360 reeusabat
1376 4303 1655 4360 humanis
1678 4303 1765 4359 uti
1797 4302 2071 4367 inventis,

426 4392 525 4449 ubi
556 4394 840 4466 temporis
862 4394 1093 4448 occasio
1124 4399 1443 4463 expeteret.

494 4501 587 4567 1X,
618 4502 790 4557 26-28
845 4524 872 4551 ‹‹
907 4501 1049 4555 Cum
1081 4506 1278 4556 autem
1326 4501 1538 4557 Saulus
1594 4501 1853 4557 venisset
1878 4503 2062 4557 Jeru-

2200 3310 2462 3389 ϐιϐἀζων,
2498 3342 2526 3369 ››
2583 3320 2850 3389 τουτέστι,
2912 3320 3028 3392 μετ’
3078 3318 3371 3382 ἐπιεικείας
3401 3318 3698 3391 διδάσκων,
3755 3323 3841 3379 ὅτι

2197 3405 2407 3476 Ἰησοῦς
2441 3406 2580 3462 ἐστιν
2615 3409 2642 3463 ὁ
2670 3407 2904 3482 Χριστὸς
2935 3409 2963 3464 ὁ
2996 3410 3120 3472 Υἱὸς
3175 3414 3274 3465 τοῦ
3338 3414 3466 3469 Θοῦ.
3509 3413 3577 3469 Oi.
3638 3409 3696 3468 δὲ
3741 3410 3840 3467 ἐπ-

2196 3489 2484 3552 εϐοόλευον
2515 3496 2651 3552 ὣστε
2680 3496 2891 3552 ἀνελεῖν
2934 3494 3114 3553 αὐτόν·
3149 3500 3177 3554 ὁ
3208 3497 3261 3554 δὲ
3292 3498 3397 3555 ἀπὸ
3463 3504 3562 3555 τοῦ
3618 3500 3841 3580 τείχους

2195 3581 2247 3637 ἐν
2278 3582 2493 3658 σπυρίδι
2529 3584 2768 3662 ἐχαλᾶτο
2799 3583 2887 3641 διὰ
2915 3590 3023 3642 τῶν
3075 3589 3352 3662 μαθητῶν,
3411 3589 3504 3644 καὶ
3552 3587 3842 3660 διεσώζετο

2195 3675 2386 3751 φυγάς·
2419 3675 2619 3732 Σκόπει
2651 3676 2734 3732 ὅτι
2760 3674 2869 3746 ἤδη
2910 3678 2999 3733 καὶ
3054 3681 3298 3753 μαθητάς
3355 3679 3424 3750 ἦν
3474 3681 3839 3755 κτησάμενος,

2194 3762 2367 3827 οὕτως
2400 3764 2546 3826 ὅλως
2577 3764 2783 3822 ἐκαίετο
2826 3767 2917 3822 καὶ
2973 3767 3336 3843 ἐπεπλήρωτο
3390 3774 3487 3824 τοῦ
3543 3768 3841 3845 κηρύγμα-

2189 3873 2309 3923 τος,
2369 3854 2459 3910 καί
2515 3855 2576 3909 τὸ
2638 3852 2966 3931 βραδύτερον
3027 3858 3192 3914 αὐτὸν
3253 3855 3567 3933 προσελθεῖν
3625 3860 3834 3933 προθυ-

2194 3944 2421 4019 μότερον
2450 3942 2643 4002 ἐποίει.
2704 3943 2769 3999 lsi
2820 3946 2921 4022 γὰρ
2980 3947 3071 4001 καὶ
3130 3947 3384 4021 ἐπεθύμει
3438 3950 3535 4017 τῆς
3591 3946 3834 4013 ἐντεῦθεν

2187 4031 2523 4107 ἀποδημίας,
2574 4033 2702 4090 ἀλλ’
2737 4034 2890 4108 ὅμως
2946 4037 3036 4092 καὶ
3100 4045 3200 4108 τῆς
3250 4043 3357 4094 τῶν
3406 4039 3702 4114 ἀνθρώπων
3723 4036 3837 4113 ἤρα

2188 4124 2478 4198 σωτηρίτς·
2539 4122 2608 4179 δι’
2652 4125 2680 4179 ὃ
2735 4126 2826 4180 καὶ
2880 4126 3152 4190 πολλάκις
3202 4133 3430 4183 τοιαῦτα
3485 4125 3832 4203 ἐμηχανᾶτο,

2183 4213 2366 4287 τηρῶν
2395 4213 2583 4269 ἑαυτὸν
2630 4219 2710 4286 τῷ
2762 4216 3096 4292 κηρύγματι·
3154 4217 3245 4272 καὶ
3285 4219 3350 4272 οὐ
3408 4223 3710 4293 παρῃτεῖτο
3738 4217 3834 4274 καὶ

2186 4300 2548 4378 ἀνθρωπίνοις
2574 4305 2885 4379 χρήσασθαι
2936 4308 3354 4385 μηχανήμασιν,
3409 4307 3573 4377 ἡνίκα
3629 4305 3835 4381 ἀπῄτει

2182 4391 2394 4467 καιρός.

2257 4519 2281 4552 α
2317 4498 2753 4574 Παραγενόμενος
2835 4498 2892 4556 δὶ
2973 4503 3001 4556 ὁ
3060 4501 3275 4564 Σαῦλος
3332 4500 3383 4558 ἐν
3440 4501 3829 4579 Ἰερουσαλὴμ,

422 4616 450 4644 ‹‹
477 4594 685 4659 salem,
711 4588 977 4646 tentabat
997 4606 1058 4645 se
1076 4588 1169 4661 adj
1183 4606 1399 4661 ungere
1421 4589 1729 4662 discipulis
1750 4607 1761 4644 :
1784 4595 1843 4645 et
1862 4607 2070 4646 omnes

2197 4586 2491 4665 ιέπειρᾶτο
2571 4589 2840 4646 κολλᾶσαι
2931 4598 3046 4656 τοῖς
3135 4595 3423 4667 μαθηταῖς*
3481 4594 3571 4649 καὶ
3627 4595 3829 4657 πάντες

420 4703 448 4732 ‹‹
481 4681 653 4737 illum
686 4679 993 4747 timebant,
1026 4695 1147 4736 non
1176 4677 1485 4734 credentes
1511 4678 1668 4751 quod
1702 4685 1858 4735 esset
1887 4679 2061 4736 disci-

417 4790 445 4819 ‹‹
476 4770 672 4841 pulus.
708 4770 1004 4826 Barnabas
1034 4786 1169 4825 vero
1201 4768 1638 4841 apprehensum
1681 4768 1852 4824 illum
1898 4768 2066 4825 duxit

415 4883 443 4909 ‹‹
467 4860 541 4917 ad
572 4862 893 4932 apostolos,
944 4861 1318 4933 narravitque
1347 4860 1493 4932 ipsis
1523 4860 1820 4932 quomodo
1858 4861 1918 4916 in
1970 4862 2061 4918 via

414 4971 439 5003 σ
475 4950 716 5007 vidisset
746 4952 1064 5006 Dominum
1095 4950 1194 5008 89
1229 4956 1288 5006 et
1322 4949 1478 5021 quod
1512 4949 1745 5005 locutus
1774 4956 1930 5005 esset
1959 4951 2010 5006 ei
2042 4967 2057 5006 :

415 5061 437 5090 ι
476 5046 533 5093 et
561 5040 857 5111 quomodo
887 5041 1148 5095 Damasci
1184 5046 1421 5095 strenue
1444 5056 1506 5095 se
1552 5040 1831 5111 gessisset
1853 5039 1915 5094 in
1948 5058 2056 5096 no-

408 5151 435 5179 (ι
464 5131 628 5183 mine
657 5131 814 5185 Jesu.
840 5132 1094 5199 Eratque
1132 5146 1263 5184 cum
1301 5130 1446 5200 ipsis
1502 5130 1731 5184 intrans
1764 5135 1821 5184 et
1851 5130 2053 5185 exiens

406 5239 433 5267 ι(
468 5219 874 5290 Jorosolyniis,
908 5234 975 5273 ac
1007 5235 1140 5272 cum
1174 5218 1392 5273 fiducia
1425 5218 1674 5289 loquens
1712 5218 1775 5273 in
1809 5220 2052 5274 nomine

407 5330 436 5356 ιι
474 5308 706 5362 Domini
741 5309 897 5363 .lesu.
932 5328 957 5355 η

477 5400 663 5473 Digna
694 5401 789 5455 hic
821 5400 1123 5455 suboritur
1157 5399 1444 5455 dubitatio
1486 5400 1779 5472 quomodo
1829 5401 1888 5455 in
1914 5400 2052 5473 Epi-

402 5490 553 5546 stola
579 5490 649 5546 ad
678 5490 911 5547 Galatas
942 5490 1102 5545 dicat
1131 5488 1288 5560 quod
1320 5505 1439 5544 non
1494 5489 1708 5546 abierit
1755 5491 2049 5562 Jerosoly-

398 5595 585 5646 mam,
619 5581 723 5638 sed
754 5580 814 5636 in
844 5579 1146 5651 Arabiam,
1175 5585 1233 5637 et
1276 5596 1517 5636 rursum
1575 5580 1945 5648 Damascum,
1979 5596 2048 5636 ac

395 5677 533 5746 post
560 5678 681 5729 tres
712 5687 901 5729 annos
949 5669 1374 5745 Jerosolymam
1405 5675 1473 5726 ut
1528 5668 1754 5727 videret
1782 5671 2043 5740 Petrum,

2172 4701 2201 4730 κ
2234 4673 2529 4755 ἐφοϐοῦντο
2561 4679 2744 4748 αὐτὸν,
2798 4682 2874 4754 μή
2934 4682 3274 4745 πιστεύοντες
3331 4682 3414 4738 ὅτι
3470 4681 3581 4738 ἐστὶ
3643 4687 3836 4758 μαθη-

2174 4790 2204 4819 ‹‹
2233 4770 2352 4838 τής.
2385 4765 2664 4843 Βαρνάϐας
2707 4767 2764 4825 δὲ
2813 4766 3211 4845 ἐπιλαϐόμενος
3263 4771 3445 4839 αὐτὸν,
3476 4770 3651 4850 ἤγαγε
3681 4776 3824 4848 πρὸς

2170 4884 2197 4911 ‹‹
2228 4862 2354 4923 τοὺς
2383 4861 2744 4931 ἀποστόλους,
2798 4865 2887 4918 καὶ
2946 4862 3244 4940 διηγήσατο
3305 4864 3489 4927 αὐτοῖς
3520 4870 3637 4927 πῶς
3667 4865 3720 4921 ἐν
3747 4870 3821 4941 τῇ

2167 4974 2196 5003 ιι
2226 4948 2339 5023 ὁδῷ
2368 4949 2477 5006 εἶδε
2505 4952 2596 5007 τὸν
2631 4952 2855 5029 Κύριον,
2908 4955 2997 5009 καὶ
3057 4955 3140 5010 ὅτι
3200 4954 3468 5026 ἐλάλησεν
3523 4954 3692 5027 αὐτῷ’
3724 4954 3820 5010 καὶ

2169 5043 2342 5100 «πῶς
2398 5038 2453 5094 ἐν
2512 5049 2770 5113 Δαμασκη
2832 5042 3273 5119 ἐπαξρησιοὶσατο
3332 5042 3383 5098 ἐν
3445 5048 3523 5117 τῷ
3584 5044 3820 5118 ὀνόματι

2165 5157 2188 5182 σι
2227 5132 2324 5182 τοῦ
2357 5129 2556 5199 Ἰησοῦ.
2596 5130 2695 5187 Καὶ
2739 5131 2804 5200 ἦν
2843 5133 2960 5206 μετ’
2993 5133 3168 5188 αύτῶν
3226 5133 3683 5209 εἰσπορευόμενος
3740 5133 3825 5199 εἷς

2163 5241 2191 5269 ιι
2222 5216 2605 5290 Ἰερουσαλὴμ,
2637 5219 2725 5274 καὶ
2780 5218 3288 5298 παρρησιαζόμενος
3345 5220 3398 5279 ἐν
3454 5228 3533 5297 τῷ
3586 5223 3821 5297 ὀνόματι

2160 5331 2190 5360 ‹‹
2218 5311 2316 5362 τοῦ
2352 5308 2549 5383 Κυρίου
2582 5311 2786 5380 Ἰησοῦ.
2824 5335 2852 5362 ››

2228 5399 2413 5470 ’Ἄξιον
2461 5398 2688 5464 ἐνταῦθα
2745 5397 3098 5476 διαπορῆσαι,
3132 5407 3251 5465 πῶς
3281 5403 3333 5459 ἐν
3404 5403 3500 5475 μὶν
3558 5408 3626 5479 τῇ
3671 5403 3822 5478 πρὸς

2157 5483 2402 5549 Γαλάτας
2433 5487 2619 5565 φησὶν,
2669 5487 2752 5543 ὅτι
2814 5487 2930 5546 Οὐκ
2986 5489 3238 5560 ἀπῆλθον
3297 5491 3373 5555 εἰς
3430 5491 3791 5568 Ἰεροσόλυμα

2156 5572 2280 5632 ἀλλ’
2309 5574 2384 5639 είς
2416 5569 2674 5650 ’Λραϐίαν
2704 5578 2792 5634 καὶ
2850 5582 3160 5654 Δαμασκὸν,
3190 5581 3281 5639 καὶ
3340 5577 3477 5657 μετᾶ
3528 5581 3657 5656 τρία
3709 5575 3811 5655 ἔτη

2153 5662 2230 5728 εἷς
2283 5664 2642 5743 Ἰεροσόλυμα
2677 5711 2692 5741 ,
2747 5667 2838 5724 καὶ
2916 5669 3204 5748 ἱστορῆσαι
3286 5673 3494 5749 Πέτρον
3567 5670 3659 5728 καὶ
3718 5672 3820 5731 δτι
