4134 6196
269 406 365 468 113
1221 402 1623 464 consum.
1676 397 1752 461 IN
1798 384 2009 461 AG'I‘A
2049 395 2654 461 AI’OSTOLORUM.

3532 410 3644 473 174

268 534 427 594 οόδένα
450 537 560 592 τῶν
590 534 925 591 ἀποστόλων
947 531 1116 591 εἶδον.
1155 536 1426 593 Ἐνταῦοα
1490 531 1549 590 δὲ
1575 530 1880 590 τοῦναντίον

1999 529 2275 603 quodque
2297 530 2530 587 nullum
2552 536 2903 592 cmtet‘orum
2919 534 3135 594 viderit
3156 540 3562 611 apostolorum
3574 545 3646 602 ⁶⁹.

268 627 423 706 φησὶν,
453 623 652 702 ἤγαγεν
707 624 870 680 αότὸν
925 626 1066 700 πρὸς
1117 624 1249 686 τοὺς
1307 620 1650 685 ἀποστόλους
1682 623 1710 678 6
1746 625 1889 696 Βαρ-

270 715 424 779 νάϐας.
457 719 523 774 Ἦ
553 717 731 773 τοίνυν
768 715 935 772 τοῦτό
989 737 1154 786 φησιν
1217 715 1265 770 ἒν
1323 718 1392 789 τῇ
1447 716 1585 789 πρὸς
1647 711 1888 774 Γαλάτας

274 804 562 880 Ἐπιστολῇ,
596 805 679 862 ὅτι
710 804 812 862 οὐκ
863 802 1128 876 ἀπῆλθεν,
1190 805 1330 860 ὥστε
1387 801 1687 868 ἀναθέσθαι.
1744 800 1889 871 Φησὶ

270 893 1037 973 γὰρ,ὅτιυόπροσανεθέμην,
1090 891 1224 950 οὐδὶ
1278 893 1527 962 ἀπῆλθον
1585 892 1663 954 εἰς
1721 892 1887 966 Ἰερο-

268 983 475 1057 σόλυμα.
504 986 575 1040 Ἦ
602 984 648 1040 εἰ
684 987 760 1058 μὴ
790 989 977 1055 τοῦτο,
1014 980 1185 1053 δῆλον
1214 983 1301 1039 ὅτι
1333 985 1368 1053 ἡ
1427 976 1705 1049 ἐπιϐουλή
1764 983 1799 1050 ἡ
1834 978 1888 1035 ἐν

266 1078 507 1149 Δαμασκῷ
563 1074 667 1129 οὐκ
734 1074 931 1136 εὐθέως
999 1074 1135 1147 μετὰ
1187 1073 1251 1128 τὸ
1310 1075 1592 1127 πιστεῦσαι
1648 1072 1886 1146 γέγονεν,

262 1162 386 1220 ἀλλὰ
412 1165 549 1236 μετὰ
570 1164 634 1219 τὸ
664 1161 842 1228 ἐλθεῖν
903 1164 1064 1219 αὐτὸν
1118 1162 1225 1217 ἀπὸ
1284 1156 1540 1237 Ἀραϐίας
1602 1162 1739 1232 μετα
1784 1153 1882 1228 ἔτη

259 1255 379 1330 τρία,
406 1255 473 1311 Ἤ
506 1254 655 1327 είμή
686 1258 848 1311 τοῦτο
878 1252 1071 1324 πάλιν,
1127 1253 1292 1316 αὐτὸς
1352 1252 1446 1326 μὶν
1510 1250 1611 1306 οὐκ
1665 1247 1884 1319 ἀπῆλθε

256 1344 371 1417 πρὸς
391 1345 514 1407 τοὺς
547 1342 921 1414 ἀποστόλους,
953 1343 1102 1399 ἀλλὰ
1148 1348 1267 1403 τοῖς
1300 1344 1572 1415 μαθηταῖς
1628 1337 1883 1406 ἐπειρᾶτο

256 1432 557 1503 κολλᾶσθαι,
594 1435 916 1510 μετριάζων,
950 1431 987 1488 ἄ
1038 1453 1099 1488 τε
1155 1429 1483 1493 διδασκαλος
1539 1435 1613 1485 ῶν
1672 1427 1762 1484 καὶ
1818 1428 1884 1483 οὐ

260 1525 513 1596 μαθητής.
546 1518 827 1599 Βαρνάϐας
848 1520 907 1579 δὲ
935 1521 1097 1579 αὐτὸν
1125 1522 1216 1578 καὶ
1274 1521 1411 1597 πρὸς
1465 1518 1592 1582 τοὺς
1645 1516 1885 1574 ἀποστό-

257 1611 370 1675 λους
398 1612 538 1688 ἄγει,
568 1614 659 1668 καὶ
691 1610 958 1688 διηγεῖται
1014 1611 1107 1667 ἁτε
1163 1607 1300 1667 εἶδεν
1354 1612 1388 1666 ἃ
1436 1631 1496 1665 τε
1552 1606 1883 1684 ἐπαῤῥησιά-

255 1722 389 1762 crto.
420 1704 523 1758 Διά
547 1705 712 1758 τοῦτο
744 1700 1013 1772 ἀπῆλθον,
1070 1701 1255 1782 φησὶν,
1282 1700 1371 1755 ’ἱνα
1402 1702 1537 1775 πρὸς
1590 1698 1719 1760 τοὺς
1779 1696 1886 1771 πρὸ

249 1790 368 1865 έμοῦ
418 1789 766 1854 ἀποστόλους
824 1789 1067 1856 ἀπέλθω
1129 1786 1282 1846 οὐδὲν
1333 1794 1463 1866 γοῦν
1524 1789 1650 1864 παρ’
1708 1784 1884 1842 αὐτῶν

2000 621 2104 677 Hic
2134 627 2333 677 autem
2362 622 2447 677 ait
2468 624 2851 683 contrarium.
2886 627 3045 697 quod
3075 627 3308 685 duxerit
3336 647 3472 687 eum
3507 634 3649 690 Bar-

1997 710 2183 767 nabas
2208 711 2283 767 ad
2313 712 2637 783 apostolos.
2668 716 2784 769 Aut
2813 715 2992 787 igitur
3048 717 3160 773 hoc
3217 719 3362 776 dicit
3416 722 3477 777 in
3508 723 3646 795 Epi-

1999 805 2151 861 stola
2180 804 2252 861 ad
2275 805 2530 863 Galatas.
2557 807 2713 878 quod
2737 824 2856 863 non
2890 808 3036 865 abiit
3060 818 3126 866 ut
3151 813 3225 868 ad
3247 829 3348 869 eos
3377 815 3647 873 referret.

1998 895 2097 950 Ait
2123 895 2283 949 enim
2314 894 2570 950 ibidem:
2605 896 2730 950 Non
2759 898 2982 953 contuli
3009 916 3101 955 me
3123 917 3317 972 neque
3346 903 3461 960 abii
3483 906 3644 962 Jero-

1998 983 2287 1055 solymam
2319 1001 2333 1050 ;
2365 989 2469 1039 aut
2497 984 2544 1038 si
2578 984 2688 1039 boc
2715 1002 2835 1040 non
2876 987 3071 1058 placet
3125 991 3507 1048 manifestum
3555 998 3647 1051 est

2000 1075 2159 1145 quod
2190 1075 2422 1130 insidiae
2445 1092 2578 1146 quae
2611 1076 2877 1133 Damasci
2911 1078 3294 1149 parabantur,
3318 1099 3438 1138 non
3462 1086 3648 1140 couti-

1996 1179 2117 1218 nuo
2148 1163 2317 1218 factae
2351 1169 2492 1218 sunt
2513 1163 2612 1218 ubi
2667 1165 2770 1219 ille
2826 1166 3200 1235 credidisset,
3260 1170 3362 1225 sed
3413 1187 3550 1228 cum
3570 1173 3643 1228 ab

1996 1252 2215 1308 Arabia
2243 1257 2381 1323 post
2408 1269 2600 1308 annos
2631 1260 2750 1309 tres
2778 1255 3074 1314 rediisset.
3109 1259 3486 1331 Rursumque
3515 1262 3565 1316 si
3586 1260 3647 1317 id

1994 1358 2118 1398 non
2150 1342 2365 1414 placet,
2387 1342 2517 1413 ipsa
2547 1342 2791 1413 quidem
2823 1360 2944 1401 non
3003 1346 3150 1403 abiit
3194 1348 3270 1404 ad
3322 1350 3647 1422 apostolos.

1997 1431 2102 1487 sed
2130 1431 2442 1503 discipulis
2471 1431 2606 1488 aliis
2638 1434 2904 1489 tentabat
2924 1451 2987 1490 se
3008 1436 3357 1509 adjungere,
3382 1439 3650 1495 modeste

1997 1520 2069 1576 de
2100 1537 2162 1575 se
2193 1520 2480 1589 sentiens,
2511 1537 2649 1576 eum
2680 1527 2880 1577 tamen
2912 1532 3242 1596 praceptor
3260 1534 3422 1583 esset
3441 1534 3501 1583 et
3528 1543 3653 1584 non

1996 1608 2345 1680 discipulus.
2372 1608 2670 1664 Barnabas
2703 1625 2837 1664 vero
2867 1609 3062 1682 ipsum
3086 1613 3265 1668 etiam
3296 1613 3371 1669 ad
3414 1620 3651 1685 aposto-

1994 1698 2086 1754 los
2116 1698 2299 1763 ducit,
2333 1704 2656 1769 narratque
2687 1704 2746 1754 et
2776 1717 2907 1771 qua)
2939 1701 3152 1757 viderit
3190 1709 3249 1758 et
3281 1721 3413 1775 qum
3450 1704 3650 1777 palam

1994 1788 2229 1844 locutus
2258 1786 2335 1842 sit
2389 1788 2637 1859 Propter
2668 1788 2800 1849 hoc.
2834 1788 3049 1859 inquit.
3081 1792 3382 1863 profectus
3404 1810 3558 1862 sum,
3581 1798 3649 1850 ut

244 1877 442 1956 ἔμαθον.
477 1884 551 1940 Ἠ
580 1883 785 1950 ταῦτην
833 1884 936 1951 τήν
991 1878 1184 1937 ἄνοδον
1243 1875 1494 1954 λάμϐανε
1548 1877 1688 1935 ὥστε
1740 1878 1880 1932 εἶναι

1999 1878 2068 1933 ad
2102 1893 2204 1933 eos
2233 1876 2335 1948 qui
2366 1882 2505 1933 ante
2524 1893 2622 1933 me
2645 1878 3152 1951 fuerantapostoli
3175 1883 3458 1939 venirem.
3486 1883 3646 1940 Nihil

246 1973 424 2043 οὕτως,
489 1973 575 2027 δτι
632 1971 877 2042 ἀπῆλθεν
937 1971 1012 2033 είς
1068 1966 1348 2044 Ἀραϐίαν,
1408 1971 1525 2025 εἶτα
1580 1966 1748 2039 ἦλθεν
1803 1966 1882 2028 εῗς

243 2063 543 2135 Δαμασκὸν,
602 2062 721 2119 εἶτα
777 2060 855 2124 εἷς
908 2058 1288 2135 Ἰεροσόλυμα,
1347 2058 1462 2114 εἶτα
1520 2057 1595 2120 εἷς
1657 2057 1878 2132 Συρίαν.

242 2153 301 2209 Ἥ
327 2151 371 2207 εἰ
404 2154 480 2225 μή
517 2156 688 2207 τοῦτο
745 2148 937 2219 πάλιν,
973 2150 1059 2205 ὅτι
1086 2150 1239 2213 αὖθις
1293 2145 1523 2217 ἀνῆλθεν
1582 2147 1657 2209 εἷς
1716 2148 1882 2220 Ἰερο-

246 2240 445 2316 σόλυμα
478 2287 497 2311 ,
562 2242 677 2296 εἶτα
763 2239 839 2302 εἷς
900 2237 1184 2310 Δαμασκὸν
1241 2237 1572 2315 ἐξεπέμφθη,
1632 2240 1748 2292 εἶτα
1802 2235 1880 2298 εἷς

238 2327 516 2405 Ἀραϐίη,
550 2332 666 2386 εἶτα
712 2329 790 2392 εἷς
849 2330 1134 2403 Δαμασκὸν
1189 2324 1383 2400 πάλιν,
1444 2326 1558 2382 εἶτα
1615 2324 1691 2388 είς
1746 2329 1880 2383 Και-

244 2420 463 2495 σάρειαν.
537 2417 636 2477 Καὶ
715 2418 837 2474 τότε
921 2416 1012 2473 διὰ
1068 2415 1471 2492 δεκατεσσάρων
1526 2414 1657 2471 ἑτῶν
1715 2408 1877 2484 ἀνέϐη

238 2507 393 2565 πάλιν
423 2510 505 2572 είς
542 2506 921 2584 Ἰεροσόλυμα,
963 2505 1095 2569 ἴσως
1147 2506 1237 2562 ὅτε
1280 2506 1409 2567 τοὺς
1459 2502 1731 2579 ἀδελφοὺς
1786 2506 1881 2559 ἀν-

239 2599 403 2676 ήγαγε
436 2598 583 2672 μετᾶ
604 2592 872 2671 Βαρνάϐα.
902 2598 974 2654 ’Ἥ
1026 2595 1072 2651 εἱ
1126 2597 1202 2669 μὴ
1254 2598 1439 2661 τοῦτο,
1496 2589 1676 2670 ἕτερον
1728 2590 1880 2671 λέγει

228 2684 429 2762 καιρόν.
465 2688 583 2745 Καὶ
628 2687 734 2762 γὰρ
793 2686 822 2741 6
869 2684 1288 2764 ἱστοριογράφος
1342 2679 1529 2738 πολλὰ
1580 2681 1880 2754 ἐπιτέμνει,

228 2776 311 2831 καὶ
339 2774 601 2838 πολλοὺς
623 2775 838 2848 συνάγει
894 2772 1138 2851 καιροὺς.
1172 2777 1331 2828 Δοκεῖ
1386 2767 1445 2826 δέ
1490 2792 1585 2845 μοι
1613 2771 1642 2826 6
1674 2768 1881 2846 Βαρνά-

224 2859 314 2931 ϐας
396 2865 613 2922 ἄνωθέν
673 2864 819 2937 αὐτῷ
892 2864 1026 2919 εἶναι
1084 2860 1266 2943 φίλος.
1332 2862 1432 2919 Ἦν
1489 2858 1547 2916 δὶ
1597 2859 1880 2935 ἄνθρωπος

229 2953 466 3025 δπιεικής
501 2956 601 3011 καὶ
635 2953 877 3029 χρηστὸς
910 2948 1136 3028 σφόδρω
1171 2949 1256 3006 διὸ
1284 2950 1373 3006 καὶ
1426 2949 1546 3011 υἱὸς
1592 2947 1881 3025 παρακλή-

220 3065 347 3108 σεως
432 3045 784 3124 φερωνύμως
865 3039 1111 3119 ἐλέγετο·
1197 3041 1316 3097 ὅθεν
1401 3038 1491 3095 καὶ
1560 3037 1882 3115 εὐπρόσιτος

216 3136 399 3212 γέγονε
424 3139 513 3209 τῷ
549 3129 727 3209 ἀνδρί.

290 3337 316 3369 ι
345 3311 588 3371 Ἐλάλει
644 3332 704 3367 τε
780 3309 872 3366 καὶ
925 3311 1203 3382 συνεζήτει
1252 3307 1392 3384 πρὸς
1440 3307 1568 3369 τοὺς
1616 3303 1876 3378 Ἐλληνι-

216 3426 242 3455 ι
272 3402 397 3465 στάς
432 3404 491 3459 οἱ
551 3399 614 3458 δὶ
670 3399 988 3476 ἐπεχείρουν
1035 3398 1194 3455 αὑτὸν
1244 3398 1473 3453 ἀνελεῖν.
1542 3395 1880 3469 Ἐπιγνόντες

216 3488 414 3547 ιδὶοὶ
473 3487 745 3569 ἀδελφοὶ,
795 3491 1109 3564 κατήγαγον
1170 3486 1329 3542 αὐτὸν
1387 3485 1463 3548 εἰς
1528 3485 1876 3560 Καισάρειαν,

213 3603 240 3634 α
267 3582 356 3653 aq?
388 3576 796 3652 ἐξαπέστειλαν
825 3577 986 3634 αὐτὸν
1015 3577 1092 3641 εἰς
1121 3578 1353 3651 Ταρσόν.
1390 3600 1417 3627 ››

271 3669 663 3743 Ἑλληνιστάς
714 3689 848 3747 φησι
904 3668 1036 3730 τοὺς
1083 3665 1407 3739 Ἑλληνιστὶ
1457 3665 1881 3742 φθεγγομένους,

211 3765 294 3819 καὶ
329 3763 556 3845 σφόδρα
595 3766 798 3838 σοφῶς.
831 3762 899 3819 Οἱ
929 3761 1035 3838 γὰρ
1063 3758 1253 3832 ἄλλοι,
1284 3758 1559 3815 τουτέστιν
1588 3758 1641 3813 οἱ
1694 3759 1878 3833 βαθεῖς

205 3849 479 3930 Ἑϐραῖοι,
516 3850 656 3908 053‘s
687 3848 816 3906 ἰδεῖν
851 3850 1014 3906 αὐτὸν
1042 3848 1343 3921 ἠθέλησαν,

268 3967 298 3994 ι(
332 3945 407 4000 Αἱ
445 3945 554 4017 μὶν
598 3942 698 3996 οὔκ
725 3938 1045 4011 Ἐκκλησίαι
1101 3940 1221 3995 καθ’
1267 3936 1405 4010 ὅλης
1455 3945 1557 4008 τῆς
1612 3934 1879 4000 Ἰουδαίας

202 4055 229 4084 α
252 4035 341 4089 καὶ
389 4031 723 4093 Γαλιλαίας
750 4030 842 4085 καὶ
876 4031 1186 4104 Σαμαρείας
1218 4027 1370 4102 εἶχον
1434 4027 1674 4102 εἰρήνην,
1730 4026 1880 4082 οἰκο-

200 4143 222 4173 ε
262 4119 633 4195 δομο·3μεναι
715 4120 806 4173 καὶ
858 4118 1221 4192 πορευόμεναι
1273 4120 1354 4188 τῷ
1402 4112 1557 4196 φόϐῳ
1605 4120 1705 4171 τοῦ
1766 4122 1879 4170 Κυ-

200 4235 225 4262 ι
259 4212 407 4287 ρίου,
463 4211 572 4266 καὶ
659 4211 730 4282 τῇ
788 4204 1131 4281 παρακλήσει
1179 4210 1286 4261 ποῦ
1338 4206 1498 4283 ἁγίου
1560 4205 1877 4280 Πνεύματος

194 4324 225 4353 α
252 4298 512 4372 ἑπληθῦν
521 4319 684 4355 οντο.
719 4323 741 4351 ι

260 4392 329 4449 Αἱ
394 4390 501 4464 μὲν
597 4387 692 4443 οὗν
785 4384 1127 4457 Ἐκκλησίαι.
1163 4406 1190 4440 ι
1276 4380 1485 4441 Μέλλει
1546 4383 1727 4462 Λέγειν
1787 4384 1874 4441 ὅτι

194 4480 434 4536 κάτεισιν
472 4476 757 4541 ἐκεῖθεν’ὁ
789 4476 1008 4546 Πέτρος·
1061 4472 1152 4529 ’ἱνα
1199 4474 1293 4529 οὗν
1357 4474 1433 4548 μή
1494 4467 1663 4553 φόϐον
1712 4476 1881 4528 τοῦτο

191 4568 456 4646 νομίσῃς,
527 4571 801 4643 προεῖπεν
852 4564 936 4619 ὅτι
967 4563 1191 4635 εἰρήνην
1223 4563 1383 4642 εἶχον
1438 4562 1495 4617 αἱ
1528 4558 1876 4631 Ἐκκλησίαι.

192 4660 316 4716 Ὅτε
352 4660 458 4732 μὲν
486 4657 612 4735 γὰρ
659 4656 697 4724 ἡ
746 4654 896 4727 ἀκμή
946 4656 1045 4707 τοῦ
1101 4651 1352 4724 πολέμου
1410 4649 1494 4735 ἦν,
1529 4650 1580 4705 ἓν
1639 4651 1877 4722 Ἰεροσο-

192 4742 389 4819 λύμοις
454 4734 756 4819 διέτριϐον
810 4742 861 4797 οἱ
905 4738 1227 4796 ἀπόστολον
1275 4739 1365 4794 ὅτε
1422 4734 1480 4793 δὶ
1536 4736 1753 4814 εἰρήνη,
1783 4738 1875 4795 καὶ

190 4836 299 4899 τθῖς
330 4836 491 4894 ἄλλο
501 4858 559 4898 ις
594 4833 918 4907 ἐκήρυττον.

854 4923 1111 4979 ΚΕΦΑΛ.
1157 4919 1254 4977 lA‘.

195 5017 319 5073 lissi
412 5014 606 5074 Αἰνέα
694 5008 1069 5082 παραλυτικοῦ
1141 5008 1378 5082 ίαθέντος
1434 5004 1488 5062 έν
1550 5002 1747 5082 Λῷδδῃ-
1791 5003 1881 5062 διὰ

261 5089 501 5166 ῌξτρρυ,
544 5087 647 5143 Ἐν
776 5076 864 5136 ’τά
919 5081 1040 5166 περὶ
1079 5076 1328 5166 ’Ῥεῖ-ξι,θᾶ
1372 5084 1474 5166 τῆξ
1502 5076 1877 5166 ,φιλοχςήροζῃ

258 5148 644 5238 ᾗνδῆγειρεν
696 5148 757 5210 ἔκ
809 5148 1013 5228 νεκρῶν
1072 5153 1101 5207 6
1149 5148 1376 5227 Πέτρος,
1437 5148 1879 5227 διὰνπροξευχῆξ

260 5230 311 5286 ἰν
334 5230 618 5305 Ἰώὲτπῃ.

255 5323 599 5397 αἘγένετο
678 5314 759 5385 δε,
821 5316 1021 5390 Πέτρον
1073 5310 1433 5391 διερχόμενον
1490 5308 1579 5367 διὰ
1635 5313 1874 5384 πὰντῶν,

194 5434 221 5462 σ
246 5413 557 5469 κατελθεῖν
576 5408 682 5463 καὶ
710 5407 847 5483 πρὸς
876 5405 1005 5467 τοὺς
1062 5403 1252 5480 ἁγίους
1307 5402 1435 5465 τοὺς
1490 5408 1877 5468 κατοικοῦντας

193 5500 447 5562 etiam,
498 5499 663 5573 Εὗρε
717 5494 776 5551 δὲ
834 5495 944 5549 ἐκεῖ
997 5494 1280 5567 ἄνθρωπόν
1338 5513 1460 5549 τινα
1520 5492 1709 5551 Αἰνέαν
1762 5495 1880 5550 ὀνό-

200 5614 226 5647 ε
253 5617 413 5669 pret,
469 5592 537 5664 ἒξ
572 5589 721 5645 ἐτῶν
776 5587 924 5643 ὀκτὼ
975 5587 1363 5660 κατακείμενον
1414 5581 1499 5641 ἐπὶ
1556 5581 1875 5665 κραϐϐάτῳ,

252 5777 538 5839 “Gala.
582 5790 637 5842 ι,
673 5772 735 5828 l7
764 5786 911 5845 sqq.
994 5802 999 5807 ~
1052 5800 1061 5809 ~

1992 1967 2173 2040 igitur
2200 1966 2274 2022 ab
2306 1967 2392 2023 eis
2417 1966 2618 2022 didici.
2653 1967 2759 2023 Vel
2790 1968 2949 2024 hunc
3007 1968 3264 2027 reditum
3325 1972 3411 2027 sic
3440 1972 3642 2044 accipe

1990 2062 2058 2111 ut
2084 2057 2168 2112 ita
2195 2056 2274 2111 sit
2301 2055 2461 2127 quod
2493 2055 2709 2112 abierit
2736 2057 2798 2111 in
2829 2057 3129 2117 Arabiam.
3162 2058 3379 2116 deinde
3410 2061 3638 2117 venerit

1991 2149 2361 2212 Damascum,
2376 2143 2594 2199 deinde
2605 2145 3055 2218 Jerosolymam,
3075 2147 3291 2204 deinde
3308 2150 3368 2204 in
3383 2149 3634 2221 Syriam.

1990 2241 2106 2290 Aut
2134 2235 2182 2291 si
2210 2251 2319 2290 nec
2376 2235 2489 2289 boc
2521 2235 2764 2306 quidem
2820 2238 3127 2302 satisfacit,
3178 2239 3336 2309 quod
3392 2255 3633 2295 rursum

1985 2324 2416 2396 Jerosolyuiam
2447 2324 2710 2392 redierit,
2742 2322 2960 2383 deinde
3004 2328 3349 2384 Damascum
3382 2329 3641 2385 emissus

1991 2413 2476 2486 sit.postmodum
2492 2414 2555 2468 in
2589 2412 2887 2482 arabiam,
2910 2415 3124 2473 exinde
3147 2434 3385 2473 rursum
3402 2418 3641 2474 Damas-

1987 2520 2147 2565 cum.
2178 2509 2386 2575 postea
2405 2504 2729 2559 Cmsaream
2753 2520 2768 2558 :
2793 2511 2851 2560 et
2872 2511 3012 2560 tunc
3034 2512 3168 2577 post
3186 2506 3638 2577 quatuordecim

1988 2610 2178 2651 annos
2233 2610 2438 2649 rursus
2536 2593 2807 2651 ascendit
2877 2595 3294 2668 Jerosolyma:
3367 2596 3647 2656 fortassis

1989 2683 2227 2757 quando
2260 2683 2469 2739 fratres
2499 2683 2906 2740 adduxit'cum
2934 2685 3219 2741 Barnaba.
3253 2686 3418 2752 Quod
3450 2688 3499 2742 si
3529 2687 3641 2742 hoc

1987 2791 2108 2830 non
2139 2779 2249 2841 est,
2280 2772 2444 2830 aliud
2477 2772 2622 2828 dicit
2646 2779 2900 2845 tempus.
2937 2774 3456 2847 Historiographus
3478 2775 3639 2831 enim

1988 2866 2177 2921 multa
2206 2865 2527 2930 abbreviat,
2563 2864 2867 2935 multaque
2898 2866 3196 2920 contrahit
3226 2873 3510 2937 tempora.
3544 2866 3636 2920 Vi-

1989 2956 2163 3011 detur
2189 2960 2388 3010 autem
2423 2954 2568 3009 mihi
2603 2953 2899 3009 Barnabas
2930 2954 3108 3009 etiam
3133 2961 3313 3010 antea
3340 2953 3524 3010 fuisse
3548 2954 3639 3010 illi

1989 3043 2236 3100 amicus.
2264 3044 2403 3098 Erat
2431 3043 2592 3097 enim
2644 3042 2819 3097 homo
2875 3041 3167 3115 benignus
3202 3048 3261 3098 et
3315 3043 3639 3100 admodum

1990 3132 2185 3189 suavis
2209 3147 2223 3186 :
2256 3131 2388 3186 ideo
2405 3146 2642 3201 quoque
2674 3130 2832 3186 ﬁlius
2848 3130 3279 3187 consolationis
3297 3148 3368 3187 ex
3389 3133 3637 3188 nomine

1990 3219 2299 3277 dicebatur
2318 3236 2337 3275 :
2365 3218 2525 3275 unde
2555 3225 2616 3274 et
2643 3234 2885 3275 accessu
2912 3218 3103 3275 facilis
3134 3220 3247 3275 fuit
3275 3221 3425 3277 viro.

2056 3311 2153 3373 IX,
2180 3312 2269 3371 29.
2293 3311 2380 3365 30.
2406 3330 2435 3360 «
2462 3308 2955 3380 Loquebaturque
2972 3315 3031 3364 et
3052 3308 3395 3382 disputabat
3424 3309 3638 3368 adver-

1987 3420 2015 3449 ‹‹
2051 3416 2152 3454 sus
2177 3400 2441 3456 Graecos:
2473 3403 2535 3453 at
2575 3396 2665 3452 illi
2722 3397 3069 3453 nitebantur
3134 3399 3407 3455 occidere
3438 3399 3635 3456 illum.

1986 3509 2015 3538 ι(
2050 3486 2216 3553 Quod
2246 3487 2346 3542 ubi
2400 3486 2814 3559 cognovissent
2861 3486 3097 3548 fratres.
3129 3488 3231 3544 90
3262 3487 3641 3545 deduxerunt

1985 3599 2015 3628 α
2049 3592 2183 3633 eum
2215 3577 2541 3632 Cmsaream
2573 3581 2633 3633 et
2661 3577 2991 3632 emiserunt
3016 3577 3209 3649 ipsum
3236 3579 3502 3636 Tarsum.
3538 3601 3567 3629 ››

2060 3668 2291 3723 Crassos
2322 3673 2490 3723 vocat
2518 3666 2715 3723 Grece
2738 3666 3075 3738 loquentes,
3108 3668 3288 3739 idque
3337 3669 3642 3740 sapienter

1986 3757 2329 3814 admodum.
2362 3757 2477 3812 Alii
2508 3756 2694 3818 enim.
2746 3773 2962 3828 nempe
2993 3758 3094 3828 qui
3144 3758 3357 3814 intime
3412 3757 3641 3813 Hebraei

1990 3853 2178 3915 erant,
2214 3865 2288 3904 ne
2309 3847 2509 3903 videre
2540 3846 2778 3917 quidem
2813 3847 3006 3918 ipsum
3036 3847 3372 3902 voluerunt.

2062 3940 2158 3995 1X.
2192 3940 2280 3994 3t.
2313 3959 2338 3990 ι
2362 3938 2545 4011 Igitur
2573 3936 2854 3992 Ecclesiae
2881 3953 2990 4007 per
3011 3937 3347 3992 universam
3377 3936 3639 3992 Iudaeam

1989 4052 2018 4082 «
2051 4035 2110 4084 et
2141 4028 2440 4084 Galilaeam
2472 4043 2539 4081 ac
2569 4025 2895 4081 Samariam
2950 4041 3095 4096 pace
3156 4026 3505 4082 fruebantur
3532 4043 3546 4093 ;
3579 4032 3639 4082 et

1990 4141 2017 4169 ‹‹
2053 4116 2504 4173 ωᾱίῐίοοδειηιιιν
2532 4120 2833 4169 versantes
2891 4113 2951 4168 in
3015 4115 3224 4170 timore
3284 4116 3541 4180 Domini.
3578 4119 3638 4172 et

1995 4228 2022 4261 ι
2052 4205 2457 4263 consolatione
2488 4203 2685 4258 Sancti
2720 4202 2965 4274 spiritus
2995 4204 3563 4275 multiplicabantur.
3602 4225 3630 4253 »

2063 4411 2088 4442 ε
2121 4388 2304 4462 Igitur
2324 4386 2615 4443 Ecclesim.
2656 4408 2684 4437 ››
2728 4387 3003 4443 Dicturus
3044 4392 3135 4443 est
3180 4386 3340 4458 quod
3392 4386 3637 4442 descen-

1988 4480 2144 4536 derit
2172 4477 2310 4534 inde
2340 4479 2585 4533 Petrus:
2611 4493 2687 4533 ne
2718 4494 2857 4552 ergo
2885 4477 3117 4534 timoris
3146 4477 3206 4532 id
3237 4492 3367 4532 esse
3395 4476 3642 4534 arbitre-

1990 4570 2089 4631 ris.
2118 4568 2392 4641 praedixit
2420 4568 2578 4639 quod
2638 4568 2912 4624 Ecclesiaa
2970 4584 3115 4640 pace
3145 4565 3513 4622 fruebantur.
3547 4566 3635 4621 Si-

1985 4659 2228 4732 quidem
2251 4658 2487 4732 quando
2507 4658 2649 4714 belli
2678 4658 2840 4731 vigor
2869 4663 3013 4724 erat,
3042 4656 3427 4729 Jerosolymis
3447 4672 3642 4713 versa-

1988 4749 2207 4806 bantur
2234 4747 2539 4821 Apostoli:
2591 4747 2829 4820 quando
2885 4763 3022 4803 vero
3074 4763 3208 4820 pax,
3265 4746 3444 4804 etiam
3500 4746 3637 4804 aliis

1988 4839 2413 4912 prmdicabant.

2606 4927 2834 4984 CAPUT
2872 4927 3016 4983 XIV.

1988 5019 2065 5074 De
2094 5019 2265 5074 A‘Inea
2294 5018 2610 5088 Paralytico
2659 5016 2867 5085 Lyddw
2887 5033 2990 5086 per
3016 5018 3238 5073 Petrum
3290 5024 3483 5073 curato
3514 5033 3530 5072 :
3577 5018 3640 5072 in

2058 5105 2164 5160 quo
2191 5090 2380 5159 agitur
2408 5091 2573 5144 etiam
2601 5089 2665 5143 de
2693 5088 2930 5160 Tabitha
2981 5089 3181 5144 dilecta
3225 5088 3418 5156 vidua,
3468 5105 3637 5160 quam

2060 5159 2253 5217 Petrus
2280 5162 2472 5231 lappa?
2497 5177 2595 5233 per
2625 5159 2928 5215 orationem
2959 5177 2995 5215 a
3022 5163 3255 5217 mortuis
3282 5163 3565 5218 excitavit.

2060 5319 2159 5388 IX,
2190 5322 2258 5375 32
2291 5321 2381 5376 35.
2418 5313 2723 5393 «Contigit
2755 5326 2955 5377 autem
2986 5326 3053 5377 ut
3082 5325 3306 5386 Petrus.
3340 5320 3480 5377 dum
3528 5338 3636 5395 per

1990 5428 2239 5468 «omnes
2263 5416 2621 5484 peragraret,
2647 5409 2949 5467 deveniret
2971 5411 3149 5468 etiam
3173 5410 3246 5467 ad
3270 5416 3505 5467 sanctos
3534 5412 3634 5484 qui

1985 5524 2013 5555 «
2049 5501 2399 5558 habitabant
2427 5499 2661 5573 Lyddaa.
2685 5501 2969 5573 Repperit
2998 5506 3198 5557 autem
3228 5499 3308 5554 ibi
3328 5500 3636 5557 hominem

1985 5615 2017 5645 ετ
2050 5591 2370 5666 quemdam
2391 5591 2636 5650 nomine
2656 5591 2922 5662 Eueam,
2944 5590 3016 5647 ab
3042 5588 3216 5647 annis
3239 5595 3369 5646 octo
3399 5588 3635 5645 decum-
