4150 6200
479 375 616 436 115

1537 361 1960 424 (ΕΟΗΜΕΝΙΙ
2005 361 2306 422 ἸἪΙΟΟΑΞ
2347 358 2802 424 EPISL‘UPUS.

3787 367 3889 427 176

496 529 523 557 (ι
563 506 804 560 bentem
839 501 900 555 in
925 499 1229 572 grabbato,
1262 497 1364 568 qui
1396 503 1524 552 erat
1550 495 1912 568 paralyticus
1941 511 1954 550 :
1988 503 2046 551 et
2069 496 2152 552 ait

2265 517 2290 545 ιι
2323 491 2382 558 ὅς
2409 494 2477 564 ἧν
2508 491 2976 570 παραλελυμένος,
3037 495 3128 550 καὶ
3187 497 3332 552 εἶπεν
3388 495 3536 570 αὖτῷ
3593 497 3621 553 6
3681 497 3890 575 Πέτρος.

497 617 524 646 ιι
560 595 648 648 illi
679 595 889 647 Petrus
915 607 927 644 :
961 592 1160 651 Ainea.
1191 594 1360 644 sanet
1383 594 1434 642 te
1467 589 1634 642 Jesus
1652 587 1936 641 Christus.
1965 587 2146 660 Surge

502 707 530 736 ι
559 699 626 738 ac
653 689 849 736 sterne
869 679 973 733 tibi
1003 680 1136 750 ipsi.
1159 680 1226 732 Et
1248 678 1518 750 protinus
1541 677 1814 732 surrexit.
1845 677 2148 732 Viderunt-

498 796 526 824 ι(
571 789 684 844 que
716 789 850 826 eum
883 786 1092 825 omnes
1124 769 1224 840 qui
1257 767 1604 823 habitabant
1635 767 1845 838 Lyddai
1880 775 1937 821 et
1965 771 2144 822 Assa-

499 885 529 914 «ι
562 880 727 928 rone,
763 863 864 933 qui
897 861 1162 916 conversi
1197 866 1336 914 sunt
1362 869 1434 913 ad
1467 858 1862 914 Dominum.»

571 955 695 1008 Non
729 949 1214 1022 exspectavitviri
1258 950 1459 1014 fidem,
1517 963 1712 1018 neque
1769 947 2151 1018 interrogavit

501 1059 576 1099 an
609 1042 805 1098 sanari
835 1041 1010 1094 vellet
1038 1057 1049 1094 :
1083 1039 1232 1093 nulli
1264 1038 1404 1094 dum
1447 1038 1606 1092 enim
1657 1037 1908 1108 proprim
1943 1043 2150 1107 poten-

499 1133 596 1186 tias
627 1131 850 1185 indicia
881 1130 958 1184 ibi
993 1130 1217 1200 experti
1279 1133 1448 1182 erant
1479 1143 1492 1182 :
1555 1127 1768 1180 merito
1827 1126 2005 1198 igitur
2031 1141 2148 1180 non

501 1223 845 1294 exigebatur
873 1237 906 1276 a
936 1221 1057 1275 viro
1101 1219 1268 1280 fides.
1316 1219 1612 1288 siquidem
1642 1233 1837 1288 neque
1874 1233 1908 1271 a
1940 1214 2149 1270 claudo

499 1318 833 1384 exegerant.
857 1311 952 1366 91
985 1309 1410 1364 Admultorum
1434 1308 1592 1361 enim
1612 1307 1866 1360 maxime
1881 1305 2148 1360 consola-

497 1403 724 1456 tionem
741 1401 1027 1456 conduxit
1045 1400 1155 1453 hoc
1170 1397 1526 1452 miraculum
1547 1396 1800 1468 insignis
1821 1396 2042 1466 quippe
2065 1394 2152 1447 vir

498 1497 640 1546 erat.
694 1488 1204 1554 Quemadmodum
1263 1503 1400 1558 ergo
1449 1487 1736 1554 Christus,
1805 1501 1942 1540 cum
1984 1485 2151 1556 signa

495 1579 690 1634 facere
731 1578 1042 1648 inciperet,
1072 1576 1252 1630 ﬁdem
1273 1591 1394 1630 non
1422 1576 1708 1648 exigebat,
1744 1575 1826 1630 ita
1849 1590 2043 1644 neque
2067 1573 2147 1627 hi.

495 1667 882 1737 Jerosolymis
913 1681 1174 1735 namque
1203 1664 1414 1718 merito
1438 1664 1584 1719 fides
1607 1680 1744 1736 erga
1773 1680 1874 1718 eos
1906 1678 2149 1734 praeces-

498 1757 614 1812 sit:
647 1763 713 1811 ut
741 1755 1038 1810 venientis
1062 1753 1216 1808 Petri
1267 1753 1358 1808 vel
1388 1753 1598 1808 umbra
1643 1753 1983 1824 quempiam
2015 1751 2148 1805 illo-

2255 608 2282 636 «
2315 584 2497 652 Αἰνέα,
2525 583 2677 640 ’ἰᾶταί
2707 605 2765 640 σε
2807 586 2834 639 6
2895 587 3102 656 Ἰησοῦς
3168 587 3428 659 Χριστός·
3481 587 3768 658 Ἀναστηθι
3811 589 3889 645 καὶ

2258 699 2283 726 ιι
2318 679 2562 750 στρῶσον
2621 679 2848 747 σεαυτῷ.
2909 675 3014 730 Καὶ
3075 674 3273 739 εὐθέως
3329 675 3546 747 ἀνέστη.
3603 677 3703 732 Καὶ
3761 677 3889 736 εἷόον

2259 789 2286 816 ‹‹
2320 764 2479 819 αὐτὸν
2513 767 2707 826 πάντες
2735 766 2786 819 οἱ
2834 769 3212 826 κατοικοῦντες
3245 763 3456 820 Λύδδαν
3511 767 3602 822 καὶ
3659 768 3750 823 τὸν
3779 771 3893 826 Ἀσ-

2321 855 2556 929 σάρωνα,
2579 855 2776 918 αἳτινες
2807 855 3134 930 ἐπέστρεψαν
3163 855 3256 910 ἐπὶ
3281 855 3373 910 τὸν
3403 855 3628 931 Κύριον,
3662 881 3692 910 ιο

2329 943 2443 1000 Οὐκ
2475 943 2714 1016 ἀνέμεινε
2737 946 2840 1013 τὴν
2871 945 3052 999 πίστιν
3083 948 3180 998 τοῦ
3235 941 3454 1018 ἀνδρὸς,
3499 943 3626 1000 οὐδὶ
3678 947 3889 1020 ἠρώτη-

2259 1053 2363 1100 σεν,
2419 1033 2463 1086 εἰ
2543 1030 2806 1106 βούλοιτο
2893 1034 3307 1109 θεραπευθῆναι·
3396 1033 3549 1088 οὔπω
3607 1034 3710 1111 γὰρ
3765 1035 3887 1104 ἦσαν

2257 1126 2529 1197 τεκμήρια
2559 1130 2660 1192 τῆς
2693 1123 2896 1186 οἰκείας
2937 1125 3236 1199 πάσχοντες
3296 1121 3600 1198 δυνάμεως.
3663 1125 3891 1187 δίκότως

2257 1213 2435 1267 τοίνυν
2492 1213 2594 1267 οὐκ
2647 1212 2909 1287 ἀπῃτεῖτο
2963 1214 3062 1284 τὴν
3117 1213 3298 1270 πίστιν
3330 1213 3546 1286 ὁάνήρ.
3611 1211 3750 1272 Οὐδὲ
3801 1217 3890 1292 γὰρ

2257 1304 2349 1358 τὸν
2394 1301 2586 1381 χωλὸν
2645 1304 2952 1377 ἁπῄτησαν.
3013 1302 3276 1362 Μάλιστα
3339 1305 3433 1378 μὲν
3495 1306 3584 1361 οὗν
3642 1306 3892 1381 καὶπρὸς

2258 1390 2486 1448 πολλῶν
2516 1391 2858 1468 παράκλησιν
2887 1397 3078 1472 γέγονε
3119 1395 3180 1450 τὸ
3239 1399 3442 1467 θαῦμαο
3497 1395 3768 1468 ἐπίσημος
3795 1396 3890 1472 γὰρ

2257 1483 2324 1552 ἧν
2360 1485 2388 1537 6
2419 1483 2579 1560 ἀνὴρ·
2619 1487 2870 1560 Καθάπερ
2929 1485 3021 1540 οὗν
3083 1486 3111 1539 6
3145 1485 3381 1560 Χριστὸς
3437 1485 3744 1560 ἀρχόμενος
3796 1491 3895 1541 τῶν

2259 1574 2527 1645 σημείων,
2562 1574 2660 1628 οὐκ
2688 1573 2884 1648 ἀπῄτει
2914 1575 3118 1646 πίστιν,
3165 1573 3338 1637 οὕτως
3401 1573 3528 1630 οὐδὶ
3582 1575 3754 1632 οὗτοι.
3813 1577 3893 1633 Ἐν

2257 1661 2668 1739 Ἱεροσολύμοις
2755 1664 2850 1737 μέν
2932 1666 3037 1741 γὰρ
3113 1665 3339 1726 εἶκότως
3397 1667 3432 1734 ἡ
3487 1665 3670 1726 πίστις
3727 1665 3893 1721 αὐτῶν

2257 1754 2597 1828 προεγένετο,
2649 1751 2738 1808 ’ίνα
2797 1752 3099 1829 ἐρχομένου
3159 1753 3363 1829 Πέτρου
3412 1753 3572 1824 κᾶνὴ
3603 1755 3726 1809 σκιὰ
3779 1753 3894 1810 ἐπι-

497 1862 632 1900 rum
663 1844 1065 1900 obumbraret.
1101 1843 1279 1898 Multa
1302 1843 1460 1896 enim
1483 1841 1638 1897 facta
1659 1841 1924 1896 erantibi
1959 1841 2144 1912 signa.

2265 1843 2451 1916 σκιάσῃ
2485 1842 2588 1897 τινὶ
2621 1843 2821 1900 αὐτῶν.
2861 1841 3051 1898 ηολλά
3108 1845 3209 1918 γάρ
3241 1842 3353 1898 ἐκεῖ
3409 1843 3620 1919 ἐγένετο
3679 1850 3892 1916 σημεῖα.

500 1935 598 1990 hic
620 1939 818 1989 autem
842 1934 952 1987 hoc
975 1933 1234 2002 primum
1251 1930 1498 1985 accidit:
1521 1931 1688 2002 signa
1711 1931 1910 2000 itaque
1929 1929 2143 2000 partim

501 2026 725 2080 ﬁebant
752 2029 818 2079 ut
844 2025 947 2078 alii
977 2023 1049 2078 ad
1085 2023 1264 2077 fidem
1283 2023 1743 2088 attraherentur,
1775 2021 1990 2093 partim
2009 2036 2144 2075 vero

497 2121 563 2170 ut
592 2114 900 2170 credentes
929 2111 1402 2168 consolarentur.

569 2295 664 2358 IX,
691 2293 880 2346 36-42.
925 2314 952 2342 ‹‹
975 2293 1176 2363 Joppas
1197 2295 1396 2346 autem
1417 2295 1542 2346 erat
1562 2289 1834 2361 quaedam
1856 2289 2148 2361 discipula

498 2405 526 2434 α
553 2382 796 2438 nomine
826 2380 1092 2446 Tabitha,
1127 2397 1256 2450 quae
1289 2396 1395 2451 per
1419 2380 1972 2450 interpretationem
2003 2377 2149 2432 dici-

505 2492 527 2520 α
561 2479 658 2527 tur
687 2473 922 2526 Dorcas.
959 2471 1092 2524 Haec
1123 2470 1304 2541 plena
1355 2475 1482 2524 erat
1539 2469 1712 2523 bonis
1770 2468 2048 2539 operibus
2081 2483 2148 2522 ac

505 2586 525 2612 ι
546 2560 1103 2632 θὶεεωοεγῐιὶεῗῳιᾶε
1121 2559 1458 2630 ριέοειεὼειι.
1479 2559 1918 2613 Acciditautem
1940 2557 2150 2612 diebus

506 2676 534 2703 ιι
567 2651 687 2705 illis
714 2657 778 2704 ut
805 2648 1152 2704 infirmitate
1175 2653 1410 2720 gravata
1441 2654 1789 2702 moreretur.
1823 2648 2004 2712 Quam
2051 2644 2150 2700 ubi

504 2765 531 2792 ‹‹
563 2741 864 2796 lavissent.
888 2744 1218 2810 posuerunt
1235 2739 1294 2792 in
1313 2737 1635 2793 cmuaculo.
1670 2737 1816 2792 Cum
1838 2752 1972 2791 vero
1997 2739 2154 2790 esset

504 2855 532 2884 ιι
569 2832 766 2904 Lydda
797 2831 1222 2901 vicinaJoppm,
1247 2830 1670 2900 audissentque
1703 2827 2152 2900 discipuliquod

501 2945 529 2973 ι(
565 2924 773 2976 Petrus
805 2920 1044 2974 essetin
1075 2935 1163 2984 ea,
1197 2919 1488 2974 miserunt
1517 2919 1592 2974 ad
1614 2935 1752 2973 eum
1785 2925 2056 2990 rogantes
2079 2933 2152 2971 ne

509 3031 535 3064 α
566 3016 907 3084 gravaretur
925 3009 1123 3064 venire
1145 3025 1334 3079 usque
1368 3009 1441 3062 ad
1474 3025 1555 3063 se.
1593 3009 1924 3080 Exsurgens
1955 3014 2152 3063 autem

502 3126 528 3154 ‹‹
565 3105 775 3156 Petrus
817 3101 978 3156 venit
1007 3117 1144 3155 cum
1176 3101 1314 3154 illis.
1350 3105 1616 3171 Cumque
1647 3100 2000 3166 advenisset,
2041 3098 2154 3152 du-

504 3216 530 3240 κ
566 3197 781 3246 xerunt
812 3191 982 3245 illum
1018 3192 1078 3245 in
1111 3191 1506 3254 cmnaculum,
1541 3197 1600 3244 et
1632 3191 2156 3245 circumsteterunt

501 3305 528 3332 ι(
569 3298 706 3337 eum
737 3297 947 3336 omnes
965 3280 1152 3334 viduae
1169 3279 1400 3344 ﬂentes,
1433 3285 1490 3334 et
1519 3279 1900 3334 ostendentes
1923 3279 2153 3333 tunicas

505 3397 532 3423 ‹‹
566 3389 632 3427 ac
657 3379 844 3427 vestes
867 3389 1012 3442 quas
1039 3369 1296 3425 faciebat
1316 3385 1447 3422 cum
1473 3375 1630 3424 esset
1661 3387 1795 3424 cum
1829 3370 1974 3440 ipsis
2007 3369 2152 3423 Dor-

505 3485 532 3513 «
569 3479 687 3517 cas.
727 3463 934 3517 Petrus
963 3475 1097 3514 vero
1140 3457 1345 3528 ejectis
1402 3457 1558 3511 foras
1616 3458 1913 3524 omnibus,
1945 3456 2155 3528 pOsitis

509 3576 537 3603 ιι
575 3551 823 3622 genibus
856 3550 1060 3613 oravit,
1121 3563 1557 3615 conversusque
1589 3546 1662 3600 ad
1695 3564 1908 3616 corpus
1960 3547 2108 3601 dixit
2141 3563 2154 3600 :

513 3665 540 3692 ‹‹
575 3641 842 3706 Tabitha,
877 3654 1068 3710 surge.
1109 3641 1177 3688 At
1207 3635 1310 3690 illa
1340 3635 1790 3706 aperuitoculos
1822 3652 1978 3702 suos,
2005 3636 2158 3689 viso-

519 3753 538 3780 σ
579 3748 692 3802 que
725 3735 895 3784 Petro
928 3725 1168 3782 resedit.
1206 3729 1344 3779 Data
1373 3729 1572 3779 autem
1599 3724 1684 3778 illi
1713 3741 1917 3786 manu.
1951 3725 2156 3790 erexit,

523 3843 551 3872 ‹‹
584 3828 642 3875 et
671 3837 806 3876 cum
836 3821 1102 3873 vocasset
1131 3821 1364 3869 sanctos
1396 3831 1463 3868 ac
1485 3814 1708 3878 viduas,
1744 3813 2009 3868 exhibuit
2029 3831 2158 3869 eam

518 3931 546 3958 ι(
581 3910 788 3962 vivam.
821 3907 1005 3976 quue
1041 3903 1300 3958 innotuit
1327 3921 1433 3973 per
1463 3909 1646 3958 totam
1671 3905 1918 3974 Joppen,
1945 3909 2002 3958 et
2031 3919 2160 3959 cre-

516 4019 543 4046 ‹‹
577 3995 855 4050 diderunt
887 3992 1058 4048 multi
1092 3991 1154 4046 in
1181 3990 1518 4047 Dominum.
1552 4013 1579 4042 »

586 4197 614 4225 «ι
645 4175 894 4230 Nomine
925 4172 1192 4234 Tahitha,
1219 4195 1245 4222 »
1287 4178 1397 4228 etc.
1447 4172 1789 4229 Ostenditur
1818 4190 1888 4229 ex
1919 4175 2160 4230 nomine

513 4264 671 4336 quod
701 4265 834 4319 huic
857 4263 1108 4337 vigilans
1141 4268 1267 4318 erat
1295 4279 1362 4318 ac
1409 4262 1622 4328 sobria,
1659 4263 2160 4334 quemadmodum

513 4349 730 4425 δορκᾶς,
764 4352 824 4408 id
855 4359 944 4408 est
965 4369 1197 4424 caprea.
1223 4352 1402 4408 Multa
1421 4369 1678 4423 namque
1705 4353 1952 4408 nomina
1981 4353 2160 4408 etiam

511 4443 958 4516 dispensatione
971 4447 1410 4514 ponuntur,sua
1429 4442 1522 4496 efﬁ
1533 4443 1694 4496 cacia
1705 4442 2160 4514 appellationem

511 4533 910 4606 significantia
940 4549 1070 4604 quae
1102 4531 1508 4602 consequitur.
1545 4553 1572 4578 ‹‹
1605 4531 2074 4603 Contigitautem
2098 4535 2162 4584 ut

2255 1933 2514 1987 Ἐνταῦθα
2567 1929 2624 1986 δέ
2680 1935 2842 1988 τοῦτο
2899 1937 3116 2008 πρῶτον
3173 1928 3456 1989 ἐπιϐαίνει.
3516 1933 3598 1989 Τὰ
3657 1933 3749 2008 μὲν
3797 1934 3893 2008 γὰρ

2253 2027 2360 2078 τῶν
2409 2023 2654 2095 σημείων
2712 2022 2845 2096 ὑπὲρ
2899 2027 2997 2077 τοῦ
3055 2022 3184 2083 τοὺς
3239 2021 3448 2084 ἄλλους
3505 2019 3891 2088 ἐπισπάσασθαι

2253 2109 2480 2186 ἐγίνετο,
2510 2111 2577 2166 τὶ
2607 2108 2665 2166 δέ
2693 2111 2782 2166 καὶ
2819 2111 2950 2187 ὑπέρ
3003 2119 3106 2182 τῆς
3163 2117 3271 2168 τῶν
3325 2111 3687 2169 πιστευόντων
3727 2133 3895 2187 παρα-

2253 2199 2528 2270 κλήσεως.

2331 2316 2356 2346 ιι
2389 2293 2478 2348 Ἐν
2509 2293 2703 2367 Ἰόππῃ
2738 2289 2794 2346 δέ
2821 2313 2905 2352 τις
2946 2295 3012 2361 ἦν
3045 2294 3318 2368 μαθήτρια
3371 2293 3598 2366 ὀνόματι
3649 2288 3888 2364 Ταϐηθᾰ,

2261 2405 2287 2434 ι(
2320 2381 2355 2451 ἢ
2389 2379 2854 2454 διερμηνευομένη
2888 2379 3102 2460 λέγεται
3154 2381 3380 2457 Δορκάς.
3441 2382 3590 2453 Αὕτη
3653 2383 3718 2452 ἦν
3749 2381 3890 2452 πλή-

2261 2493 2289 2522 ιι
2322 2489 2422 2545 ρης
2479 2469 2695 2544 ἀγαθῶν
2751 2468 2923 2546 ἔργων
2979 2471 3070 2524 καὶ
3129 2469 3516 2544 ἐλεημοσυνῶν
3583 2469 3655 2526 ὧν
3707 2470 3896 2528 ἐποίει.

2259 2584 2286 2610 ι(
2321 2560 2560 2632 Ἐγένετο
2597 2555 2652 2614 δέ
2675 2558 2726 2614 ἐν
2757 2565 2876 2620 ταῖς
2932 2561 3166 2634 ἡμέραις
3221 2561 3472 2628 ἐκείναις,
3533 2562 3894 2632 ἀσθενήσασαν

2261 2672 2288 2701 ιι
2323 2647 2488 2718 αὐτὴν
2521 2647 2824 2704 ἀτοθανεῖν.
2879 2649 3179 2710 Λούσαντες
3242 2647 3298 2704 δὲ
3343 2650 3542 2720 αὐτὴν,
3599 2647 3792 2721 ἔθηκαν
3847 2649 3899 2705 ἐν

2259 2763 2287 2790 ι(
2325 2739 2578 2812 ὑπερῴῳ.
2627 2738 2830 2815 ἀγγῦς
2890 2736 2946 2793 δὲ
2985 2735 3152 2808 οὔσης
3211 2737 3427 2810 Λύδδης
3480 2744 3551 2813 τῇ
3599 2741 3817 2815 Ἰόππῃ.
3849 2740 3900 2794 οἳ

2260 2828 2564 2901 «μαθηταὶ
2623 2828 2969 2893 ἀκούσαντες,
3029 2829 3113 2884 δτι
3175 2831 3376 2902 Πέτρος
3435 2827 3576 2884 ἐστὶν
3637 2828 3692 2885 ἐν
3749 2827 3903 2900 αὐτῇ,

2265 2941 2288 2972 α
2321 2915 2642 2972 ἀπέστειλαν
2674 2916 2809 2988 πρὸς
2841 2917 3024 2982 αὐτὸν,
3084 2916 3541 2989 παρακαλοῦντες,
3601 2919 3676 2990 μὴ
3739 2918 3902 2988 ὀκνῆ-

2261 3035 2290 3062 ‹‹
2320 3031 2404 3065 σαι
2437 3007 2670 3072 διελθεῖν
2698 3006 2803 3070 ἕως
2849 3009 3044 3066 αὐτῶν.
3095 3011 3362 3075 Ἀναστὰς
3415 3010 3473 3066 δέ
3531 3011 3733 3085 Πέτρος
3783 3033 3908 3065 συν-

2264 3098 2484 3169 «ἦλθεν
2521 3099 2730 3169 αὐτοῖς,
2792 3100 2852 3153 ὃν
2907 3101 3343 3176 παραγετόμενον
3405 3101 3678 3176 ἀνήγαγον
3739 3100 3814 3161 εἷς
3839 3101 3903 3156 τὸ

2263 3214 2290 3241 ‹‹
2328 3190 2591 3264 ὑπερῷον,
2641 3190 2728 3244 καὶ
2789 3186 3144 3265 περιέστησαν
3195 3190 3344 3262 αὐτῷ
3401 3196 3568 3245 πᾶσαι
3625 3192 3680 3246 αἱ
3730 3197 3902 3266 χῆραι

2263 3304 2290 3332 ι(
2323 3278 2636 3344 κλαίουσαι,
2685 3279 2774 3334 καὶ
2843 3277 3272 3354 ἐπιδεικνύμεναι
3323 3285 3560 3359 χιτῶνας
3625 3280 3716 3336 καὶ
3772 3280 3900 3353 ἱμά-

2259 3391 2428 3438 «τια,
2480 3370 2578 3424 ὅσα
2606 3367 2773 3424 ἐποίει
2827 3371 2942 3442 μετ’
2987 3368 3162 3424 αὐτῶν
3219 3367 3353 3425 οὖσα
3409 3371 3444 3439 ἡ
3499 3368 3724 3444 δορκάς.
3787 3372 3904 3426 Ἐκο

2261 3483 2288 3510 ι(
2323 3455 2510 3513 ϐαλῶν
2540 3455 2596 3512 δὲ
2627 3455 2727 3530 ἔξω
2775 3461 2978 3520 πάντας
3041 3461 3069 3513 6
3129 3457 3350 3533 Πέτρος,
3409 3459 3518 3519 θεὶς
3573 3460 3640 3514 τὰ
3709 3460 3906 3536 γόνατα

2262 3571 2288 3597 ι(
2321 3547 2802 3618 προσηύξατο,καὶ
2837 3546 3155 3621 ἐπιστρέψας
3214 3548 3351 3623 πρὸς
3408 3548 3470 3603 τὸ
3521 3554 3703 3622 σῶμα,
3761 3551 3906 3605 εἴπεο

2261 3657 2290 3686 ιι
2323 3629 2568 3704 Ταϐηθὰ,
2601 3633 2883 3704 ἀνάστηθι.
2930 3637 2992 3690 Ἡ
3050 3633 3108 3690 δὲ
3161 3634 3345 3709 ἤνοιξε
3401 3635 3530 3698 τοὺς
3587 3634 3908 3712 ὀφθαλμοὺς

2265 3745 2290 3775 ιι
2325 3721 2512 3791 αὐτῆς,
2545 3724 2634 3777 καὶ
2668 3721 2857 3778 ἰδοῦσα
2885 3725 2976 3779 τὸν
3031 3727 3248 3800 Πέτρον,
3307 3725 3600 3789 ἀνεκάθισε.
3659 3725 3797 3786 Δοὺς
3853 3723 3913 3782 δὶ

2267 3837 2294 3865 (ι
2327 3813 2464 3885 αὐτῇ
2515 3819 2698 3890 χεῖρα,
2757 3813 3042 3883 ἀνέστησεν
3103 3815 3292 3885 αὐτήν·
3353 3816 3607 3895 φωνήσας
3665 3811 3724 3868 δὲ
3777 3817 3911 3879 τοὺς

2265 3927 2292 3954 ‹‹
2327 3904 2514 3978 ἁγίους
2543 3903 2632 3958 καὶ
2681 3903 2775 3964 τὰς
2837 3905 3036 3979 χήρας,
3095 3903 3427 3978 παρέστησεν
3487 3903 3654 3973 αὐτὴν
3711 3909 3911 3975 ζῶσαν.

2265 4015 2292 4042 ‹‹
2335 3993 2576 4047 Γνωστὸν
2609 3990 2664 4046 δέ
2715 3988 2920 4070 ἐγένετο
2977 3995 3096 4047 καθ’
3153 3993 3290 4064 ὅλης
3345 4001 3443 4064 τῆς
3501 3991 3753 4066 Ἰὅππης,
3819 3993 3914 4050 καὶ

2267 4104 2296 4134 ιι
2324 4078 2530 4136 πολλοὶ
2559 4079 2876 4137 ἐπίστευσαν
2908 4079 2993 4137 ἐπὶ
3023 4081 3114 4136 τὸν
3147 4081 3368 4156 Κύριον.
3403 4105 3429 4135 η

2339 4171 2652 4245 «Ὀνόματι
2709 4165 2956 4241 Ταϐηθά,
3033 4171 3124 4228 καὶ
3209 4174 3276 4226 τὰ
3329 4173 3474 4245 ἑξῆς.
3537 4196 3567 4226 ››
3628 4173 3916 4230 Δείκνυται

2265 4261 2350 4317 ὃτι
2406 4261 2542 4331 αὕτη
2621 4259 2954 4340 ιρερωνῦμως
3003 4260 3069 4330 ἦν
3131 4259 3463 4339 ἐγρηγορυῖα
3517 4262 3608 4318 καὶ
3659 4266 3916 4342 νήφουσι

2265 4348 2446 4426 ὥσπερ
2480 4347 2698 4426 δορκάς.
2729 4348 2920 4405 Πολλὰ
2949 4351 3053 4427 γὰρ
3095 4351 3187 4406 καὶ
3250 4351 3618 4426 οἰκονομικῶς
3670 4351 3922 4426 ὀνόματα

2265 4439 2488 4507 τίθεται,
2549 4437 2822 4510 δηλοῦντα
2885 4443 2953 4513 τῇ
3049 4439 3288 4516 ἐνεργείᾳ
3367 4442 3467 4510 τὴν
3540 4441 3918 4517 προσηγορίαν

2265 4528 2694 4592 ἀκολουθοῦσαν.
2732 4553 2762 4582 ιι
2795 4525 3000 4600 Συνέϐη
3043 4528 3224 4584 τοίνυν
3291 4529 3492 4603 ταύτην
3553 4531 3930 4606 ἀρρωστήσα-

507 4623 634 4677 haec
697 4623 1042 4678 inﬁrmitate
1103 4625 1338 4694 gravata
1393 4625 1744 4674 moreretur.
1813 4621 1997 4684 Quam
2055 4619 2152 4674 ubi

2267 4639 2358 4673 σαν
2389 4620 2694 4676 ἀποθανεῖν.
2747 4620 3042 4680 Λούσαντες
3101 4616 3159 4674 ’δὲ
3202 4619 3388 4690 αὐτὴν,
3428 4645 3455 4672 ››
3484 4623 3550 4676 τὰ
3605 4621 3692 4677 ἐπὶ
3740 4625 3930 4696 νεκρῷ

507 4711 808 4781 lavissent,
849 4735 867 4759 ιι
895 4711 1164 4766 fecerunt
1194 4714 1406 4764 cuncta
1443 4726 1572 4779 qua:
1630 4709 1693 4763 in
1743 4715 1975 4764 mortuo
2026 4709 2152 4764 ﬁeri

505 4807 977 4855 consueverunt:
1013 4807 1070 4854 et
1101 4807 1238 4854 tunc
1271 4801 1510 4852 Petrum
1542 4797 1997 4853 accersiverunt.
2037 4799 2154 4853 Hoc

505 4897 702 4945 autem
737 4907 854 4943 non
889 4891 1158 4944 fecerunt
1188 4889 1530 4960 priusquam
1585 4895 1947 4942 moreretur:
1995 4887 2152 4943 indi»

503 4997 682 5052 gnum
709 4979 808 5034 92
832 4977 1115 5032 ducentes
1151 4977 1224 5032 ob
1260 4977 1400 5031 talia
1429 4992 1638 5032 vexare
1680 4975 2004 5047 discipulos
2035 4982 2088 5031 et
2122 4993 2156 5032 a

504 5069 928 5141 praedicatione
952 5067 1228 5122 avellere.
1249 5069 1392 5121 Nam
1418 5074 1475 5121 et
1495 5073 1807 5138 prOpterea
1833 5065 1976 5120 dicit
1997 5067 2155 5137 quod

503 5160 736 5214 vicinus
777 5165 902 5214 erat
931 5159 1117 5213 locus.
1155 5157 1212 5210 1d
1245 5158 1404 5212 enim
1438 5175 1543 5228 per
1573 5157 1814 5212 modum
1849 5159 2154 5214 succisivaa

505 5265 701 5320 Operm
716 5247 1318 5318 petebant.siquidem
1337 5245 1817 5317 discipulaerat.-
1837 5249 1976 5304 Cum
2001 5264 2160 5314 esset

511 5355 644 5392 cum
677 5338 820 5408 ipsis
854 5337 1090 5392 Dorcas.
1129 5359 1157 5386 ››
1188 5333 1352 5400 Quod
1385 5334 1602 5389 dicitur
1631 5335 1812 5391 fuisse
1844 5355 1964 5394 una
2021 5355 2154 5394 cum

506 5426 674 5496 ipsis,
707 5427 892 5481 animi
925 5425 1086 5480 illius
1119 5423 1472 5480 modestiam
1499 5424 1810 5496 signiﬁcat,
1838 5427 1996 5497 quod
2021 5445 2154 5483 cum

501 5514 692 5569 viduis
725 5515 1068 5570 convivebat
1091 5531 1156 5570 ac
1187 5512 1530 5568 versabalur
1569 5529 1636 5568 ac
1668 5514 1714 5567 si
1749 5531 1866 5570 una
1887 5515 2098 5572 fuisset
2127 5535 2158 5573 e

501 5605 692 5678 vulgo.
731 5605 880 5672 Quid
913 5605 1091 5679 igitur
1121 5606 1330 5659 Petrus
1352 5607 1378 5658 ?
1413 5603 1629 5658 Omnes
1661 5602 1817 5659 foras
1867 5606 2050 5677 ejicit,
2085 5623 2156 5663 ne

503 5711 705 5769 acrym
726 5713 900 5754 arum
914 5695 1166 5753 tumultu
1183 5693 1548 5760 turbaretur;
1565 5692 1894 5766 positisque
1909 5697 2158 5768 genibus

2261 4709 2434 4764 πάντα
2493 4707 2772 4777 ἐποίησαν.
2859 4709 2960 4766 Καὶ
3018 4709 3142 4765 τότε
3199 4709 3618 4772 ἀποστείλαντες
3675 4731 3932 4786 μετακα-

2264 4796 2485 4854 λοῦνται
2547 4805 2766 4874 Πετρον.
2827 4799 2942 4856 Οὐκ
2999 4799 3261 4872 ἐποίησαν
3322 4797 3378 4856 δὲ
3436 4806 3597 4856 τοῦτο
3651 4801 3758 4876 πρὸ
3819 4803 3932 4856 τοῦ

2263 4887 2586 4958 ἀποθανεῖν,
2645 4888 2856 4958 ἀνάξιον
2914 4890 3216 4966 ἡγόῦμενοι
3277 4891 3410 4965 ὑπὲρ
3470 4895 3576 4946 τῶν
3644 4889 3932 4946 τοιούτων

2264 4976 2517 5034 σκῦλλειν
2548 4977 2675 5040 τοὺς
2711 4979 2982 5050 μαθητὰς,
3024 4981 3113 5034 καὶ
3173 4983 3270 5035 τοῦ
3325 4981 3680 5058 κηρῦγματος
3739 4999 3934 5054 παρα-

2265 5073 2418 5138 σπᾷν.
2451 5067 2600 5125 Ἐπεὶ
2640 5068 2729 5123 καὶ
2763 5065 2850 5122 avi
2878 5073 3038 5124 τοῦτο
3092 5067 3248 5147 λὲἷγει
3310 5069 3392 5125 ὅτι
3453 5071 3618 5147 ἐγγὺς
3673 5069 3762 5138 ἧν.
3831 5069 3938 5126 Ἐν

2261 5159 2405 5229 τάξει
2437 5157 2541 5233 γὰρ
2573 5163 2843 5234 παρέργου
2874 5163 3033 5214 τοῦτο
3091 5155 3273 5234 ᾔτουν·
3339 5161 3616 5234 μαθήτρία
3669 5159 3774 5234 γὰρ
3827 5159 3932 5228 ἦν·

2266 5273 2294 5302 ι(
2329 5250 2459 5306 Μετ’
2490 5247 2664 5303 αὐτων
2695 5247 2826 5302 οὖσα
2858 5250 2893 5317 ἡ
2929 5249 3151 5324 Δοκράς.
3190 5273 3215 5300 ι)
3251 5251 3350 5320 Τὸ,
3415 5275 3442 5302 ιι
3474 5251 3590 5323 μετ’
3647 5249 3863 5314 αὐτῶν,
3903 5272 3942 5302 π

2265 5338 2361 5405 τήν
2405 5339 2896 5418 ταπεινοφροσύνην
2940 5341 3109 5408 αὐτῆς
3141 5337 3326 5408 δηλοῖ,
3361 5342 3446 5396 ὅτι
3499 5347 3661 5410 συνῆν
3723 5340 3949 5396 αὐταῖ)

2265 5427 2356 5482 καὶ
2387 5424 2709 5502 συνδιῃτᾶτο
2741 5429 2815 5486 ὼς
2846 5429 2941 5500 μία
3000 5435 3106 5484 τῶν
3161 5427 3390 5485 πολλῶν
3423 5431 3574 5486 οὖσα.
3637 5431 3706 5488 Τί
3765 5429 3870 5485 οὗν
3919 5433 3958 5486 ὁ

2272 5519 2472 5593 Πέτρος
2507 5535 2520 5587 ;
2559 5519 2761 5581 ﬂivuc
2789 5513 3047 5574 ἐκϐάλλει
3083 5513 3204 5592 ἔξω,
3247 5518 3385 5576 ὥστε
3445 5521 3520 5594 μὴ
3579 5526 3966 5596 συγχυθῆναι

2265 5613 2382 5670 τοῖς
2439 5605 2660 5684 δάκρυσι
2697 5603 2836 5683 μηδὲ
2865 5611 3225 5686 ταραχθῆναι.
3263 5611 3364 5666 Καὶ
3427 5611 3538 5674 θεὶς
3597 5612 3664 5667 1i
3723 5613 3970 5688 γόνατα

2269 5697 2634 5774 προσηύξατο.
2678 5699 2754 5755 Οὐ
2809 5699 2982 5756 πάντα
3029 5700 3132 5779 γὰρ
3193 5702 3327 5775 μιτά
3381 5706 3481 5771 τῆς
3538 5698 3708 5774 αὐτῆς
3767 5699 3974 5758 εὐκο-
