4134 6196
384 326 494 388 1⁵19

1404 312 1901 378 (ΕῦυΜΕΝΙΙΙΒ
1944 308 2250 372 ΤΒΙΕΟΕ
2297 309 2740 376 EPISCOPUS.

3673 305 3792 370 180

384 487 406 514 ι
441 466 522 520 Ex
552 463 792 520 cohorte
835 475 966 530 quae
1001 455 1218 510 dicitur
1247 452 1450 509 Italica
1511 473 1540 502 ››
1573 456 1772 526 Σπεῖρα
1805 455 2026 515 autem,

2167 449 2224 502 lt'
2255 448 2284 503 δ
2313 446 2404 503 καὶ
2435 451 2535 519 τὴν
2563 447 2710 522 ἀξίαν
2765 446 3061 519 ἐδήλωσεν,
3098 472 3125 502 ‹‹
3183 449 3278 506 Ἐκ
3335 445 3562 520 σπείρης
3620 443 3787 501 είπὼν

378 555 440 611 id
473 561 562 612 est
587 553 823 616 cohors,
859 553 948 603 est
981 561 1160 616 quam
1191 560 1354 600 nunc
1385 543 1650 616 νούμερον
1683 541 1958 596 dicimus.

445 731 508 798 Χ,
539 735 594 788 6.
623 735 676 784 '7.
709 753 736 778 ‹‹
771 727 876 784 Cui
910 727 1124 782 domus
1156 731 1247 781 est
1289 725 1462 796 juxta
1511 738 1695 778 mare.
1731 721 1834 776 Hic
1878 720 2036 776 dicet

377 845 404 872 α
440 821 544 876 tibi
582 819 726 890 quid
755 825 811 874 te
857 823 1132 890 oporteat
1159 816 1372 870 facere.
1433 815 1504 868 Ut
1533 818 1728 868 autem
1763 809 2036 866 discessit

381 935 408 961 «
441 909 688 983 angelus
721 909 820 978 qui
859 906 1216 977 loquebatur
1249 903 1545 960 Cornelio.
1609 901 1830 956 vocavit
1885 901 2036 954 duos

382 1021 410 1050 ‹‹
443 999 700 1055 famulos
731 1004 791 1053 et
816 997 1066 1052 militem
1099 994 1442 1068 religiosum
1477 1009 1546 1048 ex
1577 991 1668 1048 his
1700 991 1802 1064 qui
1847 989 1900 1046 ei
1931 987 2038 1044 ad-

386 1111 413 1140 ι(
447 1087 776 1145 haerebant.
816 1108 842 1135 ι)

457 1179 769 1252 Segregata
799 1175 870 1231 ab
901 1173 1150 1230 urbibus
1179 1171 1310 1228 loca
1353 1171 1731 1228 sectabantur
1761 1166 2036 1241 apostoli,

384 1272 592 1341 utpote
619 1263 962 1322 solitudinis
994 1281 1062 1320 ac
1093 1263 1312 1334 quietis
1345 1261 1542 1316 amici.
1576 1259 1728 1325 Quid
1759 1265 1955 1315 autem
1987 1252 2038 1314 si

387 1349 458 1414 et~
475 1357 660 1414 alium
693 1355 1040 1427 contigisset
1069 1369 1200 1408 esse
1235 1352 1532 1406 Simonem
1563 1349 1590 1404 ‘?
1627 1351 1772 1404 Ecce
1803 1348 2038 1421 signum

389 1447 490 1502 dat
520 1445 676 1516 quod
709 1443 934 1498 habitet
975 1443 1146 1512 juxta
1175 1456 1360 1494 mare.
1395 1440 1606 1492 Verum
1647 1453 1887 1493 causam
1919 1452 2040 1492 non

391 1535 640 1598 dixit,ne
671 1533 867 1604 ipsum
909 1533 1240 1593 enervaret,
1274 1527 1378 1584 sed
1407 1525 1468 1582 in
1499 1526 1820 1599 cupiditate
1843 1543 1912 1584 ac
1939 1525 2042 1582 de-

391 1624 608 1679 siderio
641 1619 922 1676 audiendi
957 1635 1088 1674 esse
1109 1617 1356 1674 dimisit.

461 1711 522 1780 Χ,
554 1713 586 1768 8
623 1714 708 1768 10.
737 1733 760 1760 α
796 1715 1060 1782 Cumque
1113 1713 1416 1764 narrasset
1463 1707 1582 1762 illis
1633 1709 1854 1774 omnia,
1879 1691 2046 1765 misit

2141 540 2242 602 τῆς
2269 537 2618 610 καλουμένης
2649 538 2940 608 Ἰταλικῆς.
2978 563 3004 589 ››
3063 543 3270 614 Σπεῖρα
3329 533 3386 592 δέ
3433 534 3576 590 ἐστιν
3635 535 3664 590 δ
3692 555 3793 590 κα-

2143 625 2347 700 λοῦμεν
2379 632 2470 682 νῦν
2503 627 2794 704 νοόμερον.

2217 741 2244 768 ‹‹
2281 719 2344 796 ᾩ
2375 717 2514 772 ἐστιν
2549 717 2694 772 οἷκία
2761 719 2909 793 παρὰ
2967 717 3262 782 θάλασσαν.
3324 715 3500 779 Οὗτος
3559 714 3796 786 λαλήσει

2147 830 2174 858 ι(
2205 827 2312 866 σοι,
2343 807 2396 863 τί
2427 828 2483 862 σε
2511 805 2594 862 δεῖ
2620 813 2820 864 ποιεῖν.
2852 809 2939 870 Ὠς
2987 805 3044 862 δὲ
3099 806 3341 874 ἀπῆλθεν
3397 807 3424 860 6
3475 803 3702 882 ἄγγελος
3761 805 3790 860 6

2149 921 2174 948 ιι
2209 895 2392 952 λαλῶν
2421 902 2500 970 τῷ
2533 895 2848 971 Κορνηλίῳ,
2887 900 3140 974 φωνήσας
3175 893 3270 951 δύο
3299 901 3408 950 τῶν
3441 895 3664 950 οἰκετῶν
3697 893 3797 950 αὗ·-

2149 1012 2178 1040 ‹‹
2207 992 2324 1052 τοῦ,
2357 987 2446 1044 καὶ
2481 989 2820 1064 στρατιώτην
2849 983 3046 1060 εὐσεϐῆ
3081 992 3189 1042 τῶν
3241 985 3792 1062 προσκαρτερούντων

2149 1101 2177 1130 ι(
2210 1077 2376 1150 αὐτῷ.
2413 1102 2439 1130 »

2217 1166 2297 1224 Τὰ
2324 1165 2786 1242 ἀνακεχωρημένα
2815 1172 2925 1224 τῶν
2977 1166 3193 1222 πόλεων
3253 1163 3494 1222 ἆδίωκων
3546 1167 3596 1222 οἱ
3653 1164 3800 1222 ἀπό-

2150 1255 2360 1324 στολοι,
2393 1255 2628 1332 ἐρημίας
2661 1254 2806 1320 ὄντες
2839 1255 2991 1335 φίλοι
3047 1256 3140 1316 καὶ
3190 1255 3449 1332 ἡσυχίας.
3509 1255 3575 1313 Τί
3638 1253 3694 1312 δὶ
3755 1253 3802 1311 εὶ

2151 1341 2348 1416 συνέϐη
2371 1346 2461 1401 καὶ
2503 1343 2675 1420 ἄλλον
2709 1347 2848 1404 εἶναι
2877 1347 3100 1420 Σίμωνα
3133 1365 3149 1416 ;
3179 1343 3339 1415 Ἰδοὺ,
3399 1341 3509 1404 ἔστι
3567 1349 3798 1417 σημεῖον

2151 1435 2214 1491 τὸ
2243 1437 2389 1510 παρὰ
2421 1434 2688 1500 θάλασσαν
2717 1437 2904 1492 οἰκεῖν.
2957 1425 3072 1494 Οὔκ
3105 1436 3224 1492 εἷπε
3257 1432 3313 1490 δὲ
3345 1432 3436 1489 διὰ
3463 1434 3538 1502 τί,
3568 1434 3659 1488 ἳνα
3719 1435 3796 1506 μὴ

2151 1523 2354 1601 έκλόσῃ
2387 1525 2570 1598 αὐτὸν,
2630 1525 2756 1582 ἀλλ’
2805 1525 3007 1600 ἀφῆκεν
3071 1525 3227 1580 αὐτὸν
3289 1523 3340 1580 ἐν
3399 1523 3664 1598 ἐπιθυμίᾳ
3705 1521 3799 1580 καὶ

2151 1615 2304 1687 πόθῳ
2331 1621 2431 1684 τῆς
2463 1615 2775 1690 ἀκροάσεως
2801 1611 3060 1689 γενέσθαι,

2227 1729 2254 1756 ‹‹
2319 1705 2416 1760 Καὶ
2475 1703 2876 1782 ἐξηγησάμενος
2955 1703 3142 1765 αὐτοῖς
3203 1697 3432 1768 ἅπαντα,
3489 1701 3804 1758 ἀπέστειλεν

395 1823 422 1856 α
451 1802 626 1858 eesin
653 1801 880 1872 Joppen
913 1798 1202 1854 Postridie
1224 1814 1360 1853 vero
1389 1797 1884 1853 facientibusillis
1909 1801 2043 1868 iter,

2167 1817 2184 1845 ι
2216 1793 2414 1854 αὐτοὺς
2447 1794 2524 1857 εἷς
2551 1795 2650 1862 τήν
2685 1794 2933 1862 Ἰόππην.
2967 1795 3052 1866 Τῇ
3081 1791 3138 1850 δὲ
3167 1793 3422 1868 ἐπαύριον
3447 1789 3806 1864 ὁδοιπορούν-

391 1891 694 1964 «jamque
727 1888 1344 1962 apprOpinquantibus
1374 1887 1612 1944 civuati.
1648 1885 2032 1944 ascenditPe

393 2005 420 2034 «
453 1987 580 2038 trus
611 1981 672 2036 in
705 1980 1072 2052 superiorem
1097 1977 1310 2034 domus
1329 1984 1555 2048 partem
1580 1981 1645 2032 ut
1667 1983 1864 2033 oraret
1887 1978 2046 2035 circa.

392 2093 420 2123 α
453 2071 660 2126 horam
693 2075 918 2126 sextam
953 2085 968 2123 ε
997 2075 1055 2122 et
1083 2083 1218 2124 cum
1251 2067 1524 2130 e~uriret,
1573 2065 1760 2122 voluit
1807 2073 2046 2140 gustare

391 2183 419 2212 «ι
448 2161 675 2218 cibum:
709 2174 961 2230 cumque
984 2158 1069 2212 illi
1105 2163 1480 2228 appararent.
1517 2175 1542 2206 υ

469 2250 612 2304 Vide
643 2249 826 2304 animi
869 2247 1221 2302 modestiam
1277 2247 1477 2318 Neque
1509 2246 1664 2302 enim
1695 2245 1846 2304 dixit
1876 2264 1890 2302 :
1925 2247 2044 2302 Vo-

389 2347 519 2398 cate
541 2339 616 2395 ad
649 2355 742 2394 me
778 2344 1010 2392 Petrum
1041 2354 1054 2392 :
1117 2336 1362 2394 nolebat
1413 2337 1706 2408 siquidem
1740 2336 2045 2408 dignitatis

389 2431 631 2487 nomine
663 2445 800 2484 eum
848 2443 1174 2482 accersere.
1207 2428 1528 2498 Propterea
1557 2427 1816 2480 narravit
1847 2427 2046 2482 omnia

390 2527 456 2576 ut
485 2520 660 2574 etiam
687 2517 1120 2588 persuaderet:
1174 2515 1323 2571 adeo
1381 2516 1468 2570 vir
1533 2515 1839 2572 modestus
1897 2521 2040 2572 erat-

391 2609 568 2680 Atqui
591 2607 738 2662 nihil
773 2607 966 2672 magni
992 2605 1230 2676 concipi
1258 2609 1490 2676 poterat
1517 2604 1589 2660 de
1621 2605 1740 2660 viro
1765 2605 1866 2678 qui
1886 2603 2044 2677 apud

392 2696 712 2752 coriarium
755 2693 1182 2750 diversabatur.

461 2785 743 2852 Χ,10-13.
801 2808 820 2830 -
865 2783 1044 2836 Irrnit
1081 2799 1260 2853 super
1306 2797 1444 2836 eum
1474 2781 1692 2836 mentis
1742 2797 2041 2854 excessus,

399 2899 426 2926 τι
461 2875 734 2946 videtque
766 2873 982 2929 cmlum
1010 2879 1304 2944 apertum,
1339 2877 1398 2926 et
1427 2871 1797 2926 descendens
1854 2873 1928 2927 ad
1981 2889 2043 2930 se

403 2982 560 3021 «vas
617 2963 918 3036 quoddam
967 2962 1128 3018 velut
1174 2961 1422 3016 linteum
1475 2977 1752 3034 magnum
1793 2969 2046 3034 quatuor

395 3075 427 3108 α
461 3055 648 3110 initiis
681 3054 1012 3126 alligatum,
1061 3051 1330 3108 submitti
1357 3068 1390 3106 a
1423 3051 1568 3106 caalo
1601 3051 1662 3105 in
1694 3057 1948 3108 terram:
1981 3053 2044 3108 in

397 3167 427 3196 ‹‹
459 3162 574 3218 quo
606 3151 778 3198 erant
807 3145 1009 3199 omnia
1035 3142 1444 3214 quadrupedia
1473 3147 1732 3209 terrm,et
1752 3142 1955 3197 bestiae
1978 3159 2045 3198 ac

404 3256 426 3283 ι
459 3234 716 3307 reptilia,
749 3233 1130 3304 volatiliaque
1171 3233 1322 3287 coeli.
1370 3233 1440 3285 Et
1492 3231 1648 3287 facta
1699 3237 1788 3287 est
1817 3249 1922 3288 vox
1971 3233 2044 3288 ad

401 3347 430 3376 ι(
465 3341 620 3379 eum.
659 3345 684 3372 η

475 3415 760 3472 Ἐκστασις
794 3411 1091 3481 signiﬁcat
1121 3413 1178 3464 et
1209 3409 1751 3464 consternationem
1815 3427 1945 3482 quae
1989 3411 2051 3465 in

399 3505 795 3562 admiratione
810 3501 1330 3574 contingit.etcum
1359 3505 1524 3554 extra
1542 3499 2051 3555 sensibiliafactus

401 3595 696 3667 quispiam
731 3591 805 3646 ad
840 3589 1176 3662 spiritualia
1207 3587 1538 3642 deducitur.
1573 3589 1652 3640 Ex
1685 3587 1796 3642 hoc
1852 3589 2050 3658 itaque

405 3683 784 3738 manifestum
798 3679 896 3734 95
927 3683 1016 3731 est
1039 3676 1194 3746 quod
1230 3673 1556 3746 spiritualis
1578 3675 1850 3744 quandam
1873 3675 2051 3729 veluti

400 3772 543 3826 visio
577 3769 686 3842 ipsi
715 3769 868 3822 facta
899 3765 1060 3826 sit,et
1087 3769 1372 3833 tanquam
1397 3759 1596 3814 anima
1615 3761 2051 3831 quodammodo

399 3878 432 3916 a
465 3873 708 3930 corpore
741 3852 1083 3910 excedente.
1135 3875 1160 3899 ‹‹
1191 3850 1502 3920 Videtque.
1541 3871 1566 3896 υ
1601 3853 1870 3908 Linteum
1905 3849 2054 3907 illud

401 3951 630 4021 signum
667 3951 792 3998 erat
823 3942 1075 3996 sublime
1107 3941 1366 3996 universi
1415 3943 1593 3998 orbis.
1626 3943 1888 4008 Quatuor
1915 3959 2050 3998 vero

399 4037 572 4090 initia
602 4039 858 4104 quatuor
893 4037 1034 4086 sunt
1091 4030 1404 4086 elementa.
1463 4033 1571 4086 Vas
1616 4038 1814 4086 autem
1871 4048 2050 4104 appa-

399 4140 538 4179 rens
571 4121 920 4176 crassiorem
957 4120 1230 4192 designat
1287 4121 1599 4176 mundum.
1663 4123 1841 4176 Porro
1891 4121 2049 4177 varia

397 4211 726 4269 animantia
765 4211 933 4284 signa
987 4217 1126 4264 sunt
1182 4217 1369 4264 status
1423 4211 1750 4266 hominum.
1799 4213 1930 4266 Aut.
1987 4215 2053 4266 ut

399 4301 660 4371 apertius
685 4299 1138 4358 dicam.sindon
1171 4307 1262 4354 est
1309 4299 1588 4355 Ecclesia.
1653 4300 1858 4354 Bestim
1915 4315 2048 4354 vero

399 4407 529 4463 quas
561 4390 622 4444 in
657 4405 726 4444 ea
752 4395 941 4452 erant,
1003 4395 1208 4460 gentes
1267 4395 1426 4443 sunt.
1479 4389 1798 4444 Ecclesiam
1851 4389 2048 4458 itaque

397 4479 708 4551 conspexit
735 4487 990 4550 quatuor
1045 4477 1373 4550 Evangeliis
1431 4478 1755 4550 alligatam,
1811 4479 1874 4534 in
1931 4494 2050 4548 qua

395 4577 566 4628 erant
595 4584 802 4624 omnes
829 4576 1054 4642 gentes.

469 4660 535 4723 X.
573 4661 750 4716 13-29.
786 4683 812 4708 «
849 4661 1050 4730 Surge.
1075 4657 1266 4720 Petre,
1300 4659 1494 4710 macta
1549 4659 1608 4710 et
1651 4671 1906 4712 vescere.
1955 4655 2052 4713 Ait

402 4773 428 4798 ‹‹
463 4756 660 4806 autem
691 4751 902 4804 Petrus
931 4763 943 4799 :
977 4745 1381 4815 Nequaquam.
1415 4745 1684 4808 Domine,
1727 4744 1865 4814 quia
1895 4761 2050 4799 nun-

401 4863 430 4890 ‹‹
465 4857 643 4913 quam
675 4837 766 4894 edi
791 4834 1120 4906 quidquam
1139 4849 1454 4889 commune
1487 4841 1545 4890 et
1571 4834 2052 4890 immundum.Et

404 4953 432 4980 (ι
465 4927 575 4988 iox
595 4943 802 4984 rursus
853 4923 926 4978 ad
959 4939 1132 4979 eum:
1191 4923 1356 4988 Quod
1397 4925 1551 4982 Deus
1603 4925 1932 4996 puriﬁcavit
1987 4932 2050 4980 tu

403 5043 430 5070 ‹‹
465 5031 780 5076 commune
822 5029 896 5070 ne
953 5011 1194 5068 dixeris.
1247 5015 1363 5070 lloc
1394 5021 1590 5070 autem
1629 5017 1797 5070 tertio
1831 5017 2050 5072 factum

403 5131 428 5158 «
463 5115 570 5164 est.
607 5107 674 5160 Et
703 5119 937 5160 rursum
959 5109 1262 5174 receptum
1295 5109 1384 5157 est
1413 5121 1509 5159 vas
1535 5105 1598 5160 in
1627 5106 2052 5162 cu-lumDum-

407 5217 428 5246 ι
463 5213 578 5267 que
607 5193 764 5264 apud
807 5208 932 5248 sese
967 5191 1268 5246 hiDSlLill‘el.
1323 5197 1526 5248 Petrus
1587 5213 1860 5266 quamam
1895 5203 2054 5254 esset

403 5311 429 5336 α
465 5285 610 5340 visio
641 5297 818 5352 quam
853 5281 1096 5336 vidisset
1123 5297 1258 5335 ecce
1283 5283 1384 5336 viri
1420 5285 1518 5354 qui
1571 5286 1738 5341 missi
1791 5293 1964 5342 erant
2017 5303 2054 5342 a

401 5398 427 5424 ‹‹
465 5371 736 5428 Cornelio
769 5371 1094 5442 percontati
1121 5369 1192 5424 de
1215 5370 1391 5426 domo
1417 5371 1696 5434 Simonis.
1733 5377 2054 5430 astiterunt

407 5486 432 5514 ις
469 5461 540 5519 ad
579 5467 904 5528 Januam.et
925 5467 1159 5516 evocato
1193 5461 1466 5532 quopiam
1503 5463 1946 5532 interrogabant
1975 5481 2050 5520 an

414 5575 434 5602 ι
471 5553 672 5608 Simon
699 5551 797 5621 qui
830 5551 1351 5623 cognominaretur
1383 5553 1608 5616 Petrus,
1643 5554 1888 5608 haberet
1927 5555 2052 5610 illic

409 5663 436 5691 ‹‹
469 5641 812 5713 hospitium.
845 5641 1014 5694 Petro
1049 5656 1180 5695 vero
1211 5641 1504 5712 cogitante
1535 5641 1605 5696 de
1639 5641 1881 5713 visione,
1905 5643 2054 5700 dixit

2153 1908 2181 1936 «
2213 1905 2320 1938 των
2349 1881 2590 1952 ἐκείνων,
2623 1878 2786 1952 ἀνέϐη
2839 1883 3042 1958 Πέτρος
3101 1882 3190 1937 ἐπὶ
3247 1882 3310 1938 τὸ
3369 1878 3528 1955 δῶμα
3581 1877 3807 1954 προσεύ-

2159 1971 2389 2044 «ξασθαι
2419 1971 2540 2047 περὶ
2571 1971 2714 2046 ὥραν
2773 1969 2956 2042 ἕκτην.
3020 1971 3268 2048 Ἐγένετο
3329 1968 3385 2028 δὶ
3441 1970 3797 2042 πρόσπεινος,

2159 2088 2179 2112 ι
2213 2063 2300 2118 καὶ
2335 2061 2499 2132 ἤθελε
2525 2062 2830 2138 γεύσασθαι·
2866 2057 3444 2136 παρασκευαζόντωνῶ
3489 2058 3726 2120 ἐκείνων,

2221 2243 2362 2310 "Op:
2407 2239 2470 2294 τὸ
2525 2237 2751 2312 ἄτυφον.
2813 2240 2892 2296 Οὐ
2969 2240 3074 2314 γὰρ
3161 2240 3294 2304 εἶπε,
3376 2233 3648 2294 Καλέσατέ
3707 2257 3806 2314 μοι

2155 2331 2376 2401 Πέτρον·
2439 2330 2500 2384 οὗ
2563 2329 2665 2402 γὰρ
2709 2329 2862 2404 ἠξίου
2917 2327 3027 2385 ἀπὸ
3091 2332 3189 2386 τοῦ
3271 2327 3583 2402 ἀξιώματος
3642 2327 3801 2383 αὐτὸν

2157 2417 2627 2495 μεταπέμψασθαι.
2675 2419 2770 2473 Διά
2820 2423 2982 2474 τοῦτο
3041 2418 3347 2496 ἐξηγήσατο
3407 2417 3636 2483 ἃπαντα,
3670 2417 3808 2473 ὥστε

2151 2510 2242 2564 καὶ
2281 2515 2484 2564 πεῖσαι.
2515 2510 2676 2567 Οὕτω
2708 2510 2928 2584 μέτριος
2960 2509 3025 2578 ἦν
3055 2510 3084 2564 ὁ
3129 2510 3285 2582 ἀνήρ.
3347 2507 3450 2568 Καί
3503 2527 3590 2563 τοι
3649 2503 3808 2562 οὐδὲν

2157 2603 2298 2681 μέγα
2323 2609 2691 2680 φαντασθῆναι
2729 2603 2796 2672 ἦν
2825 2603 2948 2678 περὶ
2980 2599 3174 2678 ἀνδρὸς
3221 2597 3603 2680 καταγομένου
3661 2600 3807 2676 παρα

2159 2694 2367 2768 βυρσεῖ.

2225 2807 2253 2834 ‹‹
2289 2780 2572 2836 Ἐπέπεσεν
2631 2780 2713 2836 ἐπ’
2771 2779 2932 2835 αὐτὸν
2991 2778 3261 2840 ἔκστασις.
3311 2779 3416 2838 Καὶ
3473 2781 3667 2854 θεωρεῖ
3713 2778 3804 2834 τὸν

2155 2898 2182 2924 κ
2228 2871 2454 2946 οὐρανὸν
2513 2871 2880 2946 ἀνεῳγμένον,
2937 2871 3028 2924 καὶ
3085 2864 3414 2926 καταϐαῖνον
3499 2868 3582 2923 ἐπ’
3641 2869 3799 2924 αὐτὸν

2161 2983 2184 3013 ι
2218 2959 2405 3023 σκεῦός
2457 2981 2512 3016 τι
2553 2959 2629 3022 ὡς
2687 2959 2882 3030 ὀθόνην
2938 2959 3208 3038 μεγάλην,
3265 2965 3546 3035 τέσσαρσιν
3601 2957 3803 3034 ἀρχαῖς

2155 3077 2182 3106 ιι
2219 3048 2530 3123 δεδεμένον,
2580 3047 2670 3104 καὶ
2728 3050 3044 3123 καθιέμενον
3107 3047 3196 3104 ἰπὶ
3280 3053 3379 3117 τῆς
3457 3054 3585 3121 γῆς,
3646 3045 3697 3102 ἐν
3755 3047 3802 3120 ᾧ

2163 3165 2184 3190 ι
2226 3141 2444 3214 ὑπῆρχε
2468 3137 2641 3194 πάντα
2669 3137 2735 3192 τα
2767 3135 3072 3216 τετράποδα
3117 3141 3217 3202 τῆς
3247 3144 3371 3212 γῆς,
3429 3137 3516 3192 καὶ
3579 3138 3647 3194 τὰ
3704 3147 3810 3207 θη-

2161 3253 2188 3281 ‹‹
2223 3228 2331 3304 ρία,
2363 3227 2455 3284 καὶ
2483 3229 2549 3283 τὰ
2605 3227 2824 3298 ἑρπετὰ,
2879 3227 2968 3282 καὶ
3029 3227 3095 3283 τὰ
3133 3227 3352 3282 πετεινᾶ
3400 3229 3497 3282 τοῦ
3554 3225 3804 3302 οὐρανοῦ.

2164 3343 2191 3370 ιι
2225 3319 2322 3375 Καὶ
2359 3316 2572 3395 ἐγένετο
2603 3319 2756 3394 (ρωνὴ
2789 3317 2925 3390 πρὸς
2953 3317 3138 3374 αὐτόν,
3173 3340 3201 3368 n

2229 3409 2290 3464 Ἦ
2351 3403 2596 3468 ἔκστασις
2651 3405 2819 3476 δηλοῖ
2873 3408 2963 3461 καὶ
3021 3408 3121 3475 τήν
3195 3405 3284 3461 ἐπὶ
3343 3411 3653 3482 θαυμασμῷ
3719 3401 3807 3461 ἕκ-

2159 3498 2494 3567 πληξιν,καὶ
2525 3497 2588 3552 τὸ
2645 3495 2745 3566 ἔξω
2802 3501 2908 3550 τῶν
2977 3497 3249 3568 αἰσθητῶν
3301 3494 3541 3574 γενέσθαι
3600 3495 3688 3552 ἐπὶ
3743 3498 3812 3550 τὰ

2159 3587 2500 3658 πνευματικᾶ
2557 3583 2956 3664 ὁδηγούμενον.
3017 3586 3111 3640 Ἐκ
3199 3586 3397 3642 τούτου
3483 3583 3652 3656 δῆλον
3723 3585 3810 3644 ὅτι

2159 3675 2500 3745 πνευματική
2557 3693 2638 3734 τις
2695 3675 2889 3729 ὡσανεὶ
2948 3675 3148 3742 θεωρία
3201 3673 3423 3750 γέγονεν
3483 3673 3653 3746 αὐτῷ,
3705 3679 3804 3728 τοῦ

2159 3764 2436 3835 σώματος,
2469 3763 2544 3824 ὡς
2593 3761 2654 3816 ἄν
2709 3760 2856 3818 εἶ’ποι
2903 3784 3007 3832 τις,
3042 3761 3383 3832 ἐξεστηκυίας
3431 3769 3532 3831 τῆς
3589 3766 3802 3836 ψυχῆς.

2163 3877 2188 3904 α
2219 3850 2318 3906 Καὶ
2349 3853 2557 3927 θεωρεῖ.
2611 3875 2639 3902 »
2699 3846 2992 3923 Σ·5μϐολον
3049 3859 3152 3919 τῆς
3205 3853 3530 3926 οἰκουμένης
3586 3850 3800 3921 ἀπάσης

2159 3941 2478 4015 ἀκρότατον,
2529 3941 2630 4011 τὴν
2692 3939 2884 4011 όθῖνην
2941 3939 3171 4011 ἐκείνην.
3235 3943 3300 3998 Al
3329 3938 3387 3998 δὶ
3425 3941 3674 4018 τέσσαρες
3706 3940 3804 4016 ἆρ-

2161 4031 2260 4108 χαὶ
2313 4031 2378 4086 τὰ
2433 4031 2670 4102 τέσσαρα
2728 4036 2978 4112 στοεχεῖα
3037 4029 3289 4100 δηλοῦσι.
3369 4031 3438 4088 Τὸ
3515 4030 3572 4088 δὲ
3645 4030 3805 4109 φανὲν

2159 4125 2348 4185 σκεῦος
2369 4121 2462 4176 τὸν
2497 4121 2806 4196 παχύτερον
2842 4121 3048 4196 κόσμον
3107 4121 3380 4195 σημαίνει,
3441 4122 3522 4178 Τὰ
3581 4120 3638 4177 δὲ
3695 4120 3810 4177 διά-

2159 4233 2301 4292 φορα
2357 4216 2491 4283 ζῶα.
2561 4219 2661 4282 τῆς
2719 4217 2826 4266 τῶν
2911 4212 3212 4286 ἀνθρώπων
3269 4211 3381 4268 ἐστὶ
3439 4213 3816 4275 καταστάσεως

2161 4297 2435 4374 σόμϐολα.
2490 4303 2582 4366 Ἵ-Ι,
2637 4301 2720 4356 ’ἱνα
2773 4301 3098 4377 σαφέστερον
3159 4299 3316 4366 ε’ίπω,
3353 4297 3547 4356 σινδὼν
3607 4303 3640 4370 ἡ
3689 4303 3816 4359 Ἐκ-

2158 4388 2382 4458 κλησία.
2415 4391 2497 4446 Τὰ
2529 4388 2586 4444 δὲ
2615 4387 2666 4444 ἐν
2725 4387 2863 4462 αὗτῇ
2925 4389 3108 4462 θηρία,
3163 4390 3216 4444 οἳ
3267 4389 3318 4459 ἐξ
3379 4391 3567 4448 ἐθνῶν.
3631 4389 3812 4454 Ἐἶθεά-

2159 4499 2290 4536 σατο
2335 4479 2518 4534 τοίνυν
2575 4480 2675 4548 τὴν
2739 4477 3066 4548 Ἐκκλησίαν
3117 4480 3396 4551 τέσσαρσιν
3451 4475 3818 4554 Εὐαγγελίοις

2075 4558 2121 4622 D
2153 4567 2463 4644 δεδεμένην,
2495 4567 2546 4624 ἐν
2647 4569 2868 4648 ὑπῆρχε
2899 4571 3073 4624 πάντα
3103 4571 3169 4625 τὰ
3194 4565 3340 4640 ἔθνη.

2231 4685 2258 4710 ιι
2293 4657 2572 4718 Ἀναστὰς.
2609 4659 2792 4731 Πέτρε,
2829 4661 2988 4722 θῦσον
3019 4658 3110 4713 καὶ
3168 4659 3328 4736 φάγε.
3381 4659 3443 4718 Ὀ
3501 4654 3560 4715 δὶ
3609 4660 3816 4734 Πέτρος

2158 4771 2186 4799 α
2218 4748 2358 4814 εἶπε,
2394 4744 2700 4820 Μηδαμῶς,
2740 4745 2918 4818 Κύριε,
2981 4747 3065 4802 ὅτι
3127 4745 3251 4802 οὐδε
3285 4768 3419 4804 ποτε
3449 4743 3648 4823 ἔφαγον
3705 4751 3813 4804 πᾶν

2164 4860 2190 4889 α
2219 4837 2397 4892 κοινὸν
2431 4837 2466 4906 ἢ
2496 4836 2818 4910 ἀκάθαρτον.
2877 4837 2975 4891 Καὶ
3036 4839 3190 4913 φωνή
3229 4836 3392 4892 πσίλιν
3445 4836 3504 4890 ἐκ
3558 4833 3812 4914 δευτέρου

2159 4951 2188 4979 «
2221 4927 2356 4996 πρὸς
2388 4923 2566 4980 αὐτόν.
2599 4925 2669 4983 Ἀ
2701 4927 2828 4988 Θεὸς
2861 4923 3159 5002 ἐκαθάρισε,
3195 4925 3256 4980 σὺ
3295 4927 3370 5000 μὴ
3393 4925 3596 4982 κοίνου.
3633 4929 3816 4984 Τοῦτο

2161 5039 2190 5068 ‹‹
2225 5013 2282 5072 δὲ
2313 5014 2524 5089 ἐγένετο
2557 5013 2645 5070 ἐπὶ
2671 5015 2807 5086 τρίς.
2859 5016 2957 5072 Καὶ
2995 5013 3159 5071 πάλιν
3189 5013 3476 5092 ἀνελήφθη
3512 5016 3572 5072 τὸ
3625 5021 3819 5080 σκεῦος
3887 5071 3894 5076 ,

2159 5129 2188 5159 ‹‹
2222 5105 2296 5166 είς
2331 5105 2424 5162 τὸν
2449 5103 2696 5180 οὐρανόν.
2730 5105 2818 5166 Ὠς
2880 5101 2937 5158 δὲ
2985 5103 3036 5160 ἐν
3089 5105 3263 5177 ἑαυτῴ
3322 5102 3576 5178 διηπόρει
3633 5105 3663 5160 6
3724 5105 3822 5162 Πέ-

2171 5223 2195 5252 e
2225 5217 2353 5274 τρος
2375 5197 2426 5252 τί
2459 5197 2518 5252 ἅν
2551 5193 2634 5267 εἴη
2667 5198 2728 5252 τὸ
2759 5197 2940 5271 ὅραμα
2972 5198 3000 5252 ὅ
3031 5193 3163 5266 ε’δε,
3191 5199 3284 5254 καὶ
3306 5195 3426 5254 ἶδοὺ
3461 5199 3514 5252 οἱ
3547 5195 3736 5272 ἄνδρες
3767 5199 3822 5255 οἱ

2165 5312 2191 5338 ‹‹
2225 5285 2624 5358 ἀπεσταλμένοι
2675 5285 2780 5342 ἀπὸ
2839 5290 2936 5342 τοῦ
2997 5283 3333 5358 Κορνηλίου,
3391 5285 3824 5362 διερωτήσαντες

2164 5399 2192 5424 ‹‹
2225 5378 2322 5446 τὴν
2357 5375 2534 5432 οἰκίαν
2570 5375 2840 5450 Σίμωνος.
2876 5374 3170 5445 ἐπέστησαν
3201 5376 3288 5431 ἐπὶ
3324 5378 3409 5432 τὸν
3444 5375 3690 5446 πυλῶνα,
3717 5377 3816 5434 καὶ

2165 5491 2192 5517 (ι
2225 5468 2568 5543 φωνήσαντες
2599 5465 2958 5522 ἐπυνθάνοντο
3015 5465 3060 5521 εί
3121 5465 3312 5539 Σίμων
3363 5469 3390 5522 6
3447 5465 3816 5538 ἐπικαλούμευ

2163 5579 2191 5607 ι(
2219 5575 2313 5618 νος
2343 5557 2541 5630 Πέτρος
2575 5552 2760 5611 ἂνθάδε
2785 5555 3061 5625 ξενίζεται.
3121 5557 3236 5612 Τοῦ
3293 5553 3351 5611 δὲ
3409 5555 3616 5630 Πέτρου
3657 5554 3818 5611 ἐνθυ-

2165 5673 2190 5698 ‹‹
2230 5648 2506 5721 μουμένου
2537 5647 2658 5724 περέ
2690 5651 2786 5702 to")
2820 5648 3120 5724 ὁράματος,
3151 5647 3300 5704 εἶπεν
3351 5647 3500 5722 αὐτῷ
3537 5649 3600 5706 τὸ
3647 5652 3818 5708 meﬁ-
