4150 6200
307 343 421 404 181

1298 340 1708 403 COMMENT.
1760 340 1836 401 ΙΝ
1883 342 2094 402 ACTA
2135 342 2744 409 APOSTOLORUM.

3612 349 3726 410 182

301 500 340 531 α
373 496 466 552 μα.
500 472 643 531 Ἰδοὺ
676 472 864 550 ἄνδρες
919 475 1147 546 ζητοῦσι
1199 495 1277 531 σε·
1337 473 1467 531 ἀλλ’
1522 474 1752 536 ἆναστας
1799 473 1944 531 κατά·

2074 499 2103 526 ‹‹
2136 477 2188 532 ei
2221 478 2508 550 Spiritus;
2539 480 2685 536 Ecce
2716 481 2823 537 viri
2856 488 3137 553 quaerunt
3160 489 3256 539 te:
3291 500 3461 558 surge
3495 486 3720 558 itaque,

303 591 335 618 α
371 561 524 635 ϐηθι,
557 565 648 620 καὶ
679 566 917 640 πορεύου
970 567 1062 621 σὺν
1116 564 1328 634 αὐτοῖς,
1391 562 1561 639 μηδὲν
1615 564 1962 639 διακρινόμε-

303 681 336 709 α
371 676 482 725 νος,
536 652 678 711 διότι
734 654 841 731 ἐγὼ
899 654 1214 712 ἂπέσταλκα
1272 655 1495 717 αὐτούς.
1586 654 1829 717 Καταὸὰς
1905 653 1963 711 δὲ

303 772 335 799 u
371 750 576 817 Ῑιετρος
626 746 764 819 πρὸς
823 746 951 807 τοὺς
1038 744 1233 818 ἄνδξας
1304 744 1433 807 τοὺς
1518 743 1964 820 ἀπεσταλμένους

303 858 337 887 α
370 834 479 891 ἀπὸ
537 832 851 908 Κορνηλίου
908 836 1044 911 πρὸς
1102 833 1284 899 αὐτὸν,
1372 836 1535 891 ε’πεψ
1624 832 1764 892 Ἰδοὺ
1849 834 1960 912 ἐγώ

300 949 336 976 «
369 925 486 998 εἰμι
514 925 575 980 ’ὸν
604 930 841 996 ζητεῖτε.
887 925 987 986 Τίς
1037 927 1071 994 ἡ
1130 923 1278 981 αἷτία
1338 921 1412 980 δι’
1467 927 1532 993 ἢν
1565 925 1832 999 «ipso-ce;
1891 925 1958 981 Ol

301 1036 336 1065 ε(
371 1010 430 1069 δὲ
461 1014 637 1070 εἶ’πον⁸
667 1012 977 1090 Κορνήλιος
1018 1015 1046 1069 6
1077 1013 1510 1093 ἑκατοντάρχης,
1559 1012 1698 1088 ἀνὴρ
1748 1009 1957 1075 δ’καιος

302 1127 335 1155 α
368 1103 460 1158 καὶ
494 1097 837 1184 τροϐούμενος
893 1103 984 1159 τὸν
1040 1108 1191 1174 Θεὸν,
1251 1103 1703 1179 μαρτυρούμενός
1759 1123 1817 1157 τε
1867 1101 1959 1157 καὶ

302 1220 335 1248 ‹‹
370 1196 478 1253 61:6
500 1192 636 1251 ὅλου
664 1199 763 1250 τοῦ
794 1193 1002 1259 ἔθνους.
1057 1198 1164 1250 τῶν
1218 1192 1515 1261 Ἰουδαίων,
1567 1191 1955 1272 ἐχρηματίσθη

306 1308 339 1340 ι
368 1284 477 1340 ὑπὸ
508 1282 751 1362 ἀγγέλου
781 1284 961 1359 ἁγίου,
999 1281 1452 1357 μεταπέμψασθαί
1511 1303 1570 1338 σε
1617 1282 1691 1344 είς
1730 1282 1821 1337 τὸν
1869 1282 1958 1335 οἴ-

302 1399 332 1427 ει
366 1394 463 1431 κον
487 1372 678 1441 αὑτοῦ,
708 1373 799 1427 καί
830 1371 1057 1427 ἀκοῦσαι
1112 1370 1333 1447 ῥήματα
1388 1371 1536 1447 παρὰ
1585 1375 1700 1426 σοῦ.
1754 1369 1957 1427 Εἱσκα-

297 1488 329 1517 «ε
365 1460 669 1537 λεσαμενος
697 1461 793 1517 οὗν
848 1461 1047 1522 αὐτοὺς
1102 1458 1323 1534 ἐξένισε.
1385 1461 1470 1533 Τῇ
1530 1457 1587 1515 δὶ
1642 1458 1955 1533 ἐπαύριονὸ

293 1580 327 1607 κ
367 1554 575 1631 Πέτρος
607 1551 803 1625 ἐξῆλθε
835 1553 926 1607 σὺν
957 1551 1167 1621 αὐτοῖς,
1196 1552 1288 1608 καί
1340 1572 1479 1613 τινες
1538 1555 1647 1607 τῶν
1705 1549 1957 1633 ἀδελφῶν

301 1668 331 1699 α
360 1649 476 1700 τῶν
505 1643 614 1700 ἀπὸ
646 1644 879 1714 Ἰόππης
912 1639 1182 1711 συνῆλθον
1212 1639 1380 1712 αύτῷ.
1440 1641 1541 1699 Καὶ
1577 1643 1645 1713 τῇ
1701 1639 1956 1716 ἐπαύριον

299 1763 331 1790 κ
366 1734 629 1806 εἰσῆλθον
653 1735 730 1798 εἰς
760 1737 861 1805 τήν
903 1735 1248 1810 Καισάρειαν.
1301 1735 1359 1791 Ὀ
1418 1729 1476 1788 δὲ
1534 1731 1843 1809 Κορνήλιος
1891 1737 1956 1804 ἦν

300 1850 336 1881 α
368 1822 689 1902 προσδοκῶν
751 1822 971 1893 αὐτοὺς,
1039 1820 1512 1900 ωγκαλεσάμενος
1592 1822 1721 1886 τοὺς
1776 1843 1957 1899 συγγε-

300 1920 479 1975 «νεῖς
530 1912 698 1970 αὐτοῦ
757 1913 848 1969 καὶ
907 1911 1033 1975 τοὺς
1092 1911 1414 1989 ἀναγκαίους
1472 1909 1690 1991 φίλους.
1747 1912 1834 1975 Ὠς
1894 1909 1952 1969 δὲ

290 2032 320 2059 σι
359 2002 578 2082 ἰγὲνετο
636 1999 900 2066 εἰσελθεῖν
950 2001 1041 2057 τὸν
1098 1998 1318 2075 Πὲτρον,
1410 2002 1737 2071 συναντήσας
1802 2001 1950 2076 αὐτῷ

290 2119 321 2145 α
358 2095 388 2148 6
419 2091 734 2163 Κοενηλιος
761 2090 940 2148 πεσὼν
968 2090 1056 2147 ἐπὶ
1092 2091 1246 2155 ἱτοὺς
1299 2087 1471 2152 πόδας
1529 2092 1947 2167 προσεκύνησεν.

290 2208 321 2235 κ
356 2183 422 2240 Ὀ
470 2178 528 2237 δὶ
585 2181 787 2256 Πέτρος
846 2180 1008 2235 αὐτὸν
1065 2179 1272 2255 ἤγειρε,
1347 2177 1544 2256 λέγων.
1634 2182 1945 2253 Ἀνάστηθι,

290 2298 319 2324 α
350 2271 514 2343 κάγὼ
544 2271 707 2333 αὐτὸς
740 2270 1026 2345 ἄνθρωπός
1058 2269 1193 2342 εἶμι.
1256 2268 1357 2327 Καὶ
1417 2266 1726 2341 συνομιλῶν
1774 2270 1946 2345 αὐτῷ,

283 2386 318 2415 ιι
355 2359 604 2431 εἰσῆλθε,
636 2361 728 2415 καὶ
770 2360 1001 2431 εὑρίσκει
1050 2356 1487 2429 συνεληλυθότας
1522 2357 1791 2421 πολλοὺς,
1842 2354 1942 2442 ἔφη

290 2475 322 2504 α
355 2472 415 2507 τε
471 2450 611 2525 πρὸς
659 2447 855 2511 αύτούς
928 2450 1110 2524 Ὑμεῖς
1168 2446 1473 2516 ἐπίστασθε,
1560 2448 1634 2511 ὡς
1690 2448 1946 2521 ἀθέμιτόν

292 2567 323 2593 σι
359 2539 506 2597 ἐστιν
565 2536 717 2615 ἀνδρὶ
769 2536 1019 2612 Ἰουδαίῳ
1087 2536 1393 2602 κολλᾶσθαι
1453 2537 1489 2608 ἢ
1542 2540 1943 2620 προσέρχεσθαι

281 2656 314 2684 «ι
348 2628 684 2711 ἀλλοφύλῳ.
718 2629 820 2687 Καὶ
852 2626 980 2704 ἐμοὶ
1006 2628 1035 2683 6
1065 2628 1196 2690 Θεὸς
1255 2624 1440 2699 ἔδειξε,
1502 2625 1707 2702 μηδένα
1764 2631 1943 2685 κοινὸν

288 2744 321 2773 α
363 2717 400 2790 ἤ
461 2719 761 2793 ἆκαθαρτον
813 2715 991 2793 λέγειν
1050 2716 1350 2794 ἄνθρωπον
1406 2714 1493 2773 διὸ
1549 2718 1639 2775 καὶ
1697 2718 1941 2794 ἀναντιρ-

293 2833 326 2863 u
358 2811 545 2885 ῥήτως
574 2807 744 2879 ἦλθον
776 2807 1199 2889 μεταπεμφθείς.
1232 2828 1257 2859 ο

360 2904 401 2957 Γ
403 2905 439 2970 ἤ
478 2899 573 2974 μὶν
601 2900 636 2968 ἡ
669 2894 889 2969 σινδὼν,
914 2898 981 2951 τὰ
1010 2893 1069 2953 δὲ
1096 2894 1148 2952 ἐν
1173 2896 1311 2972 αύτῇ
1338 2896 1522 2972 θηρία,
1556 2898 1608 2953 οἱ
1651 2897 1701 2970 ἐξ
1756 2896 1937 2957 ἐθνῶν,

285 2989 369 3048 Τὸ
402 2986 484 3058 δὶ,
516 3013 544 3039 ‹‹
575 2991 743 3043 Θῦσον
773 2985 865 3044 καὶ
915 2984 1075 3065 φάγε,
1114 3010 1140 3037 »ι
1183 2984 1265 3041 ὅτι
1314 2986 1591 3049 κάκείνους
1636 2984 1718 3044 δεῖ
1768 3008 1938 3064 προσ-

289 3076 446 3136 ιέναι.
479 3077 561 3136 Τὸ
617 3074 676 3133 δὶ
729 3076 910 3150 τρίτον
962 3080 1126 3133 τοῦτο
1185 3076 1453 3153 γενέσθαι,
1513 3076 1575 3133 τὸ
1632 3077 1936 3153 βάπτισμα.

280 3175 373 3231 Ὦς
401 3164 461 3224 δὶ
491 3164 747 3241 διηπόρει
774 3165 803 3219 6
833 3166 1055 3240 Πέτρος,
1084 3162 1352 3236 εὐκαίρως
1410 3161 1580 3232 ἦλθον
1629 3164 1682 3220 οἱ
1729 3162 1937 3241 ἄνδρες,

283 3258 387 3328 τήν
416 3256 648 3332 ἀπορίαν
680 3252 926 3316 λύοντες.
986 3250 1252 3313 Εύκόλως
1302 3252 1404 3328 γὰρ
1436 3255 1470 3322 ἡ
1504 3255 1659 3334 ψυχή
1716 3252 1936 3335 δὲχεται

283 3349 386 3416 τήν
417 3345 596 3402 λύσιν.
652 3344 920 3419 Πρότερον
972 3340 1030 3398 δὶ
1088 3342 1141 3398 ἐν
1204 3342 1406 3415 ἀπορίᾳ
1462 3342 1697 3421 ἐγενετο,
1757 3343 1937 3418 ὥσπερ

280 3437 373 3493 καὶ
407 3437 438 3491 6
482 3436 685 3514 Ἰωσὴιρ
742 3433 1007 3505 πρότερον
1056 3432 1411 3507 συνεχωρήθη
1470 3426 1790 3506 θορυϐῆναι,
1848 3432 1937 3488 καὶ

281 3528 412 3584 τότε
461 3523 628 3596 ἦλθεν
684 3525 712 3579 ὁ
770 3521 1029 3598 ἄγγελος.
1088 3543 1112 3568 α
1144 3521 1246 3580 Καὶ
1308 3523 1648 3599 φωνήσαντες
1702 3521 1938 3577 ἐπυνθά-

281 3638 460 3675 νοντο.
496 3639 527 3668 >1
557 3619 686 3672 Ἂτε
715 3613 792 3675 εἰς
828 3610 1021 3682 εὐτελῆ
1063 3610 1241 3667 οῗκίαν
1287 3611 1523 3667 κάτωθεδ
1558 3611 1936 3680 ἐπυνθάνοντο,

281 3707 373 3764 καῖ
411 3708 474 3761 ού
504 3704 749 3781 γείτονας
792 3701 1050 3777 ἠρώτων.
1109 3698 1301 3772 Πολλή
1361 3697 1419 3756 δὲ
1470 3701 1567 3756 τοῦ
1628 3703 1938 3775 Πνεύματος

285 3800 324 3867 ἠ
355 3793 573 3869 ὲξουσία
601 3789 872 3861 εἰπόντος,
906 3791 993 3847 ὅτι
1026 3812 1056 3841 ‹‹
1091 3789 1241 3865 Ἐγὼ
1300 3788 1613 3847 ἀπέσταλκα
1656 3791 1871 3853 αὐτούς.
1909 3816 1938 3843 ι»

289 3879 551 3945 Καταϐἆς
583 3879 640 3938 δί
692 3881 893 3956 ΙΙέ-ῑρος
942 3882 1042 3951 τὴν
1104 3878 1281 3934 αἰτίαν
1338 3881 1662 3945 πυνθάνεται
1718 3879 1806 3935 διὰ
1863 3881 1937 3952 τί,

282 3977 371 4031 ἳνα
402 3973 469 4031 ἄν
502 3974 599 4047 μὶν
637 3971 840 4036 εὐθέως
868 3972 1181 4046 κατεπείγῃ,
1240 3968 1544 4043 συνεξέλθη,
1600 3967 1659 4025 ἄν
1718 3967 1776 4026 δὲ
1836 3972 1937 4045 μή,

276 4065 374 4123 ἵνα
402 4066 587 4139 ξενίσῃ
614 4061 812 4126 αὐτοὺς
844 4061 921 4123 εἷς
965 4060 1056 4116 τὸν
1111 4058 1280 4117 οἶκον.
1338 4059 1414 4116 Τὸ
1473 4057 1531 4114 δὶ
1585 4057 1936 4116 συναπελθεῖν

278 4161 359 4222 τῷ
388 4154 586 4230 Πέτρῳ
627 4153 779 4214 τινὰς
838 4155 946 4208 τῶν
1004 4150 1110 4207 ἀπὸ
1168 4149 1397 4220 Ἰόππης
1450 4146 1728 4229 ἀδελφῶν,
1790 4148 1936 4205 οἶκο-

277 4251 557 4323 νομικῶς.
607 4244 765 4300 Ὠστε
824 4243 964 4298 εἶναι
1045 4240 1291 4318 μάρτυρα
1346 4241 1483 4316 μετὰ
1537 4245 1731 4310 ταῦτα,
1811 4240 1936 4295 ’ὁταν

278 4334 739 4411 ἀπολογήσασθαι
773 4330 867 4407 δὲῃ
912 4332 1110 4406 Πέτρον
1168 4330 1303 4407 πρὸς
1360 4330 1486 4392 τοὺς
1538 4331 1805 4405 μαθητὰς,
1854 4329 1939 4385 ὅτι

278 4446 371 4481 και
414 4421 663 4496 διεκρίθη
723 4422 827 4478 ὑπὸ
884 4424 980 4476 τοῦ
1040 4418 1352 4495 Πνεύματος
1414 4432 1490 4492 μή
1553 4416 1937 4490 διακρίνεσθαι.

277 4517 358 4575 T6
409 4509 685 4590 θηριῶδες
743 4531 801 4568 τε
854 4510 948 4566 καὶ
1006 4509 1209 4586 ἄλογον
1266 4505 1419 4571 εἶδος
1476 4514 1586 4564 τῶν
1643 4508 1941 4583 ἀνθρώπων

2072 588 2099 616 ‹‹
2135 566 2429 623 descende
2461 574 2520 624 et
2548 571 2922 641 proﬁciscere
2956 590 3087 627 cum
3121 574 3207 628 eis
3230 573 3379 628 nihil
3413 575 3719 639 haesitans,

2072 680 2099 705 ‹‹
2128 656 2407 729 quoniam
2436 674 2540 727 ego
2571 659 2703 714 misi
2732 660 2883 716 illos.
2913 662 3289 716 Descendens
3309 663 3487 735 igitur
3509 666 3715 720 Petrus

2071 767 2100 795 ‹‹
2133 746 2207 800 ad
2238 746 2390 801 viros
2421 748 2521 818 qui
2557 748 2721 802 missi
2764 756 2935 803 erant
2991 767 3025 805 a
3073 752 3345 807 Cornelio
3396 753 3469 807 ad
3515 754 3711 824 ipsum

2071 856 2100 884 κ
2131 833 2320 889 dixit:
2357 836 2499 891 Ecce
2532 853 2636 908 ego
2668 855 2798 892 sum
2845 839 2947 893 ille
2999 857 3176 910 quem
3223 842 3508 911 quaeritis.
3569 844 3707 907 Qua:

2069 948 2096 974 «
2132 941 2310 980 causa
2335 931 2426 980 est
2451 932 2691 999 propter
2715 945 2892 999 quam
2915 929 3157 983 venistis
3174 930 3200 983 ?
3217 931 3385 985 Atilli
3406 932 3704 987 dixerunt.

2068 1036 2095 1064 α
2128 1014 2435 1070 Cornelius
2467 1016 2758 1077 centurio.
2790 1018 2877 1072 vir
2898 1018 3099 1090 justus
3129 1035 3196 1073 ac
3236 1021 3454 1075 timens
3502 1022 3711 1089 Deum,

2069 1126 2096 1154 ι(
2122 1111 2180 1159 et
2206 1106 2609 1161 testimonium
2636 1106 2862 1162 habens
2886 1107 2957 1162 ab
2980 1109 3252 1163 universa
3273 1116 3445 1180 gente
3476 1110 3709 1167 Judznoo

2068 1215 2097 1244 «
2128 1210 2283 1260 rum,
2313 1195 2621 1251 oraculum
2654 1198 2882 1269 accepit
2914 1197 2985 1253 ab
3015 1198 3224 1267 angelo
3257 1204 3461 1253 sancto
3521 1206 3585 1254 ut
3613 1216 3710 1255 ac-

2066 1305 2092 1332 «
2130 1290 2391 1339 cerseret
2420 1290 2475 1339 te
2506 1285 2566 1339 in
2598 1285 2839 1341 domum
2865 1291 3128 1355 suum,et
3150 1287 3383 1341 audiret
3412 1288 3588 1343 verba
3610 1288 3714 1344 abs

2071 1391 2094 1420 ι
2128 1378 2203 1429 te.
2238 1374 2396 1429 Intro
2429 1380 2663 1430 vocatos
2704 1376 2883 1447 igitur
2914 1393 3013 1430 eos
3045 1377 3268 1447 recepit
3295 1377 3575 1448 hospitio.
3612 1378 3717 1432 Se-

2068 1484 2096 1513 ‹‹
2120 1463 2325 1534 quenti
2344 1480 2477 1519 vero
2500 1464 2597 1519 die
2629 1466 2837 1519 Petrus
2868 1466 3167 1537 profectus
3199 1472 3289 1520 est
3316 1483 3448 1521 cum
3483 1467 3625 1531 illis,
3657 1472 3717 1522 et

2068 1575 2094 1601 ‹‹
2125 1552 2369 1624 quidam
2401 1569 2469 1610 ex
2499 1553 2781 1609 fratribus
2802 1554 2900 1625 qui
2932 1554 3005 1609 ab
3034 1556 3218 1631 Joppe
3251 1557 3710 1621 erant,comitati

2063 1663 2092 1691 «
2126 1647 2265 1697 sunt
2295 1658 2451 1696 eum.
2515 1642 2807 1699 Postridie
2846 1660 2981 1698 vero
3038 1644 3290 1715 ingressi
3341 1650 3481 1699 sunt
3525 1645 3713 1700 Casa-

2070 1752 2091 1780 ι
2112 1733 2484 1788 ream.Porro
2499 1733 2807 1789 Cornelius
2820 1735 3199 1805 exspectabat
3216 1751 3339 1797 eos,
3373 1736 3711 1791 convocatis

2062 1843 2091 1871 «
2117 1821 2385 1892 cognatis
2407 1822 2530 1877 suis
2552 1838 2620 1877 ac
2646 1823 2999 1879 necessariis
3016 1823 3244 1879 amicis.
3277 1823 3379 1879 90
3410 1825 3480 1879 Ut
3509 1830 3709 1880 autem

2069 1929 2092 1958 ι
2126 1910 2374 1983 contigit
2403 1910 2681 1966 introisse
2711 1912 2973 1979 Petrum,
3006 1911 3236 1966 obviam
3276 1927 3623 1983 progressus
3654 1912 3708 1966 ei

2062 2022 2089 2049 «ι
2115 1998 2424 2055 Cornelius
2452 1999 2737 2066 adoravit,
2771 2001 3084 2071 procidens
3118 2001 3190 2056 ad
3220 2001 3400 2073 pedes
3453 2002 3601 2072 ejus.
3636 2003 3710 2056 At

2062 2112 2090 2139 ‹‹
2126 2093 2333 2144 Petrus
2364 2090 2551 2145 erexit
2583 2107 2740 2157 eum,
2783 2090 3029 2147 dicens:
3062 2092 3266 2163 Surge,
3328 2096 3388 2145 et
3429 2106 3532 2163 ego
3582 2090 3710 2161 ipse

2062 2200 2087 2231 ι
2122 2178 2467 2235 homosum.
2503 2181 2931 2251 Etcolloquens
2949 2198 3081 2236 cum
3106 2181 3208 2235 illo
3229 2180 3491 2246 intravit,
3523 2181 3709 2235 offen-

2058 2290 2087 2319 ‹‹
2119 2269 2325 2341 ditque
2356 2270 2599 2337 multos,
2632 2271 2732 2341 qui
2766 2278 3187 2332 convenerant.
3222 2275 3280 2325 et
3308 2271 3392 2326 ait
3421 2269 3495 2326 ad
3526 2269 3663 2325 illos
3692 2284 3705 2323 :

2059 2380 2088 2407 υ
2119 2359 2231 2413 Vos
2264 2359 2428 2413 scitis
2459 2375 2579 2414 non
2611 2376 2740 2415 esse
2769 2360 2859 2416 fas
2891 2361 3012 2416 viro
3061 2360 3260 2416 Judaeo
3292 2360 3572 2434 conjungi
3605 2363 3708 2415 aut

2058 2469 2086 2497 «
2115 2447 2397 2503 accedere
2423 2447 2497 2503 ad
2524 2449 2920 2523 alienigenam
2951 2467 2969 2505 :
3000 2451 3154 2506 Deus
3200 2456 3400 2506 tamen
3444 2447 3708 2505 ostendit

2057 2559 2085 2588 ιι
2116 2537 2264 2593 mihi
2307 2538 2536 2594 nullum
2584 2556 2962 2595 communem
3004 2545 3105 2595 aut
3159 2540 3535 2596 immundum
3585 2538 3703 2596 dici

2057 2652 2076 2676 ι
2113 2627 2419 2684 hominem
2451 2645 2463 2684 :
2499 2635 2863 2703 quapropter
2897 2630 3075 2687 etiam
3107 2631 3525 2687 incunctanter
3569 2620 3707 2688 veni

2053 2739 2081 2768 ‹‹
2114 2719 2458 2775 accersitus.
2496 2740 2517 2767 ι

2122 2900 2299 2956 Terra
2324 2898 2565 2971 quidem
2593 2899 2808 2955 sindon
2841 2904 2951 2968 est,
2980 2900 3184 2955 bestia;
3204 2918 3340 2956 vero
3375 2918 3505 2973 quae
3536 2902 3598 2958 in
3632 2918 3703 2959 ea

2051 2995 2241 3051 erant.
2273 2994 2478 3060 gentes
2503 2993 2658 3043 sunt.
2693 2989 2918 3043 Dicitur
2947 2995 3166 3056 autem,
3200 3014 3226 3038 ‹‹
3260 2990 3447 3045 Macta
3496 2996 3555 3046 et
3604 3006 3699 3047 ve-

2051 3094 2283 3136 scere.»
2319 3077 2476 3147 quod
2500 3077 2677 3132 etiam
2702 3077 2840 3132 illos
2864 3083 3129 3149 oporteat
3162 3078 3465 3135 accedere.
3499 3079 3691 3137 Tertio

2050 3181 2185 3220 vero
2205 3163 2262 3218 id
2280 3164 2429 3231 ﬂeri,
2457 3164 2751 3235 baptisma
2768 3164 3010 3221 denotat
3063 3167 3207 3222 Cum
3232 3183 3365 3222 vero
3397 3167 3701 3225 haesitaret

2050 3256 2278 3319 Petrus,
2311 3260 2643 3326 opportune
2670 3261 2959 3311 venerunt
2988 3256 3114 3318 viri,
3150 3258 3251 3330 qui
3292 3258 3693 3315 bmsitantiam

2045 3344 2359 3399 solverent.
2396 3345 2610 3399 Anima
2642 3346 2796 3399 enim
2832 3346 3192 3402 solutionem
3221 3346 3395 3403 facile
3423 3350 3671 3420 suscipit

2044 3433 2308 3491 Primum
2327 3439 2527 3489 tamen
2553 3435 2612 3489 in
2627 3435 3010 3507 ambiguitate
3024 3435 3160 3490 fuit:
3187 3437 3690 3509 quemadmodum

2046 3530 2104 3579 et
2138 3524 2352 3594 Joseph
2386 3524 2711 3595 permissus
2742 3531 2831 3578 est
2861 3525 3116 3597 primum
3152 3527 3396 3584 turbari.
3444 3534 3503 3583 et
3552 3534 3692 3586 tunc

2043 3614 2204 3669 venit
2233 3615 2478 3685 angelus
2504 3615 2563 3667 9°.
2610 3641 2628 3661 ιι
2666 3618 2736 3670 Et
2764 3624 2998 3671 evocato
3028 3620 3307 3688 quopiam
3367 3618 3697 3692 interroga-

2044 3700 2208 3767 bant,
2231 3721 2256 3751 ι
2283 3718 2401 3757 non
2434 3719 2467 3756 a
2494 3702 2698 3757 vicinis
2723 3703 3126 3774 inquirebant.
3154 3707 3360 3776 Magna
3376 3713 3467 3760 est
3494 3714 3693 3765 autem

2044 3792 2297 3863 Spiritus
2327 3793 2635 3859 autoritas,
2671 3794 2772 3864 qui
2805 3794 2923 3849 ait:
2960 3817 2986 3844 α
3022 3796 3137 3867 Ego
3170 3795 3301 3849 misi
3337 3795 3488 3851 illos.
3523 3819 3550 3845 υ
3587 3799 3693 3853 De-

2045 3881 2341 3937 scendens
2358 3888 2555 3937 autem
2581 3882 2983 3951 interrogabat
2998 3900 3239 3938 causam
3259 3890 3499 3955 pr0pter
3510 3902 3690 3956 quam

2044 3970 2333 4039 venerint,
2362 3977 2428 4026 ut
2457 3972 2504 4026 si
2539 3970 2779 4043 quidem
2812 3971 3124 4027 confestim
3155 3988 3402 4028 necesse
3433 3975 3529 4039 sit,
3562 3991 3697 4032 con-

2044 4060 2382 4131 grediatur:
2411 4062 2503 4116 sin
2526 4067 2746 4126 autem,
2781 4067 2846 4115 ut
2874 4061 3011 4116 illos
3042 4062 3103 4116 in
3136 4062 3377 4119 domum
3412 4065 3697 4137 suscipiat

2043 4148 2495 4221 hospitioQuod
2519 4150 2697 4204 etiam
2725 4150 3000 4205 nonnulli
3022 4150 3292 4217 fratrum,
3316 4154 3416 4224 qui
3450 4170 3483 4209 a
3511 4156 3694 4227 Joppe

2047 4243 2216 4294 erant
2246 4238 2424 4295 simul
2455 4238 2711 4293 abierint
2731 4254 2865 4294 cum
2892 4241 3083 4307 Petro,
3107 4240 3540 4313 dispensatorie
3571 4245 3691 4299 fac-

2045 4332 2173 4383 tum
2196 4332 2304 4394 est,
2327 4343 2400 4383 ne
2425 4327 2803 4399 postmodum
2828 4328 3169 4385 testimonia
3192 4332 3364 4386 Petro
3393 4331 3693 4400 deessent,

2046 4416 2284 4492 quando
2308 4417 2503 4490 ipsum
2530 4416 2811 4473 fratribus
2830 4418 3192 4490 respondere
3205 4421 3692 4492 Oporteret,quod

2046 4507 2224 4564 etiam
2251 4506 2585 4579 prohibitus
2618 4513 2795 4566 esset.
2826 4524 2901 4563 ne
2934 4507 3260 4580 quidquam
3301 4508 3693 4579 adjudicaret.

277 4586 500 4660 θῦσαιδ
558 4600 760 4675 Πὲτρος
821 4596 1213 4666 διακελεύεται,
1265 4598 1358 4652 ἳνα
1414 4596 1784 4672 καθαρθέντων
1843 4596 1939 4652 αύ-

2056 4597 2330 4654 Ferinum
2360 4613 2427 4652 ac
2473 4596 2811 4653 irrrtionale
2872 4598 3183 4653 hominum
3242 4614 3428 4671 genus
3485 4599 3695 4657 Petrus

276 4699 387 4750 τῶν
420 4695 485 4748 τὸ
533 4688 859 4763 λειπόμενον
915 4684 1187 4761 ἐδώδιμον
1242 4685 1484 4764 γένηται.
1523 4692 1748 4760 Γυμνῶς
1777 4687 1805 4741 6
1835 4692 1935 4756 τῆς

278 4777 562 4842 εύσεεείας
593 4774 954 4854 παραδίδοται
984 4773 1178 4855 λόγος,
1210 4776 1320 4851 οὐχ
1352 4776 1485 4846 ἃπαξ
1546 4774 1805 4845 εἰπούσης
1838 4781 1937 4845 τῆς

278 4872 430 4937 θείας
459 4875 672 4951 φωνῆς,
703 4867 788 4923 ὅτι
839 4865 938 4920 οὐκ
993 4863 1106 4921 ἔστι
1165 4866 1343 4920 κοινὸν
1402 4866 1533 4939 ὅπερ
1566 4865 1595 4919 6
1626 4865 1755 4926 Θεὸς
1809 4862 1935 4919 ἐκα-

274 4963 523 5027 θάρισεν,
556 4954 703 5013 ἀλλᾶ
730 4955 868 5029 τρίς·
912 4954 994 5009 ἶνα
1036 4955 1295 5029 μάθωμεν
1324 4957 1395 5028 τῇ
1454 4958 1553 5026 μιᾷ
1598 4956 1753 5034 φωνῇ
1805 4953 1934 5008 Θεὸν

273 5050 644 5126 καθαρίζοντα
669 5046 763 5102 τὸν
795 5046 1030 5119 Ιιατέρα,
1060 5042 1153 5099 καὶ
1197 5046 1266 5117 τῇ
1325 5042 1479 5113 ἑτέρᾳ
1538 5043 1667 5099 Θεὸν
1707 5042 1935 5115 καθαρί-

272 5150 444 5217 ζοντα
473 5140 568 5193 τὸν
600 5139 903 5211 Μονογενῆ,
936 5134 1028 5190 καὶ
1054 5137 1122 5209 τῇ
1156 5132 1305 5209 ἃλλῃ
1336 5133 1399 5189 τὸ
1435 5137 1649 5205 Πνεῦμα
1676 5134 1737 5187 τὸ
1759 5130 1932 5208 ἅγιον.

267 5237 438 5292 Ἴσως
470 5228 560 5285 ἰπὶ
608 5228 811 5303 γόνατα
857 5226 1110 5299 κείμενος
1169 5221 1276 5279 εἶδε
1322 5225 1421 5292 τὴν
1483 5222 1762 5280 ὀπτασίαν.
1798 5225 1876 5278 Δι’
1906 5224 1937 5278 6'

272 5324 362 5379 καὶ
400 5323 436 5393 ἧ
472 5320 626 5398 φωνή
660 5316 796 5392 πρὸς
826 5316 1004 5387 αύτὸν,
1040 5341 1066 5365 «
1100 5315 1377 5382 Ἀναστὰς,
1413 5313 1597 5387 Πέτρε,
1647 5313 1801 5389 φησὶ,
1840 5317 1935 5377 θῦ-

276 5434 370 5470 σον
407 5410 503 5466 καὶ
536 5406 686 5485 φάγε.
718 5432 740 5461 ι
790 5406 1070 5462 Δείκνυται
1124 5401 1183 5459 δὶ
1230 5404 1313 5460 ’ὁτι
1364 5406 1505 5460 θεῖον
1559 5404 1625 5473 ἦν
1673 5403 1736 5459 τὸ
1782 5402 1932 5477 γινό-

282 5525 467 5581 μενον,
502 5500 566 5557 τό
592 5519 649 5555 τε
679 5496 881 5561 ἄνωθεν
926 5494 1083 5566 ἰδεῖν,
1140 5496 1233 5552 καὶ
1286 5494 1337 5552 ἐν
1392 5494 1638 5551 ἐκστάσει
1695 5497 1932 5572 γενέσθαι

352 5686 400 5723 ὀ
431 5687 592 5743 κλει.
631 5697 668 5744 ι,
698 5682 790 5736 20.

2048 4692 2306 4742 mactare
2330 4685 2597 4758 jubetur,
2643 4693 2710 4741 ut
2747 4687 2892 4757 ipsis
2949 4686 3278 4757 puriﬁcatis
3328 4686 3543 4742 edibile
3594 4688 3698 4745 flat

2046 4775 2204 4848 quod
2237 4776 2614 4847 relinquitur.
2667 4775 2830 4831 Nude
2883 4776 3134 4830 traditur
3176 4775 3414 4847 pietatis
3473 4794 3692 4847 sermo,

2046 4882 2181 4922 cum
2212 4883 2333 4922 non
2362 4865 2546 4921 semel
2576 4865 2773 4920 divina
2803 4881 2939 4920 voce
2971 4865 3190 4921 dicitur
3218 4883 3337 4921 non
3367 4883 3496 4923 esse
3528 4885 3691 4924 com-

2046 4971 2227 5011 mune
2258 4954 2417 5028 quod
2450 4961 2601 5010 Deus
2632 4953 2983 5025 puriﬁcavit,
3018 4954 3123 5009 sed
3154 4956 3325 5011 tertio
3351 4974 3364 5011 :
3406 4962 3473 5011 ut
3502 4959 3694 5030 prima

2045 5061 2184 5101 voce
2214 5044 2515 5101 discamus
2548 5044 2780 5097 Patrem
2806 5058 2935 5097 esse
2958 5044 3143 5099 Deum
3166 5046 3266 5116 qui
3292 5046 3585 5117 puriﬁcat,
3614 5045 3693 5102 ale

2045 5139 2173 5190 tera
2204 5133 2581 5206 Unigenitum
2616 5148 2851 5203 quoque
2879 5149 3006 5187 esse
3049 5134 3232 5189 Deum
3264 5135 3364 5206 qui
3398 5136 3691 5207 purilicat,

2045 5224 2222 5279 tertia
2253 5229 2540 5294 praeterea
2572 5229 2841 5275 sanctum
2876 5221 3047 5277 illum
3081 5222 3385 5295 Spiritum.
3408 5225 3696 5279 Fortassis

2043 5314 2295 5386 genibus
2350 5313 2651 5368 inbmrens
2710 5313 2936 5368 viderat
2991 5314 3322 5370 visionem:
3382 5323 3699 5387 propterea

2045 5404 2226 5459 etiam
2269 5420 2376 5458 vox
2406 5402 2480 5458 ad
2511 5402 2680 5457 illum
2712 5402 2830 5457 ait:
2871 5426 2897 5452 ιι
2927 5404 3129 5477 Surge.
3163 5408 3352 5467 Petre,
3414 5412 3609 5462 macta
3639 5411 3697 5461 et

2041 5509 2298 5550 vescere.
2334 5515 2355 5545 ο
2393 5492 2664 5549 Ostendit
2694 5498 2892 5549 autem
2926 5492 3187 5549 divinum
3222 5510 3350 5550 esse
3400 5495 3557 5567 quod
3597 5513 3691 5551 su-
