4150 6200
453 385 566 450 183

1514 383 1925 445 (ΕΟῙῙΜΕΝΗ
1974 383 2281 446 TRICC/E
2323 385 2772 448 EPISCOPUS.

3741 383 3856 443 184

447 544 631 602 perne
655 523 865 580 viderit
885 522 1014 578 etin
1029 521 1248 576 mentis
1272 536 1516 576 excessu
1551 521 1803 592 positus,
1837 521 1934 575 97
1974 527 2096 575 tum

2227 519 2292 573 ιαὶ
2323 519 2385 574 τὸ
2408 522 2595 597 φωνὴν
2627 517 2824 584 ἐκεῖθεν
2866 516 3179 598 ἐνεχθῆναι,
3212 519 3303 574 καὶ
3354 519 3417 575 τὸ
3467 517 3585 592 τρὶς
3640 516 3858 590 ὁμολοο

453 617 609 689 quod
642 632 746 669 vox
779 614 916 668 inde
947 611 1342 675 descenderit,
1376 617 1435 665 et
1458 611 1612 682 quod
1638 611 1810 665 tertio
1841 611 1944 665 illa
1976 628 2103 667 esse

452 708 684 776 impura
709 709 954 757 testatus
979 703 1376 757 sit.Praaterea
1399 702 1556 772 quod
1585 717 1614 754 e
1639 702 1784 756 cmlo
1810 703 2102 768 venerint,

452 810 638 866 eoque
665 800 915 848 retracta
948 793 1087 857 sint,
1123 808 1402 864 magnum
1435 797 1525 846 est
1547 791 2102 862 purificationisar-

454 890 798 959 gumentum
833 883 949 936 Hoc
971 888 1170 935 autem
1201 888 1444 952 propter
1467 881 1602 934 illos
1624 887 1820 936 actum
1856 887 1946 935 est
1973 881 2104 951 qui-

456 974 566 1030 bus
599 972 974 1045 postmodum
1012 987 1132 1026 rem
1156 978 1504 1026 narraturus
1536 973 1782 1040 est.lpse
1805 969 2103 1041 siquidem

457 1065 748 1131 audierat,
782 1086 809 1113 ‹‹
845 1064 909 1117 In
942 1062 1087 1116 viam
1115 1061 1381 1129 gentium
1405 1077 1478 1115 ne
1510 1057 1862 1115 abieritis‘“.
1895 1085 1918 1107 ν
1941 1058 2106 1124 Quod

456 1155 598 1210 item
622 1170 728 1208 vox
762 1153 934 1206 tertio
966 1151 1119 1206 facta
1151 1157 1260 1209 est.
1302 1149 1562 1204 ostendit
1589 1149 1700 1221 ipsi
1734 1148 1978 1204 visionis
2010 1165 2103 1203 ve-

456 1244 712 1300 ritatem.
749 1241 1123 1296 Manifestum
1154 1246 1243 1294 est
1261 1245 1458 1294 autem
1484 1237 1640 1309 quod
1664 1254 1784 1292 non
1817 1237 1888 1292 de
1916 1236 2106 1292 omni-

457 1332 568 1388 bus
599 1331 748 1386 cibis
777 1331 1228 1402 pronuntiatum
1263 1345 1391 1382 esse
1441 1343 1779 1382 sermonem
1831 1327 2107 1393 voluerit,

462 1438 578 1494 quo
611 1421 729 1476 ait:
765 1441 793 1470 «
826 1421 1138 1490 Nunquam
1171 1417 1262 1472 edi
1295 1417 1618 1488 quidquam
1665 1433 1978 1472 commune
2009 1421 2112 1472 aut

461 1509 861 1576 immundum,
890 1531 916 1556 ››
940 1514 1002 1563 ut
1036 1513 1094 1562 et
1122 1507 1299 1561 boves
1332 1512 1389 1560 et
1414 1523 1606 1578 capras
1630 1523 1884 1578 avesque
1914 1524 1981 1562 ac
2011 1524 2111 1562 vo-

459 1596 655 1652 lucres
686 1595 1025 1652 communia
1055 1595 1212 1667 apud
1235 1611 1370 1650 eum
1405 1595 1768 1659 dicerentur,
1801 1611 1935 1650 cum
1959 1613 1992 1651 a
2012 1597 2113 1651 Ju-

461 1687 606 1743 daais
637 1693 803 1741 ortus
836 1691 994 1740 esset
1027 1687 1254 1740 Petrus.
1292 1688 1435 1740 Nam
1466 1685 1651 1739 Judaei
1674 1701 1882 1740 carnes
1907 1685 2111 1755 edunt,

461 1794 572 1834 nec
602 1777 759 1848 apud
792 1793 890 1831 eos
925 1777 1302 1830 interdicitur
1328 1776 1596 1830 carnium
1635 1791 1789 1830 esus.
1825 1775 1969 1830 Cum
2011 1776 2115 1831 ita-

462 1882 576 1939 que
608 1867 734 1937 ipse
765 1865 1022 1920 abinitio
1048 1864 1397 1930 edisset,aut
1415 1864 1622 1920 saltem
1651 1864 1841 1919 donec
1873 1865 1945 1920 ad
1979 1865 2112 1920 Sal-

465 1961 726 2011 vatorem
759 1953 1127 2019 accessisset,
1173 1953 1558 2009 manifestum
1617 1959 1707 2009 est
1754 1960 1912 2008 certe
1958 1953 2116 2025 quod

471 2061 595 2102 non
627 2043 1040 2100 universaliter
1069 2043 1559 2114 pronuntiaverit,
1601 2043 1806 2099 dicens
1838 2059 1851 2100 :
1883 2067 1907 2092 α
1943 2044 2116 2099 Com-

473 2151 654 2192 mune
686 2141 739 2190 et
773 2133 1222 2201 immundum,»
1250 2133 1353 2190 sed
1376 2133 1447 2190 de
1472 2133 1562 2189 his
1587 2150 1718 2206 quae
1741 2133 1835 2189 lex
1852 2150 2116 2189 commu-

475 2225 576 2281 nia
606 2224 838 2280 dicebat
865 2231 922 2278 et
952 2224 1280 2279 immunda.
1314 2227 1385 2280 Et
1413 2229 1613 2280 tamen
1646 2240 1780 2280 cum
1809 2223 1882 2278 de
1911 2223 2002 2278 his
2032 2224 2120 2279 fa-

469 2323 630 2372 ceret
659 2317 868 2372 Petrus
913 2331 1271 2379 sermonem,
1324 2332 1455 2386 quaa
1497 2316 1555 2370 in
1603 2315 1728 2387 lege
1777 2314 2120 2369 communia

469 2412 640 2461 erant
670 2413 728 2462 et
758 2405 1085 2462 immunda.
1122 2406 1274 2460 Deus
1307 2405 1405 2476 qui
1431 2411 1649 2460 sanctae
1679 2404 1895 2459 Christi
1926 2403 2121 2459 Eccle-

471 2495 574 2552 siae
617 2497 848 2568 signum
882 2495 1224 2557 tradiderat,
1259 2495 1410 2550 nihil
1441 2495 1553 2566 ipsi
1581 2510 1898 2549 commune
1924 2493 2114 2548 existi-
2157 2508 2168 2520 θ

468 2585 753 2640 mandum
785 2584 1058 2651 ducebat,
1091 2585 1293 2639 omnia
1323 2600 1584 2655 namque
1606 2583 1716 2655 ipsi
1742 2583 1964 2638 munda
1981 2587 2121 2637 sunt

472 2695 501 2721 ‹‹
533 2690 665 2743 quas
699 2689 832 2728 cum
863 2674 1184 2746 gratiarum
1217 2673 1449 2728 actione
1504 2679 1822 2727 sumuntur
1850 2671 1916 2724 θ’.
1947 2695 1973 2720 »
2005 2671 2116 2726 Sed

470 2778 814 2833 quanquam
834 2761 904 2817 de
920 2762 1186 2832 gentium
1202 2762 1503 2816 vocatione
1517 2761 1917 2816 subobscurus
1933 2777 2116 2816 sermo

465 2849 648 2906 fuerit
697 2868 773 2906 ne
804 2868 907 2906 eos
938 2851 1040 2922 qui
1081 2853 1143 2906 in
1201 2852 1491 2924 prmputio
1541 2857 1712 2906 erant
1766 2867 2117 2907 communes

466 2946 570 2998 aut
600 2941 866 3013 impuros
924 2957 1053 2996 esse
1097 2941 1384 3009 dicerent,
1443 2941 1599 2995 Petri
1663 2945 1863 2996 tamen
1921 2956 2116 2996 sermo

469 3029 743 3086 homines
774 3047 894 3086 non
927 3029 1294 3103 designabat,
1333 3029 1436 3086 sed
1469 3046 1537 3086 ea
1562 3046 1694 3101 quas
1728 3029 1790 3084 in
1843 3029 1970 3102 lege
2024 3029 2117 3085 in-

473 3120 724 3178 terdicta
755 3126 943 3188 erant,
978 3125 1154 3194 prout
1185 3120 1653 3176 demonstratum
1688 3124 1796 3174 est.

547 3213 904 3281 «Interrogo
937 3227 1073 3280 ergo
1114 3227 1292 3280 quam
1353 3211 1424 3265 ob
1484 3225 1723 3265 causam
1781 3209 2118 3266 accersistis

472 3314 587 3354 me.
630 3319 656 3350 ι

541 3388 668 3442 Jam
701 3389 910 3442 Petrus
942 3403 1066 3441 rem
1100 3402 1338 3442 omnem
1372 3387 1550 3443 etiam
1609 3403 1644 3442 a
1689 3387 1981 3443 militibus
2013 3402 2118 3442 au-

472 3476 680 3540 dierat,
716 3475 819 3530 sed
861 3475 982 3529 vult
1039 3476 1297 3546 primum
1351 3492 1452 3530 eos
1509 3477 1802 3541 conﬁteri,
1860 3493 1927 3532 ac
1981 3476 2119 3533 fidei

472 3564 741 3620 subditos
775 3564 952 3618 effici.

543 3655 615 3718 X,
645 3657 730 3709 30.
763 3676 791 3702 ‹‹
826 3655 894 3708 Et
923 3652 1233 3708 Cornelius
1266 3651 1412 3708 dixit
1441 3669 1452 3706 :
1487 3657 1526 3706 A
1561 3659 1770 3724 quarto
1826 3671 2014 3725 usque
2047 3654 2120 3710 ad

477 3766 504 3794 «
535 3745 687 3799 hanc
713 3744 918 3798 horam
951 3742 1045 3796 die
1069 3741 1440 3813 jejunabam,
1474 3748 1532 3797 et
1581 3743 1726 3798 hora
1772 3761 1934 3800 nona
1989 3760 2118 3800 ora-

473 3858 499 3886 «
536 3834 668 3889 bam
705 3834 764 3888 in
810 3833 985 3888 domo
1019 3849 1168 3887 mea.
1206 3855 1232 3881 »

553 3925 793 3980 Videtur
823 3923 918 3978 hic
950 3923 1060 3979 sibi
1090 3924 1201 3995 ipsi
1231 3924 1595 3996 asperiorem
1627 3923 1854 3979 vivendi
1879 3924 2120 3982 modum

473 4014 821 4086 prmﬁxisse,
855 4013 1032 4084 idque
1066 4014 1244 4067 certis
1294 4011 1650 4084 quibusdam
1698 4013 1931 4068 diebus.
1984 4013 2121 4069 Ideo

471 4103 631 4158 enim
660 4102 840 4157 dixit:
872 4126 896 4150 «
925 4105 971 4157 Α
992 4108 1199 4173 quarto
1223 4102 1338 4158 die.
1366 4125 1392 4150 ››
1416 4101 1662 4166 Quando
1699 4118 1832 4174 ergo
1879 4108 2126 4174 apparet

467 4194 580 4265 ipsi
604 4192 872 4265 angelus,
903 4191 998 4247 his
1022 4191 1149 4246 dies
1175 4208 1328 4245 unus
1379 4198 1489 4258 est,
1515 4191 1666 4247 alter
1693 4199 1889 4248 autem
1925 4193 1973 4248 is
2005 4210 2122 4264 quo

467 4281 870 4351 abierunt,qui
889 4297 922 4335 a
944 4281 1214 4336 Cornelio
1237 4280 1399 4335 missi
1422 4289 1609 4338 erant.
1642 4281 1850 4337 tertius
1873 4299 1990 4353 quo
2032 4300 2124 4338 ve-

472 4376 777 4437 nerunt,el
795 4375 1005 4442 quarto
1025 4370 1356 4440 comparuit
1387 4370 1626 4425 circiter
1647 4371 1852 4426 horam
1891 4373 2122 4428 tertiam

467 4468 784 4536 postquam
816 4460 1019 4514 oravit.
1051 4458 1151 4512 98
1184 4459 1320 4512 Vide
1344 4477 1481 4530 ergo
1508 4461 1867 4530 precationis
1897 4463 2121 4532 magni-

472 4551 779 4607 tudinem:
815 4548 1052 4620 quando
1086 4547 1345 4617 seipsum
1384 4549 1644 4618 provexit
1689 4549 1761 4603 ad
1821 4550 2122 4621 pietatem,

470 4646 618 4696 tunc
649 4646 895 4712 apparet
925 4639 1036 4709 ipsi
1070 4636 1336 4707 angelus.

538 4729 606 4787 Χ.
641 4730 826 4784 30-35.
861 4754 884 4776 ‹‹
923 4729 993 4784 Ει
1023 4744 1159 4783 ecce
1187 4727 1275 4780 vir
1301 4726 1463 4780 stetit
1489 4743 1686 4781 coram
1723 4744 1815 4782 me
1865 4728 1924 4782 in
1959 4736 2117 4784 veste

471 4837 494 4867 α
533 4816 848 4888 splendida
879 4819 986 4886 (vir
1011 4817 1157 4872 dicit
1188 4824 1245 4870 et
1277 4833 1392 4870 non
1427 4816 1675 4886 angelus.
1712 4817 1858 4872 adeo
1913 4817 2116 4875 mode-

469 4915 644 4963 «stus
663 4915 830 4976 erat),
864 4915 922 4963 et
948 4909 1061 4964 ait:
1088 4910 1340 4969 Corneli,
1367 4909 1643 4965 exaudita
1669 4917 1759 4964 est
1780 4910 2116 4982 deprecatio

467 5021 494 5049 ‹‹
531 5005 651 5062 tua,
686 5004 744 5052 et
775 4996 1166 5070 eleemosynaa
1201 5006 1315 5054 tua)
1349 5000 1410 5055 in
1437 5001 1725 5056 memoria
1746 5000 1961 5056 habita:
1977 5009 2120 5058 sunt

471 5111 498 5138 ‹‹
531 5103 728 5143 coram
762 5087 901 5140 Deo.
936 5087 1094 5141 Mitte
1127 5103 1262 5159 ergo
1286 5089 1519 5159 aliquos
1539 5091 1785 5162 JOppen,
1811 5096 2114 5149 etaccerse

469 5200 498 5228 ‹‹
533 5177 860 5241 Simonem,
890 5175 988 5246 qui
1021 5177 1473 5249 cognominatur
1502 5184 1707 5235 Petrus
1740 5197 1754 5234 :
1795 5181 1889 5237 hic
1923 5181 2116 5238 diver-

470 5290 498 5319 ‹‹
533 5274 700 5324 satur
730 5266 789 5320 in
823 5265 997 5321 domo
1030 5265 1288 5320 Simonis
1314 5267 1548 5322 coriarii
1573 5270 1745 5340 juxta
1790 5287 1974 5331 mare.
2012 5272 2112 5343 qui

469 5382 494 5407 (ι
528 5357 628 5412 ubi
662 5355 887 5411 venerit
916 5356 1189 5424 ioquetur
1222 5353 1345 5408 tibi.
1371 5355 1574 5411 Statim
1601 5375 1737 5427 ergo
1769 5361 1901 5416 misi
1927 5362 2000 5416 ad
2036 5369 2110 5428 te,

468 5471 495 5498 ‹‹
531 5454 664 5503 ettu
693 5447 841 5501 bene
856 5443 1044 5500 fecisti
1069 5443 1165 5514 qui
1195 5443 1521 5500 adveneris.
1549 5449 1716 5504 Nunc
1738 5466 1872 5522 ergo
1905 5468 2111 5506 omnes

470 5558 497 5588 α
522 5552 653 5604 nos,
670 5542 816 5592 teste
840 5533 1400 5601 Deo,adsumus,aut
1416 5534 1727 5592 audiamus
1741 5555 2111 5612 quaecunque

541 5716 580 5752 ⁸³
614 5715 814 5772 Matth.
847 5733 902 5785 x,
933 5717 984 5770 5.
1063 5713 1109 5750 9’
1140 5716 1165 5772 Ι
1192 5713 1336 5772 Tim.
1373 5729 1444 5783 iv,
1471 5715 1526 5774 ι.

2206 615 2373 683 γῆσαι
2405 608 2489 663 ὅτι
2519 609 2796 684 ἀκάθαρτα
2824 613 2888 678 ἦν
2922 608 3116 664 ἐκεῖνα.
3154 609 3252 664 Καὶ
3309 610 3371 664 τὸ
3417 608 3616 671 ἐκεῖθεν
3677 608 3857 678 ἣκειν,

2207 698 2294 752 γαῖ
2329 699 2390 754 τὸ
2423 697 2534 753 ἐκεῖ
2561 699 2993 767 ἀνασπασοῆναι,
3029 699 3162 773 μὲγα
3209 697 3404 774 δεῖγμα
3451 699 3854 768 καθαρότητος.

2206 791 2380 842 Τοῦτο
2413 786 2470 842 δὲ
2498 790 2702 862 γίνεται
2737 786 2824 843 διὰ
2853 791 2980 850 τοὺς
3018 790 3153 862 μετα
3182 794 3352 844 ταῦτα
3395 789 3480 849 οἷς
3530 786 3726 862 μέλλει
3776 786 3864 857 ἐξ·

2209 878 2474 946 ηγεῖσθαι.
2520 877 2671 933 Ἐπεὶ
2711 877 2869 938 αὐτὸς
2913 879 3114 945 ἤκουσε
3167 877 3252 932 τό·
3322 903 3348 929 ιι
3386 876 3478 941 Εἷς
3527 875 3650 932 ὁδὸν
3696 876 3861 932 ἐθνῶν

2213 967 2287 1037 μή
2321 964 2615 1035 ἀπὲλθητε.
2656 991 2682 1017 ››
2714 967 2786 1023 Τὸ
2820 963 2877 1021 δὲ
2905 966 2994 1022 ἐπὶ
3053 968 3172 1032 τρὶς
3223 969 3320 1036 τὴν
3366 970 3552 1047 φωνὴν
3596 966 3860 1042 γενέσθαι,

2211 1051 2478 1110 δείκνυσιν
2509 1055 2654 1128 αὐτῷ
2685 1057 2747 1112 τὸ
2800 1054 3002 1128 ἀληθὲς
3059 1064 3159 1127 τῆς
3220 1057 3504 1118 ὀπτασίας.
3567 1054 3745 1126 Δῆλον
3805 1053 3861 1110 δέ

2213 1144 2353 1201 ἐστιν
2388 1145 2471 1200 ὅτι
2507 1147 2581 1219 μή
2615 1147 2752 1201 κατά
2780 1147 2992 1202 πάντων
3026 1151 3133 1201 τῶν
3166 1147 3475 1221 βρωμάτων
3539 1142 3862 1216 διεξεληλυ-

2215 1235 2364 1300 οέναι
2410 1237 2502 1290 τὸν
2563 1233 2730 1311 λόγον
2791 1231 3076 1306 ἐϐούλετο,
3129 1241 3209 1308 τῷ
3261 1234 3464 1311 λέγειν,
3524 1234 3606 1290 ὅτι
3668 1231 3862 1291 «Οὐδὲ

2212 1343 2344 1378 ποτε
2375 1319 2569 1400 ἔφαγον
2603 1325 2784 1380 κοινὸν
2843 1324 2934 1380 καὶ
2994 1324 3376 1399 ἀκάθαρτον,ιι
3435 1324 3509 1384 ὡς
3567 1325 3656 1379 καὶ
3710 1324 3861 1399 βόας,

2213 1412 2300 1467 καὶ
2359 1415 2519 1490 αἶγας
2577 1415 2664 1468 καὶ
2715 1407 2966 1489 πρόϐατα
3023 1415 3112 1468 γαί
3171 1409 3346 1487 ὄρνεις
3401 1415 3556 1468 κοινά
3613 1411 3861 1489 λέγεσθαι

2213 1503 2340 1577 παρ’
2369 1503 2539 1575 αὐτῷ,
2565 1508 2645 1576 τῷ
2677 1505 2725 1573 ἐξ
2787 1501 3061 1558 Ἰουδαίων
3128 1504 3398 1580 ὁρμᾶσθαι
3451 1502 3670 1577 Πέτρον.
3725 1505 3864 1559 Ἰου-

2217 1590 2359 1648 δαῖοι
2388 1594 2492 1669 γάρ
2524 1595 2721 1669 σάρκας
2754 1593 3013 1665 ἐσθίουσι,
3078 1596 3169 1650 καὶ
3217 1595 3533 1672 κρεωφαγία
3583 1595 3710 1670 παρ’
3768 1593 3866 1648 αὐ-

2214 1688 2334 1744 τοῖς
2367 1682 2464 1739 οὐκ
2493 1683 2862 1758 ἀπηγόρευται
2941 1687 3078 1759 Ἀρα
3135 1685 3227 1740 οὖν
3287 1685 3457 1740 αὐτοῦ
3517 1679 3865 1760 βεϐρωκότος

2215 1773 2304 1829 ἀπ’
2341 1773 2540 1848 ἀρχῆς,
2571 1775 2605 1843 ἢ
2638 1774 2728 1829 καὶ
2783 1771 2886 1835 ἕως
2945 1778 3041 1830 τοῦ
3100 1781 3425 1843 συναντῆσαι
3477 1779 3557 1848 τῷ
3617 1779 3862 1846 Σωτῆρι,

2146 1893 2192 1956 Β
2220 1865 2336 1922 πῶς
2366 1861 2470 1916 οὐκ
2499 1859 2611 1916 ἔστι
2641 1858 2812 1930 δῆλον
2838 1861 2922 1918 ὅτι
2947 1863 3012 1918 οὐ
3061 1863 3196 1918 κατὰ
3254 1864 3466 1920 πάντων
3521 1863 3858 1956 ἀπειρήνατο,

2227 1975 2255 2004 ιι
2289 1950 2367 2007 Τὸ
2404 1951 2586 2005 κοινὸν
2618 1950 2708 2005 καὶ
2737 1951 3062 2024 ἀκάθαρτον,
3095 1976 3123 2004 ››
3157 1949 3304 2007 ἄλλα
3341 1951 3462 2025 περῖ
3493 1949 3568 2006 ὧν
3619 1949 3803 2026 ἔλεγεν
3835 1951 3862 2006 ὁ

2223 2038 2392 2112 νόμος
2431 2043 2624 2094 κοινῶν
2681 2041 2770 2095 καὶ
2809 2039 3170 2114 ἀγαθάρτων;
3227 2041 3420 2114 Ὅμως
3477 2041 3603 2114 περὶ
3657 2040 3863 2096 τούτιυν

2227 2128 2558 2200 ποιουμένου
2591 2128 2682 2184 τὸν
2719 2126 2883 2203 λόγον
2913 2134 3009 2185 τοῦ
3043 2129 3268 2204 Πέτρου,
3314 2135 3420 2185 τῶν
3474 2128 3526 2184 ἐν
3565 2129 3719 2203 νόμῳ
3765 2126 3868 2201 δη-

2228 2215 2415 2274 λονότι
2454 2222 2650 2273 κοινῶν
2681 2239 2737 2273 τε
2792 2219 2881 2273 καὶ
2937 2219 3278 2294 ἀκαθάρτων,
3309 2221 3338 2274 ὁ
3369 2220 3498 2282 Θεὸς
3555 2227 3657 2288 τῆς
3716 2219 3871 2296 ἁγίας

2230 2313 2469 2384 Χριστοῦ
2508 2307 2838 2378 Ἐκοιλησίας
2877 2310 2967 2366 τὸν
2997 2317 3320 2385 χαρακτῆρα
3365 2306 3702 2384 παραδιδοὺς
3757 2303 3873 2365 ἔλε-
3923 2338 3940 2343 ·

2226 2419 2313 2474 γεν
2340 2399 2488 2471 αὐτῷ
2539 2395 2708 2471 μηδὲν
2761 2399 2939 2454 κοινὸν
2996 2401 3265 2473 ἡγεῖσθαι.
3328 2399 3504 2456 πάντα
3559 2399 3665 2475 γὰρ
3722 2397 3870 2470 αὐτῷ

2229 2487 2340 2544 ἐστι
2368 2489 2574 2562 καθαρά
2627 2509 2650 2534 «
2709 2493 2824 2561 μετ’
2883 2486 3228 2564 εὐχαριστίας
3285 2487 3376 2541 καὶ
3435 2484 3689 2562 εὐλογίας
3745 2489 3876 2542 Θεοῦ

2228 2572 2635 2650 λαμϐανόμενα.
2669 2606 2693 2628 ››
2730 2573 2888 2633 Ἀλλ’
2921 2577 3086 2632 εἶκαὶ
3135 2576 3257 2652 περῖ
3313 2583 3415 2646 τῆς
3471 2575 3725 2648 κλήσεως
3769 2581 3874 2632 τῶν

2227 2663 2389 2720 ἐθνῶν
2417 2666 2478 2720 τὸ
2509 2663 2760 2740 αἶ’νιγμα,
2807 2666 2893 2721 ἵνα
2953 2669 3030 2741 μή
3091 2668 3374 2743 ἡγήσηται
3426 2667 3552 2726 τοὺς
3608 2664 3660 2720 ἐν
3720 2665 3878 2740 ἀκρο-

2228 2749 2440 2825 ϐυστίᾳ,
2499 2755 2711 2817 κοινοὺς
2770 2757 2805 2826 ἢ
2866 2756 3223 2830 ἀκαθάρτους,
3283 2757 3436 2828 ὅμως
3481 2756 3509 2810 ὁ
3550 2754 3720 2830 λόγος
3777 2757 3873 2811 τοῦ

2228 2850 2434 2918 Πετρου
2467 2844 2528 2899 οὐ
2555 2845 2678 2919 περὶ
2718 2844 3022 2919 ἀνθρώπων
3079 2851 3202 2924 εἶχε
3251 2846 3351 2914 τήν
3413 2843 3667 2924 ἔμφασιν,
3725 2841 3873 2900 ἀλλά

2226 2935 2350 3010 περὶ
2399 2938 2505 2991 τῶν
2561 2933 2613 2990 ἐν
2679 2939 2760 3007 τῷ
2816 2935 2975 3008 νόμῳ
3049 2933 3534 3012 ἀπηγορευμένων,
3621 2933 3696 2996 ὥς
3782 2930 3868 2989 8E-

2226 3021 2453 3082 δεικται.

2301 3229 2328 3259 ι(
2363 3205 2704 3280 ηυνθάνομαι
2729 3203 2824 3261 οὖν
2857 3206 2963 3263 τίνι
2995 3203 3145 3282 λόγῳ
3178 3206 3591 3282 μιτεπέμψασθέ
3624 3226 3712 3282 με.
3749 3229 3776 3257 »

2300 3383 2441 3457 Ἤδη
2473 3387 2537 3442 τὸ
2569 3392 2670 3442 πᾶν
2704 3387 2732 3442 ὁ
2766 3384 2968 3463 Πὲτρος
2997 3386 3199 3456 ἢκουσε
3227 3387 3319 3443 καὶ
3367 3387 3511 3462 παρά
3556 3391 3664 3442 τῶν
3715 3407 3873 3461 στραο

2228 3479 2462 3529 τιωτῶν·
2495 3473 2641 3529 ἀλλὰ
2677 3473 2933 3550 βούλεται
2987 3478 3204 3547 πρῶτον
3253 3474 3451 3539 αὐτοὺς
3505 3472 3872 3550 ὁμολογῆσαι,

2230 3564 2320 3617 καὶ
2353 3564 2676 3626 ὑπευθύνους
2706 3572 2933 3634 ποιῆσαι
2973 3568 3041 3639 τῇ
3073 3566 3271 3622 πίστει.

2304 3681 2328 3704 (ι
2372 3654 2465 3708 Καὶ
2525 3654 2552 3708 ὁ
2611 3653 2920 3730 Κορνήλιος
2977 3653 3100 3736 ἔφη’
3159 3657 3290 3713 Ἀπὸ
3343 3657 3604 3732 τετάρτης
3663 3658 3874 3730 ἡμερας

2233 3765 2261 3793 ‹‹
2298 3741 2465 3821 μέχρι
2494 3743 2696 3815 ταύτης
2724 3747 2824 3813 τῆς
2853 3743 2998 3819 ὢρας
3059 3746 3215 3820 ¹ἢμην
3271 3747 3568 3820 νηστεύων,
3624 3744 3713 3801 καί
3770 3747 3871 3815 τήν

2232 3855 2260 3884 ι(
2296 3830 2512 3902 ἐννατην
2542 3831 2686 3909 ὢραν
2720 3837 3164 3909 προσευχόμενος
3199 3835 3249 3892 ἐν
3276 3841 3356 3909 τῷ
3387 3834 3522 3909 οἴκῳ
3557 3857 3681 3907 μου.
3710 3862 3734 3886 η

2304 3923 2515 3978 Ἔοικεν
2552 3921 2707 3985 οὗτος
2739 3924 2965 3998 καιροὺς
3020 3925 3276 3996 ὡρικέναι
3326 3927 3500 3997 ἐαυτῷ
3553 3925 3671 4000 βίον
3718 3923 3874 3999 ἀκρι-

2232 4003 2508 4081 ϐεστέρου,
2540 4012 2628 4065 καὶ
2661 4008 2713 4066 ἕν
2741 4033 2882 4067 τισιν
2916 4014 3173 4089 ἡμέραις.
3208 4015 3306 4068 Διά
3336 4014 3438 4088 γὰρ
3487 4017 3648 4070 τοῦτο
3701 4015 3877 4083 εἶπεν,

2236 4123 2260 4150 ί(
2296 4101 2428 4156 Ἀπὸ
2458 4101 2720 4176 τετάρτης
2777 4101 3008 4176 ἡμέρας.
3042 4124 3067 4148 »
3121 4103 3248 4160 Ὀτε
3291 4103 3388 4158 οὗν
3442 4103 3684 4158 σαίνεται
3732 4101 3882 4175 αὐτῷ

2233 4185 2543 4266 ὁέίγγελος,
2602 4189 2739 4258 αὕτη
2805 4192 2902 4262 μία
2967 4191 3169 4266 ἡμξραο
3229 4191 3320 4246 καὶ
3375 4194 3442 4263 ἣν
3525 4190 3772 4261 ἀπῆλθον
3827 4192 3883 4247 οἱ

2233 4280 2560 4359 πεμφθέντες
2592 4281 2738 4353 παρά
2774 4279 3086 4353 Κορνηλίου
3121 4282 3221 4352 μία
3274 4282 3360 4337 καὶ
3395 4283 3464 4350 ἦν
3511 4280 3706 4351 ἦλθον,
3759 4281 3877 4352 μία·

2233 4367 2319 4422 καὶ
2351 4369 2580 4444 τετάρτη
2614 4367 2780 4444 ἐφάνη
2817 4369 2945 4426 ὡσεὶ
2975 4371 3163 4439 τρίτην
3193 4369 3364 4446 ὥραν,
3424 4373 3538 4446 μεθ’
3588 4369 3653 4440 ἦν
3708 4390 3882 4443 προσ-

2231 4459 2450 4531 ηὖξιτο,
2481 4462 2619 4536 «ip:
2651 4461 2739 4515 οὖν
2773 4461 2835 4517 τὸ
2867 4458 3092 4538 μέγᾼυς
3134 4469 3235 4531 τῆς
3289 4462 3484 4543 εὐχῆς,
3535 4463 3624 4520 ὅτε
3670 4459 3882 4518 ἐπέδω-

2233 4569 2320 4603 κεν
2351 4550 2534 4606 tat-nov
2565 4550 2640 4614 εἷς
2685 4545 2996 4622 εὐλάϐειαν,
3053 4552 3176 4608 τότε
3237 4553 3482 4631 φαίνεται
3540 4551 3689 4626 αὐτῷ
3732 4553 3760 4608 ὁ
3792 4552 3884 4627 ἄγω

2155 4635 2199 4699 D
2233 4635 2414 4712 γελος.

2295 4751 2321 4780 ι
2357 4727 2460 4786 Καὶ
2489 4726 2605 4784 ἰδοὺ
2635 4729 2767 4804 ἀνὴρ
2801 4726 2929 4804 ἔστη
2964 4731 3192 4790 ἐνώπιόν
3232 4754 3338 4802 μου
3396 4731 3450 4790 ἐν
3502 4731 3686 4801 ἐσθῆτι
3738 4729 3881 4805 λαμ-

2227 4841 2252 4866 «
2289 4823 2400 4888 πρᾷ
2429 4817 2583 4891 (ἀνὴρ
2616 4817 2763 4892 λέγει
2793 4821 2880 4875 καὶ
2917 4821 3015 4876 οὐκ
3052 4820 3314 4898 ἃγγελος.
3339 4821 3509 4879 οὕτως
3538 4823 3605 4891 ἧν
3630 4820 3879 4898 ἅτυτος),

2227 4931 2254 4958 ‹‹
2290 4907 2378 4962 καί
2410 4928 2573 4981 φησιν
2634 4907 2929 4983 Κορνήλιε.
2990 4911 3319 4980 εἰσηκσ-ὐσθη
3371 4933 3470 4967 σου
3500 4915 3534 4980 ἡ
3567 4912 3884 4986 προσευχὴ,

2227 5021 2252 5048 ‹‹
2289 4997 2378 5050 καὶ
2421 4998 2474 5052 αἱ
2506 4994 2869 5073 ἐλεημοσύναι
2928 5021 3026 5056 σου
3087 5000 3431 5072 ἐμνήσθησαν
3494 5000 3725 5057 ἐνώπιον
3779 5003 3882 5057 τοῦ

2227 5111 2253 5137 ‹‹
2288 5090 2441 5143 Θεοῦ.
2481 5085 2698 5162 Πέμψον
2733 5090 2822 5144 οὗν
2854 5090 2928 5152 εἰς
2961 5091 3214 5163 Ἰόππην,
3244 5091 3332 5146 καῖ
3371 5089 3736 5164 μετακάλεσαι
3780 5089 3885 5146 Σί-

2227 5203 2253 5229 ‹‹
2291 5199 2462 5249 μωνα,
2524 5177 2581 5239 ὅς
2622 5177 2957 5235 ἐπικαλεῖται
3012 5182 3234 5255 ΙΙέτρος.
3292 5180 3468 5244 Οὗτος
3521 5181 3776 5252 ξενίζεται
3828 5178 3886 5235 ἐν

2230 5290 2256 5318 ‹‹
2292 5266 2442 5338 οἰκίᾳ
2473 5267 2725 5340 Σίμωνος
2760 5270 3001 5344 βυρσέως
3032 5269 3180 5344 παρά
3211 5270 3504 5335 θάλασσαν,
3545 5273 3602 5332 ὅς
3640 5290 3888 5345 παραγι-

2223 5381 2248 5407 ‹‹
2281 5355 2504 5428 νόμενος
2534 5353 2767 5428 λαλήσει
2797 5379 2901 5414 σοι.
2936 5359 3018 5429 Ἐξ
3050 5359 3222 5429 αὐτῆς
3253 5361 3347 5416 οὗν
3381 5359 3600 5436 ἔπεμψα
3629 5360 3766 5430 πρὸς
3793 5359 3876 5415 σέ⁶

2220 5472 2246 5498 ‹‹
2283 5445 2344 5500 σύ
2373 5467 2432 5500 τε
2461 5444 2642 5506 καλῶς
2670 5445 2929 5517 ἐποίησας
2959 5449 3412 5523 παραγενόμενος.
3453 5453 3557 5508 Νῦν
3609 5450 3700 5504 (ὗν
3734 5449 3878 5503 πάν-

2222 5557 2362 5599 ετες
2420 5539 2584 5610 ἡμεῖς
2639 5535 2872 5593 ἐνώπιον
2927 5542 3024 5594 τοῦ
3084 5544 3218 5596 Θεοῦ
3285 5543 3578 5616 πάρεσμεν,
3641 5541 3882 5596 ἀκοῦσαι
