4176 6200
336 365 446 442 is:

1325 364 1734 428 COMMENT.
1780 365 1858 424 IN
1911 361 2115 422 ACTA
2160 357 2758 423 APOSTOLORUM.

3624 372 3737 431 186

331 523 359 552 ι(
389 496 559 554 πάντα
585 499 655 553 τὰ
685 496 1134 575 προστεταγμένα
1166 520 1250 555 σοι
1285 499 1388 555 ὑπὸ
1421 504 1517 554 τοῦ
1549 503 1684 555 Θεοῦ
1739 496 1975 568 Ἀνοίεας

2095 518 2120 547 ι(
2155 494 2258 550 tibi
2291 499 2587 566 praecepta
2617 499 2754 551 sunt
2776 513 2809 552 a
2830 497 3278 570 Deo.Aperiens
3307 505 3505 557 autem
3528 506 3738 562 Petrus

332 587 442 644 «δὲ
474 588 672 664 ΙΙέτρος
717 591 780 643 τὸ
832 591 1032 663 στόμα.
1091 590 1260 646 εἶπενο
1327 591 1445 646 Ἐπ’
1501 588 1763 660 ἀληθείας
1815 609 1982 644 κατα-

337 703 363 730 ‹‹
395 673 772 752 λαμϐένομαι,
805 679 887 734 ὅτι
949 679 1048 735 οὐκ
1078 676 1192 736 ἔστι
1249 677 1743 755 προσωπολήπτης
1775 679 1802 732 6
1830 678 1978 741 Θεός·

341 792 367 824 ε
395 767 516 824 ἀλλ’
552 768 603 824 έν
637 769 800 824 παντὶ
827 764 962 824 ἔθνει
1021 770 1048 824 6
1119 764 1456 850 φοϐούμενος
1492 768 1651 824 αὐτὸν
1695 769 1787 823 καὶ
1819 766 1981 844 ἐργα-

342 884 368 911 ιι
400 859 622 933 ζόμενος
657 855 1025 929 δικαιοσύνην,
1058 855 1247 922 δεκτὸς
1275 857 1424 932 αὖτῷ
1455 856 1591 916 ἐστι.
1626 881 1655 910 »

404 971 430 998 ιι
464 945 822 1016 Δικαιοσύνην
854 968 882 996 ιι
918 945 1037 1000 ἀντὶ
1065 950 1163 1000 τοῦ
1200 950 1374 1002 πᾶσαν
1402 946 1621 1019 ἀρετήν.

407 1060 426 1086 ι
485 1035 584 1090 Τὸν
644 1031 816 1112 λόγον
877 1035 935 1089 δν
987 1033 1270 1090 ἀπέστειλε
1325 1040 1443 1097 τοῖς
1527 1035 1672 1095 υἱοῖς
1729 1031 1976 1108 Ἰσραήλ,

328 1150 354 1176 «
390 1122 877 1201 εὐαγγελιζόμενος
906 1124 1130 1199 εἰρήνην
1165 1121 1253 1179 διὰ
1286 1126 1470 1196 Ἰησοῦ
1527 1127 1784 1200 Χριστοῦ,
1819 1122 1978 1183 οὗτός

329 1211 497 1270 «ἐστι
555 1214 775 1270 πάντων
832 1213 1054 1289 Κύριος.
1113 1219 1293 1288 Ὑμεῖς
1352 1210 1534 1269 οἴδατε
1589 1213 1652 1268 τὸ
1690 1207 1978 1288 γενόμενον

322 1326 348 1354 α
383 1303 536 1378 ῥῆμα
560 1305 678 1358 καθ’
711 1302 850 1375 ὅλης
880 1307 980 1370 τῆς
1010 1300 1307 1373 Ἰουδαίας,
1369 1303 1667 1378 ἀρξάμενον
1725 1302 1831 1358 ἀπὸ
1875 1309 1975 1371 τῆς

323 1415 348 1442 α
382 1391 708 1461 Γαλιλαίας,
744 1394 880 1468 μετᾶ
909 1393 971 1447 τὸ
1004 1392 1288 1468 βάπτισμα
1319 1392 1349 1448 6'
1389 1390 1642 1467 ἐκήρυξεν
1695 1393 1974 1463 Ἰωάννης,

329 1505 355 1534 ιι
386 1485 596 1551 Ἰησοῦν
627 1483 720 1537 τὸν
753 1482 859 1538 ἀπὸ
889 1481 1154 1558 Ναζαρέθ.

389 1574 573 1630 Ταῦτα
605 1571 752 1650 λέγει
788 1569 878 1627 διὰ
924 1571 1051 1634 τοὺς
1109 1573 1409 1644 παρόντας,
1463 1570 1554 1628 ’ίνα
1611 1571 1700 1627 καὶ
1740 1569 1977 1632 ἐκείνους

323 1660 685 1732 ἱπισπάσηται
746 1661 824 1724 είς
884 1661 1089 1718 πίστιν.
1142 1663 1338 1737 ’Ὁμως
1398 1659 1590 1717 δίδωσι
1659 1667 1778 1723 τοῖς
1835 1661 1977 1722 υἱοῖς

320 1749 542 1826 Ἰσραὴλ
602 1751 666 1807 τὸ
721 1750 1015 1826 ἐξαίρετον,
1070 1749 1165 1807 ’ίνα
1229 1754 1304 1827 μὴ
1374 1752 1670 1828 νομίσωσιν
1719 1749 1770 1806 ἐν
1831 1749 1974 1820 τάξει

322 1840 741 1916 ἇπερῥιμμένων
773 1841 931 1898 εἶναι.
965 1841 1142 1906 Οὗτός
1186 1840 1321 1912 ἐστι,
1380 1841 1536 1922 gandi,
1595 1843 1810 1898 πάντων
1865 1839 1975 1900 Κύ-
2003 1881 2052 1945 Β

323 1949 458 2005 ριος.

394 2046 414 2071 ι
448 2021 545 2082 Ὠς
574 2015 791 2101 ἔχρισεν
820 2020 980 2078 αὐτὸν
1015 2023 1043 2077 6
1076 2023 1204 2086 Θεὸς
1233 2022 1508 2098 Πνεύματι
1539 2022 1675 2097 ἁγίῳ
1733 2021 1822 2078 καὶ
1882 2019 1975 2077 δυ-

321 2112 654 2183 «vinculi;
710 2109 937 2181 διῆλθεν
990 2111 1286 2188 εὐεργετῶν
1336 2112 1424 2169 καὶ
1482 2112 1715 2188 ἰώμενος
1771 2112 1972 2175 πάντας

325 2222 348 2252 ε
377 2201 508 2263 τοὺς
541 2198 1177 2274 καταδυναστευομένους
1210 2202 1316 2258 ὑπὸ
1357 2206 1454 2258 τοῦ
1511 2196 1798 2271 διαϐόλου,
1832 2200 1917 2257 ὅτι
1946 2203 1973 2257 6

323 2291 511 2352 ιΘεὸς
543 2291 615 2360 ἦν
678 2291 798 2366 μετ’
856 2290 1038 2346 αὐτοῦ.
1104 2291 1206 2347 Καὶ
1262 2293 1424 2365 ἡμεῖν
1486 2289 1645 2364 ἰσμεν
1709 2291 1976 2366 μᾷρτυρες

320 2405 349 2434 α
378 2382 599 2436 πάντων
625 2381 700 2435 ὧν
728 2379 980 2452 ἐποίησεν
1016 2379 1067 2436 ἔν
1120 2401 1179 2437 τε
1235 2384 1304 2454 τῇ
1364 2381 1528 2461 χώρᾳ
1556 2383 1664 2436 τῶν
1698 2377 1975 2436 Ἰουδαίων

317 2493 343 2521 α
375 2470 460 2524 καὶ
501 2467 559 2524 ἐν
617 2467 1002 2546 Ἰερουσαλὴμ,
1052 2471 1109 2525 ὅν
1159 2467 1376 2525 ἀνεῖλον
1433 2471 1798 2545 κρεμάσαντες
1885 2468 1973 2524 ἐπὶ

325 2580 352 2610 ει
379 2558 574 2630 ξύλου.
606 2560 810 2616 Τοῦτον
845 2560 873 2614 6
905 2561 1035 2621 Θεὸς
1063 2556 1256 2637 ἤγειρε
1286 2562 1354 2634 τῇ
1412 2559 1569 2633 τρίτῃ
1627 2557 1831 2633 ἡμέρᾳ,
1883 2561 1973 2614 καί

311 2673 336 2700 α
377 2644 584 2704 ἔδωκεν
617 2649 778 2706 αὐτὸν
811 2649 1025 2729 ἐμφανῆ
1085 2648 1328 2724 γενέσθαι
1381 2649 1446 2704 οὐ
1503 2649 1662 2704 παντὶ
1721 2653 1800 2722 τῷ
1830 2647 1973 2720 λαῷ,

318 2737 524 2794 «ἀλλὰ
556 2738 789 2814 μάρτυσι
828 2744 948 2802 τοῖς
1002 2738 1662 2814 προκεχειροτονημένοις
1722 2738 1825 2794 ὑπὸ
1876 2741 1976 2793 τοῦ

317 2849 343 2882 ι
371 2833 511 2884 Θεοῦ
534 2830 694 2902 ἡμῖν.
726 2851 754 2879 ι)

382 2917 461 2976 Τὸ
493 2917 792 2992 κεχρίσθαι
842 2918 1021 3006 Ἰησοιῖ
1074 2917 1352 2991 Πνεύματι
1411 2917 1556 3006 ἁγίῳ
1638 2917 1741 2973 ὑπὸ
1817 2919 1975 3006 Θεοῦ⁹

312 3007 443 3062 κατᾶ
473 3006 546 3062 τὸ
588 3006 928 3083 ἀνθρώπινον
981 3004 1064 3063 δεῖ
1118 3012 1286 3066 νοεῖν.
1337 3005 1564 3076 Ἐπειδὴ
1617 3008 1718 3085 γὰρ
1778 3004 1976 3064 ἑκένωὲ

313 3119 391 3154 σεν
425 3099 654 3162 ἑαυτὸν.
685 3098 778 3154 καὶ
819 3097 1228 3175 παραπλησίως
1285 3102 1423 3173 ἡμῖν
1484 3100 1742 3176 μετέσχεν
1801 3098 1978 3175 α’ίμα-

316 3207 405 3250 τος
436 3187 538 3243 καὶ
569 3188 791 3262 σαρκὸς,
848 3191 1014 3243 ταῦτα
1071 3181 1208 3264 ἅπερ
1271 3185 1388 3261 ἔχει
1441 3187 1576 3242 κατᾶ
1632 3187 1814 3265 φύσιν,
1901 3187 1976 3249 ὡς

320 3276 444 3340 Θεὸς
475 3271 786 3349 λαμϐάνειν
816 3275 1036 3352 λέγεται
1080 3274 1169 3332 διὰ
1222 3275 1286 3331 τὸ
1342 3275 1703 3350 ἀνθρώπινον.
1746 3275 1972 3352 Δέχεται

317 3366 417 3441 γὰρ
449 3366 571 3446 οὐχ
602 3367 801 3437 ἑαυτῷ,
831 3368 949 3422 καθ’
981 3365 1011 3422 δ
1055 3367 1184 3428 Θεὸς
1240 3366 1412 3443 Λόγος
1472 3364 1614 3422 ἐστὶν
1683 3363 1818 3442 (τ’δια
1872 3367 1974 3442 γὰρ

321 3455 384 3526 ἦν
413 3458 637 3529 αὐτοῦ),
669 3453 800 3512 ἀλλ’
833 3458 999 3530 ἡμῖν,
1032 3455 1106 3518 ὡς
1139 3455 1192 3511 ἓν
1219 3455 1444 3533 ἆπαρχῇ
1478 3452 1548 3511 δι’
1582 3456 1796 3513 ἑαυτοῦ.

387 3660 413 3686 ‹‹
475 3635 706 3696 Οἳτινες
767 3633 1141 3715 συνεφάγομεν
1230 3634 1319 3689 καὶ
1406 3635 1728 3708 συνεπίομεν
1803 3633 1973 3708 αὐτῷ,

319 3747 345 3776 α
382 3725 523 3798 μετᾶ
551 3724 615 3778 τὸ
644 3723 936 3791 ἀναστῆναι
994 3723 1156 3780 αὐτὸν
1213 3723 1272 3779 ἐκ
1321 3729 1549 3801 νεκρῶν.
1585 3725 1687 3781 Καὶ
1756 3725 1971 3800 παρήγ-

320 3838 346 3864 α
378 3813 567 3889 γειλεν
602 3816 741 3885 ἡμῖν
775 3813 1004 3888 κηρύξαι
1052 3815 1132 3885 τῷ
1173 3812 1293 3886 λαῷ
1347 3814 1436 3870 καὶ
1488 3812 1973 3889 διαμαρτύρασθαι,

321 3925 346 3957 ε
374 3905 458 3959 δτι
489 3901 659 3964 αὐτός
692 3901 836 3957 ἐστιν
867 3903 895 3956 6
927 3902 1230 3978 ὡρισμένος
1281 3904 1385 3960 ὑπὸ
1440 3907 1542 3959 τοῦ
1600 3907 1734 3961 Θεοῦ
1781 3904 1974 3978 κριτὴς

320 4016 345 4042 α
380 3993 604 4062 ζώντων
632 3990 724 4044 καὶ
756 3995 983 4064 νεκρῶν.
1020 4013 1046 4041 »

391 4081 670 4138 Ἐντεῦθεν
699 4080 798 4148 τήν
829 4079 1112 4134 ἀνάστασιν
1145 4082 1241 4133 τοῦ
1283 4080 1512 4154 Χριστοῦ
1545 4073 1970 4153 διαϐεϐαιοῦται,

324 4170 383 4226 ἐκ
408 4176 506 4225 τοῦ
541 4174 845 4250 συμφαγεῖν
897 4169 1044 4241 αὐτῷ
1077 4189 1214 4243 μετα
1239 4170 1338 4238 τὴν
1368 4169 1673 4228 ἀνάστασιν.
1705 4167 1845 4226 υῦδὶ
1871 4171 1972 4246 γὰρ

319 4259 550 4322 ἀναστὰς
579 4257 808 4331 ἐποίησέ
835 4279 886 4312 τι
919 4263 1172 4331 σημεῖον·
1199 4257 1336 4329 αῧτη
1357 4261 1461 4333 γὰρ
1483 4258 1813 4328 ἡάνίστασις
1834 4263 1974 4334 μέγα

323 4354 555 4423 σημεῖον
577 4348 671 4417 ἦν.
702 4345 922 4418 Ταύτης
955 4344 1012 4403 δὶ
1042 4344 1202 4408 οὐδὲν
1231 4352 1460 4420 σημεῖον
1491 4347 1558 4417 ἦν
1582 4347 1656 4410 ὡς
1687 4348 1748 4402 τὸ
1782 4352 1972 4426 φαγεῖν

317 4459 400 4494 και
432 4459 579 4495 πιειν
593 4480 608 4494 ο

2097 609 2120 639 ιι
2151 603 2216 642 os
2248 587 2396 642 dixit
2428 603 2440 640 :
2480 589 2624 642 Vere
2655 590 2955 660 comperio
2988 590 3146 660 quod
3187 607 3307 645 non
3341 591 3417 646 sit
3460 609 3741 663 persona-

2092 700 2119 727 «
2155 694 2286 732 rum
2319 685 2624 748 respeclus
2654 695 2852 733 coram
2889 681 3002 734 Deo
3039 697 3050 733 :
3088 681 3189 734 sed
3221 680 3281 734 in
3330 683 3534 753 quavis
3565 691 3737 754 gente

2089 789 2117 818 ‹‹
2152 768 2252 837 qui
2286 768 3436 841 timetipsumetuperaturjustitiam,is
3458 780 3736 845 acceptus

2089 880 2116 905 α
2153 862 2243 912 est
2272 857 2380 912 illi.
2419 879 2446 903 ιδ

2163 968 2191 998 ‹‹
2215 947 2531 1006 Justitiam.
2573 969 2598 995 »
2631 948 2744 1002 hoc
2776 952 2866 1002 est
2896 965 3135 1003 omnem
3166 949 3468 1005 virtutem.

2157 1037 2226 1104 X,
2260 1038 2452 1092 36-38.
2487 1060 2510 1085 α
2539 1037 2642 1092 Hic
2675 1042 2764 1091 est
2794 1053 3192 1108 sermo,quem
3227 1039 3390 1092 misit
3422 1041 3572 1095 Deus
3595 1040 3736 1096 filiis

2087 1149 2114 1177 «
2149 1127 2331 1182 Israel
2365 1126 2728 1181 annuntians
2781 1142 2984 1198 pacem
3038 1143 3142 1198 per
3189 1128 3386 1182 Jesum
3418 1127 3738 1196 Christum,

2085 1238 2114 1265 «
2147 1216 2244 1271 hic
2277 1221 2366 1272 est
2395 1216 2664 1271 omnium
2699 1215 3003 1270 Dominus.
3038 1216 3154 1286 Ipsi
3209 1216 3372 1270 scitis
3425 1233 3573 1283 rem,
3605 1235 3735 1288 quas

2085 1327 2113 1355 ι(
2148 1306 2364 1361 accidit
2394 1321 2499 1376 per
2531 1310 2711 1359 totam
2743 1305 3029 1372 Iudaeam,
3062 1321 3196 1360 cum
3229 1306 3551 1377 incepisset
3572 1323 3605 1360 a
3627 1307 3740 1362 Ga-

2087 1417 2115 1447 ι(
2144 1395 2301 1452 Ιὶιεοδ.
2341 1401 2475 1467 post
2502 1394 2818 1465 baptisma,
2853 1394 3012 1464 quod
3065 1394 3405 1466 praadicavit
3458 1396 3741 1462 Joannes,

2089 1507 2116 1534 ‹‹
2156 1501 2373 1556 nempe
2400 1483 2470 1538 de
2501 1485 2637 1539 Jesu
2666 1485 2979 1538 Nazareno.
3019 1504 3041 1533 ν

2159 1577 2292 1630 Haec
2323 1581 2566 1647 prOpter
2595 1591 2696 1628 eos
2742 1575 2904 1640 dicit,
2940 1574 3041 1645 qui
3093 1579 3421 1646 praesentes
3449 1581 3638 1642 erant,
3673 1583 3744 1634 ut

2086 1665 2263 1721 etiam
2298 1664 2434 1719 illos
2462 1665 2535 1719 ad
2569 1664 2744 1718 ﬁdem
2781 1665 3039 1719 attrahat
3063 1664 3150 1720 :id
3185 1671 3382 1721 tamen
3416 1667 3572 1738 quod
3590 1684 3742 1738 praa-

2085 1755 2326 1826 cipuum
2361 1761 2449 1809 est
2480 1754 2581 1809 dat
2604 1755 3046 1821 ﬁliislsrael,ne
3067 1771 3126 1809 se
3159 1755 3218 1809 in
3252 1756 3458 1811 ordine
3481 1757 3735 1826 rejecto-

2084 1862 2215 1902 rum
2249 1861 2379 1902 esse
2409 1843 2791 1900 arbitrentur.
2815 1844 2917 1898 Hic
2951 1842 3280 1915 est,inquit.
3315 1845 3582 1900 omnium
3613 1847 3729 1902 Βο-

2082 1936 2301 1992 minus.

2153 2028 2226 2089 Χ,
2260 2025 2448 2080 38-41.
2509 2046 2537 2073 ‹‹
2598 2022 2903 2089 Quomodo
2951 2022 3188 2078 unxerit
3243 2038 3378 2078 eum
3445 2023 3735 2079 Dominus

2085 2136 2113 2164 «
2143 2114 2363 2186 Spiritu
2400 2119 2604 2169 sancto
2636 2120 2695 2168 et
2723 2114 2959 2177 virtute,
2993 2113 3093 2183 qui
3120 2110 3444 2168 ambulavit
3492 2112 3734 2168 benefa-

2082 2227 2109 2254 «
2147 2205 2358 2260 ciendo
2391 2210 2449 2258 et
2471 2203 2735 2258 sanando
2781 2219 2989 2258 omnes
3020 2219 3337 2274 oppressos
3386 2219 3421 2258 a
3477 2203 3735 2271 diabolo,

2084 2315 2111 2344 «
2147 2295 2428 2367 quoniam
2464 2295 2616 2348 Deus
2646 2298 2774 2348 erat
2802 2309 2935 2348 cum
2965 2293 3166 2347 illo.Et
3194 2309 3303 2347 nos
3325 2297 3504 2348 testes
3530 2310 3735 2348 sumus

2083 2407 2111 2434 «
2144 2385 2573 2456 omnium,qum
2597 2383 2816 2438 fecitin
2849 2383 3087 2456 regione
3116 2382 3453 2438 Judaaorum
3486 2389 3544 2437 et
3571 2383 3734 2438 Jero-

2083 2497 2112 2524 «
2142 2475 2387 2546 solymis
2423 2490 2435 2529 :
2470 2490 2646 2545 quem
2675 2473 3021 2528 occiderunt
3061 2489 3414 2543 suspensum
3457 2472 3516 2526 in
3551 2472 3732 2544 ligno.

2084 2586 2112 2616 «
2146 2565 2313 2620 Hunc
2339 2565 2488 2619 Deus
2511 2563 2818 2618 suscitavit
2840 2564 3011 2618 tertio
3032 2561 3212 2630 die,et
3230 2561 3738 2628 exhibuiteum,ut

2084 2677 2111 2704 ‹‹
2145 2660 2462 2726 appareret
2487 2671 2606 2708 non
2639 2653 2802 2708 omni
2834 2652 3184 2725 populo,sed
3210 2651 3458 2707 testibus
3480 2651 3736 2724 priusad

2087 2767 2112 2798 ε
2146 2745 2257 2800 hoc
2287 2761 2322 2800 a
2353 2745 2468 2801 Deo
2501 2744 2769 2812 delectis,
2804 2743 3089 2798 nimirum
3122 2741 3316 2799 nobis.
3354 2764 3381 2790 ››

2155 2927 2407 2982 Unctum
2442 2939 2569 2979 esse
2599 2925 2798 2979 Jesum
2830 2938 2862 2977 a
2893 2920 3114 2993 Spiritu
3148 2926 3376 2988 sancto,
3400 2917 3729 2975 secundum

2081 3015 2512 3072 humanitatem
2530 3012 2862 3084 intelligere
2876 3015 3126 3082 oportet.
3142 3010 3242 3064 99
3258 3008 3548 3074 Quoniam
3567 3007 3728 3064 enim

2083 3101 2827 3171 exinanivitsemetipsum,
2843 3105 2898 3153 et
2918 3099 3182 3170 proxime
3199 3098 3272 3154 ad
3292 3115 3399 3152 nos
3438 3097 3728 3153 accedens

2081 3191 2452 3266 participavit
2476 3205 2653 3245 carne
2685 3188 3044 3261 etsanguine
3072 3188 3227 3243 τι]ωο
3250 3204 3379 3259 quaa
3405 3187 3734 3242 secundum

2082 3289 2356 3338 naturam
2391 3279 2660 3335 habet.ut
2674 3280 2825 3334 Deus
2839 3278 3107 3349 accipere
3122 3276 3340 3332 dicitur
3365 3282 3608 3349 propter
3620 3277 3699 3331 hu
3711 3305 3730 3316 -

2082 3371 2450 3428 manitatem.
2486 3367 2715 3439 Accipit
2744 3382 3018 3438 namque,
3079 3383 3199 3421 non
3231 3365 3363 3429 sibi,
3400 3364 3731 3422 secundum

2082 3459 2240 3534 quod
2272 3460 2425 3514 Deus
2455 3457 2714 3512 Verbum
2746 3462 2837 3512 est
2859 3457 3019 3524 (nam
3053 3455 3293 3528 propria
3322 3454 3484 3511 illius
3518 3455 3730 3521 erant),

2083 3551 2186 3607 sed
2211 3550 2405 3616 nobis,
2441 3556 2721 3620 tanquam
2750 3547 2810 3602 in
2853 3547 3134 3620 primitiis
3167 3563 3272 3617 per
3301 3545 3584 3618 seipsum.

2150 3641 2218 3709 X,
2251 3643 2438 3695 41-42.
2479 3663 2498 3687 ι
2537 3640 2644 3705 Qui
2676 3637 3044 3694 comedimus
3074 3653 3141 3692 ac
3171 3636 3565 3691 bibimusuna
3593 3651 3730 3691 cum

2079 3754 2108 3781 ‹‹
2141 3731 2292 3803 ipso,
2327 3740 2642 3802 postquam
2674 3727 2999 3783 resurrexit
3023 3743 3057 3781 a
3090 3723 3734 3795 mortuis.Etprazcepit

2079 3842 2107 3870 α
2142 3819 2410 3881 nobis.ut
2439 3819 2898 3892 prmdicaremus
2934 3815 3152 3887 populo
3184 3830 3250 3869 ac
3277 3813 3732 3867 testiﬁcaremur

2077 3930 2106 3958 ‹‹
2140 3908 2294 3980 quod
2328 3909 2454 3980 ipse
2487 3908 2564 3962 sit
2588 3905 2818 3979 ille,qui
2851 3905 3208 3959 constitutus
3231 3907 3322 3956 est
3351 3916 3382 3956 a
3408 3898 3727 3972 Deojudex

2077 4021 2105 4049 «
2140 3999 2400 4057 vivorum
2425 4015 2492 4054 ac
2519 4002 2910 4052 mortuorum.
2944 4013 2969 4043 ι

2150 4089 2297 4144 Hinc
2312 4087 2524 4142 Christi
2560 4083 3054 4141 resurrectionem
3075 4078 3576 4153 conﬁrmat,quod
3591 4092 3727 4135 cum

2077 4193 2146 4232 eo
2177 4183 2311 4249 post
2337 4175 2834 4230 resurrectionem
2865 4171 3252 4227 comederint.
3272 4173 3471 4241 Neque
3501 4169 3661 4224 enim
3693 4183 3729 4222 a

2076 4267 2516 4322 resurrectione
2548 4264 2688 4319 fecit
2717 4261 2959 4334 aliquod
2991 4263 3222 4334 signum
3259 4277 3272 4314 :
3306 4261 3436 4332 ipsa
3466 4272 3726 4328 namque

2077 4356 2433 4412 resurrectio
2465 4370 2747 4420 magnum
2797 4359 2924 4407 erat
2953 4353 3212 4422 signum,
3271 4346 3728 4405 resurrectionis

2077 4454 2273 4504 autem
2303 4444 2536 4504 nullum
2563 4444 2678 4500 tale
2711 4445 2944 4518 signum
2975 4447 3119 4507 erat,
3145 4440 3318 4512 quale
3351 4445 3437 4495 est
3455 4438 3730 4494 edisseac

2075 4535 2318 4592 bibisse.

395 4642 421 4670 α
452 4615 654 4689 Τούτῳ
685 4616 879 4676 πάντες
913 4616 965 4669 οἳ
1024 4619 1302 4695 προφῆται
1365 4618 1728 4690 μαρτυροῦσιν
1783 4613 1968 4696 ἄφεσιν

2151 4623 2210 4684 Χ.
2238 4625 2329 4679 43.
2362 4646 2388 4673 ‹‹
2425 4623 2570 4679 Huic
2599 4639 2808 4678 omnes
2837 4621 3140 4694 prophetae
3183 4618 3592 4674 testimonium
3641 4615 3725 4672 fe-

326 4711 660 4784 αᾶμα;τιῶν
693 4702 883 4765 λαϐεῖν
945 4703 1036 4762 διὰ
1084 4711 1181 4762 τοῦ
1237 4706 1503 4780 ὀνόματος
1561 4708 1725 4762 αὐτοῦ
1804 4707 1973 4764 πάντα

327 4824 354 4851 ει
385 4801 477 4856 τὸν
509 4797 842 4856 πιστεύοντα
874 4795 952 4858 εἷς
983 4796 1169 4853 αὐτόν.
1205 4819 1233 4847 ››

387 4890 573 4954 Ὅσοι,
634 4887 792 4966 φησὶ,
851 4888 1128 4963 προφῇται
1188 4883 1463 4952 ἐλάλησαν
1524 4887 1641 4963 περῖ
1692 4888 1972 4961 ἁμαρτιῶν

322 4977 658 5053 ἀφέσεως,έν
691 4976 877 5049 τούτῳ
933 4981 1013 5048 τῷ
1070 4976 1252 5047 Ἰησοῦ
1311 4976 1462 5031 εἶπον
1492 4976 1652 5039 αὐτας
1701 4979 1968 5052 ἀφίεσθαι.

321 5065 475 5123 Οὕτω
525 5066 616 5121 καὶ
671 5066 922 5135 Ἠσαίας,
975 5066 1039 5121 τὸ
1086 5065 1257 5122 αὖτοῦ
1331 5064 1592 5147 εἰσφέρων
1647 5068 1969 5142 πρόσωπον,

325 5155 486 5230 λέγει·
525 5183 551 5207 ‹‹
586 5158 728 5234 Ἐγώ
782 5157 896 5228 είμι
953 5157 981 5212 6
1039 5153 1334 5234 ἐξαλείφων
1385 5157 1480 5219 τας
1528 5157 1794 5232 ἁμαρτίας
1853 5179 1970 5231 σου,

322 5244 408 5298 καὶ
438 5246 535 5306 τὰς
565 5247 800 5317 ἀνομίας
830 5266 947 5304 σου.
981 5267 1010 5297 ιο

390 5358 419 5385 «
451 5334 573 5392 Ἔτι
621 5331 927 5398 λαλοῦντος
984 5337 1082 5389 τοῦ
1130 5333 1336 5409 Πέτρου
1391 5334 1459 5390 τὰ
1513 5335 1733 5411 ῥήματα
1778 5340 1966 5406 ταῦτα,

315 5446 340 5473 ιι
372 5420 600 5479 ἰπέπεσε
649 5425 714 5480 τὸ
777 5427 994 5500 Πνεῦμα
1041 5423 1106 5480 τὸ
1164 5424 1320 5501 ἅγιον
1404 5422 1493 5480 ἐπὶ
1548 5425 1754 5488 πάντας
1839 5424 1966 5490 τοὺς

315 5535 343 5562 α
373 5510 668 5577 ἀκούοντας
699 5514 793 5571 τὸν
827 5511 1011 5589 λόγον·
1047 5513 1138 5569 καὶ
1176 5512 1459 5586 ἰξέστησαν
1524 5515 1576 5571 οὶ
1634 5513 1695 5570 lx.
1749 5535 1966 5593 περιτο-

385 5691 887 5766 'IwanI.

2086 4732 2108 4762 ι
2142 4719 2352 4770 cerunt
2381 4713 2534 4786 quod
2552 4713 2964 4769 remissionem
2988 4715 3362 4782 peccatorum
3378 4715 3729 4779 accepturus

2088 4826 2106 4850 ιι
2145 4803 2223 4859 sit
2251 4820 2356 4875 per
2386 4819 2623 4858 omnem
2670 4803 2797 4872 ejus
2829 4801 3098 4873 quisquis
3129 4799 3317 4854 credit
3356 4799 3416 4853 in
3443 4799 3661 4870 ipsum.
3700 4819 3727 4846 »

2152 4892 2699 4964 Quotquot,inquit,
2721 4891 3021 4963 prOpbetm
3055 4889 3234 4945 locuti
3269 4894 3407 4944 sunt
3435 4888 3505 4943 de
3528 4905 3734 4960 pecca-

2083 4987 2275 5038 torum
2310 4981 2683 5044 remissione,
2703 4997 2808 5052 per
2837 4980 2994 5034 hunc
3026 4980 3223 5036 Jesum
3256 4978 3530 5035 dixerunt
3552 4996 3620 5034 ea
3639 4995 3732 5034 re-

2083 5071 2254 5127 mitti,
2291 5071 2383 5125 Sic
2405 5077 2464 5126 et
2495 5071 2696 5130 Isaias.
2743 5077 3048 5140 assumpta
3099 5070 3228 5141 ejus
3291 5086 3566 5142 persona,
3601 5068 3681 5122 ait
3712 5082 3726 5121 :

2083 5183 2109 5209 «
2143 5161 2259 5232 Ego
2292 5176 2445 5226 sum,
2469 5160 2568 5231 qui
2603 5159 2773 5215 deleo
2806 5159 3156 5231 iniquitates
3188 5166 3339 5230 tuas,
3395 5165 3454 5214 et
3485 5163 3727 5230 peccata

2078 5253 2181 5304 tua
2200 5249 2263 5303 ³⁸.
2297 5267 2328 5300 ››

2147 5337 2220 5404 Χ,
2254 5339 2324 5392 44
2360 5338 2446 5391 48.
2483 5360 2509 5387 ‹‹
2555 5339 2819 5410 Cumque
2874 5339 3066 5397 adhuc
3123 5339 3470 5411 loqueretur
3518 5341 3727 5395 Petrus

2079 5449 2105 5478 «
2139 5426 2317 5481 verba
2343 5425 2755 5498 haac,illapsus
2787 5435 2878 5483 est
2904 5429 3156 5502 Spiritus
3189 5429 3503 5484 sanctusin
3519 5445 3726 5485 omnes

2083 5541 2102 5567 ι
2141 5515 2240 5589 qui
2272 5514 2594 5573 audiebant
2625 5533 2993 5575 sermonem:
3020 5518 3526 5592 etobstupuerunt
3542 5519 3600 5574 hi
3621 5516 3721 5589 qui
