4150 6200
385 328 497 388 187

1502 322 1913 388 ωρυΜεΝιι
1953 321 2263 386 TRICGA‘J
2307 323 2662 389 EPISCOPI

3680 329 3792 392 188

379 489 407 518 ‹‹
437 483 507 524 ex
533 461 984 522 circumcisione
1011 459 1410 525 crediderant.
1441 465 1732 532 quotquot
1760 458 2023 517 comitati

2163 484 2167 511 ς
2203 467 2311 533 μῆς
2360 461 2567 532 πιστοὶ,
2627 460 2745 519 ὅσοι
2801 463 3067 533 συνῆλθον
3097 468 3177 536 τῷ
3209 461 3420 538 Hiram.
3449 462 3531 520 ὅτι
3580 465 3666 519 καὶ
3705 443 3794 522 ἐπἲ

381 581 410 612 ‹‹
441 559 678 613 fuerant
704 557 964 616 Petrum,
992 551 1148 624 quod
1173 558 1232 606 et
1262 552 1323 606 in
1355 559 1563 623 gentes
1591 553 1812 608 donum
1847 552 2037 607 sancti

385 670 412 699 ‹‹
440 647 690 717 Spiritus
722 644 977 697 effusum
1008 648 1182 696 esset.
1222 641 1557 697 Audiebant
1586 642 1743 696 enim
1780 642 1914 696 illos
1947 642 2034 696 lo-

384 762 403 785 .
439 741 688 808 quentes
741 732 961 804 linguis
1037 748 1104 788 ac
1163 731 1611 802 magnificantes
1647 734 1848 786 Deum.
1878 733 2039 787 Tunc

387 846 413 875 «
443 821 752 893 respondit
782 823 990 876 Petrus
1018 839 1029 875 :
1081 820 1357 892 Nunquid
1387 820 1704 892 prohibere
1740 820 2035 892 quispiam

387 932 414 964 ι
446 917 654 984 potest,
679 926 753 964 ne
785 926 939 980 aqua
972 909 1342 980 baptizentur
1371 910 1430 964 hi
1464 909 1563 980 qui
1593 909 1873 979 Spiritum
1900 925 2034 964 san-

385 1024 414 1053 ι(
447 1007 607 1058 ctum
631 1007 989 1072 acceperunt
1011 1000 1161 1054 sicut
1187 1006 1246 1054 et
1265 998 1416 1055 nos?
1442 999 1706 1070 thussit
1728 1016 1827 1056 eos
1853 999 2041 1072 bapti-

384 1115 412 1144 ι(
443 1091 559 1146 zari
591 1091 652 1146 in
685 1090 927 1145 nomine
963 1089 1216 1144 Domini.
1245 1091 1404 1145 Tunc
1427 1093 1779 1162 rogaverunt
1803 1093 2040 1156 eum,ut

392 1207 412 1232 α
449 1188 788 1239 remaneret
820 1181 946 1236 dies
977 1180 1226 1251 aliquot.
1266 1203 1285 1228 ι

460 1272 566 1330 Ubi
613 1271 1010 1328 credidissent
1039 1270 1196 1341 quod
1229 1286 1332 1342 per
1360 1268 1655 1340 baptisma
1697 1268 1940 1325 omnino
1972 1269 2040 1324 ﬁt

384 1362 659 1420 remissio
683 1367 1059 1433 peccatorum
1101 1365 1238 1413 tunc
1261 1375 1439 1428 super
1459 1375 1557 1414 eos
1581 1357 1887 1413 descendit
1905 1357 2036 1430 Spi-

387 1452 687 1508 ritus.Hoc
709 1450 1054 1513 autem,Deo
1073 1447 1532 1519 praeordinante,
1548 1447 1763 1504 accidit
1785 1448 1937 1502 100
1963 1446 2037 1502 ad

388 1557 666 1613 magnam
709 1539 864 1594 Petri
915 1538 1344 1593 defensionem.
1375 1539 1575 1610 Neque
1607 1537 1828 1610 vulgari
1861 1536 2035 1593 modo

387 1630 638 1702 Spiritus
673 1627 1031 1700 supervenit,
1088 1627 1190 1682 sed
1249 1633 1306 1682 et
1362 1627 1580 1700 linguis
1620 1627 2035 1699 loquebantur,

387 1719 547 1793 quod
570 1718 629 1772 in
649 1723 953 1788 stuporem
977 1716 1210 1772 induxit
1230 1733 1348 1778 eos.
1375 1734 1475 1788 qui
1498 1717 1746 1773 comites
1764 1715 2030 1771 fuerant:

2144 575 2170 602 ι(
2203 551 2268 605 τὰ
2311 545 2435 622 ἔθνη
2487 555 2521 622 ἡ
2573 551 2748 628 δωρεὰ
2779 558 2875 609 τοῦ
2906 555 3060 630 ἁγίου
3113 557 3424 628 ῐῐνεύματος
3479 554 3791 630 ἐκκέχυται.

2146 663 2170 696 α
2203 643 2434 698 ’Ἤκουον
2491 644 2594 722 γὰρ
2645 644 2820 699 αὐτῶν
2877 645 3193 701 λαλοόντων
3254 646 3532 724 γλώσσαις
3566 650 3653 702 καὶ
3692 671 3759 720 με

2145 754 2169 780 ι(
2203 732 2546 806 γαλυνόντων
2604 733 2694 788 τὸν
2746 733 2895 792 Θεόν.
2957 735 3096 792 Τότε
3163 734 3426 810 ἀπεκρίθη
3483 737 3510 790 6
3571 737 3791 806 llérpéc'

2143 844 2170 872 ‹‹
2206 823 2294 891 Μή
2337 842 2389 876 τι
2437 822 2500 877 τὸ
2549 820 2693 899 ὕδωρ
2747 821 2990 879 κωλῦσαι
3052 822 3271 880 δ’ὖναταί
3310 847 3415 894 τις,
3447 830 3544 880 τοῦ
3580 829 3655 898 μὴ
3694 829 3793 901 βα-

2143 933 2171 961 ‹‹
2206 919 2494 980 πτισθῆναι
2525 913 2768 983 τούτους,
2805 911 3001 975 οἷ’τινες
3032 914 3092 969 τὸ
3142 918 3358 990 Πνεῦμα
3387 915 3448 970 τὸ
3481 915 3634 989 ἅγιον
3668 911 3798 971 ἔλα-

2145 1019 2176 1053 α
2207 993 2326 1068 εον,
2359 1001 2536 1064 καθὼς
2588 1002 2676 1056 καὶ
2737 1005 2945 1076 ἡμεῖς;
3008 1001 3303 1077 Προσέταξέ
3350 1025 3408 1058 τε
3456 1003 3651 1065 αὐτοὺς
3696 1007 3794 1080 βαι

2147 1112 2171 1144 ε
2205 1096 2493 1159 πτισθῆναι
2525 1090 2574 1146 ἐν
2606 1095 2683 1162 τῷ
2730 1090 2960 1164 ὀνόματι
3011 1096 3104 1147 τοῦ
3157 1092 3380 1167 Κυρίου.
3414 1094 3547 1150 Τότε
3572 1095 3800 1168 ἠρώτη-

2145 1198 2170 1222 «ι
2202 1200 2292 1233 σαν
2325 1179 2487 1234 αὐτὸν
2520 1178 2795 1254 ἐπιμεῖναι
2827 1181 3038 1257 ἠνμὶρας
3072 1181 3243 1243 τινάς.
3282 1205 3303 1236 ι

2211 1267 2334 1322 Ὅτε
2391 1265 2705 1324 ἐπίστευσαν
2764 1268 2846 1325 ὅτι
2906 1271 3124 1333 πάντως
3180 1270 3243 1326 τὸ
3297 1272 3576 1347 βάπτισμα
3606 1270 3793 1348 ἄφεσίς

2143 1354 2282 1412 ἔστιν
2341 1357 2646 1430 ἁμαρτιῶν,
2703 1357 2824 1414 τότε
2881 1357 3113 1429 ἐπῆλθεν
3191 1360 3379 1422 αὐτοῖς
3433 1362 3495 1415 τὸ
3557 1362 3796 1434 Πνεῦμα.

2140 1449 2309 1501 Τοῦτο
2342 1443 2399 1502 δὲ
2427 1449 2636 1522 γίνεται
2678 1453 3216 1523 προοικοιθομοῦντος
3269 1447 3576 1528 ἀπολογίαν
3629 1451 3793 1523 μεγά-

2143 1533 2248 1613 λην
2278 1541 2355 1608 τῷ
2389 1539 2575 1609 [Ιέτρῳ
2621 1541 2715 1592 τοῦ
2773 1543 2926 1608 θεοῦ,
2967 1539 3063 1596 Καὶ
3097 1540 3199 1594 οὐκ
3230 1539 3423 1602 ἁπλῶς
3455 1541 3515 1595 τὸ
3555 1544 3800 1613 Πνεῦμαρ

2142 1605 2400 1696 ἐπῆλθεν,
2469 1625 2613 1682 ἀλλὰ
2679 1627 2768 1682 καὶ
2833 1625 3112 1704 γλώσσαις
3176 1624 3434 1696 ἐλάλουῦ,
3499 1627 3632 1704 ὅπερ
3693 1629 3795 1702 ἐξὲ-

2143 1712 2364 1784 πληπτε
2390 1716 2517 1778 τοὺς
2549 1715 2918 1778 συνελθόντας.
2977 1717 3056 1773 Δι’
3112 1718 3141 1773 ’ὀ
3203 1716 3292 1772 καὶ
3327 1718 3354 1772 ὁ
3383 1719 3586 1792 Ηέτρος
3628 1739 3801 1790 προσ-

384 1813 628 1883 propter
651 1807 809 1880 quod
840 1807 1018 1863 etiam
1053 1809 1258 1862 Petrus
1291 1805 1602 1862 confestim
1631 1823 1730 1862 eos
1754 1805 2034 1879 baptizari

2163 1804 2320 1875 ιταξεν
2376 1803 2574 1869 εὐθέως
2630 1806 2826 1868 αὐτοὺς
2891 1807 3258 1882 βαπτισθῆναι
3313 1806 3364 1863 ἐν
3426 1808 3504 1880 τῷ
3565 1807 3796 1881 ὀνόματι

379 1897 564 1971 jussit
593 1898 653 1952 in
679 1897 920 1952 nomine
947 1896 1200 1952 Domini.
1227 1896 1342 1951 Nec
1364 1895 1542 1952 dixit:
1569 1896 1858 1961 Quorsum
1884 1911 2040 1966 aqua

383 2004 532 2061 opus
556 1994 664 2045 est.
689 2004 823 2043 cum
846 1986 1253 2059 supervenerit
1273 1985 1334 2040 in
1359 2002 1458 2041 eos
1480 1984 1732 2057 Spiritus
1755 1991 1993 2044 sanctus
2014 1984 2042 2040 εἰ

386 2079 638 2135 Noverat
663 2078 842 2134 enim.
874 2074 1034 2148 quod
1088 2075 1146 2129 in
1190 2091 1345 2147 aqua
1374 2074 1815 2146 complerentur
1845 2074 2039 2131 divina

391 2171 578 2242 signa,
604 2185 818 2240 nempe
841 2168 1147 2240 sepultura
1168 2185 1236 2223 ac
1259 2167 1658 2232 mortificatio,
1684 2165 2036 2221 resurrectio

388 2267 448 2316 et
467 2260 582 2316 vita
629 2257 1139 2323 Quemadmodum
1165 2257 1322 2313 enim
1350 2256 1521 2312 nobis
1544 2256 1713 2312 facile
1739 2262 1828 2311 est
1849 2255 2038 2328 bapti-

387 2366 517 2408 zare
547 2366 614 2406 ac
646 2365 969 2423 emergere,
1002 2347 1083 2403 ita
1113 2349 1230 2402 Deo
1279 2347 1450 2403 facile
1480 2353 1569 2402 est
1599 2347 1850 2418 sepelire
1884 2353 2041 2400 vete-

392 2456 518 2497 rem
547 2439 850 2497 hominem
882 2455 1216 2509 novumque
1241 2437 1673 2494 demonstrare.
1702 2438 1816 2492 Hoc
1842 2442 2041 2492 autem

392 2531 569 2585 tertio
602 2529 686 2594 fit,
721 2534 785 2583 ut
829 2543 1218 2601 agnoscamus
1275 2527 1434 2598 quod
1467 2526 1730 2598 potentia
1762 2525 1952 2580 Patris
1986 2531 2045 2579 et

396 2617 530 2674 Filii
561 2625 620 2673 et
638 2618 891 2690 Spiritus
915 2617 1102 2673 sancti
1129 2617 1240 2672 hoc
1263 2616 1535 2672 efﬁcitur.
1562 2615 1811 2682 Quidam
1842 2619 2041 2670 autem

399 2708 798 2765 demonstrari
821 2707 1028 2763 dicunt
1049 2707 1221 2762 tertio
1243 2705 1338 2761 die
1359 2705 1573 2761 factam
1597 2705 1811 2762 Christi
1843 2719 2038 2760 resur-

396 2797 747 2864 rectionem,
781 2813 913 2869 quaa
943 2797 1056 2853 hoc
1086 2796 1147 2852 in
1178 2795 1351 2852 nobis
1378 2794 1616 2852 efficiat.

1008 2906 1238 2964 CAPUT
1279 2907 1426 2963 XVI.

2141 1897 2239 1949 τοῦ
2273 1893 2499 1967 Κυρίου.
2561 1896 2658 1949 Καὶ
2713 1894 2816 1952 οὐκ
2870 1896 3005 1963 εἶπε,
3065 1895 3162 1957 Τίς
3193 1898 3227 1964 ἡ
3259 1900 3356 1950 τοῦ
3387 1893 3580 1957 ὕδατος
3612 1897 3793 1972 χρεία,

2142 1987 2240 2038 τοῦ
2269 1982 2429 2061 ἁγίου
2463 1984 2780 2056 Πνεόματος
2828 1984 3182 2046 ἐπιπεσόντος
3216 1985 3406 2048 αὐτοῖς
3436 2005 3450 2056 ;
3505 1984 3660 2044 Ἠδει
3693 1988 3796 2062 γὰρ

2145 2071 2229 2128 ὅτι
2287 2072 2403 2132 θεῖα
2451 2070 2690 2131 τελεῖται
2749 2073 2801 2128 ἐν
2859 2075 3010 2146 αὖτῷ
3065 2069 3339 2146 σύμϐολα.
3390 2076 3557 2156 τάφος
3589 2077 3679 2130 καὶ
3713 2075 3800 2131 νέ-

2145 2182 2366 2236 κρωσις,
2425 2161 2514 2220 καὶ
2573 2163 2880 2228 ἀνάστασις,
2939 2166 3026 2219 καὶ
3093 2167 3229 2234 ζωή.
3286 2165 3618 2240 Ὥσπεργὰο
3645 2162 3804 2221 εὔκο-

2146 2249 2240 2308 λον
2275 2252 2411 2326 ἡμῖν
2459 2252 2826 2329 βαπτίσασθαι
2881 2253 2970 2309 καὶ
3028 2254 3328 2323 ἀνανεῦσαι,
3362 2255 3537 2316 οὕτως
3575 2251 3801 2311 εὔκολον

2145 2345 2224 2414 τῷ
2285 2341 2448 2416 θάψαι
2503 2342 2596 2397 τὸν
2680 2340 2914 2400 παλαιὸν
2999 2341 3304 2416 ἄνθρωπον,
3385 2345 3473 2399 καὶ
3530 2342 3804 2415 ἀναδεῖξαι

2146 2431 2238 2488 τὸν
2270 2431 2410 2487 νέον.
2454 2431 2644 2507 Τρίτον
2707 2429 2763 2487 δὶ
2819 2437 2980 2490 τοῦτο
3041 2433 3270 2507 γίνεται,
3335 2434 3429 2488 ἳνα
3461 2438 3674 2509 γνῶμεν
3709 2432 3797 2492 ὅτι

2147 2517 2374 2593 δυνάμει
2398 2523 2637 2598 Πατρὸς,
2670 2521 2760 2579 καὶ
2793 2523 2942 2592 ficii,
2973 2523 3065 2579 καὶ
3094 2524 3254 2597 ἁγίου
3293 2522 3602 2596 Πνεόματος
3645 2527 3806 2579 τοῦτο

2146 2608 2369 2684 γίνεται.
2423 2610 2570 2671 Τινὶς
2627 2608 2685 2666 δὲ
2741 2631 2920 2689 φασιν,
2993 2609 3082 2666 ’ίνα
3141 2609 3342 2689 δειχθῇ
3403 2615 3437 2682 ἡ
3497 2615 3804 2688 τριήμερος

2146 2698 2429 2762 ἀνάστασις
2504 2704 2600 2756 τοῦ
2675 2703 2920 2777 Χριστοῦ
2994 2706 3156 2758 τοῦτο
3223 2704 3691 2780 κατεργαζογένου
3749 2701 3801 2757 ὲν

2149 2790 2313 2862 ἡμῖν.

2779 2919 3040 2980 me“.
3074 2917 3164 2989 ις’.

399 3015 676 3095 Quomodo
709 3015 904 3095 Petrus
931 3012 1184 3095 deinceps
1213 3012 1402 3095 etiam
1429 3013 1655 3095 singula
1676 3023 2047 3095 eorum._gua

2163 3024 2230 3078 Ως
2304 3016 2507 3095 ῐζὲτρος
2555 3017 2645 3095 Δτὰ
2709 3016 2938 3095 καθεξῆς
2993 3016 3095 3095 καὶ
3153 3017 3232 3095 ᾔτὰ
3296 3014 3493 3095 ἕκαστα
3559 3021 3669 3095 τῷν
3713 3037 3810 3095 γε,

469 3093 594 3142 acta
637 3092 764 3141 sunt
820 3090 1015 3140 narrat
1069 3084 1328 3155 apostolis
1379 3085 1634 3141 adversus
1666 3082 1844 3154 ipsum
1869 3084 2045 3139 disce-

457 3158 766 3230 ptantibus.
804 3158 952 3212 Tunc
981 3161 1168 3230 autem
1191 3157 1503 3213 Barnabam
1531 3159 1794 3216 miserunt
1819 3155 1892 3213 ad
1918 3156 2043 3224 fra-

469 3227 592 3294 tres,
627 3231 725 3299 qui
755 3235 912 3283 erant
945 3227 1274 3284 Antiochiae.

477 3338 573 3399 XI.
610 3339 761 3394 1-20.
790 3359 815 3387 α
835 3335 1171 3394 Audierunt
1198 3340 1397 3391 autem
1430 3334 1678 3407 apostoli
1712 3350 1780 3390 ac
1811 3333 2046 3400 fratres,

400 3452 428 3480 ‹‹
465 3428 564 3500 qui
595 3432 764 3483 erant
793 3426 852 3482 in
883 3426 1105 3485 Iudaea.
1141 3423 1298 3497 quod
1343 3429 1402 3478 et
1447 3429 1653 3494 gentes
1684 3423 2052 3495 recepissent

405 3543 432 3573 ι
459 3519 701 3575 verbum
723 3516 1114 3586 Dei.Cumque
1138 3513 1414 3569 rediisset
1434 3515 1641 3567 Petrus
1661 3512 2050 3584 Jerosolyma,

401 3632 428 3660 ‹‹
466 3607 878 3680 disceptabant
921 3605 1204 3659 adversus
1249 3601 1441 3659 illum.
1475 3601 1576 3672 qui
1626 3606 1797 3656 erant
1835 3616 1905 3656 ex
1935 3601 2054 3656 cir-

408 3720 432 3752 ι
468 3698 832 3754 cumcisione
886 3694 1191 3750 dicentes:
1232 3691 1320 3747 Ad
1367 3691 1518 3745 viros
1549 3688 1904 3762 praeputium
1936 3689 2052 3746 ha-

408 3810 436 3839 ι(
470 3787 678 3844 bentes
710 3783 967 3841 introisti
999 3788 1058 3838 et
1087 3781 1261 3837 edisti
1300 3795 1434 3836 cum
1466 3777 1607 3834 illis.
1641 3780 1721 3834 Re
1751 3783 1948 3836 autem
1980 3775 2052 3833 ab

407 3902 434 3929 ‹‹
470 3878 640 3934 initio
671 3877 921 3947 repetita
952 3875 1158 3928 Petrus
1185 3870 1459 3942 exposuit
1486 3868 1606 3925 illis
1636 3867 1931 3933 ordinem,
1965 3867 2054 3924 di-

413 3991 434 4017 ι
473 3983 652 4024 cens:
685 3967 800 4036 Ego
833 3963 894 4017 in
926 3962 1159 4016 civitate
1200 3960 1382 4031 Joppe
1431 3957 1694 4027 orabam,
1725 3956 1960 4029 vidique
1992 3957 2055 4014 in

409 4079 436 4108 ιι
462 4055 677 4112 mentis
693 4067 936 4108 excessu
951 4046 1628 4115 visionem,descendere
1643 4063 1740 4102 vas
1755 4045 2055 4120 quoddam

411 4166 433 4196 ε
467 4160 575 4200 ceu
599 4142 848 4196 linteum
874 4145 1434 4212 magnum.quatuor
1459 4137 1646 4194 initiis
1672 4137 1955 4194 emissum
1987 4153 2056 4193 ex

410 4257 430 4284 α
465 4232 632 4293 oculo.
667 4235 728 4285 et
757 4229 916 4284 venit
946 4245 1131 4300 usque
1161 4228 1233 4285 ad
1268 4244 1378 4284 me.
1405 4229 1468 4283 In
1501 4227 1660 4300 quod
1692 4245 1827 4284 cum
1860 4228 2056 4283 inten-

407 4343 437 4372 α
472 4321 692 4376 dissem
726 4318 950 4384 oculos,
983 4317 1371 4374 animadverti
1404 4323 1462 4374 et
1490 4316 1605 4374 vidi
1648 4316 2058 4390 quadrupedis

407 4434 434 4461 ‹‹
475 4417 740 4477 terrw,ac
765 4409 1072 4472 bestias,et
1093 4409 1345 4480 reptilia.
1374 4408 1754 4480 volatiliaque
1777 4408 1929 4465 cmli.
1948 4411 2058 4465 Au-

412 4523 440 4551 ι(
469 4499 580 4555 divi
605 4506 804 4556 autem
829 4507 888 4555 et
905 4516 1108 4558 vocem
1128 4499 1423 4554 dicentem
1447 4497 1590 4552 mihi
1617 4513 1630 4552 :
1655 4498 2056 4569 Surge.Petre,

2216 3084 2454 3158 γονότιυν
2551 3084 3041 3158 διηγεῖταιμτοῖς
3143 3088 3473 3155 ἀποστόλοις
3594 3084 3802 3158 διακρι-

2219 3142 2354 3239 θεῖσι
2380 3233 2390 3239 Δ
2418 3159 2553 3234 πρὸς
2583 3142 2829 3239 ἀδτόν..
2871 3160 2941 3239 ’Ῑίὸ
3003 3157 3195 3239 τηνίκα
3240 3158 3342 3239 Δξὶ-
3381 3142 3473 3239 τδᾷ
3523 3142 3800 3239 Βαρνάϐαν

2225 3224 2472 3308 ἔπεμψαν
2503 3231 2636 3306 πρὸς
2655 3232 2782 3296 τοὺς
2811 3229 2865 3287 ἐν
2893 3224 3199 3310 Ἀντιοχείᾳ
3231 3229 3519 3318 ἀδελφούς.

2230 3360 2258 3389 ‹‹
2289 3338 2561 3394 Ἤκουσαν
2595 3335 2653 3394 δὶ
2683 3339 2734 3392 οἱ
2766 3335 3063 3395 ἂποστολοι
3109 3337 3200 3395 καὶ
3249 3341 3302 3394 οἱ
3353 3337 3603 3416 ἁδελφοξ,
3632 3343 3682 3396 οἱ
3715 3336 3811 3398 ὅν-

2163 3451 2190 3481 α
2220 3447 2306 3488 τες
2353 3427 2489 3483 κατά
2540 3427 2639 3495 τήν
2699 3425 2987 3494 Ἰουδαίαν,
3039 3429 3122 3483 ὅτι
3161 3428 3353 3484 καὶτὰ
3405 3424 3532 3501 ἔθνη
3565 3428 3810 3503 ἐδέξαντο

2166 3515 2311 3571 «τὸν
2366 3513 2532 3589 λόγον
2586 3519 2682 3571 τοῦ
2739 3521 2892 3572 Θεοῦ.
2950 3517 3051 3575 Καὶ
3120 3518 3210 3572 ὅτε
3265 3502 3431 3587 cives},
3495 3502 3702 3595 Πέτρος
3735 3520 3810 3582 εἰς

2163 3629 2191 3657 ‹‹
2222 3603 2600 3676 Ἰεροσόλυμα.
2635 3602 2964 3681 διεκρίνοντο
2996 3609 3130 3682 πρὸς
3166 3607 3327 3665 αὐτὸν
3380 3610 3437 3664 οἱ
3481 3608 3542 3664 ἐκ
3588 3631 3809 3683 περιτοο

2163 3700 2356 3765 «μῆς,
2425 3689 2703 3766 λέγοντες,
2798 3695 2880 3749 δτι
2975 3695 3116 3769 Πρὸς
3184 3695 3378 3770 ἄνδρας
3452 3693 3812 3775 ἀκροϐυστίαν

2165 3807 2192 3834 ι(
2224 3775 2454 3858 ἔχοντας
2483 3780 2756 3852 εἰσῆλθες,
2785 3782 2873 3836 καί
2924 3783 3210 3861 συνέφαγες
3241 3787 3451 3850 αὐτοῖς·
3485 3788 3811 3860 Ἀρξάμενος

2172 3891 2192 3922 ι
2223 3867 2279 3926 δὲ
2311 3871 2338 3925 ὁ
2371 3869 2572 3945 Πέτρος
2612 3870 2867 3942 ἐξετίθετο
2919 3872 3109 3937 αὐτοῖς
3159 3877 3405 3949 καθεξῆς,
3439 3875 3631 3952 λέγων*
3670 3876 3812 3952 Ἐγὼ

2170 3984 2196 4016 ι
2222 3961 2374 4036 ἢμην
2407 3959 2460 4016 ὲν
2500 3961 2661 4016 πόλει
2710 3961 2903 4038 Ἰόππῃ
2955 3965 3424 4041 προσευχόμενος,
3465 3967 3554 4022 καὶ
3589 3964 3728 4024 εἶδον
3761 3967 3812 4024 ὲν

2172 4072 2200 4106 ι
2230 4049 2473 4106 ἐκστάσει
2530 4049 2732 4125 ὅραμα,
2784 4047 3109 4109 καταϐαῖνον
3169 4053 3356 4118 σκεῦός
3406 4075 3462 4114 τι
3510 4056 3584 4118 ὡς
3623 4055 3814 4128 ὀθόνην

2167 4161 2194 4194 ε
2232 4137 2498 4215 μεγάλην,
2546 4139 2824 4213 τέσσαρσιν
2883 4139 3086 4222 ἀρχαῖς
3145 4143 3471 4217 καθιεμίνην
3506 4143 3565 4198 ἐκ
3591 4148 3686 4199 τοῦ
3717 4145 3817 4201 οὗ·

2167 4252 2198 4282 α
2232 4231 2413 4304 ρανοῦ,
2472 4225 2561 4281 καὶ
2613 4226 2777 4298 ἦλθεν
2837 4226 3002 4310 ἄχρις
3054 4229 3209 4302 ἐμοῦ.
3271 4230 3359 4293 Εἲς
3418 4232 3484 4302 ἢν
3553 4231 3816 4304 ἀτενίσας,

2169 4341 2198 4370 α
2227 4315 2510 4372 κατενόουν
2542 4316 2631 4372 καὶ
2679 4312 2823 4372 εἶδον
2872 4316 2939 4372 τὰ
2977 4315 3280 4394 τετράποδα
3327 4326 3427 4391 τῆς
3474 4327 3595 4395 γῆς,
3635 4320 3818 4380 καὶτὰ

2170 4429 2198 4458 ‹‹
2231 4406 2413 4482 θηρία,
2471 4404 2563 4459 καὶ
2613 4405 2680 4461 τὰ
2732 4405 2948 4479 ἑρπετὰ,
2998 4406 3096 4462 καὶ
3148 4407 3215 4462 τὰ
3269 4410 3485 4466 πετεινὰ
3522 4414 3620 4465 τοῦ
3652 4411 3817 4486 οὐρα·

2170 4499 2345 4550 «νοῦ.
2406 4496 2650 4551 Ἤκουσα
2706 4491 2765 4550 δὶ
2822 4501 3010 4572 φωνῆς
3068 4496 3341 4574 Λεγοῦσης
3388 4515 3504 4571 μοι·
3541 4499 3816 4571 Ἀναστὰς,

413 4610 438 4642 α
471 4596 665 4647 macta
694 4597 751 4646 et
776 4605 1032 4646 vescere.
1060 4587 1186 4644 Dixi
1218 4592 1456 4642 autem:
1494 4587 1634 4641 τοι
1676 4588 2049 4658 Nequaquam

2167 4580 2411 4658 ‹.11ἑτρε,
2463 4583 2622 4640 θῦσον
2662 4585 2748 4638 καὶ
2783 4583 2941 4664 φάγε.
3001 4584 3170 4641 Εἶπον
3232 4582 3308 4640 δέ’
3369 4583 3672 4660 Μηδαμῶς,
3708 4587 3822 4645 Κό..

407 4704 435 4732 ‹‹
475 4683 744 4743 Domine,
766 4681 906 4753 quia
928 4679 1079 4736 nihil
1097 4693 1413 4734 commune
1436 4681 1538 4732 aut
1560 4675 1932 4731 immundum
1950 4692 2062 4732 un-

408 4794 434 4820 ‹‹
475 4787 652 4840 quam
685 4769 952 4826 introivit
981 4769 1042 4824 in
1075 4785 1140 4823 os
1190 4783 1404 4823 meum.
1442 4764 1884 4836 Responditque
1915 4763 2063 4820 mihi

417 4881 441 4913 ιι
476 4877 712 4914 rursum
747 4876 852 4913 vox
882 4858 953 4913 de
985 4858 1132 4914 ccelo
1161 4873 1174 4912 :
1209 4858 1347 4923 Quae
1380 4857 1533 4911 Deus
1566 4854 1872 4910 mundavit
1901 4859 1963 4908 tu
1989 4870 2064 4909 ne

417 4948 822 5005 «communia
871 4947 1108 5003 dixeris.
1163 4947 1280 5002 Hoc
1329 4951 1527 5002 autem
1577 4943 1824 5018 contigit
1867 4943 2061 5000 tertio.

417 5062 443 5089 ‹‹
483 5041 858 5108 Rursumque
889 5035 1178 5090 subducta
1207 5041 1347 5090 sunt
1389 5034 1592 5091 omnia
1630 5034 1692 5090 in
1731 5032 1965 5089 caelum.
1999 5033 2069 5088 Et

419 5151 447 5179 «
481 5145 617 5184 ecce
650 5132 893 5199 repente
928 5132 1045 5180 tres
1076 5125 1179 5180 viri
1204 5125 1451 5181 aderant
1479 5125 1552 5180 ad
1583 5124 1826 5179 domum
1861 5123 1920 5178 in
1951 5137 2070 5195 qua

424 5238 445 5267 ι
476 5234 657 5284 eram,
685 5233 714 5273 e
746 5216 1013 5270 Caasarea
1045 5213 1211 5268 missi
1245 5214 1318 5269 ad
1344 5214 1740 5287 me.Dixitque
1772 5213 1916 5269 mihi
1941 5212 2068 5287 Spi-

420 5330 446 5356 ‹‹
482 5305 650 5366 ritus.
684 5310 752 5360 ut
780 5303 1176 5378 congrederer
1229 5319 1363 5358 cum
1421 5303 1542 5359 illis
1574 5303 1728 5361 nihil
1763 5303 2065 5361 haesitans.

429 5422 448 5446 ι
486 5395 758 5452 Comitati
784 5401 924 5451 sunt
954 5401 1152 5450 autem
1185 5409 1280 5450 me
1311 5400 1364 5448 et
1402 5409 1503 5450 sex
1531 5394 1743 5449 fratres
1770 5393 1852 5450 hi.
1879 5395 1944 5449 Et
1976 5394 2070 5450 in-

424 5512 451 5539 ‹‹
486 5488 669 5562 gressi
706 5503 911 5541 sumus
953 5485 1198 5541 domum
1259 5484 1405 5539 viri:
1467 5485 1637 5555 isque
1667 5485 1871 5540 retulit
1899 5484 2071 5540 nobis

423 5601 450 5630 «
488 5575 786 5649 quomodo
821 5575 1062 5632 vidisset
1108 5575 1384 5648 angelum
1435 5574 1595 5630 domi
1627 5591 1748 5630 sua)
1778 5579 2071 5630 astantem

424 5694 451 5720 ‹‹
489 5684 556 5726 ae
592 5667 888 5730 dicentem
920 5666 1072 5725 sibi:
1106 5667 1263 5724 Mitte
1309 5665 1462 5723 viros
1491 5666 1718 5741 Joppen
1749 5670 1806 5724 et
1836 5681 2073 5731 accerse

2172 4695 2200 4723 α
2233 4692 2334 4746 ριε,
2384 4672 2468 4728 ὅτι
2525 4676 2627 4726 πᾶν
2685 4673 2867 4728 κοινὸν
2917 4669 2953 4740 ἤ
3009 4671 3313 4749 ἀκάθαρτον
3343 4672 3602 4731 οὐδέποτε
3628 4675 3819 4746 εἶσῆλ-

2174 4784 2202 4813 ιι
2233 4763 2319 4817 θεν
2347 4761 2422 4824 εἰς
2481 4761 2542 4817 τὸ
2595 4761 2770 4835 στόμα
2829 4783 2956 4834 μου.
3008 4763 3300 4836 Ἀπεκρίθη
3354 4762 3411 4819 δέ
3453 4786 3548 4838 μοι
3581 4767 3731 4844 φωνὴ
3760 4765 3820 4822 ὶκ

2174 4873 2203 4903 ‹‹
2235 4848 2486 4921 δευτέρου
2538 4849 2597 4906 ἐκ
2648 4855 2745 4906 τοῦ
2799 4851 3050 4927 οὖρανοῖν
3110 4858 3184 4909 "A
3241 4854 3268 4908 6
3327 4854 3458 4919 Θεὸς
3515 4853 3818 4932 ἐκαθαρισε,

2175 4965 2201 4993 ‹‹
2235 4942 2297 4996 σὺ
2330 4942 2406 5017 μή
2441 4939 2640 4997 κοίνου.
2696 4942 2871 4997 Τοῦτο
2931 4938 2988 4996 δὲ
3046 4937 3251 5016 ἐγένετο
3289 4941 3376 4998 ἐπὶ
3407 4943 3543 5016 τρίς.
3584 4945 3684 5000 Καὶ
3717 4945 3823 5000 πά-

2175 5055 2204 5083 ‹‹
2237 5030 2322 5086 λιν
2382 5030 2676 5101 ἀνεσπάσθη
2741 5031 2948 5086 ἅπαντα
2999 5029 3076 5092 εἷς
3119 5031 3211 5086 τὸν
3272 5031 3521 5106 οὐρανόν.
3568 5033 3669 5089 Καὶ
3703 5030 3822 5089 ἰδοὺ

2175 5145 2203 5174 ‹‹
2238 5119 2287 5191 ἐξ
2320 5121 2491 5191 αὐτῆς
2550 5124 2696 5194 τρεῖς
2752 5117 2944 5194 ἄνδρες
2999 5119 3296 5189 ἐπεστησαν
3345 5120 3434 5175 ἐπὶ
3486 5123 3583 5192 τήν
3644 5122 3820 5177 οὶκίαν

2177 5209 2285 5266 «ἒν
2435 5206 2610 5282 ἤμην,
2671 5210 3070 5284 ἀπεσταλμὲνοι
3138 5209 3244 5264 ἀπὸ
3303 5211 3628 5283 Καισαρείας
3686 5213 3825 5288 πρός

2179 5325 2204 5352 «ι
2239 5320 2323 5374 με.
2358 5298 2494 5356 Eius
2541 5295 2598 5355 δέ
2648 5319 2742 5372 μοι
2792 5300 2855 5354 τὸ
2903 5303 3133 5370 πνεῦμα,
3166 5296 3440 5362 συνελθεῖν
3473 5299 3683 5371 αὐτοῖς,
3716 5323 3827 5374 μη·

2181 5412 2209 5440 ‹‹
2242 5385 2326 5443 δὶν
2360 5385 2792 5460 διακρινόμενον.
2850 5388 3055 5445 Ἦλθον
3117 5384 3175 5442 δὲ
3233 5388 3324 5443 σὺν
3371 5385 3494 5461 ἐμοὶ
3553 5391 3642 5444 καί
3688 5392 3741 5446 οἱ
3770 5389 3825 5464 ἴε

2182 5475 2470 5554 «ἀδελφοὶ
2529 5477 2702 5543 οὗτοι,
2758 5475 2848 5532 καὶ
2902 5475 3230 5548 εἰσήλθομεν
3291 5477 3368 5537 εἰς
3423 5478 3514 5532 τὸν
3549 5479 3694 5536 οἶκον
3727 5484 3826 5535 τοῦ

2187 5593 2209 5620 ι
2245 5563 2456 5642 ἀνδρός.
2491 5563 2825 5646 ’Δπῆγγειλέ
2879 5586 2936 5623 τε
2991 5567 3149 5638 ἡμῖν,
3186 5569 3303 5628 πῶς
3333 5562 3438 5621 εἶδε
3467 5565 3559 5622 τὸν
3592 5566 3823 5645 ἄγγελον

2185 5685 2212 5712 ‹‹
2247 5657 2299 5717 ἂν
2350 5663 2431 5733 τῷ
2479 5657 2614 5734 οἲκῳ
2670 5657 2836 5718 αὐτοῦ
2894 5655 3148 5716 σπθέντα
3222 5655 3334 5726 καὶ,
3371 5655 3594 5714 εἲπόνοα
3650 5659 3822 5734 αὐτῷ·
