4150 6200
285 300 403 363 189

1288 299 1696 364 COMMENT.
1741 300 1822 362 IN
1869 295 2090 370 ACTA,
2117 295 2737 359 APOSTOLOBUM.

3593 301 3710 360 190

286 459 313 490 ι
348 433 708 491 Ἀπόστειλον
743 434 822 500 εἷς
859 436 1086 508 Ἰόππην
1147 433 1370 512 ἃνδρας,
1427 436 1516 493 καὶ
1589 438 1940 510 μετάπεμψαι

2065 455 2081 487 ι
2115 434 2415 491 Simonem
2446 443 2840 508 cognomento
2872 439 3240 510 Petrumqui
3274 439 3378 494 tibi
3410 454 3480 496 ea
3509 439 3705 498 dictu-

292 548 314 574 ι
351 521 582 597 Σίμωνα
619 523 712 577 τὸν
743 520 1178 598 ἐπικαλούμενον
1209 526 1434 600 Πέτρον,
1464 525 1522 588 ὅς
1582 521 1812 595 λαλήσει
1845 521 1943 596 ῥή-

299 635 324 665 c
363 633 506 685 ματα
539 613 681 686 πρὸς
714 613 793 676 σὲ,
828 612 880 667 ὲν
914 615 998 674 οἶς
1031 616 1254 689 σωθήσῃ
1285 615 1348 670 σὺ
1400 615 1489 669 καὶ
1547 618 1651 676 πᾶς
1711 614 1739 668 ὸ
1793 612 1949 674 οἶκός

287 726 316 752 «
353 723 470 755 σου.
537 702 624 758 Ἐν
686 699 744 756 δὲ
793 705 872 774 τῷ
924 703 1178 776 ἄρξασθαί
1239 725 1305 776 με
1357 701 1548 759 λαλεῖν
1604 703 1828 758 ἐπέπεσε
1881 703 1944 758 τὸ

291 814 320 841 α
355 793 578 864 Πνεῦμα
604 790 670 844 τὸ
701 790 855 864 ἅγιον
887 788 972 846 ἐπ’
1011 791 1229 855 αὐτοὺς,
1281 793 1460 867 ὥσπερ
1514 791 1602 846 καὶ
1659 791 1740 870 ἐφ’
1795 793 1944 865 ἡμᾶς

291 904 312 928 ι
347 876 400 932 ἐν
435 878 608 953 ἀρχῇ.
640 881 961 950 Ἐμνήσθην
1006 876 1064 934 δὶ
1116 885 1214 935 τοῦ
1271 881 1519 956 ῥήματος
1580 880 1808 950 Κυρίου,
1867 879 1944 939 ὡς

287 991 316 1016 u
345 962 554 1042 ἔλεγεν·
617 968 876 1038 Ἰωάννης
935 969 1030 1042 μὶν
1085 964 1368 1026 ἐϐάπτισεν
1429 967 1605 1036 ὕδατι,
1678 969 1831 1042 ὑμεῖς
1887 964 1945 1022 δὲ

289 1080 319 1107 «ι
352 1058 791 1132 βαπτισθήσεσθε
821 1057 873 1112 ἐν
906 1057 1181 1132 Ηνεύματι
1211 1058 1371 1135 ἁγίῳ.
1439 1059 1501 1114 Εἰ
1553 1056 1643 1114 οῦν
1670 1059 1772 1127 τήν
1821 1055 1944 1130 ἴσην

287 1173 317 1201 ιι
356 1147 564 1224 δωρεάν
595 1147 792 1204 ἔδωκεν
814 1154 999 1211 αὐτοῖς
1030 1151 1058 1206 ὁ
1089 1151 1240 1217 Θεὸς,
1273 1151 1348 1214 ὡς
1379 1151 1469 1206 καὶ
1527 1153 1664 1224 ἡμῖν
1721 1170 1946 1206 πιστευ-

293 1261 323 1293 o
353 1260 506 1294 σασιν
540 1238 627 1294 ἐπὶ
655 1240 750 1296 τὸν
781 1239 982 1313 Κύριον
1013 1241 1222 1311 Ἰησοῦν
1279 1239 1538 1316 Χριστὸν,
1598 1239 1706 1314 ἐγὼ
1757 1237 1815 1294 δὲ
1861 1237 1943 1300 τίς

291 1350 314 1380 c
349 1329 508 1400 ἤμην
537 1325 758 1389 δυνατὸς
789 1326 1035 1384 κωλύσαι
1075 1329 1168 1384 τὸν
1231 1331 1360 1386 Θεόν
1397 1347 1411 1399 ;
1467 1328 1826 1390 ’Λκούσαντες
1886 1325 1944 1382 δὲ

284 1447 314 1475 cc
349 1427 543 1490 ταῦτα,
594 1421 899 1498 ἡσύχασαν,
951 1423 1041 1478 καὶ
1087 1420 1341 1494 ἐδόξασαν
1385 1423 1479 1480 τὸν
1540 1423 1690 1489 Θεὸν,
1750 1420 1942 1500 λὲγον-

290 1536 320 1564 α
350 1531 464 1575 τες*
498 1513 708 1589 Ἀραγε
737 1511 828 1566 καὶ
885 1518 1004 1575 τοῖς
1054 1507 1258 1568 ἔθνεσιν
1289 1513 1318 1567 ὁ
1349 1514 1476 1575 Θεὸς
1525 1513 1624 1580 τήν
1661 1512 1945 1586 μετάνοιαν

286 1599 553 1658 «ἔδωκεν
613 1600 688 1664 εἷς
747 1602 919 1672 ζωήν.
987 1603 1094 1659 Καὶ
1147 1602 1199 1657 o‘l
1260 1601 1353 1675 μὶν
1412 1601 1508 1659 οὗν
1567 1599 1945 1678 ὃιασπαρέντες

288 1718 344 1764 ι(¹
383 1694 498 1749 ἀπο
550 1698 652 1758 τῆς
711 1689 952 1765 θλίψεως
1009 1694 1108 1761 τῆς
1167 1692 1464 1768 γενομένης
1523 1690 1609 1748 ἐπὶ
1665 1694 1940 1766 Στεφάνῳ,

2056 547 2083 574 ε(
2113 542 2217 580 rus
2251 530 2340 580 est
2365 542 2470 597 per
2500 543 2631 596 quae
2665 526 2998 583 salveris.et
3029 534 3177 582 tu.et
3197 530 3468 584 universa
3490 531 3704 588 domus

2057 638 2076 665 α
2115 617 2504 687 tua.Cumque
2538 616 2698 687 loqui
2726 618 3314 690 ccepissemillapsus
3340 627 3428 674 est
3453 621 3706 692 Spiritus

2052 730 2080 756 «ι
2115 713 2354 762 sanctus
2380 707 2438 760 in
2457 707 3121 777 illos,quemadmodum
3141 717 3198 762 et
3224 710 3282 763 in
3301 726 3411 764 nos
3425 710 3496 765 ab
3513 711 3705 766 initio.

2052 822 2079 849 «
2115 797 2476 852 Recordatus
2509 813 2635 850 sum
2670 804 2864 851 autem
2901 796 3058 851 verbi
3096 799 3516 870 Domini,quod
3543 799 3708 854 dixe-

2055 911 2079 938 α
2115 893 2207 942 rat
2232 904 2243 940 :
2267 888 2524 942 Joannes
2556 887 2794 956 quidem
2839 886 3149 956 baptizavit
3176 904 3350 957 aqua.
3383 905 3483 942 vos
3505 895 3702 943 autem

2056 1001 2076 1025 ι
2112 975 2555 1048 baptizabimini
2615 975 2836 1046 Spiritu
2898 981 3123 1030 sancto.
3187 976 3243 1030 Si
3312 993 3414 1048 ego
3473 977 3698 1033 donum

2050 1091 2078 1118 «
2114 1066 2340 1138 mquale
2374 1066 2538 1121 dedit
2560 1065 2679 1119 illis
2717 1065 3122 1122 lleus.sicutet
3151 1065 3484 1129 nobis,cum
3509 1067 3706 1122 credi-

2049 1179 2077 1206 ‹‹
2107 1156 2402 1212 dissemus
2433 1157 2493 1211 in
2534 1157 2848 1212 Dominum
2879 1157 3078 1210 Jesum
3113 1154 3544 1228 Christum,ego
3562 1174 3703 1213 sane

2053 1268 2082 1296 ‹‹
2109 1246 2241 1318 quis
2272 1263 2432 1302 eram
2467 1249 2565 1320 qui
2597 1264 2828 1319 possem
2864 1247 3150 1302 obsistere
3185 1247 3300 1301 Deo
3327 1245 3355 1300 ?
3388 1246 3486 1300 His
3508 1253 3707 1302 autem

2052 1357 2081 1386 ‹‹
2113 1335 2333 1392 auditis
2362 1337 2759 1401 obticuerunt,
2779 1343 2835 1389 et
2864 1336 3344 1408 glorificaverunt
3374 1334 3580 1394 Deum,
3615 1332 3706 1388 di-

2050 1448 2078 1476 ‹‹
2111 1432 2356 1482 centes:
2409 1427 2592 1499 Igitur
2643 1432 2700 1481 et
2750 1427 3026 1499 gentibus
3087 1426 3238 1479 Deus
3294 1423 3705 1495 paenitentiam

2052 1536 2077 1567 ι
2107 1517 2403 1572 concessit
2429 1516 2502 1571 ad
2537 1517 2732 1572 vitam.
2769 1518 2837 1571 Et
2893 1516 2982 1571 illi
3031 1515 3271 1586 quidem
3305 1515 3404 1586 qui
3437 1514 3696 1585 dispersi

2050 1628 2078 1655 «
2113 1606 2350 1662 fuerant
2379 1623 2448 1662 ex
2479 1606 2969 1676 alﬂictione,quze
2993 1612 3121 1660 orta
3143 1606 3336 1659 fuerat
3364 1603 3437 1658 ob
3455 1605 3701 1675 Stepha-

2050 1717 2078 1744 α
2113 1712 2277 1764 num,
2340 1696 2902 1769 perambulaverunt
2948 1712 3136 1766 usque
3167 1694 3240 1749 ad
3297 1693 3618 1748 Phoenicen
3645 1697 3706 1748 et

289 1809 321 1837 «ι
363 1781 596 1850 διῆλθον
623 1779 728 1844 ἕως
761 1783 1027 1852 Φοινίκης
1056 1781 1145 1838 καί
1175 1784 1399 1860 Κύπρου
1453 1784 1543 1839 καὶ
1583 1782 1940 1859 Ἀντιοχείας,

2065 1805 2082 1833 ι
2121 1785 2378 1858 Cyprum
2409 1803 2476 1841 ac
2507 1787 2903 1851 Antiochiam,
2935 1785 3162 1840 nemini
3193 1783 3505 1854 loquentes
3527 1782 3700 1838 illum

293 1897 323 1925 ιι
356 1870 548 1946 μηδενί
585 1870 884 1935 λαλοῦντες
938 1872 1030 1930 τὸν
1088 1871 1278 1947 λόγον,
1332 1873 1378 1928 εἰ
1441 1873 1518 1948 μή
1582 1871 1745 1947 μόνον
1801 1873 1940 1928 Ἰου-

296 1988 320 2014 ι
357 1959 554 2023 δαίοις.
577 1962 747 2019 Ἦσαν
778 1958 836 2017 δέ
864 1981 1005 2024 τινες
1037 1959 1089 2035 ἐξ
1124 1961 1298 2018 αὐτῶν
1337 1959 1526 2038 ἄνδρες
1584 1961 1820 2038 Κύπριοι
1850 1959 1942 2017 καὶ

292 2077 324 2105 α
357 2056 685 2126 Κυρηναῖοι.
713 2075 740 2102 ο

365 2141 641 2197 Δείκνυσιν
699 2142 728 2197 ὁ
787 2139 988 2216 [ιέτρος
1049 2138 1138 2196 διά
1192 2148 1294 2210 τῆς
1366 2139 1701 2218 ἀπολογίας,
1756 2139 1940 2196 ἑαυτὸν

297 2235 394 2309 μὶν
424 2231 669 2290 οὐδαμοῦ
701 2233 898 2302 αἶ’τιον,
956 2238 1235 2310 πανταχοῦ
1267 2231 1324 2290 δὶ
1380 2235 1472 2290 τὸν
1501 2235 1653 2291 Θεόν.
1687 2235 1778 2290 Ἕν
1864 2233 1950 2288 ἐκ.

294 2326 478 2380 στάσει
523 2325 623 2400 γάρ
683 2323 841 2386 αὐτὸς
907 2323 1151 2393 ἐποίησε,
1209 2323 1364 2401 φησί,
1429 2323 1492 2379 τὸ
1547 2328 1734 2386 σκεῦος
1787 2322 1946 2384 αὐτὸς

292 2409 515 2486 ἔδειξεν·
577 2413 688 2491 ἐγὼ
738 2413 829 2470 καὶ
889 2413 1162 2470 ἀντεῖπονε
1222 2412 1313 2469 καὶ
1371 2411 1538 2470 πάλιν
1596 2412 1756 2476 αὐτὸς
1802 2413 1948 2483 εἷπε,

296 2505 388 2560 καῖ
413 2500 546 2561 οὐδὲ
576 2503 757 2566 οὓτως
784 2501 1009 2573 ἤκουσα.
1064 2504 1134 2558 Τὸ
1193 2507 1408 2578 Πνεῦμα
1448 2500 1721 2558 ἐκέλευσεν
1779 2500 1948 2558 ἄπελ-

293 2596 428 2661 θεῖν,
471 2593 562 2648 καὶ
612 2593 865 2650 ἀπελθὼν
925 2583 1056 2648 οὐδε
1097 2591 1271 2654 οὕτως
1327 2590 1585 2668 ἔδραμον.
1645 2593 1815 2649 Εἶπον
1861 2591 1946 2648 ὅτι

295 2685 327 2739 ὁ
354 2683 489 2744 Θεὸς
515 2680 745 2756 ἔπεμψε,
779 2682 868 2737 καὶ
902 2679 1026 2738 οἵ)δέ
1057 2682 1230 2745 οὕτως
1271 2676 1554 2747 ἐϐάπτισα,
1587 2679 1731 2736 ἀλλά
1777 2680 1945 2736 πάλιν

298 2775 330 2830 ὸ
360 2773 493 2834 Θεὸς
520 2772 583 2828 τὸ
615 2779 718 2828 πᾶν
767 2771 1073 2848 εἲργάσατο.
1133 2773 1193 2831 Ὀ
1249 2773 1378 2830 Θεὸς
1432 2772 1592 2834 αὐτὸς
1643 2767 1946 2839 ἐϐάπτισεν,

296 2863 402 2919 ούκ
429 2860 562 2936 ἐγώ.
591 2862 710 2919 Ἔτι
742 2861 849 2937 γάρ
909 2882 1012 2934 μου
1073 2859 1376 2926 λαλοῦντος
1430 2860 1637 2928 αὐτοῖς,
1697 2860 1946 2917 ἐπέπεσεν

293 2951 378 3008 ἅπ⁹
410 2949 613 3013 αὐτοὺς
637 2950 701 3006 τὸ
731 2954 950 3024 Πνεῦμα
979 2949 1042 3007 τὸ
1072 2950 1245 3026 ἃγιον,
1267 2951 1354 3006 καὶ
1387 2947 1618 3007 ἐλάλουν
1649 2949 1948 3027 γλώσσαις,

288 3042 381 3096 καὶ
414 3037 755 3115 ἆμεγάλυνον
786 3042 878 3095 τὸν
911 3039 1039 3097 Θεὸν
1073 3040 1250 3102 καθὼς
1276 3041 1362 3096 καὶ
1406 3041 1591 3112 ἡμεῖς.

366 3155 395 3184 ιε
451 3131 669 3193 Οἳτινες
755 3129 1086 3193 εἰσελθόντες
1161 3129 1239 3194 είς
1293 3131 1636 3205 Ἀντιόχειαν
1715 3126 1947 3186 ἐλάλουν

293 3245 324 3274 ει
354 3221 493 3292 πρὸς
541 3221 670 3282 τοὺς
723 3218 1092 3289 Ἐλληνιστᾶς
1149 3218 1632 3298 εὐαγγελιζόμενοι
1681 3222 1772 3276 τὸν
1823 3220 1942 3278 Κύ-

293 3331 473 3387 σριον
530 3311 758 3379 Ἰησοῦν.
814 3310 916 3368 Καὶ
975 3310 1040 3380 ἧν
1103 3309 1225 3386 χείρ
1285 3311 1491 3382 Κυρίου
1563 3311 1680 3388 μετ’
1737 3310 1942 3366 αὐτῶν.

293 3391 542 3462 α’Πολύς
584 3420 645 3456 τε
704 3400 935 3472 ἀριθμὸς
993 3399 1280 3462 πιστεύσας
1336 3398 1652 3473 ἐπέστρεψεν
1707 3397 1796 3455 ἐπὶ
1851 3399 1942 3455 τὸν

297 3513 325 3540 σι
358 3490 580 3563 Κύριον.
619 3489 891 3559 Ἠκούσθη
923 3485 984 3544 δὲ
1010 3490 1038 3544 ὁ
1073 3488 1244 3566 λόγος
1277 3488 1354 3548 είς
1396 3491 1464 3544 τὰ
1520 3490 1638 3544 ὦτα
1662 3495 1761 3556 τῆς
1820 3489 1943 3544 Ἐκο

298 3578 589 3646 «κλησίας
654 3584 753 3646 τῆς
803 3575 855 3632 ἐν
915 3578 1321 3650 Ἰεροσολύμοις
1399 3577 1522 3650 περὶ
1598 3576 1796 3633 αὐτῶν*
1855 3577 1945 3633 καὶ

298 3692 326 3717 α
359 3665 740 3736 ἰξαπέατειλαν
795 3661 1073 3740 Βαρνάϐαν
1151 3664 1385 3730 διελθεῖν
1425 3663 1530 3729 ’ἕως
1581 3666 1942 3742 Ἀντιοχείας.

306 3781 326 3807 ι
357 3758 458 3820 Ὃς
486 3756 949 3830 παραγενόμενος,
983 3756 1070 3811 καὶ
1105 3756 1232 3811 ίδὼν
1273 3757 1370 3825 τήν
1432 3757 1594 3832 χάριν
1646 3759 1743 3811 τοῦ
1787 3761 1943 3823 Θεοῦ,

299 3871 328 3896 α
360 3843 565 3921 ἐχάρη.
623 3845 713 3900 καὶ
769 3845 1060 3920 παρεκάλει
1109 3845 1335 3916 πάντας,
1391 3849 1460 3920 τῇ
1545 3843 1798 3921 προθέσει
1845 3852 1946 3915 τῆς

299 3960 327 3986 α
356 3931 586 4009 καρδίας
617 3935 942 4009 προσμὲνειν
961 3938 1040 4006 τῷ
1073 3933 1279 4007 Κυρίῳ.
1318 3959 1344 3983 »

372 4048 401 4074 α
433 4026 574 4099 Πρὸς
606 4025 734 4086 τοὺς
764 4022 1149 4093 Ἑλληνιστάς,
1185 4049 1212 4074 ››
1241 4025 1398 4087 Ἴσως
1428 4020 1516 4078 διὸ.
1543 4024 1605 4078 τὸ
1640 4025 1715 4096 μή
1751 4021 1947 4081 εῗδέναι

313 4109 913 4188 Εϐραϊστί,⁹Ελληνας
971 4113 1165 4175 αὖτοὺς
1225 4111 1470 4169 ἐκάλουν.
1514 4111 1784 4170 Ἐλάλουν
1831 4113 1948 4169 τοί-

292 4227 390 4260 νυν
452 4203 549 4258 καί
604 4203 742 4273 πρὸς
801 4202 1016 4266 αὐτοὺς.
1076 4201 1548 4279 εὐαγγελιζόμενοι
1604 4205 1695 4258 τὸν
1748 4203 1947 4278 Κύριον

293 4291 972 4363 Ἰησοῦν,καῖὲπίστευοι
1032 4292 1277 4355 ἅπαντες,
1337 4290 1548 4362 ἐπειδὴ,
1609 4293 1762 4368 φησὶ,
1825 4294 1948 4369 χεὶρ

296 4385 514 4452 Κηίου
574 4383 642 4450 ἦν
717 4383 833 4454 μετ’
885 4379 1082 4436 αὖτῶψ
1167 4381 1434 4447 τουτέστι.
1495 4387 1696 4453 σημεῖα
1777 4381 1952 4457 ἔργά-

298 4479 482 4544 ζοντο.
512 4469 613 4529 Διᾶ
639 4475 800 4525 τοῦτο
827 4469 933 4545 γὰρ
963 4471 999 4539 ἡ
1029 4473 1135 4523 τῶν
1188 4468 1431 4542 σημείων
1485 4470 1694 4547 ἀνάγκη
1729 4470 1949 4547 γὲγονεν

291 4564 383 4616 in
419 4559 803 4614 πιστεύσωσιν.

371 4675 396 4700 ι
458 4651 584 4706 Ὅτι
641 4649 706 4718 ἦν
764 4647 906 4722 ἀνὴρ
962 4647 1160 4724 ἀγαθὸς
1215 4649 1306 4703 καί
1356 4645 1579 4724 πλήρης
1641 4648 1951 4714 Πνεύπατος

295 4766 323 4792 κ
356 4739 524 4812 ἁγίου
562 4738 651 4792 καὶ
707 4737 964 4800 πίστεως.
1017 4738 1120 4795 Καὶ
1177 4735 1476 4808 προσετέθη
1538 4735 1716 4814 ὄχλος
1768 4738 1953 4800 ἱκανὸς

294 4833 442 4899 ειτῷ
502 4825 711 4898 Κυρίῳ.
771 4824 1002 4896 Ἐξῆλθε
1057 4823 1115 4880 δὶ
1182 4824 1259 4886 εἰς
1317 4826 1526 4897 Ταρσὸν
1585 4827 1612 4881 ὁ
1676 4821 1955 4901 Βαρνάϐας

294 4939 326 4970 α
389 4917 728 4987 ἀναζητῆσαι
797 4912 1028 4970 Σαῦλον’
1114 4915 1203 4970 καὶ
1265 4915 1438 4990 εὑρὼν
1510 4915 1694 4975 αὐτὸν.
1753 4915 1952 4991 ἢγαγεν

308 5031 337 5061 ι
369 5006 533 5060 αύτὸν
559 5005 636 5066 εἷς
686 5003 1053 5079 Ἀντιόχειαν.
1113 5001 1355 5082 Ἐγένετο
1407 5001 1463 5059 δὶ
1518 5005 1717 5066 αὖτοὺς
1777 5004 1951 5061 ἐνιαυ-

301 5119 321 5146 ι
355 5097 453 5150 τὸν
482 5094 616 5151 ’ὸλον
646 5101 986 5172 συναχθῆναι
1007 5098 1075 5169 τῇ
1107 5091 1395 5167 ἐκκλησίᾳ,
1418 5096 1505 5150 καὶ
1543 5092 1749 5166 διδάξαι
1783 5092 1958 5172 ὄχλον

290 5210 325 5240 α
357 5185 572 5242 ἱκανόν.
609 5208 637 5234 ››

368 5274 470 5329 Axi
498 5274 550 5327 τί
589 5273 664 5344 μή
701 5271 908 5344 Παύλῳ
937 5273 1257 5348 γράφουσιν,
1309 5271 1459 5329 ἀλλὰ
1508 5268 1786 5346 Βαρνάϐαν
1818 5273 1960 5349 πὲμφ

300 5384 506 5420 πουσιν
541 5381 557 5432 ;
585 5363 708 5421 Ὀτι
741 5362 899 5419 οὔπω
931 5367 1024 5417 τοῦ
1051 5360 1245 5439 ἀνδρὸς
1298 5361 1522 5439 ᾔδεισαν
1581 5365 1678 5433 τήν
1738 5364 1957 5438 ἀρετήν·

292 5460 415 5517 Ούκ
473 5457 766 5512 ἀντίκειται
829 5455 886 5512 δὲ
936 5457 1115 5531 τούτῳ
1162 5458 1245 5526 τὸ,
1307 5483 1334 5508 ‹‹
1417 5455 1608 5520 Ούδεὶς
1666 5458 1867 5535 ἀγαθὸς
1923 5458 1958 5529 ἢ

299 5543 471 5618 μόνος
507 5547 535 5600 ὁ
558 5545 710 5608 Θεὸς.
750 5569 776 5595 ››
811 5545 888 5604 Ού
913 5545 1016 5621 γάρ
1051 5545 1246 5603 ταύτόν
1300 5547 1411 5604 ἔστι
1468 5546 1597 5603 Θεὸν
1634 5546 1798 5620 μόνον
1831 5547 1960 5622 ἀγα-

373 5647 420 5682 ⁹⁸
463 5647 602 5705 Luc.
632 5661 793 5715 mu,
828 5647 914 5702 ω.

1984 4544 2033 4609 D

2049 1897 2079 1925 «
2123 1891 2484 1940 sermonem,
2511 1877 2627 1931 nisi
2657 1876 2802 1931 solis
2823 1875 3252 1931 JudtnisErant
3280 1879 3479 1928 autem
3513 1888 3582 1928 ex
3614 1871 3698 1927 eis

2056 1987 2080 2015 ι
2115 1965 2360 2038 quidam
2392 1965 2500 2022 viri
2533 1966 2730 2038 Cyprii
2764 1972 2822 2021 et
2860 1966 3249 2038 Cyrenenses.
3281 1986 3303 2016 ι

2125 2130 2398 2187 Ostendit
2457 2147 2564 2186 sua
2619 2129 2890 2202 apologia
2947 2131 3157 2185 Petrus
3215 2143 3276 2182 se
3324 2139 3706 2197 nequaquam

2053 2219 2237 2274 fuisse
2269 2236 2532 2284 causam,
2568 2219 2918 2289 sed-ubique
2980 2219 3160 2272 Deum
3218 2219 3360 2273 Nam
3407 2217 3533 2287 ipse
3588 2230 3705 2280 me,

2055 2311 2253 2383 inquit
2279 2312 2339 2365 in
2374 2312 2590 2366 mentis
2617 2327 2923 2366 excessum
2954 2309 3284 2370 constituit,
3314 2309 3439 2379 ipse
3469 2323 3568 2362 vas
3600 2306 3702 2361 de-

2055 2401 2427 2460 monstravit,
2451 2418 2554 2474 ego
2587 2417 2722 2455 vero
2747 2401 2924 2454 etiam
2954 2398 3285 2454 contradixi
3313 2415 3325 2452 :
3349 2412 3704 2465 rursumque

2055 2489 2214 2548 idem
2250 2491 2374 2564 ipse
2401 2490 2566 2556 dixit,
2597 2496 2654 2544 et
2684 2506 2878 2562 neque
2903 2489 2985 2544 sic
3018 2487 3232 2543 audivi.
3262 2487 3515 2560 Spiritus
3567 2485 3699 2555 jus.

2057 2581 2134 2636 sit
2165 2590 2228 2638 ut
2257 2581 2834 2655 congrederer,102
2867 2596 3222 2653 congressus
3254 2594 3328 2633 ne
3359 2577 3439 2631 ita
3463 2575 3706 2647 quidem

2057 2673 2640 2744 procurri.Dixerunt
2664 2670 2845 2725 Deum
2880 2671 3135 2734 misisse,
3161 2673 3220 2722 et
3249 2683 3359 2722 nec
3399 2667 3483 2721 sic
3515 2665 3711 2736 bapti-

2057 2762 2308 2828 zavi,sed
2338 2778 2576 2818 rursum
2609 2762 2763 2817 Deus
2792 2776 2918 2816 rem
2952 2774 3190 2814 omnem
3220 2756 3595 2813 eﬂ'ecit.Deus
3613 2754 3710 2810 ba-

2057 2853 2443 2926 ptizavit.non
2464 2853 2741 2925 ego.Nam
2773 2849 2915 2905 dum
2943 2849 3135 2904 adhuc
3153 2843 3708 2917 loquerer,illapsus

2059 2949 2150 3000 est
2179 2943 2238 2998 in
2273 2941 2675 3013 illosSpiritus
2697 2935 3436 3007 sanctus.etloquebantur
3467 2930 3707 3005 linguis,

2060 3039 2119 3089 et
2147 3031 2610 3105 magniﬁcabant
2640 3031 2846 3093 Deum,
2879 3026 3034 3083 sicut
3063 3032 3122 3082 et
3150 3041 3280 3078 nos.

2129 3121 2222 3187 Xl,
2253 3123 2441 3178 20-23.
2483 3143 2509 3171 (ι
2541 3118 2649 3185 Qui
2682 3116 2933 3190 ingressi
2969 3113 3341 3170 Antiochiam
3382 3109 3713 3184 loqueban-

2059 3235 2087 3264 «
2122 3218 2217 3268 tur
2247 3212 2318 3268 ad
2351 3212 2583 3267 Graecos
2619 3206 3048 3263 annuntiantes
3080 3204 3395 3259 Dominum
3456 3201 3657 3257 Jesum
3690 3214 3707 3254 :

2056 3326 2083 3354 ‹‹
2119 3308 2362 3373 eratque
2395 3315 2606 3355 manus
2637 3297 2872 3354 Domini
2903 3312 3039 3350 cum
3070 3294 3210 3356 illis,
3250 3299 3309 3349 et
3341 3291 3563 3361 multus
3595 3306 3707 3345 nu-

2060 3419 2080 3442 ι
2118 3409 2318 3447 merus
2351 3389 2606 3446 credidit
2645 3395 2704 3442 et
2751 3386 2827 3443 ad
2884 3386 3199 3440 Dominum
3233 3398 3554 3438 conversus
3597 3385 3708 3436 est.

2057 3507 2083 3532 (ι
2120 3481 2392 3538 Pervenit
2421 3486 2620 3534 autem
2653 3493 2859 3532 rumor
2889 3475 2960 3529 ad
2992 3490 3167 3529 aures
3221 3472 3522 3528 Ecclesia).
3577 3486 3710 3541 quas

2058 3595 2085 3622 ‹‹
2119 3577 2247 3627 erat
2274 3568 2657 3640 Jerosolymis
2693 3583 2870 3638 super
2899 3565 2990 3620 his
3023 3581 3034 3618 :
3070 3570 3128 3619 et
3169 3563 3463 3618 miserunt
3496 3563 3708 3615 Barna-

2057 3686 2084 3712 α
2118 3663 2279 3721 bam,
2313 3660 2510 3714 utiret
2540 3657 2932 3712 Antiochiam.
2993 3654 3100 3720 Qui
3160 3670 3295 3708 cum
3342 3651 3712 3724 pervenisset

2059 3776 2086 3803 ‹‹
2115 3769 2182 3808 ac
2222 3750 2462 3805 vidisset
2482 3748 2730 3821 gratiam
2765 3746 2887 3812 Dei,
2919 3745 3151 3819 gavisus
3185 3749 3293 3807 est,
3342 3748 3401 3796 et
3431 3739 3708 3795 hortaba-

2058 3867 2084 3892 ‹‹
2120 3849 2214 3897 tur
2242 3845 2543 3895 omnesut
2574 3836 2875 3908 proposito
2910 3834 3107 3890 cordis
3138 3834 3586 3903 perseverarent
3615 3827 3718 3885 ad.

2060 3957 2088 3985 ι(
2119 3935 2348 3990 haarere
2381 3930 2651 3987 Domino.
2689 3951 2716 3979 ››

2133 4047 2160 4075 υ
2193 4022 2282 4080 Ad
2308 4023 2560 4080 Grazcos.
2581 4044 2606 4069 ››
2623 4017 2910 4075 Fortassis
2926 4031 2993 4070 eo
3010 4013 3167 4085 quod
3195 4012 3478 4069 Hebraice
3497 4025 3712 4067 sonare

2059 4133 2178 4173 non
2210 4117 2474 4188 possent,
2496 4112 2725 4185 Graecos
2757 4109 2916 4178 ipsos
2947 4103 3269 4176 appellant.
3294 4102 3712 4175 Loquebantur

2061 4222 2197 4279 ergo
2231 4209 2289 4260 et
2318 4202 2392 4257 ad
2422 4218 2545 4266 eos,
2580 4196 3005 4254 annuntiantes
3053 4194 3368 4248 Dominum
3399 4194 3616 4250 Iesum.
3654 4197 3714 4246 et

2061 4292 2385 4351 credebant
2415 4304 2662 4344 omnes:
2694 4285 3444 4358 quoniam,inquit,manus
3478 4280 3713 4335 Domini

2063 4388 2190 4439 erat
2222 4397 2355 4436 cum
2378 4378 2662 4434 illiszhoc
2694 4382 2804 4438 est,
2841 4375 3007 4447 signa
3038 4370 3712 4442 Operabanlur.Propter

2062 4474 2173 4530 hoc
2205 4471 2364 4526 enim
2395 4468 2502 4522 fuit
2537 4467 2840 4539 signorum
2874 4463 3196 4520 necessitas
3227 4458 3638 4514 utcrederent.

2132 4650 2224 4719 XI,
2254 4651 2439 4705 24-26.
2466 4669 2494 4697 ‹‹
2523 4649 2661 4702 Erat
2689 4645 2848 4702 enim
2881 4645 2968 4698 vir
2997 4643 3188 4697 bonus
3235 4657 3303 4696 ac
3333 4637 3546 4713 plenus
3579 4636 3710 4710 Spi‘

2069 4761 2090 4789 ε
2123 4741 2240 4796 ritu
2273 4744 2475 4796 sancto
2505 4743 2563 4792 et
2586 4735 2799 4791 ﬁde.Et
2827 4733 3028 4787 addita
3059 4738 3147 4786 est
3179 4728 3366 4786 multa
3399 4727 3568 4783 turba
3600 4727 3711 4783 Do-

2065 4853 2093 4881 ‹‹
2125 4830 2308 4884 mino.
2336 4828 2642 4881 Profectus
2674 4830 2762 4879 est
2793 4827 2990 4876 autem
3029 4819 3324 4874 Barnabas
3351 4820 3619 4880 Tarsum,
3652 4821 3718 4872 ut

2067 4941 2094 4969 «
2127 4924 2421 4990 quaereret
2445 4916 2708 4974 Saulum,
2735 4929 2851 4984 quo
2883 4911 3142 4972 invento,
3163 4909 3332 4964 duxit
3360 4925 3492 4964 eum
3512 4909 3716 4963 Antio-

2068 5031 2093 5061 ι
2134 5009 2346 5066 chiam.
2384 5004 2608 5060 Accidit
2638 5009 2854 5057 autem.
2891 5008 2955 5056 ut
2982 5017 3202 5056 annum
3239 5006 3425 5054 totum
3485 5015 3618 5053 cum
3649 5013 3714 5052 ea

2069 5119 2096 5150 ι
2127 5095 2585 5172 congregatione
2611 5097 3003 5158 versarentur,
3041 5091 3407 5164 multamque
3431 5089 3717 5145 docerent

2069 5212 2096 5240 ‹‹
2125 5187 2379 5243 turbam.
2416 5209 2436 5236 ι

2138 5278 2323 5342 Quam
2357 5274 2430 5330 ob
2461 5288 2700 5329 causam
2725 5271 2904 5327 Paulo
2934 5287 3052 5326 non
3076 5269 3473 5337 scribunt,sed
3496 5271 3720 5324 Barna-

2066 5367 2201 5424 bam
2235 5361 2526 5419 mittunt?
2555 5361 2701 5428 Quia
2745 5361 2903 5416 illius
2957 5362 3061 5416 viri
3125 5361 3388 5416 nondum
3445 5361 3722 5414 virtutem

2067 5454 2528 5511 noverant.Huic
2561 5470 2679 5508 non
2713 5458 3003 5525 repugnat
3032 5451 3186 5523 quod
3223 5450 3441 5506 dicitur
3471 5467 3525 5504 :u
3546 5452 3724 5504 Nemo

2068 5546 2261 5603 bonus
2291 5544 2406 5600 nisi
2435 5543 2595 5598 solus
2629 5544 2780 5598 Deus
2810 5541 2877 5593 υ.
2916 5563 2942 5592 ››
2970 5543 3170 5614 Neque
3204 5541 3362 5596 enim
3389 5541 3501 5596 hoc
3523 5541 3717 5610 ipsum
