4176 6200
383 365 491 424 191
1461 350 1875 415 GCUMENlI
1919 353 2226 417 TRICCzﬂ
2267 358 2716 424 EPISCOPUS.
3682 357 3794 422 192

385 502 660 556 estDeum
678 495 868 551 solum
883 493 1104 547 bonum
1120 506 1248 545 esse
1263 488 1421 561 quod
1435 490 1623 545 virum
1640 489 1860 544 bonum
1875 506 2024 546 esse.

2167 490 2231 544 l6v
2266 492 2426 561 εἶναι,
2482 494 2572 548 καὶ
2630 492 2800 568 ἄνδρα
2857 494 3062 570 ἀγαθὸν
3124 494 3416 574 ὑπάρχειν.
3467 495 3528 552 Ὀ
3560 495 3656 566 μὶν
3690 495 3794 572 γὰρ

387 590 492 643 llle
516 585 807 657 siquidem
833 588 1042 636 natura
1064 581 1257 635 bonus
1286 585 1393 647 est,
1418 596 1552 634 eum
1578 579 1935 651 principium
1968 595 2035 633 ac

383 678 517 732 fons
541 676 617 728 sit
638 674 929 727 bonorum
956 688 968 724 :
995 671 1080 724 vir
1102 676 1300 725 autem
1330 686 1448 723 non
1474 675 1684 723 natura
1706 669 1900 724 bonus
1924 674 2034 735 est,

387 764 488 822 sed
520 763 752 817 virtutis
784 761 1192 832 assumptione
1225 759 1404 814 habet
1447 763 1515 813 ut
1558 757 1748 813 bonus
1780 758 1876 815 sit.
1911 759 2036 813 Non

387 853 546 909 enim
581 851 932 922 simpliciter
963 849 1154 904 bonus
1185 849 1421 911 dicitur,
1457 847 1558 902 sed
1602 848 1689 901 vir
1726 847 1938 902 bonus.
1971 848 2036 902 In

388 945 546 1000 hunc
577 958 714 1014 ergo
747 957 988 997 sensum
1019 941 1198 994 etiam
1233 938 1381 994 illud
1433 939 1742 1010 accipitur,
1775 961 1802 986 «
1841 939 2036 992 Bonus

387 1034 564 1089 homo
595 1031 644 1065 9⁵
677 1052 701 1082 ι)
750 1038 809 1088 et
865 1054 893 1081 «
929 1033 1082 1102 Euge
1143 1045 1306 1085 serve
1358 1029 1512 1084 bone
1568 1034 1628 1084 et
1685 1026 1879 1082 fidelis
1909 1027 1974 1094 ⁸⁸,
2011 1049 2032 1075 ι»

385 1123 621 1194 aliaque
655 1123 748 1178 his
781 1121 1021 1176 similia.

456 1214 494 1267 1
509 1213 616 1267 03
646 1234 672 1261 ι‹
697 1212 768 1266 Ει
787 1210 1064 1281 discipuli
1089 1209 1542 1265 nominarentur
1556 1208 1817 1280 primum
1834 1206 2039 1263 Antio-

392 1322 415 1350 ι
458 1301 606 1356 chiaa
638 1299 978 1356 Christiani.
1011 1319 1034 1346 ο

2142 584 2261 638 κατ’
2291 583 2474 640 οὐσίαν
2520 586 2714 662 ἀγαθὸς
2773 587 3034 662 ὑπάρχει,
3090 585 3239 662 ἀρχή
3271 586 3360 641 καὶ
3393 588 3546 660 πηγὴ
3581 585 3653 640 ὢν
3692 591 3794 641 τῶν

2142 671 2376 747 ἀγαθῶν
2412 676 2439 728 6
2471 672 2528 730 δὲ
2557 674 2694 747 ἀνὴρ
2741 677 2804 731 οὐ
2861 676 2979 730 κατ’
3011 674 3221 743 οὐσίαν,
3280 674 3406 730 ἀλλ’
3439 675 3490 728 ἐν
3525 673 3792 747 ἀναλήψει

2141 761 2336 834 ἀρετῆς
2367 757 2485 839 ἔχει
2538 765 2601 820 τὸ
2653 765 2854 839 ἀγαθὸν
2890 765 3049 823 εἶναι.
3082 765 3161 822 Οὐ
3215 765 3315 839 γὰρ
3350 765 3537 825 ἁπλῶς
3569 766 3789 841 ἀγαθὸς,

2143 847 2271 904 ἀλλ’
2299 852 2436 928 ἀνὴρ
2467 853 2682 927 ἀγαθός.
2717 854 2809 916 Εἰς
2837 859 3000 910 τοῦτο
3033 853 3125 908 οὖν
3151 851 3304 928 λήψῃ
3337 855 3536 922 καὶτὸ,
3559 878 3587 907 ‹‹
3623 857 3791 931 Ἀγα-

2143 938 2233 1001 θὸς
2290 941 2594 1015 ἄνθρωπος,
2632 967 2658 993 »
2717 945 2806 998 καὶ
2860 945 2946 1009 τὸ,
3007 968 3033 995 ιι
3069 944 3234 1017 Εὖγε,
3292 941 3455 999 δοῦλε
3501 944 3662 1018 ἁγαθέ
3706 942 3794 998 καὶ

2143 1029 2318 1096 πιστὶ,
2354 1053 2380 1082 ››
2410 1031 2496 1085 καὶ
2529 1032 2595 1086 τὰ
2625 1031 2841 1094 τούτοις
2861 1031 3053 1108 ὅμοια.

2216 1231 2245 1259 α
2276 1207 2627 1281 Χρηματίσαι
2681 1231 2740 1266 τε
2791 1215 3011 1287 πρῶτον
3063 1209 3117 1266 ἰν
3173 1209 3492 1292 Ἀντιοχείᾳ
3533 1210 3662 1273 τοὺς
3693 1232 3796 1284 μα·

2145 1319 2174 1347 ‹‹
2207 1297 2376 1366 θητὰς
2406 1299 2779 1373 Χριστιανούς.
2811 1328 2838 1354 ι

457 1421 624 1479 Pauli
658 1421 770 1476 hoc
803 1433 1038 1491 quoque
1086 1417 1317 1472 facinus
1357 1417 1654 1490 egregium
1705 1416 1767 1471 in
1811 1419 2037 1472 tantam

393 1512 588 1570 efferri
623 1517 885 1566 meretur
917 1508 1345 1564 sublimitatem
1395 1513 1462 1562 ut
1499 1505 1746 1578 quodvis
1779 1507 2035 1580 signum.

387 1603 531 1657 Cum
565 1601 724 1655 enim
759 1606 877 1654 tam
905 1597 1072 1652 multi
1103 1603 1303 1652 essent
1323 1597 1383 1651 in
1404 1596 1607 1653 Judaaa
1628 1597 1728 1668 qui
1751 1596 2035 1652 credidis-

2216 1419 2437 1477 Παύλου
2493 1424 2584 1478 καὶ
2637 1428 2799 1481 τοῦτο
2853 1425 2918 1481 τὸ
2970 1425 3303 1500 κατόρθωμα
3387 1426 3462 1489 είς
3538 1429 3798 1481 τοσοῦτον

2145 1508 2339 1586 ἰπᾶραι
2388 1512 2524 1588 ὕψος
2581 1511 2764 1586 ὥσπερ
2824 1535 2875 1570 τι
2936 1521 3165 1588 σημεῖον
3222 1516 3285 1572 τὸ
3340 1513 3534 1588 ὄνομα.
3569 1517 3656 1573 Ἐν
3689 1517 3797 1591 γὰρ

2141 1602 2210 1673 τῇ
2287 1599 2524 1675 Ἰουδαίᾳ
2591 1602 2868 1659 τοσούτων
2943 1601 3109 1660 ὄντων
3186 1610 3294 1661 τῶν
3367 1606 3790 1676 πιστευσάντων,

388 1697 540 1757 sent,
564 1689 712 1744 nihil
741 1689 856 1744 tale
887 1687 1107 1742 factum
1131 1685 1352 1751 est,sed
1374 1686 1453 1740 ibi
1478 1686 1624 1742 fides
1647 1687 1707 1742 in
1739 1686 2036 1740 Christum

2167 1687 2296 1744 »ὑδέν
2327 1695 2583 1746 τοιοῦτον
2625 1692 2866 1768 γέγονεν,
2924 1692 3054 1750 ἀλλ’
3115 1695 3167 1749 οἱ
3223 1702 3322 1764 τῆς
3379 1693 3507 1750 ὁδοῦ
3565 1692 3796 1765 ἤκουον.

386 1785 480 1839 via
505 1782 831 1838 dicebatur.
865 1779 1303 1837 Advertendum
1335 1785 1530 1834 autem
1556 1779 1718 1850 quod
1744 1779 1818 1834 ob
1850 1778 1910 1833 id
1941 1794 2038 1850 po-

2167 1781 2491 1850 Ξημειωτὲον
2545 1777 2602 1835 δὲ
2659 1782 2742 1837 ὅτι
2803 1779 2892 1836 διὰ
2947 1786 3112 1838 τοῦτο
3164 1784 3442 1857 μᾶλλονή
3485 1785 3796 1864 Ἀντιόχεια

391 1872 689 1928 tissimum
708 1870 886 1943 digna
902 1870 1106 1926 habita
1117 1876 1207 1926 est
1223 1869 1536 1925 Antiochia
1552 1868 1691 1926 sede
1712 1868 2035 1940 pontificia,

2167 1867 2344 1941 lpdvou
2400 1869 2611 1940 ἠξιώθη
2680 1869 3036 1951 ἀρχοντικοῦ,
3111 1869 3297 1943 ἐπειδὴ
3381 1871 3488 1927 ἐκεῖ
3575 1877 3796 1947 πρῶτον

391 1961 675 2033 quoniam
706 1959 785 2015 ibi
819 1960 1077 2032 primum
1128 1965 1483 2026 statuerunt,
1516 1964 1583 2014 ut
1625 1958 1902 2030 discipuli
1933 1974 2043 2013 no-

2167 1958 2530 2036 ἱχρηματισαν
2561 1960 2612 2014 o't
2647 1960 2885 2033 μαθηταὶ
2932 1961 3214 2026 καλεῖσθαι
3244 1962 3579 2037 Χριστιανοί.
3614 1965 3798 2019 Τοῦτο

392 2051 767 2107 minarentur
797 2050 1133 2105 Christiani.
1156 2051 1276 2106 Hoc
1297 2056 1496 2105 autem
1520 2065 1737 2104 nomen
1773 2049 2044 2104 multitu-

2167 2044 2210 2100 i‘s
2237 2047 2299 2101 16
2330 2042 2500 2122 ὄνομα
2529 2046 2823 2112 πολυθεΐας
2854 2049 2996 2106 ἐστὶν
3031 2050 3346 2108 ἀντίπαλον.

391 2142 518 2200 dini
551 2142 796 2198 deorum
828 2159 896 2198 ac
926 2143 1099 2199 varias
1133 2143 1194 2199 in
1222 2143 1343 2198 illis
1377 2141 1669 2199 divinitati
1698 2142 2039 2216 opponitur.

999 2287 1231 2344 CAPUT
1267 2235 1474 2345 XVII:

2774 2287 3037 2345 ΚΕΦΑΛ.
3079 2285 3174 2345 lz‘.

2155 2443 2471 2526 Προιρητεία
2572 2443 2812 2526 Ἀγιέϐου
2855 2519 2867 2526 _
2913 2447 3042 2526 napi
3139 2447 3310 2526 λιμοῦ
3401 2447 3802 2526 οίκυυμιν-ικοῦ,

2226 2517 2316 2573 καὶ
2373 2517 2718 2601 καρποφορία
2772 2519 2911 2594 πρὸς
2962 2517 3092 2583 τοὺς
3163 2517 3215 2576 ἐν
3268 2517 3586 2600 Ἀντιοχείᾳ
3643 2517 3809 2576 ἁδελ-

2229 2608 2382 2686 φοῦς.

2232 2699 2379 2755 «Ἐν
2431 2699 2651 2761 ταύταις
2705 2695 2762 2755 δὶ
2842 2703 2959 2761 ταῖς
3040 2700 3274 2774 ἡμέραις
3351 2698 3624 2768 κατῆλθον
3691 2698 3797 2755 ἀπὸ

2163 2809 2184 2841 ε
2218 2785 2616 2860 Ἰεροσολύμων
2674 2795 2948 2866 προφῆται
3010 2788 3086 2852 εἷς
3138 2787 3500 2864 Ἀντιόχειαν.
3545 2789 3814 2850 Ἀναστὰς

2159 2874 2275 2933 «δὶ
2332 2877 2409 2941 εἷς
2463 2877 2514 2949 ἐξ
2571 2877 2746 2934 αὐτῶν
2806 2879 3034 2952 ὀνόματι
3093 2874 3354 2954 Ἄγαϐος,
3429 2877 3662 2952 ἐσήμαινε
3718 2875 3811 2934 διὰ

2161 2991 2190 3020 ‹‹
2221 2970 2318 3022 τοῦ
2371 2967 2708 3041 ΙλΙνεῦματος,
2769 2967 2934 3038 λιμὸν
2997 2967 3158 3043 μὲγαν
3220 2966 3445 3040 μέλλειν
3477 2961 3684 3024 ἔσεσθαι
3724 2967 3807 3045 ἐφ’

396 2450 699 2522 Prophetia
759 2451 938 2521 Αθαδὶ
993 2453 1060 2507 de
1113 2451 1365 2522 generali
1399 2469 1501 2523 per
1550 2452 1731 2508 orbem
1788 2454 1940 2520 fame
1973 2457 2046 2523 et

467 2524 804 2648 eremosyna
828 2525 1058 2580 collecta
1086 2521 1239 2596 apud
1273 2521 1495 2593 fratres,
1529 2527 1627 2595 qui
1656 2530 1814 2578 erant
1843 2521 2044 2578 Antio-

468 2611 496 2648 c
536 2611 628 2648 me.

468 2611 628 2652 caue.

467 2687 562 2754 XI,
593 2689 786 2743 27-30.
825 2707 851 2739 ι
883 2687 983 2743 His
1031 2693 1230 2745 autem
1273 2687 1484 2744 diebus
1514 2693 1984 2759 supervenerunt
2013 2702 2048 2742 a

401 2799 423 2826 ι
456 2777 838 2849 Jerosolymis
868 2778 1171 2850 propheta)
1220 2778 1633 2834 Antiochiam:
1683 2792 2050 2848 surgensque

399 2887 428 2916 κ
461 2883 615 2923 unus
646 2868 890 2923 nomine
941 2867 1167 2941 Agabus
1223 2867 1594 2941 signiﬁcabat
1632 2883 1737 2939 per
1766 2865 2050 2940 Spiritum

401 2976 430 3006 (ι
461 2955 682 3012 famem
722 2973 996 3030 magnam
1031 2957 1291 3012 futuram
1323 2957 1384 3013 in
1417 2958 1690 3012 universo
1722 2956 1883 3020 orbe,
1918 2973 2050 3026 qua:

403 3067 431 3095 «
466 3047 684 3101 accidit
713 3046 821 3102 sub
883 3046 1129 3104 Claudio
1186 3047 1437 3103 Cassare.
1497 3045 1781 3118 Discipuli
1829 3051 2048 3111 autem,

2167 3079 2195 3109 κ
2225 3055 2363 3128 ὅλην
2394 3059 2492 3124 τῆν
2540 3057 2894 3131 οἱκουμένην,
2949 3056 3100 3121 ὅστις
3145 3058 3235 3113 καὶ
3266 3058 3474 3135 ἐγένετο
3503 3057 3587 3112 ἐπὶ
3621 3055 3810 3113 Κλαυ·

410 3159 430 3184 α
466 3143 644 3207 prout
667 3137 880 3208 cuique
908 3137 1683 3210 suppetebat,decreverunt
1707 3136 1959 3208 quisque
1992 3135 2048 3190 in

2169 3170 2190 3196 ι
2221 3143 2342 3201 δίου
2401 3146 2690 3221 Καίσαρος.
2749 3149 2871 3204 Τῶν
2931 3145 2988 3203 δὲ
3047 3149 3305 3218 μαθητῶν
3385 3147 3562 3208 καθὼς
3629 3146 3815 3216 ηὐπο-

398 3244 420 3274 ε
455 3225 788 3279 subsidium
817 3226 1051 3282 mittere
1083 3226 1490 3282 habitantibus
1518 3226 1579 3281 in
1609 3224 1811 3280 Iudaea
1843 3223 2036 3279 fratri-

2167 3259 2181 3286 ‹
2214 3236 2359 3312 ρεῖτό
2415 3257 2522 3308 τις,
2579 3234 2779 3313 ὥρισαν
2863 3233 3086 3299 ἕκαστος
3156 3236 3330 3292 αὐτῶν
3390 3236 3466 3298 εἰς
3523 3234 3815 3294 διακονίαν.

393 3333 421 3360 ‹‹
457 3310 605 3367 bus:
641 3312 798 3383 quod
827 3319 888 3367 et
914 3315 1526 3381 fecerunt,mitteutes
1556 3314 1630 3370 ad
1661 3313 2039 3388 presbyteros

2166 3351 2187 3377 ι
2223 3329 2434 3401 πεμψαι
2466 3331 2580 3389 τοῖς
2629 3330 2976 3382 κατοικοῦσιν
3037 3325 3088 3382 ἰν
3149 3329 3218 3399 τῇ
3278 3323 3515 3396 Ἰουδαίᾳ
3541 3321 3802 3400 ἀδελφοῖς

401 3422 429 3450 κ
462 3415 569 3473 per
598 3417 844 3457 manum
871 3403 1153 3458 Barnabas
1183 3419 1253 3459 ac
1282 3403 1463 3462 Sauli.
1499 3424 1527 3454 ιο

2161 3434 2191 3464 ‹‹
2223 3411 2252 3466 6
2282 3410 2373 3466 καὶ
2403 3411 2686 3481 ἐποίησαν,
2743 3409 3158 3474 ἀποστείλαντες
3216 3412 3354 3486 πρὸς
3411 3409 3538 3472 τοὺς
3574 3404 3813 3484 πρεσϐυ-

2162 3527 2191 3556 ‹‹
2224 3504 2415 3579 τὲρους
2441 3500 2530 3560 διὰ
2560 3503 2747 3578 χειρὸς
2781 3497 3030 3576 Βαρνάϐα
3061 3503 3156 3558 καὶ
3187 3502 3429 3561 Σαύλου.
3465 3526 3493 3555 ››

473 3618 600 3672 Non
632 3621 722 3671 est
747 3615 888 3672 huic
913 3617 1276 3676 contrarium
1307 3619 1464 3690 quod
1485 3635 1521 3676 a
1548 3619 1795 3675 Domino
1827 3619 2052 3676 dictum

403 3711 532 3762 est:
561 3728 582 3755 ει
613 3706 722 3761 Lex
741 3712 797 3761 et
821 3707 1121 3778 prophetas
1137 3705 1183 3742 97
1209 3731 1234 3755 υ
1258 3725 1446 3780 usque
1469 3708 1543 3764 ad
1562 3710 1873 3766 Joannem.
1908 3711 2053 3766 Nam

399 3797 513 3852 hoc
537 3795 611 3852 de
640 3796 760 3851 illis
818 3796 1049 3852 dixerat
1099 3799 1404 3869 prophetis
1443 3799 1544 3870 qui
1575 3799 1706 3869 ejus
1736 3799 2054 3854 adventum

407 3888 822 3960 praedixerant.
860 3887 942 3943 Ne
991 3889 1169 3960 igitur
1197 3888 1271 3943 ob
1320 3887 1379 3944 id
1430 3889 1810 3962 postmodum
1836 3888 2053 3945 factam

406 3976 2057 4049 essefamemastimarentquodsubintroissetChristia-

407 4067 661 4132 nismus,
694 4065 964 4136 praadicit
992 4066 1157 4120 illam
1189 4066 1444 4138 Spiritus
1484 4074 1745 4123 sanctus.
1800 4069 1918 4124 Hoc
1947 4085 2054 4124 au-

407 4161 528 4211 tem
560 4161 619 4210 et
676 4155 940 4209 Christus
997 4155 1351 4226 praedixerat
1391 4156 1472 4212 ἐξ
1533 4173 1653 4212 non
1685 4156 1844 4228 quod
1893 4156 1955 4213 id
1979 4156 2054 4212 ab

404 4247 576 4302 initio
610 4244 737 4301 ﬁeri
771 4247 1114 4317 oportuerit,
1150 4247 1254 4302 sed
1307 4253 1549 4319 propter
1579 4247 1753 4314 mala,
1785 4264 1917 4318 qua
1948 4246 2052 4302 ad.

403 4351 609 4391 versus
639 4336 938 4407 apostolos
970 4336 1212 4392 ﬂebant.
1247 4337 1624 4409 Longauimis
1656 4337 1896 4410 quidem
1929 4344 2058 4395 erat

405 4430 579 4495 Deus,
611 4445 815 4484 verum
836 4445 971 4484 cum
997 4428 1247 4484 nimium
1276 4435 1573 4500 urgerent,
1596 4446 1811 4500 magna
1840 4429 2060 4485 accidit

408 4519 616 4586 fames,
674 4519 893 4574 Judaeis
949 4518 1147 4576 futura
1201 4519 1519 4592 designans
1578 4520 1753 4575 mala.
1810 4520 1974 4585 Quod
2006 4519 2055 4574 si

2235 3627 2351 3684 Οὔκ
2379 3621 2521 3684 ἔστιν
2555 3627 2789 3684 ἐναντίον
2818 3627 2998 3700 τούτῳ
3027 3627 3102 3694 τὸ
3165 3629 3266 3684 ὑπὸ
3296 3631 3393 3683 τοῦ
3424 3627 3628 3701 Κυρίου
3659 3626 3818 3702 εἴρη-

2168 3717 2350 3791 μὲνον·
2385 3743 2412 3768 «
2443 3717 2500 3774 Ὀ
2558 3718 2728 3790 νόμος
2783 3717 2872 3771 καὶ
2931 3717 2985 3772 οἳ
3041 3724 3318 3798 προφῆται
3348 3741 3376 3768 ››
3405 3713 3509 3779 ἕως
3539 3717 3812 3776 Ἰωάννου.

2162 3811 2342 3865 Τοῦτο
2393 3808 2497 3884 γὰρ
2554 3807 2678 3880 περὶ
2738 3806 2959 3864 ἐκείνων
3018 3810 3152 3886 φησί
3211 3813 3318 3865 τῶν
3377 3812 3671 3884 προφητῶν
3704 3811 3812 3860 τῶν

2163 3898 2264 3966 τὴν
2321 3893 2618 3968 παρουσίαν
2677 3895 2848 3950 αὐτοῦ
2900 3899 3500 3978 προαναφωνησάντων.
3559 3901 3674 3951 Ἵνα
3715 3893 3812 3952 οὖν

2170 3987 2246 4060 μὴ
2305 3984 2602 4057 νομίσωσιν
2665 3985 2748 4040 δτι
2803 3981 2894 4041 διὰ
2923 3991 3089 4040 τοῦτο
3141 3987 3170 4043 6
3229 3985 3395 4058 λιμὸς
3449 3984 3695 4063 γέγονεν,
3730 3985 3817 4041 ὅτι

2167 4075 2588 4146 Χριστιανισμὸε
2621 4072 2864 4144 εἰσῆλθε,
2906 4073 3166 4150 προλέγει
3207 4076 3270 4130 τὸ
3300 4079 3517 4148 Πνεῦμα
3543 4076 3607 4130 τὸ
3637 4076 3824 4152 ἅγιον.

2166 4167 2343 4223 Τοῦτο
2402 4161 2460 4218 δε
2516 4162 2604 4218 καὶ
2634 4163 2662 4219 6
2693 4164 2923 4238 Χριστὸς
2979 4169 3258 4234 προεῖπεν,
3290 4164 3391 4219 οὐκ
3432 4161 3622 4234 ἐπειδὴ
3656 4167 3821 4221 τοῦτο

2165 4251 2218 4323 ἐξ
2247 4253 2430 4332 ἀρχῆς
2455 4254 2701 4328 γενέσθαι
2758 4247 2891 4320 ἔδει,
2952 4251 3097 4308 ἀλλὰ
3158 4251 3248 4309 διὰ
3304 4253 3370 4308 τὰ
3427 4253 3568 4308 κακὰ
3618 4253 3686 4308 τὰ
3738 4253 3820 4316 εἷς

2164 4341 2292 4403 τοὺς
2323 4339 2665 4404 ἀποστόλους
2696 4342 2979 4417 γενόμενα.
3040 4343 3138 4396 Καὶ
3195 4339 3570 4416 ἐμακροθύμει
3605 4344 3633 4397 6
3665 4343 3821 4405 Θεός·

2168 4431 2243 4493 ὡς
2296 4426 2354 4484 δὲ
2407 4428 2694 4496 ἐνέκειντο,
2751 4429 2918 4504 λιμὸς
2958 4428 3124 4504 μίγας
3179 4429 3409 4504 γίνεται,
3454 4430 3676 4503 μηνύων
3704 4434 3826 4494 τοῖς

2163 4517 2446 4581 Ἰουδαίοις
2501 4520 2568 4574 τὰ
2625 4518 2856 4591 ἐσόμενα
2910 4520 3068 4576 κακά.
3127 4518 3192 4577 Εἰ
3250 4517 3307 4574 δὲ
3365 4517 3436 4574 δι’
3493 4519 3686 4581 αὐτοὺς
3723 4519 3823 4599 ἦν.

407 4617 650 4680 prapter
677 4609 822 4663 istos
853 4609 1122 4670 fuissent.
1173 4609 1534 4680 oportuisset
1573 4610 1769 4680 potius
1800 4615 1860 4665 et
1887 4609 2048 4665 illam

2167 4603 2268 4666 ἔδει
2301 4611 2515 4670 πάντως
2570 4609 2661 4663 καὶ
2720 4603 2850 4664 ὅντα
2905 4607 3230 4667 παύσασθαι.
3287 4606 3670 4681 Εΰδοκιμῆσαι
3712 4608 3821 4685 γὰρ

409 4712 540 4766 qum
573 4704 700 4752 erat
725 4713 978 4753 cessare.
1013 4699 1158 4754 Nam
1191 4699 1376 4771 magis
1425 4697 1655 4753 laudari
1686 4697 2051 4766 debuissent,

409 4786 511 4854 qui
540 4785 698 4855 quod
730 4803 902 4841 suum
935 4794 1058 4842 erat
1089 4787 1402 4856 faciebant,
1437 4803 1653 4860 nempe
1683 4787 2054 4853 occidebant,

413 4874 570 4927 104
601 4873 950 4944 puniebant,
1001 4877 1364 4936 cruciabant.
1421 4878 1689 4950 undique
1736 4894 2057 4952 perseque-

407 4961 646 5017 bantur.
681 4962 997 5032 Propterea
1025 4981 1162 5035 ergo
1191 4968 1371 5035 pestis
1390 4967 1543 5022 facta
1574 4974 1682 5031 est,
1715 4983 2057 5038 quanquam

411 5051 615 5107 miseri
639 5066 757 5104 non
780 5051 1189 5123 intelligebant
1208 5069 1220 5107 :
1242 5061 1300 5108 et
1319 5055 1833 5127 compatiebantur
1853 5055 1974 5110 illis
1997 5056 2059 5110 in

415 5140 528 5195 hoc
555 5139 894 5194 Christiani.
930 5141 1368 5199 Advertendum
1401 5151 1490 5199 est
1529 5143 1688 5216 quod
1718 5145 1897 5200 etiam
1926 5160 2061 5217 pre-

415 5228 787 5300 sbyterorum
841 5230 1186 5304 dignitatem
1239 5233 1536 5290 habebant
1586 5234 1861 5306 apostoli.
1913 5234 2060 5289 Aliis

411 5333 650 5389 quoque
680 5319 974 5392 capitibus
1005 5322 1404 5393 significatum
1453 5329 1543 5379 est
1591 5323 1750 5395 quod
1781 5324 2060 5381 diacono-

413 5424 549 5466 rum
583 5417 642 5466 et
670 5411 1086 5488 episcoporum
1115 5415 1363 5485 gradum
1394 5413 1711 5472 habebant.

2168 4697 2382 4772 μᾶλλον
2443 4698 2614 4778 ἐχρῆν
2673 4698 2870 4760 αὐτοὺς
2929 4698 3014 4754 ὅτι
3071 4699 3132 4773 16
3189 4699 3367 4755 αὐτῶν
3429 4697 3673 4766 ἐποίουν,
3729 4699 3828 4754 ἆν-

2163 4788 2353 4863 ῄρουν,
2413 4784 2694 4856 ἔκόλαζον,
2774 4785 3100 4861 ἐτιμώρουν,
3178 4788 3515 4863 πανταχόθεν
3574 4785 3828 4850 ἐδίωκον.

2168 4880 2266 4932 Δια
2319 4879 2479 4932 τοῦτο
2532 4874 2711 4930 τοίνυν
2765 4875 2856 4930 καὶ
2915 4875 2944 4929 6
3002 4874 3166 4948 λιμὸς
3218 4877 3452 4952 γέγονεν,
3515 4877 3562 4931 εί
3617 4877 3709 4932 καὶ
3757 4877 3823 4934 οὗ

2167 4971 2400 5033 συνῆκαν
2469 4965 2521 5018 οἱ
2601 4962 2850 5033 τάλανες,
2935 4966 3023 5018 καὶ
3105 4966 3443 5040 συνέπασχον
3505 4965 3691 5026 αὐτοῖς
3748 4965 3830 5031 είς

2166 5056 2327 5108 τοῦτο
2373 5053 2425 5107 οἱ
2483 5052 2821 5126 Χριστιανοί.
2882 5056 3232 5126 Σημειωτέοι
3295 5053 3377 5109 ὅτι
3410 5055 3500 5109 καὶ
3532 5049 3831 5126 πρεσϐυτὲ-

2171 5163 2277 5218 ρων
2332 5142 2483 5218 εἶχον
2543 5143 2688 5214 ἀξίαν
2748 5144 2800 5199 οἱ
2859 5139 3178 5203 ἀπόστολοι.
3242 5146 3344 5202 Καὶ
3396 5144 3485 5200 ἐπὶ
3537 5143 3723 5200 ἄλλων
3769 5141 3829 5199 δὶ

2167 5232 2478 5310 κεφαλαίων
2511 5235 2881 5308 σεσημείωται
2937 5235 3021 5293 ὅτι
3080 5233 3337 5292 διακόνων
3389 5237 3476 5291 καὶ
3510 5234 3829 5291 ἐπισκόπων

2173 5321 2326 5398 εἶχον
2361 5325 2465 5400 βαθ
2474 5324 2594 5398 μόν.

485 5662 534 5698 ⁸⁸
568 5664 770 5722 Matth.
807 5681 910 5733 ιιι,
939 5667 1028 5720 35.
1107 5664 1152 5699 ⁸⁸
1182 5666 1382 5724 Matth.
1417 5684 1547 5736 uv,
1578 5667 1671 5736 2i,
1703 5667 1790 5723 23.
1870 5668 1910 5703 ⁸⁷
1943 5668 2048 5725 Mal

2181 5684 2248 5733 ιι,
2284 5671 2369 5724 12.
2448 5668 2497 5702 ⁸⁸
2530 5670 2729 5726 Matth.
2756 5685 2910 5738 xxxv,
2943 5672 2993 5724 7.
