  <div class='ocr_page' id='page_1' title='image "/cluster/home/n/w/nwhite01/storage/ocr_20150623/118/hvd.32044073502247/102.png"; bbox 0 0 4150 6200; ppageno 0'>
   <div class='ocr_carea' id='block_1_1' title="bbox 351 361 465 418">
    <p class='ocr_par' dir='ltr' id='par_1_1' title="bbox 351 361 465 418">
     <span class='ocr_line' id='line_1_1' title="bbox 351 361 465 418; baseline 0 -1"><span class='ocrx_word' id='word_1_1' title='bbox 351 361 465 418; x_wconf 73' lang='grc'><strong><em>193</em></strong></span> 
     </span>
    </p>
   </div>
   <div class='ocr_carea' id='block_1_2' title="bbox 349 579 2005 660">
    <p class='ocr_par' dir='ltr' id='par_1_2' title="bbox 349 579 2005 660">
     <span class='ocr_line' id='line_1_2' title="bbox 349 579 2005 660; baseline -0.01 -8"><span class='ocrx_word' id='word_1_2' title='bbox 349 589 621 653; x_wconf 74' lang='grc' dir='ltr'>Ἰακώϐου</span> <span class='ocrx_word' id='word_1_3' title='bbox 693 595 797 647; x_wconf 77' lang='grc' dir='ltr'><strong><em>τοῦ</em></strong></span> <span class='ocrx_word' id='word_1_4' title='bbox 872 585 1183 660; x_wconf 70' lang='grc' dir='ltr'>ἀποστᾲλου</span> <span class='ocrx_word' id='word_1_5' title='bbox 1258 579 1599 660; x_wconf 66' lang='grc' dir='ltr'>κατασφαγήο</span> <span class='ocrx_word' id='word_1_6' title='bbox 1676 581 1730 639; x_wconf 71' lang='grc' dir='ltr'>ἐν</span> <span class='ocrx_word' id='word_1_7' title='bbox 1805 581 1851 655; x_wconf 86' lang='grc' dir='ltr'>ᾦ</span> <span class='ocrx_word' id='word_1_8' title='bbox 1887 581 2005 660; x_wconf 66' lang='grc' dir='ltr'><strong><em>ΔΠέο</em></strong></span> 
     </span>
    </p>
   </div>
   <div class='ocr_carea' id='block_1_3' title="bbox 423 653 2003 742">
    <p class='ocr_par' dir='ltr' id='par_1_3' title="bbox 423 653 2003 742">
     <span class='ocr_line' id='line_1_3' title="bbox 423 653 2003 742; baseline -0.008 -21"><span class='ocrx_word' id='word_1_9' title='bbox 423 687 555 741; x_wconf 82' lang='grc' dir='ltr'>τρου</span> <span class='ocrx_word' id='word_1_10' title='bbox 625 662 906 737; x_wconf 68' lang='grc' dir='ltr'>σύλληψις</span> <span class='ocrx_word' id='word_1_11' title='bbox 974 657 1130 742; x_wconf 34' lang='grc' dir='ltr'>πρός.</span> <span class='ocrx_word' id='word_1_12' title='bbox 1174 653 1666 742; x_wconf 47' lang='grc' dir='ltr'>’βρώδουίηδσξως</span> <span class='ocrx_word' id='word_1_13' title='bbox 1719 653 2003 742; x_wconf 13' lang='grc' dir='ltr'>τεηήαύτδὸν</span> 
     </span>
    </p>
   </div>
   <div class='ocr_carea' id='block_1_4' title="bbox 424 728 2008 813">
    <p class='ocr_par' dir='ltr' id='par_1_4' title="bbox 424 728 2008 813">
     <span class='ocr_line' id='line_1_4' title="bbox 424 728 2008 813; baseline -0.009 -19"><span class='ocrx_word' id='word_1_14' title='bbox 424 728 469 794; x_wconf 70' lang='grc' dir='ltr'>δ’</span> <span class='ocrx_word' id='word_1_15' title='bbox 525 734 764 813; x_wconf 78' lang='grc' dir='ltr'>ἄγγελος</span> <span class='ocrx_word' id='word_1_16' title='bbox 795 728 1376 813; x_wconf 31' lang='grc' dir='ltr'>βείω-’κελεύσματι</span> <span class='ocrx_word' id='word_1_17' title='bbox 1407 801 1420 813; x_wconf 43' lang='lat'><em>.</em></span> <span class='ocrx_word' id='word_1_18' title='bbox 1454 728 1686 813; x_wconf 61' lang='grc' dir='ltr'>ἐξείλετο</span> <span class='ocrx_word' id='word_1_19' title='bbox 1751 731 1858 781; x_wconf 86' lang='grc' dir='ltr'><strong><em>τῶν</em></strong></span> <span class='ocrx_word' id='word_1_20' title='bbox 1927 728 2008 813; x_wconf 61' lang='grc' dir='ltr'>δρα</span> 
     </span>
    </p>
   </div>
   <div class='ocr_carea' id='block_1_5' title="bbox 426 801 2006 881">
    <p class='ocr_par' dir='ltr' id='par_1_5' title="bbox 426 801 2006 881">
     <span class='ocr_line' id='line_1_5' title="bbox 426 801 2006 881; baseline -0.01 -16"><span class='ocrx_word' id='word_1_21' title='bbox 426 801 620 881; x_wconf 69' lang='grc' dir='ltr'>σμῶν’.’</span> <span class='ocrx_word' id='word_1_22' title='bbox 672 808 770 862; x_wconf 76' lang='grc' dir='ltr'><strong><em>Καὶ</em></strong></span> <span class='ocrx_word' id='word_1_23' title='bbox 839 809 867 862; x_wconf 90' lang='lat'><strong><em>6</em></strong></span> <span class='ocrx_word' id='word_1_24' title='bbox 898 801 1139 881; x_wconf 34' lang='grc' dir='ltr'>Αᾙέτρος</span> <span class='ocrx_word' id='word_1_25' title='bbox 1217 801 1463 881; x_wconf 46' lang='grc' dir='ltr'>ἐμφανής</span> <span class='ocrx_word' id='word_1_26' title='bbox 1506 801 1852 881; x_wconf 35' lang='grc' dir='ltr'>,γενόμενος-η</span> <span class='ocrx_word' id='word_1_27' title='bbox 1910 801 2006 881; x_wconf 66' lang='lat' dir='ltr'><strong><em>v5:</em></strong></span> 
     </span>
    </p>
   </div>
   <div class='ocr_carea' id='block_1_6' title="bbox 423 868 2004 956">
    <p class='ocr_par' dir='ltr' id='par_1_6' title="bbox 423 868 2004 956">
     <span class='ocr_line' id='line_1_6' title="bbox 423 868 2004 956; baseline -0.009 -21"><span class='ocrx_word' id='word_1_28' title='bbox 423 868 569 956; x_wconf 56' lang='grc' dir='ltr'>κῖεωρ</span> <span class='ocrx_word' id='word_1_29' title='bbox 668 885 787 940; x_wconf 90' lang='grc' dir='ltr'>τοῖς</span> <span class='ocrx_word' id='word_1_30' title='bbox 888 868 1167 956; x_wconf 55' lang='grc' dir='ltr'>ἀδελφοῖς,</span> <span class='ocrx_word' id='word_1_31' title='bbox 1248 868 1718 956; x_wconf 39' lang='grc' dir='ltr'>’ὑξπανεχώρησεὼ</span> <span class='ocrx_word' id='word_1_32' title='bbox 1796 870 1884 956; x_wconf 66' lang='grc' dir='ltr'>ᾚν</span> <span class='ocrx_word' id='word_1_33' title='bbox 1959 868 2004 940; x_wconf 82' lang='grc' dir='ltr'>ᾧ</span> 
     </span>
    </p>
   </div>
   <div class='ocr_carea' id='block_1_7' title="bbox 421 941 2007 1018">
    <p class='ocr_par' dir='ltr' id='par_1_7' title="bbox 421 941 2007 1018">
     <span class='ocr_line' id='line_1_7' title="bbox 421 941 2007 1018; baseline -0.009 -10"><span class='ocrx_word' id='word_1_34' title='bbox 421 941 550 1018; x_wconf 63' lang='grc' dir='ltr'>περί</span> <span class='ocrx_word' id='word_1_35' title='bbox 603 957 704 1018; x_wconf 77' lang='grc' dir='ltr'><strong><em>τῆς</em></strong></span> <span class='ocrx_word' id='word_1_36' title='bbox 761 953 872 1004; x_wconf 87' lang='grc' dir='ltr'><strong><em>τῶν</em></strong></span> <span class='ocrx_word' id='word_1_37' title='bbox 923 941 1181 1018; x_wconf 61' lang='grc' dir='ltr'>φυλάκων</span> <span class='ocrx_word' id='word_1_38' title='bbox 1227 941 1544 1018; x_wconf 46' lang='grc' dir='ltr'>κολάσεως,</span> <span class='ocrx_word' id='word_1_39' title='bbox 1576 943 1666 998; x_wconf 83' lang='grc' dir='ltr'><strong><em>καὶ</em></strong></span> <span class='ocrx_word' id='word_1_40' title='bbox 1719 941 2007 1018; x_wconf 78' lang='grc' dir='ltr'>μετέπειτα</span> 
     </span>
    </p>
   </div>
   <div class='ocr_carea' id='block_1_8' title="bbox 425 1009 2005 1097">
    <p class='ocr_par' dir='ltr' id='par_1_8' title="bbox 425 1009 2005 1097">
     <span class='ocr_line' id='line_1_8' title="bbox 425 1009 2005 1097; baseline -0.008 -19"><span class='ocrx_word' id='word_1_41' title='bbox 425 1009 542 1097; x_wconf 77' lang='grc' dir='ltr'>περὶ</span> <span class='ocrx_word' id='word_1_42' title='bbox 778 1025 876 1075; x_wconf 73' lang='grc' dir='ltr'><strong><em>τοῦ</em></strong></span> <span class='ocrx_word' id='word_1_43' title='bbox 942 1013 1171 1080; x_wconf 75' lang='grc' dir='ltr'>ἀσεϐοῦς</span> <span class='ocrx_word' id='word_1_44' title='bbox 1233 1009 1742 1089; x_wconf 61' lang='grc' dir='ltr'>Ἡρώδουπικρᾶς</span> <span class='ocrx_word' id='word_1_45' title='bbox 1805 1033 1864 1067; x_wconf 82' lang='grc' dir='ltr'>τι</span> <span class='ocrx_word' id='word_1_46' title='bbox 1913 1011 2005 1067; x_wconf 82' lang='grc' dir='ltr'><strong><em>καὶ</em></strong></span> 
     </span>
    </p>
   </div>
   <div class='ocr_carea' id='block_1_9' title="bbox 423 1095 1110 1169">
    <p class='ocr_par' dir='ltr' id='par_1_9' title="bbox 423 1095 1110 1169">
     <span class='ocr_line' id='line_1_9' title="bbox 423 1095 1110 1169; baseline -0.009 -18"><span class='ocrx_word' id='word_1_47' title='bbox 423 1095 678 1169; x_wconf 80' lang='grc' dir='ltr'>ὀλεθρίου</span> <span class='ocrx_word' id='word_1_48' title='bbox 703 1098 1110 1168; x_wconf 71' lang='grc' dir='ltr'>καταστροφῆς.</span> 
     </span>
    </p>
   </div>
   <div class='ocr_carea' id='block_1_10' title="bbox 425 1187 2009 1271">
    <p class='ocr_par' dir='ltr' id='par_1_10' title="bbox 425 1187 2009 1271">
     <span class='ocr_line' id='line_1_10' title="bbox 425 1187 2009 1271; baseline -0.008 -16"><span class='ocrx_word' id='word_1_49' title='bbox 425 1227 453 1255; x_wconf 77' lang='grc' dir='ltr'><strong><em>α</em></strong></span> <span class='ocrx_word' id='word_1_50' title='bbox 489 1203 616 1258; x_wconf 82' lang='grc' dir='ltr'>Κατ’</span> <span class='ocrx_word' id='word_1_51' title='bbox 675 1201 876 1256; x_wconf 76' lang='grc' dir='ltr'>ἐκεῖνον</span> <span class='ocrx_word' id='word_1_52' title='bbox 937 1196 996 1253; x_wconf 71' lang='grc' dir='ltr'>δὲ</span> <span class='ocrx_word' id='word_1_53' title='bbox 1053 1198 1146 1252; x_wconf 87' lang='grc' dir='ltr'><strong><em>τὸν</em></strong></span> <span class='ocrx_word' id='word_1_54' title='bbox 1203 1197 1392 1271; x_wconf 83' lang='grc' dir='ltr'>καιρὸν</span> <span class='ocrx_word' id='word_1_55' title='bbox 1448 1189 1711 1250; x_wconf 75' lang='grc' dir='ltr'>ἐπέϐαλεν</span> <span class='ocrx_word' id='word_1_56' title='bbox 1753 1187 2009 1265; x_wconf 81' lang='grc' dir='ltr'>Ἡρώδης</span> 
     </span>
    </p>
   </div>
   <div class='ocr_carea' id='block_1_11' title="bbox 354 1280 2006 1366">
    <p class='ocr_par' dir='ltr' id='par_1_11' title="bbox 354 1280 2006 1366">
     <span class='ocr_line' id='line_1_11' title="bbox 354 1280 2006 1366; baseline -0.007 -20"><span class='ocrx_word' id='word_1_57' title='bbox 354 1317 384 1346; x_wconf 71' lang='grc' dir='ltr'>ι(</span> <span class='ocrx_word' id='word_1_58' title='bbox 416 1293 447 1346; x_wconf 93' lang='lat'><strong><em>6</em></strong></span> <span class='ocrx_word' id='word_1_59' title='bbox 483 1289 735 1366; x_wconf 80' lang='grc' dir='ltr'>βασιλεὺς</span> <span class='ocrx_word' id='word_1_60' title='bbox 791 1289 888 1350; x_wconf 83' lang='grc' dir='ltr'><strong><em>τὰς</em></strong></span> <span class='ocrx_word' id='word_1_61' title='bbox 935 1293 1122 1364; x_wconf 76' lang='grc' dir='ltr'>χεῖρας</span> <span class='ocrx_word' id='word_1_62' title='bbox 1178 1283 1422 1341; x_wconf 88' lang='grc' dir='ltr'>κακῶσαί</span> <span class='ocrx_word' id='word_1_63' title='bbox 1454 1305 1598 1346; x_wconf 89' lang='grc' dir='ltr'>τινας</span> <span class='ocrx_word' id='word_1_64' title='bbox 1628 1287 1736 1338; x_wconf 90' lang='grc' dir='ltr'><strong><em>τῶν</em></strong></span> <span class='ocrx_word' id='word_1_65' title='bbox 1768 1280 1874 1336; x_wconf 83' lang='grc' dir='ltr'>ἀπὸ</span> <span class='ocrx_word' id='word_1_66' title='bbox 1906 1285 2006 1348; x_wconf 79' lang='grc' dir='ltr'><strong><em>τῆς</em></strong></span> 
     </span>
    </p>
   </div>
   <div class='ocr_carea' id='block_1_12' title="bbox 348 1378 832 1450">
    <p class='ocr_par' dir='ltr' id='par_1_12' title="bbox 348 1378 832 1450">
     <span class='ocr_line' id='line_1_12' title="bbox 348 1378 832 1450; baseline -0.008 -17"><span class='ocrx_word' id='word_1_67' title='bbox 348 1408 376 1434; x_wconf 77' lang='grc' dir='ltr'>ι(</span> <span class='ocrx_word' id='word_1_68' title='bbox 413 1380 619 1450; x_wconf 83' lang='grc' dir='ltr'>Ἐκκλη</span> <span class='ocrx_word' id='word_1_69' title='bbox 629 1378 764 1439; x_wconf 84' lang='grc' dir='ltr'>σίας.</span> <span class='ocrx_word' id='word_1_70' title='bbox 806 1403 832 1429; x_wconf 73' lang='grc' dir='ltr'>ι»</span> 
     </span>
    </p>
   </div>
   <div class='ocr_carea' id='block_1_13' title="bbox 423 1459 2006 1545">
    <p class='ocr_par' dir='ltr' id='par_1_13' title="bbox 423 1459 2006 1545">
     <span class='ocr_line' id='line_1_13' title="bbox 423 1459 2006 1545; baseline -0.008 -19"><span class='ocrx_word' id='word_1_71' title='bbox 423 1473 657 1526; x_wconf 76' lang='grc' dir='ltr'>Ἐκεῖνον</span> <span class='ocrx_word' id='word_1_72' title='bbox 698 1467 890 1543; x_wconf 86' lang='grc' dir='ltr'>καιρόν</span> <span class='ocrx_word' id='word_1_73' title='bbox 923 1488 1054 1545; x_wconf 74' lang='grc' dir='ltr'>φησι</span> <span class='ocrx_word' id='word_1_74' title='bbox 1107 1467 1201 1520; x_wconf 85' lang='grc' dir='ltr'><strong><em>τὸν</em></strong></span> <span class='ocrx_word' id='word_1_75' title='bbox 1252 1464 1341 1520; x_wconf 78' lang='grc' dir='ltr'><strong><em>ἐπὶ</em></strong></span> <span class='ocrx_word' id='word_1_76' title='bbox 1400 1459 1677 1518; x_wconf 73' lang='grc' dir='ltr'><strong><em>Κλαυδίου</em></strong></span> <span class='ocrx_word' id='word_1_77' title='bbox 1711 1459 2006 1533; x_wconf 81' lang='grc' dir='ltr'>Καίσαρος.</span> 
     </span>
    </p>
   </div>
   <div class='ocr_carea' id='block_1_14' title="bbox 349 1549 2007 1632">
    <p class='ocr_par' dir='ltr' id='par_1_14' title="bbox 349 1549 2007 1632">
     <span class='ocr_line' id='line_1_14' title="bbox 349 1549 2007 1632; baseline -0.008 -18"><span class='ocrx_word' id='word_1_78' title='bbox 349 1560 513 1616; x_wconf 84' lang='grc' dir='ltr'>Γάϊος</span> <span class='ocrx_word' id='word_1_79' title='bbox 572 1559 927 1632; x_wconf 78' lang='grc' dir='ltr'><strong><em>αὐτοκράτωρ</em></strong></span> <span class='ocrx_word' id='word_1_80' title='bbox 981 1554 1271 1627; x_wconf 85' lang='grc' dir='ltr'>Ῥωμαίων</span> <span class='ocrx_word' id='word_1_81' title='bbox 1349 1552 1657 1628; x_wconf 83' lang='grc' dir='ltr'>Ἀγρίππαν</span> <span class='ocrx_word' id='word_1_82' title='bbox 1719 1549 2007 1618; x_wconf 75' lang='grc' dir='ltr'><strong><em>καθίστησι</em></strong></span> 
     </span>
    </p>
   </div>
   <div class='ocr_carea' id='block_1_15' title="bbox 354 1635 2007 1725">
    <p class='ocr_par' dir='ltr' id='par_1_15' title="bbox 354 1635 2007 1725">
     <span class='ocr_line' id='line_1_15' title="bbox 354 1635 2007 1725; baseline -0.008 -21"><span class='ocrx_word' id='word_1_83' title='bbox 354 1649 587 1725; x_wconf 84' lang='grc' dir='ltr'>βασιλέα</span> <span class='ocrx_word' id='word_1_84' title='bbox 641 1651 744 1717; x_wconf 73' lang='grc' dir='ltr'><strong><em>τῆς</em></strong></span> <span class='ocrx_word' id='word_1_85' title='bbox 795 1644 1084 1712; x_wconf 74' lang='grc' dir='ltr'><strong><em>Ἰουδαίας,</em></strong></span> <span class='ocrx_word' id='word_1_86' title='bbox 1142 1646 1233 1700; x_wconf 88' lang='grc' dir='ltr'><strong><em>τὸν</em></strong></span> <span class='ocrx_word' id='word_1_87' title='bbox 1290 1640 1545 1717; x_wconf 79' lang='grc' dir='ltr'><strong><em>Ἡρώδην</em></strong></span> <span class='ocrx_word' id='word_1_88' title='bbox 1615 1639 1874 1715; x_wconf 79' lang='grc' dir='ltr'>έξωρίσας</span> <span class='ocrx_word' id='word_1_89' title='bbox 1937 1635 2007 1692; x_wconf 85' lang='grc' dir='ltr'>δι’</span> 
     </span>
    </p>
   </div>
   <div class='ocr_carea' id='block_1_16' title="bbox 353 1729 2008 1819">
    <p class='ocr_par' dir='ltr' id='par_1_16' title="bbox 353 1729 2008 1819">
     <span class='ocr_line' id='line_1_16' title="bbox 353 1729 2008 1819; baseline -0.007 -24"><span class='ocrx_word' id='word_1_90' title='bbox 353 1740 703 1819; x_wconf 70' lang='grc' dir='ltr'><strong><em>αἰσχρότητα</em></strong></span> <span class='ocrx_word' id='word_1_91' title='bbox 740 1739 863 1814; x_wconf 84' lang='grc' dir='ltr'>βίου</span> <span class='ocrx_word' id='word_1_92' title='bbox 897 1737 949 1801; x_wconf 81' lang='grc' dir='ltr'><strong><em>ές</em></strong></span> <span class='ocrx_word' id='word_1_93' title='bbox 997 1733 1326 1813; x_wconf 72' lang='grc' dir='ltr'>Λουγδοῦνῳ</span> <span class='ocrx_word' id='word_1_94' title='bbox 1382 1741 1480 1802; x_wconf 77' lang='grc' dir='ltr'><strong><em>τῆς</em></strong></span> <span class='ocrx_word' id='word_1_95' title='bbox 1539 1729 1782 1792; x_wconf 79' lang='grc' dir='ltr'>Γαλλίας</span> <span class='ocrx_word' id='word_1_96' title='bbox 1812 1729 1904 1784; x_wconf 72' lang='grc' dir='ltr'><strong><em>σὺν</em></strong></span> <span class='ocrx_word' id='word_1_97' title='bbox 1937 1731 2008 1802; x_wconf 81' lang='grc' dir='ltr'><strong><em>τῇ</em></strong></span> 
     </span>
    </p>
   </div>
   <div class='ocr_carea' id='block_1_17' title="bbox 1412 341 2680 414">
    <p class='ocr_par' dir='ltr' id='par_1_17' title="bbox 1412 341 2680 414">
     <span class='ocr_line' id='line_1_17' title="bbox 1412 341 2680 414; baseline -0.002 -8"><span class='ocrx_word' id='word_1_98' title='bbox 1412 344 1595 414; x_wconf 66' lang='grc' dir='ltr'><strong><em>ωϐυ</em></strong></span> <span class='ocrx_word' id='word_1_99' title='bbox 1610 343 1828 404; x_wconf 80' lang='grc' dir='ltr'><strong>ΜΕΝΙΙ</strong></span> <span class='ocrx_word' id='word_1_100' title='bbox 1876 341 2182 403; x_wconf 65' lang='grc' dir='ltr'><strong><em>ΤΗΙΟΟΛΕ</em></strong></span> <span class='ocrx_word' id='word_1_101' title='bbox 2225 342 2680 404; x_wconf 71' lang='lat' dir='ltr'><strong><em>EPISCUPUS.</em></strong></span> 
     </span>
    </p>
   </div>
   <div class='ocr_carea' id='block_1_18' title="bbox 959 479 2084 568">
    <p class='ocr_par' dir='ltr' id='par_1_18' title="bbox 959 479 2084 568">
     <span class='ocr_line' id='line_1_18' title="bbox 959 479 2084 568; baseline -0.002 -30"><span class='ocrx_word' id='word_1_102' title='bbox 959 481 1229 538; x_wconf 74' lang='grc' dir='ltr'><strong><em>ΚΒΦΛΛ.</em></strong></span> <span class='ocrx_word' id='word_1_103' title='bbox 1284 479 1396 538; x_wconf 68' lang='grc' dir='ltr'><strong><em>ΗΓ.</em></strong></span> <span class='ocrx_word' id='word_1_104' title='bbox 2026 501 2084 568; x_wconf 65' lang='grc' dir='ltr'><strong>Α</strong></span> 
     </span>
    </p>
   </div>
   <div class='ocr_carea' id='block_1_19' title="bbox 3643 344 3756 408">
    <p class='ocr_par' dir='ltr' id='par_1_19' title="bbox 3643 344 3756 408">
     <span class='ocr_line' id='line_1_19' title="bbox 3643 344 3756 408; baseline 0 -4"><span class='ocrx_word' id='word_1_105' title='bbox 3643 344 3756 408; x_wconf 70' lang='grc'><strong><em>194</em></strong></span> 
     </span>
    </p>
   </div>
   <div class='ocr_carea' id='block_1_20' title="bbox 2695 471 3164 530">
    <p class='ocr_par' dir='ltr' id='par_1_20' title="bbox 2695 471 3164 530">
     <span class='ocr_line' id='line_1_20' title="bbox 2695 471 3164 530; baseline 0.002 -2"><span class='ocrx_word' id='word_1_106' title='bbox 2695 471 2928 530; x_wconf 83' lang='lat' dir='ltr'><strong><em>CAPUT</em></strong></span> <span class='ocrx_word' id='word_1_107' title='bbox 2965 471 3164 529; x_wconf 83' lang='lat' dir='ltr'><strong><em>XVIII.</em></strong></span> 
     </span>
    </p>
   </div>
   <div class='ocr_carea' id='block_1_21' title="bbox 2109 582 3762 655">
    <p class='ocr_par' dir='ltr' id='par_1_21' title="bbox 2109 582 3762 655">
     <span class='ocr_line' id='line_1_21' title="bbox 2109 582 3762 655; baseline 0.003 -19"><span class='ocrx_word' id='word_1_108' title='bbox 2109 582 2303 638; x_wconf 79' lang='lat' dir='ltr'><strong><em>Jacobi</em></strong></span> <span class='ocrx_word' id='word_1_109' title='bbox 2329 583 2566 654; x_wconf 82' lang='lat' dir='ltr'><strong><em>apostoli</em></strong></span> <span class='ocrx_word' id='word_1_110' title='bbox 2595 586 2983 655; x_wconf 81' lang='lat' dir='ltr'><strong><em>interemptio:</em></strong></span> <span class='ocrx_word' id='word_1_111' title='bbox 3043 587 3101 638; x_wconf 84' lang='lat' dir='ltr'><strong><em>in</em></strong></span> <span class='ocrx_word' id='word_1_112' title='bbox 3158 601 3268 654; x_wconf 92' lang='lat' dir='ltr'><strong><em>quo</em></strong></span> <span class='ocrx_word' id='word_1_113' title='bbox 3311 592 3578 641; x_wconf 79' lang='lat' dir='ltr'><strong><em>narratur</em></strong></span> <span class='ocrx_word' id='word_1_114' title='bbox 3609 587 3762 641; x_wconf 81' lang='lat' dir='ltr'><strong><em>Petri</em></strong></span> 
     </span>
    </p>
   </div>
   <div class='ocr_carea' id='block_1_22' title="bbox 2181 655 3758 728">
    <p class='ocr_par' dir='ltr' id='par_1_22' title="bbox 2181 655 3758 728">
     <span class='ocr_line' id='line_1_22' title="bbox 2181 655 3758 728; baseline 0.002 -19"><span class='ocrx_word' id='word_1_115' title='bbox 2181 655 2493 728; x_wconf 12' lang='lat' dir='ltr'><strong><em>abiﬂerode</em></strong></span> <span class='ocrx_word' id='word_1_116' title='bbox 2523 657 2968 726; x_wconf 81' lang='lat' dir='ltr'><strong><em>comprehensio:</em></strong></span> <span class='ocrx_word' id='word_1_117' title='bbox 3029 665 3080 711; x_wconf 85' lang='lat' dir='ltr'><strong><em>et</em></strong></span> <span class='ocrx_word' id='word_1_118' title='bbox 3139 660 3408 726; x_wconf 80' lang='lat' dir='ltr'><strong><em>quomodo</em></strong></span> <span class='ocrx_word' id='word_1_119' title='bbox 3450 657 3628 728; x_wconf 74' lang='lat' dir='ltr'><strong><em>ipsum</em></strong></span> <span class='ocrx_word' id='word_1_120' title='bbox 3657 675 3758 712; x_wconf 84' lang='lat' dir='ltr'><strong><em>an-</em></strong></span> 
     </span>
    </p>
   </div>
   <div class='ocr_carea' id='block_1_23' title="bbox 2181 727 3760 798">
    <p class='ocr_par' dir='ltr' id='par_1_23' title="bbox 2181 727 3760 798">
     <span class='ocr_line' id='line_1_23' title="bbox 2181 727 3760 798; baseline 0.002 -17"><span class='ocrx_word' id='word_1_121' title='bbox 2181 727 2333 796; x_wconf 85' lang='lat' dir='ltr'><strong><em>gelus</em></strong></span> <span class='ocrx_word' id='word_1_122' title='bbox 2362 728 2552 781; x_wconf 85' lang='lat' dir='ltr'><strong><em>divino</em></strong></span> <span class='ocrx_word' id='word_1_123' title='bbox 2574 729 2735 798; x_wconf 84' lang='lat' dir='ltr'><strong><em>jussu</em></strong></span> <span class='ocrx_word' id='word_1_124' title='bbox 2789 745 2824 782; x_wconf 92' lang='lat' dir='ltr'><strong><em>a</em></strong></span> <span class='ocrx_word' id='word_1_125' title='bbox 2881 730 3114 784; x_wconf 82' lang='lat' dir='ltr'><strong><em>vinculis</em></strong></span> <span class='ocrx_word' id='word_1_126' title='bbox 3167 727 3539 784; x_wconf 15' lang='lat' dir='ltr'><strong><em>liberavitziet</em></strong></span> <span class='ocrx_word' id='word_1_127' title='bbox 3563 731 3760 784; x_wconf 75' lang='lat' dir='ltr'><strong><em>Petrus</em></strong></span> 
     </span>
    </p>
   </div>
   <div class='ocr_carea' id='block_1_24' title="bbox 2182 799 3757 870">
    <p class='ocr_par' dir='ltr' id='par_1_24' title="bbox 2182 799 3757 870">
     <span class='ocr_line' id='line_1_24' title="bbox 2182 799 3757 870; baseline 0.003 -18"><span class='ocrx_word' id='word_1_128' title='bbox 2182 799 2276 852; x_wconf 83' lang='lat' dir='ltr'><strong><em>ubi</em></strong></span> <span class='ocrx_word' id='word_1_129' title='bbox 2331 801 2602 866; x_wconf 80' lang='lat' dir='ltr'><strong><em>fratribus</em></strong></span> <span class='ocrx_word' id='word_1_130' title='bbox 2656 806 2823 854; x_wconf 86' lang='lat' dir='ltr'><strong><em>noctu</em></strong></span> <span class='ocrx_word' id='word_1_131' title='bbox 2880 803 3245 870; x_wconf 62' lang='lat' dir='ltr'><strong><em>apparuisset.</em></strong></span> <span class='ocrx_word' id='word_1_132' title='bbox 3297 803 3436 855; x_wconf 86' lang='lat' dir='ltr'><strong><em>clam</em></strong></span> <span class='ocrx_word' id='word_1_133' title='bbox 3466 801 3757 856; x_wconf 80' lang='lat' dir='ltr'><strong><em>discessit:</em></strong></span> 
     </span>
    </p>
   </div>
   <div class='ocr_carea' id='block_1_25' title="bbox 2182 871 3757 940">
    <p class='ocr_par' dir='ltr' id='par_1_25' title="bbox 2182 871 3757 940">
     <span class='ocr_line' id='line_1_25' title="bbox 2182 871 3757 940; baseline 0.002 -17"><span class='ocrx_word' id='word_1_134' title='bbox 2182 871 2240 923; x_wconf 80' lang='lat' dir='ltr'><strong><em>in</em></strong></span> <span class='ocrx_word' id='word_1_135' title='bbox 2272 886 2380 940; x_wconf 90' lang='lat' dir='ltr'><strong><em>quo</em></strong></span> <span class='ocrx_word' id='word_1_136' title='bbox 2410 877 2678 925; x_wconf 77' lang='lat' dir='ltr'><strong><em>narratur</em></strong></span> <span class='ocrx_word' id='word_1_137' title='bbox 2722 878 2772 925; x_wconf 85' lang='lat' dir='ltr'><strong><em>et</em></strong></span> <span class='ocrx_word' id='word_1_138' title='bbox 2826 873 2892 925; x_wconf 88' lang='lat' dir='ltr'><strong><em>de</em></strong></span> <span class='ocrx_word' id='word_1_139' title='bbox 2949 873 3156 926; x_wconf 83' lang='lat' dir='ltr'><strong><em>ultione</em></strong></span> <span class='ocrx_word' id='word_1_140' title='bbox 3186 873 3467 927; x_wconf 83' lang='lat' dir='ltr'><strong><em>custodum</em></strong></span> <span class='ocrx_word' id='word_1_141' title='bbox 3496 880 3546 927; x_wconf 87' lang='lat' dir='ltr'><strong><em>et</em></strong></span> <span class='ocrx_word' id='word_1_142' title='bbox 3576 889 3757 927; x_wconf 81' lang='lat' dir='ltr'><strong><em>consc-</em></strong></span> 
     </span>
    </p>
   </div>
   <div class='ocr_carea' id='block_1_26' title="bbox 2183 942 3761 1065">
    <p class='ocr_par' dir='ltr' id='par_1_26' title="bbox 2183 942 3761 1065">
     <span class='ocr_line' id='line_1_26' title="bbox 2183 942 3761 1065; baseline 0.003 -71"><span class='ocrx_word' id='word_1_143' title='bbox 2183 949 2411 1065; x_wconf 50' lang='lat' dir='ltr'><strong><em>guenter</em></strong></span> <span class='ocrx_word' id='word_1_144' title='bbox 2441 942 2506 996; x_wconf 87' lang='lat' dir='ltr'><strong><em>de</em></strong></span> <span class='ocrx_word' id='word_1_145' title='bbox 2535 945 2696 1013; x_wconf 74' lang='lat' dir='ltr'><strong><em>impii</em></strong></span> <span class='ocrx_word' id='word_1_146' title='bbox 2724 943 2954 996; x_wconf 83' lang='lat' dir='ltr'><strong><em>Herodis</em></strong></span> <span class='ocrx_word' id='word_1_147' title='bbox 3000 946 3198 998; x_wconf 80' lang='lat' dir='ltr'><strong><em>misera</em></strong></span> <span class='ocrx_word' id='word_1_148' title='bbox 3247 945 3548 1015; x_wconf 80' lang='lat' dir='ltr'><strong><em>acerbaquc</em></strong></span> <span class='ocrx_word' id='word_1_149' title='bbox 3571 943 3761 1016; x_wconf 79' lang='lat' dir='ltr'><strong><em>perdi-</em></strong></span> 
     </span>
     <span class='ocr_line' id='line_1_27' title="bbox 2206 1029 2348 1065; baseline 0.007 -1"><span class='ocrx_word' id='word_1_150' title='bbox 2206 1029 2348 1065; x_wconf 73' lang='lat' dir='ltr'><strong><em>ione.</em></strong></span> 
     </span>
    </p>
   </div>
   <div class='ocr_carea' id='block_1_27' title="bbox 2206 1029 2348 1069">
    <p class='ocr_par' dir='ltr' id='par_1_27' title="bbox 2206 1029 2348 1069">
     <span class='ocr_line' id='line_1_28' title="bbox 2206 1029 2348 1069; baseline 0.035 -5"><span class='ocrx_word' id='word_1_151' title='bbox 2206 1029 2348 1069; x_wconf 73' lang='lat' dir='ltr'><strong><em>ione.</em></strong></span> 
     </span>
    </p>
   </div>
   <div class='ocr_carea' id='block_1_28' title="bbox 2185 1211 3762 1286">
    <p class='ocr_par' dir='ltr' id='par_1_28' title="bbox 2185 1211 3762 1286">
     <span class='ocr_line' id='line_1_29' title="bbox 2185 1211 3762 1286; baseline 0.004 -19"><span class='ocrx_word' id='word_1_152' title='bbox 2185 1211 2306 1279; x_wconf 86' lang='lat' dir='ltr'><strong><em>XII,</em></strong></span> <span class='ocrx_word' id='word_1_153' title='bbox 2342 1216 2390 1266; x_wconf 80' lang='grc'>1.</span> <span class='ocrx_word' id='word_1_154' title='bbox 2424 1235 2452 1263; x_wconf 86' lang='grc'><strong><em>‹‹</em></strong></span> <span class='ocrx_word' id='word_1_155' title='bbox 2486 1213 2707 1270; x_wconf 87' lang='lat' dir='ltr'><strong><em>Eodem</em></strong></span> <span class='ocrx_word' id='word_1_156' title='bbox 2739 1219 2937 1269; x_wconf 89' lang='lat' dir='ltr'><strong><em>autem</em></strong></span> <span class='ocrx_word' id='word_1_157' title='bbox 2971 1219 3234 1286; x_wconf 90' lang='lat' dir='ltr'><strong><em>tempore</em></strong></span> <span class='ocrx_word' id='word_1_158' title='bbox 3267 1215 3473 1286; x_wconf 83' lang='lat' dir='ltr'><strong><em>injecit</em></strong></span> <span class='ocrx_word' id='word_1_159' title='bbox 3503 1214 3762 1273; x_wconf 85' lang='lat' dir='ltr'><strong><em>Herodes</em></strong></span> 
     </span>
    </p>
   </div>
   <div class='ocr_carea' id='block_1_29' title="bbox 2113 1303 3761 1376">
    <p class='ocr_par' dir='ltr' id='par_1_29' title="bbox 2113 1303 3761 1376">
     <span class='ocr_line' id='line_1_30' title="bbox 2113 1303 3761 1376; baseline 0.002 -24"><span class='ocrx_word' id='word_1_160' title='bbox 2113 1324 2141 1351; x_wconf 89' lang='grc'><em>‹‹</em></span> <span class='ocrx_word' id='word_1_161' title='bbox 2175 1317 2277 1357; x_wconf 92' lang='lat' dir='ltr'><strong><em>rex</em></strong></span> <span class='ocrx_word' id='word_1_162' title='bbox 2309 1318 2542 1370; x_wconf 90' lang='lat' dir='ltr'><strong><em>manus,</em></strong></span> <span class='ocrx_word' id='word_1_163' title='bbox 2575 1309 2640 1358; x_wconf 88' lang='lat' dir='ltr'><strong><em>ut</em></strong></span> <span class='ocrx_word' id='word_1_164' title='bbox 2668 1303 2959 1376; x_wconf 82' lang='lat' dir='ltr'><strong><em>afﬂigeret</em></strong></span> <span class='ocrx_word' id='word_1_165' title='bbox 2989 1303 3279 1374; x_wconf 85' lang='lat' dir='ltr'><strong><em>quosdam</em></strong></span> <span class='ocrx_word' id='word_1_166' title='bbox 3312 1303 3385 1359; x_wconf 93' lang='lat' dir='ltr'><strong><em>de</em></strong></span> <span class='ocrx_word' id='word_1_167' title='bbox 3416 1305 3698 1360; x_wconf 81' lang='lat' dir='ltr'><strong><em>Ecclesia.</em></strong></span> <span class='ocrx_word' id='word_1_168' title='bbox 3732 1328 3761 1356; x_wconf 84' lang='lat'><strong>»</strong></span> 
     </span>
    </p>
   </div>
   <div class='ocr_carea' id='block_1_30' title="bbox 2183 1479 3763 1552">
    <p class='ocr_par' dir='ltr' id='par_1_30' title="bbox 2183 1479 3763 1552">
     <span class='ocr_line' id='line_1_31' title="bbox 2183 1479 3763 1552; baseline 0.004 -18"><span class='ocrx_word' id='word_1_169' title='bbox 2183 1480 2436 1551; x_wconf 89' lang='lat' dir='ltr'><strong><em>Tempus</em></strong></span> <span class='ocrx_word' id='word_1_170' title='bbox 2455 1480 2602 1535; x_wconf 89' lang='lat' dir='ltr'><strong><em>illud</em></strong></span> <span class='ocrx_word' id='word_1_171' title='bbox 2625 1479 2772 1536; x_wconf 89' lang='lat' dir='ltr'><strong><em>dicit</em></strong></span> <span class='ocrx_word' id='word_1_172' title='bbox 2793 1481 2953 1552; x_wconf 91' lang='lat' dir='ltr'><strong><em>quod</em></strong></span> <span class='ocrx_word' id='word_1_173' title='bbox 2975 1487 3101 1538; x_wconf 88' lang='lat' dir='ltr'><strong><em>erat</em></strong></span> <span class='ocrx_word' id='word_1_174' title='bbox 3119 1483 3226 1538; x_wconf 89' lang='lat' dir='ltr'><strong><em>sub</em></strong></span> <span class='ocrx_word' id='word_1_175' title='bbox 3249 1483 3491 1539; x_wconf 90' lang='lat' dir='ltr'><strong><em>Claudio</em></strong></span> <span class='ocrx_word' id='word_1_176' title='bbox 3512 1486 3763 1540; x_wconf 65' lang='lat' dir='ltr'><strong><em>Caesare.</em></strong></span> 
     </span>
    </p>
   </div>
   <div class='ocr_carea' id='block_1_31' title="bbox 2113 1567 3768 1642">
    <p class='ocr_par' dir='ltr' id='par_1_31' title="bbox 2113 1567 3768 1642">
     <span class='ocr_line' id='line_1_32' title="bbox 2113 1567 3768 1642; baseline 0.002 -22"><span class='ocrx_word' id='word_1_177' title='bbox 2113 1567 2285 1622; x_wconf 82' lang='lat' dir='ltr'><strong><em>Caius</em></strong></span> <span class='ocrx_word' id='word_1_178' title='bbox 2312 1568 2632 1640; x_wconf 81' lang='lat' dir='ltr'><strong><em>imperator</em></strong></span> <span class='ocrx_word' id='word_1_179' title='bbox 2662 1571 3061 1624; x_wconf 83' lang='lat' dir='ltr'><strong><em>Romanorum</em></strong></span> <span class='ocrx_word' id='word_1_180' title='bbox 3114 1570 3432 1642; x_wconf 79' lang='lat' dir='ltr'><strong><em>Agrippam</em></strong></span> <span class='ocrx_word' id='word_1_181' title='bbox 3457 1572 3768 1626; x_wconf 87' lang='lat' dir='ltr'><strong><em>constituit</em></strong></span> 
     </span>
    </p>
   </div>
   <div class='ocr_carea' id='block_1_32' title="bbox 2114 1657 3766 1736">
    <p class='ocr_par' dir='ltr' id='par_1_32' title="bbox 2114 1657 3766 1736">
     <span class='ocr_line' id='line_1_33' title="bbox 2114 1657 3766 1736; baseline 0.004 -24"><span class='ocrx_word' id='word_1_182' title='bbox 2114 1657 2328 1712; x_wconf 67' lang='lat' dir='ltr'><strong><em>Iudaea:</em></strong></span> <span class='ocrx_word' id='word_1_183' title='bbox 2356 1675 2576 1731; x_wconf 89' lang='lat' dir='ltr'><strong><em>regem,</em></strong></span> <span class='ocrx_word' id='word_1_184' title='bbox 2613 1658 2837 1714; x_wconf 81' lang='lat' dir='ltr'><strong><em>Herode</em></strong></span> <span class='ocrx_word' id='word_1_185' title='bbox 2879 1659 2952 1714; x_wconf 94' lang='lat' dir='ltr'><strong><em>ob</em></strong></span> <span class='ocrx_word' id='word_1_186' title='bbox 2998 1660 3129 1714; x_wconf 62' lang='lat' dir='ltr'><strong><em>vitae</em></strong></span> <span class='ocrx_word' id='word_1_187' title='bbox 3163 1661 3592 1732; x_wconf 84' lang='lat' dir='ltr'><strong><em>turpitudinem</em></strong></span> <span class='ocrx_word' id='word_1_188' title='bbox 3621 1663 3766 1736; x_wconf 88' lang='lat' dir='ltr'><strong><em>Lug-</em></strong></span> 
     </span>
    </p>
   </div>
   <div class='ocr_carea' id='block_1_33' title="bbox 2116 1747 3763 1820">
    <p class='ocr_par' dir='ltr' id='par_1_33' title="bbox 2116 1747 3763 1820">
     <span class='ocr_line' id='line_1_34' title="bbox 2116 1747 3763 1820; baseline 0.004 -18"><span class='ocrx_word' id='word_1_189' title='bbox 2116 1747 2340 1802; x_wconf 91' lang='lat' dir='ltr'><strong><em>dunum</em></strong></span> <span class='ocrx_word' id='word_1_190' title='bbox 2373 1747 2576 1802; x_wconf 66' lang='lat' dir='ltr'><strong><em>Gallia)</em></strong></span> <span class='ocrx_word' id='word_1_191' title='bbox 2608 1747 2867 1820; x_wconf 84' lang='lat' dir='ltr'><strong><em>relegato</em></strong></span> <span class='ocrx_word' id='word_1_192' title='bbox 2900 1765 3033 1802; x_wconf 90' lang='lat' dir='ltr'><strong><em>cum</em></strong></span> <span class='ocrx_word' id='word_1_193' title='bbox 3065 1766 3247 1803; x_wconf 84' lang='lat' dir='ltr'><strong><em>uxore</em></strong></span> <span class='ocrx_word' id='word_1_194' title='bbox 3282 1750 3628 1806; x_wconf 84' lang='lat' dir='ltr'><strong><em>Herodiade.</em></strong></span> <span class='ocrx_word' id='word_1_195' title='bbox 3662 1752 3763 1808; x_wconf 85' lang='lat' dir='ltr'><strong><em>Hic</em></strong></span> 
     </span>
    </p>
   </div>
   <div class='ocr_carea' id='block_1_34' title="bbox 353 1819 2020 1924">
    <p class='ocr_par' dir='ltr' id='par_1_34' title="bbox 353 1819 2011 1924">
     <span class='ocr_line' id='line_1_35' title="bbox 353 1819 2011 1906; baseline -0.007 -22"><span class='ocrx_word' id='word_1_196' title='bbox 353 1829 568 1906; x_wconf 78' lang='grc' dir='ltr'>γυναικὶ</span> <span class='ocrx_word' id='word_1_197' title='bbox 621 1823 945 1902; x_wconf 81' lang='grc' dir='ltr'>Ἡρωδιάδι.</span> <span class='ocrx_word' id='word_1_198' title='bbox 1007 1823 1182 1886; x_wconf 77' lang='grc' dir='ltr'>Οὗτός</span> <span class='ocrx_word' id='word_1_199' title='bbox 1245 1822 1388 1878; x_wconf 82' lang='grc' dir='ltr'>ἐστιν</span> <span class='ocrx_word' id='word_1_200' title='bbox 1444 1822 1472 1876; x_wconf 98' lang='lat'><strong><em>6</em></strong></span> <span class='ocrx_word' id='word_1_201' title='bbox 1524 1821 1663 1876; x_wconf 82' lang='grc' dir='ltr'>κατᾶ</span> <span class='ocrx_word' id='word_1_202' title='bbox 1715 1821 1779 1874; x_wconf 87' lang='grc' dir='ltr'>τὸ</span> <span class='ocrx_word' id='word_1_203' title='bbox 1838 1819 2011 1879; x_wconf 81' lang='grc' dir='ltr'>πάθος</span> 
     </span>
     <span class='ocr_line' id='line_1_36' title="bbox 426 1906 1967 1924; baseline 0 0"><span class='ocrx_word' id='word_1_204' title='bbox 426 1923 431 1924; x_wconf 63' lang='lat'><strong><em>,</em></strong></span> <span class='ocrx_word' id='word_1_205' title='bbox 633 1917 643 1924; x_wconf 94' lang='lat'><strong><em>.</em></strong></span> <span class='ocrx_word' id='word_1_206' title='bbox 774 1918 795 1924; x_wconf 82' lang='lat'><strong><em>-</em></strong></span> <span class='ocrx_word' id='word_1_207' title='bbox 903 1915 919 1924; x_wconf 81' lang='lat'><strong><em>-</em></strong></span> <span class='ocrx_word' id='word_1_208' title='bbox 980 1915 991 1924; x_wconf 91' lang='lat'><strong><em>.</em></strong></span> <span class='ocrx_word' id='word_1_209' title='bbox 1204 1913 1217 1924; x_wconf 98' lang='lat'><strong><em>.</em></strong></span> <span class='ocrx_word' id='word_1_210' title='bbox 1342 1913 1356 1924; x_wconf 91' lang='lat'><strong><em>.</em></strong></span> <span class='ocrx_word' id='word_1_211' title='bbox 1523 1916 1548 1924; x_wconf 91' lang='grc'><strong><em>..</em></strong></span> <span class='ocrx_word' id='word_1_212' title='bbox 1617 1910 1692 1924; x_wconf 90' lang='grc'><strong><em>...</em></strong></span> <span class='ocrx_word' id='word_1_213' title='bbox 1953 1906 1967 1924; x_wconf 79' lang='lat'>.</span> 
     </span>
    </p>
   </div>
   <div class='ocr_carea' id='block_1_35' title="bbox 2147 1819 3764 1924">
    <p class='ocr_par' dir='ltr' id='par_1_35' title="bbox 2153 1819 3764 1907">
     <span class='ocr_line' id='line_1_37' title="bbox 2153 1819 3764 1907; baseline 0.003 -19"><span class='ocrx_word' id='word_1_214' title='bbox 2153 1840 2207 1888; x_wconf 85' lang='lat' dir='ltr'><strong><em>st</em></strong></span> <span class='ocrx_word' id='word_1_215' title='bbox 2236 1835 2336 1904; x_wconf 90' lang='lat' dir='ltr'><strong><em>qui</em></strong></span> <span class='ocrx_word' id='word_1_216' title='bbox 2371 1840 2635 1905; x_wconf 90' lang='lat' dir='ltr'><strong><em>tempore</em></strong></span> <span class='ocrx_word' id='word_1_217' title='bbox 2666 1819 2960 1905; x_wconf 77' lang='lat' dir='ltr'><strong><em>passionis</em></strong></span> <span class='ocrx_word' id='word_1_218' title='bbox 2997 1836 3225 1890; x_wconf 89' lang='lat' dir='ltr'><strong><em>Domini</em></strong></span> <span class='ocrx_word' id='word_1_219' title='bbox 3259 1837 3562 1907; x_wconf 78' lang='lat' dir='ltr'><strong><em>regnabat,</em></strong></span> <span class='ocrx_word' id='word_1_220' title='bbox 3585 1838 3764 1893; x_wconf 85' lang='lat' dir='ltr'><strong><em>veluti</em></strong></span> 
     </span>
    </p>
   </div>
   <div class='ocr_carea' id='block_1_36' title="bbox 352 1906 2001 1991">
    <p class='ocr_par' dir='ltr' id='par_1_36' title="bbox 352 1906 2001 1991">
     <span class='ocr_line' id='line_1_38' title="bbox 352 1906 2001 1991; baseline -0.008 -18"><span class='ocrx_word' id='word_1_221' title='bbox 352 1923 452 1974; x_wconf 71' lang='grc' dir='ltr'>τοῦ</span> <span class='ocrx_word' id='word_1_222' title='bbox 505 1917 710 1989; x_wconf 64' lang='grc' dir='ltr'>Κυρίου</span> <span class='ocrx_word' id='word_1_223' title='bbox 770 1915 1116 1991; x_wconf 69' lang='grc' dir='ltr'><strong><em>βασιλεύσας,</em></strong></span> <span class='ocrx_word' id='word_1_224' title='bbox 1189 1913 1264 1973; x_wconf 85' lang='grc' dir='ltr'><strong><em>ὡς</em></strong></span> <span class='ocrx_word' id='word_1_225' title='bbox 1342 1913 1548 1986; x_wconf 73' lang='grc' dir='ltr'>ἱστορεῖ</span> <span class='ocrx_word' id='word_1_226' title='bbox 1616 1910 1883 1979; x_wconf 87' lang='grc' dir='ltr'>Ἰώσηπος</span> <span class='ocrx_word' id='word_1_227' title='bbox 1950 1906 2001 1962; x_wconf 81' lang='grc' dir='ltr'><strong><em>έν</em></strong></span> 
     </span>
    </p>
   </div>
   <div class='ocr_carea' id='block_1_37' title="bbox 352 1995 2004 2080">
    <p class='ocr_par' dir='ltr' id='par_1_37' title="bbox 352 1995 2004 2080">
     <span class='ocr_line' id='line_1_39' title="bbox 352 1995 2004 2080; baseline -0.008 -18"><span class='ocrx_word' id='word_1_228' title='bbox 352 2013 434 2080; x_wconf 82' lang='grc' dir='ltr'>τῷ</span> <span class='ocrx_word' id='word_1_229' title='bbox 492 2003 947 2077; x_wconf 73' lang='grc' dir='ltr'><strong><em>ὀκτωκαιδεκάτῳ</em></strong></span> <span class='ocrx_word' id='word_1_230' title='bbox 1008 2003 1160 2080; x_wconf 77' lang='grc' dir='ltr'>λόγῳ</span> <span class='ocrx_word' id='word_1_231' title='bbox 1218 2009 1318 2071; x_wconf 79' lang='grc' dir='ltr'><strong><em>τῆς</em></strong></span> <span class='ocrx_word' id='word_1_232' title='bbox 1397 1997 1852 2079; x_wconf 78' lang='grc' dir='ltr'>Ἀρχαιολογίας,</span> <span class='ocrx_word' id='word_1_233' title='bbox 1914 1995 2004 2051; x_wconf 85' lang='grc' dir='ltr'><strong><em>καὶ</em></strong></span> 
     </span>
    </p>
   </div>
   <div class='ocr_carea' id='block_1_38' title="bbox 352 2091 2007 2170">
    <p class='ocr_par' dir='ltr' id='par_1_38' title="bbox 352 2091 2007 2170">
     <span class='ocr_line' id='line_1_40' title="bbox 352 2091 2007 2170; baseline -0.005 -18"><span class='ocrx_word' id='word_1_234' title='bbox 352 2094 617 2161; x_wconf 71' lang='grc' dir='ltr'>Εὐσέϐιος</span> <span class='ocrx_word' id='word_1_235' title='bbox 647 2097 697 2152; x_wconf 84' lang='grc' dir='ltr'><strong><em>έν</em></strong></span> <span class='ocrx_word' id='word_1_236' title='bbox 745 2102 825 2170; x_wconf 80' lang='grc' dir='ltr'>τῷ</span> <span class='ocrx_word' id='word_1_237' title='bbox 884 2093 1118 2170; x_wconf 85' lang='grc' dir='ltr'>δευτέρῳ</span> <span class='ocrx_word' id='word_1_238' title='bbox 1177 2093 1328 2170; x_wconf 75' lang='grc' dir='ltr'>λόγῳ</span> <span class='ocrx_word' id='word_1_239' title='bbox 1383 2091 2007 2162; x_wconf 78' lang='grc' dir='ltr'>τῆςἘκκλησιαστικῆς</span> 
     </span>
    </p>
   </div>
   <div class='ocr_carea' id='block_1_39' title="bbox 351 2177 2009 2262">
    <p class='ocr_par' dir='ltr' id='par_1_39' title="bbox 351 2177 2009 2262">
     <span class='ocr_line' id='line_1_41' title="bbox 351 2177 2009 2262; baseline -0.006 -22"><span class='ocrx_word' id='word_1_240' title='bbox 351 2188 720 2261; x_wconf 76' lang='grc' dir='ltr'>ἱστορίας.ἰι</span> <span class='ocrx_word' id='word_1_241' title='bbox 781 2185 873 2240; x_wconf 85' lang='grc' dir='ltr'><strong><em>οὗν</em></strong></span> <span class='ocrx_word' id='word_1_242' title='bbox 930 2182 1193 2262; x_wconf 72' lang='grc' dir='ltr'>διαφωνῖα</span> <span class='ocrx_word' id='word_1_243' title='bbox 1263 2186 1359 2237; x_wconf 81' lang='grc' dir='ltr'><strong><em>τοῦ</em></strong></span> <span class='ocrx_word' id='word_1_244' title='bbox 1441 2180 1708 2253; x_wconf 78' lang='grc' dir='ltr'>ὀνόματος</span> <span class='ocrx_word' id='word_1_245' title='bbox 1788 2177 2009 2240; x_wconf 73' lang='grc' dir='ltr'>ἐνταῦθα</span> 
     </span>
    </p>
   </div>
   <div class='ocr_carea' id='block_1_40' title="bbox 353 2264 2011 2352">
    <p class='ocr_par' dir='ltr' id='par_1_40' title="bbox 353 2264 2011 2352">
     <span class='ocr_line' id='line_1_42' title="bbox 353 2264 2011 2352; baseline -0.008 -20"><span class='ocrx_word' id='word_1_246' title='bbox 353 2277 417 2332; x_wconf 87' lang='grc' dir='ltr'>τὸ</span> <span class='ocrx_word' id='word_1_247' title='bbox 467 2273 651 2352; x_wconf 76' lang='grc' dir='ltr'>λέγειν</span> <span class='ocrx_word' id='word_1_248' title='bbox 709 2275 828 2330; x_wconf 78' lang='grc' dir='ltr'>ἀντὶ</span> <span class='ocrx_word' id='word_1_249' title='bbox 893 2274 1168 2350; x_wconf 80' lang='grc' dir='ltr'><strong><em>Ἀγρίππα</em></strong></span> <span class='ocrx_word' id='word_1_250' title='bbox 1223 2268 1499 2345; x_wconf 65' lang='grc' dir='ltr'>Ἡρώδην,</span> <span class='ocrx_word' id='word_1_251' title='bbox 1543 2272 1578 2341; x_wconf 77' lang='grc' dir='ltr'><strong>ἢ</strong></span> <span class='ocrx_word' id='word_1_252' title='bbox 1619 2264 2011 2340; x_wconf 77' lang='grc' dir='ltr'>κατάσφαλμα,</span> 
     </span>
    </p>
   </div>
   <div class='ocr_carea' id='block_1_41' title="bbox 355 2352 2010 2442">
    <p class='ocr_par' dir='ltr' id='par_1_41' title="bbox 355 2352 2010 2442">
     <span class='ocr_line' id='line_1_43' title="bbox 355 2352 2010 2442; baseline -0.008 -22"><span class='ocrx_word' id='word_1_253' title='bbox 355 2366 431 2427; x_wconf 85' lang='grc' dir='ltr'><strong><em>ὡς</em></strong></span> <span class='ocrx_word' id='word_1_254' title='bbox 497 2365 642 2426; x_wconf 76' lang='grc' dir='ltr'>εἰκὸς</span> <span class='ocrx_word' id='word_1_255' title='bbox 737 2363 1000 2442; x_wconf 76' lang='grc' dir='ltr'>γραφικὸν</span> <span class='ocrx_word' id='word_1_256' title='bbox 1093 2363 1330 2438; x_wconf 88' lang='grc' dir='ltr'>γέγονεν,</span> <span class='ocrx_word' id='word_1_257' title='bbox 1397 2359 1431 2427; x_wconf 73' lang='grc' dir='ltr'><strong>ἢ</strong></span> <span class='ocrx_word' id='word_1_258' title='bbox 1501 2357 1637 2413; x_wconf 79' lang='grc' dir='ltr'>κατᾶ</span> <span class='ocrx_word' id='word_1_259' title='bbox 1712 2352 2010 2429; x_wconf 82' lang='grc' dir='ltr'>διωνυμίαν</span> 
     </span>
    </p>
   </div>
   <div class='ocr_carea' id='block_1_42' title="bbox 358 2444 2013 2528">
    <p class='ocr_par' dir='ltr' id='par_1_42' title="bbox 358 2444 2013 2528">
     <span class='ocr_line' id='line_1_44' title="bbox 358 2444 2013 2528; baseline -0.008 -18"><span class='ocrx_word' id='word_1_260' title='bbox 358 2455 597 2528; x_wconf 64' lang='grc' dir='ltr'>εἴρηκεν,</span> <span class='ocrx_word' id='word_1_261' title='bbox 665 2451 781 2508; x_wconf 79' lang='grc' dir='ltr'>ἐπεὶ</span> <span class='ocrx_word' id='word_1_262' title='bbox 843 2452 935 2506; x_wconf 79' lang='grc' dir='ltr'><strong><em>καὶ</em></strong></span> <span class='ocrx_word' id='word_1_263' title='bbox 1001 2451 1030 2505; x_wconf 90' lang='lat'><strong><em>6</em></strong></span> <span class='ocrx_word' id='word_1_264' title='bbox 1097 2451 1298 2526; x_wconf 81' lang='grc' dir='ltr'>χρόνος</span> <span class='ocrx_word' id='word_1_265' title='bbox 1363 2447 1452 2503; x_wconf 78' lang='grc' dir='ltr'><strong><em>καὶ</em></strong></span> <span class='ocrx_word' id='word_1_266' title='bbox 1519 2448 1574 2502; x_wconf 76' lang='grc' dir='ltr'>αἱ</span> <span class='ocrx_word' id='word_1_267' title='bbox 1639 2445 1858 2521; x_wconf 77' lang='grc' dir='ltr'>πράξεις</span> <span class='ocrx_word' id='word_1_268' title='bbox 1921 2444 2013 2498; x_wconf 88' lang='grc' dir='ltr'>τὸν</span> 
     </span>
    </p>
   </div>
   <div class='ocr_carea' id='block_1_43' title="bbox 358 2533 2012 2616">
    <p class='ocr_par' dir='ltr' id='par_1_43' title="bbox 358 2533 2012 2616">
     <span class='ocr_line' id='line_1_45' title="bbox 358 2533 2012 2616; baseline -0.007 -17"><span class='ocrx_word' id='word_1_269' title='bbox 358 2544 522 2600; x_wconf 73' lang='grc' dir='ltr'>αὐτὸν</span> <span class='ocrx_word' id='word_1_270' title='bbox 553 2541 889 2598; x_wconf 67' lang='grc' dir='ltr'>δεικνύουσιν</span> <span class='ocrx_word' id='word_1_271' title='bbox 918 2541 1223 2616; x_wconf 79' lang='grc' dir='ltr'>Ἀγρίππαν</span> <span class='ocrx_word' id='word_1_272' title='bbox 1262 2537 1349 2594; x_wconf 80' lang='grc' dir='ltr'><strong><em>ἐπὶ</em></strong></span> <span class='ocrx_word' id='word_1_273' title='bbox 1403 2533 1684 2594; x_wconf 73' lang='grc' dir='ltr'>Κλαυδίου</span> <span class='ocrx_word' id='word_1_274' title='bbox 1719 2535 2012 2609; x_wconf 70' lang='grc' dir='ltr'>Καίσαρος,</span> 
     </span>
    </p>
   </div>
   <div class='ocr_carea' id='block_1_44' title="bbox 356 2629 1430 2706">
    <p class='ocr_par' dir='ltr' id='par_1_44' title="bbox 356 2629 1430 2706">
     <span class='ocr_line' id='line_1_46' title="bbox 356 2629 1430 2706; baseline -0.006 -16"><span class='ocrx_word' id='word_1_275' title='bbox 356 2636 419 2698; x_wconf 86' lang='grc' dir='ltr'><strong><em>’ὸς</em></strong></span> <span class='ocrx_word' id='word_1_276' title='bbox 454 2635 588 2706; x_wconf 83' lang='grc' dir='ltr'><strong><em>μετᾶ</em></strong></span> <span class='ocrx_word' id='word_1_277' title='bbox 623 2639 777 2687; x_wconf 78' lang='grc' dir='ltr'>Γαῖον</span> <span class='ocrx_word' id='word_1_278' title='bbox 809 2630 1024 2706; x_wconf 88' lang='grc' dir='ltr'>γέγονεν</span> <span class='ocrx_word' id='word_1_279' title='bbox 1055 2629 1430 2702; x_wconf 73' lang='grc' dir='ltr'>αὐτοκράτωρ.</span> 
     </span>
    </p>
   </div>
   <div class='ocr_carea' id='block_1_45' title="bbox 435 2715 2016 2796">
    <p class='ocr_par' dir='ltr' id='par_1_45' title="bbox 435 2715 2016 2796">
     <span class='ocr_line' id='line_1_47' title="bbox 435 2715 2016 2796; baseline -0.004 -21"><span class='ocrx_word' id='word_1_280' title='bbox 435 2749 462 2775; x_wconf 79' lang='grc' dir='ltr'><strong><em>α</em></strong></span> <span class='ocrx_word' id='word_1_281' title='bbox 495 2721 708 2779; x_wconf 74' lang='grc' dir='ltr'>Ἀνεῖλε</span> <span class='ocrx_word' id='word_1_282' title='bbox 757 2718 814 2777; x_wconf 77' lang='grc' dir='ltr'>δὲ</span> <span class='ocrx_word' id='word_1_283' title='bbox 859 2715 1118 2776; x_wconf 75' lang='grc' dir='ltr'>Ἰάκωϐον</span> <span class='ocrx_word' id='word_1_284' title='bbox 1174 2719 1268 2774; x_wconf 88' lang='grc' dir='ltr'><strong><em>τὸν</em></strong></span> <span class='ocrx_word' id='word_1_285' title='bbox 1325 2715 1557 2796; x_wconf 75' lang='grc' dir='ltr'>ἀδελφὸν</span> <span class='ocrx_word' id='word_1_286' title='bbox 1615 2715 1869 2773; x_wconf 84' lang='grc' dir='ltr'>Ἰωάννου</span> <span class='ocrx_word' id='word_1_287' title='bbox 1910 2735 2016 2788; x_wconf 86' lang='grc' dir='ltr'><strong><em>μα-</em></strong></span> 
     </span>
    </p>
   </div>
   <div class='ocr_carea' id='block_1_46' title="bbox 361 2802 2012 2888">
    <p class='ocr_par' dir='ltr' id='par_1_46' title="bbox 361 2802 2012 2888">
     <span class='ocr_line' id='line_1_48' title="bbox 361 2802 2012 2888; baseline -0.006 -21"><span class='ocrx_word' id='word_1_288' title='bbox 361 2839 390 2867; x_wconf 73' lang='grc' dir='ltr'><strong><em>α</em></strong></span> <span class='ocrx_word' id='word_1_289' title='bbox 433 2813 625 2888; x_wconf 78' lang='grc' dir='ltr'>χαίρᾳ.</span> <span class='ocrx_word' id='word_1_290' title='bbox 687 2811 782 2866; x_wconf 77' lang='grc' dir='ltr'><strong><em>Καὶ</em></strong></span> <span class='ocrx_word' id='word_1_291' title='bbox 843 2808 972 2864; x_wconf 83' lang='grc' dir='ltr'>ἰδὼν</span> <span class='ocrx_word' id='word_1_292' title='bbox 1018 2809 1102 2864; x_wconf 76' lang='grc' dir='ltr'><strong><em>ὅτι</em></strong></span> <span class='ocrx_word' id='word_1_293' title='bbox 1163 2808 1386 2883; x_wconf 79' lang='grc' dir='ltr'>ἀρεστόν</span> <span class='ocrx_word' id='word_1_294' title='bbox 1416 2805 1526 2862; x_wconf 80' lang='grc' dir='ltr'>ἐστι</span> <span class='ocrx_word' id='word_1_295' title='bbox 1558 2811 1674 2866; x_wconf 84' lang='grc' dir='ltr'>τοῖς</span> <span class='ocrx_word' id='word_1_296' title='bbox 1707 2802 2012 2873; x_wconf 81' lang='grc' dir='ltr'>Ἰουδαίοις,</span> 
     </span>
    </p>
   </div>
   <div class='ocr_carea' id='block_1_47' title="bbox 361 2891 2014 2977">
    <p class='ocr_par' dir='ltr' id='par_1_47' title="bbox 361 2891 2014 2977">
     <span class='ocr_line' id='line_1_49' title="bbox 361 2891 2014 2977; baseline -0.004 -23"><span class='ocrx_word' id='word_1_297' title='bbox 361 2929 390 2955; x_wconf 78' lang='grc' dir='ltr'><strong><em>α</em></strong></span> <span class='ocrx_word' id='word_1_298' title='bbox 426 2901 718 2977; x_wconf 81' lang='grc' dir='ltr'>προσέθετο</span> <span class='ocrx_word' id='word_1_299' title='bbox 778 2895 1075 2956; x_wconf 74' lang='grc' dir='ltr'>συλλαϐεῖν</span> <span class='ocrx_word' id='word_1_300' title='bbox 1131 2898 1220 2953; x_wconf 85' lang='grc' dir='ltr'><strong><em>καὶ</em></strong></span> <span class='ocrx_word' id='word_1_301' title='bbox 1282 2895 1500 2970; x_wconf 88' lang='grc' dir='ltr'>Πέτρον.</span> <span class='ocrx_word' id='word_1_302' title='bbox 1554 2901 1720 2951; x_wconf 76' lang='grc' dir='ltr'>Ἦσαν</span> <span class='ocrx_word' id='word_1_303' title='bbox 1769 2891 1825 2949; x_wconf 73' lang='grc' dir='ltr'>δὲ</span> <span class='ocrx_word' id='word_1_304' title='bbox 1873 2893 2014 2964; x_wconf 77' lang='grc' dir='ltr'>ἠμέ-</span> 
     </span>
    </p>
   </div>
   <div class='ocr_carea' id='block_1_48' title="bbox 364 2981 2017 3068">
    <p class='ocr_par' dir='ltr' id='par_1_48' title="bbox 364 2981 2017 3068">
     <span class='ocr_line' id='line_1_50' title="bbox 364 2981 2017 3068; baseline -0.004 -24"><span class='ocrx_word' id='word_1_305' title='bbox 364 3019 392 3045; x_wconf 79' lang='grc' dir='ltr'>ι(</span> <span class='ocrx_word' id='word_1_306' title='bbox 430 3014 518 3068; x_wconf 83' lang='grc' dir='ltr'><strong><em>ραι</em></strong></span> <span class='ocrx_word' id='word_1_307' title='bbox 551 2997 658 3047; x_wconf 85' lang='grc' dir='ltr'><strong><em>τῶν</em></strong></span> <span class='ocrx_word' id='word_1_308' title='bbox 689 2991 936 3064; x_wconf 55' lang='grc' dir='ltr'>ἀζύμων.</span> <span class='ocrx_word' id='word_1_309' title='bbox 997 2996 1092 3046; x_wconf 84' lang='grc' dir='ltr'>Ὃν</span> <span class='ocrx_word' id='word_1_310' title='bbox 1149 2985 1238 3043; x_wconf 86' lang='grc' dir='ltr'>καί</span> <span class='ocrx_word' id='word_1_311' title='bbox 1291 2987 1509 3056; x_wconf 89' lang='grc' dir='ltr'>πιάσας,</span> <span class='ocrx_word' id='word_1_312' title='bbox 1551 2981 1699 3041; x_wconf 79' lang='grc' dir='ltr'>ἔθετο</span> <span class='ocrx_word' id='word_1_313' title='bbox 1733 2983 1808 3046; x_wconf 79' lang='grc' dir='ltr'><strong><em>εἷς</em></strong></span> <span class='ocrx_word' id='word_1_314' title='bbox 1843 2981 2017 3063; x_wconf 68' lang='grc' dir='ltr'>φυλα-</span> 
     </span>
    </p>
   </div>
   <div class='ocr_carea' id='block_1_49' title="bbox 373 3085 618 3152">
    <p class='ocr_par' dir='ltr' id='par_1_49' title="bbox 373 3085 618 3152">
     <span class='ocr_line' id='line_1_51' title="bbox 373 3085 618 3152; baseline -0.008 -19"><span class='ocrx_word' id='word_1_315' title='bbox 373 3105 395 3133; x_wconf 75' lang='grc' dir='ltr'>ι</span> <span class='ocrx_word' id='word_1_316' title='bbox 429 3085 553 3152; x_wconf 62' lang='grc' dir='ltr'>κήν,</span> <span class='ocrx_word' id='word_1_317' title='bbox 590 3106 618 3133; x_wconf 83' lang='grc'><strong>››</strong></span> 
     </span>
    </p>
   </div>
   <div class='ocr_carea' id='block_1_50' title="bbox 438 3158 2015 3245">
    <p class='ocr_par' dir='ltr' id='par_1_50' title="bbox 438 3158 2015 3245">
     <span class='ocr_line' id='line_1_52' title="bbox 438 3158 2015 3245; baseline -0.008 -19"><span class='ocrx_word' id='word_1_318' title='bbox 438 3175 554 3227; x_wconf 83' lang='grc' dir='ltr'>Ἵνα</span> <span class='ocrx_word' id='word_1_319' title='bbox 609 3171 715 3245; x_wconf 70' lang='grc' dir='ltr'>γὰρ</span> <span class='ocrx_word' id='word_1_320' title='bbox 775 3166 968 3242; x_wconf 76' lang='grc' dir='ltr'>μηδεὲς</span> <span class='ocrx_word' id='word_1_321' title='bbox 1026 3165 1160 3242; x_wconf 79' lang='grc' dir='ltr'>λέγῃ</span> <span class='ocrx_word' id='word_1_322' title='bbox 1219 3165 1305 3221; x_wconf 80' lang='grc' dir='ltr'><strong><em>ὅτι</em></strong></span> <span class='ocrx_word' id='word_1_323' title='bbox 1363 3162 1452 3220; x_wconf 69' lang='grc' dir='ltr'><strong><em>διὰ</em></strong></span> <span class='ocrx_word' id='word_1_324' title='bbox 1500 3168 1664 3219; x_wconf 75' lang='grc' dir='ltr'>τοῦτο</span> <span class='ocrx_word' id='word_1_325' title='bbox 1716 3158 2015 3221; x_wconf 68' lang='grc' dir='ltr'>ἀκινδύνως</span> 
     </span>
    </p>
   </div>
   <div class='ocr_carea' id='block_1_51' title="bbox 365 3249 2016 3330">
    <p class='ocr_par' dir='ltr' id='par_1_51' title="bbox 365 3249 2016 3330">
     <span class='ocr_line' id='line_1_53' title="bbox 365 3249 2016 3330; baseline -0.007 -15"><span class='ocrx_word' id='word_1_326' title='bbox 365 3261 460 3316; x_wconf 75' lang='grc' dir='ltr'><strong><em>καὶ</em></strong></span> <span class='ocrx_word' id='word_1_327' title='bbox 514 3258 684 3319; x_wconf 79' lang='grc' dir='ltr'>ἀδεῶς</span> <span class='ocrx_word' id='word_1_328' title='bbox 742 3256 1133 3330; x_wconf 82' lang='grc' dir='ltr'>κατατολμῶσι</span> <span class='ocrx_word' id='word_1_329' title='bbox 1184 3259 1281 3310; x_wconf 75' lang='grc' dir='ltr'><strong><em>τοῦ</em></strong></span> <span class='ocrx_word' id='word_1_330' title='bbox 1340 3253 1588 3323; x_wconf 84' lang='grc' dir='ltr'>θανάτου,</span> <span class='ocrx_word' id='word_1_331' title='bbox 1645 3253 1736 3307; x_wconf 80' lang='grc' dir='ltr'><strong><em>ἅτε</em></strong></span> <span class='ocrx_word' id='word_1_332' title='bbox 1783 3249 2016 3324; x_wconf 77' lang='grc' dir='ltr'>έξαρπά·</span> 
     </span>
    </p>
   </div>
   <div class='ocr_carea' id='block_1_52' title="bbox 368 3337 2020 3419">
    <p class='ocr_par' dir='ltr' id='par_1_52' title="bbox 368 3337 2020 3419">
     <span class='ocr_line' id='line_1_54' title="bbox 368 3337 2020 3419; baseline -0.007 -15"><span class='ocrx_word' id='word_1_333' title='bbox 368 3357 557 3419; x_wconf 84' lang='grc' dir='ltr'>ζοντος</span> <span class='ocrx_word' id='word_1_334' title='bbox 615 3348 810 3407; x_wconf 78' lang='grc' dir='ltr'>αὐτοὺς</span> <span class='ocrx_word' id='word_1_335' title='bbox 867 3349 968 3402; x_wconf 73' lang='grc' dir='ltr'><strong><em>τοῦ</em></strong></span> <span class='ocrx_word' id='word_1_336' title='bbox 1024 3349 1178 3413; x_wconf 67' lang='grc' dir='ltr'>Θεοῦ,</span> <span class='ocrx_word' id='word_1_337' title='bbox 1234 3340 1323 3398; x_wconf 70' lang='grc' dir='ltr'>διὰ</span> <span class='ocrx_word' id='word_1_338' title='bbox 1386 3343 1548 3398; x_wconf 69' lang='grc' dir='ltr'>τοῦτο</span> <span class='ocrx_word' id='word_1_339' title='bbox 1602 3343 1885 3419; x_wconf 83' lang='grc' dir='ltr'>συγχωρεῖ</span> <span class='ocrx_word' id='word_1_340' title='bbox 1930 3337 2020 3393; x_wconf 81' lang='grc' dir='ltr'><strong><em>καὶ</em></strong></span> 
     </span>
    </p>
   </div>
   <div class='ocr_carea' id='block_1_53' title="bbox 372 3427 2020 3513">
    <p class='ocr_par' dir='ltr' id='par_1_53' title="bbox 372 3427 2020 3513">
     <span class='ocr_line' id='line_1_55' title="bbox 372 3427 2020 3513; baseline -0.006 -21"><span class='ocrx_word' id='word_1_341' title='bbox 372 3441 722 3512; x_wconf 74' lang='grc' dir='ltr'>ἀναιρεθῆναι</span> <span class='ocrx_word' id='word_1_342' title='bbox 779 3435 870 3490; x_wconf 86' lang='grc' dir='ltr'><strong><em>καὶ</em></strong></span> <span class='ocrx_word' id='word_1_343' title='bbox 925 3435 1053 3496; x_wconf 78' lang='grc' dir='ltr'>τοὺς</span> <span class='ocrx_word' id='word_1_344' title='bbox 1135 3432 1488 3513; x_wconf 72' lang='grc' dir='ltr'>κορυφαίους,</span> <span class='ocrx_word' id='word_1_345' title='bbox 1563 3432 1767 3493; x_wconf 85' lang='grc' dir='ltr'>πείθων</span> <span class='ocrx_word' id='word_1_346' title='bbox 1825 3427 2020 3490; x_wconf 68' lang='grc' dir='ltr'>αὐτοὺς</span> 
     </span>
    </p>
   </div>
   <div class='ocr_carea' id='block_1_54' title="bbox 372 3517 2020 3601">
    <p class='ocr_par' dir='ltr' id='par_1_54' title="bbox 372 3517 2020 3601">
     <span class='ocr_line' id='line_1_56' title="bbox 372 3517 2020 3601; baseline -0.007 -19"><span class='ocrx_word' id='word_1_347' title='bbox 372 3527 502 3588; x_wconf 63' lang='grc' dir='ltr'>τοὺς</span> <span class='ocrx_word' id='word_1_348' title='bbox 559 3526 932 3601; x_wconf 76' lang='grc' dir='ltr'>ἀναιροῦντας,</span> <span class='ocrx_word' id='word_1_349' title='bbox 986 3523 1071 3579; x_wconf 75' lang='grc' dir='ltr'>ὅτι</span> <span class='ocrx_word' id='word_1_350' title='bbox 1113 3519 1238 3578; x_wconf 72' lang='grc' dir='ltr'>οὐδὲ</span> <span class='ocrx_word' id='word_1_351' title='bbox 1292 3525 1459 3577; x_wconf 80' lang='grc' dir='ltr'>ταῦτα</span> <span class='ocrx_word' id='word_1_352' title='bbox 1507 3519 1796 3597; x_wconf 72' lang='grc' dir='ltr'>ἀφίστησιν</span> <span class='ocrx_word' id='word_1_353' title='bbox 1824 3517 2020 3578; x_wconf 68' lang='grc' dir='ltr'>αὐτοὺς</span> 
     </span>
    </p>
   </div>
   <div class='ocr_carea' id='block_1_55' title="bbox 370 3618 726 3672">
    <p class='ocr_par' dir='ltr' id='par_1_55' title="bbox 370 3618 726 3672">
     <span class='ocr_line' id='line_1_57' title="bbox 370 3618 726 3672; baseline -0.003 0"><span class='ocrx_word' id='word_1_354' title='bbox 370 3619 462 3672; x_wconf 78' lang='grc' dir='ltr'><strong><em>καὶ</em></strong></span> <span class='ocrx_word' id='word_1_355' title='bbox 495 3618 726 3672; x_wconf 81' lang='grc' dir='ltr'>κωλύει.</span> 
     </span>
    </p>
   </div>
   <div class='ocr_carea' id='block_1_56' title="bbox 447 3699 2026 3782">
    <p class='ocr_par' dir='ltr' id='par_1_56' title="bbox 447 3699 2026 3782">
     <span class='ocr_line' id='line_1_58' title="bbox 447 3699 2026 3782; baseline -0.003 -24"><span class='ocrx_word' id='word_1_356' title='bbox 447 3705 796 3782; x_wconf 70' lang='grc' dir='ltr'>«Παραδοὺς</span> <span class='ocrx_word' id='word_1_357' title='bbox 853 3705 1104 3780; x_wconf 83' lang='grc' dir='ltr'>τέσσαρσι</span> <span class='ocrx_word' id='word_1_358' title='bbox 1157 3699 1460 3778; x_wconf 76' lang='grc' dir='ltr'>τετραδίοις</span> <span class='ocrx_word' id='word_1_359' title='bbox 1518 3705 1864 3776; x_wconf 86' lang='grc' dir='ltr'>στρατίωτῶν</span> <span class='ocrx_word' id='word_1_360' title='bbox 1923 3721 2026 3778; x_wconf 71' lang='grc' dir='ltr'>φυ-</span> 
     </span>
    </p>
   </div>
   <div class='ocr_carea' id='block_1_57' title="bbox 375 3787 2023 3870">
    <p class='ocr_par' dir='ltr' id='par_1_57' title="bbox 375 3787 2023 3870">
     <span class='ocr_line' id='line_1_59' title="bbox 375 3787 2023 3870; baseline -0.005 -20"><span class='ocrx_word' id='word_1_361' title='bbox 375 3822 404 3850; x_wconf 78' lang='grc' dir='ltr'><strong><em>α</em></strong></span> <span class='ocrx_word' id='word_1_362' title='bbox 442 3797 660 3852; x_wconf 83' lang='grc' dir='ltr'>λάσσειν</span> <span class='ocrx_word' id='word_1_363' title='bbox 690 3796 870 3860; x_wconf 77' lang='grc' dir='ltr'>αὐτὸν,</span> <span class='ocrx_word' id='word_1_364' title='bbox 909 3792 1243 3870; x_wconf 80' lang='grc' dir='ltr'>βουλόμενος</span> <span class='ocrx_word' id='word_1_365' title='bbox 1297 3791 1432 3864; x_wconf 81' lang='grc' dir='ltr'>μετὰ</span> <span class='ocrx_word' id='word_1_366' title='bbox 1489 3791 1550 3846; x_wconf 87' lang='grc' dir='ltr'>τὸ</span> <span class='ocrx_word' id='word_1_367' title='bbox 1612 3791 1801 3866; x_wconf 81' lang='grc' dir='ltr'>Πάσχα</span> <span class='ocrx_word' id='word_1_368' title='bbox 1831 3787 2023 3864; x_wconf 80' lang='grc' dir='ltr'>ἀναγαο</span> 
     </span>
    </p>
   </div>
   <div class='ocr_carea' id='block_1_58' title="bbox 373 3877 2026 3962">
    <p class='ocr_par' dir='ltr' id='par_1_58' title="bbox 373 3877 2026 3962">
     <span class='ocr_line' id='line_1_60' title="bbox 373 3877 2026 3962; baseline -0.008 -19"><span class='ocrx_word' id='word_1_369' title='bbox 373 3917 400 3943; x_wconf 77' lang='grc' dir='ltr'><strong><em>α</em></strong></span> <span class='ocrx_word' id='word_1_370' title='bbox 432 3895 548 3962; x_wconf 82' lang='grc' dir='ltr'>γεῑν</span> <span class='ocrx_word' id='word_1_371' title='bbox 581 3885 740 3941; x_wconf 76' lang='grc' dir='ltr'>αὐτὸν</span> <span class='ocrx_word' id='word_1_372' title='bbox 797 3890 877 3957; x_wconf 79' lang='grc' dir='ltr'>τῷ</span> <span class='ocrx_word' id='word_1_373' title='bbox 934 3883 1070 3956; x_wconf 81' lang='grc' dir='ltr'>λαῷ.</span> <span class='ocrx_word' id='word_1_374' title='bbox 1131 3884 1192 3940; x_wconf 91' lang='grc' dir='ltr'><strong>Ὁ</strong></span> <span class='ocrx_word' id='word_1_375' title='bbox 1252 3882 1346 3954; x_wconf 74' lang='grc' dir='ltr'><strong><em>μὲν</em></strong></span> <span class='ocrx_word' id='word_1_376' title='bbox 1405 3877 1498 3935; x_wconf 75' lang='grc' dir='ltr'><strong><em>οὖν</em></strong></span> <span class='ocrx_word' id='word_1_377' title='bbox 1549 3879 1745 3953; x_wconf 81' lang='grc' dir='ltr'>Πέτρος</span> <span class='ocrx_word' id='word_1_378' title='bbox 1777 3878 2026 3952; x_wconf 74' lang='grc' dir='ltr'>ἐτηρεῖτο</span> 
     </span>
    </p>
   </div>
   <div class='ocr_carea' id='block_1_59' title="bbox 377 3967 2025 4052">
    <p class='ocr_par' dir='ltr' id='par_1_59' title="bbox 377 3967 2025 4052">
     <span class='ocr_line' id='line_1_61' title="bbox 377 3967 2025 4052; baseline -0.006 -22"><span class='ocrx_word' id='word_1_379' title='bbox 377 4006 404 4030; x_wconf 78' lang='grc' dir='ltr'>η</span> <span class='ocrx_word' id='word_1_380' title='bbox 438 3979 492 4034; x_wconf 87' lang='grc' dir='ltr'>ἐν</span> <span class='ocrx_word' id='word_1_381' title='bbox 521 3981 590 4049; x_wconf 75' lang='grc' dir='ltr'>τῇ</span> <span class='ocrx_word' id='word_1_382' title='bbox 622 3975 861 4052; x_wconf 69' lang='grc' dir='ltr'>φυλακῇ·</span> <span class='ocrx_word' id='word_1_383' title='bbox 917 3972 1198 4050; x_wconf 80' lang='grc' dir='ltr'>προσευχὴ</span> <span class='ocrx_word' id='word_1_384' title='bbox 1260 3969 1317 4025; x_wconf 76' lang='grc' dir='ltr'>δὲ</span> <span class='ocrx_word' id='word_1_385' title='bbox 1371 3971 1438 4039; x_wconf 71' lang='grc' dir='ltr'>ἦν</span> <span class='ocrx_word' id='word_1_386' title='bbox 1489 3967 1706 4037; x_wconf 81' lang='grc' dir='ltr'>ἐκτενὴς</span> <span class='ocrx_word' id='word_1_387' title='bbox 1764 3968 2025 4042; x_wconf 82' lang='grc' dir='ltr'>γινομένη</span> 
     </span>
    </p>
   </div>
   <div class='ocr_carea' id='block_1_60' title="bbox 379 4057 2026 4135">
    <p class='ocr_par' dir='ltr' id='par_1_60' title="bbox 379 4057 2026 4135">
     <span class='ocr_line' id='line_1_62' title="bbox 379 4057 2026 4135; baseline -0.007 -12"><span class='ocrx_word' id='word_1_388' title='bbox 379 4092 405 4123; x_wconf 72' lang='grc' dir='ltr'><strong>ε</strong></span> <span class='ocrx_word' id='word_1_389' title='bbox 445 4068 552 4122; x_wconf 84' lang='grc' dir='ltr'><strong><em>ὑπὸ</em></strong></span> <span class='ocrx_word' id='word_1_390' title='bbox 609 4072 713 4133; x_wconf 76' lang='grc' dir='ltr'><strong><em>τῆς</em></strong></span> <span class='ocrx_word' id='word_1_391' title='bbox 767 4061 1096 4132; x_wconf 73' lang='grc' dir='ltr'>Ἐκκλησίας</span> <span class='ocrx_word' id='word_1_392' title='bbox 1157 4061 1292 4135; x_wconf 87' lang='grc' dir='ltr'>πρὸς</span> <span class='ocrx_word' id='word_1_393' title='bbox 1349 4059 1441 4115; x_wconf 87' lang='grc' dir='ltr'><strong><em>τὸν</em></strong></span> <span class='ocrx_word' id='word_1_394' title='bbox 1498 4059 1626 4114; x_wconf 87' lang='grc' dir='ltr'>Θεὸν</span> <span class='ocrx_word' id='word_1_395' title='bbox 1683 4058 1815 4131; x_wconf 72' lang='grc' dir='ltr'>ὑπὲρ</span> <span class='ocrx_word' id='word_1_396' title='bbox 1842 4057 2026 4111; x_wconf 77' lang='grc' dir='ltr'>αὐτοῦ.</span> 
     </span>
    </p>
   </div>
   <div class='ocr_carea' id='block_1_61' title="bbox 374 4142 2029 4226">
    <p class='ocr_par' dir='ltr' id='par_1_61' title="bbox 374 4142 2029 4226">
     <span class='ocr_line' id='line_1_63' title="bbox 374 4142 2029 4226; baseline -0.007 -16"><span class='ocrx_word' id='word_1_397' title='bbox 374 4183 406 4210; x_wconf 73' lang='grc' dir='ltr'><strong><em>α</em></strong></span> <span class='ocrx_word' id='word_1_398' title='bbox 439 4159 567 4214; x_wconf 86' lang='grc' dir='ltr'>Ὀτε</span> <span class='ocrx_word' id='word_1_399' title='bbox 625 4151 682 4208; x_wconf 73' lang='grc' dir='ltr'>δὲ</span> <span class='ocrx_word' id='word_1_400' title='bbox 738 4148 970 4226; x_wconf 80' lang='grc' dir='ltr'>ἔμελλεν</span> <span class='ocrx_word' id='word_1_401' title='bbox 1028 4149 1186 4206; x_wconf 78' lang='grc' dir='ltr'>αὐτὸν</span> <span class='ocrx_word' id='word_1_402' title='bbox 1241 4149 1499 4224; x_wconf 86' lang='grc' dir='ltr'>προάγειν</span> <span class='ocrx_word' id='word_1_403' title='bbox 1559 4148 1586 4202; x_wconf 91' lang='lat'><strong><em>6</em></strong></span> <span class='ocrx_word' id='word_1_404' title='bbox 1637 4142 1910 4220; x_wconf 83' lang='grc' dir='ltr'>Ἡρώδης,</span> <span class='ocrx_word' id='word_1_405' title='bbox 1961 4147 2029 4219; x_wconf 79' lang='grc' dir='ltr'><strong><em>τῇ</em></strong></span> 
     </span>
    </p>
   </div>
   <div class='ocr_carea' id='block_1_62' title="bbox 380 4231 2032 4316">
    <p class='ocr_par' dir='ltr' id='par_1_62' title="bbox 380 4231 2032 4316">
     <span class='ocr_line' id='line_1_64' title="bbox 380 4231 2032 4316; baseline -0.008 -14"><span class='ocrx_word' id='word_1_406' title='bbox 380 4272 412 4302; x_wconf 71' lang='grc' dir='ltr'><strong><em>α</em></strong></span> <span class='ocrx_word' id='word_1_407' title='bbox 442 4245 599 4302; x_wconf 80' lang='grc' dir='ltr'>νυκτὶ</span> <span class='ocrx_word' id='word_1_408' title='bbox 629 4242 800 4316; x_wconf 78' lang='grc' dir='ltr'>ἐκείνῃ</span> <span class='ocrx_word' id='word_1_409' title='bbox 853 4243 919 4312; x_wconf 79' lang='grc' dir='ltr'>ἦν</span> <span class='ocrx_word' id='word_1_410' title='bbox 982 4241 1008 4296; x_wconf 93' lang='lat'><strong><em>6</em></strong></span> <span class='ocrx_word' id='word_1_411' title='bbox 1070 4239 1270 4315; x_wconf 81' lang='grc' dir='ltr'>Πέτρος</span> <span class='ocrx_word' id='word_1_412' title='bbox 1328 4237 1674 4312; x_wconf 76' lang='grc' dir='ltr'>κοιμώμενος</span> <span class='ocrx_word' id='word_1_413' title='bbox 1709 4235 1904 4308; x_wconf 81' lang='grc' dir='ltr'>μεταξὺ</span> <span class='ocrx_word' id='word_1_414' title='bbox 1935 4231 2032 4289; x_wconf 79' lang='grc' dir='ltr'>δύο</span> 
     </span>
    </p>
   </div>
   <div class='ocr_carea' id='block_1_63' title="bbox 379 4322 2035 4412">
    <p class='ocr_par' dir='ltr' id='par_1_63' title="bbox 379 4322 2035 4412">
     <span class='ocr_line' id='line_1_65' title="bbox 379 4322 2035 4412; baseline -0.006 -24"><span class='ocrx_word' id='word_1_415' title='bbox 379 4339 814 4412; x_wconf 77' lang='grc' dir='ltr'>«στρατιωτῶν,</span> <span class='ocrx_word' id='word_1_416' title='bbox 876 4329 1156 4405; x_wconf 83' lang='grc' dir='ltr'>δεδεμένος</span> <span class='ocrx_word' id='word_1_417' title='bbox 1212 4329 1433 4385; x_wconf 78' lang='grc' dir='ltr'>ἁλύσεσι</span> <span class='ocrx_word' id='word_1_418' title='bbox 1493 4323 1633 4382; x_wconf 86' lang='grc' dir='ltr'>δυσί·</span> <span class='ocrx_word' id='word_1_419' title='bbox 1693 4322 2035 4412; x_wconf 12' lang='grc' dir='ltr'>φύλακέςῗτε</span> 
     </span>
    </p>
   </div>
   <div class='ocr_carea' id='block_1_64' title="bbox 381 4410 2035 4500">
    <p class='ocr_par' dir='ltr' id='par_1_64' title="bbox 381 4410 2035 4500">
     <span class='ocr_line' id='line_1_66' title="bbox 381 4410 2035 4500; baseline -0.008 -19"><span class='ocrx_word' id='word_1_420' title='bbox 381 4453 412 4480; x_wconf 80' lang='lat' dir='ltr'><strong><em>u</em></strong></span> <span class='ocrx_word' id='word_1_421' title='bbox 446 4410 559 4500; x_wconf 85' lang='grc' dir='ltr'>πρὸ</span> <span class='ocrx_word' id='word_1_422' title='bbox 587 4431 689 4494; x_wconf 78' lang='grc' dir='ltr'>τῆς</span> <span class='ocrx_word' id='word_1_423' title='bbox 718 4423 881 4498; x_wconf 72' lang='grc' dir='ltr'>Θῦρας</span> <span class='ocrx_word' id='word_1_424' title='bbox 914 4420 1142 4496; x_wconf 73' lang='grc' dir='ltr'>ἐτήρουν</span> <span class='ocrx_word' id='word_1_425' title='bbox 1176 4420 1274 4487; x_wconf 75' lang='grc' dir='ltr'>τὴν</span> <span class='ocrx_word' id='word_1_426' title='bbox 1335 4415 1602 4496; x_wconf 67' lang='grc' dir='ltr'>φυλακήν.</span> <span class='ocrx_word' id='word_1_427' title='bbox 1656 4413 1751 4469; x_wconf 80' lang='grc' dir='ltr'><strong><em>Καὶ</em></strong></span> <span class='ocrx_word' id='word_1_428' title='bbox 1789 4410 1910 4468; x_wconf 78' lang='grc' dir='ltr'>ἰδοὺ</span> <span class='ocrx_word' id='word_1_429' title='bbox 1936 4411 2035 4490; x_wconf 73' lang='grc' dir='ltr'><strong><em>ἅγ-</em></strong></span> 
     </span>
    </p>
   </div>
   <div class='ocr_carea' id='block_1_65' title="bbox 384 4500 2037 4592">
    <p class='ocr_par' dir='ltr' id='par_1_65' title="bbox 384 4500 2037 4592">
     <span class='ocr_line' id='line_1_67' title="bbox 384 4500 2037 4592; baseline -0.007 -24"><span class='ocrx_word' id='word_1_430' title='bbox 384 4542 409 4568; x_wconf 77' lang='grc' dir='ltr'>ι</span> <span class='ocrx_word' id='word_1_431' title='bbox 443 4513 611 4592; x_wconf 82' lang='grc' dir='ltr'>γελος</span> <span class='ocrx_word' id='word_1_432' title='bbox 668 4513 870 4586; x_wconf 80' lang='grc' dir='ltr'>Κυρίου</span> <span class='ocrx_word' id='word_1_433' title='bbox 950 4510 1172 4580; x_wconf 82' lang='grc' dir='ltr'>ἐπέστη,</span> <span class='ocrx_word' id='word_1_434' title='bbox 1231 4509 1321 4564; x_wconf 83' lang='grc' dir='ltr'><strong><em>καὶ</em></strong></span> <span class='ocrx_word' id='word_1_435' title='bbox 1381 4512 1496 4586; x_wconf 78' lang='grc' dir='ltr'><strong><em>φῶς</em></strong></span> <span class='ocrx_word' id='word_1_436' title='bbox 1555 4500 1796 4578; x_wconf 77' lang='grc' dir='ltr'>ἔλαμψεν</span> <span class='ocrx_word' id='word_1_437' title='bbox 1851 4503 1902 4592; x_wconf 80' lang='grc' dir='ltr'><strong><em>έν</em></strong></span> <span class='ocrx_word' id='word_1_438' title='bbox 1957 4507 2037 4574; x_wconf 79' lang='grc' dir='ltr'>τῷ</span> 
     </span>
    </p>
   </div>
   <div class='ocr_carea' id='block_1_66' title="bbox 2120 1922 3768 1994">
    <p class='ocr_par' dir='ltr' id='par_1_66' title="bbox 2120 1922 3768 1994">
     <span class='ocr_line' id='line_1_68' title="bbox 2120 1922 3768 1994; baseline 0.003 -16"><span class='ocrx_word' id='word_1_439' title='bbox 2120 1923 2325 1978; x_wconf 80' lang='lat' dir='ltr'><strong><em>scribit</em></strong></span> <span class='ocrx_word' id='word_1_440' title='bbox 2343 1924 2631 1994; x_wconf 71' lang='lat' dir='ltr'><strong><em>Iosephus</em></strong></span> <span class='ocrx_word' id='word_1_441' title='bbox 2650 1923 2802 1978; x_wconf 88' lang='lat' dir='ltr'><strong><em>libro</em></strong></span> <span class='ocrx_word' id='word_1_442' title='bbox 2828 1922 3058 1978; x_wconf 90' lang='lat' dir='ltr'><strong><em>decimo</em></strong></span> <span class='ocrx_word' id='word_1_443' title='bbox 3081 1931 3281 1980; x_wconf 82' lang='lat' dir='ltr'><strong><em>octavo</em></strong></span> <span class='ocrx_word' id='word_1_444' title='bbox 3304 1926 3565 1982; x_wconf 67' lang='lat' dir='ltr'><strong><em>historiae</em></strong></span> <span class='ocrx_word' id='word_1_445' title='bbox 3597 1929 3768 1982; x_wconf 83' lang='lat' dir='ltr'><strong><em>Anti-</em></strong></span> 
     </span>
    </p>
   </div>
   <div class='ocr_carea' id='block_1_67' title="bbox 2117 2012 3767 2084">
    <p class='ocr_par' dir='ltr' id='par_1_67' title="bbox 2117 2012 3767 2084">
     <span class='ocr_line' id='line_1_69' title="bbox 2117 2012 3767 2084; baseline 0.004 -18"><span class='ocrx_word' id='word_1_446' title='bbox 2117 2013 2431 2084; x_wconf 89' lang='lat' dir='ltr'><strong><em>quitatum,</em></strong></span> <span class='ocrx_word' id='word_1_447' title='bbox 2468 2019 2525 2068; x_wconf 91' lang='lat' dir='ltr'><strong><em>et</em></strong></span> <span class='ocrx_word' id='word_1_448' title='bbox 2553 2012 2841 2067; x_wconf 85' lang='lat' dir='ltr'><strong><em>Eusebius</em></strong></span> <span class='ocrx_word' id='word_1_449' title='bbox 2863 2013 3123 2068; x_wconf 91' lang='lat' dir='ltr'><strong><em>secundo</em></strong></span> <span class='ocrx_word' id='word_1_450' title='bbox 3156 2014 3307 2070; x_wconf 92' lang='lat' dir='ltr'><strong><em>libro</em></strong></span> <span class='ocrx_word' id='word_1_451' title='bbox 3337 2016 3767 2072; x_wconf 71' lang='lat' dir='ltr'><strong><em>Ecclesiasticas</em></strong></span> 
     </span>
    </p>
   </div>
   <div class='ocr_carea' id='block_1_68' title="bbox 2119 2100 3771 2174">
    <p class='ocr_par' dir='ltr' id='par_1_68' title="bbox 2119 2100 3771 2174">
     <span class='ocr_line' id='line_1_70' title="bbox 2119 2100 3771 2174; baseline 0.005 -20"><span class='ocrx_word' id='word_1_452' title='bbox 2119 2101 2404 2156; x_wconf 60' lang='lat' dir='ltr'><strong><em>historias.</em></strong></span> <span class='ocrx_word' id='word_1_453' title='bbox 2441 2100 2543 2155; x_wconf 91' lang='lat' dir='ltr'><strong><em>Vel</em></strong></span> <span class='ocrx_word' id='word_1_454' title='bbox 2594 2119 2730 2174; x_wconf 90' lang='lat' dir='ltr'><strong><em>ergo</em></strong></span> <span class='ocrx_word' id='word_1_455' title='bbox 2763 2103 2873 2157; x_wconf 92' lang='lat' dir='ltr'><strong><em>hoc</em></strong></span> <span class='ocrx_word' id='word_1_456' title='bbox 2927 2102 3056 2159; x_wconf 92' lang='lat' dir='ltr'><strong><em>loco</em></strong></span> <span class='ocrx_word' id='word_1_457' title='bbox 3110 2105 3370 2160; x_wconf 89' lang='lat' dir='ltr'><strong><em>nominis</em></strong></span> <span class='ocrx_word' id='word_1_458' title='bbox 3399 2104 3771 2162; x_wconf 84' lang='lat' dir='ltr'><strong><em>dissonantia</em></strong></span> 
     </span>
    </p>
   </div>
   <div class='ocr_carea' id='block_1_69' title="bbox 2121 2190 3772 2267">
    <p class='ocr_par' dir='ltr' id='par_1_69' title="bbox 2121 2190 3772 2267">
     <span class='ocr_line' id='line_1_71' title="bbox 2121 2190 3772 2267; baseline 0.004 -23"><span class='ocrx_word' id='word_1_459' title='bbox 2121 2190 2395 2261; x_wconf 89' lang='lat' dir='ltr'><strong><em>est,quod</em></strong></span> <span class='ocrx_word' id='word_1_460' title='bbox 2421 2208 2525 2262; x_wconf 92' lang='lat' dir='ltr'><strong><em>pro</em></strong></span> <span class='ocrx_word' id='word_1_461' title='bbox 2545 2191 2801 2264; x_wconf 83' lang='lat' dir='ltr'><strong><em>Agrippa</em></strong></span> <span class='ocrx_word' id='word_1_462' title='bbox 2822 2198 3077 2264; x_wconf 88' lang='lat' dir='ltr'><strong><em>ponatur</em></strong></span> <span class='ocrx_word' id='word_1_463' title='bbox 3099 2193 3444 2250; x_wconf 79' lang='lat' dir='ltr'><strong><em>Herodeset</em></strong></span> <span class='ocrx_word' id='word_1_464' title='bbox 3465 2196 3772 2267; x_wconf 85' lang='lat' dir='ltr'><strong><em>scriptoris</em></strong></span> 
     </span>
    </p>
   </div>
   <div class='ocr_carea' id='block_1_70' title="bbox 2122 2278 3771 2354">
    <p class='ocr_par' dir='ltr' id='par_1_70' title="bbox 2122 2278 3771 2354">
     <span class='ocr_line' id='line_1_72' title="bbox 2122 2278 3771 2354; baseline 0.005 -21"><span class='ocrx_word' id='word_1_465' title='bbox 2122 2278 2293 2350; x_wconf 85' lang='lat' dir='ltr'><strong><em>lapsu</em></strong></span> <span class='ocrx_word' id='word_1_466' title='bbox 2325 2280 2590 2352; x_wconf 82' lang='lat' dir='ltr'><strong><em>contigit,</em></strong></span> <span class='ocrx_word' id='word_1_467' title='bbox 2619 2280 3026 2336; x_wconf 82' lang='lat' dir='ltr'><strong><em>utverisimile</em></strong></span> <span class='ocrx_word' id='word_1_468' title='bbox 3055 2281 3156 2336; x_wconf 82' lang='lat' dir='ltr'><strong><em>ﬁt:</em></strong></span> <span class='ocrx_word' id='word_1_469' title='bbox 3190 2290 3291 2338; x_wconf 92' lang='lat' dir='ltr'><strong><em>aut</em></strong></span> <span class='ocrx_word' id='word_1_470' title='bbox 3312 2284 3485 2354; x_wconf 85' lang='lat' dir='ltr'><strong><em>juxta</em></strong></span> <span class='ocrx_word' id='word_1_471' title='bbox 3515 2286 3771 2341; x_wconf 88' lang='lat' dir='ltr'><strong><em>nominis</em></strong></span> 
     </span>
    </p>
   </div>
   <div class='ocr_carea' id='block_1_71' title="bbox 2121 2369 3778 2444">
    <p class='ocr_par' dir='ltr' id='par_1_71' title="bbox 2121 2369 3778 2444">
     <span class='ocr_line' id='line_1_73' title="bbox 2121 2369 3778 2444; baseline 0.005 -21"><span class='ocrx_word' id='word_1_472' title='bbox 2121 2369 2584 2440; x_wconf 86' lang='lat' dir='ltr'><strong><em>geminationem</em></strong></span> <span class='ocrx_word' id='word_1_473' title='bbox 2609 2369 2776 2437; x_wconf 80' lang='lat' dir='ltr'><strong><em>dixit,</em></strong></span> <span class='ocrx_word' id='word_1_474' title='bbox 2797 2370 3077 2442; x_wconf 88' lang='lat' dir='ltr'><strong><em>quoniam</em></strong></span> <span class='ocrx_word' id='word_1_475' title='bbox 3106 2378 3340 2444; x_wconf 86' lang='lat' dir='ltr'><strong><em>tempus</em></strong></span> <span class='ocrx_word' id='word_1_476' title='bbox 3371 2380 3427 2429; x_wconf 93' lang='lat' dir='ltr'><strong><em>et</em></strong></span> <span class='ocrx_word' id='word_1_477' title='bbox 3457 2383 3587 2430; x_wconf 89' lang='lat' dir='ltr'><strong><em>acta</em></strong></span> <span class='ocrx_word' id='word_1_478' title='bbox 3609 2391 3778 2431; x_wconf 88' lang='lat' dir='ltr'><strong><em>eum-</em></strong></span> 
     </span>
    </p>
   </div>
   <div class='ocr_carea' id='block_1_72' title="bbox 2125 2456 3775 2536">
    <p class='ocr_par' dir='ltr' id='par_1_72' title="bbox 2125 2456 3775 2536">
     <span class='ocr_line' id='line_1_74' title="bbox 2125 2456 3775 2536; baseline 0.005 -25"><span class='ocrx_word' id='word_1_479' title='bbox 2125 2456 2259 2512; x_wconf 89' lang='lat' dir='ltr'><strong><em>dem</em></strong></span> <span class='ocrx_word' id='word_1_480' title='bbox 2291 2457 2616 2513; x_wconf 90' lang='lat' dir='ltr'><strong><em>ostendunt</em></strong></span> <span class='ocrx_word' id='word_1_481' title='bbox 2645 2459 2960 2531; x_wconf 80' lang='lat' dir='ltr'><strong><em>Agrippam</em></strong></span> <span class='ocrx_word' id='word_1_482' title='bbox 2992 2459 3100 2515; x_wconf 89' lang='lat' dir='ltr'><strong><em>sub</em></strong></span> <span class='ocrx_word' id='word_1_483' title='bbox 3122 2461 3368 2518; x_wconf 90' lang='lat' dir='ltr'><strong><em>Claudio</em></strong></span> <span class='ocrx_word' id='word_1_484' title='bbox 3399 2464 3647 2533; x_wconf 68' lang='lat' dir='ltr'><strong><em>Caesare,</em></strong></span> <span class='ocrx_word' id='word_1_485' title='bbox 3673 2465 3775 2536; x_wconf 89' lang='lat' dir='ltr'><strong><em>qui</em></strong></span> 
     </span>
    </p>
   </div>
   <div class='ocr_carea' id='block_1_73' title="bbox 2129 2546 3206 2620">
    <p class='ocr_par' dir='ltr' id='par_1_73' title="bbox 2129 2546 3206 2620">
     <span class='ocr_line' id='line_1_75' title="bbox 2129 2546 3206 2620; baseline 0.004 -20"><span class='ocrx_word' id='word_1_486' title='bbox 2129 2552 2270 2618; x_wconf 85' lang='lat' dir='ltr'><strong><em>post</em></strong></span> <span class='ocrx_word' id='word_1_487' title='bbox 2299 2546 2502 2601; x_wconf 89' lang='lat' dir='ltr'><strong><em>Caium</em></strong></span> <span class='ocrx_word' id='word_1_488' title='bbox 2525 2547 2714 2602; x_wconf 86' lang='lat' dir='ltr'><strong><em>factus</em></strong></span> <span class='ocrx_word' id='word_1_489' title='bbox 2746 2555 2835 2603; x_wconf 91' lang='lat' dir='ltr'><strong><em>est</em></strong></span> <span class='ocrx_word' id='word_1_490' title='bbox 2864 2548 3206 2620; x_wconf 88' lang='lat' dir='ltr'><strong><em>imperator.</em></strong></span> 
     </span>
    </p>
   </div>
   <div class='ocr_carea' id='block_1_74' title="bbox 2199 2726 3781 2787">
    <p class='ocr_par' dir='ltr' id='par_1_74' title="bbox 2199 2726 3781 2787">
     <span class='ocr_line' id='line_1_76' title="bbox 2199 2726 3781 2787; baseline 0.004 -7"><span class='ocrx_word' id='word_1_491' title='bbox 2199 2726 2349 2782; x_wconf 73' lang='lat'><strong><em>105</em></strong></span> <span class='ocrx_word' id='word_1_492' title='bbox 2383 2726 2504 2787; x_wconf 84' lang='lat' dir='ltr'><strong><em>XII,</em></strong></span> <span class='ocrx_word' id='word_1_493' title='bbox 2537 2730 2646 2782; x_wconf 73' lang='grc'><strong>2-4.</strong></span> <span class='ocrx_word' id='word_1_494' title='bbox 2680 2751 2707 2779; x_wconf 79' lang='grc' dir='ltr'>«ι</span> <span class='ocrx_word' id='word_1_495' title='bbox 2739 2727 2965 2783; x_wconf 88' lang='lat' dir='ltr'><strong><em>Occidit</em></strong></span> <span class='ocrx_word' id='word_1_496' title='bbox 2995 2734 3191 2784; x_wconf 91' lang='lat' dir='ltr'><strong><em>autem</em></strong></span> <span class='ocrx_word' id='word_1_497' title='bbox 3221 2730 3502 2786; x_wconf 74' lang='lat' dir='ltr'><strong><em>Iacobum</em></strong></span> <span class='ocrx_word' id='word_1_498' title='bbox 3537 2731 3781 2787; x_wconf 83' lang='lat' dir='ltr'><strong><em>fratrem</em></strong></span> 
     </span>
    </p>
   </div>
   <div class='ocr_carea' id='block_1_75' title="bbox 2127 2815 3784 2890">
    <p class='ocr_par' dir='ltr' id='par_1_75' title="bbox 2127 2815 3784 2890">
     <span class='ocr_line' id='line_1_77' title="bbox 2127 2815 3784 2890; baseline 0.005 -25"><span class='ocrx_word' id='word_1_499' title='bbox 2127 2837 2154 2864; x_wconf 86' lang='grc'><strong><em>‹‹</em></strong></span> <span class='ocrx_word' id='word_1_500' title='bbox 2186 2815 2431 2871; x_wconf 81' lang='lat' dir='ltr'><strong><em>Joannis</em></strong></span> <span class='ocrx_word' id='word_1_501' title='bbox 2453 2816 2669 2889; x_wconf 87' lang='lat' dir='ltr'><strong><em>gladio.</em></strong></span> <span class='ocrx_word' id='word_1_502' title='bbox 2701 2817 2917 2872; x_wconf 89' lang='lat' dir='ltr'><strong><em>Videns</em></strong></span> <span class='ocrx_word' id='word_1_503' title='bbox 2938 2824 3136 2872; x_wconf 89' lang='lat' dir='ltr'><strong><em>autem</em></strong></span> <span class='ocrx_word' id='word_1_504' title='bbox 3171 2819 3328 2888; x_wconf 92' lang='lat' dir='ltr'><strong><em>quod</em></strong></span> <span class='ocrx_word' id='word_1_505' title='bbox 3361 2826 3594 2890; x_wconf 88' lang='lat' dir='ltr'><strong><em>gratum</em></strong></span> <span class='ocrx_word' id='word_1_506' title='bbox 3625 2826 3784 2874; x_wconf 91' lang='lat' dir='ltr'><strong><em>esset</em></strong></span> 
     </span>
    </p>
   </div>
   <div class='ocr_carea' id='block_1_76' title="bbox 2133 2904 3782 2977">
    <p class='ocr_par' dir='ltr' id='par_1_76' title="bbox 2133 2904 3782 2977">
     <span class='ocr_line' id='line_1_78' title="bbox 2133 2904 3782 2977; baseline 0.004 -22"><span class='ocrx_word' id='word_1_507' title='bbox 2133 2925 2154 2954; x_wconf 78' lang='grc' dir='ltr'>ι</span> <span class='ocrx_word' id='word_1_508' title='bbox 2187 2904 2427 2964; x_wconf 67' lang='grc' dir='ltr'>Διιάωὶε.</span> <span class='ocrx_word' id='word_1_509' title='bbox 2462 2905 2752 2976; x_wconf 89' lang='lat' dir='ltr'><strong><em>processit</em></strong></span> <span class='ocrx_word' id='word_1_510' title='bbox 2780 2907 3234 2977; x_wconf 90' lang='lat' dir='ltr'><strong><em>apprehendens</em></strong></span> <span class='ocrx_word' id='word_1_511' title='bbox 3267 2914 3324 2961; x_wconf 91' lang='lat' dir='ltr'><strong><em>et</em></strong></span> <span class='ocrx_word' id='word_1_512' title='bbox 3351 2909 3608 2962; x_wconf 89' lang='lat' dir='ltr'><strong><em>Petrum.</em></strong></span> <span class='ocrx_word' id='word_1_513' title='bbox 3645 2909 3782 2962; x_wconf 85' lang='lat' dir='ltr'><strong><em>Erat</em></strong></span> 
     </span>
    </p>
   </div>
   <div class='ocr_carea' id='block_1_77' title="bbox 2128 2994 3777 3067">
    <p class='ocr_par' dir='ltr' id='par_1_77' title="bbox 2128 2994 3777 3067">
     <span class='ocr_line' id='line_1_79' title="bbox 2128 2994 3777 3067; baseline 0.004 -22"><span class='ocrx_word' id='word_1_514' title='bbox 2128 3017 2154 3043; x_wconf 76' lang='grc' dir='ltr'><strong><em>α</em></strong></span> <span class='ocrx_word' id='word_1_515' title='bbox 2190 3001 2386 3048; x_wconf 87' lang='lat' dir='ltr'><strong><em>autem</em></strong></span> <span class='ocrx_word' id='word_1_516' title='bbox 2411 2994 2538 3048; x_wconf 88' lang='lat' dir='ltr'><strong><em>dies</em></strong></span> <span class='ocrx_word' id='word_1_517' title='bbox 2563 2996 3111 3065; x_wconf 87' lang='lat' dir='ltr'><strong><em>azymorum.Quem</em></strong></span> <span class='ocrx_word' id='word_1_518' title='bbox 3135 2995 3312 3050; x_wconf 90' lang='lat' dir='ltr'><strong><em>etiam</em></strong></span> <span class='ocrx_word' id='word_1_519' title='bbox 3335 2997 3777 3067; x_wconf 85' lang='lat' dir='ltr'><strong><em>apprehensum</em></strong></span> 
     </span>
    </p>
   </div>
   <div class='ocr_carea' id='block_1_78' title="bbox 2132 3082 2890 3153">
    <p class='ocr_par' dir='ltr' id='par_1_78' title="bbox 2132 3082 2890 3153">
     <span class='ocr_line' id='line_1_80' title="bbox 2132 3082 2890 3153; baseline -0.008 -17"><span class='ocrx_word' id='word_1_520' title='bbox 2132 3103 2158 3131; x_wconf 90' lang='grc'><strong>‹‹</strong></span> <span class='ocrx_word' id='word_1_521' title='bbox 2191 3082 2389 3153; x_wconf 89' lang='lat' dir='ltr'><strong><em>posuit</em></strong></span> <span class='ocrx_word' id='word_1_522' title='bbox 2419 3083 2479 3136; x_wconf 92' lang='lat' dir='ltr'><strong><em>in</em></strong></span> <span class='ocrx_word' id='word_1_523' title='bbox 2511 3097 2830 3137; x_wconf 89' lang='lat' dir='ltr'><strong><em>carcerem.</em></strong></span> <span class='ocrx_word' id='word_1_524' title='bbox 2863 3103 2890 3131; x_wconf 73' lang='grc' dir='ltr'><strong><em>η</em></strong></span> 
     </span>
    </p>
   </div>
   <div class='ocr_carea' id='block_1_79' title="bbox 2201 3170 3780 3246">
    <p class='ocr_par' dir='ltr' id='par_1_79' title="bbox 2201 3170 3780 3246">
     <span class='ocr_line' id='line_1_81' title="bbox 2201 3170 3780 3246; baseline 0.003 -21"><span class='ocrx_word' id='word_1_525' title='bbox 2201 3171 2279 3225; x_wconf 88' lang='lat' dir='ltr'><strong><em>Ne</em></strong></span> <span class='ocrx_word' id='word_1_526' title='bbox 2312 3170 2444 3241; x_wconf 85' lang='lat' dir='ltr'><strong><em>quis</em></strong></span> <span class='ocrx_word' id='word_1_527' title='bbox 2469 3171 2629 3226; x_wconf 89' lang='lat' dir='ltr'><strong><em>enim</em></strong></span> <span class='ocrx_word' id='word_1_528' title='bbox 2657 3170 2816 3225; x_wconf 89' lang='lat' dir='ltr'><strong><em>dicat</em></strong></span> <span class='ocrx_word' id='word_1_529' title='bbox 2845 3172 3001 3242; x_wconf 91' lang='lat' dir='ltr'><strong><em>quod</em></strong></span> <span class='ocrx_word' id='word_1_530' title='bbox 3025 3178 3338 3245; x_wconf 90' lang='lat' dir='ltr'><strong><em>propterea</em></strong></span> <span class='ocrx_word' id='word_1_531' title='bbox 3364 3174 3491 3230; x_wconf 91' lang='lat' dir='ltr'><strong><em>sine</em></strong></span> <span class='ocrx_word' id='word_1_532' title='bbox 3515 3173 3780 3246; x_wconf 90' lang='lat' dir='ltr'><strong><em>periculo</em></strong></span> 
     </span>
    </p>
   </div>
   <div class='ocr_carea' id='block_1_80' title="bbox 2131 3259 3782 3334">
    <p class='ocr_par' dir='ltr' id='par_1_80' title="bbox 2131 3259 3782 3334">
     <span class='ocr_line' id='line_1_82' title="bbox 2131 3259 3782 3334; baseline 0.003 -20"><span class='ocrx_word' id='word_1_533' title='bbox 2131 3276 2197 3314; x_wconf 89' lang='lat' dir='ltr'><strong><em>ac</em></strong></span> <span class='ocrx_word' id='word_1_534' title='bbox 2229 3259 2357 3313; x_wconf 87' lang='lat' dir='ltr'><strong><em>sine</em></strong></span> <span class='ocrx_word' id='word_1_535' title='bbox 2393 3259 2602 3314; x_wconf 86' lang='lat' dir='ltr'><strong><em>timore</em></strong></span> <span class='ocrx_word' id='word_1_536' title='bbox 2660 3261 2835 3315; x_wconf 89' lang='lat' dir='ltr'><strong><em>morti</em></strong></span> <span class='ocrx_word' id='word_1_537' title='bbox 2891 3277 3019 3316; x_wconf 91' lang='lat' dir='ltr'><strong><em>sese</em></strong></span> <span class='ocrx_word' id='word_1_538' title='bbox 3073 3270 3466 3334; x_wconf 86' lang='lat' dir='ltr'><strong><em>opponerent,</em></strong></span> <span class='ocrx_word' id='word_1_539' title='bbox 3495 3263 3782 3319; x_wconf 87' lang='lat' dir='ltr'><strong><em>nimirum</em></strong></span> 
     </span>
    </p>
   </div>
   <div class='ocr_carea' id='block_1_81' title="bbox 2131 3348 3786 3425">
    <p class='ocr_par' dir='ltr' id='par_1_81' title="bbox 2131 3348 3786 3425">
     <span class='ocr_line' id='line_1_83' title="bbox 2131 3348 3786 3425; baseline 0.002 -21"><span class='ocrx_word' id='word_1_540' title='bbox 2131 3349 2248 3404; x_wconf 90' lang='lat' dir='ltr'><strong><em>Deo</em></strong></span> <span class='ocrx_word' id='word_1_541' title='bbox 2279 3348 2443 3420; x_wconf 88' lang='lat' dir='ltr'><strong><em>ipsos</em></strong></span> <span class='ocrx_word' id='word_1_542' title='bbox 2473 3348 2786 3420; x_wconf 88' lang='lat' dir='ltr'><strong><em>eripiente,</em></strong></span> <span class='ocrx_word' id='word_1_543' title='bbox 2821 3349 2953 3406; x_wconf 87' lang='lat' dir='ltr'><strong><em>ideo</em></strong></span> <span class='ocrx_word' id='word_1_544' title='bbox 2985 3351 3172 3406; x_wconf 89' lang='lat' dir='ltr'><strong><em>occidi</em></strong></span> <span class='ocrx_word' id='word_1_545' title='bbox 3225 3369 3462 3424; x_wconf 90' lang='lat' dir='ltr'><strong><em>quoque</em></strong></span> <span class='ocrx_word' id='word_1_546' title='bbox 3494 3353 3786 3425; x_wconf 86' lang='lat' dir='ltr'><strong><em>permittit</em></strong></span> 
     </span>
    </p>
   </div>
   <div class='ocr_carea' id='block_1_82' title="bbox 2132 3438 3780 3513">
    <p class='ocr_par' dir='ltr' id='par_1_82' title="bbox 2132 3438 3780 3513">
     <span class='ocr_line' id='line_1_84' title="bbox 2132 3438 3780 3513; baseline 0.003 -20"><span class='ocrx_word' id='word_1_547' title='bbox 2132 3443 2191 3493; x_wconf 89' lang='lat' dir='ltr'><strong><em>et</em></strong></span> <span class='ocrx_word' id='word_1_548' title='bbox 2214 3438 2394 3494; x_wconf 89' lang='lat' dir='ltr'><strong><em>duces</em></strong></span> <span class='ocrx_word' id='word_1_549' title='bbox 2435 3438 2804 3510; x_wconf 63' lang='lat' dir='ltr'><strong><em>praecipuos:</em></strong></span> <span class='ocrx_word' id='word_1_550' title='bbox 2866 3440 3026 3511; x_wconf 89' lang='lat' dir='ltr'><strong><em>ipsos</em></strong></span> <span class='ocrx_word' id='word_1_551' title='bbox 3086 3441 3399 3497; x_wconf 86' lang='lat' dir='ltr'><strong><em>declarans</em></strong></span> <span class='ocrx_word' id='word_1_552' title='bbox 3430 3443 3780 3513; x_wconf 85' lang='lat' dir='ltr'><strong><em>homicidas,</em></strong></span> 
     </span>
    </p>
   </div>
   <div class='ocr_carea' id='block_1_83' title="bbox 2131 3529 3638 3603">
    <p class='ocr_par' dir='ltr' id='par_1_83' title="bbox 2131 3529 3638 3603">
     <span class='ocr_line' id='line_1_85' title="bbox 2131 3529 3638 3603; baseline 0.003 -20"><span class='ocrx_word' id='word_1_553' title='bbox 2131 3535 2290 3599; x_wconf 84' lang='lat' dir='ltr'><strong><em>quod</em></strong></span> <span class='ocrx_word' id='word_1_554' title='bbox 2319 3545 2514 3600; x_wconf 86' lang='lat' dir='ltr'><strong><em>neque</em></strong></span> <span class='ocrx_word' id='word_1_555' title='bbox 2545 3529 2670 3584; x_wconf 59' lang='lat' dir='ltr'><strong><em>haec</em></strong></span> <span class='ocrx_word' id='word_1_556' title='bbox 2702 3529 2838 3585; x_wconf 88' lang='lat' dir='ltr'><strong><em>illos</em></strong></span> <span class='ocrx_word' id='word_1_557' title='bbox 2859 3537 3105 3586; x_wconf 90' lang='lat' dir='ltr'><strong><em>avocent</em></strong></span> <span class='ocrx_word' id='word_1_558' title='bbox 3133 3537 3235 3586; x_wconf 89' lang='lat' dir='ltr'><strong><em>aut</em></strong></span> <span class='ocrx_word' id='word_1_559' title='bbox 3264 3532 3638 3603; x_wconf 87' lang='lat' dir='ltr'><strong><em>prohibeant.</em></strong></span> 
     </span>
    </p>
   </div>
   <div class='ocr_carea' id='block_1_84' title="bbox 2205 3707 3788 3782">
    <p class='ocr_par' dir='ltr' id='par_1_84' title="bbox 2205 3707 3788 3782">
     <span class='ocr_line' id='line_1_86' title="bbox 2205 3707 3788 3782; baseline 0.003 -20"><span class='ocrx_word' id='word_1_560' title='bbox 2205 3707 2331 3775; x_wconf 86' lang='lat' dir='ltr'><strong><em>XII,</em></strong></span> <span class='ocrx_word' id='word_1_561' title='bbox 2353 3708 2478 3764; x_wconf 81' lang='grc'><strong><em>4-8.</em></strong></span> <span class='ocrx_word' id='word_1_562' title='bbox 2504 3731 2532 3758; x_wconf 75' lang='grc' dir='ltr'>ι(</span> <span class='ocrx_word' id='word_1_563' title='bbox 2558 3709 2819 3765; x_wconf 87' lang='lat' dir='ltr'><strong><em>Tradens</em></strong></span> <span class='ocrx_word' id='word_1_564' title='bbox 2843 3716 3097 3781; x_wconf 88' lang='lat' dir='ltr'><strong><em>quatuor</em></strong></span> <span class='ocrx_word' id='word_1_565' title='bbox 3119 3711 3612 3782; x_wconf 87' lang='lat' dir='ltr'><strong><em>quaternionibus</em></strong></span> <span class='ocrx_word' id='word_1_566' title='bbox 3637 3712 3788 3766; x_wconf 81' lang='lat' dir='ltr'><strong><em>mili-</em></strong></span> 
     </span>
    </p>
   </div>
   <div class='ocr_carea' id='block_1_85' title="bbox 2136 3799 3788 3871">
    <p class='ocr_par' dir='ltr' id='par_1_85' title="bbox 2136 3799 3788 3871">
     <span class='ocr_line' id='line_1_87' title="bbox 2136 3799 3788 3871; baseline 0.004 -23"><span class='ocrx_word' id='word_1_567' title='bbox 2136 3819 2164 3848; x_wconf 75' lang='grc' dir='ltr'>ι(</span> <span class='ocrx_word' id='word_1_568' title='bbox 2200 3803 2325 3852; x_wconf 89' lang='lat' dir='ltr'><strong><em>tum</em></strong></span> <span class='ocrx_word' id='word_1_569' title='bbox 2351 3799 2778 3853; x_wconf 87' lang='lat' dir='ltr'><strong><em>asservandum</em></strong></span> <span class='ocrx_word' id='word_1_570' title='bbox 2800 3815 2812 3854; x_wconf 86' lang='lat'>:</span> <span class='ocrx_word' id='word_1_571' title='bbox 2838 3799 3040 3854; x_wconf 87' lang='lat' dir='ltr'><strong><em>volens</em></strong></span> <span class='ocrx_word' id='word_1_572' title='bbox 3065 3806 3195 3870; x_wconf 86' lang='lat' dir='ltr'><strong><em>post</em></strong></span> <span class='ocrx_word' id='word_1_573' title='bbox 3218 3800 3441 3855; x_wconf 84' lang='lat' dir='ltr'><strong><em>Pascha</em></strong></span> <span class='ocrx_word' id='word_1_574' title='bbox 3463 3800 3788 3871; x_wconf 88' lang='lat' dir='ltr'><strong><em>producere</em></strong></span> 
     </span>
    </p>
   </div>
   <div class='ocr_carea' id='block_1_86' title="bbox 2138 3887 3788 3959">
    <p class='ocr_par' dir='ltr' id='par_1_86' title="bbox 2138 3887 3788 3959">
     <span class='ocr_line' id='line_1_88' title="bbox 2138 3887 3788 3959; baseline 0.003 -22"><span class='ocrx_word' id='word_1_575' title='bbox 2138 3909 2166 3937; x_wconf 87' lang='lat'><strong>«</strong></span> <span class='ocrx_word' id='word_1_576' title='bbox 2201 3903 2336 3942; x_wconf 90' lang='lat' dir='ltr'><strong><em>eum</em></strong></span> <span class='ocrx_word' id='word_1_577' title='bbox 2362 3887 2600 3959; x_wconf 86' lang='lat' dir='ltr'><strong><em>populo.</em></strong></span> <span class='ocrx_word' id='word_1_578' title='bbox 2622 3889 2827 3942; x_wconf 87' lang='lat' dir='ltr'><strong><em>Petrus</em></strong></span> <span class='ocrx_word' id='word_1_579' title='bbox 2856 3887 3053 3958; x_wconf 88' lang='lat' dir='ltr'><strong><em>itaque</em></strong></span> <span class='ocrx_word' id='word_1_580' title='bbox 3079 3888 3495 3943; x_wconf 84' lang='lat' dir='ltr'><strong><em>servabaturin</em></strong></span> <span class='ocrx_word' id='word_1_581' title='bbox 3513 3904 3748 3943; x_wconf 88' lang='lat' dir='ltr'><strong><em>carcere</em></strong></span> <span class='ocrx_word' id='word_1_582' title='bbox 3775 3905 3788 3942; x_wconf 92' lang='lat'>:</span> 
     </span>
    </p>
   </div>
   <div class='ocr_carea' id='block_1_87' title="bbox 2141 3975 3790 4046">
    <p class='ocr_par' dir='ltr' id='par_1_87' title="bbox 2141 3975 3790 4046">
     <span class='ocr_line' id='line_1_89' title="bbox 2141 3975 3790 4046; baseline 0.003 -20"><span class='ocrx_word' id='word_1_583' title='bbox 2141 3998 2168 4026; x_wconf 74' lang='grc' dir='ltr'>«ι</span> <span class='ocrx_word' id='word_1_584' title='bbox 2201 3982 2480 4030; x_wconf 65' lang='lat' dir='ltr'><strong><em>caeterum</em></strong></span> <span class='ocrx_word' id='word_1_585' title='bbox 2511 3977 2771 4046; x_wconf 83' lang='lat' dir='ltr'><strong><em>precatio</em></strong></span> <span class='ocrx_word' id='word_1_586' title='bbox 2817 3976 2995 4031; x_wconf 81' lang='lat' dir='ltr'><strong><em>ﬁebat</em></strong></span> <span class='ocrx_word' id='word_1_587' title='bbox 3043 3976 3172 4030; x_wconf 87' lang='lat' dir='ltr'><strong><em>sine</em></strong></span> <span class='ocrx_word' id='word_1_588' title='bbox 3222 3977 3668 4031; x_wconf 78' lang='lat' dir='ltr'><strong><em>intermissione</em></strong></span> <span class='ocrx_word' id='word_1_589' title='bbox 3718 3975 3790 4031; x_wconf 89' lang='lat' dir='ltr'><strong><em>ab</em></strong></span> 
     </span>
    </p>
   </div>
   <div class='ocr_carea' id='block_1_88' title="bbox 2143 4065 3789 4138">
    <p class='ocr_par' dir='ltr' id='par_1_88' title="bbox 2143 4065 3789 4138">
     <span class='ocr_line' id='line_1_90' title="bbox 2143 4065 3789 4138; baseline 0.002 -21"><span class='ocrx_word' id='word_1_590' title='bbox 2143 4086 2166 4117; x_wconf 76' lang='grc' dir='ltr'><strong><em>ι</em></strong></span> <span class='ocrx_word' id='word_1_591' title='bbox 2198 4065 2459 4120; x_wconf 90' lang='lat' dir='ltr'><strong><em>Ecclesia</em></strong></span> <span class='ocrx_word' id='word_1_592' title='bbox 2482 4065 2553 4119; x_wconf 92' lang='lat' dir='ltr'><strong><em>ad</em></strong></span> <span class='ocrx_word' id='word_1_593' title='bbox 2574 4066 2756 4120; x_wconf 87' lang='lat' dir='ltr'><strong><em>Deum</em></strong></span> <span class='ocrx_word' id='word_1_594' title='bbox 2782 4082 2886 4136; x_wconf 92' lang='lat' dir='ltr'><strong><em>pro</em></strong></span> <span class='ocrx_word' id='word_1_595' title='bbox 2910 4066 3149 4119; x_wconf 90' lang='lat' dir='ltr'><strong><em>eo.Cum</em></strong></span> <span class='ocrx_word' id='word_1_596' title='bbox 3172 4073 3368 4121; x_wconf 89' lang='lat' dir='ltr'><strong><em>autem</em></strong></span> <span class='ocrx_word' id='word_1_597' title='bbox 3394 4066 3789 4138; x_wconf 85' lang='lat' dir='ltr'><strong><em>producturus</em></strong></span> 
     </span>
    </p>
   </div>
   <div class='ocr_carea' id='block_1_89' title="bbox 2145 4153 3792 4225">
    <p class='ocr_par' dir='ltr' id='par_1_89' title="bbox 2145 4153 3792 4225">
     <span class='ocr_line' id='line_1_91' title="bbox 2145 4153 3792 4225; baseline 0.001 -17"><span class='ocrx_word' id='word_1_598' title='bbox 2145 4178 2167 4201; x_wconf 78' lang='grc' dir='ltr'><strong><em>α</em></strong></span> <span class='ocrx_word' id='word_1_599' title='bbox 2195 4161 2354 4209; x_wconf 88' lang='lat' dir='ltr'><strong><em>esset</em></strong></span> <span class='ocrx_word' id='word_1_600' title='bbox 2369 4170 2503 4209; x_wconf 90' lang='lat' dir='ltr'><strong><em>eum</em></strong></span> <span class='ocrx_word' id='word_1_601' title='bbox 2526 4153 2874 4218; x_wconf 84' lang='lat' dir='ltr'><strong><em>Herodes,in</em></strong></span> <span class='ocrx_word' id='word_1_602' title='bbox 2898 4154 3024 4225; x_wconf 91' lang='lat' dir='ltr'><strong><em>ipsa</em></strong></span> <span class='ocrx_word' id='word_1_603' title='bbox 3043 4162 3213 4210; x_wconf 90' lang='lat' dir='ltr'><strong><em>nocte</em></strong></span> <span class='ocrx_word' id='word_1_604' title='bbox 3231 4155 3564 4211; x_wconf 86' lang='lat' dir='ltr'><strong><em>dormiebat</em></strong></span> <span class='ocrx_word' id='word_1_605' title='bbox 3582 4158 3792 4211; x_wconf 89' lang='lat' dir='ltr'><strong><em>Petrus</em></strong></span> 
     </span>
    </p>
   </div>
   <div class='ocr_carea' id='block_1_90' title="bbox 2148 4241 3793 4299">
    <p class='ocr_par' dir='ltr' id='par_1_90' title="bbox 2148 4241 3793 4299">
     <span class='ocr_line' id='line_1_92' title="bbox 2148 4241 3793 4299; baseline 0.001 -3"><span class='ocrx_word' id='word_1_606' title='bbox 2148 4266 2166 4290; x_wconf 77' lang='grc' dir='ltr'><strong><em>ι</em></strong></span> <span class='ocrx_word' id='word_1_607' title='bbox 2204 4243 2360 4296; x_wconf 89' lang='lat' dir='ltr'><strong><em>inter</em></strong></span> <span class='ocrx_word' id='word_1_608' title='bbox 2380 4241 2528 4297; x_wconf 89' lang='lat' dir='ltr'><strong><em>duos</em></strong></span> <span class='ocrx_word' id='word_1_609' title='bbox 2549 4242 2770 4297; x_wconf 87' lang='lat' dir='ltr'><strong><em>milites</em></strong></span> <span class='ocrx_word' id='word_1_610' title='bbox 2791 4242 3021 4298; x_wconf 83' lang='lat' dir='ltr'><strong><em>vinctus</em></strong></span> <span class='ocrx_word' id='word_1_611' title='bbox 3044 4245 3270 4298; x_wconf 88' lang='lat' dir='ltr'><strong><em>catenis</em></strong></span> <span class='ocrx_word' id='word_1_612' title='bbox 3293 4245 3522 4299; x_wconf 89' lang='lat' dir='ltr'><strong><em>duabus</em></strong></span> <span class='ocrx_word' id='word_1_613' title='bbox 3547 4261 3560 4298; x_wconf 91' lang='lat'>:</span> <span class='ocrx_word' id='word_1_614' title='bbox 3586 4250 3644 4299; x_wconf 89' lang='lat' dir='ltr'><strong><em>et</em></strong></span> <span class='ocrx_word' id='word_1_615' title='bbox 3664 4259 3793 4298; x_wconf 86' lang='lat' dir='ltr'><strong><em>cus-</em></strong></span> 
     </span>
    </p>
   </div>
   <div class='ocr_carea' id='block_1_91' title="bbox 2145 4331 3794 4388">
    <p class='ocr_par' dir='ltr' id='par_1_91' title="bbox 2145 4331 3794 4388">
     <span class='ocr_line' id='line_1_93' title="bbox 2145 4331 3794 4388; baseline 0.004 -9"><span class='ocrx_word' id='word_1_616' title='bbox 2145 4353 2173 4380; x_wconf 83' lang='lat'><strong>«</strong></span> <span class='ocrx_word' id='word_1_617' title='bbox 2209 4331 2374 4385; x_wconf 90' lang='lat' dir='ltr'><strong><em>todes</em></strong></span> <span class='ocrx_word' id='word_1_618' title='bbox 2401 4338 2535 4386; x_wconf 88' lang='lat' dir='ltr'><strong><em>ante</em></strong></span> <span class='ocrx_word' id='word_1_619' title='bbox 2567 4331 2784 4386; x_wconf 87' lang='lat' dir='ltr'><strong><em>ostium</em></strong></span> <span class='ocrx_word' id='word_1_620' title='bbox 2807 4331 3221 4388; x_wconf 86' lang='lat' dir='ltr'><strong><em>custodiebant</em></strong></span> <span class='ocrx_word' id='word_1_621' title='bbox 3241 4334 3638 4388; x_wconf 86' lang='lat' dir='ltr'><strong><em>carcerem.Et</em></strong></span> <span class='ocrx_word' id='word_1_622' title='bbox 3657 4347 3794 4386; x_wconf 89' lang='lat' dir='ltr'><strong><em>ecce</em></strong></span> 
     </span>
    </p>
   </div>
   <div class='ocr_carea' id='block_1_92' title="bbox 2147 4420 3795 4490">
    <p class='ocr_par' dir='ltr' id='par_1_92' title="bbox 2147 4420 3795 4490">
     <span class='ocr_line' id='line_1_94' title="bbox 2147 4420 3795 4490; baseline -0.001 -14"><span class='ocrx_word' id='word_1_623' title='bbox 2147 4442 2174 4469; x_wconf 83' lang='lat'><strong>«</strong></span> <span class='ocrx_word' id='word_1_624' title='bbox 2207 4420 2454 4490; x_wconf 81' lang='lat' dir='ltr'><strong><em>angelus</em></strong></span> <span class='ocrx_word' id='word_1_625' title='bbox 2479 4420 2711 4476; x_wconf 90' lang='lat' dir='ltr'><strong><em>Domini</em></strong></span> <span class='ocrx_word' id='word_1_626' title='bbox 2733 4422 2939 4487; x_wconf 85' lang='lat' dir='ltr'><strong><em>astitit,</em></strong></span> <span class='ocrx_word' id='word_1_627' title='bbox 2962 4427 3019 4477; x_wconf 88' lang='lat' dir='ltr'><strong><em>et</em></strong></span> <span class='ocrx_word' id='word_1_628' title='bbox 3047 4422 3250 4477; x_wconf 89' lang='lat' dir='ltr'><strong><em>lumen</em></strong></span> <span class='ocrx_word' id='word_1_629' title='bbox 3273 4423 3506 4477; x_wconf 84' lang='lat' dir='ltr'><strong><em>refulsit</em></strong></span> <span class='ocrx_word' id='word_1_630' title='bbox 3535 4421 3596 4476; x_wconf 90' lang='lat' dir='ltr'><strong><em>in</em></strong></span> <span class='ocrx_word' id='word_1_631' title='bbox 3621 4420 3795 4476; x_wconf 88' lang='lat' dir='ltr'><strong><em>habi-</em></strong></span> 
     </span>
    </p>
   </div>
   <div class='ocr_carea' id='block_1_93' title="bbox 2149 4507 3793 4581">
    <p class='ocr_par' dir='ltr' id='par_1_93' title="bbox 2149 4507 3793 4581">
     <span class='ocr_line' id='line_1_95' title="bbox 2149 4507 3793 4581; baseline 0 -17"><span class='ocrx_word' id='word_1_632' title='bbox 2149 4530 2176 4559; x_wconf 84' lang='lat'><strong><em>«</em></strong></span> <span class='ocrx_word' id='word_1_633' title='bbox 2211 4507 2405 4564; x_wconf 90' lang='lat' dir='ltr'><strong><em>taculo</em></strong></span> <span class='ocrx_word' id='word_1_634' title='bbox 2437 4525 2449 4562; x_wconf 93' lang='lat'>:</span> <span class='ocrx_word' id='word_1_635' title='bbox 2483 4525 2884 4581; x_wconf 79' lang='lat' dir='ltr'><strong><em>percussaque</em></strong></span> <span class='ocrx_word' id='word_1_636' title='bbox 2934 4510 3118 4566; x_wconf 88' lang='lat' dir='ltr'><strong><em>latere</em></strong></span> <span class='ocrx_word' id='word_1_637' title='bbox 3146 4510 3300 4566; x_wconf 87' lang='lat' dir='ltr'><strong><em>Petri</em></strong></span> <span class='ocrx_word' id='word_1_638' title='bbox 3333 4509 3605 4564; x_wconf 81' lang='lat' dir='ltr'><strong><em>excitavit</em></strong></span> <span class='ocrx_word' id='word_1_639' title='bbox 3634 4523 3793 4576; x_wconf 90' lang='lat' dir='ltr'><strong><em>eum,</em></strong></span> 
     </span>
    </p>
   </div>
   <div class='ocr_carea' id='block_1_94' title="bbox 380 4583 2020 4677">
    <p class='ocr_par' dir='ltr' id='par_1_94' title="bbox 380 4591 2018 4677">
     <span class='ocr_line' id='line_1_96' title="bbox 380 4591 2018 4677; baseline -0.007 -19"><span class='ocrx_word' id='word_1_640' title='bbox 380 4631 412 4658; x_wconf 77' lang='grc' dir='ltr'><strong><em>α</em></strong></span> <span class='ocrx_word' id='word_1_641' title='bbox 448 4606 738 4677; x_wconf 75' lang='grc' dir='ltr'>οἰκήματι·</span> <span class='ocrx_word' id='word_1_642' title='bbox 800 4603 1038 4671; x_wconf 78' lang='grc' dir='ltr'>πατάξας</span> <span class='ocrx_word' id='word_1_643' title='bbox 1097 4598 1155 4655; x_wconf 71' lang='grc' dir='ltr'>δὲ</span> <span class='ocrx_word' id='word_1_644' title='bbox 1211 4601 1311 4668; x_wconf 77' lang='grc' dir='ltr'><strong><em>τήν</em></strong></span> <span class='ocrx_word' id='word_1_645' title='bbox 1369 4595 1608 4669; x_wconf 81' lang='grc' dir='ltr'>πλευρὰν</span> <span class='ocrx_word' id='word_1_646' title='bbox 1667 4598 1764 4649; x_wconf 82' lang='grc' dir='ltr'><strong><em>τοῦ</em></strong></span> <span class='ocrx_word' id='word_1_647' title='bbox 1813 4591 2018 4666; x_wconf 84' lang='grc' dir='ltr'>Πέτρου</span> 
     </span>
    </p>
   </div>
   <div class='ocr_carea' id='block_1_95' title="bbox 2147 4583 3794 4677">
    <p class='ocr_par' dir='ltr' id='par_1_95' title="bbox 2150 4597 3794 4671">
     <span class='ocr_line' id='line_1_97' title="bbox 2150 4597 3794 4671; baseline 0.002 -22"><span class='ocrx_word' id='word_1_648' title='bbox 2150 4621 2176 4648; x_wconf 82' lang='grc'><strong>‹‹</strong></span> <span class='ocrx_word' id='word_1_649' title='bbox 2211 4597 2455 4653; x_wconf 89' lang='lat' dir='ltr'><strong><em>dicens:</em></strong></span> <span class='ocrx_word' id='word_1_650' title='bbox 2517 4599 2698 4671; x_wconf 88' lang='lat' dir='ltr'><strong><em>Surge</em></strong></span> <span class='ocrx_word' id='word_1_651' title='bbox 2757 4599 3053 4656; x_wconf 89' lang='lat' dir='ltr'><strong><em>velociter.</em></strong></span> <span class='ocrx_word' id='word_1_652' title='bbox 3115 4602 3183 4656; x_wconf 89' lang='lat' dir='ltr'><strong><em>Et</em></strong></span> <span class='ocrx_word' id='word_1_653' title='bbox 3259 4598 3606 4654; x_wconf 87' lang='lat' dir='ltr'><strong><em>exciderunt</em></strong></span> <span class='ocrx_word' id='word_1_654' title='bbox 3664 4598 3794 4669; x_wconf 85' lang='lat' dir='ltr'><strong><em>ejus</em></strong></span> 
     </span>
    </p>
   </div>
   <div class='ocr_carea' id='block_1_96' title="bbox 379 4681 2039 4771">
    <p class='ocr_par' dir='ltr' id='par_1_96' title="bbox 379 4681 2039 4771">
     <span class='ocr_line' id='line_1_98' title="bbox 379 4681 2039 4771; baseline -0.009 -22"><span class='ocrx_word' id='word_1_655' title='bbox 379 4721 410 4748; x_wconf 76' lang='grc' dir='ltr'><strong><em>ιι</em></strong></span> <span class='ocrx_word' id='word_1_656' title='bbox 443 4697 666 4771; x_wconf 67' lang='grc' dir='ltr'>ἤγειρεν</span> <span class='ocrx_word' id='word_1_657' title='bbox 717 4693 905 4761; x_wconf 78' lang='grc' dir='ltr'>αὐτὸν,</span> <span class='ocrx_word' id='word_1_658' title='bbox 967 4689 1162 4765; x_wconf 81' lang='grc' dir='ltr'>λέγων’</span> <span class='ocrx_word' id='word_1_659' title='bbox 1224 4688 1453 4745; x_wconf 76' lang='grc' dir='ltr'>’Λνάστα</span> <span class='ocrx_word' id='word_1_660' title='bbox 1510 4682 1561 4740; x_wconf 80' lang='grc' dir='ltr'>ἐν</span> <span class='ocrx_word' id='word_1_661' title='bbox 1623 4685 1803 4758; x_wconf 83' lang='grc' dir='ltr'>τάχει.</span> <span class='ocrx_word' id='word_1_662' title='bbox 1835 4682 1936 4738; x_wconf 82' lang='grc' dir='ltr'>Καί</span> <span class='ocrx_word' id='word_1_663' title='bbox 1962 4681 2039 4750; x_wconf 75' lang='grc' dir='ltr'><strong><em>ἐξ·</em></strong></span> 
     </span>
    </p>
   </div>
   <div class='ocr_carea' id='block_1_97' title="bbox 384 4773 2036 4852">
    <p class='ocr_par' dir='ltr' id='par_1_97' title="bbox 384 4773 2036 4852">
     <span class='ocr_line' id='line_1_99' title="bbox 384 4773 2036 4852; baseline -0.007 -14"><span class='ocrx_word' id='word_1_664' title='bbox 384 4810 414 4838; x_wconf 75' lang='grc' dir='ltr'>οι</span> <span class='ocrx_word' id='word_1_665' title='bbox 449 4783 642 4840; x_wconf 82' lang='grc' dir='ltr'>ἐπεσον</span> <span class='ocrx_word' id='word_1_666' title='bbox 683 4783 849 4839; x_wconf 70' lang='grc' dir='ltr'>αὐτοῦ</span> <span class='ocrx_word' id='word_1_667' title='bbox 879 4782 936 4836; x_wconf 72' lang='grc' dir='ltr'>αἱ</span> <span class='ocrx_word' id='word_1_668' title='bbox 969 4781 1188 4842; x_wconf 72' lang='grc' dir='ltr'>ἁλύσεις</span> <span class='ocrx_word' id='word_1_669' title='bbox 1245 4777 1305 4834; x_wconf 80' lang='grc' dir='ltr'>ἐκ</span> <span class='ocrx_word' id='word_1_670' title='bbox 1356 4781 1464 4834; x_wconf 87' lang='grc' dir='ltr'><strong><em>τῶν</em></strong></span> <span class='ocrx_word' id='word_1_671' title='bbox 1499 4780 1720 4852; x_wconf 88' lang='grc' dir='ltr'>χειρῶν.</span> <span class='ocrx_word' id='word_1_672' title='bbox 1758 4773 1890 4828; x_wconf 80' lang='grc' dir='ltr'>Εἶπέ</span> <span class='ocrx_word' id='word_1_673' title='bbox 1919 4792 1976 4828; x_wconf 86' lang='grc' dir='ltr'><strong><em>τε</em></strong></span> <span class='ocrx_word' id='word_1_674' title='bbox 2007 4773 2036 4826; x_wconf 92' lang='lat'><strong><em>6</em></strong></span> 
     </span>
    </p>
   </div>
   <div class='ocr_carea' id='block_1_98' title="bbox 382 4860 2037 4952">
    <p class='ocr_par' dir='ltr' id='par_1_98' title="bbox 382 4860 2037 4952">
     <span class='ocr_line' id='line_1_100' title="bbox 382 4860 2037 4952; baseline -0.007 -25"><span class='ocrx_word' id='word_1_675' title='bbox 382 4902 412 4928; x_wconf 77' lang='grc' dir='ltr'><strong><em>α</em></strong></span> <span class='ocrx_word' id='word_1_676' title='bbox 449 4873 690 4952; x_wconf 75' lang='grc' dir='ltr'>ἅγγελος</span> <span class='ocrx_word' id='word_1_677' title='bbox 742 4873 878 4948; x_wconf 72' lang='grc' dir='ltr'>πρὸς</span> <span class='ocrx_word' id='word_1_678' title='bbox 932 4871 1112 4927; x_wconf 69' lang='grc' dir='ltr'>αὐτνξν·</span> <span class='ocrx_word' id='word_1_679' title='bbox 1149 4868 1472 4940; x_wconf 84' lang='grc' dir='ltr'>Περίζωσαι,</span> <span class='ocrx_word' id='word_1_680' title='bbox 1527 4866 1616 4920; x_wconf 85' lang='grc' dir='ltr'>καὶ</span> <span class='ocrx_word' id='word_1_681' title='bbox 1671 4860 1939 4934; x_wconf 79' lang='grc' dir='ltr'>ὑπόδησαι</span> <span class='ocrx_word' id='word_1_682' title='bbox 1971 4863 2037 4918; x_wconf 80' lang='grc' dir='ltr'><strong><em>τὰ</em></strong></span> 
     </span>
    </p>
   </div>
   <div class='ocr_carea' id='block_1_99' title="bbox 385 4952 2037 5029">
    <p class='ocr_par' dir='ltr' id='par_1_99' title="bbox 385 4952 2037 5029">
     <span class='ocr_line' id='line_1_101' title="bbox 385 4952 2037 5029; baseline -0.008 -14"><span class='ocrx_word' id='word_1_683' title='bbox 385 4989 414 5015; x_wconf 73' lang='grc' dir='ltr'><strong><em>α</em></strong></span> <span class='ocrx_word' id='word_1_684' title='bbox 452 4963 716 5019; x_wconf 76' lang='grc' dir='ltr'>σανδάλιά</span> <span class='ocrx_word' id='word_1_685' title='bbox 748 4982 865 5017; x_wconf 91' lang='grc' dir='ltr'>σου.</span> <span class='ocrx_word' id='word_1_686' title='bbox 900 4960 1157 5029; x_wconf 76' lang='grc' dir='ltr'>Ἐποίησε</span> <span class='ocrx_word' id='word_1_687' title='bbox 1188 4954 1243 5012; x_wconf 77' lang='grc' dir='ltr'>δὲ</span> <span class='ocrx_word' id='word_1_688' title='bbox 1274 4957 1470 5016; x_wconf 78' lang='grc' dir='ltr'>οὕτως.</span> <span class='ocrx_word' id='word_1_689' title='bbox 1499 4953 1597 5008; x_wconf 80' lang='grc' dir='ltr'>Καὶ</span> <span class='ocrx_word' id='word_1_690' title='bbox 1631 4952 1781 5027; x_wconf 81' lang='grc' dir='ltr'>λέγει</span> <span class='ocrx_word' id='word_1_691' title='bbox 1810 4952 1976 5025; x_wconf 81' lang='grc' dir='ltr'>αὐτῷ.</span> <span class='ocrx_word' id='word_1_692' title='bbox 2008 4975 2037 5003; x_wconf 68' lang='grc' dir='ltr'><strong><em>υ</em></strong></span> 
     </span>
    </p>
   </div>
   <div class='ocr_carea' id='block_1_100' title="bbox 463 5043 2036 5128">
    <p class='ocr_par' dir='ltr' id='par_1_100' title="bbox 463 5043 2036 5128">
     <span class='ocr_line' id='line_1_102' title="bbox 463 5043 2036 5128; baseline -0.007 -21"><span class='ocrx_word' id='word_1_693' title='bbox 463 5078 491 5107; x_wconf 73' lang='grc' dir='ltr'>οι</span> <span class='ocrx_word' id='word_1_694' title='bbox 527 5053 784 5128; x_wconf 89' lang='grc' dir='ltr'>Τέσσαρσι</span> <span class='ocrx_word' id='word_1_695' title='bbox 842 5048 1177 5125; x_wconf 81' lang='grc' dir='ltr'>τετραδίοις.</span> <span class='ocrx_word' id='word_1_696' title='bbox 1219 5072 1246 5100; x_wconf 89' lang='grc'><strong><em>››</em></strong></span> <span class='ocrx_word' id='word_1_697' title='bbox 1297 5045 1558 5104; x_wconf 86' lang='grc' dir='ltr'>Τουτέοτι</span> <span class='ocrx_word' id='word_1_698' title='bbox 1627 5043 1718 5099; x_wconf 68' lang='grc' dir='ltr'>τὸν</span> <span class='ocrx_word' id='word_1_699' title='bbox 1803 5043 2036 5117; x_wconf 77' lang='grc' dir='ltr'>αριθμὸν</span> 
     </span>
    </p>
   </div>
   <div class='ocr_carea' id='block_1_101' title="bbox 389 5127 2034 5216">
    <p class='ocr_par' dir='ltr' id='par_1_101' title="bbox 389 5127 2034 5216">
     <span class='ocr_line' id='line_1_103' title="bbox 389 5127 2034 5216; baseline -0.009 -17"><span class='ocrx_word' id='word_1_700' title='bbox 389 5142 519 5199; x_wconf 83' lang='grc' dir='ltr'>δέκα</span> <span class='ocrx_word' id='word_1_701' title='bbox 569 5140 644 5212; x_wconf 63' lang='lat' dir='ltr'><strong><em>EE“</em></strong></span> <span class='ocrx_word' id='word_1_702' title='bbox 704 5141 951 5216; x_wconf 79' lang='grc' dir='ltr'>τετράκις</span> <span class='ocrx_word' id='word_1_703' title='bbox 1008 5140 1112 5214; x_wconf 75' lang='grc' dir='ltr'><strong><em>γὰρ</em></strong></span> <span class='ocrx_word' id='word_1_704' title='bbox 1169 5137 1420 5211; x_wconf 75' lang='grc' dir='ltr'>τέσσαρες</span> <span class='ocrx_word' id='word_1_705' title='bbox 1489 5135 1688 5209; x_wconf 84' lang='grc' dir='ltr'>γίνεται</span> <span class='ocrx_word' id='word_1_706' title='bbox 1776 5128 1903 5186; x_wconf 86' lang='grc' dir='ltr'>δέκα</span> <span class='ocrx_word' id='word_1_707' title='bbox 1959 5127 2034 5202; x_wconf 71' lang='grc' dir='ltr'><strong><em>ἓξ·</em></strong></span> 
     </span>
    </p>
   </div>
   <div class='ocr_carea' id='block_1_102' title="bbox 389 5221 2040 5308">
    <p class='ocr_par' dir='ltr' id='par_1_102' title="bbox 389 5221 2040 5308">
     <span class='ocr_line' id='line_1_104' title="bbox 389 5221 2040 5308; baseline -0.008 -20"><span class='ocrx_word' id='word_1_708' title='bbox 389 5232 525 5294; x_wconf 74' lang='grc' dir='ltr'>ἴσως</span> <span class='ocrx_word' id='word_1_709' title='bbox 559 5235 677 5288; x_wconf 79' lang='grc' dir='ltr'>καθ’</span> <span class='ocrx_word' id='word_1_710' title='bbox 729 5233 956 5300; x_wconf 69' lang='grc' dir='ltr'>ὶκαστην</span> <span class='ocrx_word' id='word_1_711' title='bbox 1011 5227 1286 5308; x_wconf 69' lang='grc' dir='ltr'>φυλακήν,</span> <span class='ocrx_word' id='word_1_712' title='bbox 1344 5227 1590 5282; x_wconf 86' lang='grc' dir='ltr'>τουτέστι</span> <span class='ocrx_word' id='word_1_713' title='bbox 1647 5222 1928 5295; x_wconf 76' lang='grc' dir='ltr'>τριωρίαν,</span> <span class='ocrx_word' id='word_1_714' title='bbox 1961 5221 2040 5275; x_wconf 78' lang='grc' dir='ltr'><strong><em>εἶ-</em></strong></span> 
     </span>
    </p>
   </div>
   <div class='ocr_carea' id='block_1_103' title="bbox 387 5309 2037 5400">
    <p class='ocr_par' dir='ltr' id='par_1_103' title="bbox 387 5309 2037 5400">
     <span class='ocr_line' id='line_1_105' title="bbox 387 5309 2037 5400; baseline -0.007 -23"><span class='ocrx_word' id='word_1_715' title='bbox 387 5345 473 5378; x_wconf 85' lang='grc' dir='ltr'><strong><em>ναι</em></strong></span> <span class='ocrx_word' id='word_1_716' title='bbox 543 5319 785 5400; x_wconf 63' lang='grc' dir='ltr'><strong><em>Γρῦλσικσις</em></strong></span> <span class='ocrx_word' id='word_1_717' title='bbox 855 5319 1130 5392; x_wconf 71' lang='grc' dir='ltr'>τέσσαρας.</span> <span class='ocrx_word' id='word_1_718' title='bbox 1193 5316 1314 5374; x_wconf 78' lang='grc' dir='ltr'>Εἰσὶ</span> <span class='ocrx_word' id='word_1_719' title='bbox 1384 5313 1441 5370; x_wconf 74' lang='grc' dir='ltr'>δὲ</span> <span class='ocrx_word' id='word_1_720' title='bbox 1498 5309 1736 5386; x_wconf 73' lang='grc' dir='ltr'>φύλακες</span> <span class='ocrx_word' id='word_1_721' title='bbox 1789 5312 2037 5385; x_wconf 84' lang='grc' dir='ltr'>τέσσαρες</span> 
     </span>
    </p>
   </div>
   <div class='ocr_carea' id='block_1_104' title="bbox 388 5398 2044 5488">
    <p class='ocr_par' dir='ltr' id='par_1_104' title="bbox 388 5398 2044 5488">
     <span class='ocr_line' id='line_1_106' title="bbox 388 5398 2044 5488; baseline -0.01 -18"><span class='ocrx_word' id='word_1_722' title='bbox 388 5414 531 5470; x_wconf 79' lang='grc' dir='ltr'>κατᾶ</span> <span class='ocrx_word' id='word_1_723' title='bbox 560 5412 824 5484; x_wconf 70' lang='grc' dir='ltr'>τριωρίαν</span> <span class='ocrx_word' id='word_1_724' title='bbox 855 5407 1072 5488; x_wconf 68' lang='grc' dir='ltr'>φυλακὴ</span> <span class='ocrx_word' id='word_1_725' title='bbox 1123 5406 1419 5484; x_wconf 81' lang='grc' dir='ltr'>λεγομένη,</span> <span class='ocrx_word' id='word_1_726' title='bbox 1481 5403 1554 5464; x_wconf 87' lang='grc' dir='ltr'>ὼς</span> <span class='ocrx_word' id='word_1_727' title='bbox 1613 5401 1746 5455; x_wconf 77' lang='grc' dir='ltr'>εἶναι</span> <span class='ocrx_word' id='word_1_728' title='bbox 1777 5399 1838 5454; x_wconf 87' lang='grc' dir='ltr'><strong><em>τὸ</em></strong></span> <span class='ocrx_word' id='word_1_729' title='bbox 1871 5398 2044 5455; x_wconf 77' lang='grc' dir='ltr'>δωδε-</span> 
     </span>
    </p>
   </div>
   <div class='ocr_carea' id='block_1_105' title="bbox 387 5487 2040 5577">
    <p class='ocr_par' dir='ltr' id='par_1_105' title="bbox 387 5487 2040 5577">
     <span class='ocr_line' id='line_1_107' title="bbox 387 5487 2040 5577; baseline -0.01 -19"><span class='ocrx_word' id='word_1_730' title='bbox 387 5504 607 5577; x_wconf 75' lang='grc' dir='ltr'>κάωρον</span> <span class='ocrx_word' id='word_1_731' title='bbox 660 5501 757 5568; x_wconf 71' lang='grc' dir='ltr'>τῆς</span> <span class='ocrx_word' id='word_1_732' title='bbox 812 5487 949 5570; x_wconf 78' lang='grc' dir='ltr'>ὅλης</span> <span class='ocrx_word' id='word_1_733' title='bbox 998 5497 1214 5565; x_wconf 79' lang='grc' dir='ltr'>νυκτὸς,</span> <span class='ocrx_word' id='word_1_734' title='bbox 1273 5493 1518 5575; x_wconf 70' lang='grc' dir='ltr'>φυλακὰς</span> <span class='ocrx_word' id='word_1_735' title='bbox 1559 5491 1839 5564; x_wconf 83' lang='grc' dir='ltr'>τέσσαρας·</span> <span class='ocrx_word' id='word_1_736' title='bbox 1874 5487 1924 5544; x_wconf 80' lang='grc' dir='ltr'><strong><em>έν</em></strong></span> <span class='ocrx_word' id='word_1_737' title='bbox 1954 5490 2040 5552; x_wconf 85' lang='grc' dir='ltr'>αἷς</span> 
     </span>
    </p>
   </div>
   <div class='ocr_carea' id='block_1_106' title="bbox 389 5578 2044 5664">
    <p class='ocr_par' dir='ltr' id='par_1_106' title="bbox 389 5578 2044 5664">
     <span class='ocr_line' id='line_1_108' title="bbox 389 5578 2044 5664; baseline -0.009 -16"><span class='ocrx_word' id='word_1_738' title='bbox 389 5592 493 5648; x_wconf 76' lang='grc' dir='ltr'><strong><em>ἀνα</em></strong></span> <span class='ocrx_word' id='word_1_739' title='bbox 546 5590 820 5664; x_wconf 81' lang='grc' dir='ltr'>τεσσάρων</span> <span class='ocrx_word' id='word_1_740' title='bbox 883 5590 1230 5663; x_wconf 70' lang='grc' dir='ltr'>στρατιωτῶν</span> <span class='ocrx_word' id='word_1_741' title='bbox 1278 5581 1684 5662; x_wconf 63' lang='grc' dir='ltr'>φυλασσόντων,</span> <span class='ocrx_word' id='word_1_742' title='bbox 1745 5578 1798 5632; x_wconf 75' lang='grc' dir='ltr'>οἱ</span> <span class='ocrx_word' id='word_1_743' title='bbox 1848 5578 2044 5640; x_wconf 77' lang='grc' dir='ltr'>πάντες</span> 
     </span>
    </p>
   </div>
   <div class='ocr_carea' id='block_1_107' title="bbox 388 5663 2042 5758">
    <p class='ocr_par' dir='ltr' id='par_1_107' title="bbox 388 5663 2042 5758">
     <span class='ocr_line' id='line_1_109' title="bbox 388 5663 2042 5758; baseline -0.01 -18"><span class='ocrx_word' id='word_1_744' title='bbox 388 5686 484 5740; x_wconf 84' lang='grc' dir='ltr'>τὸν</span> <span class='ocrx_word' id='word_1_745' title='bbox 520 5663 752 5758; x_wconf 74' lang='grc' dir='ltr'>ἀριθμὸν</span> <span class='ocrx_word' id='word_1_746' title='bbox 783 5676 909 5735; x_wconf 79' lang='grc' dir='ltr'>δέκα</span> <span class='ocrx_word' id='word_1_747' title='bbox 937 5677 1013 5750; x_wconf 70' lang='grc' dir='ltr'><strong><em>εξ.</em></strong></span> <span class='ocrx_word' id='word_1_748' title='bbox 1046 5677 1160 5735; x_wconf 71' lang='grc' dir='ltr'><strong><em>Οὐκ</em></strong></span> <span class='ocrx_word' id='word_1_749' title='bbox 1187 5675 1254 5746; x_wconf 82' lang='grc' dir='ltr'>ἦν</span> <span class='ocrx_word' id='word_1_750' title='bbox 1282 5673 1335 5731; x_wconf 73' lang='grc' dir='ltr'>ἐν</span> <span class='ocrx_word' id='word_1_751' title='bbox 1366 5672 1572 5753; x_wconf 75' lang='grc' dir='ltr'>ἀγωνίᾳ</span> <span class='ocrx_word' id='word_1_752' title='bbox 1612 5665 1738 5726; x_wconf 70' lang='grc' dir='ltr'>οὐδὲ</span> <span class='ocrx_word' id='word_1_753' title='bbox 1784 5666 1836 5724; x_wconf 71' lang='grc' dir='ltr'>ἐν</span> <span class='ocrx_word' id='word_1_754' title='bbox 1886 5663 2042 5750; x_wconf 65' lang='grc' dir='ltr'>φόϐῳ</span> 
     </span>
    </p>
   </div>
   <div class='ocr_carea' id='block_1_108' title="bbox 2149 4685 3793 4759">
    <p class='ocr_par' dir='ltr' id='par_1_108' title="bbox 2149 4685 3793 4759">
     <span class='ocr_line' id='line_1_110' title="bbox 2149 4685 3793 4759; baseline 0.004 -23"><span class='ocrx_word' id='word_1_755' title='bbox 2149 4709 2176 4736; x_wconf 86' lang='grc'><em>‹‹</em></span> <span class='ocrx_word' id='word_1_756' title='bbox 2209 4692 2433 4742; x_wconf 68' lang='lat' dir='ltr'><strong><em>catenas</em></strong></span> <span class='ocrx_word' id='word_1_757' title='bbox 2481 4686 2552 4742; x_wconf 91' lang='lat' dir='ltr'><strong><em>de</em></strong></span> <span class='ocrx_word' id='word_1_758' title='bbox 2597 4687 2892 4743; x_wconf 89' lang='lat' dir='ltr'><strong><em>manibus.</em></strong></span> <span class='ocrx_word' id='word_1_759' title='bbox 2929 4688 3200 4758; x_wconf 82' lang='lat' dir='ltr'><strong><em>Dixitque</em></strong></span> <span class='ocrx_word' id='word_1_760' title='bbox 3233 4687 3480 4759; x_wconf 90' lang='lat' dir='ltr'><strong><em>angelus</em></strong></span> <span class='ocrx_word' id='word_1_761' title='bbox 3511 4685 3584 4741; x_wconf 89' lang='lat' dir='ltr'><strong><em>ad</em></strong></span> <span class='ocrx_word' id='word_1_762' title='bbox 3617 4703 3751 4742; x_wconf 88' lang='lat' dir='ltr'><strong><em>eum</em></strong></span> <span class='ocrx_word' id='word_1_763' title='bbox 3779 4701 3793 4741; x_wconf 90' lang='lat'><strong>:</strong></span> 
     </span>
    </p>
   </div>
   <div class='ocr_carea' id='block_1_109' title="bbox 2152 4775 3792 4848">
    <p class='ocr_par' dir='ltr' id='par_1_109' title="bbox 2152 4775 3792 4848">
     <span class='ocr_line' id='line_1_111' title="bbox 2152 4775 3792 4848; baseline -0.003 -18"><span class='ocrx_word' id='word_1_764' title='bbox 2152 4797 2173 4824; x_wconf 83' lang='grc' dir='ltr'><strong><em>ι</em></strong></span> <span class='ocrx_word' id='word_1_765' title='bbox 2210 4776 2575 4848; x_wconf 71' lang='lat' dir='ltr'><strong><em>Prascingere</em></strong></span> <span class='ocrx_word' id='word_1_766' title='bbox 2604 4783 2662 4831; x_wconf 89' lang='lat' dir='ltr'><strong><em>et</em></strong></span> <span class='ocrx_word' id='word_1_767' title='bbox 2691 4776 2920 4848; x_wconf 87' lang='lat' dir='ltr'><strong><em>subliga</em></strong></span> <span class='ocrx_word' id='word_1_768' title='bbox 2951 4775 3142 4830; x_wconf 87' lang='lat' dir='ltr'><strong><em>soleas</em></strong></span> <span class='ocrx_word' id='word_1_769' title='bbox 3176 4782 3324 4831; x_wconf 90' lang='lat' dir='ltr'><strong><em>tuas.</em></strong></span> <span class='ocrx_word' id='word_1_770' title='bbox 3359 4777 3428 4830; x_wconf 89' lang='lat' dir='ltr'><strong><em>Et</em></strong></span> <span class='ocrx_word' id='word_1_771' title='bbox 3455 4775 3596 4831; x_wconf 80' lang='lat' dir='ltr'><strong><em>fecit</em></strong></span> <span class='ocrx_word' id='word_1_772' title='bbox 3627 4775 3730 4830; x_wconf 89' lang='lat' dir='ltr'><strong><em>sic.</em></strong></span> <span class='ocrx_word' id='word_1_773' title='bbox 3763 4796 3792 4826; x_wconf 83' lang='lat'><strong>»</strong></span> 
     </span>
    </p>
   </div>
   <div class='ocr_carea' id='block_1_110' title="bbox 2221 5044 3794 5116">
    <p class='ocr_par' dir='ltr' id='par_1_110' title="bbox 2221 5044 3794 5116">
     <span class='ocr_line' id='line_1_112' title="bbox 2221 5044 3794 5116; baseline 0.001 -18"><span class='ocrx_word' id='word_1_774' title='bbox 2221 5065 2251 5098; x_wconf 78' lang='grc' dir='ltr'><strong><em>ιι</em></strong></span> <span class='ocrx_word' id='word_1_775' title='bbox 2282 5046 2542 5111; x_wconf 86' lang='lat' dir='ltr'><strong><em>Quatuor</em></strong></span> <span class='ocrx_word' id='word_1_776' title='bbox 2570 5044 3087 5116; x_wconf 89' lang='lat' dir='ltr'><strong><em>quaternionibus,</em></strong></span> <span class='ocrx_word' id='word_1_777' title='bbox 3123 5070 3151 5096; x_wconf 88' lang='grc'><strong><em>››</em></strong></span> <span class='ocrx_word' id='word_1_778' title='bbox 3210 5046 3321 5102; x_wconf 91' lang='lat' dir='ltr'><strong><em>hoc</em></strong></span> <span class='ocrx_word' id='word_1_779' title='bbox 3366 5052 3455 5102; x_wconf 90' lang='lat' dir='ltr'><strong><em>est</em></strong></span> <span class='ocrx_word' id='word_1_780' title='bbox 3500 5046 3794 5102; x_wconf 89' lang='lat' dir='ltr'><strong><em>sedecim:</em></strong></span> 
     </span>
    </p>
   </div>
   <div class='ocr_carea' id='block_1_111' title="bbox 2151 5133 3792 5205">
    <p class='ocr_par' dir='ltr' id='par_1_111' title="bbox 2151 5133 3792 5205">
     <span class='ocr_line' id='line_1_113' title="bbox 2151 5133 3792 5205; baseline 0.001 -18"><span class='ocrx_word' id='word_1_781' title='bbox 2151 5133 2446 5204; x_wconf 90' lang='lat' dir='ltr'><strong><em>siquidem</em></strong></span> <span class='ocrx_word' id='word_1_782' title='bbox 2506 5140 2716 5204; x_wconf 89' lang='lat' dir='ltr'><strong><em>quater</em></strong></span> <span class='ocrx_word' id='word_1_783' title='bbox 2773 5143 3028 5205; x_wconf 89' lang='lat' dir='ltr'><strong><em>quatuor</em></strong></span> <span class='ocrx_word' id='word_1_784' title='bbox 3082 5136 3454 5191; x_wconf 87' lang='lat' dir='ltr'><strong><em>constituunt</em></strong></span> <span class='ocrx_word' id='word_1_785' title='bbox 3510 5135 3792 5190; x_wconf 90' lang='lat' dir='ltr'><strong><em>sedecim.</em></strong></span> 
     </span>
    </p>
   </div>
   <div class='ocr_carea' id='block_1_112' title="bbox 2149 5227 3797 5300">
    <p class='ocr_par' dir='ltr' id='par_1_112' title="bbox 2149 5227 3797 5300">
     <span class='ocr_line' id='line_1_114' title="bbox 2149 5227 3797 5300; baseline 0 -20"><span class='ocrx_word' id='word_1_786' title='bbox 2149 5227 2438 5280; x_wconf 85' lang='lat' dir='ltr'><strong><em>Fortassis</em></strong></span> <span class='ocrx_word' id='word_1_787' title='bbox 2471 5233 2534 5280; x_wconf 89' lang='lat' dir='ltr'><strong><em>ut</em></strong></span> <span class='ocrx_word' id='word_1_788' title='bbox 2565 5227 2814 5298; x_wconf 82' lang='lat' dir='ltr'><strong><em>singulis</em></strong></span> <span class='ocrx_word' id='word_1_789' title='bbox 2849 5228 3081 5300; x_wconf 86' lang='lat' dir='ltr'><strong><em>vigiliis.</em></strong></span> <span class='ocrx_word' id='word_1_790' title='bbox 3117 5228 3172 5282; x_wconf 88' lang='lat' dir='ltr'><strong><em>id</em></strong></span> <span class='ocrx_word' id='word_1_791' title='bbox 3207 5235 3294 5283; x_wconf 88' lang='lat' dir='ltr'><strong><em>est</em></strong></span> <span class='ocrx_word' id='word_1_792' title='bbox 3332 5229 3516 5283; x_wconf 89' lang='lat' dir='ltr'><strong><em>ternis</em></strong></span> <span class='ocrx_word' id='word_1_793' title='bbox 3547 5227 3797 5298; x_wconf 87' lang='lat' dir='ltr'><strong><em>quibus-</em></strong></span> 
     </span>
    </p>
   </div>
   <div class='ocr_carea' id='block_1_113' title="bbox 2150 5313 3798 5387">
    <p class='ocr_par' dir='ltr' id='par_1_113' title="bbox 2150 5313 3798 5387">
     <span class='ocr_line' id='line_1_115' title="bbox 2150 5313 3798 5387; baseline 0.001 -20"><span class='ocrx_word' id='word_1_794' title='bbox 2150 5330 2264 5384; x_wconf 85' lang='lat' dir='ltr'><strong><em>que</em></strong></span> <span class='ocrx_word' id='word_1_795' title='bbox 2297 5313 2460 5369; x_wconf 91' lang='lat' dir='ltr'><strong><em>horis</em></strong></span> <span class='ocrx_word' id='word_1_796' title='bbox 2491 5321 2690 5369; x_wconf 86' lang='lat' dir='ltr'><strong><em>essent</em></strong></span> <span class='ocrx_word' id='word_1_797' title='bbox 2745 5323 2998 5387; x_wconf 89' lang='lat' dir='ltr'><strong><em>quatuor</em></strong></span> <span class='ocrx_word' id='word_1_798' title='bbox 3048 5317 3343 5372; x_wconf 89' lang='lat' dir='ltr'><strong><em>custodes.</em></strong></span> <span class='ocrx_word' id='word_1_799' title='bbox 3405 5318 3552 5371; x_wconf 90' lang='lat' dir='ltr'><strong><em>Sunt</em></strong></span> <span class='ocrx_word' id='word_1_800' title='bbox 3597 5322 3798 5371; x_wconf 85' lang='lat' dir='ltr'><strong><em>autem</em></strong></span> 
     </span>
    </p>
   </div>
   <div class='ocr_carea' id='block_1_114' title="bbox 2151 5401 3800 5476">
    <p class='ocr_par' dir='ltr' id='par_1_114' title="bbox 2151 5401 3800 5476">
     <span class='ocr_line' id='line_1_116' title="bbox 2151 5401 3800 5476; baseline 0.002 -23"><span class='ocrx_word' id='word_1_801' title='bbox 2151 5408 2406 5472; x_wconf 89' lang='lat' dir='ltr'><strong><em>quatuor</em></strong></span> <span class='ocrx_word' id='word_1_802' title='bbox 2421 5401 2694 5458; x_wconf 88' lang='lat' dir='ltr'><strong><em>custodes</em></strong></span> <span class='ocrx_word' id='word_1_803' title='bbox 2717 5421 2822 5474; x_wconf 89' lang='lat' dir='ltr'><strong><em>per</em></strong></span> <span class='ocrx_word' id='word_1_804' title='bbox 2847 5411 3046 5460; x_wconf 89' lang='lat' dir='ltr'><strong><em>ternas</em></strong></span> <span class='ocrx_word' id='word_1_805' title='bbox 3071 5405 3244 5460; x_wconf 89' lang='lat' dir='ltr'><strong><em>horas</em></strong></span> <span class='ocrx_word' id='word_1_806' title='bbox 3263 5405 3533 5476; x_wconf 90' lang='lat' dir='ltr'><strong><em>dispositi</em></strong></span> <span class='ocrx_word' id='word_1_807' title='bbox 3557 5401 3800 5476; x_wconf 70' lang='grc' dir='ltr'>φυλακή,</span> 
     </span>
    </p>
   </div>
   <div class='ocr_carea' id='block_1_115' title="bbox 2154 5490 3799 5566">
    <p class='ocr_par' dir='ltr' id='par_1_115' title="bbox 2154 5490 3799 5566">
     <span class='ocr_line' id='line_1_117' title="bbox 2154 5490 3799 5566; baseline 0 -21"><span class='ocrx_word' id='word_1_808' title='bbox 2154 5490 2211 5546; x_wconf 90' lang='lat' dir='ltr'><strong><em>id</em></strong></span> <span class='ocrx_word' id='word_1_809' title='bbox 2245 5498 2333 5547; x_wconf 86' lang='lat' dir='ltr'><strong><em>est</em></strong></span> <span class='ocrx_word' id='word_1_810' title='bbox 2362 5493 2631 5548; x_wconf 87' lang='lat' dir='ltr'><strong><em>custodia</em></strong></span> <span class='ocrx_word' id='word_1_811' title='bbox 2659 5495 2939 5566; x_wconf 90' lang='lat' dir='ltr'><strong><em>appellati</em></strong></span> <span class='ocrx_word' id='word_1_812' title='bbox 2966 5512 2980 5550; x_wconf 88' lang='lat'><strong>:</strong></span> <span class='ocrx_word' id='word_1_813' title='bbox 3016 5501 3080 5549; x_wconf 90' lang='lat' dir='ltr'><strong><em>ut</em></strong></span> <span class='ocrx_word' id='word_1_814' title='bbox 3128 5497 3247 5550; x_wconf 90' lang='lat' dir='ltr'><strong><em>sint</em></strong></span> <span class='ocrx_word' id='word_1_815' title='bbox 3297 5497 3575 5551; x_wconf 82' lang='lat' dir='ltr'><strong><em>universa</em></strong></span> <span class='ocrx_word' id='word_1_816' title='bbox 3604 5499 3799 5558; x_wconf 83' lang='lat' dir='ltr'><strong><em>nocte,</em></strong></span> 
     </span>
    </p>
   </div>
   <div class='ocr_carea' id='block_1_116' title="bbox 2154 5582 3798 5657">
    <p class='ocr_par' dir='ltr' id='par_1_116' title="bbox 2154 5582 3798 5657">
     <span class='ocr_line' id='line_1_118' title="bbox 2154 5582 3798 5657; baseline -0.002 -22"><span class='ocrx_word' id='word_1_817' title='bbox 2154 5597 2368 5654; x_wconf 90' lang='lat' dir='ltr'><strong><em>nempe</em></strong></span> <span class='ocrx_word' id='word_1_818' title='bbox 2386 5582 2698 5640; x_wconf 88' lang='lat' dir='ltr'><strong><em>duodecim</em></strong></span> <span class='ocrx_word' id='word_1_819' title='bbox 2720 5587 3001 5640; x_wconf 87' lang='lat' dir='ltr'><strong><em>horarum</em></strong></span> <span class='ocrx_word' id='word_1_820' title='bbox 3021 5586 3209 5656; x_wconf 90' lang='lat' dir='ltr'><strong><em>spatio</em></strong></span> <span class='ocrx_word' id='word_1_821' title='bbox 3228 5594 3482 5657; x_wconf 87' lang='lat' dir='ltr'><strong><em>quatuor</em></strong></span> <span class='ocrx_word' id='word_1_822' title='bbox 3493 5582 3798 5640; x_wconf 63' lang='lat' dir='ltr'><strong><em>custodias:</em></strong></span> 
     </span>
    </p>
   </div>
   <div class='ocr_carea' id='block_1_117' title="bbox 2151 5669 3798 5752">
    <p class='ocr_par' dir='ltr' id='par_1_117' title="bbox 2151 5669 3798 5752">
     <span class='ocr_line' id='line_1_119' title="bbox 2151 5669 3798 5752; baseline 0.001 -19"><span class='ocrx_word' id='word_1_823' title='bbox 2151 5672 2216 5733; x_wconf 82' lang='lat' dir='ltr'><strong><em>in</em></strong></span> <span class='ocrx_word' id='word_1_824' title='bbox 2246 5672 2484 5746; x_wconf 88' lang='lat' dir='ltr'><strong><em>quibus,</em></strong></span> <span class='ocrx_word' id='word_1_825' title='bbox 2507 5675 2878 5737; x_wconf 80' lang='lat' dir='ltr'><strong><em>servantibus</em></strong></span> <span class='ocrx_word' id='word_1_826' title='bbox 2909 5675 3170 5736; x_wconf 78' lang='lat' dir='ltr'><strong><em>vicissim</em></strong></span> <span class='ocrx_word' id='word_1_827' title='bbox 3199 5683 3458 5752; x_wconf 81' lang='lat' dir='ltr'><strong><em>quatuor</em></strong></span> <span class='ocrx_word' id='word_1_828' title='bbox 3486 5669 3798 5735; x_wconf 70' lang='lat' dir='ltr'><strong><em>militibus.</em></strong></span> 
     </span>
    </p>
   </div>
  </div>
