4176 6200
403 403 518 466 195

1412 381 1816 455 COMMENT.
1866 391 1953 452 IN
1997 391 2195 452 ACTA
2242 393 2842 463 APOSTOLORUM.

3702 405 3820 465 196

405 551 614 594 omnes
646 545 960 588 numerum
993 524 1291 584 sexdecim
1339 526 1731 582 constituunt.
1764 524 1890 580 Non
1924 529 2049 580 erat

2173 521 2396 599 Πέτρος,
2430 523 2555 582 ἀλλ’
2602 503 2872 600 ἐκάόευδε,
2931 529 2994 588 τὸ
3051 537 3154 588 πᾶν
3211 533 3372 610 ῥίψας
3433 531 3523 588 ἐπὶ
3563 532 3658 590 τὸν
3707 531 3826 591 Κύ..

409 628 614 681 Petrus
667 623 729 675 in
787 619 1057 691 angustia
1110 623 1210 673 aut
1267 617 1502 680 timore,
1567 615 1670 671 sed
1724 613 2057 670 dormiebat

410 713 569 769 omni
604 710 838 783 negotio
865 709 923 762 in
959 708 1142 763 Deum
1173 707 1413 779 rejecto.
1443 707 1592 761 Dicit
1622 711 1821 760 autem
1854 704 2056 759 lumen

406 801 733 868 refulsisse,
791 804 856 854 ut
915 803 973 852 et
1029 796 1253 852 videret
1309 803 1367 851 et
1424 795 1658 851 audiret
1686 798 1914 860 Petrus,
1948 809 2058 849 nec

401 892 757 964 phantasma
789 905 917 943 esse
950 887 1331 942 existimaret.
1367 885 1530 951 Quod
1561 902 1694 940 vero
1726 885 1808 940 ait
1842 901 1854 938 τ
1889 907 1915 932 ‹‹
1949 885 2056 937 Ve-

402 980 633 1045 lociter,
671 1002 698 1027 »
758 996 879 1033 non
939 975 1356 1032 tumultuantis
1421 981 1529 1040 est,
1591 974 1693 1029 sed
1754 972 2060 1029 suadentis

2167 633 2307 688 ριον.
2339 612 2597 690 Ἔλαμψε
2626 616 2704 691 δὲ,
2750 621 2936 698 φησὶν,
2995 619 3133 678 ὥστε
3188 625 3277 678 καὶ
3313 619 3444 678 ἰδεῖν
3474 623 3564 679 καὶ
3595 624 3824 680 ἀκοῦσαι

2167 704 2259 760 τὸν
2290 704 2516 780 Πέτρον,
2569 709 2657 763 καὶ
2723 711 2800 781 μή
2857 713 3082 784 νομίσαι
3140 713 3436 789 φαντασίαν
3473 714 3632 770 εἶναι.
3661 713 3733 772 Τὸ
3764 710 3822 768 δὶ

2169 816 2196 844 ιι
2231 793 2283 846 ἐν
2341 793 2566 872 τάχει»
2623 797 2692 852 οὐ
2752 793 3136 872 θορυϐοῦντος,
3169 798 3335 869 ἀλλά,
3395 803 3676 863 πείθοντος
3735 801 3813 873 μή

2169 876 2590 947 ἀναϐάλλεσθαι.
2637 888 2779 961 ’Ὀρα
2837 884 2894 942 δὲ
2934 889 3063 950 τοὺς
3121 890 3420 954 Ἰουδαίους
3450 889 3501 947 ἐν
3529 896 3648 953 ταῖς
3680 890 3822 965 ἡμέ-

2171 991 2289 1046 ραις
2322 977 2428 1028 τῶν
2460 974 2588 1044 Ἀζύ
2600 997 2715 1046 μων
2744 982 2972 1032 τοιαῦτα
2999 979 3356 1053 πράττοντας.

401 1068 802 1125 cunctandum
836 1084 957 1121 non
989 1083 1116 1121 esse
1182 1065 1325 1120 Vide
1353 1071 1551 1120 autem
1584 1063 1783 1134 qualia
1814 1067 2135 1134 operentur
2162 1061 2346 1117 Judaei
2389 1063 2448 1118 in
2481 1064 2693 1121 diebus
2721 1076 3085 1138 Azymorum.

473 1160 627 1214 106
648 1159 772 1221 XII.
793 1159 823 1210 8
856 1158 938 1210 ll.
973 1177 991 1203 ι
1016 1158 1083 1210 Ει
1099 1155 1180 1209 ait
1203 1155 1288 1209 illi
1309 1172 1321 1209 :
1346 1153 1658 1210 Circumda
1682 1152 1785 1207 tibi
1811 1151 2058 1223 pallium

402 1255 620 1304 «tuum
643 1253 701 1303 et
723 1261 971 1317 sequere
993 1244 1180 1299 me.Et
1207 1244 1408 1298 exiens
1429 1242 1789 1314 sequebatur
1809 1257 1978 1296 eum:
2002 1246 2060 1294 et

403 1361 430 1387 «
458 1336 762 1392 nesciebat
788 1335 946 1406 quod
971 1350 1174 1388 verum
1199 1339 1355 1388 esset
1379 1332 1436 1386 id
1455 1331 1610 1402 quod
1637 1331 1814 1385 ﬁebat
1835 1347 1940 1401 per
1959 1345 2060 1383 an-

405 1450 432 1478 ‹‹
467 1428 687 1499 gelum,
723 1424 824 1480 sed
857 1423 1098 1495 putabat
1130 1439 1192 1477 se
1224 1424 1411 1476 visum
1434 1421 1651 1475 videre.
1685 1421 1829 1474 Cum
1860 1425 2058 1474 autem

404 1539 432 1567 ‹‹
465 1515 873 1587 praeterissent
921 1512 1173 1583 primam
1229 1527 1296 1566 ac
1350 1509 1672 1564 secundam
1706 1508 2055 1572 custodiam,

409 1629 436 1656 ‹‹
470 1609 761 1658 venerunt
791 1602 866 1658 ad
898 1606 1128 1672 portam
1164 1600 1438 1659 ferream.
1472 1616 1603 1670 quas
1636 1599 1798 1653 ducit
1825 1598 1883 1652 in
1916 1597 2055 1652 civi.

407 1717 428 1743 ι
463 1699 665 1750 tatem.
691 1709 822 1762 qua:
848 1691 1004 1745 ultro
1030 1695 1234 1761 aperta
1263 1695 1351 1743 est
1375 1689 1750 1759 eisCumque
1775 1687 2055 1744 exissent.

2241 1175 2268 1200 «
2305 1146 2613 1225 Περιϐαλοῦ
2667 1153 2730 1209 τὸ
2788 1155 3008 1228 ἱμάτιόν
3072 1178 3190 1226 σου,
3239 1157 3330 1213 καὶ
3378 1156 3669 1214 ἀκολούθει
3702 1182 3820 1234 μοι.

2174 1265 2193 1290 ι
2232 1241 2336 1296 Καὶ
2389 1239 2618 1318 ἐξελθῳν
2675 1243 2974 1314 ἠκολούθει
3033 1247 3204 1318 αὐτῷ.
3265 1249 3363 1304 Καὶ
3426 1247 3525 1302 οὐκ
3561 1245 3688 1322 ᾔδει
3737 1249 3823 1304 δτι

2170 1354 2198 1383 ‹‹
2233 1328 2435 1400 ἀληθές
2464 1330 2577 1386 ἐστι
2623 1334 2686 1387 τὸ
2714 1335 2992 1408 γενόμενον
3053 1332 3141 1391 διὰ
3193 1340 3291 1391 τοῦ
3351 1335 3611 1412 ἀγγέλου·
3646 1335 3823 1394 ἐδόκει

2170 1444 2202 1484 (ι,
2233 1417 2289 1474 δὲ
2318 1418 2502 1494 ὅραμα
2560 1419 2800 1496 βλέπειν.
2861 1423 3172 1488 Διελθόντες
3231 1423 3288 1482 δὲ
3317 1429 3544 1501 πρώτην
3575 1427 3825 1506 φυλακὴν

2173 1530 2198 1562 α
2229 1510 2320 1564 καὶ
2353 1507 2625 1585 δευτέραν,
2683 1511 2854 1581 ἦλθον
2913 1513 3002 1570 ἐπὶ
3059 1516 3158 1584 τήν
3213 1514 3394 1586 πύλην
3445 1517 3544 1584 τήν
3575 1513 3821 1590 σιδηρᾶν,

2171 1622 2198 1650 ι(
2229 1599 2328 1668 τήν
2361 1598 2626 1673 φέρουσαν
2657 1599 2732 1663 εἰς
2767 1603 2866 1671 τὴν
2922 1600 3109 1671 πόλιν,
3170 1600 3293 1673 ἤτις
3343 1605 3632 1678 αὐτομάτη
3664 1607 3824 1676 ἠνοί-

2167 1711 2194 1738 ‹‹
2233 1688 2342 1762 χθη
2408 1687 2618 1752 αὐτοῖς.
2703 1690 2800 1744 Καὶ
2879 1689 3182 1763 ἐξελθόντες
3259 1691 3578 1768 προσῆλθον
3638 1693 3820 1769 ῥύμην

403 1806 431 1834 ‹‹
464 1787 884 1855 processerunt
914 1781 1104 1834 vicum
1135 1795 1344 1845 unum,
1379 1784 1436 1832 et
1473 1779 1753 1833 continuo
1785 1776 2059 1832 discessit

2173 1775 2384 1848 «μίαν,
2436 1777 2528 1831 καὶ
2587 1777 2783 1840 εὐθέως
2840 1779 3044 1852 ἀπέσθη
3102 1783 3131 1836 6
3196 1780 3424 1858 ἄγγελος
3483 1782 3574 1838 ἀπ’
3635 1782 3822 1840 αὐτοῦ.

401 1895 430 1924 ‹‹
467 1873 712 1944 angelus
744 1871 815 1926 ab
849 1887 938 1926 eo.
973 1871 1042 1923 Et
1077 1869 1278 1925 Petrus
1323 1869 1396 1923 ad
1439 1885 1500 1923 se
1549 1883 1837 1927 reversus,
1872 1865 2057 1921 dixit:

403 1985 432 2012 ‹‹
467 1964 630 2016 Nunc
663 1961 784 2016 scio
817 1976 950 2014 vere
1002 1958 1156 2030 quod
1208 1958 1437 2012 miserit
1469 1957 1754 2012 Dominus
1783 1955 2060 2028 angelum

409 2074 432 2103 ι
468 2068 662 2116 suum,
692 2057 749 2105 et
777 2050 1059 2120 eripuerit
1083 2065 1177 2102 me
1201 2048 1272 2103 de
1299 2064 1478 2102 manu
1511 2045 1755 2102 Herodis
1778 2045 2059 2116 omnique

411 2165 432 2191 ι
469 2139 909 2212 exspectatione
941 2138 1129 2210 plebis
1160 2137 1519 2193 Judaeorum.
1556 2158 1584 2186 ι»

479 2231 624 2284 Cum
646 2229 930 2283 Dominus
951 2227 1261 2299 discipulis
1293 2226 1526 2282 dixerit.
1553 2249 1580 2277 «ι
1605 2227 1684 2281 Ne
1709 2223 2062 2297 possideatis

406 2335 618 2377 aurum
651 2335 842 2390 neque
876 2324 1208 2390 argentum,
1244 2333 1440 2387 neque
1480 2316 1627 2371 duas
1660 2316 1913 2378 tunicas,
1948 2331 2060 2369 ne-

409 2425 524 2480 que
547 2408 970 2471 calceamenta,
995 2421 1188 2477 neque
1210 2421 1638 2474 zonam,neque
1661 2403 1934 2458 baculum
1955 2399 2060 2466 9’,»

407 2496 704 2568 quomodo
738 2498 944 2551 Petrus
975 2501 1183 2550 contra
1241 2494 1473 2550 Domini
1520 2493 1755 2564 jussum
1787 2492 2059 2557 faciebat,

409 2586 552 2644 duas
589 2586 820 2642 tunicas
873 2585 1100 2640 habens
1151 2599 1476 2654 zonamque
1518 2588 1576 2637 et
1614 2582 2062 2640 calceamenta?

407 2679 700 2732 Praiterea
733 2674 950 2730 Paulus
991 2689 1226 2744 quoque
1269 2689 1402 2728 cum
1449 2672 1753 2726 Timotheo
1795 2671 2061 2727 scribens

405 2765 812 2840 praeciperet',
838 2788 864 2813 ‹‹
895 2763 1193 2818 Ρωῐιιιιίιιι)
1223 2779 1399 2833 quam
1420 2761 1636 2832 reliqui
1660 2761 1881 2816 Troade
1904 2761 2061 2833 apud

405 2858 684 2927 Carpum,
707 2853 952 2908 veniens
980 2854 1215 2908 aﬂ'eras.
1246 2875 1271 2900 ››
1300 2869 1434 2906 ecce
1459 2852 1752 2923 parnulam
1784 2849 2059 2912 habebat.

404 2962 515 3000 nec
548 2945 763 3016 poterit
821 2942 1121 3014 quispiam
1177 2941 1374 2996 dicere
1429 2940 1587 3012 quod
1646 2941 1893 2996 alteram
1938 2953 2058 2994 non

408 3036 682 3092 habuerit
731 3051 909 3105 quam
968 3033 1253 3106 gestabat.
1315 3036 1402 3088 An
1462 3049 1596 3104 ergo
1655 3032 1886 3087 Christo
1940 3047 2060 3086 non

405 3125 651 3198 paruit?
678 3123 828 3188 Quid
863 3123 1042 3194 igitur
1073 3122 1391 3178 dicendum
1449 3128 1537 3177 est
1559 3123 1585 3176 ‘2
1626 3124 1926 3212 Praecepta
1957 3121 2062 3176 illa
2090 3148 2138 3212 C

402 3231 524 3270 non
555 3227 810 3284 semper,
852 3212 954 3266 sed
995 3213 1067 3266 ad
1127 3220 1362 3284 tempus
1422 3213 1709 3266 servanda
1741 3211 2055 3266 dabantur.

403 3303 569 3370 Quod
603 3310 802 3359 autem
835 3303 945 3356 hoc
975 3318 1175 3357 verum
1229 3303 1324 3361 sit.
1371 3302 1553 3356 Lucas
1586 3301 1944 3372 evangelista
1975 3307 2057 3356 te-

403 3397 610 3445 statur.
637 3389 730 3444 Ait
753 3389 912 3443 enim
935 3388 1233 3442 Christum
1261 3386 1478 3442 dixisse
1502 3388 1830 3459 discipulis:
1863 3389 2061 3452 Quan-

403 3479 476 3534 do
512 3479 646 3532 misi
679 3476 824 3532 vos"
855 3498 882 3525 ‹‹
935 3475 1062 3530 sine
1123 3476 1334 3530 loculis
1394 3482 1450 3530 et
1507 3493 1648 3547 pera
1699 3492 1959 3546 zonaque
1991 3491 2058 3530 ac

403 3566 1038 3628 calceamentis,-num
1064 3564 1291 3635 aliquid
1316 3564 1502 3618 defuit
1529 3564 1915 3619 vobis?Aiunt
1940 3563 2056 3617 illi:

404 3656 580 3712 Nihil.
620 3654 772 3710 Dicit
804 3659 1002 3708 autem
1035 3653 1119 3708 eis
1156 3670 1168 3706 :
1204 3654 1384 3725 Igitur
1423 3652 1704 3723 deinceps
1736 3652 2054 3722 poss-dete.

409 3747 622 3800 Verum
656 3759 831 3814 quam
869 3743 940 3797 ob
974 3758 1210 3796 causam
1249 3741 1305 3795 id
1337 3747 1480 3796 tunc
1512 3740 1922 3812 praeceperat?
1954 3741 2061 3795 Vo-

404 3838 536 3892 lens
569 3835 894 3906 potentiam
929 3850 1096 3888 suam
1129 3833 1461 3888 ostendere.
1497 3839 1784 3886 Caeterum
1824 3831 1870 3886 si
1904 3833 2056 3886 Pau-

405 3926 528 3981 lum
559 3925 794 3978 unicam
823 3923 1084 3977 tunicam
1112 3922 1328 3977 habere
1351 3922 1630 3993 oportuit.
1656 3921 1700 3975 si
1723 3921 1883 3975 illam
1908 3920 2057 3975 lava-

407 4031 471 4068 re
503 4012 908 4078 conveniebat,
968 4028 1043 4066 an
1101 4011 1325 4065 nudum
1386 4011 1546 4065 domi
1609 4009 1814 4065 sedere
1864 4011 2057 4081 ipsum

417 4101 798 4171 Oportuisset,
823 4106 922 4155 aut
952 4100 1176 4155 nudum
1201 4101 1511 4155 circumire
1543 4116 1611 4155 ac
1643 4099 1970 4154 verecunde
1997 4116 2059 4155 se

424 4206 626 4264 gerere
658 4197 898 4245 vocante
931 4195 1280 4246 necesstate
1303 4190 1330 4244 ‘?
1389 4192 1512 4245 Non
1570 4189 1830 4261 Oportuit
1863 4190 2060 4260 itaque

408 4279 680 4338 Paulum.
714 4279 813 4350 qui
849 4285 1088 4352 propter
1141 4285 1225 4334 tot
1277 4279 1562 4351 praeclara
1591 4277 1856 4334 facinora
1884 4295 2060 4334 mun-

404 4369 546 4424 dum
576 4369 950 4428 circumibat.
986 4369 1059 4423 ob
1094 4369 1255 4440 pallii
1291 4369 1680 4441 indigentiam
1713 4367 1871 4423 domi
1905 4367 2059 4424 desi-

399 4457 562 4526 dere,
595 4476 662 4514 ac
695 4458 1034 4531 hujusmodi
1067 4459 1241 4514 rebus
1275 4459 1573 4530 impediri.
1608 4459 1757 4524 Quid
1783 4464 1980 4514 autem
2012 4458 2058 4513 si

395 4549 716 4604 vehemens
738 4548 903 4619 algor
927 4548 1215 4617 urgeret?
1243 4549 1289 4600 si
1317 4549 1493 4602 etiam
1528 4563 1742 4619 magna
1769 4547 1963 4618 pluvia
1994 4547 2056 4600 in

403 4653 534 4694 eum
569 4637 997 4698 descendisset,
1031 4636 1327 4706 quomodo
1362 4637 1561 4692 tunica
1593 4653 1768 4706 quam
1801 4641 2059 4707 gestaret

406 4727 689 4783 exsiccari
718 4730 938 4796 posset,
963 4741 1039 4778 an
1071 4741 1305 4780 rursum
1331 4731 1631 4797 oporteret
1653 4724 1876 4780 nudum
1898 4723 2058 4780 sede-

399 4833 463 4870 re
485 4813 664 4879 ?Quid
694 4819 979 4883 prmlerea
1005 4813 1051 4866 si
1088 4831 1302 4885 corpus
1327 4813 1743 4884 prostravisset
1767 4813 2055 4882 frigus,an

404 4903 708 4958 tabescere
739 4904 1039 4970 oporteret
1055 4908 1113 4955 et
1130 4919 1250 4956 non
1275 4902 1435 4972 loqui
1457 4902 1484 4956 ?
1505 4905 1536 4955 Ι
1552 4902 1646 4956 οτ
1674 4903 1742 4955 Et
1762 4900 1905 4971 quid
1924 4917 2053 4956 esse

403 4994 604 5061 posset
637 4989 746 5041 hac
781 5003 842 5041 re
874 4987 1149 5044 miserius
1180 4990 1207 5044 ?
1252 5006 1444 5061 neque
1477 4991 1634 5046 enim
1666 4989 2056 5045 adamantina

399 5094 648 5147 corpora
667 5076 811 5147 ipsis
837 5075 973 5131 data
996 5083 1183 5132 erant.
1204 5079 1350 5143 Quid
1378 5095 1511 5150 ergo
1531 5079 1558 5134 ?
1589 5080 1860 5151 perirene
1889 5095 2057 5150 opor-

400 5165 596 5219 teret?
628 5167 1031 5235 Nequaquam.
1068 5167 1186 5221 Hoc
1243 5174 1461 5230 autem,
1506 5169 1659 5224 sicut
1687 5167 1908 5223 dictum
1943 5173 2051 5235 est,

2177 1887 2200 1918 ο
2237 1866 2339 1922 Καὶ
2371 1867 2399 1921 ὁ
2432 1866 2640 1940 Πέτρος
2699 1869 2992 1943 γενόμενος
3053 1867 3108 1924 ἐν
3159 1869 3354 1943 ἑαυτῷ,
3389 1872 3522 1927 εἶπε⁴
3555 1876 3668 1927 Νῦν
3699 1869 3824 1928 οἶδα

2172 1980 2199 2007 ‹‹
2231 1953 2479 2026 ἀληθῶς,
2537 1955 2620 2012 ὅτι
2662 1955 3000 2026 ἐξαπέστειλε
3059 1959 3255 2035 Κύριος
3311 1961 3400 2015 τὸν
3455 1959 3686 2036 ἄγγελον
3718 1961 3820 2017 αὖ·

2172 2067 2200 2095 ι(
2233 2048 2352 2112 τοῦ,
2385 2045 2475 2099 καὶ
2508 2045 2741 2115 ἐξείλετό
2794 2068 2861 2120 με
2914 2047 2974 2103 ἐκ
3029 2050 3219 2125 χειρὸς
3275 2048 3546 2126 Ἡρώδου,
3587 2053 3676 2107 καὶ
3712 2051 3820 2106 πά-

2177 2158 2197 2185 σ
2234 2153 2332 2204 σης
2361 2141 2460 2204 τῆς
2491 2132 2820 2210 προσδοκίας
2853 2138 2949 2192 τοῦ
2983 2136 3119 2194 λαοῦ
3147 2144 3254 2194 τῶν
3285 2137 3584 2197 Ἰουδαίων.
3619 2166 3647 2193 ›ι

2241 2228 2350 2281 Τοῦ
2410 2225 2612 2300 Κυρίου
2669 2225 2911 2288 ε’πόντος
2942 2233 3086 2292 ¹τοῖς
3148 2232 3438 2300 μαθηταῖς,
3489 2254 3516 2283 ι(
3552 2231 3640 2300 Μή
3673 2232 3817 2301 κτή-

2173 2316 2336 2384 σησθε
2391 2315 2592 2390 χρυσὸν
2655 2313 2798 2389 μηδέ
2883 2315 3144 2393 ἄργυρον,
3201 2316 3344 2392 μηδὶ
3402 2317 3500 2374 δύο
3558 2323 3819 2396 χιτῶνας,

2177 2400 2316 2475 μηδὲ
2347 2401 2695 2477 ὑποδήματα,
2753 2403 2896 2479 μηδέ
2954 2407 3148 2478 ζώνην,
3202 2404 3343 2481 μηδὲ
3374 2403 3602 2485 ῥάϐδον,
3637 2433 3666 2460 ››
3697 2413 3816 2472 πῶς

2172 2493 2200 2547 6
2235 2494 2434 2566 Πέτρος
2492 2494 2638 2567 παρᾶ
2694 2494 2757 2550 τὸ
2808 2496 3134 2570 πρόσταγμα
3190 2497 3382 2566 ἐποίει,
3425 2497 3571 2574 ἔχων
3623 2499 3819 2571 ἱμάτια

2171 2581 2263 2636 καὶ
2323 2585 2498 2653 ζώνην
2558 2585 2645 2638 καὶ
2710 2582 3078 2658 ὑποδήματας
3136 2586 3255 2644 Ἔτι
3309 2584 3367 2642 δὶ
3417 2587 3566 2642 καὶὸ
3600 2586 3816 2649 Παῦλος

2171 2670 2295 2725 ὅταν
2330 2667 2691 2747 παραγγέλλῃ
2724 2675 2982 2748 Τιμοθέῳ
3032 2674 3281 2753 γράφων,
3313 2676 3422 2734 Τὸν
3455 2673 3725 2750 φαιλόνην
3758 2675 3817 2731 ὅν

2169 2759 2438 2815 ἀπέλιπον
2491 2759 2542 2816 ἐν
2603 2759 2815 2836 Τρωάδι
2872 2764 3023 2838 παρά
3081 2766 3304 2838 Κάρπῳ,
3337 2763 3638 2840 ἐρχόμενος
3672 2764 3820 2844 φέρε,

2169 2847 2290 2904 ἰδοὺ
2349 2849 2618 2929 φαιλόνην
2675 2853 2842 2928 εἶχεν,
2900 2853 3133 2910 καὶούκ
3191 2855 3250 2908 ἂν
3306 2849 3430 2929 ἔχοι
3485 2876 3567 2916 τις
3625 2854 3818 2924 εἰπεῖν,

2171 2937 2255 2994 ὅτι
2286 2938 2375 2994 καὶ
2403 2938 2587 3014 ἓτερον
2618 2939 2716 2996 οὐκ
2773 2941 2923 3020 εἶχεν
2965 2941 3022 2998 ὅν
3078 2941 3283 3022 ἐφόρει.
3334 2945 3476 3016 Ἀρα
3505 2947 3820 3020 παρήκουσε

2169 3030 2266 3081 τοῦ
2305 3031 2588 3101 Χριστοῦ;
2621 3029 2687 3085 Τί
2741 3029 2833 3083 οῦν
2891 3027 3071 3098 έστινς
3132 3031 3214 3087 Ἰὰ
3270 3029 3610 3105 ἐπιτάγματα
3640 3030 3818 3087 έκεῖνα

2171 3118 2305 3191 πρὸς
2334 3118 2520 3194 καιρὸν
2565 3117 2654 3187 ἦν,
2711 3118 2801 3173 καὶ
2863 3117 2924 3174 ού
2983 3115 3072 3174 διὰ
3128 3121 3346 3182 παντός.
3379 3121 3494 3175 Ὀτι
3529 3119 3586 3176 δέ
3615 3121 3818 3192 ἀληθές

2167 3205 2300 3276 ἐστι,
2331 3213 2538 3268 Λουκᾶς
2575 3208 2603 3262 6
2655 3207 3050 3282 εὐαγγελιστής
3109 3215 3390 3284 μαρτυρεῖ.
3423 3212 3567 3281 Φησὶ
3599 3212 3704 3287 γαρ
3743 3212 3822 3266 εί-

2167 3297 2390 3371 ρηκέναι
2444 3297 2534 3352 τὸν
2590 3297 2818 3372 Χριστὸν
2869 3301 2985 3359 τοῖς
3045 3300 3334 3370 μαθηταῖς’
3367 3299 3496 3356 ’Ὁτε
3523 3297 3818 3354 ἀπέστειλα

2169 3385 2306 3458 ὑμᾶς
2364 3409 2391 3436 ‹‹
2435 3383 2560 3460 ἄτερ
2618 3384 2935 3462 βαλαντίου,
2995 3385 3085 3442 καὶ
3143 3388 3342 3462 πήρας,
3373 3388 3464 3442 καί
3493 3387 3695 3460 ζώνης,
3727 3388 3820 3444 καὶ

2169 3471 2564 3546 ὑποδημάτων,
2598 3498 2626 3527 n
2705 3477 2782 3548 μή
2839 3497 2891 3530 τι
2951 3475 3240 3550 ὑττέρησεν
3302 3477 3476 3550 ὑμῖνς
3556 3479 3816 3554 Λέγουσιν

2166 3562 2333 3634 αὐτῷ.
2369 3560 2466 3618 Οὔ.
2502 3562 2659 3637 Λέγει
2691 3561 2748 3618 δὲ
2799 3563 3001 3625 αὐτοῖς·
3060 3564 3265 3620 Οὐκοῦν
3299 3565 3495 3622 λοιπὸν
3524 3571 3817 3637 κτήσασθε.

2166 3651 2322 3712 Τίνος
2381 3649 2437 3705 δὲ
2491 3648 2667 3707 ἕνεκεν
2725 3657 2886 3709 τοῦτο
2946 3652 3068 3710 τότε
3125 3653 3377 3728 ἐπέταεε;
3433 3658 3542 3726 Τὴν
3590 3656 3820 3731 δύναμιν

2166 3737 2331 3795 αὐτοῦ
2364 3737 2530 3811 δεῖξαι
2585 3737 2945 3816 βουλόμενος.
3003 3743 3072 3800 Εἴ
3125 3743 3308 3799 τοίνυν
3341 3743 3446 3802 ἔδει
3480 3743 3570 3800 ἕνα
3601 3751 3816 3821 χιτῶνα

2167 3821 2312 3902 ἔχειν
2359 3827 2596 3897 Παῦλον,
2656 3829 2700 3885 εί
2748 3829 2968 3886 πλύνειν
3029 3831 3186 3888 αὐτὸν
3249 3828 3376 3902 ἔδει,
3407 3835 3615 3910 γυμνὸν
3649 3835 3816 3892 αὐτὸν

2167 3915 2337 3992 ἐχρῆν
2367 3923 2510 3973 οἶκοι
2540 3921 2828 3991 καθῆσθαι,
2885 3920 2921 3989 ἢ
2981 3921 3184 3996 γυμνὸν
3220 3925 3482 3997 περιιέναι
3514 3923 3605 3978 καὶ
3636 3924 3821 4004 ἀσχη-

2171 4011 2353 4080 μονεῖν
2411 4007 2603 4085 χρείας
2657 4006 2975 4079 καλούσης;
3033 4011 3144 4066 Οὐκ
3201 4009 3309 4067 ἔδει
3354 4017 3646 4088 τοιγαροῦν
3683 4019 3824 4069 Παῦ-

2167 4093 2264 4150 λον
2352 4095 2439 4151 ἐπὶ
2525 4097 2810 4160 τοσούτοις
2895 4101 3285 4176 κατορθώμασι

2167 4183 2494 4259 οἰκουμένην
2584 4183 2652 4241 δι’

3380 4103 3669 4177 περιιόντα
3722 4105 3824 4174 τὴν

2736 4189 2962 4262 ἱματίου
3047 4183 3250 4245 ἔνδειαν
3330 4190 3473 4247 οἷ’κοι
3529 4194 3822 4262 καθῆσθαι,

2165 4275 2254 4330 καὶ
2311 4272 2668 4344 τηλικούτοις
2725 4277 3041 4354 πράγμασιν
3109 4276 3444 4352 ἐμποδίζειν.
3514 4281 3580 4338 Τί
3638 4278 3716 4351 δὲ,
3777 4283 3826 4338 εἱ

2165 4364 2373 4439 κρυμὸς
2423 4363 2647 4434 ἐπετέθη
2704 4363 2958 4443 σφοδρὸς,
3043 4367 3131 4421 καὶ
3220 4363 3532 4444 κατέϐρεξεν
3598 4369 3633 4438 ἢ
3688 4367 3825 4424 ἐπά-

2167 4472 2382 4529 γωσεν;
2443 4455 2500 4509 δν
2591 4453 2773 4534 ἐφόρει
2864 4459 3071 4530 χιτῶνα
3149 4460 3267 4518 πῶς
3342 4458 3401 4512 ἄν
3479 4457 3819 4533 ξηραίνεσθαι

2166 4547 2272 4614 iv;
2338 4545 2410 4599 "ll
2477 4541 2644 4598 πάλιν
2719 4545 2926 4619 γυμνὸν
2990 4543 3162 4620 ἐχρῆν
3235 4548 3547 4617 καθῆσθαι;
3614 4549 3666 4603 τί
3735 4545 3815 4616 δὲ,

2166 4630 2214 4687 εί
2273 4631 2451 4706 ψύχος
2506 4627 2776 4687 κατέτεινε
2852 4632 2913 4688 τὸ
3001 4638 3183 4708 σῶμα,
3240 4636 3497 4706 τήκεσθαι
3559 4631 3667 4692 ἔδει
3724 4635 3820 4692 καὶ

2169 4723 2245 4795 μή
2301 4719 2663 4798 φθέγγεσθαι;
2715 4721 2805 4775 καὶ
2855 4720 2909 4777 τί
2967 4721 3027 4777 ἃν
3085 4721 3170 4795 εἴη
3225 4723 3423 4780 τούτου
3485 4724 3815 4800 χαλεπώτε-

2165 4831 2297 4886 ρονι
2359 4810 2484 4866 οὐδὲ
2549 4811 2656 4887 γὰρ
2721 4809 3054 4886 ἀδαμάντινα
3130 4815 3360 4887 σώματα
3431 4816 3620 4881 αὐτοῖς
3684 4838 3819 4874 κατ·

2165 4901 2469 4957 εσκεύαστο.
2524 4901 2590 4957 Τί
2647 4899 2777 4970 οὖν;
2837 4899 3182 4958 ἀπόλλυσθαι
3246 4903 3456 4984 ἐχρῆν;
3517 4904 3812 4978 Οὐδαμῶς.

2163 4994 2334 5045 Τοῦτο
2385 4987 2460 5058 δὲ,
2521 4989 2704 5051 κακὼς
2751 4989 2988 5065 ε’ἲρηται,
3018 4991 3140 5046 τότε
3187 4990 3424 5066 ἐπέταξε,
3449 4996 3548 5062 τὴν
3583 4992 3813 5068 δύναμιν

2162 5079 2326 5134 αὐτοῦ
2369 5076 2536 5148 δεῖξαι
2571 5076 2931 5154 βουλόμενος,
2964 5079 3047 5136 ὅτι
3098 5078 3310 5144 οὐδενὸς
3352 5087 3458 5139 τῶν
3490 5083 3820 5156 ἐπιτηδείων

2165 5166 2574 5244 ὑστερήσουσιν.

399 5261 540 5309 tunc
565 5256 846 5324 jusserat,
882 5271 1048 5310 suam
1086 5257 1292 5311 volens
1321 5259 1634 5314 ostendere
1664 5259 2010 5332 potentiam,
2045 5259 2201 5329 quod
2235 5261 2400 5315 nulla
2431 5276 2491 5314 re
2524 5257 2598 5314 ad
2629 5259 2806 5314 vitam
2837 5262 3176 5318 necessaria
3205 5270 3502 5323 carerent.

474 5345 592 5402 XII.
629 5346 693 5397 l2
729 5347 810 5397 15.
846 5368 872 5392 «ι
913 5345 978 5398 Et
1032 5345 1170 5400 dum
1232 5352 1620 5420 cognovisset,
1660 5349 1819 5404 venit
1850 5347 1925 5403 ad
1956 5346 2059 5402 do-

405 5457 432 5483 ι(
469 5449 632 5487 mum
668 5433 866 5488 Μανία)
895 5435 1096 5488 matris
1115 5437 1379 5502 Joannis,
1401 5440 1499 5510 qui
1533 5437 2062 5508 cognominabatur

411 5543 432 5574 ι
465 5524 713 5592 Marcus,
748 5521 850 5578 ubi
873 5530 1041 5580 erant
1063 5527 1582 5602 multicongregati
1607 5534 1666 5584 et
1689 5523 2062 5584 orantes.Ubi

472 5701 520 5742 ³⁸
547 5703 758 5763 Matth.
791 5721 848 5770 x,
886 5709 971 5762 10.
1017 5725 1022 5728 ·
1051 5706 1069 5740 ¹
1103 5707 1152 5763 II
1180 5706 1326 5765 Tim.
1361 5723 1434 5776 iv,
1470 5707 1554 5762 l3.
1628 5705 1651 5746 ³
1681 5708 1818 5765 Luc.
1847 5721 1984 5777 nu,
2014 5706 2106 5763 38.

2241 5371 2269 5398 «
2306 5345 2547 5402 Συνιδών
2587 5367 2665 5414 τε,
2720 5344 2884 5415 ἦλθεν
2935 5345 3024 5403 ἐπὶ
3082 5350 3179 5418 τήν
3241 5351 3418 5408 οἰκίαν
3479 5351 3684 5428 Μαρίας
3715 5361 3818 5424 τῆς

2173 5461 2200 5494 ι
2240 5436 2448 5511 μητρὸς
2496 5433 2750 5491 Ἰωάννου
2805 5440 2905 5490 τοῦ
2961 5435 3394 5512 ἐπικαλουμένου
3445 5442 3694 5517 Μάρκου,
3754 5443 3816 5498 οὗ

2181 5541 2202 5571 ι
2234 5519 2368 5590 ἦσαν
2435 5515 2610 5572 ἱκανοὶ
2672 5517 3122 5592 συνηθροισμένοι
3202 5521 3296 5576 καὶ
3375 5515 3814 5602 προσευχόμενοι
