4150 6200
314 366 429 445 191

1208 423 1219 433 ,
1282 366 1503 444 eoum
1519 365 1700 427 EN’l‘.
1750 364 1835 425 IN
1862 319 2091 425 ‘ACTA
2120 339 2755 435 Apos’romaum.

3621 371 3737 431 198

320 497 716 571 «Κροῖσαντος
751 495 810 554 δὶ
854 500 956 555 τοῦ
1015 496 1223 575 Πέτρου
1278 497 1378 568 τὴν
1429 495 1592 576 θύραν
1642 499 1740 555 τοῦ
1786 494 1981 553 πυλῶ-

2112 521 2127 553 I
2159 505 2358 556 autem
2383 500 2683 573 pulsasset
2708 500 2926 559 ostium
2957 500 3253 565 vestibuli.
3285 501 3508 576 prodiit
3538 504 3740 579 puella

321 612 351 642 ιι
380 608 496 656 νος,
528 586 814 664 προσῆλθε
842 585 1106 660 παιδίσκη
1144 589 1465 656 ὑπακοῦσαι,
1500 587 1731 663 ὀνόματι
1786 582 1975 658 Ῥόδη,

322 700 355 731 κ
383 678 473 734 καὶ
503 676 799 755 ἐπιγνοῦσα
828 680 931 750 τὴν
963 681 1144 757 φωνήν
1175 683 1273 735 τοῦ
1308 680 1537 754 Ιιὲτρου,
1569 677 1674 733 ἀπὸ
1723 683 1822 747 τῆς
1872 697 1982 752 χα-

323 794 354 823 α
388 774 486 845 ρᾶς
520 770 623 825 οὐχ
651 769 836 844 ἤνοιξε
864 769 957 825 τὸν
986 767 1238 840 πυλῶνα,
1268 765 1638 844 εἰσδραμοῦσα
1685 764 1744 823 δὲ
1795 766 1983 844 ἀπήγ-

329 882 362 913 αι
397 858 580 936 γειλεν
612 860 825 915 ἑστάναι
858 860 947 915 τὸν
985 862 1184 935 ΙΙὲτρον
1213 859 1321 930 πρὸ
1352 862 1451 915 τοῦ
1496 854 1773 921 πυλῶνος.
1833 857 1896 912 0i.
1926 852 1985 912 δὲ

333 967 363 997 ι
389 951 534 1024 πρὸς
560 950 729 1021 αὐτὴν
763 952 942 1022 εἷπον,
975 951 1157 1026 Μαίνῃ
1186 968 1201 1019 ;
1228 950 1293 1007 Ἡ
1352 936 1411 1004 δὲ
1461 945 1840 1028 διισχυρίζετο
1888 948 1986 1003 οὕ-

338 1064 360 1090 ι
396 1060 506 1102 τως
543 1037 713 1116 ἔχειν.
750 1063 780 1091 ››

403 1129 474 1187 Τί
504 1130 638 1200 ἑστι,
671 1149 698 1175 ι
730 1127 956 1185 συνιδών
983 1146 997 1198 ;
1030 1156 1054 1182 ιι
1089 1129 1215 1187 ’Ότι
1247 1126 1355 1204 οὐχ
1379 1124 1569 1190 ἅπλῶς
1596 1124 1851 1191 ἀπελθεῖν
1883 1123 1985 1196 δεῖ,

327 1217 463 1275 ἀλλ’
500 1218 834 1294 ἀμείψασθαι
886 1219 980 1273 τὸν
1039 1218 1327 1294 εὐεργέτην
1394 1241 1422 1269 ‹‹
1454 1218 1566 1275 Τοῦ
1619 1214 1986 1290 ἐπικαλουμὶο

330 1330 433 1363 νου
464 1309 710 1383 Μάρκου,
748 1333 777 1361 ››
808 1310 921 1366 ’Ίνα
980 1305 1124 1382 δείξῃ
1183 1307 1268 1364 δτι
1327 1307 1391 1363 οὐ
1452 1309 1549 1361 τοῦ
1605 1305 1687 1362 ἀεὶ
1740 1306 1988 1368 συνόντος

331 1397 524 1459 αὐτοῖς
585 1396 838 1453 Ἰωάννου
898 1398 996 1466 τήν
1055 1397 1265 1473 μητερα
1325 1396 1482 1471 φησὶ,
1547 1394 1636 1451 καὶ
1694 1396 1757 1451 τὸ
1814 1395 1987 1469 παρά-

332 1507 518 1560 σημον
570 1485 736 1542 αὐτοῦ
806 1484 1031 1554 τέθεικε,
1114 1485 1248 1561 φησὶ
1325 1485 1454 1560 γάρ,
1513 1508 1542 1539 α
1603 1485 1716 1541 Τοῦ
1801 1483 1991 1540 ἐπικα-

336 1573 616 1648 λουμένου
647 1574 896 1652 Μάρκου.
930 1598 960 1628 ι)
1006 1575 1179 1637 Οὗτος
1235 1571 1295 1630 δὲ
1346 1574 1437 1644 ἦν,
1500 1574 1529 1628 ὁ
1585 1572 1675 1629 καὶ
1732 1573 1795 1628 τὸ
1858 1573 1994 1629 κατᾶ

336 1667 561 1741 Μάρκον
621 1662 951 1741 Εὖαγγὲλιον
1006 1664 1485 1744 συγγραψάμενος,
1517 1662 1797 1739 ὁᾶνεψιὸς
1852 1669 1994 1740 Βαρ-

335 1748 499 1824 νάϐα,
553 1755 677 1829 περῖ
736 1754 799 1810 οὗ
858 1756 1074 1817 Παῦλος
1127 1754 1324 1831 γράφει
1381 1749 1657 1827 Τιμοθέῳ·
1717 1752 1997 1829 «Μάρκον

2086 611 2115 639 «
2138 597 2203 645 ut
2225 590 2727 658 subauscultaret,
2759 593 3003 648 nomine
3036 592 3260 663 Rhode,
3296 601 3354 650 et
3375 596 3576 667 agnita
3596 611 3738 653 voce

2088 699 2112 729 ιι
2147 680 2327 749 Petri,
2352 698 2473 753 pra:
2494 682 2708 754 gaudio
2731 699 2853 738 non
2875 684 3109 756 aperuit
3127 684 3621 752 vestibulum,sed
3645 687 3737 743 in-

2087 792 2115 819 ‹‹
2152 775 2493 826 trocurrens
2523 771 2887 828 renuntiavit
2917 779 3074 829 stare
3107 778 3344 830 Petrum
3375 781 3513 831 ante
3558 774 3739 831 vesti-

2091 879 2119 909 α
2144 859 2373 918 bulum.
2409 867 2483 917 At
2507 861 2593 918 illi
2628 862 2908 919 dixerunt
2936 863 3011 920 ad
3068 879 3244 922 eam;
3298 866 3530 923 lnsanis
3556 865 3584 922 ‘2
3629 866 3740 922 Illa

2090 974 2118 1002 «
2157 966 2288 1007 vero
2319 951 2661 1009 afﬁrmabat
2688 952 2774 1010 sic
2805 970 2868 1010 se
2899 953 3138 1010 habere.
3175 977 3203 1004 »ι

2162 1129 2314 1196 Quid
2327 1135 2435 1193 est.
2452 1130 2638 1187 «dum
2649 1131 3057 1206 cognovisset?
3072 1153 3099 1181 ››
3114 1134 3333 1205 Nempe
3347 1133 3505 1204 quod
3528 1150 3645 1191 non
3660 1139 3750 1190 ut-

2093 1235 2327 1291 cunque
2339 1219 2658 1278 abscedere
2672 1228 2946 1293 oportere
2956 1220 3108 1286 t,sed
3128 1221 3283 1277 vices
3300 1222 3628 1294 rependere
3647 1223 3747 1278 be-

2093 1309 2403 1365 nefactori.
2430 1333 2456 1360 ‹‹
2483 1310 2591 1377 Qui
2613 1310 3153 1384 cognominabatur
3169 1312 3418 1377 Marcus,
3449 1337 3470 1365 ι
3500 1311 3574 1367 Ut
3598 1312 3750 1368 scias

2097 1399 2255 1470 quod
2280 1405 2534 1456 matrem
2566 1417 2689 1456 non
2719 1399 2880 1457 dicat
2913 1401 3044 1472 ejus
3073 1401 3339 1469 Joannis,
3372 1402 3474 1474 qui
3516 1418 3756 1473 semper

2097 1505 2234 1545 cum
2262 1489 2349 1545 eis
2379 1495 2644 1546 versatus
2676 1495 2823 1556 erat,
2879 1489 3043 1545 illius
3090 1490 3325 1563 signum
3374 1491 3620 1554 addidit,
3674 1492 3758 1547 ait

2099 1579 2260 1634 enim
2285 1595 2299 1635 :
2333 1600 2360 1630 (ι
2395 1579 2503 1645 Qui
2534 1579 3076 1652 Cognominabatur
3096 1581 3346 1637 Marcus.
3379 1602 3400 1631 ι
3427 1580 3531 1636 Hic
3549 1586 3753 1637 autem

2101 1675 2229 1725 erat
2258 1668 2359 1740 qui
2392 1669 2774 1739 Evangelium
2809 1669 3139 1726 secundum
3171 1671 3430 1725 Marcum
3480 1671 3755 1726 conscri-

2101 1758 2242 1831 psit,
2264 1775 2450 1830 nepos
2473 1758 2776 1827 Barnabua,
2802 1759 2874 1815 de
2905 1775 3021 1831 quo
3053 1759 3273 1815 Paulus
3316 1759 3529 1814 scribit
3556 1759 3754 1816 Timo-

338 1837 631 1900 ἀναλαϐὼν
688 1844 781 1919 ἂγε
842 1844 979 1919 μετά
1027 1846 1273 1900 σεαυτοῦ.
1356 1844 1515 1900 Ἔστι
1597 1842 1700 1917 γάρ
1756 1862 1851 1916 μοι
1909 1838 1994 1898 εῦ-

2112 1846 2240 1903 theo
2271 1864 2284 1902 :
2318 1870 2345 1897 «
2381 1847 2645 1903 Marcum
2676 1854 3050 1920 assumptum
3077 1846 3354 1904 adducito
3384 1863 3511 1903 una
3530 1854 3750 1918 tecum,

340 1954 589 2011 χρηστος
623 1933 696 1994 εἰς
725 1930 1019 1989 διακονίαν.
1054 1954 1077 1978 υ

417 2048 446 2076 ε(
482 2023 551 2080 Οἱ
582 2019 640 2077 δὲ
691 2019 899 2097 ἔλεγον,
959 2020 1038 2077 ὅτι
1102 2017 1335 2099 ἃγγελος
1392 2021 1566 2077 αὐτοῦ
1617 2019 1783 2079 ἐστιν.
1834 2020 1896 2077 Ὀ
1939 2015 1998 2074 δὶ

460 2111 512 2145 ι’
594 2134 613 2145 ⁸
648 2111 662 2127 ἳ
716 2113 735 2142 1
788 2133 807 2143 -
1023 2111 1038 2131 I
1203 2111 1218 2129 ο
1344 2111 1356 2129 Ι
1628 2112 1643 2127 \
1732 2106 1789 2129 Ἀ
1943 2106 1959 2127 9

342 2137 373 2167 ι(
406 2118 611 2187 napo.
645 2132 869 2184 επεμενε
906 2131 1143 2188 κρουων.
1223 2114 1539 2181 Ανοιξαντες
1594 2106 1654 2165 δε
1706 2126 1852 2165 ειοον
1901 2130 1999 2164 αυ-

344 2228 376 2256 α
401 2203 522 2270 τὸν,
556 2202 645 2257 καὶ
678 2201 987 2275 ἐξέστησαν.
1049 2199 1378 2263 Κατασείσας
1411 2198 1468 2255 δὲ
1495 2199 1686 2261 αὐτοῖς
1731 2203 1799 2273 τῇ
1850 2197 1997 2275 χειρὶ

342 2316 375 2345 α
410 2295 593 2366 σιγᾷν.
627 2287 929 2367 διηγήσατο
963 2291 1170 2360 αὐτοῖς,
1201 2295 1319 2352 πῶς
1379 2290 1407 2345 ὁ
1454 2288 1657 2365 Κύριος
1705 2287 1864 2344 αὐτὸν
1914 2287 1998 2358 ἐξ·

358 2407 389 2436 α
420 2378 621 2456 ἤναγεν
679 2381 739 2437 ἐκ
794 2387 897 2452 τῆς
948 2379 1217 2460 φυλακῆς,
1295 2381 1411 2437 εἷπε
1468 2377 1545 2435 δὲ’
1604 2376 2000 2455 Ἀπαγγείλατε

346 2495 376 2523 κ
410 2466 664 2543 Ἰακώϐῳ
719 2471 810 2526 καὶ
867 2476 984 2534 τοῖς
1041 2468 1302 2549 ἀδελφοῖς
1357 2473 1548 2527 ταῦτα’
1605 2468 1708 2527 Καὶ
1766 2467 1996 2542 ἐξελθὼν

344 2584 375 2612 ι(
409 2559 683 2635 ἐπορεύθη
717 2558 794 2621 εἷς
851 2554 1037 2634 ἓτερον
1093 2560 1280 2616 τόπον.
1333 2557 1632 2632 Οενομίνης
1689 2555 1748 2614 δὶ
1789 2558 1999 2633 ἡμέρας

347 2674 377 2703 ι(
421 2649 491 2719 ἦν
522 2669 764 2726 ταραχος
796 2649 896 2706 οὐκ
926 2647 1113 2726 ὀλίγος
1141 2649 1192 2705 ἐν
1232 2654 1351 2711 τοῖς
1399 2648 1779 2722 στρατιώταις,
1810 2649 1863 2704 τί
1896 2646 2000 2725 ἄρα

340 2763 375 2792 «
413 2739 444 2793 ὁ
477 2738 680 2813 Πέτρος
710 2737 945 2814 ἐγένετο.
1004 2735 1257 2814 Ἡρώδης
1316 2736 1374 2794 δὲ
1428 2736 1761 2809 ἐπιζητήσας
1809 2737 1996 2808 αὐτὸν,

350 2829 496 2883 «καὶ
556 2828 633 2900 μή
685 2828 884 2900 εὑρὼν,
932 2827 1217 2902 ἀνακρίνας
1268 2826 1396 2890 τοὺς
1453 2825 1720 2902 φύλακας,
1781 2824 1999 2882 ἐκέλευ-

341 2943 374 2972 α
409 2938 497 2973 σεν
534 2918 871 2993 ἀπαχθῆναι,
929 2918 1020 2973 καὶ
1079 2917 1358 2982 κατελθὼν
1409 2915 1514 2973 ἀπὸ
1570 2919 1669 2987 τῆς
1728 2913 1997 2979 Ἰουδαίας

343 3034 372 3060 u
408 3006 488 3070 εἷς
543 3007 643 3075 τήν
688 3004 1035 3078 Καισάρειαν,
1096 3001 1385 3085 διέτριϐεν..
1458 3005 1558 3063 Ἦν
1620 3002 1679 3061 δὶ
1742 3003 1997 3081 Ἡρώδης

342 3123 373 3151 α
409 3099 763 3172 θυμομαγῶν
795 3098 1020 3172 Τυρίοις
1045 3098 1135 3154 καὶ
1165 3096 1464 3161 Σιδονίοις.
1522 3093 1909 3171 Ὀμοθυμαδὸν
1939 3094 2001 3152 δὲ

341 3212 371 3242 ιι
411 3194 664 3263 μαρῆσαν
691 3187 828 3261 πρὸς
872 3186 1057 3258 αὐτὸν,
1115 3188 1206 3242 καὶ
1264 3188 1546 3250 πείσαντες
1598 3183 1845 3243 Βλάστον
1900 3184 1995 3241 τὸν

2105 1942 2197 1992 est
2225 1936 2380 1992 enim
2415 1936 2561 1992 mihi
2593 1937 2865 2009 perutilis
2894 1936 2969 1992 ad
2999 1937 3398 1992 ministerium
3427 1934 3471 1992 ³.
3507 1959 3535 1985 ››

2174 2028 2308 2095 Χιι,
2344 2028 2406 2083 15
2441 2028 2530 2082 20.
2568 2049 2597 2077 ιι
2628 2026 2723 2082 llli
2749 2033 2947 2083 autem
2980 2026 3302 2082 dicebant:
3340 2025 3592 2094 Angelus
3623 2026 3754 2098 ejus

2108 2137 2134 2168 α
2161 2123 2249 2172 est
2273 2133 2288 2171 :
2313 2119 2523 2173 Petrus
2550 2134 2685 2174 vero
2729 2116 3141 2190 perseverabat
3170 2116 3435 2188 pulsans.
3472 2117 3619 2172 Cum
3649 2131 3757 2171 au-

2107 2228 2135 2257 ‹‹
2161 2212 2279 2261 tem
2304 2206 2699 2279 aperuissent,
2729 2206 3003 2262 viderunt
3030 2222 3167 2262 eum
3200 2211 3259 2260 et
3296 2205 3756 2277 obstupuerunt.

2107 2318 2135 2346 ‹‹
2162 2297 2306 2351 Cum
2333 2296 2631 2352 innuisset
2649 2302 2847 2352 autem
2870 2296 2957 2352 eis
2985 2301 3148 2351 mota
3169 2302 3445 2352 manu.ut
3465 2298 3752 2361 tacerent,

2107 2407 2136 2435 ‹‹
2170 2385 2430 2441 narravit
2459 2384 2606 2457 ipsis
2636 2384 2935 2456 quomodo
2968 2384 3271 2440 eduxisset
3301 2400 3437 2439 eum
3467 2382 3756 2439 Dominus

2107 2501 2135 2528 «ι
2157 2492 2459 2536 ecarcere.
2483 2476 2669 2532 etait:
2689 2477 2966 2532 Nuntiate
2993 2474 3209 2532 Iacobo
3228 2473 3586 2531 etfratribus
3608 2473 3758 2531 hmc.

2106 2587 2135 2616 «
2172 2567 2241 2620 Et
2269 2582 2543 2636 egressus
2564 2564 2714 2622 abiit
2741 2565 2802 2621 in
2833 2564 3018 2621 alium
3052 2565 3271 2621 locum.
3307 2563 3416 2621 Ubi
3446 2580 3581 2620 vero
3604 2562 3760 2619 dilu-

2107 2677 2135 2706 α
2152 2654 2493 2723 xisset,erat
2510 2654 2766 2711 turbatio
2790 2671 2911 2711 non
2934 2671 3113 2726 parva
3136 2655 3295 2710 inter
3316 2653 3557 2716 milites.
3584 2651 3756 2725 quid-

2107 2766 2135 2795 «
2170 2761 2309 2801 nam
2339 2745 2655 2801 accidisset
2683 2745 2756 2800 de
2785 2747 2979 2800 Petro.
3006 2743 3267 2800 Herodes
3287 2750 3485 2799 autem
3507 2757 3643 2797 cum
3664 2756 3758 2796 re-

2109 2856 2139 2885 «ι
2165 2833 2452 2907 quisisset
2478 2851 2614 2891 eum
2645 2850 2757 2891 nec
2785 2833 3126 2896 invenisset.
3157 2833 3525 2888 examinatos
3555 2835 3755 2885 custo-

2112 2944 2136 2973 ι
2169 2925 2274 2980 des
2302 2925 2481 2996 jussit
2503 2923 2715 2980 abduci
2741 2941 2756 2990 ;
2778 2922 3267 2993 descendensque
3290 2938 3324 2977 a
3341 2919 3543 2976 Judma
3557 2918 3750 2974 Caasa-

2108 3034 2138 3065 (ι
2171 3030 2356 3082 ream,
2388 3014 2471 3069 ibi
2501 3020 2902 3070 commoratus
2933 3017 3040 3067 est.
3073 3013 3211 3066 Erat
3238 3016 3437 3066 autem
3490 3007 3751 3063 Herodes

2108 3125 2137 3155 «
2169 3103 2440 3160 infensus
2469 3102 2747 3175 Tyriisac
2778 3100 3057 3157 Sidoniis.
3084 3101 3164 3154 “At
3184 3098 3272 3154 illi
3296 3114 3414 3154 uno
3436 3098 3637 3154 animo
3654 3113 3755 3152 ve-

2110 3213 2136 3246 α
2172 3198 2393 3248 nerunt
2421 3192 2496 3249 ad
2527 3208 2664 3247 eum
2690 3209 2703 3247 :
2737 3196 2796 3247 et
2822 3205 3106 3263 persuaso
3131 3188 3349 3257 Blasto,
3379 3187 3480 3260 qui
3504 3191 3758 3259 praeerat

345 3304 375 3333 α
408 3279 499 3334 ἐπὶ
528 3283 626 3335 τοῦ
656 3284 918 3341 κοιτῶνος
949 3283 1045 3335 σοῦ
1104 3276 1395 3356 βασιλέως,
1450 3278 1684 3354 ᾐτοῦντο
1742 3275 1996 3353 εἰρήνην,

2112 3303 2141 3335 ‹‹
2171 3281 2445 3339 cubiculo
2484 3281 2640 3354 regis
2670 3248 2953 3353 petebant
2980 3294 3208 3351 pacem,
3268 3248 3345 3334 eo.
3596 3273 3756 3348 quod

340 3394 372 3425 ι(
414 3366 508 3424 διὰ
534 3371 596 3425 τὸ
626 3368 912 3445 τρέφεσθαι
944 3367 1122 3425 αὐτῶν
1151 3370 1253 3441 τὴν
1296 3370 1483 3446 χώραν
1542 3365 1652 3423 ἀπὸ
1698 3373 1799 3438 τῆς
1847 3367 1998 3442 βασι-

349 3484 377 3513 ει
410 3456 599 3529 λικῆς.
636 3481 689 3518 ιο,
1704 3512 1711 3521 ,

422 3574 451 3603 α
481 3546 760 3626 ⁹Αγγελος
790 3547 955 3605 αὐτοῦ
986 3548 1149 3608 ἐστιν.
1180 3575 1207 3606 ιι
1243 3550 1337 3607 Ἐκ
1394 3549 1594 3606 τούτου
1652 3544 1852 3617 δῆλον,
1912 3542 1997 3603 ὅτι

342 3639 573 3700 ἕκαστος
605 3641 766 3710 ἡμῶν
796 3636 1028 3715 ἄγγελον
1068 3632 1207 3714 ἔχει.
1269 3640 1501 3695 Ἐκεῖνοι
1562 3635 1620 3694 δὲ
1670 3641 1834 3694 τοῦτο
1888 3635 1998 3693 ἀπὸ

341 3735 443 3787 τοῦ
497 3734 692 3805 καεροῦ
745 3727 1171 3805 προσεδόκησαν.
1227 3728 1373 3802 Φησί
1426 3730 1548 3804 γάρ·
1599 3755 1627 3782 α
1664 3729 1840 3788 Ὅπου
1892 3728 1999 3785 εἲσὶ

343 3821 671 3895 συνηγμένος
711 3820 787 3884 ελς
818 3822 880 3877 τὸ
913 3821 1043 3894 ἐμὸν
1075 3817 1273 3897 ὄνομα,
1324 3819 1436 3877 ἐκεῖ
1484 3820 1601 3894 εἶμι
1655 3820 1707 3876 ἐν
1765 3820 1937 3893 μέσῳ.
1971 3844 2002 3874 ι)

348 3910 491 3967 ὅπου
524 3909 632 3966 δὲὸ
666 3912 920 3985 Χριστὸς,
952 3909 1153 3984 ἀνάγκη
1214 3912 1355 3967 εἶναι
1411 3910 1504 3965 καὶ
1559 3908 1851 3985 ἀγγέλους,
1909 3908 2001 3965 καὶ

347 4003 445 4061 τάς
476 3999 610 4063 ὅλας
651 3997 928 4072 δυνάμεις.
960 4022 984 4045 ιι
1017 3999 1280 4070 Ἐξελθὼν
1333 3998 1392 4056 δὶ
1421 4001 1450 4055 ὁ
1480 3999 1686 4076 Πέτρος
1732 3998 1999 4075 ἐπορεύθη

349 4091 430 4152 εἷς
462 4087 647 4165 ἓτερον
671 4090 864 4145 τόπον.
896 4109 923 4139 η
956 4088 1032 4148 Οὐ
1071 4090 1173 4166 γὰρ
1232 4089 1478 4164 ἐπείραζε
1535 4088 1627 4144 τὸν
1684 4088 1841 4145 Θεόν.
1910 4096 2006 4143 Δυ-

344 4180 506 4237 νατὸν
543 4176 601 4234 δὲ
651 4178 718 4249 ἦν
776 4182 855 4250 τῷ
912 4183 1028 4252 Θεῷ
1078 4179 1164 4234 καὶ
1219 4179 1350 4241 τοὺς
1406 4176 1650 4257 φύλακας
1707 4174 2000 4250 ἐξελέσθαι.

346 4269 511 4330 Ἀλλ’
546 4267 596 4323 εἴ
622 4273 806 4338 τοῦτο,
840 4265 1105 4342 ἐνομίσθη
1161 4266 1221 4323 ἄν
1255 4270 1401 4347 φυγὴ
1459 4268 1597 4323 εἶναι
1645 4266 1707 4323 τὸ
1755 4272 2001 4341 πρᾶγμα.

2110 3395 2132 3422 ι
2166 3370 2429 3428 aleretur
2457 3372 2617 3444 regio
2644 3386 2850 3427 eorum
2870 3384 3111 3427 annona
3134 3367 3311 3441 regis.
3353 3386 3377 3412 ι»

2182 3580 2207 3606 α
2228 3548 2487 3625 Angelus
2502 3552 2635 3623 ejus
2652 3556 2758 3607 est.
2777 3572 2802 3604 ι
2826 3552 2907 3607 Ex
2919 3551 3030 3606 hoc
3044 3548 3429 3606 manifestum
3445 3552 3760 3618 estquem-

2108 3656 2225 3713 que
2253 3648 2524 3699 nostrum
2558 3641 2775 3697 habere
2804 3640 3103 3714 angelum.
3128 3639 3221 3695 llli
3251 3654 3386 3694 vero
3408 3637 3520 3693 hoc
3550 3652 3585 3691 a
3606 3643 3758 3692 tem-

2106 3734 2269 3808 poris
2300 3734 2613 3789 occasione
2636 3730 3073 3788 existimabant.
3101 3729 3199 3783 Ait
3218 3728 3408 3783 enim:
3434 3749 3463 3776 ‹‹
3488 3724 3594 3780 Ubi
3616 3730 3757 3779 sunt

2108 3826 2225 3881 duo
2247 3824 2336 3880 vel
2359 3830 2477 3879 tres
2499 3822 2832 3894 congregati
2865 3822 2926 3875 in
2960 3820 3201 3874 nomine
3224 3832 3378 3878 meo,
3412 3814 3493 3868 ibi
3525 3829 3653 3868 sum
3689 3813 3751 3867 in

2110 3914 2305 3972 medio
2333 3930 2541 3970 eorum
2562 3912 2602 3965 ‘.
2631 3935 2657 3961 οι
2682 3910 2789 3968 Ubi
2821 3916 3016 3964 autem
3050 3914 3140 3963 est
3168 3904 3458 3967 Christus,
3510 3916 3756 3957 necesse

2111 4011 2203 4062 est
2229 4004 2407 4061 simul
2432 4019 2560 4059 esse
2594 4009 2653 4057 et
2681 3997 3377 4071 angelos,universasque
3408 3996 3753 4066 potestates.

2111 4118 2139 4147 «
2156 4096 2508 4168 Etegressus
2529 4094 2739 4147 Petrus
2754 4089 2898 4146 abiit
2912 4087 2972 4142 in
2986 4087 3168 4142 alium
3187 4086 3441 4141 locum.»
3456 4084 3582 4138 Non
3596 4081 3755 4137 enim

2113 4183 2378 4240 tentabat
2408 4184 2612 4238 Deum.
2645 4176 2937 4233 Possibile
2967 4181 3167 4233 autem
3199 4176 3315 4230 Deo
3346 4178 3473 4229 erat
3493 4171 3672 4227 simul
3695 4175 3754 4226 et

2112 4271 2390 4331 custodes
2420 4270 2686 4341 eripere:
2716 4283 2922 4322 verum
2953 4265 3002 4321 si
3036 4264 3094 4321 id
3125 4270 3322 4320 actum
3378 4261 3609 4327 fuisset,
3658 4274 3756 4314 res

350 4358 721 4435 Μᾶλλον’γάρ
778 4358 943 4413 αὐτὸν
1007 4358 1196 4415 ὲλυπει
1251 4360 1315 4416 τὸ
1369 4358 1768 4435 ἐμπαιχθῆναι,
1822 4355 1999 4432 ὥσπερ

2112 4361 2374 4436 judicata
2388 4358 2600 4414 fuisset
2619 4372 2747 4412 esse
2764 4355 2920 4429 fuga.
2946 4354 3123 4427 Magis
3145 4358 3343 4409 autem
3366 4347 3758 4405 contristabat

352 4449 464 4506 ὑπὸ
494 4452 601 4503 τῶν
634 4447 849 4523 μάγων,
907 4446 999 4504 τόν
1059 4447 1224 4505 αὐτοῦ
1278 4447 1498 4504 πάππον
1560 4445 1775 4522 μᾶλλον
1833 4445 2002 4502 ὶποίει

342 4538 806 4614 διαπρίεσθαικαὶ
847 4536 1250 4614 καταγέλαστον
1310 4541 1472 4596 εἶναι.
1530 4537 1657 4614 [Διὰ
1703 4538 1757 4594 τί
1806 4536 1865 4594 δὲ
1924 4538 2001 4613 μὴ

338 4627 440 4686 καί
497 4629 556 4683 οἱ
605 4624 837 4691 κόλακες
897 4626 1268 4699 κολάζονται;

342 4807 372 4863 ὁ
410 4807 655 4881 μάλιστα
685 4806 981 4869 ὑπεῦθυνος
1006 4803 1345 4882 κολάζεται.]

2113 4468 2248 4510 eum
2281 4448 2440 4521 quod
2464 4447 2678 4504 illusus
2708 4451 2886 4514 esset,
2945 4439 3447 4516 quemadmodum
3492 4442 3757 4508 tempore

2110 4556 2419 4614 magorum
2450 4554 2623 4595 avum
2654 4536 2842 4609 ipsius
2873 4534 2934 4591 id
2954 4533 3211 4605 amplius
3245 4526 3527 4585 dissecari
3574 4524 3759 4581 facie-

1352 4628 1654 4710 ἆμφότεροι
1713 4628 1809 4702 μὲν
1864 4628 1999 4698 ἦσαν
2033 4624 2081 4689 D
2112 4631 2214 4689 bat
2241 4628 2402 4702 quod
2431 4626 2689 4684 ludibrio
2719 4618 2958 4681 habitus
2988 4627 3147 4690 esset
3173 4622 3215 4676 ⁸.

344 4719 490 4790 eam
522 4716 818 4793 τιμωρίας.
853 4714 1012 4774 Ἀλλ’
1039 4715 1156 4773 ἐπεὶ
1186 4717 1416 4792 κρίσεως
1476 4717 1576 4774 οὐκ
1623 4715 1738 4773 ἔστι
1789 4716 2005 4792 καιρὸς,

2185 4884 2303 4949 XII,
2336 4883 2525 4937 2l-25.
2557 4901 2586 4929 ‹‹
2619 4876 2843 4933 Slatuto
2872 4876 3070 4930 autem
3100 4871 3197 4927 die
3223 4867 3485 4926 Herodes
3514 4867 3760 4923 vestitus

2118 4997 2146 5027 (ι
2168 4978 2327 5029 veste
2350 4971 2509 5044 regia
2533 4967 2685 5025 sedit
2700 4983 2804 5038 pro
2820 4961 3192 5021 tribunali.et
3212 4955 3762 5018 concionabaturad

2115 5086 2141 5115 a
2177 5080 2298 5120 eos.
2333 5059 2595 5133 Populus
2625 5073 2760 5111 vero
2790 5052 3187 5127 acclamabat:
3224 5053 3343 5107 Vox
3392 5049 3493 5106 Dei
3553 5054 3611 5105 et
3638 5064 3761 5104 non

2115 5180 2143 5209 ε(
2179 5153 2460 5211 hominis.
2492 5148 2808 5205 Confestim
2831 5153 3027 5203 autem
3049 5143 3491 5217 percussiteum
3516 5138 3763 5213 angelus

2115 5272 2143 5300 ‹‹
2182 5245 2439 5311 Domini,
2473 5258 2540 5299 eo
2571 5239 2730 5312 quod
2762 5255 2881 5295 non
2914 5237 3177 5293 dedisset
3231 5235 3483 5309 gloriam
3517 5232 3674 5288 Deo:
3707 5233 3767 5285 et

2116 5361 2144 5390 ι(
2179 5352 2386 5393 erosus
2408 5350 2442 5389 a
2460 5330 2759 5388 vermibus
2781 5328 3097 5401 exspiravit
3140 5331 3429 5384 Caeterum
3448 5323 3548 5379 Dei
3568 5337 3764 5378 sermo

2116 5451 2146 5483 ι‹
2180 5422 2486 5483 crescebat
2514 5438 2582 5478 ac
2612 5417 3140 5493 multiplicabatur.
3166 5415 3464 5473 Barnabas
3484 5418 3685 5471 autem
3710 5415 3769 5466 et

423 4921 452 4948 ‹‹
496 4898 686 4960 Τακτῆ
720 4893 777 4951 δὲ
805 4894 989 4969 inte;
1017 4897 1047 4951 ὁ
1100 4892 1360 4971 Ἠρώδης
1409 4891 1762 4971 ἐνδεδυμένος
1809 4895 2007 4965 ἐσθῆτα

346 5011 379 5039 α
421 4983 741 5062 βασιλικῆν,
777 4985 864 5041 καὶ
894 4988 1119 5052 καθίσας
1168 4982 1256 5041 ἐπὶ
1313 4990 1411 5043 τοῦ
1465 4988 1739 5062 βήματος,
1787 4982 2004 5056 ἐδημη-

354 5101 387 5130 ut
418 5079 573 5151 γόρει
606 5076 744 5149 πρὸς
792 5075 1010 5138 αὐτούς.
1067 5082 1126 5135 '0
1186 5074 1243 5133 δὲ
1302 5073 1481 5150 δῆμος
1527 5074 1809 5154 ἐπεφώνει.
1871 5074 2006 5131 Θεοῦ

346 5188 376 5220 α
419 5166 600 5242 γυνή,
654 5164 740 5221 καῖ
774 5166 875 5221 οὑκ
923 5165 1234 5238 ἀνθρώπου.
1297 5167 1648 5241 Παραχρῆμα
1702 5162 1760 5220 δὶ
1815 5162 2008 5220 ἐπάτα-

349 5280 382 5308 ι
416 5255 502 5323 ξεν
534 5254 695 5310 αὑτὸν
729 5253 966 5331 ἄγγελος
998 5255 1224 5330 Κυρίου,
1255 5255 1368 5319 ἀνθ’
1426 5253 1502 5310 ὧν
1553 5275 1653 5310 ουκ
1695 5249 1864 5309 ἔδωκε
1912 5250 2005 5309 δό-

344 5367 377 5398 α
410 5346 506 5414 ξαν
562 5349 647 5417 τῷ
699 5351 839 5401 Θεω·
894 5345 983 5401 καὶ
1043 5346 1333 5422 γενόμενος
1390 5338 1868 5418 σκωληκόϐρωτος
1923 5341 2008 5412 ἒξ·-

341 5458 376 5489 α
413 5433 625 5510 ἔψυξεν.
658 5435 719 5493 Ὀ
760 5432 818 5492 δὲ
874 5431 1037 5512 λόγος
1094 5439 1192 5493 τοῦ
1248 5438 1385 5492 Θεοῦ
1440 5431 1628 5509 ηὔξανε
1681 5433 1773 5490 καὶ
1828 5430 2007 5503 ἐπλη-

416 5712 446 5755 ⁹
474 5712 525 5770 Il
550 5712 678 5775 Tim
735 5730 811 5785 ιν,
842 5714 926 5771 ll.
1006 5712 1027 5751 ⁸
1057 5713 1239 5773 Matth
1290 5729 1449 5778 xvm,
1490 5714 1579 5769 so.
1655 5711 1681 5749 ⁵
1709 5710 1907 5769 Matth.
1943 5724 2009 5778 ιι,
2041 5708 2125 5767 to.
