4150 6200
445 298 560 358 199
1524 285 1656 349 (ΕΟ
1667 286 1950 350 UMENII
1994 285 2295 348 TBICCIE
2341 286 2762 352 EPlSCOPUS
3731 289 3850 350 200

449 449 472 480 ι
502 430 715 488 Saulus
737 423 954 484 reversi
975 427 1113 479 sunt
1133 419 1458 478 Jerusalem
1479 418 1712 492 expleto
1731 419 2087 487 ministerio,

2215 444 2230 470 ι
2270 418 2480 484 θύνετο.
2513 413 2798 496 Βαρνάϐας
2840 415 2899 476 δὶ
2955 417 3046 475 καὶ
3113 417 3328 483 Σαῦλος
3383 419 3716 496 ὑπέστρεψαν
3775 419 3854 488 εἲς

446 543 474 573 ι(
495 524 798 590 assumpto
815 523 874 571 et
887 511 1241 583 Joanne,qui
1258 509 1792 584 cognominabatur
1803 511 2047 566 Marcus.
2060 533 2085 560 »ι

2211 536 2226 560 ι
2260 509 2650 586 Ἰερουσαλὴμ,
2694 512 3085 584 πληρώσαντες
3123 512 3224 583 τήν
3285 508 3579 578 διακονίαν,
3633 531 3850 584 συμπα-

2203 623 2231 650 ‹‹
2265 595 2592 676 ραλαϐόντες
2646 603 2735 658 καὶ
2805 603 3058 674 Ἰωάννην
3109 603 3200 658 τὸν
3277 598 3639 672 ἐπικληθέντα
3696 603 3851 676 Μάρ-

2205 710 2233 742 α
2262 709 2380 746 κον.
2406 714 2433 743 ι)

514 809 540 836 ‹‹
567 784 827 856 Populus
848 800 984 839 vero
1012 781 1396 837 acclamabat.
1426 804 1454 829 »
1486 783 1556 836 Et
1583 780 1722 851 quid
1743 780 1818 835 ad
1848 781 2008 835 hunc
2039 779 2088 834 si

2276 779 2388 833 «Ὀ
2420 776 2477 834 δὲ
2533 778 2712 854 δῆμος
2749 779 3029 861 ἐπεφώνει.
3063 802 3089 832 ι
3154 781 3257 838 Καὶ
3314 781 3367 836 τί
3433 781 3572 855 πρὸς
3630 784 3845 852 τοῦτον,

447 873 535 928 illi
561 871 1075 929 vociferabantur?
1093 871 1238 936 Quia
1269 887 1467 925 vocem
1497 869 1776 940 suscepit.
1810 867 1968 939 quod
1999 883 2086 922 se-

2208 868 2252 924 εἴ
2281 867 2474 924 ἐκεῖνοι
2507 864 2738 939 ἐϐόησαν
2773 889 2786 940 ;
2819 877 2936 925 Ὅτι
2977 867 3295 942 κατεδέξατο
3354 871 3453 940 τῆν
3507 871 3718 950 φωνην,
3763 869 3847 925 ὅτι

438 964 633 1034 ipsum
650 961 993 1034 huiusmodi
1008 961 1409 1016 assentatione
1427 960 1664 1032 dignum
1678 958 2077 1014 arbitraretur.

2211 957 2346 1028 Ξιξιον
2405 959 2592 1014 ἑαυτὸν
2649 958 2895 1032 ἐνόμισεν
2953 961 3092 1015 εἶναι
3159 967 3260 1028 τῆς
3314 957 3626 1021 κολακείας.
3690 957 3752 1014 Et
3794 956 3850 1013 δὲ

440 1053 603 1120 Quod
638 1054 686 1108 si
720 1053 816 1107 hic
848 1052 986 1123 quia
1017 1050 1259 1111 audivit,
1295 1051 1412 1104 Vox
1445 1049 1544 1104 Dei
1575 1055 1634 1103 et
1664 1065 1782 1102 non
1809 1047 2079 1112 hominis,

2207 1046 2360 1108 οὗτος
2394 1047 2624 1109 ἀκούσας
2679 1049 2760 1103 δτι
2816 1049 2968 1127 φωνή
3038 1052 3172 1104 Θεοῦ
3227 1047 3318 1103 καὶ
3376 1048 3478 1103 οὐκ
3534 1047 3846 1122 ἀνθρώπου,

439 1159 781 1214 quanquam
799 1141 950 1195 nihil
969 1140 1287 1206 dixit,talia
1311 1155 1521 1210 passus
1541 1143 1648 1193 est:
1671 1143 1891 1209 quanto
1904 1136 2078 1209 magis

2210 1135 2374 1191 καίτοι
2411 1133 2580 1210 μηδὲν
2611 1137 2797 1204 εῗπὼν,
2853 1141 3076 1193 τοιαῦτα
3131 1133 3316 1206 ἔπαθε,
3373 1136 3572 1209 πολλῷ
3634 1135 3849 1210 μᾶλλον

431 1233 700 1288 Christus
723 1233 770 1286 si
795 1233 948 1286 Deus
982 1247 1102 1286 non
1135 1231 1366 1294 fuisset,
1402 1246 1536 1284 cum
1570 1229 1694 1300 ipse
1728 1243 1965 1299 semper
1993 1227 2070 1282 di-

2209 1227 2230 1281 ὁ
2271 1227 2521 1301 Χριστὸς,
2555 1224 2600 1281 εἰ
2635 1229 2711 1300 μή
2745 1227 2874 1289 Θεὸς
2907 1228 2992 1296 ἦν,
3025 1226 3184 1290 αύτὸς
3239 1226 3322 1282 ἀεὶ
3381 1225 3584 1304 λέγων,
3640 1228 3723 1282 δτι
3765 1226 3848 1284 Τὰ

433 1328 615 1389 ceret,
639 1343 666 1371 «
687 1321 872 1376 Verba
890 1321 1014 1375 haec
1028 1337 1145 1374 non
1171 1325 1481 1384 suntmea;
1511 1339 1534 1368 ι
1556 1325 1642 1372 et:
1673 1315 2072 1389 «Angelimihi

2208 1315 2422 1390 ῥήματα
2451 1319 2618 1371 ταῦτα
2651 1316 2750 1372 οὐκ
2774 1315 2914 1372 ἔστιν
2945 1315 3072 1391 ἐμὲ,
3104 1316 3217 1386 καὶ,
3274 1315 3542 1394 ’Δγγελοί
3599 1337 3697 1389 μοι
3746 1317 3847 1372 {m-

437 1413 781 1469 ministrant
795 1412 874 1465 ⁶.››
893 1412 1010 1465 Hoc
1028 1415 1224 1464 autem
1245 1415 1508 1478 tempore
1528 1407 1698 1462 tertio
1716 1405 1879 1478 regni
1893 1406 2076 1478 Agrip

2210 1410 2480 1479 ηρετοῦσι.
2533 1407 2682 1462 Κατὰ
2742 1404 2800 1462 δὶ
2845 1411 3036 1463 τοῦτον
3085 1408 3173 1463 τὸν
3229 1409 3434 1484 καιρὸν,
3491 1407 3672 1483 τρίτον
3730 1403 3849 1471 ἔτος

438 1519 525 1572 ρει)
558 1517 714 1556 anno
745 1500 903 1553 venit
931 1499 1282 1555 Cmsaream.
1312 1513 1443 1567 quas
1471 1495 1634 1567 prius
1665 1495 1866 1549 Turris
1919 1496 2077 1574 Strae

2208 1497 2484 1570 Ἀγρίππᾳ
2533 1494 2875 1572 βασιλεύοντι
2922 1503 3099 1574 παρῆν
3151 1495 3203 1551 έν
3266 1497 3555 1573 Καισαρείᾳ
3609 1500 3678 1569 τῇ
3708 1497 3847 1572 πρό-

435 1589 593 1643 tonis
609 1586 1056 1642 vocabatur.Hic
1082 1593 1279 1640 autem
1295 1582 1895 1657 celebrabatﬁampia;,
1925 1583 1982 1638 id
1999 1574 2074 1639 es1

2210 1605 2352 1660 τερον
2402 1585 2719 1662 Στράτωνος
2779 1572 3008 1664 πύργος
3044 1585 3387 1662 καλουμένῃ.
3441 1572 3728 1642 Συνετέλει
3791 1583 3849 1641 δὲ

435 1677 774 1748 spectacula
807 1676 878 1731 ad
904 1677 1190 1731 honorem
1225 1677 1492 1733 Cmsaris.
1515 1675 1711 1730 sciens
1733 1675 1858 1729 haec
1873 1674 2074 1729 festum

2206 1673 2422 1730 ἐνταῦθα
2479 1675 2707 1750 θεωρίας
2766 1674 2844 1739 εἷς
2897 1676 2996 1745 τὴν
3057 1676 3329 1752 Καίσαρος
3384 1677 3572 1748 τιμῆν,
3650 1675 3845 1750 ἑορτήν

433 1765 730 1837 quoddam
753 1783 902 1821 esse.
932 1765 1199 1820 Secundo
1227 1783 1360 1820 vero
1386 1766 1858 1836 spectaculorum
1883 1764 1976 1819 die
1993 1780 2072 1818 vel

2204 1785 2319 1818 τινα
2348 1763 2548 1834 ταύτην
2601 1762 2974 1837 ἐπιστάμενος.
3035 1762 3266 1839 Δευτέρᾳ
3323 1762 3381 1820 δὲ
3435 1769 3544 1819 τῶν
3601 1768 3843 1838 θεωριῶν

2207 1855 2221 1871 ο
2293 1853 2302 1869 Ι
2504 1852 2526 1871 \
2554 1854 2567 1871 \
2641 1851 2655 1871 Ἰ
2697 1850 2739 1870 κς
2821 1852 2866 1871 θ’
2927 1853 2941 1870 9
3038 1853 3051 1871 1
3478 1852 3489 1870 1
3694 1858 3718 1870 ο

436 1863 588 1912 stem
623 1857 867 1912 indutus
901 1863 1083 1912 totam
1111 1873 1177 1910 ex
1202 1863 1444 1928 argento
1461 1855 1983 1918 contextam,109
2005 1854 2075 1909 sic

2208 1853 2380 1928 ἡμέρᾳ
2406 1852 2608 1923 στολὴν
2636 1850 2786 1914 ἐνδὺς
2816 1852 2866 1923 ἐξ
2917 1853 3158 1928 ἀργύρου
3216 1852 3590 1927 πεποιημένην
3648 1858 3847 1922 πᾶσαν,

439 1953 505 2000 ut
534 1945 883 2001 admiranda
914 1952 1228 2017 appareret
1260 1953 1508 2013 textura,
1544 1945 1861 2000 inchoante
1893 1943 1989 1999 die
2016 1942 2078 2000 ad

2204 1945 2270 2005 ὡς
2299 1945 2597 2018 θαυμάσιον
2634 1945 2772 2022 ὑφὴν
2802 1945 2964 2012 εἶναι,
2996 1943 3278 2019 παρῆλθεν
3339 1944 3414 2006 είς
3471 1941 3694 2019 θέατρον
3743 1943 3843 2018 ἆρ-

441 2035 740 2090 theatrum
774 2037 1023 2090 accessit
1055 2051 1066 2088 :
1093 2035 1190 2090 ubi
1215 2035 1422 2106 primis
1445 2035 1628 2091 radiis
1645 2034 1940 2091 solaribus
1959 2050 2080 2090 sese

2202 2031 2440 2108 χομένης
2480 2032 2714 2107 ἡμέραςο
2772 2030 2892 2097 ἔνθα
2947 2037 3068 2096 ταῖς
3135 2034 3380 2107 πρώταις
3431 2038 3539 2088 τῶν
3591 2030 3841 2102 ἡλιακῶν

441 2124 884 2195 οὶῃίοὶθιιῐὶουε,
943 2131 1252 2196 argentum
1300 2124 1450 2178 miro
1500 2124 1675 2180 modo
1725 2125 2080 2180 illustratum

2201 2122 2428 2178 ἀκτίνων
2453 2117 2743 2185 ἐπιϐολαῖς
2801 2123 2829 2176 ὁ
2888 2121 3125 2197 ἄργυρος
3183 2121 3570 2198 καταυγασθεὶς
3625 2125 3840 2197 θαυμα-

437 2214 880 2284 resplendebat,
912 2214 1201 2286 fulgorem
1229 2213 1546 2284 quemdam
1577 2232 1698 2286 pra:
1725 2232 1786 2269 se
1804 2214 1999 2268 ferens
2021 2229 2076 2270 ac

2206 2210 2328 2273 σίως
2357 2205 2672 2282 ἀπέστιλϐε,
2719 2211 3033 2285 μαρμαῖρόν
3093 2233 3144 2267 τι
3203 2210 3388 2286 φέρον,
3442 2211 3534 2267 καὶ
3590 2217 3710 2274 τοῖς
3770 2209 3845 2271 εἷς

438 2303 768 2368 horrorem,
799 2304 891 2358 his
914 2305 1011 2376 qui
1035 2305 1294 2359 intentos
1313 2305 1371 2359 in
1395 2305 1587 2376 ipsum
1615 2305 1940 2375 defigerent
1957 2320 2077 2360 ocul

2210 2301 2358 2356 ιύτὸν
2387 2299 2654 2356 ἁτένίσασι
2687 2299 2978 2378 φρικῶδες.
3047 2300 3218 2363 Εύθῦς
3249 2299 3305 2357 δὲ
3359 2301 3410 2355 οἱ
3461 2299 3696 2364 κόλακες
3747 2301 3849 2358 ἅλ-

433 2393 544 2448 los.
574 2394 901 2465 Statimque
948 2400 1349 2450 assentatores
1407 2395 1560 2451 alius
1614 2395 1854 2451 aliunde
1913 2400 2072 2449 voce!

2209 2394 2292 2452 lto;
2323 2388 2554 2444 ἄλλοθεν
2588 2385 2759 2445 ἐϐόων
2786 2391 2987 2470 φωνὰς,
3043 2390 3117 2452 ὡς
3166 2391 3294 2446 Θεὸν
3349 2390 3848 2466 προσαγορεύοντες

429 2484 783 2538 emittebant
797 2490 1070 2555 tanquam
1088 2484 1942 2556 Deumsalutantesbenignum
1958 2500 2068 2538 ess¢

2204 2479 2393 2553 εὐμενῆ
2428 2480 2560 2535 εἶναι
2595 2479 2958 2557 ἐπιλέγοντες.
3008 2479 3076 2537 Εἴ
3129 2480 3218 2535 καὶ
3275 2479 3443 2560 μέχρι
3495 2485 3586 2536 νῦν
3629 2481 3704 2546 ὡς
3753 2483 3843 2536 ἅν-

430 2573 777 2628 asserendo.
800 2575 940 2639 Etsi,
963 2574 1265 2646 inquiunt,
1286 2575 1573 2630 hactenus
1593 2574 1760 2645 quasi
1783 2574 2069 2628 hominen

2203 2581 2414 2645 θρωπον
2458 2565 2833 2646 ἐφοϐήθημεν,
2895 2567 3042 2624 ἀλλὰ
3095 2567 3406 2625 τούντεῦθεν
3457 2570 3743 2642 κρείττονά
3785 2590 3842 2626 σε

429 2663 602 2716 veriti
637 2679 864 2729 sumus,
892 2663 1016 2734 jam
1055 2671 1249 2718 tamen
1292 2664 1539 2734 posthac
1583 2669 1637 2718 te
1695 2664 1982 2732 majorem
2019 2678 2068 2716 et

2202 2666 2294 2727 τῆς
2323 2658 2534 2738 φύσεως
2567 2657 2973 2735 ὁμολογοῦμεν.
3015 2655 3128 2715 Ούκ
3183 2656 3454 2730 ἐπέπληξε
3501 2655 3560 2714 δὲ
3613 2658 3841 2723 τούτους

437 2757 654 2806 natura
683 2753 1056 2807 conﬁtemur.
1096 2754 1212 2807 Hos
1242 2758 1440 2807 autem
1474 2768 1593 2807 non
1626 2751 1956 2822 increpavit
1986 2767 2076 2805 rex

2200 2748 2221 2802 ὁ
2255 2747 2533 2821 βασιλεὺς,
2567 2744 2695 2802 οὐδὲ
2731 2747 2831 2815 τήν
2891 2744 3180 2803 κολακείαν
3237 2742 3532 2803 ἀσεϐοῦσαν
3579 2747 3839 2824 ἀπεστρέ-

429 2857 622 2912 neque
657 2841 901 2912 impiam
935 2842 1405 2897 assentationem
1457 2848 1758 2897 aversatus
1814 2847 1920 2895 est.
1977 2842 2068 2895 Su‘

2202 2840 2352 2910 ξρατα
2387 2835 2690 2910 Ἀνακύψας
2719 2841 2848 2913 γοῦν
2885 2843 3001 2912 μετ’
3043 2835 3230 2913 ὀλίγον
3283 2838 3376 2892 τὸν
3431 2832 3702 2913 βουϐῶνα,
3739 2845 3841 2908 τῆς

425 2931 684 3001 spiciens
718 2931 917 3002 itaque
953 2932 1129 3003 paulo
1191 2938 1343 3004 post,
1395 2931 1694 2986 bubonem
1744 2931 1922 3002 capiti
1976 2946 2064 2985 snt

2198 2927 2379 2981 ἑαυτοῦ
2408 2923 2652 3005 κεφαλῆς
2694 2923 3192 3000 ’ὑπερκαθεζόμενον
3253 2923 3394 2982 εἶδεν
3447 2925 3535 2982 ἐπὶ
3594 2927 3837 3002 σχοινίου

425 3020 842 3076 imminentem
864 3022 1203 3094 viditsuper
1221 3021 1539 3092 quemdam
1555 3021 2064 3078 funiculum:hunc

2195 3016 2355 3084 τινὸς,
2386 3014 2617 3092 ἃγγελον
2647 3021 2840 3072 τοῦτον
2871 3014 3027 3078 εὐθὺς
3060 3015 3252 3087 ἐνόησε
3310 3017 3471 3072 κακὸν
3531 3019 3691 3084 εἶναι,
3745 3016 3834 3072 καὶ

424 3111 624 3165 statim
649 3111 926 3183 angelum
945 3111 1162 3166 malum
1184 3112 1705 3168 intellex:tesse.et
1727 3110 1894 3165 nullo
1909 3116 2063 3182 pactt

2194 3101 2389 3160 οὔποτε
2417 3109 2526 3160 τῶν
2556 3105 2771 3182 ἀγαθῶν
2801 3105 3117 3181 γενόμενον.
3164 3103 3483 3180 Διακάρδιον
3542 3104 3634 3162 οὖν
3679 3101 3833 3180 ἔσχεν

420 3197 714 3252 bonorum
745 3201 1043 3255 nuntium.
1081 3201 1276 3256 Sensit
1302 3217 1436 3272 ergo
1469 3201 1738 3255 dolorem
1761 3200 2050 3271 circapraa

2194 3192 2412 3265 ὀδύνην,
2453 3175 2652 3268 ἄθρούς
2712 3191 2758 3248 δ’
2815 3175 2964 3267 ὰύτῷ
3019 3201 3118 3264 τῆς
3175 3175 3395 3257 κοιλίας
3455 3175 3833 3270 προσήθρησεν

424 3289 650 3356 cordia,
671 3307 735 3344 ac
758 3291 1107 3362 repentinus
1130 3291 1350 3344 ventris
1373 3291 1689 3346 dolorcum
1707 3290 2063 3344 vehementis

2192 3283 2418 3359 ἄλγημα
2479 3284 2612 3357 μετὰ
2671 3280 3042 3360 σφοδρότητος
3113 3283 3432 3358 ἀρξάμενον.
3520 3286 3831 3358 Ἀναθορῶν

425 3376 595 3433 illum
628 3379 929 3450 corripuit.
961 3379 1198 3433 Amicos
1225 3378 1402 3444 igitur
1423 3378 2064 3451 circumspicienszEgo

2199 3373 2278 3428 νῦν
2306 3373 2442 3448 πρὸς
2473 3373 2600 3435 τοὺς
2627 3373 2843 3452 φίλους,
2873 3379 2932 3430 ‘0
2961 3373 3080 3437 θεὸς
3110 3379 3234 3448 παρ’
3290 3374 3418 3448 ὑμῖν
3478 3372 3608 3448 ἐγὼ,
3654 3375 3838 3452 φησὶν,

424 3467 641 3538 inquit,
673 3469 772 3539 qui
807 3468 952 3522 deus
985 3467 1139 3538 apud
1175 3484 1274 3522 vos
1308 3467 1552 3531 habeor,
1578 3468 1706 3538 jam
1739 3467 1868 3521 vitm
1897 3468 2063 3522 finem

2200 3460 2297 3533 ἤδη
2339 3466 2724 3542 καταστρέφειν
2787 3462 3081 3539 ἐπείγομαι
3139 3464 3230 3519 τὸν
3287 3465 3428 3539 βίον,
3486 3471 3839 3542 παραχηῆμα

426 3556 738 3628 imponere
769 3574 966 3628 cogor,
999 3573 1134 3610 eum
1162 3557 1381 3611 factum
1401 3562 1608 3627 arguat
1629 3555 1806 3610 falsas
1828 3572 1956 3610 esse
1979 3572 2065 3609 vo-

2200 3559 2285 3620 τῆς
2318 3551 2656 3626 εἱμαρμένης
2700 3553 2795 3614 τὰς
2853 3552 2974 3627 ἄρτι
3039 3573 3145 3626 μου
3200 3551 3683 3628 καταψευσαμένας
3723 3576 3839 3632 φω-

425 3661 544 3712 ces,
579 3662 710 3718 quas
753 3646 927 3700 modo
960 3645 1032 3700 de
1068 3662 1162 3700 me
1194 3645 1566 3700 ferebantur:
1602 3650 1660 3697 et
1717 3644 1815 3714 qui
1848 3661 1882 3698 a
1914 3643 2064 3697 vobis

2202 3641 2282 3699 ρᾶς
2314 3639 2683 3720 ἐλεγχούσης,
2714 3644 2742 3697 ὁ
2773 3640 3005 3712 κληθεὶς
3037 3643 3306 3706 ἀθάνατος
3353 3644 3439 3724 ὑφ’
3505 3645 3678 3718 ὑμῶν,
3731 3641 3841 3715 ἤδη

427 3734 785 3791 immortalis
817 3735 1010 3790 dictus
1040 3751 1191 3802 sum,
1228 3736 1354 3804 jam
1413 3733 1486 3788 ad
1547 3739 1798 3788 mortem
1857 3733 2066 3802 rapior.

1060 3751 1191 3802 um,
1228 3736 1354 3804 jam
1413 3733 1486 3788 ad
1547 3739 1798 3788 mortem
1857 3733 2074 3802 rapior.
2190 3735 2364 3793 θανεῖν
2397 3729 2699 3805 ἀπάγομαι,

428 3825 639 3880 Verum
665 3842 846 3896 quare
871 3842 988 3880 non
1013 3825 1191 3879 etiam
1215 3829 1615 3878 assentatores
1647 3821 2020 3894 puniuntur?
2044 3821 2285 3892 Utrique
2310 3837 2450 3876 sane
2473 3821 2763 3893 supplicio
2791 3821 3166 3894 dignierant:
3192 3841 3395 3880 verum
3413 3841 3546 3880 cum
3570 3823 3847 3882 nondum

428 3920 665 3985 tempus
695 3915 771 3968 sit
793 3913 1003 3984 judicii
1033 3931 1046 3978 ;
1081 3913 1128 3966 is
1163 3913 1408 3983 punitur
1437 3913 1536 3983 qui
1572 3913 1825 3967 maxime
1857 3911 2148 3966 obnoxius
2175 3917 2265 3965 est
2289 3911 2546 3967 crimini.

496 4003 638 4066 Xlll,
660 4005 708 4053 l.
725 4020 749 4048 (ι
769 4004 950 4056 Erant
971 4009 1168 4056 autem
1194 4001 1434 4072 quidam
1452 4002 1510 4056 in
1526 4002 1786 4057 Ecclesia
1799 4018 1928 4072 quae
1947 4007 2076 4057 erat

2261 4025 2280 4049 ι
2316 4000 2488 4055 Ἦσαν
2525 3995 2583 4054 δέ
2633 4019 2776 4061 τινες
2836 3999 2887 4054 έν
2945 4001 3262 4076 Ἀντιοχείᾳ
3313 4003 3450 4058 κατὰ
3511 4003 3610 4070 τῆν
3671 4001 3831 4058 οὖσαν

421 4113 449 4140 ιι
481 4089 806 4143 Antiochiae
841 4090 1143 4161 prophetae
1170 4107 1237 4146 ac
1256 4090 1563 4146 doctores:
1601 4107 1813 4163 nempe
1848 4093 2060 4146 Barna-

2197 4115 2210 4141 ι
2246 4086 2575 4160 Ἐκκλησίαν
2604 4096 2880 4169 προφῆται
2931 4092 3022 4146 καὶ
3083 4089 3426 4160 διδάσκαλοι,
3461 4091 3491 4146 8
3521 4113 3578 4148 τε
3629 4092 3833 4168 Βαρνά-

425 4201 445 4226 ι
476 4177 580 4232 bas
614 4183 672 4231 et
700 4177 903 4234 Simon
962 4181 1062 4250 qui
1125 4180 1445 4236 vocabatur
1485 4182 1678 4255 Niger,
1739 4181 2064 4252 Luciusque

2196 4173 2355 4240 ιϐας.
2409 4179 2499 4234 καὶ
2535 4179 2724 4252 Σίμων
2757 4182 2786 4236 ὁ
2819 4178 3162 4255 καλούμενος
3219 4183 3408 4260 Νίγερ,
3458 4183 3549 4238 καὶ
3594 4183 3835 4246 Λούκιος

421 4291 440 4316 σ
477 4267 860 4337 Cyrenensis,
924 4274 982 4322 et
1053 4271 1342 4326 Manahen
1430 4270 1680 4327 Herodis
1755 4271 2060 4327 tetrarchis

2196 4269 2269 4323 ιὸ
2303 4275 2620 4344 Κυρηναῖος,
2661 4272 2883 4341 Μαναήν
2945 4291 3005 4327 τε
3062 4269 3314 4346 Ἡρώδου
3373 4275 3471 4328 τοῦ
3530 4272 3835 4350 τετράρχου

416 4378 445 4405 ‹‹
479 4355 888 4412 collactaneus
921 4363 979 4412 et
1010 4359 1241 4415 Saulus.
1279 4382 1306 4409 ››

2177 4383 2205 4410 ‹‹
2241 4358 2562 4436 σύντροφος,
2593 4359 2682 4414 καὶ
2717 4359 2950 4422 Σαῦλος.
2989 4389 3011 4414 η

489 4445 953 4519 Ecce,cujusque
973 4449 1365 4516 conversatio,
1401 4455 1459 4504 et
1477 4467 1595 4506 non
1614 4450 1856 4522 primaa
1886 4465 2070 4522 puero
2103 4444 2128 4507 I

2253 4445 2391 4505 Ἰδοὺ
2423 4454 2451 4504 ὁ
2480 4449 2682 4524 τρόπος
2715 4449 2964 4521 ἑκάστου,
2997 4449 3085 4505 καὶ
3117 4450 3224 4527 οὐχ
3281 4453 3316 4522 ἡ
3362 4451 3429 4508 ἐπ
3459 4449 3657 4518 παιδὸς
3704 4453 3832 4509 ἄναο

421 4535 690 4591 educatio
715 4537 916 4593 salvat.
946 4538 1087 4592 Vide
1106 4539 1262 4593 enim
1290 4540 1575 4594 Manahen
1595 4557 1729 4595 cum
1749 4557 1866 4612 quo
1891 4540 2060 4596 fuerit

2196 4540 2352 4616 τροιρή
2387 4540 2568 4610 σώζει.
2601 4541 2738 4614 Ὅρα
2768 4541 2870 4616 γὰρ
2914 4539 3006 4596 τὸν
3063 4541 3286 4609 Μαναήν
3334 4545 3482 4604 τίνος
3537 4543 3835 4622 σύντροφος

419 4625 704 4682 educatus
736 4627 836 4699 qui
866 4635 1064 4684 tamen
1092 4629 1417 4700 prophetia:
1439 4627 1662 4685 donum
1684 4629 1934 4702 adeptus
1959 4635 2058 4685 est.

1246 4629 1417 4684 hetiaa
1439 4627 1662 4685 donum
1684 4629 1934 4702 adeptus
1959 4635 2066 4685 est.
2180 4627 2254 4683 ὢν
2286 4631 2623 4708 προφητείας
2651 4631 2885 4702 ἠξιώθη.

1033 4738 1266 4792 CAPUT
1305 4737 1453 4792 XIX.

2793 4744 3055 4800 ΚΕΦΔΛ.
3100 4744 3196 4800 ΙΘ“.

421 4844 648 4911 Legatio
679 4843 950 4899 Barnabas
981 4851 1034 4927 ct
1064 4845 1238 4927 gauli
1275 4862 1309 4899 a
1346 4845 1535 4900 divino
1581 4845 1799 4927 Spiritu
1839 4844 1918 4927 fr}.
1962 4845 2060 4916 Cy-

2191 4843 2495 4927 “Αποστολή
2559 4841 2826 4927 Βαρνάϐα,
2882 4850 2969 4904 καὶ
3049 4849 3272 4927 ῌαούλου
3331 4851 3470 4927 προς
3523 4855 3619 4927 τοῦ
3685 4850 3830 4927 θείου

484 4929 676 4982 prum,
708 4929 943 5000 qual'gue
973 4917 1030 5000 in
1055 4915 1304 4986 Elymam
1340 4932 1560 4985 magum
1587 4934 1688 4987 per
1719 4916 1919 4971 Chriin
1967 4915 2070 4972 no-

2250 4921 2294 5000 ῌ
2329 4915 2566 5000 sapam-9.;
2625 4915 2700 4981 εἷς
2727 4918 3016 5000 -Κύπρο-νλ
3073 4922 3172 4977 ὅσα
3201 4993 3213 5000 _
3254 4943 3314 4978 τε
3350 4915 3712 5000 Δέδργάσαντο
3776 4923 3828 4978 ἐν

490 5001 614 5037 men
636 4989 852 5054 operati
875 4989 1005 5040 sint.

2249 4989 2476 5062 ὀνόματι
2515 4991 2752 5063 Χριστοῦ
2781 4991 2856 5054 εἷς
2879 4989 3134 5066 ’Ἐλύμαν
3163 4993 3255 5048 τὸν
3290 4989 3483 5070 μάγον.

489 5073 637 5139 Xlll,
671 5076 702 5126 2
739 5075 788 5127 8.
827 5077 1032 5130 «Cum
1083 5077 1281 5147 itaque
1341 5078 1752 5133 ministrarent
1810 5077 1897 5132 illi
1957 5079 2068 5134 Do-

2253 5103 2280 5130 ‹‹
2314 5079 2787 5153 Λειτουργούντων
2839 5078 2895 5135 δὲ
2952 5081 3131 5137 αὐτῶν
3181 5083 3260 5156 τῷ
3323 5084 3526 5158 Κυρίῳ,
3592 5084 3684 5138 καὶ
3731 5105 3833 5154 νη-

423 5185 443 5210 ·
481 5163 645 5218 mino
679 5181 744 5217 ac
768 5164 1136 5234 jejunarent,
1171 5166 1319 5222 dixit
1348 5167 1602 5239 Spiritus
1653 5175 1891 5224 sanctus
1920 5187 1932 5224 :
1968 5169 2062 5224 Se-

2192 5169 2562 5237 ‹στεοόντων,
2597 5170 2717 5223 εἶπε
2746 5169 2808 5224 τὸ
2867 5174 3090 5246 Πνεῦμα
3145 5172 3208 5226 τὸ
3267 5172 3446 5246 ἅγιον·
3511 5173 3831 5250 Ἀφορίσατε

425 5269 446 5297 α
480 5259 716 5325 gregale
750 5255 895 5308 mihi
929 5255 1258 5310 Barnabam
1294 5264 1352 5312 et
1384 5259 1624 5313 Saulum
1683 5261 1743 5314 in
1795 5276 1942 5331 opus
1991 5259 2064 5314 ad

2188 5283 2204 5309 π‹
2239 5255 2306 5328 δή
2339 5279 2433 5330 μοι
2465 5259 2555 5312 τὸν
2589 5253 2871 5332 Βαρνάϐαν
2901 5260 2989 5314 καὶ
3023 5262 3115 5316 τὸν
3171 5261 3385 5317 Σαῦλον
3429 5262 3504 5324 ε”ς
3553 5264 3616 5318 τὸ
3669 5259 3827 5337 ἔργον

415 5362 443 5389 ‹‹
479 5343 635 5411 quod
667 5343 939 5400 advocavi
973 5361 1074 5400 eos
1126 5345 1390 5417 Cumque
1414 5347 1794 5419 jejunassent
1825 5356 1881 5402 et
1902 5364 2054 5403 oras-

2190 5372 2199 5395 ι
2237 5353 2310 5407 εἰς
2342 5344 2370 5399 ὅ
2401 5345 2826 5421 προτκέκλημαι
2857 5348 3076 5409 αύτούς,
3122 5350 3257 5405 Τότε
3307 5351 3694 5421 νηστεύσαντες
3740 5348 3829 5405 καὶ

416 5453 444 5482 ιι
479 5438 631 5500 sent,
665 5434 1208 5508 imposuissentque
1259 5436 1344 5492 eis
1393 5453 1624 5509 manus,
1686 5438 2055 5494 dimiserunt.

2190 5436 2688 5511 (προσευξάμενοι,
2746 5437 2836 5494 καὶ
2893 5435 3162 5503 ἐπιθέντες
3216 5440 3313 5505 τὰς
3370 5446 3562 5516 χεῖρας
3621 5440 3828 5508 αὐτοῖς,

483 5613 505 5648 ⁸
537 5613 706 5672 Joan.
740 5633 831 5671 vn.
