4150 6200
322 333 424 391 201

1275 320 1692 387 COMMENT.
1741 321 1816 380 IN
1862 318 2059 380 ACTA
2110 316 2721 381 APOSTOLORUM.

3608 316 3726 379 202

320 487 347 515 ιι
375 460 671 517 ἀπέλυσαν.
706 460 873 516 Οὗτοι
934 458 1027 531 μὲν
1083 457 1178 512 οῦν
1224 454 1618 532 ἐκπεμφθέντες
1679 452 1810 525 ὑπὶρ
1858 452 1952 505 τοῦ

2071 472 2101 502 ιι
2132 452 2249 523 Ipsi
2280 451 2481 523 itaque
2513 451 2713 506 emissi
2745 467 2781 506 a
2801 449 3023 522 Spiritu
3044 454 3247 505 sancto
3277 449 3720 509 descenderunt

319 576 344 603 ιι
372 551 686 624 Πνεύματος
715 554 812 606 τοῦ
841 546 1002 623 ἁγίου
1029 547 1305 617 κατῆλθον
1366 545 1442 608 εἷς
1480 545 1581 615 τήν
1616 541 1959 609 Σελεύκειαν,

314 668 342 697 ιι
373 644 616 708 κάκεῖθεν
663 640 723 697 δὲ
754 639 1098 697 ἀπέπλευσαν
1144 638 1220 700 είς
1267 639 1366 707 τήν
1426 635 1666 710 Κύπρον
1721 632 1813 689 καὶ
1868 652 1959 709 γε-

319 755 341 784 ι
372 731 668 806 νομενοιὲν
702 730 1003 805 Σαλαμῖνι,
1058 724 1435 803 κατήγγελλον
1489 726 1580 781 τὸν
1629 723 1803 801 λόγον
1862 725 1961 777 τοῦ

315 843 344 873 ιι
374 826 507 877 Θεοῦ
529 821 584 876 ἐν
611 825 731 883 ταῖς
763 823 1105 895 συναγωγαῖς
1146 821 1255 872 τῶν
1317 811 1609 873 Ἰουδαίων.
1672 812 1846 887 Εἶχον
1903 807 1961 866 δὶ

315 936 343 965 ιι
372 911 465 966 καὶ
495 912 752 981 Ἰωάννην
797 909 1097 980 ὖπηρὲτην.
1167 903 1482 970 Διελθόντες
1540 901 1599 959 δὲ
1633 904 1733 972 τὴν
1793 908 1957 971 νῆσον

311 1024 339 1053 ιι
394 997 528 1075 ἄχρι
596 999 812 1077 Πάφου,
870 997 1028 1072 εὗρόν
1085 1017 1206 1051 τινα
1266 994 1439 1072 μάγον
1498 989 1960 1069 ψευδοπροφήτην

316 1113 345 1141 ιι
375 1085 660 1157 Ἰουδαῖον,
694 1088 740 1161 ᾧ
770 1083 947 1160 ὄνομα
979 1083 1311 1160 Βαριησοῦν,
1339 1082 1400 1145 ὅς
1457 1084 1522 1151 ἧν
1578 1081 1670 1136 σὺν
1722 1083 1803 1152 τῷ
1833 1080 1961 1143 ἀνθ-

315 1203 343 1233 ιι
374 1180 568 1252 υπάτῳ
596 1178 813 1256 Σεργίῳ
846 1177 1048 1250 Παύλῳ
1073 1172 1225 1248 ἀνδρὶ
1279 1169 1508 1246 συνετῷ.
1566 1170 1738 1231 Οὗτος
1787 1189 1961 1240 προσ-

312 1294 340 1322 ιι
363 1267 733 1341 καλεσάμενος
810 1262 1092 1341 Βαρνάϐαν
1150 1263 1241 1319 καὶ
1307 1260 1546 1328 Σαῦλον,
1626 1259 1955 1330 ἐπεζήτησεν

309 1382 338 1412 ιι
366 1359 592 1414 ἀκοῦσαι
625 1358 717 1412 τὸν
750 1354 920 1433 λόγον
944 1358 1042 1410 τοῦ
1072 1357 1228 1410 Θεοῦ.
1286 1352 1606 1416 Ἀνθέστατο
1656 1346 1713 1404 δὲ
1770 1348 1956 1411 αὐτοῖς

307 1474 334 1502 ιι
370 1447 673 1522 Ἐλύμαςὸ
735 1449 906 1523 μάγος
966 1447 1169 1521 (οὓτως
1225 1444 1328 1520 γὰρ
1380 1441 1840 1519 μεθερμηνεύεται
1893 1440 1956 1496 τὸ

307 1562 335 1589 ιι
367 1535 546 1613 ὄνομα
574 1537 784 1603 αὐτοῦ),
815 1540 993 1607 ζητῶν
1028 1532 1348 1609 διαστρέψαι
1376 1532 1469 1588 τὸν
1512 1530 1815 1587 ἀνθύπατον
1849 1529 1955 1586 ἀπὸ

308 1650 329 1678 ι
360 1633 462 1694 τῆς
494 1626 748 1686 πίστεως.
783 1648 812 1679 ››

371 1716 435 1772 Τί
464 1715 575 1771 ἐστι
635 1739 664 1766 ιι
725 1715 1196 1790 Λειτουργούντων
1250 1731 1265 1782 ;
1329 1734 1356 1764 ι)
1410 1706 1684 1780 τουτέστι,
1742 1729 1946 1784 κηρυτ-

2076 562 2098 591 ιι
2134 539 2551 601 Seleuciam,et
2580 539 2718 595 inde
2745 539 3098 612 navigarunt
3118 537 3178 593 in
3211 538 3554 609 Cyprum,et
3581 556 3717 597 cum

2071 651 2101 680 «
2131 635 2331 685 essent
2357 628 2677 696 Salamine,
2710 627 3223 684 annuntiaverunt
3246 625 3489 682 verbum
3524 628 3626 683 Dei
3654 629 3717 683 in

2072 741 2102 771 ιι
2136 719 2447 791 synagogis
2475 719 2834 774 Iudaeorum.
2867 716 3174 772 Ilabebant
3211 720 3411 771 autem
3444 720 3504 769 et
3552 716 3717 771 Joan-

2072 830 2100 858 «
2130 823 2269 863 nem
2300 807 2661 864 ministrum.
2696 809 2765 861 Et
2797 811 3110 878 peragrata
3168 803 3365 860 insula
3416 818 3607 874 usque
3648 802 3723 858 ad

2070 918 2098 947 ιι
2132 897 2782 968 Paphuminvenerunt
2828 894 3148 966 quemdam
3181 909 3417 967 magum
3469 889 3723 963 pseudo-

2075 1008 2097 1038 ι
2124 986 2473 1058 prophetam
2504 984 2896 1051 Judaeum,cui
2924 1000 3144 1040 nomen
3172 981 3575 1053 Bariesus,qui
3598 986 3729 1036 erat

2072 1096 2102 1126 ιι
2134 1092 2267 1131 cum
2299 1075 2655 1147 proconsule
2685 1074 2886 1147 Sergio
2911 1072 3094 1128 Paulo
3133 1072 3256 1127 viro
3287 1069 3601 1143 prudente.
3620 1068 3726 1125 Hic

2071 1186 2101 1217 ιι
2129 1164 2434 1220 accersitis
2454 1163 2723 1219 Barnaba
2753 1168 2814 1218 et
2841 1162 3016 1218 Saulo
3048 1161 3327 1233 cupiebat
3360 1158 3572 1216 audire
3593 1174 3725 1215 ver-

2068 1277 2097 1305 ιι
2130 1254 2271 1309 bum
2306 1254 2426 1310 Dei.
2461 1252 2796 1310 Resistebat
2823 1259 3023 1308 autem
3054 1251 3177 1307 illis
3207 1250 3447 1323 Elymas
3476 1263 3725 1321 magus:

2067 1365 2096 1394 ιι
2130 1344 2216 1399 sic
2263 1344 2423 1400 enim
2474 1343 2900 1414 interpretatur
2957 1357 3181 1396 nomen
3234 1340 3412 1413 ejus:
3449 1354 3727 1411 querens

2067 1453 2096 1483 ι‹
2119 1438 2381 1489 avertere
2411 1432 2832 1505 proconsulem
2863 1447 2898 1486 a
2928 1430 3065 1486 fide.

2135 1717 2427 1785 Quidnam
2452 1723 2543 1774 est
2571 1740 2600 1768 «
2636 1715 3107 1773 Ministrantibus
3129 1714 3157 1769 ?
3178 1736 3207 1764 »
3239 1713 3352 1769 hoc
3376 1717 3467 1769 est
3494 1713 3720 1786 praedi-

300 1806 531 1861 τόντων.
559 1829 588 1857 ιι
619 1803 942 1881 Ἀφορίσατὲ
1001 1824 1096 1877 μοι
1143 1803 1221 1865 εἰς
1274 1801 1338 1858 τὸ
1378 1796 1560 1879 ἔργον.
1596 1824 1624 1853 ››
1656 1799 1949 1857 Τουτὲστιν

2070 1809 2362 1866 cantibus.
2390 1829 2415 1860 ιι
2450 1809 2762 1881 Segregate
2795 1805 2943 1862 mihi
2995 1806 3058 1860 in
3118 1820 3287 1876 opus,
3315 1822 3342 1855 ο
3388 1802 3447 1858 id
3479 1807 3589 1873 est,
3649 1802 3724 1859 ad

305 1894 380 1956 είς
412 1893 750 1964 ἀποστολὴν.
808 1894 937 1949 Ὑπὸ
993 1892 1155 1948 τίνων
1216 1890 1274 1947 δὲ
1330 1895 1773 1968 χειροτονεῖται;
1816 1888 1947 1943 Ὑπὸ

305 1983 542 2039 Λουκίου
570 2003 629 2039 τε
656 1983 746 2039 καὶ
780 1984 1023 2053 Μαναήν,
1057 1979 1272 2057 μᾶλλον
1327 1977 1384 2035 δὲ
1440 1980 1542 2036 ὑπὸ
1579 1983 1676 2035 τοῦ
1706 1977 1951 2051 πνεύμα-

301 2094 416 2135 τος.
506 2077 915 2144 Χειροτονεῖται
973 2069 1030 2127 δὲ
1087 2069 1224 2126 ὣστε
1281 2071 1394 2143 μετ’
1449 2067 1693 2140 ἐξουσίας
1744 2066 1950 2141 κηρύτ-

297 2182 430 2219 τειν.
463 2163 550 2217 Ἐν
580 2159 871 2232 Σελευκείᾳ
925 2158 983 2216 δὲ
1037 2157 1190 2216 ούδέν
1236 2154 1542 2236 τρίϐουσιν,
1603 2156 1803 2218 εἰδότες
1864 2158 1949 2212 δτι

302 2250 406 2305 ἀπὸ
433 2256 534 2321 τῆς
566 2250 810 2327 γείτονος
841 2248 1059 2312 πόλεως
1088 2248 1467 2326 ἐκαρπώσαντο
1498 2243 1557 2302 ἄν
1595 2243 1815 2316 πολλὴν
1842 2247 1943 2316 τὴν

299 2338 588 2419 ὠφέλειαν.

368 2490 398 2519 ιι
437 2464 646 2528 Σαῦλος
677 2463 734 2521 δὲ
776 2467 804 2521 ὁ
860 2466 949 2521 καὶ
1010 2465 1251 2532 Παῦλος,
1307 2464 1573 2536 πλησθεὶς
1633 2464 1947 2536 Πνεύματος

305 2557 540 2632 σᾶγίου,
580 2556 672 2611 καὶ
702 2555 944 2618 ἀτενίσας
1002 2554 1078 2617 εἷς
1134 2554 1319 2623 αὐτὸν,
1375 2554 1545 2609 εἶπεν
1605 2558 1669 2608 Ὠ
1725 2551 1949 2625 πλήρης

302 2668 326 2698 ι
359 2645 559 2706 παντὸς
588 2642 780 2713 δόλου,
812 2645 903 2699 καὶ
934 2643 1111 2714 πάσης
1142 2639 1516 2720 ῥᾳδιουργίας,
1544 2643 1626 2697 υἱὲ
1657 2636 1945 2712 διαϐόλου,

300 2758 330 2786 ιι
362 2732 529 2809 ἐχθρέ
578 2732 756 2805 πᾶσης
825 2731 1197 2803 δικαιοσύνης,
1249 2734 1314 2788 οὐ
1373 2731 1553 2807 παύσῃ
1606 2728 1945 2809 διαστρέφων

304 2845 333 2878 ι
360 2826 457 2885 τὰς
488 2820 649 2886 ὁδοὺς
682 2823 887 2898 Κυρίου
914 2824 1012 2885 τὰς
1040 2822 1249 2884 εὐθείας
1283 2840 1297 2891 ;
1360 2822 1460 2879 Καὶ
1519 2826 1608 2876 νῦν
1672 2818 1790 2877 ἰδοῦ
1822 2822 1949 2897 χεὶρ

302 2936 330 2966 ιι
351 2916 453 2968 τοῦ
483 2914 690 2986 Κυρίου
723 2911 809 2968 ἐπὶ
843 2912 925 2983 σὲ,
947 2912 1040 2968 καὶ
1069 2907 1163 2987 ἔσῃ
1196 2909 1401 2991 τυφλὸς
1444 2912 1519 2985 μή
1581 2910 1803 2986 βλέπων
1855 2911 1947 2965 τὸν

308 3025 330 3056 ι
370 3000 538 3070 ἥλιον
583 2999 716 3076 ἄχρι
767 3006 980 3075 καιροῦ.
1044 3007 1397 3077 Παραχρῆμα
1455 2998 1513 3056 δὲ
1563 2998 1815 3056 ἐπέπεσεν
1866 2998 1949 3056 ἔπ’

307 3116 328 3142 ι
361 3089 525 3145 αὐτὸν
552 3089 732 3166 ἀχλὺς
758 3090 848 3146 καὶ
875 3091 1091 3159 σκότος,
1122 3091 1213 3146 καὶ
1253 3089 1531 3166 περιάγων
1580 3089 1761 3162 ἐζήτει
1792 3109 1948 3169 χειρ-

2062 1899 2532 1973 apostolatumJi
2563 1898 2777 1971 quibus
2804 1903 3005 1954 autem
3042 1894 3369 1953 creantur?
3398 1896 3445 1949 A
3478 1893 3653 1950 Lucio
3667 1898 3728 1950 et

2062 1990 2328 2056 Manahe,
2356 1989 2474 2044 imo
2508 1988 2693 2060 magis
2725 2004 2759 2043 a
2790 1986 3027 2059 spiritu.
3062 1987 3354 2041 Creantur
3401 1989 3600 2039 autem
3658 1985 3726 2037 ut

2063 2097 2198 2136 cum
2230 2079 2579 2136 auctoritate
2630 2077 2976 2150 prmdicent.
3038 2074 3324 2131 Seleuciae
3372 2089 3508 2129 vero
3564 2070 3719 2128 nihil

2058 2169 2315 2226 cunctati
2348 2173 2508 2232 sunt,
2567 2168 2826 2223 scientes
2856 2164 3015 2238 quod
3075 2181 3109 2220 a
3165 2163 3439 2236 proxima
3485 2162 3718 2218 civitate

2058 2258 2378 2331 plurimam
2409 2256 2758 2329 colligerent
2787 2255 3087 2311 fructuum
3123 2253 3461 2309 utilitatem.

2130 2477 2276 2543 XIII,
2305 2477 2461 2531 9-13.
2500 2496 2529 2526 ιι
2554 2474 2768 2530 Saulus
2799 2477 2996 2529 autem
3030 2471 3130 2543 qui
3163 2476 3221 2528 et
3250 2467 3716 2540 Paulus,reple-

2062 2588 2089 2617 ιι
2132 2572 2225 2621 tus
2258 2565 2477 2638 Spiritu
2509 2569 2735 2628 sancto,
2759 2563 3008 2618 intentis
3040 2563 3100 2616 in
3133 2576 3270 2617 eum
3297 2558 3487 2616 oculis
3518 2558 3667 2614 dixit
3697 2571 3715 2612 :

2063 2678 2091 2708 ιι
2130 2657 2174 2712 Ο
2205 2655 2381 2727 plene
2417 2654 2579 2710 omni
2611 2652 2773 2719 dolo,
2802 2652 3089 2724 omnique
3128 2649 3413 2716 versutia,
3446 2648 3533 2704 Illi
3592 2647 3717 2704 dia-

2061 2767 2089 2797 ιι
2121 2744 2269 2811 boli,
2304 2744 2546 2799 inimice
2577 2742 2772 2798 omnis
2792 2741 3207 2814 justitiaa,non
3235 2755 3435 2795 cessas
3469 2736 3716 2793 subver-

2064 2855 2093 2885 ιι
2123 2839 2246 2890 tere
2280 2834 2400 2889 vias
2433 2832 2669 2888 Domini
2702 2837 2895 2887 rectas
2917 2830 2946 2885 ?
2976 2832 3045 2884 Et
3102 2845 3265 2884 nunc
3314 2843 3449 2883 ecce
3496 2839 3712 2881 manus

2064 2946 2092 2975 ιι
2127 2922 2359 2979 Domini
2392 2938 2572 2994 super
2602 2927 2680 2987 te,
2711 2921 2946 2991 erisque
2981 2934 3192 2985 caecus,
3224 2933 3345 2972 non
3369 2915 3577 2971 videns
3605 2930 3711 2969 so-

2064 3036 2092 3065 ιι
2117 3012 2235 3068 lem
2268 3028 2456 3083 usque
2487 3009 2561 3065 ad
2593 3014 2845 3080 tempus.
2877 3009 2949 3062 Et
2966 3006 3240 3079 protinus
3266 3003 3556 3060 ceciditin
3577 3018 3715 3058 eum

2068 3122 2096 3152 ιι
2131 3099 2319 3170 caligo
2342 3114 2409 3154 ac
2448 3096 2730 3164 tenebrae,
2763 3101 2822 3150 et
2847 3094 3209 3150 circumiens
3268 3090 3574 3164 quaerebat
3612 3089 3717 3162 qui

300 3204 327 3233 ιι
356 3179 636 3271 αγωγούς.
669 3181 807 3235 Τότε
837 3177 969 3235 ἰδὼν
1001 3182 1030 3235 ὁ
1061 3180 1367 3245 ἀνθύπατος
1397 3180 1462 3235 τὸ
1513 3179 1761 3257 γεγονὸς,
1796 3177 1946 3234 ἐπίσ-

2070 3213 2090 3240 ι
2127 3205 2191 3244 se
2222 3203 2403 3243 manu
2432 3186 2693 3242 duceret.
2729 3187 2891 3240 Tunc
2922 3182 3245 3255 proconsul
3275 3198 3413 3238 cum
3471 3180 3718 3236 vidisset

303 3292 325 3322 ι
357 3290 564 3338 τευσεν,
597 3267 1042 3343 ἓκπλησσόμενος
1070 3270 1159 3326 ἐπὶ
1190 3273 1259 3345 τῇ
1320 3267 1524 3345 διδαχῇ
1583 3274 1682 3325 τοῦ
1722 3270 1948 3345 Κυρίου,

296 3385 325 3413 ιι
355 3361 711 3436 ’Δναχθὲντες
742 3357 801 3414 δὲ
830 3359 938 3415 ἀπὸ
967 3366 1066 3431 τῆς
1120 3361 1307 3435 Πάφου
1339 3360 1396 3415 οἱ
1424 3360 1552 3434 περὶ
1581 3360 1673 3416 τὸν
1709 3356 1948 3430 Παῦλον,

301 3473 322 3500 ι
355 3446 532 3518 ⁴ἦλθον
562 3447 640 3510 εἰς
670 3447 879 3524 Πέργην
910 3451 1012 3513 τῆς
1046 3446 1389 3528 Παμφυλίας.
1421 3472 1450 3501 ››

373 3595 401 3627 ι
434 3572 651 3636 Σαῦλος
681 3570 740 3628 δὶ
791 3574 820 3628 ὁ
876 3575 968 3629 καὶ
1030 3572 1265 3635 Παῦλος.
1302 3599 1330 3627 ››
1385 3578 1504 3633 Ἵνα
1536 3576 1612 3648 μὴ
1644 3575 1812 3650 ταύτῃ
1859 3573 1949 3630 καὶ

299 3664 409 3719 τῶν
432 3661 756 3719 ἀποστόλων
809 3660 1036 3719 ἔλαττον
1068 3658 1173 3739 ἔχῃ
1226 3665 1255 3718 ὁ
1338 3665 1575 3732 Παῦλος,
1639 3664 1951 3738 μεθίστησιν

305 3752 691 3817 αιῖτοῦὸθεὸς
718 3754 781 3809 τὸ
863 3749 1058 3826 ὄνομα,
1107 3755 1195 3808 καὶ
1261 3751 1471 3809 Σαῦλον
1527 3751 1655 3809 ὄντα
1736 3752 1947 3808 Παῦλον

305 3840 551 3909 ἐκάλεσε,
583 3843 673 3896 καὶ
707 3842 838 3916 ὅπερ
897 3838 1052 3918 ἔσχεν
1106 3840 1373 3919 ἐξαίρετον
1405 3844 1433 3898 ὁ
1490 3848 1784 3920 κορυφαῖος
1840 3848 1948 3898 τῶν

310 3935 593 4005 μαθητῶν,
626 3936 788 3987 τοῦτο
827 3931 919 3987 καὶ
977 3932 1139 3994 αὐτὸς
1187 3933 1479 4004 κτήσηται,
1546 3931 1635 3986 καὶ
1692 3930 1950 3994 πλείονος

300 4020 633 4082 οἱκειώσεως
659 4020 910 4084 ὑπόθεσιν
960 4015 1128 4095 λάϐῃ.
1162 4021 1275 4077 Ἵνα
1332 4021 1424 4075 οὗν
1483 4018 1650 4096 δείξῃ,
1709 4021 1794 4077 ’ὀτι
1853 4020 1954 4076 οὐκ

300 4109 368 4179 ἦν
407 4113 584 4183 θυμοῦ
608 4109 675 4163 τὰ
705 4109 928 4183 ῥήματα
957 4108 1203 4181 Παύλου,
1262 4108 1295 4164 ἅ
1350 4111 1486 4186 πρὸς
1545 4107 1786 4183 Ἐλύμαν
1847 4105 1948 4189 ἔφη

290 4199 386 4253 τὸν
424 4199 622 4274 μὶγον,
676 4195 766 4252 διὰ
820 4202 984 4253 τοῦτο
1043 4193 1338 4274 προλαϐὼν
1395 4201 1537 4265 εἶπε,
1597 4223 1625 4250 ιι
1683 4198 1955 4269 Ηλησθείς

298 4287 617 4362 Πνεύματος
642 4287 821 4362 ἁγίου.
854 4311 882 4337 ι)
913 4288 994 4344 Ού
1022 4288 1122 4364 γὰρ
1153 4286 1504 4358 κολάζοντος,
1545 4286 1673 4343 ἀλλ’
1706 4288 1949 4365 ἐπιστρὲ-

299 4399 503 4455 φοντος
533 4379 599 4447 ἦν
630 4378 884 4433 ταῦτατά
916 4377 1157 4454 ῥήματα.
1195 4377 1262 4434 Εἴ
1315 4378 1417 4455 γὰρ
1475 4377 1811 4449 κολάζοντος
1861 4379 1952 4448 ἦν,

298 4468 594 4530 διαπαντὸς
625 4467 929 4541 ἄνέποίησε
956 4468 1185 4548 τυφλόν’
1245 4473 1333 4525 νῦν
1392 4468 1450 4525 δὲ
1482 4469 1542 4526 ού
1583 4475 1767 4540 τοῦτο,
1826 4468 1954 4526 ἀλλ’

2066 3300 2095 3328 ιι
2127 3276 2288 3349 quod
2318 3275 2637 3341 acciderat,
2678 3272 2952 3340 credidit,
3012 3271 3316 3328 admirans
3376 3286 3557 3342 super
3613 3267 3718 3323 do-

2062 3390 2090 3419 ιι
2120 3367 2313 3423 ctrina
2342 3364 2760 3420 Domini.Cum
2789 3367 2987 3418 autem
3004 3360 3252 3433 aPapbo
3284 3358 3559 3415 solvisset
3574 3358 3715 3413 Pau-

2063 3479 2092 3508 «
2124 3456 2240 3525 lus,
2273 3459 2562 3511 venerunt
2591 3456 2816 3526 Pergen
2843 3450 3227 3524 Pamphyliae.
3258 3471 3285 3499 ››

2134 3607 2163 3637 ιι
2197 3585 2409 3641 Saulus
2430 3588 2627 3640 autem
2664 3582 2767 3655 qui
2800 3588 2859 3637 et
2886 3580 3130 3637 Paulus.
3166 3601 3194 3629 η
3222 3580 3303 3634 Ne
3334 3577 3427 3633 vel
3483 3578 3545 3632 in
3603 3575 3717 3631 hoc

2063 3676 2261 3731 minor
2291 3681 2449 3730 esset
2477 3672 2766 3744 apostolis
2780 3671 3247 3727 Paulusnomen
3271 3669 3400 3739 ejus
3416 3673 3719 3722 transmu-

2062 3771 2148 3822 tat
2171 3767 2343 3824 Deus.
2366 3780 2621 3835 cumque
2644 3763 2857 3819 Saulus
2882 3762 3181 3816 diceretur
3201 3758 3447 3813 Paulum
3469 3755 3718 3821 vocavit,

2061 3856 2338 3929 quodque
2358 3854 2723 3927 praecipuum
2750 3851 3005 3907 habuit‘l
3024 3854 3059 3904 Ι
3077 3852 3111 3904 Ι
3136 3848 3414 3920 princeps
3426 3842 3720 3916 apostolo-

2061 3962 2216 4012 rum,
2251 3945 2309 4000 id
2342 3944 2469 4016 ipse
2500 3958 2740 4014 quoque
2770 3939 3021 4011 adeptus
3054 3944 3162 4003 est,
3194 3942 3261 3992 ut
3307 3934 3497 4008 magis
3537 3932 3716 3988 fami-

2060 4034 2340 4089 liaritatis
2362 4036 2777 4105 argumentum
2809 4025 3428 4098 acciperetPraamisit
3456 4038 3716 4095 quoque,

2062 4123 2288 4192 dicens,
2323 4143 2352 4171 ιι
2384 4122 2606 4177 Plenus
2636 4118 2857 4191 Spiritu
2880 4122 3085 4172 sancto
3121 4132 3133 4170 :
3172 4138 3199 4165 η
3231 4132 3348 4187 quo
3376 4112 3724 4171 ostenderet

2062 4211 2550 4268 Pauliverbanon
2564 4226 2634 4264 ex
2660 4208 2749 4263 ira
2762 4223 2891 4262 esse
2914 4223 3047 4277 quae
3077 4204 3152 4261 ad
3187 4203 3451 4275 Elymam
3474 4215 3713 4271 magum

2062 4301 2296 4357 locutus
2327 4305 2433 4354 est.
2451 4300 2653 4370 Neque
2686 4297 2847 4352 enim
2863 4295 3167 4368 punientis
3182 4293 3362 4349 verba
3383 4293 3511 4348 haec
3525 4294 3720 4353 erant,

2063 4391 2168 4448 sed
2198 4394 2543 4446 convertere
2570 4387 2839 4444 nitentis.
2862 4387 3006 4442 Nam
3034 4386 3085 4441 si
3118 4382 3428 4457 punientis
3442 4381 3717 4446 fuissent,

2061 4480 2302 4536 fecisset
2331 4495 2469 4535 eum
2501 4493 2738 4550 semper
2752 4492 2881 4534 esse
2907 4491 3129 4532 caecum
3156 4490 3168 4528 :
3203 4488 3363 4528 nunc
3385 4475 3583 4527 autem
3598 4484 3722 4525 non

297 4560 442 4636 ἄχρι
493 4562 710 4634 καιροῦ,
764 4555 858 4613 ἵνα
909 4559 1067 4633 πείσῃ
1122 4559 1212 4614 τὸν
1285 4559 1615 4617 ἀνθύπατον.
1693 4561 1769 4617 Τὸ
1825 4561 1952 4637 γὰρ,

2070 4571 2177 4626 hoc
2203 4569 2364 4637 facit,
2399 4569 2504 4624 sed
2534 4584 2725 4640 usque
2756 4567 2831 4623 ad
2861 4568 3190 4638 tempus,ut
3212 4558 3635 4635 proconsulem
3658 4557 3720 4613 in

297 4676 327 4703 ιι
362 4652 538 4725 Ἀχρι
568 4651 780 4724 καιροῦ,
809 4673 830 4700 ο
866 4649 1014 4723 ὅριον
1043 4652 1111 4722 τῇ
1138 4649 1334 4726 γνώμῃ
1368 4646 1552 4712 διδοὺς
1582 4644 1767 4727 ἔφη,ἐν
1791 4650 1953 4725 ἑαυτῇ

291 4736 452 4816 ἔχειν
483 4743 583 4793 τοῦ
610 4738 790 4818 φωτὸς
842 4740 940 4809 τήν
987 4737 1268 4813 ἀπόληψιν
1317 4739 1409 4794 τὸν
1462 4739 1664 4814 τρόπον
1719 4735 1952 4814 μεταϐα-

293 4829 509 4886 λοῦσαν
535 4828 671 4900 πρὸς
698 4828 759 4883 τὸ
793 4826 1031 4903 βέλτιον·
1064 4827 1111 4900 ᾧ
1135 4827 1236 4904 γὰρ
1295 4826 1457 4891 αὐτὸς
1496 4830 1790 4905 προσήχθη
1853 4850 1953 4901 ση-

290 4920 467 4995 μείῳ,
499 4917 680 4990 τούτῳ
709 4915 797 4971 καὶ
835 4920 1024 4971 τοῦτον
1056 4911 1345 4989 ἠϐουλήθη
1394 4923 1780 4997 προσαγαγεῖν.
1840 4917 1955 4977 Οὐκ

286 5007 404 5083 ἂρα
439 5006 689 5082 τιμωρία
714 5009 803 5078 ἦν,
834 5003 965 5061 ἀλλ’
999 5004 1158 5069 ἴασις.

374 5228 408 5255 ιι
440 5203 704 5270 Ἰωάννης
734 5198 792 5255 δὲ
822 5200 1195 5276 ἀποχωρήσας
1247 5201 1341 5257 ἀπ’
1389 5201 1564 5259 αἰτῶν
1628 5202 1953 5281 ὑπέστρεψεν

294 5320 319 5349 σ
363 5287 854 5367 ιὶςἹεροσόλυμα,
892 5289 1058 5344 Δύτοὶ
1119 5287 1176 5346 δὲ
1205 5286 1513 5357 διελθόντες
1542 5291 1647 5350 ἀπὸ
1686 5301 1786 5364 τῆς
1820 5294 1954 5372 Πέρ-

292 5409 325 5437 ιι
359 5404 475 5459 γης
509 5381 868 5456 παρεγένοντο
901 5378 979 5440 εἲς
1040 5379 1375 5457 Ἀντιόχειαν
1424 5385 1523 5448 τῆς
1555 5381 1825 5455 Πισιδίας,
1864 5386 1952 5440 καὶ

288 5500 321 5528 ιι
362 5471 705 5532 εἷσελθόντες
788 5467 864 5531 εἷς
923 5471 1023 5540 τήν
1085 5476 1404 5548 συναγωγὴν
1460 5477 1529 5543 τῇ
1591 5473 1771 5549 ἡμέρᾳ
1848 5480 1956 5533 τῶν

293 5592 317 5616 ι
344 5558 685 5627 Σαϐὅάτων,
718 5558 988 5616 ἐκάθισαν.
1027 5562 1180 5618 Μετά
1235 5558 1292 5617 δὲ
1341 5563 1440 5633 τήν
1502 5563 1802 5641 ἀνάγνωσιν
1859 5570 1959 5623 τοῦ

297 5676 323 5706 α
370 5654 554 5729 νόμου
585 5652 675 5708 καὶ
704 5656 811 5709 τῶν
843 5658 1169 5730 προφητῶν,
1208 5650 1529 5710 ἀπέστειλαν
1583 5654 1635 5710 οἱ
1689 5656 1956 5734 ἀρχισυι-

626 5784 900 5847 Ρλτιοῐ..
946 5780 1056 5843 Gn.
1103 5780 1369 5845 CXVIII.

2064 4675 2230 4715 suam
2263 4658 2625 4715 sententiam
2646 4656 2991 4712 adduceret.
3016 4651 3321 4725 Siquidem
3352 4649 3528 4713 dixit,
3562 4670 3592 4697 ιι
3627 4663 3723 4703 us-

2063 4765 2178 4821 que
2210 4748 2283 4805 ad
2305 4754 2596 4820 tempus,»
2628 4746 2777 4802 dans
2808 4744 2996 4800 menti
3021 4738 3502 4798 terminumutin
3524 4737 3722 4809 seipse.

2061 4838 2266 4894 lumen
2296 4837 2733 4909 reciperet,quo
2748 4850 2945 4889 mores
2972 4832 3034 4886 in
3065 4830 3285 4886 melius
3307 4830 3715 4894 commutaret,

2062 4928 2281 4999 quippe
2312 4926 2480 4999 signo
2512 4940 2628 4996 quo
2658 4923 2787 4995 ipse
2819 4919 3111 4977 adductus
3145 4924 3257 4981 est,
3316 4917 3495 4973 etiam
3558 4915 3722 4971 hunc

2058 5014 2351 5072 adducere
2382 5012 2834 5069 nitebatur.Non
2857 5010 3056 5082 itaque
3079 5006 3437 5083 supplicium
3462 4999 3722 5073 erat,sed

2062 5106 2314 5162 curatio.

2132 5211 2273 5279 XIV,
2313 5212 2494 5267 1315.
2531 5231 2560 5260 ιι
2588 5210 2846 5265 Joannes
2877 5211 3075 5263 autem
3106 5208 3449 5278 segregatus
3507 5199 3582 5256 ab
3631 5195 3720 5254 eis

2062 5324 2091 5354 ιι
2122 5317 2397 5358 reversus
2430 5304 2519 5356 est
2555 5297 2943 5370 .lerosolyma.
3003 5295 3122 5368 Ipsi
3179 5310 3317 5350 vero
3366 5292 3500 5349 loca
3561 5284 3723 5345 varia

2068 5412 2093 5445 ιι
2126 5394 2637 5463 pertranseuntes,
2697 5404 2733 5444 a
2784 5388 2970 5459 Perga
3011 5386 3307 5441 venerunt
3336 5377 3721 5437 Antiochiam

2065 5503 2093 5531 ιι
2117 5478 2374 5539 Pisidia.
2406 5477 2780 5551 ingressique
2811 5488 3169 5548 synagogam
3203 5470 3299 5526 die
3331 5468 3723 5526 Sabbatorum

2067 5594 2093 5621 .ι
2127 5568 2428 5625 sederunt.
2463 5566 2940 5624 Postlectionem
2971 5569 3169 5620 autem
3196 5561 3346 5634 legis
3375 5576 3444 5616 ac
3463 5554 3724 5631 prophe-

2063 5680 2092 5710 ιι
2121 5664 2314 5717 tarum
2350 5659 2642 5716 miserunt
2669 5655 2972 5734 principes
3004 5667 3316 5727 synagogas
3348 5648 3421 5709 ad
3464 5662 3593 5713 eos,
3622 5640 3726 5698 di-

3359 5776 3397 5831 7
