4176 6200
435 310 552 370 203

1557 293 1987 358 (ΕΟΗΜΕΝΠ
2033 295 2338 366 ΤΒῙΟΟᾸΞ
2382 295 2757 360 EPISCOPI.

3733 295 3852 356 204

441 467 460 493 α
499 446 704 500 centes
746 454 759 492 :
795 433 913 490 Viri
945 434 1178 494 fratres.
1213 429 1260 486 si
1295 430 1430 501 quis
1475 435 1564 486 est
1605 430 1666 486 in
1691 429 1855 486 vobis
1887 445 2082 484 sermo

2209 451 2226 478 ;‹
2257 429 2466 504 ἀγωγοι
2510 429 2650 500 πρὸς
2699 427 2914 496 αὐτοὺς,
2969 424 3240 502 λέγοντες.
3305 423 3524 500 Ἀνδρε,
3591 421 3840 506 ἀδελφοί.-

445 555 470 588 ι
505 526 936 589 exhortationis
967 524 1041 579 ad
1073 521 1328 594 plebem,
1357 521 1555 577 dicite.
1595 543 1620 570 υ

519 733 539 758 ι
577 711 832 764 Joannes
863 709 1059 760 autem
1095 707 1453 775 segregatus.
1489 725 1516 752 ››
1563 700 1665 756 Hic
1713 705 1804 756 est
1831 701 2086 756 Joannes

441 802 542 874 qui
570 806 627 854 et
659 799 884 852 Marcus
905 795 1097 850 dictus
1129 801 1433 864 est,nepos
1459 791 1738 848 Barnabm
1765 791 2084 862 :quietiam

439 887 820 962 Evangelium
853 884 1178 940 secundum
1212 885 1466 938 Marcum
1511 881 1882 952 conscripsit,
1907 886 1966 934 et
1987 881 2087 932 Pe-

439 981 514 1036 tri
547 977 954 1050 apostolorum
987 973 1272 1045 principis
1305 971 1740 1042 discipulus,de
1773 986 1888 1041 quo
1911 968 1994 1024 ait
2023 968 2084 1021 in

437 1070 700 1144 Epistola
729 1085 740 1122 :
774 1067 1002 1122 Salutat
1029 1081 1131 1120 vos
1163 1066 1388 1120 Marcus
1448 1062 1607 1118 ﬁlius
1661 1077 1828 1114 meus
1883 1061 1924 1114 ⁷.
1981 1058 2084 1112 Hic

435 1159 635 1232 igitur,
673 1163 954 1227 tanquam
979 1155 1158 1211 Paulo
1181 1169 1315 1208 cum
1343 1151 1466 1206 suis
1497 1151 1556 1204 in
1589 1150 1917 1222 longiorem
1933 1150 2086 1204 viam

439 1249 661 1312 missis,
711 1251 1051 1319 segregatur
1117 1243 1190 1299 ab
1239 1243 1348 1310 eis,
1407 1257 1755 1312 quanquam
1815 1239 2088 1294 minister

440 1343 620 1403 esset,
652 1353 721 1392 eo
753 1335 913 1407 quod
941 1334 1175 1390 labores
1206 1338 1264 1388 et
1295 1331 1560 1402 pericula
1587 1329 1742 1386 ferre
1801 1345 1922 1383 non
1953 1345 2085 1400 pos-

442 1435 552 1484 set.

1081 1513 1306 1568 CAPUT
1323 1512 1441 1566 XX.

449 1625 666 1680 Florens
699 1623 863 1678 Pauli
919 1622 1175 1676 doctrina
1231 1622 1428 1676 ducens
1467 1619 1537 1674 ad
1569 1619 1848 1674 Christum
1879 1623 1989 1672 tum
2021 1633 2092 1672 ea:

514 1697 649 1766 lege,
683 1701 794 1750 tum
832 1701 1028 1766 postea
1087 1710 1156 1766 etc
1205 1691 1510 1764 prophetis,
1539 1691 1802 1766 historica
1841 1696 1892 1766 et
1917 1705 2086 1766 evan-

511 1761 708 1847 gelica.
739 1761 882 1847 quae
940 1773 992 1820 et
1022 1761 1317 1847 col-lectica;
1335 1771 1410 1818 est
1451 1770 1509 1847 et
1563 1762 1982 1847 ratiocinativa.
2013 1761 2086 1814 De

514 1835 878 1894 translatione
927 1836 1340 1906 pradicationis
1392 1835 1466 1889 ad
1522 1841 1730 1904 gentes,
1791 1848 2084 1902 eorumque

515 1911 714 1968 ibidem
739 1911 1118 1981 persecutione
1141 1924 1205 1962 ac
1241 1909 1560 1963 discessione
1587 1908 1644 1960 in
1674 1907 1942 1961 Iconium.

513 2091 881 2154 XlIl,t619.
935 2111 962 2137 ‹‹
1015 2088 1271 2160 Surgens
1320 2090 1518 2140 autem
1579 2084 1799 2140 Paulus
1865 2083 2088 2138 indicto

447 2203 474 2232 ‹‹
493 2196 673 2235 manu
687 2178 922 2233 silentio
937 2177 1047 2232 ait:
1067 2177 1182 2230 Viri
1205 2175 1733 2245 Israelitaa,quique
1751 2176 1786 2227 1
1803 2175 1840 2227 Ι
1855 2173 1901 2228 2
1920 2173 2087 2226 time-

447 2295 474 2320 α
513 2271 587 2325 tis
614 2271 818 2334 Deum,
849 2267 1230 2322 audite.Deus
1263 2265 1464 2336 populi
1501 2265 1676 2335 hujus
1695 2263 1872 2336 elegit
1893 2267 2091 2333 patres

447 2383 473 2412 ιι
505 2365 762 2424 nostros,
797 2363 854 2412 et
883 2356 1168 2428 p0pulum
1211 2355 1273 2408 in
1305 2355 1490 2409 altum
1540 2353 1768 2418 extulit,
1830 2369 1964 2406 cum
1997 2368 2090 2406 es-

445 2473 471 2502 κ
505 2455 636 2506 sent
667 2448 876 2502 incolae
909 2447 968 2500 in
998 2453 1156 2500 terra
1187 2445 1388 2516 Egypti
1425 2460 1437 2498 :
1470 2443 1834 2513 brachioque
1857 2441 2088 2496 excelso

443 2561 471 2590 ι(
504 2539 706 2595 eduxit
735 2554 836 2592 eos
867 2553 937 2591 ex
967 2535 1108 2590 illa:
1142 2541 1200 2589 et
1228 2535 1464 2589 circiter
1490 2533 1880 2604 quadraginta
1901 2547 2088 2586 anno-

446 2651 472 2680 «
509 2647 640 2685 rum
676 2635 909 2700 tempus
945 2640 1140 2680 mores
1171 2640 1376 2678 eorum
1411 2623 1692 2678 sustinuit
1725 2622 1784 2676 in
1831 2620 2086 2677 deserto.

451 2741 478 2770 α
509 2719 580 2772 Et
609 2717 820 2772 deletis
848 2720 1072 2786 septem
1105 2712 1382 2786 gentibus
1411 2713 1470 2766 in
1529 2717 1686 2766 terra
1724 2711 2023 2764 Chanaan.
2059 2731 2085 2758 υ

513 2806 840 2863 Antiochiae
863 2803 1096 2858 Pisidiae
1129 2801 1488 2874 praedicabat
1504 2800 1814 2856 Paulusln
1837 2815 2085 2871 synago-

441 2915 544 2972 gas
575 2903 774 2953 autem
805 2895 1166 2950 introierunt
1201 2892 1262 2946 in
1293 2891 1500 2946 habitu
1523 2889 1861 2946 Judoeorum
1893 2906 1966 2944 ne
1990 2906 2090 2945 ex—

443 2988 839 3062 pellerentur,
894 2983 998 3040 sed
1083 2983 1164 3038 ita
1221 2999 1348 3036 rem
1405 2997 1644 3036 omnem
1702 2980 2086 3050 corrigerent.

444 3100 472 3128 ιι
499 3077 735 3148 Septem
767 3073 1045 3148 gentibus
1079 3091 1092 3140 ;
1121 3093 1148 3122 ››
1180 3088 1396 3142 nempe
1438 3070 1708 3128 Chetmis.
1743 3067 2084 3142 Gergeszeis,

445 3163 829 3230 Amorrhaais,
868 3161 1240 3228 Chananzeis,
1273 3160 1620 3224 Phereszeis.
1681 3159 1864 3214 Eveeis
1913 3163 1971 3212 et
1997 3159 2087 3213 Je-
2119 3161 2160 3228 ο
2199 3167 2470 3245 γεσαίους,

445 3253 684 3310 busaeis.

517 3344 666 3404 Xlii.
705 3345 886 3399 19-24.
924 3364 947 3394 ιι
979 3343 1143 3396 Sorte
1171 3339 1475 3396 distribuit
1529 3339 1674 3410 ipsis
1719 3344 1938 3394 terram
1997 3354 2096 3394 eo-

453 3457 473 3484 ι
509 3451 658 3490 rum.
695 3435 766 3487 Et
797 3438 928 3504 post
958 3431 1105 3490 haec.
1141 3429 1370 3484 scilicet
1412 3429 1587 3484 annis
1645 3427 2094 3499 quadringentis

449 3547 475 3574 α
501 3523 952 3596 quinquaginta.
989 3519 1152 3574 dedit
1177 3518 1412 3586 judices
1437 3533 1624 3586 usque
1657 3517 1728 3570 ad
1759 3516 2092 3570 Samuelem

449 3637 476 3664 ι(
501 3614 852 3686 prophetam
907 3613 976 3664 Et
1003 3608 1213 3663 exinde
1248 3606 1696 3676 postulaverunt
1725 3621 1944 3676 regem,
1989 3604 2095 3659 de-

449 3727 474 3758 ι
509 3705 710 3775 diique
771 3701 891 3756 illis
949 3700 1100 3752 Deus
1149 3696 1286 3750 Saul
1345 3695 1536 3748 filium
1597 3695 1710 3760 Cis,
1769 3693 1959 3748 virum
2021 3693 2092 3748 de

448 3819 474 3845 ι(
504 3794 660 3848 tribu
691 3790 1000 3861 Benjamin
1023 3786 1196 3842 annis
1219 3783 1630 3856 quadraginta.
1651 3783 1872 3853 illoque
1895 3789 2092 3837 amoto

450 3909 477 3936 ιι
512 3881 816 3940 suscitavit
841 3879 926 3933 eis
951 3875 1124 3932 David
1182 3875 1242 3928 in
1297 3891 1515 3946 regem,
1550 3873 1642 3928 cui
1685 3872 2092 3928 testimonium

450 3999 477 4026 ιι
511 3973 789 4032 reddens,
823 3967 1006 4020 dixit:
1041 3964 1238 4018 Inveni
1275 3963 1452 4018 David
1485 3962 1672 4016 ﬁlium
1709 3963 1886 4017 Jessm
1903 3963 2092 4018 virum

449 4087 474 4114 ιι
507 4059 830 4117 secundum
858 4072 958 4109 cor
989 4053 1315 4123 meum,qui
1339 4051 1514 4108 faciet
1543 4051 2094 4108 omnesvoluntates

450 4173 478 4200 ‹‹
521 4165 703 4205 meas.
733 4145 918 4215 Hujus
965 4161 1034 4198 ex
1066 4141 1292 4197 semine
1352 4143 1506 4196 Deus
1541 4143 1692 4196 sicut
1739 4142 2096 4213 promiserat

448 4261 476 4290 ιι
508 4237 754 4294 adduxit
781 4233 984 4289 Israeli
1008 4233 1366 4288 Salvatorem
1419 4233 1639 4300 Jesum,
1673 4239 1847 4287 antea
1879 4231 2092 4303 praadi-

446 4349 474 4376 ‹‹
507 4331 676 4382 cante
699 4326 918 4380 Joanne
952 4327 1088 4378 ante
1133 4320 1344 4377 faciem
1379 4321 1656 4376 introitus
1695 4321 1824 4394 ejus
1867 4321 2094 4392 baptis-

445 4441 472 4468 ι(
509 4433 674 4472 mum
709 4414 1068 4488 pmnitentim
1099 4411 1322 4466 Israeli.
1365 4433 1386 4458 ι

513 4507 776 4564 «Inveni
817 4505 1016 4572 David,
1077 4527 1104 4554 ››
1164 4509 1271 4558 etc.
1335 4501 1768 4556 Advertcndum
1815 4507 1904 4556 est
1961 4502 2088 4557 haec
2123 4535 2166 4596 D

441 4600 616 4654 verba
649 4611 1028 4668 nequaquam
1061 4592 1264 4647 eadem
1298 4591 1626 4645 dictionum
1669 4591 1821 4644 serie
1883 4590 2084 4646 haberi

443 4689 505 4744 in
539 4689 690 4744 libro
721 4690 1058 4758 Regnorum
1093 4700 1104 4736 :
1139 4687 1240 4737 aut
1279 4681 1468 4734 Solum
1527 4697 1561 4734 a
1617 4680 1887 4734 Samuele
1927 4681 2083 4736 dicta

446 4795 574 4834 esse
605 4777 676 4832 ad
701 4777 963 4830 Saulhoc
997 4773 1167 4828 modo
1193 4788 1244 4824 ευ
1267 4772 1506 4824 Etnunc
1526 4785 1770 4840 regnum
1789 4775 1950 4823 tuum
1969 4787 2084 4824 non

443 4865 862 4938 permanebit:
899 4870 957 4918 et
995 4867 1222 4932 quaeret
1280 4858 1564 4912 Dominus
1620 4856 1730 4911 sibi
1783 4859 2087 4913 hominem

445 4954 770 5012 secundum
803 4971 904 5008 cor
943 4969 1135 5006 suum.
1171 4956 1228 5004 et
1257 4945 1562 5020 praecipiet
1589 4947 1674 5000 illi
1711 4947 1994 5002 Dominus
2023 4956 2090 5004 ut

443 5044 696 5116 imperet
726 5059 904 5113 super
925 5039 1212 5112 populum
1247 5053 1418 5092 suum
1453 5051 1466 5090 :
1510 5035 1649 5106 quia
1680 5053 1798 5090 non
1847 5037 2086 5092 servasti

442 5148 810 5208 qumcunque
845 5129 1123 5201 prmcepit
1149 5126 1252 5180 tibi
1281 5125 1615 5180 Dominus“.
1639 5151 1656 5174 ιι
1677 5127 1900 5180 Ethinc
1918 5143 2084 5183 assu-

439 5241 608 5280 mens
641 5221 856 5276 Paulus
889 5221 969 5274 ita
1000 5217 1183 5272 dixit:
1220 5215 1418 5270 Inveni
1453 5214 1628 5269 David
1673 5215 1860 5270 tilium
1905 5218 2083 5272 Jessaa

433 5314 624 5367 virum
657 5310 986 5366 secundum
1021 5325 1120 5362 cor
1153 5323 1372 5371 meum,
1401 5305 1500 5374 qui
1529 5305 1703 5360 faciet
1735 5322 1944 5361 omnes
1973 5324 2080 5362 vo-

433 5402 693 5456 luntates
725 5415 885 5454 meas
943 5421 969 5446 ‹‹
1004 5401 1152 5452 Ante
1185 5395 1396 5450 faciem
1427 5393 1704 5450 introitus
1737 5396 1885 5467 ejus.
1923 5419 1950 5444 ι.
1981 5397 2080 5452 In-

433 5491 676 5547 troitum
709 5495 876 5544 vocat
903 5487 1398 5544 incarnationem.

507 5699 528 5734 7
561 5701 585 5756 Ι
616 5701 772 5756 Petr.
807 5715 858 5769 ν,
894 5699 981 5753 13.
1013 5695 1082 5751 ⁸1
1109 5697 1252 5769 Reg.
1283 5707 1400 5762 xm,
1439 5690 1525 5744 13.

2199 542 2219 568 ιι
2255 517 2300 571 εί
2331 511 2441 572 ἔστι
2477 518 2644 592 λόγος
2673 517 2724 574 έν
2757 520 2883 594 ὑμῖν
2914 516 3318 594 παρακλήσεως
3345 517 3486 592 πρὸς
3543 517 3634 571 τὸν
3687 514 3843 584 λαὸν,

2201 632 2221 658 ι
2261 605 2468 685 λέγετε.
2497 635 2518 662 ι

2265 723 2292 748 ι(
2327 698 2580 770 Ἰωάννης
2605 695 2664 753 δὲ
2693 696 3085 773 ἀποχωρήσας.
3123 723 3148 750 ιι
3181 697 3354 759 οὗτός
3408 695 3549 752 ἐστιν
3583 697 3842 766 Ἰωάννης

2193 787 2220 840 ὁ
2278 786 2366 841 καὶ
2429 789 2649 863 Μάρκος
2714 787 2961 858 κληθεὶς,
3061 789 3089 844 ὁ
3173 788 3395 862 ἀνεψιὸς
3483 781 3754 860 Βαρνάϐα,
3811 785 3840 840 ὁ

2191 877 2282 932 καί
2339 877 2402 932 τὸ
2487 878 2622 932 κατὰ
2683 879 2904 953 Μάρκον
2995 875 3327 954 Εὐαγγέλιον
3389 875 3844 952 συγγραψάμενος

2191 967 2282 1020 καὶ
2317 969 2568 1039 μαθητὴς
2609 969 2812 1040 Πέτρου
2868 971 2964 1022 τοῦ
3013 965 3338 1045 κορυφαίου,
3390 964 3515 1038 περῖ
3570 965 3632 1020 οὗ
3683 985 3841 1042 φησιν

2195 1054 2248 1110 έν
2277 1058 2345 1130 τῇ
2380 1056 2698 1129 Ἐπιστολῇ·
2738 1079 2759 1106 ι
2807 1055 3132 1125 Ἀσπάζεται
3192 1057 3330 1130 ὑμᾶς
3395 1058 3612 1130 Μάρκος
3667 1055 3696 1108 ὁ
3727 1051 3844 1118 υἱός

2197 1166 2322 1219 μου.
2359 1171 2378 1195 ιι
2415 1143 2584 1210 Οὗτος
2611 1147 2792 1202 τοίνυν
2852 1147 2943 1201 ἅτε
2991 1145 3082 1200 ἐπὶ
3145 1147 3481 1222 μακροτέραν
3540 1141 3844 1216 στελλομέ-

2193 1257 2297 1290 νων
2331 1233 2454 1290 ὸδὸν
2509 1241 2616 1290 τῶν
2671 1235 2796 1311 περὶ
2865 1234 3102 1302 Παῦλον,
3159 1235 3436 1310 ὀναχωρεῖ
3493 1234 3586 1290 ἀπ’
3639 1233 3846 1304 αὐτῶν,

2191 1323 2368 1378 καίτοί
2399 1346 2460 1402 γε
2491 1325 2766 1400 ὑπηρέτης
2795 1323 2893 1398 ὢν,
2927 1322 3016 1380 διὰ
3045 1326 3106 1380 τὸ
3157 1328 3234 1400 μὴ
3269 1325 3448 1400 φέρειν
3501 1323 3660 1380 αὐτὸν
3717 1323 3848 1390 τοὺς

2190 1411 2492 1476 κινδύνους.

2833 1525 3090 1580 ΚΕΦΑΛ.
3137 1523 3202 1578 K'

2193 1627 2413 1684 Παύλου
2463 1627 2746 1703 εὐθαλὴς.
2807 1627 3128 1684 διδασκαλία
3227 1629 3303 1692 εἷς
3371 1627 3608 1703 Χριστὸν
3671 1625 3732 1703 ἔκ
3783 1647 3844 1683 τε

2263 1704 2379 1780 τοῦ.
2415 1702 2586 1780 νόμου
2626 1773 2638 1780 _
2663 1701 2754 1756 καὶ
2781 1704 3036 1780 λκαβεξῆς
3121 1705 3228 1780 τῶν
3267 1699 3634 1780 ὶπροιρητῶνη
3695 1699 3845 1780 ἱστρ-

2265 1773 2388 1848 ρική
2447 1769 2552 1848 καὶ,
2590 1769 2962 1848 εὐαγγελικὴ,’
2995 1769 3050 1848 iv
3107 1773 3152 1844 ᾧ
3205 1769 3493 1840 ἐκλεκτίκῆ
3551 1771 3640 1848 καὶ
3707 1769 3844 1826 συλ-

2265 1843 2579 1919 λ-ογιστ-ική.
2653 1842 2785 1919 ile-pi
2847 1842 3180 1919 μεταθέσεως
3239 1913 3250 1919 _
3283 1849 3380 1900 τοῦ
3447 1843 3839 1919 Δκηρύγματος

2263 1911 2438 2008 ﬂictu}
2460 1911 2606 1988 ἓθνή,
2649 1911 2899 1994 διωγμὸῦ
2928 1937 2987 1972 τε
3025 1913 3202 1972 αύτῶν
3235 1913 3346 1972 ἐκεῖ
3376 1914 3464 1970 καὶ
3497 1911 3729 1994 ἆιρίξεως
3763 1911 3841 1976 είς

2284 1995 2507 2046 Ικόνιον.

2266 2119 2293 2147 ‹‹
2327 2094 2580 2156 Ἀναστὰς
2634 2091 2690 2150 δὲ
2749 2093 2966 2156 Παῦλος
3018 2095 3108 2149 καὶ
3168 2093 3486 2156 κατασείσας
3534 2097 3604 2168 τῇ
3667 2091 3838 2168 χειρὶ,

2196 2207 2224 2234 κ
2257 2183 2419 2237 εἶπεν·
2451 2181 2672 2258 Ἃνδρες
2703 2183 3065 2258 Ἰσραηλῖται,
3117 2182 3206 2238 καὶ
3269 2184 3320 2237 οἱ
3354 2177 3692 2260 φοϐούμενοι
3745 2180 3839 2236 τὸν

2199 2295 2220 2324 ι
2257 2278 2404 2342 Θεὸν,
2437 2272 2718 2329 ἀκούσατε.
2748 2273 2808 2330 ὐ
2839 2273 2970 2334 Θεὸς
3003 2277 3100 2328 τοῦ
3131 2271 3270 2327 λαοῦ
3321 2271 3519 2327 τούτου
3565 2269 3838 2340 ἐξελέξατο

2193 2385 2222 2413 ‹‹
2261 2362 2386 2422 τοὺς
2417 2361 2650 2436 πατέρας
2679 2365 2862 2434 ἡμῶν,
2919 2362 3010 2417 καὶ
3061 2363 3153 2416 τὸν
3213 2359 3344 2416 λαὸν
3395 2358 3606 2434 ὓψωσεν
3661 2357 3714 2413 έν
3771 2361 3840 2432 τῇ

2193 2451 2511 2525 «παροικίᾳ
2567 2450 2620 2506 ἐν
2686 2455 2756 2526 γῇ
2819 2451 3100 2528 Αἰγύπτῳ.
3165 2449 3262 2505 Καὶ
3325 2449 3457 2522 μετὰ
3544 2447 3842 2524 βραχίονος

2193 2566 2220 2592 ‹‹
2259 2539 2476 2614 ὑψηλοῦ
2503 2541 2758 2618 ἐξήγαγεν
2789 2540 2986 2604 αὐτοὺς
3119 2539 3308 2608 αὐτῆς.
3373 2538 3470 2592 Καὶ
3529 2539 3602 2599 ὡς
3651 2557 3842 2592 τεσσα.

2197 2652 2222 2684 σ
2255 2631 2488 2703 ράκοντα
2519 2627 2608 2702 ἔτη
2639 2631 2841 2706 χρόνον
2901 2630 3343 2708 ἐτροποφόρησεν
3407 2627 3602 2688 αὐτοὺς
3663 2627 3716 2682 ἐν
3773 2629 3843 2702 τῇ

2195 2745 2222 2772 α
2251 2720 2462 2796 ἐρήμῳ.
2496 2721 2598 2778 Καὶ
2621 2719 2864 2776 καθελὼν
2895 2717 3018 2791 ἔθνη
3042 2721 3176 2775 ἑπτα
3207 2719 3258 2773 έν
3291 2723 3364 2795 γῇ
3401 2719 3635 2776 Χαναὰν.
3673 2744 3694 2772 ι

2266 2808 2524 2873 Ἐνταῦθα
2597 2815 2814 2884 πρῶτον
2899 2809 2951 2865 ἐν
3013 2808 3330 2882 Ἀντιοχείᾳ
3415 2815 3516 2877 τῆς
3593 2804 3846 2870 Ηισιδίας

2193 2897 2449 2972 κηρύττει
2487 2897 2723 2960 Παῦλος.
2758 2898 2852 2962 Εἲς
2883 2899 2976 2960 τὰς
3011 2899 3329 2973 συναγωγὰς
3363 2895 3420 2952 δὲ
3483 2895 3729 2972 εἷσῂεσαν
3789 2895 3842 2952 έν

2195 2989 2442 3062 σχήματι
2495 2986 2791 3056 Ἰουδαίων,
2852 2987 2990 3044 ὥστε
3043 2989 3116 3062 μή
3177 2985 3510 3052 ἐλαύνεσθαι,
3552 2987 3644 3042 καὶ
3700 2985 3844 3042 οὕτω

2193 3077 2256 3132 τὸ
2285 3083 2387 3132 πᾶν
2416 3078 2749 3154 κατώρθουν,
2781 3101 2808 3130 ι(
2859 3081 3024 3148 ’Ἐθνη
3082 3078 3236 3132 έπτά’
3307 3099 3333 3132 η
3397 3077 3679 3144 Χεταίους,
3713 3081 3845 3150 Γερ-

2575 3167 2962 3244 Ἀμορῥαιους,
3047 3165 3402 3236 Χαναναίους,
3487 3167 3842 3242 Φερεζαίους,

2197 3255 2450 3320 Εὖαίους,
2481 3257 2568 3312 καὶ
2603 3252 2962 3318 Ἰεϐουσαίους

2268 3373 2296 3400 ‹‹
2329 3344 2878 3421 Κατεκληρονόμησεν
2937 3345 3126 3408 αὐτοῖς
3181 3347 3280 3415 τήν
3341 3347 3442 3421 γῆν
3490 3345 3693 3402 αὐτῶν.
3733 3344 3839 3401 Καὶ

2198 3460 2226 3486 ι(
2262 3437 2396 3507 μετᾶ
2425 3439 2590 3491 ταῦτα
2622 3437 2696 3496 ὼς
2727 3435 2864 3490 ἔτεσι
2903 3435 3282 3509 τετρακοσίοις
3327 3433 3417 3490 καὶ
3475 3435 3838 3504 πεντήκοντα,

2203 3545 2226 3572 α
2259 3519 2426 3579 ἔδωκε
2448 3525 2633 3600 κριτὰς
2655 3525 2760 3586 ἓως
2819 3525 3086 3598 Σαμουὴλ
3146 3529 3242 3579 τοῦ
3307 3525 3614 3600 προφήτου.
3649 3523 3840 3578 Κάκεῖ-

2202 3637 2222 3664 ι
2259 3624 2343 3677 θεν
2375 3613 2648 3688 ᾐτήσαντο
2685 3613 2934 3690 βασιλέα,
2982 3614 3070 3668 γαὶ
3130 3611 3326 3670 ἔδωκεν
3381 3612 3566 3675 αὖτοῖς
3627 3614 3654 3668 ὁ
3711 3612 3844 3674 Θεὸς

2197 3727 2225 3754 ‹‹
2256 3704 2346 3757 τὸν
2383 3700 2558 3758 Σαοὺλ
2589 3703 2703 3758 υἱὸν
2738 3703 2860 3772 Κῖς,
2889 3699 3054 3778 ἄνδρα
3103 3703 3161 3758 ἐκ
3217 3701 3396 3780 φυλῆς
3431 3703 3712 3774 Βενιαμὶν,
3745 3699 3840 3773 ἔτη

2201 3789 2670 3864 «τεσσαράκοντα.
2707 3790 2809 3848 Καὶ
2875 3793 3214 3864 μεταστήσας
3269 3789 3426 3846 αὐτὸν
3477 3791 3688 3865 ἤγειρεν
3741 3789 3842 3844 αύ-

2201 3903 2224 3934 α
2268 3885 2382 3942 τοῖς
2412 3879 2500 3934 τὸν
2536 3877 2694 3936 Δαυνίό
2728 3879 2804 3942 είς
2839 3879 3090 3955 βασιλέα,
3124 3879 3169 3954 ᾦ
3226 3879 3314 3934 καὶ
3383 3879 3498 3932 εἶπε
3559 3877 3839 3950 μαρτυρή-

2201 3993 2226 4026 ιι
2261 3991 2372 4034 σας,
2407 3969 2574 4045 Εὗρον
2607 3967 2768 4024 Δαυίδ
2799 3971 2888 4024 τὸν
2917 3974 3013 4024 τοῦ
3047 3968 3256 4038 Ἰεσσαὶ,
3315 3965 3481 4043 ἄνδρα
3536 3967 3674 4022 κατὰ
3736 3967 3839 4035 τήν

2197 4084 2224 4111 ‹‹
2257 4057 2478 4134 καρδίαν
2513 4081 2642 4134 μου,
2677 4060 2736 4122 ὅς
2769 4061 2988 4130 ποιήσει
3037 4060 3208 4114 πάντα
3251 4059 3320 4114 τὰ
3371 4055 3652 4132 Θελήματά
3709 4075 3838 4128 μου.

2199 4173 2224 4200 (ι
2258 4146 2524 4204 Τούτουὸ
2557 4147 2684 4208 Θεὸς
2743 4146 2848 4202 ἀπὸ
2903 4150 3002 4201 τοῦ
3068 4147 3378 4222 σπέρματος
3435 4145 3553 4200 κατ’
3609 4143 3844 4218 ἐπαγγε-

2197 4261 2224 4288 ‹‹
2261 4235 2380 4291 λίαν
2409 4235 2584 4314 ἤγαγε
2622 4241 2701 4310 τῷ
2734 4234 2957 4312 Ἰσραὴλ
3013 4241 3246 4310 Σωτῆρα
3305 4236 3508 4306 Ἰησοῦ,
3561 4229 3843 4310 προκηρύ-

2201 4349 2227 4378 ‹‹
2259 4328 2442 4398 ξαντος
2483 4327 2755 4384 Ἰωάννου.
2789 4347 2816 4376 n

2269 4529 2296 4556 ι(
2331 4505 2500 4578 Εὗρον
2559 4499 2745 4574 Δαυῖδ,
2783 4527 2808 4556 υ
2857 4502 2948 4558 καὶ
3013 4503 3080 4557 τὰ
3138 4503 3281 4574 ἑξῆς.
3347 4497 3701 4576 Σημειωτέον
3761 4499 3840 4562 ὡς

2197 4591 2442 4670 ούδαμοῦ
2500 4593 2776 4664 αὐτολεξεὶ
2831 4598 2998 4649 ταῦτα
3049 4594 3117 4648 τὰ
3173 4593 3396 4668 ῥήματα
3443 4597 3616 4648 κεῖται
3647 4589 3698 4645 ἐν
3755 4594 3837 4662 τῷ

2199 4679 2380 4759 βίϐλῳ
2413 4689 2519 4738 τῶν
2555 4681 2876 4746 Ιόασιλειῶν,
2909 4683 2942 4754 ἢ
2987 4681 3152 4758 μόνον
3189 4685 3545 4759 προφητικῶς
3601 4679 3708 4735 ἀπὸ
3737 4682 3836 4736 τοῦ

2203 4772 2470 4846 Σαμουὴλ
2505 4771 2762 4848 εἰρημένα
2799 4774 2934 4848 πρὸς
2989 4773 3080 4828 τὸν
3137 4771 3342 4842 Σαοὺλ,
3396 4772 3592 4832 οὓτως·
3657 4793 3683 4820 α
3735 4767 3839 4826 Καὶ

2197 4865 2352 4931 νῦνῆ
2389 4861 2642 4936 βασιλεία
2697 4883 2792 4918 σου
2851 4863 2910 4916 οὗ
2962 4865 3234 4932 στήσεται·
3295 4861 3384 4917 καὶ
3443 4863 3665 4930 ζητήσει
3727 4858 3840 4914 Κύ-

2197 4972 2314 5028 ριος
2343 4953 2517 5023 ἑαυτῷ
2549 4949 2826 5026 ἄνθρωπον
2885 4953 3022 5006 κατὰ
3073 4957 3172 5021 τὴν
3233 4947 3459 5028 καρδίαν
3502 4949 3690 5018 αὐτοῦ,
3745 4945 3837 5002 καὶ

2196 5039 2486 5096 ἐντελεῖται
2529 5041 2727 5116 Κύριος
2781 5041 2931 5112 αύτῷ
2985 5041 3060 5103 εἷς
3119 5040 3359 5117 ἂρχοντα
3417 5039 3504 5094 ἐπὶ
3557 5039 3648 5094 τὸν
3705 5036 3834 5092 λαὸν

2194 5131 2380 5198 αύτοῦ,
2417 5131 2499 5186 ὅτι
2531 5129 2630 5186 οὐκ
2659 5129 2923 5209 ἐφύλαξας
2957 5129 3055 5185 ὅσα
3085 5129 3389 5186 ἐνετείλατό
3431 5150 3514 5184 σοι
3551 5127 3774 5202 Κύριος.
3807 5147 3834 5178 »ι

2195 5221 2298 5278 Καὶ
2357 5219 2590 5276 ἐντεῦθεν
2648 5221 2675 5274 ὁ
2733 5219 2948 5283 Παῦλος
3019 5221 3196 5282 οὕτως
3256 5218 3464 5295 ε’ίρηκε,
3521 5217 3607 5286 τὸ,
3671 5214 3842 5292 Εὗρον

2193 5309 2354 5366 Δαυΐό
2385 5311 2475 5365 τὸν
2503 5313 2599 5365 τοῦ
2639 5311 2849 5379 Ἰεσσαὶ,
2884 5307 3052 5385 ἄνδρα
3106 5311 3244 5365 κατὰ
3298 5311 3396 5380 τὴν
3429 5305 3650 5384 καρδίαν
3712 5326 3840 5378 μου,

2191 5398 2250 5459 ὅς
2283 5401 2500 5468 ποιήσει
2529 5400 2702 5455 πάντα
2733 5401 2798 5454 tit
2827 5399 3112 5472 Θελήματά
3147 5421 3272 5474 μου.
3310 5423 3337 5451 ιι
3397 5399 3506 5473 Πρὸ
3539 5396 3842 5474 προσώπου

2189 5497 2291 5558 τῆς
2323 5487 2538 5544 εἰσόδου
2569 5491 2733 5545 αὑτοῦ
2763 5511 2788 5542 ιι
2829 5491 3112 5566 βάπτισμα
3145 5489 3424 5564 μετανοίας
3481 5492 3558 5561 τῷ
3590 5482 3841 5562 Ἰσραήλ.

2189 5575 2422 5637 Εἵσοὸον
2451 5581 2550 5652 τήν
2579 5581 2848 5656 σάρκωσιν
2883 5577 3052 5656 λέγει.
