4176 6200
304 333 393 396 105
1252 331 1653 395 OONMENT.
1701 331 1788 392 IN
1833 329 2042 391 ACTA
2085 325 2695 393 APOSTOLORUM.

3559 336 3678 401 206

362 471 488 527 «Ὡς
548 462 606 520 δὲ
657 466 905 539 ἐπλήρου
974 464 1225 535 Ἰωάννης
1300 466 1393 520 τὸν
1452 462 1682 540 δρόμον,
1740 462 1912 537 ἔλεγε·

2106 464 2255 524 XIll,
2284 465 2465 518 25-29.
2502 486 2530 512 ‹‹
2562 466 2639 517 At
2667 479 2803 519 cum
2829 466 3085 521 Joannes
3107 466 3384 538 impleret
3413 486 3672 540 cursum,

303 577 327 607 ιι
350 554 465 613 Τίνα
495 574 563 627 με
587 553 869 609 ὑπονοεῖτε
896 553 1038 609 εἶναι
1071 573 1086 623 ;
1124 552 1224 610 οὐκ
1271 552 1386 627 εἰμὶ
1444 552 1575 631 ἐγώ,
1610 551 1739 608 ἀλλ’
1796 548 1918 606 ἲδοὺ

302 644 551 720 «ἔρχεται
588 645 704 717 μετ’
733 642 853 715 ἐμὲ,
900 641 963 697 οὗ
1024 642 1123 699 οὐκ
1169 641 1283 716 ἐὶμὶ
1341 642 1489 712 ἄξιος
1544 642 1608 699 τὸ
1661 638 1919 713 ὑποδημα

301 737 437 788 «τῶν
493 732 682 788 ποδῶν
742 732 922 788 λῦσαι.
981 728 1213 806 ’Ἄνδρες
1270 728 1522 811 ἀδελφοὶ,
1574 730 1682 785 υἱοὶ
1728 732 1916 806 γένους

298 816 603 895 «Ἀϐρααμ,
661 819 753 875 καὶ
811 820 864 875 οἱ
928 818 983 875 ἐν
1042 820 1169 892 ὑμῖν
1216 815 1563 899 ,φοϐούμενοι
1616 819 1708 875 τὸν
1763 818 1916 884 Θεὸν,

299 934 324 964 ιι
355 912 463 984 ὑμῖν
496 912 525 965 ὁ
554 909 727 985 λόγος
764 916 865 978 τῆς
924 909 1198 983 σωτηρίας
1256 908 1458 980 ταύτης
1513 906 1817 978 ἀπεστάλη.
1848 906 1918 964 Οἱ

296 1027 322 1056 α
346 1001 430 1075 γὰρ
459 1003 838 1061 κατοικοῦντες
870 998 924 1054 iv
973 997 1364 1074 Ἰερουσαλὴμ,
1419 999 1509 1054 καὶ
1566 1000 1618 1053 οἱ
1650 1000 1915 1075 ἄρχοντες

298 1115 321 1144 ι(
348 1089 507 1146 αὐτῶν
562 1093 754 1145 τοῦτον
828 1089 1209 1162 ἀγνοήσαντες,
1269 1087 1358 1143 καὶ
1412 1088 1511 1149 τὰς
1566 1088 1749 1161 φωνὰς
1804 1090 1913 1142 τῶν

295 1183 645 1257 «προφητῶν,
694 1176 789 1239 τάς
845 1178 983 1232 κατά
1039 1181 1145 1231 πᾶν
1214 1169 1494 1232 Σάϐϐατον
1550 1177 1914 1253 ἀναγινωσκο-

296 1294 320 1323 ιι
348 1271 519 1343 μένας,
549 1267 829 1341 κρίναντες
860 1264 1213 1340 ἐπλήρωσαν·
1256 1266 1347 1322 καὶ
1410 1262 1680 1339 μηδεμίαν
1738 1263 1912 1321 αἰτίαν

294 1357 561 1412 κθανάτου
614 1355 883 1430 εὗροντες,
942 1355 1217 1430 ᾐτήσαντο
1277 1352 1513 1410 Πιλᾶτον
1569 1353 1916 1430 ἀναιρεθῆναι

288 1474 313 1503 ‹‹
340 1448 506 1506 αὐτόν.
574 1448 664 1510 Ὡς
724 1444 783 1501 δὲ
868 1446 1118 1502 ἒτὲλεσαν
1189 1448 1397 1503 ἅπαντα
1449 1447 1518 1503 τὰ
1566 1447 1689 1520 περὶ
1747 1446 1914 1504 αὐτοῦ

293 1561 317 1594 ι
340 1540 701 1617 γεγραμμένα,
732 1536 1053 1600 καθελόντες
1086 1538 1192 1593 ἀπὸ
1239 1542 1336 1595 τοῦ
1365 1537 1530 1610 ξύλου
1584 1534 1782 1608 ἔθηκαν
1837 1537 1915 1601 είς

289 1651 313 1684 l
339 1633 617 1703 μνημεῖον.
653 1650 683 1680 ››

347 1718 595 1788 ἰωάννης
653 1720 947 1792 μαρτυρεῖ,
1037 1715 1145 1791 οὐχ
1225 1714 1438 1785 ἁπλῶς,
1496 1713 1643 1771 ἀλλά
1696 1714 1912 1770 πάντων

2027 574 2055 603 ‹‹
2089 550 2327 606 dicebat
2359 568 2373 605 :
2405 551 2590 616 Quem
2624 568 2717 608 me
2753 552 3129 611 arbitramini
3160 557 3333 612 esse?
3376 574 3499 614 non
3543 577 3675 617 sum

2028 661 2055 692 α
2088 656 2215 713 ego,
2246 639 2349 696 sed
2375 656 2507 697 ecce
2526 642 2687 696 venit
2712 648 2846 713 post
2869 660 2960 698 me
2983 645 3151 718 cujus
3171 662 3289 702 non
3306 664 3439 704 sum
3463 648 3674 722 dignus

2026 752 2055 780 ι(
2089 731 2312 786 soleam
2350 731 2570 803 pedum
2603 731 2846 788 solvere.
2882 734 3001 789 Viri
3034 735 3264 798 fratres.
3300 738 3407 794 filii
3438 741 3674 812 generis

2026 842 2055 871 ‹‹
2090 819 2407 886 Abraham,
2426 827 2486 876 et
2513 821 2616 892 qui
2648 824 2684 876 ‘l
2702 822 2800 877 18
2819 822 2975 878 inter
2992 841 3093 880 vos
3111 826 3323 882 timent
3343 828 3547 895 Deum,
3580 846 3674 886 vo-

2024 932 2053 960 ‹‹
2084 909 2176 965 bis
2208 909 2448 965 verbum
2481 910 2693 966 salutis
2722 911 2904 984 hujus
2946 914 3198 970 missum
3230 922 3337 972 est.
3364 917 3471 983 Qui
3504 918 3669 975 enim

2023 999 2351 1055 «habitant
2396 1000 2723 1056 Jerusalem
2776 1008 2836 1056 et
2890 1003 3192 1075 principes
3250 1021 3477 1074 eorum,
3535 1022 3671 1063 cum

2019 1111 2048 1141 ‹‹
2067 1090 2413 1163 ignorarent
2432 1107 2588 1155 eum,
2621 1106 2914 1163 vocesque
2946 1094 3367 1164 prophetarum
3398 1112 3533 1168 qum
3559 1113 3669 1170 per

2029 1202 2049 1229 ι
2085 1196 2260 1235 omne
2293 1178 2604 1235 sabbatum
2642 1179 2946 1253 leguntur.
2981 1182 3375 1239 condemnato
3408 1200 3477 1240 eo
3508 1198 3673 1242 com-

2022 1289 2052 1319 «
2083 1268 2411 1341 pleverunt,
2440 1269 2726 1341 nullaque
2757 1271 2967 1326 mortis
2992 1287 3170 1328 causa
3208 1271 3448 1329 inventa
3478 1264 3669 1348 petie-

2028 1377 2050 1404 ι
2082 1365 2222 1413 runt
2252 1375 2286 1415 a
2316 1359 2501 1415 Pilato
2532 1364 2599 1415 ut
2630 1358 3091 1417 interimeretur.
3136 1365 3399 1434 Cumque
3429 1362 3668 1436 etples-

2023 1469 2051 1498 «
2085 1450 2428 1505 sentomnia
2455 1465 2585 1521 qua)
2606 1450 2681 1505 de
2702 1467 2770 1506 eo
2794 1452 3013 1523 scripta
3035 1452 3569 1525 erant,depositum
3595 1454 3667 1513 de

2024 1559 2053 1589 «
2082 1537 2242 1612 ligno
2273 1545 2602 1611 posuerunt
2632 1539 2695 1595 in
2726 1546 3137 1598 monumento.
3175 1564 3205 1593 ››

2089 1718 2344 1773 Joannes
2372 1718 2784 1774 testimonium
2815 1718 3032 1788 reddit,
3066 1736 3187 1776 non
3210 1721 3431 1794 vulgari
3461 1721 3668 1792 modo,

282 1805 358 1862 ἐπ’
408 1805 566 1860 αὐτὸν
620 1805 861 1881 ἀγόντων
926 1805 1027 1874 τήν
1081 1800 1237 1875 δόξαν
1269 1848 1285 1876 ,
1341 1803 1502 1869 αὐτὸς
1558 1804 1725 1873 αὐτὴν
1778 1804 1912 1859 ἀπο-

2030 1805 2347 1901 sedipsam
2381 1806 2633 1879 gloriam
2664 1824 2840 1878 quam
2875 1808 2947 1864 ad
2979 1809 3174 1881 ipsum
3207 1809 3550 1866 deferebant
3578 1825 3669 1867 re-

280 1898 532 1972 κρούεται.
579 1896 658 1955 Οὐ
689 1898 793 1973 γὰρ
853 1895 996 1952 ἐστιν
1054 1896 1167 1952 ἴσον
1227 1894 1458 1970 μηδενὸς
1518 1894 1764 1959 διδόντος
1823 1896 1912 1952 καὶ

284 1986 499 2045 πολλων
527 1987 883 2064 παρεχόντων
914 1989 1084 2061 τιμὴν
1116 1985 1446 2052 διωθεῖσθαι.
1475 1988 1547 2043 Τὸ
1588 1984 1666 2059 δὲ,
1701 2010 1729 2039 ι(
1759 1987 1913 2060 Ὑμῖν

288 2079 315 2133 ὁ
355 2077 535 2154 λόγος,
597 2102 626 2130 ››
661 2078 762 2147 τὴν
823 2077 1088 2152 εὐγένειαν
1146 2073 1374 2133 δείκνυσι
1429 2080 1529 2147 τήν
1592 2075 1915 2146 Ἰουδαϊκήν.

282 2165 510 2224 Πιλάτου
545 2164 603 2222 δὲ
629 2167 981 2240 μνημονεύει,
1030 2165 1121 2220 ἳνα
1176 2166 1440 2240 μειζόνως
1498 2162 1912 2243 κατηγορῶνται

277 2257 349 2319 ὡς
371 2253 517 2330 ἀνδρὶ
548 2253 878 2328 παραδόντεν
902 2253 1231 2335 ἀλλοφύλῳ.
1265 2257 1344 2315 Τὸ
1374 2252 1453 2326 δὶ,
1478 2280 1506 2307 «α
1538 2256 1861 2326 ᾙτήσαντο,
1884 2275 1914 2306 ››

275 2348 428 2422 χάριν
459 2339 656 2401 ἔλαϐον
692 2389 707 2414 ,
740 2345 929 2424 φησὶν,
962 2344 1036 2407 ὡς
1070 2344 1277 2400 ἐκείνου
1337 2345 1413 2419 μή
1446 2344 1725 2407 Θέλοντος·
1761 2344 1790 2399 ὃ
1820 2342 1911 2398 καὶ

273 2434 470 2509 Πέτρος
523 2431 668 2509 λέγει
745 2434 1062 2510 σαφέστρον·
1145 2432 1390 2491 Ἐκείνου
1436 2435 1714 2507 κρίναντος
1774 2433 1912 2487 ἀπο-

273 2521 437 2582 λύειν.

338 2724 362 2756 ι
393 2702 449 2772 ὀ
474 2698 533 2757 δε
563 2700 694 2764 Θεὸς
752 2698 968 2777 ἤγειρεν
1025 2702 1189 2757 αὑτὸν
1246 2698 1307 2757 ἐκ
1363 2705 1587 2776 νεκρῶν,
1636 2700 1694 2763 ὃς
1751 2695 1905 2781 ὤφθη

262 2816 295 2843 α
328 2788 416 2845 ἐπὶ
461 2789 672 2866 ἡμέρας
728 2788 956 2852 πλείους
1032 2795 1151 2853 τοῖς
1229 2787 1519 2847 συναϐἀσιν
1599 2789 1748 2863 αὗτῷ
1802 2790 1909 2846 ἀπὸ

266 2906 297 2936 α
331 2887 433 2950 τῆς
472 2880 769 2943 Γαλιλαίας
800 2879 879 2943 εἷς
936 2880 1328 2957 Ἰερουσαλὴμ.
1387 2883 1602 2945 Οἶτινὲς
1629 2881 1732 2937 εἰσι
1767 2883 1907 2955 μάρ-

262 2993 293 3022 α
326 2984 477 3045 τυρες
502 2967 676 3024 αὐτοῦ
707 2970 845 3045 πρὸς
902 2970 996 3024 τὸν
1053 2968 1208 3027 λαὸν.
1260 2970 1363 3028 Καὶ
1420 2973 1583 3044 ἡμεῖς
1651 2971 1791 3043 ὑμᾶς
1819 2970 1909 3026 εὐ-

259 3082 292 3111 ιι
320 3057 725 3135 αγγελιζόμεθα
763 3061 864 3130 τὴν
924 3059 1059 3135 πρὸς
1112 3058 1244 3123 τοὺς
1292 3062 1527 3136 πατέρας
1579 3058 1909 3138 ἐπαγγελίαν

265 3171 295 3200 ει
332 3146 652 3221 γενομένην,
702 3148 786 3203 ὅτι
815 3149 1016 3220 ταύτην
1078 3149 1106 3204 ό
1155 3151 1284 3213 Θεὸς
1337 3148 1737 3226 ἐκπεπλήρωκε
1789 3155 1907 3213 τοῖς

263 3260 288 3291 α
324 3237 536 3300 τέκνοις
566 3236 746 3293 αὐτῶν
776 3240 932 3311 ἡμῖν.
964 3259 996 3294 ι

334 3324 495 3382 Οὐδὲν
519 3326 719 3383 ατοπον
764 3326 828 3383 τὸ
877 3328 968 3383 τὸν
1029 3328 1239 3399 Ἰησοῦν
1300 3327 1591 3405 ὲγηγέρθαι
1650 3329 1755 3385 ὑπὸ
1810 3335 1907 3387 τοῦ

255 3419 396 3470 Θεοῦ
428 3412 697 3492 λέγεσθαι.
731 3413 794 3473 Ei
826 3416 929 3491 γὰρ
982 3418 1194 3488 Ἰησοῦς
1243 3418 1346 3474 οὐκ
1398 3416 1569 3482 ἄλλος
1625 3418 1766 3475 ἐστὶν
1810 3420 1846 3490 ἢ
1879 3421 1907 3475 ὃ

253 3504 437 3579 Λόγος
488 3506 517 3560 ὁ
577 3506 900 3580 σαρκωθεὶς,
957 3506 1116 3569 οὗτος
1178 3504 1235 3563 δὶ
1288 3505 1429 3563 ἔστιν
1461 3510 1495 3578 ἡ
1530 3505 1757 3582 δύναμις
1812 3514 1909 3566 τοῦ

256 3595 503 3666 Πατρὸς,
562 3592 633 3649 δι’
692 3592 755 3649 οὗ
811 3596 984 3652 πάντα
1040 3594 1269 3672 ἐνεργεῖ,
1320 3598 1457 3653 κατά
1511 3599 1618 3668 τὸ,
1678 3600 1909 3672 Χριστὸς

250 3689 395 3741 Θεοῦ
428 3682 871 3760 δόναμις,αὖτὸς
928 3687 1115 3743 ἑαυτὸν
1172 3688 1504 3746 ἀνεστακέναι
1558 3692 1906 3762 νοηθήσεται,

247 3774 436 3828 καίτοι
470 3773 759 3851 ἐγηγέρθαι
794 3774 1092 3850 λεγόμενος
1146 3777 1248 3834 ὑπὸ
1302 3782 1399 3833 τοῦ
1458 3781 1688 3851 Ματρὸς,
1748 3779 1910 3858 ἐφ”ὸν

247 3863 329 3923 ὡς
386 3865 570 3938 ἀρχὴν
627 3863 717 3918 καὶ
777 3864 949 3920 αἰτίαν
1008 3865 1242 3941 αχρονον
1300 3868 1504 3922 ἅπαντα
1571 3865 1908 3946 ἀναφέρεται.

240 3950 405 4007 Ἐπεὶ
468 3952 557 4006 καὶ
616 3951 779 4016 αὐτός
834 3974 989 4023 φησιο
1062 3979 1090 4007 ι(
1131 3954 1336 4011 Λύτατε
1390 3956 1484 4012 τὸν
1527 3956 1651 4013 ναὸν
1692 3962 1912 4029 τοῦτον,

242 4042 341 4095 καί
376 4039 431 4097 ἐν
467 4041 644 4116 τρισὶν
678 4041 912 4118 ἡμέραις
937 4041 1109 4120 ἐγερῶ
1138 4042 1316 4102 αὐτόν.
1349 4069 1377 4097 n

307 4245 340 4272 α
412 4221 734 4291 ’ναστήσας
799 4222 1028 4292 Ἰησοῦν,
1089 4222 1162 4284 ὡς
1218 4222 1307 4278 καὶ
1365 4223 1418 4278 ἐν
1474 4228 1552 4297 τῷ
1574 4223 1783 4299 ψαλμῷ
1831 4229 1910 4298 τῷ

244 4335 273 4363 α
306 4313 531 4386 πρώτῳ
561 4311 879 4389 γέγραπται,
931 4313 1054 4376 Υἱός
1090 4335 1195 4387 μου
1251 4316 1303 4370 εἴ
1352 4316 1441 4384 σὺ,
1499 4313 1611 4392 ἐγὼ
1668 4316 1908 4393 σῂμερον

244 4424 273 4452 a
306 4400 622 4476 γεγέννηκά
654 4422 730 4460 σε.
764 4425 792 4453 ››

318 4488 556 4562 Ἐπειδὴ
592 4492 653 4547 τὸ
708 4493 916 4562 Ἰησοῦς
942 4488 1118 4567 ὄνομα
1176 4493 1262 4550 ἐπὶ
1317 4499 1413 4551 τοῦ
1465 4496 1751 4571 ἀνθρώπου
1812 4518 1905 4553 κα·

2022 1894 2277 1966 pellens.
2311 1897 2510 1966 Neque
2541 1896 2702 1951 enim
2729 1897 2958 1968 aequale
2989 1904 3077 1954 est
3115 1898 3362 1971 gloriam
3417 1899 3667 1971 rejicere

2022 1999 2155 2038 cum
2178 1983 2343 2039 illam
2375 1984 2577 2040 nullus
2606 1986 2798 2053 offert,
2823 1993 2880 2041 et
2909 2003 3043 2042 cum
3073 1987 3345 2059 plerique
3375 1988 3666 2046 tribuunt.

2022 2074 2169 2131 Cum
2199 2081 2397 2131 autem
2426 2075 2590 2141 dicit,
2647 2098 2675 2127 ‹‹
2711 2076 2886 2133 Vobis
2936 2078 3200 2149 verbum,
3260 2084 3317 2135 et
3369 2086 3601 2143 caetera,
3637 2101 3665 2129 ››

2020 2165 2480 2236 generositatem
2512 2166 2774 2222 ostendit
2793 2167 3153 2224 Judmorum.
3188 2167 3362 2224 Pilati
3378 2184 3514 2224 vero
3548 2184 3669 2225 me-

2022 2254 2217 2321 minit,
2249 2259 2315 2309 ut
2345 2255 2539 2311 acrius
2571 2272 2670 2311 eos
2715 2263 3007 2328 argueret,
3067 2262 3132 2312 ut
3177 2258 3277 2329 qui
3335 2258 3457 2313 viro
3487 2257 3670 2314 tradi-

2022 2341 2218 2399 derint
2246 2344 2616 2417 alienigenaa.
2651 2347 2720 2400 Et
2760 2345 2919 2418 quod
2967 2346 3153 2411 addit,
3219 2370 3239 2396 ι
3276 2348 3603 2416 Petierunt,
3633 2366 3661 2399 ι

2021 2434 2252 2496 Munus,
2297 2434 2512 2506 inquit,
2572 2442 2929 2508 acceperunt
2987 2436 3157 2509 quasi
3214 2436 3318 2492 illo
3375 2437 3666 2493 nolente:

2019 2522 2177 2592 quod
2233 2524 2496 2595 apertius
2542 2524 2685 2581 dicit
2717 2526 2968 2581 Petrus:
3008 2527 3153 2582 Cum
3201 2525 3304 2582 ille
3352 2526 3669 2583 absolven-

2017 2611 2158 2668 dum
2179 2613 2531 2683 judicasset.

2088 2704 2240 2769 XIII,
2275 2704 2342 2757 30
2399 2705 2487 2759 33.
2530 2725 2558 2755 «
2618 2705 2769 2760 Deus
2823 2709 3021 2761 autem
3080 2705 3350 2761 excitavit
3408 2705 3668 2777 ipsuma

2016 2814 2044 2841 «
2080 2792 2350 2859 mortuis,
2376 2794 2477 2865 qui
2509 2795 2783 2866 apparuit
2826 2811 2933 2865 per
2987 2795 3113 2850 dies
3172 2795 3391 2851 multos
3439 2795 3532 2848 his
3562 2794 3664 2865 qui

2022 2903 2044 2933 ι
2074 2897 2196 2938 una
2224 2900 2358 2938 cum
2390 2899 2458 2938 eo
2477 2884 2869 2939 ascenderant
2898 2883 3662 2954 aGalilwaJerosolymam:

2018 2992 2045 3020 (ι
2078 2971 2179 3041 qui
2210 2976 2392 3027 testes
2415 2973 2543 3044 ejus
2566 2973 2651 3027 rei
2678 2978 2817 3028 sunt
2847 2988 3045 3027 coram
3069 2972 3310 3044 populo.
3342 2973 3411 3027 Et
3438 2988 3547 3027 nos
3568 2988 3661 3026 vo-

2016 3081 2043 3108 «
2076 3058 2168 3115 bis
2196 3061 2622 3117 aununtiamus
2654 3060 2813 3132 quod
2845 3077 2974 3117 eam
3007 3078 3138 3133 qum
3182 3059 3253 3117 ad
3286 3061 3489 3116 Patres
3520 3077 3666 3117 nos-

2022 3174 2051 3204 ‹‹
2082 3158 2204 3207 tros
2234 3151 2388 3207 facta
2418 3156 2506 3207 est
2535 3151 3084 3224 repromissionem,
3115 3151 3271 3208 Deus
3303 3150 3663 3224 adimpleve-

1938 3204 1982 3272 θ
2022 3266 2051 3293 «
2085 3204 2880 3297 smmis;magis;

2088 3331 2250 3387 Nihil
2289 3331 2613 3387 absurdum
2672 3336 2761 3386 est
2808 3329 2967 3401 quod
3009 3331 3178 3386 Iesus
3227 3330 3461 3387 dicatur
3489 3330 3661 3387 aDeo

2017 3421 2326 3478 excitatus.
2386 3421 2689 3492 Siquidem
2742 3421 2911 3475 Jesus
2967 3435 3087 3474 non
3137 3419 3289 3475 alius
3333 3426 3422 3476 est
3485 3435 3663 3492 quam

2018 3511 2274 3567 Verbum
2304 3511 2680 3566 incarnatum
2712 3525 2725 3565 :
2755 3510 2867 3565 hoc
2897 3514 3096 3565 autem
3138 3516 3227 3565 est
3258 3509 3521 3582 potentia
3550 3512 3663 3566 Pa-

2015 3602 2146 3663 tris.
2172 3618 2280 3674 per
2317 3600 2476 3673 quod
2506 3601 2708 3656 omnia
2737 3600 2891 3656 facta
2921 3606 3097 3656 sunt:
3142 3599 3468 3655 secundum
3501 3598 3661 3671 quod

2018 3694 2283 3750 Christus
2311 3693 2412 3764 qui
2430 3693 2529 3747 Dei
2546 3691 2808 3763 potentia
2834 3691 3064 3763 estipse
3078 3691 3340 3762 seipsum
3367 3690 3656 3746 excitasse

2019 3782 2390 3852 intelligitur.
2429 3786 2491 3835 Et
2522 3781 2761 3852 quidem
2794 3780 2844 3835 is
2874 3779 3092 3836 dicitur
3147 3780 3434 3834 excitatus
3466 3794 3594 3833 esse
3627 3794 3661 3834 α

2019 3872 2209 3935 Patre,
2236 3870 2307 3925 ad
2333 3887 2509 3942 quem
2531 3876 2595 3925 ut
2612 3869 2685 3925 ad
2706 3869 3064 3941 principium
3082 3884 3439 3938 causamque
3458 3868 3672 3923 intem-

2020 3959 2286 4031 poralem
2318 3960 2519 4014 omnia
2549 3959 2925 4013 referuntur:
2960 3957 3243 4027 quoniam
3274 3957 3400 4028 ipse
3431 3973 3671 4029 quoque

2023 4049 2143 4105 ait:
2176 4073 2204 4100 «
2236 4048 2451 4104 Solvite
2488 4047 2780 4120 templum
2812 4048 2942 4115 hoc,
2976 4052 3034 4101 et
3086 4047 3149 4101 in
3208 4047 3403 4103 tribus
3458 4046 3670 4103 diebus

2026 4138 2295 4194 excitabo
2326 4137 2476 4193 illud
2505 4136 2547 4192 9.
2584 4160 2611 4187 ››

2093 4251 2120 4278 ιι
2148 4228 2515 4283 Besuscitato
2546 4226 2684 4281 Jesu
2706 4224 2859 4279 sicut
2882 4224 2947 4279 in
2978 4223 3214 4279 Psalmo
3273 4224 3467 4296 primo
3533 4224 3675 4279 scri-

2021 4336 2049 4365 ‹‹
2083 4319 2251 4385 ptum
2296 4319 2421 4369 est:
2478 4313 2659 4368 Filius
2709 4328 2878 4367 meus
2908 4327 2971 4367 es
2994 4316 3084 4380 tu,
3132 4327 3239 4383 ego
3287 4311 3465 4367 hodie
3495 4311 3673 4385 genui

2021 4409 2099 4460 te.
2140 4426 2161 4454 ο

2091 4494 2379 4561 Quoniam
2412 4509 2632 4549 nomen
2656 4495 2808 4550 Iesus
2838 4493 3114 4549 nonnulli
3147 4492 3219 4549 de
3250 4491 3496 4547 homine
3517 4490 3673 4547 male

240 4583 363 4641 κῶς
396 4575 812 4653 ἐκλαμϐάνουσί
850 4603 1011 4653 τινες,
1063 4583 1154 4638 καὶ
1213 4580 1509 4659 προλαϐὼν
1542 4585 1680 4659 εἶπε,
1740 4587 1912 4642 τεθεῖ-

2030 4584 2339 4657 accipiunt,
2372 4590 2431 4639 et
2459 4584 2827 4656 praemiserat
2859 4584 3018 4655 quod
3058 4582 3370 4656 posueridt
3418 4580 3673 4638 Verbum

241 4678 373 4731 σθαι
407 4669 505 4723 τὸν
563 4670 738 4745 Λόγον
798 4669 849 4726 ἐν
904 4672 1181 4747 μνημείῳ,
1238 4673 1322 4728 ἳνα
1376 4676 1453 4748 μή
1510 4696 1595 4737 τις
1656 4670 1913 4751 ὑπολάϐῃ

240 4754 496 4831 ἄσαρκόν
557 4758 714 4814 αὑτὸν
775 4755 1049 4835 εἰρηκέναι
1131 4762 1224 4818 τὸν
1280 4762 1483 4840 Λόγον,
1534 4762 1699 4819 πάλιν
1756 4763 1916 4819 αὐτὸν

242 4842 479 4915 Ἰησοῦν
512 4852 691 4913 καλεῖ,
726 4846 971 4922 οὐδαμοῦ
1010 4847 1268 4924 διαίρεσιν
1328 4848 1512 4914 διδοὺς
1570 4856 1648 4924 τῷ
1704 4872 1918 4927 σαρκω-

241 4935 402 4995 θὲντι
445 4935 614 5010 Λόγῳ
647 4937 783 5010 μετά
809 4940 910 5008 τήν
948 4935 1160 5009 ἕνωσιν,
1210 4946 1495 5018 πανταχοῦ
1544 4945 1653 4996 τῶν
1712 4936 1919 4997 ἀσεϐῶν

238 5021 575 5100 ἐμφράττον
616 5027 682 5081 τὰ
731 5027 994 5102 στόματα.
1046 5056 1072 5083 ‹‹
1109 5030 1231 5093 Υἱός
1292 5052 1396 5105 μου
1454 5033 1506 5086 εἷ
1561 5032 1647 5090 σὺ.
1687 5036 1919 5087 »Ταῦτα

232 5112 295 5170 ἐκ
332 5120 444 5170 τοῦ
470 5114 695 5190 καλμοῦ
756 5120 827 5191 τῇ
887 5118 1294 5194 ἐνανθρωπήσει
1346 5126 1443 5177 τοῦ
1497 5121 1736 5196 Χριστοῦ
1787 5121 1917 5197 πρὲ-

229 5223 328 5258 πει
368 5206 444 5259 τὰ
475 5207 728 5283 ρήματα,
758 5205 882 5277 ἥτις
932 5211 1197 5286 χρονικὴν
1227 5210 1345 5285 εἶχε
1394 5211 1493 5279 τήν
1548 5210 1917 5287 ἐπιφοίτησιν.

231 5294 320 5351 Τὸ
357 5296 503 5371 γὰρ,
560 5299 824 5369 Σήμερον
881 5300 972 5354 καὶ
1028 5296 1255 5375 Αὔριον,
1311 5303 1534 5375 ἡμερῶν
1589 5300 1702 5357 ἐστι
1749 5322 1920 5378 παρα-

224 5383 533 5442 στατικόν.
567 5382 743 5451 Οὗτος
784 5383 842 5443 δὲ
893 5387 1028 5453 καθὸ
1076 5390 1279 5464 Λόγος,
1337 5390 1591 5465 ἀχρόνως
1640 5391 1785 5467 παρὰ
1813 5396 1914 5448 τοῦ

230 5474 470 5550 Πατρός
501 5475 770 5536 τίκτεται.

311 5656 339 5691 ⁹
371 5657 554 5716 Joan.
579 5673 644 5727 ιι,
678 5660 765 5714 ιο.

2029 4673 2090 4729 in
2118 4680 2527 4741 monumento,
2560 4690 2800 4729 rursum
2853 4690 2928 4728 ne
2959 4674 3092 4745 quis
3152 4673 3486 4745 suspicetur
3518 4673 3675 4727 114

2027 4762 2223 4833 ipsum
2247 4762 2464 4819 dixisse
2498 4762 2753 4818 Verbum
2781 4762 2909 4817 sine
2939 4778 3138 4828 carne,
3174 4768 3341 4817 vocat
3366 4761 3561 4833 ipsum
3590 4760 3676 4815 Je-

2030 4868 2158 4909 sum
2187 4869 2200 4906 :
2225 4868 2529 4923 nunquam
2562 4851 2751 4907 Verbo
2791 4850 3097 4906 incarnato
3128 4850 3451 4906 admittens
3503 4865 3677 4922 sepa-

2029 4941 2322 4998 rationem
2353 4948 2486 5013 post
2515 4940 2731 4996 factam
2764 4939 2953 4995 semel
2980 4940 3287 5007 unionem,
3320 4940 3543 5009 ubique
3571 4939 3681 4994 im-

2028 5031 2261 5102 piorum
2309 5030 2593 5086 obturans
2624 5045 2746 5084 ora.
2808 5049 2833 5080 ιι
2864 5028 3044 5084 Filius
3074 5044 3244 5085 meus
3274 5046 3337 5085 es
3379 5035 3464 5089 tu.
3500 5027 3677 5084 hodie

2027 5119 2202 5193 genui
2230 5124 2305 5173 te.
2341 5141 2369 5169 »
2404 5119 2537 5174 Haec
2566 5118 2779 5189 psalmi
2813 5119 2988 5175 verba
3018 5117 3671 5175 Christi'incarnationi

2028 5214 2327 5282 aptantur,
2362 5224 2493 5279 quas
2541 5208 2934 5279 temporalem
2982 5208 3192 5264 habuit
3247 5209 3676 5265 accessionem.

2029 5298 2332 5371 Siquidem
2386 5295 2567 5352 Hodie
2634 5302 2690 5352 et
2738 5297 2877 5354 Cras
2922 5297 3155 5354 dierum
3212 5297 3680 5354 demonstrativa

2029 5394 2186 5447 sunt.
2220 5391 2401 5444 Porro
2434 5394 2727 5460 quatenus
2758 5389 2855 5445 hic
2886 5394 2975 5445 est
3008 5388 3263 5446 Verbum
3321 5389 3680 5461 intempora-

2028 5479 2165 5536 liter
2200 5495 2236 5535 α
2263 5480 2438 5535 Patre
2469 5483 2807 5551 generatur.
