4176 6200
472 433 474 436 ν
497 358 612 418 907

1578 353 1991 417 CECUMENII
2039 354 2340 416 TRICCE
2386 354 2758 417 EPISCOPI.

3785 357 3903 416 908

565 491 714 557 XIII,
756 493 946 550 34-37.
1007 491 1234 557 «Quod
1293 495 1492 546 autem
1553 489 1856 544 suscitavit
1915 504 2050 543 eum
2107 505 2142 544 a

2309 489 2428 541 Ὅτι
2515 485 2572 542 δὲ
2651 486 2941 557 ἀνέστησεν
3019 487 3182 543 αὐτὸν
3265 483 3327 542 ἐκ
3412 488 3640 562 νεκρῶν,
3705 488 3906 560 μηκέτι

496 607 524 634 «ι
561 583 832 640 mortuis.
858 583 982 653 jam
1017 599 1137 637 non
1169 581 1424 652 amplius
1448 595 1814 635 reversurum
1851 579 1911 632 in
1942 594 2141 632 corru-

510 691 531 721 ι
570 669 861 740 ptionem.
922 671 1006 724 ita
1063 669 1257 724 dixit:
1319 667 1476 722 Dabo
1509 666 1675 722 vobis
1707 671 1912 722 sancta
1971 664 2150 720 David

498 760 788 814 «ﬁdelia.
824 760 958 815 Ideo
991 776 1226 832 quoque
1287 759 1403 814 alio
1465 758 1525 812 in
1584 757 1712 812 loco
1771 756 1957 810 dicit:
2019 756 2145 810 Non

497 872 526 901 α
565 849 854 904 concedes
882 856 947 904 ut
976 856 1216 904 sanctus
1248 855 1385 903 tuus
1419 847 1654 902 videbat
1681 846 2145 916 corruptionem.

499 939 744 994 «David
830 940 1123 1010 siquidem
1172 939 1271 993 ubi
1349 955 1456 993 sua
1531 943 1702 993 aetate
1774 935 2148 1002 deservisset,

503 1030 818 1086 «consilio
851 1031 951 1084 Dei
994 1029 1273 1084 dormivit
1331 1035 1389 1083 et
1435 1027 1742 1100 appositus
1801 1031 1891 1080 est
1944 1024 2017 1080 ad
2048 1041 2152 1096 pa-

498 1141 528 1169 ‹‹
561 1126 682 1174 tres
712 1135 850 1174 suos
881 1118 1140 1188 viditque
1171 1117 1649 1188 corruptionem:
1680 1115 1941 1170 isautem
1973 1129 2152 1184 quem

504 1227 532 1253 ιι
557 1205 710 1259 Deus
743 1205 1018 1260 excitavit
1045 1221 1164 1259 non
1195 1204 1340 1258 vidit
1365 1203 1826 1274 corruptionem.
1863 1223 1890 1250 »

572 1291 1012 1348 Advertendum
1066 1297 1157 1347 est
1239 1292 1416 1364 igitur
1485 1289 1641 1360 quod
1699 1306 1821 1344 non
1883 1292 2156 1359 oporteat

501 1383 771 1437 conﬁteri
805 1399 1018 1452 corpus
1051 1381 1369 1436 Salvatoris
1391 1397 1459 1435 ac
1482 1381 1582 1434 Dei
1616 1378 1803 1432 nostri
1832 1379 1968 1432 Jesu
1995 1376 2157 1430 Chri-

503 1474 576 1528 sti
604 1473 785 1528 fuisse
819 1472 1066 1526 mortale
1100 1479 1232 1542 post
1268 1470 1769 1526 resurrectionem
1815 1474 1916 1523 aut
1963 1467 2150 1538 passi-

503 1561 642 1628 bile,
676 1576 868 1630 neque
900 1567 1037 1615 ante
1070 1561 1570 1615 resurrectionem
1619 1557 2010 1630 impassibile,
2044 1557 2155 1610 hoc

503 1657 592 1705 est
621 1649 1071 1722 incorruptibile
1102 1656 1160 1704 et
1190 1650 1545 1705 immortale.
1582 1651 1724 1704 Nam
1756 1645 2156 1718 incorruptio-

506 1757 644 1796 nem
689 1740 1017 1795 secundum
1076 1739 1134 1793 id
1190 1740 1639 1810 provenientem
1699 1737 1856 1808 quod
1914 1739 2152 1808 peccato

2265 601 2285 626 ι
2325 575 2599 650 μέλλοντα
2657 577 2985 652 ὑποστρέφεν
3073 577 3147 640 εἷς
3215 575 3530 656 διαφθορὰν,
3591 577 3765 640 οὕτως
3825 575 3902 632 εἴη

2260 690 2287 718 ‹‹
2318 687 2503 741 ρηκεν,
2537 666 2620 720 ὅτι
2663 667 2830 721 Δώσω
2892 668 3019 739 ὑμῖν
3075 672 3142 721 τὰ
3199 666 3321 722 ὅσια
3374 663 3536 722 Δαυΐδ
3596 669 3665 722 τὰ
3719 668 3900 724 πιστά.

2259 780 2287 806 ‹‹
2327 757 2419 810 Διὸ
2449 755 2536 809 καὶ
2568 754 2619 810 έν
2648 756 2814 828 ἑτέρῳ
2846 755 3008 831 λέγει.
3073 755 3150 813 Οὐ
3211 755 3402 817 δώσεις
3459 755 3551 812 τὸν
3613 755 3760 811 ὅσιόν
3808 778 3901 811 σου

2261 871 2286 896 ‹‹
2323 842 2455 899 ἰδεῖν
2489 842 2798 924 διαφθορὰν.
2833 843 2994 900 Δαυίδ
3029 845 3124 917 μὶν
3155 845 3256 920 γὰρ
3315 842 3428 916 ἰδίᾳ
3486 851 3642 923 γενεᾷ
3703 845 3905 922 ὑπηρε-

2264 936 2513 1004 «τήσας,
2546 936 2614 1006 τῆ
2641 939 2737 989 τοῦ
2804 939 2937 990 Θεοῦ
2997 933 3174 1010 βουλῆ
3229 933 3525 1006 ἐκοιμήθη,
3583 935 3672 989 καὶ
3730 955 3906 1010 προσ-

2263 1049 2290 1074 (ι
2325 1025 2480 1094 ετέθη
2515 1025 2651 1100 πρὸς
2679 1026 2806 1087 τοὺς
2865 1027 3100 1100 πατέρας
3159 1023 3346 1093 αὐτοῦ,
3401 1023 3491 1078 καὶ
3541 1021 3646 1079 εἶδε
3685 1022 3907 1102 διαφθο-

2266 1138 2292 1165 α
2329 1112 2445 1188 ραν.
2507 1115 2603 1171 Ὃν
2687 1110 2743 1169 δὲ
2815 1115 2844 1169 ὁ
2901 1114 3030 1175 Θεὸς
3088 1111 3304 1191 ἤγειρεν
3361 1113 3460 1168 οὐκ
3514 1111 3624 1168 εἶδε
3679 1111 3908 1194 διαφθοο

2265 1224 2294 1252 ‹‹
2329 1201 2442 1277 ραν,
2476 1225 2503 1254 »

2335 1291 2682 1364 Σημειωτέον
2713 1292 2890 1347 τοίνυν
2921 1291 3005 1348 8τὶ
3034 1291 3096 1347 οὐ
3129 1289 3211 1348 δεῖ
3237 1293 3300 1348 τὸ
3340 1297 3500 1366 σῶμα
3555 1296 3656 1348 τοῦ
3716 1298 3907 1361 Σωτῆ-

2265 1401 2358 1454 ρος
2389 1381 2476 1435 καὶ
2521 1386 2655 1437 Θεοῦ
2709 1385 2868 1454 ἡμῶν
2925 1386 3107 1453 Ἰησοῦ
3162 1384 3396 1457 Χριστοῦ
3450 1383 3582 1456 μετά
3635 1385 3736 1452 τὴν
3789 1382 3910 1437 ἀνάο

2265 1492 2445 1525 στασιν
2503 1473 2740 1541 παθητὸν
2823 1471 3146 1548 ὁμολογεῖν,
3225 1473 3350 1541 ἤτοι
3423 1475 3606 1527 παθῶν
3664 1470 3906 1527 δεκτικὸν

2265 1557 2390 1614 οὐδὲ
2419 1560 2524 1634 πρὸ
2553 1567 2653 1629 τῆς
2701 1560 3041 1623 ἀναστάσεως
3089 1561 3311 1624 ἀπαθὲς,
3368 1561 3641 1616 τουτέστιν
3702 1559 3908 1636 ἄφθαρ-

2262 1671 2353 1704 τον
2409 1649 2497 1704 καί
2563 1651 2842 1709 ἀθάνατον,
2902 1651 3017 1719 Τήν
3060 1651 3163 1725 γὰρ
3222 1650 3360 1705 κατὰ
3413 1651 3474 1705 τὸ
3528 1649 3906 1726 ἀναμάρτητον

2262 1739 2580 1815 ἀφθαρσίαν,
2612 1736 2897 1814 προδηλον
2949 1739 3024 1801 ὡς
3057 1741 3206 1815 εἶχεν
3242 1739 3291 1813 ἐξ
3349 1738 3515 1796 αὐτοῦ
3570 1743 3668 1795 τοῦ
3713 1744 3910 1815 καιροῦ

507 1849 627 1886 non
660 1837 751 1885 est
779 1831 1124 1896 obnoxium,
1167 1830 1554 1884 manifestum
1613 1833 1702 1883 est
1731 1826 1889 1897 quod
1921 1825 1993 1880 ab
2025 1825 2153 1895 ipso

2279 1835 2360 1898 τῆς
2383 1829 2729 1903 σαρκώσεως.

509 1919 940 1975 incarnationis
973 1924 1237 1988 tempore
1269 1917 1561 1972 habuerit.

579 2012 726 2065 XIII.
758 2011 846 2076 38,
881 2011 966 2062 39.
1015 2030 1042 2057 ‹‹
1078 2009 1288 2063 Notum
1340 2008 1518 2077 igitur
1568 2006 1726 2061 vobis
1757 2007 1852 2072 sit,
1888 2005 1992 2060 viri
2023 2003 2150 2057 fra-

510 2124 537 2152 ι(
573 2106 714 2166 tres,
746 2097 904 2169 quod
935 2113 1040 2168 per
1078 2097 1236 2151 hunc
1264 2096 1532 2151 remissio
1564 2100 1941 2167 peccatorum
1988 2092 2152 2147 vobis

511 2210 540 2237 ‹‹
573 2186 983 2250 annuntiatur,
1017 2191 1076 2238 et
1102 2185 1173 2239 ab
1232 2185 1510 2238 omnibus
1541 2201 1575 2238 a
1605 2184 1820 2254 quibus
1879 2200 1998 2238 non
2051 2201 2153 2256 po-

509 2301 536 2328 ι(
573 2277 768 2332 tuistis
789 2293 894 2348 per
923 2275 1110 2346 legem
1147 2275 1286 2329 Mosi
1310 2275 1647 2347 justificari,
1676 2291 1780 2346 per
1812 2275 1968 2330 hunc
1992 2275 2153 2345 quis-

509 2389 537 2416 «
573 2367 707 2438 quis
739 2365 927 2421 credit
948 2365 1334 2436 justiﬁcatur.
1372 2386 1398 2412 »

578 2458 769 2522 Quare
801 2455 1208 2510 testimonium
1237 2470 1357 2508 non
1388 2453 1662 2524 adjunxit
1682 2470 1799 2524 quo
1832 2451 2154 2524 persuade-

511 2553 669 2602 retur
705 2564 810 2618 per
851 2546 1007 2600 hunc
1065 2544 1190 2598 ﬁeri
1249 2544 1665 2598 remissionem
1725 2549 2102 2614 peccatorum
2133 2540 2160 2596 ?

512 2637 660 2702 Quia
689 2637 798 2690 hoc
829 2635 881 2689 ei
914 2633 1108 2688 studio
1169 2639 1294 2688 erat
1331 2632 1567 2686 tandem
1623 2631 1938 2686 ostendere
2000 2629 2159 2702 quod

514 2725 1122 2794 resurrexissetzquo
1153 2722 1290 2778 dato
1350 2722 1499 2776 illud
1557 2722 1956 2776 indubitatum
2011 2726 2156 2776 erat.

516 2817 635 2870 Hoc
667 2815 885 2869 etenim
914 2812 1110 2885 magni
1163 2813 1422 2883 stuporis
1455 2817 1598 2877 erat,
1633 2809 1930 2882 quomodo
1979 2809 2161 2864 Israel

517 2904 618 2975 qui
659 2903 818 2957 ﬁlius
848 2901 1276 2974 primogenitus
1309 2906 1455 2966 erat,
1506 2906 1749 2971 prapter
1779 2915 1955 2970 quem
1987 2899 2165 2970 periit

514 2996 812 3066 Egyptus,
840 2991 1099 3046 inimicis
1130 2991 1470 3063 Babyloniis
1496 2991 1745 3046 traditus
1769 2996 1924 3045 esset
1949 2990 2011 3044 in
2041 2988 2161 3061 gla-

519 3084 614 3139 dio
648 3090 706 3138 et
734 3083 1070 3155 captivitate
1089 3097 1157 3138 ac
1185 3081 1483 3137 servitute.

587 3267 738 3333 XIII,
772 3270 961 3322 40-42.
995 3290 1014 3316 ο
1056 3267 1262 3322 Videte
1295 3283 1431 3340 ergo
1463 3283 1537 3322 ne
1581 3267 1959 3337 superveniat
1998 3265 2161 3322 vobis
2194 3232 2236 3299 C

521 3380 541 3407 ι
581 3354 737 3427 quod
760 3354 986 3410 dictum
1009 3360 1097 3409 est
1122 3355 1184 3409 in
1203 3355 1528 3426 prophetis.
1559 3355 1763 3410 Videte
1793 3359 2164 3426 contempto-

521 3461 678 3499 «res
735 3449 793 3498 et
850 3442 1227 3498 admiramini
1297 3459 1363 3498 ac
1424 3445 1778 3512 evanescite,
1823 3446 1964 3515 quia
2017 3461 2165 3515 opus

527 3554 549 3584 ι
581 3548 794 3604 operor
815 3548 918 3604 ego
948 3532 1006 3585 in
1029 3531 1238 3586 diebus
1261 3533 1488 3592 vestris,
1517 3533 1673 3602 quod
1698 3550 1817 3588 non
1841 3534 2095 3588 credetis
2118 3531 2164 3587 si

525 3648 552 3678 «
587 3624 720 3696 quis
743 3622 1107 3678 enarraverit
1138 3621 1287 3678 “5
1321 3622 1503 3676 vobis.
1539 3622 1683 3676 Cum
1705 3630 1902 3678 autem
1949 3622 2168 3695 egressi

524 3741 553 3772 ιι
586 3721 787 3774 essent
812 3732 842 3771 e
873 3730 1164 3788 synagoga
1220 3713 1578 3777 Judaaorum,
1642 3713 1928 3785 rogabant
1965 3720 2170 3786 gentes

528 3833 555 3860 ‹‹
580 3812 647 3863 ut
677 3805 946 3878 sequenti
981 3803 1224 3859 sabbato
1247 3802 1636 3873 loquerentur
1656 3801 1765 3856 sibi
1800 3802 1996 3858 verba.
2033 3825 2060 3852 ιι

599 3986 706 4042 Ubi
764 3983 1081 4038 clamasset
1161 3980 1450 4052 propheta
1536 3979 1806 4035 Habacuc
1890 3980 2171 4036 adversus

526 4076 814 4144 injustum
847 4070 1142 4142 judicium
1196 4076 1254 4124 et
1315 4068 1560 4122 nimiam
1615 4069 1714 4123 Dei
1767 4069 2167 4138 tolerantiam,

526 4180 593 4219 ac
624 4163 871 4218 dixisset
903 4177 916 4217 :
950 4177 1133 4232 quare
1177 4158 1569 4215 ostenderunt
1627 4160 1773 4214 mihi
1833 4160 2069 4216 labores
2100 4177 2167 4216 ac

521 4252 828 4308 molestias
856 4250 1186 4322 ?quoniam
1244 4249 1464 4304 factum
1497 4254 1586 4303 est
1634 4256 1839 4305 contra
1873 4267 1968 4306 me
2004 4249 2166 4322 judi-

521 4344 701 4410 cium,
721 4340 978 4413 etjudex
999 4341 1232 4412 accipit,
1259 4346 1318 4394 et
1334 4340 1554 4410 impius
1572 4346 1629 4395 et
1645 4341 2165 4412 opprimitjustum

521 4450 631 4488 nec
656 4431 1067 4505 perduciturin
1087 4431 1264 4485 tinem
1297 4446 1364 4484 ac
1397 4429 2164 4500 pcrfectionemjudicium:

519 4523 839 4595 respondet
867 4528 1036 4583 Deus,
1070 4518 1291 4590 iniquis
1324 4518 1551 4572 futuras
1596 4518 1963 4573 calamitates
2017 4535 2169 4589 prte-

2341 2029 2360 2057 ι
2398 2008 2638 2062 Γνωστὸν
2666 2013 2758 2063 οῦν
2791 2006 2929 2063 ἔστω
2972 2009 3124 2082 ὑμῖν,
3183 2007 3368 2084 ἄνδρες
3426 2006 3675 2088 ἀδελφοὶ,
3709 2011 3791 2064 δτι
3820 2007 3910 2064 διὰ

2263 2097 2519 2152 ατοῦτου
2601 2099 2740 2170 ἡμῖν
2824 2099 3008 2177 ἄφεσις
3091 2099 3371 2174 ἁμαρτιῶν
3456 2097 3906 2174 καταγγέλλεται,

2266 2211 2293 2240 (ι
2326 2186 2414 2241 καὶ
2445 2187 2550 2242 ἀπὸ
2595 2187 2807 2241 πάντων
2861 2192 2935 2241 ὢν
2994 2188 3092 2242 οὐκ
3157 2186 3457 2258 ἐδυνήθητε
3505 2188 3556 2243 έν
3617 2193 3697 2261 τῷ
3754 2187 3910 2261 νόμῳ

2267 2299 2295 2327 ‹‹
2329 2278 2573 2338 Μωσέως
2632 2282 3024 2346 νικαιωθῆναι,
3059 2276 3112 2332 έν
3172 2278 3351 2349 τούτῳ
3407 2281 3510 2340 πᾶς
3561 2278 3590 2332 ὸ
3649 2277 3917 2333 πιστεύων

2267 2390 2294 2416 ‹‹
2331 2363 2656 2421 δικαιοῦται.
2693 2389 2721 2416 ι)

2341 2456 2439 2510 Δια
2500 2456 2554 2510 τί
2613 2454 2711 2511 οὐκ
2771 2455 3011 2532 ἐπήγαγε
3070 2455 3369 2531 μαρτυρίαν
3431 2454 3500 2512 δι’
3551 2458 3618 2526 ἧς
3673 2450 3913 2531 ἔμελλον

2269 2547 2543 2608 πείθεσθαι
2593 2548 2677 2601 ὅτι
2737 2545 2921 2625 ἄφεσις
2969 2546 3250 2621 ἁμαρτιῶν
3312 2545 3382 2602 δι’
3440 2547 3604 2602 αὐτοῦ
3661 2547 3868 2622 γίνεται

2267 2636 2391 2692 ’Ότι
2421 2635 2483 2690 τὸ
2518 2633 2956 2708 σπουδαζόμενον
2984 2637 3144 2692 τοῦτο
3174 2637 3261 2706 ἦν,
3293 2637 3355 2692 τὸ
3415 2633 3581 2710 δεῖξαι
3639 2635 3773 2699 τέως
3833 2621 3922 2692 8τῖ

2271 2725 2488 2795 ἀνέστη.
2540 2725 2752 2782 Τούτου
2832 2722 2889 2780 δὲ
2947 2724 3424 2800 ὡμολογημένου,
3480 2726 3620 2782 έκεῖν
3677 2726 3921 2805 ἀναμφιο

2273 2809 2568 2885 σϐήτητον,
2621 2815 2725 2872 Καὶ
2781 2815 2881 2891 γὰρ
2949 2817 3017 2885 ἦν
3076 2813 3295 2886 πολλῆς
3347 2815 3662 2886 ἐκπλήξεως
3721 2821 3840 2878 πῶς
3894 2815 3923 2870 ὸ

2273 2903 2520 2975 Ἰσραήλ,
2580 2905 2696 2966 υἷος
2781 2906 3069 2975 πρωτόκος
3150 2903 3562 2980 ὠνομασμένος,
3642 2903 3712 2960 δι’
3792 2906 3918 2975 ’ὀνὴ

2275 2993 2547 3068 Αἴγυπτος
2607 2993 2880 3061 ἀπώλετο,
2935 2992 3298 3064 παραδέδοται
3356 3002 3472 3058 τοῖς
3520 2995 3742 3070 ἐχθροῖς
3802 3000 3920 3058 τοῖς

2275 3079 2654 3143 Βαϐυλωνίοις
2685 3084 2736 3139 ἐν
2786 3084 3035 3160 μαχαίρᾳ
3080 3085 3169 3140 καὶ
3228 3082 3590 3162 αἰχμαλωσίᾳ
3643 3084 3731 3140 καὶ
3787 3082 3918 3140 δου-

2277 3173 2420 3245 λείᾳ.

2347 3288 2374 3315 ‹‹
2403 3262 2640 3320 Βλέπετε
2672 3261 2762 3318 οὖν
2823 3265 2898 3338 μή
2927 3262 3131 3340 ἐπέλθῃ
3181 3262 3263 3342 ἐφ’
3323 3265 3463 3338 ὑμᾶς
3519 3265 3583 3320 τὸ
3631 3265 3919 3338 εῗρημένον

2277 3376 2300 3400 οι
2333 3351 2384 3408 έν
2416 3359 2531 3415 τοῖς
2560 3356 2887 3431 προφήταις.
2919 3351 3108 3425 Ἴδετε,
3141 3354 3192 3408 οἱ
3214 3353 3641 3433 κατάφρονηταὶ,
3670 3355 3759 3408 καὶ
3791 3365 3920 3418 θαυ-

2279 3466 2302 3496 α
2342 3444 2564 3517 μάσατε,
2595 3445 2684 3498 καὶ
2716 3443 3062 3520 ἀφανίσθητε,
3108 3445 3189 3499 ὅτι
3239 3442 3398 3520 ἔργον
3458 3443 3568 3522 ἐγὼ
3621 3442 3922 3520 ἐργάζομαι

2279 3557 2305 3584 ‹‹
2340 3533 2389 3587 έν
2422 3538 2541 3594 ταῖς
2574 3531 2808 3606 ἡμέραις
2839 3533 3015 3607 ὑμῶι,
3073 3533 3118 3606 ᾧ
3178 3535 3242 3589 οὐ
3305 3535 3379 3606 μὴ
3435 3533 3778 3604 πιστεύσητε,
3834 3532 3922 3586 έάν

2280 3644 2410 3684 «τις
2467 3621 2790 3700 ἐκδιηγῆται
2878 3625 3025 3697 ὑμῖν.
3080 3625 3364 3698 Έξιόντων
3415 3621 3474 3680 δὲ
3530 3623 3588 3679 ἐκ
3639 3625 3738 3692 τῆς
3797 3643 3927 3677 συν·-

2279 3737 2307 3765 ‹‹
2339 3719 2564 3789 αγωγῆς
2617 3717 2726 3768 τῶν
2784 3711 3090 3782 Ἰουδαίων,
3149 3711 3490 3790 παρεκάλουν
3545 3713 3612 3768 τὰ
3665 3707 3790 3783 ἔθνη
3846 3710 3927 3774 εἰς

2279 3805 2402 3858 «τὸ
2465 3803 2658 3876 μεταξὺ
2717 3798 3004 3875 σάϐϐατον,
3062 3803 3373 3875 λαληθῆναι
3439 3803 3626 3866 αὐτοῖς
3685 3803 3751 3856 τά
3809 3799 3923 3876 ῥῆ²

2280 3917 2309 3947 ι(
2345 3915 2506 3967 ματα.
2543 3917 2570 3946 ››

2350 3982 2832 4059 Κατακεκραγύτος
2915 3989 3010 4040 τοῦ
3094 3985 3376 4064 προφήτου
3444 3975 3766 4053 Ἀϐϐακοὸμ
3818 3986 3923 4049 τῆς

2279 4070 2470 4128 ἀδίκου
2500 4074 2731 4145 κρίσεως
2762 4073 2852 4127 καὶ
2882 4079 2982 4141 τῆς
3025 4069 3156 4149 ἄγαν
3222 4069 3553 4142 ἀνεξικακίας
3605 4073 3703 4124 τοῦ
3760 4069 3924 4142 Θεοῦ,

2277 4162 2366 4216 καὶ
2399 4160 2673 4234 λέγοντος·
2736 4163 2848 4217 Ἵνα
2903 4161 2956 4217 τί
3011 4182 3108 4234 μοι
3177 4158 3379 4230 ἔδειξαν
3436 4159 3640 4222 κόπους
3691 4159 3780 4214 καὶ
3813 4159 3926 4213 πό-

2276 4273 2405 4314 νους
2441 4257 2591 4321 ςὈτι
2622 4250 2918 4321 ἐξεναντίας
2948 4255 3068 4324 ’μου
3124 4249 3312 4326 γέγονε
3368 4249 3564 4325 κρίσις,
3621 4248 3712 4304 καὶ
3744 4250 3772 4303 ὁ
3797 4268 3926 4323 κριο

2275 4343 2376 4411 τῆς
2437 4335 2724 4415 λαμϐάνει,
2781 4340 2872 4395 καὶ
2929 4335 3127 4409 ἀσεϐὴς
3183 4335 3632 4395 καταδυναστεύει
3685 4339 3777 4393 τὸν
3839 4335 3926 4392 δί-

2277 4453 2454 4499 καιον,
2501 4430 2591 4485 καὶ
2651 4428 2713 4484 οὐ
2766 4427 3058 4504 διεξάγεται
3113 4428 3189 4490 εἷς
3242 4427 3402 4490 τέλος
3448 4433 3642 4502 κρῖμα·
3691 4424 3925 4501 ἀποκρί-

2275 4541 2419 4575 νεται
2452 4520 2479 4572 ὁ
2511 4521 2662 4587 Θεὸς,
2699 4524 2815 4580 τοῖς
2875 4515 3122 4573 ἀδικοῦσι
3179 4517 3272 4579 τάς
3328 4515 3589 4590 ἐσομένας
3637 4516 3926 4592 συμφορᾶς

519 4615 822 4669 nuntians.
856 4609 1218 4666 Admiranda
1245 4623 1378 4662 vero
1411 4607 1555 4660 dicit
1585 4623 1716 4676 qum
1782 4605 2045 4661 futurum
2079 4611 2160 4660 est

2279 4606 2772 4684 προαπαγγέλλων.
2807 4608 3088 4681 Θαυμάσια
3119 4604 3176 4663 δὲ
3218 4606 3364 4682 λέγει
3420 4608 3488 4662 τὰ
3543 4607 3728 4668 αὐτοῖς
3777 4626 3928 4679 συμ-

517 4709 582 4756 ut
613 4705 698 4757 eis
729 4703 1096 4773 contingant.
1134 4700 1201 4752 Et
1231 4698 1356 4752 haec
1386 4703 1550 4751 tanta
1601 4711 1668 4750 ac
1724 4695 1841 4750 alia
1893 4696 2038 4750 dicit
2068 4694 2161 4751 sui

517 4791 949 4863 magnitudine,
981 4795 1048 4844 ut
1078 4805 1197 4843 non
1246 4785 1567 4843 credantur
1613 4785 1660 4839 si
1713 4785 1844 4856 quis
1903 4785 2162 4840 narravit

517 4879 701 4946 vobis,
731 4880 945 4950 inquit.
980 4881 1162 4933 Porro
1213 4874 1408 4948 μεταξὺ
1454 4867 1721 4928 σάϐϐατον
1749 4876 1972 4930 vocavit
1999 4874 2159 4930 futu-

515 4985 646 5023 rum
677 4985 744 5024 ac
783 4968 1122 5040 proximum
1175 4967 1507 5034 sabbatum,
1571 4965 1723 5019 sicut
1776 4964 1930 5021 infra
1958 4967 2160 5024 decla-

515 5061 627 5111 rat.

583 5143 951 5201 XIII.43-49.
1015 5143 1279 5198 «Soluto
1338 5149 1536 5199 autem
1574 5149 1727 5198 caetu
1776 5146 1958 5200 secuti
2019 5154 2163 5204 sunt

520 5233 962 5290 «multiJudaai
1022 5251 1089 5289 ac
1145 5233 1404 5305 religiosi
1469 5233 1750 5304 proselyti
1812 5235 2061 5292 Paulum
2093 5254 2159 5294 ac

513 5347 540 5375 «
575 5326 923 5391 Barnabam,
973 5326 1073 5396 qui
1138 5325 1509 5394 alloquentes
1558 5325 1889 5382 suadebant
1947 5331 2032 5384 eis
2090 5337 2156 5386 ut

513 5438 540 5466 ‹‹
576 5423 995 5486 permanerent
1031 5415 1090 5469 in
1123 5415 1312 5484 gratia
1348 5415 1443 5468 Dei
1473 5436 1487 5477 ;
1522 5431 1587 5468 ac
1619 5417 1890 5486 sequenti
1913 5419 2159 5477 sabbato

511 5528 538 5556 ‹‹
585 5507 857 5560 universa
944 5503 1371 5576 propemodum
1455 5503 1657 5558 civitas
1736 5509 2010 5562 convenit
2086 5509 2162 5564 ad

510 5617 537 5644 ‹‹
573 5593 940 5651 audiendum
963 5593 1206 5650 verbum
1253 5593 1374 5648 Dei.
1413 5592 1562 5647 Visis
1610 5599 1809 5648 autem
1844 5596 2032 5652 turbis
2059 5599 2164 5654 Ju-

509 5707 539 5737 ‹‹
572 5683 683 5740 diei
716 5684 927 5756 repleti
966 5690 1105 5740 sunt
1136 5683 1278 5754 zelo,
1313 5688 1370 5737 et
1399 5683 1887 5741 contradicebant
1908 5687 1999 5743 his
2033 5705 2163 5759 qua:

2269 4692 2530 4768 ϐήσεσθαι
2589 4695 2860 4770 μέλλοντα
2894 4741 2908 4754 .
2966 4701 3144 4752 Ταῦτα
3196 4695 3272 4766 δὲ,
3333 4697 3488 4776 φησὶ,
3541 4700 3778 4751 τοσαῦτα
3829 4695 3926 4749 καὶ

2268 4785 2575 4857 τηλικαῦτα
2601 4786 2664 4841 τὸ
2725 4788 2948 4860 μέγεθός
3003 4787 3144 4843 ἐστιν
3206 4787 3280 4848 ὡς
3334 4787 3424 4841 καὶ
3474 4786 3811 4841 ἀπιστεῖσθαι
3875 4782 3934 4839 εἴ

2265 4896 2348 4938 τις
2379 4874 2516 4930 αὐτὰ
2550 4875 2676 4949 ὑμῖν
2701 4873 3213 4950 προαπαγγείλειεν.

2341 5172 2368 5199 ‹‹
2405 5147 2507 5203 Καὶ
2544 5150 2654 5201 τῶν
2681 5140 2985 5218 σεϐομένων
3035 5143 3401 5220 προσηλύτων
3453 5148 3533 5216 τῷ
3589 5142 3794 5216 Παύλῳ
3821 5141 3919 5195 καὶ

2271 5263 2296 5289 ι(
2328 5241 2408 5309 τῷ
2464 5230 2739 5309 Βαρνάϐᾳ,
2799 5235 2997 5296 οἳτινες
3045 5232 3488 5310 προσλαλοῦντες
3541 5227 3754 5287 ἔπειθον
3814 5228 3923 5284 αὗ-

2270 5353 2297 5378 ‹‹
2331 5328 2458 5387 τοὺς
2492 5326 2758 5399 ἐπιμένειν
2789 5329 2858 5398 τῇ
2887 5324 3073 5403 χάριτι
3103 5329 3200 5380 τοῦ
3231 5327 3391 5389 Θεοῦ,
3448 5323 3570 5377 τότε
3629 5319 3924 5396 ἐρχομένῳ

2279 5411 2592 5488 «Σαϐϐάτῳ
2639 5412 2834 5490 σχεδὸν
2900 5420 3043 5469 πᾶσα
3094 5417 3128 5484 ἡ
3165 5413 3330 5476 πόλις
3389 5413 3635 5482 συνήχθη
3697 5410 3931 5464 ἀκοῦσαι

2272 5533 2301 5560 ‹‹
2331 5508 2421 5561 τὸν
2451 5506 2611 5580 λόγον
2649 5509 2746 5561 τοῦ
2795 5509 2930 5560 Θεοῦ
2986 5502 3220 5567 Ἰδόντες
3256 5501 3314 5559 δὶ
3371 5504 3423 5559 οἱ
3482 5500 3739 5560 Ἰουδαῖοι
3795 5499 3939 5564 τοὺς

2273 5621 2301 5650 ‹‹
2333 5594 2562 5672 ὄχλους,
2623 5594 2972 5666 ἐπλήσθησαν
3004 5592 3230 5665 ξζήλου.
3264 5592 3398 5667 (Καὶ
3457 5589 3746 5669 ἀντέλεγον
3805 5595 3940 5654 τοῖς

2272 5712 2300 5741 ‹‹
2343 5687 2472 5761 ὑπὲρ
2537 5688 2634 5742 τοῦ
2695 5683 2914 5740 Παύλου
2975 5683 3318 5762 λεγομένοις,
3371 5682 3752 5760 ἀντιλέγοντες
3835 5680 3936 5736 καὶ
