4176 6200
248 367 351 429 209

1190 368 1608 432 COMMENT.
1654 369 1731 431 ΙΝ
1778 366 1978 431 ACTA
2028 367 2636 431 APOSTULOBUM.

3524 372 3644 431 210

251 522 280 553 σι
310 499 776 582 βλασφημοῦντες.
808 499 1318 576 Παρρησιασάμενοι
1347 496 1406 557 δὲ
1443 501 1472 558 ὃ
1522 497 1742 565 Παῦλος
1792 498 1883 556 καὶ

2010 522 2026 554 ι
2056 518 2091 558 a
2120 502 2298 559 Paulo
2330 502 2701 571 dicebantur,
2751 502 3229 559 contradicentes
3259 519 3327 559 ac
3365 502 3639 576 blasphe-

253 614 281 644 «
309 593 336 647 ὁ
385 586 687 663 Βαρναὸας,
759 593 934 648 εἴποψ
990 591 1142 666 Ὑμῖν
1200 594 1267 661 ἦν
1318 591 1610 666 αναγκαῖον
1667 595 1882 664 πρῶτον

255 703 281 732 ιι
311 678 617 748 Λαληθῆναι
646 681 739 736 τὸν
798 678 968 759 λόγον
1022 680 1118 737 τοῦ
1176 684 1328 736 Θεοῦ.
1391 678 1615 749 Ἐπειδὴ
1674 677 1731 736 δὲ
1782 680 1885 736 ἀπ-

258 791 284 824 ε
309 772 525 826 ωθεῖσθε
552 769 738 840 αὐτὸν,
768 772 857 826 καὶ
917 770 1017 826 οὐκ
1043 771 1226 841 ἀξίους
1279 770 1486 847 κρίνετε
1537 770 1757 832 ἑαυτοὺς
1785 777 1885 840 τῆς

255 881 282 909 α
310 856 529 911 αἰωνίου
562 860 731 925 ζωῆς,
761 855 881 912 ἱδοὺ
903 857 1243 931 στρεφόμεθα
1290 857 1366 919 είς
1393 861 1460 912 τὰ
1489 855 1632 929 ἔθνη.
1695 858 1884 918 Οὕτως

253 968 282 998 α
310 946 407 1021 γὶρ
436 943 745 1001 ἐντέταλται
774 949 909 1018 ἡμῖν
938 947 967 1002 ὁ
998 947 1223 1019 Κύριος.
1280 945 1501 1003 Τέθεικά
1556 967 1613 1002 σε
1664 946 1741 1011 εἰς
1769 952 1883 1024 φῶς

253 1060 278 1088 ει
301 1034 481 1104 ἐθνῶν,
511 1039 609 1090 τοῦ
640 1036 778 1091 εἶναί
806 1057 866 1091 σε
920 1036 998 1102 εἰς
1046 1037 1315 1113 σωτηρίαν
1356 1034 1459 1101 ἕως
1517 1036 1754 1118 ἐσχάτου
1784 1044 1885 1107 τῆς

253 1128 429 1199 «γῆς.
477 1123 779 1183 ’Δκο·5οντα
816 1122 875 1181 δὲ
927 1127 997 1182 τὰ
1050 1123 1173 1197 ἔθνη
1226 1123 1436 1204 ἔχαιρε,
1496 1127 1586 1182 καὶ
1634 1123 1883 1198 ἐδόξαζον

252 1213 394 1268 «τὸν
423 1212 588 1289 λόγον
620 1217 720 1270 τοῦ
777 1216 1005 1290 Κυρίου,
1064 1216 1152 1271 καὶ
1211 1214 1523 1272 ἐπίστευσαν
1575 1214 1692 1271 ὅσοι
1752 1217 1887 1285 ἦσαν

253 1299 620 1377 «τεταγμένοι
679 1300 758 1366 ε’ίς
833 1305 981 1375 ζωήν
1051 1304 1294 1361 αἰώνιον.
1384 1306 1665 1382 Διεφέρετο
1751 1302 1807 1360 δὲ
1857 1306 1884 1359 ὁ

253 1416 279 1444 ιι
308 1391 470 1472 λόγος
494 1396 593 1447 τοῦ
615 1390 823 1467 Κυρίου
853 1390 924 1448 δι’
954 1390 1095 1466 ὅλης
1124 1400 1224 1464 τῆς
1252 1393 1464 1475 χώρας.
1499 1416 1527 1445 »

317 1663 652 1743 Σεϐομένους
678 1663 907 1730 ἐνταῦθα
957 1685 1015 1720 τε
1051 1664 1142 1720 καὶ
1198 1664 1406 1740 προῖὼν
1459 1662 1590 1726 τοὺς
1647 1663 1771 1738 περὶ
1824 1662 1887 1718 τὸ

250 1760 441 1815 οἰκεῖον
476 1752 636 1820 σέϐας
695 1754 929 1832 θερμοὺς
984 1752 1073 1809 καὶ
1131 1751 1429 1826 διαπύρους
1484 1753 1574 1808 καὶ
1632 1752 1888 1824 ζηλωτὰς

246 1854 350 1904 τῶν
378 1845 570 1903 ἄλλων
633 1844 849 1920 μᾶλλον
900 1843 1077 1901 καλεῖ.
1151 1841 1255 1902 Καὶ
1287 1843 1392 1919 γὰρ
1425 1842 1477 1897 οἱ
1505 1844 1747 1897 τοιοῦτοι
1795 1841 1883 1895 καὶ

250 1943 435 2003 θᾶττον
463 1946 571 1992 των
606 1933 793 1991 ἄλλων
822 1935 922 2003 τὴν
973 1934 1051 1997 εἰς
1093 1930 1324 2008 Χριστόν
1377 1929 1745 2007 παρεδέχοντο
1796 1929 1886 1985 πί-

249 2047 379 2096 στι-δ,
421 2026 517 2081 ἅτε
541 2021 610 2093 δὴ
640 2024 740 2094 τήν
790 2021 1072 2099 ὖπεροχήν
1107 2021 1275 2092 αὐτῆς
1330 2021 1418 2077 καὶ
1476 2020 1540 2076 τὸ
1602 2017 1888 2094 μεγαλεῖον

248 2114 535 2189 δυνάμενοι
580 2117 828 2189 συνορᾷν,
860 2112 950 2168 καὶ
1002 2111 1101 2167 οὐκ
1152 2109 1478 2187 ἀνθρωπίνῳ
1531 2110 1711 2179 πάθει,
1765 2106 1891 2165 ἀλλ’

247 2202 508 2274 ἀληθείας
536 2205 728 2273 σκοπῷ
773 2200 864 2257 καὶ
926 2196 1198 2262 εὐσεϐείας
1253 2198 1417 2274 ἔρωτι
1471 2198 1563 2253 καὶ
1594 2196 1623 2252 ὃ
1652 2216 1890 2272 προκατ-

249 2295 396 2373 εἶχον
427 2288 613 2355 σέϐας,
669 2292 866 2347 τούτου
926 2288 1170 2361 ζηλωταί
1225 2290 1636 2363 καθιστάμενοι.
1692 2286 1796 2343 Καὶ
1827 2287 1891 2341 αὗ

248 2386 411 2444 ⁸ιτειλιν
441 2388 497 2443 οἱ
524 2389 767 2441 τοιοῦτοι
796 2383 934 2439 κατὰ
956 2388 1067 2438 τῶν
1100 2386 1355 2456 μαθητῶν
1393 2379 1607 2455 μᾶλλον
1667 2380 1756 2435 καὶ
1791 2382 1891 2433 τοῦ

245 2476 601 2554 κηρύγματος
655 2474 1030 2549 παρωξῦνοντο
1067 2472 1157 2528 καὶ
1213 2470 1523 2544 ἰμαίκοντο,
1581 2470 1658 2533 ὡς
1714 2488 1894 2542 περισ-

248 2553 467 2640 σότερον
492 2569 602 2619 τῶν
635 2561 820 2619 ἄλλων
854 2560 1025 2634 ζῆλον
1059 2558 1204 2637 ἔχειν
1232 2562 1353 2636 περὶ
1387 2561 1450 2617 τὸ
1502 2560 1699 2616 οἰκεῖον
1733 2553 1891 2620 σέϐας

248 2652 681 2729 ἐπιδεικνύμενοι
733 2654 801 2710 Ἥ
862 2647 1191 2727 σεϐομένους
1243 2647 1399 2715 ἰδίως
1452 2649 1578 2712 τοὺς
1608 2648 1890 2725 προσηλύ·

242 2765 370 2806 τους
413 2749 594 2800 καλεῖ.
634 2744 738 2801 Καὶ
792 2739 1129 2817 δημηγορῶν
1189 2735 1493 2815 ἔμπροσθεν
1551 2739 1641 2794 καὶ
1695 2737 1887 2814 λέγων·

242 2830 469 2909 Ἄνδρες
496 2828 840 2903 Ἰσραηλῖται
866 2832 957 2886 καὶ
1016 2832 1069 2887 οἱ
1122 2829 1174 2885 ὲν
1233 2829 1360 2905 ὑμῖν
1417 2823 1752 2910 φοϐούμενοι
1796 2828 1890 2883 τὸν

244 2924 398 2993 Θεὸν,
428 2916 807 2997 φοϐουμένους
834 2921 928 2974 τὸν
989 2919 1120 2974 Θεὸν
1173 2916 1303 2980 τοὺς
1350 2916 1733 2993 προσηλότους
1765 2915 1888 2972 ἑκά-

242 3010 355 3083 λει,
438 3011 565 3074 τοὺς
641 3009 737 3085 μὲν
823 3009 930 3064 ἀπὸ
988 3011 1088 3064 τοῦ
1171 3006 1361 3083 γὲνους
1446 3006 1742 3082 σεμνῦνων,
1801 3006 1890 3061 καὶ

242 3098 584 3175 Ἰσραηλίτας
614 3098 976 3172 ἰξονομάζων,
1006 3096 1136 3161 τοὺς
1191 3094 1249 3152 δὲ
1278 3096 1363 3152 ὅτι
1399 3096 1475 3169 μή
1530 3100 1692 3152 τοῦτο
1742 3094 1888 3169 εἶχεν

244 3190 438 3262 εἰπεῖν,
468 3188 577 3244 ἀπὸ
606 3194 705 3257 τῆς
749 3186 1039 3262 θρησκείας
1099 3186 1321 3256 ἶσᾶζων.
1372 3186 1490 3242 ἰνα
1539 3186 1613 3258 μὴ
1672 3205 1758 3248 τις
1804 3183 1892 3239 εὖ·

242 3275 467 3343 λαὸείας
526 3281 664 3335 εἶναι
707 3278 908 3355 νομίσῃ
966 3279 1054 3348 τὸ,
1129 3276 1244 3337 Οὐκ
1284 3276 1460 3349 ἀξίους
1509 3276 1718 3353 κρίνετε
1771 3276 1892 3331 Euo-

242 3368 395 3437 τοὺς,
451 3367 541 3424 διὰ
584 3371 750 3423 τοῦτο
797 3371 1020 3442 πρῶτον
1063 3367 1212 3423 εἶπεν
1248 3410 1263 3437 ,
1325 3367 1657 3431 Ἀπωθεῖσθε
1712 3363 1897 3433 αὐτὸν,

242 3461 341 3521 καὶ
392 3461 538 3530 τότε,
621 3459 977 3538 Στρεφόμεθα
1022 3459 1099 3521 εἷς
1156 3460 1224 3517 τὰ
1278 3453 1424 3529 ἔθνη.
1481 3458 1597 3517 Οὐκ
1641 3457 1758 3514 εἴπὲ
1818 3455 1895 3527 δέ,

246 3548 753 3623 Καταλιμπάνομεν
786 3550 948 3625 ὑμᾶς,
979 3547 1129 3623 ἀλλ’,
1188 3548 1262 3611 ὡς
1314 3548 1563 3613 Δυνατὸν,
1620 3546 1775 3627 φησὶ,
1809 3546 1899 3602 καὶ

246 3640 472 3698 ἐνταῦθα
501 3640 669 3697 πάλιν
702 3648 1026 3718 στραφῆναι.

323 3844 352 3875 ι
380 3822 453 3879 Οἱ
508 3818 568 3877 δὲ
616 3818 868 3880 Ἰουδαῖοι
925 3821 1241 3898 παρώξυναν
1304 3821 1401 3886 τὰς
1447 3815 1741 3893 σεϐομὲωις
1797 3841 1898 3895 γυ-

251 3918 488 3975 σναῖκας
517 3912 610 3969 καὶ
638 3913 736 3977 τὰς
766 3911 1140 3993 εὐσχήμονας,
1181 3911 1274 3967 καὶ
1331 3910 1460 3976 τοὺς
1513 3911 1765 3986 πρώτους
1797 3915 1897 3978 τῆς

248 4027 279 4055 α
309 4002 558 4070 πόλεως,
613 4003 703 4058 καὶ
755 4000 1050 4078 ἐπήγειραν
1111 3998 1354 4077 διωγμὸν
1405 3999 1492 4056 sui
1540 4000 1632 4055 τὸν
1682 3997 1896 4054 Παῦλον

246 4090 521 4148 «καὶτὸν
568 4086 861 4168 Βαρνάϐαν·
917 4090 1008 4146 καὶ
1066 4085 1320 4162 ἐξέϐαλον
1375 4087 1570 4152 αὐτοὺς
1629 4089 1735 4143 ἀπὸ
1787 4092 1896 4143 τῶν

250 4204 280 4233 α
315 4180 483 4256 ὁρίων
515 4178 714 4238 αὐτῶν.
745 4181 813 4239 Οἱ
843 4178 899 4236 δὶ
931 4179 1332 4254 ἐκτιναξάμενοι
1361 4193 1454 4234 τον
1484 4178 1767 4253 κονιορτὸν
1793 4181 1900 4233 τῶν

253 4294 283 4323 α
314 4267 507 4327 ποδῶν
540 4269 718 4325 αὐτῶν
751 4268 836 4325 ἐπ’
881 4269 1105 4332 αὐτοὺς.
1133 4269 1307 4339 ἦλθον
1340 4269 1417 4330 είς
1462 4268 1710 4327 Ἰκόνιον.
1744 4268 1813 4325 Οἱ
1844 4264 1902 4322 δὲ

257 4381 287 4411 α
324 4357 568 4429 μαθηταὶ
601 4355 947 4434 ἐπληροῦντο
971 4361 1147 4439 χαρᾶς
1176 4357 1268 4413 καὶ
1315 4357 1634 4432 ΙΙνεύματος
1663 4356 1834 4433 ἁγίου.
1872 4383 1893 4409 ι

321 4447 592 4504 Ἐνταῦθα
632 4446 940 4523 πληροῦσιν
998 4448 1028 4502 ὃ
1085 4445 1405 4524 προσέταξεν
1463 4447 1650 4507 αὐτοῖς
1707 4446 1737 4501 ὁ
1787 4444 1901 4503 Κύ-

254 4555 398 4612 ριος,
428 4537 630 4618 λέγων·
661 4537 787 4596 Ἐὰν
836 4543 913 4611 μή
961 4557 1045 4600 τις
1095 4537 1236 4612 ὑμᾶς
1303 4534 1541 4611 δέξηται,
1599 4534 1903 4606 ἐκτινάξατε

1998 615 2026 643 ‹‹
2062 593 2211 648 mias
2244 592 2553 663 loquentes
2606 596 2765 650 Tunc
2798 601 3031 665 sumpta
3076 595 3291 651 ﬁducia
3336 595 3553 652 Paulus
3585 602 3642 651 et

1998 704 2027 733 κ
2071 683 2368 739 Barnabas
2424 684 2740 739 dixerunt:
2818 685 2979 739 vobis
3023 685 3334 756 Oportebat
3380 686 3639 756 primum

1998 796 2024 823 ι(
2060 774 2220 843 loqui
2254 773 2495 829 verbum
2521 774 2619 829 Dei
2654 774 2794 828 :sed
2825 775 3105 844 quoniam
3155 775 3446 846 repellitis
3495 774 3642 831 illud

1999 886 2024 913 ‹‹
2062 868 2118 918 et
2174 863 2449 935 indignos
2528 862 2813 933 judicatis
2890 879 2990 917 vos
3039 864 3199 935 ipsos
3249 870 3473 919 acterna
3527 864 3645 919 vita

2000 976 2027 1003 «
2060 968 2195 1007 ecce
2240 951 2643 1008 convertimur
2672 953 2745 1007 ad
2775 957 2980 1024 gentes
3014 969 3026 1006 :
3061 953 3145 1006 sic
3172 952 3329 1007 enim
3363 954 3643 1024 prmcepit

2000 1066 2027 1093 ‹‹
2057 1042 2230 1098 nobis
2278 1042 2583 1098 Dominus.
2616 1042 2790 1097 Posui
2824 1047 2881 1097 te
2939 1042 2997 1096 in
3032 1041 3226 1097 lucem
3282 1041 3545 1112 gentium
3576 1047 3642 1099 ut

1999 1154 2027 1182 α
2059 1133 2141 1188 sis
2172 1131 2234 1185 in
2267 1130 2519 1186 salutem
2549 1148 2740 1202 usque
2796 1130 2871 1186 ad
2924 1136 3256 1186 extremum
3305 1136 3501 1185 terrm.
3531 1133 3643 1187 Au-

1995 1243 2023 1271 ‹‹
2057 1220 2289 1276 dientes
2320 1226 2519 1278 autem
2558 1226 2762 1293 gentes
2792 1220 3034 1293 gravisaa
3066 1225 3207 1275 sunt
3246 1225 3304 1275 et
3346 1219 3645 1293 gloriﬁca-

1996 1333 2024 1361 ‹‹
2057 1311 2203 1367 bant
2232 1311 2475 1383 verbum
2524 1310 2778 1365 Domini.
2814 1311 2883 1365 Et
2913 1308 3296 1365 crediderunt
3350 1314 3644 1381 quotquot

1998 1424 2026 1452 α
2058 1406 2227 1456 erant
2253 1400 2508 1456 ordinati
2538 1399 2611 1456 ad
2636 1400 2814 1455 vitam
2859 1404 3167 1456 aeternam.
3226 1399 3649 1473 Divulgabatur

1999 1515 2027 1544 »
2060 1499 2258 1550 autem
2314 1492 2557 1549 verbum
2610 1491 2844 1547 Domini
2901 1507 3007 1563 per
3061 1489 3402 1546 universam
3461 1490 3647 1562 regio-

1998 1604 2028 1634 ὶδ
2050 1599 2210 1639 nem.

2068 1673 2394 1747 Religiosos
2426 1673 2567 1728 etin
2602 1672 2715 1727 hoc
2745 1670 2876 1726 loco
2922 1676 2980 1725 et
3009 1670 3070 1725 in
3130 1686 3448 1743 progressu
3476 1671 3646 1725 vocat

1998 1783 2099 1823 eos
2129 1765 2228 1837 qui
2262 1765 2420 1820 circa
2467 1761 2771 1836 pr0prium
2827 1761 3051 1817 cultum
3090 1761 3385 1816 ferventes
3442 1766 3501 1816 et
3555 1776 3647 1816 ar-

1999 1857 2207 1912 dentes
2238 1860 2429 1921 erant,
2451 1869 2519 1908 ac
2550 1853 2807 1924 majores
2828 1868 2949 1922 prm
2981 1850 3212 1905 caeteris
3243 1848 3639 1904 aamulatores.

2001 1944 2303 2017 Siquidem
2330 1942 2480 2000 tales
2510 1942 2689 1997 etiam
2712 1939 2926 1995 Christi
2959 1938 3139 1994 ﬁdem
3170 1944 3308 1994 ante
3338 1936 3488 1993 alios
3520 1952 3645 1993 sus-

1999 2039 2304 2106 ceperunt,
2363 2039 2428 2088 ut
2486 2032 2586 2103 qui
2636 2035 2879 2102 possent
2936 2028 3064 2100 ejus
3120 2027 3535 2084 excellentiam
3574 2042 3643 2082 ac

1997 2124 2469 2198 magnitudinem
2502 2123 2867 2195 conspicere,
2894 2127 2950 2176 et
2970 2136 3090 2176 non
3111 2119 3374 2174 humano
3405 2118 3643 2183 affectu,

1999 2214 2103 2269 sed
2162 2213 2423 2268 veritatis
2468 2212 2689 2267 intuitu
2744 2227 2811 2265 ac
2842 2209 3080 2282 pietatis
3121 2223 3342 2276 amore,
3393 2205 3643 2278 ejusque

2000 2303 2194 2360 cultus
2229 2319 2400 2373 quem
2450 2301 2615 2373 prius
2673 2302 3025 2371 acceperant
3084 2297 3236 2351 “6
3267 2295 3646 2352 aemulatores

1999 2392 2329 2448 constituti.
2381 2393 2635 2446 Rursum
2669 2406 2700 2445 e
2732 2389 2960 2445 diverso
3009 2387 3110 2457 qui
3142 2385 3294 2440 tales
3323 2389 3513 2441 erant.
3546 2381 3648 2439 ad-

1999 2498 2203 2538 versus
2233 2480 2558 2553 discipulos
2590 2486 2647 2535 et
2695 2476 3181 2551 prmdicationem
3240 2473 3646 2545 magisirrita—

2000 2571 2219 2627 bantur
2239 2587 2306 2626 ac
2330 2569 2726 2627 insaniebant.
2754 2566 3135 2622 Ostendentes
3158 2562 3316 2636 quod
3334 2563 3647 2619 vehemen-

1999 2660 2211 2716 tiorem
2244 2659 2432 2716 zelum
2463 2659 2621 2714 circa
2644 2657 2949 2729 proprium
2978 2655 3204 2710 cultum
3259 2670 3380 2724 prae
3410 2654 3642 2708 caeteris

2000 2751 2307 2806 haberent.
2335 2753 2447 2804 Aut
2478 2747 2787 2820 religiosos
2826 2744 3062 2816 proprie
3094 2747 3260 2797 vocat
3289 2742 3642 2813 proselytos.

1998 2840 2233 2896 Etenim
2287 2854 2423 2894 eum
2475 2837 2535 2891 in
2593 2833 2998 2906 superioribus
3069 2831 3523 2887 concionaretur
3577 2845 3645 2884 ac

1999 2930 2268 2985 diceret:
2303 2927 2422 2981 Viri
2467 2924 2745 2980 Israelita
2795 2927 2853 2977 et
2906 2921 3007 2991 qui
3055 2920 3279 2975 timetis
3337 2920 3543 2984 Deum,
3574 2917 3647 2971 ti-

2001 3027 2231 3077 mentes
2258 3020 2442 3074 Deum
2490 3015 2734 3071 vocabat
2782 3011 3161 3084 proselytos:
3212 3008 3348 3064 illos
3398 3007 3641 3079 quidem

1998 3125 2277 3183 agenere
2325 3108 2629 3162 honorans
2689 3107 2747 3157 et
2803 3100 3102 3157 Israelitas
3159 3097 3488 3169 appellans,
3534 3096 3644 3151 bos

1999 3215 2133 3257 vero
2165 3197 2305 3270 quia
2332 3196 2393 3251 id
2425 3194 2621 3250 dicere
2666 3207 2789 3248 non
2819 3194 3073 3263 poterat,
3125 3204 3193 3243 ac
3220 3186 3509 3259 religione
3540 3186 3649 3241 ad-

2004 3305 2266 3362 aequans.
2304 3289 2384 3343 Ne
2408 3286 2541 3357 quis
2572 3282 2814 3355 pudoris
2844 3296 2912 3336 ac
2942 3276 3249 3335 modestia;
3281 3276 3648 3332 existimaret

2005 3396 2133 3436 esse
2165 3377 2322 3449 quod
2369 3375 2605 3442 dicitur,
2665 3371 2940 3443 indignos
2995 3366 3273 3424 indicatis
3327 3382 3428 3422 vos
3485 3366 3649 3438 ipsos

2004 3467 2226 3525 idcirco
2256 3462 2548 3538 prmmisit
2580 3478 2593 3515 :
2628 3458 2934 3532 Repellitis
2965 3455 3114 3512 illud
3140 3473 3153 3512 :
3187 3460 3247 3510 et
3276 3459 3415 3509 tunc
3444 3453 3650 3509 addit:

2002 3555 2409 3613 Convertimur
2437 3550 2510 3607 ad
2550 3556 2778 3623 gentes.
2813 3549 2937 3603 Non
2968 3545 3118 3601 dixit
3146 3550 3345 3599 autem
3380 3559 3394 3598 :
3446 3542 3652 3599 Belin-

2005 3647 2245 3721 quimus
2272 3661 2395 3710 vos,
2421 3640 2524 3698 sed
2554 3638 2713 3711 quod
2754 3636 2882 3693 fieri
2934 3635 3124 3708 possit
3152 3639 3218 3689 ut
3261 3649 3517 3700 rursum,
3554 3630 3649 3687 in-

2004 3737 2151 3809 quit,
2181 3735 2276 3791 hic
2298 3745 2737 3789 conversemur.

2074 3826 2322 3887 Xlll,50
2358 3824 2446 3877 52.
2501 3819 2683 3875 Judaei
2772 3831 2906 3873 vero
2975 3812 3368 3868 incitaverunt
3423 3808 3645 3864 mulie-

2005 3937 2033 3967 ‹‹
2064 3930 2159 3970 res
2190 3911 2496 3984 religiosas
2527 3913 2585 3965 et
2629 3908 2934 3974 honestas,
2984 3903 3325 3976 primosque
3371 3897 3649 3965 civitatis,

2008 4029 2029 4056 ι
2066 4010 2125 4061 et
2169 4005 2572 4059 excitaverunt
2611 3996 3091 4072 persecutionem
3152 3991 3213 4046 in
3272 3989 3523 4046 Paulum
3582 4004 3649 4044 ac

2004 4122 2032 4150 ‹‹
2068 4096 2436 4154 Barnabam:
2469 4098 2528 4149 et
2548 4093 2856 4164 ejecerunt
2881 4103 2981 4143 eos
3012 4085 3084 4141 de
3130 4082 3351 4140 ﬁnibus
3399 4082 3543 4137 suis.
3576 4082 3655 4136 At

2004 4212 2030 4239 ‹‹
2057 4187 2147 4243 illi
2181 4200 2424 4242 excusso
2450 4181 2691 4255 pulvere
2722 4178 2940 4253 pedum
2974 4190 3217 4231 suorum
3242 4173 3305 4227 in
3338 4187 3461 4239 eos,
3482 4186 3655 4225 vene-

2007 4301 2034 4330 «
2067 4282 2212 4334 runt
2238 4274 2522 4331 Iconium.
2558 4273 2739 4325 Porro
2771 4265 3050 4339 discipuli
3096 4261 3484 4335 replebantur
3510 4274 3653 4332 gau-

2009 4390 2037 4419 «
2070 4367 2167 4422 dio
2198 4371 2258 4421 et
2284 4362 2503 4436 Spiritu
2536 4364 2761 4416 sancto.
2791 4379 2820 4407 η

2078 4457 2183 4512 Hic
2213 4435 2515 4524 complent
2543 4448 2703 4521 quod
2734 4446 2855 4503 illis
2886 4443 3168 4518 praecepit
3222 4437 3531 4506 Dominus,
3563 4435 3655 4492 di-

2009 4543 2278 4603 cens:Si
2308 4540 2441 4613 quis
2471 4555 2593 4595 non
2653 4535 2985 4609 susceperit
3040 4550 3158 4599 vos,
3213 4528 3468 4585 excutite
3518 4524 3657 4613 pul-

249 4627 346 4683 τὸν
376 4628 658 4703 κονιορτὸν
690 4631 799 4683 τῶν
821 4626 1006 4683 ποδῶν
1059 4628 1232 4696 ὑμῶν.
1282 4627 1450 4687 Οὗτοι
1508 4623 1566 4680 Si
1610 4625 1675 4679 οὐ
1735 4623 1893 4696 μόνον

2011 4648 2210 4689 verem
2258 4612 2479 4703 pedum
2561 4632 2914 4683 vestrorum.
2980 4622 3047 4677 Hi
3104 4635 3238 4675 vero
3296 4632 3417 4672 non
3476 4612 3654 4670 modo

255 4717 358 4775 οὐκ
386 4715 653 4791 ἐδέξαντο,
685 4714 834 4773 ἀλλὰ
870 4715 961 4772 καὶ
1016 4714 1300 4787 ἀπήλασαν
1360 4714 1554 4778 αὐτοὺς
1602 4717 1708 4769 τῶν
1742 4711 1904 4788 ὁρίων

257 4806 611 4880 αὖτῶν,δπερ
651 4803 767 4862 ἆστὶ
822 4808 1033 4881 χεῖρον⁸
1094 4801 1230 4859 Οὐδὶ
1272 4804 1374 4880 γὰρ
1423 4802 1704 4878 κονιορτὸν
1760 4799 1907 4858 θέλει

257 4891 407 4971 ἔχειν
436 4896 566 4959 τοὺς
611 4893 857 4968 μαθητὰς
878 4894 906 4950 ὁ
937 4893 1138 4970 Κύριος
1167 4890 1254 4947 ἐπὶ
1284 4896 1392 4947 τῶν
1447 4889 1630 4947 ποδῶν
1686 4888 1749 4947 ἐκ
1805 4896 1906 4959 τῆς

256 4994 368 5045 τῶν
410 4986 643 5045 ἀνοσίων
704 4986 999 5062 ἀνθρώπων
1046 4992 1174 5065 γῆς,
1234 4981 1543 5048 δεικνύντας
1590 4982 1680 5040 διὰ
1711 4982 1908 5041 τούτου

259 5078 342 5135 ὅτι
374 5076 535 5135 οὐδὲν
568 5076 892 5154 ἱκομίσαντο
951 5078 1057 5132 ἀπὸ
1107 5080 1216 5132 τῶν
1281 5076 1538 5139 ἀπειθῶν.
1592 5080 1799 5149 Δεῖγμα
1851 5071 1909 5129 δὲ

259 5166 402 5225 ιστιν
430 5170 461 5225 ὁ
487 5166 776 5243 κονιορτὸς
815 5170 913 5224 τοῦ
963 5164 1139 5222 κόπου
1168 5166 1227 5223 ’ὸν
1263 5165 1552 5239 ὑπέμειναν
1589 5161 1659 5220 δι’
1686 5162 1905 5228 αὐτοὺς.

798 5364 1063 5425 ΚΒΦΔΔ.
1097 5365 1233 5425 KA’.

260 5474 453 5539 Ὅπως
493 5474 549 5531 ἓν
601 5472 814 5548 Ἰκονίῳ
864 5472 1191 5548 κηρύξαντες
1248 5470 1347 5548 τὸν
1391 5470 1623 5548 Χριστὸν
1683 5469 1908 5529 πολλῶν

326 5568 392 5605 τε
415 5542 821 5604 πιστευσαντων
862 5542 1206 5620 ἰδὰὗχξθησαν
1241 5544 1292 5599 οἱ
1324 5542 1652 5601 ἀπόστολοι·

328 5719 360 5759 ἁ
392 5708 648 5786 Ἐγίνετο
680 5706 738 5765 δὶ
781 5707 835 5765 ιν
886 5702 1097 5785 ’ῐκονίψ
1151 5708 1289 5765 κατᾶ
1343 5706 1404 5762 τὸ
1464 5704 1593 5762 αὐτὸ
1653 5702 1909 5768 εἰσελθεῖν

2013 4736 2134 4777 non
2190 4722 2600 4791 susceperunt,
2653 4729 2861 4770 verum
2917 4710 3095 4766 etiam
3161 4708 3498 4779 expuerunt
3555 4718 3657 4757 eos

2013 4827 2050 4867 a
2079 4808 2298 4865 finibus
2329 4808 2473 4874 suis,
2508 4804 2664 4878 quod
2694 4804 2867 4878 pejus
2923 4804 3031 4856 est.
3083 4799 3283 4868 Neque
3324 4793 3485 4849 enim
3544 4792 3655 4847 Do-

2017 4900 2214 4956 minus
2243 4896 2570 4970 discipulos
2625 4894 2751 4949 vult
2806 4890 3022 4947 habere
3072 4887 3373 4960 pulverem
3408 4880 3659 4955 pedibus

2017 4988 2418 5046 adhaerentem
2452 5002 2483 5040 θ
2516 4990 2674 5040 terra
2721 4980 3041 5054 impiorum
3073 4976 3382 5032 hominum
3420 4989 3434 5026 :
3463 4977 3527 5025 ut
3554 4986 3662 5042 per

2019 5081 2131 5136 hoc
2162 5076 2549 5134 ostenderent
2573 5089 2636 5127 se
2665 5070 2817 5126 nihil
2847 5069 3056 5124 efferre
3088 5065 3161 5121 ab
3193 5060 3540 5119 incredulis.
3566 5060 3667 5114 Est

2018 5175 2216 5226 autem
2247 5165 2443 5238 pulvis
2474 5161 2758 5219 indicium
2781 5157 3004 5216 laboris
3023 5172 3199 5227 quem
3232 5159 3476 5226 propter
3505 5150 3666 5221 ipsos

2020 5256 2178 5335 passi
2210 5262 2352 5316 sunt

2628 5356 2859 5416 CAPUT
2904 5354 3051 5412 XXI.

2022 5472 2297 5543 Quomodo
2354 5468 2533 5543 Iconii
2590 5466 2863 5523 Christum
2914 5460 3342 5543 pradicaveriut
3369 5470 3390 5512 :
3441 5469 3676 5543 cumque

2092 5542 2628 5600 multicredidissent
2662 5532 3093 5609 persecutionem
3138 5532 3290 5602 passi
3346 5534 3471 5583 sunt
3529 5542 3666 5594 apo-

2274 5709 2362 5764 16.
2397 5701 2676 5761 «Accidit
2707 5702 2900 5757 autem
2951 5693 3130 5751 lconii
3184 5697 3249 5746 ut
3317 5688 3425 5759 ipsi
3484 5680 3659 5739 simul
