4150 6200
458 358 574 424 211
1579 349 2006 413 (ECUMENII
2049 347 2358 410 'l‘RlCC/E
2409 347 2779 422 EPISCOPI.
3760 351 3880 412 212

468 517 498 547 ιι
519 494 836 550 introirent
849 503 1225 562 synagogam,
1259 491 1318 544 et
1344 485 1810 559 loquerenturut
1823 486 1906 541 sic
1919 485 2107 540 crede-

2241 478 2485 544 ιαύτους
2540 480 2616 543 εἰς
2695 481 2792 550 τὴν
2879 482 3192 556 συναγωγὴν
3267 486 3374 536 τῶν
3431 479 3732 550 Ἰουδαίων,
3785 485 3879 541 καὶ

469 607 496 636 ιι
520 579 999 637 rentJudaeorum
1040 580 1078 632 1
1103 581 1130 630 Ι
1151 578 1187 632 7
1217 577 1395 630 simul
1427 583 1484 632 et
1505 579 1840 634 Graecorum
1872 575 2108 648 copiosa

2237 594 2256 621 ιι
2293 568 2532 638 λαλῆσαι
2567 570 2758 640 οὕτως,
2819 569 2956 625 ὣστε
3014 576 3292 626 πιστεῦσαι
3349 570 3640 628 Ἰουδαίων
3697 576 3876 630 τεκαὶ

471 694 498 722 ιι
531 668 868 726 multitudo.
903 667 1007 733 Qui
1042 683 1176 722 vero
1211 665 1504 721 increduli
1556 673 1724 722 erant
1752 667 1937 721 Judaei
1971 682 2110 720 con-

2238 684 2257 711 ιι
2294 657 2580 730 Ἑλλήνων
2613 658 2756 714 πολὺ
2789 659 3022 726 πλῆθος.
3056 661 3118 714 Οἱ
3147 659 3204 714 δὲ
3235 662 3578 726 ἀπειθοῦντες
3625 661 3877 720 Ἰουδαῖοι

473 782 497 812 ιι
533 759 860 815 citaverunt
889 773 956 812 ac
986 763 1381 828 corruperunt
1422 756 1652 810 animos
1710 756 1975 828 gentium
2009 753 2112 811 ad—

2235 773 2258 802 ιι
2290 746 2580 822 ἐπήγειραν
2633 748 2722 802 καὶ
2811 746 3087 802 ἐκάκωσαν
3160 749 3256 811 τὰς
3315 753 3495 826 ψυχας
3547 756 3657 806 τῶν
3709 751 3874 818 ἐνθὼν

472 871 500 899 ιι
525 864 726 903 versus
745 845 973 901 fratres.
999 845 1176 900 Multo
1199 845 1375 918 igitur
1395 851 1657 917 tempore
1673 845 1801 900 dem
1812 845 1960 912 orati
1979 849 2111 900 sunt

2245 863 2258 890 (
2292 839 2426 894 κατὰ
2462 843 2567 893 τῶν
2608 835 2876 914 ἀδελφῶν.
2913 840 3114 894 Ἰκανὸν
3148 841 3244 912 μὶν
3277 841 3367 896 οὖν
3418 841 3618 918 χρόνον
3680 841 3883 918 διέτρι-

474 960 501 988 ιι
535 937 766 991 fortiter
795 941 1035 1008 agentes
1057 951 1162 1005 per
1193 934 1528 1000 Dominum,
1570 934 1669 1006 qui
1709 934 2113 988 testimonium

2234 954 2258 981 ιι
2293 932 2395 1004 ψαν
2426 926 2926 1003 παρρησιαζόμενοι
2987 928 3074 984 ἐπὶ
3131 934 3212 1002 τῷ
3269 929 3471 1003 Κυρίῳ,
3529 935 3608 1002 τῷ
3668 953 3873 1008 μαρτυ-

479 1049 504 1080 ιι
535 1023 884 1098 perhibebat
940 1023 1198 1080 sermoni
1241 1024 1443 1096 gratiae
1523 1041 1665 1087 sum,
1726 1023 2022 1094 dabatque
2054 1028 2118 1077 ut

2244 1041 2257 1069 ι
2293 1023 2476 1092 ροῦντι
2507 1023 2584 1090 τῷ
2614 1015 2770 1092 λόγῳ
2793 1024 2892 1086 τῆς
2925 1021 3150 1094 χάριτος
3185 1017 3370 1088 αὐτοῦ,
3416 1016 3620 1074 διδόντι
3681 1027 3883 1092 σημεῖα

472 1139 498 1166 ιι
519 1115 706 1188 ἐἱεηᾶ
727 1113 1074 1188 acprodigia
1096 1113 1424 1184 fierentper
1447 1129 1656 1168 manus
1680 1130 1903 1168 eorum.
1927 1113 2111 1168 Divisa

2247 1133 2259 1158 ι
2294 1108 2384 1162 καὶ
2413 1108 2608 1178 τέρατα
2633 1109 2840 1182 γενέθαι
2873 1103 2960 1162 διᾶ
3016 1113 3122 1162 τῶν
3175 1111 3376 1183 χειρῶν
3435 1109 3631 1165 αὐτῶν.
3693 1111 3886 1187 Ἐσχί-

480 1211 618 1260 «εει
667 1211 864 1258 autem
915 1202 1231 1258 multitudo
1291 1202 1586 1258 civitatis:
1651 1208 1708 1256 et
1759 1203 1818 1256 hi
1878 1201 2119 1274 quidem

2461 1199 2482 1230 ,_
2553 1197 2566 1214 .
2697 1199 2724 1209 .-
2796 1219 2819 1234 ﬁ
2897 1201 2954 1236 ,μ
3041 1199 3051 1216 ,
3101 1219 3119 1230 ρ
3183 1219 3204 1234 ρ
3331 1198 3343 1212 .
3511 1199 3526 1216 ι
3825 1202 3838 1220 ι

2245 1225 2258 1249 ι
2294 1209 2394 1269 σθη
2429 1196 2484 1253 δε
2513 1217 2576 1252 το
2607 1197 2816 1268 πληθο,
2857 1219 2953 1262 τη..
2985 1196 3224 1264 πολιως,
3260 1219 3348 1252 και
3381 1200 3432 1254 οἱ
3470 1220 3563 1272 μεν
3607 1199 3739 1270 ἦσαν
3791 1221 3883 1256 συν

485 1319 510 1346 ιι
541 1294 778 1349 stabant
807 1309 840 1348 a
868 1291 1106 1358 Judaais,
1139 1291 1226 1345 illi
1281 1308 1414 1346 vero
1476 1291 1546 1345 ab
1605 1291 1910 1362 apostolis.
1945 1291 2119 1346 Cum-

2248 1313 2258 1338 ι
2301 1291 2418 1348 τοῖς
2451 1284 2761 1348 Ἰουδαίοις,
2795 1288 2844 1340 οἱ
2878 1285 2936 1342 δὲ
2984 1287 3076 1342 σὺν
3133 1293 3250 1350 τοῖς
3301 1287 3654 1352 ἀποστόλοις.
3709 1293 3798 1352 Ὠς
3829 1289 3887 1347 δὲ

489 1409 508 1435 ιι
546 1401 659 1456 que
687 1385 878 1440 factus
928 1387 1083 1438 esset
1137 1382 1395 1454 impetus
1461 1382 1724 1454 gentium
1783 1383 2004 1453 pariter
2056 1398 2123 1437 ac

2245 1401 2264 1429 ιι
2295 1376 2507 1454 ἐγένετο
2529 1377 2676 1451 ὁρμὴ
2711 1381 2817 1434 τῶν
2848 1375 3048 1439 ἐνθνῶν
3085 1397 3143 1431 τε
3165 1378 3253 1432 καὶ
3291 1375 3570 1433 Ἰουδαίων
3621 1377 3712 1434 σὺν
3767 1385 3884 1442 τοῖς

481 1474 878 1529 «Iudaeorum
923 1488 1046 1527 una
1102 1487 1236 1526 cum
1293 1471 1663 1542 principibus
1717 1472 1840 1540 suis
1897 1477 1962 1526 ut
2008 1472 2120 1526 vim

2248 1499 2266 1526 ιι
2299 1471 2560 1550 ἄρχουσιν
2589 1473 2788 1538 αὐτῶν,
2824 1469 3038 1548 ὑϐρίσαι
3096 1475 3186 1528 καὶ
3249 1471 3616 1544 λιθοϐολῆσαι
3669 1476 3887 1547 αὐτοὺς,

479 1585 506 1613 ι(
541 1562 853 1626 inferrent,
888 1576 1104 1630 eosque
1145 1559 1497 1630 lapidarent,
1544 1577 1606 1614 re
1633 1561 1868 1633 cognita
1917 1561 2118 1616 confu-

2247 1589 2266 1615 ιι
2300 1560 2602 1624 συνιδόντες
2633 1562 2926 1640 κατέφυγον
2961 1563 3036 1625 εἰς
3069 1563 3165 1628 τὶς
3201 1562 3398 1628 πόλεις
3452 1571 3552 1634 τῆς
3587 1566 3886 1629 Λυκαονίας

483 1673 507 1704 ιι
551 1657 766 1722 gerunt
793 1649 866 1704 ad
916 1649 1179 1703 civitates
1240 1649 1546 1720 Lycaoniaa
1605 1650 1868 1720 Lystram
1901 1657 1959 1704 et
1986 1652 2122 1706 Der-

2254 1660 2544 1729 ιΛύστραν
2589 1652 2679 1709 καὶ
2739 1647 2969 1728 Δέρϐην,
3028 1651 3118 1708 καὶ
3183 1654 3282 1722 τὴν
3345 1653 3680 1730 περίχωρον,
3737 1655 3891 1711 κάκεῖ

490 1735 662 1796 (ben
692 1757 759 1795 ac
793 1739 1107 1794 finitimam
1142 1738 1468 1810 regionem,
1505 1737 1706 1808 ibique
1727 1739 2129 1808 praedicabant

1391 1753 1468 1803 m,
1505 1737 1706 1808 ibique
1727 1739 2133 1808 praedicabant
2247 1766 2266 1792 ι
2301 1741 2436 1810 ἦσαν
2469 1739 2972 1815 εὐαγγελιζόμενοι.
3009 1765 3029 1790 ιι

487 1828 944 1922 «Evangelium.
981 1849 1011 1922 is
1347 1915 1362 1922 ι
1503 1916 1518 1922 _
1645 1916 1659 1922 _
2165 1857 2212 1922 B

561 1941 588 1967 ιι
618 1917 1039 1990 Confugerunt.
1077 1938 1098 1966 ιι
1139 1915 1470 1974 Notandum
1503 1916 1615 1971 hoc
1645 1916 1774 1972 loco
1807 1935 1927 1972 non
1959 1933 2135 1990 Opor-
2165 1915 2200 1922 “

2318 1943 2345 1970 ιι
2396 1919 2720 1996 Κατέφυγον.
2779 1943 2805 1972 ιι
2867 1921 3219 1992 Σημειωτὲον
3275 1918 3500 1984 ἐνταῦθα
3555 1919 3638 1976 ὅτι
3697 1923 3763 1979 οὐ
3816 1920 3899 1979 δεῖ

489 2011 612 2062 tere
641 2023 748 2060 nos
789 2005 850 2059 in
910 2003 1174 2076 pericula
1229 2005 1546 2076 conjicere.
1608 2005 1711 2060 sed
1761 2006 1806 2060 si
1858 2022 2006 2078 opus
2037 2007 2128 2072 sit1

2256 2006 2574 2083 ἑπιρῥίπτειν
2607 2011 2754 2080 ἡμᾶς
2812 2013 2929 2070 τοῖς
2976 2006 3272 2079 κινδύνοις,
3305 2008 3432 2065 ἀλλ’
3499 2009 3545 2064 εἷ
3607 2007 3748 2078 δὲοι,
3808 2012 3895 2068 καὶ

493 2096 671 2152 etiam
705 2094 776 2150 ad
809 2099 1042 2166 tempus
1072 2093 1294 2166 fugere,
1341 2111 1474 2149 cum
1511 2095 1786 2151 Ecclesia:
1817 2095 1994 2152 duces
2026 2097 2132 2152 hoc

2259 2096 2460 2172 ρεύγειυ
2489 2097 2624 2168 πρὸς
2655 2097 2864 2172 καιρὸν,
2894 2101 3003 2151 τῶν
3035 2097 3344 2174 κορυφαίων
3373 2095 3536 2154 τοῦτο
3563 2100 3898 2172 ποι-δόντων,

488 2185 759 2248 fecerint,
783 2189 1066 2254 tanquam
1089 2183 1352 2238 volentes
1376 2183 1859 2255 praedicationem
1883 2203 2127 2242 commo-

2258 2183 2427 2257 ὥσπερ
2461 2181 2746 2253 ἐπίστηδες
2795 2185 3024 2240 ἐκτεῖναι
3081 2186 3458 2262 βουλομένους
3495 2189 3556 2242 τὸ
3617 2191 3897 2266 κήρυγμα.

489 2275 560 2330 de
594 2273 931 2340 extendere,
965 2272 1270 2346 magisque
1302 2273 1816 2346 persecutionibus
1841 2277 2062 2348 augeri.

1880 2277 2062 2348 ugeri.
2246 2275 2335 2329 καὶ
2363 2270 2452 2328 διὰ
2477 2278 2606 2348 τῶμ
2641 2270 2902 2349 δϊωγμῶν
2939 2273 3156 2350 μᾶλλον
3187 2275 3519 2349 αὐξάνεσθαι.

1091 2362 1322 2417 CAPUT
1360 2363 1535 2418 XXII.

2853 2365 3116 2420 ΚΕΦΑΑ.
3158 2366 3281 2422 ΚΒ“.

494 2443 577 2514 De
607 2456 800 2512 claudo
819 2473 853 2511 α
881 2454 1178 2510 nativitate
1209 2457 1306 2526 qui
1334 2458 1540 2526 Lystris
1591 2472 1696 2526 per
1745 2455 2015 2524 apostolos
2044 2473 2133 2510 ru-

560 2535 715 2578 ratus
746 2534 822 2578 est
857 2534 1120 2578 :m'onter
1149 2527 1298 2578 σιλοιί
1335 2529 1416 2578 dii
1463 2544 1589 2578 esse.
1650 2533 1702 2578 et
1733 2529 1922 2578 furore
1952 2529 2133 2578 divino

2263 2451 2380 2540 Περὶ
2425 2454 2522 2506 τοῦ
2579 2450 2630 2507 ἐν
2693 2451 2836 2506 Λύστ
2879 2472 2963 2514 οις
3022 2452 3080 2506 ἐκ
3127 2456 3342 2528 γενετῆς
3412 2454 3606 2529 γωλοῦ
3655 2456 3902 2523 ἳαθὲντος

2321 2523 2409 2578 οιᾶ
2462 2527 2570 2577 τῶν
2630 2471 2975 2578 ἀποστόλων·
3045 2523 3114 2578 δι’
3187 2527 3320 2578 ὅπερ
3403 2515 3536 2578 ε’ναί
3619 2548 3678 2578 τε
3760 2531 3898 2578 θεοὶΔ

560 2535 715 2584 ratus
746 2534 822 2583 est
857 2534 1120 2597 :propter
1149 2523 1298 2601 quod
1335 2523 1416 2601 εἰξὶ
1463 2523 1609 2593 esse;
1650 2533 1702 2601 et
1731 2523 1922 2601 furore
1952 2529 2139 2582 divino

2321 2523 2409 2601 δια
2462 2527 2570 2577 τῶν
2630 2523 3004 2601 ἁττοεενιςόλων·⁸
3045 2523 3150 2578 δι’⁷
3187 2527 3320 2601 ὄπερ
3375 2523 3536 2601 ,ξ’ναί
3619 2548 3678 2601 τε
3760 2531 3897 2598 θεοὶ,

560 2601 766 2670 agitari
795 2592 904 2654 visi
922 2592 1299 2672 suntme—olis,
1335 2600 1430 2653 ubi
1453 2592 1644 2669 postea
1677 2592 1962 2669 lapidata):
1987 2601 2135 2654 Pau-

2319 2595 2410 2672 καί
2473 2601 2701 2672 μανῇναι
2785 2592 3302 2672 τοῖς-,ἐγχωρίοιςί
3372 2593 3576 2672 ξδυξαντ
3651 2595 3774 2654 ἔνθα
3833 2592 3899 2671 δή

566 2664 648 2728 lus
676 2690 709 2726 a
737 2670 956 2727 Judacis
985 2671 1112 2725 urbi
1137 2672 1352 2725 vicinis.
1453 2664 1472 2669 “
1725 2664 1746 2669 “

2320 2665 2410 2746 καὶ
2475 2664 2778 2746 μετέπειτα-
2846 2664 3210 2746 {reﬁciant
3265 2664 3488 2734 Παῦλος
3564 2672 3710 2746 παρὰ
3791 2664 3898 2728 τῶν

2319 2736 2710 2812 ἀστυγειτόνων
2743 2736 3044 2796 Ἰουδαίων.

568 2831 717 2898 XIV,
750 2834 898 2886 7-2t.
943 2853 968 2880 ιι
994 2833 1064 2885 Ει
1093 2830 1336 2902 quidam
1367 2831 1453 2886 vir
1481 2831 1699 2902 Lystris
1729 2831 1945 2887 debilis
1975 2830 2144 2903 pedi-

2323 2851 2352 2880 ιι
2389 2827 2484 2883 Καί
2514 2849 2596 2889 τις
2625 2827 2762 2902 ἀνὴρ
2803 2827 2855 2882 ἐν
2895 2827 3160 2902 Λύστροις
3217 2829 3510 2892 ἀδύναντος
3565 2837 3683 2894 τοῖς
3751 2833 3909 2889 ποσὶν

496 2943 523 2970 ιι
548 2921 657 2976 bus
693 2919 974 2976 sedebat:
1009 2919 1109 2990 qui
1149 2935 1282 2976 cum
1313 2919 1385 2974 ab
1417 2925 1586 2978 utero
1637 2921 1841 2976 matris
1897 2919 2135 2976 claudus

2267 2941 2282 2969 ιι
2315 2913 2568 2986 ἐκάθητο.
2605 2919 2796 2992 χωλὸς
2829 2915 2890 2972 ἐκ
2917 2917 3134 2979 κοιΑίας
3171 2920 3377 2995 μητρὸς
3410 2920 3576 2976 αὖτοῦ
3623 2920 3906 3002 ὑπάρχων,

496 3032 524 3061 ιι
560 3013 716 3065 esset
741 3024 1050 3080 nunquam
1075 3007 1496 3064 ambulaverat.
1525 3009 1626 3063 llic
1649 3008 1872 3064 audivit
1897 3008 2135 3066 Paulum

2270 3006 2378 3069 «ὃς
2435 3003 2696 3062 οὐδέποτε
2779 3009 3258 3080 περιεπεπατήκει.
3345 3009 3520 3071 Οὗτος
3589 3008 3755 3080 ἤκουε
3805 3015 3908 3066 τοῦ

493 3122 520 3149 ιι
557 3099 900 3170 loquentem
936 3115 948 3152 :
984 3099 1084 3170 qui
1127 3097 1383 3154 intuitus
1442 3114 1598 3164 eum,
1632 3099 1957 3170 vidensque
1989 3097 2132 3170 quoc‘

2261 3093 2538 3150 «Παύλου
2580 3094 2901 3156 λαλοῦντος.
2963 3096 3060 3156 ΙὈς
3119 3096 3360 3158 ἀτενίσας
3391 3099 3543 3168 αὐτῷ
3599 3101 3689 3154 καὶ
3750 3097 3900 3172 ἰδὼν,

497 3209 524 3237 ιι
557 3187 736 3242 fidem
775 3187 1021 3242 haberet
1069 3191 1128 3241 et
1179 3192 1246 3240 ut
1274 3185 1469 3242 salvus
1502 3188 1689 3254 ﬁeret,
1725 3187 1872 3242 dixit
1927 3203 2136 3260 magna

2265 3209 2290 3239 ιι
2321 3185 2403 3240 ὅτι
2437 3185 2612 3239 πίστιν
2646 3183 2762 3258 ἔχει
2791 3188 2888 3238 τοῦ
2920 3186 3179 3253 σωθῆναι,
3217 3186 3340 3242 εἶπε
3373 3185 3586 3264 μεγάλῃ
3621 3193 3688 3263 τῇ
3724 3193 3901 3266 φωνῇ.

496 3297 524 3326 ιι
555 3293 728 3331 voce:
762 3277 941 3347 Surge
991 3276 1050 3330 in
1079 3275 1260 3346 pedes
1292 3280 1423 3332 tuos
1455 3283 1673 3332 rectus.
1709 3279 1778 3332 Et
1809 3277 2048 3344 exsillit,
2081 3281 2135 3332 et

2258 3298 2282 3327 ιι
2320 3275 2610 3344 ’Λνάστηθι
2641 3271 2725 3328 ἐπὶ
2760 3271 2886 3335 τοὺς
2919 3271 3088 3335 πόδας
3137 3295 3233 3328 σου
3269 3275 3451 3347 ὀρθός.
3518 3278 3614 3334 Καὶ
3670 3277 3897 3350 ἥλλετο,

497 3388 524 3417 ιι
558 3363 920 3420 ambulabat.
981 3365 1188 3420 Turbae
1247 3382 1380 3420 vero
1439 3383 1574 3424 cum
1637 3367 1924 3422 vidissent
1979 3365 2136 3437 quod

2256 3389 2278 3416 ιι
2308 3365 2398 3420 καὶ
2429 3365 2761 3438 περιεπάτει.
2823 3363 2889 3420 Οἱ
2941 3360 2998 3417 δὲ
3053 3359 3220 3441 ὄχλοι
3283 3361 3488 3427 ἰδόντες
3520 3367 3548 3420 ’ὀ
3581 3367 3832 3437 ἐποίησεν
3869 3370 3895 3424 ὁ

498 3477 519 3503 ι
552 3455 776 3510 fecerat
795 3455 1030 3518 Paulus,
1061 3455 1432 3512 sustulerunt
1453 3473 1652 3512 vocem
1673 3473 1838 3513 suam
1862 3471 2137 3512 sermone

2256 3454 2488 3521 ΠαῦΛός,
2523 3451 2728 3526 ἐπῆραν
2761 3452 2858 3519 τὴν
2920 3452 3105 3528 φωνὴν
3165 3451 3340 3507 αὐτῶν
3397 3456 3739 3522 Λυκαονιστὶ,
3799 3455 3895 3512 λέ-

499 3568 526 3596 ιι
561 3545 905 3618 Lycaonico,
925 3545 1078 3601 ‘ll8
1099 3545 1396 3601 dicentes:
1431 3545 1518 3600 Dii
1539 3546 1882 3602 hominibus
1905 3545 2138 3600 assimi-

2258 3560 2510 3614 κγοντες·
2543 3541 2609 3597 Οἱ
2641 3541 2752 3604 θεοὶ
2810 3539 3172 3612 ὁμοιωθέντες
3231 3541 3539 3615 ἀνθρώποις
3598 3540 3897 3614 κατέϐησαν

499 3659 526 3685 ιι
561 3635 661 3690 lati
696 3634 1134 3692 descenderunt
1164 3634 1236 3689 ad
1261 3651 1386 3689 nos.
1411 3636 1481 3688 Et
1501 3633 1790 3688 vocabant
1813 3633 2138 3688 Barnabam

2258 3653 2280 3682 ιι
2312 3631 2446 3704 πρὸς
2479 3631 2644 3699 ἡμᾶς.
2708 3627 2973 3684 Ἐκάλουν
3021 3649 3079 3683 τε
3131 3630 3222 3683 τὸν
3285 3632 3378 3702 μὲν
3441 3629 3742 3704 Βαρνάϐαν,
3777 3644 3897 3706 Δια,

498 3747 527 3776 ι(
545 3727 768 3794 Jovem,
794 3726 1039 3782 Paulum
1061 3739 1192 3776 vero
1211 3724 1582 3788 Mercurium,
1597 3722 1754 3792 quod
1777 3723 1826 3777 is
1849 3729 2006 3776 esset
2024 3722 2137 3779 dux

2261 3742 2278 3769 ιι
2310 3719 2400 3771 τὸν
2433 3715 2486 3770 δὲ
2521 3717 2758 3785 Παῦλον,
2819 3721 3052 3789 Ἑρμῆν,
3087 3715 3271 3788 ἐπειδή
3304 3719 3467 3782 αὐτὸς
3497 3723 3562 3790 ἦν
3593 3723 3619 3776 ὁ
3651 3723 3900 3796 ἡγούμε-

502 3836 532 3866 α
565 3815 878 3872 sermonis.
915 3811 1196 3868 Sacerdos
1227 3817 1422 3866 autem
1453 3809 1629 3877 Jovis,
1655 3811 1754 3880 qui
1789 3817 1924 3866 ante
1949 3811 2141 3866 civita-

2257 3829 2282 3861 ιι
2311 3827 2403 3870 νος
2429 3811 2526 3861 τοῦ
2566 3803 2756 3881 λόγου.
2789 3811 2847 3864 Ὀ
2879 3805 2936 3860 δὲ
2965 3807 3138 3874 ἱερεὺς
3168 3812 3269 3862 τοῦ
3302 3809 3447 3874 Διὸς,
3477 3815 3572 3865 τοῦ
3607 3807 3756 3871 ὄντος
3789 3811 3896 3885 πρὸ

502 3927 530 3956 ιι
563 3913 682 3962 tem
715 3903 952 3958 illorum
994 3904 1139 3964 erat,
1199 3899 1395 3954 allatis
1451 3900 1634 3956 tauris
1691 3905 1746 3954 et
1801 3900 2038 3955 coronis
2069 3899 2141 3955 ad

2262 3919 2283 3948 ιι
2313 3901 2412 3963 τῆς
2445 3891 2658 3957 πόλεως
2693 3893 2892 3963 αὐτῶν,
2923 3893 3154 3968 ταύρους
3187 3895 3277 3950 καὶ
3309 3897 3593 3969 στέμματα
3639 3898 3728 3954 ἐπὶ
3772 3899 3901 3961 τοὺς

501 4017 529 4044 ιι
562 3991 856 4049 vestibula
900 4005 1034 4044 cum
1087 3987 1276 4042 turbis
1337 3987 1566 4042 volebat
1613 3988 1943 4044 immolare.
1978 3989 2140 4054 Quod

2259 4008 2280 4036 ι
2316 3983 2568 4044 πυλῶνας
2636 3981 2872 4061 ἐνέγκας,
2935 3985 3024 4038 σὺν
3085 3991 3201 4046 τοῖς
3257 3983 3456 4060 ὄχλοις
3513 3985 3680 4056 ἤθελε
3733 3990 3897 4046 θύειν.

502 4104 530 4132 ιι
563 4081 660 4136 ubi
693 4079 1011 4136 audierunt
1039 4077 1288 4148 apostoli
1315 4077 1608 4132 Barnabas
1639 4084 1696 4133 et
1730 4078 1968 4148 Paulus,
2000 4097 2141 4136 con-

2255 4097 2282 4124 ιι
2313 4074 2667 4136 Ἀκούσαντες
2707 4069 2764 4128 δὲ
2795 4074 2846 4127 οἱ
2879 4071 3178 4128 ἀπόστολοι
3213 4070 3487 4148 Βαρνάϐας
3515 4076 3605 4132 καὶ
3661 4078 3894 4148 Παῦλος,

507 4193 533 4224 ιι
564 4169 765 4226 scissis
799 4166 1056 4224 vestibus
1096 4168 1219 4222 suis
1278 4167 1620 4222 insilierunt
1650 4169 1710 4224 in
1742 4168 1998 4230 turbam.
2031 4170 2145 4225 cla-

2260 4160 2693 4238 ιιδιαρῥῆξαντες
2779 4163 2844 4216 τὰ
2893 4162 3086 4236 ἱμάτια
3161 4163 3358 4228 αὐτῶν,
3403 4163 3766 4236 εἰσεπήδησαν
3825 4169 3899 4231 εἷς

500 4283 529 4312 ιι
560 4265 788 4318 mentes
844 4275 912 4313 ac
965 4257 1268 4314 dicentes:
1309 4258 1443 4318 Viri.
1476 4265 1544 4315 ut
1572 4259 1715 4330 quid
1748 4260 1861 4316 ista
1909 4260 2139 4316 facitis?

2263 4275 2279 4304 ι
2316 4254 2406 4308 τὸν
2461 4249 2660 4332 ὄχλον,
2721 4254 3008 4326 κράζοντες
3061 4252 3149 4308 καὶ
3209 4252 3469 4327 λέγοντες·
3549 4255 3792 4331 Ἄνδρες,
3849 4253 3902 4316 τί

502 4373 528 4401 ιι
553 4367 662 4406 nos
691 4365 926 4421 quoque
951 4348 1226 4402 similiter
1250 4347 1559 4406 affectibus
1590 4355 1649 4404 et
1677 4349 1852 4404 malis
1883 4349 2141 4416 obnoxii,

2264 4368 2283 4397 κ
2314 4347 2480 4399 ταῦτα
2511 4348 2718 4399 ποιεῖτε
2750 4364 2763 4412 ;
2794 4343 2882 4398 καὶ
2937 4345 3102 4416 ἡμεῖς
3161 4346 3524 4416 ομοιοπαθεῖς
3583 4345 3741 4418 ἐσμεν
3777 4349 3903 4419 ὑμῖν

501 4468 526 4492 α
562 4457 766 4498 sumus
811 4439 1102 4500 homines.
1137 4439 1563 4496 annuntiantes
1601 4446 1668 4496 ut
1697 4441 1772 4497 ab
1805 4442 1933 4498 istis
1982 4442 2140 4498 vanis

2260 4455 2286 4487 ιι
2316 4431 2617 4508 ἄνθρωποι,
2653 4432 3138 4506 εὐαγγελιζόμενοι
3171 4433 3310 4503 ὑμᾶς
3369 4433 3476 4488 ἀπὸ
3535 4434 3739 4490 τούτων
3792 4441 3899 4490 τῶν

507 4555 526 4580 ιι
557 4528 1074 4587 convertaminiad
1105 4529 1290 4584 Deum
1323 4530 1538 4597 vivum,
1571 4530 1670 4600 qui
1693 4529 1834 4586 fecit
1854 4532 2066 4586 malum
2089 4535 2146 4586 et

2264 4549 2282 4575 ιι
2319 4522 2563 4596 ματαίων
2595 4521 2931 4598 ἐπιστρέφειν
2987 4521 3074 4577 ἐπὶ
3131 4523 3223 4578 τὸν
3279 4526 3407 4579 Θεὸν
3461 4525 3555 4580 τὸν
3615 4529 3903 4598 ζῶντα,’ὸς

509 4642 529 4669 ε
567 4627 806 4688 terram,
839 4635 1001 4674 mare
1025 4625 1082 4674 et
1111 4618 1308 4674 omnia
1344 4634 1475 4688 quas
1507 4619 1568 4672 in
1601 4619 1686 4673 eis
1718 4625 1892 4676 sunt:
1955 4620 2054 4690 qui
2089 4620 2148 4673 in

2266 4639 2288 4668 ιι
2333 4614 2554 4684 ἐποίησε
2583 4615 2674 4670 τὸν
2707 4613 2934 4686 οὐρανὸν
2964 4613 3054 4668 καὶ
3085 4615 3184 4682 τήν
3218 4617 3344 4690 γῆν,
3401 4614 3490 4668 καὶ
3547 4617 3646 4684 τήν
3703 4616 3905 4674 Θάλασ-

507 4732 528 4760 ι
565 4709 880 4782 prmteritis
907 4707 1388 4781 generationibus
1422 4707 1656 4763 sinebat
1702 4725 1910 4764 omnes
1941 4714 2146 4781 gentes

2268 4727 2287 4756 ιι
2321 4725 2418 4759 σαν
2473 4703 2564 4758 καὶ
2618 4702 2790 4758 πάντα
2863 4703 2929 4758 τὰ
2979 4701 3031 4757 ἐν
3090 4702 3300 4764 αὐτοῖς·
3359 4703 3416 4764 ὃς
3474 4702 3528 4758 ἐν
3583 4711 3704 4766 ταῖς
3759 4729 3907 4783 παρ-

506 4822 533 4849 ιι
563 4799 792 4872 ingredi
825 4797 930 4853 viis
962 4798 1104 4854 suis.
1130 4799 1474 4868 Quanquam
1506 4813 1624 4852 non
1659 4804 1958 4870 expertem
1983 4799 2145 4853 testi-

2265 4817 2284 4844 ιι
2321 4812 2446 4866 ῳχη
2460 4795 2637 4864 μέναις
2666 4797 2868 4866 γενεαῖς
2901 4791 3046 4847 εἶάσε
3075 4793 3245 4846 πάντα
3293 4793 3359 4846 τὰ
3399 4791 3523 4861 ἔθνη
3583 4796 3904 4868 πορεύεσθαι

504 4911 532 4936 (‹
569 4887 752 4942 monii
787 4885 1048 4956 seipsum
1072 4901 1202 4940 esse
1234 4884 1487 4948 sinebat,
1523 4884 1662 4942 dum
1695 4885 1984 4941 beneﬁcia
2015 4903 2143 4942 con-

2264 4907 2284 4935 ιι
2316 4889 2434 4946 ταῖς
2465 4879 2614 4944 ὁδοῖς
2645 4882 2843 4939 αὐτῶν.
2896 4881 3080 4937 Καίτοι
3136 4902 3200 4956 γε
3257 4881 3358 4937 οὐκ
3413 4882 3724 4959 ἀμάρτυρον
3776 4888 3903 4942 ἐαυ-

503 5003 528 5028 ι(
565 4977 765 5039 ferret,
809 4974 882 5028 de
913 4973 1058 5029 cualo
1089 4974 1236 5028 dans
1277 4974 1450 5030 nobis
1481 4975 1710 5046 pluvias
1761 4992 1830 5030 ac
1879 4981 2142 5048 tempora

2268 4999 2282 5024 ι
2331 4974 2420 5028 τὸν
2473 4973 2676 5050 ἀφῆκεν
2762 4971 3133 5049 ἀγαθοποιων,
3221 4971 3506 5046 οὐρανόθεν
3591 4977 3727 5050 ἡμῖν
3818 4979 3907 5033 ὑε-

501 5090 528 5116 ιι
563 5065 887 5122 fructifera.
921 5064 1177 5134 implens
1218 5064 1346 5118 cibo
1381 5069 1438 5118 et
1480 5064 1686 5120 lwtitia
1718 5064 1896 5120 corda
1922 5072 2140 5122 nostra.

2266 5086 2288 5114 ιι
2318 5061 2444 5126 τοὺς
2524 5059 2728 5132 διδους,
2808 5061 2896 5116 καὶ
2984 5059 3208 5136 καιροὺς
3275 5063 3679 5142 καρποφόρους,
3736 5063 3905 5138 ἐμπι-

504 5177 528 5206 ι
567 5157 632 5210 Et
665 5157 789 5208 haec
821 5153 1088 5208 dicentes
1157 5153 1244 5206 vix
1285 5159 1780 5224 compescuerunt
1828 5154 2030 5210 turbas
2073 5171 2143 5210 ne

2257 5176 2286 5204 ιι
2315 5151 2471 5206 πλῶν
2498 5158 2708 5228 τροφῆς
2754 5150 2845 5206 καὶ
2903 5149 3237 5228 εύφυοσύνης
3287 5151 3382 5213 τὰς
3439 5149 3666 5226 καρδίας
3705 5156 3892 5227 ἡμῶν.

503 5267 528 5293 ιι
565 5242 678 5300 sibi
709 5241 1126 5297 immolarent:
1173 5249 1640 5312 supervenerunt
1675 5249 1870 5299 autem
1906 5243 2142 5316 quidam

2262 5263 2288 5294 ιι
2321 5239 2425 5298 Καὶ
2455 5245 2623 5296 ταῦτα
2655 5237 2900 5302 λέγοντες
2935 5238 3097 5310 μόλις
3127 5241 3462 5294 κατέπαυσαν
3501 5240 3630 5304 τοὺς
3691 5239 3901 5319 ὄχλους

505 5356 532 5384 ιι
562 5334 634 5387 ab
671 5330 974 5386 Antiochia
1009 5337 1068 5386 et
1111 5330 1310 5384 Iconio
1339 5329 1545 5392 Judaei,
1579 5333 1678 5402 qui
1713 5349 1845 5389 cum
1905 5349 2144 5403 persua-

2265 5351 2289 5382 ιι
2320 5334 2417 5386 τοῦ
2453 5331 2526 5404 μὴ
2563 5329 2704 5392 θύειν
2729 5329 2938 5389 αὐτοῖς.
2985 5328 3256 5408 Ἑπῆλθον
3289 5325 3346 5384 δὲ
3395 5329 3500 5385 ἀπὸ
3555 5333 3904 5408 Ἀντιοχείας

510 5445 530 5472 ι
569 5423 786 5478 sissent
805 5420 990 5490 turbis
1009 5436 1075 5474 ac
1099 5419 1344 5474 Paulum
1369 5419 1749 5492 lapidassent,
1771 5427 2149 5479 extraxerunt

2320 5419 2410 5474 καὶ
2443 5417 2676 5475 Ἰκονίου
2711 5415 2986 5478 Ἰουδαῖοι,
3019 5417 3109 5472 καὶ
3159 5417 3430 5481 πείσαντες
3485 5419 3613 5482 τοὺς
3671 5417 3905 5497 ὄχλους,
3943 5457 3957 5468 ο

514 5535 540 5566 ιι
571 5529 704 5570 cum
737 5529 768 5567 e
801 5511 1032 5565 civitate
1065 5507 1472 5564 existimantes
1509 5517 1806 5567 mortuum
1841 5527 1991 5566 esse.
2025 5512 2150 5567 Cir—

2269 5531 2292 5563 ιι
2320 5509 2408 5564 καὶ
2440 5509 2869 5572 λιθάσαντεςτὸν
2907 5507 3143 5576 Παῦλον,
3177 5505 3364 5583 ἔσυρον
3427 5503 3528 5584 ἔξω
3577 5517 3675 5580 τῆς
3732 5513 3908 5570 πόλε-

509 5629 536 5655 ιι
571 5600 990 5661 cumdantibus
1020 5604 1218 5656 autem
1268 5615 1400 5655 eum
1448 5599 1754 5672 discipulis
1808 5602 2066 5658 surrexit
2093 5609 2148 5660 et

2266 5625 2290 5653 ιι
2321 5621 2416 5672 ως,
2457 5601 2770 5674 νομίσαντες
2825 5599 2986 5656 αὐτὸν
3043 5600 3304 5658 τεθνάναι.
3375 5600 3787 5660 Κυκλωσάντων
3844 5603 3905 5663 δὶ

516 5715 538 5746 ι
571 5693 814 5752 intravit
841 5691 1172 5748 civitatem:
1207 5706 1274 5745 ac
1305 5695 1541 5762 postero
1585 5689 1680 5746 die
1737 5691 2032 5764 profectus
2064 5699 2152 5750 est

2272 5715 2288 5740 ιι
2321 5689 2478 5748 αὐτὸν
2509 5695 2614 5748 τῶν
2657 5693 2933 5764 μαθητῶν,
2965 5689 3190 5754 ἀναστὰς
3239 5689 3490 5762 εἰσῆλθεν
3549 5693 3630 5756 εἰς
3674 5695 3774 5768 τὴν
3801 5695 3911 5752 πό-
