  <div class='ocr_page' id='page_1' title='image "/cluster/home/n/w/nwhite01/storage/ocr_20150623/118/hvd.32044073502247/112.png"; bbox 0 0 4176 6200; ppageno 0'>
   <div class='ocr_carea' id='block_1_1' title="bbox 323 363 443 427">
    <p class='ocr_par' dir='ltr' id='par_1_1' title="bbox 323 363 443 427">
     <span class='ocr_line' id='line_1_1' title="bbox 323 363 443 427; baseline 0.017 -2"><span class='ocrx_word' id='word_1_1' title='bbox 323 363 443 427; x_wconf 86' lang='grc'>213</span> 
     </span>
    </p>
   </div>
   <div class='ocr_carea' id='block_1_2' title="bbox 1292 369 2730 446">
    <p class='ocr_par' dir='ltr' id='par_1_2' title="bbox 1292 369 2730 446">
     <span class='ocr_line' id='line_1_2' title="bbox 1292 369 2730 446; baseline 0.01 -15"><span class='ocrx_word' id='word_1_2' title='bbox 1292 369 1698 433; x_wconf 74' lang='lat' dir='ltr'>COMMENT.</span> <span class='ocrx_word' id='word_1_3' title='bbox 1744 373 1823 434; x_wconf 76' lang='grc' dir='ltr'>ΙΝ</span> <span class='ocrx_word' id='word_1_4' title='bbox 1869 372 2072 436; x_wconf 79' lang='lat' dir='ltr'>ACTA</span> <span class='ocrx_word' id='word_1_5' title='bbox 2113 377 2730 446; x_wconf 69' lang='lat' dir='ltr'>APOS’I‘OLORUM.</span> 
     </span>
    </p>
   </div>
   <div class='ocr_carea' id='block_1_3' title="bbox 3616 392 3734 452">
    <p class='ocr_par' dir='ltr' id='par_1_3' title="bbox 3616 392 3734 452">
     <span class='ocr_line' id='line_1_3' title="bbox 3616 392 3734 452; baseline -0.034 1"><span class='ocrx_word' id='word_1_6' title='bbox 3616 392 3734 452; x_wconf 79' lang='grc'>214</span> 
     </span>
    </p>
   </div>
   <div class='ocr_carea' id='block_1_4' title="bbox 324 494 1971 594">
    <p class='ocr_par' dir='ltr' id='par_1_4' title="bbox 324 494 1971 594">
     <span class='ocr_line' id='line_1_4' title="bbox 324 494 1971 594; baseline 0.004 -42"><span class='ocrx_word' id='word_1_7' title='bbox 324 520 356 552; x_wconf 80' lang='grc' dir='ltr'>α</span> <span class='ocrx_word' id='word_1_8' title='bbox 387 494 621 594; x_wconf 32' lang='grc' dir='ltr'>λινζκαῖ</span> <span class='ocrx_word' id='word_1_9' title='bbox 649 500 719 573; x_wconf 77' lang='grc' dir='ltr'>τῇ</span> <span class='ocrx_word' id='word_1_10' title='bbox 758 494 1017 575; x_wconf 72' lang='grc' dir='ltr'>ἐπαύριον</span> <span class='ocrx_word' id='word_1_11' title='bbox 1075 497 1270 571; x_wconf 71' lang='grc' dir='ltr'>ἐξῆλθε</span> <span class='ocrx_word' id='word_1_12' title='bbox 1328 501 1420 556; x_wconf 76' lang='grc' dir='ltr'>σὺν</span> <span class='ocrx_word' id='word_1_13' title='bbox 1456 506 1537 575; x_wconf 81' lang='grc' dir='ltr'>τῷ</span> <span class='ocrx_word' id='word_1_14' title='bbox 1592 499 1848 578; x_wconf 76' lang='grc' dir='ltr'>Βαρνάϐᾳ</span> <span class='ocrx_word' id='word_1_15' title='bbox 1900 503 1971 568; x_wconf 75' lang='grc' dir='ltr'>εἷς</span> 
     </span>
    </p>
   </div>
   <div class='ocr_carea' id='block_1_5' title="bbox 2086 494 3736 594">
    <p class='ocr_par' dir='ltr' id='par_1_5' title="bbox 2096 513 3736 594">
     <span class='ocr_line' id='line_1_5' title="bbox 2096 513 3736 594; baseline 0.011 -30"><span class='ocrx_word' id='word_1_16' title='bbox 2096 531 2121 562; x_wconf 76' lang='grc' dir='ltr'>α</span> <span class='ocrx_word' id='word_1_17' title='bbox 2154 527 2291 569; x_wconf 88' lang='lat' dir='ltr'>cum</span> <span class='ocrx_word' id='word_1_18' title='bbox 2334 513 2602 572; x_wconf 89' lang='lat' dir='ltr'>Barnaba</span> <span class='ocrx_word' id='word_1_19' title='bbox 2660 517 2932 576; x_wconf 89' lang='lat' dir='ltr'>Derbem.</span> <span class='ocrx_word' id='word_1_20' title='bbox 2994 522 3064 576; x_wconf 91' lang='lat' dir='ltr'>Et</span> <span class='ocrx_word' id='word_1_21' title='bbox 3115 537 3251 578; x_wconf 91' lang='lat' dir='ltr'>cum</span> <span class='ocrx_word' id='word_1_22' title='bbox 3307 521 3736 594; x_wconf 70' lang='lat' dir='ltr'>praedicaésent</span> 
     </span>
    </p>
   </div>
   <div class='ocr_carea' id='block_1_6' title="bbox 326 584 1978 669">
    <p class='ocr_par' dir='ltr' id='par_1_6' title="bbox 326 584 1978 669">
     <span class='ocr_line' id='line_1_6' title="bbox 326 584 1978 669; baseline 0.004 -26"><span class='ocrx_word' id='word_1_23' title='bbox 326 584 621 665; x_wconf 70' lang='grc' dir='ltr'>«Δέρϐην.</span> <span class='ocrx_word' id='word_1_24' title='bbox 679 588 1191 666; x_wconf 78' lang='grc' dir='ltr'>Εύαγγελισάμενοί</span> <span class='ocrx_word' id='word_1_25' title='bbox 1237 614 1293 648; x_wconf 84' lang='grc' dir='ltr'>τε</span> <span class='ocrx_word' id='word_1_26' title='bbox 1358 596 1459 665; x_wconf 77' lang='grc' dir='ltr'>τὴν</span> <span class='ocrx_word' id='word_1_27' title='bbox 1522 594 1688 651; x_wconf 90' lang='grc' dir='ltr'>πόλιν</span> <span class='ocrx_word' id='word_1_28' title='bbox 1751 596 1978 669; x_wconf 68' lang='grc' dir='ltr'>ἕκείνην,</span> 
     </span>
    </p>
   </div>
   <div class='ocr_carea' id='block_1_7' title="bbox 327 679 1980 758">
    <p class='ocr_par' dir='ltr' id='par_1_7' title="bbox 327 679 1980 758">
     <span class='ocr_line' id='line_1_7' title="bbox 327 679 1980 758; baseline 0.005 -27"><span class='ocrx_word' id='word_1_29' title='bbox 327 680 474 734; x_wconf 69' lang='grc' dir='ltr'>«καὶ</span> <span class='ocrx_word' id='word_1_30' title='bbox 557 679 996 752; x_wconf 72' lang='grc' dir='ltr'>μαθητεύσαντες</span> <span class='ocrx_word' id='word_1_31' title='bbox 1063 681 1300 748; x_wconf 75' lang='grc' dir='ltr'>ἱκανοὺς,</span> <span class='ocrx_word' id='word_1_32' title='bbox 1354 683 1688 758; x_wconf 74' lang='grc' dir='ltr'>ὑπέστρεψαν</span> <span class='ocrx_word' id='word_1_33' title='bbox 1748 686 1824 747; x_wconf 79' lang='grc' dir='ltr'>εἰς</span> <span class='ocrx_word' id='word_1_34' title='bbox 1881 692 1980 756; x_wconf 75' lang='grc' dir='ltr'>τήν</span> 
     </span>
    </p>
   </div>
   <div class='ocr_carea' id='block_1_8' title="bbox 322 768 1975 851">
    <p class='ocr_par' dir='ltr' id='par_1_8' title="bbox 322 768 1975 851">
     <span class='ocr_line' id='line_1_8' title="bbox 322 768 1975 851; baseline 0.005 -29"><span class='ocrx_word' id='word_1_35' title='bbox 322 793 353 822; x_wconf 74' lang='grc' dir='ltr'><strong><em>κ</em></strong></span> <span class='ocrx_word' id='word_1_36' title='bbox 394 768 637 841; x_wconf 79' lang='grc' dir='ltr'>Λύστραν</span> <span class='ocrx_word' id='word_1_37' title='bbox 679 769 770 824; x_wconf 78' lang='grc' dir='ltr'>καὶ</span> <span class='ocrx_word' id='word_1_38' title='bbox 803 771 1026 826; x_wconf 75' lang='grc' dir='ltr'>Ἰκόνιον</span> <span class='ocrx_word' id='word_1_39' title='bbox 1057 771 1147 825; x_wconf 78' lang='grc' dir='ltr'>καὶ</span> <span class='ocrx_word' id='word_1_40' title='bbox 1180 772 1546 848; x_wconf 82' lang='grc' dir='ltr'>Ἀντιόχειαν,</span> <span class='ocrx_word' id='word_1_41' title='bbox 1593 774 1975 851; x_wconf 79' lang='grc' dir='ltr'>ἐπιστηρίζον-</span> 
     </span>
    </p>
   </div>
   <div class='ocr_carea' id='block_1_9' title="bbox 321 861 1978 938">
    <p class='ocr_par' dir='ltr' id='par_1_9' title="bbox 321 861 1978 938">
     <span class='ocr_line' id='line_1_9' title="bbox 321 861 1978 938; baseline 0.007 -24"><span class='ocrx_word' id='word_1_42' title='bbox 321 885 353 913; x_wconf 73' lang='grc' dir='ltr'>α</span> <span class='ocrx_word' id='word_1_43' title='bbox 382 882 468 924; x_wconf 87' lang='grc' dir='ltr'>τες</span> <span class='ocrx_word' id='word_1_44' title='bbox 495 862 591 923; x_wconf 75' lang='grc' dir='ltr'>τὰς</span> <span class='ocrx_word' id='word_1_45' title='bbox 635 861 818 937; x_wconf 68' lang='grc' dir='ltr'>ψυχὰς</span> <span class='ocrx_word' id='word_1_46' title='bbox 877 867 986 918; x_wconf 89' lang='grc' dir='ltr'>τῶν</span> <span class='ocrx_word' id='word_1_47' title='bbox 1046 868 1327 937; x_wconf 76' lang='grc' dir='ltr'>μαθητῶν,</span> <span class='ocrx_word' id='word_1_48' title='bbox 1387 866 1477 921; x_wconf 88' lang='grc' dir='ltr'>καὶ</span> <span class='ocrx_word' id='word_1_49' title='bbox 1533 867 1978 938; x_wconf 79' lang='grc' dir='ltr'>παρακαλοῦντες</span> 
     </span>
    </p>
   </div>
   <div class='ocr_carea' id='block_1_10' title="bbox 324 949 1975 1032">
    <p class='ocr_par' dir='ltr' id='par_1_10' title="bbox 324 949 1975 1032">
     <span class='ocr_line' id='line_1_10' title="bbox 324 949 1975 1032; baseline 0.005 -28"><span class='ocrx_word' id='word_1_50' title='bbox 324 949 640 1024; x_wconf 73' lang='grc' dir='ltr'>«ἐμμένειν</span> <span class='ocrx_word' id='word_1_51' title='bbox 668 955 737 1025; x_wconf 77' lang='grc' dir='ltr'>τῇ</span> <span class='ocrx_word' id='word_1_52' title='bbox 768 951 969 1018; x_wconf 85' lang='grc' dir='ltr'>πίστει,</span> <span class='ocrx_word' id='word_1_53' title='bbox 1028 953 1119 1008; x_wconf 85' lang='grc' dir='ltr'>καὶ</span> <span class='ocrx_word' id='word_1_54' title='bbox 1178 954 1260 1009; x_wconf 75' lang='grc' dir='ltr'>ὅτι</span> <span class='ocrx_word' id='word_1_55' title='bbox 1313 951 1403 1009; x_wconf 87' lang='grc' dir='ltr'>δια</span> <span class='ocrx_word' id='word_1_56' title='bbox 1447 953 1678 1011; x_wconf 81' lang='grc' dir='ltr'>πολλῶν</span> <span class='ocrx_word' id='word_1_57' title='bbox 1736 955 1975 1032; x_wconf 80' lang='grc' dir='ltr'>θλίψεων</span> 
     </span>
    </p>
   </div>
   <div class='ocr_carea' id='block_1_11' title="bbox 318 1037 1887 1118">
    <p class='ocr_par' dir='ltr' id='par_1_11' title="bbox 318 1037 1887 1118">
     <span class='ocr_line' id='line_1_11' title="bbox 318 1037 1887 1118; baseline 0.003 -26"><span class='ocrx_word' id='word_1_58' title='bbox 318 1064 349 1092; x_wconf 74' lang='grc' dir='ltr'>α</span> <span class='ocrx_word' id='word_1_59' title='bbox 385 1037 469 1095; x_wconf 81' lang='grc' dir='ltr'>δεῖ</span> <span class='ocrx_word' id='word_1_60' title='bbox 493 1042 648 1116; x_wconf 71' lang='grc' dir='ltr'>ἡμᾶς</span> <span class='ocrx_word' id='word_1_61' title='bbox 678 1039 944 1105; x_wconf 76' lang='grc' dir='ltr'>εἰσελθεῖν</span> <span class='ocrx_word' id='word_1_62' title='bbox 976 1042 1053 1105; x_wconf 82' lang='grc' dir='ltr'>εἰς</span> <span class='ocrx_word' id='word_1_63' title='bbox 1083 1044 1184 1112; x_wconf 75' lang='grc' dir='ltr'>τήν</span> <span class='ocrx_word' id='word_1_64' title='bbox 1216 1042 1501 1118; x_wconf 81' lang='grc' dir='ltr'>βασιλείαν</span> <span class='ocrx_word' id='word_1_65' title='bbox 1530 1043 1628 1101; x_wconf 73' lang='grc' dir='ltr'>τοῦ</span> <span class='ocrx_word' id='word_1_66' title='bbox 1668 1050 1823 1103; x_wconf 79' lang='grc' dir='ltr'>Θεοῦ.</span> <span class='ocrx_word' id='word_1_67' title='bbox 1860 1070 1887 1098; x_wconf 79' lang='grc'><strong>››</strong></span> 
     </span>
    </p>
   </div>
   <div class='ocr_carea' id='block_1_12' title="bbox 397 1129 1975 1208">
    <p class='ocr_par' dir='ltr' id='par_1_12' title="bbox 397 1129 1975 1208">
     <span class='ocr_line' id='line_1_12' title="bbox 397 1129 1975 1208; baseline 0.003 -22"><span class='ocrx_word' id='word_1_68' title='bbox 397 1156 421 1180; x_wconf 77' lang='grc' dir='ltr'>α</span> <span class='ocrx_word' id='word_1_69' title='bbox 454 1129 854 1208; x_wconf 70' lang='grc' dir='ltr'>Διαρῥήξαντες</span> <span class='ocrx_word' id='word_1_70' title='bbox 884 1132 950 1187; x_wconf 77' lang='grc' dir='ltr'>τὰ</span> <span class='ocrx_word' id='word_1_71' title='bbox 979 1132 1194 1205; x_wconf 69' lang='grc' dir='ltr'>ἱμάτια.</span> <span class='ocrx_word' id='word_1_72' title='bbox 1228 1157 1253 1181; x_wconf 74' lang='grc' dir='ltr'>ιι</span> <span class='ocrx_word' id='word_1_73' title='bbox 1296 1135 1458 1197; x_wconf 84' lang='grc' dir='ltr'>’Έθος</span> <span class='ocrx_word' id='word_1_74' title='bbox 1498 1133 1639 1189; x_wconf 77' lang='grc' dir='ltr'>ἐστὶν</span> <span class='ocrx_word' id='word_1_75' title='bbox 1694 1133 1975 1199; x_wconf 83' lang='grc' dir='ltr'>Ἰουδαίοις</span> 
     </span>
    </p>
   </div>
   <div class='ocr_carea' id='block_1_13' title="bbox 324 1218 1978 1299">
    <p class='ocr_par' dir='ltr' id='par_1_13' title="bbox 324 1218 1978 1299">
     <span class='ocr_line' id='line_1_13' title="bbox 324 1218 1978 1299; baseline 0.002 -23"><span class='ocrx_word' id='word_1_76' title='bbox 324 1218 412 1276; x_wconf 73' lang='grc' dir='ltr'>ἰπὶ</span> <span class='ocrx_word' id='word_1_77' title='bbox 471 1225 594 1282; x_wconf 85' lang='grc' dir='ltr'>ταῖς</span> <span class='ocrx_word' id='word_1_78' title='bbox 650 1221 788 1275; x_wconf 83' lang='grc' dir='ltr'>κατὰ</span> <span class='ocrx_word' id='word_1_79' title='bbox 840 1224 976 1277; x_wconf 87' lang='grc' dir='ltr'>Θεοῦ</span> <span class='ocrx_word' id='word_1_80' title='bbox 1036 1218 1373 1299; x_wconf 74' lang='grc' dir='ltr'>δυσφημίαις</span> <span class='ocrx_word' id='word_1_81' title='bbox 1427 1222 1855 1299; x_wconf 57' lang='grc' dir='ltr'>περιρρηγνύνσι</span> <span class='ocrx_word' id='word_1_82' title='bbox 1911 1224 1978 1279; x_wconf 86' lang='grc' dir='ltr'>τά</span> 
     </span>
    </p>
   </div>
   <div class='ocr_carea' id='block_1_14' title="bbox 322 1309 1976 1391">
    <p class='ocr_par' dir='ltr' id='par_1_14' title="bbox 322 1309 1976 1391">
     <span class='ocr_line' id='line_1_14' title="bbox 322 1309 1976 1391; baseline 0.002 -28"><span class='ocrx_word' id='word_1_83' title='bbox 322 1310 538 1381; x_wconf 73' lang='grc' dir='ltr'>ἱμάτια·</span> <span class='ocrx_word' id='word_1_84' title='bbox 574 1309 675 1365; x_wconf 77' lang='grc' dir='ltr'>Καὶ</span> <span class='ocrx_word' id='word_1_85' title='bbox 703 1314 833 1382; x_wconf 82' lang='grc' dir='ltr'>γοῦν</span> <span class='ocrx_word' id='word_1_86' title='bbox 883 1311 911 1365; x_wconf 85' lang='grc' dir='ltr'>ὁ</span> <span class='ocrx_word' id='word_1_87' title='bbox 968 1311 1233 1391; x_wconf 68' lang='grc' dir='ltr'>Καϊάφας,</span> <span class='ocrx_word' id='word_1_88' title='bbox 1299 1312 1415 1367; x_wconf 66' lang='grc' dir='ltr'>υἱὸν</span> <span class='ocrx_word' id='word_1_89' title='bbox 1473 1313 1660 1368; x_wconf 70' lang='grc' dir='ltr'>ἑαυτὸν</span> <span class='ocrx_word' id='word_1_90' title='bbox 1714 1318 1812 1368; x_wconf 88' lang='grc' dir='ltr'>τοῦ</span> <span class='ocrx_word' id='word_1_91' title='bbox 1870 1318 1976 1369; x_wconf 88' lang='grc' dir='ltr'>Θοῦ</span> 
     </span>
    </p>
   </div>
   <div class='ocr_carea' id='block_1_15' title="bbox 321 1394 1976 1475">
    <p class='ocr_par' dir='ltr' id='par_1_15' title="bbox 321 1394 1976 1475">
     <span class='ocr_line' id='line_1_15' title="bbox 321 1394 1976 1475; baseline 0.002 -22"><span class='ocrx_word' id='word_1_92' title='bbox 321 1394 583 1473; x_wconf 73' lang='grc' dir='ltr'>λέγοντος</span> <span class='ocrx_word' id='word_1_93' title='bbox 616 1402 713 1452; x_wconf 87' lang='grc' dir='ltr'>τοῦ</span> <span class='ocrx_word' id='word_1_94' title='bbox 752 1402 1011 1473; x_wconf 78' lang='grc' dir='ltr'>Χριστοῦ,</span> <span class='ocrx_word' id='word_1_95' title='bbox 1071 1398 1391 1475; x_wconf 76' lang='grc' dir='ltr'>περιέρρηξε</span> <span class='ocrx_word' id='word_1_96' title='bbox 1446 1400 1547 1469; x_wconf 82' lang='grc' dir='ltr'>τὴν</span> <span class='ocrx_word' id='word_1_97' title='bbox 1590 1399 1810 1470; x_wconf 69' lang='grc' dir='ltr'>ὶσθῆτα,</span> <span class='ocrx_word' id='word_1_98' title='bbox 1859 1398 1976 1456; x_wconf 63' lang='grc' dir='ltr'>διας</span> 
     </span>
    </p>
   </div>
   <div class='ocr_carea' id='block_1_16' title="bbox 316 1484 1976 1566">
    <p class='ocr_par' dir='ltr' id='par_1_16' title="bbox 316 1484 1976 1566">
     <span class='ocr_line' id='line_1_16' title="bbox 316 1484 1976 1566; baseline 0.002 -26"><span class='ocrx_word' id='word_1_99' title='bbox 316 1485 597 1560; x_wconf 84' lang='grc' dir='ltr'>κεκραγώς</span> <span class='ocrx_word' id='word_1_100' title='bbox 626 1506 684 1540; x_wconf 90' lang='grc' dir='ltr'>τε</span> <span class='ocrx_word' id='word_1_101' title='bbox 709 1485 801 1540; x_wconf 83' lang='grc' dir='ltr'>καὶ</span> <span class='ocrx_word' id='word_1_102' title='bbox 842 1484 1042 1559; x_wconf 77' lang='grc' dir='ltr'>λέγων,</span> <span class='ocrx_word' id='word_1_103' title='bbox 1087 1484 1172 1540; x_wconf 77' lang='grc' dir='ltr'>ὅτι</span> <span class='ocrx_word' id='word_1_104' title='bbox 1227 1484 1601 1566; x_wconf 70' lang='grc' dir='ltr'>ἑδυαφήμησε.</span> <span class='ocrx_word' id='word_1_105' title='bbox 1652 1489 1829 1545; x_wconf 85' lang='grc' dir='ltr'>Τοῦτο</span> <span class='ocrx_word' id='word_1_106' title='bbox 1876 1508 1976 1544; x_wconf 88' lang='grc' dir='ltr'>πε-</span> 
     </span>
    </p>
   </div>
   <div class='ocr_carea' id='block_1_17' title="bbox 322 1571 1973 1653">
    <p class='ocr_par' dir='ltr' id='par_1_17' title="bbox 322 1571 1973 1653">
     <span class='ocr_line' id='line_1_17' title="bbox 322 1571 1973 1653; baseline 0.002 -24"><span class='ocrx_word' id='word_1_107' title='bbox 322 1575 573 1650; x_wconf 83' lang='grc' dir='ltr'>πράχασι</span> <span class='ocrx_word' id='word_1_108' title='bbox 626 1575 716 1629; x_wconf 80' lang='grc' dir='ltr'>καὶ</span> <span class='ocrx_word' id='word_1_109' title='bbox 779 1576 830 1630; x_wconf 72' lang='grc' dir='ltr'>οἱ</span> <span class='ocrx_word' id='word_1_110' title='bbox 889 1576 1164 1630; x_wconf 73' lang='grc' dir='ltr'>θεσπέσιοι</span> <span class='ocrx_word' id='word_1_111' title='bbox 1208 1575 1450 1649; x_wconf 84' lang='grc' dir='ltr'>μαθηταὶ</span> <span class='ocrx_word' id='word_1_112' title='bbox 1537 1571 1810 1653; x_wconf 69' lang='grc' dir='ltr'>Βαρνάϐας</span> <span class='ocrx_word' id='word_1_113' title='bbox 1883 1577 1973 1633; x_wconf 82' lang='grc' dir='ltr'>καὶ</span> 
     </span>
    </p>
   </div>
   <div class='ocr_carea' id='block_1_18' title="bbox 324 1662 1974 1736">
    <p class='ocr_par' dir='ltr' id='par_1_18' title="bbox 324 1662 1974 1736">
     <span class='ocr_line' id='line_1_18' title="bbox 324 1662 1974 1736; baseline 0.004 -16"><span class='ocrx_word' id='word_1_114' title='bbox 324 1662 563 1732; x_wconf 84' lang='grc' dir='ltr'>Παῦλος,</span> <span class='ocrx_word' id='word_1_115' title='bbox 620 1663 843 1728; x_wconf 78' lang='grc' dir='ltr'>ἐνταῦθα</span> <span class='ocrx_word' id='word_1_116' title='bbox 905 1662 1018 1729; x_wconf 80' lang='grc' dir='ltr'>θεοί</span> <span class='ocrx_word' id='word_1_117' title='bbox 1068 1663 1434 1736; x_wconf 74' lang='grc' dir='ltr'>νομισθέντες,</span> <span class='ocrx_word' id='word_1_118' title='bbox 1493 1664 1599 1721; x_wconf 84' lang='grc' dir='ltr'>ἀπὸ</span> <span class='ocrx_word' id='word_1_119' title='bbox 1686 1663 1974 1727; x_wconf 70' lang='grc' dir='ltr'>διαθέσεως</span> 
     </span>
    </p>
   </div>
   <div class='ocr_carea' id='block_1_19' title="bbox 321 1756 1971 1836">
    <p class='ocr_par' dir='ltr' id='par_1_19' title="bbox 321 1756 1971 1836">
     <span class='ocr_line' id='line_1_19' title="bbox 321 1756 1971 1836; baseline 0.002 -26"><span class='ocrx_word' id='word_1_120' title='bbox 321 1760 511 1831; x_wconf 76' lang='grc' dir='ltr'>ψυχῆς</span> <span class='ocrx_word' id='word_1_121' title='bbox 568 1756 1043 1836; x_wconf 71' lang='grc' dir='ltr'>ἀποστρεφόμενοι</span> <span class='ocrx_word' id='word_1_122' title='bbox 1092 1758 1161 1812; x_wconf 74' lang='grc' dir='ltr'>τὰ</span> <span class='ocrx_word' id='word_1_123' title='bbox 1224 1757 1513 1831; x_wconf 86' lang='grc' dir='ltr'>γινόμενα,</span> <span class='ocrx_word' id='word_1_124' title='bbox 1594 1760 1681 1813; x_wconf 84' lang='grc' dir='ltr'>καὶ</span> <span class='ocrx_word' id='word_1_125' title='bbox 1743 1759 1971 1824; x_wconf 72' lang='grc' dir='ltr'>πένθους</span> 
     </span>
    </p>
   </div>
   <div class='ocr_carea' id='block_1_20' title="bbox 321 1842 1968 1924">
    <p class='ocr_par' dir='ltr' id='par_1_20' title="bbox 321 1842 1968 1924">
     <span class='ocr_line' id='line_1_20' title="bbox 321 1842 1968 1924; baseline 0.001 -23"><span class='ocrx_word' id='word_1_126' title='bbox 321 1850 603 1908; x_wconf 79' lang='grc' dir='ltr'>ποιοῦντες</span> <span class='ocrx_word' id='word_1_127' title='bbox 634 1851 860 1917; x_wconf 85' lang='grc' dir='ltr'>σημεῖα.</span> <span class='ocrx_word' id='word_1_128' title='bbox 899 1844 1100 1909; x_wconf 78' lang='grc' dir='ltr'>Πένθος</span> <span class='ocrx_word' id='word_1_129' title='bbox 1130 1846 1232 1921; x_wconf 74' lang='grc' dir='ltr'>γὰρ</span> <span class='ocrx_word' id='word_1_130' title='bbox 1264 1845 1331 1916; x_wconf 74' lang='grc' dir='ltr'>ἦν</span> <span class='ocrx_word' id='word_1_131' title='bbox 1359 1842 1527 1909; x_wconf 82' lang='grc' dir='ltr'>ὅντως</span> <span class='ocrx_word' id='word_1_132' title='bbox 1577 1846 1690 1924; x_wconf 78' lang='grc' dir='ltr'>εἷ’γε</span> <span class='ocrx_word' id='word_1_133' title='bbox 1733 1846 1968 1922; x_wconf 84' lang='grc' dir='ltr'>ἔμελλον</span> 
     </span>
    </p>
   </div>
   <div class='ocr_carea' id='block_1_21' title="bbox 322 1933 1968 2013">
    <p class='ocr_par' dir='ltr' id='par_1_21' title="bbox 322 1933 1968 2013">
     <span class='ocr_line' id='line_1_21' title="bbox 322 1933 1968 2013; baseline 0.002 -22"><span class='ocrx_word' id='word_1_134' title='bbox 322 1936 436 2005; x_wconf 68' lang='grc' dir='ltr'>θεοῖ</span> <span class='ocrx_word' id='word_1_135' title='bbox 460 1937 778 2009; x_wconf 78' lang='grc' dir='ltr'>νομίζεσθαι</span> <span class='ocrx_word' id='word_1_136' title='bbox 808 1936 899 1992; x_wconf 80' lang='grc' dir='ltr'>καὶ</span> <span class='ocrx_word' id='word_1_137' title='bbox 933 1933 1366 2012; x_wconf 84' lang='grc' dir='ltr'>εἷδωλολατρίαν</span> <span class='ocrx_word' id='word_1_138' title='bbox 1395 1935 1653 2013; x_wconf 77' lang='grc' dir='ltr'>εἰσάγειν,</span> <span class='ocrx_word' id='word_1_139' title='bbox 1683 1938 1749 2008; x_wconf 76' lang='grc' dir='ltr'>ἢν</span> <span class='ocrx_word' id='word_1_140' title='bbox 1796 1937 1968 2009; x_wconf 80' lang='grc' dir='ltr'>ἦλθον</span> 
     </span>
    </p>
   </div>
   <div class='ocr_carea' id='block_1_22' title="bbox 320 2025 649 2083">
    <p class='ocr_par' dir='ltr' id='par_1_22' title="bbox 320 2025 649 2083">
     <span class='ocr_line' id='line_1_22' title="bbox 320 2025 649 2083; baseline 0 0"><span class='ocrx_word' id='word_1_141' title='bbox 320 2025 649 2083; x_wconf 83' lang='grc' dir='ltr'>καταλῦσαι.</span> 
     </span>
    </p>
   </div>
   <div class='ocr_carea' id='block_1_23' title="bbox 391 2114 1969 2195">
    <p class='ocr_par' dir='ltr' id='par_1_23' title="bbox 391 2114 1969 2195">
     <span class='ocr_line' id='line_1_23' title="bbox 391 2114 1969 2195; baseline 0.002 -22"><span class='ocrx_word' id='word_1_142' title='bbox 391 2143 418 2173; x_wconf 80' lang='grc' dir='ltr'>α</span> <span class='ocrx_word' id='word_1_143' title='bbox 447 2118 938 2192; x_wconf 70' lang='grc' dir='ltr'>Χειροτονήσαντες</span> <span class='ocrx_word' id='word_1_144' title='bbox 999 2114 1057 2172; x_wconf 77' lang='grc' dir='ltr'>δὶ</span> <span class='ocrx_word' id='word_1_145' title='bbox 1138 2116 1328 2179; x_wconf 78' lang='grc' dir='ltr'>αὐτοῖς</span> <span class='ocrx_word' id='word_1_146' title='bbox 1404 2114 1802 2195; x_wconf 74' lang='grc' dir='ltr'>πρεσϐυτέρους</span> <span class='ocrx_word' id='word_1_147' title='bbox 1852 2121 1969 2175; x_wconf 88' lang='grc' dir='ltr'>κατ’</span> 
     </span>
    </p>
   </div>
   <div class='ocr_carea' id='block_1_24' title="bbox 324 2204 1967 2283">
    <p class='ocr_par' dir='ltr' id='par_1_24' title="bbox 324 2204 1967 2283">
     <span class='ocr_line' id='line_1_24' title="bbox 324 2204 1967 2283; baseline 0.003 -24"><span class='ocrx_word' id='word_1_148' title='bbox 324 2204 742 2277; x_wconf 76' lang='grc' dir='ltr'>«Ἐκκλησίαν,</span> <span class='ocrx_word' id='word_1_149' title='bbox 798 2206 1225 2281; x_wconf 80' lang='grc' dir='ltr'>προσευξάμενοι</span> <span class='ocrx_word' id='word_1_150' title='bbox 1282 2207 1418 2279; x_wconf 87' lang='grc' dir='ltr'>μετά</span> <span class='ocrx_word' id='word_1_151' title='bbox 1481 2212 1760 2278; x_wconf 79' lang='grc' dir='ltr'>νηστειῶν,</span> <span class='ocrx_word' id='word_1_152' title='bbox 1830 2229 1967 2283; x_wconf 80' lang='grc' dir='ltr'>παρ·</span> 
     </span>
    </p>
   </div>
   <div class='ocr_carea' id='block_1_25' title="bbox 213 2293 1968 2371">
    <p class='ocr_par' dir='ltr' id='par_1_25' title="bbox 213 2293 1968 2371">
     <span class='ocr_line' id='line_1_25' title="bbox 213 2293 1968 2371; baseline 0.002 -23"><span class='ocrx_word' id='word_1_153' title='bbox 213 2329 219 2332; x_wconf 57' lang='grc' dir='ltr'>ν</span> <span class='ocrx_word' id='word_1_154' title='bbox 321 2317 352 2348; x_wconf 78' lang='grc' dir='ltr'>κ</span> <span class='ocrx_word' id='word_1_155' title='bbox 385 2293 566 2359; x_wconf 79' lang='grc' dir='ltr'>ἐθεντο</span> <span class='ocrx_word' id='word_1_156' title='bbox 622 2293 821 2357; x_wconf 74' lang='grc' dir='ltr'>αὐτοὺς</span> <span class='ocrx_word' id='word_1_157' title='bbox 876 2299 955 2367; x_wconf 80' lang='grc' dir='ltr'>τῷ</span> <span class='ocrx_word' id='word_1_158' title='bbox 1010 2295 1199 2371; x_wconf 86' lang='grc' dir='ltr'>Κυρίῳ</span> <span class='ocrx_word' id='word_1_159' title='bbox 1257 2296 1332 2358; x_wconf 82' lang='grc' dir='ltr'>είς</span> <span class='ocrx_word' id='word_1_160' title='bbox 1390 2296 1447 2351; x_wconf 81' lang='grc' dir='ltr'>ὅν</span> <span class='ocrx_word' id='word_1_161' title='bbox 1505 2296 1968 2359; x_wconf 82' lang='grc' dir='ltr'>πεπιστεύκεισαν,</span> 
     </span>
    </p>
   </div>
   <div class='ocr_carea' id='block_1_26' title="bbox 318 2381 1970 2460">
    <p class='ocr_par' dir='ltr' id='par_1_26' title="bbox 318 2381 1970 2460">
     <span class='ocr_line' id='line_1_26' title="bbox 318 2381 1970 2460; baseline 0.002 -21"><span class='ocrx_word' id='word_1_162' title='bbox 318 2409 350 2439; x_wconf 76' lang='grc' dir='ltr'>α</span> <span class='ocrx_word' id='word_1_163' title='bbox 390 2384 495 2441; x_wconf 81' lang='grc' dir='ltr'>Καὶ</span> <span class='ocrx_word' id='word_1_164' title='bbox 527 2381 838 2445; x_wconf 82' lang='grc' dir='ltr'>διελθόντες</span> <span class='ocrx_word' id='word_1_165' title='bbox 866 2385 965 2452; x_wconf 71' lang='grc' dir='ltr'>τήν</span> <span class='ocrx_word' id='word_1_166' title='bbox 1003 2382 1272 2454; x_wconf 78' lang='grc' dir='ltr'>Πισιδίαν,</span> <span class='ocrx_word' id='word_1_167' title='bbox 1297 2382 1476 2453; x_wconf 74' lang='grc' dir='ltr'>ἦλθον</span> <span class='ocrx_word' id='word_1_168' title='bbox 1516 2384 1592 2446; x_wconf 77' lang='grc' dir='ltr'>εἰς</span> <span class='ocrx_word' id='word_1_169' title='bbox 1622 2386 1970 2460; x_wconf 74' lang='grc' dir='ltr'>Παμφυλίαν.</span> 
     </span>
    </p>
   </div>
   <div class='ocr_carea' id='block_1_27' title="bbox 325 2470 1967 2548">
    <p class='ocr_par' dir='ltr' id='par_1_27' title="bbox 325 2470 1967 2548">
     <span class='ocr_line' id='line_1_27' title="bbox 325 2470 1967 2548; baseline 0.002 -22"><span class='ocrx_word' id='word_1_170' title='bbox 325 2498 351 2526; x_wconf 77' lang='grc' dir='ltr'>α</span> <span class='ocrx_word' id='word_1_171' title='bbox 386 2474 485 2529; x_wconf 72' lang='grc' dir='ltr'>Καὶ</span> <span class='ocrx_word' id='word_1_172' title='bbox 519 2471 857 2543; x_wconf 69' lang='grc' dir='ltr'>λαλήσαντες</span> <span class='ocrx_word' id='word_1_173' title='bbox 897 2471 948 2527; x_wconf 87' lang='grc' dir='ltr'>ὲν</span> <span class='ocrx_word' id='word_1_174' title='bbox 977 2475 1158 2548; x_wconf 74' lang='grc' dir='ltr'>Πὲργῃ</span> <span class='ocrx_word' id='word_1_175' title='bbox 1185 2474 1278 2530; x_wconf 87' lang='grc' dir='ltr'>τὸν</span> <span class='ocrx_word' id='word_1_176' title='bbox 1310 2474 1499 2548; x_wconf 86' lang='grc' dir='ltr'>λόγον,</span> <span class='ocrx_word' id='word_1_177' title='bbox 1556 2470 1858 2545; x_wconf 70' lang='grc' dir='ltr'>κατέϐησαν</span> <span class='ocrx_word' id='word_1_178' title='bbox 1891 2475 1967 2538; x_wconf 85' lang='grc' dir='ltr'>εἷς</span> 
     </span>
    </p>
   </div>
   <div class='ocr_carea' id='block_1_28' title="bbox 320 2560 1965 2634">
    <p class='ocr_par' dir='ltr' id='par_1_28' title="bbox 320 2560 1965 2634">
     <span class='ocr_line' id='line_1_28' title="bbox 320 2560 1965 2634; baseline 0.003 -19"><span class='ocrx_word' id='word_1_179' title='bbox 320 2588 348 2616; x_wconf 75' lang='grc' dir='ltr'>ι(</span> <span class='ocrx_word' id='word_1_180' title='bbox 378 2560 719 2620; x_wconf 75' lang='grc' dir='ltr'>Ἀττάλειαν·</span> <span class='ocrx_word' id='word_1_181' title='bbox 747 2564 991 2617; x_wconf 68' lang='grc' dir='ltr'>κάκεῖθεν</span> <span class='ocrx_word' id='word_1_182' title='bbox 1022 2563 1366 2619; x_wconf 70' lang='grc' dir='ltr'>ἀπέπλευσαν</span> <span class='ocrx_word' id='word_1_183' title='bbox 1396 2562 1474 2626; x_wconf 85' lang='grc' dir='ltr'>εἷς</span> <span class='ocrx_word' id='word_1_184' title='bbox 1521 2561 1796 2634; x_wconf 78' lang='grc' dir='ltr'>Μίλητον,</span> <span class='ocrx_word' id='word_1_185' title='bbox 1845 2565 1965 2628; x_wconf 73' lang='grc' dir='ltr'>ὅθεν</span> 
     </span>
    </p>
   </div>
   <div class='ocr_carea' id='block_1_29' title="bbox 316 2652 1970 2733">
    <p class='ocr_par' dir='ltr' id='par_1_29' title="bbox 316 2652 1970 2733">
     <span class='ocr_line' id='line_1_29' title="bbox 316 2652 1970 2733; baseline 0.001 -24"><span class='ocrx_word' id='word_1_186' title='bbox 316 2680 347 2709; x_wconf 71' lang='grc' dir='ltr'>α</span> <span class='ocrx_word' id='word_1_187' title='bbox 376 2659 514 2726; x_wconf 72' lang='grc' dir='ltr'>ἦσαν</span> <span class='ocrx_word' id='word_1_188' title='bbox 542 2652 977 2727; x_wconf 63' lang='grc' dir='ltr'>παραδεδομένοι</span> <span class='ocrx_word' id='word_1_189' title='bbox 1004 2659 1073 2730; x_wconf 79' lang='grc' dir='ltr'>τῇ</span> <span class='ocrx_word' id='word_1_190' title='bbox 1107 2657 1295 2731; x_wconf 70' lang='grc' dir='ltr'>χάριτι</span> <span class='ocrx_word' id='word_1_191' title='bbox 1324 2660 1422 2711; x_wconf 85' lang='grc' dir='ltr'>τοῦ</span> <span class='ocrx_word' id='word_1_192' title='bbox 1456 2660 1590 2711; x_wconf 85' lang='grc' dir='ltr'>Θεοῦ</span> <span class='ocrx_word' id='word_1_193' title='bbox 1620 2654 1698 2719; x_wconf 82' lang='grc' dir='ltr'>είς</span> <span class='ocrx_word' id='word_1_194' title='bbox 1728 2657 1787 2711; x_wconf 86' lang='grc' dir='ltr'>τὸ</span> <span class='ocrx_word' id='word_1_195' title='bbox 1817 2656 1970 2733; x_wconf 83' lang='grc' dir='ltr'>ἔργον</span> 
     </span>
    </p>
   </div>
   <div class='ocr_carea' id='block_1_30' title="bbox 317 2742 1968 2822">
    <p class='ocr_par' dir='ltr' id='par_1_30' title="bbox 317 2742 1968 2822">
     <span class='ocr_line' id='line_1_30' title="bbox 317 2742 1968 2822; baseline 0.002 -26"><span class='ocrx_word' id='word_1_196' title='bbox 317 2769 348 2797; x_wconf 84' lang='grc'>‹‹</span> <span class='ocrx_word' id='word_1_197' title='bbox 378 2746 412 2801; x_wconf 79' lang='grc' dir='ltr'>ὅ</span> <span class='ocrx_word' id='word_1_198' title='bbox 443 2744 788 2820; x_wconf 74' lang='grc' dir='ltr'>ὲπλτςρωσαν.</span> <span class='ocrx_word' id='word_1_199' title='bbox 838 2746 1278 2821; x_wconf 79' lang='grc' dir='ltr'>Παραγενόμενοι</span> <span class='ocrx_word' id='word_1_200' title='bbox 1330 2742 1389 2800; x_wconf 78' lang='grc' dir='ltr'>δὶ</span> <span class='ocrx_word' id='word_1_201' title='bbox 1430 2746 1520 2800; x_wconf 82' lang='grc' dir='ltr'>καὶ</span> <span class='ocrx_word' id='word_1_202' title='bbox 1575 2748 1968 2822; x_wconf 83' lang='grc' dir='ltr'>συναγαγόντες</span> 
     </span>
    </p>
   </div>
   <div class='ocr_carea' id='block_1_31' title="bbox 314 2831 1969 2910">
    <p class='ocr_par' dir='ltr' id='par_1_31' title="bbox 314 2831 1969 2910">
     <span class='ocr_line' id='line_1_31' title="bbox 314 2831 1969 2910; baseline 0.002 -22"><span class='ocrx_word' id='word_1_203' title='bbox 314 2859 345 2888; x_wconf 80' lang='grc' dir='ltr'>οι</span> <span class='ocrx_word' id='word_1_204' title='bbox 376 2836 480 2905; x_wconf 82' lang='grc' dir='ltr'>τήν</span> <span class='ocrx_word' id='word_1_205' title='bbox 547 2831 899 2905; x_wconf 78' lang='grc' dir='ltr'>Ἐκκλησίαν,</span> <span class='ocrx_word' id='word_1_206' title='bbox 954 2831 1288 2910; x_wconf 65' lang='grc' dir='ltr'>ἀνήγγειλαν</span> <span class='ocrx_word' id='word_1_207' title='bbox 1345 2833 1443 2889; x_wconf 82' lang='grc' dir='ltr'>ὅσα</span> <span class='ocrx_word' id='word_1_208' title='bbox 1498 2834 1747 2904; x_wconf 70' lang='grc' dir='ltr'>ἐποίησεν</span> <span class='ocrx_word' id='word_1_209' title='bbox 1779 2836 1969 2898; x_wconf 81' lang='grc' dir='ltr'>ὀθεὸς</span> 
     </span>
    </p>
   </div>
   <div class='ocr_carea' id='block_1_32' title="bbox 318 2920 1969 3000">
    <p class='ocr_par' dir='ltr' id='par_1_32' title="bbox 318 2920 1969 3000">
     <span class='ocr_line' id='line_1_32' title="bbox 318 2920 1969 3000; baseline 0.001 -22"><span class='ocrx_word' id='word_1_210' title='bbox 318 2947 351 2978; x_wconf 79' lang='grc' dir='ltr'>α</span> <span class='ocrx_word' id='word_1_211' title='bbox 383 2924 500 2998; x_wconf 89' lang='grc' dir='ltr'>μετ’</span> <span class='ocrx_word' id='word_1_212' title='bbox 529 2921 730 2991; x_wconf 82' lang='grc' dir='ltr'>αύτῶν,</span> <span class='ocrx_word' id='word_1_213' title='bbox 761 2922 852 2978; x_wconf 83' lang='grc' dir='ltr'>καὶ</span> <span class='ocrx_word' id='word_1_214' title='bbox 884 2921 970 2979; x_wconf 79' lang='grc' dir='ltr'>ὅτι</span> <span class='ocrx_word' id='word_1_215' title='bbox 1031 2922 1211 2996; x_wconf 61' lang='grc' dir='ltr'>⁴ἤνοιξε</span> <span class='ocrx_word' id='word_1_216' title='bbox 1265 2928 1382 2985; x_wconf 86' lang='grc' dir='ltr'>τοῖς</span> <span class='ocrx_word' id='word_1_217' title='bbox 1424 2920 1621 2978; x_wconf 82' lang='grc' dir='ltr'>ἔθνεσιν</span> <span class='ocrx_word' id='word_1_218' title='bbox 1663 2924 1824 3000; x_wconf 88' lang='grc' dir='ltr'>θύραν</span> <span class='ocrx_word' id='word_1_219' title='bbox 1874 2924 1969 2980; x_wconf 90' lang='grc' dir='ltr'>πί-</span> 
     </span>
    </p>
   </div>
   <div class='ocr_carea' id='block_1_33' title="bbox 312 3006 1967 3088">
    <p class='ocr_par' dir='ltr' id='par_1_33' title="bbox 312 3006 1967 3088">
     <span class='ocr_line' id='line_1_33' title="bbox 312 3006 1967 3088; baseline 0.001 -20"><span class='ocrx_word' id='word_1_220' title='bbox 312 3038 348 3068; x_wconf 73' lang='lat' dir='ltr'>or</span> <span class='ocrx_word' id='word_1_221' title='bbox 378 3033 570 3076; x_wconf 87' lang='grc' dir='ltr'>στεως.</span> <span class='ocrx_word' id='word_1_222' title='bbox 618 3006 901 3087; x_wconf 72' lang='grc' dir='ltr'>Διέτριϐον</span> <span class='ocrx_word' id='word_1_223' title='bbox 934 3008 991 3067; x_wconf 73' lang='grc' dir='ltr'>δε</span> <span class='ocrx_word' id='word_1_224' title='bbox 1016 3010 1129 3067; x_wconf 72' lang='grc' dir='ltr'>ἐκεῖ</span> <span class='ocrx_word' id='word_1_225' title='bbox 1157 3012 1359 3088; x_wconf 86' lang='grc' dir='ltr'>χρόνον</span> <span class='ocrx_word' id='word_1_226' title='bbox 1389 3010 1489 3067; x_wconf 82' lang='grc' dir='ltr'>οὐκ</span> <span class='ocrx_word' id='word_1_227' title='bbox 1511 3009 1704 3087; x_wconf 83' lang='grc' dir='ltr'>ὀλίγον</span> <span class='ocrx_word' id='word_1_228' title='bbox 1731 3012 1824 3069; x_wconf 83' lang='grc' dir='ltr'>σὺν</span> <span class='ocrx_word' id='word_1_229' title='bbox 1850 3018 1967 3075; x_wconf 84' lang='grc' dir='ltr'>τοῖς</span> 
     </span>
    </p>
   </div>
   <div class='ocr_carea' id='block_1_34' title="bbox 310 3105 749 3177">
    <p class='ocr_par' dir='ltr' id='par_1_34' title="bbox 310 3105 749 3177">
     <span class='ocr_line' id='line_1_34' title="bbox 310 3105 749 3177; baseline -0.007 -21"><span class='ocrx_word' id='word_1_230' title='bbox 310 3126 347 3156; x_wconf 76' lang='grc' dir='ltr'>α</span> <span class='ocrx_word' id='word_1_231' title='bbox 380 3105 673 3177; x_wconf 83' lang='grc' dir='ltr'>μαθηταῖς.</span> <span class='ocrx_word' id='word_1_232' title='bbox 718 3125 749 3154; x_wconf 87' lang='grc'><strong>››</strong></span> 
     </span>
    </p>
   </div>
   <div class='ocr_carea' id='block_1_35' title="bbox 385 3186 1971 3268">
    <p class='ocr_par' dir='ltr' id='par_1_35' title="bbox 385 3186 1971 3268">
     <span class='ocr_line' id='line_1_35' title="bbox 385 3186 1971 3268; baseline 0 -20"><span class='ocrx_word' id='word_1_233' title='bbox 385 3193 486 3248; x_wconf 84' lang='grc' dir='ltr'>Διά</span> <span class='ocrx_word' id='word_1_234' title='bbox 511 3191 569 3248; x_wconf 89' lang='grc' dir='ltr'>τί</span> <span class='ocrx_word' id='word_1_235' title='bbox 600 3188 729 3247; x_wconf 68' lang='grc' dir='ltr'>οὐδὲ</span> <span class='ocrx_word' id='word_1_236' title='bbox 758 3188 810 3246; x_wconf 73' lang='grc' dir='ltr'>ἐν</span> <span class='ocrx_word' id='word_1_237' title='bbox 849 3190 1057 3266; x_wconf 82' lang='grc' dir='ltr'>Κύπρῳ</span> <span class='ocrx_word' id='word_1_238' title='bbox 1087 3186 1211 3245; x_wconf 76' lang='grc' dir='ltr'>ούδὶ</span> <span class='ocrx_word' id='word_1_239' title='bbox 1267 3188 1320 3245; x_wconf 74' lang='grc' dir='ltr'>ἓν</span> <span class='ocrx_word' id='word_1_240' title='bbox 1375 3192 1659 3268; x_wconf 80' lang='grc' dir='ltr'>Βαμαρείᾳ</span> <span class='ocrx_word' id='word_1_241' title='bbox 1711 3191 1971 3263; x_wconf 67' lang='grc' dir='ltr'>ἐποίησαν</span> 
     </span>
    </p>
   </div>
   <div class='ocr_carea' id='block_1_36' title="bbox 307 3277 1970 3357">
    <p class='ocr_par' dir='ltr' id='par_1_36' title="bbox 307 3277 1970 3357">
     <span class='ocr_line' id='line_1_36' title="bbox 307 3277 1970 3357; baseline -0.001 -19"><span class='ocrx_word' id='word_1_242' title='bbox 307 3277 721 3357; x_wconf 69' lang='grc' dir='ltr'>πρεσϐυτέρους</span> <span class='ocrx_word' id='word_1_243' title='bbox 786 3281 839 3335; x_wconf 76' lang='grc' dir='ltr'>οἱ</span> <span class='ocrx_word' id='word_1_244' title='bbox 897 3277 1225 3350; x_wconf 67' lang='grc' dir='ltr'>ἆπόλτολοι,</span> <span class='ocrx_word' id='word_1_245' title='bbox 1283 3279 1430 3337; x_wconf 88' lang='grc' dir='ltr'>ἀλλά</span> <span class='ocrx_word' id='word_1_246' title='bbox 1520 3280 1777 3339; x_wconf 73' lang='grc' dir='ltr'>ἐνταῦθαε</span> <span class='ocrx_word' id='word_1_247' title='bbox 1848 3283 1970 3341; x_wconf 75' lang='lat' dir='ltr'>&quot;Ott</span> 
     </span>
    </p>
   </div>
   <div class='ocr_carea' id='block_1_37' title="bbox 308 3368 1972 3445">
    <p class='ocr_par' dir='ltr' id='par_1_37' title="bbox 308 3368 1972 3445">
     <span class='ocr_line' id='line_1_37' title="bbox 308 3368 1972 3445; baseline -0.001 -17"><span class='ocrx_word' id='word_1_248' title='bbox 308 3370 516 3428; x_wconf 63' lang='grc' dir='ltr'>ἐκεῖναι</span> <span class='ocrx_word' id='word_1_249' title='bbox 552 3372 648 3444; x_wconf 74' lang='grc' dir='ltr'>μὲν</span> <span class='ocrx_word' id='word_1_250' title='bbox 708 3368 877 3445; x_wconf 70' lang='grc' dir='ltr'>ἰγγῦς</span> <span class='ocrx_word' id='word_1_251' title='bbox 941 3369 1076 3439; x_wconf 81' lang='grc' dir='ltr'>ἦσαν</span> <span class='ocrx_word' id='word_1_252' title='bbox 1132 3371 1229 3437; x_wconf 72' lang='grc' dir='ltr'>τῆς</span> <span class='ocrx_word' id='word_1_253' title='bbox 1289 3370 1653 3445; x_wconf 77' lang='grc' dir='ltr'>Ἰερουσαλὴμ</span> <span class='ocrx_word' id='word_1_254' title='bbox 1702 3371 1790 3426; x_wconf 83' lang='grc' dir='ltr'>καὶ</span> <span class='ocrx_word' id='word_1_255' title='bbox 1862 3377 1972 3427; x_wconf 88' lang='grc' dir='ltr'>τῶν</span> 
     </span>
    </p>
   </div>
   <div class='ocr_carea' id='block_1_38' title="bbox 319 3455 1971 3535">
    <p class='ocr_par' dir='ltr' id='par_1_38' title="bbox 319 3455 1971 3535">
     <span class='ocr_line' id='line_1_38' title="bbox 319 3455 1971 3535; baseline -0.001 -18"><span class='ocrx_word' id='word_1_256' title='bbox 319 3460 677 3530; x_wconf 71' lang='grc' dir='ltr'>ἀποστόλων,</span> <span class='ocrx_word' id='word_1_257' title='bbox 708 3460 801 3515; x_wconf 79' lang='grc' dir='ltr'>καὶ</span> <span class='ocrx_word' id='word_1_258' title='bbox 843 3457 895 3514; x_wconf 76' lang='grc' dir='ltr'>ἰν</span> <span class='ocrx_word' id='word_1_259' title='bbox 964 3458 1100 3532; x_wconf 83' lang='grc' dir='ltr'>αύτῇ</span> <span class='ocrx_word' id='word_1_260' title='bbox 1162 3455 1220 3513; x_wconf 60' lang='lat' dir='ltr'>Si</span> <span class='ocrx_word' id='word_1_261' title='bbox 1270 3462 1339 3532; x_wconf 81' lang='grc' dir='ltr'>τῇ</span> <span class='ocrx_word' id='word_1_262' title='bbox 1398 3460 1711 3535; x_wconf 75' lang='grc' dir='ltr'>Ἀντιοχείᾳ</span> <span class='ocrx_word' id='word_1_263' title='bbox 1741 3462 1770 3516; x_wconf 86' lang='grc' dir='ltr'>ὀ</span> <span class='ocrx_word' id='word_1_264' title='bbox 1802 3458 1971 3535; x_wconf 87' lang='grc' dir='ltr'>λόγος</span> 
     </span>
    </p>
   </div>
   <div class='ocr_carea' id='block_1_39' title="bbox 314 3545 1969 3624">
    <p class='ocr_par' dir='ltr' id='par_1_39' title="bbox 314 3545 1969 3624">
     <span class='ocr_line' id='line_1_39' title="bbox 314 3545 1969 3624; baseline 0 -18"><span class='ocrx_word' id='word_1_265' title='bbox 314 3549 556 3624; x_wconf 68' lang='grc' dir='ltr'>ἆκρᾶτειο</span> <span class='ocrx_word' id='word_1_266' title='bbox 611 3548 839 3605; x_wconf 78' lang='grc' dir='ltr'>ἐνταῦθα</span> <span class='ocrx_word' id='word_1_267' title='bbox 899 3545 958 3603; x_wconf 72' lang='grc' dir='ltr'>δὲ</span> <span class='ocrx_word' id='word_1_268' title='bbox 1010 3546 1229 3617; x_wconf 77' lang='grc' dir='ltr'>πολλῆς</span> <span class='ocrx_word' id='word_1_269' title='bbox 1303 3545 1514 3604; x_wconf 71' lang='grc' dir='ltr'>ἐδέοντο</span> <span class='ocrx_word' id='word_1_270' title='bbox 1602 3550 1969 3623; x_wconf 77' lang='grc' dir='ltr'>παραμυθίας,</span> 
     </span>
    </p>
   </div>
   <div class='ocr_carea' id='block_1_40' title="bbox 312 3634 1969 3715">
    <p class='ocr_par' dir='ltr' id='par_1_40' title="bbox 312 3634 1969 3715">
     <span class='ocr_line' id='line_1_40' title="bbox 312 3634 1969 3715; baseline -0.001 -18"><span class='ocrx_word' id='word_1_271' title='bbox 312 3641 410 3697; x_wconf 83' lang='grc' dir='ltr'>καὶ</span> <span class='ocrx_word' id='word_1_272' title='bbox 450 3636 693 3713; x_wconf 72' lang='grc' dir='ltr'>μάλιστα</span> <span class='ocrx_word' id='word_1_273' title='bbox 732 3639 784 3693; x_wconf 69' lang='grc' dir='ltr'>οἱ</span> <span class='ocrx_word' id='word_1_274' title='bbox 828 3638 880 3708; x_wconf 72' lang='grc' dir='ltr'>ἐξ</span> <span class='ocrx_word' id='word_1_275' title='bbox 920 3639 1082 3701; x_wconf 71' lang='grc' dir='ltr'>ἒθνῶν</span> <span class='ocrx_word' id='word_1_276' title='bbox 1143 3634 1451 3715; x_wconf 69' lang='grc' dir='ltr'>ὀφείλοντες</span> <span class='ocrx_word' id='word_1_277' title='bbox 1497 3636 1684 3694; x_wconf 74' lang='grc' dir='ltr'>πολλὰ</span> <span class='ocrx_word' id='word_1_278' title='bbox 1723 3636 1969 3695; x_wconf 72' lang='grc' dir='ltr'>διδάσκε-</span> 
     </span>
    </p>
   </div>
   <div class='ocr_carea' id='block_1_41' title="bbox 314 3724 1963 3803">
    <p class='ocr_par' dir='ltr' id='par_1_41' title="bbox 314 3724 1963 3803">
     <span class='ocr_line' id='line_1_41' title="bbox 314 3724 1963 3803; baseline 0 -19"><span class='ocrx_word' id='word_1_279' title='bbox 314 3731 464 3786; x_wconf 84' lang='grc' dir='ltr'>σθαι.</span> <span class='ocrx_word' id='word_1_280' title='bbox 501 3725 853 3800; x_wconf 71' lang='grc' dir='ltr'>Σημειωτὲον</span> <span class='ocrx_word' id='word_1_281' title='bbox 888 3724 943 3781; x_wconf 70' lang='grc' dir='ltr'>δέ</span> <span class='ocrx_word' id='word_1_282' title='bbox 978 3727 1064 3783; x_wconf 78' lang='grc' dir='ltr'>ὅτι</span> <span class='ocrx_word' id='word_1_283' title='bbox 1097 3725 1149 3780; x_wconf 69' lang='grc' dir='ltr'>οἱ</span> <span class='ocrx_word' id='word_1_284' title='bbox 1177 3725 1303 3799; x_wconf 85' lang='grc' dir='ltr'>περὶ</span> <span class='ocrx_word' id='word_1_285' title='bbox 1352 3724 1568 3782; x_wconf 79' lang='grc' dir='ltr'>Παῦλον</span> <span class='ocrx_word' id='word_1_286' title='bbox 1616 3728 1707 3782; x_wconf 86' lang='grc' dir='ltr'>καὶ</span> <span class='ocrx_word' id='word_1_287' title='bbox 1765 3729 1963 3803; x_wconf 69' lang='grc' dir='ltr'>Βαρνάο</span> 
     </span>
    </p>
   </div>
   <div class='ocr_carea' id='block_1_42' title="bbox 313 3812 1972 3895">
    <p class='ocr_par' dir='ltr' id='par_1_42' title="bbox 313 3812 1972 3895">
     <span class='ocr_line' id='line_1_42' title="bbox 313 3812 1972 3895; baseline -0.001 -21"><span class='ocrx_word' id='word_1_288' title='bbox 313 3813 417 3874; x_wconf 74' lang='grc' dir='ltr'>εαν</span> <span class='ocrx_word' id='word_1_289' title='bbox 453 3817 769 3874; x_wconf 79' lang='grc' dir='ltr'>ἐπισκόπων</span> <span class='ocrx_word' id='word_1_290' title='bbox 826 3814 979 3895; x_wconf 80' lang='grc' dir='ltr'>εἶχον</span> <span class='ocrx_word' id='word_1_291' title='bbox 1041 3813 1213 3885; x_wconf 76' lang='grc' dir='ltr'>ἀξίαν,</span> <span class='ocrx_word' id='word_1_292' title='bbox 1272 3812 1322 3884; x_wconf 75' lang='grc' dir='ltr'>ἐξ</span> <span class='ocrx_word' id='word_1_293' title='bbox 1365 3815 1441 3869; x_wconf 84' lang='grc' dir='ltr'>ὧν</span> <span class='ocrx_word' id='word_1_294' title='bbox 1498 3813 1877 3890; x_wconf 74' lang='grc' dir='ltr'>ἐχειροτόνουν</span> <span class='ocrx_word' id='word_1_295' title='bbox 1910 3818 1972 3873; x_wconf 84' lang='grc' dir='ltr'>ού</span> 
     </span>
    </p>
   </div>
   <div class='ocr_carea' id='block_1_43' title="bbox 315 3897 1971 3981">
    <p class='ocr_par' dir='ltr' id='par_1_43' title="bbox 315 3897 1971 3981">
     <span class='ocr_line' id='line_1_43' title="bbox 315 3897 1971 3981; baseline -0.001 -19"><span class='ocrx_word' id='word_1_296' title='bbox 315 3907 487 3981; x_wconf 84' lang='grc' dir='ltr'>μόνον</span> <span class='ocrx_word' id='word_1_297' title='bbox 547 3904 856 3972; x_wconf 79' lang='grc' dir='ltr'>διακόνους,</span> <span class='ocrx_word' id='word_1_298' title='bbox 913 3902 1059 3959; x_wconf 83' lang='grc' dir='ltr'>ἀλλά</span> <span class='ocrx_word' id='word_1_299' title='bbox 1113 3902 1202 3958; x_wconf 81' lang='grc' dir='ltr'>καὶ</span> <span class='ocrx_word' id='word_1_300' title='bbox 1253 3897 1672 3978; x_wconf 75' lang='grc' dir='ltr'>πρεσϐυτὶρους·</span> <span class='ocrx_word' id='word_1_301' title='bbox 1730 3906 1823 3961; x_wconf 82' lang='grc' dir='ltr'>καὶ</span> <span class='ocrx_word' id='word_1_302' title='bbox 1890 3909 1971 3962; x_wconf 81' lang='grc' dir='ltr'>δτι</span> 
     </span>
    </p>
   </div>
   <div class='ocr_carea' id='block_1_44' title="bbox 320 3991 1972 4070">
    <p class='ocr_par' dir='ltr' id='par_1_44' title="bbox 320 3991 1972 4070">
     <span class='ocr_line' id='line_1_44' title="bbox 320 3991 1972 4070; baseline 0.001 -19"><span class='ocrx_word' id='word_1_303' title='bbox 320 3997 465 4070; x_wconf 81' lang='grc' dir='ltr'>μετά</span> <span class='ocrx_word' id='word_1_304' title='bbox 496 3999 762 4066; x_wconf 86' lang='grc' dir='ltr'>νηστειῶν</span> <span class='ocrx_word' id='word_1_305' title='bbox 806 3992 897 4050; x_wconf 84' lang='grc' dir='ltr'>καὶ</span> <span class='ocrx_word' id='word_1_306' title='bbox 963 3991 1143 4067; x_wconf 84' lang='grc' dir='ltr'>εύχῶν</span> <span class='ocrx_word' id='word_1_307' title='bbox 1198 3991 1419 4047; x_wconf 72' lang='grc' dir='ltr'>ὲποίουν</span> <span class='ocrx_word' id='word_1_308' title='bbox 1475 3993 1529 4048; x_wconf 75' lang='grc' dir='ltr'>οἱ</span> <span class='ocrx_word' id='word_1_309' title='bbox 1581 3995 1816 4065; x_wconf 82' lang='grc' dir='ltr'>μαθηταὶ</span> <span class='ocrx_word' id='word_1_310' title='bbox 1877 3996 1972 4057; x_wconf 81' lang='grc' dir='ltr'>τὰς</span> 
     </span>
    </p>
   </div>
   <div class='ocr_carea' id='block_1_45' title="bbox 313 4078 1971 4162">
    <p class='ocr_par' dir='ltr' id='par_1_45' title="bbox 313 4078 1971 4162">
     <span class='ocr_line' id='line_1_45' title="bbox 313 4078 1971 4162; baseline -0.002 -19"><span class='ocrx_word' id='word_1_311' title='bbox 313 4084 689 4162; x_wconf 83' lang='grc' dir='ltr'>χειροτονίας.</span> <span class='ocrx_word' id='word_1_312' title='bbox 726 4083 1047 4155; x_wconf 84' lang='grc' dir='ltr'>Σημείωσαι</span> <span class='ocrx_word' id='word_1_313' title='bbox 1081 4078 1139 4136; x_wconf 71' lang='grc' dir='ltr'>δὲ</span> <span class='ocrx_word' id='word_1_314' title='bbox 1168 4082 1259 4136; x_wconf 84' lang='grc' dir='ltr'>καὶ</span> <span class='ocrx_word' id='word_1_315' title='bbox 1298 4085 1485 4149; x_wconf 72' lang='grc' dir='ltr'>τοῦτο,</span> <span class='ocrx_word' id='word_1_316' title='bbox 1525 4081 1609 4138; x_wconf 81' lang='grc' dir='ltr'>ὅτι</span> <span class='ocrx_word' id='word_1_317' title='bbox 1658 4083 1736 4146; x_wconf 73' lang='grc' dir='ltr'>εἲς</span> <span class='ocrx_word' id='word_1_318' title='bbox 1791 4083 1971 4154; x_wconf 81' lang='grc' dir='ltr'>Μίλη-</span> 
     </span>
    </p>
   </div>
   <div class='ocr_carea' id='block_1_46' title="bbox 314 4166 1970 4248">
    <p class='ocr_par' dir='ltr' id='par_1_46' title="bbox 314 4166 1970 4248">
     <span class='ocr_line' id='line_1_46' title="bbox 314 4166 1970 4248; baseline -0.003 -15"><span class='ocrx_word' id='word_1_319' title='bbox 314 4196 415 4233; x_wconf 88' lang='grc' dir='ltr'>τον</span> <span class='ocrx_word' id='word_1_320' title='bbox 450 4174 705 4248; x_wconf 81' lang='grc' dir='ltr'>ἱχειροτο</span> <span class='ocrx_word' id='word_1_321' title='bbox 743 4173 950 4242; x_wconf 74' lang='grc' dir='ltr'>ήθησαν</span> <span class='ocrx_word' id='word_1_322' title='bbox 1004 4170 1056 4226; x_wconf 75' lang='grc' dir='ltr'>οἱ</span> <span class='ocrx_word' id='word_1_323' title='bbox 1088 4170 1211 4243; x_wconf 75' lang='grc' dir='ltr'>περὲ</span> <span class='ocrx_word' id='word_1_324' title='bbox 1268 4166 1541 4247; x_wconf 77' lang='grc' dir='ltr'>Βαρνάϐαν</span> <span class='ocrx_word' id='word_1_325' title='bbox 1590 4172 1680 4228; x_wconf 84' lang='grc' dir='ltr'>καὶ</span> <span class='ocrx_word' id='word_1_326' title='bbox 1738 4173 1970 4240; x_wconf 88' lang='grc' dir='ltr'>Παῦλον,</span> 
     </span>
    </p>
   </div>
   <div class='ocr_carea' id='block_1_47' title="bbox 310 4259 1971 4338">
    <p class='ocr_par' dir='ltr' id='par_1_47' title="bbox 310 4259 1971 4338">
     <span class='ocr_line' id='line_1_47' title="bbox 310 4259 1971 4338; baseline -0.002 -16"><span class='ocrx_word' id='word_1_327' title='bbox 310 4265 470 4322; x_wconf 75' lang='grc' dir='ltr'>ἄλλο</span> <span class='ocrx_word' id='word_1_328' title='bbox 503 4260 561 4319; x_wconf 75' lang='grc' dir='ltr'>δὲ</span> <span class='ocrx_word' id='word_1_329' title='bbox 600 4262 927 4338; x_wconf 71' lang='grc' dir='ltr'>ἀντίγραφον</span> <span class='ocrx_word' id='word_1_330' title='bbox 983 4261 1138 4335; x_wconf 74' lang='grc' dir='ltr'>εὗρον</span> <span class='ocrx_word' id='word_1_331' title='bbox 1206 4259 1335 4337; x_wconf 76' lang='grc' dir='ltr'>ἕχον</span> <span class='ocrx_word' id='word_1_332' title='bbox 1394 4262 1512 4317; x_wconf 85' lang='grc' dir='ltr'>ἀντὶ</span> <span class='ocrx_word' id='word_1_333' title='bbox 1555 4262 1833 4333; x_wconf 71' lang='grc' dir='ltr'>Μιλήτου,</span> <span class='ocrx_word' id='word_1_334' title='bbox 1894 4262 1971 4325; x_wconf 80' lang='grc' dir='ltr'>είς</span> 
     </span>
    </p>
   </div>
   <div class='ocr_carea' id='block_1_48' title="bbox 307 4351 1296 4428">
    <p class='ocr_par' dir='ltr' id='par_1_48' title="bbox 307 4351 1296 4428">
     <span class='ocr_line' id='line_1_48' title="bbox 307 4351 1296 4428; baseline -0.003 -21"><span class='ocrx_word' id='word_1_335' title='bbox 307 4354 686 4428; x_wconf 62' lang='grc' dir='ltr'>Ἀντιόχειαν</span> <span class='ocrx_word' id='word_1_336' title='bbox 718 4352 748 4409; x_wconf 80' lang='grc' dir='ltr'>ὅ</span> <span class='ocrx_word' id='word_1_337' title='bbox 779 4351 873 4407; x_wconf 80' lang='grc' dir='ltr'>καὶ</span> <span class='ocrx_word' id='word_1_338' title='bbox 903 4352 1296 4426; x_wconf 74' lang='grc' dir='ltr'>πιθανώτερον,</span> 
     </span>
    </p>
   </div>
   <div class='ocr_carea' id='block_1_49' title="bbox 931 4443 1354 4500">
    <p class='ocr_par' dir='ltr' id='par_1_49' title="bbox 931 4443 1354 4500">
     <span class='ocr_line' id='line_1_49' title="bbox 931 4443 1354 4500; baseline 0.007 -3"><span class='ocrx_word' id='word_1_339' title='bbox 931 4443 1192 4499; x_wconf 68' lang='grc' dir='ltr'><strong>ΚΕΦΑΛ.</strong></span> <span class='ocrx_word' id='word_1_340' title='bbox 1237 4443 1354 4500; x_wconf 73' lang='grc' dir='ltr'>ΚΓ.</span> 
     </span>
    </p>
   </div>
   <div class='ocr_carea' id='block_1_50' title="bbox 303 4528 1969 4605">
    <p class='ocr_par' dir='ltr' id='par_1_50' title="bbox 303 4528 1969 4605">
     <span class='ocr_line' id='line_1_50' title="bbox 303 4528 1969 4605; baseline -0.001 -19"><span class='ocrx_word' id='word_1_341' title='bbox 303 4534 442 4593; x_wconf 86' lang='grc' dir='ltr'>Ὅτι</span> <span class='ocrx_word' id='word_1_342' title='bbox 513 4530 575 4587; x_wconf 85' lang='grc' dir='ltr'>ού</span> <span class='ocrx_word' id='word_1_343' title='bbox 629 4528 731 4605; x_wconf 27' lang='grc' dir='ltr'>εει,</span> <span class='ocrx_word' id='word_1_344' title='bbox 775 4528 1186 4605; x_wconf 67' lang='grc' dir='ltr'>περιτέμνεσθαι</span> <span class='ocrx_word' id='word_1_345' title='bbox 1236 4530 1370 4605; x_wconf 74' lang='grc' dir='ltr'>τοὺς</span> <span class='ocrx_word' id='word_1_346' title='bbox 1426 4530 1477 4602; x_wconf 74' lang='grc' dir='ltr'>ἐξ</span> <span class='ocrx_word' id='word_1_347' title='bbox 1534 4528 1700 4605; x_wconf 71' lang='grc' dir='ltr'>ἐθνῶν</span> <span class='ocrx_word' id='word_1_348' title='bbox 1752 4529 1969 4605; x_wconf 73' lang='grc' dir='ltr'>πιστεύ-</span> 
     </span>
    </p>
   </div>
   <div class='ocr_carea' id='block_1_51' title="bbox 394 4600 2047 4689">
    <p class='ocr_par' dir='ltr' id='par_1_51' title="bbox 394 4600 2047 4689">
     <span class='ocr_line' id='line_1_51' title="bbox 394 4600 2047 4689; baseline -0.001 -30"><span class='ocrx_word' id='word_1_349' title='bbox 394 4600 907 4689; x_wconf 38' lang='grc' dir='ltr'>σανταςηδόγμαξτιι</span> <span class='ocrx_word' id='word_1_350' title='bbox 970 4600 1076 4689; x_wconf 53' lang='grc' dir='ltr'>καὶ</span> <span class='ocrx_word' id='word_1_351' title='bbox 1146 4600 1364 4689; x_wconf 30' lang='grc' dir='ltr'>,κρίσεικ</span> <span class='ocrx_word' id='word_1_352' title='bbox 1412 4600 1519 4657; x_wconf 85' lang='grc' dir='ltr'>τῶν</span> <span class='ocrx_word' id='word_1_353' title='bbox 1626 4602 1967 4689; x_wconf 44' lang='grc' dir='ltr'>ἀποστόλωνξ</span> <span class='ocrx_word' id='word_1_354' title='bbox 2004 4626 2047 4689; x_wconf 82' lang='lat' dir='ltr'>D</span> 
     </span>
    </p>
   </div>
   <div class='ocr_carea' id='block_1_52' title="bbox 395 4670 1966 4749">
    <p class='ocr_par' dir='ltr' id='par_1_52' title="bbox 395 4670 1966 4749">
     <span class='ocr_line' id='line_1_52' title="bbox 395 4670 1966 4749; baseline 0 -20"><span class='ocrx_word' id='word_1_355' title='bbox 395 4677 447 4749; x_wconf 63' lang='grc' dir='ltr'>ᾖν</span> <span class='ocrx_word' id='word_1_356' title='bbox 517 4677 563 4749; x_wconf 82' lang='grc' dir='ltr'>ᾧ</span> <span class='ocrx_word' id='word_1_357' title='bbox 622 4670 905 4749; x_wconf 50' lang='grc' dir='ltr'>ἀποστολὴ</span> <span class='ocrx_word' id='word_1_358' title='bbox 962 4676 1072 4749; x_wconf 76' lang='grc' dir='ltr'>τῶν</span> <span class='ocrx_word' id='word_1_359' title='bbox 1135 4670 1476 4749; x_wconf 70' lang='grc' dir='ltr'>ἀποστόλων,</span> <span class='ocrx_word' id='word_1_360' title='bbox 1539 4674 1681 4749; x_wconf 31' lang='grc' dir='ltr'>,πρὸς</span> <span class='ocrx_word' id='word_1_361' title='bbox 1734 4673 1862 4735; x_wconf 73' lang='grc' dir='ltr'>τοὺς</span> 
     </span>
    </p>
   </div>
   <div class='ocr_carea' id='block_1_53' title="bbox 395 4741 1971 4825">
    <p class='ocr_par' dir='ltr' id='par_1_53' title="bbox 395 4741 1971 4825">
     <span class='ocr_line' id='line_1_53' title="bbox 395 4741 1971 4825; baseline -0.014 0"><span class='ocrx_word' id='word_1_362' title='bbox 395 4741 562 4825; x_wconf 60' lang='grc' dir='ltr'>ἔθνῶῦ</span> <span class='ocrx_word' id='word_1_363' title='bbox 611 4746 740 4825; x_wconf 59' lang='grc' dir='ltr'>πιεῖρ</span> <span class='ocrx_word' id='word_1_364' title='bbox 808 4741 920 4825; x_wconf 50' lang='grc' dir='ltr'>ὦκα</span> <span class='ocrx_word' id='word_1_365' title='bbox 974 4741 1302 4825; x_wconf 60' lang='grc' dir='ltr'>φιέλριδεῖέεον·</span> <span class='ocrx_word' id='word_1_366' title='bbox 1399 4741 1748 4823; x_wconf 71' lang='grc' dir='ltr'>Ἀντιρβησις</span> <span class='ocrx_word' id='word_1_367' title='bbox 1827 4741 1971 4804; x_wconf 55' lang='lat' dir='ltr'>iiut;</span> 
     </span>
    </p>
   </div>
   <div class='ocr_carea' id='block_1_54' title="bbox 393 4811 1374 4893">
    <p class='ocr_par' dir='ltr' id='par_1_54' title="bbox 393 4811 1374 4893">
     <span class='ocr_line' id='line_1_54' title="bbox 393 4811 1374 4893; baseline -0.003 -18"><span class='ocrx_word' id='word_1_368' title='bbox 393 4819 498 4876; x_wconf 85' lang='grc' dir='ltr'>λου</span> <span class='ocrx_word' id='word_1_369' title='bbox 528 4818 666 4893; x_wconf 82' lang='grc' dir='ltr'>πρὸς</span> <span class='ocrx_word' id='word_1_370' title='bbox 690 4811 997 4893; x_wconf 78' lang='grc' dir='ltr'>’Βαρνάϐαν’</span> <span class='ocrx_word' id='word_1_371' title='bbox 1020 4813 1111 4871; x_wconf 74' lang='grc' dir='ltr'>διὰ</span> <span class='ocrx_word' id='word_1_372' title='bbox 1138 4816 1374 4891; x_wconf 79' lang='grc' dir='ltr'>Μάρκον,</span> 
     </span>
    </p>
   </div>
   <div class='ocr_carea' id='block_1_55' title="bbox 394 4988 1970 5064">
    <p class='ocr_par' dir='ltr' id='par_1_55' title="bbox 394 4988 1970 5064">
     <span class='ocr_line' id='line_1_55' title="bbox 394 4988 1970 5064; baseline -0.001 -15"><span class='ocrx_word' id='word_1_373' title='bbox 394 5022 423 5049; x_wconf 73' lang='grc' dir='ltr'>ι(</span> <span class='ocrx_word' id='word_1_374' title='bbox 458 4995 559 5054; x_wconf 76' lang='grc' dir='ltr'>Καί</span> <span class='ocrx_word' id='word_1_375' title='bbox 586 5014 724 5057; x_wconf 83' lang='grc' dir='ltr'>τινες</span> <span class='ocrx_word' id='word_1_376' title='bbox 751 4990 1108 5057; x_wconf 84' lang='grc' dir='ltr'>κατελθόντες</span> <span class='ocrx_word' id='word_1_377' title='bbox 1164 4993 1269 5048; x_wconf 84' lang='grc' dir='ltr'>ἆπὸ</span> <span class='ocrx_word' id='word_1_378' title='bbox 1325 4999 1425 5064; x_wconf 84' lang='grc' dir='ltr'>τῆς</span> <span class='ocrx_word' id='word_1_379' title='bbox 1469 4990 1735 5056; x_wconf 87' lang='grc' dir='ltr'>Ἰουδαίας</span> <span class='ocrx_word' id='word_1_380' title='bbox 1794 4988 1970 5049; x_wconf 73' lang='grc' dir='ltr'>ἐδίδα-</span> 
     </span>
    </p>
   </div>
   <div class='ocr_carea' id='block_1_56' title="bbox 316 5080 1973 5158">
    <p class='ocr_par' dir='ltr' id='par_1_56' title="bbox 316 5080 1973 5158">
     <span class='ocr_line' id='line_1_56' title="bbox 316 5080 1973 5158; baseline -0.003 -17"><span class='ocrx_word' id='word_1_381' title='bbox 316 5113 349 5141; x_wconf 77' lang='grc' dir='ltr'>α</span> <span class='ocrx_word' id='word_1_382' title='bbox 382 5108 515 5142; x_wconf 87' lang='grc' dir='ltr'>σκον</span> <span class='ocrx_word' id='word_1_383' title='bbox 552 5084 683 5146; x_wconf 75' lang='grc' dir='ltr'>τοῦς</span> <span class='ocrx_word' id='word_1_384' title='bbox 715 5080 1012 5158; x_wconf 75' lang='grc' dir='ltr'>ἀδελφοὺς,</span> <span class='ocrx_word' id='word_1_385' title='bbox 1043 5082 1129 5137; x_wconf 77' lang='grc' dir='ltr'>ὅτι</span> <span class='ocrx_word' id='word_1_386' title='bbox 1172 5082 1293 5139; x_wconf 82' lang='grc' dir='ltr'>Ἐὰν</span> <span class='ocrx_word' id='word_1_387' title='bbox 1333 5084 1410 5155; x_wconf 83' lang='grc' dir='ltr'>μή</span> <span class='ocrx_word' id='word_1_388' title='bbox 1457 5083 1850 5158; x_wconf 72' lang='grc' dir='ltr'>περιτέμνησθε</span> <span class='ocrx_word' id='word_1_389' title='bbox 1891 5085 1973 5155; x_wconf 78' lang='grc' dir='ltr'>τῷ</span> 
     </span>
    </p>
   </div>
   <div class='ocr_carea' id='block_1_57' title="bbox 321 5167 1969 5244">
    <p class='ocr_par' dir='ltr' id='par_1_57' title="bbox 321 5167 1969 5244">
     <span class='ocr_line' id='line_1_57' title="bbox 321 5167 1969 5244; baseline -0.004 -15"><span class='ocrx_word' id='word_1_390' title='bbox 321 5200 352 5229; x_wconf 75' lang='grc' dir='ltr'>ιι</span> <span class='ocrx_word' id='word_1_391' title='bbox 387 5173 500 5231; x_wconf 78' lang='grc' dir='ltr'>ἔθει</span> <span class='ocrx_word' id='word_1_392' title='bbox 532 5174 802 5240; x_wconf 71' lang='grc' dir='ltr'>Μωσέως,</span> <span class='ocrx_word' id='word_1_393' title='bbox 834 5170 897 5227; x_wconf 80' lang='grc' dir='ltr'>οὐ</span> <span class='ocrx_word' id='word_1_394' title='bbox 930 5167 1153 5226; x_wconf 85' lang='grc' dir='ltr'>δύνασθε</span> <span class='ocrx_word' id='word_1_395' title='bbox 1217 5172 1483 5241; x_wconf 83' lang='grc' dir='ltr'>σωθῆναι,</span> <span class='ocrx_word' id='word_1_396' title='bbox 1529 5169 1832 5244; x_wconf 68' lang='grc' dir='ltr'>Γενομένης</span> <span class='ocrx_word' id='word_1_397' title='bbox 1879 5168 1969 5224; x_wconf 77' lang='grc' dir='ltr'>οὖν</span> 
     </span>
    </p>
   </div>
   <div class='ocr_carea' id='block_1_58' title="bbox 325 5260 1972 5337">
    <p class='ocr_par' dir='ltr' id='par_1_58' title="bbox 325 5260 1972 5337">
     <span class='ocr_line' id='line_1_58' title="bbox 325 5260 1972 5337; baseline -0.004 -15"><span class='ocrx_word' id='word_1_398' title='bbox 325 5293 349 5321; x_wconf 78' lang='grc' dir='ltr'>ι</span> <span class='ocrx_word' id='word_1_399' title='bbox 387 5268 630 5326; x_wconf 78' lang='grc' dir='ltr'>στάσεως</span> <span class='ocrx_word' id='word_1_400' title='bbox 662 5265 753 5319; x_wconf 78' lang='grc' dir='ltr'>καὶ</span> <span class='ocrx_word' id='word_1_401' title='bbox 813 5264 1164 5332; x_wconf 62' lang='grc' dir='ltr'>συζητῆσεως</span> <span class='ocrx_word' id='word_1_402' title='bbox 1231 5261 1329 5317; x_wconf 89' lang='grc' dir='ltr'>ούκ</span> <span class='ocrx_word' id='word_1_403' title='bbox 1383 5260 1580 5337; x_wconf 80' lang='grc' dir='ltr'>ὀλίγης</span> <span class='ocrx_word' id='word_1_404' title='bbox 1636 5267 1715 5336; x_wconf 83' lang='grc' dir='ltr'>τῷ</span> <span class='ocrx_word' id='word_1_405' title='bbox 1772 5261 1972 5335; x_wconf 84' lang='grc' dir='ltr'>Παύλῳ</span> 
     </span>
    </p>
   </div>
   <div class='ocr_carea' id='block_1_59' title="bbox 318 5347 1972 5429">
    <p class='ocr_par' dir='ltr' id='par_1_59' title="bbox 318 5347 1972 5429">
     <span class='ocr_line' id='line_1_59' title="bbox 318 5347 1972 5429; baseline -0.005 -16"><span class='ocrx_word' id='word_1_406' title='bbox 318 5358 468 5413; x_wconf 73' lang='grc' dir='ltr'>ακαῖ</span> <span class='ocrx_word' id='word_1_407' title='bbox 506 5360 587 5427; x_wconf 77' lang='grc' dir='ltr'>τῷ</span> <span class='ocrx_word' id='word_1_408' title='bbox 648 5347 901 5429; x_wconf 78' lang='grc' dir='ltr'>Βαρνάϐᾳ</span> <span class='ocrx_word' id='word_1_409' title='bbox 966 5354 1102 5426; x_wconf 84' lang='grc' dir='ltr'>πρὸς</span> <span class='ocrx_word' id='word_1_410' title='bbox 1161 5350 1376 5421; x_wconf 78' lang='grc' dir='ltr'>αὐτοὺς,</span> <span class='ocrx_word' id='word_1_411' title='bbox 1430 5349 1613 5425; x_wconf 78' lang='grc' dir='ltr'>ἔταξαν</span> <span class='ocrx_word' id='word_1_412' title='bbox 1670 5347 1972 5407; x_wconf 86' lang='grc' dir='ltr'>ἀναϐαίνειν</span> 
     </span>
    </p>
   </div>
   <div class='ocr_carea' id='block_1_60' title="bbox 323 5435 1973 5518">
    <p class='ocr_par' dir='ltr' id='par_1_60' title="bbox 323 5435 1973 5518">
     <span class='ocr_line' id='line_1_60' title="bbox 323 5435 1973 5518; baseline -0.003 -19"><span class='ocrx_word' id='word_1_413' title='bbox 323 5472 346 5499; x_wconf 79' lang='grc' dir='ltr'>ι</span> <span class='ocrx_word' id='word_1_414' title='bbox 383 5444 602 5501; x_wconf 87' lang='grc' dir='ltr'>Παῦλον</span> <span class='ocrx_word' id='word_1_415' title='bbox 635 5445 726 5498; x_wconf 80' lang='grc' dir='ltr'>καὶ</span> <span class='ocrx_word' id='word_1_416' title='bbox 771 5435 1072 5518; x_wconf 65' lang='grc' dir='ltr'>Βαρνάϐαν,</span> <span class='ocrx_word' id='word_1_417' title='bbox 1103 5439 1195 5495; x_wconf 90' lang='grc' dir='ltr'>καί</span> <span class='ocrx_word' id='word_1_418' title='bbox 1221 5461 1371 5501; x_wconf 85' lang='grc' dir='ltr'>τινας</span> <span class='ocrx_word' id='word_1_419' title='bbox 1424 5437 1630 5502; x_wconf 77' lang='grc' dir='ltr'>ἄλλους</span> <span class='ocrx_word' id='word_1_420' title='bbox 1688 5440 1739 5511; x_wconf 68' lang='grc' dir='ltr'>ἐξ</span> <span class='ocrx_word' id='word_1_421' title='bbox 1797 5441 1973 5496; x_wconf 77' lang='grc' dir='ltr'>αὐτῶν</span> 
     </span>
    </p>
   </div>
   <div class='ocr_carea' id='block_1_61' title="bbox 324 5524 1971 5612">
    <p class='ocr_par' dir='ltr' id='par_1_61' title="bbox 324 5524 1971 5612">
     <span class='ocr_line' id='line_1_61' title="bbox 324 5524 1971 5612; baseline -0.003 -21"><span class='ocrx_word' id='word_1_422' title='bbox 324 5560 352 5590; x_wconf 77' lang='grc' dir='ltr'>α</span> <span class='ocrx_word' id='word_1_423' title='bbox 381 5536 521 5612; x_wconf 77' lang='grc' dir='ltr'>πρὸς</span> <span class='ocrx_word' id='word_1_424' title='bbox 550 5532 682 5595; x_wconf 72' lang='grc' dir='ltr'>τοὺς</span> <span class='ocrx_word' id='word_1_425' title='bbox 714 5529 1060 5594; x_wconf 78' lang='grc' dir='ltr'>ἀποστόλους</span> <span class='ocrx_word' id='word_1_426' title='bbox 1084 5530 1175 5585; x_wconf 74' lang='grc' dir='ltr'>καὶ</span> <span class='ocrx_word' id='word_1_427' title='bbox 1234 5524 1632 5606; x_wconf 72' lang='grc' dir='ltr'>πρεσϐυτέρους</span> <span class='ocrx_word' id='word_1_428' title='bbox 1665 5530 1742 5594; x_wconf 81' lang='grc' dir='ltr'>εἰς</span> <span class='ocrx_word' id='word_1_429' title='bbox 1774 5536 1971 5601; x_wconf 76' lang='grc' dir='ltr'>Ἰερου-</span> 
     </span>
    </p>
   </div>
   <div class='ocr_carea' id='block_1_62' title="bbox 393 5714 988 5784">
    <p class='ocr_par' dir='ltr' id='par_1_62' title="bbox 393 5714 988 5784">
     <span class='ocr_line' id='line_1_62' title="bbox 393 5714 988 5784; baseline -0.008 -8"><span class='ocrx_word' id='word_1_430' title='bbox 393 5717 442 5755; x_wconf 86' lang='grc'>¹⁰</span> <span class='ocrx_word' id='word_1_431' title='bbox 468 5715 680 5775; x_wconf 77' lang='lat' dir='ltr'>Matth.</span> <span class='ocrx_word' id='word_1_432' title='bbox 713 5729 867 5784; x_wconf 70' lang='lat' dir='ltr'>xxvx,</span> <span class='ocrx_word' id='word_1_433' title='bbox 900 5714 988 5771; x_wconf 75' lang='grc'>65.</span> 
     </span>
    </p>
   </div>
   <div class='ocr_carea' id='block_1_63' title="bbox 2001 1899 2048 1965">
    <p class='ocr_par' dir='ltr' id='par_1_63' title="bbox 2001 1899 2048 1965">
     <span class='ocr_line' id='line_1_63' title="bbox 2001 1899 2048 1965; baseline 0 0"><span class='ocrx_word' id='word_1_434' title='bbox 2001 1899 2048 1965; x_wconf 90' lang='grc' dir='ltr'><strong>Β</strong></span> 
     </span>
    </p>
   </div>
   <div class='ocr_carea' id='block_1_64' title="bbox 2085 607 3733 681">
    <p class='ocr_par' dir='ltr' id='par_1_64' title="bbox 2085 607 3733 681">
     <span class='ocr_line' id='line_1_64' title="bbox 2085 607 3733 681; baseline 0.01 -24"><span class='ocrx_word' id='word_1_435' title='bbox 2085 630 2112 657; x_wconf 79' lang='lat'><strong>«</strong></span> <span class='ocrx_word' id='word_1_436' title='bbox 2147 607 2366 662; x_wconf 76' lang='lat' dir='ltr'>civitati</span> <span class='ocrx_word' id='word_1_437' title='bbox 2399 608 2487 663; x_wconf 88' lang='lat' dir='ltr'>illi</span> <span class='ocrx_word' id='word_1_438' title='bbox 2522 611 2861 681; x_wconf 86' lang='lat' dir='ltr'>multosque</span> <span class='ocrx_word' id='word_1_439' title='bbox 2894 612 3260 680; x_wconf 77' lang='lat' dir='ltr'>docuissent,</span> <span class='ocrx_word' id='word_1_440' title='bbox 3319 615 3538 670; x_wconf 84' lang='lat' dir='ltr'>reversi</span> <span class='ocrx_word' id='word_1_441' title='bbox 3595 624 3733 673; x_wconf 86' lang='lat' dir='ltr'>sunt</span> 
     </span>
    </p>
   </div>
   <div class='ocr_carea' id='block_1_65' title="bbox 2090 697 3730 770">
    <p class='ocr_par' dir='ltr' id='par_1_65' title="bbox 2090 697 3730 770">
     <span class='ocr_line' id='line_1_65' title="bbox 2090 697 3730 770; baseline 0.007 -18"><span class='ocrx_word' id='word_1_442' title='bbox 2090 722 2109 745; x_wconf 78' lang='grc' dir='ltr'>ιι</span> <span class='ocrx_word' id='word_1_443' title='bbox 2142 697 2407 769; x_wconf 83' lang='lat' dir='ltr'>Lystram</span> <span class='ocrx_word' id='word_1_444' title='bbox 2439 704 2495 753; x_wconf 88' lang='lat' dir='ltr'>et</span> <span class='ocrx_word' id='word_1_445' title='bbox 2527 700 2791 755; x_wconf 84' lang='lat' dir='ltr'>Iconium</span> <span class='ocrx_word' id='word_1_446' title='bbox 2830 708 2888 757; x_wconf 90' lang='lat' dir='ltr'>et</span> <span class='ocrx_word' id='word_1_447' title='bbox 2931 705 3328 770; x_wconf 80' lang='lat' dir='ltr'>Antiochiam,</span> <span class='ocrx_word' id='word_1_448' title='bbox 3361 705 3557 762; x_wconf 89' lang='lat' dir='ltr'>denuo</span> <span class='ocrx_word' id='word_1_449' title='bbox 3589 724 3730 764; x_wconf 88' lang='lat' dir='ltr'>con-</span> 
     </span>
    </p>
   </div>
   <div class='ocr_carea' id='block_1_66' title="bbox 2083 789 3728 863">
    <p class='ocr_par' dir='ltr' id='par_1_66' title="bbox 2083 789 3728 863">
     <span class='ocr_line' id='line_1_66' title="bbox 2083 789 3728 863; baseline 0.009 -23"><span class='ocrx_word' id='word_1_450' title='bbox 2083 811 2112 839; x_wconf 85' lang='lat'><strong>»</strong></span> <span class='ocrx_word' id='word_1_451' title='bbox 2148 789 2454 845; x_wconf 79' lang='lat' dir='ltr'>ﬁrmantes</span> <span class='ocrx_word' id='word_1_452' title='bbox 2481 791 2710 846; x_wconf 88' lang='lat' dir='ltr'>animas</span> <span class='ocrx_word' id='word_1_453' title='bbox 2741 792 3193 863; x_wconf 84' lang='lat' dir='ltr'>discipulorum.</span> <span class='ocrx_word' id='word_1_454' title='bbox 3245 800 3304 849; x_wconf 88' lang='lat' dir='ltr'>et</span> <span class='ocrx_word' id='word_1_455' title='bbox 3350 798 3728 854; x_wconf 77' lang='lat' dir='ltr'>exhortantes</span> 
     </span>
    </p>
   </div>
   <div class='ocr_carea' id='block_1_67' title="bbox 2083 882 3726 955">
    <p class='ocr_par' dir='ltr' id='par_1_67' title="bbox 2083 882 3726 955">
     <span class='ocr_line' id='line_1_67' title="bbox 2083 882 3726 955; baseline 0.009 -27"><span class='ocrx_word' id='word_1_456' title='bbox 2083 900 2110 927; x_wconf 88' lang='grc'>‹‹</span> <span class='ocrx_word' id='word_1_457' title='bbox 2131 884 2196 932; x_wconf 88' lang='lat' dir='ltr'>ut</span> <span class='ocrx_word' id='word_1_458' title='bbox 2216 887 2663 950; x_wconf 77' lang='lat' dir='ltr'>perseverarent</span> <span class='ocrx_word' id='word_1_459' title='bbox 2692 882 2755 936; x_wconf 91' lang='lat' dir='ltr'>in</span> <span class='ocrx_word' id='word_1_460' title='bbox 2790 882 2904 936; x_wconf 82' lang='lat' dir='ltr'>fide</span> <span class='ocrx_word' id='word_1_461' title='bbox 2932 883 3208 954; x_wconf 83' lang='lat' dir='ltr'>quodque</span> <span class='ocrx_word' id='word_1_462' title='bbox 3239 901 3345 955; x_wconf 93' lang='lat' dir='ltr'>per</span> <span class='ocrx_word' id='word_1_463' title='bbox 3397 887 3612 942; x_wconf 90' lang='lat' dir='ltr'>multas</span> <span class='ocrx_word' id='word_1_464' title='bbox 3641 887 3726 943; x_wconf 89' lang='lat' dir='ltr'>af-</span> 
     </span>
    </p>
   </div>
   <div class='ocr_carea' id='block_1_68' title="bbox 2082 969 3723 1045">
    <p class='ocr_par' dir='ltr' id='par_1_68' title="bbox 2082 969 3723 1045">
     <span class='ocr_line' id='line_1_68' title="bbox 2082 969 3723 1045; baseline 0.005 -24"><span class='ocrx_word' id='word_1_465' title='bbox 2082 991 2109 1021; x_wconf 86' lang='lat'><strong>«</strong></span> <span class='ocrx_word' id='word_1_466' title='bbox 2136 969 2432 1026; x_wconf 87' lang='lat' dir='ltr'>ﬂictiones</span> <span class='ocrx_word' id='word_1_467' title='bbox 2464 977 2735 1042; x_wconf 78' lang='lat' dir='ltr'>oporteat</span> <span class='ocrx_word' id='word_1_468' title='bbox 2765 989 2873 1028; x_wconf 89' lang='lat' dir='ltr'>nos</span> <span class='ocrx_word' id='word_1_469' title='bbox 2905 973 3128 1028; x_wconf 87' lang='lat' dir='ltr'>intrare</span> <span class='ocrx_word' id='word_1_470' title='bbox 3158 975 3221 1029; x_wconf 84' lang='lat' dir='ltr'>iu</span> <span class='ocrx_word' id='word_1_471' title='bbox 3255 991 3503 1045; x_wconf 77' lang='lat' dir='ltr'>regnum</span> <span class='ocrx_word' id='word_1_472' title='bbox 3538 977 3658 1034; x_wconf 88' lang='lat' dir='ltr'>Dei.</span> <span class='ocrx_word' id='word_1_473' title='bbox 3693 999 3723 1029; x_wconf 82' lang='grc'>››</span> 
     </span>
    </p>
   </div>
   <div class='ocr_carea' id='block_1_69' title="bbox 2160 1153 3726 1212">
    <p class='ocr_par' dir='ltr' id='par_1_69' title="bbox 2160 1153 3726 1212">
     <span class='ocr_line' id='line_1_69' title="bbox 2160 1153 3726 1212; baseline 0.003 -6"><span class='ocrx_word' id='word_1_474' title='bbox 2160 1173 2186 1205; x_wconf 81' lang='grc' dir='ltr'>ιι</span> <span class='ocrx_word' id='word_1_475' title='bbox 2215 1153 2542 1209; x_wconf 88' lang='lat' dir='ltr'>Conscissis</span> <span class='ocrx_word' id='word_1_476' title='bbox 2584 1155 2860 1210; x_wconf 82' lang='lat' dir='ltr'>vestibus.</span> <span class='ocrx_word' id='word_1_477' title='bbox 2895 1177 2922 1204; x_wconf 85' lang='lat'>»</span> <span class='ocrx_word' id='word_1_478' title='bbox 2984 1155 3159 1209; x_wconf 87' lang='lat' dir='ltr'>Moris</span> <span class='ocrx_word' id='word_1_479' title='bbox 3209 1160 3335 1209; x_wconf 90' lang='lat' dir='ltr'>erat</span> <span class='ocrx_word' id='word_1_480' title='bbox 3387 1154 3605 1210; x_wconf 76' lang='lat' dir='ltr'>Iudaeis</span> <span class='ocrx_word' id='word_1_481' title='bbox 3651 1155 3726 1212; x_wconf 92' lang='lat' dir='ltr'>ob</span> 
     </span>
    </p>
   </div>
   <div class='ocr_carea' id='block_1_70' title="bbox 2081 1242 3725 1316">
    <p class='ocr_par' dir='ltr' id='par_1_70' title="bbox 2081 1242 3725 1316">
     <span class='ocr_line' id='line_1_70' title="bbox 2081 1242 3725 1316; baseline 0.002 -20"><span class='ocrx_word' id='word_1_482' title='bbox 2081 1242 2421 1313; x_wconf 87' lang='lat' dir='ltr'>hujusmodi</span> <span class='ocrx_word' id='word_1_483' title='bbox 2452 1243 2514 1298; x_wconf 90' lang='lat' dir='ltr'>in</span> <span class='ocrx_word' id='word_1_484' title='bbox 2535 1245 2719 1298; x_wconf 89' lang='lat' dir='ltr'>Deum</span> <span class='ocrx_word' id='word_1_485' title='bbox 2738 1243 3137 1316; x_wconf 87' lang='lat' dir='ltr'>blasphemias</span> <span class='ocrx_word' id='word_1_486' title='bbox 3161 1250 3352 1300; x_wconf 83' lang='lat' dir='ltr'>vestes</span> <span class='ocrx_word' id='word_1_487' title='bbox 3369 1243 3725 1300; x_wconf 87' lang='lat' dir='ltr'>discindere.</span> 
     </span>
    </p>
   </div>
   <div class='ocr_carea' id='block_1_71' title="bbox 2080 1332 3726 1404">
    <p class='ocr_par' dir='ltr' id='par_1_71' title="bbox 2080 1332 3726 1404">
     <span class='ocr_line' id='line_1_71' title="bbox 2080 1332 3726 1404; baseline 0.002 -20"><span class='ocrx_word' id='word_1_488' title='bbox 2080 1332 2285 1402; x_wconf 81' lang='lat' dir='ltr'>Itaque</span> <span class='ocrx_word' id='word_1_489' title='bbox 2312 1337 2372 1386; x_wconf 91' lang='lat' dir='ltr'>et</span> <span class='ocrx_word' id='word_1_490' title='bbox 2399 1332 2671 1404; x_wconf 90' lang='lat' dir='ltr'>Caiphas,</span> <span class='ocrx_word' id='word_1_491' title='bbox 2702 1349 2835 1388; x_wconf 92' lang='lat' dir='ltr'>cum</span> <span class='ocrx_word' id='word_1_492' title='bbox 2866 1334 3129 1389; x_wconf 81' lang='lat' dir='ltr'>Christus</span> <span class='ocrx_word' id='word_1_493' title='bbox 3162 1350 3223 1388; x_wconf 91' lang='lat' dir='ltr'>se</span> <span class='ocrx_word' id='word_1_494' title='bbox 3256 1334 3356 1388; x_wconf 91' lang='lat' dir='ltr'>Dei</span> <span class='ocrx_word' id='word_1_495' title='bbox 3390 1333 3604 1388; x_wconf 89' lang='lat' dir='ltr'>Filium</span> <span class='ocrx_word' id='word_1_496' title='bbox 3634 1333 3726 1388; x_wconf 85' lang='lat' dir='ltr'>di-</span> 
     </span>
    </p>
   </div>
   <div class='ocr_carea' id='block_1_72' title="bbox 2080 1421 3723 1489">
    <p class='ocr_par' dir='ltr' id='par_1_72' title="bbox 2080 1421 3723 1489">
     <span class='ocr_line' id='line_1_72' title="bbox 2080 1421 3723 1489; baseline 0.002 -14"><span class='ocrx_word' id='word_1_497' title='bbox 2080 1421 2282 1480; x_wconf 82' lang='lat' dir='ltr'>xisset.</span> <span class='ocrx_word' id='word_1_498' title='bbox 2317 1422 2533 1476; x_wconf 90' lang='lat' dir='ltr'>emisso</span> <span class='ocrx_word' id='word_1_499' title='bbox 2564 1422 2825 1478; x_wconf 89' lang='lat' dir='ltr'>clamore</span> <span class='ocrx_word' id='word_1_500' title='bbox 2882 1428 3099 1477; x_wconf 89' lang='lat' dir='ltr'>vestem</span> <span class='ocrx_word' id='word_1_501' title='bbox 3161 1422 3419 1489; x_wconf 87' lang='lat' dir='ltr'>discidit,</span> <span class='ocrx_word' id='word_1_502' title='bbox 3481 1422 3723 1478; x_wconf 88' lang='lat' dir='ltr'>dicens:</span> 
     </span>
    </p>
   </div>
   <div class='ocr_carea' id='block_1_73' title="bbox 2081 1510 3727 1583">
    <p class='ocr_par' dir='ltr' id='par_1_73' title="bbox 2081 1510 3727 1583">
     <span class='ocr_line' id='line_1_73' title="bbox 2081 1510 3727 1583; baseline 0 -17"><span class='ocrx_word' id='word_1_503' title='bbox 2081 1510 2517 1582; x_wconf 88' lang='lat' dir='ltr'>Blasphemiam</span> <span class='ocrx_word' id='word_1_504' title='bbox 2542 1511 2775 1566; x_wconf 90' lang='lat' dir='ltr'>locutus</span> <span class='ocrx_word' id='word_1_505' title='bbox 2805 1516 2896 1566; x_wconf 91' lang='lat' dir='ltr'>est</span> <span class='ocrx_word' id='word_1_506' title='bbox 2927 1512 2987 1566; x_wconf 86' lang='grc'>¹⁰.</span> <span class='ocrx_word' id='word_1_507' title='bbox 3022 1513 3138 1566; x_wconf 84' lang='lat' dir='ltr'>Hoc</span> <span class='ocrx_word' id='word_1_508' title='bbox 3171 1528 3408 1583; x_wconf 90' lang='lat' dir='ltr'>quoque</span> <span class='ocrx_word' id='word_1_509' title='bbox 3455 1510 3727 1566; x_wconf 76' lang='lat' dir='ltr'>fecerunt</span> 
     </span>
    </p>
   </div>
   <div class='ocr_carea' id='block_1_74' title="bbox 2081 1598 3721 1672">
    <p class='ocr_par' dir='ltr' id='par_1_74' title="bbox 2081 1598 3721 1672">
     <span class='ocr_line' id='line_1_74' title="bbox 2081 1598 3721 1672; baseline 0.001 -18"><span class='ocrx_word' id='word_1_510' title='bbox 2081 1598 2263 1655; x_wconf 87' lang='lat' dir='ltr'>divini</span> <span class='ocrx_word' id='word_1_511' title='bbox 2295 1600 2573 1672; x_wconf 89' lang='lat' dir='ltr'>discipuli</span> <span class='ocrx_word' id='word_1_512' title='bbox 2606 1601 2903 1657; x_wconf 79' lang='lat' dir='ltr'>Barnabas</span> <span class='ocrx_word' id='word_1_513' title='bbox 2933 1606 2990 1656; x_wconf 91' lang='lat' dir='ltr'>et</span> <span class='ocrx_word' id='word_1_514' title='bbox 3019 1601 3260 1668; x_wconf 90' lang='lat' dir='ltr'>Paulus,</span> <span class='ocrx_word' id='word_1_515' title='bbox 3285 1617 3421 1656; x_wconf 90' lang='lat' dir='ltr'>cum</span> <span class='ocrx_word' id='word_1_516' title='bbox 3452 1601 3561 1656; x_wconf 91' lang='lat' dir='ltr'>hoc</span> <span class='ocrx_word' id='word_1_517' title='bbox 3592 1601 3721 1656; x_wconf 90' lang='lat' dir='ltr'>loco</span> 
     </span>
    </p>
   </div>
   <div class='ocr_carea' id='block_1_75' title="bbox 2080 1689 3725 1763">
    <p class='ocr_par' dir='ltr' id='par_1_75' title="bbox 2080 1689 3725 1763">
     <span class='ocr_line' id='line_1_75' title="bbox 2080 1689 3725 1763; baseline 0.001 -18"><span class='ocrx_word' id='word_1_518' title='bbox 2080 1689 2161 1745; x_wconf 92' lang='lat' dir='ltr'>dii</span> <span class='ocrx_word' id='word_1_519' title='bbox 2184 1689 2753 1757; x_wconf 87' lang='lat' dir='ltr'>baberentur,animi</span> <span class='ocrx_word' id='word_1_520' title='bbox 2777 1691 2990 1746; x_wconf 76' lang='lat' dir='ltr'>aﬂ‘ectu</span> <span class='ocrx_word' id='word_1_521' title='bbox 3012 1692 3200 1746; x_wconf 88' lang='lat' dir='ltr'>aversi</span> <span class='ocrx_word' id='word_1_522' title='bbox 3219 1708 3286 1747; x_wconf 89' lang='lat' dir='ltr'>ac</span> <span class='ocrx_word' id='word_1_523' title='bbox 3303 1690 3640 1763; x_wconf 85' lang='lat' dir='ltr'>rejicientes</span> <span class='ocrx_word' id='word_1_524' title='bbox 3654 1705 3725 1746; x_wconf 87' lang='lat' dir='ltr'>ea</span> 
     </span>
    </p>
   </div>
   <div class='ocr_carea' id='block_1_76' title="bbox 2081 1780 3720 1854">
    <p class='ocr_par' dir='ltr' id='par_1_76' title="bbox 2081 1780 3720 1854">
     <span class='ocr_line' id='line_1_76' title="bbox 2081 1780 3720 1854; baseline 0.002 -20"><span class='ocrx_word' id='word_1_525' title='bbox 2081 1797 2212 1851; x_wconf 74' lang='lat' dir='ltr'>qum</span> <span class='ocrx_word' id='word_1_526' title='bbox 2244 1780 2486 1848; x_wconf 79' lang='lat' dir='ltr'>fiebant,</span> <span class='ocrx_word' id='word_1_527' title='bbox 2519 1781 2831 1852; x_wconf 84' lang='lat' dir='ltr'>luctusque</span> <span class='ocrx_word' id='word_1_528' title='bbox 2864 1782 3033 1854; x_wconf 82' lang='lat' dir='ltr'>signa</span> <span class='ocrx_word' id='word_1_529' title='bbox 3061 1782 3365 1837; x_wconf 88' lang='lat' dir='ltr'>facientes.</span> <span class='ocrx_word' id='word_1_530' title='bbox 3400 1785 3441 1837; x_wconf 88' lang='grc' dir='ltr'><strong>ι</strong></span> <span class='ocrx_word' id='word_1_531' title='bbox 3463 1783 3553 1837; x_wconf 73' lang='lat' dir='ltr'>I9</span> <span class='ocrx_word' id='word_1_532' title='bbox 3577 1783 3720 1838; x_wconf 85' lang='lat' dir='ltr'>Vere</span> 
     </span>
    </p>
   </div>
   <div class='ocr_carea' id='block_1_77' title="bbox 2081 1869 3720 1926">
    <p class='ocr_par' dir='ltr' id='par_1_77' title="bbox 2081 1869 3720 1926">
     <span class='ocr_line' id='line_1_77' title="bbox 2081 1869 3720 1926; baseline -0.001 0"><span class='ocrx_word' id='word_1_533' title='bbox 2081 1871 2240 1926; x_wconf 88' lang='lat' dir='ltr'>enim</span> <span class='ocrx_word' id='word_1_534' title='bbox 2271 1870 2469 1926; x_wconf 89' lang='lat' dir='ltr'>luctus</span> <span class='ocrx_word' id='word_1_535' title='bbox 2499 1870 2709 1926; x_wconf 83' lang='lat' dir='ltr'>fuisset</span> <span class='ocrx_word' id='word_1_536' title='bbox 2738 1870 2786 1925; x_wconf 92' lang='lat' dir='ltr'>si</span> <span class='ocrx_word' id='word_1_537' title='bbox 2819 1871 2929 1925; x_wconf 90' lang='lat' dir='ltr'>hoc</span> <span class='ocrx_word' id='word_1_538' title='bbox 2961 1876 3231 1926; x_wconf 91' lang='lat' dir='ltr'>secutum</span> <span class='ocrx_word' id='word_1_539' title='bbox 3282 1870 3495 1926; x_wconf 85' lang='lat' dir='ltr'>fuisset</span> <span class='ocrx_word' id='word_1_540' title='bbox 3541 1875 3605 1924; x_wconf 90' lang='lat' dir='ltr'>ut</span> <span class='ocrx_word' id='word_1_541' title='bbox 3638 1869 3720 1925; x_wconf 92' lang='lat' dir='ltr'>dii</span> 
     </span>
    </p>
   </div>
   <div class='ocr_carea' id='block_1_78' title="bbox 2079 1957 3722 2025">
    <p class='ocr_par' dir='ltr' id='par_1_78' title="bbox 2079 1957 3722 2025">
     <span class='ocr_line' id='line_1_78' title="bbox 2079 1957 3722 2025; baseline 0 -11"><span class='ocrx_word' id='word_1_542' title='bbox 2079 1960 2580 2025; x_wconf 85' lang='lat' dir='ltr'>existimarentur,</span> <span class='ocrx_word' id='word_1_543' title='bbox 2614 1975 2682 2014; x_wconf 90' lang='lat' dir='ltr'>ac</span> <span class='ocrx_word' id='word_1_544' title='bbox 2746 1958 3145 2015; x_wconf 88' lang='lat' dir='ltr'>idololatriam</span> <span class='ocrx_word' id='word_1_545' title='bbox 3218 1958 3591 2025; x_wconf 90' lang='lat' dir='ltr'>inducerent,</span> <span class='ocrx_word' id='word_1_546' title='bbox 3647 1957 3722 2014; x_wconf 87' lang='lat' dir='ltr'>ad</span> 
     </span>
    </p>
   </div>
   <div class='ocr_carea' id='block_1_79' title="bbox 2078 2048 3059 2121">
    <p class='ocr_par' dir='ltr' id='par_1_79' title="bbox 2078 2048 3059 2121">
     <span class='ocr_line' id='line_1_79' title="bbox 2078 2048 3059 2121; baseline 0 -17"><span class='ocrx_word' id='word_1_547' title='bbox 2078 2065 2256 2121; x_wconf 91' lang='lat' dir='ltr'>quam</span> <span class='ocrx_word' id='word_1_548' title='bbox 2287 2054 2572 2104; x_wconf 86' lang='lat' dir='ltr'>venerant</span> <span class='ocrx_word' id='word_1_549' title='bbox 2600 2048 3059 2105; x_wconf 87' lang='lat' dir='ltr'>dissolvendam.</span> 
     </span>
    </p>
   </div>
   <div class='ocr_carea' id='block_1_80' title="bbox 2146 2137 3719 2211">
    <p class='ocr_par' dir='ltr' id='par_1_80' title="bbox 2146 2137 3719 2211">
     <span class='ocr_line' id='line_1_80' title="bbox 2146 2137 3719 2211; baseline 0 -18"><span class='ocrx_word' id='word_1_550' title='bbox 2146 2138 2283 2207; x_wconf 85' lang='lat' dir='ltr'>XIV,</span> <span class='ocrx_word' id='word_1_551' title='bbox 2316 2141 2507 2194; x_wconf 82' lang='lat'>22-27.</span> <span class='ocrx_word' id='word_1_552' title='bbox 2546 2159 2571 2191; x_wconf 82' lang='grc' dir='ltr'>ιι</span> <span class='ocrx_word' id='word_1_553' title='bbox 2604 2139 2868 2211; x_wconf 90' lang='lat' dir='ltr'>Cumque</span> <span class='ocrx_word' id='word_1_554' title='bbox 2898 2144 3203 2195; x_wconf 88' lang='lat' dir='ltr'>creassent</span> <span class='ocrx_word' id='word_1_555' title='bbox 3231 2138 3353 2194; x_wconf 86' lang='lat' dir='ltr'>illis</span> <span class='ocrx_word' id='word_1_556' title='bbox 3381 2154 3489 2211; x_wconf 90' lang='lat' dir='ltr'>per</span> <span class='ocrx_word' id='word_1_557' title='bbox 3517 2137 3719 2211; x_wconf 79' lang='lat' dir='ltr'>singu-</span> 
     </span>
    </p>
   </div>
   <div class='ocr_carea' id='block_1_81' title="bbox 2079 2228 3717 2303">
    <p class='ocr_par' dir='ltr' id='par_1_81' title="bbox 2079 2228 3717 2303">
     <span class='ocr_line' id='line_1_81' title="bbox 2079 2228 3717 2303; baseline 0.001 -22"><span class='ocrx_word' id='word_1_558' title='bbox 2079 2251 2107 2280; x_wconf 87' lang='grc'>‹‹</span> <span class='ocrx_word' id='word_1_559' title='bbox 2138 2228 2227 2283; x_wconf 90' lang='lat' dir='ltr'>las</span> <span class='ocrx_word' id='word_1_560' title='bbox 2256 2228 2549 2285; x_wconf 88' lang='lat' dir='ltr'>Ecclesias</span> <span class='ocrx_word' id='word_1_561' title='bbox 2568 2230 2965 2303; x_wconf 83' lang='lat' dir='ltr'>presbyteros,</span> <span class='ocrx_word' id='word_1_562' title='bbox 2988 2230 3331 2301; x_wconf 81' lang='lat' dir='ltr'>precatique</span> <span class='ocrx_word' id='word_1_563' title='bbox 3360 2234 3562 2284; x_wconf 88' lang='lat' dir='ltr'>essent</span> <span class='ocrx_word' id='word_1_564' title='bbox 3581 2243 3717 2283; x_wconf 89' lang='lat' dir='ltr'>cum</span> 
     </span>
    </p>
   </div>
   <div class='ocr_carea' id='block_1_82' title="bbox 2079 2318 3716 2391">
    <p class='ocr_par' dir='ltr' id='par_1_82' title="bbox 2079 2318 3716 2391">
     <span class='ocr_line' id='line_1_82' title="bbox 2079 2318 3716 2391; baseline 0.001 -21"><span class='ocrx_word' id='word_1_565' title='bbox 2079 2318 2385 2391; x_wconf 70' lang='lat' dir='ltr'>«jejunio,</span> <span class='ocrx_word' id='word_1_566' title='bbox 2416 2319 2980 2375; x_wconf 87' lang='lat' dir='ltr'>commendaverunt</span> <span class='ocrx_word' id='word_1_567' title='bbox 3009 2336 3109 2374; x_wconf 92' lang='lat' dir='ltr'>eos</span> <span class='ocrx_word' id='word_1_568' title='bbox 3142 2318 3389 2373; x_wconf 87' lang='lat' dir='ltr'>Domino</span> <span class='ocrx_word' id='word_1_569' title='bbox 3430 2318 3492 2372; x_wconf 92' lang='lat' dir='ltr'>in</span> <span class='ocrx_word' id='word_1_570' title='bbox 3538 2333 3716 2389; x_wconf 87' lang='lat' dir='ltr'>quem</span> 
     </span>
    </p>
   </div>
   <div class='ocr_carea' id='block_1_83' title="bbox 2077 2406 3716 2481">
    <p class='ocr_par' dir='ltr' id='par_1_83' title="bbox 2077 2406 3716 2481">
     <span class='ocr_line' id='line_1_83' title="bbox 2077 2406 3716 2481; baseline 0.001 -22"><span class='ocrx_word' id='word_1_571' title='bbox 2077 2432 2105 2459; x_wconf 78' lang='grc' dir='ltr'>ι(</span> <span class='ocrx_word' id='word_1_572' title='bbox 2149 2408 2545 2464; x_wconf 89' lang='lat' dir='ltr'>crediderant.</span> <span class='ocrx_word' id='word_1_573' title='bbox 2580 2409 3008 2481; x_wconf 75' lang='lat' dir='ltr'>Peragrataque</span> <span class='ocrx_word' id='word_1_574' title='bbox 3040 2408 3261 2463; x_wconf 85' lang='lat' dir='ltr'>Pisidia</span> <span class='ocrx_word' id='word_1_575' title='bbox 3314 2413 3608 2463; x_wconf 89' lang='lat' dir='ltr'>venerunt</span> <span class='ocrx_word' id='word_1_576' title='bbox 3656 2406 3716 2461; x_wconf 90' lang='lat' dir='ltr'>in</span> 
     </span>
    </p>
   </div>
   <div class='ocr_carea' id='block_1_84' title="bbox 2076 2497 3711 2571">
    <p class='ocr_par' dir='ltr' id='par_1_84' title="bbox 2076 2497 3711 2571">
     <span class='ocr_line' id='line_1_84' title="bbox 2076 2497 3711 2571; baseline 0.001 -21"><span class='ocrx_word' id='word_1_577' title='bbox 2076 2521 2104 2549; x_wconf 78' lang='grc' dir='ltr'>α</span> <span class='ocrx_word' id='word_1_578' title='bbox 2134 2498 2560 2571; x_wconf 83' lang='lat' dir='ltr'>Pamphyliam.</span> <span class='ocrx_word' id='word_1_579' title='bbox 2586 2500 2656 2552; x_wconf 89' lang='lat' dir='ltr'>Et</span> <span class='ocrx_word' id='word_1_580' title='bbox 2675 2514 2808 2553; x_wconf 90' lang='lat' dir='ltr'>cum</span> <span class='ocrx_word' id='word_1_581' title='bbox 2824 2498 3000 2553; x_wconf 93' lang='lat' dir='ltr'>locuti</span> <span class='ocrx_word' id='word_1_582' title='bbox 3023 2502 3222 2552; x_wconf 89' lang='lat' dir='ltr'>essent</span> <span class='ocrx_word' id='word_1_583' title='bbox 3233 2497 3474 2552; x_wconf 81' lang='lat' dir='ltr'>verbum</span> <span class='ocrx_word' id='word_1_584' title='bbox 3495 2500 3711 2566; x_wconf 60' lang='lat' dir='ltr'>Perga,</span> 
     </span>
    </p>
   </div>
   <div class='ocr_carea' id='block_1_85' title="bbox 2079 2586 3713 2649">
    <p class='ocr_par' dir='ltr' id='par_1_85' title="bbox 2079 2586 3713 2649">
     <span class='ocr_line' id='line_1_85' title="bbox 2079 2586 3713 2649; baseline 0.001 -11"><span class='ocrx_word' id='word_1_585' title='bbox 2079 2608 2106 2638; x_wconf 82' lang='lat'><strong>«</strong></span> <span class='ocrx_word' id='word_1_586' title='bbox 2138 2586 2578 2643; x_wconf 87' lang='lat' dir='ltr'>descenderunt</span> <span class='ocrx_word' id='word_1_587' title='bbox 2612 2587 2906 2649; x_wconf 71' lang='lat' dir='ltr'>Attalium.</span> <span class='ocrx_word' id='word_1_588' title='bbox 2942 2592 2999 2641; x_wconf 93' lang='lat' dir='ltr'>et</span> <span class='ocrx_word' id='word_1_589' title='bbox 3041 2587 3179 2641; x_wconf 91' lang='lat' dir='ltr'>inde</span> <span class='ocrx_word' id='word_1_590' title='bbox 3211 2586 3511 2641; x_wconf 88' lang='lat' dir='ltr'>solverunt</span> <span class='ocrx_word' id='word_1_591' title='bbox 3551 2587 3713 2641; x_wconf 88' lang='lat' dir='ltr'>Mile-</span> 
     </span>
    </p>
   </div>
   <div class='ocr_carea' id='block_1_86' title="bbox 2077 2676 3715 2749">
    <p class='ocr_par' dir='ltr' id='par_1_86' title="bbox 2077 2676 3715 2749">
     <span class='ocr_line' id='line_1_86' title="bbox 2077 2676 3715 2749; baseline 0.002 -21"><span class='ocrx_word' id='word_1_592' title='bbox 2077 2700 2104 2728; x_wconf 77' lang='grc' dir='ltr'>ιι</span> <span class='ocrx_word' id='word_1_593' title='bbox 2138 2684 2285 2745; x_wconf 89' lang='lat' dir='ltr'>tum,</span> <span class='ocrx_word' id='word_1_594' title='bbox 2317 2678 2475 2734; x_wconf 90' lang='lat' dir='ltr'>unde</span> <span class='ocrx_word' id='word_1_595' title='bbox 2507 2684 2675 2733; x_wconf 90' lang='lat' dir='ltr'>erant</span> <span class='ocrx_word' id='word_1_596' title='bbox 2705 2677 2903 2732; x_wconf 88' lang='lat' dir='ltr'>traditi</span> <span class='ocrx_word' id='word_1_597' title='bbox 2933 2678 3134 2749; x_wconf 67' lang='lat' dir='ltr'>gratia)</span> <span class='ocrx_word' id='word_1_598' title='bbox 3169 2678 3267 2731; x_wconf 92' lang='lat' dir='ltr'>Dei</span> <span class='ocrx_word' id='word_1_599' title='bbox 3301 2678 3363 2732; x_wconf 90' lang='lat' dir='ltr'>in</span> <span class='ocrx_word' id='word_1_600' title='bbox 3386 2695 3534 2749; x_wconf 90' lang='lat' dir='ltr'>opus</span> <span class='ocrx_word' id='word_1_601' title='bbox 3556 2676 3715 2747; x_wconf 90' lang='lat' dir='ltr'>quod</span> 
     </span>
    </p>
   </div>
   <div class='ocr_carea' id='block_1_87' title="bbox 2076 2768 3719 2841">
    <p class='ocr_par' dir='ltr' id='par_1_87' title="bbox 2076 2768 3719 2841">
     <span class='ocr_line' id='line_1_87' title="bbox 2076 2768 3719 2841; baseline -0.004 -16"><span class='ocrx_word' id='word_1_602' title='bbox 2076 2792 2104 2819; x_wconf 92' lang='grc'>‹‹</span> <span class='ocrx_word' id='word_1_603' title='bbox 2138 2769 2600 2841; x_wconf 89' lang='lat' dir='ltr'>compleverunt.</span> <span class='ocrx_word' id='word_1_604' title='bbox 2630 2771 2698 2823; x_wconf 90' lang='lat' dir='ltr'>Et</span> <span class='ocrx_word' id='word_1_605' title='bbox 2719 2768 2816 2822; x_wconf 89' lang='lat' dir='ltr'>ubi</span> <span class='ocrx_word' id='word_1_606' title='bbox 2850 2768 3152 2822; x_wconf 87' lang='lat' dir='ltr'>venissent</span> <span class='ocrx_word' id='word_1_607' title='bbox 3170 2784 3240 2822; x_wconf 93' lang='lat' dir='ltr'>ac</span> <span class='ocrx_word' id='word_1_608' title='bbox 3263 2772 3719 2839; x_wconf 80' lang='lat' dir='ltr'>congregassent</span> 
     </span>
    </p>
   </div>
   <div class='ocr_carea' id='block_1_88' title="bbox 2076 2856 3724 2927">
    <p class='ocr_par' dir='ltr' id='par_1_88' title="bbox 2076 2856 3724 2927">
     <span class='ocr_line' id='line_1_88' title="bbox 2076 2856 3724 2927; baseline 0 -17"><span class='ocrx_word' id='word_1_609' title='bbox 2076 2882 2103 2910; x_wconf 79' lang='grc' dir='ltr'>(ι</span> <span class='ocrx_word' id='word_1_610' title='bbox 2138 2859 2485 2925; x_wconf 88' lang='lat' dir='ltr'>Ecclesiam,</span> <span class='ocrx_word' id='word_1_611' title='bbox 2516 2858 2849 2912; x_wconf 86' lang='lat' dir='ltr'>retulerunt</span> <span class='ocrx_word' id='word_1_612' title='bbox 2870 2873 3241 2927; x_wconf 66' lang='lat' dir='ltr'>quaecunque</span> <span class='ocrx_word' id='word_1_613' title='bbox 3272 2856 3512 2911; x_wconf 81' lang='lat' dir='ltr'>fecisset</span> <span class='ocrx_word' id='word_1_614' title='bbox 3532 2857 3724 2911; x_wconf 91' lang='lat' dir='ltr'>Domi-</span> 
     </span>
    </p>
   </div>
   <div class='ocr_carea' id='block_1_89' title="bbox 2077 2945 3723 3018">
    <p class='ocr_par' dir='ltr' id='par_1_89' title="bbox 2077 2945 3723 3018">
     <span class='ocr_line' id='line_1_89' title="bbox 2077 2945 3723 3018; baseline -0.001 -15"><span class='ocrx_word' id='word_1_615' title='bbox 2077 2970 2104 2998; x_wconf 83' lang='lat'><strong>«</strong></span> <span class='ocrx_word' id='word_1_616' title='bbox 2141 2965 2255 3003; x_wconf 89' lang='lat' dir='ltr'>nus</span> <span class='ocrx_word' id='word_1_617' title='bbox 2286 2964 2511 3015; x_wconf 89' lang='lat' dir='ltr'>secum,</span> <span class='ocrx_word' id='word_1_618' title='bbox 2541 2946 2817 3018; x_wconf 89' lang='lat' dir='ltr'>quodque</span> <span class='ocrx_word' id='word_1_619' title='bbox 2849 2946 3183 3017; x_wconf 89' lang='lat' dir='ltr'>aperuisset</span> <span class='ocrx_word' id='word_1_620' title='bbox 3210 2945 3485 3017; x_wconf 79' lang='lat' dir='ltr'>gentibus</span> <span class='ocrx_word' id='word_1_621' title='bbox 3506 2946 3723 3001; x_wconf 89' lang='lat' dir='ltr'>ostium</span> 
     </span>
    </p>
   </div>
   <div class='ocr_carea' id='block_1_90' title="bbox 2078 3032 3726 3104">
    <p class='ocr_par' dir='ltr' id='par_1_90' title="bbox 2078 3032 3726 3104">
     <span class='ocr_line' id='line_1_90' title="bbox 2078 3032 3726 3104; baseline -0.002 -13"><span class='ocrx_word' id='word_1_622' title='bbox 2078 3056 2107 3086; x_wconf 87' lang='lat'><strong>«</strong></span> <span class='ocrx_word' id='word_1_623' title='bbox 2139 3035 2665 3092; x_wconf 80' lang='lat' dir='ltr'>fidei.Commorati</span> <span class='ocrx_word' id='word_1_624' title='bbox 2683 3039 2824 3090; x_wconf 89' lang='lat' dir='ltr'>sunt</span> <span class='ocrx_word' id='word_1_625' title='bbox 2844 3038 3043 3090; x_wconf 89' lang='lat' dir='ltr'>autem</span> <span class='ocrx_word' id='word_1_626' title='bbox 3061 3032 3143 3088; x_wconf 89' lang='lat' dir='ltr'>ibi</span> <span class='ocrx_word' id='word_1_627' title='bbox 3165 3032 3422 3088; x_wconf 90' lang='lat' dir='ltr'>multum</span> <span class='ocrx_word' id='word_1_628' title='bbox 3439 3034 3726 3104; x_wconf 90' lang='lat' dir='ltr'>temporis</span> 
     </span>
    </p>
   </div>
   <div class='ocr_carea' id='block_1_91' title="bbox 2080 3124 2705 3196">
    <p class='ocr_par' dir='ltr' id='par_1_91' title="bbox 2080 3124 2705 3196">
     <span class='ocr_line' id='line_1_91' title="bbox 2080 3124 2705 3196; baseline -0.013 -14"><span class='ocrx_word' id='word_1_629' title='bbox 2080 3148 2109 3176; x_wconf 71' lang='grc' dir='ltr'>(ι</span> <span class='ocrx_word' id='word_1_630' title='bbox 2142 3141 2277 3182; x_wconf 90' lang='lat' dir='ltr'>cum</span> <span class='ocrx_word' id='word_1_631' title='bbox 2310 3124 2642 3196; x_wconf 73' lang='lat' dir='ltr'>discipulis.</span> <span class='ocrx_word' id='word_1_632' title='bbox 2678 3147 2705 3173; x_wconf 72' lang='grc' dir='ltr'>ι»</span> 
     </span>
    </p>
   </div>
   <div class='ocr_carea' id='block_1_92' title="bbox 2003 3213 3729 3321">
    <p class='ocr_par' dir='ltr' id='par_1_92' title="bbox 2003 3213 3729 3321">
     <span class='ocr_line' id='line_1_92' title="bbox 2003 3213 3729 3321; baseline -0.001 -50"><span class='ocrx_word' id='word_1_633' title='bbox 2003 3254 2045 3321; x_wconf 76' lang='lat' dir='ltr'>C</span> <span class='ocrx_word' id='word_1_634' title='bbox 2146 3217 2333 3281; x_wconf 89' lang='lat' dir='ltr'>Quam</span> <span class='ocrx_word' id='word_1_635' title='bbox 2358 3214 2432 3270; x_wconf 93' lang='lat' dir='ltr'>ob</span> <span class='ocrx_word' id='word_1_636' title='bbox 2458 3229 2580 3269; x_wconf 89' lang='lat' dir='ltr'>rem</span> <span class='ocrx_word' id='word_1_637' title='bbox 2606 3230 2800 3285; x_wconf 88' lang='lat' dir='ltr'>neque</span> <span class='ocrx_word' id='word_1_638' title='bbox 2823 3214 2885 3270; x_wconf 88' lang='lat' dir='ltr'>in</span> <span class='ocrx_word' id='word_1_639' title='bbox 2906 3213 3118 3286; x_wconf 80' lang='lat' dir='ltr'>Cypro,</span> <span class='ocrx_word' id='word_1_640' title='bbox 3144 3229 3337 3284; x_wconf 89' lang='lat' dir='ltr'>neque</span> <span class='ocrx_word' id='word_1_641' title='bbox 3369 3214 3432 3269; x_wconf 89' lang='lat' dir='ltr'>in</span> <span class='ocrx_word' id='word_1_642' title='bbox 3463 3213 3729 3270; x_wconf 85' lang='lat' dir='ltr'>Samaria</span> 
     </span>
    </p>
   </div>
   <div class='ocr_carea' id='block_1_93' title="bbox 2077 3302 3726 3377">
    <p class='ocr_par' dir='ltr' id='par_1_93' title="bbox 2077 3302 3726 3377">
     <span class='ocr_line' id='line_1_93' title="bbox 2077 3302 3726 3377; baseline -0.002 -16"><span class='ocrx_word' id='word_1_643' title='bbox 2077 3310 2420 3361; x_wconf 88' lang='lat' dir='ltr'>creaverant</span> <span class='ocrx_word' id='word_1_644' title='bbox 2440 3303 2687 3377; x_wconf 89' lang='lat' dir='ltr'>apostoli</span> <span class='ocrx_word' id='word_1_645' title='bbox 2722 3303 3233 3376; x_wconf 83' lang='lat' dir='ltr'>presbyteros,sed</span> <span class='ocrx_word' id='word_1_646' title='bbox 3256 3303 3369 3358; x_wconf 90' lang='lat' dir='ltr'>hoc</span> <span class='ocrx_word' id='word_1_647' title='bbox 3392 3303 3521 3358; x_wconf 91' lang='lat' dir='ltr'>loco</span> <span class='ocrx_word' id='word_1_648' title='bbox 3541 3302 3726 3369; x_wconf 74' lang='lat' dir='ltr'>‘tQuia</span> 
     </span>
    </p>
   </div>
   <div class='ocr_carea' id='block_1_94' title="bbox 2077 3392 3723 3468">
    <p class='ocr_par' dir='ltr' id='par_1_94' title="bbox 2077 3392 3723 3468">
     <span class='ocr_line' id='line_1_94' title="bbox 2077 3392 3723 3468; baseline -0.002 -17"><span class='ocrx_word' id='word_1_649' title='bbox 2077 3395 2195 3452; x_wconf 67' lang='lat' dir='ltr'>illa)</span> <span class='ocrx_word' id='word_1_650' title='bbox 2227 3396 2498 3468; x_wconf 82' lang='lat' dir='ltr'>regiones</span> <span class='ocrx_word' id='word_1_651' title='bbox 2530 3410 2711 3467; x_wconf 89' lang='lat' dir='ltr'>prope</span> <span class='ocrx_word' id='word_1_652' title='bbox 2750 3393 3074 3449; x_wconf 83' lang='lat' dir='ltr'>Jerusalem</span> <span class='ocrx_word' id='word_1_653' title='bbox 3108 3398 3168 3447; x_wconf 87' lang='lat' dir='ltr'>et</span> <span class='ocrx_word' id='word_1_654' title='bbox 3196 3409 3381 3464; x_wconf 84' lang='lat' dir='ltr'>prOpe</span> <span class='ocrx_word' id='word_1_655' title='bbox 3421 3392 3723 3464; x_wconf 88' lang='lat' dir='ltr'>apostolos</span> 
     </span>
    </p>
   </div>
   <div class='ocr_carea' id='block_1_95' title="bbox 2076 3483 3720 3555">
    <p class='ocr_par' dir='ltr' id='par_1_95' title="bbox 2076 3483 3720 3555">
     <span class='ocr_line' id='line_1_95' title="bbox 2076 3483 3720 3555; baseline -0.003 -14"><span class='ocrx_word' id='word_1_656' title='bbox 2076 3491 2281 3552; x_wconf 88' lang='lat' dir='ltr'>erant;</span> <span class='ocrx_word' id='word_1_657' title='bbox 2312 3484 2637 3541; x_wconf 64' lang='lat' dir='ltr'>Antiochia:</span> <span class='ocrx_word' id='word_1_658' title='bbox 2665 3500 2798 3538; x_wconf 88' lang='lat' dir='ltr'>vero</span> <span class='ocrx_word' id='word_1_659' title='bbox 2816 3485 2944 3555; x_wconf 84' lang='lat' dir='ltr'>jam</span> <span class='ocrx_word' id='word_1_660' title='bbox 2962 3499 3156 3537; x_wconf 87' lang='lat' dir='ltr'>sermo</span> <span class='ocrx_word' id='word_1_661' title='bbox 3180 3483 3363 3538; x_wconf 90' lang='lat' dir='ltr'>robur</span> <span class='ocrx_word' id='word_1_662' title='bbox 3391 3486 3720 3553; x_wconf 83' lang='lat' dir='ltr'>acceperat.</span> 
     </span>
    </p>
   </div>
   <div class='ocr_carea' id='block_1_96' title="bbox 2076 3572 3722 3647">
    <p class='ocr_par' dir='ltr' id='par_1_96' title="bbox 2076 3572 3722 3647">
     <span class='ocr_line' id='line_1_96' title="bbox 2076 3572 3722 3647; baseline -0.004 -16"><span class='ocrx_word' id='word_1_663' title='bbox 2076 3576 2181 3631; x_wconf 84' lang='lat' dir='ltr'>Hic</span> <span class='ocrx_word' id='word_1_664' title='bbox 2212 3581 2409 3631; x_wconf 89' lang='lat' dir='ltr'>autem</span> <span class='ocrx_word' id='word_1_665' title='bbox 2441 3591 2651 3647; x_wconf 78' lang='lat' dir='ltr'>magna</span> <span class='ocrx_word' id='word_1_666' title='bbox 2682 3572 3086 3629; x_wconf 88' lang='lat' dir='ltr'>consolatione</span> <span class='ocrx_word' id='word_1_667' title='bbox 3111 3572 3722 3644; x_wconf 62' lang='lat' dir='ltr'>egebantetmaxime</span> 
     </span>
    </p>
   </div>
   <div class='ocr_carea' id='block_1_97' title="bbox 2075 3662 3719 3741">
    <p class='ocr_par' dir='ltr' id='par_1_97' title="bbox 2075 3662 3719 3741">
     <span class='ocr_line' id='line_1_97' title="bbox 2075 3662 3719 3741; baseline -0.004 -20"><span class='ocrx_word' id='word_1_668' title='bbox 2075 3673 2281 3741; x_wconf 77' lang='lat' dir='ltr'>gentes</span> <span class='ocrx_word' id='word_1_669' title='bbox 2304 3682 2449 3736; x_wconf 85' lang='lat' dir='ltr'>quas</span> <span class='ocrx_word' id='word_1_670' title='bbox 2471 3666 2657 3720; x_wconf 86' lang='lat' dir='ltr'>multa</span> <span class='ocrx_word' id='word_1_671' title='bbox 2679 3663 2876 3719; x_wconf 80' lang='lat' dir='ltr'>doceri</span> <span class='ocrx_word' id='word_1_672' title='bbox 2895 3662 3206 3734; x_wconf 74' lang='lat' dir='ltr'>oportebat</span> <span class='ocrx_word' id='word_1_673' title='bbox 3234 3663 3563 3716; x_wconf 72' lang='lat' dir='ltr'>Notandum</span> <span class='ocrx_word' id='word_1_674' title='bbox 3587 3678 3719 3715; x_wconf 82' lang='lat' dir='ltr'>vero</span> 
     </span>
    </p>
   </div>
   <div class='ocr_carea' id='block_1_98' title="bbox 2077 3750 3719 3831">
    <p class='ocr_par' dir='ltr' id='par_1_98' title="bbox 2077 3750 3719 3831">
     <span class='ocr_line' id='line_1_98' title="bbox 2077 3750 3719 3831; baseline -0.006 -18"><span class='ocrx_word' id='word_1_675' title='bbox 2077 3757 2233 3831; x_wconf 89' lang='lat' dir='ltr'>quod</span> <span class='ocrx_word' id='word_1_676' title='bbox 2265 3755 2480 3811; x_wconf 87' lang='lat' dir='ltr'>Paulus</span> <span class='ocrx_word' id='word_1_677' title='bbox 2507 3761 2566 3810; x_wconf 93' lang='lat' dir='ltr'>et</span> <span class='ocrx_word' id='word_1_678' title='bbox 2597 3753 2894 3809; x_wconf 82' lang='lat' dir='ltr'>Barnabas</span> <span class='ocrx_word' id='word_1_679' title='bbox 2927 3752 3338 3823; x_wconf 43' lang='lat' dir='ltr'>episcogorum</span> <span class='ocrx_word' id='word_1_680' title='bbox 3373 3750 3719 3821; x_wconf 74' lang='lat' dir='ltr'>dignitatem</span> 
     </span>
    </p>
   </div>
   <div class='ocr_carea' id='block_1_99' title="bbox 2077 3838 3715 3914">
    <p class='ocr_par' dir='ltr' id='par_1_99' title="bbox 2077 3838 3715 3914">
     <span class='ocr_line' id='line_1_99' title="bbox 2077 3838 3715 3914; baseline -0.006 -13"><span class='ocrx_word' id='word_1_681' title='bbox 2077 3845 2411 3902; x_wconf 87' lang='lat' dir='ltr'>habebant:</span> <span class='ocrx_word' id='word_1_682' title='bbox 2445 3859 2638 3914; x_wconf 91' lang='lat' dir='ltr'>neque</span> <span class='ocrx_word' id='word_1_683' title='bbox 2670 3843 2830 3897; x_wconf 89' lang='lat' dir='ltr'>enim</span> <span class='ocrx_word' id='word_1_684' title='bbox 2863 3842 3054 3896; x_wconf 90' lang='lat' dir='ltr'>solum</span> <span class='ocrx_word' id='word_1_685' title='bbox 3088 3840 3372 3894; x_wconf 88' lang='lat' dir='ltr'>diaconos</span> <span class='ocrx_word' id='word_1_686' title='bbox 3416 3838 3715 3902; x_wconf 88' lang='lat' dir='ltr'>creabant,</span> 
     </span>
    </p>
   </div>
   <div class='ocr_carea' id='block_1_100' title="bbox 2076 3926 3721 4003">
    <p class='ocr_par' dir='ltr' id='par_1_100' title="bbox 2076 3926 3721 4003">
     <span class='ocr_line' id='line_1_100' title="bbox 2076 3926 3721 4003; baseline -0.005 -15"><span class='ocrx_word' id='word_1_687' title='bbox 2076 3951 2282 3990; x_wconf 85' lang='lat' dir='ltr'>verum</span> <span class='ocrx_word' id='word_1_688' title='bbox 2305 3934 2482 3989; x_wconf 91' lang='lat' dir='ltr'>etiam</span> <span class='ocrx_word' id='word_1_689' title='bbox 2506 3931 2899 4003; x_wconf 88' lang='lat' dir='ltr'>presbyteros.</span> <span class='ocrx_word' id='word_1_690' title='bbox 2928 3931 3219 3983; x_wconf 65' lang='lat' dir='ltr'>Praeterea</span> <span class='ocrx_word' id='word_1_691' title='bbox 3236 3926 3393 3999; x_wconf 91' lang='lat' dir='ltr'>quod</span> <span class='ocrx_word' id='word_1_692' title='bbox 3415 3926 3642 3997; x_wconf 81' lang='lat' dir='ltr'>cumjej</span> <span class='ocrx_word' id='word_1_693' title='bbox 3654 3942 3721 3980; x_wconf 90' lang='lat' dir='ltr'>u-</span> 
     </span>
    </p>
   </div>
   <div class='ocr_carea' id='block_1_101' title="bbox 2077 4017 3719 4089">
    <p class='ocr_par' dir='ltr' id='par_1_101' title="bbox 2077 4017 3719 4089">
     <span class='ocr_line' id='line_1_101' title="bbox 2077 4017 3719 4089; baseline -0.005 -10"><span class='ocrx_word' id='word_1_694' title='bbox 2077 4025 2191 4080; x_wconf 88' lang='lat' dir='ltr'>niis</span> <span class='ocrx_word' id='word_1_695' title='bbox 2223 4029 2281 4078; x_wconf 91' lang='lat' dir='ltr'>et</span> <span class='ocrx_word' id='word_1_696' title='bbox 2309 4020 2819 4077; x_wconf 88' lang='lat' dir='ltr'>obsecrationibus</span> <span class='ocrx_word' id='word_1_697' title='bbox 2851 4017 3125 4088; x_wconf 91' lang='lat' dir='ltr'>discipuli</span> <span class='ocrx_word' id='word_1_698' title='bbox 3158 4017 3448 4072; x_wconf 90' lang='lat' dir='ltr'>electione</span> <span class='ocrx_word' id='word_1_699' title='bbox 3479 4030 3719 4089; x_wconf 81' lang='lat' dir='ltr'>perage-</span> 
     </span>
    </p>
   </div>
   <div class='ocr_carea' id='block_1_102' title="bbox 2076 4104 3723 4181">
    <p class='ocr_par' dir='ltr' id='par_1_102' title="bbox 2076 4104 3723 4181">
     <span class='ocr_line' id='line_1_102' title="bbox 2076 4104 3723 4181; baseline -0.006 -12"><span class='ocrx_word' id='word_1_700' title='bbox 2076 4114 2238 4169; x_wconf 88' lang='lat' dir='ltr'>bant.</span> <span class='ocrx_word' id='word_1_701' title='bbox 2275 4111 2541 4181; x_wconf 90' lang='lat' dir='ltr'>Denique</span> <span class='ocrx_word' id='word_1_702' title='bbox 2572 4109 2683 4164; x_wconf 90' lang='lat' dir='ltr'>hoc</span> <span class='ocrx_word' id='word_1_703' title='bbox 2715 4123 2952 4179; x_wconf 88' lang='lat' dir='ltr'>quoque</span> <span class='ocrx_word' id='word_1_704' title='bbox 2984 4107 3387 4161; x_wconf 83' lang='lat' dir='ltr'>animadverte</span> <span class='ocrx_word' id='word_1_705' title='bbox 3435 4106 3595 4177; x_wconf 87' lang='lat' dir='ltr'>quod</span> <span class='ocrx_word' id='word_1_706' title='bbox 3648 4104 3723 4159; x_wconf 90' lang='lat' dir='ltr'>ad</span> 
     </span>
    </p>
   </div>
   <div class='ocr_carea' id='block_1_103' title="bbox 2077 4195 3719 4258">
    <p class='ocr_par' dir='ltr' id='par_1_103' title="bbox 2077 4195 3719 4258">
     <span class='ocr_line' id='line_1_103' title="bbox 2077 4195 3719 4258; baseline -0.005 0"><span class='ocrx_word' id='word_1_707' title='bbox 2077 4202 2285 4258; x_wconf 88' lang='lat' dir='ltr'>urbem</span> <span class='ocrx_word' id='word_1_708' title='bbox 2316 4200 2578 4255; x_wconf 83' lang='lat' dir='ltr'>Miletum</span> <span class='ocrx_word' id='word_1_709' title='bbox 2612 4196 2911 4253; x_wconf 86' lang='lat' dir='ltr'>Barnabas</span> <span class='ocrx_word' id='word_1_710' title='bbox 2956 4201 3015 4253; x_wconf 91' lang='lat' dir='ltr'>et</span> <span class='ocrx_word' id='word_1_711' title='bbox 3065 4195 3284 4251; x_wconf 87' lang='lat' dir='ltr'>Paulus</span> <span class='ocrx_word' id='word_1_712' title='bbox 3340 4195 3521 4252; x_wconf 85' lang='lat' dir='ltr'>creati</span> <span class='ocrx_word' id='word_1_713' title='bbox 3580 4195 3719 4250; x_wconf 86' lang='lat' dir='ltr'>sint.</span> 
     </span>
    </p>
   </div>
   <div class='ocr_carea' id='block_1_104' title="bbox 2076 4284 3718 4358">
    <p class='ocr_par' dir='ltr' id='par_1_104' title="bbox 2076 4284 3718 4358">
     <span class='ocr_line' id='line_1_104' title="bbox 2076 4284 3718 4358; baseline -0.005 -13"><span class='ocrx_word' id='word_1_714' title='bbox 2076 4289 2249 4347; x_wconf 87' lang='lat' dir='ltr'>Aliud</span> <span class='ocrx_word' id='word_1_715' title='bbox 2269 4296 2465 4343; x_wconf 90' lang='lat' dir='ltr'>tamen</span> <span class='ocrx_word' id='word_1_716' title='bbox 2487 4287 2791 4358; x_wconf 85' lang='lat' dir='ltr'>exemplar</span> <span class='ocrx_word' id='word_1_717' title='bbox 2813 4291 3024 4340; x_wconf 90' lang='lat' dir='ltr'>nactus</span> <span class='ocrx_word' id='word_1_718' title='bbox 3054 4301 3185 4340; x_wconf 90' lang='lat' dir='ltr'>sum</span> <span class='ocrx_word' id='word_1_719' title='bbox 3207 4286 3268 4339; x_wconf 89' lang='lat' dir='ltr'>in</span> <span class='ocrx_word' id='word_1_720' title='bbox 3296 4301 3412 4355; x_wconf 84' lang='lat' dir='ltr'>quo</span> <span class='ocrx_word' id='word_1_721' title='bbox 3436 4284 3718 4355; x_wconf 90' lang='lat' dir='ltr'>scriptum</span> 
     </span>
    </p>
   </div>
   <div class='ocr_carea' id='block_1_105' title="bbox 2078 4372 3716 4451">
    <p class='ocr_par' dir='ltr' id='par_1_105' title="bbox 2078 4372 3716 4451">
     <span class='ocr_line' id='line_1_105' title="bbox 2078 4372 3716 4451; baseline -0.007 -15"><span class='ocrx_word' id='word_1_722' title='bbox 2078 4387 2206 4437; x_wconf 88' lang='lat' dir='ltr'>erat</span> <span class='ocrx_word' id='word_1_723' title='bbox 2233 4395 2338 4451; x_wconf 89' lang='lat' dir='ltr'>pro</span> <span class='ocrx_word' id='word_1_724' title='bbox 2368 4377 2584 4437; x_wconf 80' lang='lat' dir='ltr'>Mileto.</span> <span class='ocrx_word' id='word_1_725' title='bbox 2618 4375 2930 4432; x_wconf 78' lang='lat' dir='ltr'>Antiochia</span> <span class='ocrx_word' id='word_1_726' title='bbox 2985 4376 3165 4447; x_wconf 84' lang='lat' dir='ltr'>idque</span> <span class='ocrx_word' id='word_1_727' title='bbox 3197 4372 3577 4428; x_wconf 83' lang='lat' dir='ltr'>verisimilius</span> <span class='ocrx_word' id='word_1_728' title='bbox 3608 4377 3716 4428; x_wconf 87' lang='lat' dir='ltr'>est.</span> 
     </span>
    </p>
   </div>
   <div class='ocr_carea' id='block_1_106' title="bbox 2564 4466 3219 4524">
    <p class='ocr_par' dir='ltr' id='par_1_106' title="bbox 2564 4466 3219 4524">
     <span class='ocr_line' id='line_1_106' title="bbox 2564 4466 3219 4524; baseline -0.005 -3"><span class='ocrx_word' id='word_1_729' title='bbox 2564 4469 2600 4521; x_wconf 83' lang='grc'>1</span> <span class='ocrx_word' id='word_1_730' title='bbox 2618 4468 2719 4524; x_wconf 72' lang='grc'>20</span> <span class='ocrx_word' id='word_1_731' title='bbox 2756 4466 2986 4523; x_wconf 66' lang='lat' dir='ltr'>CAPUT</span> <span class='ocrx_word' id='word_1_732' title='bbox 3024 4466 3219 4520; x_wconf 80' lang='lat' dir='ltr'>XXIII.</span> 
     </span>
    </p>
   </div>
   <div class='ocr_carea' id='block_1_107' title="bbox 2078 4550 3716 4631">
    <p class='ocr_par' dir='ltr' id='par_1_107' title="bbox 2078 4550 3716 4631">
     <span class='ocr_line' id='line_1_107' title="bbox 2078 4550 3716 4631; baseline -0.006 -17"><span class='ocrx_word' id='word_1_733' title='bbox 2078 4560 2233 4628; x_wconf 84' lang='lat' dir='ltr'>Quod</span> <span class='ocrx_word' id='word_1_734' title='bbox 2261 4575 2369 4614; x_wconf 87' lang='lat' dir='ltr'>non</span> <span class='ocrx_word' id='word_1_735' title='bbox 2397 4563 2649 4629; x_wconf 81' lang='lat' dir='ltr'>oporteat</span> <span class='ocrx_word' id='word_1_736' title='bbox 2676 4574 2747 4612; x_wconf 67' lang='lat' dir='ltr'>ea:</span> <span class='ocrx_word' id='word_1_737' title='bbox 2776 4556 3027 4631; x_wconf 74' lang='lat' dir='ltr'>gentibus</span> <span class='ocrx_word' id='word_1_738' title='bbox 3052 4554 3329 4609; x_wconf 76' lang='lat' dir='ltr'>credentes</span> <span class='ocrx_word' id='word_1_739' title='bbox 3374 4550 3716 4631; x_wconf 57' lang='lat' dir='ltr'>circumcidi,</span> 
     </span>
    </p>
   </div>
   <div class='ocr_carea' id='block_1_108' title="bbox 2130 4624 3720 4702">
    <p class='ocr_par' dir='ltr' id='par_1_108' title="bbox 2130 4624 3720 4702">
     <span class='ocr_line' id='line_1_108' title="bbox 2130 4624 3720 4702; baseline -0.007 -16"><span class='ocrx_word' id='word_1_740' title='bbox 2130 4633 2307 4702; x_wconf 72' lang='lat' dir='ltr'>juxta</span> <span class='ocrx_word' id='word_1_741' title='bbox 2363 4624 2638 4702; x_wconf 71' lang='lat' dir='ltr'>decretum</span> <span class='ocrx_word' id='word_1_742' title='bbox 2690 4646 2752 4684; x_wconf 90' lang='lat' dir='ltr'>ac</span> <span class='ocrx_word' id='word_1_743' title='bbox 2780 4624 3120 4702; x_wconf 68' lang='lat' dir='ltr'>sententiam</span> <span class='ocrx_word' id='word_1_744' title='bbox 3183 4624 3551 4702; x_wconf 69' lang='lat' dir='ltr'>apostowrum</span> <span class='ocrx_word' id='word_1_745' title='bbox 3582 4639 3600 4676; x_wconf 90' lang='lat'><strong><em>:</em></strong></span> <span class='ocrx_word' id='word_1_746' title='bbox 3657 4624 3720 4676; x_wconf 79' lang='lat' dir='ltr'>in</span> 
     </span>
    </p>
   </div>
   <div class='ocr_carea' id='block_1_109' title="bbox 2149 4695 3719 4774">
    <p class='ocr_par' dir='ltr' id='par_1_109' title="bbox 2149 4695 3719 4774">
     <span class='ocr_line' id='line_1_109' title="bbox 2149 4695 3719 4774; baseline -0.007 -16"><span class='ocrx_word' id='word_1_747' title='bbox 2149 4719 2259 4774; x_wconf 85' lang='lat' dir='ltr'>quo</span> <span class='ocrx_word' id='word_1_748' title='bbox 2285 4704 2520 4774; x_wconf 82' lang='lat' dir='ltr'>ponitur</span> <span class='ocrx_word' id='word_1_749' title='bbox 2548 4701 2750 4771; x_wconf 79' lang='lat' dir='ltr'>legatio</span> <span class='ocrx_word' id='word_1_750' title='bbox 2778 4698 3147 4774; x_wconf 69' lang='lat' dir='ltr'>apostolorum</span> <span class='ocrx_word' id='word_1_751' title='bbox 3176 4697 3250 4752; x_wconf 87' lang='lat' dir='ltr'>ad</span> <span class='ocrx_word' id='word_1_752' title='bbox 3278 4711 3366 4774; x_wconf 74' lang='lat' dir='ltr'>eos</span> <span class='ocrx_word' id='word_1_753' title='bbox 3394 4695 3495 4766; x_wconf 80' lang='lat' dir='ltr'>qui</span> <span class='ocrx_word' id='word_1_754' title='bbox 3524 4711 3551 4748; x_wconf 90' lang='lat' dir='ltr'>e</span> <span class='ocrx_word' id='word_1_755' title='bbox 3579 4710 3719 4774; x_wconf 52' lang='lat' dir='ltr'>gerr-</span> 
     </span>
    </p>
   </div>
   <div class='ocr_carea' id='block_1_110' title="bbox 2152 4765 3721 4840">
    <p class='ocr_par' dir='ltr' id='par_1_110' title="bbox 2152 4765 3721 4840">
     <span class='ocr_line' id='line_1_110' title="bbox 2152 4765 3721 4840; baseline -0.006 -10"><span class='ocrx_word' id='word_1_756' title='bbox 2152 4765 2302 4830; x_wconf 72' lang='grc' dir='ltr'>ῖὶὸυέ</span> <span class='ocrx_word' id='word_1_757' title='bbox 2323 4765 2694 4839; x_wconf 66' lang='lat' dir='ltr'>crediderunt,</span> <span class='ocrx_word' id='word_1_758' title='bbox 2720 4774 2786 4827; x_wconf 89' lang='lat' dir='ltr'>de</span> <span class='ocrx_word' id='word_1_759' title='bbox 2810 4765 2895 4825; x_wconf 61' lang='lat' dir='ltr'>his</span> <span class='ocrx_word' id='word_1_760' title='bbox 2923 4786 3043 4840; x_wconf 68' lang='lat' dir='ltr'>quae</span> <span class='ocrx_word' id='word_1_761' title='bbox 3063 4768 3401 4825; x_wconf 70' lang='lat' dir='ltr'>observanda</span> <span class='ocrx_word' id='word_1_762' title='bbox 3425 4765 3721 4840; x_wconf 71' lang='lat' dir='ltr'>erant._Al-</span> 
     </span>
    </p>
   </div>
   <div class='ocr_carea' id='block_1_111' title="bbox 2152 4838 3717 4911">
    <p class='ocr_par' dir='ltr' id='par_1_111' title="bbox 2152 4838 3717 4911">
     <span class='ocr_line' id='line_1_111' title="bbox 2152 4838 3717 4911; baseline -0.006 -10"><span class='ocrx_word' id='word_1_763' title='bbox 2152 4849 2385 4902; x_wconf 86' lang='lat' dir='ltr'>tercatio</span> <span class='ocrx_word' id='word_1_764' title='bbox 2413 4844 2577 4901; x_wconf 80' lang='lat' dir='ltr'>Pauli</span> <span class='ocrx_word' id='word_1_765' title='bbox 2632 4838 2895 4900; x_wconf 77' lang='lat' dir='ltr'>adversus</span> <span class='ocrx_word' id='word_1_766' title='bbox 2932 4838 3253 4897; x_wconf 51' lang='lat' dir='ltr'>&#39;Barnabam</span> <span class='ocrx_word' id='word_1_767' title='bbox 3288 4847 3522 4911; x_wconf 84' lang='lat' dir='ltr'>propter</span> <span class='ocrx_word' id='word_1_768' title='bbox 3566 4838 3717 4894; x_wconf 82' lang='lat' dir='ltr'>Mar-</span> 
     </span>
    </p>
   </div>
   <div class='ocr_carea' id='block_1_112' title="bbox 2150 4933 3723 5076">
    <p class='ocr_par' dir='ltr' id='par_1_112' title="bbox 2150 4933 3723 5076">
     <span class='ocr_line' id='line_1_112' title="bbox 2150 4933 3723 5076; baseline -0.006 -11"><span class='ocrx_word' id='word_1_769' title='bbox 2150 4933 2424 5074; x_wconf 40' lang='lat' dir='ltr'>ti:de</span> <span class='ocrx_word' id='word_1_770' title='bbox 2458 5028 2484 5057; x_wconf 75' lang='grc' dir='ltr'>«ι</span> <span class='ocrx_word' id='word_1_771' title='bbox 2521 5007 2590 5060; x_wconf 89' lang='lat' dir='ltr'>Et</span> <span class='ocrx_word' id='word_1_772' title='bbox 2617 5003 2859 5076; x_wconf 90' lang='lat' dir='ltr'>quidam</span> <span class='ocrx_word' id='word_1_773' title='bbox 2909 5003 3011 5074; x_wconf 90' lang='lat' dir='ltr'>qui</span> <span class='ocrx_word' id='word_1_774' title='bbox 3066 5003 3501 5060; x_wconf 83' lang='lat' dir='ltr'>descenderant</span> <span class='ocrx_word' id='word_1_775' title='bbox 3550 5017 3585 5057; x_wconf 92' lang='lat' dir='ltr'>a</span> <span class='ocrx_word' id='word_1_776' title='bbox 3621 5000 3723 5056; x_wconf 80' lang='lat' dir='ltr'>Iu-</span> 
     </span>
    </p>
   </div>
   <div class='ocr_carea' id='block_1_113' title="bbox 2084 5092 3727 5153">
    <p class='ocr_par' dir='ltr' id='par_1_113' title="bbox 2084 5092 3727 5153">
     <span class='ocr_line' id='line_1_113' title="bbox 2084 5092 3727 5153; baseline -0.001 -5"><span class='ocrx_word' id='word_1_777' title='bbox 2084 5119 2113 5148; x_wconf 86' lang='grc' dir='ltr'>α</span> <span class='ocrx_word' id='word_1_778' title='bbox 2144 5097 2275 5153; x_wconf 67' lang='lat' dir='ltr'>daaa</span> <span class='ocrx_word' id='word_1_779' title='bbox 2303 5095 2596 5152; x_wconf 88' lang='lat' dir='ltr'>docebant</span> <span class='ocrx_word' id='word_1_780' title='bbox 2618 5093 2831 5148; x_wconf 72' lang='lat' dir='ltr'>fratres</span> <span class='ocrx_word' id='word_1_781' title='bbox 2861 5111 2874 5148; x_wconf 89' lang='lat'><strong>:</strong></span> <span class='ocrx_word' id='word_1_782' title='bbox 2907 5093 3029 5150; x_wconf 88' lang='lat' dir='ltr'>Nisi</span> <span class='ocrx_word' id='word_1_783' title='bbox 3086 5092 3598 5150; x_wconf 89' lang='lat' dir='ltr'>circumcidamini</span> <span class='ocrx_word' id='word_1_784' title='bbox 3632 5107 3727 5147; x_wconf 86' lang='lat' dir='ltr'>se-</span> 
     </span>
    </p>
   </div>
   <div class='ocr_carea' id='block_1_114' title="bbox 2084 5182 3727 5255">
    <p class='ocr_par' dir='ltr' id='par_1_114' title="bbox 2084 5182 3727 5255">
     <span class='ocr_line' id='line_1_114' title="bbox 2084 5182 3727 5255; baseline -0.003 -15"><span class='ocrx_word' id='word_1_785' title='bbox 2084 5212 2111 5240; x_wconf 85' lang='grc'>‹‹</span> <span class='ocrx_word' id='word_1_786' title='bbox 2146 5186 2407 5243; x_wconf 91' lang='lat' dir='ltr'>cundum</span> <span class='ocrx_word' id='word_1_787' title='bbox 2441 5200 2660 5239; x_wconf 88' lang='lat' dir='ltr'>morem</span> <span class='ocrx_word' id='word_1_788' title='bbox 2690 5183 2852 5247; x_wconf 85' lang='lat' dir='ltr'>Mosi,</span> <span class='ocrx_word' id='word_1_789' title='bbox 2897 5200 3018 5239; x_wconf 92' lang='lat' dir='ltr'>non</span> <span class='ocrx_word' id='word_1_790' title='bbox 3075 5183 3322 5255; x_wconf 88' lang='lat' dir='ltr'>potestis</span> <span class='ocrx_word' id='word_1_791' title='bbox 3380 5182 3523 5238; x_wconf 90' lang='lat' dir='ltr'>salvi</span> <span class='ocrx_word' id='word_1_792' title='bbox 3575 5182 3727 5237; x_wconf 80' lang='lat' dir='ltr'>fieri.</span> 
     </span>
    </p>
   </div>
   <div class='ocr_carea' id='block_1_115' title="bbox 2089 5272 3730 5347">
    <p class='ocr_par' dir='ltr' id='par_1_115' title="bbox 2089 5272 3730 5347">
     <span class='ocr_line' id='line_1_115' title="bbox 2089 5272 3730 5347; baseline -0.001 -20"><span class='ocrx_word' id='word_1_793' title='bbox 2089 5300 2109 5327; x_wconf 81' lang='grc' dir='ltr'>ι</span> <span class='ocrx_word' id='word_1_794' title='bbox 2145 5278 2289 5331; x_wconf 89' lang='lat' dir='ltr'>Cum</span> <span class='ocrx_word' id='word_1_795' title='bbox 2324 5291 2460 5347; x_wconf 80' lang='lat' dir='ltr'>ergo</span> <span class='ocrx_word' id='word_1_796' title='bbox 2492 5273 2702 5329; x_wconf 91' lang='lat' dir='ltr'>seditio</span> <span class='ocrx_word' id='word_1_797' title='bbox 2733 5290 2802 5329; x_wconf 89' lang='lat' dir='ltr'>ac</span> <span class='ocrx_word' id='word_1_798' title='bbox 2831 5272 3178 5344; x_wconf 86' lang='lat' dir='ltr'>disceptatio</span> <span class='ocrx_word' id='word_1_799' title='bbox 3226 5278 3354 5328; x_wconf 91' lang='lat' dir='ltr'>orta</span> <span class='ocrx_word' id='word_1_800' title='bbox 3403 5277 3561 5327; x_wconf 89' lang='lat' dir='ltr'>esset</span> <span class='ocrx_word' id='word_1_801' title='bbox 3606 5287 3730 5326; x_wconf 88' lang='lat' dir='ltr'>non</span> 
     </span>
    </p>
   </div>
   <div class='ocr_carea' id='block_1_116' title="bbox 2090 5362 3696 5440">
    <p class='ocr_par' dir='ltr' id='par_1_116' title="bbox 2090 5362 3696 5440">
     <span class='ocr_line' id='line_1_116' title="bbox 2090 5362 3696 5440; baseline -0.001 -23"><span class='ocrx_word' id='word_1_802' title='bbox 2090 5388 2112 5417; x_wconf 79' lang='grc' dir='ltr'>ι</span> <span class='ocrx_word' id='word_1_803' title='bbox 2146 5383 2326 5440; x_wconf 89' lang='lat' dir='ltr'>parva</span> <span class='ocrx_word' id='word_1_804' title='bbox 2357 5364 2531 5421; x_wconf 88' lang='lat' dir='ltr'>Paulo</span> <span class='ocrx_word' id='word_1_805' title='bbox 2564 5381 2631 5421; x_wconf 91' lang='lat' dir='ltr'>ac</span> <span class='ocrx_word' id='word_1_806' title='bbox 2662 5362 2942 5420; x_wconf 62' lang='lat' dir='ltr'>Barnabas</span> <span class='ocrx_word' id='word_1_807' title='bbox 2974 5363 3254 5419; x_wconf 88' lang='lat' dir='ltr'>adversus</span> <span class='ocrx_word' id='word_1_808' title='bbox 3293 5362 3449 5426; x_wconf 86' lang='lat' dir='ltr'>illos,</span> <span class='ocrx_word' id='word_1_809' title='bbox 3507 5366 3696 5417; x_wconf 76' lang='lat' dir='ltr'>statue</span> 
     </span>
    </p>
   </div>
   <div class='ocr_carea' id='block_1_117' title="bbox 2085 5450 3731 5521">
    <p class='ocr_par' dir='ltr' id='par_1_117' title="bbox 2085 5450 3731 5521">
     <span class='ocr_line' id='line_1_117' title="bbox 2085 5450 3731 5521; baseline -0.002 -13"><span class='ocrx_word' id='word_1_810' title='bbox 2085 5481 2113 5508; x_wconf 83' lang='grc'>‹‹</span> <span class='ocrx_word' id='word_1_811' title='bbox 2145 5464 2287 5512; x_wconf 87' lang='lat' dir='ltr'>runt</span> <span class='ocrx_word' id='word_1_812' title='bbox 2314 5462 2381 5511; x_wconf 92' lang='lat' dir='ltr'>ut</span> <span class='ocrx_word' id='word_1_813' title='bbox 2412 5455 2802 5511; x_wconf 84' lang='lat' dir='ltr'>ascenderent</span> <span class='ocrx_word' id='word_1_814' title='bbox 2833 5453 3047 5510; x_wconf 87' lang='lat' dir='ltr'>Paulus</span> <span class='ocrx_word' id='word_1_815' title='bbox 3078 5470 3146 5509; x_wconf 91' lang='lat' dir='ltr'>ac</span> <span class='ocrx_word' id='word_1_816' title='bbox 3174 5452 3491 5508; x_wconf 88' lang='lat' dir='ltr'>Barnabas.</span> <span class='ocrx_word' id='word_1_817' title='bbox 3518 5457 3576 5506; x_wconf 92' lang='lat' dir='ltr'>et</span> <span class='ocrx_word' id='word_1_818' title='bbox 3605 5450 3731 5521; x_wconf 89' lang='lat' dir='ltr'>qui-</span> 
     </span>
    </p>
   </div>
   <div class='ocr_carea' id='block_1_118' title="bbox 2084 5542 3723 5619">
    <p class='ocr_par' dir='ltr' id='par_1_118' title="bbox 2084 5542 3723 5619">
     <span class='ocr_line' id='line_1_118' title="bbox 2084 5542 3723 5619; baseline -0.007 -14"><span class='ocrx_word' id='word_1_819' title='bbox 2084 5571 2113 5598; x_wconf 86' lang='grc'>‹‹</span> <span class='ocrx_word' id='word_1_820' title='bbox 2147 5548 2281 5605; x_wconf 87' lang='lat' dir='ltr'>dam</span> <span class='ocrx_word' id='word_1_821' title='bbox 2314 5548 2416 5604; x_wconf 87' lang='lat' dir='ltr'>alii</span> <span class='ocrx_word' id='word_1_822' title='bbox 2447 5564 2512 5603; x_wconf 84' lang='lat' dir='ltr'>ex</span> <span class='ocrx_word' id='word_1_823' title='bbox 2548 5546 2667 5601; x_wconf 85' lang='lat' dir='ltr'>illis</span> <span class='ocrx_word' id='word_1_824' title='bbox 2697 5545 2769 5601; x_wconf 91' lang='lat' dir='ltr'>ad</span> <span class='ocrx_word' id='word_1_825' title='bbox 2801 5545 3101 5619; x_wconf 83' lang='lat' dir='ltr'>apostolos</span> <span class='ocrx_word' id='word_1_826' title='bbox 3131 5560 3199 5599; x_wconf 88' lang='lat' dir='ltr'>ac</span> <span class='ocrx_word' id='word_1_827' title='bbox 3231 5542 3603 5615; x_wconf 77' lang='lat' dir='ltr'>presbyteros</span> <span class='ocrx_word' id='word_1_828' title='bbox 3629 5543 3723 5596; x_wconf 83' lang='lat' dir='ltr'>Je-</span> 
     </span>
    </p>
   </div>
  </div>
