4176 6200
387 402 506 465 315

1510 389 1925 456 (ΕΟΗΜΕΝΙΙ
1972 387 2281 450 ΤΒΙΟΟΛΕ
2325 388 2708 452 EPlSCOPI.

3676 389 3792 450 216

397 561 426 590 ‹‹
456 539 753 608 rosolyma
784 549 962 606 super
992 533 1102 588 hac
1132 531 1486 604 quastione.
1520 530 1609 586 Illi
1639 545 1774 600 ergo
1796 526 2032 583 deducti

2163 544 2178 572 ι
2221 522 2413 598 σαλῆμ
2443 525 2565 598 περῖ
2605 525 2700 580 τοῦ
2762 527 3076 598 ζητήματος
3135 527 3350 582 τούτου.
3413 527 3482 585 Oi.
3552 528 3645 602 μὶν
3702 529 3794 584 οὖν

394 650 422 676 ‹‹
456 643 489 680 a
519 621 970 695 congregatione
1003 618 1446 691 pertransibant
1481 616 1802 672 Phoenicen
1834 631 1901 669 ac
1930 615 2038 669 Sa-

397 738 422 764 «
458 713 729 776 mariam,
789 715 1100 766 narrantes
1149 709 1596 764 conversionem
1647 706 1934 778 gentium.
1986 709 2045 758 et

400 824 428 852 ‹‹
459 800 790 858 atl'erebant
817 799 1097 873 gaudium
1129 815 1412 870 magnum
1435 797 1714 852 omnibus
1737 794 2038 850 fratribus.

391 915 419 941 ‹‹
453 892 716 961 Cumque
759 891 1061 945 venissent
1113 888 1465 953 Jerusalem,
1528 886 1784 957 suscepti
1842 889 2044 939 sunta

391 1005 418 1033 ‹‹
452 981 905 1052 congregatione
939 985 997 1034 et
1027 979 1098 1034 ab
1131 977 1417 1050 apostolis
1451 994 1517 1032 ac
1549 973 1932 1048 presbyteris.
1985 979 2045 1028 et

392 1090 419 1118 ‹‹
449 1068 1268 1141 annuntiabantquarcunque
1288 1068 1441 1122 Deus
1463 1066 1848 1122 fecissetcum
1874 1065 2037 1135 ipsis.

393 1184 419 1208 «
447 1158 840 1215 Surrexerunt
856 1165 1053 1214 autem
1069 1158 1310 1230 quidam
1333 1157 1405 1211 de
1430 1163 1590 1212 secta
1614 1156 2040 1210 Pharisaeorum

392 1272 420 1298 ‹‹
454 1248 554 1320 qui
589 1248 986 1315 crediderant,
1014 1247 1301 1310 dicentes,
1364 1245 1522 1318 quod
1572 1251 1872 1316 oporteret
1925 1245 2045 1299 cir-

395 1359 425 1387 ‹‹
458 1337 795 1394 cumcidere
827 1355 929 1392 eos
959 1353 1026 1392 ac
1072 1336 1393 1408 praecipere
1424 1341 1489 1389 ut
1518 1341 1820 1389 servarent
1849 1333 2039 1405 legem

398 1449 426 1474 «
460 1427 624 1482 Mosi.
659 1448 687 1476 ››

461 1513 765 1580 Quomodo
798 1515 860 1568 in
922 1513 1181 1584 Epistola
1238 1513 1312 1568 ad
1371 1511 1605 1568 Galatas
1663 1512 1779 1566 ait:
1842 1513 2041 1582 Neque

392 1603 632 1658 ascendi
661 1602 1028 1673 Jerosolyma
1051 1601 1125 1656 ad
1151 1619 1252 1657 eos
1285 1603 1384 1674 qui
1417 1609 1555 1657 ante
1589 1617 1682 1656 me
1715 1607 1886 1656 erant
1907 1617 2043 1672 apo-

391 1691 526 1745 stoli
552 1694 616 1758 ”,
646 1707 837 1762 neque
861 1691 1085 1746 contuli
1109 1691 1489 1762 Evangelium
1522 1689 1679 1762 quod
1705 1689 1960 1762 prmdico
1979 1690 2041 1744 in

388 1780 708 1853 gentibus?
734 1781 835 1834 Hic
865 1787 1063 1835 autem
1095 1782 1178 1835 ait
1207 1781 1366 1851 quod
1400 1785 1754 1844 statuerunt,
1794 1786 1859 1833 ut
1891 1781 2042 1834 Pau-

2157 637 2182 664 ι‹
2214 614 2656 693 προπεμφθέντες
2692 615 2794 669 ὑπὸ
2851 618 2947 684 τῆς
3008 615 3299 686 ἐκκλησίας
3346 614 3648 692 διήρχοντο
3694 620 3792 686 τήν

2152 727 2180 754 ‹‹
2216 703 2474 772 Φοινίκην
2522 703 2612 758 καὶ
2674 704 3000 779 Σαμάρειαν,
3057 703 3471 780 ἐκδιηγούμενοι
3535 708 3634 774 τήν
3675 707 3794 762 ἐπι-

2153 817 2180 843 ‹‹
2218 793 2457 867 στροφὴν
2485 797 2594 847 τῶν
2645 792 2832 861 ἐθνῶν,
2892 793 2980 847 καὶ
3036 792 3252 848 ἐποίουν
3310 796 3484 869 χαρὰν
3544 794 3793 870 μεγάλην

2154 905 2181 932 ‹‹
2215 888 2343 937 πᾶσι
2372 888 2488 942 τοῖς
2546 879 2823 958 ἀδελφοῖς.
2890 883 3326 960 Παραγενόμενοι
3383 881 3440 938 δὲ
3493 884 3568 945 είς
3603 886 3798 959 Ἰερου-

2154 995 2180 1021 ‹‹
2217 969 2427 1043 σαλὴμ,
2456 968 2834 1046 ἀπεδέχθησαν
2876 974 2979 1028 ὑπο
3035 980 3135 1041 τῆς
3197 972 3489 1042 ἐκκλησίας
3554 974 3643 1030 καὶ
3686 981 3794 1030 τῶν

2159 1084 2177 1108 ι
2217 1058 2540 1114 ἀποστόλων
2608 1060 2699 1114 καὶ
2785 1066 2892 1116 τῶν
2980 1059 3377 1135 πρεσϐυτέρων,
3459 1063 3793 1141 ἀνήγγειλάν

2153 1173 2179 1200 ‹‹
2213 1169 2271 1202 τε
2300 1147 2398 1202 ὅσα
2437 1149 2465 1202 ὁ
2519 1150 2647 1210 Θεὸς
2700 1149 2924 1221 ἐποίησε
2986 1152 3111 1222 μετ’·
3165 1151 3356 1208 αὐτῶν.
3413 1153 3792 1225 Ἐξανέστησαν

2154 1263 2182 1289 ‹‹
2218 1235 2276 1292 δέ
2304 1258 2444 1299 τινες
2500 1243 2608 1292 τῶν
2661 1239 2768 1294 ἀπὸ
2825 1246 2927 1308 τῆς
2999 1238 3258 1314 αἱρέσεως
3317 1246 3424 1298 τῶν
3483 1243 3798 1317 Φαρισαίων

2154 1353 2181 1379 ‹‹
2216 1332 2323 1383 τῶν
2356 1329 2813 1397 πεπιστευκότων,
2867 1328 3142 1407 λέγοντες,
3183 1331 3266 1386 ὅτι
3327 1329 3410 1386 δεῖ
3454 1333 3794 1405 περιτέμνειν

2152 1442 2180 1469 ‹‹
2213 1418 2428 1482 αὐτοὺς,
2460 1417 2861 1494 παραγγέλλειν
2889 1442 2946 1476 τε
2976 1427 3161 1494 τηρεῖν
3180 1423 3272 1476 τὸν
3291 1423 3457 1495 νόμον
3486 1423 3749 1485 Μωσέως.
3770 1449 3791 1475 ι

2225 1511 2350 1570 Πῶς
2379 1507 2430 1562 ἐν
2461 1512 2530 1582 τῇ
2560 1529 2696 1582 πρες
2730 1510 2974 1571 Γαλάτας
3019 1511 3346 1585 Ἐπιστολῇ,
3375 1509 3518 1568 Οὑδέ
3549 1513 3788 1581 ἀνῆλθον

2151 1597 2338 1676 φησῗν,
2373 1595 2837 1672 εἶ’ςῚερυσόλυμα
2892 1600 3031 1673 πρὸς
3088 1600 3218 1661 τοὺς
3287 1601 3394 1676 πρὸ
3464 1602 3601 1675 ἑμοῦ
3658 1601 3796 1656 ἀπο-

2152 1685 2413 1750 στόλους,
2443 1684 2572 1742 ούδὲ
2602 1688 2868 1760 ἀνεθέμην
2899 1691 2960 1744 τὸ
3021 1690 3360 1767 Εὑαγγέλιον
3389 1690 3419 1745 ὅ
3458 1691 3715 1766 κηρύσσω
3746 1689 3800 1745 ἐν

2150 1789 2268 1846 τοῖς
2313 1783 2504 1838 ἔθνεσι⁶
2565 1779 2790 1842 ἐνταῦθα
2830 1775 2885 1833 δέ
2948 1801 3132 1859 φησιν,
3196 1777 3280 1835 ὅτι
3338 1778 3522 1851 ἔταξαν
3583 1779 3799 1836 Ηαῦλον

391 1871 482 1925 lus
507 1876 565 1926 et
587 1870 884 1926 Barnabas
905 1871 1297 1926 ascenderem
1319 1871 1685 1940 Jerosolyma
1706 1869 1780 1925 ad
1811 1875 2042 1940 aposto-

2163 1875 2238 1929 καὶ
2273 1866 2554 1948 Βαρνάϐαν
2582 1863 2884 1924 ἀναϐαίνειν
2945 1871 3021 1930 εὶς
3075 1869 3433 1944 Ἱεροσόλυμα
3484 1872 3619 1946 πρὸς
3677 1870 3802 1933 τοὺς

395 1960 483 2015 los
513 1977 581 2016 ac
612 1960 989 2032 presbyteros
1010 1960 1037 2014 ?
1067 1961 1264 2015 Primo
1298 1960 1539 2030 quidem
1572 1959 1824 2014 dicimus
1883 1959 2042 2030 quod

401 2066 521 2105 non
544 2051 671 2122 ipse
694 2049 1102 2117 ascendit,sed
1125 2049 1196 2104 ab
1219 2049 1354 2105 aliis
1386 2050 1606 2105 missus
1636 2055 1745 2104 est.
1777 2048 2045 2104 Secundo

401 2139 559 2211 quod
579 2156 696 2194 non
711 2139 1534 2206 accesseritutinstrueretur,
1551 2139 1695 2195 ηπ
1723 2137 1826 2193 sed
1840 2137 2048 2192 utaliis

404 2228 698 2283 suaderet.
723 2230 852 2300 lpse
876 2227 1168 2300 siquidem
1193 2227 1265 2283 ab
1289 2227 1457 2282 initio
1486 2228 1664 2298 hujus
1685 2227 1798 2282 fuit
1819 2233 2048 2282 senten-

402 2318 707 2390 tamquam
727 2318 904 2374 etiam
927 2318 1178 2389 apostoli
1203 2324 1409 2389 postea
1429 2317 2049 2387 conﬁrmarunt,quod

402 2423 522 2463 non
551 2413 708 2462 esset
738 2423 979 2462 necesse
1011 2407 1376 2462 circumcidi.
1406 2409 1616 2462 Verum
1642 2424 1774 2462 cum
1809 2407 2047 2462 interim

402 2498 521 2553 illis
553 2514 671 2553 non
705 2497 1002 2553 vids-retur
1035 2497 1147 2553 fide
1181 2496 1393 2570 dignus
1447 2514 1599 2564 esse,
1647 2496 1751 2552 sed
1805 2497 1898 2552 his
1947 2497 2048 2568 qui

401 2594 571 2643 erant
596 2587 980 2659 Jerosolymis
1011 2586 1414 2653 adhaerebant,
1477 2585 1766 2644 ascendit.
1817 2603 1938 2642 non
1986 2591 2052 2640 ut

405 2677 710 2749 quidpiam
745 2677 856 2732 sibi
889 2676 1147 2749 amplius
1181 2675 1662 2748 persuaderetur,
1697 2676 1801 2731 sed
1832 2684 1897 2732 ut
1918 2695 2052 2733 cono

405 2765 832 2822 tradicentibus
854 2765 1425 2838 persuaderet,quod
1452 2766 1512 2820 bi
1544 2766 1719 2821 etiam
1757 2767 1857 2837 qui
1889 2768 2050 2822 Jero-

403 2856 646 2928 solymis
671 2862 860 2918 erant,
895 2856 1022 2910 istis
1055 2857 1540 2927 suffragarentur.
1585 2886 1650 2896 -—
1683 2858 1806 2911 Non
1841 2856 1941 2927 qui
1982 2872 2051 2911 ex

400 2946 675 3020 gentibus
705 2945 1102 3010 crediderant,
1138 2945 1241 3000 sed
1273 2946 1372 3016 qui
1407 2963 1477 3001 ex
1507 2945 1725 3002 Judmis
1773 2946 2055 3017 petebant

403 3035 1734 3107 utcredentescircumciderenturmazteraque
1752 3036 1898 3108 legis
1922 3053 2050 3092 car-

403 3125 564 3179 nalia
585 3131 954 3179 exercerent:
979 3142 1126 3195 quos
1146 3131 1346 3195 utpote
1370 3125 1632 3180 volentes
1655 3123 1727 3179 ad
1750 3126 2052 3197 propriam

404 3213 818 3287 gloriationem
852 3213 1276 3268 circumcidere
1304 3213 1634 3278 credentes,
1669 3231 1789 3269 non
1819 3231 2053 3286 recepe-

407 3309 549 3358 runt
578 3302 854 3373 discipuli
886 3303 986 3373 qui
1019 3309 1212 3357 tamen
1247 3318 1316 3357 ex
1346 3303 1798 3358 circumcisione
1838 3310 2048 3358 erant:

407 3409 600 3463 neque
632 3393 792 3447 enim
818 3409 925 3448 sua
947 3391 1423 3463 quaerebant,sed
1451 3408 1828 3448 communem
1845 3392 2054 3449 mundi

406 3482 723 3537 utilitatem
754 3498 821 3536 ac
849 3481 1123 3536 salutem.

479 3572 595 3637 XV,
629 3573 744 3626 6~9.
777 3591 804 3619 ‹‹
836 3573 1367 3637 Conveneruntque
1398 3567 1651 3638 apostoli
1681 3583 1749 3624 ac
1806 3569 2053 3640 presby-

414 3683 440 3710 «
478 3661 585 3716 teri
616 3665 684 3715 ut
712 3658 1075 3730 dispicerent
1104 3656 1176 3710 de
1208 3657 1319 3710 hoc
1353 3671 1644 3711 sermone.
1679 3661 1820 3711 Cum
1854 3663 2050 3712 autem

415 3773 442 3799 ‹‹
475 3764 688 3822 magna
717 3746 1066 3818 disceptatio
1097 3744 1326 3808 fuisset,
1359 3761 1607 3815 surgens
1651 3746 1856 3800 Petrus
1907 3745 2056 3801 dixit

416 3863 444 3891 ‹‹
476 3841 548 3896 ad
580 3856 680 3895 eos
707 3855 718 3892 :
756 3838 872 3891 Viri
908 3836 1137 3901 fratres,
1173 3852 1270 3888 vos
1303 3835 1467 3889 Scitis
1499 3835 1656 3905 quod
1687 3835 1758 3889 ab
1792 3837 2055 3908 antiquis

411 3951 439 3979 ‹‹
475 3929 683 3984 diebus
720 3928 871 3981 Deus
905 3925 963 3978 in
997 3924 1166 3978 nobis
1199 3923 1394 3994 elegit,
1428 3929 1491 3977 ut
1516 3940 1619 3994 per
1641 3941 1706 3977 os
1730 3941 1925 3978 meum
1949 3943 2056 3981 au-

412 4038 440 4066 «
468 4017 658 4070 dirent
685 4019 889 4083 gentes
912 4009 1149 4064 verbum
1183 4010 1476 4082 Evangelii
1509 4028 1575 4064 ac
1625 4012 1952 4067 crederent.
1991 4017 2056 4068 Et

409 4125 438 4153 «
471 4102 573 4172 qui
607 4102 765 4154 novit
795 4099 972 4154 corda
1007 4099 1177 4154 Deus.
1216 4099 1616 4154 testimonium
1644 4102 2052 4171 prmbuitillis,

408 4215 437 4244 ‹‹
467 4193 602 4246 dato
637 4192 719 4244 eis
755 4191 977 4261 Spiritu
1009 4200 1212 4246 sancto
1245 4193 1396 4246 sicut
1428 4200 1486 4246 et
1538 4192 1729 4260 nobis,
1780 4194 2052 4266 nihilque

407 4304 437 4333 ‹‹
469 4282 749 4336 discrevit
780 4283 934 4337 inter
962 4299 1070 4338 nos
1089 4284 1446 4347 etillosztide
1474 4283 1804 4356 puriﬁcatis
1843 4301 2050 4342 eorum

411 4393 440 4421 «
474 4371 768 4428 cordibus.
807 4393 836 4423 ι)

476 4553 548 4625 (1)
607 4554 896 4610 Fortassis
953 4553 1203 4610 aderant
1259 4553 1359 4624 qui
1418 4552 1560 4608 olim
1630 4563 2055 4612 accusaverant

2157 1961 2498 2022 ἀποστόλους
2519 1953 3072 2033 καὶπρεσϐυτέρουςς
3123 1960 3227 2015 Καί
3275 1981 3473 2038 φαμεν,
3519 1961 3600 2014 ’ὁτι
3651 1964 3800 2036 πρῶ-

2157 2075 2253 2109 τον
2308 2054 2402 2123 ηέν
2464 2049 2562 2105 οὐκ
2617 2049 2778 2109 αὐτὸς
2840 2047 3088 2117 ἀνῆλθεν,
3156 2046 3284 2104 ἀλλ’
3341 2049 3615 2118 ἆπεστάκη
3676 2051 3807 2126 παρ’

2159 2144 2376 2215 ἑτέρων.
2411 2145 2666 2219 Δεύτερον
2710 2139 2767 2196 δὲ
2797 2141 2973 2198 ’ὀτιοῦ
3036 2140 3414 2212 μαθησόμενος
3463 2141 3806 2215 παρεγένετο,

2160 2230 2281 2288 ἀλλ’
2312 2231 2525 2307 ἐτέρους
2557 2233 2779 2286 πείσων.
2810 2229 2984 2290 Αὐτὸς
3031 2229 3124 2301 μὶν
3157 2228 3258 2302 γὰρ
3287 2228 3335 2297 ἐξ
3369 2227 3570 2303 ἀρχῆς,
3606 2230 3809 2298 ταύτης

2162 2318 2343 2396 εἶ’χετο
2371 2329 2470 2390 τῆς
2502 2321 2733 2399 γνώμης
2761 2321 2826 2390 ἢν
2855 2319 2945 2374 καὶ
2999 2319 3050 2371 οῖ
3108 2316 3405 2372 ἀπόστολοι
3467 2317 3600 2390 μετὰ
3644 2322 3814 2372 ταῦτα

2164 2411 2460 2484 ἐκύρωσαν,
2495 2413 2556 2468 τὸ
2593 2413 2668 2484 μή
2712 2407 2822 2465 δεῖν
2872 2405 3308 2482 περιτέμνεσθαι.
3361 2405 3582 2476 Ἐπειδὴ
3625 2405 3682 2462 δέ
3711 2407 3815 2462 ούκ

2163 2498 2340 2556 ἐδόκει
2369 2505 2505 2563 τέως
2551 2501 2736 2562 αὐτοις
2796 2499 3104 2569 ἀξιόπιστος
3163 2499 3318 2566 εἶναι,
3379 2495 3525 2552 ἀλλὰ
3582 2502 3699 2556 τοῖς
3756 2495 3812 2552 ἐν

2161 2592 2571 2666 Ἱεροσολύμοις
2602 2596 2924 2665 προσεῖχον,
2958 2588 3206 2657 ἀνῆλθεν,
3240 2588 3338 2642 οὐκ
3377 2588 3536 2650 αὐτός
3592 2610 3643 2643 τι
3699 2609 3812 2644 πει-

2164 2683 2392 2754 σόμενος
2416 2679 2630 2744 τιλεῖον,
2660 2678 2806 2736 ἀλλά
2835 2679 3034 2734 πείσων
3094 2679 3220 2738 τοὺς
3271 2675 3673 2752 ἀντιλέγοντας,
3723 2679 3808 2734 ὃτι

2165 2770 2253 2825 καὶ
2285 2771 2336 2825 οἳ
2370 2769 2421 2825 ἐν
2451 2769 2864 2845 Ἰεροσολύμοις
2887 2769 3102 2829 τούτοις
3132 2767 3480 2843 ψηφίζονται.
3515 2800 3578 2810 -
3612 2767 3737 2842 Οὐχ
3757 2769 3809 2822 οἱ

2166 2860 2273 2916 ἀπὸ
2301 2859 2468 2916 ἐθνῶν
2499 2859 2705 2928 πιστοὶ,
2737 2857 2864 2914 ἀλλ’
2890 2858 2940 2914 οὶ
2972 2857 3078 2912 ἀπὸ
3109 2855 3382 2913 Ἰουδαίων
3412 2856 3652 2929 ἀπῄτουν
3682 2856 3811 2918 τοὺς

2163 2951 2389 3012 πιστοὺς
2421 2947 2856 3024 περιτέμνεσθαι,
2888 2947 2979 3002 καὶ
3011 2945 3156 3001 ἃλλα
3202 2949 3299 3000 τοῦ
3352 2946 3528 3018 νόμου
3585 2946 3815 3020 σαρκικά

2165 3046 2363 3096 ποιεῖν’
2402 3038 2499 3094 οὒκ
2529 3039 2601 3099 ὡς
2634 3037 2710 3099 εἷς
2753 3036 2892 3092 ίδίαν
2951 3037 3224 3106 καύΥςησιν
3286 3034 3540 3097 θέλοντας
3595 3033 3813 3110 περιτέ-

2170 3151 2320 3204 μνειν
2352 3128 2478 3190 τοὺς
2511 3129 2758 3196 πιστοὺς,
2793 3127 2892 3182 ούκ
2921 3123 3244 3198 ἀπεδέξαντο
3277 3125 3329 3178 οἱ
3363 3124 3602 3197 μαθηταὶ
3632 3125 3810 3179 καίτοι

2166 3217 2226 3274 ἐκ
2253 3224 2558 3293 περιτομῆς
2592 3216 2760 3277 ὄντες·
2798 3216 2862 3271 οὑ
2893 3217 2992 3290 γὰρ
3023 3216 3084 3268 τὸ
3115 3215 3316 3268 έαυτῶν
3368 3213 3618 3284 ἐζήτουν,
3664 3212 3810 3270 ἀλλά

2162 3308 2225 3362 τὸ
2249 3305 2582 3386 κοινωφελὶς
2607 3309 2704 3360 τοῦ
2733 3303 2943 3377 κόσμου
2973 3302 3061 3359 καὶ
3089 3305 3382 3378 σωτήριον.

2237 3595 2266 3628 ‹‹
2302 3573 2658 3648 Συνήχθησαν
2698 3569 2754 3626 δὶ
2785 3573 2836 3625 οἱ
2868 3569 3167 3626 ἀπόστολοι
3213 3569 3302 3626 καὶ
3351 3571 3404 3625 οἱ
3447 3565 3809 3646 πρεσϐύτεροι

2165 3659 2358 3716 «ἰδεῖν
2387 3663 2506 3735 περὶ
2541 3664 2637 3715 τοῦ
2677 3659 2842 3732 λόγου
2898 3660 3115 3715 τούτου.
3179 3657 3404 3729 Πολλῆς
3455 3657 3512 3714 δὲ
3569 3663 3811 3731 out-(317;-

2169 3772 2358 3813 σσεως
2407 3749 2724 3824 γενομένης,
2790 3749 3018 3811 ἀναστάς
3080 3751 3282 3823 Ηέτρος
3343 3752 3462 3806 εἷπε
3514 3753 3652 3824 πρὸς
3710 3752 3806 3806 aui-

2166 3869 2192 3894 ‹‹
2224 3843 2370 3902 τούς·
2415 3838 2642 3915 ’Ἄνδρες
2702 3836 2954 3919 ἀδελφοὶ,
3015 3841 3170 3912 ὑμεῖς
3209 3839 3507 3907 ἐπίστασθε,
3576 3841 3658 3896 ὃτι
3713 3842 3804 3918 ἀφ’

2165 3934 2448 4004 «ἡμερῶν
2493 3929 2739 4003 ἀρχαίων
2800 3931 2826 3984 ὁ
2884 3929 3010 3990 Θεὸς
3071 3927 3122 3983 ἐν
3182 3931 3317 4000 ἡμῖν
3360 3927 3652 3999 ἐξελέξατο,
3713 3929 3804 3986 διὰ

2165 4046 2191 4073 ‹‹
2227 4025 2321 4075 τοῦ
2354 4019 2622 4090 στόματός
2652 4039 2756 4072 που
2788 4020 3008 4074 ἀκοῦσαι
3037 4019 3102 4072 τὰ
3159 4016 3284 4085 ἔθνη
3337 4018 3426 4074 τὸν
3485 4017 3654 4096 λόγου
3705 4024 3803 4076 τοῦ

2171 4135 2189 4160 ι
2235 4107 2566 4182 Εὺαγγελίου
2623 4107 2712 4162 καὶ
2782 4111 3082 4162 πιστεῦσαι.
3173 4108 3274 4162 Καὶ
3360 4107 3388 4164 ὁ
3471 4105 3806 4182 καρδκογνώ-

2173 4224 2192 4251 ι
2229 4220 2359 4269 στης
2420 4200 2547 4256 θεὸς
2616 4197 2988 4273 ἐμαρτύρησεν
3047 4197 3252 4257 αὐτοῖς,
3315 4194 3443 4256 δοὺς
3502 4199 3689 4260 αὐτοῖς
3747 4201 3811 4256 τὸ

2167 4315 2192 4341 ι(
2231 4292 2442 4360 [Ινεῦμα
2495 4288 2558 4342 τὸ
2618 4289 2795 4360 ἅγιον,
2881 4285 3059 4348 καθὼς
3114 4285 3204 4340 καὶ
3267 4290 3424 4360 ἡμῖν,
3507 4287 3595 4342 καί
3654 4286 3808 4344 οὐδὲν

2165 4375 2456 4450 «διέκρινε
2515 4375 2710 4448 μεταξὺ
2793 4375 2955 4447 ἡμῶν
3025 4394 3082 4428 τε
3164 4375 3256 4429 καὶ
3313 4374 3513 4447 αὐτῶν,
3596 4375 3664 4450 τῇ
3717 4376 3810 4431 πί-

2171 4488 2191 4517 ι
2229 4485 2340 4522 στει
2372 4466 2660 4538 καθαρίσας
2691 4464 2787 4526 τάς
2815 4462 3040 4539 καρδίας
3071 4463 3261 4520 αὐτῶν.
3301 4489 3322 4518 ι

2234 4557 2392 4616 Ἴσως
2434 4561 2680 4628 παρῆσαν
2737 4554 2788 4607 οἱ
2849 4549 3234 4630 ἐγκαλέσαντες
3285 4553 3436 4624 αὖτῷ
3493 4552 3662 4609 πάλαι
3721 4553 3809 4610 ἐπὶ

402 4644 638 4699 Petrum
673 4644 746 4700 de
777 4645 1072 4705 Cornelio.
1107 4650 1164 4698 et
1194 4643 1472 4698 similiter
1501 4644 1599 4714 qui
1635 4645 1881 4715 profecti
1921 4647 2042 4702 fue-

2167 4640 2502 4720 Κορνηλίου,
2535 4643 2624 4697 καῖ
2683 4639 3017 4703 εἰσελθόντες
3075 4643 3189 4712 μετ’
3258 4642 3444 4710 αὑτοῦ,
3505 4640 3594 4698 διὰ
3645 4648 3809 4700 τοῦτο

400 4738 534 4788 rant
562 4750 695 4788 cum
727 4750 817 4800 eo,
852 4739 1164 4805 propterea
1206 4733 1365 4806 ipsos
1397 4737 1576 4787 testes
1606 4731 1865 4788 adducit.
1899 4736 2050 4800 Quid

403 4826 494 4875 est
522 4827 718 4876 autem
752 4823 861 4878 hoc
892 4823 1050 4894 quod
1082 4823 1372 4894 sequitur.
1403 4844 1429 4870 ‹‹
1463 4822 1528 4876 In
1561 4821 1733 4876 nobis
1765 4822 1989 4896 elegit?
2023 4848 2049 4874 ››

407 4909 521 4964 Hoc
554 4916 642 4965 est
673 4911 733 4964 in
767 4912 1103 4980 Palaestina,
1131 4911 1220 4967 vel
1248 4912 1640 4984 praesentibus
1673 4912 1864 4967 nobis.
1901 4937 1928 4962 ‹‹
1954 4915 2050 4970 Ni-

402 5000 606 5070 hilque
640 5001 919 5055 discrevit
947 5002 1102 5056 inter
1132 5020 1241 5058 nos
1272 5008 1331 5058 et
1359 5003 1516 5068 illos,
1549 5003 1685 5058 dato
1736 5005 1820 5059 eis
1868 5005 2050 5077 Spiri-

401 5093 464 5142 tu
497 5093 699 5141 sancto
732 5087 885 5142 sicut
915 5095 973 5143 et
1021 5089 1214 5154 nobis,
1277 5089 1391 5144 ﬁde
1448 5091 1779 5161 purificatis
1841 5109 2042 5150 eorum

396 5174 696 5230 cordibus.
732 5195 761 5223 »
801 5175 916 5231 Hoc
961 5182 1052 5232 est
1099 5176 1252 5232 facta
1304 5178 1718 5248 purificatione
1766 5189 2046 5252 peccato-

484 5349 524 5386 ¹¹
561 5347 748 5415 Galat,
779 5364 818 5417 ι,
856 5350 942 5406 Π.

465 5571 548 5639 (t)
580 5566 896 5638 sequentia
928 5563 1442 5639 pragmittebantur
1466 5581 1595 5636 qum
1619 5565 1679 5621 in
1696 5567 1892 5624 Graaco
1915 5585 2036 5627 non

391 5635 741 5720 comparent
763 5635 1000 5720 LEtia’m
1030 5637 1168 5720 hinc
1199 5635 1416 5720 conjici
1445 5642 1636 5720 potest
1667 5639 1827 5720 quod
1857 5641 2036 5700 aliam

394 5707 712 5787 quamdam
746 5710 1090 5784 dignitatem
1125 5707 1424 5764 habebant
1446 5707 1705 5780 apostoli
1739 5728 1870 5782 qum
1901 5731 2037 5785 pre-

2164 4733 2393 4809 παράγει
2446 4731 2640 4794 αὐτοὺς
2699 4731 2996 4807 μάρτυρας.
3079 4731 3147 4786 Τί
3222 4729 3279 4786 δέ
3325 4729 3436 4788 ἐστι
3495 4735 3577 4804 τὸ,
3635 4757 3661 4788 ιι
3721 4735 3809 4791 Ἐν

2162 4826 2300 4895 ἡμῖν
2332 4821 2603 4895 ἐξελέξατο
2630 4841 2644 4889 ;
2669 4844 2697 4874 ι)
2722 4821 3007 4876 Τουτέστιν
3042 4819 3093 4874 ἐν
3134 4818 3472 4894 Παλαιστίνῃ
3523 4822 3806 4896 παρόντων

2161 4917 2339 4986 ἡμῶν.
2376 4935 2400 4964 α
2437 4911 2533 4966 Καὶ
2569 4911 2632 4966 οὐ
2665 4907 2914 4984 διέκρινε,
2948 4910 3106 4986 φησί,
3161 4909 3360 4982 μεταξὺ
3408 4913 3569 4982 ἡμῶν
3608 4932 3666 4966 τε
3714 4913 3804 4968 καί

2159 5001 2359 5066 αὐτῶν,
2391 4997 2517 5061 δοὺς
2549 4999 2732 5061 αὐτοῖς
2764 4999 2826 5055 τὸ
2883 5001 3099 5071 Πνεῦμα
3146 4999 3208 5054 τὸ
3270 5000 3423 5068 ἅγιον
3476 5001 3656 5063 καθὼς
3712 5003 3800 5057 καὶ

2157 5095 2314 5166 ἡμῖν,
2367 5095 2436 5164 τῇ
2494 5089 2668 5146 πίστει
2723 5088 3014 5161 καθαρίσας
3069 5088 3164 5149 τὰς
3212 5085 3438 5161 καρδίας
3506 5089 3706 5158 αὐτῶν,
3772 5112 3796 5143 ι

2155 5179 2399 5238 τουτέστι
2423 5178 2754 5254 καθαρισμὸν
2808 5179 3044 5248 ποιήσας
3101 5181 3207 5233 τῶν
3265 5177 3371 5233 ἀπὸ
3425 5184 3526 5248 τῆς
3578 5177 3802 5255 καρδίας

2149 5571 2519 5645 sbyterorum
2550 5568 2900 5638 dignitatem
2927 5565 3272 5645 excederet,
3322 5573 3566 5645 propter
3611 5584 3791 5642 quam

2147 5639 2269 5701 no'n
2301 5641 2481 5700 simul
2511 5646 2896 5698 assumuntur
2926 5639 3036 5711 ipsi
3072 5655 3207 5696 cum
3239 5639 3626 5710 presbyteris.
