4150 6200
310 363 420 423 217
1271 366 1683 427 GOMMENT.
1733 366 1819 428 IN
1865 365 2062 426 ACTA
2115 367 2728 432 APOSTOLORUM.
3602 371 3720 432 218

310 494 486 551 αύτῶν
519 495 772 566 ἐξιόντων
822 495 1253 572 ἁμαρτημάτων.
1309 497 1482 561 Οὗτος
1539 495 1596 553 δὲ
1654 498 1682 553 ὁ
1738 500 1964 574 καθαρι-

2088 518 2231 569 rum,
2263 518 2393 575 quaa
2424 519 2458 558 a
2517 503 2693 560 corde
2724 521 2928 562 eorum
2977 505 3380 576 egrediuntur.
3435 505 3567 562 Hmc
3625 521 3726 563 au-

310 589 447 658 σμὸς
481 585 626 640 ἔοικε
654 591 951 661 περιτομῇ,
987 586 1076 641 καὶ
1110 587 1225 641 ἀντὶ
1279 594 1380 656 τῆς
1433 586 1484 642 ἐν
1542 589 1698 662 σαρκὶ
1756 607 1966 660 περιτοο

313 683 422 748 μῆς
482 672 692 729 δίδοται
741 678 777 745 ἡ
829 674 882 730 ἐν
941 675 1208 749 πνεύματι
1266 678 1540 750 περιτομή
1597 678 1967 751 καθαρίζουσα

308 768 376 836 τῇ
437 764 617 819 πίστει
667 768 736 837 τῇ
797 765 872 825 εἷς
975 764 1203 838 Χριστὸν
1287 765 1357 819 τὰ
1411 765 1644 839 κρυπτά.
1702 766 1826 820 ’Ὁτι
1911 761 1969 818 δὲ

309 855 372 908 ού
414 852 761 933 κοινωφελὴς
820 857 855 922 ἡ
911 855 1144 928 σαρκική
1204 855 1502 928 περιτομὴ,
1559 853 1798 908 ἐντεῦθεν
1859 850 1964 907 δεί-

305 945 638 1012 κνυται,ὅτι
673 944 824 1016 μόνῳ
867 944 946 1014 τῷ
1009 941 1191 1017 ἄρῥενι
1248 940 1431 1012 ἐδόθη.
1489 944 1578 1000 Ἐν
1636 940 1692 998 δὲ
1749 947 1966 1015 Χριστῷ

307 1037 493 1101 Ἰησοῦ
514 1036 581 1104 τῇ
605 1031 846 1106 ἀληθινῇ
907 1033 1088 1088 πίστει
1122 1058 1148 1084 α
1184 1033 1288 1087 οὐκ
1333 1030 1416 1087 ’ὲνι
1465 1031 1625 1108 ἄριῖεν
1676 1031 1767 1086 καὶ
1799 1029 1964 1100 θῆλυ,

307 1120 409 1176 οὐκ
439 1119 520 1175 ἔνι
551 1117 750 1182 δοῦλος
784 1121 820 1190 ἢ
854 1119 1160 1196 ἐλεύθερος,
1196 1121 1296 1176 οὐκ
1320 1117 1398 1176 ἔνι
1429 1121 1640 1191 Ἕλλην
1670 1121 1706 1190 ἦ
1750 1116 1968 1196 Βάρϐα-

309 1229 426 1282 ρσς,
457 1208 607 1265 ἀλλὰ
638 1210 834 1272 πάντες
856 1209 910 1265 ’ὲν
944 1209 1128 1282 ἐσμεν.
1166 1234 1194 1261 »

381 1413 411 1440 ι(
475 1391 581 1443 Νῦν
668 1386 761 1442 οῦν
820 1386 874 1442 τί
951 1388 1234 1462 πειράζετε
1317 1388 1412 1443 τὸν
1495 1388 1647 1456 Θεὸν,
1706 1385 1966 1442 ἐπιθεῖναι

313 1502 340 1529 ιι
378 1477 542 1553 ζυγὸν
575 1475 665 1530 ἐπὶ
721 1476 814 1532 τὸν
873 1475 1163 1551 τράχηλον
1219 1482 1328 1531 τῶν
1393 1481 1674 1550 μαθητῶν,
1736 1475 1793 1530 ὅν
1845 1474 1968 1531 οὕτε

313 1591 334 1617 ι
371 1567 425 1621 οἱ
469 1567 700 1640 πατέρες
749 1568 935 1638 ἡμῶν,
993 1565 1118 1620 οὕτε
1169 1567 1332 1638 ἡμεῖς
1387 1566 1695 1640 ἰσχύσαμεν
1761 1564 1964 1635 βαστά-

307 1678 336 1706 ‹‹
373 1675 463 1710 σαι
513 1674 526 1723 ;
591 1653 764 1710 Ἀλλά
817 1652 907 1709 διὰ
965 1661 1065 1722 τῆς
1129 1653 1358 1730 χάριτος
1411 1660 1508 1710 τοῦ
1559 1654 1756 1728 Κυρίου
1785 1655 1966 1724 Ἰησοῦ

308 1768 337 1794 ‹‹
375 1745 618 1817 Χριστοῦ
649 1745 978 1816 πιστεύομεν
1013 1745 1252 1812 σωθῆναι
1309 1746 1428 1808 καθ’
1487 1744 1545 1799 ὅν
1614 1744 1815 1818 τρόπον
1870 1741 1966 1797 κά-

314 1839 570 1889 σκεῖνοι.
615 1833 873 1907 Ἐσίγησε
923 1830 980 1887 δὲ
1037 1837 1138 1887 πᾶν
1199 1834 1262 1888 τὸ
1318 1833 1554 1902 πλῆθος,
1617 1832 1704 1887 καὶ
1764 1833 1964 1901 ἤκουον

2079 601 2196 648 tem
2260 593 2592 664 purificatio
2677 595 2891 650 similis
2966 595 3428 658 circumcisioni,
3479 602 3538 650 et
3595 596 3722 650 loco

2077 684 2568 752 circumcisionis,
2601 703 2734 757 quae
2777 687 2842 740 fit
2897 688 2958 740 in
2993 703 3189 748 carne,
3226 686 3401 740 datur
3464 686 3723 741 circum-

2075 774 2221 830 cisio
2271 776 2332 829 in
2392 777 2626 848 spiritu.
2689 777 3014 848 purificans
3075 776 3188 831 fide
3245 793 3374 846 qum
3436 775 3496 829 in
3552 775 3721 829 (‘hri-

2077 872 2230 920 stum
2261 872 2350 920 est
2377 867 2606 922 occulta
2620 867 3033 931 scelera.Quod
3051 874 3243 920 autem
3270 865 3328 918 in
3345 880 3721 919 communem

2077 971 2196 1009 non
2211 955 2712 1011 cedatutilitatem
2728 956 3102 1012 circumcisio
3118 956 3335 1019 carnis,
3365 971 3431 1007 ex
3448 970 3513 1007 eo
3538 953 3727 1022 liquet

2076 1044 2234 1115 quod
2266 1045 2409 1100 solis
2441 1045 2578 1100 data
2608 1046 2683 1099 sit
2714 1045 3013 1100 masculis.
3035 1046 3094 1097 In
3123 1043 3352 1096 Christo
3367 1048 3563 1096 autem
3586 1043 3723 1096 Jesu

2075 1151 2182 1208 per
2211 1151 2407 1190 veram
2442 1134 2618 1189 fidem
2653 1157 2680 1183 α
2732 1151 2852 1189 non
2913 1141 3002 1187 est
3033 1132 3332 1188 masculus
3363 1137 3422 1184 et
3481 1131 3718 1197 femina,

2074 1240 2197 1280 non
2229 1231 2319 1280 est
2349 1241 2553 1280 servus
2588 1224 2739 1279 ποια
2773 1231 2832 1278 et
2863 1224 3030 1288 liber,
3066 1239 3184 1277 non
3215 1227 3305 1276 est
3357 1220 3593 1274 Graacus
3623 1224 3726 1274 aut

2075 1314 2387 1381 Barbarus,
2419 1314 2522 1369 sed
2553 1329 2761 1368 omnes
2790 1330 2975 1368 unum
3008 1329 3212 1368 sumus
3237 1313 3302 1367 ¹².
3339 1332 3366 1360 ››

2146 1403 2259 1466 Χν,
2289 1407 2474 1458 10-12.
2511 1425 2538 1452 ‹‹
2576 1405 2738 1458 Nunc
2761 1419 2896 1474 ergo
2931 1402 3074 1473 quid
3124 1402 3365 1456 tentatis
3422 1402 3626 1464 Deum,
3660 1403 3725 1452 ut

2083 1511 2104 1540 α
2139 1492 2716 1564 imponaturjugum
2739 1508 2918 1562 super
2949 1489 3668 1560 cervices‘discipulorum
3705 1491 3718 1522 ¹

2075 1603 2102 1630 ‹‹
2127 1581 2285 1652 quod
2316 1597 2510 1651 neque
2542 1587 2738 1652 patres
2770 1580 2957 1634 nostri
2987 1596 3178 1648 neque
3213 1595 3320 1633 nos
3348 1585 3580 1648 portare
3617 1593 3724 1647 po-

2078 1693 2105 1720 ‹σ
2137 1671 2360 1725 tuimus
2391 1669 2418 1724 ?
2439 1669 2541 1724 sed
2574 1686 2677 1741 per
2705 1669 2950 1740 gratiam
2985 1668 3214 1722 Domini
3256 1669 3393 1721 Jesu
3425 1665 3722 1720 credimus

2079 1781 2106 1809 ‹‹
2140 1776 2249 1814 nos
2281 1759 2591 1814 salvandos
2623 1757 3123 1830 quemadmodum
3157 1762 3215 1811 et
3245 1757 3358 1810 illi.
3389 1755 3592 1810 Tacuit
3618 1770 3720 1808 au-

2073 1872 2102 1899 ι(
2133 1855 2251 1903 tem
2281 1854 2404 1903 tota
2435 1848 2788 1914 multitudo;
2823 1855 2882 1902 et
2911 1847 3233 1902 audiebant
3270 1845 3595 1899 Barnabam
3654 1859 3720 1897 ac

311 1945 340 1974 ιι
378 1917 634 1995 Βαρνάϐα
699 1892 806 1976 καὶ.
854 1919 1077 1976 Παύλου
1136 1892 1552 1998 ἐξηγουμένωνι
1586 1920 1685 1976 ὅσα
1768 1892 1960 1991 ἐποίη-

2091 1892 2100 1898 .
2287 1892 2404 1903 η-..
2435 1892 2751 1903 unum.“
2776 1892 2788 1914 ,
2825 1892 2882 1902 ν.
2911 1892 3232 1902 suum"---
3272 1892 3595 1899 --ηπ-ε--
3657 1892 3718 1897 _-

2088 1958 2104 1990 ι
2135 1939 2385 1994 Paulum
2419 1944 2732 1994 narrantes
2762 1954 2892 2008 qua»,
2908 1938 3074 2009 signa
3097 1953 3163 1991 ac
3195 1933 3464 2007 prodigia
3486 1933 3724 1987 fecisset

307 2039 334 2063 ιι
373 2033 461 2067 σεν
495 2014 524 2068 ὸ
556 2013 686 2075 Θεὸς
727 2017 932 2085 σημεῖα
987 2011 1077 2066 καὶ
1131 2011 1326 2086 τέρατα
1382 2012 1434 2067 ἐν
1491 2017 1606 2074 τοῖς
1659 2009 1833 2067 ἔθνεσι
1891 2008 1961 2065 δι’

305 2127 334 2154 ‹‹
371 2101 574 2160 αὐτῶν.
610 2103 760 2159 Μετὰ
792 2099 852 2156 δὲ
881 2103 944 2157 τὸ
974 2110 1193 2176 σιγῆσαι
1225 2100 1444 2164 αὐτοὺς.
1481 2126 1509 2152 ››

386 2215 408 2241 ι
444 2192 510 2248 Τί
569 2192 853 2266 πειράζετε
907 2191 1000 2246 τὸν
1057 2191 1238 2258 Θεόν;
1294 2217 1316 2245 ι
1381 2189 1642 2248 Τουτὲστι
1698 2189 1751 2244 τί
1833 2191 1960 2244 ἀπι-

308 2286 485 2336 στεῖτε
522 2285 606 2351 τῷ
636 2284 775 2351 Θεῷ,
811 2280 886 2342 ὡς
957 2279 1294 2355 ούκίσχύων
1353 2280 1407 2336 τί
1473 2301 1605 2359 φησι
1664 2285 1836 2334 σῶσαι
1890 2283 1960 2352 τῇ

304 2371 487 2425 πίστει
553 2370 680 2434 τοὺς
733 2372 1224 2451 προσερχόμενους
1299 2370 1450 2442 αὐτῷ
1506 2392 1521 2440 ;
1610 2370 1958 2442 Σημειωτὲον

306 2457 368 2515 δὲ
413 2460 497 2515 δτι
551 2461 621 2514 τά
699 2457 1117 2534 δυσκατόρθωτά
1193 2459 1533 2534 ἐπιτάγματα
1608 2467 1708 2528 τῆς
1768 2459 1965 2532 σαρκὸς

306 2549 376 2605 οὗ
406 2547 489 2605 δεῖ
540 2547 770 2620 ἐπιγλᾷν
828 2570 989 2618 τισιν,
1051 2551 1171 2605 οἷον
1231 2547 1396 2626 ἄκραν
1453 2550 1721 2621 νηστείαν,
1779 2551 1815 2620 ἤ
1867 2571 1966 2624 γυ·-

311 2641 590 2711 μνότητα,
647 2638 682 2707 ἢ
745 2641 979 2708 σιωπὴν,
1042 2638 1088 2693 εί
1149 2640 1224 2711 μή
1277 2638 1340 2716 γὲ
1417 2659 1500 2700 τις
1571 2639 1745 2710 ἑαυτῷ
1799 2643 1966 2694 ταῦτα

306 2727 564 2799 ἕπιτάξη.
603 2727 799 2804 Εἶγάρ
855 2727 946 2783 καὶ
1015 2725 1280 2803 δυσχερῆ,
1337 2725 1488 2784 ἀλλὰ
1547 2730 1655 2801 μὴν
1717 2728 1779 2784 ού
1835 2750 1967 2784 κατ-

311 2819 637 2891 ορθώματα,
694 2817 783 2872 καὶ
869 2817 1132 2892 γενόμενα
1191 2818 1293 2872 ὑπὸ
1378 2815 1606 2873 πολλῶν
1666 2819 1756 2873 καὶ
1813 2818 1967 2893 γινό-

317 2927 472 2981 μενα.
510 2931 538 2956 ‹‹
571 2903 748 2962 Ἀλλᾶ
801 2903 891 2961 διά
945 2913 1048 2976 τῆς
1097 2909 1324 2980 χάριτος
1381 2909 1478 2960 τοῦ
1530 2905 1726 2979 Κυρίου
1783 2907 1968 2978 Ἰησοῦ

311 2995 648 3066 πιστεύομεν
705 2999 969 3061 σωθῆναι.
1035 3018 1058 3048 υ
1118 2997 1320 3068 Ὠσπερ
1409 2996 1514 3070 γὰρ
1575 2993 1744 3050 πάλαι
1793 2997 1888 3068 μὲν
1940 2997 1968 3050 ὁ

306 3084 484 3157 νόμος
544 3083 671 3146 τοὺς
727 3082 1190 3156 διαφυλάττοντας
1244 3085 1310 3140 τὰ
1395 3084 1448 3140 ἐν
1505 3083 1654 3157 αύτῷ
1709 3085 1971 3160 ελρημενα

305 3173 531 3243 ἔσωζεν,
567 3174 710 3228 οὕτω
735 3176 888 3238 νῦνή
924 3175 1090 3254 χάρις
1147 3175 1237 3229 καὶ
1298 3171 1432 3253 δίχα
1487 3180 1588 3243 τῆς
1643 3177 1742 3229 τοῦ
1796 3175 1972 3249 νόμου

304 3262 716 3343 παραφολακῆς
750 3261 840 3318 διά
881 3271 980 3332 τῆς
1042 3265 1276 3324 πίστεως
1336 3264 1518 3334 σώζει.

383 3376 411 3404 ιι
475 3351 770 3424 Ἀπεκρίθη
834 3347 1116 3421 Ἰάκωϐος,
1178 3351 1378 3428 λέγων,
1436 3348 1665 3427 ’Ἄνδρες
1741 3348 1969 3430 ἀδελφοὶ

311 3463 340 3494 ι
372 3441 640 3496 ἀκούσατέ
676 3462 801 3514 μου.
834 3465 863 3493 ιι

379 3531 565 3592 Οὗτος
602 3533 631 3586 ὁ
683 3525 952 3596 Ἰάκωϐος
1007 3531 1037 3587 ὸ
1092 3536 1204 3586 τῶν
1251 3530 1656 3606 Ἰεροσολύμων
1716 3531 1821 3586 ὑπὸ
1871 3531 1974 3587 Κυ-

309 3621 436 3696 ρίου
469 3620 882 3695 προχειρισθεὶς
914 3619 1212 3681 ἐπίσκοπος
1249 3620 1368 3684 υἱὸς
1397 3621 1600 3700 Ἰωσὴφ
1632 3621 1698 3689 ἧν
1732 3624 1829 3674 τοῦ
1883 3621 1970 3675 τέ-

307 3731 530 3781 κτονος,
565 3708 802 3790 ἀδελφὸς
858 3708 915 3766 δὲ
968 3711 1107 3766 κατά
1164 3711 1336 3786 σάρκα
1387 3715 1486 3765 τοῦ
1549 3711 1751 3786 Κυρίου
1805 3713 1969 3782 ἡμῶν

308 3803 497 3870 Ἰησοῦ
557 3797 818 3865 Χριστοῦ.
882 3805 1122 3862 Συνετῶς
1209 3798 1267 3856 δὲ
1318 3800 1426 3855 ἀπό
1511 3820 1572 3856 τε
1638 3800 1798 3865 νέων,
1863 3799 1971 3856 ἀπό

305 3911 366 3946 τε
418 3887 671 3944 παλαιῶν
730 3883 1047 3963 βεϐαιοῦται
1095 3893 1203 3944 τῶν
1251 3893 1547 3968 προφητῶν
1603 3890 1695 3944 τὸν
1779 3887 1964 3963 λόγον.

306 3979 386 4037 Οῦ
449 3977 552 4051 γὰρ
640 3979 759 4054 εἷχὲ
816 3999 868 4032 τι
927 3984 1157 4053 πρᾶγμα
1217 3976 1407 4049 δεῖξαι,
1466 3977 1706 4054 καθάπερ
1762 3977 1969 4053 Πέτρος

306 4063 530 4139 δηλαδὴ
613 4067 702 4122 καὶ
761 4066 1002 4128 Παῦλος.
1092 4066 1284 4129 Καλῶς
1339 4065 1395 4122 δὲ
1449 4067 1816 4139 οἰκονομεῖται
1901 4064 1970 4122 δι’

306 4157 531 4214 ἱκείνων
585 4161 754 4212 ταῦτα
839 4158 1085 4234 γενεσθαι
1141 4161 1249 4213 τῶν
1321 4157 1386 4212 οὐ
1449 4155 1766 4228 μελλόντων
1830 4177 1971 4236 χρο-

301 4248 471 4315 νίζειν
506 4251 620 4306 τοῖς
649 4245 1078 4322 Ἰεροσολύμοις.
1114 4249 1320 4304 Τοῦτον
1378 4244 1437 4302 δὶ
1491 4246 1586 4303 τὸν
1648 4244 1968 4303 διδάσκοντα

303 4336 514 4394 αὐτοῦς
549 4336 625 4407 μὴ
658 4337 795 4392 εἶναι
831 4334 1143 4403 ὑπεύθυνον,
1183 4333 1324 4408 μηδὶ
1370 4338 1477 4408 μὴν
1509 4335 1836 4411 ἀπεσχίσθαι
1867 4339 1968 4401 τῆς

309 4424 568 4503 γνώμης-

379 4539 410 4565 «
475 4513 712 4583 Συμεὼν
799 4510 1121 4589 ἐξηγήσατο,
1186 4513 1366 4574 καθὼς
1426 4518 1640 4588 πρῶτον
1729 4515 1758 4569 ὁ
1837 4514 1965 4578 Θεὸς

2073 2051 2101 2078 ‹‹
2128 2029 2284 2084 Deus
2316 2029 2472 2083 inter
2500 2033 2704 2100 gentes
2735 2044 2840 2099 per
2867 2027 3046 2098 ipsos.
3083 2048 3111 2073 »

2143 2223 2171 2251 «
2197 2201 2345 2266 Quid
2375 2200 2618 2256 tentatis
2650 2201 2873 2255 Deum?
2903 2221 2930 2247 »
2955 2199 3072 2253 Hoc
3104 2204 3192 2252 est
3215 2213 3395 2266 quare
3429 2192 3720 2249 increduli

2074 2291 2216 2346 estis
2247 2292 2386 2356 Deo,
2411 2290 2580 2360 quasi
2609 2288 2724 2344 fide
2753 2287 2977 2342 salvare
3010 2304 3128 2342 non
3163 2286 3454 2358 possetad
3503 2301 3565 2339 se
3621 2301 3720 2338 ac-

2073 2381 2354 2436 cedentes
2374 2379 2402 2434 ?
2422 2379 2756 2434 Notandum
2783 2394 2917 2432 vero
2942 2376 3096 2447 quod
3111 2377 3380 2431 difﬁcilia
3406 2375 3510 2429 illa
3523 2373 3722 2428 carnis

2075 2475 2375 2541 praacepta
2407 2484 2525 2522 non
2550 2473 2782 2538 oportet
2813 2465 3116 2537 quibusvis
3153 2466 3458 2536 imponere
3497 2468 3564 2518 ut
3591 2461 3719 2516 lon-

2075 2575 2212 2630 gum
2245 2565 2693 2626 extremumque
2717 2555 3379 2627 jejuniumnuditatem
3416 2561 3518 2609 aut
3539 2552 3725 2607 silen-

2077 2649 2224 2704 tium
2254 2665 2266 2701 :
2299 2648 2414 2703 nisi
2449 2647 2582 2720 quis
2613 2646 2725 2702 sibi
2757 2647 2869 2718 ipsi
2905 2647 3027 2700 haec
3060 2647 3342 2714 imponat.
3377 2645 3727 2713 Quanquam

2079 2739 2239 2793 enim
2270 2737 2541 2792 difficilia
2564 2743 2722 2792 sunt.
2754 2752 2873 2790 non
2908 2742 3046 2790 sunt
3077 2742 3273 2788 tamen
3305 2733 3537 2802 egregia
3583 2732 3726 2786 faci-

2079 2844 2246 2890 nora,
2283 2827 2422 2882 licet
2449 2843 2484 2882 a
2512 2826 2716 2882 multis
2746 2826 2898 2880 facta
2931 2825 3049 2880 sint
3067 2830 3125 2878 et
3153 2823 3346 2877 adhuc
3370 2823 3531 2876 fiant.
3568 2819 3723 2874 «Sed

2080 2933 2186 2990 per
2214 2917 2464 2989 gratiam
2497 2915 2885 2970 DominiJesu
2919 2913 3340 2968 credimusnos
3361 2908 3731 2965 salvandos.»

2081 3005 2590 3072 Quemadmodum
2623 3004 2780 3059 enim
2814 3003 2906 3058 lex
2933 3002 3075 3057 olim
3103 3002 3483 3056 observantes
3515 2997 3728 3066 quasin

2083 3111 2151 3150 ea
2181 3093 2534 3149 dicebantur
2563 3091 2935 3154 salvabat,ita
2966 3107 3123 3146 nunc
3153 3089 3342 3160 gratia
3372 3087 3573 3153 etiam,
3597 3084 3724 3140 sine

2083 3183 2228 3256 legis
2267 3182 2698 3247 observatione,
2731 3197 2836 3252 per
2860 3180 3036 3235 fidem
3071 3179 3272 3234 salvat.

2153 3348 2270 3414 XV,
2305 3347 2388 3402 13.
2425 3366 2454 3396 (ι
2486 3346 2556 3399 Et
2587 3348 2900 3417 postquam
2933 3341 3382 3405 conticuissent,
3423 3335 3729 3410 respondit

2084 3459 2112 3489 ‹‹
2142 3436 2412 3499 Iacobus,
2445 3435 2650 3490 dicens
2685 3450 2698 3489 :
2732 3433 2843 3487 Viri
2879 3433 3110 3497 fratres,
3135 3447 3209 3488 au
3232 3431 3333 3484 lite
3366 3446 3480 3484 me.
3519 3451 3545 3477 »

2152 3526 2402 3582 Iacobus
2427 3526 2520 3580 hic
2548 3521 3049 3595 Jerosolymorum
3092 3537 3126 3575 a
3181 3519 3431 3574 Domino
3489 3522 3724 3575 creatus

2083 3617 2415 3688 episcopus.
2450 3614 2610 3672 filius
2638 3618 2764 3668 erat
2789 3612 3006 3682 Josepli
3065 3609 3237 3674 fabri,
3298 3609 3480 3663 frater
3526 3613 3722 3663 autem

2082 3706 2410 3763 secundum
2443 3720 2680 3760 carnem
2714 3702 2946 3758 Domini
2980 3700 3167 3755 nostri
3197 3701 3333 3754 Jesu
3362 3696 3725 3751 Christi.Do-

2081 3803 2173 3852 cte
2204 3802 2403 3854 autem
2436 3801 2557 3852 tum
2591 3811 2625 3848 a
2656 3791 3108 3856 recentioribus,
3172 3795 3293 3842 tum
3347 3804 3381 3840 a
3427 3785 3724 3840 veteribus

2079 3885 2388 3958 prophetis
2420 3884 2734 3939 confirmat
2765 3879 3330 3946 sermonemNeque
3353 3874 3508 3928 enim
3533 3873 3726 3945 potuit

2077 3975 2296 4031 factum
2311 3972 2552 4044 aliquod
2565 3971 2973 4027 demonstrare
3002 3963 3495 4038 quemadmodum
3518 3964 3724 4018 Petrus

2079 4069 2138 4119 et
2172 4063 2592 4120 Paulusvl’tecte
2623 4067 2822 4116 autem
2855 4058 3163 4113 ordinatur
3182 4061 3248 4112 ut
3270 4053 3526 4125 perillos
3544 4066 3725 4123 opera

2080 4153 2294 4208 fierent
2324 4153 2423 4223 qui
2456 4166 2578 4206 non
2609 4149 2798 4205 multo
2843 4153 3111 4217 tempore
3169 4161 3398 4201 moram
3458 4141 3723 4196 facerent

2074 4243 2461 4314 Jerosolymis
2515 4241 2618 4296 Hic
2649 4248 2844 4297 autem
2881 4239 2978 4308 qui
3005 4238 3376 4299 eosdoceret,
3411 4233 3724 4290 nulliforet

2075 4333 2264 4404 culpa)
2291 4331 2602 4389 obnoxius.
2639 4345 2830 4400 neque
2861 4328 3060 4382 animo
3093 4331 3404 4395 corruptus
3438 4329 3610 4376 esset.

2147 4424 2269 4485 XV,
2292 4424 2375 4477 14.
2411 4442 2441 4471 ‹‹
2465 4421 2703 4474 Simeon
2730 4418 2991 4474 narravit
3021 4412 3524 4487 quemadmodum
3569 4412 3719 4465 Deus

2075 4536 2102 4562 ‹‹
2137 4512 2396 4585 primum
2417 4509 2739 4566 visitaverit
2766 4515 2833 4564 ut
2862 4510 3124 4566 sumeret
3152 4520 3216 4558 ex
3231 4501 3504 4576 gentibus
3535 4513 3721 4571 popu-

305 4628 335 4654 ‹‹
368 4601 704 4676 ἐπεσκέψατο
737 4597 927 4659 λαϐεῖν
958 4603 1008 4676 ἐξ
1042 4603 1209 4660 ἐθνῶν
1270 4601 1402 4660 λαὸδ
1455 4602 1545 4660 ἐπὶ
1599 4609 1680 4676 τῷ
1737 4603 1963 4678 ὀνόματι

2088 4625 2108 4653 κ
2143 4602 2267 4658 lum
2297 4601 2359 4657 in
2391 4599 2635 4657 nomine
2667 4615 2795 4655 suo.
2830 4621 2856 4647 ››

301 4718 330 4743 α
368 4691 558 4747 αὐτοῦ.
592 4716 619 4743 ιι

377 4782 535 4845 Τινὲς
571 4783 806 4854 Συμεὼν
864 4783 956 4837 τὸν
1017 4780 1069 4838 ὲν
1119 4786 1198 4855 τῷ
1253 4786 1434 4853 Λουκᾷ
1492 4781 1966 4860 προφητεύσαντα,

302 4894 336 4924 ι’
367 4871 482 4927 Νῦν
513 4868 776 4932 ἀπολύεις
807 4869 899 4924 τὸν
936 4867 1136 4926 δοῦλόν
1167 4890 1288 4936 σου,
1346 4869 1610 4942 Δέσποτα,
1646 4895 1674 4922 ››
1706 4871 1857 4948 φασί.

381 5076 410 5102 ‹‹
464 5051 572 5106 Καὶ
629 5049 810 5125 τούτῳ
860 5055 1242 5128 συμφωνοῦσιν
1309 5051 1362 5106 οἱ
1427 5049 1583 5126 λόγοι
1666 5055 1774 5107 τῶν
1828 5071 1964 5126 προ-

302 5167 333 5193 α
396 5145 610 5222 οητῶν,
688 5141 870 5204 καθὼς
951 5139 1276 5219 γέγραπταιο
1367 5141 1521 5198 Μετὰ
1603 5145 1772 5197 ταῦτα
1835 5141 1966 5197 ἀνα-

301 5255 335 5284 α
371 5229 609 5303 στρὶψω,
687 5231 774 5286 καὶ
860 5227 1285 5305 ἀνοικοδομήσω
1359 5232 1459 5299 τήν
1520 5232 1726 5302 σκηνὴν
1801 5227 1964 5287 Δαυΐδ

300 5343 334 5373 ι
369 5321 474 5387 τήν
505 5322 871 5385 πεπτωκυῖαν,
897 5319 987 5374 καὶ
1019 5318 1087 5374 τὰ
1117 5319 1534 5392 κατεσκαμμένα
1591 5319 1759 5389 αὐτῆς
1811 5319 1966 5377 ἀνοι-

305 5435 334 5461 ει
378 5405 707 5482 κοδομήσω,
795 5406 886 5463 καὶ
991 5407 1291 5482 ἀνορθώσω
1373 5408 1564 5479 αὐτὴν,
1663 5410 1814 5472 ὅπως
1901 5406 1964 5464 ἄν

309 5494 744 5570 ,ἐκζητήσωσιν
839 5497 890 5551 οἱ
965 5494 1298 5554 κατάλοιποι
1357 5501 1464 5554 τῶν
1525 5497 1827 5575 ἀνθρώπων
1873 5497 1964 5554 τὸν

382 5691 430 5729 ι’
458 5691 644 5752 Galat.
677 5709 755 5764 ιιι,
777 5693 866 5749 28.
903 5693 948 5731 ⁸⁸
977 5691 1114 5756 Luc.
1147 5707 1210 5761 ιι,
1252 5693 1341 5751 υ.

2145 4781 2395 4848 Quidam
2423 4780 2583 4838 hunc
2613 4795 2744 4835 esse
2791 4779 3125 4834 Simeonem
3169 4773 3395 4840 dicunt,
3430 4770 3530 4843 qui
3562 4768 3718 4842 apud

2076 4873 2289 4928 Lucam
2319 4869 2692 4944 prophetavit
2724 4869 2960 4923 :aNunc
2992 4863 3242 4920 dimittis
3274 4877 3506 4918 servum
3530 4866 3718 4926 tuum,

2076 4961 2325 5016 Domina
2359 4958 2422 5014 ιθ.
2458 4979 2488 5008 ››

2147 5051 2299 5105 128
2335 5049 2448 5115 XV,
2485 5049 2670 5102 l8-2f.
2703 5068 2731 5096 «
2765 5047 2834 5100 Et
2880 5044 3017 5102 huic
3049 5046 3373 5100 consonant
3402 5039 3538 5095 libri
3582 5053 3720 5110 pro-

2076 5161 2104 5189 ‹‹
2124 5139 2461 5212 phetarum.
2496 5140 2650 5195 sicut
2670 5138 2953 5210 scriptum
2979 5141 3067 5191 est
3101 5151 3113 5189 :
3136 5137 3274 5189 Post
3294 5133 3420 5188 haec
3434 5137 3717 5192 revertar,

2075 5251 2104 5279 ‹‹
2135 5243 2493 5300 rursumque
2525 5227 2830 5282 mdificabo
2864 5223 3310 5280 tabernaculum
3349 5219 3524 5275 David
3558 5217 3717 5290 quod

2073 5337 2103 5369 ‹‹
2134 5317 2463 5390 collapsum
2498 5324 2604 5384 est,
2645 5323 2703 5372 et
2732 5316 2930 5372 diruta
2959 5315 3090 5386 ejus
3122 5310 3488 5376 instaurabo,
3521 5314 3579 5362 et
3601 5307 3712 5362 eri-

2071 5430 2101 5460 (ι
2132 5423 2265 5481 gam
2299 5407 2446 5464 illud
2473 5411 2568 5462 :ut
2599 5406 2907 5476 requirant
2925 5403 3025 5474 qui
3057 5402 3270 5473 reliqui
3289 5397 3717 5457 sunthomines

2073 5520 2102 5550 ‹‹
2135 5498 2548 5568 Dominum,et
2572 5514 2778 5554 omnes
2798 5503 3004 5570 gentes
3022 5511 3200 5567 super
3223 5491 3718 5565 quasinvocatum

4074 5129 4115 5406 ἐ

4093 5853 4107 6029 ἓ
