4150 6200
375 334 490 396 219

1501 328 1931 394 (ECUMENII
1975 328 2278 393 TRICOE
2323 329 2703 392 EPISCOPI.

3663 331 3778 390 220

382 490 409 521 ιι
445 473 534 525 est
563 483 782 522 nomen
815 481 1034 532 meum,
1067 463 1210 520 dicit
1242 465 1529 522 Dominus
1560 465 1660 538 qui
1709 465 1852 521 facit
1898 465 2024 520 haec

2145 487 2162 513 ι
2200 463 2423 538 Κύριον,
2473 461 2564 519 καί
2619 461 2790 520 πάντα
2836 463 2902 519 τά
2954 463 3101 535 ἔθνη,
3169 463 3250 538 ἐφ’
3297 464 3389 525 οὕς
3423 461 3779 536 ἐπικέκληται

381 580 408 608 ‹‹
433 557 651 612 omnia.
689 557 832 609 Nota
863 559 1000 610 sunt
1031 571 1065 608 a
1095 554 1309 608 saeculo
1341 556 1458 610 Deo
1485 556 1686 610 omnia
1706 571 2022 625 operasua.

384 670 410 696 (ι
447 649 814 715 QuaprOpter
845 660 948 716 ego
983 659 1196 698 censeo
1228 659 1348 697 non
1406 643 1846 700 obturbandum
1898 658 2025 698 esse

387 757 411 788 ιι
445 735 566 788 illis
601 734 698 804 qui
733 750 802 788 ex
831 733 1108 805 gentibus
1139 739 1563 789 convertuntur
1592 737 1660 788 all
1697 735 1901 788 Deum.
1923 731 2024 787 sed

386 847 412 874 ι(
446 823 822 878 scribendum
856 839 984 878 esse
1019 823 1138 877 illis
1169 829 1232 878 ut
1261 823 1602 879 abstineant
1638 840 1698 878 se
1726 823 1798 878 ab
1829 823 2026 893 inqui-

381 935 410 964 ‹‹
445 913 743 967 namentis
767 912 1221 968 simulacrorum
1254 919 1312 968 et
1342 913 1698 968 scortatione
1749 917 1807 967 et
1855 913 2030 966 suffo-

383 1025 410 1052 «
447 1007 575 1058 cato
601 1009 654 1056 et
689 1003 992 1074 sanguine.
1031 1003 1216 1057 Moses
1247 1003 1410 1056 enim
1441 1002 1513 1057 ab
1560 1001 1833 1058 aetatibus
1873 1001 2029 1056 anti-

387 1093 580 1164 «quis
627 1093 688 1146 in
747 1091 997 1164 singulis
1049 1093 1380 1148 civitatibus
1437 1091 1614 1147 habet
1670 1093 1772 1163 qui
1833 1091 2030 1162 ipsum

385 1205 414 1234 ι(
447 1182 776 1254 praedicent
807 1183 866 1236 in
901 1183 1210 1254 synagogis
1242 1182 1344 1238 ubi
1375 1198 1483 1254 per
1512 1198 1686 1238 omne
1719 1181 2030 1236 sabbatum

390 1293 410 1320 ι
441 1271 674 1344 legitur.
713 1293 739 1318 ››

457 1453 640 1508 Judaei
672 1452 912 1522 quidem
945 1453 1055 1508 hoc
1089 1452 1160 1508 de
1193 1453 1586 1510 zediﬁcatione
1633 1453 1834 1525 templi
1865 1455 2029 1509 Jero-

389 1543 727 1614 solymitani
779 1547 912 1614 post
962 1543 1361 1613 captivitatem
1411 1545 1852 1601 intellexerunt.
1914 1545 2034 1600 Hoc

389 1639 584 1688 autem
615 1649 734 1686 non
770 1637 856 1686 est
887 1639 1112 1690 rectum
1140 1649 1152 1686 :
1177 1649 1315 1688 nam
1349 1639 1480 1704 post
1509 1635 1618 1689 hoc
1651 1651 1884 1705 quoque
1925 1651 2030 1689 sm-

391 1723 523 1793 pius
555 1737 818 1776 eversum
855 1727 990 1776 est:
1045 1723 1354 1793 prophetia
1420 1741 1554 1778 vero
1608 1724 2032 1793 sempiternam

389 1810 687 1881 promittit
717 1810 1190 1867 mdificationem.
1215 1812 1322 1878 Qui
1373 1817 1571 1867 autem
1603 1811 1674 1866 de
1713 1811 2034 1867 Zorobabel

391 1901 616 1956 dictum
648 1917 778 1956 esse
805 1906 1100 1966 asserunt,
1142 1905 1208 1956 ut
1265 1901 1366 1972 qui
1397 1917 1584 1972 genus
1613 1901 1940 1972 (inquiunt)
2003 1917 2038 1956 a

390 1989 568 2045 David
602 1989 912 2044 deduxerit
946 2007 958 2043 :
989 2006 1108 2044 non
1160 1989 1310 2044 bene
1365 1989 1789 2045 intellexerunt
1843 2007 2035 2061 neque

389 2083 502 2137 hoc
535 2087 762 2138 rectum
797 2087 902 2137 est.
937 2084 1078 2137 Nam
1112 2082 1434 2136 Zorohabel
1487 2082 1588 2138 ubi
1617 2099 1791 2154 parvo
1823 2083 2038 2154 guber-

393 2177 596 2226 nasset
627 2177 911 2241 tempore.
943 2171 1153 2225 mortis
1212 2171 1532 2227 terminum
1583 2172 1849 2242 accepit:
1908 2189 2040 2244 pro-

392 2261 739 2333 phetiavero
756 2261 1255 2332 sempiternorum
1271 2262 1562 2318 bonorum
1577 2262 2034 2334 promissionem

394 2351 680 2412 continet,
716 2349 1104 2421 omniumque
1145 2351 1408 2423 gentium
1469 2367 1608 2423 erga
1647 2353 1830 2407 Deum
1870 2351 2035 2422 agni-

391 2441 656 2496 tionem:
692 2457 946 2510 quorum
979 2439 1128 2495 nihil
1159 2441 1230 2495 de
1266 2441 1358 2496 his
1392 2442 1492 2512 qui
1550 2441 1658 2497 sub
1713 2441 2034 2496 Zorobabel

389 2531 651 2594 fuerunt,
694 2529 1012 2600 contigisse
1069 2529 1424 2585 invenimus.
1489 2530 1862 2586 Manifestum
1945 2535 2035 2585 est

391 2621 571 2695 igitur
599 2621 758 2692 quod
789 2622 942 2676 hanc
974 2621 1046 2675 de
1078 2621 1326 2676 Domino
1359 2627 1563 2676 nostro
1620 2622 1756 2677 Jesu
1803 2621 2032 2676 Christo

386 2711 606 2767 dictam
643 2727 770 2766 esse
805 2711 1207 2783 intelligemus
1243 2728 1254 2765 :
1319 2711 1602 2766 Dominus
1643 2711 1798 2765 enim
1835 2717 2036 2766 noster

384 2816 571 2874 genus
604 2799 932 2855 secundum
965 2815 1204 2854 carnem
1255 2815 1290 2854 a
1320 2799 1498 2854 David
1541 2797 1862 2866 deducens,
1897 2815 2035 2870 pro-

389 2891 739 2946 missionem
776 2907 906 2960 quae
922 2888 994 2944 ad
1011 2887 1188 2943 David
1223 2889 1376 2943 facta
1407 2894 1495 2944 est
1515 2889 2031 2960 complevit.uVer-

386 2980 528 3036 bum
561 2979 718 3034 enim
747 2995 882 3033 caro
926 2978 1145 3034 factum
1177 2983 1266 3032 est
1298 2978 1362 3044 ’⁸,
1401 3000 1420 3026 ι
1482 2983 1541 3033 et
1597 2977 1884 3032 habitavit
1912 2977 2030 3032 sive

387 3070 706 3126 tentorium
733 3069 932 3139 posuit
961 3068 1116 3124 inter
1149 3084 1256 3122 nos
1321 3069 1480 3138 (nam
1537 3072 1628 3122 est
1684 3063 2029 3138 ἐσκήνωσεν),

387 3163 621 3228 sumpto
645 3174 712 3211 ex
748 3157 923 3212 David
941 3158 1196 3212 tentorio
1229 3156 1348 3212 sive
1389 3156 1790 3212 tabernaculo.
1825 3156 2029 3210 Merito

385 3261 520 3316 ergo
554 3261 748 3300 sermo
784 3246 1160 3316 propheticus
1189 3247 1376 3317 ipsius
1391 3245 2029 3302 Davidtabernaculum
2061 3235 2104 3301 C
2145 3237 2307 3296 Δαυῖδ

382 3347 623 3387 rursum
649 3333 1062 3390 aediﬁcandum
1100 3335 1261 3390 dicit.
1296 3335 1472 3405 idque
1505 3352 1624 3390 non
1661 3335 1732 3390 ad
1792 3351 2036 3406 parvum

387 3427 622 3491 tempus
645 3421 918 3486 dicit,sed
951 3422 1024 3476 ad
1048 3439 1257 3476 omnes
1279 3423 1405 3478 dies
1437 3425 2040 3481 smculi.Promittitur

393 3516 590 3568 autem
618 3510 893 3583 gentibus
930 3511 1148 3566 donum
1183 3513 1537 3570 cognitionis
1569 3513 1928 3567 divinaa.hoc
1949 3518 2040 3568 est

390 3599 464 3655 iis
497 3601 596 3670 qui
620 3615 688 3655 ex
718 3598 994 3670 gentibus
1023 3598 1096 3652 ad
1129 3599 1704 3656 Christumcmiversi
1737 3603 2041 3658 l'uerint.et

389 3691 631 3747 nomine
646 3689 860 3745 Christi
889 3687 1215 3742 vocati.Alii
1231 3707 1362 3744 vero
1379 3691 1447 3747 de
1465 3691 1897 3748 resurrectione
1911 3691 2038 3761 ejus

393 3797 461 3836 ex
494 3779 744 3835 mortuis
766 3779 877 3834 hoc
900 3795 1029 3833 esse
1055 3777 1277 3834 dictum
1311 3780 1492 3837 aiunt.
1519 3782 1670 3836 124
1703 3781 1846 3836 Cum
1879 3781 2036 3835 enim

390 3871 543 3926 Deus
575 3885 643 3924 ac
675 3871 848 3924 Pater
877 3869 1330 3926 tabernaculum
1360 3872 1486 3940 ejus
1518 3870 1673 3941 quod
1699 3870 1756 3924 in
1785 3875 2036 3925 mortem

389 3958 826 4018 occiderat.hoc
854 3965 943 4013 est
974 3959 1132 4029 quod
1164 3975 1442 4015 carneum
1477 3967 1671 4022 erat,a
1693 3965 1848 4014 terra
1877 3960 2035 4016 exci-

392 4052 598 4112 tasset,
619 4053 760 4103 tunc
791 4065 968 4104 omne
992 4064 1178 4122 genus
1210 4048 1536 4106 humanum
1568 4049 1643 4104 ad
1671 4057 1927 4104 veterem
1946 4065 2040 4103 re-

393 4138 585 4194 stituit
615 4137 894 4192 lormam:
928 4143 986 4192 et
1017 4139 1218 4194 omnia
1248 4145 1452 4194 nostra
1481 4155 1612 4209 quas
1643 4139 1834 4196 diruta
1851 4143 2039 4203 erant,

399 4228 460 4282 in
495 4243 704 4282 novam
735 4226 944 4281 faciem
976 4228 1226 4282 excitata
1258 4233 1394 4283 sunt
1429 4245 1442 4282 :
1476 4227 1652 4285 simul
1713 4229 1870 4283 enim
1903 4243 2038 4285 cum

399 4318 628 4372 Christo
661 4317 1355 4388 surreximus.Siquidem
1381 4335 1542 4373 mors
1573 4319 1840 4375 omnium
1861 4317 2042 4372 diruit

395 4407 959 4474 tabernacula,Deus
991 4425 1124 4462 vero
1157 4414 1213 4463 et
1245 4411 1418 4462 Pater
1447 4425 1553 4480 per
1582 4409 1876 4465 Christum
1897 4407 2040 4463 aedi-

395 4495 590 4552 ﬁcavit
617 4513 685 4553 ac
717 4498 996 4554 restituit.
1032 4499 1229 4569 Neque
1263 4497 1420 4552 enim
1454 4498 1570 4553 alio
1602 4498 1778 4554 modo
1809 4503 2042 4571 poterat

2066 1855 2113 1919 Β

2132 576 2160 604 κ
2195 553 2256 608 τὸ
2289 549 2462 627 ὄνομά
2495 575 2598 626 μου
2649 553 2728 610 ἐπ’
2791 555 3006 622 αὐτοὺς,
3062 553 3212 628 λέγει
3267 554 3482 628 Κύριος,
3545 556 3572 609 ὁ
3603 558 3782 609 ποιῶν

2745 645 2966 699 Γνωστὰ
3051 644 3142 698 ἀπ’
3227 642 3419 705 αἰῶνός
3504 642 3617 699 ἐστι
3701 648 3781 716 τῷ

2140 757 2159 782 ι
2196 738 2316 804 Θεῴ
2373 733 2540 789 πάντα
2593 734 2662 790 τὰ
2730 733 2861 812 ἕογα
2892 733 3079 791 αὐτοῦ.
3137 734 3228 788 Διὸ
3291 732 3402 810 ἐγὼ
3457 734 3646 810 κρίνω,
3703 734 3779 807 μὴ

2137 823 2561 898 «παρενοχλεῖν
2611 829 2732 885 τοῖς
2799 823 2905 878 ἀπὸ
2977 828 3083 878 τῶν
3143 822 3306 878 ἐθνῶν
3367 822 3778 896 ἐπιστρέφουσιν

2136 911 2283 967 «ἐπὶ
2345 913 2435 968 τὸν
2495 913 2647 982 Θεὸν,
2710 912 2853 968 ἀλλά
2921 911 3227 968 ἐπιστεῖλαι
3285 912 3470 974 αὐτοῖς
3525 915 3623 966 τοῦ
3675 913 3780 968 ἀπ-

2137 1025 2164 1054 ‹‹
2198 1001 2418 1076 ἔχεσθαι
2463 1009 2574 1058 τῶν
2619 1001 3019 1076 ἀλισγημάτων
3067 1007 3174 1056 τῶν
3217 998 3488 1070 εἰδώλων,
3545 1003 3634 1056 καί
3682 1009 3782 1070 τῆς

2141 1116 2162 1142 ι
2199 1093 2475 1165 πορνείας,
2533 1094 2622 1146 καὶ
2683 1097 2932 1164 πνικτοῦ,
2963 1091 3056 1146 καὶ
3111 1095 3208 1145 τοῦ
3265 1091 3520 1164 αἳματος.
3575 1093 3783 1160 Μωσῆς

2139 1203 2168 1233 ‹‹
2199 1181 2304 1255 γὰρ
2337 1180 2398 1236 ἐκ
2425 1180 2622 1259 γενεῶν
2653 1182 2900 1257 ἀοχαίων
2959 1182 3097 1236 κατά
3135 1180 3297 1236 πόλιν
3331 1179 3460 1242 τοὺς
3489 1181 3788 1256 κηρύσσον-

2139 1295 2166 1322 ‹‹
2199 1292 2293 1334 τας
2324 1270 2483 1326 αὐτὸν
2517 1269 2634 1346 ἔχει
2666 1271 2716 1326 ἐν
2745 1277 2863 1333 ταῖς
2895 1276 3232 1348 συναγωγαῖς
3260 1273 3394 1326 κατά
3437 1277 3542 1327 πᾶν
3571 1265 3786 1325 Σάϐϐα-

2137 1385 2165 1412 ‹‹
2200 1377 2296 1416 τον
2323 1360 2850 1438 ἀναγινωσκόμενος.
2885 1385 2913 1412 ››

2208 1450 2276 1506 υἱ
2334 1450 2429 1524 μὲν
2489 1447 2744 1507 Ἰουδαῖοι
2794 1451 2870 1513 εἰς
2928 1451 3025 1519 τὴν
3104 1449 3237 1523 μετά
3308 1449 3406 1518 τήν
3489 1448 3787 1524 αἰχμαλω-

2141 1540 2259 1594 σίαν
2320 1537 2592 1612 οἰκοδομὴ
2679 1545 2775 1595 τοῦ
2859 1540 2912 1596 ἐν
2971 1538 3378 1615 Ἱεροσολύμοις
3430 1541 3560 1593 ναοῧ
3625 1543 3789 1592 τοῦτο

2140 1628 2386 1700 εἰρῆσθαι
2441 1631 2744 1699 νενοηκασι.
2809 1633 2989 1686 Τοῦτο
3075 1627 3132 1684 δὲ
3191 1627 3291 1684 οὐκ
3365 1623 3507 1684 ἔστιν
3563 1626 3788 1696 ἀληθές·

2135 666 2161 692 ‹‹
2193 647 2361 697 ταῦτα
2445 644 2614 699 πάντα
2641 687 2654 700 .

2139 1718 2228 1773 καί
2319 1717 2452 1790 μετά
2532 1723 2694 1772 τοῦτο
2777 1719 2876 1794 γάρ
2976 1717 3252 1779 πολλάκις
3361 1713 3788 1790 κατέστραπται·

2141 1810 2176 1876 ἡ
2283 1806 2340 1863 δὲ
2431 1809 2740 1886 προφητεία
2849 1807 3070 1863 αἰωνίαν
3160 1809 3259 1876 τὴν
3367 1803 3790 1878 ἀνοικοδόμησιν

2147 1895 2558 1972 ἐπαγγέλλεται.
2648 1899 2713 1954 Οἱ
2788 1897 2843 1952 δὲ
2927 1895 3003 1958 εἰς
3083 1897 3174 1952 τὸν
3247 1891 3560 1972 Ζοροϐάϐελ
3631 1899 3791 1952 τοῦτο

2147 1984 2392 2059 εἰρῆσθαι
2448 1985 2718 2062 λέγοντες,
2782 1985 2842 2041 οὐ
2925 1985 3109 2048 καλῶς
3192 1988 3526 2056 νενοήκασιν,
3586 1986 3658 2045 ὡς
3735 1983 3795 2039 ἐκ

2148 2071 2309 2129 Δαυίδ
2379 2076 2440 2130 τὸ
2527 2074 2679 2150 γένος
2766 2077 3090 2151 κατάγοντα“
3152 2075 3252 2130 οὐκ
3335 2074 3445 2130 ἔστι
3529 2072 3584 2129 δὲ
3665 2071 3792 2129 οὐδὲ

2143 2170 2306 2220 τοῦτο
2369 2163 2589 2234 ἀληθὲς.
2671 2166 2732 2224 Ὀ
2789 2165 2891 2243 γὰρ
2945 2159 3258 2241 Ζοροϐάϐελ
3309 2164 3500 2238 ὀλίγον
3577 2165 3790 2238 ἠγεμο-

2144 2254 2331 2317 νεῦσας
2361 2255 2584 2330 χρόνον,
2617 2260 2715 2311 τοῦ
2749 2257 2975 2319 θανάτου
3029 2257 3122 2310 τὸν
3175 2256 3300 2328 δρον
3343 2252 3574 2324 ἐδέξατο.
3609 2255 3672 2310 Ἡ
3733 2250 3790 2309 δὲ

2143 2343 2455 2422 προφητεία
2533 2343 2766 2400 αἰωνίων
2827 2343 3044 2418 ἀγαθῶν
3119 2343 3444 2418 ἐπαγγελίαν
3519 2341 3787 2420 περιέχει,

2143 2431 2234 2486 καὶ
2289 2433 2396 2486 τῶν
2453 2431 2618 2488 ἐθνῶν
2695 2433 2945 2489 ἁπάντων
3005 2433 3082 2495 εἰς
3142 2433 3268 2488 Θεὸν
3319 2432 3625 2506 ἐπίγνωσινσ
3717 2432 3790 2485 ὧν

2145 2519 2296 2577 οὐδὲν
2325 2529 2439 2584 τοῖς
2501 2523 2603 2578 ὑπὸ
2652 2517 2963 2598 Ζοροϐάϐελ
3025 2521 3409 2599 γεγενημένοις
3487 2515 3786 2595 συμϐαῖνον

2145 2609 2485 2682 εὑρίσκομεν·
2521 2608 2804 2682 πρόδηλον
2830 2613 3016 2666 τοίνυν
3050 2611 3131 2666 ὅτι
3167 2612 3241 2673 εἰς
3271 2612 3364 2666 τὸν
3397 2611 3594 2685 Κύριον
3629 2612 3790 2684 ἡμῶν

2145 2701 2351 2770 Ἰησοῦν
2377 2701 2604 2774 Χριστὸν
2639 2700 2841 2771 ταύτην
2899 2701 3143 2777 εἰρῆσθαι
3204 2703 3496 2775 νοῆσομεν.
3541 2702 3599 2757 Ὀ
3684 2702 3789 2776 γὰρ

2143 2793 2343 2867 Κόριςλς
2403 2796 2564 2867 ἡμῶν
2623 2793 2684 2849 ἐκ
2741 2791 2904 2848 Δαυίδ
2965 2795 3212 2869 κατάγων
3285 2795 3422 2850 κατά
3474 2796 3646 2868 σάρκα
3727 2792 3790 2849 τὸ

2142 2881 2319 2958 γένος,
2391 2885 2491 2952 τήν
2545 2885 2684 2958 πρὸς
2741 2885 2832 2939 τὸν
2890 2882 3054 2940 Δαυῖδ
3112 2885 3476 2960 γεγενημένην
3562 2883 3794 2961 ἐπαγγε-

2143 2970 2264 3027 λίαν
2326 2971 2667 3044 ἐπλήρωσεν.
2735 2996 2756 3023 ι
2817 2975 2873 3028 Ὀ
2931 2975 3036 3052 γὰρ
3118 2974 3290 3049 Λόγος
3351 2975 3476 3049 σὰρξ
3563 2972 3790 3046 ἐγένετο,

2139 3063 2230 3118 καί
2261 3059 2559 3133 ἐσκήνωσεν
2617 3063 2668 3119 ἐν
2717 3066 2877 3137 ἡμῖν,
2941 3088 2968 3114 η
3025 3065 3124 3134 τήν
3176 3061 3236 3118 ἐκ
3293 3061 3455 3117 Δαυΐδ
3506 3057 3792 3118 ἀναλαϐὼν

2144 3153 2366 3220 σκηνήν.
2433 3151 2672 3216 Εἰκότως
2747 3153 2836 3207 οὖν
2925 3153 2954 3208 ὁ
3029 3152 3370 3232 προφητικὸς
3439 3149 3610 3226 λόγος
3695 3155 3791 3206 τοῦ

2404 3242 2502 3312 τὴν
2614 3243 2820 3311 σκηνὴν
2905 3239 3507 3313 ἀνοικοδομηθήσεσθκι
3615 3240 3796 3316 λέγει,

2141 3331 2230 3386 καί
2267 3331 2370 3386 οὐκ
2399 3329 2483 3386 ἐπ’
2515 3331 2699 3404 ὀλίγον
2733 3332 2951 3405 χρόνον,
3012 3329 3158 3387 ἀλλά
3205 3331 3379 3392 πάσας
3429 3332 3528 3392 τάς
3582 3332 3794 3405 ἡμέρας

2143 3423 2240 3474 τοῦ
2266 3419 2484 3484 αἰῶνοςο
2532 3418 2930 3495 ἐπαγγέλλεται
2989 3418 3046 3476 δὲ
3100 3426 3216 3482 τοῖς
3272 3419 3441 3477 ἔθνεσι
3498 3427 3598 3490 τῆς
3673 3421 3790 3475 θεο-

2145 3509 2382 3586 γνωσίας
2440 3511 2502 3566 τὸ
2551 3509 2746 3586 δῶρον,
2799 3509 3042 3566 τουτέστι
3113 3509 3242 3572 τοὺς
3331 3510 3381 3580 ἐξ
3442 3509 3603 3567 ἐθνῶν
3680 3509 3798 3564 ἐπι-

2145 3600 2472 3672 στρέψαντας
2525 3599 2600 3660 εἰς
2657 3599 2907 3674 Χριστὸν.
2965 3600 3054 3656 καί
3139 3598 3441 3671 κληθέντας
3507 3605 3587 3672 τῷ
3664 3599 3790 3653 ὀνό-

2149 3709 2277 3762 ματι
2336 3693 2430 3743 τοῦ
2489 3690 2742 3764 Χριστοῦ.
2805 3685 3006 3744 ’Ἀλλοι
3057 3688 3114 3744 δὲ
3181 3691 3258 3751 εἰς
3315 3691 3416 3759 τήν
3476 3688 3536 3744 ἐκ
3589 3692 3788 3761 νεκρῶν

2144 3776 2426 3832 ἀνάστασιν
2484 3776 2646 3832 αὐτοῦ
2699 3781 2858 3832 τοῦτο
2931 3777 3176 3853 εῗρῆσθαί
3263 3799 3412 3856 φασι.
3493 3779 3604 3846 Τῆν
3685 3776 3790 3854 γὰρ

2145 3865 2223 3926 εἰς
2279 3867 2502 3923 θάνατον
2572 3863 2736 3922 αὖτοῦ
2793 3866 3060 3922 πεσοῦσαν
3121 3869 3349 3937 σκηνήν,
3404 3866 3646 3922 τουτὲστι
3727 3868 3792 3920 τὸ

2147 3959 2254 4013 ἀπὸ
2309 3966 2413 4034 γῆς
2445 3959 2662 4034 σαρκίον
2696 3959 2998 4034 ἐγείραντος
3049 3963 3150 4015 τοῦ
3209 3963 3342 4015 Θεοῦ
3413 3958 3504 4014 καί
3557 3961 3794 4032 Ματρὸς,

2143 4051 2268 4106 τότε
2298 4055 2397 4106 πᾶν
2438 4053 2500 4106 τὸ
2563 4052 2906 4128 ἀνθρώπινον
2964 4055 3100 4128 πρὸς
3169 4053 3232 4109 τὸ
3309 4054 3538 4128 ἀρχαῖον
3595 4052 3788 4123 ἀνέστη

2145 4148 2364 4221 σχῆμα,
2423 4141 2514 4196 καὶ
2572 4142 2741 4197 πάντα
2795 4145 2956 4214 ἡμῶν
3034 4142 3100 4196 τά
3181 4141 3582 4217 κατερῥιμμὲνα
3659 4139 3796 4216 πρὸς

2145 4235 2265 4286 νέαν
2353 4233 2475 4306 ὄψιν
2556 4229 2871 4310 ἐγήγερται·
2978 4233 3418 4310 συνεγηγὲρμεθα
3501 4232 3605 4310 γὰρ
3713 4235 3792 4302 τῷ

2147 4323 2384 4396 Χριστῷ.
2450 4323 2758 4396 Κατέσκαψε
2815 4322 2908 4392 μὶν
2969 4323 3072 4396 γὰρ
3127 4323 3156 4376 ὁ
3213 4323 3438 4382 θάνατος
3465 4322 3564 4382 τὰς
3623 4321 3794 4376 ἀπάν-

2143 4431 2252 4464 των
2287 4410 2510 4480 σκηνάς.
2563 4406 2985 4482 Ἀνῳκοδόμησε
3033 4408 3088 4466 δὲ
3149 4411 3176 4465 ὁ
3235 4409 3365 4471 Θεὸς
3421 4408 3511 4464 καί
3605 4411 3792 4484 Πατὴρ

2147 4499 2200 4553 ἐν
2262 4504 2502 4574 Χριστῷ.
2561 4497 2674 4555 υῦκ
2737 4501 2802 4568 ἦν
2883 4499 2985 4573 γὰρ
3045 4498 3240 4575 ἐτέρως
3314 4499 3603 4568 ἀναστῆναι
3691 4499 3791 4567 τήν

396 4587 636 4640 excitari
669 4593 882 4643 natura
911 4593 1132 4650 nostra.
1172 4587 1287 4641 nisi
1319 4603 1563 4643 manum
1595 4589 1885 4658 praeberet
1937 4589 2035 4658 qui

2146 4587 2304 4668 φόσιν
2361 4589 2460 4657 τήν
2519 4585 2811 4662 ἡμετέραν,
2867 4591 2943 4661 μή
2985 4591 3080 4643 τοῦ
3165 4589 3262 4657 τήν
3313 4588 3492 4664 ἀρχὴν
3550 4583 3787 4644 διαπλά-

395 4673 558 4728 illam
593 4675 664 4729 ab
697 4676 866 4731 initio
901 4675 1276 4742 formaverat,
1309 4693 1376 4730 ac
1399 4676 1846 4748 regeneratione
1906 4693 2036 4746 qum

399 4761 467 4817 ﬁt
495 4779 599 4832 per
629 4781 844 4834 aquam
903 4770 961 4820 et
1015 4767 1288 4838 spiritum
1350 4781 1624 4836 superne,
1675 4765 2038 4836 disponeret.

397 4849 546 4904 Vere
578 4853 737 4907 enim
770 4855 1064 4910 ceciderat
1083 4873 1222 4913 casu
1246 4853 1692 4918 immedicabili,
1717 4859 1774 4909 et
1803 4855 1894 4910 cui
1924 4871 2042 4910 ma-

399 4956 482 4996 nu
506 4940 610 4995 illa
639 4941 882 4998 robusta
908 4959 1056 5015 opus
1096 4951 1269 5002 esset.
1305 4945 1483 5017 idque
1510 4945 1773 5001 futurum
1806 4943 1949 5000 dicit
1977 4947 2044 4999 ut

395 5047 515 5085 non
551 5031 620 5085 ad
663 5031 956 5088 modicum
993 5041 1224 5105 tempus
1255 5035 1427 5090 nobis
1476 5033 1799 5106 contingat.
1834 5033 1936 5089 sed
1968 5033 2042 5088 ad

396 5121 522 5176 dies
556 5121 786 5178 saeculi:
817 5125 930 5176 erit
959 5124 1524 5180 eniminamissibile
1545 5126 1604 5178 in
1629 5124 1802 5180 nobis
1819 5124 2041 5180 bonum

397 5211 864 5266 immortalitatis
891 5229 902 5266 :
937 5219 1076 5268 tunc
1100 5219 1298 5267 autem
1329 5221 1388 5268 et
1417 5215 1520 5284 qui
1553 5214 1790 5286 reliqui,
1823 5214 2038 5285 inquit,

397 5300 927 5358 fuerunthomines
955 5307 1199 5374 posteos
1221 5302 1319 5372 qui
1345 5318 1414 5358 ex
1435 5304 1614 5360 Israel
1639 5303 2042 5368 crediderunt,

401 5403 537 5443 eum
571 5391 668 5460 qui
697 5407 830 5446 vere
865 5395 922 5446 et
951 5395 1166 5448 natura
1187 5391 1339 5448 Deus
1360 5399 1451 5448 est
1480 5398 1898 5466 cognoverunt,
1933 5409 2042 5447 ve-

399 5479 510 5534 teri
542 5497 742 5536 errore
773 5481 1000 5537 relicto.
1023 5481 1404 5540 Vocabuntur
1432 5487 1630 5540 autem
1662 5497 1870 5538 omnes
1893 5497 2042 5554 quo-

467 5661 516 5702 “
543 5663 714 5726 Joan.
746 5679 787 5735 ι,
821 5665 910 5726 u.

2708 4682 2869 4751 χεῖρα
2971 4676 3271 4751 ὀρέξαντος,
3347 4676 3434 4732 καί
3521 4673 3792 4733 διατυπώ-

2151 4785 2342 4826 σαντος
2403 4763 2602 4829 ἄνωθεν
2693 4764 2763 4839 τῇ
2849 4763 2916 4821 δι’
2993 4763 3186 4827 ὓδατος
3275 4765 3622 4840 ἀναγεννήσει
3700 4763 3791 4819 καί

2149 4853 2476 4926 πνεύματος.
2565 4855 2901 4911 Ἐπεπτώκει
2961 4857 3064 4932 γὰρ
3125 4851 3294 4918 ὅντως
3377 4858 3578 4924 πτῶμα
3643 4853 3791 4908 ἀνία-

2147 4959 2268 5018 τον,
2351 4945 2438 4998 καὶ
2515 4950 2614 5012 τῆς
2670 4949 2928 5018 κραταιᾶς
2987 4945 3193 5016 ἐκείνης
3273 4941 3526 5014 δεόμενον
3587 4942 3797 5018 χειρός.

2151 5016 2253 5089 Κάἰ
2311 5035 2470 5086 τοῦτο
2525 5035 2660 5104 ἡμῖν
2715 5033 2818 5088 οὐκ
2879 5031 2956 5094 εἰς
3017 5033 3218 5106 χρόνον
3293 5030 3456 5110 φησὶν
3539 5030 3790 5106 ὑπάρξειν

2155 5121 2374 5196 μικρὸν,
2404 5117 2532 5176 ἀλλ’
2565 5121 2642 5183 ε”ς
2674 5123 2882 5195 ἡμέρας
2939 5120 3158 5184 αἰῶνος.
3219 5114 3638 5190 Ἀναπόελητον
3686 5120 3789 5194 γὰρ

2151 5209 2202 5266 ἐν
2235 5213 2370 5282 ἡμῖν
2401 5211 2463 5264 τὸ
2496 5217 2596 5278 τῆς
2630 5210 2924 5290 ἀφθαρσίας
2955 5209 3167 5284 ἀγαθόν.
3201 5207 3340 5266 Τότε
3379 5205 3455 5276 δὲ,
3489 5209 3642 5289 φησί,
3702 5207 3790 5262 καὶ

2153 5301 2204 5355 οἰ
2224 5297 2554 5356 κατάλοιποι
2614 5304 2721 5355 τῶν
2775 5298 3068 5374 ἀνθρώπων
3133 5297 3266 5370 μετά
3319 5296 3446 5358 τοὺς
3501 5317 3794 5352 πεπιστευ·

2151 5390 2312 5451 κότας
2341 5389 2390 5460 ἐξ
2455 5387 2696 5458 Ἰσραήλ,
2745 5389 2835 5444 τὸν
2881 5388 3034 5468 φύσει
3085 5385 3174 5442 καὶ
3253 5386 3478 5458 ἀληθῶς
3533 5385 3797 5462 ἐγνώκασι

2153 5479 2302 5548 Θεὸν,
2357 5482 2456 5548 τῆς
2513 5479 2748 5555 ἀρχαίας
2793 5477 3010 5550 πλάνης
3066 5477 3550 5556 ἀποφοιτήσαντες.
3641 5473 3800 5546 Κλη-

2153 4696 2342 4738 σαντος
2422 4675 2612 4746 αὐτὴν,
