4150 6200
312 339 427 403 ili

1278 334 1684 397 COMMENT.
1729 337 1816 399 ΙΝ
1861 337 2067 399 ACTA
2108 341 2719 408 APOSTOLORUM.

3606 358 3724 419 222

308 475 567 545 θήσονται
627 466 707 541 δὶ,
769 467 927 549 ιρησὶ,
982 466 1075 523 καὶ
1132 466 1307 523 πάντα
1377 468 1447 522 τὰ
1522 464 1674 539 ἔθνη,
1729 468 1819 524 καὶ
1879 465 1968 524 ἐπ’

2089 489 2196 544 que
2226 482 2454 550 gentes,
2486 478 2700 551 inquit.
2737 486 2796 538 et
2824 499 3003 555 super
3023 484 3131 540 has
3154 486 3266 542 erit
3286 503 3510 546 nomen
3527 508 3729 549 meum

311 565 503 624 αὑτοῖς
535 560 681 618 ἔσται
737 559 798 615 τὸ
850 557 982 632 ἐμὸν
1030 556 1230 630 ὄνομα,
1282 557 1363 636 ἐφ’
1403 559 1492 620 οῖς
1543 558 1634 614 καὶ
1692 558 1742 633 ἐξ
1792 560 1972 635 ἀρχῆς

308 651 689 722 ἐπικέκληται,
726 674 752 701 u
789 648 905 710 Οὓς
958 646 1060 723 γὰρ
1118 646 1393 727 προέγνω,
1462 647 1552 702 καὶ
1609 649 1908 725 προώρισε,
1944 670 1970 703 ε

312 741 468 819 φησί

381 854 411 883 u
441 829 581 888 Τότε
627 822 777 901 ἔδοξε
830 832 947 889 τοῖς
1003 823 1338 887 ἀποστόλοις
1393 826 1485 880 καὶ
1542 831 1659 888 τοῖς
1736 822 1973 903 πρεσϐυ-

310 944 341 973 «ι
376 920 554 993 τέροις
615 916 706 971 σὺν
766 915 873 991 ’ὀλῃ
924 919 992 988 τῇ
1051 912 1336 987 ἐκκλησίᾳ.
1411 913 1799 988 ἐκλεξαμένους
1882 915 1974 971 ἅν-

311 1033 334 1059 ι
376 1005 507 1080 δρας
537 1005 589 1076 ἐξ
621 1006 799 1061 αὑτῶν
851 1003 1061 1078 πέμψαι
1111 1002 1187 1065 εὶς
1243 1002 1578 1079 Ἀντιόχειαν
1632 1003 1723 1058 σὺν
1770 1003 1974 1079 Παύλῳ

314 1122 342 1149 κ
379 1105 473 1152 καί
507 1088 778 1166 Βαρνάϐᾳ,
811 1091 1020 1149 Ἰούδαν
1051 1092 1143 1147 τὸν
1194 1089 1627 1165 ἐπικαλούμενον
1674 1090 1970 1169 Βαρσαϐἆν,

320 1211 351 1238 α
376 1186 468 1241 καὶ
502 1183 693 1251 Σίλαν,
725 1180 925 1258 ἄνδρας
956 1184 1302 1260 ἡγουμένους
1335 1181 1386 1238 έν
1419 1188 1536 1245 τοῖς
1558 1179 1973 1259 ἀδελφοῖς,γρά-

316 1302 340 1328 ι
376 1280 573 1350 ψαντες
603 1272 696 1329 διὰ
726 1278 933 1354 χειρῶν
964 1272 1140 1329 αὐτῶν
1194 1269 1342 1328 τάδε·
1401 1272 1468 1330 Οἱ
1507 1272 1832 1341 ἀπόστολοι,
1880 1269 1972 1329 καὶ

316 1388 347 1418 α
380 1366 435 1421 οἱ
464 1358 843 1440 πρεσϐύτεροι,
874 1360 965 1416 καὶ
998 1361 1051 1416 οἱ
1075 1358 1325 1441 ἀδελφοὶ,
1346 1366 1463 1424 τοῖς
1480 1362 1617 1417 κατὰ
1638 1364 1735 1433 τὴν
1760 1363 1972 1420 Ἀντιό-

312 1480 346 1510 α
380 1476 540 1533 χειαν
572 1455 663 1510 καὶ
723 1453 917 1528 Βυρὲαν
967 1452 1058 1508 καὶ
1120 1450 1369 1509 Κιλικίαν
1427 1450 1689 1533 ἀδελφοῖς
1746 1460 1862 1516 τοῖς

319 1545 577 1615 «ἐθνῶν,
627 1544 862 1621 χαίρειν.
924 1540 1143 1614 Ἐπειδή
1203 1544 1536 1619 ἠκούσαμεν,
1591 1544 1675 1599 ὅτι
1725 1545 1862 1607 τινές
1919 1544 1970 1617 ἐξ

319 1660 351 1689 κ
386 1639 550 1709 ἡμῶν
609 1631 911 1705 ἐξελθόντες
983 1632 1237 1709 ἐτάραξαν
1313 1634 1453 1708 ὑμᾶς
1540 1632 1756 1712 λόγοις,
1840 1635 1968 1691 ἀνα-

314 1749 346 1778 s
385 1724 735 1795 σκευάζοντες
764 1723 863 1784 τὰς
893 1723 1076 1799 ψυχὰς
1113 1723 1290 1797 ὑμῶν,
1342 1720 1595 1801 λέγοντες
1649 1726 1967 1800 περιτέμνεο

307 1840 339 1867 κ
378 1817 503 1903 σθαι
530 1814 624 1869 καὶ
652 1818 838 1887 τηρεῖν
866 1813 959 1903 τόν
1013 1813 1204 1886 νόμον,
1261 1812 1345 1873 οἶς
1406 1812 1470 1903 δύ
1531 1810 1966 1903 διεστειλάμεθα,
2000 1838 2046 1903 Β

305 1930 336 1958 κ
372 1899 552 1978 ἔδοξεν
580 1907 716 1979 ἡμῖν
775 1902 1086 1982 γενομένοις
1140 1900 1517 1977 ὁμοθυμαδὸν,
1576 1902 1968 1978 ἐκλεξαπένους

311 2019 339 2049 ι
382 1992 582 2068 ἄνδρας
640 1993 858 2070 πέμψαι
910 1993 1048 2066 πρὸς
1106 1993 1270 2067 ὑμᾶς,
1329 1993 1420 2047 σὺν
1488 1997 1605 2058 τοῖς
1660 1994 1968 2068 ἀγαπητοῖς

307 2110 338 2138 κ
374 2087 542 2158 ἡμῶν
576 2077 835 2154 Βαρνάϐᾳ
883 2083 973 2138 καὶ
1027 2080 1251 2155 Παύλῳ,
1301 2081 1606 2158 ἀνθρώποις
1645 2080 1969 2160 παραδεδώ-

308 2198 340 2228 α
374 2173 499 2229 κόσι
531 2174 629 2234 τὰς
663 2171 849 2252 ψυχας
881 2173 1058 2227 αὐτῶν
1095 2172 1225 2247 ὑπὲρ
1254 2175 1351 2227 τοῦ
1402 2171 1668 2247 ὀνόματος
1714 2177 1812 2231 τοῦ
1868 2181 1973 2230 Κυ-

312 2288 342 2320 σ
376 2263 500 2339 ρίου
529 2265 693 2334 ἡμῶν
726 2262 911 2332 Ἰησοῦ
940 2264 1196 2334 Χριστοῦ.
1232 2260 1681 2336 Ἀπεστάλκαμεν
1714 2261 1975 2339 οὖνἸού-

313 2377 340 2408 ι
513 2352 605 2408 καὶ
635 2349 829 2417 Σίλαν,
863 2351 951 2406 καὶ
983 2349 1179 2412 αὐτοὺς
1209 2348 1300 2405 διὰ
1332 2349 1502 2429 λόγου
1523 2336 1971 2427 ἀπαγγέλλοντας

316 2469 349 2497 «
386 2444 456 2500 τὰ
512 2442 671 2498 αύτά.
729 2438 920 2512 Ἔδοξε
983 2440 1085 2519 γὰρ
1161 2445 1240 2513 τῷ
1314 2442 1458 2518 ἁγίῳ
1538 2443 1808 2517 Πνεύματι
1880 2442 1973 2500 καὶ

319 2558 352 2587 κ
391 2535 550 2608 ἡμῖν,
585 2529 755 2605 μηδὲν
783 2529 954 2588 πλέον
1003 2529 1335 2594 ἐπιτίθεσθαι
1396 2532 1524 2606 ὑμῖν
1581 2532 1770 2608 βάρος.
1827 2531 1975 2604 πλὴν

318 2648 353 2676 ‹‹
389 2628 499 2681 τῶν
556 2621 851 2700 ἐπάναγκες
909 2620 1139 2689 τούτων,
1198 2618 1493 2700 ἀπέχεσθαι
1565 2619 1973 2695 εἰδωλοθύτων,

323 2737 350 2766 ι
387 2712 476 2767 καὶ
510 2710 763 2786 αἳματος,
795 2708 885 2767 καὶ
909 2715 1162 2781 πνικτοῦ,
1189 2709 1280 2766 καὶ
1308 2710 1582 2786 πορνείας,
1632 2709 1683 2785 ἐξ
1728 2713 1801 2767 ὧν
1852 2709 1974 2768 δια-

320 2825 359 2854 σε
391 2805 687 2876 τηροῦντες
770 2798 994 2862 ἐαυτους
1078 2792 1136 2855 εὖ
1210 2798 1454 2873 πράξετε.
1542 2798 1844 2876 Ἒῤῥωσθε·
1906 2803 1975 2861 O’t

318 2915 355 2946 α
393 2890 493 2964 μὲν
519 2890 612 2945 οὖν
668 2886 1055 2956 ἀπολυθέντες,
1111 2887 1284 2958 ἦλθον
1340 2888 1418 2951 ε“ς
1466 2889 1826 2965 Ἀντιόχειαν,
1884 2892 1977 2947 καὶ

315 3006 348 3033 α
389 2973 781 3055 συναγαγόντες
812 2978 876 3034 τὸ
906 2976 1145 3049 πλῆθος,
1178 2974 1454 3034 ἐπέδωκαν
1504 2979 1603 3046 τήν
1654 2977 1973 3051 ἐπιστολὴν,

313 3094 347 3121 κ
386 3067 705 3146 ἀναγνόντες
742 3063 799 3122 δὲ
824 3065 1098 3145 έγάρησαν
1157 3066 1246 3124 ἐπὶ
1303 3071 1372 3141 τῇ
1432 3071 1778 3144 παρακλήσει
1835 3067 1975 3127 Ἰού-

319 3183 352 3210 α
391 3155 488 3218 δας
518 3178 575 3213 τε
602 3157 693 3212 καὶ
726 3156 897 3218 Σίλας
952 3158 1042 3212 καὶ
1100 3155 1254 3212 αὐτοὶ
1312 3164 1595 3238 προφῆται
1652 3154 1824 3226 ὄντες,
1886 3155 1975 3215 διὰ

318 3270 345 3300 ι
388 3244 565 3323 λόγου
618 3243 838 3302 πολλοῦ
890 3242 1262 3321 παρεκάλεσαν
1319 3242 1445 3307 τοὺς
1531 3242 1824 3327 ἀδελφοὺς,
1882 3247 1974 3303 καὶ

318 3334 764 3409 «ἐπεστήριξαν.
850 3336 1181 3406 Ποιήσαντες
1243 3332 1305 3390 δὲ
1358 3333 1556 3410 χρόνον
1633 3334 1982 3407 ἀπελύθησαν

324 3449 361 3479 α
397 3420 514 3497 μετ’
543 3426 767 3500 εἰρήνης
800 3423 907 3479 ἀπὸ
935 3428 1045 3479 τῶν
1075 3421 1326 3505 ἀδελφῶν
1375 3426 1511 3500 πρὸς
1564 3425 1691 3488 τοὺς
1744 3425 1985 3484 ἀποστό-

325 3511 547 3576 «λους.
581 3511 772 3584 Ἔδοξε
812 3510 869 3568 δὲ
926 3517 1005 3585 τῷ
1063 3512 1204 3586 Σίλᾳ
1258 3511 1535 3587 ἐπιμεῖναι
1589 3515 1773 3571 αὐτοῦ.
1840 3521 1984 3572 Παύ-

334 3625 361 3655 ι
396 3601 499 3665 λος
532 3602 591 3658 δὶ
618 3602 709 3659 καὶ
755 3596 1031 3677 Βαρνάϐας
1088 3597 1356 3679 διέτριϐον
1415 3601 1467 3659 ἐν
1524 3604 1833 3686 Ἀντιοχείᾳ
1889 3603 1981 3661 δι-

327 3715 359 3748 α
398 3689 688 3755 δὶσκοντες
751 3692 840 3746 καὶ
904 3689 1391 3770 εὐαγγελιζόμενοι
1454 3694 1587 3766 μετὰ
1643 3696 1730 3751 καὶ
1783 3694 1979 3764 ἑτέρων

324 3810 360 3839 κ
397 3783 628 3841 πολλῶν
694 3784 786 3841 τὸν
847 3782 1016 3863 λόγον
1077 3788 1176 3840 τοῦ
1233 3784 1450 3861 Κυρίου.
1515 3787 1667 3845 Μετᾶ
1724 3784 1783 3844 δέ
1837 3808 1982 3850 τινας

323 3900 357 3931 α
395 3873 608 3948 ἡμέρας
666 3875 783 3930 εἶπε
846 3872 1061 3937 Παῦλος
1118 3873 1255 3947 πρὸς
1341 3870 1634 3951 Βαρνάϐαν·
1704 3874 1985 3953 Ἐπιστρέρ

329 3990 365 4017 σε
398 3968 597 4037 ψαντες
654 3960 721 4032 δὴ
802 3964 1221 4039 ἐπισκεψώμεθα
1303 3962 1431 4027 τοὺς
1496 3961 1768 4045 ἀδελφοὺς
1824 3968 1985 4042 ἡμῶν

322 4077 361 4109 α
392 4055 534 4111 κατά
594 4057 765 4109 πᾶσαν
815 4051 1003 4123 πόλιν,
1088 4053 1142 4109 ἐν
1224 4053 1312 4117 αἶς
1394 4052 1836 4132 κατηγγείλαμεν
1893 4056 1986 4111 τὸν

324 4169 358 4197 σι
392 4142 562 4217 λόγον
596 4147 692 4198 τοῦ
724 4142 951 4219 Κυρίου,
981 4147 1102 4205 πῶς
1133 4140 1348 4220 ἔχουσι.
1384 4164 1412 4195 n

405 4258 437 4286 κ
499 4230 923 4307 Ἐκλεξαμένους
1002 4229 1197 4308 ἄνδρας
1282 4230 1334 4303 ἐξ
1401 4232 1580 4289 αὐτῶν
1666 4230 1899 4309 πέμψαι.
1956 4258 1983 4286 »ι

322 4320 486 4383 Ἔδει
512 4322 590 4396 μή
624 4322 723 4390 τήν
755 4318 1056 4391 ἐπιστολήν
1085 4326 1353 4395 παρεῖναι,
1395 4320 1581 4397 μόνον,
1633 4321 1718 4378 ’ἱνα
1769 4324 1846 4398 μή
1895 4322 1984 4381 λέ·

328 4433 508 4491 γωσιν
570 4412 656 4467 ὅτι
714 4413 1056 4487 συνήρπασαν
1115 4409 1262 4468 ἄλλο
1312 4411 1426 4467 ἀντ’
1488 4408 1665 4468 ἁλλου
1723 4412 1987 4483 εἰπόντες,

326 4499 466 4558 ἀλλ’
495 4498 635 4557 ὥστε
690 4500 781 4557 καὶ
830 4499 1273 4576 ἀξιοπιστότερον
1322 4499 1569 4574 γενέσθαι
1614 4500 1678 4557 τὸ
1735 4507 1986 4578 πρᾶγμα,

333 4592 619 4665 πέμπουσι
676 4588 803 4652 τοὺς
858 4591 984 4665 παρ’
1038 4588 1237 4660 αὐτῶν,

334 4674 619 4755 Βαρνάϐας
659 4679 750 4735 καὶ
808 4676 1049 4740 Παῦλος.
1105 4679 1214 4735 Ἵνα
1271 4675 1328 4734 δὲ
1386 4679 1465 4751 μὴ
1526 4676 1655 4756 δόξῃ
1714 4675 1985 4753 διαϐολῆς

335 4770 475 4825 εἶναι
518 4767 740 4824 Παύλου
768 4767 859 4824 καὶ
891 4762 1144 4842 Βαρνάϐα
1186 4766 1259 4824 τὸΔ
1299 4767 1534 4829 ἐκείνους
1584 4767 1982 4840 ἀποσταλῆναι,

336 4856 778 4937 ἐγκωμιάζουσιν
831 4856 1052 4918 αὐτοὺς.
1085 4856 1450 4931 Ἀνθρώποις,
1480 4857 1630 4938 φασὶ,
1662 4855 1984 4933 παραδεδω-

333 4950 463 5005 κόσι
492 4949 588 5009 τὰς
619 4946 802 5027 ψυχὰς
826 4945 1005 5002 αὐτῶν
1041 4945 1172 5021 ὗπὶρ
1212 4945 1610 5020 τοῦδνόματος
1639 4951 1738 5003 τοῦ
1784 4948 1983 5024 Κυρῖου

336 5040 500 5111 ἡμῶν
559 5037 738 5107 Ἰησοῦ
793 5037 1053 5109 Χριστοῦ.
1116 5060 1143 5088 «
1199 5031 1411 5107 Ἔδοξε,
1470 5036 1621 5115 φασὶ,
1678 5041 1758 5110 τῷ
1842 5037 1984 5114 ἁγίῳ

335 5127 612 5199 Πνεύματι
671 5125 763 5181 καὶ
821 5127 975 5199 ἡμῖν.
1031 5149 1059 5176 ››
1112 5120 1375 5198 Οὐδαμοῦ
1434 5124 1538 5202 γὰρ
1596 5126 1721 5201 περί
1780 5128 1985 5182 τούτων

341 5212 605 5290 διελέχθη
637 5215 666 5269 ὁ
697 5216 959 5290 Χριστὸς,
994 5212 1119 5269 ἀλλ’
1149 5213 1303 5270 οὗτοι
1328 5212 1435 5269 ἀπὸ
1464 5216 1561 5269 τοῦ
1591 5210 1767 5286 νόμου
1820 5219 1987 5271 ταῦτα

334 5300 613 5381 λέγουσιν.
648 5304 762 5358 Ἰνα
803 5301 895 5358 οὖν
957 5303 1032 5375 μὴ
1094 5298 1223 5377 δόξῃ
1286 5299 1629 5375 ἀνθρώπινον
1688 5302 1846 5373 εῗναι,
1905 5309 1988 5377 τῷ

331 5394 476 5468 ἁγίῳ
535 5391 999 5469 Πνεύματι”φασι.
1062 5390 1158 5447 Καὶ
1210 5388 1301 5447 ’ἔνια
1357 5388 1704 5469 διδαχθῶσιν
1760 5392 1843 5449 ὅτι
1897 5392 1987 5463 καὶ

332 5482 493 5540 αὐτοὶ
550 5477 916 5561 ἀποδίχονται
968 5479 1147 5539 καίτοι
1209 5480 1267 5536 ἐν
1343 5485 1618 5563 περιτομῇ
1677 5482 1844 5555 ὅντες,
1900 5480 1991 5538 ἐπ·

406 5662 455 5699 "
480 5663 654 5727 Rom.
684 5676 807 5734 vin,
827 5660 918 5718 30.

2083 581 2262 636 super
2292 584 2439 639 quas
2461 568 2534 624 ab
2556 570 2724 625 initio
2749 589 2984 643 quoque
3009 574 3352 632 invocatum
3380 586 3470 634 est
3494 598 3507 635 :
3529 582 3729 647 «Quos

2084 654 2245 711 enim
2277 657 2588 728 praescivit,
2622 658 2728 714 hos
2761 667 2819 715 et
2846 662 3245 733 prmdeflnivit
3275 665 3340 722 ³⁵.
3376 688 3405 717 ››

2151 835 2268 898 XV,
2299 836 2491 894 22-36.
2526 860 2554 888 «
2589 839 2748 894 Tunc
2780 840 2970 895 visum
3003 847 3093 897 est
3144 846 3433 916 apostolis
3494 854 3553 903 et
3599 867 3730 921 pre-

2081 945 2109 973 ‹‹
2144 924 2397 998 sbyteris
2427 944 2559 983 cum
2596 934 2717 983 tota
2744 932 3221 1003 congregatione,
3255 941 3320 989 ut
3370 936 3627 993 delectos
3659 955 3727 997 ex

2080 1033 2109 1062 «
2139 1029 2270 1068 sese
2309 1013 2461 1071 viros
2493 1016 2796 1072 mitterent
2828 1020 3205 1076 Antiochiam
3257 1040 3391 1079 cum
3439 1026 3621 1083 Paulo
3671 1033 3731 1084 et

2081 1125 2109 1154 ‹‹
2144 1105 2651 1173 Barnaba,Judam
2676 1125 2891 1181 nempe
2919 1118 3309 1179 cognomento
3332 1116 3647 1173 Barsabam
3671 1124 3730 1175 et

2081 1214 2110 1245 ‹‹
2142 1193 2321 1250 Silam
2351 1196 2507 1251 viros
2537 1197 2853 1268 primarios
2885 1199 3044 1254 inter
3092 1200 3326 1266 fratres,
3378 1204 3578 1260 missis
3626 1223 3732 1278 per

2080 1305 2109 1334 «
2134 1300 2347 1340 manus
2361 1302 2567 1342 eorum
2583 1286 2796 1343 litteris
2819 1288 2881 1344 in
2904 1290 3056 1346 hanc
3076 1293 3730 1366 sententiamzApostoli

2080 1394 2108 1423 ‹‹
2142 1379 2201 1429 et
2229 1374 2557 1445 presbyteri
2593 1392 2662 1431 ac
2691 1376 2904 1433 fratres
2927 1379 3019 1434 his
3043 1381 3143 1451 qui
3167 1389 3306 1438 sunt
3330 1384 3662 1440 Antiochia:
3677 1390 3735 1440 et

2079 1483 2108 1512 «
2140 1462 2203 1517 in
2236 1462 2403 1535 Syria
2431 1480 2498 1519 ae
2521 1463 2734 1520 .Cilicia
2763 1465 3066 1531 fratribus,
3121 1470 3221 1539 qui
3269 1479 3409 1526 sunt
3438 1489 3509 1527 ex
3538 1475 3728 1546 genti-

2078 1572 2107 1599 «
2139 1549 2273 1613 bus,
2299 1551 2573 1608 salutem.
2606 1553 2896 1619 Quoniam
2930 1555 3263 1612 audivimus
3294 1560 3453 1629 quod
3486 1562 3726 1631 quidam

2078 1659 2106 1688 (ι
2140 1656 2171 1694 e
2205 1638 2376 1695 nobis
2408 1642 2630 1713 egressi
2660 1643 3045 1699 turbaverunt
3094 1662 3194 1701 vos
3235 1648 3451 1708 verbis.
3510 1649 3725 1706 labefa-

2078 1750 2106 1778 ‹‹
2138 1733 2368 1784 ctantes
2398 1731 2635 1785 animos
2664 1739 2912 1794 vestros,
2941 1734 3223 1804 jubentes
3254 1753 3351 1792 vos
3374 1726 3728 1794 ‘circumcidi

2078 1831 2106 1859 «
2139 1825 2206 1865 ac
2239 1826 2470 1864 servare
2504 1810 2715 1884 legem,
2763 1812 2977 1883 quibus
3034 1832 3156 1869 non
3210 1834 3724 1889 praeceperamus:

2081 1921 2110 1949 ‹‹
2140 1898 2332 1954 visum
2364 1903 2454 1955 est
2483 1899 2656 1956 nobis
2685 1902 3050 1957 unanimiter
3079 1907 3446 1977 congregatis
3468 1907 3733 1964 delectos

2082 2009 2111 2037 «
2144 1986 2299 2043 viros
2332 1989 2568 2045 mittere
2599 1989 2672 2044 ad
2696 2006 2794 2045 vos
2817 2007 2951 2046 cum
2974 1991 3209 2048 dilectis
3231 1996 3451 2051 nostris
3468 1996 3734 2052 Barnaba

2082 2098 2109 2126 ‹‹
2143 2082 2202 2132 et
2232 2076 2431 2145 Paulo,
2492 2077 2837 2133 hominibus
2883 2079 2985 2150 qui
3041 2089 3443 2152 exposuerunt
3500 2086 3729 2141 animas

2081 2189 2110 2217 «
2144 2184 2282 2223 suas
2311 2184 2416 2239 pro
2450 2169 2692 2224 nomine
2724 2170 2959 2226 Domini
2990 2173 3179 2227 nostri
3208 2174 3345 2229 Jesu
3367 2174 3605 2230 Christi.
3630 2176 3734 2231 Mi-

2083 2280 2112 2310 (ι
2145 2259 2333 2314 simus
2366 2275 2502 2330 ergo
2532 2258 2740 2315 Judam
2782 2265 2841 2314 et
2886 2260 3088 2327 Silam,
3139 2263 3237 2333 qui
3291 2268 3351 2317 et
3397 2264 3509 2336 ipsi
3568 2264 3731 2321 vobis

2084 2370 2112 2399 ‹‹
2140 2348 2336 2404 verbis
2366 2348 2626 2404 referent
2657 2348 2885 2405 eadem.
2922 2350 3122 2407 Visum
3158 2359 3244 2408 est
3278 2355 3437 2409 enim
3490 2354 3734 2426 Spiritui

2085 2461 2113 2490 ‹‹
2135 2445 2339 2495 sancto
2363 2455 2430 2495 ac
2450 2439 2641 2497 nobis.
2668 2456 2743 2495 ne
2758 2439 2999 2511 quidem
3016 2443 3274 2514 amplius
3291 2444 3734 2516 imponeremus

2083 2550 2113 2580 ‹‹
2132 2528 2296 2586 vobis
2325 2531 2524 2587 oneris
2547 2547 2722 2603 quam
2740 2532 2867 2588 haec
2890 2534 3261 2589 necessaria:
3287 2538 3323 2589 1
3340 2536 3435 2592 25
3460 2536 3733 2591 videlicet

2085 2644 2112 2671 ‹‹
2148 2626 2212 2678 ut
2240 2621 2590 2677 abstineatis
2620 2639 2720 2677 vos
2750 2622 2821 2678 ab
2854 2623 2948 2678 bis
2977 2641 3108 2695 qua:
3142 2632 3281 2680 sunt
3320 2625 3631 2683 immolata
3661 2627 3735 2683 si-

2085 2733 2113 2761 ‹‹
2148 2710 2429 2767 mulacris
2456 2716 2515 2767 et
2554 2712 2840 2783 sanguine
2864 2718 2923 2769 et
2945 2714 3231 2770 sufl‘ocato
3257 2720 3316 2769 et
3353 2716 3733 2781 scortatione,

2085 2824 2113 2851 «
2145 2817 2180 2857 a
2211 2800 2427 2872 quibus
2455 2800 2721 2872 vosipsos
2753 2803 3159 2857 conservando
3191 2802 3594 2858 benefacietis.
3622 2806 3732 2859 Va-

2085 2913 2113 2940 «
2147 2889 2288 2946 lete.
2328 2890 2421 2945 Illi
2456 2906 2592 2963 ergo
2622 2890 2853 2945 dimissi
2884 2897 3178 2947 venerunt
3224 2893 3616 2959 Antiochiam,
3676 2898 3736 2949 et

2083 3000 2112 3029 ‹‹
2143 2984 2497 3053 congregata
2525 2978 2908 3035 multitudine
2944 2980 3332 3035 reddiderunt
3378 2982 3731 3052 epistolam:

2086 3088 2115 3117 «
2147 3083 2323 3138 quam
2356 3083 2492 3122 cum
2520 3066 2825 3139 legissent,
2856 3068 3039 3141 gavisi
3074 3075 3214 3123 sunt
3253 3086 3431 3141 super
3460 3071 3736 3126 consola-

2086 3179 2115 3207 ‹‹
2140 3156 2351 3213 tione.J
2363 3155 2507 3212 udas
2527 3160 2727 3213 autem
2752 3162 2812 3212 et
2840 3156 2990 3212 Silas
3013 3173 3147 3213 cum
3176 3165 3377 3213 essent
3396 3165 3456 3213 et
3476 3160 3588 3231 ipsi
3606 3177 3737 3231 pro-

2087 3268 2116 3295 «
2149 3246 2363 3319 phetm,
2399 3261 2673 3302 sermone
2706 3247 2943 3319 copioso
2992 3246 3281 3303 cohortati
3334 3254 3474 3302 sunt
3520 3248 3733 3304 fratres

2087 3356 2117 3385 ‹‹
2147 3351 2215 3392 ac
2241 3334 2760 3391 confirmaverunt.
2804 3336 3160 3391 Commorati
3208 3343 3405 3392 autem
3452 3338 3576 3393 illic
3620 3337 3733 3393 ali-

2094 3445 2121 3476 ι
2152 3429 2439 3494 quantum
2474 3423 2756 3496 temporis
2784 3423 3016 3480 dimissi
3049 3431 3189 3480 sunt
3216 3443 3350 3481 cum
3380 3443 3523 3498 pace
3552 3444 3587 3482 a
3613 3426 3730 3483 fra-

2088 3534 2116 3563 ‹‹
2149 3512 2339 3570 tribus
2369 3512 2443 3568 ad
2473 3513 2791 3585 apostolos.
2828 3515 3030 3570 Visum
3062 3520 3151 3569 est
3181 3521 3375 3570 autem
3421 3517 3551 3572 Silaa
3602 3533 3733 3573 ma-

2089 3625 2118 3654 ‹‹
2150 3621 2292 3660 nere
2323 3604 2566 3661 ibidem.
2599 3605 2818 3660 Paulus
2850 3613 3046 3660 autem
3081 3611 3139 3660 et
3178 3607 3478 3661 Barnabas
3530 3607 3736 3663 demo—

2090 3716 2117 3744 ‹‹
2151 3695 2437 3752 rabantur
2466 3695 2798 3752 Antiochiae
2850 3695 3133 3752 docentes
3193 3702 3252 3751 et
3309 3698 3738 3753 annuntiantes

2089 3805 2119 3834 «
2152 3802 2287 3841 cum
2319 3784 2452 3841 aliis
2493 3786 2675 3841 etiam
2726 3785 3135 3856 compluribus
3186 3785 3426 3840 verbum
3479 3784 3737 3840 Domini.

2090 3895 2118 3923 ‹‹
2150 3876 2292 3930 Post
2320 3874 2549 3945 aliquot
2568 3880 2763 3930 autem
2799 3874 2927 3928 dies
2946 3873 3093 3928 dixit
3123 3874 3196 3928 ad
3229 3873 3556 3929 Barnabam
3589 3876 3741 3929 Pau-

2091 3986 2119 4016 ‹‹
2146 3964 2276 4021 lus:
2311 3966 2840 4035 Revertentesjam
2872 3963 3178 4019 visitemus
3235 3963 3448 4019 fratres
3503 3970 3741 4019 nostros

2090 4076 2119 4104 «
2152 4071 2258 4128 per
2281 4070 2492 4110 omnes
2540 4054 2806 4109 civitates
2864 4054 2927 4107 in
2980 4053 3197 4123 quibus
3255 4054 3742 4110 annuntiavimus

2089 4166 2116 4194 ι(
2151 4142 2392 4199 verbum
2428 4142 2682 4209 Domini,
2715 4140 3013 4214 quomodo
3049 4158 3110 4197 se
3144 4142 3423 4199 habeant.
3461 4165 3489 4193 ››

2159 4251 2190 4282 ‹‹
2221 4231 2295 4287 Ut
2322 4230 2570 4286 dilectos
2598 4246 2668 4285 ex
2701 4246 2830 4285 sese
2862 4230 3021 4286 viros
3059 4230 3384 4287 mitterent.
3420 4253 3447 4281 ››
3504 4233 3744 4302 Oporte-

2088 4319 2190 4376 bat
2217 4335 2335 4374 non
2360 4319 2545 4374 solam
2570 4319 2779 4374 adesse
2814 4319 3150 4390 epistolam,
3183 4336 3258 4375 ne
3284 4321 3552 4377 dicerent
3581 4320 3740 4392 quod

2087 4408 2482 4481 arripuissent
2511 4408 2678 4464 aliud
2710 4425 2814 4481 pro
2849 4408 2968 4463 alio
3002 4409 3336 4465 scribentes
3410 4410 3620 4464 Verum
3674 4414 3738 4464 ut

2089 4516 2183 4555 res
2205 4515 2440 4571 quoque
2465 4499 2751 4568 majorem
2784 4498 3026 4555 haberet
3054 4499 3253 4563 fidem,
3286 4485 3530 4554 mittunt
3559 4515 3736 4570 quos-

1321 4586 1412 4645 ’ίνα
1495 4577 1798 4647 ἀνύποπτοι
1882 4577 1977 4648 ὦσι

2094 4590 2231 4646 dam
2261 4606 2330 4644 ex
2361 4589 2486 4644 suis
2513 4595 2581 4644 ut
2610 4589 2827 4645 Paulus
2857 4606 2924 4645 ac
2958 4588 3254 4645 Barnabas
3302 4588 3559 4659 suspecti
3619 4605 3740 4645 non

2097 4684 2314 4736 essent.
2345 4680 2425 4734 Ne
2445 4685 2643 4734 autem
2670 4679 2925 4749 suspicio
2950 4678 3190 4733 subesse
3212 4684 3452 4750 putetur
3469 4678 3539 4733 de
3557 4678 3739 4735 Paulo

2095 4775 2155 4825 et
2184 4768 2467 4837 Barnaba,
2502 4769 2662 4840 quod
2693 4769 2777 4824 illi
2814 4768 2933 4823 sint
2961 4768 3150 4836 missi,
3186 4767 3430 4824 laudant
3459 4784 3560 4823 eos
3586 4785 3598 4823 :
3628 4769 3739 4824 Ho-

2095 4859 2383 4926 minibus,
2417 4859 2718 4929 inquiunt,
2751 4857 2851 4928 qui
2885 4863 3291 4928 exposuerunt
3316 4858 3546 4913 animas
3604 4874 3743 4913 suas

2096 4966 2203 5022 pro
2237 4949 2482 5003 nomine
2511 4947 2744 5002 Domini
2779 4946 2969 5000 nostri
3006 4946 3141 5002 Jesu
3186 4947 3422 5003 Christi.
3474 4968 3503 4997 «
3535 4946 3740 5002 Visum

2099 5038 2403 5099 est.aiunt,
2429 5035 2671 5109 Spiritui
2696 5040 2900 5091 sancto
2916 5051 2987 5090 ac
3003 5035 3195 5093 nobis.
3215 5058 3242 5087 ››
3258 5038 3556 5108 Nusquam
3581 5038 3740 5092 enim

2100 5128 2171 5184 de
2193 5128 2287 5184 his
2308 5126 2591 5183 disseruit
2611 5125 2897 5190 Christus,
2931 5125 3035 5180 sed
3056 5126 3118 5181 hi
3144 5143 3179 5182 a
3199 5126 3325 5199 lege
3356 5127 3480 5182 haec
3511 5127 3737 5182 dicunt.

2100 5218 2179 5271 Ne
2210 5231 2345 5282 ergo
2376 5215 2701 5270 humanum
2736 5230 2865 5270 esse
2911 5214 3229 5282 videretur,
3276 5215 3447 5271 aiunt
3497 5214 3740 5288 Spiritui

2102 5311 2306 5361 sancto
2339 5305 2525 5360 visum
2558 5319 2706 5359 esse.
2742 5305 2930 5376 thue
2962 5304 3443 5360 demonstrarent
3472 5304 3631 5376 quod
3685 5310 3745 5360 et

2099 5393 2213 5466 ipsi
2245 5394 2618 5466 susciperent
2654 5410 2994 5465 quanquam
3053 5394 3112 5449 in
3162 5394 3619 5451 circumcisione
3650 5411 3740 5451 es-

2100 5487 2253 5552 sent,
2285 5480 2551 5538 addunt:
2582 5486 2656 5538 Et
2683 5481 2881 5538 nobis.
2926 5481 3155 5538 Etenim
3197 5482 3533 5554 potuissent
3561 5483 3737 5539 etiam
