4150 6200
351 371 467 429 223

1473 366 1891 434 (ECUMENU
1935 364 2238 428 TPICCAE
2282 360 2666 422 EPISCOPI.

3639 363 3755 420 924

356 504 579 576 absque
611 504 822 558 litteris
877 503 1002 558 haac
1059 503 1462 566 manifestare.
1525 505 1626 560 sed
1683 509 1750 558 ut
1806 501 2000 574 suspi-

2119 496 2330 572 ἀγουσι,
2393 491 2494 550 Καὶ
2551 495 2704 567 ἡμῖν.
2761 489 3052 550 ἹΙδύναντο
3110 491 3202 565 μὶν
3262 492 3364 568 γὰρ
3423 491 3512 547 καὶ
3570 491 3750 572 χωρὶς

358 596 527 650 cione
561 597 807 652 careret,
845 597 902 644 et
933 596 1212 663 tanquam
1249 593 1375 666 lege
1428 595 1646 666 scripta
1693 594 1818 648 haec
1873 591 2001 647 fleri

354 685 619 738 volentes
643 682 912 736 scribunt
941 683 1269 754 epistolam.
1309 687 1560 740 Rursum
1594 691 1657 739 ut
1712 684 1838 756 lege
1868 699 2001 753 per-

355 772 695 839 suaderent,
731 779 791 828 et
821 781 1077 844 quatuor
1107 775 1233 829 haec
1268 775 1392 830 ﬁeri
1426 775 2006 846 prohiberent,ca3te-

352 879 452 917 ros
484 879 680 915 mores
714 862 798 916 eis
830 863 1237 934 permiserunt
1290 866 1427 929 Qum
1458 871 1596 919 sunt
1614 871 1814 919 autem
1840 861 2005 917 hac?

357 973 380 1002 ιι
413 950 875 1010 Utabstineatis.
902 953 1116 1023 inquit,
1149 953 1220 1007 ab
1244 954 1337 1008 his
1370 971 1499 1025 quae
1533 959 1668 1008 sunt
1698 952 2004 1007 immolata

356 1039 694 1094 simulacris
729 1047 786 1093 et
823 1041 1110 1111 sanguine
1141 1047 1199 1095 ct
1244 1046 1527 1098 suffocato
1577 1058 1644 1097 ac
1693 1041 2003 1096 scortatio-

353 1145 448 1184 ne.
489 1151 516 1178 »
550 1129 660 1183 Per
691 1130 1040 1186 suffocatum
1069 1149 1204 1187 vero
1231 1133 1453 1188 cmdem
1483 1132 1820 1204 prohibent.

425 1309 580 1363 I26
613 1309 727 1373 XV,
763 1309 850 1375 37,
884 1311 969 1363 38.
1010 1331 1036 1359 «
1072 1310 1365 1366 Barnabas
1415 1316 1613 1366 autem
1657 1310 2006 1366 consulebat

363 1419 383 1448 ι
421 1401 488 1451 ut
518 1404 892 1452 assumerent
921 1405 977 1451 et
997 1399 1282 1454 Joannem
1309 1405 1699 1472 cognomento
1722 1401 2001 1454 Marcum.

359 1508 386 1537 κ
421 1487 638 1541 Paulus
669 1503 806 1541 vero
830 1486 1141 1556 judicabat
1161 1505 1295 1544 eum
1320 1489 1420 1559 qui
1453 1488 1837 1544 defeceratab
1860 1488 2005 1559 ipsis

363 1598 389 1626 (‹
425 1593 493 1630 ex
528 1575 898 1645 Pamphylia,
933 1592 1042 1630 nec
1074 1577 1224 1632 ierat
1261 1593 1393 1632 cum
1428 1577 1513 1633 eis
1543 1578 1606 1632 in
1663 1595 1832 1650 opus,
1882 1593 2004 1633 non

359 1687 386 1716 «
423 1681 553 1720 esse
594 1667 1041 1720 assumendum.
1082 1689 1108 1714 »

430 1755 688 1808 Joannes
711 1760 1104 1826 cognomento
1130 1757 1357 1811 Marcus
1382 1774 1581 1812 comes
1622 1758 1767 1828 ipsis
1813 1756 2008 1812 fuerat

2111 579 2454 665 γραμμᾶτων
2489 587 2658 640 ταῦτα
2689 581 2960 656 δηλῶσαι,
2993 583 3140 640 ἀλλὰ
3173 580 3262 638 διὰ
3307 584 3371 639 τὸ
3427 584 3756 653 ἀνύποπτον,

2107 676 2199 731 καὶ
2259 675 2398 729 ὥστε
2447 673 2615 745 νόμον
2672 672 2940 751 ἔγγραφον
3006 673 3339 748 βουλόμενοι
3396 677 3563 729 ταῦτα
3615 675 3756 750 γενέ-

2108 766 2250 832 σθαι,
2279 765 2546 840 γράφουσι
2577 765 2675 832 τήν
2705 761 3022 834 ἐπιστολήν.
3062 761 3233 817 Πάλιν
3295 761 3431 818 ὥστε
3479 766 3759 832 πεισθῆναι

2108 857 2188 924 τῷ
2244 853 2420 926 νόμῳ,
2470 851 2558 905 καὶ
2617 851 2682 905 τὰ
2739 851 2968 917 τέσσαρα
3043 856 3211 906 ταῦτα
3292 853 3759 926 ἀπαγορεύσαντες

2109 947 2306 1009 ποιεῖν,
2336 943 2403 994 τὰ
2460 937 2552 1010 ἔθη
2611 941 2678 994 τὰ
2733 939 2904 996 λοιπᾶ
2963 946 3177 1001 ἑαυτοῖς
3231 943 3638 1016 συνεχώρησαν.
3698 941 3760 998 Τί

2111 1027 2167 1084 δὲ
2197 1028 2309 1084 ἐστι
2340 1027 2544 1098 ταύτας
2615 1051 2636 1078 α
2697 1030 3048 1106 Ἀπέχεσθαι,
3109 1031 3290 1108 φασὶν,
3351 1027 3757 1102 εἰδωλοθύτων,

2108 1121 2199 1176 καὶ
2258 1118 2511 1195 αἵματος,
2566 1121 2657 1175 καὶ
2741 1126 2991 1190 πνικτοῦ,
3069 1121 3160 1176 καὶ
3245 1119 3518 1182 πουνείας.
3579 1147 3598 1170 ι
3665 1121 3758 1177 Διὰ

2111 1207 2168 1266 δὲ
2197 1215 2293 1266 τοῦ
2325 1210 2623 1286 ἀπέχεσθαι
2651 1215 2904 1272 πνικτοῦ,
2935 1213 3026 1267 τὸν
3054 1210 3212 1292 φόνον
3243 1211 3586 1288 ἀπείργουσι.

2183 1321 2208 1346 α
2269 1295 2548 1374 Βαρνάϐας
2605 1297 2662 1355 δὲ
2731 1295 3094 1356 ἐϐουλεύσατο
3163 1294 3610 1375 συμπαραλαὸεῖν
3665 1299 3758 1354 τὸν

2113 1412 2139 1440 ιι
2181 1389 2430 1459 Ἰωάννης
2460 1389 2551 1443 τὸν
2581 1386 2919 1462 καλούμενον
2970 1391 3210 1464 Μάρκον.
3265 1386 3481 1449 Παῦλος
3515 1385 3572 1442 δὲ
3600 1388 3758 1458 ἠξίου

2111 1502 2139 1529 ιι
2174 1478 2264 1533 τὸν
2293 1477 2602 1534 ἀποστάντα
2631 1478 2727 1534 ἀπ’
2756 1479 2931 1534 αὐτῶν
2964 1478 3071 1534 ἀπὸ
3125 1476 3480 1553 Παμφυλίας,
3531 1477 3619 1533 καὶ
3679 1480 3752 1550 μη

2113 1590 2141 1618 ιι
2167 1564 2490 1630 συνελθόντα
2519 1567 2706 1628 αὐτοῖς
2737 1567 2813 1630 εἰς
2843 1567 2905 1622 τὸ
2941 1565 3122 1643 ἓργον,
3183 1568 3259 1641 μή
3309 1560 3757 1641 συμπαραλαϐεῖν

2114 1680 2141 1708 ιι
2172 1660 2383 1713 τοῦτον.
2423 1681 2442 1707 ι

2185 1746 2496 1817 Ἰωάννηςὸ
2545 1745 2888 1822 καλούμενος
2945 1746 3166 1822 Μάρκος
3226 1749 3294 1816 ἦν
3351 1743 3758 1819 συνοδοιπορῶν

360 1844 430 1900 ad
453 1862 689 1899 cursum
716 1845 1113 1917 evangelicum
1143 1863 1176 1900 a
1201 1848 1510 1904 Palaestina
1529 1865 1719 1918 usque
1742 1848 1816 1903 ad
1839 1849 2004 1904 Pam-

2119 1835 2304 1898 αὐτοῖς
2337 1836 2412 1898 εἷς
2471 1838 2560 1892 τὸν
2608 1835 2966 1914 εὐαγγελικὸν
3027 1835 3252 1912 δρόμον,
3306 1837 3413 1892 ἀπὸ
3459 1834 3763 1894 Παλαιστί-

361 1935 627 2007 phyliam
657 1951 669 1988 :
704 1934 918 1989 deinde
949 1937 1235 2006 apostolis
1257 1944 1597 1993 constanter
1618 1955 1856 1993 cursum
1876 1955 2009 2009 pro-

364 2024 775 2095 sequentibus,
827 2041 893 2079 ac
945 2025 1243 2080 indefesso
1302 2027 1501 2082 animo
1557 2028 1629 2083 ad
1689 2028 2016 2084 certamina

360 2114 709 2179 obarmatis,
745 2115 971 2169 Marcus
1003 2115 1179 2170 homo
1213 2117 1414 2189 segnis
1445 2133 1553 2172 nec
1595 2117 1900 2173 sufﬁciens
1939 2116 2015 2172 ad

363 2210 596 2259 tantum
639 2220 902 2267 cursum,
936 2209 994 2258 et
1024 2204 1096 2258 ad
1131 2206 1459 2261 certamina
1488 2223 1556 2262 ac
1585 2207 1854 2278 pericula
1883 2224 2013 2278 quas

360 2295 423 2349 in
450 2309 683 2364 quaque
715 2293 946 2348 civitate
1003 2294 1410 2366 emergebant,
1460 2296 1658 2351 cursui
1713 2296 2012 2368 apostolo-

365 2402 495 2440 rum
527 2385 883 2439 renuntians
911 2402 1183 2442 reversus
1224 2393 1315 2443 est
1345 2388 1406 2442 in
1458 2387 1860 2450 Palaestinam,
1883 2377 2015 2444 ἰιοη

363 2475 661 2530 Christum
678 2474 1111 2546 abnegans,sed
1135 2475 1376 2549 longum
1399 2493 1569 2550 grave
1581 2495 1753 2549 mque
1773 2495 2013 2533 cursum

359 2564 647 2620 devitans.
682 2564 902 2619 Paulus
934 2571 1129 2619 autem
1156 2582 1221 2620 ac
1257 2567 1553 2622 Barnabas
1605 2568 1844 2639 pietatis
1890 2568 2014 2622 fru-

363 2653 558 2708 ctibus
585 2653 768 2724 pleni,
786 2654 962 2708 etiam
986 2655 1483 2710 Jerosolimitanze
1501 2657 1777 2712 Ecclesia:
1802 2656 2012 2728 prmdi-

367 2748 570 2799 cantes
604 2743 1003 2811 Evangelium,
1048 2743 1279 2799 labores
1329 2761 1709 2817 nequaquam
1759 2745 2014 2802 devitare

360 2832 767 2888 decreverunt.
819 2838 960 2887 Cum
1019 2833 1200 2905 igitur
1237 2839 1440 2906 gentes
1499 2851 1708 2890 omnes
1767 2835 2013 2890 Paulum

364 2939 432 2978 ac
461 2922 788 2977 Barnabam
822 2921 895 2976 ob
927 2922 1160 2994 egregia
1201 2922 1464 2978 facinora
1495 2922 1772 2979 laudibus
1805 2924 2011 2979 evehe-

363 3017 513 3078 rent,
541 3013 767 3067 Marcus
789 3011 1171 3067 contristatus
1193 3017 1283 3067 est
1301 3017 1358 3066 et
1380 3011 1580 3068 animo
1601 3017 2012 3084 compunctus,

360 3108 422 3157 et
451 3103 719 3157 fortassis
757 3102 836 3157 ita
869 3102 1178 3174 cogitavit:
1237 3102 1292 3157 Si
1329 3119 1490 3157 nunc
1521 3103 1717 3158 socius
1770 3102 2016 3158 fuissem

358 3192 656 3256 laborum,
681 3208 843 3245 nunc
874 3208 1108 3262 quoque
1139 3191 1434 3263 particeps
1455 3207 1648 3247 essem
1671 3191 2010 3255 etlaudum,

361 3287 420 3336 et
449 3281 531 3334 ita
561 3279 819 3334 decrevit
849 3296 967 3334 una
1002 3297 1134 3335 cum
1168 3281 1452 3352 apostolis
1511 3281 1584 3336 ad
1635 3281 2010 3354 praedicatio-

361 3384 499 3424 nem.
535 3368 712 3422 exire.
752 3367 1047 3422 Barnabas
1079 3369 1258 3440 igitur
1288 3369 1484 3440 ipsum
1508 3369 1877 3440 paenitudine
1900 3370 2007 3424 du-

360 3463 521 3512 ctum
565 3456 860 3525 suscepit:
893 3456 1113 3510 Paulus
1145 3471 1286 3511 vero
1320 3458 1735 3519 contendebat.
1767 3459 2007 3514 dicens:

361 3547 488 3601 Non
517 3542 753 3614 expedit
775 3559 908 3598 eum
942 3545 1041 3614 qui
1074 3544 1384 3600 nobiscum
1424 3562 1544 3600 non
1575 3553 1665 3600 est
1711 3549 2010 3618 profectus

359 3633 432 3688 ad
465 3648 612 3703 opus
646 3631 900 3697 Domini,
926 3631 1103 3686 simul
1141 3633 1774 3688 assumi-re.Dissensio
1807 3635 2007 3705 itaque

353 3721 605 3793 justitiae
631 3726 777 3782 erat,
804 3727 863 3776 et
884 3737 1005 3775 non
1028 3721 1150 3775 irae.
1182 3719 1399 3775 Paulus
1421 3721 1715 3792 siquidem
1742 3723 1897 3793 quod
1913 3724 2008 3792 ju-

361 3817 518 3866 stum
553 3815 643 3865 est
663 3809 984 3881 quaerebat,
1019 3809 1315 3866 Barnabas
1345 3826 1480 3866 vero
1504 3811 1662 3882 quod
1687 3811 2009 3884 benignum

367 3906 458 3957 est
487 3917 554 3955 ac
586 3901 941 3955 humanum.
984 3903 1211 3956 Marcus
1243 3901 1443 3972 itaque
1475 3901 1653 3956 simul
1709 3918 1844 3956 cum
1879 3902 2008 3957 Bar-

365 3991 518 4046 naba
540 3989 902 4056 versabatur,
930 3990 1192 4045 studiose
1218 4007 1397 4064 agens
1420 3991 1964 4046 etcircumcurrens
1992 4007 2004 4045 :

365 4079 582 4135 Paulus
611 4096 743 4135 vero
766 4080 826 4135 in
850 4081 1097 4136 coetibus
1121 4079 1501 4153 prmcipiebat
1521 4097 1595 4136 ne
1609 4082 2011 4154 susciperetur

366 4171 610 4236 Marcus,
649 4187 771 4224 non
803 4187 919 4241 quo
944 4171 1115 4225 illum
1175 4171 1572 4236 contristaret,
1617 4170 1718 4226 sed
1767 4178 1831 4225 ut
1883 4178 2008 4226 stu-

363 4259 589 4313 diosius
616 4265 832 4328 ageret.
871 4259 937 4314 Ut
969 4266 1166 4314 autem
1199 4261 1470 4333 cognovit
1505 4260 1718 4315 Paulus
1751 4261 2007 4316 Marcum

363 4349 709 4422 diligentem
741 4349 960 4406 factum
993 4352 1122 4406 esse
1154 4367 1220 4406 ac
1253 4351 1511 4406 secundo
1544 4367 1673 4406 sese
1704 4367 2006 4424 purgasse,

357 4440 484 4510 jam
515 4440 726 4512 incipit
755 4455 890 4495 eum
922 4455 1246 4506 assumere,
1296 4447 1353 4494 et
1403 4441 1486 4495 ait
1518 4456 1532 4495 :
1567 4463 1594 4489 «
1642 4440 1869 4496 Salutat
1907 4457 2008 4497 vos

364 4529 592 4585 Marcus
623 4527 1017 4585 consobrinus
1049 4528 1354 4595 Barnabze,
1411 4528 1482 4583 de
1532 4545 1648 4600 quo
1695 4529 2008 4602 accepistis

363 4619 680 4676 mandata:
715 4619 762 4674 si
795 4618 1026 4675 venerit
1054 4617 1129 4673 ad
1155 4634 1254 4672 vos
1285 4617 1536 4689 excipite
1566 4633 1702 4674 eum
1737 4618 1802 4654 ’θ’
1834 4642 1856 4672 ι

433 4791 548 4857 XV,
579 4793 776 4848 39—41.
808 4816 827 4842 ι
857 4795 1031 4850 Facta
1047 4799 1137 4851 est
1158 4799 1357 4850 autem
1411 4791 1780 4850 exacerbatio
1830 4792 1913 4850 ita
1941 4798 2008 4848 ut

368 4899 396 4927 ιι
423 4879 576 4933 alter
597 4881 667 4935 ab
695 4882 878 4937 altero
901 4885 1332 4956 sejungeretur,
1357 4889 1416 4938 et
1437 4883 1733 4938 Barnabas
1763 4883 2003 4954 quidem

363 4992 390 5018 «
434 4976 737 5041 assumpto
771 4973 960 5026 Marco
996 4973 1297 5045 navigaret
1335 4973 1397 5028 in
1447 4976 1739 5045 Cyprum:
1787 4973 2004 5030 Paulus

365 5079 392 5109 ιι
414 5075 550 5114 vero
577 5059 790 5116 allecto
816 5059 934 5114 Sila
955 5063 1097 5118 I21
1128 5064 1426 5133 profectus
1449 5070 1558 5129 est,
1594 5063 1843 5118 traditus
1872 5079 2000 5135 gra-

360 5169 384 5199 ιι
418 5150 515 5204 tiae
547 5149 649 5205 Dei
679 5165 714 5204 a
744 5148 1026 5204 fratribus
1081 5153 1149 5205 Et
1179 5151 1630 5224 perambulabat
1679 5153 1904 5226 Syriam
1934 5169 2002 5210 ac

360 5260 386 5288 «
417 5238 682 5296 Ciliciam
711 5238 1073 5295 confirmans
1102 5240 1414 5298 Ecclesias.
1442 5260 1468 5292 η

428 5419 831 5488 Exacerbatio,
861 5421 1076 5495 inquit,
1108 5421 1263 5478 facta
1319 5428 1426 5492 est,
1477 5440 1599 5480 non
1653 5423 1856 5482 odium
1900 5429 2003 5482 aut

346 5517 494 5572 rixa.
526 5517 776 5571 Tantum
808 5521 1010 5573 autem
1048 5516 1240 5590 potuit
1271 5517 1640 5574 exacerbatio
1671 5525 1737 5575 ut
1768 5535 2001 5592 separa-

423 5686 470 5724 ¹⁶
496 5686 721 5748 Colon.
756 5703 829 5759 iv,
860 5689 947 5744 40.

2118 1945 2218 1993 νης
2255 1925 2420 2000 μέχρι
2452 1925 2801 2006 Παμφυλίας.
2837 1927 2971 1984 Εἶτα
3028 1931 3135 1982 τῶν
3191 1926 3514 1983 ἀποστόλων
3561 1927 3760 2001 εὐτόνῳ

2119 2015 2479 2089 κεχρημένων
2511 2012 2722 2091 δρόμῳ,
2749 2017 2838 2070 καὶ
2869 2015 3111 2091 ἀκαμπεῖ
3139 2021 3206 2090 τῇ
3247 2019 3402 2092 ψυχῇ
3448 2016 3585 2092 πρὸς
3635 2017 3764 2078 τοὺς

2121 2102 2339 2178 ἀγῶνας
2400 2102 2799 2177 ὁπλιζομένων,
2878 2105 3098 2182 Μάρκος
3157 2106 3232 2167 ὡς
3299 2106 3582 2179 ἄνθρωπος
3638 2127 3768 2181 ναρ-

2121 2195 2316 2263 κήσας,
2347 2194 2542 2266 καὶμὴ
2577 2193 2811 2250 εὐτονῶν
2863 2196 2999 2271 πρὸς
3056 2196 3148 2250 τὸν
3189 2192 3393 2270 δρόμον
3439 2196 3529 2250 τὸν
3580 2200 3771 2251 τοσοῦ-

2119 2303 2236 2350 τον,
2295 2283 2385 2336 καὶ
2442 2284 2577 2358 πρὸς
2628 2283 2753 2346 τοὺς
2809 2282 2860 2338 ἐν
2913 2283 3107 2360 ἑκάστῃ
3147 2283 3309 2340 πόλει
3367 2284 3767 2346 ἀνακύπτοντας

2122 2371 2332 2446 ἀγῶνας
2364 2373 2451 2427 καὶ
2485 2370 2786 2437 κινδύνους,
2813 2373 3224 2449 ἀποκαξαμενος
3281 2377 3359 2445 τῷ
3417 2371 3610 2449 δρόμῳ
3661 2381 3770 2430 τῶν

2121 2459 2472 2529 ἀποστόλων,
2533 2461 2830 2530 ἐπανῆλθεν
2887 2463 2961 2526 εἰς
3051 2466 3149 2534 τὴν
3237 2461 3625 2532 Παλαιστίνην,
3709 2464 3770 2519 οὐ

2121 2551 2358 2624 Χριστὸν
2385 2552 2781 2627 ἀρνησάμενος,
2840 2551 2987 2608 ἀλλὰ
3046 2555 3136 2607 τὸν
3195 2549 3399 2628 δρι’μον
3455 2553 3545 2608 τὸν
3602 2552 3775 2609 πολὺν

2121 2641 2211 2695 καὶ
2245 2641 2412 2716 βαρὺν
2443 2643 2936 2716 παραιτησάμενος.
2971 2640 3192 2706 Παῦλος
3253 2640 3311 2698 δὲ
3353 2643 3445 2698 καὶ
3494 2639 3770 2719 Βαρνάϐας

2121 2734 2344 2804 καρπῶν
2402 2727 2673 2792 εὐσεϐείας
2755 2732 3028 2805 γέμοντες,
3115 2733 3207 2787 καὶ
3293 2732 3773 2810 εὐαγγελιζόμενοι

2118 2822 2218 2890 τήν
2252 2818 2304 2874 ἐν
2341 2821 2747 2896 Ἱεροσολύμοις
2806 2821 3152 2895 ἐπικλησίαν,
3203 2824 3334 2887 τοὺς
3380 2823 3579 2886 πόνους
3642 2823 3771 2899 οὐχὶ

2130 2908 2487 2986 ἀπαγορεύειν
2572 2907 2963 2968 ἐϐουλεύσαντο
3049 2910 3324 2988 οὐδαμῶς.
3423 2916 3548 2971 Τῶν
3608 2915 3771 2969 ἐθνῶν

2123 2999 2214 3053 οῦν
2244 3000 2453 3054 παντων
2497 2999 2861 3058 ἐπαινούντων
2915 3001 3004 3058 τὸν
3059 3000 3274 3060 ῙΙαῦλον
3333 3003 3423 3057 καὶ
3481 3002 3572 3059 τὸν
3631 3005 3770 3078 Βαρ-

2119 3083 2287 3143 νάϐαν
2317 3087 2406 3145 ἐπὶ
2462 3096 2579 3154 τοῖς
2625 3092 3063 3167 κατορθώμασιν,
3125 3093 3153 3148 6
3213 3092 3440 3167 Μάρκος
3499 3089 3768 3163 λυπηθεὶς

2124 3175 2341 3254 ἐπλήγη
2383 3181 2482 3249 τήν
2535 3181 2744 3255 ψυχὴν,
2784 3183 2876 3236 καὶ
2935 3179 3068 3245 ἴσως
3125 3181 3369 3253 ἐνενόησε
3427 3179 3625 3257 λέγων,
3685 3181 3768 3238 ὅτι

2124 3267 2186 3326 Εἴ
2226 3269 2373 3344 ἤμην
2401 3273 2656 3333 κοινωνὸς
2684 3276 2791 3327 τῶν
2825 3272 3026 3337 πόνων,
3082 3272 3348 3351 ἐγενόμην
3401 3271 3460 3328 ἂν
3505 3273 3625 3348 ἆρτι
3674 3272 3766 3327 καὶ

2117 3357 2378 3418 κοινωνὸς
2412 3363 2519 3414 τῶν
2577 3358 2832 3415 ἐπαίνων·
2889 3360 2980 3415 καὶ
3038 3355 3402 3416 ἐϐουλεύσατο
3456 3367 3572 3422 τοῖς
3629 3362 3764 3416 ἀπο-

2119 3443 2341 3508 στόλοις
2371 3447 2703 3517 συνεξελθεῖν
2764 3448 2841 3512 είς
2893 3449 2957 3504 τὸ
3011 3450 3294 3528 κήρυγμα.
3355 3450 3416 3508 Ὀ
3475 3449 3566 3506 οῦν
3623 3451 3766 3525 Βαρ-

2117 3529 2284 3596 νάϐας
2354 3540 2757 3606 μετανοήσαντα
2813 3537 2973 3595 αὐτὸν
3063 3537 3297 3610 ἐδέξατο.
3358 3541 3385 3593 6
3444 3535 3500 3595 δὲ
3551 3537 3766 3602 Παῦλος

2117 3619 2442 3699 ἐφιλονείκει
2471 3627 2558 3680 καὶ
2599 3624 2773 3700 ἔλεγε,
2831 3628 2931 3683 Τὸν
2986 3630 3060 3702 μή
3117 3628 3441 3693 συνελθόντα
3496 3631 3631 3704 ἡμῖν
3689 3628 3766 3692 εἰς

2115 3713 2178 3768 τὸ
2208 3707 2366 3792 ἔργον
2432 3716 2657 3790 Κυρίου,
2719 3717 2784 3773 οὐ
2837 3714 2918 3772 δεῖ
2964 3714 3543 3795 συμπαραλαμϐάνειν.
3576 3720 3636 3776 Ἢ
3671 3719 3764 3775 οὗν

2090 3803 2298 3863 ,στάσις
2332 3801 2680 3874 δικαιοσύνης
2709 3806 2892 3876 ἦν,οὖ
2945 3809 3141 3880 θυμοῦ.
3199 3810 3262 3867 Ὀ
3313 3809 3408 3885 μὲν
3455 3809 3560 3884 γὰρ
3615 3812 3763 3864 Παῦ-

2118 3889 2216 3954 λος
2249 3892 2426 3964 ἐζητει
2460 3895 2518 3948 τὸ
2578 3892 2809 3962 δίκαιον,
2843 3896 2872 3952 6
2913 3893 2969 3951 δὲ
3015 3892 3291 3970 Βαρνάϐας
3337 3898 3400 3952 τὸ
3449 3895 3768 3975 φιλάνθρω-

2117 4001 2240 4038 πον.
2279 3986 2454 4049 Συνῆν
2481 3985 2662 4038 τοίνυν
2695 3985 2724 4040 6
2759 3986 2980 4060 Μαρκος
3034 3991 3113 4057 τῷ
3156 3981 3406 4060 Βαρνάϐᾳ
3449 3985 3769 4059 σπουδάζων

2116 4071 2206 4127 καὶ
2237 4071 2471 4148 τρέχων,
2504 4075 2530 4129 6
2564 4071 2621 4130 δὶ
2658 4071 2872 4136 Παῦλος
2917 4074 2967 4130 ἐν
3005 4080 3122 4138 ταῖς
3172 4072 3492 4147 ἐκκλησίαις
3540 4079 3765 4152 παρήγ-

2115 4174 2265 4238 γειλε
2299 4163 2374 4235 μὴ
2440 4160 2698 4238 δεχθῆναι
2757 4165 2851 4220 τὸν
2910 4166 3154 4239 Μάρκον,
3214 4165 3324 4241 οὐχ
3367 4163 3457 4221 ἵνα
3512 4162 3760 4242 λυπήσῃ,

2117 4249 2244 4307 ἀλλ’
2271 4252 2361 4306 ἳνα
2388 4251 2810 4326 σπουδαιότερον
2841 4256 3062 4327 ποιήσῃ.
3114 4254 3200 4314 Ὠς
3255 4251 3312 4309 δὲ
3370 4252 3506 4308 εἶδεν
3550 4255 3578 4308 6
3616 4256 3756 4309 ΙΙαῦ-

2116 4337 2216 4403 λος
2249 4339 2600 4408 προλαϐόντα
2627 4344 2726 4414 τήν
2781 4339 3021 4413 σπουδὴν
3067 4343 3159 4398 τὸν
3207 4343 3427 4418 Μάρκον
3471 4341 3561 4397 καὶ
3617 4343 3751 4398 ἁπο-

2118 4427 2500 4509 λογησάμενον
2557 4430 2646 4487 διὰ
2721 4437 2830 4486 τῶν
2917 4429 3203 4508 δευτέρων,
3286 4430 3516 4508 ἄρχεται
3592 4429 3755 4486 αὐτὸν

2115 4519 2518 4594 παρατίθεσθαι,
2542 4521 2632 4574 καί
2689 4536 2874 4598 φησιν·
2907 4543 2934 4570 ιι
2970 4520 3295 4589 ’Δσπάζεται
3352 4519 3492 4591 ὑμᾶς
3539 4517 3758 4591 Μάρκος

2035 4607 2082 4672 D
2114 4607 2142 4661 6
2201 4606 2420 4681 ἀνεψιὸς
2476 4602 2744 4683 Βαρνάϐα,
2797 4607 2920 4682 περὶ
2979 4607 3042 4662 οὗ
3097 4602 3321 4664 ἐλάϐετε
3371 4604 3611 4675 ἐντολὰς,
3669 4601 3757 4659 ἐὰν

2114 4690 2249 4772 ἔλθῃ
2283 4694 2499 4770 δέξασθε
2526 4697 2703 4753 αὐτόν.
2729 4719 2756 4751 ι

2191 4810 2213 4836 ι
2283 4784 2524 4863 Ἐγένετο
2575 4787 2665 4841 οῦν
2723 4786 3071 4863 παροξυσμὸς
3117 4784 3256 4842 ὥστε
3303 4786 3754 4861 ἀποχωρισθῆναι

2115 4900 2145 4929 ιι
2178 4876 2375 4939 αὐτοὺς
2421 4876 2511 4932 ἀπ’
2571 4874 2862 4948 ἀλλήλων,
2919 4876 3012 4931 τόν
3067 4895 3125 4931 τε
3172 4870 3452 4951 Βαρνάϐαν
3506 4872 3758 4951 παραλα-

2113 4990 2143 5017 ιι
2176 4959 2338 5021 δόντα
2362 4967 2452 5020 τὸν
2486 4965 2704 5040 Μάρκον
2766 4962 3055 5020 ἐκπλεῦσαι
3113 4962 3189 5025 είς
3245 4963 3478 5039 Κύπρον.
3541 4961 3754 5025 ΙΙαῦλος

2113 5081 2140 5109 ιι
2176 5052 2235 5113 δὲ
2294 5053 2683 5130 ἐπιλεξάμενος
2741 5053 2931 5121 Σίλαν,
3021 5051 3233 5123 ἐξῆλθε»
3293 5050 3619 5129 παραδοθεῖε
3688 5056 3756 5126 τῇ

2116 5170 2143 5196 ιι
2173 5145 2362 5222 χάριτι
2392 5149 2489 5202 τοῦ
2517 5148 2652 5200 Θεοῦ
2684 5144 2786 5200 ὑπὸ
2813 5148 2922 5199 τῶν
2963 5140 3232 5222 αδελφῶν.
3266 5145 3544 5220 Διήρχετο
3578 5140 3633 5198 3‘:
3658 5143 3758 5213 τήν

2111 5260 2140 5288 ιι
2174 5235 2373 5312 Συρίαν
2424 5234 2515 5292 καὶ
2581 5232 2833 5292 Κιλικιαν
2897 5231 3262 5308 ἐπιστηρίζων
3334 5232 3432 5296 τὰς
3520 5231 3760 5303 Ἐκκλη-

2113 5347 2138 5378 «
2174 5324 2311 5386 σίας.
2349 5348 2374 5375 ι»

2180 5415 2554 5490 Ηαροξυσμὸς,
2622 5412 2809 5493 φησὶν,
2867 5410 3094 5490 ἐγένετο,
3171 5414 3273 5470 οὐκ
3353 5410 3549 5490 ῐχθρα,
3633 5408 3761 5470 οὐδὶ

2109 5505 2430 5585 φιλονεικία.
2464 5508 2738 5564 Τοσοῦτον
2770 5501 2828 5560 Si
2870 5501 3093 5580 ἴσχυσεν
3127 5505 3156 5559 ὁ
3187 5503 3560 5578 παροξυσμὸς,
3617 5501 3758 5559 ὣστε
