4150 6200
396 323 517 381 225
1361 316 1756 381 COMMENT.
1807 314 1888 376 IN
1934 311 2136 374 ACTA
2177 309 2776 379 APOS'I‘OLORUM.
3688 331 3805 391 396

386 452 634 529 χωρίσαι
662 450 863 515 αὖτοὺς
893 451 988 508 ἀπ’
1023 446 1317 522 ἀλλήλων
1353 449 1600 514 είκότως·
1634 448 1766 524 ὅπερ
1810 442 2034 506 ἰκαστος

2154 449 2245 500 ret
2275 462 2378 502 eos
2406 463 2441 503 ει
2471 464 2533 503 se
2563 447 2813 506 invicem
2851 467 2866 521 ;
2901 456 2958 509 et
2969 452 3107 527 jure
3152 456 3399 528 optimo,
3450 461 3609 532 quod
3636 465 3737 535 qui
3753 482 3808 521 s-

390 537 658 598 ὑπέλαϐεν
693 543 834 596 εἶναι
873 537 1173 609 λυσιτελὲς,
1224 544 1386 597 τοῦτο
1447 541 1582 614 μετὰ
1644 543 1812 595 ταῦτα
1868 555 2043 611 νιροσ-

386 634 560 703 ήκατο
613 628 705 686 διὰ
775 632 878 702 τὴν
934 630 1072 704 πρὸς
1128 630 1328 685 ἐκεῖνον
1390 628 1700 685 κοινωνίαν.
1774 630 1933 683 Δοκεῖ
1985 620 2044 678 δὲ

382 722 521 777 κατά
600 720 809 776 σύνεσιν
861 723 1179 797 γεγενῆσθαι
1252 721 1281 776 ὁ
1337 720 1653 797 χωρισμὸς,
1726 720 1813 773 καὶ
1905 715 2042 790 πρὸς

384 810 671 881 ἀλλήλους
711 810 908 881 εἰπεῖν,
963 810 1048 865 δτι
1110 807 1334 880 Ἐπειδὴ
1374 807 1481 884 ἐγὼ
1515 808 1815 886 βούλομαι,
1874 807 1936 860 σὺ
1986 801 2045 859 δὶ

388 904 454 959 οὗ
505 903 718 978 βούλει,
771 900 864 959 ’ἱνα
922 904 1000 976 μὴ
1064 902 1392 979 μαχώμεθα,
1451 900 1859 975 διανειμώμεθα
1913 896 2043 960 τοὺς

384 993 611 1053 τόπους.
642 995 801 1048 Ὥστε
828 991 967 1048 πάνυ
998 990 1235 1053 εἷ’κοντες
1274 990 1554 1063 ἀλλήλοις
1607 995 1769 1047 τοῦτο
1799 986 2040 1044 ἐποίουν.

383 1075 687 1138 Ἐϐούλετο
714 1080 815 1157 γάρ
866 1087 1057 1151 στῆναι
1116 1080 1180 1137 τὸ
1235 1079 1455 1136 Παύλου
1516 1082 1545 1135 ὁ
1606 1072 1910 1155 Βαρνάϐας,
1971 1073 2043 1131 δι’

384 1173 419 1229 ’ὁ
447 1172 539 1228 καὶ
568 1172 937 1249 ἀνεχώρησεν.
970 1173 1161 1246 Ὅμως
1209 1170 1265 1227 δὲ
1318 1173 1407 1228 καὶ
1471 1171 1529 1227 ἐν
1578 1176 1698 1236 τοϊς
1735 1170 2043 1250 προφήταις

385 1268 550 1320 τοῦτο
590 1264 931 1337 εύρίσκομεν,
988 1262 1077 1318 καὶ
1136 1263 1356 1337 γνώμας
1405 1259 1720 1341 δὶαφόρους,
1772 1260 1861 1315 καὶ
1921 1256 2043 1315 διά-

383 1374 529 1433 φορα
581 1350 708 1423 ἤθη’
791 1353 909 1414 οἷος
991 1352 1019 1407 ὁ
1099 1351 1295 1415 Ἱίλίας
1381 1351 1679 1423 αὐστηρὸς,
1746 1351 1774 1405 ὁ
1834 1355 2039 1419 Μωσῆς

381 1448 581 1516 πρᾶος·
642 1440 787 1496 οὕτω
863 1438 930 1512 δὴ
980 1440 1069 1496 καὶ
1120 1439 1346 1505 ἐνταῦθα
1404 1438 1774 1520 σφοδρότεροσ
1825 1438 1965 1494 ἐστιν
2011 1440 2040 1495 ὁ

383 1530 606 1594 Παῦλος
633 1535 733 1586 τοῦ
777 1524 1046 1603 Βαρνάϐα.
1109 1531 1257 1586 Πάνυ
1319 1527 1377 1585 δὶ
1433 1529 1633 1609 ὠφέλει
1692 1529 1785 1584 τὸν
1823 1528 2042 1605 Μάρκον

380 1627 419 1695 ἡ
464 1625 621 1700 μάχη
651 1622 809 1691 αὕτη.
840 1623 911 1677 Τὸ
946 1622 1041 1695 μὲν
1072 1622 1174 1699 γὰρ
1222 1619 1440 1678 Παύλου
1497 1616 1728 1700 φοϐερὸν
1782 1620 2039 1697 ἐπέστρα-

380 1737 477 1795 ιρεν
530 1716 715 1787 αύτὸν,
772 1716 836 1771 τὸ
897 1712 956 1770 δὲ
995 1710 1249 1789 Βαρνάϐα
1307 1715 1549 1790 χρηστὸν
1602 1713 1776 1770 ἐποίει
1842 1715 2038 1788 μηκέτι

376 1805 807 1885 ἀπολειφθῆναι,
839 1809 1004 1861 Ὥστε
1030 1805 1309 1881 μάχοντπι
1343 1806 1460 1878 μὶν,
1514 1805 1650 1880 πρὸς
1708 1800 1762 1860 ἕν
1797 1802 1854 1860 δὲ
1881 1802 2041 1869 τέλος
2071 1820 2118 1887 Β

382 1896 591 1965 ἀπανὸᾆ
642 1895 706 1950 τὸ
757 1891 969 1969 κέρδος.
1025 1896 1123 1948 Καὶ
1153 1893 1255 1966 γάρ
1314 1892 1531 1949 Παῦλον
1589 1898 1735 1967 ορῶν
1788 1892 2043 1969 αἱρούμε-

383 2006 476 2040 νον
506 1985 832 2054 ἆποστῆναι,
872 1986 1013 2039 πάνυ
1062 1979 1308 2059 ἐφοϐήθη
1340 1984 1432 2039 καὶ
1483 1982 1763 2059 κατέγκνω
1824 1983 2037 2054 ἑαυτοῦ,

380 2074 472 2130 καὶ
506 2069 782 2150 Βαρνάϐαν
839 2075 980 2148 ὁρῶν
1037 2072 1210 2138 οὕτως
1260 2072 1426 2130 αὐτοῦ
1480 2074 1870 2153 ἀντεχόμενον,
1899 2073 2038 2129 πάνυ

385 2162 446 2219 ἂν
496 2163 657 2220 αὐτὸν
722 2163 970 2239 ἐφίλησε.
1028 2162 1133 2219 Καὶ
1197 2160 1501 2240 διωρθοῦτο
1558 2164 1586 2219 ὁ
1649 2165 1891 2237 μαθητὴς
1949 2161 2039 2220 διὰ

379 2262 483 2325 τῆς
537 2256 729 2331 μάχης
787 2259 894 2310 τῶν
946 2250 1316 2321 διδασκάλων,
1371 2257 1630 2309 τοσοῦτον
1684 2252 1882 2329 ἀπεῖχε
1938 2260 2036 2311 τοῦ

380 2341 867 2414 σκανδαλισθῆναι.
898 2343 988 2405 Ὠς
1017 2342 1123 2418 γάρ
1153 2339 1291 2398 εἶδεν
1350 2343 1537 2398 ἑαυτὸν
1591 2342 1766 2403 οὕτως
1827 2338 2035 2415 ἐκϐλη-

380 2433 534 2489 θέντα
560 2431 650 2489 διὰ
704 2434 804 2502 τήν
864 2431 1130 2509 ῥᾳθυμίαν
1200 2431 1303 2487 ὑπὸ
1357 2436 1455 2487 τοῦ
1518 2430 1759 2496 Παύλου,
1814 2425 2037 2489 ἔσπευδε

376 2528 448 2598 τῇ
503 2524 791 2598 προθυμίᾳ
846 2520 900 2578 ἐν
958 2525 1035 2595 τῷ
1092 2519 1330 2596 δευτέρῳ
1386 2518 1582 2597 δρόμῳ
1637 2521 1877 2597 καλύψαι
1933 2525 2033 2593 τὴν

380 2616 651 2690 προτέραν
685 2612 1005 2689 νοχάλειαν,
1037 2613 1177 2669 πάνυ
1222 2610 1528 2691 ὠφεληθεὶς
1585 2614 1691 2669 ἀπὸ
1748 2621 1849 2684 τῆς
1881 2614 2033 2692 ἀκρι-

383 2698 530 2762 ϐείας
587 2708 685 2761 τοῦ
742 2704 984 2763 Παύλου.
1043 2703 1111 2761 Τί
1169 2701 1303 2772 οῦν;
1377 2701 1569 2779 ἑχθροὶ
1626 2703 2030 2780 ἀνεχώρησαν;

385 2795 479 2864 Μὴ
509 2792 774 2868 γένοιτοί
818 2798 934 2848 Ὀτι
992 2789 1050 2848 δὶ
1105 2792 1169 2848 οὗ
1225 2793 1437 2869 γέγονεν
1495 2790 1666 2869 ἔχθρα
1721 2799 1839 2858 τοῖς
1893 2795 2034 2852 ἀπο-

383 2881 629 2952 στόλοις,
674 2880 942 2938 δείκνυται
1000 2886 1285 2956 πανταχοῦ
1343 2882 1479 2955 μετά
1531 2886 1693 2938 τοῦτο
1752 2879 2033 2959 Βαρνάϐας

379 2971 612 3029 πολλῶν
654 2972 932 3049 ἐγχωρίων
980 2969 1275 3027 ἀπολαύων
1329 2970 1479 3047 παρὰ
1534 2969 1758 3027 Παύλου
1817 2971 1868 3027 ἐν
1914 2979 2033 3036 ταῖς

385 3061 729 3127 ἰπιστολαῖς.

994 3352 1258 3406 ΚΕΦΑΔ.
1301 3350 1421 3405 ΚΔ’.

376 3458 541 3536 Βερζ⁸
569 3457 933 3536 κατηχῄσεως
998 3454 1295 3536 Τιμοθέου,
1351 3455 1511 3536 nui“
1541 3462 1643 3536 κῆς
1700 3458 1835 3536 κατᾶ
1878 3460 2030 3536 duo:

449 3525 991 3604 κάλυψι-νἾἜφίξεως
1051 3525 1271 3604 Παύλου
1322 3526 1399 3589 είς
1434 3529 1814 3604 ῥΜακεδονξαν·
1873 3526 1936 3604 έν,
1983 3531 2029 3604 ᾧ

445 3601 572 3673 περὶ
601 3598 835 3673 πίστεως
866 3599 955 3654 καὶ
1005 3599 1279 3671 σωτηρίας
1342 3598 1489 3673 τινὸς
1518 3600 1769 3673 γυναικὸς
1805 3598 2026 3665 Λυδίας·

448 3669 575 3747 περὶ
635 3672 831 3747 ἰάσεως
888 3678 989 3747 τῇς
1041 3669 1253 3747 πνεῦμα
1303 3669 1552 3747 πύρωνος
1609 3670 1848 3747 ἐχούσης
1897 3695 2026 3747 παι-

450 3737 668 3818 δίσκης,
701 3741 773 3798 δι’
795 3744 861 3814 ἢν
891 3737 984 3818 τδν
1017 3737 1231 3818 Παῦλον
1278 3738 1585 3818 καιϐεἶρξαν
1639 3737 1695 3818 οἱ
1750 3737 2025 3818 δεσπόται.

450 3809 729 3888 Περὶλτοῦ
776 3809 1080 3888 συμϐάντος
1147 3813 1283 3888 ἐκεῖ,
1316 3809 1542 3888 σεισμοῦ
1582 3817 1682 3888 ,καί
1732 3816 2026 3888 θαύματος,

451 3886 543 3942 καὶ
590 3888 748 3964 δπωε
808 3885 1096 3964 πιστεύσας
1157 3887 1186 3941 ὁ
1243 3885 1600 3964 εἰρκτοφύλαξ
1658 3886 1711 3964 έν
1771 3885 1906 3964 αὐτῇ
1955 3893 2029 3964 τῇ

453 3958 606 4014 νυκτὶ
638 4027 654 4033 Δ
688 3953 1037 4033 έϐπαπτίσθη
1070 4030 1080 4033 Α
1109 3949 1370 4033 παρ-αχρῆ
1383 3949 1497 4033 μά-
1540 3949 1906 4033 παντέστιοςξ-
1947 3949 2030 4033 ὅτῗ

448 4027 897 4157 ἒαὲακλὶῗθὲντες
925 4028 1153 4100 ἰξῆλθον
1190 4026 1422 4084 “έν’”το’ῦ
1471 4026 1875 4107 δεσμωτηρίου
1908 4031 2033 4088 τότε

484 4123 524 4157 π
563 4122 656 4156 στο
700 4121 772 4156 οι.

484 4121 772 4157 ποστολοι.

448 4207 812 4276 «Κατήντησε
887 4203 946 4260 δὶ
1029 4205 1105 4268 είς
1190 4199 1397 4281 Δέρϐην
1463 4207 1552 4261 καὶ
1609 4208 1876 4283 Λύστραν·
1939 4212 2032 4266 καὶ

371 4319 402 4347 ‹‹
439 4291 558 4350 ίδοὺ
587 4296 837 4367 μαθητής
868 4314 950 4357 τις
999 4294 1066 4363 ἦν
1124 4292 1238 4350 ἐκεῖ
1278 4294 1510 4368 ὀνόματι
1572 4297 1873 4370 Τιμόθεος,
1920 4300 2034 4361 υἱὸς

373 4408 405 4437 α
438 4384 689 4460 γυναικός
718 4404 865 4446 τινος
897 4379 1164 4447 Ἰουδαίας
1210 4390 1432 4453 πιστῆς,
1463 4385 1669 4462 πατρὸς
1702 4383 1759 4442 δὲ
1813 4385 2034 4459 Ἔλλη-

374 4496 401 4527 ο
428 4494 543 4535 νος.
575 4475 635 4535 ’ὃς
668 4471 1025 4546 ἐμαρτυρεῖτο
1059 4472 1163 4527 ὑπὸ
1202 4476 1312 4527 τῶν
1343 4470 1395 4528 ἐν
1430 4472 1694 4547 Λύστροις
1750 4475 1840 4530 καὶ
1891 4477 2030 4533 Ἰκο-

2152 550 2266 606 que
2295 536 2442 591 utile
2474 552 2602 593 esse
2634 538 2902 598 ducebat.
2930 544 3040 599 hoc
3065 548 3440 617 postmodum
3474 555 3804 609 communi-

2152 629 2382 685 catione
2424 646 2561 702 erga
2593 632 2762 689 illum
2810 639 3235 708 comprobavit.
3286 641 3572 699 Videntur
3595 653 3796 703 autem

2151 717 2301 775 duce
2323 736 2559 792 quoque
2583 722 2899 794 prudentia
2924 727 3075 783 hanc
3103 728 3310 785 fecisse
3336 736 3796 803 separationem,

2151 815 2209 864 et
2239 810 2313 865 ad
2350 828 2411 866 se
2436 812 2685 869 invicem
2711 815 2929 872 dixisse
2958 835 2970 869 :
2997 820 3282 884 Quoniam
3304 839 3408 895 ego
3433 824 3543 879 hoc
3562 826 3711 891 volo,
3738 833 3802 882 tu

2150 906 2345 955 autem
2408 918 2526 958 non
2574 904 2680 971 vis,
2715 921 2789 960 ne
2821 924 3129 978 pugemus.
3163 909 3306 966 locis
3344 915 3537 982 potius
3570 932 3803 986 separe-

2150 1006 2304 1045 mur.
2339 991 2521 1063 quue
2546 993 2844 1051 faciebant
2872 1002 3155 1068 tanquam
3186 1001 3508 1071 plurimum
3544 1004 3797 1061 invicem

2148 1079 2448 1139 cedentes.
2477 1082 2716 1139 Volebat
2746 1086 2906 1140 enim
2938 1087 3233 1143 Barnabas
3265 1098 3329 1143 ut
3361 1092 3524 1146 Pauli
3558 1100 3799 1149 senten-

2147 1170 2231 1225 tia
2252 1175 2453 1233 staret.
2488 1179 2730 1245 propter
2758 1175 2917 1247 quod
2940 1175 3117 1232 etiam
3150 1185 3458 1250 separatus
3492 1188 3598 1237 est.
3634 1186 3796 1239 Atta-

2148 1277 2285 1317 men
2318 1262 2429 1318 hoc
2460 1264 2520 1318 in
2554 1266 2860 1337 prophetis
2892 1284 3128 1339 quoque
3158 1271 3488 1340 reperimus
3522 1271 3677 1327 duod
3707 1274 3767 1328 di

2147 1367 2344 1406 versas
2375 1351 2690 1410 habuerint
2721 1358 3049 1412 sententias
3108 1374 3423 1430 moresque
3485 1360 3751 1417 diversos
3780 1378 3796 1418 :

2147 1440 2325 1495 veluti
2350 1441 2505 1497 Elias
2524 1448 2794 1499 austerus
2812 1446 2939 1504 fuit.
2974 1448 3161 1502 Moses
3200 1455 3395 1503 autem
3422 1457 3801 1507 mansuetus:

2148 1529 2230 1585 ita
2256 1547 2396 1586 sane
2429 1538 2486 1586 et
2516 1532 2627 1587 hoc
2689 1533 2815 1589 loco
2860 1535 3077 1592 Paulus
3109 1538 3517 1593 vehementior
3546 1547 3634 1595 est
3668 1542 3800 1597 Bar-

2146 1620 2319 1676 naba.
2356 1620 2489 1677 Haec
2510 1638 2644 1677 vero
2669 1625 2970 1679 contentio
2994 1625 3316 1697 plurimum
3342 1630 3529 1683 Marco
3553 1631 3792 1700 profuit.

2147 1709 2449 1781 Siquidem
2473 1710 2638 1767 Pauli
2660 1714 3057 1785 terroripsum
3072 1717 3449 1772 convertebat
3479 1720 3795 1776 :Barnabaa

2144 1805 2342 1855 autem
2374 1799 2709 1873 benignitas
2732 1801 3026 1858 efﬁciebat
3051 1821 3124 1860 ne
3155 1807 3412 1877 amplius
3437 1808 3797 1878 relinquere-

2148 1894 2263 1955 tur,
2288 1890 2507 1945 autille
2526 1889 2876 1947 discederet.
2901 1893 3105 1965 Itaque
3128 1895 3498 1951 contendunt
3520 1898 3796 1967 quidem:

2147 1983 2410 2034 attamen
2440 1979 2502 2035 in
2532 1996 2718 2035 unum
2761 1982 2943 2038 finem
2994 1983 3223 2040 lucrum
3258 1986 3532 2040 occurrit.
3564 1987 3795 2041 Etenim

2148 2069 2354 2126 videns
2385 2072 2633 2127 Paulum
2694 2072 3009 2145 eligentem
3068 2076 3263 2147 potius
3322 2077 3582 2148 separari
3618 2094 3796 2149 quam

2146 2160 2340 2231 ipsum
2358 2178 2680 2223 assumere.
2702 2164 3024 2221 admodum
3045 2166 3239 2221 timuit
3261 2184 3506 2237 seseque
3521 2168 3800 2223 condem-

2144 2250 2345 2306 navit:
2379 2250 2584 2307 videns
2605 2259 2805 2309 autem
2839 2253 3166 2311 Barnabam
3212 2256 3357 2311 adeo
3418 2272 3478 2311 se
3537 2257 3795 2327 comple-

2144 2345 2423 2405 ctentem,
2456 2342 2837 2400 vehementer
2860 2362 2994 2400 eum
3013 2346 3221 2401 dilexit
3250 2364 3262 2400 :
3285 2354 3341 2401 et
3365 2348 3793 2404 emendabatur

2146 2430 2475 2503 discipulus
2505 2436 2887 2491 contentione
2918 2443 3371 2508 praeceptorum,
3407 2444 3634 2493 tantum
3688 2439 3794 2494 ab-

2144 2520 2255 2577 fuit
2283 2528 2349 2578 ut
2378 2523 2805 2580 olTendiculum
2839 2525 2976 2581 inde
3034 2528 3381 2599 susciperet.
3439 2530 3581 2583 Cum
3635 2528 3794 2584 enim

2144 2609 2371 2668 videret
2400 2630 2463 2669 se
2494 2613 2568 2669 ob
2602 2616 2914 2679 segnitiem
2948 2616 3031 2672 ita
3062 2620 3348 2689 rejectum
3382 2635 3415 2672 a
3448 2619 3651 2685 Paulo,
3705 2635 3799 2675 se-

2144 2702 2339 2759 cundo
2372 2720 2549 2761 cursu
2584 2705 2812 2762 studuit
2841 2723 2946 2778 per
2988 2706 3358 2780 diligentiam
3400 2714 3597 2780 tegere
3638 2710 3797 2780 prio-

2143 2809 2270 2849 rem
2322 2794 2624 2866 inertiam,
2674 2794 2912 2867 adjutus
2960 2796 3283 2868 plurimum
3344 2798 3507 2852 Pauli
3563 2799 3796 2868 asperi-

2142 2888 2281 2939 tate.
2333 2884 2482 2950 Quid
2554 2885 2747 2957 ergo?
2832 2885 3138 2940 inimicine
3226 2887 3512 2957 segregati
3592 2886 3793 2941 sunt?

2142 2970 2338 3026 Absit!
2370 2971 2536 3036 Quod
2566 2977 2765 3026 autem
2798 2988 2909 3026 nec
2938 2971 3252 3025 inimicitia
3296 2972 3451 3025 inter
3489 2971 3791 3043 apostolos

2141 3059 2474 3132 contigerit,
2522 3060 2903 3131 postmodum
2959 3060 3312 3125 ostenditur,
3374 3060 3515 3114 dum
3566 3060 3788 3131 ubique

2143 3147 2443 3203 Barnabas
2481 3148 2685 3204 multis
2741 3148 3030 3205 encomiis
3067 3165 3102 3204 a
3157 3147 3339 3203 Paulo
3403 3148 3464 3204 in
3523 3149 3793 3221 epistolis

2143 3236 2466 3294 extollitur.

2639 3356 2676 3410 1
2691 3354 2791 3411 τε
2823 3354 3058 3411 CAPUT
3094 3355 3289 3410 XXIV.

2138 3461 2215 3514 De
2244 3458 2612 3516 instructione
2650 3460 2939 3527 Timothei,
2973 3468 3026 3515 et
3077 3461 3242 3516 Pauli
3291 3464 3350 3515 in
3397 3461 3777 3517 Macedoniam

2200 3532 2373 3602 juxta
2401 3532 2786 3587 reuelationem
2820 3535 3103 3588 emissione
3137 3550 3150 3587 :
3182 3536 3240 3587 in
3267 3550 3374 3603 quo
3421 3540 3691 3588 narratur
3719 3533 3788 3587 de

2208 3605 2402 3685 ﬁde_ac
2431 3605 2604 3685 salute
2633 3604 3202 3685 cujus-damnaueris
3222 3606 3420 3685 Lydiae
3444 3624 3463 3667 ;
3520 3606 3585 3659 de
3613 3605 3788 3685 salute

2202 3676 2405 3747 puellae
2482 3675 2735 3730 habentis
2799 3679 3059 3746 spiritum
3114 3678 3500 3737 divinatorem.
3558 3682 3791 3746 propter

2246 3763 2373 3802 uam
2415 3748 2626 3802 domini
2679 3748 3015 3802 inrluserunt
3096 3750 3326 3802 Paulum
3384 3750 3441 3801 in
3500 3764 3792 3801 carcerem.

2258 3836 2286 3874 e
2317 3825 2631 3873 terreamotu
2688 3836 2751 3874 ac
2807 3818 3076 3874 miraculo
3122 3821 3270 3889 quod
3322 3820 3399 3871 ibi
3457 3819 3705 3885 contigit,
3739 3824 3791 3871 et

2209 3890 2483 3961 quomodo
2513 3897 2690 3945 custos
2747 3893 2979 3945 carceris
3025 3888 3147 3943 cuni
3204 3890 3519 3961 credidisset
3570 3890 3627 3941 in
3662 3888 3784 3957 ipsa

2210 3967 2365 4017 nocte
2394 3968 2613 4032 repente
2640 3977 2761 4015 cum
2790 3963 3043 4015 universi:
3073 3960 3299 4032 familia
3346 3962 3657 4032 baptizatus
3686 3965 3781 4014 est.
3872 4024 3879 4027 Ἰ

2212 4034 2368 4098 Quod
2395 4031 2581 4103 rogati
2611 4033 2849 4087 exierint
2890 4039 3018 4086 tunc
3047 4031 3114 4085 de
3142 4048 3358 4087 carcere
3386 4031 3641 4102 apostoli.

2212 4213 2350 4279 XVI,
2387 4214 2496 4267 1-5.
2530 4233 2559 4260 ‹‹
2589 4209 2863 4266 Pervenit
2892 4215 3091 4266 autem
3123 4210 3353 4266 Derben
3387 4228 3453 4266 ac
3478 4212 3743 4282 Lystram
3776 4223 3792 4263 :

2142 4322 2171 4350 ‹‹
2205 4304 2262 4355 et
2293 4315 2428 4354 ecce
2476 4297 2805 4369 discipulus
2862 4297 3105 4370 quidam
3150 4306 3275 4354 erat
3307 4300 3387 4353 ibi
3420 4299 3660 4353 nomine
3691 4295 3790 4350 Ti-

2143 4412 2170 4439 ‹‹
2203 4388 2479 4443 motheus
2509 4385 2666 4441 {llius
2700 4386 2965 4442 mulieris
2991 4387 3303 4458 cujusdam
3322 4386 3535 4441 Judaeae
3573 4384 3790 4451 ﬁdelis,

2145 4504 2173 4532 ‹‹
2202 4487 2482 4537 caeterum
2514 4485 2679 4552 patre
2704 4481 2926 4537 Graeco.
2953 4480 3102 4537 Huic
3127 4480 3537 4536 testimonium
3568 4477 3797 4532 bonum

370 4589 403 4617 ει
436 4563 535 4637 νίῳ
560 4559 834 4638 ἀδελφῶν.
860 4565 1064 4647 Τοῦτον
1089 4563 1357 4633 ἠθέλησεν
1398 4564 1427 4619 ὁ
1458 4563 1677 4628 Παῦλος
1727 4567 1821 4622 σὺν
1877 4568 2029 4641 αὐτῷ

2153 4573 2526 4631 (reddebant
2578 4574 2678 4645 qui
2710 4574 2931 4647 Lystris
2980 4580 3150 4629 erant
3196 4578 3253 4628 et
3311 4570 3494 4627 Iconii
3550 4570 3793 4626 fratres.

367 4678 399 4706 α
437 4651 690 4723 ἰξελθεῖν.
753 4653 849 4707 Καὶ
933 4646 1121 4707 λαϐὼν
1177 4653 1492 4728 περιέτεμεν
1543 4653 1702 4709 αὐτὸν
1761 4653 1849 4711 διὰ
1904 4656 2032 4719 τοὺς

371 4738 750 4810 «Ἰουδαίους,
806 4741 934 4803 τοὺς
992 4736 1152 4803 ὄντας
1209 4739 1261 4796 ἐν
1329 4745 1445 4804 τοῖς
1529 4741 1725 4806 τόποις
1781 4744 2030 4811 ἐκείνοιςο

375 4853 409 4884 ‹‹
439 4827 662 4907 ᾔδεισαν
709 4830 810 4907 γάρ
862 4827 1092 4893 ἅπαντες
1139 4831 1233 4885 τὸν
1280 4830 1486 4906 πατέρα
1542 4831 1709 4888 αὐτοῦ
1766 4832 1847 4890 ὅτι
1896 4834 2033 4893 ’Έλ-

373 4942 406 4971 κ
442 4916 549 4990 λην
616 4919 885 4998 ὑπῆρχεν.
960 4919 1049 4979 Ὧς
1105 4915 1163 4974 δὲ
1220 4914 1603 4993 διεπορεύοντα
1657 4922 1750 4982 τάς
1816 4922 2029 4995 πόλεις,

379 5032 402 5058 ι
430 5004 754 5081 παρεδίδουν
830 5007 1015 5069 αὐτοῖς
1072 5006 1364 5087 φυλάσσειν
1416 5009 1483 5064 τά
1541 5005 1787 5085 δόγματα
1832 5014 1899 5067 τά
1940 5034 2034 5069 κε-

379 5119 403 5147 ι
439 5094 668 5171 κριμένα
738 5096 842 5152 ὑπὸ
912 5100 1020 5152 τῶν
1100 5095 1422 5152 ἀποστόλων
1498 5097 1589 5153 καὶ
1655 5095 2032 5177 πρεσϐυτέρων

372 5209 403 5237 ε(
435 5188 544 5241 τῶν
571 5183 626 5241 ἐν
657 5182 1047 5259 Ἰερουσαλήμ.
1108 5186 1177 5243 Αἱ
1224 5185 1320 5258 μὶν
1353 5185 1447 5241 οῦν
1503 5185 1822 5257 Ἐκκλησίαι
1880 5190 2031 5247 ἑστε-

374 5298 407 5327 κ
441 5278 667 5346 ρεοῦντο
717 5278 788 5349 τῇ
874 5275 1073 5344 πίστει,
1130 5276 1220 5331 καὶ
1281 5272 1621 5350 ἱπερίσσευον
1676 5281 1757 5351 τῷ
1811 5279 2029 5357 ἀριθμῷ

377 5386 407 5419 ι
435 5365 559 5420 καθ’
594 5364 827 5439 ἡμέραν.
862 5386 907 5411 ιη

444 5476 474 5505 α
504 5453 760 5528 Δόγματα
792 5475 817 5499 ιι
876 5451 1115 5523 κὶκληκε
1170 5455 1270 5523 τήν
1315 5453 1536 5529 ἆποχὴν
1564 5459 1672 5511 τῶν
1730 5456 2031 5516 εἰδωλοθύ-

366 5562 504 5612 των,
563 5542 820 5620 πορνείας
867 5564 927 5600 τε
981 5543 1074 5600 καὶ
1126 5542 1375 5616 α’ίματος,
1440 5543 1531 5599 καὶ
1584 5551 1831 5601 πνικτοῦο
1892 5552 2026 5627 ἅπερ

362 5633 442 5697 εἰς
497 5642 792 5705 κανονικῆς
851 5640 997 5706 ζωῆς
1085 5635 1187 5708 ὁρᾷ
1262 5631 1619 5695 διατύπωσιν.
1687 5638 1870 5696 Ταῦτα
1923 5641 2028 5717 γὰρ

2142 4689 2171 4717 ‹‹
2207 4666 2373 4722 Hunc
2404 4664 2589 4722 voluit
2619 4665 2836 4722 Paulus
2874 4682 3073 4720 secum
3107 4662 3441 4736 proficisci:
3476 4668 3534 4717 et
3559 4677 3796 4717 assum-

2144 4780 2172 4808 «
2208 4762 2375 4829 ptum
2408 4755 2782 4812 circumcidit
2799 4772 2933 4810 eum
2954 4760 3195 4827 propter
3215 4753 3469 4813 Iudaeos,
3499 4752 3792 4825 quierant

2144 4866 2172 4895 ‹‹
2204 4844 2266 4899 in
2300 4844 2420 4899 illis
2451 4843 2616 4900 locis.
2668 4844 2958 4898 Noverant
3005 4842 3163 4897 enim
3196 4857 3402 4897 omnes
3424 4840 3580 4912 quod
3624 4845 3795 4912 pater

2142 4933 2326 5005 «ejus
2368 4936 2524 4987 esset
2584 4931 2839 4987 Grmcus.
2897 4937 3041 4985 Cum
3099 4936 3301 4987 autem
3361 4928 3796 5002 pertransirent

2141 5043 2169 5072 ‹‹
2204 5021 2488 5085 civitates,
2529 5019 2845 5075 tradebant
2883 5021 2970 5076 eis
3027 5021 3316 5077 servanda
3366 5021 3606 5076 decreta
3662 5035 3793 5090 qua:

2144 5133 2171 5162 ι(
2203 5110 2480 5167 ordinata
2510 5116 2680 5166 erant
2716 5109 2788 5165 ab
2836 5110 3121 5181 apostolis
3170 5128 3237 5167 ac
3295 5108 3663 5183 presbyteris
3689 5108 3792 5179 qui

2140 5222 2168 5250 ‹‹
2204 5206 2373 5256 erant
2420 5199 2823 5273 Jerosolymis.
2882 5199 3086 5272 Itaque
3143 5199 3419 5256 Ecclesiae
3466 5199 3794 5255 confirma-

2147 5308 2168 5338 ι
2201 5288 2418 5345 bantur
2450 5288 2679 5357 ﬁde,-et
2708 5290 3092 5347 abundabant
3140 5307 3388 5346 numero
3450 5287 3738 5360 quotidie.
3765 5306 3796 5337 ››

2216 5490 2237 5521 ε
2272 5468 2605 5526 Tradebant
2636 5470 2721 5527 eis
2753 5471 3039 5528 servanda
3074 5470 3333 5527 decreta.
3370 5494 3391 5522 ι
3432 5471 3577 5525 Puta
3609 5467 3797 5523 absti-

2137 5574 2281 5615 nere
2303 5559 2376 5615 ab
2406 5559 2776 5634 idolothytis,
2799 5561 2858 5617 id
2881 5568 2970 5618 est
2991 5561 3142 5618 cibis
3161 5562 3260 5633 qui
3279 5560 3532 5617 fuissent
3552 5555 3800 5613 simula-

2144 5648 2263 5705 cris
2297 5648 2621 5722 immolati,
2654 5652 3038 5721 scortatione,
3068 5650 3355 5723 sanguine
3380 5655 3437 5705 et
3466 5647 3748 5705 suﬂ‘ocato
3780 5654 3796 5696 :

4084 5040 4111 5497 ξ

4068 5508 4107 6039 Ξ
