  <div class='ocr_page' id='page_1' title='image "/cluster/home/n/w/nwhite01/storage/ocr_20150623/118/hvd.32044073502247/119.png"; bbox 0 0 4150 6200; ppageno 0'>
   <div class='ocr_carea' id='block_1_1' title="bbox 380 321 490 380">
    <p class='ocr_par' dir='ltr' id='par_1_1' title="bbox 380 321 490 380">
     <span class='ocr_line' id='line_1_1' title="bbox 380 321 490 380; baseline -0.036 0"><span class='ocrx_word' id='word_1_1' title='bbox 380 321 490 380; x_wconf 69' lang='grc'>227</span> 
     </span>
    </p>
   </div>
   <div class='ocr_carea' id='block_1_2' title="bbox 1499 309 2649 380">
    <p class='ocr_par' dir='ltr' id='par_1_2' title="bbox 1499 309 2649 380">
     <span class='ocr_line' id='line_1_2' title="bbox 1499 309 2649 380; baseline 0.003 -6"><span class='ocrx_word' id='word_1_2' title='bbox 1499 310 1878 374; x_wconf 74' lang='grc' dir='ltr'>(ΕΟΠΜΕΝῙ</span> <span class='ocrx_word' id='word_1_3' title='bbox 1923 309 2232 374; x_wconf 70' lang='grc' dir='ltr'>ΤΒῘΟΟΛΞ</span> <span class='ocrx_word' id='word_1_4' title='bbox 2279 313 2649 380; x_wconf 82' lang='lat' dir='ltr'>EPISGOPI.</span> 
     </span>
    </p>
   </div>
   <div class='ocr_carea' id='block_1_3' title="bbox 3677 323 3793 384">
    <p class='ocr_par' dir='ltr' id='par_1_3' title="bbox 3677 323 3793 384">
     <span class='ocr_line' id='line_1_3' title="bbox 3677 323 3793 384; baseline 0 0"><span class='ocrx_word' id='word_1_5' title='bbox 3677 323 3793 384; x_wconf 70' lang='lat'>928</span> 
     </span>
    </p>
   </div>
   <div class='ocr_carea' id='block_1_4' title="bbox 379 445 2016 531">
    <p class='ocr_par' dir='ltr' id='par_1_4' title="bbox 379 445 2016 526">
     <span class='ocr_line' id='line_1_4' title="bbox 379 445 2016 526; baseline -0.005 -16"><span class='ocrx_word' id='word_1_6' title='bbox 379 471 510 526; x_wconf 70' lang='lat' dir='ltr'>quae</span> <span class='ocrx_word' id='word_1_7' title='bbox 541 451 827 525; x_wconf 79' lang='lat' dir='ltr'>regularis</span> <span class='ocrx_word' id='word_1_8' title='bbox 849 450 979 504; x_wconf 63' lang='lat' dir='ltr'>vita)</span> <span class='ocrx_word' id='word_1_9' title='bbox 1001 445 1483 503; x_wconf 80' lang='lat' dir='ltr'>informationem</span> <span class='ocrx_word' id='word_1_10' title='bbox 1507 447 1874 520; x_wconf 89' lang='lat' dir='ltr'>respiciunt:</span> <span class='ocrx_word' id='word_1_11' title='bbox 1901 447 2016 502; x_wconf 68' lang='lat' dir='ltr'>haec</span> 
     </span>
    </p>
   </div>
   <div class='ocr_carea' id='block_1_5' title="bbox 2134 445 3795 531">
    <p class='ocr_par' dir='ltr' id='par_1_5' title="bbox 2144 447 3795 531">
     <span class='ocr_line' id='line_1_5' title="bbox 2144 447 3795 531; baseline 0.007 -31"><span class='ocrx_word' id='word_1_12' title='bbox 2144 447 2261 521; x_wconf 88' lang='grc' dir='ltr'>βίον</span> <span class='ocrx_word' id='word_1_13' title='bbox 2305 447 2554 523; x_wconf 80' lang='grc' dir='ltr'>ῥυθμίζει</span> <span class='ocrx_word' id='word_1_14' title='bbox 2587 451 2859 527; x_wconf 78' lang='grc' dir='ltr'>σώφρονα,</span> <span class='ocrx_word' id='word_1_15' title='bbox 2889 451 2982 508; x_wconf 79' lang='grc' dir='ltr'>καὶ</span> <span class='ocrx_word' id='word_1_16' title='bbox 3021 448 3268 530; x_wconf 73' lang='grc' dir='ltr'>λογικοῖς</span> <span class='ocrx_word' id='word_1_17' title='bbox 3322 449 3632 530; x_wconf 74' lang='grc' dir='ltr'>ἀνθρώποις</span> <span class='ocrx_word' id='word_1_18' title='bbox 3662 453 3795 531; x_wconf 67' lang='grc' dir='ltr'>πρε-</span> 
     </span>
    </p>
   </div>
   <div class='ocr_carea' id='block_1_6' title="bbox 381 536 2034 612">
    <p class='ocr_par' dir='ltr' id='par_1_6' title="bbox 381 536 2034 612">
     <span class='ocr_line' id='line_1_6' title="bbox 381 536 2034 612; baseline -0.004 -14"><span class='ocrx_word' id='word_1_19' title='bbox 381 545 539 598; x_wconf 91' lang='lat' dir='ltr'>enim</span> <span class='ocrx_word' id='word_1_20' title='bbox 560 540 912 612; x_wconf 84' lang='lat' dir='ltr'>prudentem</span> <span class='ocrx_word' id='word_1_21' title='bbox 937 538 1114 594; x_wconf 87' lang='lat' dir='ltr'>vitam</span> <span class='ocrx_word' id='word_1_22' title='bbox 1146 537 1410 610; x_wconf 87' lang='lat' dir='ltr'>dirigunt</span> <span class='ocrx_word' id='word_1_23' title='bbox 1431 543 1490 592; x_wconf 90' lang='lat' dir='ltr'>et</span> <span class='ocrx_word' id='word_1_24' title='bbox 1519 536 1912 593; x_wconf 82' lang='lat' dir='ltr'>rationalibus</span> <span class='ocrx_word' id='word_1_25' title='bbox 1933 551 2034 608; x_wconf 79' lang='lat' dir='ltr'>ap-</span> 
     </span>
    </p>
   </div>
   <div class='ocr_carea' id='block_1_7' title="bbox 381 629 973 688">
    <p class='ocr_par' dir='ltr' id='par_1_7' title="bbox 381 629 973 688">
     <span class='ocr_line' id='line_1_7' title="bbox 381 629 973 688; baseline -0.01 0"><span class='ocrx_word' id='word_1_26' title='bbox 381 639 580 688; x_wconf 86' lang='lat' dir='ltr'>tantur</span> <span class='ocrx_word' id='word_1_27' title='bbox 607 629 973 684; x_wconf 88' lang='lat' dir='ltr'>hominibus.</span> 
     </span>
    </p>
   </div>
   <div class='ocr_carea' id='block_1_8' title="bbox 449 733 2036 806">
    <p class='ocr_par' dir='ltr' id='par_1_8' title="bbox 449 733 2036 806">
     <span class='ocr_line' id='line_1_8' title="bbox 449 733 2036 806; baseline -0.003 -14"><span class='ocrx_word' id='word_1_28' title='bbox 449 738 590 800; x_wconf 83' lang='lat' dir='ltr'><strong>XVI,</strong></span> <span class='ocrx_word' id='word_1_29' title='bbox 623 737 733 790; x_wconf 88' lang='lat'>6-8.</span> <span class='ocrx_word' id='word_1_30' title='bbox 768 758 795 784; x_wconf 85' lang='lat'><strong>«</strong></span> <span class='ocrx_word' id='word_1_31' title='bbox 826 736 1109 806; x_wconf 85' lang='lat' dir='ltr'>Cumque,</span> <span class='ocrx_word' id='word_1_32' title='bbox 1139 740 1556 806; x_wconf 76' lang='lat' dir='ltr'>peragrassent</span> <span class='ocrx_word' id='word_1_33' title='bbox 1616 733 1932 806; x_wconf 81' lang='lat' dir='ltr'>Phrygiam</span> <span class='ocrx_word' id='word_1_34' title='bbox 1973 737 2036 788; x_wconf 89' lang='lat' dir='ltr'>et</span> 
     </span>
    </p>
   </div>
   <div class='ocr_carea' id='block_1_9' title="bbox 379 824 2034 897">
    <p class='ocr_par' dir='ltr' id='par_1_9' title="bbox 379 824 2034 897">
     <span class='ocr_line' id='line_1_9' title="bbox 379 824 2034 897; baseline 0 -21"><span class='ocrx_word' id='word_1_35' title='bbox 379 851 406 878; x_wconf 87' lang='grc'>‹‹</span> <span class='ocrx_word' id='word_1_36' title='bbox 440 825 761 880; x_wconf 85' lang='lat' dir='ltr'>Galaticam</span> <span class='ocrx_word' id='word_1_37' title='bbox 797 825 944 880; x_wconf 69' lang='lat' dir='ltr'>I29</span> <span class='ocrx_word' id='word_1_38' title='bbox 981 825 1284 897; x_wconf 79' lang='lat' dir='ltr'>regionem</span> <span class='ocrx_word' id='word_1_39' title='bbox 1350 841 1418 879; x_wconf 90' lang='lat' dir='ltr'>ac</span> <span class='ocrx_word' id='word_1_40' title='bbox 1449 824 1732 895; x_wconf 78' lang='lat' dir='ltr'>prohibiti</span> <span class='ocrx_word' id='word_1_41' title='bbox 1767 827 1969 879; x_wconf 84' lang='lat' dir='ltr'>essent</span> <span class='ocrx_word' id='word_1_42' title='bbox 1998 838 2034 877; x_wconf 88' lang='lat' dir='ltr'>a</span> 
     </span>
    </p>
   </div>
   <div class='ocr_carea' id='block_1_10' title="bbox 379 913 2035 986">
    <p class='ocr_par' dir='ltr' id='par_1_10' title="bbox 379 913 2035 986">
     <span class='ocr_line' id='line_1_10' title="bbox 379 913 2035 986; baseline 0 -20"><span class='ocrx_word' id='word_1_43' title='bbox 379 939 405 966; x_wconf 85' lang='grc'>‹‹</span> <span class='ocrx_word' id='word_1_44' title='bbox 433 915 651 986; x_wconf 86' lang='lat' dir='ltr'>Spiritu</span> <span class='ocrx_word' id='word_1_45' title='bbox 673 921 878 970; x_wconf 88' lang='lat' dir='ltr'>sancto</span> <span class='ocrx_word' id='word_1_46' title='bbox 915 931 986 970; x_wconf 88' lang='lat' dir='ltr'>ne</span> <span class='ocrx_word' id='word_1_47' title='bbox 1007 914 1248 968; x_wconf 87' lang='lat' dir='ltr'>verbum</span> <span class='ocrx_word' id='word_1_48' title='bbox 1273 915 1332 968; x_wconf 91' lang='lat' dir='ltr'>in</span> <span class='ocrx_word' id='word_1_49' title='bbox 1358 929 1390 967; x_wconf 75' lang='grc' dir='ltr'><strong>Α</strong></span> <span class='ocrx_word' id='word_1_50' title='bbox 1407 914 1555 968; x_wconf 89' lang='lat' dir='ltr'>siam</span> <span class='ocrx_word' id='word_1_51' title='bbox 1571 913 2035 968; x_wconf 88' lang='lat' dir='ltr'>disseminarent</span> 
     </span>
    </p>
   </div>
   <div class='ocr_carea' id='block_1_11' title="bbox 379 1005 2032 1078">
    <p class='ocr_par' dir='ltr' id='par_1_11' title="bbox 379 1005 2032 1078">
     <span class='ocr_line' id='line_1_11' title="bbox 379 1005 2032 1078; baseline 0.002 -21"><span class='ocrx_word' id='word_1_52' title='bbox 379 1029 406 1058; x_wconf 73' lang='grc' dir='ltr'>ε(</span> <span class='ocrx_word' id='word_1_53' title='bbox 443 1007 688 1078; x_wconf 89' lang='lat' dir='ltr'>profecti</span> <span class='ocrx_word' id='word_1_54' title='bbox 721 1007 782 1060; x_wconf 92' lang='lat' dir='ltr'>in</span> <span class='ocrx_word' id='word_1_55' title='bbox 817 1007 1060 1077; x_wconf 81' lang='lat' dir='ltr'>Mysiam</span> <span class='ocrx_word' id='word_1_56' title='bbox 1101 1006 1410 1061; x_wconf 85' lang='lat' dir='ltr'>tentabant</span> <span class='ocrx_word' id='word_1_57' title='bbox 1465 1006 1550 1061; x_wconf 89' lang='lat' dir='ltr'>ire</span> <span class='ocrx_word' id='word_1_58' title='bbox 1582 1006 1644 1060; x_wconf 91' lang='lat' dir='ltr'>in</span> <span class='ocrx_word' id='word_1_59' title='bbox 1675 1005 2032 1078; x_wconf 87' lang='lat' dir='ltr'>Bithyniam,</span> 
     </span>
    </p>
   </div>
   <div class='ocr_carea' id='block_1_12' title="bbox 378 1097 2030 1169">
    <p class='ocr_par' dir='ltr' id='par_1_12' title="bbox 378 1097 2030 1169">
     <span class='ocr_line' id='line_1_12' title="bbox 378 1097 2030 1169; baseline 0.002 -21"><span class='ocrx_word' id='word_1_60' title='bbox 378 1121 406 1149; x_wconf 87' lang='grc'><strong>‹‹</strong></span> <span class='ocrx_word' id='word_1_61' title='bbox 443 1105 499 1154; x_wconf 89' lang='lat' dir='ltr'>et</span> <span class='ocrx_word' id='word_1_62' title='bbox 523 1115 646 1153; x_wconf 90' lang='lat' dir='ltr'>non</span> <span class='ocrx_word' id='word_1_63' title='bbox 678 1098 951 1169; x_wconf 87' lang='lat' dir='ltr'>permisit</span> <span class='ocrx_word' id='word_1_64' title='bbox 980 1114 1080 1153; x_wconf 87' lang='lat' dir='ltr'>eos</span> <span class='ocrx_word' id='word_1_65' title='bbox 1106 1097 1376 1169; x_wconf 80' lang='lat' dir='ltr'>Spiritus.</span> <span class='ocrx_word' id='word_1_66' title='bbox 1411 1097 1516 1152; x_wconf 89' lang='lat' dir='ltr'>Ubi</span> <span class='ocrx_word' id='word_1_67' title='bbox 1545 1103 1742 1153; x_wconf 88' lang='lat' dir='ltr'>autem</span> <span class='ocrx_word' id='word_1_68' title='bbox 1763 1104 2030 1169; x_wconf 86' lang='lat' dir='ltr'>pertran-</span> 
     </span>
    </p>
   </div>
   <div class='ocr_carea' id='block_1_13' title="bbox 383 1186 1817 1257">
    <p class='ocr_par' dir='ltr' id='par_1_13' title="bbox 383 1186 1817 1257">
     <span class='ocr_line' id='line_1_13' title="bbox 383 1186 1817 1257; baseline -0.001 -17"><span class='ocrx_word' id='word_1_69' title='bbox 383 1209 410 1240; x_wconf 75' lang='grc' dir='ltr'>ιι</span> <span class='ocrx_word' id='word_1_70' title='bbox 445 1189 664 1243; x_wconf 84' lang='lat' dir='ltr'>sissent</span> <span class='ocrx_word' id='word_1_71' title='bbox 694 1188 959 1257; x_wconf 81' lang='lat' dir='ltr'>Mysiam,</span> <span class='ocrx_word' id='word_1_72' title='bbox 987 1187 1422 1244; x_wconf 79' lang='lat' dir='ltr'>descenderunt</span> <span class='ocrx_word' id='word_1_73' title='bbox 1442 1186 1754 1244; x_wconf 86' lang='lat' dir='ltr'>Troadem.</span> <span class='ocrx_word' id='word_1_74' title='bbox 1789 1209 1817 1238; x_wconf 81' lang='grc'>››</span> 
     </span>
    </p>
   </div>
   <div class='ocr_carea' id='block_1_14' title="bbox 449 1380 2030 1452">
    <p class='ocr_par' dir='ltr' id='par_1_14' title="bbox 449 1380 2030 1452">
     <span class='ocr_line' id='line_1_14' title="bbox 449 1380 2030 1452; baseline -0.003 -14"><span class='ocrx_word' id='word_1_75' title='bbox 449 1383 513 1439; x_wconf 88' lang='lat' dir='ltr'>In</span> <span class='ocrx_word' id='word_1_76' title='bbox 549 1383 686 1438; x_wconf 86' lang='lat' dir='ltr'>Asia</span> <span class='ocrx_word' id='word_1_77' title='bbox 736 1388 791 1436; x_wconf 90' lang='lat' dir='ltr'>et</span> <span class='ocrx_word' id='word_1_78' title='bbox 825 1382 1098 1452; x_wconf 86' lang='lat' dir='ltr'>Bithynia</span> <span class='ocrx_word' id='word_1_79' title='bbox 1127 1386 1286 1436; x_wconf 85' lang='lat' dir='ltr'>vetat</span> <span class='ocrx_word' id='word_1_80' title='bbox 1340 1381 1595 1450; x_wconf 90' lang='lat' dir='ltr'>Spiritus</span> <span class='ocrx_word' id='word_1_81' title='bbox 1653 1398 1727 1435; x_wconf 89' lang='lat' dir='ltr'>ne</span> <span class='ocrx_word' id='word_1_82' title='bbox 1788 1380 2030 1436; x_wconf 86' lang='lat' dir='ltr'>verbum</span> 
     </span>
    </p>
   </div>
   <div class='ocr_carea' id='block_1_15' title="bbox 376 1469 2042 1541">
    <p class='ocr_par' dir='ltr' id='par_1_15' title="bbox 376 1469 2042 1541">
     <span class='ocr_line' id='line_1_15' title="bbox 376 1469 2042 1541; baseline -0.002 -13"><span class='ocrx_word' id='word_1_83' title='bbox 376 1471 768 1528; x_wconf 87' lang='lat' dir='ltr'>disseminent</span> <span class='ocrx_word' id='word_1_84' title='bbox 799 1470 1073 1541; x_wconf 87' lang='lat' dir='ltr'>apostoli.</span> <span class='ocrx_word' id='word_1_85' title='bbox 1101 1469 1351 1540; x_wconf 72' lang='lat' dir='ltr'>prmcius</span> <span class='ocrx_word' id='word_1_86' title='bbox 1381 1469 1654 1524; x_wconf 65' lang='lat' dir='ltr'>haresim</span> <span class='ocrx_word' id='word_1_87' title='bbox 1687 1486 1892 1525; x_wconf 91' lang='lat' dir='ltr'>eorum</span> <span class='ocrx_word' id='word_1_88' title='bbox 1927 1481 2042 1541; x_wconf 76' lang='lat' dir='ltr'>qui</span> 
     </span>
    </p>
   </div>
   <div class='ocr_carea' id='block_1_16' title="bbox 379 1558 2031 1632">
    <p class='ocr_par' dir='ltr' id='par_1_16' title="bbox 379 1558 2031 1632">
     <span class='ocr_line' id='line_1_16' title="bbox 379 1558 2031 1632; baseline 0 -16"><span class='ocrx_word' id='word_1_89' title='bbox 379 1563 661 1632; x_wconf 87' lang='lat' dir='ltr'>Spiritum</span> <span class='ocrx_word' id='word_1_90' title='bbox 691 1561 1111 1632; x_wconf 87' lang='lat' dir='ltr'>impugnarent</span> <span class='ocrx_word' id='word_1_91' title='bbox 1167 1558 1607 1616; x_wconf 86' lang='lat' dir='ltr'>dominaturam</span> <span class='ocrx_word' id='word_1_92' title='bbox 1661 1559 1782 1616; x_wconf 91' lang='lat' dir='ltr'>illis</span> <span class='ocrx_word' id='word_1_93' title='bbox 1817 1561 1918 1632; x_wconf 92' lang='lat' dir='ltr'>qui</span> <span class='ocrx_word' id='word_1_94' title='bbox 1951 1562 2031 1618; x_wconf 90' lang='lat' dir='ltr'>ibi</span> 
     </span>
    </p>
   </div>
   <div class='ocr_carea' id='block_1_17' title="bbox 379 1650 681 1721">
    <p class='ocr_par' dir='ltr' id='par_1_17' title="bbox 379 1650 681 1721">
     <span class='ocr_line' id='line_1_17' title="bbox 379 1650 681 1721; baseline 0 -17"><span class='ocrx_word' id='word_1_95' title='bbox 379 1650 681 1721; x_wconf 81' lang='lat' dir='ltr'>degerent.</span> 
     </span>
    </p>
   </div>
   <div class='ocr_carea' id='block_1_18' title="bbox 2137 558 2328 596">
    <p class='ocr_par' dir='ltr' id='par_1_18' title="bbox 2137 558 2328 596">
     <span class='ocr_line' id='line_1_18' title="bbox 2137 558 2328 596; baseline 0.021 -4"><span class='ocrx_word' id='word_1_96' title='bbox 2137 558 2328 596; x_wconf 82' lang='grc' dir='ltr'>ποντα.</span> 
     </span>
    </p>
   </div>
   <div class='ocr_carea' id='block_1_19' title="bbox 2211 741 3788 822">
    <p class='ocr_par' dir='ltr' id='par_1_19' title="bbox 2211 741 3788 822">
     <span class='ocr_line' id='line_1_19' title="bbox 2211 741 3788 822; baseline 0.002 -25"><span class='ocrx_word' id='word_1_97' title='bbox 2211 765 2239 793; x_wconf 87' lang='grc'>‹‹</span> <span class='ocrx_word' id='word_1_98' title='bbox 2273 741 2583 808; x_wconf 75' lang='grc' dir='ltr'>Διελθόντες</span> <span class='ocrx_word' id='word_1_99' title='bbox 2641 741 2698 798; x_wconf 76' lang='grc' dir='ltr'>δὲ</span> <span class='ocrx_word' id='word_1_100' title='bbox 2747 746 2846 814; x_wconf 83' lang='grc' dir='ltr'>τήν</span> <span class='ocrx_word' id='word_1_101' title='bbox 2878 743 3119 822; x_wconf 78' lang='grc' dir='ltr'>Φρυγίαν</span> <span class='ocrx_word' id='word_1_102' title='bbox 3173 745 3263 800; x_wconf 81' lang='grc' dir='ltr'>καὶ</span> <span class='ocrx_word' id='word_1_103' title='bbox 3319 746 3418 815; x_wconf 75' lang='grc' dir='ltr'>τήν</span> <span class='ocrx_word' id='word_1_104' title='bbox 3479 743 3788 815; x_wconf 77' lang='grc' dir='ltr'>Γαλατικὴν</span> 
     </span>
    </p>
   </div>
   <div class='ocr_carea' id='block_1_20' title="bbox 2139 833 3788 912">
    <p class='ocr_par' dir='ltr' id='par_1_20' title="bbox 2139 833 3788 912">
     <span class='ocr_line' id='line_1_20' title="bbox 2139 833 3788 912; baseline 0.004 -26"><span class='ocrx_word' id='word_1_105' title='bbox 2139 855 2167 882; x_wconf 88' lang='grc'>‹‹</span> <span class='ocrx_word' id='word_1_106' title='bbox 2203 833 2414 908; x_wconf 84' lang='grc' dir='ltr'>χώραν,</span> <span class='ocrx_word' id='word_1_107' title='bbox 2470 833 2804 898; x_wconf 65' lang='grc' dir='ltr'>κωλυθέντες</span> <span class='ocrx_word' id='word_1_108' title='bbox 2891 835 2993 890; x_wconf 82' lang='grc' dir='ltr'>ὑπὸ</span> <span class='ocrx_word' id='word_1_109' title='bbox 3076 841 3173 891; x_wconf 88' lang='grc' dir='ltr'>τοῦ</span> <span class='ocrx_word' id='word_1_110' title='bbox 3259 837 3416 912; x_wconf 80' lang='grc' dir='ltr'><strong>ἁγίου</strong></span> <span class='ocrx_word' id='word_1_111' title='bbox 3475 837 3788 910; x_wconf 76' lang='grc' dir='ltr'>Πνεῦματος</span> 
     </span>
    </p>
   </div>
   <div class='ocr_carea' id='block_1_21' title="bbox 2140 923 3786 1002">
    <p class='ocr_par' dir='ltr' id='par_1_21' title="bbox 2140 923 3786 1002">
     <span class='ocr_line' id='line_1_21' title="bbox 2140 923 3786 1002; baseline 0.004 -29"><span class='ocrx_word' id='word_1_112' title='bbox 2140 945 2168 972; x_wconf 88' lang='grc'>‹‹</span> <span class='ocrx_word' id='word_1_113' title='bbox 2203 923 2444 992; x_wconf 75' lang='grc' dir='ltr'>Λαλῆσαι</span> <span class='ocrx_word' id='word_1_114' title='bbox 2491 925 2582 978; x_wconf 85' lang='grc' dir='ltr'>τὸν</span> <span class='ocrx_word' id='word_1_115' title='bbox 2663 923 2828 1002; x_wconf 85' lang='grc' dir='ltr'>λόγον</span> <span class='ocrx_word' id='word_1_116' title='bbox 2885 923 2936 980; x_wconf 88' lang='grc' dir='ltr'>ἐν</span> <span class='ocrx_word' id='word_1_117' title='bbox 2991 928 3061 1000; x_wconf 80' lang='grc' dir='ltr'>τῇ</span> <span class='ocrx_word' id='word_1_118' title='bbox 3125 925 3298 998; x_wconf 82' lang='grc' dir='ltr'>Ἀσίᾳ,</span> <span class='ocrx_word' id='word_1_119' title='bbox 3357 923 3603 988; x_wconf 80' lang='grc' dir='ltr'>ἐλθόντες</span> <span class='ocrx_word' id='word_1_120' title='bbox 3651 926 3786 982; x_wconf 79' lang='grc' dir='ltr'>κατὰ</span> 
     </span>
    </p>
   </div>
   <div class='ocr_carea' id='block_1_22' title="bbox 2142 1013 3785 1089">
    <p class='ocr_par' dir='ltr' id='par_1_22' title="bbox 2142 1013 3785 1089">
     <span class='ocr_line' id='line_1_22' title="bbox 2142 1013 3785 1089; baseline 0.004 -23"><span class='ocrx_word' id='word_1_121' title='bbox 2142 1013 2297 1081; x_wconf 81' lang='grc' dir='ltr'>«τήν</span> <span class='ocrx_word' id='word_1_122' title='bbox 2359 1013 2592 1083; x_wconf 83' lang='grc' dir='ltr'>Μυσίαν,</span> <span class='ocrx_word' id='word_1_123' title='bbox 2669 1014 2948 1089; x_wconf 73' lang='grc' dir='ltr'>ἐπείραζον</span> <span class='ocrx_word' id='word_1_124' title='bbox 3030 1015 3164 1070; x_wconf 84' lang='grc' dir='ltr'>κατᾶ</span> <span class='ocrx_word' id='word_1_125' title='bbox 3215 1016 3313 1085; x_wconf 80' lang='grc' dir='ltr'>τήν</span> <span class='ocrx_word' id='word_1_126' title='bbox 3373 1017 3626 1072; x_wconf 88' lang='grc' dir='ltr'>Βιθυνίαν</span> <span class='ocrx_word' id='word_1_127' title='bbox 3682 1038 3785 1072; x_wconf 80' lang='grc' dir='ltr'>πο-</span> 
     </span>
    </p>
   </div>
   <div class='ocr_carea' id='block_1_23' title="bbox 2141 1102 3340 1178">
    <p class='ocr_par' dir='ltr' id='par_1_23' title="bbox 2141 1102 3340 1178">
     <span class='ocr_line' id='line_1_23' title="bbox 2141 1102 3340 1178; baseline 0.009 -25"><span class='ocrx_word' id='word_1_128' title='bbox 2141 1102 2461 1178; x_wconf 76' lang='grc' dir='ltr'>«ρεύεσθαι,</span> <span class='ocrx_word' id='word_1_129' title='bbox 2545 1105 2635 1159; x_wconf 84' lang='grc' dir='ltr'>καὶ</span> <span class='ocrx_word' id='word_1_130' title='bbox 2714 1103 2812 1160; x_wconf 77' lang='grc' dir='ltr'>οὐκ</span> <span class='ocrx_word' id='word_1_131' title='bbox 2887 1105 3057 1162; x_wconf 74' lang='grc' dir='ltr'>ε’ἰασεν</span> <span class='ocrx_word' id='word_1_132' title='bbox 3145 1103 3340 1164; x_wconf 64' lang='grc' dir='ltr'>αὐτοὺς</span> 
     </span>
    </p>
   </div>
   <div class='ocr_carea' id='block_1_24' title="bbox 2141 1193 2709 1270">
    <p class='ocr_par' dir='ltr' id='par_1_24' title="bbox 2141 1193 2709 1270">
     <span class='ocr_line' id='line_1_24' title="bbox 2141 1193 2709 1270; baseline 0.011 -26"><span class='ocrx_word' id='word_1_133' title='bbox 2141 1218 2168 1244; x_wconf 78' lang='grc' dir='ltr'>ι(</span> <span class='ocrx_word' id='word_1_134' title='bbox 2204 1194 2573 1270; x_wconf 82' lang='grc' dir='ltr'>Πσρελθόντες</span> <span class='ocrx_word' id='word_1_135' title='bbox 2652 1193 2709 1250; x_wconf 79' lang='grc' dir='ltr'>δὲ</span> 
     </span>
    </p>
   </div>
   <div class='ocr_carea' id='block_1_25' title="bbox 2141 1280 2516 1358">
    <p class='ocr_par' dir='ltr' id='par_1_25' title="bbox 2141 1280 2516 1358">
     <span class='ocr_line' id='line_1_25' title="bbox 2141 1280 2516 1358; baseline 0.003 -23"><span class='ocrx_word' id='word_1_136' title='bbox 2141 1309 2169 1336; x_wconf 85' lang='grc'><strong>‹(</strong></span> <span class='ocrx_word' id='word_1_137' title='bbox 2202 1280 2452 1358; x_wconf 78' lang='grc' dir='ltr'>Τρωάδα.</span> <span class='ocrx_word' id='word_1_138' title='bbox 2488 1309 2516 1336; x_wconf 91' lang='grc'>››</span> 
     </span>
    </p>
   </div>
   <div class='ocr_carea' id='block_1_26' title="bbox 3421 1105 3782 1182">
    <p class='ocr_par' dir='ltr' id='par_1_26' title="bbox 3421 1105 3782 1182">
     <span class='ocr_line' id='line_1_26' title="bbox 3421 1105 3782 1182; baseline 0.008 -20"><span class='ocrx_word' id='word_1_139' title='bbox 3421 1105 3484 1162; x_wconf 82' lang='grc' dir='ltr'>τὸ</span> <span class='ocrx_word' id='word_1_140' title='bbox 3544 1111 3782 1182; x_wconf 86' lang='grc' dir='ltr'>Πνεῦμα.</span> 
     </span>
    </p>
   </div>
   <div class='ocr_carea' id='block_1_27' title="bbox 2820 1191 3782 1268">
    <p class='ocr_par' dir='ltr' id='par_1_27' title="bbox 2820 1191 3782 1268">
     <span class='ocr_line' id='line_1_27' title="bbox 2820 1191 3782 1268; baseline 0.001 -17"><span class='ocrx_word' id='word_1_141' title='bbox 2820 1197 2918 1264; x_wconf 73' lang='grc' dir='ltr'>τὴν</span> <span class='ocrx_word' id='word_1_142' title='bbox 3006 1196 3210 1256; x_wconf 75' lang='grc' dir='ltr'>Μυσίαν</span> <span class='ocrx_word' id='word_1_143' title='bbox 3320 1191 3624 1268; x_wconf 68' lang='grc' dir='ltr'>κατέϐησαν</span> <span class='ocrx_word' id='word_1_144' title='bbox 3707 1197 3782 1260; x_wconf 87' lang='grc' dir='ltr'>εἷς</span> 
     </span>
    </p>
   </div>
   <div class='ocr_carea' id='block_1_28' title="bbox 2212 1392 3784 1468">
    <p class='ocr_par' dir='ltr' id='par_1_28' title="bbox 2212 1392 3784 1468">
     <span class='ocr_line' id='line_1_28' title="bbox 2212 1392 3784 1468; baseline 0.003 -22"><span class='ocrx_word' id='word_1_145' title='bbox 2212 1393 2298 1446; x_wconf 85' lang='grc' dir='ltr'>Ἐν</span> <span class='ocrx_word' id='word_1_146' title='bbox 2327 1395 2395 1465; x_wconf 81' lang='grc' dir='ltr'>τῇ</span> <span class='ocrx_word' id='word_1_147' title='bbox 2431 1393 2582 1464; x_wconf 80' lang='grc' dir='ltr'>Ἀσίᾳ</span> <span class='ocrx_word' id='word_1_148' title='bbox 2616 1393 2704 1448; x_wconf 76' lang='grc' dir='ltr'>καὶ</span> <span class='ocrx_word' id='word_1_149' title='bbox 2765 1393 2982 1466; x_wconf 81' lang='grc' dir='ltr'>Βιθυνίᾳ</span> <span class='ocrx_word' id='word_1_150' title='bbox 3032 1392 3235 1449; x_wconf 77' lang='grc' dir='ltr'>κωλύει</span> <span class='ocrx_word' id='word_1_151' title='bbox 3291 1395 3356 1450; x_wconf 84' lang='grc' dir='ltr'>τὸ</span> <span class='ocrx_word' id='word_1_152' title='bbox 3417 1398 3632 1468; x_wconf 88' lang='grc' dir='ltr'>Πνεῦμα</span> <span class='ocrx_word' id='word_1_153' title='bbox 3679 1394 3784 1450; x_wconf 89' lang='grc' dir='ltr'>λα-</span> 
     </span>
    </p>
   </div>
   <div class='ocr_carea' id='block_1_29' title="bbox 2141 1479 3780 1561">
    <p class='ocr_par' dir='ltr' id='par_1_29' title="bbox 2141 1479 3780 1561">
     <span class='ocr_line' id='line_1_29' title="bbox 2141 1479 3780 1561; baseline 0.002 -25"><span class='ocrx_word' id='word_1_154' title='bbox 2141 1479 2304 1551; x_wconf 82' lang='grc' dir='ltr'>λῆσαι</span> <span class='ocrx_word' id='word_1_155' title='bbox 2331 1482 2421 1536; x_wconf 89' lang='grc' dir='ltr'>τὸν</span> <span class='ocrx_word' id='word_1_156' title='bbox 2455 1481 2622 1558; x_wconf 90' lang='grc' dir='ltr'>λόγον</span> <span class='ocrx_word' id='word_1_157' title='bbox 2643 1483 2770 1546; x_wconf 84' lang='grc' dir='ltr'>τοὺς</span> <span class='ocrx_word' id='word_1_158' title='bbox 2817 1482 3178 1545; x_wconf 79' lang='grc' dir='ltr'>ἀποστόλους.</span> <span class='ocrx_word' id='word_1_159' title='bbox 3228 1487 3622 1561; x_wconf 78' lang='grc' dir='ltr'>προγινώσκων</span> <span class='ocrx_word' id='word_1_160' title='bbox 3679 1486 3780 1554; x_wconf 75' lang='grc' dir='ltr'>τήν</span> 
     </span>
    </p>
   </div>
   <div class='ocr_carea' id='block_1_30' title="bbox 2136 1570 3302 1649">
    <p class='ocr_par' dir='ltr' id='par_1_30' title="bbox 2136 1570 3302 1649">
     <span class='ocr_line' id='line_1_30' title="bbox 2136 1570 3302 1649; baseline 0.003 -23"><span class='ocrx_word' id='word_1_161' title='bbox 2136 1575 2244 1626; x_wconf 82' lang='grc' dir='ltr'>τῶν</span> <span class='ocrx_word' id='word_1_162' title='bbox 2273 1571 2750 1648; x_wconf 83' lang='grc' dir='ltr'>πνευματομάχων</span> <span class='ocrx_word' id='word_1_163' title='bbox 2779 1570 2986 1647; x_wconf 69' lang='grc' dir='ltr'>α’ἶρεσιν</span> <span class='ocrx_word' id='word_1_164' title='bbox 3011 1573 3302 1649; x_wconf 80' lang='grc' dir='ltr'>κυριεύειν.</span> 
     </span>
    </p>
   </div>
   <div class='ocr_carea' id='block_1_31' title="bbox 447 1757 2016 1862">
    <p class='ocr_par' dir='ltr' id='par_1_31' title="bbox 447 1757 2016 1828">
     <span class='ocr_line' id='line_1_31' title="bbox 447 1757 2016 1828; baseline 0.001 -17"><span class='ocrx_word' id='word_1_165' title='bbox 447 1757 589 1824; x_wconf 81' lang='lat' dir='ltr'>XVI,</span> <span class='ocrx_word' id='word_1_166' title='bbox 621 1759 674 1812; x_wconf 92' lang='lat'>8.</span> <span class='ocrx_word' id='word_1_167' title='bbox 702 1779 728 1806; x_wconf 90' lang='grc'>‹‹</span> <span class='ocrx_word' id='word_1_168' title='bbox 764 1759 832 1810; x_wconf 85' lang='lat' dir='ltr'>Et</span> <span class='ocrx_word' id='word_1_169' title='bbox 860 1757 1006 1812; x_wconf 86' lang='lat' dir='ltr'>visio</span> <span class='ocrx_word' id='word_1_170' title='bbox 1033 1773 1139 1828; x_wconf 87' lang='lat' dir='ltr'>per</span> <span class='ocrx_word' id='word_1_171' title='bbox 1169 1763 1404 1813; x_wconf 90' lang='lat' dir='ltr'>noctem</span> <span class='ocrx_word' id='word_1_172' title='bbox 1437 1763 1674 1814; x_wconf 87' lang='lat' dir='ltr'>ostensa</span> <span class='ocrx_word' id='word_1_173' title='bbox 1705 1766 1792 1814; x_wconf 87' lang='lat' dir='ltr'>est</span> <span class='ocrx_word' id='word_1_174' title='bbox 1823 1759 2016 1816; x_wconf 32' lang='lat' dir='ltr'>Paulo.</span> 
     </span>
    </p>
   </div>
   <div class='ocr_carea' id='block_1_32' title="bbox 2134 1757 3780 1862">
    <p class='ocr_par' dir='ltr' id='par_1_32' title="bbox 2210 1767 3780 1846">
     <span class='ocr_line' id='line_1_32' title="bbox 2210 1767 3780 1846; baseline 0.002 -26"><span class='ocrx_word' id='word_1_175' title='bbox 2210 1794 2236 1821; x_wconf 76' lang='grc' dir='ltr'>ι(</span> <span class='ocrx_word' id='word_1_176' title='bbox 2271 1769 2376 1826; x_wconf 86' lang='grc' dir='ltr'>Καὶ</span> <span class='ocrx_word' id='word_1_177' title='bbox 2408 1767 2588 1845; x_wconf 76' lang='grc' dir='ltr'>ὅραμα</span> <span class='ocrx_word' id='word_1_178' title='bbox 2648 1767 2736 1825; x_wconf 76' lang='grc' dir='ltr'>διὰ</span> <span class='ocrx_word' id='word_1_179' title='bbox 2789 1776 2890 1839; x_wconf 76' lang='grc' dir='ltr'>τῆς</span> <span class='ocrx_word' id='word_1_180' title='bbox 2949 1769 3140 1832; x_wconf 86' lang='grc' dir='ltr'>νυκτὸς</span> <span class='ocrx_word' id='word_1_181' title='bbox 3200 1767 3352 1846; x_wconf 80' lang='grc' dir='ltr'>ὣφθη</span> <span class='ocrx_word' id='word_1_182' title='bbox 3415 1773 3493 1841; x_wconf 81' lang='grc' dir='ltr'>τῷ</span> <span class='ocrx_word' id='word_1_183' title='bbox 3551 1768 3780 1842; x_wconf 81' lang='grc' dir='ltr'>Παύλῳ,</span> 
     </span>
    </p>
   </div>
   <div class='ocr_carea' id='block_1_33' title="bbox 384 1845 2026 1918">
    <p class='ocr_par' dir='ltr' id='par_1_33' title="bbox 384 1845 2026 1918">
     <span class='ocr_line' id='line_1_33' title="bbox 384 1845 2026 1918; baseline 0.002 -19"><span class='ocrx_word' id='word_1_184' title='bbox 384 1869 410 1899; x_wconf 76' lang='grc'>‹.</span> <span class='ocrx_word' id='word_1_185' title='bbox 440 1845 534 1900; x_wconf 89' lang='lat' dir='ltr'>Vir</span> <span class='ocrx_word' id='word_1_186' title='bbox 565 1845 806 1916; x_wconf 89' lang='lat' dir='ltr'>quidam</span> <span class='ocrx_word' id='word_1_187' title='bbox 841 1846 1072 1901; x_wconf 89' lang='lat' dir='ltr'>Macedo</span> <span class='ocrx_word' id='word_1_188' title='bbox 1107 1846 1298 1902; x_wconf 88' lang='lat' dir='ltr'>stabat</span> <span class='ocrx_word' id='word_1_189' title='bbox 1330 1847 1659 1918; x_wconf 87' lang='lat' dir='ltr'>deprecans</span> <span class='ocrx_word' id='word_1_190' title='bbox 1691 1865 1826 1904; x_wconf 90' lang='lat' dir='ltr'>eum</span> <span class='ocrx_word' id='word_1_191' title='bbox 1854 1865 1921 1904; x_wconf 90' lang='lat' dir='ltr'>ac</span> <span class='ocrx_word' id='word_1_192' title='bbox 1942 1848 2026 1904; x_wconf 91' lang='lat' dir='ltr'>di-</span> 
     </span>
    </p>
   </div>
   <div class='ocr_carea' id='block_1_34' title="bbox 376 1935 2025 1995">
    <p class='ocr_par' dir='ltr' id='par_1_34' title="bbox 376 1935 2025 1995">
     <span class='ocr_line' id='line_1_34' title="bbox 376 1935 2025 1995; baseline 0.006 -10"><span class='ocrx_word' id='word_1_193' title='bbox 376 1957 404 1986; x_wconf 88' lang='grc'>‹‹</span> <span class='ocrx_word' id='word_1_194' title='bbox 438 1951 616 1991; x_wconf 89' lang='lat' dir='ltr'>cens:</span> <span class='ocrx_word' id='word_1_195' title='bbox 663 1935 965 1990; x_wconf 85' lang='lat' dir='ltr'>Profectus</span> <span class='ocrx_word' id='word_1_196' title='bbox 1005 1935 1066 1990; x_wconf 91' lang='lat' dir='ltr'>in</span> <span class='ocrx_word' id='word_1_197' title='bbox 1100 1936 1499 1992; x_wconf 88' lang='lat' dir='ltr'>Macedoniam</span> <span class='ocrx_word' id='word_1_198' title='bbox 1560 1944 1684 1992; x_wconf 89' lang='lat' dir='ltr'>esto</span> <span class='ocrx_word' id='word_1_199' title='bbox 1718 1938 1892 1994; x_wconf 88' lang='lat' dir='ltr'>nobis</span> <span class='ocrx_word' id='word_1_200' title='bbox 1922 1955 2025 1995; x_wconf 88' lang='lat' dir='ltr'>au-</span> 
     </span>
    </p>
   </div>
   <div class='ocr_carea' id='block_1_35' title="bbox 381 2025 670 2079">
    <p class='ocr_par' dir='ltr' id='par_1_35' title="bbox 381 2025 670 2079">
     <span class='ocr_line' id='line_1_35' title="bbox 381 2025 670 2079; baseline 0.003 -1"><span class='ocrx_word' id='word_1_201' title='bbox 381 2049 400 2074; x_wconf 73' lang='grc' dir='ltr'>ι</span> <span class='ocrx_word' id='word_1_202' title='bbox 438 2025 600 2079; x_wconf 89' lang='lat' dir='ltr'>xilio.</span> <span class='ocrx_word' id='word_1_203' title='bbox 642 2048 670 2074; x_wconf 86' lang='grc'>››</span> 
     </span>
    </p>
   </div>
   <div class='ocr_carea' id='block_1_36' title="bbox 445 2133 2022 2205">
    <p class='ocr_par' dir='ltr' id='par_1_36' title="bbox 445 2133 2022 2205">
     <span class='ocr_line' id='line_1_36' title="bbox 445 2133 2022 2205; baseline 0.003 -19"><span class='ocrx_word' id='word_1_204' title='bbox 445 2135 570 2187; x_wconf 82' lang='grc' dir='ltr'>Νοη</span> <span class='ocrx_word' id='word_1_205' title='bbox 596 2133 720 2203; x_wconf 89' lang='lat' dir='ltr'>jam</span> <span class='ocrx_word' id='word_1_206' title='bbox 747 2149 852 2203; x_wconf 91' lang='lat' dir='ltr'>per</span> <span class='ocrx_word' id='word_1_207' title='bbox 882 2133 1180 2204; x_wconf 83' lang='lat' dir='ltr'>angelum,</span> <span class='ocrx_word' id='word_1_208' title='bbox 1215 2133 1368 2188; x_wconf 87' lang='lat' dir='ltr'>sicut</span> <span class='ocrx_word' id='word_1_209' title='bbox 1388 2133 1697 2205; x_wconf 91' lang='lat' dir='ltr'>Philippus</span> <span class='ocrx_word' id='word_1_210' title='bbox 1717 2139 1774 2188; x_wconf 92' lang='lat' dir='ltr'>et</span> <span class='ocrx_word' id='word_1_211' title='bbox 1803 2135 2022 2190; x_wconf 89' lang='lat' dir='ltr'>Corne-</span> 
     </span>
    </p>
   </div>
   <div class='ocr_carea' id='block_1_37' title="bbox 369 2222 2024 2293">
    <p class='ocr_par' dir='ltr' id='par_1_37' title="bbox 369 2222 2024 2293">
     <span class='ocr_line' id='line_1_37' title="bbox 369 2222 2024 2293; baseline 0.002 -18"><span class='ocrx_word' id='word_1_212' title='bbox 369 2222 505 2287; x_wconf 86' lang='lat' dir='ltr'>lius,</span> <span class='ocrx_word' id='word_1_213' title='bbox 538 2222 640 2277; x_wconf 93' lang='lat' dir='ltr'>sed</span> <span class='ocrx_word' id='word_1_214' title='bbox 675 2238 782 2293; x_wconf 91' lang='lat' dir='ltr'>per</span> <span class='ocrx_word' id='word_1_215' title='bbox 817 2222 1102 2276; x_wconf 85' lang='lat' dir='ltr'>visionem</span> <span class='ocrx_word' id='word_1_216' title='bbox 1135 2223 1454 2278; x_wconf 85' lang='lat' dir='ltr'>humanius</span> <span class='ocrx_word' id='word_1_217' title='bbox 1509 2223 1844 2279; x_wconf 88' lang='lat' dir='ltr'>instruitur.</span> <span class='ocrx_word' id='word_1_218' title='bbox 1879 2226 2024 2280; x_wconf 86' lang='lat' dir='ltr'>Nam</span> 
     </span>
    </p>
   </div>
   <div class='ocr_carea' id='block_1_38' title="bbox 369 2311 2020 2386">
    <p class='ocr_par' dir='ltr' id='par_1_38' title="bbox 369 2311 2020 2386">
     <span class='ocr_line' id='line_1_38' title="bbox 369 2311 2020 2386; baseline 0.001 -20"><span class='ocrx_word' id='word_1_219' title='bbox 369 2311 468 2366; x_wconf 90' lang='lat' dir='ltr'>ubi</span> <span class='ocrx_word' id='word_1_220' title='bbox 503 2311 731 2366; x_wconf 87' lang='lat' dir='ltr'>facilior</span> <span class='ocrx_word' id='word_1_221' title='bbox 770 2317 898 2366; x_wconf 87' lang='lat' dir='ltr'>erat</span> <span class='ocrx_word' id='word_1_222' title='bbox 929 2312 1254 2382; x_wconf 79' lang='lat' dir='ltr'>persuasio,</span> <span class='ocrx_word' id='word_1_223' title='bbox 1293 2329 1453 2368; x_wconf 91' lang='lat' dir='ltr'>more</span> <span class='ocrx_word' id='word_1_224' title='bbox 1495 2313 1680 2386; x_wconf 89' lang='lat' dir='ltr'>magis</span> <span class='ocrx_word' id='word_1_225' title='bbox 1713 2314 1971 2368; x_wconf 84' lang='lat' dir='ltr'>humano</span> <span class='ocrx_word' id='word_1_226' title='bbox 2006 2330 2020 2368; x_wconf 90' lang='lat'><strong>:</strong></span> 
     </span>
    </p>
   </div>
   <div class='ocr_carea' id='block_1_39' title="bbox 369 2401 2020 2475">
    <p class='ocr_par' dir='ltr' id='par_1_39' title="bbox 369 2401 2020 2475">
     <span class='ocr_line' id='line_1_39' title="bbox 369 2401 2020 2475; baseline 0.002 -20"><span class='ocrx_word' id='word_1_227' title='bbox 369 2401 468 2455; x_wconf 89' lang='lat' dir='ltr'>ubi</span> <span class='ocrx_word' id='word_1_228' title='bbox 503 2417 634 2456; x_wconf 81' lang='lat' dir='ltr'>vero</span> <span class='ocrx_word' id='word_1_229' title='bbox 685 2401 875 2456; x_wconf 89' lang='lat' dir='ltr'>multa</span> <span class='ocrx_word' id='word_1_230' title='bbox 913 2402 968 2455; x_wconf 89' lang='lat' dir='ltr'>vi</span> <span class='ocrx_word' id='word_1_231' title='bbox 1001 2418 1148 2472; x_wconf 88' lang='lat' dir='ltr'>opus</span> <span class='ocrx_word' id='word_1_232' title='bbox 1181 2408 1326 2464; x_wconf 85' lang='lat' dir='ltr'>erat,</span> <span class='ocrx_word' id='word_1_233' title='bbox 1363 2403 1548 2475; x_wconf 86' lang='lat' dir='ltr'>magis</span> <span class='ocrx_word' id='word_1_234' title='bbox 1599 2403 1794 2458; x_wconf 89' lang='lat' dir='ltr'>divino</span> <span class='ocrx_word' id='word_1_235' title='bbox 1844 2401 2020 2458; x_wconf 86' lang='lat' dir='ltr'>modo</span> 
     </span>
    </p>
   </div>
   <div class='ocr_carea' id='block_1_40' title="bbox 367 2489 2018 2562">
    <p class='ocr_par' dir='ltr' id='par_1_40' title="bbox 367 2489 2018 2562">
     <span class='ocr_line' id='line_1_40' title="bbox 367 2489 2018 2562; baseline 0.001 -18"><span class='ocrx_word' id='word_1_236' title='bbox 367 2489 545 2544; x_wconf 84' lang='lat' dir='ltr'>ﬁebat</span> <span class='ocrx_word' id='word_1_237' title='bbox 567 2491 862 2562; x_wconf 85' lang='lat' dir='ltr'>apparitio</span> <span class='ocrx_word' id='word_1_238' title='bbox 905 2491 1195 2555; x_wconf 89' lang='lat' dir='ltr'>Quoniam</span> <span class='ocrx_word' id='word_1_239' title='bbox 1227 2491 1384 2546; x_wconf 89' lang='lat' dir='ltr'>enim</span> <span class='ocrx_word' id='word_1_240' title='bbox 1408 2491 1808 2547; x_wconf 84' lang='lat' dir='ltr'>asciscebatur</span> <span class='ocrx_word' id='word_1_241' title='bbox 1823 2490 2018 2546; x_wconf 91' lang='lat' dir='ltr'>solum</span> 
     </span>
    </p>
   </div>
   <div class='ocr_carea' id='block_1_41' title="bbox 361 2578 2016 2651">
    <p class='ocr_par' dir='ltr' id='par_1_41' title="bbox 361 2578 2016 2651">
     <span class='ocr_line' id='line_1_41' title="bbox 361 2578 2016 2651; baseline 0.001 -19"><span class='ocrx_word' id='word_1_242' title='bbox 361 2585 430 2632; x_wconf 88' lang='lat' dir='ltr'>ut</span> <span class='ocrx_word' id='word_1_243' title='bbox 462 2579 837 2648; x_wconf 66' lang='lat' dir='ltr'>praedicaret,</span> <span class='ocrx_word' id='word_1_244' title='bbox 871 2578 944 2633; x_wconf 86' lang='lat' dir='ltr'>ad</span> <span class='ocrx_word' id='word_1_245' title='bbox 977 2578 1087 2633; x_wconf 91' lang='lat' dir='ltr'>hoc</span> <span class='ocrx_word' id='word_1_246' title='bbox 1145 2595 1250 2650; x_wconf 90' lang='lat' dir='ltr'>per</span> <span class='ocrx_word' id='word_1_247' title='bbox 1306 2580 1606 2634; x_wconf 85' lang='lat' dir='ltr'>somnium</span> <span class='ocrx_word' id='word_1_248' title='bbox 1639 2579 1689 2634; x_wconf 91' lang='lat' dir='ltr'>ei</span> <span class='ocrx_word' id='word_1_249' title='bbox 1724 2584 1970 2651; x_wconf 88' lang='lat' dir='ltr'>apparet</span> <span class='ocrx_word' id='word_1_250' title='bbox 2003 2596 2016 2633; x_wconf 93' lang='lat'><strong>:</strong></span> 
     </span>
    </p>
   </div>
   <div class='ocr_carea' id='block_1_42' title="bbox 361 2667 2017 2739">
    <p class='ocr_par' dir='ltr' id='par_1_42' title="bbox 361 2667 2017 2739">
     <span class='ocr_line' id='line_1_42' title="bbox 361 2667 2017 2739; baseline 0.001 -18"><span class='ocrx_word' id='word_1_251' title='bbox 361 2667 462 2721; x_wconf 88' lang='lat' dir='ltr'>ubi</span> <span class='ocrx_word' id='word_1_252' title='bbox 495 2685 629 2722; x_wconf 89' lang='lat' dir='ltr'>vero</span> <span class='ocrx_word' id='word_1_253' title='bbox 659 2669 982 2739; x_wconf 71' lang='lat' dir='ltr'>prmulicare</span> <span class='ocrx_word' id='word_1_254' title='bbox 1033 2685 1152 2722; x_wconf 92' lang='lat' dir='ltr'>non</span> <span class='ocrx_word' id='word_1_255' title='bbox 1185 2669 1658 2738; x_wconf 85' lang='lat' dir='ltr'>permittebatur,</span> <span class='ocrx_word' id='word_1_256' title='bbox 1694 2669 1766 2724; x_wconf 88' lang='lat' dir='ltr'>ad</span> <span class='ocrx_word' id='word_1_257' title='bbox 1798 2669 1910 2724; x_wconf 89' lang='lat' dir='ltr'>hoc</span> <span class='ocrx_word' id='word_1_258' title='bbox 1930 2684 2017 2723; x_wconf 87' lang='lat' dir='ltr'>re-</span> 
     </span>
    </p>
   </div>
   <div class='ocr_carea' id='block_1_43' title="bbox 358 2757 2014 2830">
    <p class='ocr_par' dir='ltr' id='par_1_43' title="bbox 358 2757 2014 2830">
     <span class='ocr_line' id='line_1_43' title="bbox 358 2757 2014 2830; baseline 0.002 -20"><span class='ocrx_word' id='word_1_259' title='bbox 358 2757 586 2812; x_wconf 86' lang='lat' dir='ltr'>velatur</span> <span class='ocrx_word' id='word_1_260' title='bbox 609 2757 858 2829; x_wconf 88' lang='lat' dir='ltr'>Spiritus</span> <span class='ocrx_word' id='word_1_261' title='bbox 881 2765 1138 2814; x_wconf 88' lang='lat' dir='ltr'>sanctus.</span> <span class='ocrx_word' id='word_1_262' title='bbox 1173 2759 1422 2814; x_wconf 88' lang='lat' dir='ltr'>Profecti</span> <span class='ocrx_word' id='word_1_263' title='bbox 1445 2759 1660 2830; x_wconf 87' lang='lat' dir='ltr'>inquit,</span> <span class='ocrx_word' id='word_1_264' title='bbox 1689 2759 1750 2814; x_wconf 91' lang='lat' dir='ltr'>in</span> <span class='ocrx_word' id='word_1_265' title='bbox 1774 2759 2014 2830; x_wconf 87' lang='lat' dir='ltr'>Mysiam</span> 
     </span>
    </p>
   </div>
   <div class='ocr_carea' id='block_1_44' title="bbox 367 2846 2018 2920">
    <p class='ocr_par' dir='ltr' id='par_1_44' title="bbox 367 2846 2018 2920">
     <span class='ocr_line' id='line_1_44' title="bbox 367 2846 2018 2920; baseline 0 -18"><span class='ocrx_word' id='word_1_266' title='bbox 367 2846 672 2902; x_wconf 83' lang='lat' dir='ltr'>tentabant</span> <span class='ocrx_word' id='word_1_267' title='bbox 703 2847 880 2902; x_wconf 89' lang='lat' dir='ltr'>etiam</span> <span class='ocrx_word' id='word_1_268' title='bbox 913 2847 998 2902; x_wconf 89' lang='lat' dir='ltr'>ire</span> <span class='ocrx_word' id='word_1_269' title='bbox 1031 2847 1092 2901; x_wconf 92' lang='lat' dir='ltr'>in</span> <span class='ocrx_word' id='word_1_270' title='bbox 1125 2848 1480 2918; x_wconf 88' lang='lat' dir='ltr'>Bithyniam,</span> <span class='ocrx_word' id='word_1_271' title='bbox 1515 2854 1571 2902; x_wconf 91' lang='lat' dir='ltr'>et</span> <span class='ocrx_word' id='word_1_272' title='bbox 1593 2865 1712 2903; x_wconf 91' lang='lat' dir='ltr'>non</span> <span class='ocrx_word' id='word_1_273' title='bbox 1745 2849 2018 2920; x_wconf 89' lang='lat' dir='ltr'>permisit</span> 
     </span>
    </p>
   </div>
   <div class='ocr_carea' id='block_1_45' title="bbox 373 2936 2015 3009">
    <p class='ocr_par' dir='ltr' id='par_1_45' title="bbox 373 2936 2015 3009">
     <span class='ocr_line' id='line_1_45' title="bbox 373 2936 2015 3009; baseline 0.002 -19"><span class='ocrx_word' id='word_1_274' title='bbox 373 2952 470 2990; x_wconf 87' lang='lat' dir='ltr'>eos</span> <span class='ocrx_word' id='word_1_275' title='bbox 506 2936 775 3006; x_wconf 90' lang='lat' dir='ltr'>Spiritus.</span> <span class='ocrx_word' id='word_1_276' title='bbox 805 2938 932 2991; x_wconf 80' lang='lat' dir='ltr'>Jam</span> <span class='ocrx_word' id='word_1_277' title='bbox 987 2937 1146 2992; x_wconf 90' lang='lat' dir='ltr'>enim</span> <span class='ocrx_word' id='word_1_278' title='bbox 1201 2953 1320 2992; x_wconf 91' lang='lat' dir='ltr'>non</span> <span class='ocrx_word' id='word_1_279' title='bbox 1377 2937 1732 3009; x_wconf 88' lang='lat' dir='ltr'>operabatur</span> <span class='ocrx_word' id='word_1_280' title='bbox 1761 2936 2015 3009; x_wconf 87' lang='lat' dir='ltr'>Spiritus</span> 
     </span>
    </p>
   </div>
   <div class='ocr_carea' id='block_1_46' title="bbox 368 3025 2014 3096">
    <p class='ocr_par' dir='ltr' id='par_1_46' title="bbox 368 3025 2014 3096">
     <span class='ocr_line' id='line_1_46' title="bbox 368 3025 2014 3096; baseline 0.002 -17"><span class='ocrx_word' id='word_1_281' title='bbox 368 3041 500 3096; x_wconf 82' lang='lat' dir='ltr'>quae</span> <span class='ocrx_word' id='word_1_282' title='bbox 525 3025 724 3080; x_wconf 89' lang='lat' dir='ltr'>facilia</span> <span class='ocrx_word' id='word_1_283' title='bbox 755 3031 944 3090; x_wconf 89' lang='lat' dir='ltr'>erant,</span> <span class='ocrx_word' id='word_1_284' title='bbox 980 3025 1082 3080; x_wconf 91' lang='lat' dir='ltr'>sed</span> <span class='ocrx_word' id='word_1_285' title='bbox 1129 3026 1270 3082; x_wconf 88' lang='lat' dir='ltr'>satis</span> <span class='ocrx_word' id='word_1_286' title='bbox 1303 3026 1379 3082; x_wconf 89' lang='lat' dir='ltr'>ad</span> <span class='ocrx_word' id='word_1_287' title='bbox 1411 3026 1522 3082; x_wconf 89' lang='lat' dir='ltr'>hoc</span> <span class='ocrx_word' id='word_1_288' title='bbox 1553 3032 1678 3082; x_wconf 90' lang='lat' dir='ltr'>erat</span> <span class='ocrx_word' id='word_1_289' title='bbox 1727 3026 1820 3080; x_wconf 87' lang='lat' dir='ltr'>vel</span> <span class='ocrx_word' id='word_1_290' title='bbox 1852 3041 2014 3082; x_wconf 91' lang='lat' dir='ltr'>som-</span> 
     </span>
    </p>
   </div>
   <div class='ocr_carea' id='block_1_47' title="bbox 367 3131 556 3170">
    <p class='ocr_par' dir='ltr' id='par_1_47' title="bbox 367 3131 556 3170">
     <span class='ocr_line' id='line_1_47' title="bbox 367 3131 556 3170; baseline 0.011 -2"><span class='ocrx_word' id='word_1_291' title='bbox 367 3131 556 3170; x_wconf 87' lang='lat' dir='ltr'>mum.</span> 
     </span>
    </p>
   </div>
   <div class='ocr_carea' id='block_1_48' title="bbox 427 3222 2012 3295">
    <p class='ocr_par' dir='ltr' id='par_1_48' title="bbox 427 3222 2012 3295">
     <span class='ocr_line' id='line_1_48' title="bbox 427 3222 2012 3295; baseline 0.002 -19"><span class='ocrx_word' id='word_1_292' title='bbox 427 3223 576 3284; x_wconf 79' lang='lat' dir='ltr'>XVI,</span> <span class='ocrx_word' id='word_1_293' title='bbox 609 3225 660 3276; x_wconf 84' lang='lat'>9.</span> <span class='ocrx_word' id='word_1_294' title='bbox 696 3245 722 3270; x_wconf 87' lang='lat'><strong><em>«</em></strong></span> <span class='ocrx_word' id='word_1_295' title='bbox 753 3223 824 3276; x_wconf 90' lang='lat' dir='ltr'>Ut</span> <span class='ocrx_word' id='word_1_296' title='bbox 854 3229 1046 3277; x_wconf 85' lang='lat' dir='ltr'>autem</span> <span class='ocrx_word' id='word_1_297' title='bbox 1079 3223 1270 3278; x_wconf 89' lang='lat' dir='ltr'>visum</span> <span class='ocrx_word' id='word_1_298' title='bbox 1301 3222 1464 3288; x_wconf 90' lang='lat' dir='ltr'>vidit,</span> <span class='ocrx_word' id='word_1_299' title='bbox 1501 3223 1700 3279; x_wconf 89' lang='lat' dir='ltr'>statim</span> <span class='ocrx_word' id='word_1_300' title='bbox 1735 3224 2012 3295; x_wconf 73' lang='lat' dir='ltr'>qumsivi-</span> 
     </span>
    </p>
   </div>
   <div class='ocr_carea' id='block_1_49' title="bbox 363 3312 2008 3386">
    <p class='ocr_par' dir='ltr' id='par_1_49' title="bbox 363 3312 2008 3386">
     <span class='ocr_line' id='line_1_49' title="bbox 363 3312 2008 3386; baseline 0.007 -27"><span class='ocrx_word' id='word_1_301' title='bbox 363 3333 388 3360; x_wconf 80' lang='grc' dir='ltr'>ι(</span> <span class='ocrx_word' id='word_1_302' title='bbox 425 3328 558 3364; x_wconf 89' lang='lat' dir='ltr'>mus</span> <span class='ocrx_word' id='word_1_303' title='bbox 599 3312 896 3382; x_wconf 85' lang='lat' dir='ltr'>proficisci</span> <span class='ocrx_word' id='word_1_304' title='bbox 950 3312 1011 3366; x_wconf 88' lang='lat' dir='ltr'>in</span> <span class='ocrx_word' id='word_1_305' title='bbox 1043 3313 1469 3378; x_wconf 87' lang='lat' dir='ltr'>Macedoniam,</span> <span class='ocrx_word' id='word_1_306' title='bbox 1503 3315 1646 3369; x_wconf 90' lang='lat' dir='ltr'>certi</span> <span class='ocrx_word' id='word_1_307' title='bbox 1679 3315 1817 3370; x_wconf 86' lang='lat' dir='ltr'>facti</span> <span class='ocrx_word' id='word_1_308' title='bbox 1851 3315 2008 3386; x_wconf 91' lang='lat' dir='ltr'>quod</span> 
     </span>
    </p>
   </div>
   <div class='ocr_carea' id='block_1_50' title="bbox 363 3401 2007 3476">
    <p class='ocr_par' dir='ltr' id='par_1_50' title="bbox 363 3401 2007 3476">
     <span class='ocr_line' id='line_1_50' title="bbox 363 3401 2007 3476; baseline 0.008 -27"><span class='ocrx_word' id='word_1_309' title='bbox 363 3423 389 3448; x_wconf 81' lang='grc'>‹‹</span> <span class='ocrx_word' id='word_1_310' title='bbox 423 3406 692 3454; x_wconf 84' lang='lat' dir='ltr'>vocasset</span> <span class='ocrx_word' id='word_1_311' title='bbox 731 3417 839 3455; x_wconf 90' lang='lat' dir='ltr'>nos</span> <span class='ocrx_word' id='word_1_312' title='bbox 901 3401 1186 3456; x_wconf 90' lang='lat' dir='ltr'>Dominus</span> <span class='ocrx_word' id='word_1_313' title='bbox 1254 3402 1326 3456; x_wconf 88' lang='lat' dir='ltr'>ad</span> <span class='ocrx_word' id='word_1_314' title='bbox 1359 3403 1874 3476; x_wconf 88' lang='lat' dir='ltr'>evangelizandum</span> <span class='ocrx_word' id='word_1_315' title='bbox 1903 3405 2007 3462; x_wconf 91' lang='lat' dir='ltr'>eis.</span> 
     </span>
    </p>
   </div>
   <div class='ocr_carea' id='block_1_51' title="bbox 359 3488 2011 3559">
    <p class='ocr_par' dir='ltr' id='par_1_51' title="bbox 359 3488 2011 3559">
     <span class='ocr_line' id='line_1_51' title="bbox 359 3488 2011 3559; baseline 0.007 -22"><span class='ocrx_word' id='word_1_316' title='bbox 359 3510 386 3537; x_wconf 81' lang='grc'>‹‹</span> <span class='ocrx_word' id='word_1_317' title='bbox 421 3489 565 3542; x_wconf 90' lang='lat' dir='ltr'>Cum</span> <span class='ocrx_word' id='word_1_318' title='bbox 589 3488 766 3559; x_wconf 85' lang='lat' dir='ltr'>igitur</span> <span class='ocrx_word' id='word_1_319' title='bbox 797 3505 830 3542; x_wconf 93' lang='lat' dir='ltr'>a</span> <span class='ocrx_word' id='word_1_320' title='bbox 859 3490 1082 3544; x_wconf 88' lang='lat' dir='ltr'>Troade</span> <span class='ocrx_word' id='word_1_321' title='bbox 1139 3491 1544 3558; x_wconf 87' lang='lat' dir='ltr'>solvissemus,</span> <span class='ocrx_word' id='word_1_322' title='bbox 1617 3499 1780 3548; x_wconf 86' lang='lat' dir='ltr'>recto</span> <span class='ocrx_word' id='word_1_323' title='bbox 1831 3511 2011 3549; x_wconf 91' lang='lat' dir='ltr'>cursu</span> 
     </span>
    </p>
   </div>
   <div class='ocr_carea' id='block_1_52' title="bbox 361 3576 2010 3653">
    <p class='ocr_par' dir='ltr' id='par_1_52' title="bbox 361 3576 2010 3653">
     <span class='ocr_line' id='line_1_52' title="bbox 361 3576 2010 3653; baseline 0.005 -26"><span class='ocrx_word' id='word_1_324' title='bbox 361 3599 388 3628; x_wconf 87' lang='grc'>‹‹</span> <span class='ocrx_word' id='word_1_325' title='bbox 422 3577 690 3632; x_wconf 90' lang='lat' dir='ltr'>venimus</span> <span class='ocrx_word' id='word_1_326' title='bbox 722 3576 1188 3634; x_wconf 78' lang='lat' dir='ltr'>Samothracam.</span> <span class='ocrx_word' id='word_1_327' title='bbox 1213 3584 1270 3632; x_wconf 83' lang='lat' dir='ltr'>et</span> <span class='ocrx_word' id='word_1_328' title='bbox 1301 3585 1534 3650; x_wconf 85' lang='lat' dir='ltr'>postero</span> <span class='ocrx_word' id='word_1_329' title='bbox 1557 3581 1652 3635; x_wconf 92' lang='lat' dir='ltr'>die</span> <span class='ocrx_word' id='word_1_330' title='bbox 1683 3583 2010 3653; x_wconf 80' lang='lat' dir='ltr'>Neapolim,</span> 
     </span>
    </p>
   </div>
   <div class='ocr_carea' id='block_1_53' title="bbox 359 3666 2012 3740">
    <p class='ocr_par' dir='ltr' id='par_1_53' title="bbox 359 3666 2012 3740">
     <span class='ocr_line' id='line_1_53' title="bbox 359 3666 2012 3740; baseline 0.006 -24"><span class='ocrx_word' id='word_1_331' title='bbox 359 3688 388 3716; x_wconf 83' lang='lat'><strong>«</strong></span> <span class='ocrx_word' id='word_1_332' title='bbox 423 3673 480 3720; x_wconf 84' lang='lat' dir='ltr'>et</span> <span class='ocrx_word' id='word_1_333' title='bbox 512 3666 648 3721; x_wconf 89' lang='lat' dir='ltr'>inde</span> <span class='ocrx_word' id='word_1_334' title='bbox 685 3667 986 3738; x_wconf 84' lang='lat' dir='ltr'>Philippos</span> <span class='ocrx_word' id='word_1_335' title='bbox 1019 3685 1151 3738; x_wconf 60' lang='lat' dir='ltr'>quas</span> <span class='ocrx_word' id='word_1_336' title='bbox 1184 3673 1273 3722; x_wconf 90' lang='lat' dir='ltr'>est</span> <span class='ocrx_word' id='word_1_337' title='bbox 1303 3669 1493 3739; x_wconf 89' lang='lat' dir='ltr'>prima</span> <span class='ocrx_word' id='word_1_338' title='bbox 1525 3669 1708 3740; x_wconf 88' lang='lat' dir='ltr'>partis</span> <span class='ocrx_word' id='word_1_339' title='bbox 1743 3670 2012 3726; x_wconf 89' lang='lat' dir='ltr'>Macedo-</span> 
     </span>
    </p>
   </div>
   <div class='ocr_carea' id='block_1_54' title="bbox 357 3756 2012 3814">
    <p class='ocr_par' dir='ltr' id='par_1_54' title="bbox 357 3756 2012 3814">
     <span class='ocr_line' id='line_1_54' title="bbox 357 3756 2012 3814; baseline 0.005 -8"><span class='ocrx_word' id='word_1_340' title='bbox 357 3778 385 3806; x_wconf 87' lang='grc'>‹‹</span> <span class='ocrx_word' id='word_1_341' title='bbox 419 3757 533 3810; x_wconf 72' lang='lat' dir='ltr'>nia)</span> <span class='ocrx_word' id='word_1_342' title='bbox 578 3756 782 3810; x_wconf 87' lang='lat' dir='ltr'>civitas</span> <span class='ocrx_word' id='word_1_343' title='bbox 817 3757 1074 3810; x_wconf 88' lang='lat' dir='ltr'>colonia.</span> <span class='ocrx_word' id='word_1_344' title='bbox 1123 3759 1186 3811; x_wconf 87' lang='lat' dir='ltr'>In</span> <span class='ocrx_word' id='word_1_345' title='bbox 1220 3773 1288 3812; x_wconf 89' lang='lat' dir='ltr'>ea</span> <span class='ocrx_word' id='word_1_346' title='bbox 1345 3763 1543 3812; x_wconf 87' lang='lat' dir='ltr'>autem</span> <span class='ocrx_word' id='word_1_347' title='bbox 1603 3759 1746 3814; x_wconf 88' lang='lat' dir='ltr'>urbe</span> <span class='ocrx_word' id='word_1_348' title='bbox 1803 3758 2012 3814; x_wconf 90' lang='lat' dir='ltr'>diebus</span> 
     </span>
    </p>
   </div>
   <div class='ocr_carea' id='block_1_55' title="bbox 359 3845 1291 3916">
    <p class='ocr_par' dir='ltr' id='par_1_55' title="bbox 359 3845 1291 3916">
     <span class='ocr_line' id='line_1_55' title="bbox 359 3845 1291 3916; baseline 0.002 -16"><span class='ocrx_word' id='word_1_349' title='bbox 359 3867 386 3894; x_wconf 90' lang='grc'>‹‹</span> <span class='ocrx_word' id='word_1_350' title='bbox 421 3845 652 3916; x_wconf 89' lang='lat' dir='ltr'>aliquot</span> <span class='ocrx_word' id='word_1_351' title='bbox 684 3846 1226 3902; x_wconf 89' lang='lat' dir='ltr'>commorabamur.</span> <span class='ocrx_word' id='word_1_352' title='bbox 1263 3869 1291 3896; x_wconf 86' lang='grc'>››</span> 
     </span>
    </p>
   </div>
   <div class='ocr_carea' id='block_1_56' title="bbox 431 3951 2012 4012">
    <p class='ocr_par' dir='ltr' id='par_1_56' title="bbox 431 3951 2012 4012">
     <span class='ocr_line' id='line_1_56' title="bbox 431 3951 2012 4012; baseline 0.004 -6"><span class='ocrx_word' id='word_1_353' title='bbox 431 3951 749 4007; x_wconf 85' lang='lat' dir='ltr'>Sciendum</span> <span class='ocrx_word' id='word_1_354' title='bbox 814 3953 874 4007; x_wconf 92' lang='lat' dir='ltr'>in</span> <span class='ocrx_word' id='word_1_355' title='bbox 933 3953 1024 4008; x_wconf 88' lang='lat' dir='ltr'>his</span> <span class='ocrx_word' id='word_1_356' title='bbox 1074 3953 1407 4009; x_wconf 83' lang='lat' dir='ltr'>civitatibus</span> <span class='ocrx_word' id='word_1_357' title='bbox 1463 3971 1583 4010; x_wconf 90' lang='lat' dir='ltr'>una</span> <span class='ocrx_word' id='word_1_358' title='bbox 1639 3973 1773 4011; x_wconf 90' lang='lat' dir='ltr'>cum</span> <span class='ocrx_word' id='word_1_359' title='bbox 1831 3957 2012 4012; x_wconf 90' lang='lat' dir='ltr'>Paulo</span> 
     </span>
    </p>
   </div>
   <div class='ocr_carea' id='block_1_57' title="bbox 357 4042 2011 4116">
    <p class='ocr_par' dir='ltr' id='par_1_57' title="bbox 357 4042 2011 4116">
     <span class='ocr_line' id='line_1_57' title="bbox 357 4042 2011 4116; baseline 0.004 -21"><span class='ocrx_word' id='word_1_360' title='bbox 357 4042 540 4096; x_wconf 87' lang='lat' dir='ltr'>fuisse</span> <span class='ocrx_word' id='word_1_361' title='bbox 577 4048 632 4096; x_wconf 89' lang='lat' dir='ltr'>et</span> <span class='ocrx_word' id='word_1_362' title='bbox 669 4044 884 4096; x_wconf 90' lang='lat' dir='ltr'>Lucam</span> <span class='ocrx_word' id='word_1_363' title='bbox 919 4059 931 4097; x_wconf 93' lang='lat'><strong>:</strong></span> <span class='ocrx_word' id='word_1_364' title='bbox 989 4050 1054 4097; x_wconf 90' lang='lat' dir='ltr'>ut</span> <span class='ocrx_word' id='word_1_365' title='bbox 1084 4060 1152 4098; x_wconf 76' lang='lat' dir='ltr'>ex</span> <span class='ocrx_word' id='word_1_366' title='bbox 1201 4045 1290 4099; x_wconf 87' lang='lat' dir='ltr'>bis</span> <span class='ocrx_word' id='word_1_367' title='bbox 1322 4052 1567 4116; x_wconf 87' lang='lat' dir='ltr'>apparet</span> <span class='ocrx_word' id='word_1_368' title='bbox 1597 4046 1812 4116; x_wconf 89' lang='lat' dir='ltr'>quibus</span> <span class='ocrx_word' id='word_1_369' title='bbox 1844 4063 2011 4102; x_wconf 87' lang='lat' dir='ltr'>suam</span> 
     </span>
    </p>
   </div>
   <div class='ocr_carea' id='block_1_58' title="bbox 359 4131 2011 4204">
    <p class='ocr_par' dir='ltr' id='par_1_58' title="bbox 359 4131 2011 4204">
     <span class='ocr_line' id='line_1_58' title="bbox 359 4131 2011 4204; baseline 0.003 -19"><span class='ocrx_word' id='word_1_370' title='bbox 359 4147 678 4202; x_wconf 88' lang='lat' dir='ltr'>personam</span> <span class='ocrx_word' id='word_1_371' title='bbox 699 4131 877 4185; x_wconf 87' lang='lat' dir='ltr'>simul</span> <span class='ocrx_word' id='word_1_372' title='bbox 895 4133 1329 4203; x_wconf 86' lang='lat' dir='ltr'>complectitur,</span> <span class='ocrx_word' id='word_1_373' title='bbox 1351 4133 1582 4190; x_wconf 90' lang='lat' dir='ltr'>dicens:</span> <span class='ocrx_word' id='word_1_374' title='bbox 1604 4135 1850 4200; x_wconf 70' lang='lat' dir='ltr'>Quaesivi</span> <span class='ocrx_word' id='word_1_375' title='bbox 1862 4153 2011 4204; x_wconf 88' lang='lat' dir='ltr'>mus,</span> 
     </span>
    </p>
   </div>
   <div class='ocr_carea' id='block_1_59' title="bbox 359 4221 1582 4294">
    <p class='ocr_par' dir='ltr' id='par_1_59' title="bbox 359 4221 1582 4294">
     <span class='ocr_line' id='line_1_59' title="bbox 359 4221 1582 4294; baseline 0.003 -20"><span class='ocrx_word' id='word_1_376' title='bbox 359 4224 520 4275; x_wconf 87' lang='lat' dir='ltr'>recto</span> <span class='ocrx_word' id='word_1_377' title='bbox 553 4236 732 4274; x_wconf 88' lang='lat' dir='ltr'>cursu</span> <span class='ocrx_word' id='word_1_378' title='bbox 756 4221 1046 4286; x_wconf 88' lang='lat' dir='ltr'>venimus,</span> <span class='ocrx_word' id='word_1_379' title='bbox 1079 4221 1314 4294; x_wconf 89' lang='lat' dir='ltr'>aliaque</span> <span class='ocrx_word' id='word_1_380' title='bbox 1343 4223 1582 4280; x_wconf 88' lang='lat' dir='ltr'>similia.</span> 
     </span>
    </p>
   </div>
   <div class='ocr_carea' id='block_1_60' title="bbox 429 4328 2013 4404">
    <p class='ocr_par' dir='ltr' id='par_1_60' title="bbox 429 4328 2013 4404">
     <span class='ocr_line' id='line_1_60' title="bbox 429 4328 2013 4404; baseline 0.004 -22"><span class='ocrx_word' id='word_1_381' title='bbox 429 4328 578 4394; x_wconf 83' lang='lat' dir='ltr'>XVI,</span> <span class='ocrx_word' id='word_1_382' title='bbox 615 4329 790 4382; x_wconf 76' lang='lat'>13-15.</span> <span class='ocrx_word' id='word_1_383' title='bbox 828 4350 854 4378; x_wconf 86' lang='grc'>‹‹</span> <span class='ocrx_word' id='word_1_384' title='bbox 881 4329 947 4382; x_wconf 87' lang='lat' dir='ltr'>Et</span> <span class='ocrx_word' id='word_1_385' title='bbox 997 4329 1090 4384; x_wconf 91' lang='lat' dir='ltr'>die</span> <span class='ocrx_word' id='word_1_386' title='bbox 1133 4329 1522 4386; x_wconf 84' lang='lat' dir='ltr'>Sabbatorum</span> <span class='ocrx_word' id='word_1_387' title='bbox 1555 4331 1772 4404; x_wconf 76' lang='lat' dir='ltr'>egressi</span> <span class='ocrx_word' id='word_1_388' title='bbox 1807 4348 2013 4388; x_wconf 91' lang='lat' dir='ltr'>sumus</span> 
     </span>
    </p>
   </div>
   <div class='ocr_carea' id='block_1_61' title="bbox 357 4417 2009 4493">
    <p class='ocr_par' dir='ltr' id='par_1_61' title="bbox 357 4417 2009 4493">
     <span class='ocr_line' id='line_1_61' title="bbox 357 4417 2009 4493; baseline 0.005 -26"><span class='ocrx_word' id='word_1_389' title='bbox 357 4440 383 4467; x_wconf 87' lang='grc'>‹‹</span> <span class='ocrx_word' id='word_1_390' title='bbox 415 4433 445 4472; x_wconf 92' lang='lat' dir='ltr'>e</span> <span class='ocrx_word' id='word_1_391' title='bbox 476 4418 708 4473; x_wconf 86' lang='lat' dir='ltr'>civitate</span> <span class='ocrx_word' id='word_1_392' title='bbox 730 4418 901 4488; x_wconf 85' lang='lat' dir='ltr'>juxta</span> <span class='ocrx_word' id='word_1_393' title='bbox 931 4417 1176 4486; x_wconf 89' lang='lat' dir='ltr'>ﬂumen,</span> <span class='ocrx_word' id='word_1_394' title='bbox 1203 4419 1302 4474; x_wconf 92' lang='lat' dir='ltr'>ubi</span> <span class='ocrx_word' id='word_1_395' title='bbox 1338 4422 1517 4476; x_wconf 88' lang='lat' dir='ltr'>moris</span> <span class='ocrx_word' id='word_1_396' title='bbox 1551 4427 1676 4476; x_wconf 91' lang='lat' dir='ltr'>erat</span> <span class='ocrx_word' id='word_1_397' title='bbox 1711 4421 1836 4475; x_wconf 84' lang='lat' dir='ltr'>fieri</span> <span class='ocrx_word' id='word_1_398' title='bbox 1871 4438 2009 4493; x_wconf 90' lang='lat' dir='ltr'>pre—</span> 
     </span>
    </p>
   </div>
   <div class='ocr_carea' id='block_1_62' title="bbox 2137 1856 3776 1934">
    <p class='ocr_par' dir='ltr' id='par_1_62' title="bbox 2137 1856 3776 1934">
     <span class='ocr_line' id='line_1_62' title="bbox 2137 1856 3776 1934; baseline 0.003 -25"><span class='ocrx_word' id='word_1_399' title='bbox 2137 1883 2164 1910; x_wconf 80' lang='grc' dir='ltr'>ι(</span> <span class='ocrx_word' id='word_1_400' title='bbox 2199 1859 2363 1934; x_wconf 70' lang='grc' dir='ltr'>Ἀνήρ</span> <span class='ocrx_word' id='word_1_401' title='bbox 2401 1879 2484 1920; x_wconf 88' lang='grc' dir='ltr'>τις</span> <span class='ocrx_word' id='word_1_402' title='bbox 2542 1858 2608 1927; x_wconf 75' lang='grc' dir='ltr'>ἦν</span> <span class='ocrx_word' id='word_1_403' title='bbox 2667 1856 2929 1916; x_wconf 84' lang='grc' dir='ltr'>Μακεδὼν</span> <span class='ocrx_word' id='word_1_404' title='bbox 2985 1858 3176 1928; x_wconf 69' lang='grc' dir='ltr'>ὶστὼς,</span> <span class='ocrx_word' id='word_1_405' title='bbox 3226 1858 3556 1934; x_wconf 78' lang='grc' dir='ltr'>παρακαλῶν</span> <span class='ocrx_word' id='word_1_406' title='bbox 3614 1858 3776 1915; x_wconf 78' lang='grc' dir='ltr'>αὐτὸν</span> 
     </span>
    </p>
   </div>
   <div class='ocr_carea' id='block_1_63' title="bbox 2134 1943 3777 2025">
    <p class='ocr_par' dir='ltr' id='par_1_63' title="bbox 2134 1943 3777 2025">
     <span class='ocr_line' id='line_1_63' title="bbox 2134 1943 3777 2025; baseline -0.001 -22"><span class='ocrx_word' id='word_1_407' title='bbox 2134 1973 2160 2000; x_wconf 89' lang='grc'>‹‹</span> <span class='ocrx_word' id='word_1_408' title='bbox 2193 1949 2284 2003; x_wconf 84' lang='grc' dir='ltr'>καὶ</span> <span class='ocrx_word' id='word_1_409' title='bbox 2311 1949 2511 2025; x_wconf 81' lang='grc' dir='ltr'>λεγων,</span> <span class='ocrx_word' id='word_1_410' title='bbox 2543 1943 2738 2010; x_wconf 72' lang='grc' dir='ltr'>Διαϐὰς</span> <span class='ocrx_word' id='word_1_411' title='bbox 2769 1963 2844 2011; x_wconf 89' lang='grc' dir='ltr'>εἰς</span> <span class='ocrx_word' id='word_1_412' title='bbox 2873 1945 3208 2004; x_wconf 81' lang='grc' dir='ltr'>Μακεδονίαν</span> <span class='ocrx_word' id='word_1_413' title='bbox 3245 1947 3524 2023; x_wconf 65' lang='grc' dir='ltr'>βοήθησον</span> <span class='ocrx_word' id='word_1_414' title='bbox 3553 1950 3713 2022; x_wconf 77' lang='grc' dir='ltr'>ἡμῖν.</span> <span class='ocrx_word' id='word_1_415' title='bbox 3747 1973 3777 2002; x_wconf 82' lang='grc'>››</span> 
     </span>
    </p>
   </div>
   <div class='ocr_carea' id='block_1_64' title="bbox 2201 2142 3772 2221">
    <p class='ocr_par' dir='ltr' id='par_1_64' title="bbox 2201 2142 3772 2221">
     <span class='ocr_line' id='line_1_64' title="bbox 2201 2142 3772 2221; baseline -0.004 -17"><span class='ocrx_word' id='word_1_416' title='bbox 2201 2144 2315 2204; x_wconf 82' lang='grc' dir='ltr'>Οὐκ</span> <span class='ocrx_word' id='word_1_417' title='bbox 2343 2143 2420 2200; x_wconf 77' lang='grc' dir='ltr'>ἔτι</span> <span class='ocrx_word' id='word_1_418' title='bbox 2451 2142 2519 2200; x_wconf 84' lang='grc' dir='ltr'>δι’</span> <span class='ocrx_word' id='word_1_419' title='bbox 2551 2145 2787 2221; x_wconf 73' lang='grc' dir='ltr'>ἀγγέλου</span> <span class='ocrx_word' id='word_1_420' title='bbox 2845 2147 3082 2220; x_wconf 65' lang='grc' dir='ltr'>καθάπερ</span> <span class='ocrx_word' id='word_1_421' title='bbox 3133 2143 3420 2208; x_wconf 84' lang='grc' dir='ltr'>Φίλιππος</span> <span class='ocrx_word' id='word_1_422' title='bbox 3465 2143 3499 2213; x_wconf 72' lang='grc' dir='ltr'><strong>ἢ</strong></span> <span class='ocrx_word' id='word_1_423' title='bbox 3561 2146 3772 2219; x_wconf 79' lang='grc' dir='ltr'>Κορνή-</span> 
     </span>
    </p>
   </div>
   <div class='ocr_carea' id='block_1_65' title="bbox 2131 2233 3768 2312">
    <p class='ocr_par' dir='ltr' id='par_1_65' title="bbox 2131 2233 3768 2312">
     <span class='ocr_line' id='line_1_65' title="bbox 2131 2233 3768 2312; baseline -0.002 -21"><span class='ocrx_word' id='word_1_424' title='bbox 2131 2234 2270 2305; x_wconf 88' lang='grc' dir='ltr'>λιος,</span> <span class='ocrx_word' id='word_1_425' title='bbox 2301 2233 2449 2290; x_wconf 79' lang='grc' dir='ltr'>ἀλλὰ</span> <span class='ocrx_word' id='word_1_426' title='bbox 2481 2233 2550 2288; x_wconf 78' lang='grc' dir='ltr'>δι’</span> <span class='ocrx_word' id='word_1_427' title='bbox 2581 2234 2858 2309; x_wconf 69' lang='grc' dir='ltr'>ὁράματος</span> <span class='ocrx_word' id='word_1_428' title='bbox 2913 2233 3156 2312; x_wconf 75' lang='grc' dir='ltr'>φαίνεται</span> <span class='ocrx_word' id='word_1_429' title='bbox 3213 2235 3365 2306; x_wconf 82' lang='grc' dir='ltr'>αὐτῷ</span> <span class='ocrx_word' id='word_1_430' title='bbox 3414 2233 3768 2308; x_wconf 77' lang='grc' dir='ltr'>ἀνθρωπινώ-</span> 
     </span>
    </p>
   </div>
   <div class='ocr_carea' id='block_1_66' title="bbox 2125 2319 3764 2400">
    <p class='ocr_par' dir='ltr' id='par_1_66' title="bbox 2125 2319 3764 2400">
     <span class='ocr_line' id='line_1_66' title="bbox 2125 2319 3764 2400; baseline -0.002 -21"><span class='ocrx_word' id='word_1_431' title='bbox 2125 2344 2304 2398; x_wconf 75' lang='grc' dir='ltr'>τερον.</span> <span class='ocrx_word' id='word_1_432' title='bbox 2339 2325 2502 2388; x_wconf 75' lang='grc' dir='ltr'>Ἔνθα</span> <span class='ocrx_word' id='word_1_433' title='bbox 2533 2324 2636 2400; x_wconf 69' lang='grc' dir='ltr'>γαρ</span> <span class='ocrx_word' id='word_1_434' title='bbox 2671 2319 2902 2378; x_wconf 74' lang='grc' dir='ltr'>εῦλολον</span> <span class='ocrx_word' id='word_1_435' title='bbox 2929 2323 2992 2377; x_wconf 86' lang='grc' dir='ltr'>τὸ</span> <span class='ocrx_word' id='word_1_436' title='bbox 3039 2325 3348 2393; x_wconf 84' lang='grc' dir='ltr'>πεισθῆναι,</span> <span class='ocrx_word' id='word_1_437' title='bbox 3408 2323 3764 2396; x_wconf 80' lang='grc' dir='ltr'>ἀνθρωπινώ-</span> 
     </span>
    </p>
   </div>
   <div class='ocr_carea' id='block_1_67' title="bbox 2123 2408 3770 2490">
    <p class='ocr_par' dir='ltr' id='par_1_67' title="bbox 2123 2408 3770 2490">
     <span class='ocr_line' id='line_1_67' title="bbox 2123 2408 3770 2490; baseline -0.002 -21"><span class='ocrx_word' id='word_1_438' title='bbox 2123 2435 2298 2490; x_wconf 84' lang='grc' dir='ltr'>τερον·</span> <span class='ocrx_word' id='word_1_439' title='bbox 2329 2408 2452 2468; x_wconf 80' lang='grc' dir='ltr'>ἕνθα</span> <span class='ocrx_word' id='word_1_440' title='bbox 2499 2411 2555 2468; x_wconf 75' lang='grc' dir='ltr'>δὲ</span> <span class='ocrx_word' id='word_1_441' title='bbox 2609 2410 2798 2482; x_wconf 76' lang='grc' dir='ltr'>πολλὴ</span> <span class='ocrx_word' id='word_1_442' title='bbox 2861 2413 2976 2488; x_wconf 86' lang='grc' dir='ltr'>βία,</span> <span class='ocrx_word' id='word_1_443' title='bbox 3037 2412 3330 2486; x_wconf 80' lang='grc' dir='ltr'>θειότερον.</span> <span class='ocrx_word' id='word_1_444' title='bbox 3383 2409 3602 2482; x_wconf 80' lang='grc' dir='ltr'>Ἐπειδὴ</span> <span class='ocrx_word' id='word_1_445' title='bbox 3665 2413 3770 2489; x_wconf 73' lang='grc' dir='ltr'>γὰρ</span> 
     </span>
    </p>
   </div>
   <div class='ocr_carea' id='block_1_68' title="bbox 2123 2496 3773 2579">
    <p class='ocr_par' dir='ltr' id='par_1_68' title="bbox 2123 2496 3773 2579">
     <span class='ocr_line' id='line_1_68' title="bbox 2123 2496 3773 2579; baseline -0.002 -20"><span class='ocrx_word' id='word_1_446' title='bbox 2123 2507 2352 2579; x_wconf 77' lang='grc' dir='ltr'>κηρύξαι</span> <span class='ocrx_word' id='word_1_447' title='bbox 2431 2501 2590 2574; x_wconf 82' lang='grc' dir='ltr'>μόνον</span> <span class='ocrx_word' id='word_1_448' title='bbox 2670 2501 2928 2576; x_wconf 75' lang='grc' dir='ltr'>ἐπήγετο,</span> <span class='ocrx_word' id='word_1_449' title='bbox 2989 2501 3064 2564; x_wconf 79' lang='grc' dir='ltr'>εἰς</span> <span class='ocrx_word' id='word_1_450' title='bbox 3116 2506 3299 2570; x_wconf 84' lang='grc' dir='ltr'>τοῦτο,</span> <span class='ocrx_word' id='word_1_451' title='bbox 3350 2496 3474 2578; x_wconf 73' lang='grc' dir='ltr'>ὄναρ</span> <span class='ocrx_word' id='word_1_452' title='bbox 3533 2501 3773 2579; x_wconf 82' lang='grc' dir='ltr'>φαίνεται</span> 
     </span>
    </p>
   </div>
   <div class='ocr_carea' id='block_1_69' title="bbox 2122 2589 3770 2666">
    <p class='ocr_par' dir='ltr' id='par_1_69' title="bbox 2122 2589 3770 2666">
     <span class='ocr_line' id='line_1_69' title="bbox 2122 2589 3770 2666; baseline -0.001 -19"><span class='ocrx_word' id='word_1_453' title='bbox 2122 2593 2289 2664; x_wconf 73' lang='grc' dir='ltr'>αὐτῷ.</span> <span class='ocrx_word' id='word_1_454' title='bbox 2347 2593 2415 2650; x_wconf 87' lang='grc' dir='ltr'>Ὃ</span> <span class='ocrx_word' id='word_1_455' title='bbox 2473 2590 2699 2666; x_wconf 76' lang='grc' dir='ltr'>κηρύξαι</span> <span class='ocrx_word' id='word_1_456' title='bbox 2758 2589 2816 2646; x_wconf 72' lang='grc' dir='ltr'>δὲ</span> <span class='ocrx_word' id='word_1_457' title='bbox 2873 2589 2973 2646; x_wconf 83' lang='grc' dir='ltr'>οὐκ</span> <span class='ocrx_word' id='word_1_458' title='bbox 3025 2591 3300 2666; x_wconf 74' lang='grc' dir='ltr'>ἤνείχετο,</span> <span class='ocrx_word' id='word_1_459' title='bbox 3361 2591 3438 2652; x_wconf 83' lang='grc' dir='ltr'>εἰς</span> <span class='ocrx_word' id='word_1_460' title='bbox 3494 2596 3655 2646; x_wconf 83' lang='grc' dir='ltr'>τοῦτο</span> <span class='ocrx_word' id='word_1_461' title='bbox 3706 2591 3770 2646; x_wconf 81' lang='grc' dir='ltr'>τὸ</span> 
     </span>
    </p>
   </div>
   <div class='ocr_carea' id='block_1_70' title="bbox 2124 2676 3767 2756">
    <p class='ocr_par' dir='ltr' id='par_1_70' title="bbox 2124 2676 3767 2756">
     <span class='ocr_line' id='line_1_70' title="bbox 2124 2676 3767 2756; baseline -0.004 -16"><span class='ocrx_word' id='word_1_462' title='bbox 2124 2685 2342 2754; x_wconf 81' lang='grc' dir='ltr'>Ηνεῦμα</span> <span class='ocrx_word' id='word_1_463' title='bbox 2368 2682 2430 2736; x_wconf 86' lang='grc' dir='ltr'>τὸ</span> <span class='ocrx_word' id='word_1_464' title='bbox 2458 2676 2614 2756; x_wconf 74' lang='grc' dir='ltr'>ἅγιον</span> <span class='ocrx_word' id='word_1_465' title='bbox 2647 2678 3044 2736; x_wconf 79' lang='grc' dir='ltr'>ἀποκαλύπτει.</span> <span class='ocrx_word' id='word_1_466' title='bbox 3097 2679 3380 2744; x_wconf 83' lang='grc' dir='ltr'>Ἑλθόντες</span> <span class='ocrx_word' id='word_1_467' title='bbox 3432 2680 3534 2756; x_wconf 78' lang='grc' dir='ltr'>γὰρ</span> <span class='ocrx_word' id='word_1_468' title='bbox 3611 2679 3767 2754; x_wconf 72' lang='grc' dir='ltr'>φησὶ,</span> 
     </span>
    </p>
   </div>
   <div class='ocr_carea' id='block_1_71' title="bbox 2120 2768 3768 2844">
    <p class='ocr_par' dir='ltr' id='par_1_71' title="bbox 2120 2768 3768 2844">
     <span class='ocr_line' id='line_1_71' title="bbox 2120 2768 3768 2844; baseline -0.004 -16"><span class='ocrx_word' id='word_1_469' title='bbox 2120 2771 2258 2828; x_wconf 79' lang='grc' dir='ltr'>κατᾶ</span> <span class='ocrx_word' id='word_1_470' title='bbox 2287 2773 2384 2840; x_wconf 73' lang='grc' dir='ltr'>τήν</span> <span class='ocrx_word' id='word_1_471' title='bbox 2430 2770 2635 2828; x_wconf 85' lang='grc' dir='ltr'>Μυσίαν</span> <span class='ocrx_word' id='word_1_472' title='bbox 2691 2768 2974 2844; x_wconf 75' lang='grc' dir='ltr'>ἐπείρασαν</span> <span class='ocrx_word' id='word_1_473' title='bbox 3033 2770 3123 2825; x_wconf 87' lang='grc' dir='ltr'>καὶ</span> <span class='ocrx_word' id='word_1_474' title='bbox 3180 2770 3316 2826; x_wconf 85' lang='grc' dir='ltr'>κατᾶ</span> <span class='ocrx_word' id='word_1_475' title='bbox 3361 2772 3460 2840; x_wconf 78' lang='grc' dir='ltr'>τὴν</span> <span class='ocrx_word' id='word_1_476' title='bbox 3518 2769 3768 2826; x_wconf 84' lang='grc' dir='ltr'>Βιθυνίαν</span> 
     </span>
    </p>
   </div>
   <div class='ocr_carea' id='block_1_72' title="bbox 2120 2856 3768 2936">
    <p class='ocr_par' dir='ltr' id='par_1_72' title="bbox 2120 2856 3768 2936">
     <span class='ocr_line' id='line_1_72' title="bbox 2120 2856 3768 2936; baseline -0.003 -19"><span class='ocrx_word' id='word_1_477' title='bbox 2120 2861 2429 2936; x_wconf 68' lang='grc' dir='ltr'>πορεύεθαι,</span> <span class='ocrx_word' id='word_1_478' title='bbox 2485 2859 2575 2915; x_wconf 85' lang='grc' dir='ltr'>καὶ</span> <span class='ocrx_word' id='word_1_479' title='bbox 2654 2859 2751 2915; x_wconf 80' lang='grc' dir='ltr'>οὐκ</span> <span class='ocrx_word' id='word_1_480' title='bbox 2799 2858 2970 2914; x_wconf 81' lang='grc' dir='ltr'>εἳασεν</span> <span class='ocrx_word' id='word_1_481' title='bbox 3028 2859 3226 2921; x_wconf 79' lang='grc' dir='ltr'>αὐτοὺς</span> <span class='ocrx_word' id='word_1_482' title='bbox 3279 2859 3342 2914; x_wconf 88' lang='grc' dir='ltr'>τὸ</span> <span class='ocrx_word' id='word_1_483' title='bbox 3391 2863 3632 2933; x_wconf 78' lang='grc' dir='ltr'>Πνεῦμα.</span> <span class='ocrx_word' id='word_1_484' title='bbox 3691 2856 3768 2916; x_wconf 81' lang='grc' dir='ltr'>Οὗ</span> 
     </span>
    </p>
   </div>
   <div class='ocr_carea' id='block_1_73' title="bbox 2120 2945 3770 3029">
    <p class='ocr_par' dir='ltr' id='par_1_73' title="bbox 2120 2945 3770 3029">
     <span class='ocr_line' id='line_1_73' title="bbox 2120 2945 3770 3029; baseline -0.002 -23"><span class='ocrx_word' id='word_1_485' title='bbox 2120 2952 2223 3029; x_wconf 65' lang='grc' dir='ltr'>γὰρ</span> <span class='ocrx_word' id='word_1_486' title='bbox 2251 2948 2318 3019; x_wconf 82' lang='grc' dir='ltr'>δὴ</span> <span class='ocrx_word' id='word_1_487' title='bbox 2359 2951 2450 3005; x_wconf 84' lang='grc' dir='ltr'>καὶ</span> <span class='ocrx_word' id='word_1_488' title='bbox 2504 2950 2572 3004; x_wconf 70' lang='grc' dir='ltr'>τὰ</span> <span class='ocrx_word' id='word_1_489' title='bbox 2631 2947 2834 3004; x_wconf 70' lang='grc' dir='ltr'>εὔκολα</span> <span class='ocrx_word' id='word_1_490' title='bbox 2890 2950 2952 3003; x_wconf 88' lang='grc' dir='ltr'>τὸ</span> <span class='ocrx_word' id='word_1_491' title='bbox 3010 2953 3227 3023; x_wconf 79' lang='grc' dir='ltr'>Πνεῦμα</span> <span class='ocrx_word' id='word_1_492' title='bbox 3275 2947 3579 3023; x_wconf 73' lang='grc' dir='ltr'>εῗργάζετο,</span> <span class='ocrx_word' id='word_1_493' title='bbox 3639 2945 3770 3003; x_wconf 79' lang='grc' dir='ltr'>ἀλλ’</span> 
     </span>
    </p>
   </div>
   <div class='ocr_carea' id='block_1_74' title="bbox 2119 3036 2582 3117">
    <p class='ocr_par' dir='ltr' id='par_1_74' title="bbox 2119 3036 2582 3117">
     <span class='ocr_line' id='line_1_74' title="bbox 2119 3036 2582 3117; baseline 0.004 -21"><span class='ocrx_word' id='word_1_494' title='bbox 2119 3039 2277 3117; x_wconf 65' lang='grc' dir='ltr'>⁸ἤρκει</span> <span class='ocrx_word' id='word_1_495' title='bbox 2309 3039 2398 3096; x_wconf 80' lang='grc' dir='ltr'>καὶ</span> <span class='ocrx_word' id='word_1_496' title='bbox 2432 3036 2582 3116; x_wconf 76' lang='grc' dir='ltr'>ὄναρ.</span> 
     </span>
    </p>
   </div>
   <div class='ocr_carea' id='block_1_75' title="bbox 2185 3232 3756 3310">
    <p class='ocr_par' dir='ltr' id='par_1_75' title="bbox 2185 3232 3756 3310">
     <span class='ocr_line' id='line_1_75' title="bbox 2185 3232 3756 3310; baseline -0.002 -18"><span class='ocrx_word' id='word_1_497' title='bbox 2185 3264 2214 3292; x_wconf 88' lang='grc'>‹‹</span> <span class='ocrx_word' id='word_1_498' title='bbox 2263 3246 2348 3303; x_wconf 83' lang='grc' dir='ltr'>Ὠς</span> <span class='ocrx_word' id='word_1_499' title='bbox 2403 3235 2459 3293; x_wconf 75' lang='grc' dir='ltr'>δὲ</span> <span class='ocrx_word' id='word_1_500' title='bbox 2514 3237 2577 3294; x_wconf 85' lang='grc' dir='ltr'>τὸ</span> <span class='ocrx_word' id='word_1_501' title='bbox 2668 3237 2848 3310; x_wconf 80' lang='grc' dir='ltr'>ὅραμα</span> <span class='ocrx_word' id='word_1_502' title='bbox 2931 3232 3091 3304; x_wconf 83' lang='grc' dir='ltr'>εἶδεν,</span> <span class='ocrx_word' id='word_1_503' title='bbox 3165 3233 3359 3299; x_wconf 79' lang='grc' dir='ltr'>εὑθέως</span> <span class='ocrx_word' id='word_1_504' title='bbox 3416 3233 3756 3308; x_wconf 69' lang='grc' dir='ltr'>ἐζητήσαμεν</span> 
     </span>
    </p>
   </div>
   <div class='ocr_carea' id='block_1_76' title="bbox 2115 3318 3762 3401">
    <p class='ocr_par' dir='ltr' id='par_1_76' title="bbox 2115 3318 3762 3401">
     <span class='ocr_line' id='line_1_76' title="bbox 2115 3318 3762 3401; baseline -0.004 -17"><span class='ocrx_word' id='word_1_505' title='bbox 2115 3328 2409 3401; x_wconf 79' lang='grc' dir='ltr'>«ἐξελθεῖν</span> <span class='ocrx_word' id='word_1_506' title='bbox 2471 3327 2548 3390; x_wconf 83' lang='grc' dir='ltr'>είς</span> <span class='ocrx_word' id='word_1_507' title='bbox 2599 3327 2697 3395; x_wconf 72' lang='grc' dir='ltr'>τήν</span> <span class='ocrx_word' id='word_1_508' title='bbox 2749 3322 3108 3394; x_wconf 82' lang='grc' dir='ltr'>Μακεδονίαν,</span> <span class='ocrx_word' id='word_1_509' title='bbox 3169 3318 3618 3397; x_wconf 71' lang='grc' dir='ltr'>συμϐιϐαζοντες,</span> <span class='ocrx_word' id='word_1_510' title='bbox 3677 3323 3762 3378; x_wconf 77' lang='grc' dir='ltr'>ὅτι</span> 
     </span>
    </p>
   </div>
   <div class='ocr_carea' id='block_1_77' title="bbox 2117 3415 3764 3492">
    <p class='ocr_par' dir='ltr' id='par_1_77' title="bbox 2117 3415 3764 3492">
     <span class='ocr_line' id='line_1_77' title="bbox 2117 3415 3764 3492; baseline 0 -20"><span class='ocrx_word' id='word_1_511' title='bbox 2117 3445 2146 3474; x_wconf 85' lang='grc'>‹‹</span> <span class='ocrx_word' id='word_1_512' title='bbox 2178 3415 2586 3492; x_wconf 65' lang='grc' dir='ltr'>προσκέκληται</span> <span class='ocrx_word' id='word_1_513' title='bbox 2639 3420 2785 3490; x_wconf 76' lang='grc' dir='ltr'>ἡμᾶς</span> <span class='ocrx_word' id='word_1_514' title='bbox 2833 3417 2860 3471; x_wconf 98' lang='lat'>6</span> <span class='ocrx_word' id='word_1_515' title='bbox 2921 3416 3120 3490; x_wconf 72' lang='grc' dir='ltr'>Κύριος</span> <span class='ocrx_word' id='word_1_516' title='bbox 3179 3415 3628 3490; x_wconf 60' lang='grc' dir='ltr'>εὐαγγελίσασθαι</span> <span class='ocrx_word' id='word_1_517' title='bbox 3659 3415 3764 3472; x_wconf 81' lang='grc' dir='ltr'>αὖ·</span> 
     </span>
    </p>
   </div>
   <div class='ocr_carea' id='block_1_78' title="bbox 2115 3501 3766 3581">
    <p class='ocr_par' dir='ltr' id='par_1_78' title="bbox 2115 3501 3766 3581">
     <span class='ocr_line' id='line_1_78' title="bbox 2115 3501 3766 3581; baseline -0.001 -21"><span class='ocrx_word' id='word_1_518' title='bbox 2115 3533 2144 3560; x_wconf 91' lang='grc'>‹‹</span> <span class='ocrx_word' id='word_1_519' title='bbox 2173 3508 2326 3570; x_wconf 70' lang='grc' dir='ltr'>τούς.</span> <span class='ocrx_word' id='word_1_520' title='bbox 2359 3507 2710 3581; x_wconf 77' lang='grc' dir='ltr'>Ἀναχθὲντες</span> <span class='ocrx_word' id='word_1_521' title='bbox 2740 3506 2832 3560; x_wconf 85' lang='grc' dir='ltr'>οὗν</span> <span class='ocrx_word' id='word_1_522' title='bbox 2875 3506 2980 3560; x_wconf 84' lang='grc' dir='ltr'>ἀπὸ</span> <span class='ocrx_word' id='word_1_523' title='bbox 3035 3507 3135 3570; x_wconf 83' lang='grc' dir='ltr'>τῆς</span> <span class='ocrx_word' id='word_1_524' title='bbox 3193 3501 3449 3579; x_wconf 62' lang='grc' dir='ltr'>Τρωάδος</span> <span class='ocrx_word' id='word_1_525' title='bbox 3508 3501 3766 3580; x_wconf 80' lang='grc' dir='ltr'>εὐθυδρο-</span> 
     </span>
    </p>
   </div>
   <div class='ocr_carea' id='block_1_79' title="bbox 2115 3591 3768 3672">
    <p class='ocr_par' dir='ltr' id='par_1_79' title="bbox 2115 3591 3768 3672">
     <span class='ocr_line' id='line_1_79' title="bbox 2115 3591 3768 3672; baseline -0.001 -23"><span class='ocrx_word' id='word_1_526' title='bbox 2115 3621 2144 3649; x_wconf 84' lang='grc'>‹‹</span> <span class='ocrx_word' id='word_1_527' title='bbox 2181 3599 2430 3672; x_wconf 78' lang='grc' dir='ltr'>μήσαμεν</span> <span class='ocrx_word' id='word_1_528' title='bbox 2463 3596 2538 3656; x_wconf 68' lang='grc' dir='ltr'>εἷς</span> <span class='ocrx_word' id='word_1_529' title='bbox 2577 3594 2962 3668; x_wconf 71' lang='grc' dir='ltr'>Σαμοθρᾴκην,</span> <span class='ocrx_word' id='word_1_530' title='bbox 2992 3597 3061 3667; x_wconf 82' lang='grc' dir='ltr'>τῇ</span> <span class='ocrx_word' id='word_1_531' title='bbox 3099 3615 3160 3648; x_wconf 88' lang='grc' dir='ltr'>τε</span> <span class='ocrx_word' id='word_1_532' title='bbox 3216 3591 3442 3668; x_wconf 68' lang='grc' dir='ltr'>ἐπιούσῃ</span> <span class='ocrx_word' id='word_1_533' title='bbox 3499 3593 3574 3656; x_wconf 76' lang='grc' dir='ltr'>εἷς</span> <span class='ocrx_word' id='word_1_534' title='bbox 3625 3593 3768 3650; x_wconf 71' lang='grc' dir='ltr'>Νεά-</span> 
     </span>
    </p>
   </div>
   <div class='ocr_carea' id='block_1_80' title="bbox 2117 3681 3759 3758">
    <p class='ocr_par' dir='ltr' id='par_1_80' title="bbox 2117 3681 3759 3758">
     <span class='ocr_line' id='line_1_80' title="bbox 2117 3681 3759 3758; baseline 0.001 -21"><span class='ocrx_word' id='word_1_535' title='bbox 2117 3711 2144 3738; x_wconf 93' lang='grc'><em>‹‹</em></span> <span class='ocrx_word' id='word_1_536' title='bbox 2176 3685 2364 3752; x_wconf 89' lang='grc' dir='ltr'>πολιν,</span> <span class='ocrx_word' id='word_1_537' title='bbox 2398 3682 2594 3738; x_wconf 66' lang='grc' dir='ltr'>ἐκεῖθέν</span> <span class='ocrx_word' id='word_1_538' title='bbox 2624 3704 2680 3738; x_wconf 90' lang='grc' dir='ltr'>τε</span> <span class='ocrx_word' id='word_1_539' title='bbox 2709 3683 2784 3744; x_wconf 86' lang='grc' dir='ltr'>εἷς</span> <span class='ocrx_word' id='word_1_540' title='bbox 2827 3681 3162 3751; x_wconf 78' lang='grc' dir='ltr'>Φιλίππους,</span> <span class='ocrx_word' id='word_1_541' title='bbox 3221 3683 3344 3752; x_wconf 71' lang='grc' dir='ltr'>ἥτις</span> <span class='ocrx_word' id='word_1_542' title='bbox 3397 3681 3509 3738; x_wconf 85' lang='grc' dir='ltr'>ἐστὶ</span> <span class='ocrx_word' id='word_1_543' title='bbox 3567 3683 3759 3758; x_wconf 82' lang='grc' dir='ltr'>πρώτη</span> 
     </span>
    </p>
   </div>
   <div class='ocr_carea' id='block_1_81' title="bbox 2119 3768 3761 3848">
    <p class='ocr_par' dir='ltr' id='par_1_81' title="bbox 2119 3768 3761 3848">
     <span class='ocr_line' id='line_1_81' title="bbox 2119 3768 3761 3848; baseline -0.001 -20"><span class='ocrx_word' id='word_1_544' title='bbox 2119 3799 2146 3828; x_wconf 86' lang='grc'>‹‹</span> <span class='ocrx_word' id='word_1_545' title='bbox 2177 3782 2277 3845; x_wconf 78' lang='grc' dir='ltr'>τῆς</span> <span class='ocrx_word' id='word_1_546' title='bbox 2307 3770 2528 3848; x_wconf 77' lang='grc' dir='ltr'>μερίδος</span> <span class='ocrx_word' id='word_1_547' title='bbox 2555 3779 2655 3840; x_wconf 83' lang='grc' dir='ltr'>τῆς</span> <span class='ocrx_word' id='word_1_548' title='bbox 2680 3768 3022 3834; x_wconf 82' lang='grc' dir='ltr'>Μαλεὸονίας</span> <span class='ocrx_word' id='word_1_549' title='bbox 3067 3771 3229 3834; x_wconf 75' lang='grc' dir='ltr'>πόλις</span> <span class='ocrx_word' id='word_1_550' title='bbox 3257 3771 3530 3830; x_wconf 87' lang='grc' dir='ltr'>Κολωνία.</span> <span class='ocrx_word' id='word_1_551' title='bbox 3591 3774 3761 3846; x_wconf 85' lang='grc' dir='ltr'>Ἦμεν</span> 
     </span>
    </p>
   </div>
   <div class='ocr_carea' id='block_1_82' title="bbox 2119 3856 3672 3936">
    <p class='ocr_par' dir='ltr' id='par_1_82' title="bbox 2119 3856 3672 3936">
     <span class='ocr_line' id='line_1_82' title="bbox 2119 3856 3672 3936; baseline -0.003 -20"><span class='ocrx_word' id='word_1_552' title='bbox 2119 3887 2146 3917; x_wconf 86' lang='grc'>‹‹</span> <span class='ocrx_word' id='word_1_553' title='bbox 2181 3863 2238 3919; x_wconf 75' lang='grc' dir='ltr'>δὲ</span> <span class='ocrx_word' id='word_1_554' title='bbox 2259 3864 2310 3918; x_wconf 79' lang='grc' dir='ltr'>ἐν</span> <span class='ocrx_word' id='word_1_555' title='bbox 2345 3863 2480 3935; x_wconf 81' lang='grc' dir='ltr'>αὑτῇ</span> <span class='ocrx_word' id='word_1_556' title='bbox 2514 3865 2580 3927; x_wconf 82' lang='grc' dir='ltr'>τῆ</span> <span class='ocrx_word' id='word_1_557' title='bbox 2613 3860 2772 3916; x_wconf 82' lang='grc' dir='ltr'>πόλει</span> <span class='ocrx_word' id='word_1_558' title='bbox 2803 3856 3172 3932; x_wconf 71' lang='grc' dir='ltr'>διατρίϐοντες</span> <span class='ocrx_word' id='word_1_559' title='bbox 3201 3861 3410 3936; x_wconf 68' lang='grc' dir='ltr'>ἡμέρας</span> <span class='ocrx_word' id='word_1_560' title='bbox 3442 3863 3608 3922; x_wconf 70' lang='grc' dir='ltr'>τινάς.</span> <span class='ocrx_word' id='word_1_561' title='bbox 3645 3885 3672 3912; x_wconf 71' lang='grc' dir='ltr'>ι)</span> 
     </span>
    </p>
   </div>
   <div class='ocr_carea' id='block_1_83' title="bbox 2189 3951 3760 4027">
    <p class='ocr_par' dir='ltr' id='par_1_83' title="bbox 2189 3951 3760 4027">
     <span class='ocr_line' id='line_1_83' title="bbox 2189 3951 3760 4027; baseline -0.003 -17"><span class='ocrx_word' id='word_1_562' title='bbox 2189 3955 2536 4027; x_wconf 77' lang='grc' dir='ltr'>Σημειωτέον</span> <span class='ocrx_word' id='word_1_563' title='bbox 2568 3953 2650 4008; x_wconf 81' lang='grc' dir='ltr'>δτι</span> <span class='ocrx_word' id='word_1_564' title='bbox 2685 3953 2774 4006; x_wconf 86' lang='grc' dir='ltr'>σὺν</span> <span class='ocrx_word' id='word_1_565' title='bbox 2808 3957 2886 4024; x_wconf 85' lang='grc' dir='ltr'>τῷ</span> <span class='ocrx_word' id='word_1_566' title='bbox 2945 3951 3148 4024; x_wconf 63' lang='grc' dir='ltr'>Παύλῳ</span> <span class='ocrx_word' id='word_1_567' title='bbox 3186 3953 3254 4022; x_wconf 78' lang='grc' dir='ltr'>ἦν</span> <span class='ocrx_word' id='word_1_568' title='bbox 3285 3951 3337 4007; x_wconf 87' lang='grc' dir='ltr'>ἐν</span> <span class='ocrx_word' id='word_1_569' title='bbox 3392 3958 3513 4016; x_wconf 89' lang='grc' dir='ltr'>ταῖς</span> <span class='ocrx_word' id='word_1_570' title='bbox 3567 3951 3760 4006; x_wconf 85' lang='grc' dir='ltr'>πόλεσι</span> 
     </span>
    </p>
   </div>
   <div class='ocr_carea' id='block_1_84' title="bbox 2116 4043 3758 4118">
    <p class='ocr_par' dir='ltr' id='par_1_84' title="bbox 2116 4043 3758 4118">
     <span class='ocr_line' id='line_1_84' title="bbox 2116 4043 3758 4118; baseline -0.002 -17"><span class='ocrx_word' id='word_1_571' title='bbox 2116 4045 2335 4107; x_wconf 68' lang='grc' dir='ltr'>ταῦταις</span> <span class='ocrx_word' id='word_1_572' title='bbox 2365 4044 2452 4100; x_wconf 83' lang='grc' dir='ltr'>καὶ</span> <span class='ocrx_word' id='word_1_573' title='bbox 2485 4045 2512 4100; x_wconf 89' lang='lat'>6</span> <span class='ocrx_word' id='word_1_574' title='bbox 2547 4051 2783 4116; x_wconf 72' lang='grc' dir='ltr'>Λουκᾶς,</span> <span class='ocrx_word' id='word_1_575' title='bbox 2839 4044 2913 4106; x_wconf 88' lang='grc' dir='ltr'>ὠς</span> <span class='ocrx_word' id='word_1_576' title='bbox 2973 4043 3021 4114; x_wconf 78' lang='grc' dir='ltr'>ἐξ</span> <span class='ocrx_word' id='word_1_577' title='bbox 3069 4045 3142 4098; x_wconf 81' lang='grc' dir='ltr'>ὧν</span> <span class='ocrx_word' id='word_1_578' title='bbox 3205 4043 3296 4099; x_wconf 81' lang='grc' dir='ltr'>καὶ</span> <span class='ocrx_word' id='word_1_579' title='bbox 3351 4045 3414 4099; x_wconf 82' lang='grc' dir='ltr'>τὸ</span> <span class='ocrx_word' id='word_1_580' title='bbox 3463 4043 3758 4118; x_wconf 72' lang='grc' dir='ltr'>πρόσωπον</span> 
     </span>
    </p>
   </div>
   <div class='ocr_carea' id='block_1_85' title="bbox 2118 4128 3761 4209">
    <p class='ocr_par' dir='ltr' id='par_1_85' title="bbox 2118 4128 3761 4209">
     <span class='ocr_line' id='line_1_85' title="bbox 2118 4128 3761 4209; baseline -0.002 -18"><span class='ocrx_word' id='word_1_581' title='bbox 2118 4135 2282 4192; x_wconf 73' lang='grc' dir='ltr'>αὐτοῦ</span> <span class='ocrx_word' id='word_1_582' title='bbox 2341 4128 2896 4209; x_wconf 79' lang='grc' dir='ltr'>συμπαραλαμϐάνει,</span> <span class='ocrx_word' id='word_1_583' title='bbox 2950 4131 3152 4208; x_wconf 71' lang='grc' dir='ltr'>λέγων’</span> <span class='ocrx_word' id='word_1_584' title='bbox 3209 4134 3612 4206; x_wconf 76' lang='grc' dir='ltr'>Ἐζητήσαμεν,</span> <span class='ocrx_word' id='word_1_585' title='bbox 3667 4133 3761 4188; x_wconf 80' lang='grc' dir='ltr'>εὑ-</span> 
     </span>
    </p>
   </div>
   <div class='ocr_carea' id='block_1_86' title="bbox 2119 4221 2999 4298">
    <p class='ocr_par' dir='ltr' id='par_1_86' title="bbox 2119 4221 2999 4298">
     <span class='ocr_line' id='line_1_86' title="bbox 2119 4221 2999 4298; baseline 0 -19"><span class='ocrx_word' id='word_1_586' title='bbox 2119 4221 2564 4298; x_wconf 70' lang='grc' dir='ltr'>θυδρομήσαμεν,</span> <span class='ocrx_word' id='word_1_587' title='bbox 2595 4223 2684 4279; x_wconf 80' lang='grc' dir='ltr'>καὶ</span> <span class='ocrx_word' id='word_1_588' title='bbox 2711 4223 2778 4278; x_wconf 82' lang='grc' dir='ltr'>τὰ</span> <span class='ocrx_word' id='word_1_589' title='bbox 2810 4221 2999 4298; x_wconf 77' lang='grc' dir='ltr'>ὅμοια.</span> 
     </span>
    </p>
   </div>
   <div class='ocr_carea' id='block_1_87' title="bbox 2191 4323 3764 4406">
    <p class='ocr_par' dir='ltr' id='par_1_87' title="bbox 2191 4323 3764 4406">
     <span class='ocr_line' id='line_1_87' title="bbox 2191 4323 3764 4406; baseline 0.002 -24"><span class='ocrx_word' id='word_1_590' title='bbox 2191 4356 2218 4382; x_wconf 88' lang='grc'>‹‹</span> <span class='ocrx_word' id='word_1_591' title='bbox 2250 4335 2326 4406; x_wconf 75' lang='grc' dir='ltr'>Τῇ</span> <span class='ocrx_word' id='word_1_592' title='bbox 2356 4351 2414 4386; x_wconf 81' lang='grc' dir='ltr'>τε</span> <span class='ocrx_word' id='word_1_593' title='bbox 2443 4329 2624 4406; x_wconf 69' lang='grc' dir='ltr'>ἡμέρᾳ</span> <span class='ocrx_word' id='word_1_594' title='bbox 2651 4334 2758 4386; x_wconf 80' lang='grc' dir='ltr'>τῶν</span> <span class='ocrx_word' id='word_1_595' title='bbox 2807 4323 3106 4386; x_wconf 71' lang='grc' dir='ltr'>Σαϐϐάτων</span> <span class='ocrx_word' id='word_1_596' title='bbox 3159 4327 3458 4404; x_wconf 71' lang='grc' dir='ltr'>ἐξήλθομεν</span> <span class='ocrx_word' id='word_1_597' title='bbox 3507 4325 3609 4400; x_wconf 76' lang='grc' dir='ltr'>ἔξω</span> <span class='ocrx_word' id='word_1_598' title='bbox 3661 4336 3764 4398; x_wconf 75' lang='grc' dir='ltr'>τῆς</span> 
     </span>
    </p>
   </div>
   <div class='ocr_carea' id='block_1_88' title="bbox 2120 4418 3760 4495">
    <p class='ocr_par' dir='ltr' id='par_1_88' title="bbox 2120 4418 3760 4495">
     <span class='ocr_line' id='line_1_88' title="bbox 2120 4418 3760 4495; baseline 0.001 -23"><span class='ocrx_word' id='word_1_599' title='bbox 2120 4445 2147 4472; x_wconf 92' lang='grc'>‹‹</span> <span class='ocrx_word' id='word_1_600' title='bbox 2181 4419 2419 4490; x_wconf 82' lang='grc' dir='ltr'>πόλεως,</span> <span class='ocrx_word' id='word_1_601' title='bbox 2477 4419 2624 4492; x_wconf 82' lang='grc' dir='ltr'>παρᾶ</span> <span class='ocrx_word' id='word_1_602' title='bbox 2677 4419 2922 4491; x_wconf 79' lang='grc' dir='ltr'>ποταμὸν</span> <span class='ocrx_word' id='word_1_603' title='bbox 2983 4440 3045 4474; x_wconf 88' lang='grc' dir='ltr'>ου</span> <span class='ocrx_word' id='word_1_604' title='bbox 3107 4418 3391 4492; x_wconf 82' lang='grc' dir='ltr'>ἐνομίζετο</span> <span class='ocrx_word' id='word_1_605' title='bbox 3473 4419 3760 4495; x_wconf 83' lang='grc' dir='ltr'>προσευχή</span> 
     </span>
    </p>
   </div>
   <div class='ocr_carea' id='block_1_89' title="bbox 354 4505 2016 4586">
    <p class='ocr_par' dir='ltr' id='par_1_89' title="bbox 354 4505 2007 4580">
     <span class='ocr_line' id='line_1_89' title="bbox 354 4505 2007 4580; baseline 0.004 -22"><span class='ocrx_word' id='word_1_606' title='bbox 354 4526 384 4559; x_wconf 78' lang='grc' dir='ltr'>«ι</span> <span class='ocrx_word' id='word_1_607' title='bbox 417 4508 714 4562; x_wconf 89' lang='lat' dir='ltr'>cationem</span> <span class='ocrx_word' id='word_1_608' title='bbox 748 4524 759 4560; x_wconf 93' lang='lat'>:</span> <span class='ocrx_word' id='word_1_609' title='bbox 794 4505 1190 4578; x_wconf 85' lang='lat' dir='ltr'>sedentesque</span> <span class='ocrx_word' id='word_1_610' title='bbox 1223 4509 1613 4580; x_wconf 88' lang='lat' dir='ltr'>loquebamur</span> <span class='ocrx_word' id='word_1_611' title='bbox 1656 4511 2007 4566; x_wconf 89' lang='lat' dir='ltr'>mulieribus</span> 
     </span>
    </p>
   </div>
   <div class='ocr_carea' id='block_1_90' title="bbox 2134 4505 3760 4586">
    <p class='ocr_par' dir='ltr' id='par_1_90' title="bbox 2134 4505 3760 4578">
     <span class='ocr_line' id='line_1_90' title="bbox 2134 4505 3760 4578; baseline 0.001 -18"><span class='ocrx_word' id='word_1_612' title='bbox 2134 4509 2332 4564; x_wconf 73' lang='grc' dir='ltr'>(εἶναι’</span> <span class='ocrx_word' id='word_1_613' title='bbox 2386 4509 2477 4564; x_wconf 82' lang='grc' dir='ltr'>καὶ</span> <span class='ocrx_word' id='word_1_614' title='bbox 2533 4509 2880 4570; x_wconf 75' lang='grc' dir='ltr'>καθίσαντνες</span> <span class='ocrx_word' id='word_1_615' title='bbox 2940 4505 3245 4578; x_wconf 53' lang='grc' dir='ltr'>ἐλαλοῦμεν</span> <span class='ocrx_word' id='word_1_616' title='bbox 3305 4513 3423 4570; x_wconf 84' lang='grc' dir='ltr'>ταῖς</span> <span class='ocrx_word' id='word_1_617' title='bbox 3471 4505 3760 4563; x_wconf 71' lang='grc' dir='ltr'>συνελθοῦ-</span> 
     </span>
    </p>
   </div>
   <div class='ocr_carea' id='block_1_91' title="bbox 357 4601 2006 4672">
    <p class='ocr_par' dir='ltr' id='par_1_91' title="bbox 357 4601 2006 4672">
     <span class='ocr_line' id='line_1_91' title="bbox 357 4601 2006 4672; baseline 0.006 -24"><span class='ocrx_word' id='word_1_618' title='bbox 357 4619 386 4649; x_wconf 76' lang='grc' dir='ltr'>ιι</span> <span class='ocrx_word' id='word_1_619' title='bbox 419 4617 548 4670; x_wconf 66' lang='lat' dir='ltr'>quae</span> <span class='ocrx_word' id='word_1_620' title='bbox 581 4607 998 4656; x_wconf 87' lang='lat' dir='ltr'>convenerant.</span> <span class='ocrx_word' id='word_1_621' title='bbox 1051 4601 1118 4654; x_wconf 89' lang='lat' dir='ltr'>Et</span> <span class='ocrx_word' id='word_1_622' title='bbox 1175 4602 1444 4672; x_wconf 71' lang='lat' dir='ltr'>qumdam</span> <span class='ocrx_word' id='word_1_623' title='bbox 1505 4603 1720 4659; x_wconf 88' lang='lat' dir='ltr'>mulier</span> <span class='ocrx_word' id='word_1_624' title='bbox 1765 4604 2006 4660; x_wconf 91' lang='lat' dir='ltr'>nomine</span> 
     </span>
    </p>
   </div>
   <div class='ocr_carea' id='block_1_92' title="bbox 355 4693 2008 4769">
    <p class='ocr_par' dir='ltr' id='par_1_92' title="bbox 355 4693 2008 4769">
     <span class='ocr_line' id='line_1_92' title="bbox 355 4693 2008 4769; baseline 0.007 -29"><span class='ocrx_word' id='word_1_625' title='bbox 355 4713 384 4740; x_wconf 85' lang='lat'><strong>«</strong></span> <span class='ocrx_word' id='word_1_626' title='bbox 423 4693 599 4761; x_wconf 82' lang='lat' dir='ltr'>Lydia</span> <span class='ocrx_word' id='word_1_627' title='bbox 626 4711 1020 4766; x_wconf 89' lang='lat' dir='ltr'>purpurarum</span> <span class='ocrx_word' id='word_1_628' title='bbox 1055 4695 1344 4750; x_wconf 85' lang='lat' dir='ltr'>venditrix</span> <span class='ocrx_word' id='word_1_629' title='bbox 1393 4697 1643 4752; x_wconf 78' lang='lat' dir='ltr'>civitatis</span> <span class='ocrx_word' id='word_1_630' title='bbox 1700 4697 2008 4769; x_wconf 86' lang='lat' dir='ltr'>Thyatiro-</span> 
     </span>
    </p>
   </div>
   <div class='ocr_carea' id='block_1_93' title="bbox 354 4783 2006 4858">
    <p class='ocr_par' dir='ltr' id='par_1_93' title="bbox 354 4783 2006 4858">
     <span class='ocr_line' id='line_1_93' title="bbox 354 4783 2006 4858; baseline 0.005 -28"><span class='ocrx_word' id='word_1_631' title='bbox 354 4801 383 4830; x_wconf 85' lang='lat'><strong>«</strong></span> <span class='ocrx_word' id='word_1_632' title='bbox 413 4795 544 4833; x_wconf 85' lang='lat' dir='ltr'>rum</span> <span class='ocrx_word' id='word_1_633' title='bbox 569 4783 769 4837; x_wconf 89' lang='lat' dir='ltr'>colens</span> <span class='ocrx_word' id='word_1_634' title='bbox 795 4785 977 4838; x_wconf 89' lang='lat' dir='ltr'>Deum</span> <span class='ocrx_word' id='word_1_635' title='bbox 1003 4785 1243 4852; x_wconf 89' lang='lat' dir='ltr'>audivit,</span> <span class='ocrx_word' id='word_1_636' title='bbox 1273 4786 1441 4856; x_wconf 80' lang='lat' dir='ltr'>cujus</span> <span class='ocrx_word' id='word_1_637' title='bbox 1468 4785 1750 4842; x_wconf 89' lang='lat' dir='ltr'>Dominus</span> <span class='ocrx_word' id='word_1_638' title='bbox 1773 4786 2006 4858; x_wconf 88' lang='lat' dir='ltr'>aperuit</span> 
     </span>
    </p>
   </div>
   <div class='ocr_carea' id='block_1_94' title="bbox 361 4872 2007 4946">
    <p class='ocr_par' dir='ltr' id='par_1_94' title="bbox 361 4872 2007 4946">
     <span class='ocr_line' id='line_1_94' title="bbox 361 4872 2007 4946; baseline 0.005 -25"><span class='ocrx_word' id='word_1_639' title='bbox 361 4891 388 4917; x_wconf 83' lang='lat'><strong><em>«</em></strong></span> <span class='ocrx_word' id='word_1_640' title='bbox 424 4885 544 4936; x_wconf 90' lang='lat' dir='ltr'>cor,</span> <span class='ocrx_word' id='word_1_641' title='bbox 583 4872 616 4922; x_wconf 87' lang='grc'><strong>1</strong></span> <span class='ocrx_word' id='word_1_642' title='bbox 634 4872 734 4924; x_wconf 77' lang='lat'>30</span> <span class='ocrx_word' id='word_1_643' title='bbox 755 4877 818 4926; x_wconf 91' lang='lat' dir='ltr'>ut</span> <span class='ocrx_word' id='word_1_644' title='bbox 851 4873 1185 4930; x_wconf 87' lang='lat' dir='ltr'>intenderet</span> <span class='ocrx_word' id='word_1_645' title='bbox 1209 4875 1300 4930; x_wconf 90' lang='lat' dir='ltr'>his</span> <span class='ocrx_word' id='word_1_646' title='bbox 1323 4893 1452 4946; x_wconf 65' lang='lat' dir='ltr'>qua:</span> <span class='ocrx_word' id='word_1_647' title='bbox 1476 4892 1510 4930; x_wconf 90' lang='lat' dir='ltr'>a</span> <span class='ocrx_word' id='word_1_648' title='bbox 1532 4875 1710 4930; x_wconf 90' lang='lat' dir='ltr'>Paulo</span> <span class='ocrx_word' id='word_1_649' title='bbox 1733 4874 2007 4930; x_wconf 88' lang='lat' dir='ltr'>diceban-</span> 
     </span>
    </p>
   </div>
   <div class='ocr_carea' id='block_1_95' title="bbox 356 4960 2006 5033">
    <p class='ocr_par' dir='ltr' id='par_1_95' title="bbox 356 4960 2006 5033">
     <span class='ocr_line' id='line_1_95' title="bbox 356 4960 2006 5033; baseline 0.004 -20"><span class='ocrx_word' id='word_1_650' title='bbox 356 4963 533 5013; x_wconf 84' lang='lat' dir='ltr'>«tur.</span> <span class='ocrx_word' id='word_1_651' title='bbox 586 4960 847 5030; x_wconf 87' lang='lat' dir='ltr'>Cumque</span> <span class='ocrx_word' id='word_1_652' title='bbox 897 4960 1186 5033; x_wconf 87' lang='lat' dir='ltr'>baptizata</span> <span class='ocrx_word' id='word_1_653' title='bbox 1217 4973 1372 5022; x_wconf 89' lang='lat' dir='ltr'>esset</span> <span class='ocrx_word' id='word_1_654' title='bbox 1421 4981 1542 5020; x_wconf 90' lang='lat' dir='ltr'>una</span> <span class='ocrx_word' id='word_1_655' title='bbox 1594 4982 1726 5020; x_wconf 91' lang='lat' dir='ltr'>cum</span> <span class='ocrx_word' id='word_1_656' title='bbox 1775 4964 2006 5020; x_wconf 84' lang='lat' dir='ltr'>familia</span> 
     </span>
    </p>
   </div>
   <div class='ocr_carea' id='block_1_96' title="bbox 355 5048 2004 5127">
    <p class='ocr_par' dir='ltr' id='par_1_96' title="bbox 355 5048 2004 5127">
     <span class='ocr_line' id='line_1_96' title="bbox 355 5048 2004 5127; baseline 0.004 -23"><span class='ocrx_word' id='word_1_657' title='bbox 355 5069 381 5096; x_wconf 74' lang='grc' dir='ltr'>ιι</span> <span class='ocrx_word' id='word_1_658' title='bbox 411 5065 536 5116; x_wconf 88' lang='lat' dir='ltr'>sua,</span> <span class='ocrx_word' id='word_1_659' title='bbox 572 5048 884 5120; x_wconf 88' lang='lat' dir='ltr'>deprecata</span> <span class='ocrx_word' id='word_1_660' title='bbox 915 5057 1023 5120; x_wconf 90' lang='lat' dir='ltr'>est,</span> <span class='ocrx_word' id='word_1_661' title='bbox 1058 5053 1263 5110; x_wconf 86' lang='lat' dir='ltr'>dicens</span> <span class='ocrx_word' id='word_1_662' title='bbox 1291 5073 1302 5109; x_wconf 93' lang='lat'><strong>:</strong></span> <span class='ocrx_word' id='word_1_663' title='bbox 1327 5055 1712 5127; x_wconf 86' lang='lat' dir='ltr'>Sijudicastis</span> <span class='ocrx_word' id='word_1_664' title='bbox 1746 5072 1838 5110; x_wconf 91' lang='lat' dir='ltr'>me</span> <span class='ocrx_word' id='word_1_665' title='bbox 1863 5055 2004 5110; x_wconf 74' lang='lat' dir='ltr'>[lde-</span> 
     </span>
    </p>
   </div>
   <div class='ocr_carea' id='block_1_97' title="bbox 355 5137 2004 5216">
    <p class='ocr_par' dir='ltr' id='par_1_97' title="bbox 355 5137 2004 5216">
     <span class='ocr_line' id='line_1_97' title="bbox 355 5137 2004 5216; baseline 0.006 -26"><span class='ocrx_word' id='word_1_666' title='bbox 355 5161 382 5189; x_wconf 84' lang='grc'>‹‹</span> <span class='ocrx_word' id='word_1_667' title='bbox 417 5137 535 5192; x_wconf 90' lang='lat' dir='ltr'>lem</span> <span class='ocrx_word' id='word_1_668' title='bbox 575 5139 818 5194; x_wconf 91' lang='lat' dir='ltr'>Domino</span> <span class='ocrx_word' id='word_1_669' title='bbox 853 5155 1003 5202; x_wconf 92' lang='lat' dir='ltr'>esse.</span> <span class='ocrx_word' id='word_1_670' title='bbox 1038 5143 1289 5215; x_wconf 86' lang='lat' dir='ltr'>ingressi</span> <span class='ocrx_word' id='word_1_671' title='bbox 1317 5143 1560 5201; x_wconf 91' lang='lat' dir='ltr'>domum</span> <span class='ocrx_word' id='word_1_672' title='bbox 1591 5161 1807 5216; x_wconf 88' lang='lat' dir='ltr'>meam,</span> <span class='ocrx_word' id='word_1_673' title='bbox 1840 5145 1902 5200; x_wconf 88' lang='lat' dir='ltr'>in</span> <span class='ocrx_word' id='word_1_674' title='bbox 1935 5161 2004 5200; x_wconf 89' lang='lat' dir='ltr'>ea</span> 
     </span>
    </p>
   </div>
   <div class='ocr_carea' id='block_1_98' title="bbox 359 5228 1221 5298">
    <p class='ocr_par' dir='ltr' id='par_1_98' title="bbox 359 5228 1221 5298">
     <span class='ocr_line' id='line_1_98' title="bbox 359 5228 1221 5298; baseline -0.001 -15"><span class='ocrx_word' id='word_1_675' title='bbox 359 5251 387 5278; x_wconf 90' lang='grc'>‹‹</span> <span class='ocrx_word' id='word_1_676' title='bbox 419 5234 654 5284; x_wconf 89' lang='lat' dir='ltr'>manete</span> <span class='ocrx_word' id='word_1_677' title='bbox 709 5228 996 5298; x_wconf 78' lang='lat' dir='ltr'>Et&#39;adegit</span> <span class='ocrx_word' id='word_1_678' title='bbox 1025 5247 1154 5286; x_wconf 84' lang='lat' dir='ltr'>nos.</span> <span class='ocrx_word' id='word_1_679' title='bbox 1193 5254 1221 5282; x_wconf 85' lang='lat'>»</span> 
     </span>
    </p>
   </div>
   <div class='ocr_carea' id='block_1_99' title="bbox 427 5337 2004 5413">
    <p class='ocr_par' dir='ltr' id='par_1_99' title="bbox 427 5337 2004 5413">
     <span class='ocr_line' id='line_1_99' title="bbox 427 5337 2004 5413; baseline 0.006 -23"><span class='ocrx_word' id='word_1_680' title='bbox 427 5337 552 5391; x_wconf 87' lang='lat' dir='ltr'>Non</span> <span class='ocrx_word' id='word_1_681' title='bbox 578 5337 770 5392; x_wconf 91' lang='lat' dir='ltr'>solum</span> <span class='ocrx_word' id='word_1_682' title='bbox 814 5337 914 5392; x_wconf 92' lang='lat' dir='ltr'>ubi</span> <span class='ocrx_word' id='word_1_683' title='bbox 967 5355 1264 5413; x_wconf 86' lang='lat' dir='ltr'>synagoga</span> <span class='ocrx_word' id='word_1_684' title='bbox 1313 5347 1458 5408; x_wconf 89' lang='lat' dir='ltr'>erat,</span> <span class='ocrx_word' id='word_1_685' title='bbox 1519 5343 1620 5398; x_wconf 90' lang='lat' dir='ltr'>sed</span> <span class='ocrx_word' id='word_1_686' title='bbox 1649 5343 1826 5398; x_wconf 89' lang='lat' dir='ltr'>etiam</span> <span class='ocrx_word' id='word_1_687' title='bbox 1858 5343 2004 5399; x_wconf 86' lang='lat' dir='ltr'>foris</span> 
     </span>
    </p>
   </div>
   <div class='ocr_carea' id='block_1_100' title="bbox 354 5425 2007 5505">
    <p class='ocr_par' dir='ltr' id='par_1_100' title="bbox 354 5425 2007 5505">
     <span class='ocr_line' id='line_1_100' title="bbox 354 5425 2007 5505; baseline 0.006 -26"><span class='ocrx_word' id='word_1_688' title='bbox 354 5425 768 5496; x_wconf 87' lang='lat' dir='ltr'>precabantur,</span> <span class='ocrx_word' id='word_1_689' title='bbox 795 5432 1078 5498; x_wconf 84' lang='lat' dir='ltr'>tanquam</span> <span class='ocrx_word' id='word_1_690' title='bbox 1104 5428 1300 5486; x_wconf 84' lang='lat' dir='ltr'>locum</span> <span class='ocrx_word' id='word_1_691' title='bbox 1323 5430 1583 5502; x_wconf 90' lang='lat' dir='ltr'>aliquem</span> <span class='ocrx_word' id='word_1_692' title='bbox 1605 5431 1678 5488; x_wconf 92' lang='lat' dir='ltr'>ad</span> <span class='ocrx_word' id='word_1_693' title='bbox 1701 5433 1811 5488; x_wconf 88' lang='lat' dir='ltr'>hoc</span> <span class='ocrx_word' id='word_1_694' title='bbox 1839 5449 2007 5505; x_wconf 89' lang='lat' dir='ltr'>sepa-</span> 
     </span>
    </p>
   </div>
   <div class='ocr_carea' id='block_1_101' title="bbox 355 5517 2000 5592">
    <p class='ocr_par' dir='ltr' id='par_1_101' title="bbox 355 5517 2000 5592">
     <span class='ocr_line' id='line_1_101' title="bbox 355 5517 2000 5592; baseline 0.007 -22"><span class='ocrx_word' id='word_1_695' title='bbox 355 5521 577 5582; x_wconf 89' lang='lat' dir='ltr'>rantes,</span> <span class='ocrx_word' id='word_1_696' title='bbox 611 5532 826 5588; x_wconf 89' lang='lat' dir='ltr'>nempe</span> <span class='ocrx_word' id='word_1_697' title='bbox 854 5517 1040 5572; x_wconf 62' lang='lat' dir='ltr'>Judaei</span> <span class='ocrx_word' id='word_1_698' title='bbox 1071 5518 1324 5576; x_wconf 90' lang='lat' dir='ltr'>nimium</span> <span class='ocrx_word' id='word_1_699' title='bbox 1357 5521 1764 5592; x_wconf 87' lang='lat' dir='ltr'>corporalibus</span> <span class='ocrx_word' id='word_1_700' title='bbox 1794 5521 2000 5582; x_wconf 86' lang='lat' dir='ltr'>dediti.</span> 
     </span>
    </p>
   </div>
   <div class='ocr_carea' id='block_1_102' title="bbox 353 5605 2002 5682">
    <p class='ocr_par' dir='ltr' id='par_1_102' title="bbox 353 5605 2002 5682">
     <span class='ocr_line' id='line_1_102' title="bbox 353 5605 2002 5682; baseline 0.006 -20"><span class='ocrx_word' id='word_1_701' title='bbox 353 5607 468 5662; x_wconf 79' lang='lat' dir='ltr'>Aut</span> <span class='ocrx_word' id='word_1_702' title='bbox 493 5605 689 5678; x_wconf 86' lang='lat' dir='ltr'>potius</span> <span class='ocrx_word' id='word_1_703' title='bbox 721 5605 1004 5678; x_wconf 85' lang='lat' dir='ltr'>quoniam</span> <span class='ocrx_word' id='word_1_704' title='bbox 1036 5607 1110 5665; x_wconf 92' lang='lat' dir='ltr'>ob</span> <span class='ocrx_word' id='word_1_705' title='bbox 1138 5607 1476 5674; x_wconf 76' lang='lat' dir='ltr'>Judaaorum</span> <span class='ocrx_word' id='word_1_706' title='bbox 1497 5611 1856 5682; x_wconf 84' lang='lat' dir='ltr'>paucitatem</span> <span class='ocrx_word' id='word_1_707' title='bbox 1879 5628 2002 5674; x_wconf 86' lang='lat' dir='ltr'>non</span> 
     </span>
    </p>
   </div>
   <div class='ocr_carea' id='block_1_103' title="bbox 2120 4595 3764 4676">
    <p class='ocr_par' dir='ltr' id='par_1_103' title="bbox 2120 4595 3764 4676">
     <span class='ocr_line' id='line_1_103' title="bbox 2120 4595 3764 4676; baseline 0 -24"><span class='ocrx_word' id='word_1_708' title='bbox 2120 4625 2148 4652; x_wconf 87' lang='grc'>‹‹</span> <span class='ocrx_word' id='word_1_709' title='bbox 2181 4619 2297 4660; x_wconf 90' lang='grc' dir='ltr'>σαις</span> <span class='ocrx_word' id='word_1_710' title='bbox 2327 4597 2551 4672; x_wconf 81' lang='grc' dir='ltr'>γυναιξί.</span> <span class='ocrx_word' id='word_1_711' title='bbox 2605 4597 2706 4656; x_wconf 88' lang='grc' dir='ltr'>Καί</span> <span class='ocrx_word' id='word_1_712' title='bbox 2734 4619 2818 4660; x_wconf 89' lang='grc' dir='ltr'>τις</span> <span class='ocrx_word' id='word_1_713' title='bbox 2845 4599 2979 4675; x_wconf 87' lang='grc' dir='ltr'>γυνή</span> <span class='ocrx_word' id='word_1_714' title='bbox 3043 4597 3266 4673; x_wconf 80' lang='grc' dir='ltr'>δνόματι</span> <span class='ocrx_word' id='word_1_715' title='bbox 3326 4595 3498 4653; x_wconf 81' lang='grc' dir='ltr'>Λυδία</span> <span class='ocrx_word' id='word_1_716' title='bbox 3551 4618 3764 4676; x_wconf 75' lang='grc' dir='ltr'>πορφυ-</span> 
     </span>
    </p>
   </div>
   <div class='ocr_carea' id='block_1_104' title="bbox 2119 4683 3758 4764">
    <p class='ocr_par' dir='ltr' id='par_1_104' title="bbox 2119 4683 3758 4764">
     <span class='ocr_line' id='line_1_104' title="bbox 2119 4683 3758 4764; baseline 0.001 -22"><span class='ocrx_word' id='word_1_717' title='bbox 2119 4713 2147 4742; x_wconf 91' lang='grc'>‹‹</span> <span class='ocrx_word' id='word_1_718' title='bbox 2185 4687 2432 4764; x_wconf 78' lang='grc' dir='ltr'>ροπῖυλις</span> <span class='ocrx_word' id='word_1_719' title='bbox 2479 4687 2696 4750; x_wconf 87' lang='grc' dir='ltr'>πόλεως</span> <span class='ocrx_word' id='word_1_720' title='bbox 2743 4688 3069 4760; x_wconf 85' lang='grc' dir='ltr'>Θυατείρων,</span> <span class='ocrx_word' id='word_1_721' title='bbox 3129 4683 3398 4762; x_wconf 71' lang='grc' dir='ltr'>σεϐομένη</span> <span class='ocrx_word' id='word_1_722' title='bbox 3481 4689 3572 4742; x_wconf 88' lang='grc' dir='ltr'>τὸν</span> <span class='ocrx_word' id='word_1_723' title='bbox 3629 4687 3758 4743; x_wconf 85' lang='grc' dir='ltr'>Θεὸν</span> 
     </span>
    </p>
   </div>
   <div class='ocr_carea' id='block_1_105' title="bbox 2118 4774 3759 4854">
    <p class='ocr_par' dir='ltr' id='par_1_105' title="bbox 2118 4774 3759 4854">
     <span class='ocr_line' id='line_1_105' title="bbox 2118 4774 3759 4854; baseline 0.001 -24"><span class='ocrx_word' id='word_1_724' title='bbox 2118 4775 2430 4848; x_wconf 74' lang='grc' dir='ltr'>«ἤκουσεν.</span> <span class='ocrx_word' id='word_1_725' title='bbox 2497 4779 2596 4839; x_wconf 79' lang='grc' dir='ltr'>Ἦι.</span> <span class='ocrx_word' id='word_1_726' title='bbox 2655 4778 2684 4831; x_wconf 89' lang='lat'>6</span> <span class='ocrx_word' id='word_1_727' title='bbox 2746 4776 2938 4854; x_wconf 78' lang='grc' dir='ltr'>Κύριος</span> <span class='ocrx_word' id='word_1_728' title='bbox 3015 4774 3250 4850; x_wconf 78' lang='grc' dir='ltr'>ὃιήνοιξε</span> <span class='ocrx_word' id='word_1_729' title='bbox 3331 4778 3429 4848; x_wconf 75' lang='grc' dir='ltr'>τὴν</span> <span class='ocrx_word' id='word_1_730' title='bbox 3513 4775 3759 4849; x_wconf 79' lang='grc' dir='ltr'>καρδίαν,</span> 
     </span>
    </p>
   </div>
   <div class='ocr_carea' id='block_1_106' title="bbox 2117 4863 3760 4946">
    <p class='ocr_par' dir='ltr' id='par_1_106' title="bbox 2117 4863 3760 4946">
     <span class='ocr_line' id='line_1_106' title="bbox 2117 4863 3760 4946; baseline 0.001 -26"><span class='ocrx_word' id='word_1_731' title='bbox 2117 4893 2146 4920; x_wconf 93' lang='grc'><strong>‹‹</strong></span> <span class='ocrx_word' id='word_1_732' title='bbox 2178 4866 2468 4946; x_wconf 71' lang='grc' dir='ltr'>προσέχειν</span> <span class='ocrx_word' id='word_1_733' title='bbox 2497 4871 2612 4927; x_wconf 78' lang='grc' dir='ltr'>τοῖς</span> <span class='ocrx_word' id='word_1_734' title='bbox 2654 4863 3020 4940; x_wconf 71' lang='grc' dir='ltr'>λαλουμένοις</span> <span class='ocrx_word' id='word_1_735' title='bbox 3073 4867 3175 4922; x_wconf 84' lang='grc' dir='ltr'>ὑπὸ</span> <span class='ocrx_word' id='word_1_736' title='bbox 3241 4870 3338 4921; x_wconf 89' lang='grc' dir='ltr'>τοῦ</span> <span class='ocrx_word' id='word_1_737' title='bbox 3397 4865 3639 4925; x_wconf 74' lang='grc' dir='ltr'>Παύλου.</span> <span class='ocrx_word' id='word_1_738' title='bbox 3671 4867 3760 4928; x_wconf 70' lang='grc' dir='ltr'>Ὠς</span> 
     </span>
    </p>
   </div>
   <div class='ocr_carea' id='block_1_107' title="bbox 2117 4953 3762 5028">
    <p class='ocr_par' dir='ltr' id='par_1_107' title="bbox 2117 4953 3762 5028">
     <span class='ocr_line' id='line_1_107' title="bbox 2117 4953 3762 5028; baseline 0.001 -18"><span class='ocrx_word' id='word_1_739' title='bbox 2117 4955 2225 5014; x_wconf 69' lang='grc' dir='ltr'>«δὲ</span> <span class='ocrx_word' id='word_1_740' title='bbox 2255 4953 2550 5026; x_wconf 80' lang='grc' dir='ltr'>ἐϐαπτίσθη</span> <span class='ocrx_word' id='word_1_741' title='bbox 2606 4957 2697 5012; x_wconf 76' lang='grc' dir='ltr'>καὶ</span> <span class='ocrx_word' id='word_1_742' title='bbox 2738 4956 2765 5010; x_wconf 87' lang='lat'>6</span> <span class='ocrx_word' id='word_1_743' title='bbox 2802 4955 2959 5020; x_wconf 79' lang='grc' dir='ltr'>οἶκος</span> <span class='ocrx_word' id='word_1_744' title='bbox 3017 4954 3208 5026; x_wconf 79' lang='grc' dir='ltr'>αὐτῆς.</span> <span class='ocrx_word' id='word_1_745' title='bbox 3267 4953 3604 5028; x_wconf 76' lang='grc' dir='ltr'>παρεκάλεσε</span> <span class='ocrx_word' id='word_1_746' title='bbox 3663 4953 3762 5012; x_wconf 81' lang='grc' dir='ltr'>λέ-</span> 
     </span>
    </p>
   </div>
   <div class='ocr_carea' id='block_1_108' title="bbox 2117 5044 3760 5124">
    <p class='ocr_par' dir='ltr' id='par_1_108' title="bbox 2117 5044 3760 5124">
     <span class='ocr_line' id='line_1_108' title="bbox 2117 5044 3760 5124; baseline -0.001 -25"><span class='ocrx_word' id='word_1_747' title='bbox 2117 5071 2145 5099; x_wconf 83' lang='grc'>‹‹</span> <span class='ocrx_word' id='word_1_748' title='bbox 2176 5064 2363 5124; x_wconf 89' lang='grc' dir='ltr'>γουσα·</span> <span class='ocrx_word' id='word_1_749' title='bbox 2397 5044 2462 5102; x_wconf 84' lang='grc' dir='ltr'>Εἰ</span> <span class='ocrx_word' id='word_1_750' title='bbox 2510 5044 2788 5120; x_wconf 80' lang='grc' dir='ltr'>κεκρίκατὲ</span> <span class='ocrx_word' id='word_1_751' title='bbox 2849 5066 2916 5118; x_wconf 89' lang='grc' dir='ltr'>με</span> <span class='ocrx_word' id='word_1_752' title='bbox 2971 5046 3167 5114; x_wconf 69' lang='grc' dir='ltr'>πιστὴν</span> <span class='ocrx_word' id='word_1_753' title='bbox 3215 5049 3294 5116; x_wconf 84' lang='grc' dir='ltr'>τῷ</span> <span class='ocrx_word' id='word_1_754' title='bbox 3353 5044 3538 5120; x_wconf 85' lang='grc' dir='ltr'>Κυρίῳ</span> <span class='ocrx_word' id='word_1_755' title='bbox 3603 5046 3760 5116; x_wconf 80' lang='grc' dir='ltr'>εἶναι,</span> 
     </span>
    </p>
   </div>
   <div class='ocr_carea' id='block_1_109' title="bbox 2118 5133 3762 5210">
    <p class='ocr_par' dir='ltr' id='par_1_109' title="bbox 2118 5133 3762 5210">
     <span class='ocr_line' id='line_1_109' title="bbox 2118 5133 3762 5210; baseline 0 -22"><span class='ocrx_word' id='word_1_756' title='bbox 2118 5147 2146 5188; x_wconf 74' lang='grc' dir='ltr'><strong>ά</strong></span> <span class='ocrx_word' id='word_1_757' title='bbox 2180 5135 2538 5202; x_wconf 74' lang='grc' dir='ltr'>εἰσελθόντες,</span> <span class='ocrx_word' id='word_1_758' title='bbox 2571 5133 2646 5197; x_wconf 86' lang='grc' dir='ltr'>εἰς</span> <span class='ocrx_word' id='word_1_759' title='bbox 2684 5135 2774 5189; x_wconf 85' lang='grc' dir='ltr'>τὸν</span> <span class='ocrx_word' id='word_1_760' title='bbox 2807 5133 2956 5190; x_wconf 83' lang='grc' dir='ltr'>οἶκόν</span> <span class='ocrx_word' id='word_1_761' title='bbox 3008 5155 3112 5210; x_wconf 86' lang='grc' dir='ltr'>μου</span> <span class='ocrx_word' id='word_1_762' title='bbox 3173 5133 3408 5208; x_wconf 87' lang='grc' dir='ltr'>μείνατε.</span> <span class='ocrx_word' id='word_1_763' title='bbox 3467 5133 3566 5190; x_wconf 82' lang='grc' dir='ltr'>Καὶ</span> <span class='ocrx_word' id='word_1_764' title='bbox 3617 5154 3762 5210; x_wconf 85' lang='grc' dir='ltr'>παρ-</span> 
     </span>
    </p>
   </div>
   <div class='ocr_carea' id='block_1_110' title="bbox 2117 5219 2650 5296">
    <p class='ocr_par' dir='ltr' id='par_1_110' title="bbox 2117 5219 2650 5296">
     <span class='ocr_line' id='line_1_110' title="bbox 2117 5219 2650 5296; baseline -0.011 -15"><span class='ocrx_word' id='word_1_765' title='bbox 2117 5251 2144 5277; x_wconf 70' lang='lat'>“</span> <span class='ocrx_word' id='word_1_766' title='bbox 2178 5219 2386 5280; x_wconf 75' lang='grc' dir='ltr'>εϐίασεν</span> <span class='ocrx_word' id='word_1_767' title='bbox 2417 5226 2588 5296; x_wconf 66' lang='grc' dir='ltr'>ἡμᾶς,</span> <span class='ocrx_word' id='word_1_768' title='bbox 2623 5247 2650 5276; x_wconf 87' lang='grc'><strong>››</strong></span> 
     </span>
    </p>
   </div>
   <div class='ocr_carea' id='block_1_111' title="bbox 2183 5325 3766 5408">
    <p class='ocr_par' dir='ltr' id='par_1_111' title="bbox 2183 5325 3766 5408">
     <span class='ocr_line' id='line_1_111' title="bbox 2183 5325 3766 5408; baseline -0.011 -18"><span class='ocrx_word' id='word_1_769' title='bbox 2183 5333 2260 5390; x_wconf 77' lang='grc' dir='ltr'>Οὐ</span> <span class='ocrx_word' id='word_1_770' title='bbox 2295 5331 2459 5406; x_wconf 71' lang='grc' dir='ltr'>μόνον</span> <span class='ocrx_word' id='word_1_771' title='bbox 2519 5327 2640 5386; x_wconf 78' lang='grc' dir='ltr'>ἔνθα</span> <span class='ocrx_word' id='word_1_772' title='bbox 2699 5331 2984 5408; x_wconf 85' lang='grc' dir='ltr'>συναγωγή</span> <span class='ocrx_word' id='word_1_773' title='bbox 3041 5332 3131 5402; x_wconf 82' lang='grc' dir='ltr'>ἦν,</span> <span class='ocrx_word' id='word_1_774' title='bbox 3185 5328 3331 5386; x_wconf 84' lang='grc' dir='ltr'>ἀλλᾶ</span> <span class='ocrx_word' id='word_1_775' title='bbox 3387 5329 3478 5386; x_wconf 85' lang='grc' dir='ltr'>καὶ</span> <span class='ocrx_word' id='word_1_776' title='bbox 3537 5325 3638 5400; x_wconf 66' lang='grc' dir='ltr'>ἔξω</span> <span class='ocrx_word' id='word_1_777' title='bbox 3669 5325 3766 5399; x_wconf 75' lang='grc' dir='ltr'>ηῧ..</span> 
     </span>
    </p>
   </div>
   <div class='ocr_carea' id='block_1_112' title="bbox 2116 5421 3760 5502">
    <p class='ocr_par' dir='ltr' id='par_1_112' title="bbox 2116 5421 3760 5502">
     <span class='ocr_line' id='line_1_112' title="bbox 2116 5421 3760 5502; baseline -0.002 -23"><span class='ocrx_word' id='word_1_778' title='bbox 2116 5443 2306 5502; x_wconf 85' lang='grc' dir='ltr'>χοντο,</span> <span class='ocrx_word' id='word_1_779' title='bbox 2337 5421 2520 5498; x_wconf 84' lang='grc' dir='ltr'>ὥσπερ</span> <span class='ocrx_word' id='word_1_780' title='bbox 2549 5423 2718 5478; x_wconf 86' lang='grc' dir='ltr'>τόπον</span> <span class='ocrx_word' id='word_1_781' title='bbox 2758 5421 2875 5478; x_wconf 83' lang='grc' dir='ltr'>τινὰ</span> <span class='ocrx_word' id='word_1_782' title='bbox 2933 5421 3304 5499; x_wconf 69' lang='grc' dir='ltr'>ἀφορίζοντες,</span> <span class='ocrx_word' id='word_1_783' title='bbox 3367 5421 3462 5477; x_wconf 78' lang='grc' dir='ltr'>ἆτε</span> <span class='ocrx_word' id='word_1_784' title='bbox 3511 5440 3760 5494; x_wconf 85' lang='grc' dir='ltr'>σωματι-</span> 
     </span>
    </p>
   </div>
   <div class='ocr_carea' id='block_1_113' title="bbox 2112 5504 3764 5588">
    <p class='ocr_par' dir='ltr' id='par_1_113' title="bbox 2112 5504 3764 5588">
     <span class='ocr_line' id='line_1_113' title="bbox 2112 5504 3764 5588; baseline -0.004 -18"><span class='ocrx_word' id='word_1_785' title='bbox 2112 5515 2346 5588; x_wconf 85' lang='grc' dir='ltr'>κώτεροι</span> <span class='ocrx_word' id='word_1_786' title='bbox 2428 5507 2575 5574; x_wconf 67' lang='grc' dir='ltr'>ὄντες</span> <span class='ocrx_word' id='word_1_787' title='bbox 2660 5511 2712 5566; x_wconf 73' lang='grc' dir='ltr'>οἱ</span> <span class='ocrx_word' id='word_1_788' title='bbox 2786 5507 3071 5570; x_wconf 77' lang='grc' dir='ltr'>Ἰουδαῖοι.</span> <span class='ocrx_word' id='word_1_789' title='bbox 3119 5513 3192 5567; x_wconf 77' lang='grc' dir='ltr'>⁶Ἡ</span> <span class='ocrx_word' id='word_1_790' title='bbox 3251 5507 3471 5584; x_wconf 81' lang='grc' dir='ltr'>μᾶλλον</span> <span class='ocrx_word' id='word_1_791' title='bbox 3529 5511 3608 5582; x_wconf 80' lang='grc' dir='ltr'>μὴ</span> <span class='ocrx_word' id='word_1_792' title='bbox 3665 5504 3764 5568; x_wconf 75' lang='grc' dir='ltr'>οῦ-</span> 
     </span>
    </p>
   </div>
   <div class='ocr_carea' id='block_1_114' title="bbox 2115 5597 3760 5680">
    <p class='ocr_par' dir='ltr' id='par_1_114' title="bbox 2115 5597 3760 5680">
     <span class='ocr_line' id='line_1_114' title="bbox 2115 5597 3760 5680; baseline -0.004 -19"><span class='ocrx_word' id='word_1_793' title='bbox 2115 5624 2212 5677; x_wconf 86' lang='grc' dir='ltr'>σης</span> <span class='ocrx_word' id='word_1_794' title='bbox 2243 5601 2354 5660; x_wconf 78' lang='grc' dir='ltr'>ἐκεῖ</span> <span class='ocrx_word' id='word_1_795' title='bbox 2393 5607 2715 5680; x_wconf 83' lang='grc' dir='ltr'>συναγωγῆς</span> <span class='ocrx_word' id='word_1_796' title='bbox 2765 5597 2854 5656; x_wconf 85' lang='grc' dir='ltr'>διὰ</span> <span class='ocrx_word' id='word_1_797' title='bbox 2901 5601 2964 5656; x_wconf 84' lang='grc' dir='ltr'>τὸ</span> <span class='ocrx_word' id='word_1_798' title='bbox 3023 5599 3262 5671; x_wconf 74' lang='grc' dir='ltr'>σπάνιον,</span> <span class='ocrx_word' id='word_1_799' title='bbox 3315 5600 3462 5676; x_wconf 82' lang='grc' dir='ltr'>παρὰ</span> <span class='ocrx_word' id='word_1_800' title='bbox 3505 5599 3597 5654; x_wconf 78' lang='grc' dir='ltr'>τὸν</span> <span class='ocrx_word' id='word_1_801' title='bbox 3655 5619 3760 5655; x_wconf 86' lang='grc' dir='ltr'>πο-</span> 
     </span>
    </p>
   </div>
  </div>
