4150 6200
287 334 403 393 229

1248 328 1672 393 COMMENT.
1719 330 1806 393 IN
1852 329 2049 394 ACTA
2102 332 2710 402 APOSTOLORUM.

3585 357 3702 415 930

285 464 464 540 ταμὸν
494 456 598 535 ἔξω
628 470 730 533 τῆς
770 462 988 526 πόλεως
1044 460 1220 539 λάθρα
1300 464 1622 539 συνήγοντο,
1676 462 1729 518 οἱ
1778 458 1938 531 δῆθεν

2055 471 2182 522 erat
2202 465 2280 523 ibi
2314 485 2629 544 synagoga,
2666 473 2839 545 juxta
2900 476 3123 535 flumen
3183 487 3347 538 extra
3401 484 3701 546 civitatem

285 550 584 621 θεοσεϐεῖς.
617 553 892 612 Νεαπολιν
923 552 979 609 Si:
1006 555 1105 624 τήν
1137 558 1227 609 νῦν
1257 553 1627 629 Χριστὸπολιν
1660 552 1831 630 λέγει.

357 841 389 868 «ι
424 814 665 892 Ἐγένετο
699 811 756 870 δὲ
806 814 1185 889 πορευομένων
1247 816 1411 886 ἡμῶν
1463 813 1539 876 εἷς
1588 820 1932 890 προσευχὴν,

284 930 316 958 ε(
347 903 644 974 παιδίσκην
672 905 796 960 τινὰ
825 901 1057 979 ἔχουσαν
1089 907 1304 975 πνεῦμα
1360 902 1645 973 Πὺθωνος,
1694 902 1936 972 ἀπαντῆ-

288 1024 317 1048 α
355 1018 444 1052 σαι
467 999 620 1070 ἡμῖν,
651 997 774 1066 ἣτις
806 994 1052 1069 ἐργασίαν
1112 990 1331 1063 πολλὴν
1391 998 1624 1069 παρεῖχε
1665 998 1782 1055 τοῖς
1831 1014 1937 1049 κυ-

295 1110 322 1141 α
354 1086 501 1162 ρίοις
541 1087 710 1150 αὐτῆς
769 1083 1163 1157 μαντευομένη.
1220 1083 1370 1153 Αὕτη
1421 1082 1941 1153 κατακολουθήσασα

290 1181 428 1248 ετῷ
485 1174 686 1248 Παύλῳ
742 1173 830 1230 καί
894 1176 1033 1247 ἡμῖν
1090 1167 1284 1248 ἔκραζε
1349 1173 1606 1250 λέγουσα·
1665 1172 1826 1227 Οὗτοι
1888 1172 1941 1227 οἱ

282 1290 312 1317 α
371 1262 651 1335 ἅνθρωποι
709 1258 897 1317 δοῦλοι
954 1264 1052 1316 τοῦ
1103 1264 1240 1315 Θεοῦ
1305 1263 1404 1315 τοῦ
1496 1259 1723 1333 ὑψίστου
1782 1258 1939 1331 είσῖν,

285 1374 312 1407 α
377 1350 580 1413 οἷ’τινες
668 1347 1126 1426 καταγγέλλουσιν
1224 1349 1361 1421 ἡμῖν
1447 1344 1571 1402 ὁδὸν
1642 1349 1940 1423 σωτηρίας.

280 1467 310 1495 α
344 1445 520 1496 Τοῦτο
551 1436 609 1495 δὲ
649 1438 818 1495 ἐποίει
868 1437 958 1493 ἐπὶ
1015 1434 1235 1500 πολλὰς
1294 1434 1523 1510 ἡμέρας.
1588 1438 1946 1508 Διαπονηθείς

278 1554 311 1583 «
346 1532 465 1587 δὶὸ
524 1529 743 1591 Παῦλος
801 1526 890 1583 καὶ
949 1526 1296 1603 ἐπιστρέψας,
1353 1529 1433 1599 τῷ
1479 1525 1744 1599 πνεύματι
1806 1526 1943 1590 εἶπε,

290 1648 320 1680 α
352 1616 737 1697 Παραγγὲλλω
787 1638 871 1673 σοι
929 1614 984 1671 ἐν
1041 1617 1121 1687 τῷ
1181 1616 1409 1690 ὀνόματι
1469 1616 1652 1687 Ἰησοῦ
1704 1616 1946 1691 Χριστοῦ

282 1739 311 1765 ει
353 1709 594 1786 ἐξελθεῖν
654 1708 747 1764 ἀπ’
798 1707 988 1777 αὐτῆς.
1026 1706 1128 1763 Καὶ
1201 1704 1423 1777 ἐξῆλθεν
1483 1703 1618 1779 αὐτῇ
1674 1707 1743 1779 τῇ
1808 1704 1943 1777 ὥρᾳ.

2041 554 2197 611 clam
2229 561 2764 634 congregabantur,
2789 567 2892 636 qui
2918 568 3193 626 videlicet
3211 573 3389 628 Deum
3408 576 3703 637 colebant.

2037 645 2343 739 I_\'eapolim
2376 657 2575 707 autem
2598 653 2744 709 dicit
2760 672 2795 726 q
2809 671 2899 711 um
2918 673 3077 714 nunc
3099 661 3708 739 Christopolisappel-

2041 736 2228 791 latur.

2113 827 2262 896 XVI,
2297 830 2476 886 16-25.
2514 854 2538 878 α
2576 833 2843 907 Contigit
2901 844 3096 893 autem
3157 858 3289 897 cum
3347 844 3571 901 iremus
3628 847 3704 903 ad

2044 937 2071 965 α
2107 917 2512 986 precationem
2545 927 2611 975 ut
2643 925 2843 994 puella
2868 928 3137 996 quaedam
3170 930 3397 987 habens
3429 935 3703 1005 spiritum

2046 1029 2073 1058 ‹‹
2109 1009 2395 1080 Pythonis
2436 1023 2784 1070 occurreret
2811 1017 3006 1086 nobis,
3042 1037 3173 1091 qum
3227 1030 3519 1093 quaestum
3573 1043 3703 1082 ma-

2050 1117 2079 1147 «
2109 1113 2290 1169 gnum
2322 1103 2643 1172 praestabat
2677 1104 2939 1162 dominis
2989 1110 3111 1163 suis
3169 1110 3510 1170 divinando.
3567 1116 3702 1171 Haec

2049 1208 2078 1237 κ
2112 1187 2429 1246 subsecuta
2484 1193 2733 1249 Paulum
2799 1213 2867 1251 ac
2918 1214 3047 1262 nos,
3105 1198 3401 1257 clamabat
3458 1203 3700 1260 dicens:

2051 1296 2080 1325 «
2106 1276 2209 1330 Isti
2239 1278 2513 1335 homines
2526 1283 2675 1336 servi
2702 1284 3034 1341 Deisummi
3055 1290 3319 1359 suntqui
3344 1292 3704 1347 annuntiant

2050 1387 2079 1415 α
2113 1365 2278 1420 vobis
2303 1368 2456 1423 viam
2485 1370 2710 1425 salutis.
2750 1373 2813 1427 ld
2842 1380 3041 1430 autem
3068 1375 3324 1433 faciebat
3361 1379 3435 1434 ad
3479 1382 3698 1437 multos

2053 1476 2082 1507 ‹‹
2111 1456 2257 1511 dies.
2293 1458 2511 1514 Paulus
2549 1477 2686 1515 vero
2718 1478 2871 1534 aegre
2892 1464 3089 1520 ferens
3107 1473 3165 1521 et
3184 1484 3525 1539 conversus,
3556 1471 3705 1527 dixit

2060 1566 2081 1594 ι
2116 1545 2189 1600 ad
2224 1546 2528 1617 spiritum:
2555 1550 2837 1622 Prmcipio
2867 1551 2969 1607 tibi
3000 1570 3107 1624 per
3135 1572 3354 1613 nomen
3383 1560 3519 1615 Jesu
3537 1561 3701 1616 Chri-

2057 1659 2084 1687 ι‹
2121 1637 2194 1692 sti
2219 1644 2286 1692 ut
2317 1655 2490 1695 exeas
2520 1639 2594 1695 ab
2624 1657 2713 1699 ea.
2741 1643 2808 1697 Et
2837 1645 2981 1700 exiit
3009 1646 3215 1703 eadem
3247 1649 3700 1710 hora.Videntes

2060 1746 2086 1778 α
2111 1731 2309 1784 autem
2341 1727 2568 1783 domini
2605 1731 2733 1802 ejus
2763 1734 2919 1803 quod
2979 1734 3202 1792 abisset
3258 1755 3392 1810 spes
3437 1748 3699 1811 quastus

279 1828 309 1856 ε(
346 1802 543 1861 ’ἰόντες
570 1797 629 1855 δὲ
685 1799 736 1853 οἳ
794 1796 974 1868 κύριοι
1034 1795 1203 1864 αὐτῆς
1261 1796 1344 1888 (in
1399 1793 1620 1866 ἐξῆλθεν
1680 1796 1715 1864 ἡ
1776 1793 1935 1888 ἐλπὶς

2055 1838 2075 1865 κ
2110 1815 2225 1879 sui,
2255 1793 2697 1888 apprehensum
2727 1793 2979 1877 Paulum
3009 1829 3067 1878 et
3096 1793 3697 1886 Silam‘traxelrunt

286 1901 445 1963 «τῆς
504 1889 758 1965 ἐργασίας
812 1888 1014 1954 αὐτῶν,
1096 1880 1491 1959 ἐπιλαϐόμενοι
1560 1885 1651 1940 τὸν
1716 1884 1928 1941 Παῦλον

283 1982 554 2039 «καὶτὸν
588 1979 778 2048 Σίλαν,
824 1975 1083 2034 ε’ίλκυσαν
1113 1975 1191 2038 εἷς
1256 1977 1355 2045 τὴν
1414 1974 1616 2051 ἀγορὰν
1657 1974 1743 2031 ἐπὶ
1801 1975 1930 2037 τοὺς

285 2098 316 2127 α
346 2072 641 2148 ἄρχοντας.
678 2068 781 2126 Καὶ
837 2064 1273 2142 προσαγαγόντες
1320 2062 1516 2127 αὐτοὺς
1572 2069 1689 2127 τοῖς
1740 2083 1931 2140 στρατ-

285 2189 313 2217 α
346 2168 535 2238 ηγοῖς,
622 2160 794 2215 εἷπονο
844 2157 1012 2216 Οὗτοι
1068 2155 1120 2211 οἱ
1176 2154 1456 2229 ἄνθρωποι
1514 2152 1931 2228 ἐκταράσσουσιν

287 2281 313 2308 ιι
349 2256 514 2326 ήμῶν
542 2251 642 2319 τήν
676 2246 865 2319 πνὶλιν,
926 2243 1182 2306 Ἰουδαῖοι
1234 2246 1602 2321 ὑπάρχοντες,
1659 2243 1749 2299 καὶ
1804 2265 1937 2300 κατ-

295 2369 324 2397 ι(
358 2339 721 2420 αγγέλλουσιν
772 2336 892 2407 ἔθη,
951 2334 987 2397 ἆ
1059 2335 1159 2393 οὐκ
1226 2334 1423 2406 ἔξεστιν
1506 2337 1642 2408 ἡμῖν
1701 2331 1936 2406 παραδέ-

288 2458 319 2486 α
355 2445 549 2509 χεσθαι
583 2428 707 2486 οὐδὲ
735 2433 911 2484 ποιεῖν
939 2427 1237 2499 Ῥωμαίοις
1283 2425 1426 2481 οὖσι.
1484 2425 1584 2479 Καὶ
1641 2422 1933 2494 συνεπέστη

289 2548 319 2576 ι(
355 2519 593 2597 ὁόχλος
621 2520 737 2575 κατ’
785 2518 986 2575 αὐτῶν.
1042 2515 1147 2573 Καὶ
1203 2515 1255 2571 οὶ
1314 2513 1612 2591 στρατηγοὶ
1671 2512 1937 2590 περιρρή-

290 2637 320 2667 α
358 2614 536 2683 ξαντες
561 2611 741 2666 αὐτῶν
768 2608 836 2665 τὰ
882 2610 1075 2682 ἱμάτια
1128 2603 1379 2661 ἐκέλευον
1434 2599 1729 2680 ῥαϐδίζειν.
1793 2603 1940 2660 Πολ-

294 2727 325 2755 ει
359 2700 461 2764 λάς
492 2722 552 2757 τε
582 2699 853 2762 ἐπιθέντες
880 2697 1068 2760 αὐτοῖς
1094 2695 1334 2770 πληγὰς,
1373 2689 1570 2750 ἔϐαλον
1629 2694 1705 2757 είς
1764 2692 1936 2773 φυλα-

297 2819 320 2847 ι
354 2795 482 2864 κήν,
535 2786 994 2865 παραγγείλαντες
1072 2792 1153 2859 τῷ
1235 2784 1609 2860 δεσμοφύλακι
1682 2785 1937 2863 ἀσφαλῶς

290 2910 320 2936 a
356 2887 543 2957 τηρεῖν
576 2878 794 2940 αὐτούς.
826 2880 924 2940 Ὃς
956 2873 1328 2953 παραγγελίαν
1380 2874 1640 2943 τοιαύτην
1694 2873 1939 2947 εἰληφὼς

299 2996 329 3027 ιι
357 2968 557 3029 ἔϐαλεν
579 2968 778 3032 αὐτοὺς
804 2967 882 3031 εἰς
913 2968 1012 3035 τήν
1042 2964 1306 3041 ἐσωτέραν
1335 2962 1605 3041 φυλακὴν,
1664 2964 1754 3019 καὶ
1809 2963 1938 3027 τοὺς

298 3088 320 3115 ι
352 3060 528 3123 πόδας
559 3060 739 3115 αὐτῶν
766 3055 1108 3134 ἠσφαλίσατο
1138 3054 1215 3117 είς
1243 3054 1306 3109 τὸ
1352 3052 1537 3123 ξύλον.
1590 3055 1735 3109 Κατά
1766 3051 1824 3109 δὲ
1877 3054 1941 3109 τὸ

288 3178 317 3205 σι
356 3150 705 3224 μεσονύκτιον
788 3144 1004 3208 Παῦλος
1086 3143 1176 3201 καὶ
1255 3141 1427 3208 Σίλας
1503 3144 1940 3220 προσευχόμενοι

292 3264 317 3296 ε
347 3241 556 3315 ίίμνουν
595 3236 689 3293 τὸν
718 3235 866 3292 Θεόνο
888 3234 1242 3310 ἐπηκροῶντο
1274 3230 1330 3288 δὲ
1358 3233 1538 3290 αὐτῶν
1571 3233 1624 3288 οἱ
1645 3230 1881 3307 δέσμιοι.
1909 3257 1930 3285 ι

361 3328 589 3405 Λέγεται
616 3330 654 3397 ἡ
687 3325 855 3383 Πυθία
883 3322 1018 3395 αὕτη
1055 3325 1192 3399 γυνη
1248 3344 1333 3386 τις
1392 3320 1523 3378 οὖσα
1580 3321 1936 3393 ἂπικαθῆσθαι

286 3425 369 3493 τῷ
393 3415 620 3495 τρίποδι
674 3420 772 3473 τοῦ
830 3412 1208 3484 Ἀπόλλωνος,
1268 3410 1548 3485 διαιροῦσα
1594 3413 1661 3467 τὰ
1742 3410 1935 3483 σκέλη,

284 3510 385 3574 εἶθ’
443 3509 622 3569 οὓτως
680 3509 894 3580 πνεῦμα
950 3503 1187 3580 πονηρὸν
1242 3502 1477 3558 κάτωθεν
1553 3499 1938 3574 ἀναδιδόμενον

280 3600 371 3657 καὶ
400 3597 494 3655 διὰ
516 3603 625 3655 τῶν
680 3600 1010 3673 γεννητικῶν
1067 3595 1239 3665 αὐτῆς
1297 3591 1650 3666 διαδυόμενον
1708 3593 1936 3668 μορίων,

286 3691 538 3764 πληροῦν
565 3692 666 3760 τήν
709 3692 937 3765 γυναῖκα
992 3693 1091 3757 τῆς
1154 3685 1372 3760 μανίας,
1429 3684 1521 3740 καὶ
1582 3684 1782 3756 ταύτην
1842 3683 1937 3745 τὰς

287 3783 486 3858 τρίχας
547 3779 780 3837 λύουσιν
832 3776 1027 3834 λοιπὸν
1089 3772 1453 3852 βακχεῦεσθαί
1508 3794 1567 3829 τε
1622 3772 1713 3828 καί
1772 3772 1940 3851 ἀφρὸν

288 3876 387 3928 τοῦ
418 3865 690 3944 στόματος
722 3869 952 3947 ἀφιέναι,
976 3866 1069 3921 καὶ
1129 3865 1304 3927 οὓτως
1364 3861 1416 3918 ἐν
1476 3862 1730 3936 παροινίᾳ
1786 3882 1940 3939 γενοε

291 3964 459 4038 μένην
486 3961 556 4016 τὰ
583 3962 683 4025 τῆς
713 3957 908 4032 μανίας
940 3955 1260 4033 φθέγγεσθαι
1318 3952 1558 4038 ῥήματα.
1617 3952 1679 4006 Τί
1736 3949 1942 4023 δήποτε

283 4037 373 4109 καὶ
427 4054 458 4107 ὁ
516 4048 731 4123 δαίμων
781 4050 948 4103 ταῦτα
1005 4041 1340 4122 ἐφθέγγετος
1403 4037 1697 4100 Ἐϐούλετο
1746 4040 1939 4097 λοιπὸν

287 4143 605 4213 ἀξιόπιστον
634 4138 822 4194 ἑαυτὸν
862 4141 1063 4192 ποιεῖν.
1123 4134 1188 4192 Εἰ
1239 4134 1342 4210 γὰρ
1399 4133 1716 4205 προσήκατο
1775 4130 1940 4186 αὐτοῦ

286 4231 388 4301 τήν
420 4227 719 4306 μαρτυρίαν
750 4228 779 4283 ὁ
832 4225 1070 4289 Παῦλος,
1116 4222 1363 4285 πολλοὺς
1424 4220 1485 4276 ἂν
1546 4218 1637 4277 καὶ
1688 4224 1794 4274 τῶν
1851 4240 1942 4274 πι·

292 4325 434 4377 θεῶν
462 4318 765 4389 ἠπάτησεν,
798 4310 891 4370 ἅτε
925 4315 1016 4370 ὑπ’
1062 4312 1262 4368 ἐκείνου
1321 4308 1560 4372 δεχθείς.
1627 4309 1725 4365 Διὰ
1779 4308 1942 4364 τοῦτο

297 4409 552 4465 ἆνέἏεται
603 4407 721 4462 καθ’
778 4406 970 4460 ἑαυτοῦ
1027 4402 1195 4459 εῗπεῖν
1277 4397 1372 4455 *ίνα
1447 4400 1622 4474 στήσῃ
1685 4397 1751 4453 τὰ
1809 4396 1941 4471 ὖπὶρ

291 4503 486 4558 αὐτοῦ.
516 4498 619 4557 Καὶ
652 4497 812 4560 αὐτὸς
870 4488 1262 4570 συγκαταϐἀσει
1311 4491 1579 4570 κέχρηται
1639 4489 1776 4566 πρὸς
1840 4489 1939 4557 τὴν

290 4589 594 4648 ἀπώλειαν.
627 4589 704 4646 Τὸ
738 4588 832 4661 μὲν
874 4586 965 4641 οὖν
1023 4588 1239 4659 πρῶτον
1296 4581 1357 4638 οὐ
1417 4581 1733 4655 προσήκατο
1794 4582 1935 4634 [Ia-3-

296 4680 417 4747 λος,
449 4678 596 4738 ἀλλᾶ
639 4676 916 4735 διέπτυσεν
975 4676 1038 4732 οὐ
1093 4673 1431 4752 βουλόμενος
1486 4671 1677 4734 ἀπλως
1734 4669 1943 4745 ἐπιρῥί-

290 4793 445 4828 πτειν
472 4777 591 4832 τοῖς
643 4767 918 4841 σημείοις.
975 4772 1064 4831 Ὠς
1117 4763 1174 4821 δὲ
1257 4763 1480 4837 ἐπέμενε
1535 4766 1699 4818 τοῦτο
1746 4765 1943 4827 ποιῶν,

290 4862 381 4918 καὶ
411 4862 477 4914 τὰ
507 4858 666 4935 ἔργον
695 4856 926 4925 ἐδείκνυ,
984 4855 1108 4912 τότε
1163 4852 1437 4908 ἐκέλευσεν
1490 4851 1638 4923 αὖτῷ
1689 4849 1940 4922 ἐξελθεῖν.

293 4948 652 5019 Διαπονηθεὶς
684 4948 811 5023 γὰρ,
843 4945 1008 5023 φησὶν
1039 4945 1069 5001 ὁ
1103 4945 1146 5001 [Ι
1161 4942 1348 5011 ιιῦλος,
1401 4940 1648 4997 τουτέστι
1707 4942 1945 5010 κινηθείς

290 5040 384 5094 καὶ
415 5036 666 5109 δηχθεὶς,
696 5036 787 5093 καὶ
819 5034 1003 5107 ἀληθῆ
1062 5032 1323 5108 λέγουσαν
1380 5029 1765 5105 ἐπιστομίσας,
1834 5027 1948 5085 txi-

291 5127 478 5184 λευσεν
537 5123 770 5200 ἰξελθεῖν
828 5123 882 5195 ἐξ
939 5122 1108 5193 αὐτῆς
1164 5122 1229 5179 τὸ
1306 5117 1617 5195 δαιμόνιον,
1675 5114 1945 5173 διδάσκων

287 5220 464 5288 ἡμᾶς,
501 5214 645 5289 μηδε
672 5218 743 5288 τῇ
774 5213 1006 5284 ἀληθείᾳ
1061 5215 1376 5286 συνηγορεῖν
1430 5205 1945 5284 προσποιουμένους

290 5304 546 5385 δέχεσθαι
578 5302 862 5377 δαίμονας,
909 5301 1058 5358 ἀλλὰ
1111 5307 1283 5356 πᾶσαν
1335 5299 1522 5361 αὐτοῖς
1575 5296 1943 5377 ἀποτειχίζειν

292 5400 508 5467 πλάνης
538 5395 689 5464 ὁδὸν,
718 5396 811 5453 καὶ
858 5396 1220 5472 ἀποφράττειν
1278 5410 1416 5468 προς
1472 5389 1541 5446 τὰ
1588 5391 1716 5463 παρ’
1775 5388 1945 5444 αότοῦ

291 5491 491 5557 πάντα,
512 5489 617 5557 τὴν
644 5487 840 5557 ἀκοήν.

367 5604 390 5630 ι
424 5580 620 5656 Ἄφνω
661 5572 719 5631 δί
777 5573 998 5648 σεισμὸς
1054 5570 1262 5649 ἐγένετο
1318 5568 1503 5648 μέγας,
1563 5566 1703 5656 ὥστε
1759 5564 1948 5622 σαλευ-

290 5693 309 5720 ι
347 5674 507 5739 θῆναι
564 5666 633 5721 τὰ
685 5662 914 5740 θεμίλια
967 5664 1067 5717 τοῦ
1117 5657 1522 5736 δεσμωτηρίου·
1582 5655 1942 5731 ἀνεῴχθησαν

2048 1927 2075 1955 ‹‹
2107 1905 2302 1961 forum
2338 1906 2411 1962 ad
2469 1908 2792 1981 principes,
2856 1917 2913 1967 et
2971 1914 3291 1971 offerentes
3339 1919 3698 1990 magistrati-

2048 2017 2076 2045 ‹‹
2111 1994 2245 2061 bus,
2276 1995 2553 2053 dixerunt
2580 2015 2593 2053 :
2620 1999 2686 2053 Hi
2716 1999 2990 2057 homines
3016 2004 3374 2060 conturbant
3402 2007 3699 2063 civitatem

2046 2107 2074 2135 «
2107 2090 2374 2141 nostram
2402 2102 2536 2142 cum
2569 2087 2690 2143 sint
2715 2088 2921 2153 Judaei,
2952 2097 3011 2146 et
3040 2096 3401 2151 annuntiant
3426 2097 3699 2155 instituta

2047 2193 2076 2221 «
2100 2189 2232 2243 qua;
2263 2174 2533 2230 nonlicet
2563 2176 2735 2233 nobis
2756 2178 3057 2251 suscipere
3084 2198 3278 2253 neque
3305 2200 3700 2243 servarecum

2052 2283 2073 2310 ι
2096 2262 2568 2319 simusRomani.
2602 2267 3030 2340 Concurritque
3062 2271 3237 2328 turba
3267 2272 3547 2330 adversus
3563 2291 3698 2331 eos:

2049 2372 2077 2400 ‹‹
2115 2357 2174 2406 et
2203 2353 2580 2425 magistratus
2611 2356 2813 2413 scissis
2844 2358 3104 2416 vestibus
3135 2360 3699 2433 suisjusserunteos

2049 2461 2077 2491 «
2108 2441 2283 2515 virgis
2303 2443 2470 2498 cmdi.
2492 2445 2758 2517 Cumque
2780 2448 2998 2503 multas
3031 2450 3231 2522 plagas
3261 2453 3348 2507 eis
3379 2452 3695 2525 imposuis-

2050 2551 2079 2580 ‹‹
2111 2537 2262 2597 sent,
2297 2533 2683 2605 conjecerunt
2712 2553 2814 2592 eos
2844 2537 2905 2593 in
2928 2556 3249 2608 carcerem,
3283 2543 3696 2615 praecipientes

2051 2644 2080 2672 ‹‹
2113 2622 2342 2677 custodi
2376 2624 2631 2680 carceris
2663 2632 2729 2681 ut
2758 2626 3077 2698 diligenter
3107 2638 3368 2687 servaret
3425 2650 3545 2689 eos.
3590 2634 3700 2698 Qui

2051 2733 2079 2761 «
2113 2718 2406 2784 praecepto
2437 2714 2853 2787 hujuscemodi
2912 2725 3154 2791 accepto
3212 2722 3472 2794 conjecit
3503 2740 3604 2778 eos
3637 2724 3698 2778 in

2052 2818 2080 2847 ‹‹
2115 2797 2462 2856 interiorem
2493 2818 2815 2868 carcerem,
2851 2804 3152 2877 pedesque
3198 2825 3399 2864 eorum
3459 2809 3699 2864 strinxit

2052 2909 2081 2937 ‹‹
2114 2886 2294 2960 ligno.
2320 2890 2508 2947 Media
2539 2899 2738 2948 autem
2762 2900 2934 2948 nocte
2967 2895 3186 2950 Paulus
3218 2913 3286 2953 ac
3319 2898 3468 2953 Silas
3499 2897 3702 2954 lauda-

2053 2996 2082 3026 ‹‹
2121 2976 2269 3033 bant
2323 2979 2508 3035 Deum
2557 2997 2570 3035 :
2632 2987 2692 3036 et
2746 2982 3166 3039 auscultabunt
3207 3001 3307 3041 eos
3365 2987 3465 3057 qui
3523 2988 3702 3043 vincti

2053 3088 2080 3116 «
2116 3071 2305 3123 erant.
2332 3091 2359 3117 ››

2118 3312 2328 3384 Pythia
2339 3313 2557 3371 dicitur
2570 3314 2786 3371 mulier
2807 3332 2939 3388 quas
2952 3317 3110 3388 piam
3133 3335 3263 3390 quas
3277 3318 3539 3376 insidere
3553 3321 3706 3376 solet

2047 3403 2265 3476 tripodi
2298 3404 2596 3477 Apollinis
2616 3405 2954 3463 divaricatis
3013 3409 3306 3477 cruribus,
3344 3409 3559 3466 deinde
3592 3413 3705 3467 hoc

2048 3492 2223 3550 modo
2238 3494 2482 3566 spiritus
2502 3512 2713 3567 pravus
2737 3499 2773 3552 Ι
2788 3498 2879 3552 3|
2909 3498 3139 3555 inferne
3152 3501 3512 3566 ascendens,
3530 3507 3707 3574 etper

2048 3590 2247 3655 partes
2280 3586 2408 3657 ejus
2436 3586 2726 3659 genitales
2751 3588 3065 3652 transiens.
3099 3591 3414 3646 mulierem
3466 3592 3706 3649 insania

2050 3673 2336 3745 replebat,
2370 3679 2426 3730 et
2448 3675 2600 3731 hanc
2633 3676 2843 3733 solutis
2901 3678 3170 3734 crinibus
3229 3680 3337 3734 sub
3395 3681 3520 3737 hmo
3578 3681 3711 3738 bac-

2055 3763 2242 3831 chari,
2278 3781 2672 3836 spumamque
2708 3783 2811 3823 ore
2832 3767 3082 3840 cogebat
3113 3768 3406 3835 emittere,
3441 3776 3497 3824 ct
3528 3771 3611 3824 ita
3647 3771 3709 3825 in

2054 3852 2518 3910 debacchatione
2533 3857 3201 3923 constitutam,insanize
3225 3856 3399 3913 verba
3423 3859 3707 3929 proferre.

2053 3946 2269 4000 Verum
2302 3962 2485 4017 quare
2518 3952 2576 4001 et
2601 3947 2727 4002 haec
2760 3946 2994 4002 daemon
3028 3947 3382 4018 loquebatur
3409 3948 3436 4003 ‘I
3468 3949 3712 4006 Volebat

2054 4034 2117 4089 in
2148 4040 2456 4105 posterum
2476 4035 2591 4091 ﬁde
2607 4035 2851 4109 dignum
2869 4037 3062 4092 facere
3081 4054 3252 4093 suum
3278 4038 3709 4108 testimonium,

2054 4123 2111 4178 Si
2142 4124 2302 4179 enim
2329 4125 2544 4180 Paulus
2578 4124 2729 4179 illud
2746 4124 3347 4190 admisisset,multos
3372 4145 3516 4185 sane
3531 4130 3711 4185 etiam

2054 4212 2428 4269 credentium
2461 4212 2798 4277 fefellisset,
2821 4219 3104 4286 tanquam
3137 4217 3208 4271 ab
3241 4218 3344 4273 illo
3378 4226 3708 4289 susceptus.

2056 4303 2375 4373 Propterea
2405 4302 2627 4373 patitur
2658 4318 2728 4357 ea
2758 4302 3020 4374 diciquas
3042 4312 3249 4361 contra
3270 4323 3332 4362 se
3354 4306 3709 4377 faciuntquo

2056 4407 2163 4446 sua
2192 4395 2412 4445 statuat
2446 4406 2459 4444 :
2494 4395 2552 4445 et
2575 4390 2680 4445 illa
2710 4391 2800 4446 sui
2835 4390 3195 4449 demissione
3213 4394 3286 4449 ad
3308 4394 3559 4450 aliorum
3577 4411 3705 4466 per-

2057 4479 2346 4536 ditionem
2377 4480 2585 4535 utitur.
2620 4479 2837 4536 Paulus
2868 4481 3067 4553 itaque
3099 4483 3267 4538 initio
3326 4499 3445 4538 non
3466 4482 3707 4555 quidem

2050 4570 2310 4637 admisit,
2341 4570 2445 4627 sed
2476 4571 2836 4642 contempsit
2861 4571 3072 4628 nolens
3130 4577 3352 4628 temere
3406 4573 3480 4628 ad
3540 4572 3709 4645 signa

2055 4660 2350 4734 prosilire.
2381 4660 2599 4717 Verum
2644 4677 2780 4716 cum
2812 4660 2923 4716 hoc
2979 4661 3251 4717 faciendo
3284 4668 3710 4733 perseveraret,

2056 4750 2479 4824 negotiumque
2512 4749 2623 4821 ipsi
2640 4749 2979 4816 facesseret,
2998 4756 3136 4805 tunc
3149 4751 3707 4824 eumjussitegredi.

2056 4840 2414 4911 Διαπονηοεὶς
2448 4840 3222 4911 enim,inquit.Paulus.hoc
3257 4848 3349 4897 est
3377 4851 3713 4899 commotus

2057 4941 2115 4991 et
2144 4934 2416 4990 molestia
2445 4935 2715 5000 atTectus,
2771 4932 3045 4990 obserato
3104 4952 3205 4990 ore
3238 4936 3415 4991 etiam
3450 4953 3583 4993 vera
3619 4936 3708 4991 di-

2055 5024 2233 5086 centi,
2259 5022 2443 5095 jussit
2471 5021 2835 5077 dmmouium
2867 5022 2940 5078 ab
2972 5039 3040 5079 ea
3071 5024 3270 5098 egredi
3306 5041 3319 5079 :
3352 5025 3574 5082 docens
3597 5042 3707 5081 nos

2054 5119 2122 5170 ut
2149 5128 2343 5183 neque
2402 5115 2692 5182 praetextu
2749 5109 2974 5167 ferendi
3030 5114 3429 5184 patrocinium
3476 5114 3709 5170 veritati

2056 5202 2357 5258 daemones
2390 5198 2804 5270 suscipiamus,
2840 5200 2945 5257 sed
2986 5219 3225 5259 omnem
3274 5203 3501 5260 fraudis
3555 5204 3709 5258 viam

2056 5292 2178 5348 illis
2209 5288 2667 5363 praecludamus,
2698 5296 2757 5345 et
2784 5290 2857 5347 ad
2894 5292 3096 5349 omnia
3125 5310 3256 5365 quae
3288 5292 3529 5351 illorum
3548 5297 3707 5360 sunt,

2055 5396 2228 5438 aures
2258 5379 2627 5436 obturemus.

2125 5561 2270 5625 XVI,
2301 5561 2389 5613 26.
2425 5578 2453 5608 κ
2477 5558 2739 5631 Repente
2768 5576 2905 5617 vero
2951 5566 3327 5619 terrmmotus
3368 5563 3561 5620 factus
3617 5565 3710 5617 est

2056 5677 2085 5706 ‹‹
2118 5666 2390 5725 magnus,
2414 5646 2561 5705 adeo
2583 5654 2651 5706 ut
2679 5656 3141 5711 concuterentur
3168 5651 3558 5714 fundamenta
3577 5666 3704 5706 car-

4119 2912 4121 3047 ί
