4150 6200
488 322 596 378 231

1567 305 1981 370 (EGUMENII
2027 305 2332 366 'l‘RICCAE
2377 306 2755 369 EPISCOPI.

3781 312 3896 373 232

493 474 520 503 ‹‹
552 453 722 512 ceris,
758 466 823 504 ac
855 447 1128 520 protinus
1161 448 1366 516 aperta
1389 446 1526 499 sunt
1559 442 1762 497 omnia
1791 442 1966 512 ostia,
1990 457 2105 496 cun

2254 461 2284 490 ε‹
2313 460 2372 494 τε
2430 447 2775 516 παραχρῆμα
2829 442 2883 496 αἱ
2939 442 3094 514 θύραι
3169 448 3358 511 πᾶσαι,
3415 443 3506 497 καὶ
3563 441 3775 498 πάντων
3831 445 3898 500 τὰ

488 565 515 592 ‹‹
550 547 898 607 ctorumque
927 534 1169 590 vincula
1199 533 1393 588 soluta
1423 537 1580 587 sunt.
1619 554 1646 581 »

559 631 951 682 'l‘erraamotus
982 624 1170 679 factus
1197 629 1287 677 est
1320 627 1516 677 tantus
1549 627 1614 675 ut
1638 619 1895 675 carceris
1935 623 2129 674 custoo

487 706 621 772 dem
655 715 1129 787 expergefaceret
1163 730 1174 766 :
1209 712 1360 767 ostia
1384 727 1518 765 vero
1541 715 1744 781 aperta
1777 713 1933 772 sunt,
1960 713 2025 762 ut
2053 707 2136 761 fa-

486 812 647 859 ctum
673 804 1072 859 admiraretur
1103 807 1161 857 et
1188 801 1478 856 crederet.
1509 801 1707 869 Neque
1740 798 1898 852 enim
1922 797 2047 850 haec
2065 793 2136 849 ad

486 893 946 948 ostentationem
981 892 1133 946 facta
1156 889 1426 951 sunt,sed
1457 886 1531 942 ad
1565 887 1837 942 salutem.
1877 887 2009 940 Haec
2031 901 2134 940 au-

486 992 604 1040 tem
633 1001 752 1039 non
779 983 1052 1037 viderunt
1081 980 1182 1051 qui
1223 979 1402 1034 vincti
1434 983 1637 1045 erant,
1667 993 1807 1033 nam
1867 977 1948 1032 ita
1978 980 2136 1031 certe

485 1091 693 1129 omnes
716 1073 1024 1143 fugissent.

551 1165 692 1231 XVI,
727 1165 908 1217 27-30.
939 1184 966 1211 «
1004 1163 1391 1232 Experrectus
1422 1164 1620 1214 autem
1679 1161 1876 1212 custos
1935 1172 2134 1212 carce-

483 1278 508 1304 ‹‹
544 1255 626 1308 ris
658 1270 790 1308 cum
806 1252 1262 1322 videretjanuas
1288 1248 1542 1304 carceris
1566 1246 2131 1318 apertas,evaginato

485 1368 508 1397 ιι
543 1343 737 1417 gladio
773 1343 1034 1413 seipsum
1092 1338 1514 1394 interfecturus
1575 1342 1721 1403 erat,
1783 1336 2131 1391 existimans

485 1459 510 1485 ‹‹
546 1434 842 1505 aufugisse
875 1432 1129 1484 vinctos.
1170 1427 1453 1483 Clamavit
1501 1433 1698 1481 autem
1742 1426 1958 1481 Paulus
1988 1442 2130 1481 voce

492 1547 517 1578 α
544 1540 776 1593 magna,
811 1522 1015 1575 dicens
1042 1535 1054 1573 :
1082 1521 1159 1572 Ne
1191 1517 1332 1588 quid
1363 1517 1574 1572 feceris
1625 1516 1730 1570 tibi
1789 1516 1902 1588 ipsi
1959 1516 2126 1583 mali,

483 1636 510 1663 ‹‹
538 1613 796 1667 universi
830 1611 990 1665 enim
1024 1610 1117 1664 hic
1142 1625 1366 1663 sumus.
1420 1607 1724 1662 Postulato
1783 1607 1984 1678 itaque
2042 1606 2128 1661 lu-

481 1725 510 1752 «
543 1703 701 1756 mine
734 1700 1008 1764 accurrit,
1035 1705 1091 1753 et
1125 1697 1503 1752 tremefactus
1556 1696 1773 1752 accidit
1831 1696 2010 1752 Paulo
2070 1701 2130 1752 et

480 1813 507 1840 ‹‹
539 1790 671 1845 Silae
703 1791 775 1844 ad
806 1789 1008 1860 pedes,
1044 1787 1284 1857 illisque
1315 1785 1472 1840 foras
1504 1785 1806 1856 productis
1839 1785 1941 1851 ait,
2005 1785 2120 1839 Do-

485 1902 511 1929 ‹‹
545 1879 716 1946 mini,
743 1879 885 1950 quid
916 1896 1010 1933 me
1049 1882 1284 1949 oportet
1311 1876 1502 1932 facere
1535 1893 1651 1948 quo
1684 1875 1876 1930 salvus
1892 1875 2126 1930 fiam“.

478 1993 505 2019 ‹‹
540 1970 628 2024 illi
662 1970 940 2024 dixerunt
972 1986 984 2024 :
1017 1967 1200 2022 Crede
1229 1967 1288 2021 in
1322 1967 1640 2021 Dominum
1669 1967 1890 2029 Jesum,
1916 1971 1972 2020 et
1996 1965 2123 2020 sal-

479 2082 508 2110 «
541 2077 644 2114 vus
677 2060 794 2113 eris
830 2065 888 2112 tu
922 2075 989 2112 ac
1021 2057 1232 2112 domus
1267 2062 1386 2112 tua.
1422 2057 1575 2111 132
1606 2057 1676 2109 Et
1706 2055 1888 2110 locuti
1913 2059 2054 2110 sunt
2071 2054 2124 2109 ei

478 2171 504 2197 ‹‹
536 2148 780 2203 verbum
817 2147 1066 2210 Homini,
1101 2145 1630 2215 omnibusque,qui
1662 2149 1834 2198 erant
1857 2143 1917 2198 in
1947 2143 2124 2199 domo

465 2260 492 2288 ι(
529 2238 677 2308 ejus.
712 2239 781 2290 Et
810 2236 1129 2306 assumptis
1161 2234 1306 2305 ipsis
1336 2251 1405 2288 ea
1463 2233 1654 2288 noctis
1716 2233 1881 2298 hora,
1937 2232 2126 2288 abluit

462 2351 490 2377 ‹‹
528 2327 733 2399 plagas
769 2343 781 2380 :
818 2332 875 2379 et
904 2325 1231 2395 baptizatus
1266 2330 1354 2378 est
1385 2323 1511 2394 ipse
1563 2338 1887 2394 omnesque
1920 2321 2123 2377 dome-

467 2440 494 2467 (ι
531 2417 658 2471 stici
693 2417 822 2487 ejus
850 2415 1154 2470 continuo.
1191 2414 1260 2467 Et
1315 2430 1450 2468 cum
1497 2429 1598 2467 eos
1659 2410 2030 2483 perduxisset
2060 2412 2121 2466 in

467 2528 495 2557 «
529 2506 773 2560 domum
807 2521 996 2572 suam,
1031 2503 1307 2575 apposuit
1337 2502 1424 2557 eis
1474 2518 1743 2556 mensam
1787 2517 1855 2556 ac
1888 2501 2120 2556 laetatus

469 2619 495 2646 «
535 2602 644 2664 est,
678 2595 831 2666 quod
867 2611 1001 2649 cum
1035 2593 1310 2647 universa
1341 2591 1565 2646 familia
1596 2590 1949 2646 credidisset
1978 2592 2118 2648 Deo.

460 2707 486 2734 «
516 2686 784 2755 Cumque
815 2684 945 2738 dies
979 2688 1142 2737 ortus
1171 2687 1278 2745 est,
1313 2680 1607 2735 miserunt
1636 2679 2016 2752 magistratus
2047 2680 2116 2734 li-

463 2807 483 2836 ι
515 2777 711 2827 ctores
747 2772 850 2842 qui
887 2772 1157 2826 dicerent
1189 2768 1462 2824 :Dimitte
1496 2767 1769 2822 homines
1800 2767 2122 2823 illos.Nun-

461 2881 488 2908 «
528 2863 693 2917 tiavit
724 2867 922 2916 autem
963 2866 1162 2915 custos
1189 2857 1443 2914 carceris
1496 2857 1672 2911 verba
1729 2857 1854 2911 haec
1886 2857 2067 2912 Paulo
2101 2874 2115 2913 :

456 2974 482 3001 «
523 2951 812 3006 Miserunt
841 2949 1221 3021 magistratus
1250 2953 1315 3002 ut
1336 2945 1918 3002 dimittamini.Nunc
1941 2945 2120 3017 igitur

456 3063 481 3089 «
513 3039 736 3111 egressi
770 3040 848 3094 ite
881 3040 944 3093 in
967 3054 1131 3110 pace.
1168 3060 1196 3085 ››

528 3242 554 3268 ‹‹
588 3219 975 3290 Experrectus
1006 3223 1204 3274 custos
1240 3215 1516 3272 carceris.
1545 3236 1571 3263 ››
1607 3215 1710 3269 Hic
1737 3219 1826 3269 est
1857 3215 2104 3286 Stepha-

455 3326 562 3364 nas
584 3309 628 3343 ‘7
659 3309 832 3380 cujus
866 3308 1141 3363 meminit
1169 3306 1387 3360 Paulus
1417 3304 1615 3375 priore
1650 3302 1723 3357 ad
1769 3303 2109 3360 Corinthios

452 3399 740 3472 Epistola.

526 3491 668 3552 XVI,
707 3488 892 3542 37-110.
929 3510 955 3536 ‹‹
989 3484 1204 3540 Paulus
1235 3489 1432 3539 autem
1466 3482 1616 3537 dixit
1635 3481 1710 3536 ad
1741 3497 1882 3535 eos:
1915 3482 2108 3537 Caesos

457 3601 484 3630 «
517 3596 628 3634 nos
649 3577 948 3650 publicem
982 3575 1204 3630 indicta
1235 3589 1432 3639 causa,
1465 3589 1599 3627 cum
1635 3569 2106 3636 simusRomani,

458 3691 482 3719 (ι
519 3668 909 3740 conjecerunt
946 3665 1005 3718 in
1037 3679 1360 3728 carcerem,
1421 3669 1479 3715 et
1530 3676 1688 3715 nunc
1739 3658 1969 3714 occulte
2002 3675 2110 3713 nos

452 3781 479 3807 (ι
513 3757 760 3827 ejiciunt
789 3755 815 3808 ‘?
840 3757 962 3809 Non
996 3753 1282 3824 profecto,
1318 3749 1420 3805 sed
1452 3749 1694 3804 veniant
1727 3747 1836 3819 ipsi
1869 3764 1936 3802 ac
1999 3764 2108 3802 nos

458 3869 482 3900 α
515 3847 787 3903 educant.
812 3845 1242 3900 Nuntiaverunt
1267 3847 1465 3895 autem
1493 3839 1733 3893 lictores
1759 3837 2109 3909 magistrati-

455 3962 482 3988 «
513 3938 623 3992 bus
657 3937 832 3990 verba
856 3937 999 3989 haec.
1061 3932 1181 3986 Tim
1196 3937 1527 4000 ueruntque
1569 3927 1770 3983 audito
1803 3927 1958 3998 quod
1994 3930 2105 3982 Ro-

452 4049 480 4077 ‹‹
516 4028 674 4080 mani
708 4031 926 4080 essent.
962 4027 1032 4078 Et
1069 4023 1375 4077 venientes
1425 4019 1724 4090 deprecati
1786 4023 1924 4073 sunt
1981 4034 2103 4088 eos,

450 4138 478 4165 ‹‹
513 4115 873 4186 eductosque
896 4113 1182 4186 rogabant
1213 4117 1279 4166 ut
1317 4112 1740 4182 egrederentur
1786 4108 2102 4163 civitatem.

454 4227 478 4257 α
513 4205 743 4277 Egressi
774 4211 972 4259 autem
1005 4219 1035 4256 e
1066 4217 1301 4257 carcere
1337 4199 1698 4254 introierunt
1729 4197 1801 4253 ad
1841 4197 2104 4268 Lydiam,

447 4316 476 4345 ‹‹
507 4293 766 4364 visisque
800 4292 1080 4346 fratribus
1119 4289 1410 4347 consolati
1444 4293 1583 4343 sunt
1612 4303 1735 4358 eos,
1768 4291 1828 4342 et
1857 4286 2104 4358 profecti

449 4406 476 4434 ι(
511 4389 668 4438 sunt.
707 4407 731 4430 υ

518 4496 546 4521 ‹‹
580 4473 771 4527 Caesos
796 4488 903 4526 nos
935 4469 1190 4541 publice.
1215 4491 1241 4517 ››
1276 4467 1582 4538 Duplicem
1634 4465 1898 4521 ostendit
1928 4481 2106 4536 expo-

2135 3179 2186 3244 C

2254 554 2277 584 ι
2315 531 2489 605 δεσμά
2519 534 2702 605 ἀνεθη.
2739 560 2761 588 ι

2315 623 2375 679 Ὀ
2408 624 2628 695 σεισμὸς
2661 621 2880 700 γέγονεν
2913 622 3052 680 ὥστε
3081 624 3478 703 ἀφυπνισθῆναι
3538 625 3627 680 τὸν
3692 623 3892 698 δεσμο-

2247 709 2482 788 φύλακα·
2516 714 2570 767 αἱ
2602 711 2758 786 θύραι
2788 711 2844 768 δὲ
2874 713 3229 786 ἀνεῴἈθησαν
3285 712 3426 770 ὥστε
3478 714 3756 787 θαυμάσαι
3834 716 3890 770 τὸ

2240 800 2462 875 γεγονὸς
2492 801 2582 855 καὶ
2606 806 2908 856 πιστεῦσαι·
2971 801 3033 857 ού
3091 804 3194 877 γὰρ
3248 804 3383 878 πρὸς
3444 801 3698 873 ἐπίδειξιν
3729 808 3892 859 ταῦτα

2243 887 2468 962 ἐγένετο,
2500 888 2647 944 ἀλλὰ
2677 892 2813 965 πρὸς
2842 892 3136 965 σωτηρίαν.
3173 895 3355 948 Ταῦτα
3408 889 3466 947 δὲ
3514 894 3565 947 οἱ
3618 891 3889 966 δεσμῶται

2241 976 2350 1056 οὐχ
2381 978 2584 1054 ἑώρων⁹
2617 979 2652 1048 ἦ
2683 980 2787 1054 γάρ
2823 979 2881 1034 ἃν
2906 975 3102 1058 ἔφυγον
3129 975 3384 1043 ἅπαντες.

2314 1181 2338 1213 ε
2374 1160 2636 1231 Ἒξυπνος
2668 1157 2725 1214 δὲ
2780 1159 3073 1235 γενόμενος
3116 1161 3144 1215 6
3194 1159 3562 1236 δεσμοφύλαξ,
3613 1160 3703 1216 καὶ
3765 1158 3889 1215 ἰδὼν

2241 1271 2269 1301 ‹‹
2301 1247 2642 1323 ἀνεῳγμένας
2685 1251 2780 1310 τάς
2839 1251 3001 1323 θύρας
3065 1257 3166 1320 τῆς
3225 1249 3495 1329 φυλακῆς,
3558 1249 3894 1323 σπασάμενος

2239 1363 2267 1390 ‹‹
2305 1339 2578 1415 μάχαιραν
2607 1339 2838 1412 ἔμελλεν
2881 1341 3069 1397 ἑαυτὸν
3127 1342 3386 1417 ἀναιρεῖν,
3443 1341 3679 1414 νομίζων
3737 1341 3893 1395 ἐκπε-

2240 1451 2268 1479 ‹‹
2300 1427 2549 1506 φευγέναι
2579 1431 2706 1492 τοὺς
2735 1427 3014 1505 δεσμίουςί
3049 1433 3333 1507 Ἐφώνησε
3380 1429 3438 1486 δὲ
3496 1435 3652 1508 φωνῇ
3713 1432 3888 1507 μεγά-

2237 1542 2265 1569 ‹‹
2298 1517 2371 1592 λῃ
2407 1517 2695 1586 ὁΙΙαῦλος,
2759 1518 2954 1594 λέγων’
3016 1517 3202 1590 Μηδὲν
3259 1522 3472 1595 πράξῃς
3529 1525 3737 1592 σεαυτῷ
3791 1541 3889 1574 κα·-

2238 1632 2266 1660 ‹‹
2290 1607 2404 1662 κόν·
2441 1603 2672 1671 ἅπαντες
2704 1609 2804 1686 γάρ
2838 1607 2996 1683 ἔσμεν
3057 1607 3259 1666 ἐνθάδε.
3319 1610 3563 1682 Αἰτήσας
3619 1608 3676 1665 δὲ
3734 1615 3884 1686 φῶτα

2238 1719 2267 1748 (ι
2310 1693 2658 1767 είσεπήδησε,
2711 1698 2802 1752 καὶ
2887 1694 3149 1773 ἔντρομος
3234 1698 3530 1774 γενόμενος
3585 1699 3886 1773 προσέπεσε

2235 1790 2373 1858 «τῷ
2405 1784 2607 1859 Παύλῳ
2636 1787 2726 1842 καὶ
2783 1792 2863 1860 τῷ
2923 1787 3080 1860 Σίλψ
3140 1787 3232 1844 καὶ
3289 1787 3620 1865 προαγαγὼν
3678 1787 3876 1850 αὐτοὺς

2233 1899 2259 1926 ‹‹
2294 1870 2417 1945 ἔξω,
2451 1869 2574 1953 ἔφη·
2629 1875 2840 1950 Κύριοι,
2905 1875 2958 1931 τί
3017 1897 3084 1950 με
3141 1874 3225 1932 δεῖ
3281 1882 3478 1946 ποιεῖν,
3529 1876 3614 1931 ἳνα
3672 1881 3878 1945 σωθῶς

2233 1988 2261 2016 ‹‹
2295 1966 2362 2022 Oi
2395 1963 2452 2020 δὲ
2508 1967 2684 2021 εἶπον·
2747 1967 3045 2022 Πίστευσον
3097 1965 3186 2022 ἐπὶ
3267 1967 3359 2022 τὸν
3419 1967 3623 2041 Κύριον
3653 1968 3878 2037 Ἰησοῦν,

2236 2078 2262 2106 (ι
2292 2055 2382 2109 καὶ
2415 2056 2637 2130 σωθήσῃ
2671 2056 2734 2110 σὺ
2765 2056 2854 2110 καὶ
2885 2056 2914 2110 ὁ
2946 2055 3100 2114 οἶκός
3149 2077 3266 2114 σου.
3327 2057 3433 2112 Καὶ
3487 2053 3762 2123 ἐλάλησαν
3789 2055 3880 2110 αῦ-

2240 2168 2260 2195 ‹
2294 2147 2372 2215 τῷ
2396 2143 2488 2199 τὸν
2535 2142 2706 2220 λόγον
2758 2149 2856 2199 τοῦ
2919 2143 3144 2219 Κυρίου,
3203 2145 3291 2200 καὶ
3351 2147 3481 2199 πᾶσι
3528 2149 3644 2205 τοῖς
3704 2143 3756 2199 ἐν
3812 2148 3877 2218 τῇ

2236 2256 2258 2286 ι
2292 2233 2443 2306 οἰκίᾳ
2474 2233 2656 2289 αὐτοῦ.
2695 2235 2792 2291 Καὶ
2849 2229 3185 2310 παραλαϐὼν
3248 2233 3441 2297 αὐτοὺς
3499 2233 3552 2289 ἐν
3611 2232 3782 2308 ἐκείνῃ
3810 2237 3876 2306 τῇ

2235 2349 2256 2375 (ι
2290 2323 2408 2398 ὥρᾳ
2447 2331 2546 2392 τῆς
2603 2324 2819 2394 νυκτὸς,
2877 2322 3097 2379 ἔλουσεν
3157 2324 3263 2379 ἀπὸ
3317 2327 3424 2379 τῶν
3477 2321 3733 2399 πληγῶν,
3791 2322 3878 2376 καὶ

2232 2437 2260 2466 ‹‹
2293 2408 2588 2483 ἐϐαπτίσθη
2647 2412 2829 2482 αὐτὸς,
2870 2412 2960 2469 καὶ
3015 2414 3065 2468 οἱ
3119 2411 3284 2468 αὐτοῦ
3345 2413 3538 2472 πάντες
3589 2417 3882 2489 παραχρῆ-

2231 2524 2257 2556 ι
2316 2523 2410 2575 μα.
2473 2505 2790 2578 Ἀναγαγὼν
2848 2523 2907 2557 τε
2959 2501 3156 2564 αὐτοὺς
3206 2501 3281 2564 εἵς
3333 2501 3426 2556 τὸν
3483 2502 3636 2556 οἷκον
3695 2501 3880 2569 αὐτοῦ,

2229 2591 2561 2666 «παρέθηκε
2614 2592 2904 2666 τράπεζαν,
2959 2590 3050 2646 καὶ
3124 2588 3458 2665 ἡγαλλιᾶτο,
3519 2589 3735 2645 πανοικὶ
3793 2611 3882 2644 πε-

2224 2681 2586 2743 «πιστευκὼς
2643 2684 2722 2751 τῷ
2773 2684 2910 2752 Θεῷ.
2987 2680 3227 2753 Ἡμέρας
3286 2676 3344 2734 δὲ
3402 2679 3721 2756 γενομένης,
3781 2679 3882 2734 ἀπ·

2225 2794 2254 2821 ‹‹
2288 2767 2530 2824 ἑστειλαν
2568 2771 2620 2824 οἱ
2652 2769 2950 2846 στρατηγοὶ
2989 2768 3116 2831 τοὺς
3175 2764 3546 2844 ῥαϐδούχους,
3604 2767 3872 2845 λέγοντες·

2228 2883 2254 2910 ‹‹
2293 2860 2602 2914 Ἀπόλυσον
2633 2859 2759 2921 τοὺς
2791 2858 3113 2934 ἀνθρώπους
3145 2857 3406 2920 ἐκείνους.
3439 2859 3774 2935 Ἀπήγγειλε
3821 2855 3879 2913 δὲ

2223 2971 2243 2998 ι
2289 2949 2317 3003 ὁ
2349 2946 2696 3028 δεσμοφύλαξ
2729 2947 2855 3010 τοῦς
2890 2946 3091 3026 λόγους
3129 2949 3359 3012 τούτους
3413 2949 3548 3024 πρὸς
3605 2949 3697 3004 τὸν
3732 2952 3874 3003 Παῦ-

2223 3064 2250 3091 ‹‹
2286 3036 2402 3107 λον,
2436 3037 2519 3093 ὅτι
2547 3036 2947 3094 ἀπεστάλκασιν
2989 3040 3041 3094 οἱ
3071 3038 3365 3114 στρατηγοὶ
3408 3036 3501 3092 ’ίνα
3531 3035 3870 3107 ἀπολυθῆτε.

2227 3152 2248 3179 ι
2282 3131 2394 3184 Νῦν
2419 3127 2510 3182 οῦν
2539 3126 2846 3198 ἐξελθόντες
2873 3126 3167 3203 πορεύεσθε
3197 3127 3248 3183 ἐν
3283 3126 3490 3202 εἰρήνῃ.
3528 3151 3556 3180 ι»

2288 3241 2315 3270 α
2349 3217 2610 3288 Ἕξυπνος
2640 3218 2924 3292 γενόμενος
2976 3218 3004 3272 ὁ
3057 3213 3424 3295 δεσμοφύλαξ.
3462 3242 3482 3268 ι
3519 3217 3693 3278 Οὗτός
3721 3215 3863 3271 ἐστιν

2213 3309 2242 3362 6
2275 3313 2569 3381 Στεφανῖις,
2600 3307 2662 3361 οὗ
2698 3306 3025 3381 μνημονεύει
3084 3303 3302 3369 Παῦλος
3353 3305 3405 3360 ἐν
3458 3307 3529 3378 τῇ
3584 3306 3722 3382 πρὸς
3765 3311 3865 3360 Κο-

2212 3395 2448 3471 ρινθίους
2478 3400 2701 3472 πρώτῃ.

2289 3507 2310 3534 ι
2343 3486 2403 3542 Ὁ
2434 3482 2492 3540 δε
2525 3483 2739 3548 Παῦλος
2771 3482 2872 3564 ἔφη
2932 3485 3068 3561 πρὸς
3125 3484 3350 3547 αὐτούς·
3409 3486 3690 3561 Δείραντες
3720 3489 3866 3558 ἡμᾶς

2212 3597 2241 3624 ι(
2296 3571 2537 3646 δημοσίᾳ
2621 3575 3013 3650 ἀκατακρίτους
3047 3618 3062 3647 ,
3147 3573 3467 3649 ἀνθρώπους
3558 3575 3870 3649 Ῥωμαίους

2223 3684 2245 3712 ι
2280 3663 2646 3736 ὑπάρχοντας,
2679 3657 2878 3718 ἔλαϐον
2921 3663 2997 3726 είς
3055 3664 3329 3743 φυλακην,
3389 3665 3480 3719 καὶ
3535 3668 3627 3718 νῦν
3691 3662 3863 3737 λάθρα

2217 3772 2244 3805 α
2275 3753 2422 3824 ἡμᾶς
2453 3745 2816 3805 ἐκϐάλλουσιν
2853 3752 2972 3819 ;Ού
3016 3753 3141 3827 γὰρ,
3198 3750 3343 3808 ἀλλὰ
3399 3751 3649 3817 ἐλθόντες
3705 3751 3862 3808 αὐτοὶ

2211 3840 2694 3913 «ἐξαγαγέτωσαν.
2748 3839 3106 3916 Ἀνήγγειλαν
3167 3839 3224 3897 δὲ
3279 3848 3396 3906 τοῖς
3428 3849 3756 3919 στρατηγοῖς
3811 3843 3866 3898 οἱ

2210 3955 2238 3981 ‹‹
2275 3924 2586 4007 ῥαϐδοῦχοι
2642 3928 2710 3983 τὰ
2775 3929 2996 4003 ῥήματα
3073 3934 3258 3986 ταῦτα.
3320 3931 3424 3988 Καὶ
3495 3926 3862 4011 ἐφοϐήθησαν,

2216 4019 2592 4079 «ἀκούσαντες
2623 4018 2706 4072 ὃτι
2741 4019 3010 4092 Ῥωμαῖοί
3069 4019 3192 4079 εἶσι.
3253 4021 3358 4076 Καὶ
3417 4019 3664 4084 ἐλθόντες
3723 4042 3864 4096 παρ-

2213 4135 2235 4160 ι
2273 4107 2521 4165 εκάλεσεν
2573 4109 2794 4178 αὐτοὺς,
2855 4109 2945 4164 καὶ
3004 4109 3356 4187 ἐξαγαγόντες
3431 4110 3664 4181 ἠρώτων
3720 4109 3866 4180 ἐξελ-

2209 4224 2239 4251 ‹‹
2271 4205 2380 4263 θεῖν
2402 4204 2502 4268 τῆς
2544 4199 2781 4261 πόλεως.
2838 4197 3179 4269 Ἐξελθόντες
3239 4197 3295 4255 δὲ
3352 4198 3412 4255 ἐκ
3456 4206 3558 4270 τῆς
3611 4199 3862 4278 φυλακῆς

2216 4310 2237 4338 α
2272 4287 2525 4358 εἰσῆλθον
2561 4288 2634 4350 εἰς
2663 4290 2762 4358 τήν
2819 4285 3044 4356 Λυδίαν,
3074 4289 3165 4344 καὶ
3197 4286 3402 4352 ἰδόντες
3431 4289 3558 4351 τοὺς
3589 4286 3864 4364 ἀδελφοὺς

2210 4403 2238 4431 ‹‹
2272 4377 2642 4454 παρεκάλεσαν
2673 4376 2872 4441 αὐτοὺς
2901 4377 2990 4433 καὶ
3024 4377 3269 4448 ἐξῆλθον.
3306 4401 3335 4430 ι)

2284 4494 2312 4521 ι(
2347 4470 2624 4543 Δείραντες
2653 4471 2802 4543 ἡμᾶς
2835 4466 3099 4542 δημοσίᾳ.
3135 4493 3164 4522 »
3205 4469 3448 4524 Δείκνυσι
3509 4466 3740 4525 διπλοῦν
3797 4469 3863 4524 τὸ

447 4562 851 4623 stulationem,
878 4576 1012 4614 cum
1043 4559 1126 4614 ait
1151 4559 1375 4612 :Caesos
1408 4572 1543 4626 ergo
1577 4571 1686 4610 nos
1719 4553 2094 4626 publice,etc.

2230 4554 2709 4632 ῗγκλημα,ε²ῗπών⁶
2766 4558 3048 4633 Δείραντες
3101 4558 3195 4614 οὗν
3245 4561 3393 4633 ἡμᾶς
3455 4555 3717 4633 δημοσίᾳ,
3771 4558 3863 4613 καὶ

451 4651 590 4721 quia
621 4655 679 4704 et
712 4650 1028 4714 Romanos,
1065 4653 1122 4702 et
1153 4646 1377 4701 indicta
1416 4660 1594 4699 causa
1624 4649 1682 4698 et
1720 4643 1976 4714 publice.
2016 4643 2104 4696 Et-

451 4740 609 4794 enim
643 4738 1074 4811 dispensatorie
1123 4737 1414 4791 humanas
1445 4733 1707 4788 rationes
1757 4733 2102 4804 frequenter

444 4830 939 4897 comminiscitur,
970 4845 1043 4884 ne
1078 4834 1360 4897 tanquam
1385 4821 1612 4896 judicio
1645 4821 1959 4878 damnatus
2010 4821 2099 4875 vi-

444 4919 686 4974 deretur
720 4936 848 4975 esse
881 4919 1184 4984 dimissus,
1218 4922 1317 4972 aut
1347 4914 1500 4970 sicut
1523 4913 1571 4968 is
1593 4912 1693 4983 qui
1724 4911 2101 4982 deliquisset,

444 5013 503 5061 et
537 5024 610 5062 ne
644 5025 739 5062 res
761 5007 1187 5063 attribueretur
1217 5002 1508 5059 beneﬁcio
1541 5000 1830 5072 ipsorum.
1892 4999 2096 5056 Sciens

445 5098 622 5152 etiam
656 5098 813 5169 quod
843 5103 1114 5169 oporteat
1151 5093 1526 5167 principibus
1585 5108 1651 5146 ac
1699 5090 2094 5162 potestatibus

444 5203 573 5242 esse
607 5186 927 5258 subjectos,
960 5184 1204 5240 vocabat
1234 5183 1495 5255 seipsum
1543 5183 1895 5237 Romanum.
1953 5181 2093 5236 For-

443 5277 618 5332 tassis
651 5277 810 5331 enim
838 5292 1075 5331 omnem
1110 5280 1327 5328 terram
1367 5273 1543 5327 etiam
1565 5269 1850 5336 Iudaeam,
1883 5272 2089 5327 Roma-

440 5383 654 5420 norum
685 5367 1004 5438 imperator
1033 5363 1510 5419 obtinebat.Nam
1541 5361 1726 5432 etipsi
1750 5360 2090 5432 pendebant

441 5455 662 5511 tributa
693 5456 946 5512 Caesari:
982 5472 1104 5511 non
1166 5453 1517 5526 adjicientes
1588 5451 1988 5523 principatum
2020 5467 2088 5506 ac

510 5633 552 5672 ‘7
586 5637 608 5692 Ι
639 5635 768 5690 Cor.
804 5634 965 5701 1,46.

2208 4648 2275 4702 τὰ
2307 4647 2454 4721 ἑξῆς,
2485 4646 2568 4702 ὅτι
2617 4646 2706 4704 καί
2761 4647 3097 4722 Ῥωμαίους,
3149 4648 3242 4704 καὶ
3297 4648 3712 4724 ἀκατακρίτους,
3765 4647 3860 4703 καὶ

2212 4733 2474 4810 δημοσία.
2508 4735 2610 4793 Καὶ
2669 4736 2982 4811 ἀνθρώπινα
3036 4738 3136 4813 γὰρ
3191 4738 3546 4808 κατεσκεύαζε
3599 4734 3686 4793 διά
3739 4757 3864 4792 τινα

2209 4823 2524 4897 οἰκονομίαν
2575 4823 2872 4896 πολλάκις,
2944 4825 3031 4880 ἳνα
3090 4827 3167 4900 μὴ
3227 4824 3356 4897 δόξη
3415 4826 3492 4888 ὡς
3566 4823 3861 4888 κατάδικος

2207 4911 2538 4970 ἀπολύεσθαι
2570 4913 2659 4968 καὶ
2693 4914 2766 4976 ὡς
2818 4915 3182 4989 ἡμαρτηκὼς,
3215 4917 3302 4972 καὶ
3360 4917 3449 4972 ἳνα
3483 4927 3560 4990 μη
3621 4922 3720 4984 τῆς
3749 4915 3855 4990 χά-

2207 5024 2358 5080 ριτος
2386 5003 2561 5058 αὐτῶν
2659 5003 2722 5059 τὸ
2752 5009 2996 5079 πρᾶγμα.
3032 5005 3134 5063 Καὶ
3187 5002 3345 5068 εἰδὼς
3377 5004 3461 5060 ὅτι
3511 5001 3594 5061 δεῖ
3653 5005 3854 5083 ἀρχαῖς

2204 5093 2294 5149 καὶ
2355 5091 2626 5162 ἐξουσίαις
2687 5092 3098 5163 ὑποτάσσεσθαι,
3186 5093 3368 5150 ἐκάλει
3444 5094 3633 5150 ἑαυτὸν
3708 5095 3855 5150 Ῥω-

2208 5190 2384 5259 μαῖον,
2425 5181 2633 5239 Σχεδὸν
2689 5183 2794 5259 γὰρ
2825 5183 3002 5255 πάσης
3049 5192 3150 5254 τῆς
3211 5193 3315 5263 γῆς
3368 5185 3458 5241 καὶ
3514 5187 3686 5255 αὐτῆς
3746 5191 3846 5254 τῆς

2200 5271 2468 5335 Ἰουδαίας
2528 5273 2556 5328 6
2613 5273 2897 5348 Ῥωμαίων
2989 5274 3243 5348 βασιλεὺς
3324 5275 3555 5350 ἐκράτει.
3634 5274 3848 5336 υἲτινες

2197 5363 2289 5419 καὶ
2346 5363 2512 5441 φόρον
2573 5361 2792 5418 ἐτέλουν
2839 5363 3090 5438 Καίσαρι,
3147 5367 3224 5439 μή
3299 5365 3686 5438 ἀποσειόμενοι
3744 5364 3847 5432 τὴν

2195 5452 2376 5530 ἀρχὴν
2405 5453 2495 5508 καὶ
2519 5449 2832 5510 δεσποτείαν
2860 5455 2959 5525 τήν
2987 5455 3330 5530 Ῥωμαϊκὴν,
3389 5455 3571 5533 ὣσπερ
3616 5456 3669 5510 οἱ
3725 5451 3854 5510 λοι-
