4150 6200
282 282 396 343 233

1242 275 1650 341 COMMENT.
1701 274 1788 335 IN
1832 271 2039 333 ACTA
2082 273 2693 341 APOSTOLORUM.

3571 280 3692 343 234

278 414 374 470 ποῖ
429 411 698 472 Ἰουδαῖοι
754 415 1197 491 φρεναπατῶντες
1282 411 1524 480 ἑαυτοὺς,
1580 407 1782 472 σ’ίτινες
1830 409 1924 465 τὸν

2050 405 2373 465 dominium
2397 411 3261 486 Romanum,quemadmodum
3289 415 3490 471 caeteri
3507 415 3694 473 Iudmi

278 506 376 578 μὲν
410 508 542 559 Θεὸν
565 505 730 578 μόνον
759 501 948 580 ἔλεγον
976 500 1118 558 ἳδιον
1179 502 1406 577 βασιλέα
1455 499 1517 556 ού
1574 501 1681 575 μὴν
1733 498 1939 575 ἅνθρω-

276 615 405 664 πον,
435 589 622 672 ἔργοις
677 592 734 649 δὲ
788 594 975 657 αὐτοῖς
1031 594 1105 654 ὡς
1168 590 1454 655 ὑποτελεῖς
1507 591 1711 648 οἷκὲται
1770 590 1936 670 φόρον

276 685 526 758 ἰτὲλουν,
556 688 619 744 τὸ
652 689 746 760 μὲν
794 685 971 759 ὄνομα
1026 685 1375 761 ἀρνούμενοι,
1444 683 1628 763 ἔργοις
1683 681 1739 740 δὲ
1799 685 1931 739 ὑπο-

272 778 542 849 κείμενοι·
605 777 698 840 οὓς
745 776 840 833 καὶ
900 775 1198 851 ἑπόρθησεν
1262 774 1663 836 Οὐεσπασιανὸς
1722 774 1798 835 ὡς
1854 774 1929 846 μὴ

283 869 560 923 ὑποτασσο
567 865 662 943 μέν
671 888 782 931 ους.

888 1044 1154 1102 ΚΕΦΑΛ.
1197 1045 1320 1099 KE'.

270 1134 404 1207 Βερί
491 1131 727 1208 στάσεως
809 1133 1109 1208 γενομένης
1190 1132 1283 1208 Evn
1326 1126 1931 1208 esooaonir-nmnpu-

340 1200 556 1295 γματῌς
608 1200 1073 1295 ἕνεκεν.ἑ’φυγῆς
1128 1225 1187 1259 τε
1246 1201 1466 1261 Παύλου
1523 1202 1600 1266 εἷς
1671 1200 1926 1275 Βέροιαν,

341 1276 591 1331 κάκεῖθεν
625 1276 702 1340 εἷς
735 1277 798 1331 Ἀ
806 1277 871 1346 θή
880 1276 972 1337 νας

346 1390 371 1420 α
408 1365 789 1430 Διοδεύσαντες
821 1365 878 1422 δὲ
932 1368 1034 1437 τήν
1091 1365 1430 1447 Ἀμφίπολιν
1484 1367 1575 1422 καὶ
1633 1364 1925 1423 Ἀπολλω-

265 1482 295 1510 ct
326 1460 472 1528 νίαν,
504 1458 682 1527 ἦλθον
711 1457 789 1520 εἷς
818 1456 1242 1531 Θεσσαλονίκην,
1275 1459 1413 1514 ὅπου
1443 1458 1510 1527 ἦν
1543 1460 1578 1527 ἡ
1630 1458 1923 1532 συναγωγὴ

272 1569 295 1596 ι
330 1551 439 1602 τῶν
473 1545 769 1617 Ἰουδαίων,
800 1549 935 1603 κατὰ
969 1545 1029 1602 δὲ
1056 1548 1119 1603 τὸ
1170 1546 1357 1609 mea;
1401 1552 1480 1619 τῷ
1528 1545 1756 1620 Ηαύλῳ,
1812 1546 1922 1601 εἴσ-

264 1662 293 1688 κ
326 1635 470 1706 ἦλθε
496 1637 634 1711 πρὸς
673 1637 887 1701 αὐτούς.
950 1637 1055 1694 Καὶ
1113 1636 1200 1693 ἐπὶ
1257 1631 1513 1692 Σάϐϐατα
1561 1636 1687 1710 τρία
1746 1633 1926 1692 διελε-

269 1750 296 1778 α
327 1747 461 1802 γετο
518 1726 703 1789 αὐτοῖς
757 1727 863 1782 ἀπὸ
946 1731 1056 1782 τῶν
1145 1731 1393 1803 Γραφῶν,
1480 1724 1768 1802 διανοίγων
1831 1725 1921 1781 καὶ

270 1838 292 1864 ι
328 1817 783 1889 παρατιθέμενος,
816 1814 900 1870 ὅτι
944 1815 1036 1871 τὸν
1097 1815 1335 1889 Χριστὸν
1394 1809 1501 1869 ἔδει
1559 1819 1773 1884 παθεῖν,
1832 1813 1923 1869 καὶ

270 1928 299 1954 u
333 1902 630 1973 ἀναστῆναι
657 1903 718 1958 ἐκ
741 1908 966 1978 νεκρῶν·
1028 1905 1116 1959 καὶ
1178 1905 1261 1959 δτι
1320 1902 1495 1965 Οὗτός
1552 1902 1693 1958 ἆστιν
1728 1904 1757 1959 ὁ
1786 1904 1929 1979 Χρι-

270 2016 300 2045 ιι
332 1992 463 2056 στὸς
494 1994 731 2063 Ἰησοῦς,
764 1994 824 2049 δν
856 1991 970 2071 ἐγὼ
1000 1992 1368 2070 καταγγέλλω
1400 1993 1548 2066 ὑμῖν.
1587 2016 1615 2044 η

352 2168 584 2240 Ἐπειδὴ
618 2193 769 2227 ουτοι
794 2173 935 2249 πρὸς
967 2174 1033 2228 τὰ
1063 2177 1266 2246 σημεῖα
1315 2171 1565 2233 ἐναντίως
1623 2172 1802 2247 εἶχον,
1850 2173 1925 2235 ὡς

278 2259 528 2325 πλάνους
587 2261 677 2316 καὶ
734 2262 939 2339 γόητας
1022 2257 1432 2330 διαϐάλλοντες,
1502 2259 1611 2317 ὦδε
1654 2262 1761 2317 ἀπὸ
1816 2267 1924 2317 τῶν

276 2355 509 2427 Γραφῶν
543 2355 740 2424 πείθει,
778 2353 878 2409 οὐκ
896 2349 1044 2433 ἔχων
1075 2354 1277 2425 ταύτην
1303 2355 1405 2423 τὴν
1434 2344 1710 2409 ὑπόνοίαν.

343 2554 373 2582 ιι
407 2532 507 2586 Καί
536 2553 680 2596 τινες
722 2532 770 2607 ἐξ
832 2533 1007 2589 αὐτῶν
1066 2533 1412 2607 ἐπείσθησαν,
1468 2534 1558 2589 καὶ
1610 2532 1927 2611 προσεκλη-

270 2642 296 2675 ι
330 2623 588 2698 ρὼθησαν
614 2628 694 2695 τῷ
724 2621 930 2696 Παύλῳ
960 2623 1050 2679 καὶ
1079 2629 1159 2698 τῷ
1216 2623 1381 2696 Σίλᾳ,
1435 2628 1543 2679 τῶν
1597 2645 1656 2679 τε
1703 2619 1928 2699 σεϐομέ-

267 2734 295 2761 α
330 2733 439 2766 νων
496 2711 788 2784 Ἐλλήνων
847 2711 994 2769 πολὺ
1077 2714 1313 2783 πλῆθος,
1373 2719 1644 2789 γυναικῶν
1703 2735 1759 2770 τε
1815 2720 1922 2771 τῶν

269 2824 298 2851 α
333 2802 572 2876 πρώτων
606 2804 707 2858 οὐκ
738 2802 948 2881 ὀλίγαι.
982 2802 1339 2874 Ζηλώσαντες
1372 2801 1429 2858 δὲ
1462 2805 1514 2858 οἱ
1573 2803 1921 2868 ἀπειθοῦντες

342 2889 625 2962 Ἰουδαῖοι,
657 2892 748 2947 καὶ
795 2888 1246 2968 προσλαϐόμενοι
1296 2897 1403 2949 τῶν
1449 2893 1722 2970 ἀγοραίων
1775 2896 1926 2957 τινὰς

273 3007 301 3034 ιι
334 2978 536 3055 ἄνδρας
567 2981 863 3057 πονηροὺς,
921 2983 1011 3039 καὶ
1072 2982 1569 3063 ὀχλοποιήσαντες,
1625 2979 1921 3061 ἐθορύϐουν

272 3097 301 3125 α
332 3075 438 3143 τὴν
467 3068 655 3128 πόλιν·
697 3073 1003 3137 ἐπιστάντες
1059 3095 1119 3129 τε
1181 3078 1250 3148 τῇ
1311 3073 1459 3146 οἰκία
1508 3075 1744 3138 Ἰάσονος
1795 3074 1921 3146 ἐζή-

1956 1772 2003 1838 Β

2047 501 2274 573 seipsos
2332 504 2705 570 seducentes,
2755 507 2855 577 qui
2903 508 3093 563 Deum
3151 506 3344 562 solum
3384 509 3692 581 proprium

2044 592 2260 665 Regem
2292 611 2421 651 esse
2453 596 2730 652 dicebant
2760 603 2819 653 et
2848 615 2968 653 non
2996 597 3335 653 hominem:
3387 614 3449 652 re
3493 604 3691 657 tamen

2042 680 2173 754 ipsa
2216 689 2496 756 tanquam
2558 686 2855 741 tributarii
2918 686 3137 742 subditi
3194 686 3537 759 pendebant
3591 691 3691 744 tri-

2040 769 2221 829 buta:
2255 790 2475 829 nomen
2507 775 2748 845 quidem
2780 775 3164 849 abnegantes,
3202 793 3264 831 re
3296 781 3497 833 autem
3548 775 3687 832 sub-

2030 858 2216 931 jecti:
2251 879 2397 933 quos
2430 863 2610 919 etiam
2653 864 3045 936 Vespasianus
3079 869 3360 936 tanquam
3392 881 3512 922 non
3544 864 3682 921 sub-

2035 952 2227 1024 jectos
2258 956 2632 1028 expugnavit.

2644 1044 2877 1101 CAPUT
2914 1046 3079 1101 XXV.

2047 1132 2191 1188 133
2222 1135 2298 1189 De
2324 1133 2588 1191 seditione
2642 1137 2797 1204 facta
2858 1135 3249 1190 Thessalonice
3301 1136 3367 1189 ob
3408 1137 3684 1206 pradica-

2110 1206 2331 1272 tionem,
2362 1209 2610 1277 fugaque
2640 1206 2806 1261 Pauli
2836 1206 2897 1261 in
2936 1209 3259 1275 Baream,“
3286 1208 3417 1262 inde
3444 1210 3504 1262 in
3523 1208 3683 1264 Athe-

2106 1291 2224 1331 nas.

2104 1367 2277 1432 XVII,
2312 1369 2426 1423 1-3.
2462 1392 2489 1419 α
2525 1370 2791 1440 Cumque
2824 1370 2938 1426 iter
2968 1370 3257 1426 fecissent
3305 1386 3413 1442 per
3442 1370 3691 1443 Amphi-

2034 1476 2063 1504 ι(
2099 1455 2285 1526 polim
2319 1461 2377 1512 et
2407 1457 2802 1529 Apolloniam,
2837 1466 3129 1514 venerunt
3177 1460 3688 1544 Thessalonicam,

2034 1565 2063 1594 ι(
2096 1544 2196 1599 ubi
2230 1552 2358 1600 erat
2392 1547 2696 1620 Synagoga
2725 1548 3088 1604 Iudaeorum.
3141 1548 3210 1603 Et
3231 1549 3404 1619 juxta
3432 1566 3689 1606 consue-

2033 1656 2060 1682 «
2093 1634 2360 1690 tudinem
2391 1652 2560 1691 suam
2594 1637 2810 1691 Paulus
2836 1638 3099 1692 introivit
3145 1640 3220 1692 ad
3273 1653 3415 1693 eos:
3476 1644 3535 1693 et
3573 1655 3684 1710 per

2036 1745 2063 1772 ‹‹
2094 1724 2207 1779 tria
2236 1724 2489 1781 Sabbata
2518 1726 2848 1781 disserebat
2903 1727 2988 1782 eis
3049 1742 3119 1781 ex
3174 1728 3513 1800 Scripturis,
3585 1728 3684 1784 ad‘

2035 1835 2062 1862 «
2089 1813 2709 1886 aperiens,citatisque
2732 1815 3089 1870 testimoniis
3112 1816 3686 1888 comprobansopor—

2037 1902 2283 1959 «tuisse
2347 1905 2467 1976 pati
2525 1905 2827 1961 Christum
2886 1910 2945 1960 et
2983 1922 3291 1977 resurgere
3338 1922 3374 1961 a
3405 1905 3681 1973 mortuis,

2035 2014 2063 2042 «
2097 1992 2375 2064 quodque
2408 1993 2504 2050 hic
2555 2001 2712 2050 esset
2758 1994 3027 2050 Christus
3078 1996 3269 2065 Iesus,
3320 2011 3497 2067 quem
3555 2011 3682 2067 ego,

2033 2104 2060 2131 «
2098 2082 2314 2153 inquit,
2344 2085 2634 2139 annuntio
2665 2084 2850 2140 vobis.
2888 2107 2915 2135 ››

2103 2173 2393 2236 Quoniam
2427 2174 2487 2228 hi
2520 2174 2703 2246 signis
2729 2174 3212 2242 adversabantur,
3247 2174 3683 2230 calumniantes

2032 2261 2213 2316 veluti
2248 2262 2590 2319 seductores
2635 2269 2838 2319 essent
2891 2280 2959 2320 ac
3005 2264 3489 2337 prasstigiatores,
3523 2263 3620 2319 hic
3650 2279 3684 2318 a

2030 2352 2351 2424 Scripturis
2381 2354 2721 2426 persuadet,
2757 2360 2826 2410 ut
2870 2355 2954 2410 sic
3001 2355 3170 2411 nulla
3221 2355 3431 2411 haberi
3480 2358 3682 2426 posset

2033 2445 2315 2515 suspicio.

2103 2535 2269 2606 XVII,
2302 2538 2456 2592 4-10.
2495 2561 2516 2586 ι
2552 2539 2623 2593 Et
2651 2538 2897 2609 quidam
2929 2555 3000 2594 ex
3058 2538 3143 2593 eis
3191 2537 3578 2595 crediderunt
3624 2543 3684 2595 et

2032 2646 2061 2673 «
2092 2625 2360 2696 adjuncti
2393 2632 2532 2682 sunt
2579 2628 2762 2683 Paulo
2815 2634 2873 2684 et
2929 2628 3085 2696 Silm,
3137 2645 3204 2684 ac
3263 2627 3680 2701 religiosorum

2032 2735 2060 2763 ‹‹
2090 2715 2427 2772 ϐτωοοηιιῐι
2460 2716 2780 2772 multitudo
2831 2734 3067 2790 magna,
3114 2717 3517 2788 mulieresque
3559 2717 3680 2788 pri-

2033 2826 2062 2854 ι(
2094 2806 2298 2862 marios
2335 2823 2456 2862 non
2486 2824 2710 2879 paucae.
2744 2807 2877 2862 Zelo
2910 2813 3107 2863 autem
3156 2807 3438 2862 commoti
3493 2805 3680 2861 Iudaai

2034 2912 2057 2943 α
2092 2894 2407 2965 increduli,
2439 2898 2762 2967 assumptis
2794 2896 2971 2951 etiam
3019 2895 3371 2966 quibusdam
3423 2894 3679 2949 circum-

2032 3006 2055 3035 ι
2083 2983 2344 3039 foraneis
2356 2986 2495 3041 viris
2509 2985 3003 3055 malis,turbaque
3022 2990 3224 3039 coacta
3236 2984 3683 3039 concitaverunt

2028 3092 2057 3120 «
2090 3072 2409 3139 civitatem,
2443 3078 2500 3127 et
2530 3078 2809 3145 urgentes
2858 3071 3102 3126 domum
3144 3070 3399 3137 Iasonis,
3452 3085 3681 3141 quaere-

272 3186 301 3214 «ι
336 3183 466 3218 τουν
494 3162 696 3225 αὐτοὺς
728 3163 942 3239 ἀγαγεῖν
974 3162 1052 3226 εἷς
1108 3164 1201 3218 τὸν
1258 3161 1459 3237 δῆμον.
1520 3166 1608 3234 Μὴ
1679 3162 1923 3236 εὑρόντες

2050 3183 2062 3209 ι
2090 3160 2234 3215 bant
2254 3178 2355 3216 eos
2371 3142 2698 3233 producere
2730 3160 2803 3217 ad
2827 3161 3134 3232 populum.
3163 3161 3430 3231 Cumque
3452 3176 3573 3214 non
3596 3159 3681 3214 in.

275 3251 395 3309 ι⁶δὶ
427 3252 652 3322 αὐτοὺς,
686 3251 876 3326 ἔσυρον
902 3253 995 3308 τὸν
1046 3254 1253 3309 Ἰάσονα
1310 3252 1403 3308 καί
1448 3274 1597 3315 τινας
1656 3251 1924 3330 ἀδελφοὺς

280 3366 306 3397 ι
330 3343 421 3397 tui
454 3341 583 3404 τοὺς
615 3341 961 3418 πολιτάρχας
998 3343 1256 3418 βοῶντες,
1290 3343 1371 3397 ὅτι
1406 3344 1473 3400 Οἱ
1517 3344 1615 3411 τὴν
1665 3342 1922 3416 οίκουμὲο

281 3455 305 3485 ι
340 3454 441 3502 νην
489 3431 981 3498 ἀναστατώσαντες,
1043 3431 1191 3486 οὗτοι
1244 3431 1334 3486 καὶ
1416 3429 1602 3496 ἐνθάδε
1656 3432 1923 3508 πάρεισιν,

271 3547 301 3575 ιι
336 3522 433 3584 οὕς
495 3517 846 3576 ὑποδέδεκται
907 3521 1113 3579 Ἰάσων.
1197 3521 1301 3576 Καὶ
1361 3521 1512 3575 οὗτοι
1569 3521 1763 3584 πάντες
1822 3522 1927 3576 ἀπ-

274 3636 304 3664 α
338 3611 517 3666 ἔναντι
548 3615 655 3664 τῶν
714 3607 1000 3684 δογμάτων
1061 3609 1328 3684 Καίσαρος
1383 3611 1703 3686 πράσσουσι,
1767 3612 1915 3687 βασι-

272 3725 303 3752 ει
338 3698 441 3754 λὲα
478 3698 734 3777 λέγοντες
785 3697 969 3769 ἕτερον
1033 3700 1165 3753 εἶναι
1225 3702 1459 3769 Ἰησοῦν.
1522 3700 1810 3773 Ἐτάραξαν
1869 3698 1926 3756 δὲ

273 3814 303 3842 α
338 3791 430 3843 τὸν
466 3787 643 3863 ὄχλον
670 3788 759 3843 καὶ
818 3788 945 3850 τοὺς
1001 3786 1346 3864 πολιτάρχας
1393 3789 1688 3852 ἀκούοντας
1735 3795 1924 3849 ταῦτα.

275 3904 305 3932 α
339 3880 441 3936 Καὶ
479 3873 737 3941 λαϐόντες
763 3878 824 3932 τὸ
854 3879 1032 3933 ἱκανὸν
1061 3879 1205 3954 παρὰ
1247 3876 1343 3933 τοῦ
1390 3879 1626 3941 Ἰάσονος
1674 3880 1761 3934 καὶ
1816 3884 1925 3935 τῶν

277 3994 306 4021 ι(
340 3967 583 4036 λοιπῶν,
616 3966 889 4023 ἀπέλυσαν
941 3967 1156 4032 αὐτούς.
1217 3968 1283 4025 Oi
1343 3965 1401 4022 δὲ
1451 3964 1679 4044 ἀδελφοὶ
1733 3968 1927 4033 εὐθέως

276 4082 309 4110 α
342 4056 435 4113 διὰ
460 4064 563 4128 τῆς
593 4056 784 4120 νυκτὸς
817 4056 1119 4131 ἐξέπεμψαν
1162 4056 1254 4112 τόν
1305 4078 1366 4113 τε
1425 4056 1638 4114 Παῦλον
1696 4058 1785 4113 καὶ
1834 4058 1924 4113 τὸν

276 4146 512 4204 «Σίλαν
570 4147 648 4208 εἰς
704 4145 989 4225 Βέῤῥοιαν.
1049 4147 1266 4209 Οἳτινες
1341 4147 1796 4223 παραγενόμενοι,
1850 4147 1929 4210 εἷς

281 4261 311 4287 κ
340 4237 442 4306 τήν
475 4237 798 4310 συναγωγήν
831 4235 1073 4309 ἀπῄεσαν
1105 4240 1213 4291 τῶν
1245 4234 1543 4293 Ἰουδαίων.
1581 4261 1606 4287 ››

352 4320 702 4397 Σεόομένους
730 4322 1014 4391 Ἓλληνας
1045 4323 1173 4387 τοὺς
1206 4324 1257 4395 ἐξ
1284 4321 1561 4380 Ἰουδαίων
1610 4326 1705 4399 μὶν
1746 4322 1926 4396 ὄντας,

276 4414 612 4484 Ἔλληνῖοτὶ
644 4410 698 4469 δὲ
731 4412 1130 4489 φθεγγομένους
1169 4412 1347 4482 καλεῖ,
1399 4411 1487 4469 διὰ
1528 4415 1591 4469 τὸ
1639 4412 1926 4494 φυλάττειν

2035 3271 2062 3299 ‹‹
2096 3251 2399 3305 venissent
2423 3266 2545 3319 eos,
2607 3250 2920 3306 trahebant
2953 3251 3231 3305 Iasonem
3283 3255 3343 3303 et
3388 3248 3680 3319 quosdam

2037 3366 2056 3392 ι
2094 3343 2307 3398 fratres
2333 3342 2406 3399 ad
2435 3343 2732 3415 principes
2762 3344 3040 3407 civitatis,
3075 3342 3402 3397 clamantes
3429 3358 3440 3394 :
3477 3341 3542 3395 Ili
3578 3339 3680 3411 qui

2034 3437 2389 3487 «terrarum
2448 3431 2653 3487 orbem
2738 3431 3192 3496 conturbarunt,
3265 3431 3381 3485 huc
3448 3446 3683 3501 quoque

2040 3541 2062 3569 ι
2092 3528 2402 3587 venerunt,
2443 3539 2593 3593 quos
2649 3521 2936 3598 clanculo.
2982 3520 3213 3592 excepit
3256 3520 3454 3587 Iason,
3507 3525 3565 3574 et
3619 3519 3682 3574 hi

2039 3634 2058 3659 ι
2097 3628 2307 3666 omnes
2337 3617 2544 3667 contra
2591 3611 2830 3666 decreta
2876 3610 3123 3666 Caesaris
3170 3608 3420 3677 faciunt,
3476 3625 3677 3681 regem

2035 3724 2063 3752 ‹‹
2096 3701 2279 3756 alium
2310 3701 2575 3756 dicentes
2607 3717 2735 3755 esse
2756 3701 2973 3756 Iesum.
3007 3697 3677 3754 Concitaveruntautem

2035 3814 2063 3842 «ι
2096 3791 2332 3846 turbam
2364 3807 2430 3846 ac
2462 3790 2842 3863 magistratus
2894 3788 3144 3843 civitatis
3192 3786 3500 3841 audientes
3557 3801 3682 3840 eos.

2035 3904 2063 3932 ‹‹
2098 3883 2168 3935 Et
2191 3885 2433 3951 accepta
2463 3878 2864 3935 satisfactione
2900 3876 2971 3931 ab
3020 3876 3233 3929 Iasone
3273 3878 3334 3928 et
3361 3889 3396 3928 a
3424 3873 3676 3940 caeteris,

2035 3994 2063 4022 «
2097 3971 2456 4027 dimiserunt
2484 3985 2605 4024 eos.
2640 3969 2873 4023 Fratres
2898 3982 3032 4020 vero
3064 3962 3377 4021 confestim
3412 3978 3519 4034 per
3548 3978 3687 4017 noc-

2038 4082 2065 4112 κ
2100 4066 2218 4116 tem
2251 4059 2581 4115 emiserunt
2610 4057 2764 4112 l84
2795 4054 3044 4110 Paulum
3079 4052 3259 4108 simul
3290 4056 3350 4108 et
3391 4051 3572 4108 Silam
3623 4050 3688 4106 in

2038 4173 2063 4203 ι
2098 4152 2381 4206 Beroeam.
2416 4147 2527 4213 Qui
2558 4163 2693 4201 cum
2723 4145 3126 4210 advenissent,
3158 4142 3406 4214 profecti
3457 4146 3597 4197 sunt
3625 4141 3685 4196 in

2034 4264 2064 4292 «
2101 4254 2458 4311 synagogam
2486 4234 2849 4293 Iudaeorum.
2882 4256 2910 4285 ››

2106 4328 2434 4399 Religiosos
2466 4326 2699 4380 Graecos
2731 4328 2900 4379 vocat
2930 4338 3054 4389 eos,
3078 4322 3341 4391 quicum
3372 4338 3442 4376 ex
3470 4316 3657 4374 Iudmi

2037 4422 2259 4483 essent,
2292 4416 2488 4470 Graece
2507 4417 2709 4468 tamen
2724 4411 3125 4483 loquebantur
3140 4426 3153 4464 :
3168 4410 3476 4483 religiosos
3499 4410 3694 4462 autem

275 4505 373 4559 τὸν
405 4502 822 4575 νόμον·ἣτοὺς
878 4503 928 4573 ἐξ
987 4503 1276 4575 Ἐλλήνων
1330 4502 1732 4578 προσηλότους,
1793 4506 1926 4561 Ἰου-

2050 4524 2116 4563 eo
2129 4505 2287 4578 quod
2302 4504 2492 4577 legem
2517 4508 2852 4558 servarent:
2869 4506 2971 4557 aut
2989 4498 3321 4571 proselytos
3331 4496 3692 4563 Iudaeorum,

283 4591 459 4648 δαίων
492 4591 860 4668 ὑπάρχοντας.

356 4707 385 4735 κ
424 4682 593 4739 Οὗτοι
627 4679 684 4738 δὲ
714 4683 852 4752 ἦσαν
882 4681 1243 4756 εὐγενέστεροι
1271 4687 1381 4738 τῶν
1439 4680 1492 4737 ἐν
1556 4683 1944 4761 Θεσσαλονίκῃ,

285 4800 314 4827 α
350 4771 555 4835 οἵτινες
588 4771 835 4848 ὲγέεαντο
864 4774 955 4829 τὸν
985 4771 1154 4850 λόγον
1214 4776 1350 4846 μετὰ
1392 4772 1568 4842 πάσης
1617 4775 1944 4849 προθυμίας,

282 4888 309 4916 ιι
347 4863 416 4917 τὸ
479 4862 799 4936 καθημέραν
874 4859 1249 4937 ἀνακρίνοντες
1305 4861 1399 4922 τὰς
1451 4863 1684 4941 Γραφάς,
1728 4862 1774 4917 εί
1827 4861 1946 4938 ἔχει

282 4977 311 5003 α
351 4955 529 5006 ταῦτα
561 4950 756 5011 οὕτως.
801 4947 1014 5006 Πολλοί
1058 4951 1153 5024 μὲν
1209 4949 1303 5004 οὗν
1372 4950 1422 5019 ἐξ
1476 4950 1652 5005 αὐτῶν
1702 4950 1946 5008 ἐπιστευ-

283 5065 309 5092 α
348 5061 472 5106 σαν,
503 5039 595 5093 καὶ
630 5043 736 5093 τῶν
794 5036 1140 5108 Ἐλληνίδων
1181 5043 1450 5115 γυναικῶν
1504 5042 1613 5093 τῶν
1661 5040 1946 5116 εὐσχημό-

287 5153 316 5181 α
348 5150 481 5197 νων,
513 5127 604 5183 καὶ
652 5125 861 5201 ἀνδρῶν
922 5127 1021 5183 οὐκ
1074 5126 1280 5204 ὀλίγοι.
1342 5128 1430 5191 Ὦς
1486 5124 1544 5182 δὲ
1599 5126 1836 5203 ἔγνωσαν
1897 5131 1949 5185 οἱ

281 5243 309 5270 ις
350 5218 462 5272 ἀπὸ
518 5224 621 5288 τῆς
678 5215 1081 5288 Θεσσαλονίκης
1140 5214 1418 5285 Ἰουδαῖοι,
1486 5218 1570 5272 ὅτι
1632 5219 1722 5273 καὶ
1776 5217 1828 5273 ἐν
1879 5223 1949 5294 τῇ

277 5332 306 5359 ιι
352 5305 595 5382 Βερῥοίᾳ
630 5306 943 5381 κατηγγέλη
1007 5307 1112 5362 ὑπὸ
1168 5309 1265 5360 τοῦ
1322 5303 1602 5361 Παύλουὸ
1634 5305 1803 5383 λόγος
1856 5314 1953 5365 τοῦ

281 5421 311 5449 ε
351 5398 511 5461 Θεοῦ,
541 5393 715 5462 ἦλθον
746 5394 904 5450 κάκεῖ
932 5393 1251 5455 σαλεύοντες
1277 5392 1407 5456 τοὺς
1438 5392 1670 5470 ὄχλους.
1703 5417 1731 5451 ι

366 5507 394 5531 ε
434 5484 607 5544 Οὗτοι
638 5483 697 5541 εὶ
744 5484 880 5554 ἦσαν
929 5484 1314 5561 εὐγενέστεροι.
1347 5507 1372 5539 ι
1424 5485 1515 5555 Τὸ,
1566 5485 1953 5563 εὐγενέστεροι,

283 5574 408 5631 ἀντί
435 5579 559 5645 τοῦ,
594 5573 1005 5651 ἕπιεικὲστεροι,
1059 5576 1246 5651 φησίν.
1308 5574 1431 5647 Οὐχ
1489 5573 1563 5636 ὡς
1618 5574 1840 5632 ἄπιστοι
1898 5576 1957 5632 δὲ

726 5698 971 5750 Puncta
1017 5692 1119 5751 Gn.
1163 5693 1419 5751 CXVIII.

2054 4597 2154 4668 qui
2186 4612 2256 4651 ex
2288 4593 2505 4651 Graecis
2546 4598 2734 4648 erant.

2124 4684 2295 4750 XVII,
2332 4684 2510 4738 11-13,
2537 4705 2563 4731 ‹‹
2594 4681 2661 4736 Hi
2685 4685 2883 4737 autem
2906 4676 3315 4751 generosiores
3346 4680 3518 4732 erant
3545 4674 3702 4730 inter

2056 4798 2083 4826 ‹‹
2120 4791 2243 4842 eos,
2278 4773 2377 4844 qui
2412 4770 2707 4843 degebant
2735 4766 3189 4832 Thessalonica),
3228 4765 3327 4837 qui
3363 4779 3701 4821 sermonem

2061 4887 2085 4917 ιι
2121 4867 2515 4935 susceperunt
2561 4877 2697 4916 cum
2755 4858 2916 4913 omni
2973 4856 3156 4911 animi
3213 4854 3702 4928 promptitudine,

2060 4976 2088 5006 «
2124 4958 2459 5009 scrutantes
2504 4948 2768 5020 quotidie
2800 4946 3157 5017 Scripturas,
3200 4961 3277 4999 an
3332 4944 3458 4999 haec
3510 4943 3592 4998 ita
3643 4957 3704 4997 se

2061 5066 2088 5094 ‹‹
2113 5043 2422 5099 haberent.
2448 5041 2518 5093 Et
2548 5037 2719 5093 multi
2743 5035 2984 5107 quidem
3007 5034 3390 5091 crediderunt
3410 5049 3480 5089 ex
3512 5033 3619 5096 eis,
3652 5034 3712 5085 et

2059 5155 2087 5184 α
2114 5134 2328 5188 Graecas
2356 5128 2639 5184 mulieres
2668 5126 2935 5180 honestae
2966 5124 3196 5195 virique
3239 5139 3361 5178 non
3412 5120 3606 5194 pauci.
3640 5118 3713 5173 Ut

2066 5242 2093 5274 α
2114 5226 2311 5276 autem
2328 5220 2732 5289 cognoverunt
2748 5213 3311 5269 Thessalonicenses
3327 5209 3533 5276 Iudaei,
3554 5205 3713 5279 quod

2067 5335 2087 5361 ι
2125 5316 2182 5367 et
2214 5311 2431 5366 Berceae
2456 5305 2845 5378 praedicatum
2874 5310 3032 5361 esset
3055 5321 3091 5359 a
3112 5303 3295 5358 Paulo
3317 5299 3561 5357 verbum
3587 5296 3711 5364 Dei,

2064 5424 2093 5453 ‹‹
2126 5402 2425 5456 venerunt
2455 5395 2632 5451 etiam
2672 5395 2754 5450 ibi
2786 5399 3229 5450 commoventes
3260 5390 3484 5448 turbas.
3518 5411 3548 5440 ι)

2134 5512 2159 5544 α
2211 5489 2279 5545 Hi
2341 5493 2538 5543 autem
2597 5486 3009 5560 generosiores
3067 5488 3254 5540 erant.
3310 5502 3342 5532 ››
3398 5476 3721 5554 Εὐγενέστε-

2068 5600 2156 5656 ροι
2191 5579 2331 5634 dicit
2364 5576 2567 5631 volens
2601 5576 2938 5645 significare
2967 5574 3282 5645 aequiores.
3324 5571 3393 5627 Hi
3423 5585 3559 5625 vero
3600 5581 3721 5622 non

3314 5688 3349 5741 8
