4150 6200
469 243 599 323 ’235
671 329 678 336 ,

1601 247 2024 310 OECUMENII
2071 247 2371 310 ΤΗΙΟΟίΕ
2414 249 2766 316 EPISCOPI

3771 261 3879 322 236

471 371 764 471 tanquam
799 393 1092 451 increduli
1125 389 1486 463 indagabant
1536 389 1654 444 sive
1705 384 2123 443 scrutabantur

2246 380 2394 440 οὗτοι
2436 387 2740 462 ἀνέκρινον,
2797 387 2921 459 ἤτοι
2981 391 3278 466 ἒξηρεύνων
3333 395 3428 456 τάς
3487 393 3702 473 Γραφᾶς
3755 365 3878 467 (ἤδη

483 489 816 559 Scripturas
847 485 991 556 (jam
1024 483 1186 539 enim
1217 479 1636 549 crediderant),
1693 475 1794 532 sed
1848 481 2132 546 tanquam

483 581 752 648 expertes
810 574 1153 632 traditionis
1209 578 1472 628 veterum
1559 568 2009 641 prophetarum,
2077 568 2136 619 et

481 673 794 740 pr0pterea
825 666 940 722 fide
971 665 1335 721 robustiores
1368 661 1560 717 eﬂ'ecti
1596 664 1755 726 sunt,
1798 674 1930 713 cum
1967 671 2130 710 scru-

481 763 752 813 tarentur
783 758 1114 828 Scripturas
1149 772 1214 810 ac
1246 753 1584 808 invenirent
1615 755 1879 806 veterum
1911 761 2133 802 sermo-

480 848 658 904 nibus
688 864 952 904 consona
984 863 1112 902 esse
1146 861 1326 916 opera
1383 840 1848 914 dispensationis
1897 835 2130 894 Domini

483 955 544 993 ιιι
577 955 774 994 carne.

554 1027 725 1096 XVII,
761 1029 846 1092 14,
881 1029 966 1080 15.
1003 1047 1030 1073 ‹‹
1067 1024 1389 1093 Statimque
1423 1027 1563 1077 tunc
1615 1019 1864 1075 Paulum
1913 1018 2126 1074 emise-

484 1140 506 1169 ι
539 1122 686 1172 runt
711 1117 945 1182 fratres,
979 1119 1045 1168 ut
1069 1114 1183 1168 iret
1211 1113 1371 1168 velut
1400 1111 1475 1166 ad
1519 1126 1702 1166 mare.
1753 1108 1903 1163 Silas
1935 1113 2132 1163 autem

480 1230 507 1258 α
545 1213 604 1262 et
633 1205 977 1260 Timotheus
1009 1207 1428 1258 remanserunt
1457 1200 1558 1254 ibi.
1594 1200 1699 1264 Qui
1749 1214 1880 1252 vero
1926 1212 2132 1268 prose-

489 1296 878 1369 uquebantur
925 1295 1174 1350 Paulum
1234 1292 1608 1346 deduxerunt
1675 1305 1810 1352 eum
1869 1289 2132 1341 Athenas

483 1409 509 1438 ιι
542 1401 730 1456 usque
757 1389 815 1438 et
845 1388 1084 1453 accepto
1129 1381 1412 1435 mandato
1466 1379 1540 1434 ad
1592 1378 1772 1432 Silam
1819 1394 1886 1432 ac
1937 1375 2129 1430 Timo-

480 1497 507 1524 ‹‹
541 1473 769 1536 theum,
801 1475 866 1524 ut
897 1485 1074 1540 quam
1105 1467 1418 1524 celerrime
1451 1466 1722 1522 venirent
1751 1463 1825 1520 ad
1857 1479 1939 1532 se,
2001 1479 2132 1534 pro-

479 1587 507 1614 «
543 1562 682 1618 fecti
713 1565 869 1616 sunt.
909 1581 938 1610 »

549 1651 1008 1723 Dispensatione
1043 1648 1302 1721 quadam
1334 1648 1484 1721 fugit
1511 1649 1608 1704 hic
1639 1646 1978 1720 Apostolus,
2009 1661 2131 1701 non

2241 477 2344 552 γὰρ
2383 477 2518 547 ἦσαν
2550 479 3004 553 πεπιστευκότες),
3033 481 3162 538 ἀλλ’
3211 481 3285 544 ὠς
3341 480 3568 559 ἄμοιροι
3627 491 3727 552 τῆς
3781 489 3881 540 τῶν

2239 567 2490 623 παλαιῶν
2526 575 2824 648 προφητῶν
2857 570 3232 647 παραδόσεως,
3264 575 3350 628 καὶ
3398 571 3484 628 διᾶ
3531 579 3693 629 τοῦτο
3749 573 3884 650 μᾶλ-

2239 655 2340 712 λον
2385 660 2698 736 πιστότεροι
2760 662 3065 738 γινόμενοι,
3126 663 3594 737 ἐρευνῶντεςτάς
3649 665 3881 742 Γραφάς,

2241 747 2330 802 καὶ
2371 749 2707 821 εὑρίσκοντες
2735 755 2854 812 τοῖς
2887 755 2993 806 τῶν
3041 749 3290 806 παλαιῶν
3345 749 3534 828 λόγοις
3595 751 3883 824 συνᾷδοντα

2237 839 2304 894 τὰ
2333 839 2588 916 περὶτῆς
2647 840 2903 916 ἐνσοίρκου
2961 847 3056 896 τοῦ
3117 843 3312 918 Κυρίου
3371 841 3688 918 οἰκονομίας
3745 845 3879 920 πράο

2239 951 2272 1004 γ
2279 950 2438 1002 ματα.

2316 1041 2344 1070 ‹‹
2377 1017 2591 1082 Εὐθέως
2647 1018 2703 1074 δὲ
2759 1020 2883 1076 τότε
2960 1023 3054 1078 τὸν
3133 1021 3346 1077 Παῦλον
3402 1019 3776 1092 ἐξαπέστειλαν
3831 1037 3880 1090 οἱ

2243 1132 2270 1160 ‹‹
2304 1105 2551 1186 ἀδελφοὶ,
2586 1110 2907 1184 πορεύεσθαι
2967 1111 3040 1174 ὡς
3101 1111 3187 1166 ἐπὶ
3246 1113 3345 1182 τὴν
3407 1112 3698 1168 θάλασσαν.
3759 1111 3928 1170 Ὑπ·¹

2241 1223 2268 1250 ‹‹
2305 1199 2489 1270 έμενον
2525 1196 2580 1254 δὲ
2615 1200 2725 1254 ὅτε
2785 1199 2954 1262 Σίλας
3009 1201 3097 1256 καὶ
3139 1203 3166 1256 ὁ
3217 1201 3488 1276 Τιμόθεος
3545 1200 3674 1260 ἐκεῖ.
3729 1203 3796 1260 Ol
3827 1200 3879 1258 δὲ

2241 1293 2654 1351 «ικαθιστῶντες
2679 1289 2769 1344 τὸν
2803 1288 3015 1345 Παῦλον
3074 1288 3280 1366 ’ἤγαγον
3347 1292 3508 1346 αὐτὸν
3563 1287 3668 1354 ἕως
3721 1293 3877 1360 Ἀθη-

2243 1401 2271 1428 ‹‹
2303 1382 2430 1447 νῶν,
2480 1379 2570 1432 καὶ
2629 1374 2884 1442 λαϐόντες
2941 1377 3168 1450 ἐντολὴν
3228 1381 3366 1457 πρὸς
3421 1382 3511 1436 τὸν
3573 1380 3740 1438 Σίλαν
3795 1381 3878 1436 καὶ

2243 1491 2270 1520 ι(
2301 1467 2593 1542 Τιμόθεον,
2647 1466 2735 1524 τίνα
2791 1469 2866 1534 ὡς
2949 1471 3187 1547 τάχιστα
3241 1466 3441 1527 ἔλθωσι
3499 1472 3636 1547 πρὸς
3701 1471 3878 1543 αὐτὸν,

2241 1581 2268 1610 ι(
2301 1555 2517 1632 ἐξῄεσαν
2573 1581 2602 1612 ››

2311 1646 2692 1721 Οἰκονομικῶς
2725 1648 2969 1720 ἐνταῦθα,
3027 1649 3090 1704 οὗ
3142 1647 3388 1721 δειλιῶν,
3434 1646 3621 1728 ἔφυγεν
3654 1651 3682 1705 ὁ
3715 1650 3878 1709 Ἀπό-

481 1743 694 1798 timore
722 1745 1052 1812 correptus,
1103 1740 1205 1795 sed
1256 1745 1314 1794 et
1371 1739 1856 1810 praedicationem
1914 1751 2123 1809 augere

2246 1735 2456 1806 στολος,
2485 1737 2675 1801 ἄΛλως
2707 1761 2764 1794 τε
2801 1741 2892 1795 καὶ
2947 1741 3010 1794 τὸ
3067 1742 3328 1816 κήρυγμα
3378 1739 3551 1812 αὔξειν
3609 1740 3876 1817 βουλόμε-

477 1834 702 1902 volens,
739 1838 795 1888 et
823 1833 1086 1889 furorem
1117 1849 1324 1888 eorum
1357 1830 1634 1887 laborans
1659 1830 2053 1902 exstinguere.

976 2027 1125 2083 185
1161 2027 1390 2082 CAPUT
1427 2027 1627 2081 XXVI.

477 2117 554 2174 De
582 2118 880 2188 scriptura,
913 2133 1034 2188 qua:
1083 2133 1245 2187 super
1292 2133 1446 2170 a-ram
1496 2121 1616 2188 erat
1659 2115 1926 2170 Athenis:
1973 2119 2027 2168 et
2063 2112 2129 2167 de

551 2187 715 2245 docta
745 2187 1356 2259 Paul-i’p1-2dicatione,
1388 2205 1451 2242 ac
1483 2187 1656 2258 ipsius
1679 2189 1910 2257 pietate.

548 2279 721 2348 XVII,
759 2281 844 2346 16,
881 2281 966 2332 l7.
1002 2299 1028 2326 (ι
1059 2277 1281 2353 Ῥαιιιιιε
1313 2282 1512 2332 autem
1543 2293 1678 2331 cum
1736 2273 1984 2330 Athenis
2029 2289 2128 2328 eos

479 2393 507 2422 «
533 2375 927 2442 exspectaret,
960 2368 1303 2424 irritabatur
1333 2368 1576 2439 spiritus
1591 2367 1718 2438 ejus
1740 2365 1802 2419 in
1827 2365 2126 2436 ipso,cum

480 2483 508 2512 «
543 2459 768 2516 videret
800 2458 1097 2514 idolorum
1129 2459 1312 2514 cultui
1344 2456 1606 2512 deditam
1646 2455 1961 2510 civitatem.
1997 2452 2124 2507 Dis-

479 2572 508 2600 ι(
540 2549 786 2620 putabat
816 2549 1015 2619 itaque
1049 2549 1108 2602 in
1143 2563 1440 2620 synagoga
1487 2563 1621 2600 cum
1659 2544 1876 2600 Iudaeis
1925 2547 1984 2598 et
2029 2558 2125 2597 re-

481 2661 508 2690 «
541 2639 788 2711 ligiosis,
824 2643 883 2693 et
911 2639 974 2692 in
995 2637 1124 2693 foro
1157 2637 1420 2708 quotidie
1447 2652 1582 2692 cum
1614 2634 1708 2690 his
1738 2650 1885 2705 quos
1915 2637 2125 2687 nactus

481 2753 510 2781 ‹‹
543 2730 771 2785 fuisset.
807 2751 835 2779 »

551 2816 902 2892 Παρωξύνετο
929 2835 1048 2873 non
1079 2818 1176 2873 hic
1219 2817 1371 2872 iram
1421 2816 1565 2871 dicit
1617 2821 1719 2871 aut
1765 2813 2128 2887 indignatio-

481 2923 619 2962 nem
647 2924 658 2961 :
693 2906 864 2978 longe
896 2907 1056 2962 enim
1087 2907 1160 2961 ab
1191 2907 1280 2960 ira
1303 2910 1358 2960 et
1381 2905 1786 2977 indignatione
1809 2901 2123 2975 estgratia.

477 2995 627 3061 Quid
661 3013 796 3069 ergo
832 3002 922 3051 est
969 2995 1362 3068 mpwE-Sve-co?
1413 2996 1530 3050 Hoc
1581 3000 1688 3062 est,
1745 2992 2124 3057 incitabatur,

475 3104 598 3141 non
621 3085 868 3154 ferebat,
895 3086 998 3141 sed
1026 3087 1402 3142 tabescebat:
1437 3085 1590 3140 sicut
1619 3085 1799 3140 etiam
1832 3081 1973 3138 alibi
2006 3081 2121 3136 ait:

477 3181 652 3235 Facta
673 3185 762 3234 est
792 3185 989 3234 autem
1025 3179 1396 3234 exacerbatio
1427 3178 1583 3233 inter
1613 3193 1733 3245 eos,
1768 3181 1880 3232 etc.

548 3361 720 3427 XVII,
757 3362 838 3414 18.
874 3383 902 3410 ‹‹
947 3359 1194 3424 Quidam
1253 3363 1451 3412 autem
1500 3357 1772 3428 Epicurei
1832 3361 1891 3411 et
1946 3355 2124 3410 Stoici

483 3474 511 3502 ‹‹
544 3449 882 3520 philosophi
913 3447 1410 3503 conﬂictabantur
1447 3462 1580 3501 cum
1631 3463 1720 3510 eo,
1777 3450 1836 3500 et
1881 3443 2124 3514 quidam

486 3565 506 3591 α
545 3541 862 3596 dicebant:
911 3537 1060 3603 Quid
1101 3537 1225 3591 vult
1278 3536 1686 3608 spermologus
1735 3537 1832 3590 hic
1881 3532 2124 3588 dicere?

479 3655 506 3681 ‹‹
541 3630 642 3686 alii
684 3645 861 3683 vero:
914 3629 1204 3682 Novorum
1244 3625 1674 3682 daemoniorum
1727 3622 1960 3678 videtur
2015 3639 2123 3678 an-

482 3743 510 3770 ‹‹
543 3720 850 3774 nuntiator
881 3734 1030 3786 esse,
1064 3716 1223 3788 quod
1256 3717 1456 3772 Jesum
1505 3719 1563 3770 et
1617 3713 2119 3770 resurrectionem

477 3827 504 3856 ‹‹
539 3807 922 3862 annuntiaret
953 3805 1056 3860 eis.
1087 3828 1110 3852 »

543 3895 814 3966 Epicurei
846 3894 1089 3965 quidem
1122 3893 1438 3950 casualiter
1469 3899 1526 3948 et
1557 3909 1627 3948 ex
1657 3890 2120 3947 indivisibilibus

470 3985 672 4040 omnia
698 3985 974 4056 componi
1007 3984 1452 4040 arbitrabantur
1478 3999 1492 4040 :
1526 3983 1704 4040 Stoici
1735 3999 1874 4038 vero
1905 3999 2120 4054 corpus

467 4091 534 4130 ac
567 4073 1126 4130 inflammationem.
1191 4073 1440 4139 Quidam
1486 4073 1686 4143 itaque
1743 4071 1815 4128 de
1871 4072 2122 4128 scientia

472 4163 906 4236 superbientes,
943 4164 1214 4218 divinum
1245 4163 1500 4218 Paulum
1531 4161 1742 4218 stolide
1769 4161 2118 4230 irridebant,

468 4255 734 4312 dicentes
763 4271 775 4308 :
809 4254 1102 4319 Quidnam
1135 4251 1260 4306 vult
1304 4251 1713 4324 spermologus
1761 4251 1921 4307 iste?
1967 4253 2122 4317 Quo-

468 4346 630 4400 niam
663 4345 824 4400 enim
857 4343 1271 4415 spermologus
1304 4342 1531 4396 avicula
1563 4357 1740 4412 parva
1761 4347 1851 4397 est
1880 4359 1946 4396 ac
1969 4341 2120 4410 vilis,

469 4451 664 4506 neque
695 4435 766 4490 ad
800 4435 996 4489 cibum
1031 4447 1224 4503 neque
1255 4432 1328 4486 ad
1361 4431 1548 4486 ullam
1571 4437 1709 4502 apta
1737 4431 2119 4501 voluptatem,

2238 1850 2352 1898 νος,
2386 1829 2599 1884 καὶτὸν
2660 1830 2830 1904 θυμὸν
2887 1829 3066 1886 αὐτῶν
3125 1825 3449 1886 κατασϐέσαι
3501 1831 3876 1908 πραγματευό-

2241 1939 2418 1992 μενος.

2843 2033 3105 2086 ΚΕΦΑΛ.
3149 2034 3264 2092 Κς’.

2238 2117 2368 2192 Ηερὶ
2427 2121 2528 2196 τῆς
2586 2113 2638 2170 έν
2690 2115 2947 2196 ’Δθῄναις
3025 2111 3344 2196 έπιὸιωμίοιζ
3384 2121 3661 2196 ’γρα-φῆς,
3717 2114 3877 2196 φιλο-

2379 2183 2548 2265 σόφου
2580 2208 2637 2242 τε
2667 2183 3040 2263 κηρύγματος,
3071 2187 3162 2244 καὶ
3191 2183 3467 2248 εὐσεϐείας
3498 2183 3738 2245 ΙΙαύλουξ

2309 2303 2336 2329 ι(
2369 2279 2460 2334 Ἐν
2506 2275 2562 2332 δὲ
2614 2282 2735 2338 ταῖς
2792 2279 3052 2347 Ἀθήναις
3110 2275 3478 2352 ἐκδεχομένου
3537 2275 3732 2340 αὐτοὺς
3785 2281 3878 2334 τοῦ

2237 2365 2537 2436 «Παύλου,
2588 2365 2928 2440 παρωξύνετο
2984 2366 3046 2422 τὸ
3103 2371 3314 2442 πνεῦμα
3371 2367 3536 2422 αὐτοῦ
3597 2366 3650 2422 έν
3714 2367 3878 2440 αὐτῷ,

2203 2499 2208 2504 .
2237 2481 2264 2508 ‹‹
2299 2461 2590 2531 θεωροῦντι
2621 2453 2956 2512 κατείδωλον
2991 2455 3152 2513 οὖσαν
3205 2458 3307 2526 τὴν
3357 2455 3544 2516 πολιν.
3595 2459 3878 2534 Διελέγετο

2236 2571 2262 2599 ‹‹
2302 2549 2398 2620 μὲν
2431 2547 2522 2601 οὗν
2551 2544 2604 2600 ἐν
2635 2551 2704 2620 τῇ
2752 2550 3042 2624 συναγωγῇ
3100 2552 3215 2609 τοῖς
3278 2543 3570 2611 Ἰουδαίοις
3622 2546 3712 2602 καὶ
3767 2551 3882 2608 τοῖς

2236 2659 2262 2688 ‹‹
2295 2630 2634 2710 σεϐομένοις,
2667 2637 2763 2691 καῖ
2793 2635 2844 2691 έν
2903 2640 2970 2710 τῇ
3029 2637 3202 2712 ἀγορᾷ
3252 2637 3390 2691 κατὰ
3445 2641 3618 2691 πᾶσαν
3673 2637 3881 2712 ἡμέραν

2237 2750 2265 2779 u
2298 2727 2433 2800 πρὸς
2460 2725 2588 2788 τοὺς
2617 2727 3153 2802 παρατυγχάνοντας.
3182 2749 3211 2779 »

2311 2838 2336 2870 α
2367 2817 2742 2890 ΙΙαρωξύνετο.
2779 2839 2806 2868 ››
2858 2816 2972 2874 Οὐκ
3028 2817 3199 2892 ὁργὴν
3252 2813 3480 2871 ἐνταῦθοὶ
3527 2837 3708 2894 φησιν,
3758 2811 3880 2870 οὐδὲ

2234 2904 2616 2980 ἀγανάκτησιν·
2677 2907 2842 2980 ὀργῆς
2900 2906 3004 2982 γάρ
3060 2907 3150 2961 καὶ
3225 2905 3635 2981 ἀγανακτήσεως
3690 2903 3877 2982 πόῤῥω

2233 2995 2294 3049 τὸ
2328 2997 2595 3069 χάρισμα.
2628 2994 2696 3051 Τί
2729 2995 2817 3050 οὗν
2852 2993 2964 3050 ἐστι
3002 2995 3087 3061 τὸ,
3148 2995 3534 3069 Παρωξύνετος
3591 2994 3704 3048 ἀντὶ
3759 2998 3877 3062 τοῦ,

2239 3083 2570 3160 διηγείρετο,
2623 3085 2725 3140 οὐκ
2803 3081 3004 3164 ἔφερεν,
3094 3082 3220 3139 ἀλλ’
3295 3084 3540 3154 ἐτήκετο,
3597 3083 3736 3148 καθὰ
3788 3082 3880 3138 καὶ

2237 3174 2492 3251 ἀλλαχοῦ
2577 3196 2761 3252 φησιν.
2851 3175 3098 3250 Ἐγένετο
3165 3171 3221 3228 δὲ
3278 3173 3628 3250 παροξυσμὸς
3689 3170 3881 3247 μεταξὺ

2233 3264 2434 3336 αὗοῶν,
2465 3265 2556 3321 καὶ
2586 3265 2654 3318 τά
2683 3265 2825 3334 ἑξῆς.

2313 3378 2339 3410 α
2379 3355 2530 3417 Τινὲς
2588 3351 2644 3409 δὲ
2699 3359 2808 3409 τῶν
2863 3351 3253 3428 Ἐπικουρείων
3314 3351 3406 3408 καὶ
3453 3357 3560 3406 τῶν
3621 3355 3880 3406 Στωϊκῶν

2233 3470 2260 3498 ιι
2296 3443 2614 3521 φιλοσόφων
2649 3437 2980 3498 συνέϐαλλον
3009 3441 3179 3514 αὐτῷ,
3219 3441 3310 3496 καί
3365 3462 3507 3503 τινες
3559 3438 3766 3514 ἔλεγον.
3815 3440 3882 3496 Τί

2233 3557 2261 3582 ‹‹
2295 3532 2354 3586 ἄν
2389 3531 2533 3596 θέλει
2567 3533 2594 3586 ὁ
2645 3529 3028 3606 σπερμολόγος
3082 3531 3240 3592 οὗτος
3290 3528 3468 3606 λέγειν
3500 3548 3512 3599 ;
3545 3530 3611 3588 Οἱ
3640 3527 3717 3589 δέ.
3771 3527 3882 3583 Ξέ-

2234 3647 2258 3674 «ι
2293 3643 2398 3678 νων
2460 3619 2756 3694 δαιμονίων
2813 3619 2962 3676 δοκεῖ
3015 3619 3378 3697 καταγγελεὺς
3434 3621 3590 3689 εἶναι,
3648 3620 3732 3676 ὅτι
3787 3619 3880 3674 τὸν

2228 3734 2253 3766 α
2293 3713 2498 3782 Ἰησοῦν
2528 3711 2616 3766 καὶ
2662 3713 2764 3780 τὴν
2823 3710 3106 3766 ἀνάστασιν
3167 3709 3352 3772 αὐτοῖς
3414 3706 3814 3786 εὐηγγελίζετο.
3846 3729 3873 3762 ι

2301 3892 2368 3947 Ol.
2421 3891 2514 3964 μὲν
2578 3889 2940 3964 Ἐπικούρειοι
3023 3888 3328 3964 αὐτόματον
3398 3891 3488 3944 καὶ
3541 3887 3592 3962 ἐξ
3651 3886 3874 3962 ἀτόμων

2230 3979 2546 4050 δοξάζουσιν
2583 3982 2822 4037 εἶναιτὸ
2879 3986 3002 4036 πᾶν·
3071 3981 3123 4036 οἱ
3180 3978 3236 4036 δὲ
3293 3980 3512 4037 Στοϊκοὶ
3571 3983 3730 4053 σῶμα
3785 3980 3914 4056 καὶ¹

2229 4071 2554 4146 ἐκπύρωσιν.
2624 4071 2776 4132 Τινὲς
2831 4070 2922 4126 οὗν
2984 4071 3033 4143 ἐξ
3095 4070 3269 4126 αὐτῶν
3327 4071 3414 4126 ἐπὶ
3483 4069 3676 4146 γνώσει
3741 4069 3880 4146 μέγα

2231 4165 2570 4240 φρονοῦντες,
2655 4161 2903 4231 ἀνοήτως
2990 4159 3346 4236 ἐπιγελῶντες
3425 4161 3515 4215 τὸν
3600 4159 3878 4216 Θεσπέσιον

2233 4251 2470 4322 Παῦλον,
2503 4252 2568 4309 Τί
2605 4250 2663 4306 ἂν
2700 4250 2849 4314 θέλοι
2884 4251 2911 4305 ὁ
2940 4247 3326 4326 σπερμολόγος
3371 4249 3529 4312 οὗτος
3559 4269 3572 4319 ;
3607 4272 3635 4301 »
3689 4245 3882 4323 ἔλεγον

2229 4339 2438 4412 (ἐπειδὴ
2471 4339 2572 4414 γὰρ
2623 4337 2807 4415 ὅρνεόν
2865 4339 3006 4394 ἔστιν
3039 4341 3066 4394 ὁ
3101 4337 3488 4415 σπερμολόγος
3551 4336 3732 4414 βραχὺ
3789 4337 3884 4392 καὶ

2231 4429 2468 4500 εὐτελὲς,
2501 4427 2623 4485 οὕτε
2653 4431 2789 4502 πρὸς
2826 4431 3056 4504 βρῶσιν,
3087 4427 3211 4484 οὔτε
3265 4429 3402 4504 πρὸς
3453 4429 3640 4504 τέρψιν
3687 4428 3888 4496 ἐπιτή-

474 4541 606 4594 quas
667 4524 896 4595 abjccta
955 4523 1014 4576 in
1075 4521 1263 4575 triviis
1323 4521 1552 4576 semina
1609 4520 1760 4575 solet
1811 4520 2123 4592 colligere:

2246 4517 2402 4590 δειον,
2432 4520 2498 4573 τὰ
2529 4519 2580 4574 έν
2611 4524 2729 4581 τοῖς
2763 4515 3003 4592 τριόδοις
3035 4517 3338 4593 ἐρριμμένα
3385 4522 3493 4574 τῶν
3555 4521 3882 4591 σπερμάτων

471 4613 690 4668 idcirco
725 4613 867 4666 viles
899 4611 1170 4666 homines
1223 4627 1615 4680 sermoneque
1649 4609 1923 4682 indignos
1955 4626 2119 4681 sper-

473 4701 736 4773 molotgos
775 4700 1080 4756 vocabant.
1143 4701 1288 4754 Item
1351 4715 1636 4754 novorum
1689 4699 2122 4754 dmmoniorum

476 4791 780 4845 doctorem
811 4807 944 4845 eum
976 4807 1106 4845 esse
1139 4789 1440 4854 dicebant,
1473 4790 1756 4860 quoniam
1801 4789 1999 4844 Jesum
2056 4805 2124 4844 ac

470 4881 975 4936 resurrectionem
1025 4879 1437 4934 annuntiabat.
1506 4877 1812 4949 Siquidem
1859 4895 2122 4934 resurre-

474 4971 738 5026 ctionem
771 4971 947 5025 deum
995 4969 1338 5040 quempiam
1389 4985 1518 5023 esse
1564 4967 2002 5038 existimabant,
2061 4971 2128 5022 ut

474 5061 574 5130 qui
611 5061 784 5114 etiam
821 5059 1075 5113 feminas
1107 5057 1301 5112 colere
1329 5057 1560 5112 solent:
1596 5056 1739 5111 deos
1783 5056 1942 5111 enim
1986 5073 2124 5112 suos

473 5149 774 5204 vocabant
805 5148 1118 5202 daemonia.

543 5241 698 5294 136
719 5241 890 5296 XVII.
925 5241 1114 5293 19-21.
1153 5259 1176 5282 α
1209 5239 1277 5292 Et
1306 5237 1746 5309 apprehensum
1776 5254 1910 5292 cum
1939 5237 2123 5293 duxe-

469 5348 501 5382 «
533 5335 672 5383 runt
694 5329 766 5383 ad
789 5331 1180 5398 Areopagum,
1207 5327 1501 5381 dicentes:
1531 5328 1930 5382 Possumusne
1949 5327 2123 5394 scire,

475 5439 499 5470 (ι
538 5436 670 5490 qua)
703 5421 778 5474 sit
809 5419 922 5473 ista
953 5435 1124 5480 nova,
1171 5435 1301 5487 qua:
1351 5432 1384 5470 a
1427 5423 1483 5472 te
1515 5415 1768 5470 refertur
1815 5416 2127 5473 doctrina?

405 5533 408 5537 -
461 5533 495 5562 -«
531 5527 685 5566 nova
715 5509 1011 5580 siquidem
1047 5507 1266 5580 ingeris
1299 5507 1540 5562 auribus
1571 5507 1814 5561 nostris.
1848 5507 2126 5562 Volumus

471 5623 500 5652 ‹‹
535 5615 672 5674 ergo
704 5599 854 5656 scire
881 5596 1166 5670 quidnam
1190 5596 1376 5652 velint
1399 5596 1527 5650 haec
1554 5612 1704 5650 esse.
1735 5596 2127 5656 Athenienses

2233 4609 2426 4671 εἰωθὸς
2457 4606 2764 4682 συλλέγειν,
2795 4609 2922 4672 τοὺς
2973 4607 3207 4672 εὐτελεῖς
3254 4609 3346 4664 καὶ
3395 4609 3496 4663 οὐκ
3549 4606 3728 4678 ἀξίους
3783 4605 3890 4662 λό-

2231 4723 2355 4777 γου,
2409 4699 2827 4776 σπερμολόγους
2885 4698 3160 4773 ἐκάλουν)’
3221 4700 3310 4755 καὶ
3369 4699 3529 4770 ξένων
3589 4695 3890 4770 δαιμονίων

2232 4787 2460 4870 ἔφασκον
2493 4789 2653 4844 αὐτὸν
2693 4791 2830 4844 εἶναι
2877 4785 3227 4856 διδάσκαλον,
3282 4787 3470 4858 ἐπειδὴ
3529 4789 3619 4844 τὸν
3669 4790 3888 4859 Ἰησοῦν

2231 4884 2319 4938 καὶ
2351 4884 2450 4952 τὴν
2499 4881 2784 4936 ἀνάστασιν
2842 4879 3251 4958 εὐηγγελίζετο.
3313 4881 3417 4938 Καὶ
3475 4881 3576 4958 γὰρ
3635 4882 3725 4936 καὶ
3781 4883 3888 4948 τήν

2235 4973 2522 5028 ἀνάστασιν
2583 4971 2702 5034 θεόν
2760 4991 2883 5025 τινα
2937 4971 3076 5025 εἶναι
3134 4969 3406 5043 ἐνόμιζον,
3481 4967 3572 5026 ἅτε
3629 4969 3890 5032 εἰωθότες

2233 5063 2322 5118 καὶ
2353 5059 2578 5131 θηλείας
2611 5055 2802 5115 σέϐειν·
2841 5057 3098 5132 δαιμόνια
3154 5061 3258 5134 γάρ
3307 5061 3436 5122 τοὺς
3494 5060 3645 5120 θεοὺς
3704 5059 3886 5116 αὐτῶν

2237 5149 2365 5207 έκάλ
2374 5172 2464 5206 ουν
2475 5195 2486 5206 .

2309 5266 2336 5295 ι(
2365 5234 2791 5314 Ἐπιλαϐόμενοί
2815 5259 2873 5294 τε
2906 5237 3093 5306 αὐτοῦ,
3134 5237 3221 5294 ἐπὶ
3277 5240 3369 5296 τὸν
3426 5243 3644 5314 ’Ἄρειον
3703 5240 3886 5316 πάγον

2237 5355 2264 5382 ‹‹
2299 5333 2518 5406 ἣγαγον,
2563 5327 2828 5405 λέγοντες’
2889 5329 3174 5401 Δυνάμεθα
3231 5329 3430 5406 γνῶναι
3489 5329 3571 5390 τίς
3625 5331 3660 5398 ἡ
3718 5328 3890 5397 καινή

2241 5445 2270 5474 ‹‹
2299 5421 2434 5491 αὕτη
2467 5423 2502 5489 ἡ
2539 5420 2642 5474 ὑπὸ
2674 5422 2768 5474 σοῦ
2801 5416 3120 5492 λαλουμένη
3163 5417 3367 5497 διδαχή
3397 5439 3410 5490 ;
3461 5421 3732 5490 ξενίζοντα
3779 5417 3892 5495 γάρ

2237 5537 2264 5565 ‹‹
2298 5531 2420 5566 τινα
2477 5509 2739 5587 εἰσφέρεις
2795 5507 2872 5572 εἷς
2931 5508 3024 5572 τὰς
3085 5508 3250 5573 ἀκοὰς
3307 5511 3488 5582 ἡμῶν.
3559 5507 3902 5581 Βουλόμεθα

2243 5627 2262 5654 α
2301 5599 2392 5656 οῦν
2423 5604 2643 5680 γνῶναι,
2669 5599 2722 5656 τί
2752 5599 2813 5658 ἄν
2844 5599 3000 5668 θέλοι
3046 5603 3214 5658 ταῦτα
3269 5601 3430 5659 εἶναι.
3489 5601 3771 5672 Ἀθηναῖοι
3835 5595 3904 5655 Si
