4176 6200
317 367 435 428 237

1316 367 1734 430 COMMENT.
1781 367 1859 428 IN
1902 365 2117 429 ACTA
2158 366 2764 430 APOSTOLORUM.

3608 371 3726 432 238

315 525 339 555 α
380 501 574 562 πάντες
603 500 697 556 καὶ
728 503 780 555 οἱ
810 500 1203 576 ἐπιδημοῦντες
1254 502 1394 575 ξένοι
1446 502 1523 565 εἷς
1581 500 1734 558 οὐδὲν
1788 498 1970 579 ἕτερον

2089 526 2114 554 ιι
2148 511 2346 562 autem
2376 522 2604 571 omnes,
2641 507 2860 578 quique
2883 506 3006 562 illic
3025 506 3415 563 versabantur
3439 509 3725 581 hospites,

314 614 343 641 ι(
373 590 695 667 ηὐκαίρουν,
726 588 763 660 ἤ
796 589 973 666 λέγειν
1003 613 1057 646 τι
1087 593 1175 648 καὶ
1208 590 1422 647 ἀκούειν
1456 592 1788 667 καινότερον.
1828 617 1848 643 ι

390 795 412 822 ι
449 771 689 847 Ἤγαγον
719 768 899 838 αὐτὸν,
931 791 1121 848 φησιν,
1153 769 1242 826 ἐπὶ
1300 771 1390 826 τὸν
1443 773 1663 845 Ἀρειον
1716 770 1906 846 πάγον,
1941 793 1969 821 ››

312 858 423 934 οὐχ
452 856 525 920 ὣς
556 880 608 915 τι
670 860 880 931 μαθεῖν,
934 858 1060 915 ἀλλ’
1123 856 1260 915 ὣστε
1317 858 1670 929 κολάσεσθαι,
1727 856 1852 923 ἔνθα
1909 874 1968 928 αἱ

311 944 727 1023 φονικαὶδίκαι.
786 950 1008 1023 ’Ἄρειος
1068 946 1124 1003 δὲ
1179 949 1354 1022 πάγος
1411 947 1630 1023 ἐλέγετο
1691 948 1719 1002 6
1772 947 1965 1015 τόπος,

305 1035 496 1106 ἐπειδὴ
529 1039 556 1091 6
592 1044 787 1111 Ἄρης·
820 1035 895 1100 ὥς
928 1059 1079 1112 φασι,
1125 1045 1228 1108 τῆς
1289 1038 1545 1116 μοιχείας
1592 1038 1763 1094 ἐκεῖσε
1814 1035 1967 1101 δίκας

306 1124 497 1183 ἔδωκε.
532 1126 721 1203 ΙΙάγος
757 1124 813 1181 δὲ
846 1127 874 1181 6
911 1127 1126 1201 ὑψηλὸς
1156 1126 1343 1189 τόπος.
1401 1127 1452 1182 ἐν
1502 1128 1606 1203 γὰρ
1656 1125 1813 1204 ὄχθῳ
1862 1127 1967 1180 τινὶ

303 1217 374 1286 ἧν
433 1217 607 1272 ἐκεῖνο
664 1217 726 1272 τὸ
786 1214 1160 1292 δικαστήριον,
1251 1222 1404 1281 *Οθεν
1491 1218 1577 1272 καὶ
1677 1216 1965 1292 Ηάγαρχοι

304 1304 600 1361 καλοῦνται
649 1306 798 1381 παρά
855 1326 1001 1361 τισιν
1066 1308 1122 1361 οἱ
1179 1310 1286 1361 τῶν
1322 1307 1506 1362 τόπων
1604 1309 1810 1378 κωμῶν
1866 1306 1964 1380 ἂρ-

305 1414 497 1471 χοντες
508 1439 522 1452 ο

378 1510 407 1538 ιι
441 1486 666 1551 Σταθεὶς
694 1483 752 1541 δὲ
786 1487 814 1542 6
846 1487 1065 1550 Παῦλος
1097 1486 1149 1542 έν
1187 1487 1336 1561 μέσῳ
1366 1490 1467 1543 τοῦ
1506 1486 1716 1561 Ἀρείου
1766 1486 1963 1561 πάγου,

305 1574 491 1653 «ἔφη.
527 1572 751 1650 ’Δνδρες
786 1576 1088 1647 Ἀθηναῖοι,
1144 1577 1283 1632 κατὰ
1336 1576 1513 1632 πάντα
1569 1576 1644 1637 ὡς
1702 1572 1966 1630 δεισιδαι-

304 1690 334 1716 ι(
368 1664 726 1739 μονεστέρους
761 1666 832 1738 (2)
870 1666 1011 1737 ὑμᾶς
1042 1667 1252 1741 θεωρῶ.
1303 1665 1672 1739 Διερχόμενος
1720 1664 1825 1739 γὰρ
1871 1663 1962 1718 καὶ

307 1778 331 1805 ι
368 1753 690 1828 ἀναθεωρῶν
713 1754 781 1808 τὰ
810 1749 1123 1828 σεϐάσματα
1167 1756 1342 1828 ὑμῶν,
1392 1754 1550 1827 εὗρον
1596 1753 1687 1808 καὶ
1749 1754 1958 1828 βωμὸν,

303 1866 335 1895 α
374 1841 427 1897 ἐν
486 1843 532 1915 ᾧ
590 1842 978 1920 ἐπεγέγραπτο,
1064 1848 1380 1922 ΑΓΝΩΣΤῼ
1455 1847 1587 1920 ΘΕῼ

304 1955 332 1985 ι
366 1932 692 2008 ἀγνοοῦντες
765 1928 1053 2003 εὐσεϐεῖτε,
1142 1937 1332 1988 τοῦτον
1417 1930 1522 2007 ἐγὼ
1599 1931 1962 2009 καταγγέλλω

306 2046 336 2074 ι(
375 2027 522 2094 ὑμῖν.
560 2044 586 2075 ιι

383 2112 485 2165 Δύο
521 2110 698 2174 αἰτίας
730 2113 870 2168 εἶναι
923 2112 1146 2187 λέγουσι
1198 2113 1299 2168 τοῦ
1358 2112 1742 2191 ἐπιγράφεσθαι
1797 2113 1966 2183 Ἀθή-

303 2221 427 2274 νῃσι
462 2205 540 2272 τῷ
573 2202 776 2275 βωμῷ,
813 2204 1137 2281 ΑΓΝΩΣΤῼ
1168 2205 1318 2281 ΘΕῼ.
1351 2203 1419 2260 Οἱ
1480 2202 1575 2275 μὶν
1627 2202 1730 2277 γάρ
1779 2221 1961 2277 φασιν,

306 2290 388 2352 ὡς
416 2288 764 2361 Φιλιππίδην
790 2289 1035 2365 ἔπεμψαν
1074 2294 1363 2362 Ἀθηναῖοι
1420 2293 1557 2367 πρὸς
1616 2287 1961 2362 Λακεδαιμο-

308 2378 462 2441 νίους
488 2378 613 2454 περὶ
666 2379 1011 2455 συμμαχίας,
1064 2379 1226 2448 ἡνίκα
1284 2380 1483 2455 Πέρσαι
1540 2378 1963 2454 ἐπεστράτευσαν

309 2472 381 2541 τῇ
413 2465 668 2524 Ἑλλάδι.
704 2471 768 2547 ᾪ
799 2469 934 2524 κατᾶ
986 2470 1048 2523 τὸ
1102 2468 1392 2542 Παρθένιον
1450 2468 1577 2545 ὄρος
1630 2469 1805 2531 ΙΙανὸς
1863 2466 1963 2545 φά-

311 2578 425 2630 σμα
456 2557 683 2636 ἐντυχὸν
717 2557 911 2632 ᾐτιᾶτο
960 2560 1057 2631 μὲν
1113 2558 1440 2629 Ἀθηναίους
1499 2560 1573 2621 ὡς
1631 2557 1964 2632 ἀμελοῦντας

305 2647 405 2720 μὲν
437 2647 630 2717 αὐτοῦ,
662 2645 868 2709 ἂλλους
904 2645 962 2702 δὲ
1005 2647 1158 2710 θεοὺς
1216 2650 1628 2724 θεραπεύοντας,
1681 2646 1771 2702 καὶ
1828 2647 1961 2722 βοη-

303 2741 425 2800 θεῖν
488 2735 890 2814 ἐπηγγέλλετο.
945 2740 1282 2808 Νικήσαντες
1335 2739 1449 2809 οὗν,
1509 2737 1697 2811 ἐκείνῳ
1760 2757 1818 2791 τε
1871 2735 1963 2790 ἀν-

306 2824 542 2895 έστησαν
573 2826 725 2897 ναὸν,
758 2826 849 2880 καὶ
896 2826 1084 2901 βωμὸν
1144 2824 1532 2901 ὠκοδόμησαν.
1596 2828 1688 2883 Καὶ
1741 2826 1816 2887 ὡς
1863 2845 1965 2903 φυ-

314 2914 646 2989 λαττόμενοι
674 2918 749 2989 μὴ
780 2917 844 2971 τὸ
871 2916 1003 2971 αὐτὸ
1035 2915 1103 2986 δὴ
1158 2938 1247 2972 και
1288 2916 1490 2973 ἄλλοτε
1541 2920 1786 2985 πάθοιεν,
1835 2933 1969 2989 παρ-

314 3005 466 3067 ἐντες
518 3005 641 3060 τινὰ
698 3007 816 3071 θεὸν
872 3005 1147 3083 ἄγνωστον
1233 3006 1438 3077 αὐτοῖς,
1524 3007 1819 3080 ἀνέστησαν
1875 3008 1967 3064 τὸν

312 3095 513 3171 βωμὸν
599 3094 801 3151 ἐκεῖνον
882 3094 1301 3172 ἐπιγράψαντες,
1402 3098 1724 3176 ΑΓΝΩΣΤῼ
1808 3098 1966 3177 ΘΕῼ,

310 3188 477 3240 τοῦτο
510 3183 780 3259 λέγοντες,
812 3187 897 3241 ’ὁτι
949 3186 1047 3240 Καὶ
1080 3185 1125 3241 εἳ
1152 3207 1237 3248 τις
1290 3184 1472 3261 ἔτερος
1532 3185 1779 3262 ἀγνοοῖτο
1834 3176 1963 3262 παρ’

2078 617 2107 645 ‹‹
2142 595 2214 650 ad
2239 595 2392 651 nihil
2437 595 2601 651 aliud
2649 596 2960 664 vacabant,
3016 596 3132 651 nisi
3182 602 3249 652 ut
3295 596 3604 669 quidpiam
3634 597 3728 656 vel

2079 706 2106 733 «
2140 684 2409 740 dicerent
2437 685 2526 740 vel
2558 684 2836 740 audirent
2866 685 3020 740 novi.
3056 707 3083 735 »

2149 795 2176 822 ‹‹
2212 772 2520 829 Duxerunt
2549 774 2745 846 ipsum
2773 774 2847 829 ad
2869 778 3259 847 Areopagum.
3292 796 3316 820 ι»
3343 778 3468 832 Non
3516 779 3584 831 ut
3612 774 3725 832 alio

2078 861 2222 933 quid
2253 863 2573 931 discerent,
2605 863 2707 919 sed
2738 868 2803 918 ut
2824 863 2904 917 ibi
2932 863 3244 935 puniretur
3267 864 3368 921 ubi
3401 865 3727 939 agebantur

2078 968 2270 1007 causae
2301 953 2664 1009 criminales.
2710 962 3053 1026 Areopagus
3112 959 3309 1009 autem
3376 961 3502 1009 erat
3557 954 3726 1013 locus

2079 1042 2323 1112 quidam
2353 1043 2437 1097 sic
2470 1043 2683 1111 dictus,
2718 1043 3002 1114 quoniam
3043 1043 3123 1097 ibi
3179 1044 3349 1110 Mars,
3391 1047 3458 1099 ut
3504 1043 3723 1114 ferunt,

2076 1131 2355 1187 adulterii
2387 1149 2590 1204 pcenas
2622 1132 2803 1187 dedit.
2839 1131 3022 1207 ΙΙάγος
3068 1149 3202 1187 vero
3245 1132 3513 1187 excelsus
3560 1133 3725 1191 locus

2076 1225 2207 1275 est:
2245 1222 2541 1292 siquidem
2586 1223 2646 1277 in
2704 1222 2856 1279 colle
2909 1222 3169 1294 quodam
3227 1227 3354 1277 erat
3398 1221 3566 1277 locus
3623 1222 3724 1279 ille

2065 1310 2303 1382 judicii.
2337 1311 2501 1367 Unde
2534 1313 2711 1367 etiam
2743 1311 2900 1384 apud
2930 1312 3257 1368 nonnullos
3299 1308 3580 1389 πάγαρχοι
3629 1328 3727 1385 ap-

2071 1398 2376 1470 pellantur
2406 1401 2674 1456 locorum
2697 1417 2764 1456 ac
2792 1401 3146 1473 oppidorum
3174 1399 3481 1473 prtesides.

2142 1487 2313 1558 XVII,
2347 1493 2435 1558 22,
2465 1492 2555 1547 23.
2605 1512 2633 1539 ‹‹
2669 1491 2840 1546 Stans
2898 1495 3096 1546 autem
3149 1489 3367 1545 Paulus
3412 1490 3475 1545 in
3526 1490 3723 1547 medio

2079 1596 2100 1625 ι
2125 1578 2314 1632 Martii
2340 1579 2494 1651 pagi,
2521 1579 2630 1634 ait:
2659 1579 2777 1633 Viri
2802 1579 3217 1647 Athenienses,
3250 1595 3357 1650 per
3370 1578 3574 1634 omnia
3601 1578 3724 1637 fere

2073 1688 2100 1715 «
2136 1668 2667 1738 superstitiosiores
2699 1685 2798 1723 vos
2832 1667 3023 1723 video.
3058 1668 3413 1723 Praeteriens
3459 1667 3620 1723 enim
3651 1685 3721 1725 ac

2035 1754 2039 1765 λ
2071 1779 2100 1806 ‹‹
2135 1757 2547 1829 contemplans
2578 1757 2829 1813 delubra
2858 1761 3071 1825 vestra,
3104 1758 3296 1829 reperi
3329 1763 3388 1812 et
3435 1774 3598 1813 aram
3658 1758 3721 1813 in

1692 1844 1788 1900 Ὀν
1873 1846 1964 1898 οῦν

2091 1866 2103 1892 ‹
2135 1862 2253 1916 qua
2280 1846 2637 1918 inscriptum
2668 1852 2832 1901 erat:
2858 1846 3115 1902 IGNOTO
3146 1846 3307 1901 ΠΕΟ.
3334 1847 3516 1911 Quem
3546 1847 3726 1919 igitur

2075 1957 2103 1985 ‹‹
2137 1935 2477 2009 ignorantes
2508 1935 2725 2007 colitis,
2758 1937 2918 1991 hunc
2949 1952 3052 2009 ego
3085 1936 3373 1993 annuntio
3404 1934 3591 1991 vobis.
3622 1958 3651 1987 »

2145 2115 2299 2169 Duas
2326 2131 2461 2169 vero
2495 2131 2704 2171 causas
2736 2115 3003 2171 referunt
3022 2131 3130 2170 cur
3151 2115 3305 2187 apud
3324 2115 3720 2172 Athenienses

2074 2206 2424 2277 inscriptum
2454 2206 2635 2263 fuerit
2664 2225 2779 2263 arae
2808 2225 2821 2261 :
2854 2210 3056 2279 Ignoto
3102 2209 3238 2262 Deo.
3274 2207 3579 2279 Siquidem
3611 2208 3723 2263 ali-

2075 2295 2177 2365 qui
2195 2294 2588 2367 dicunt,quod
2610 2297 3006 2352 Athenienses
3020 2296 3418 2368 Philippidem
3432 2298 3721 2353 miserant

2074 2384 2149 2439 ad
2175 2384 2652 2442 Lacedaemonios
2701 2386 2773 2442 de
2803 2386 3046 2442 ferendo
3078 2386 3318 2453 auxilio,
3352 2404 3485 2443 cum
3525 2388 3719 2443 Persae

2076 2474 2400 2530 exercitum
2433 2475 2718 2532 ducerent
2748 2477 2810 2531 in
2841 2476 3146 2532 Graeciam.
3181 2477 3441 2542 Quorum
3498 2476 3724 2533 nuntiis

2066 2564 2241 2636 juxta
2268 2565 2656 2621 Parthenium
2688 2572 2953 2621 montem
2984 2566 3154 2621 Panis
3177 2572 3475 2638 spectrum
3497 2566 3728 2623 obviam

2070 2649 2316 2721 factum,
2350 2654 2744 2710 Athenienses
2766 2654 3103 2723 accusabat,
3129 2655 3309 2726 quod,
3344 2673 3405 2711 se
3437 2656 3730 2729 neglecto,

2071 2741 2219 2797 alios
2245 2742 2386 2799 deos
2427 2743 2726 2801 colerent:
2786 2751 2842 2800 et
2890 2744 3177 2800 auxilium
3234 2745 3525 2816 promisit.
3586 2746 3731 2800 Cum

2072 2830 2272 2902 itaque
2296 2833 2542 2888 victoria
2564 2834 2733 2905 potiti
2758 2838 2977 2899 essent,
2996 2833 3387 2905 templumilli
3411 2838 3732 2888 erexerunt

2075 2936 2359 2993 aramque
2387 2922 2769 2978 aadiflcarunt
2809 2928 2865 2977 et
2902 2927 3186 2993 tanquam
3241 2921 3624 2976 observantes
3653 2936 3729 2977 ne

2076 3010 2165 3064 vel
2198 3010 2357 3066 idem
2390 3027 2534 3066 sane
2566 3011 2657 3065 vel
2686 3010 2850 3066 aliud
2883 3010 3077 3065 simile
3136 3010 3281 3082 ipsis
3328 3009 3645 3077 accideret,
3678 3008 3730 3065 si

2078 3099 2420 3170 quempiam
2458 3100 2727 3172 ignotum
2782 3099 2897 3154 sibi
2952 3098 3127 3154 deum
3184 3097 3730 3171 praetermitterent,

2078 3204 2242 3244 aram
2269 3188 2435 3243 illam
2466 3193 2804 3257 erexerunt,
2837 3187 3238 3244 inscribentes
3266 3205 3280 3242 :
3341 3187 3547 3260 Ignoto
3589 3188 3733 3259 Deo,

313 3276 504 3348 ἡμῶν,
536 3249 612 3336 εἰς
645 3249 810 3347 τιμῆν
840 3273 1044 3330 ἐκείνου
1088 3273 1244 3337 οὗτος
1306 3249 1388 3345 δὴ.
1432 3249 1589 3351 παρ’.
1613 3279 1774 3349 ἡμῶν
1833 3249 1962 3353 ἐγή-

2089 3278 2382 3333 iicentes:
2418 3276 2474 3331 Si
2506 3278 2640 3349 quis
2669 3278 2862 3333 adhuc
2894 3277 3047 3334 alius
3106 3294 3141 3333 a
3188 3276 3360 3332 nobis
3405 3277 3733 3348 ignoretur,

309 3363 512 3439 γέρθω,
543 3364 618 3426 ὡς
649 3361 714 3419 ἄν
738 3362 906 3427 *ίλεως
937 3365 1075 3438 ἡμῖν
1108 3362 1218 3436 εἴη,
1279 3363 1431 3439 εἷ’περ
1481 3365 1855 3441 ἀγνοούμενος
1887 3366 1963 3438 μὴ

314 3452 693 3528 θεραπεύοιτο.
727 3452 932 3509 ’Ἄλλοι
966 3451 1024 3509 δέ
1053 3474 1237 3533 φασιν,
1269 3452 1355 3510 ὅτι
1414 3453 1613 3529 λοιμὸς
1665 3454 1967 3528 κατέσκηψέ

313 3564 449 3598 ποτε
480 3544 775 3618 Ἀθήνῃσι,
805 3544 896 3597 καὶ
954 3542 1030 3604 εἷς
1088 3549 1347 3600 τοσοῦτον
1408 3543 1603 3607 αὐτοὺς
1671 3544 1969 3615 ἐξέκαυσεν,

312 3632 392 3692 ὡς
444 3628 588 3704 μηδὲ
620 3636 727 3686 τῶν
759 3631 1105 3688 λεπτοτάτων
1165 3631 1421 3689 σινδόνων
1472 3633 1772 3708 ἀνέχεσθαι.
1831 3635 1970 3695 Τοὺς

310 3720 726 3795 νομιζομένους
778 3719 868 3777 οῦν
927 3721 1105 3778 αὐτῶν
1158 3723 1312 3787 θεοὺς
1367 3723 1749 3798 θεραπεύοντες
1816 3720 1973 3779 οὐδὲν

315 3812 631 3868 ἆπὼναντο.
669 3812 1054 3882 Ἐννοήσαντες
1085 3812 1178 3867 οὗν
1235 3812 1317 3867 ὅτι
1374 3810 1509 3875 ἴσως
1563 3810 1673 3868 ἔστι
1732 3813 1870 3882 θεὸς,
1914 3812 1972 3868 δν

316 3901 476 3956 αἰ)τοὶ
535 3899 831 3958 κατέλιπον
887 3901 1260 3977 ἀγέραστον,ὁ
1315 3900 1407 3957 τὸν
1448 3900 1643 3975 λοιμὸν
1699 3900 1976 3976 καταπέμ-

322 3992 457 4062 ψας,
513 3988 632 4044 νέον
693 3986 1014 4063 δειμάμενοι
1096 3991 1310 4065 βωμὸν,
1390 3990 1480 4047 καὶ
1565 3990 1977 4067 ἐπιγράψαντες,

326 4084 659 4154 ΑΓΝΩΣΤῼ
691 4081 843 4146 ΘΕΩ,
902 4080 992 4133 καὶ
1034 4080 1310 4152 θύσαντες,
1366 4079 1561 4143 εὐθέως
1620 4080 2021 4159 ἐθεραπεύθη-⁸

328 4189 450 4226 σαν.
512 4172 717 4222 Τοῦτον
773 4166 866 4222 οῦν
923 4169 1153 4242 Χριστὸν
1211 4171 1421 4240 Ἰησοῦν
1478 4169 1611 4224 εἷναί
1680 4190 1811 4247 φησι
1868 4172 1979 4224 τῶν

326 4259 587 4314 ἁπάντων
618 4260 745 4314 Θεὸν
779 4259 807 4313 6
842 4258 1075 4326 Παῦλος,
1112 4260 1169 4313 δν
1217 4260 1308 4314 καὶ
1359 4258 1751 4336 καταγγέλλειν
1796 4260 1980 4321 αὐτοῖς

329 4342 582 4423 ἔφασκεν.
647 4349 802 4403 Ἐστι
862 4344 921 4402 δὶ
976 4349 1011 4417 ἡ
1081 4353 1223 4403 πᾶσα
1298 4353 1394 4403 τοῦ
1453 4352 1648 4425 βωμοῦ
1706 4348 1982 4426 ἐπιγραφὴ

330 4436 588 4507 τοιαύτη·
652 4443 806 4498 Θεοῖς
864 4436 1050 4499 Ἀσίας
1104 4439 1196 4493 καὶ
1272 4437 1547 4513 Εὐρώπης
1603 4438 1695 4495 καὶ
1748 4433 1983 4509 Λιϐύης,

330 4529 454 4597 Θεῷ
484 4525 751 4600 ἀγνώστῳ
772 4526 863 4580 καὶ
893 4525 1045 4599 ξένῳ,

2078 3368 2139 3422 in
2172 3366 2301 3437 ejus
2332 3365 2621 3422 honorem
2648 3366 2774 3422 haec
2811 3382 2970 3421 araa
2999 3365 3173 3421 nobis
3204 3370 3400 3420 erecta
3429 3368 3577 3431 esto,
3611 3381 3729 3436 quo

2077 3456 2250 3512 nobis
2291 3455 2587 3527 propitius
2646 3456 2742 3523 sit,
2802 3454 2965 3519 licet,
3034 3471 3169 3510 cum
3222 3454 3551 3526 ignoretur,
3608 3470 3730 3510 non

2081 3545 2328 3602 colatur.
2361 3545 2477 3600 Alii
2505 3561 2640 3601 vero
2673 3546 2842 3601 aiunt
2888 3549 3117 3616 pestem
3149 3543 3452 3615 quondam
3483 3544 3732 3600 Athenis

2080 3640 2407 3709 grassatam
2428 3634 2632 3702 fuisse,
2660 3634 2928 3706 adeoque
2960 3634 3096 3688 illos
3126 3633 3411 3701 exusisse,
3445 3637 3512 3687 ut
3542 3648 3734 3704 neque

2085 3723 2368 3780 sindones
2401 3723 2784 3779 tenuissimas
2814 3727 3058 3795 possent
3088 3721 3362 3776 tolerare.
3397 3721 3546 3774 137
3588 3721 3736 3776 Cum

2085 3813 2265 3885 igitur
2286 3813 2552 3869 colerent
2582 3828 2704 3878 eos,
2729 3811 2829 3883 qui
2849 3811 3005 3883 apud
3036 3810 3196 3881 ipsos
3227 3808 3309 3863 dii
3341 3807 3737 3894 habebantur,

2087 3902 2235 3957 nihil
2252 3901 2566 3974 adjumenti
2586 3898 3330 3970 senserunt.Intelligentes
3344 3897 3544 3966 itaque
3558 3911 3738 3967 quem

2089 3992 2225 4047 dam
2256 3991 2526 4046 fortassis
2557 4007 2685 4046 esse
2719 3990 2915 4055 deum,
2937 4004 3111 4059 quem
3138 3986 3251 4058 ipsi
3277 3986 3499 4057 absque
3514 3986 3739 4041 honore

2089 4081 2497 4152 reliquissent,
2527 4080 2625 4151 qui
2645 4084 2873 4152 pestem
2907 4077 3494 4141 immisisset,novam
3507 4080 3742 4131 exstru-

2090 4173 2305 4224 xerunt
2335 4184 2499 4222 aram
2530 4184 2598 4222 ac
2628 4167 3085 4238 inscripserunt,
3136 4166 3341 4233 Ignoto
3396 4165 3530 4220 Deo.
3564 4167 3738 4219 Cum-

2094 4274 2207 4330 que
2239 4257 2346 4327 ipsi
2382 4256 2839 4325 sacriﬁcassent,
2881 4255 3081 4310 statim
3122 4253 3309 4308 curati
3359 4259 3517 4308 sunt.
3566 4254 3735 4307 Hunc

2096 4363 2230 4418 ergo
2262 4346 2556 4400 Christum
2601 4346 2798 4401 Iesum
2857 4361 2986 4400 esse
3035 4344 3222 4399 Deum
3270 4343 3536 4398 omnium
3593 4341 3743 4396 dicit

2094 4434 2334 4500 Paulus,
2369 4450 2548 4504 quem
2598 4450 2659 4488 se
2701 4434 2822 4489 illis
2880 4433 3235 4490 annuntiare
3293 4431 3545 4486 dicebat.
3604 4430 3748 4485 Tota

2097 4527 2292 4579 autem
2323 4538 2438 4577 araa
2468 4521 2778 4593 inscriptio
2802 4522 2927 4578 haec
2960 4527 3081 4576 est:
3104 4522 3220 4576 Diis
3250 4518 3397 4575 Asia
3417 4525 3468 4574 et
3498 4520 3744 4589 Europae

1970 4612 2063 4681 χΙ)
2095 4632 2159 4672 ac
2189 4613 2393 4683 Libym,
2426 4614 2534 4668 Deo
2563 4615 2754 4685 ignoto
2785 4620 2835 4669 et
2857 4615 3177 4684 peregrino.

405 4729 432 4761 ο
471 4707 533 4764 Ὀ
575 4706 707 4767 Θεὸς
763 4706 792 4759 6
845 4707 1081 4777 ποιήσας
1138 4706 1230 4761 τὸν
1286 4707 1493 4779 κόσμον
1552 4708 1639 4762 καὶ
1697 4707 1869 4761 πάντα
1925 4697 2006 4761 τά

329 4818 360 4847 α
393 4795 449 4850 ἐν
474 4794 646 4866 αὐτῷ,
685 4794 843 4857 οὗτος
876 4795 1108 4868 οὐρανοῦ
1163 4794 1252 4849 καὶ
1308 4801 1411 4871 γῆς
1457 4796 1652 4870 Κύριος
1703 4795 1989 4872 ὑπαρχων,

335 4910 365 4939 κ
398 4885 501 4941 οὐκ
557 4885 609 4940 ἐν
672 4886 1091 4960 χειροποιήτοις
1169 4889 1320 4948 ναοῖς
1373 4891 1638 4953 κατοικεῖ,
1696 4883 1822 4940 οὐδὲ
1889 4884 1991 4940 ὑπὸ

333 4999 364 5027 κ
400 4979 611 5051 χειρῶν
641 4974 942 5049 ἀνθρώπων
970 4974 1318 5048 θεραπεύεται
1372 4972 1772 5049 προσδεόμενός
1819 4996 1992 5043 τινος,

342 5088 371 5117 α
406 5062 571 5125 αὐτὸς
602 5061 787 5125 διδοὺς
844 5069 973 5118 πᾶσι
1036 5065 1179 5133 ζωὴν
1235 5063 1322 5118 καὶ
1383 5065 1554 5132 πνοὴν
1614 5064 1751 5120 κατὰ
1794 5064 1990 5119 πάντα·

337 5180 367 5207 α
399 5152 630 5223 ἐποίησὲ
657 5175 714 5209 τε
743 5154 794 5225 ἐξ
839 5142 956 5215 ἐνὸς
1015 5150 1247 5228 α’ίματος
1301 5159 1403 5208 πᾶν
1462 5149 1611 5216 ἔθνος
1670 5153 1993 5229 ἀνθρώπων,

345 5268 366 5295 ι
404 5248 678 5298 κατοικεῖν
711 5241 799 5296 ἐπὶ
830 5247 932 5297 πᾶν
960 5242 1022 5297 τὸ
1046 5242 1342 5317 πρόσωπον
1372 5249 1472 5311 τῆς
1501 5249 1624 5315 γῆς.
1658 5266 1682 5292 ι»

417 5333 532 5389 Ἰνα
567 5334 642 5405 μὴ
686 5330 986 5404 νομίσωσιν
1044 5327 1136 5387 ἕνα
1190 5336 1298 5388 τῶν
1354 5329 1581 5388 πολλῶν
1637 5334 1774 5389 εἶναι
1842 5334 1996 5394 Θεὸν.

415 5551 498 5623 (2)
529 5549 781 5634 Nomine
840 5545 1443 5634 δεισιᾷᾳιμονρστέροες,
1465 5549 1504 5634 ¹ἰ
1538 5550 2000 5634 superstitiosio-

348 5619 447 5680 res
475 5619 622 5679 nens
648 5626 761 5687 est,
794 5639 901 5693 pro
931 5619 1351 5694 religiosiores.
1382 5624 1485 5677 Est
1526 5619 1687 5678 enim
1742 5619 2000 5677 δεισιδαί-

352 5716 496 5768 μων,
528 5694 649 5751 sive
689 5692 1157 5771 snperstitiosus,
1217 5711 1348 5766 qua)
1407 5694 1706 5750 daamonia
1759 5695 2000 5770 veritus,

2174 4701 2339 4771 FVII,
2373 4703 2563 4757 24.26.
2599 4724 2627 4752 ‹‹
2660 4704 2813 4757 Deus
2856 4702 2957 4773 qui
3008 4700 3275 4757 condidit
3328 4698 3641 4770 mundum,
3682 4714 3751 4754 ac

2103 4814 2129 4842 ‹‹
2164 4792 2368 4847 omnia
2398 4808 2528 4863 quin
2560 4792 2622 4847 in
2654 4808 2721 4846 eo
2755 4796 2915 4859 sunt,
2962 4790 3058 4845 hic
3104 4790 3235 4846 cceli
3289 4796 3347 4845 et
3392 4795 3565 4845 terra;
3614 4804 3751 4844 cum

2102 4902 2130 4931 «
2167 4880 2243 4935 sit
2274 4881 2584 4945 Dominus,
2617 4897 2735 4935 non
2768 4881 2829 4935 in
2862 4878 3218 4935 manufactis
3250 4876 3750 4950 templishabitat,

2066 4990 2069 4995 ·
2106 4992 2134 5021 «
2166 4987 2275 5026 nec
2306 4970 2584 5025 manibus
2626 4970 2903 5026 humanis
2945 4968 3162 5024 colitur
3212 4967 3486 5039 indigens
3524 4966 3749 5037 aliquo,

2106 5082 2134 5109 ‹‹
2168 5076 2303 5114 cum
2335 5060 2461 5131 ipse
2495 5059 2593 5115 det
2625 5061 2801 5115 vitam
2832 5066 2888 5115 et
2917 5059 3170 5114 halitum
3203 5073 3309 5129 per
3329 5057 3563 5112 omnia:
3593 5056 3754 5112 fecit-

2108 5169 2138 5201 ι(
2168 5165 2281 5219 que
2310 5166 2381 5204 ex
2400 5167 2520 5206 uno
2548 5152 2835 5225 sanguine
2866 5167 3040 5207 omne
3090 5163 3276 5221 genus
3325 5147 3658 5215 hominum,
3688 5152 3755 5202 ut

2111 5259 2134 5291 α
2168 5238 2533 5295 inhabitaret
2562 5258 2740 5313 super
2768 5242 3105 5297 universam
3135 5239 3349 5295 faciem
3378 5244 3572 5294 terras.
3607 5259 3635 5287 »

2178 5328 2259 5383 Ne
2316 5344 2501 5384 unum
2544 5346 2574 5385 e
2626 5331 2797 5403 vulgo
2854 5331 3102 5388 deorum
3161 5328 3575 5385 existimarent
3628 5339 3756 5381 esse

2112 5553 2312 5611 omnia
2342 5568 2447 5624 pro
2479 5547 2826 5605 numinibus
2858 5548 3018 5618 colit,
3048 5551 3107 5603 et
3135 5546 3398 5618 lapidem
3443 5549 3502 5600 et
3532 5542 3760 5614 lignum

2115 5634 2173 5683 et
2202 5625 2500 5697 spiritum.
