4150 6200
489 356 614 417 239

1617 349 1748 411 (ΕΟ
1761 349 2032 410 UMENll
2077 349 2378 412 TRIGGIE
2421 349 2781 414 EPlSCOPI

3783 351 3888 410 240

499 491 704 548 Deum.
737 488 836 558 qui
879 485 950 542 ab
983 486 1109 558 ipso
1139 484 1584 556 praedicaretur,
1635 485 1984 558 corrigendo
2032 485 2139 542 sub

2254 485 2342 540 τὸν
2413 485 2508 542 ὑπ’
2561 487 2730 542 αὐτοῦ
2785 484 3216 560 κηρυττόμενον,
3277 481 3594 559 διορθοῦται
3661 483 3890 562 ἐπάγων.

488 579 726 650 jungit:
771 597 798 624 ιι
833 577 956 629 Non
1004 575 1066 628 in
1119 575 1476 629 manulactis
1535 575 1774 644 templis
1835 576 2079 630 habitat.
2115 597 2143 625 ››

501 664 735 720 Habitat
768 663 1062 733 siquidem
1092 664 1151 716 in
1183 663 1443 734 templis,
1493 679 1696 716 verum
1751 679 1870 717 non
1923 663 1984 717 in
2029 663 2144 728 his,

497 753 594 808 sed
633 753 691 806 in
726 753 926 808 anima
951 753 1232 807 humana.
1261 755 1460 822 Neque
1483 752 1642 807 enim
1665 753 1727 806 in
1746 753 1970 824 templo
1993 753 2148 807 Jero-

495 842 858 913 solymorum
897 843 1162 897 habitare
1195 843 1432 906 dicitur,
1487 843 1589 897 sed
1641 842 1893 914 operari.
1949 845 2146 914 Neque

493 933 773 987 manibus
805 932 1116 986 hominum
1169 931 1327 1003 apud
1375 932 1608 987 Judaeos
1656 931 1983 1000 colebatur,
2045 932 2148 988 sed

495 1029 724 1077 mente:
757 1023 1040 1093 quoniam
1072 1039 1182 1076 nec
1216 1021 1321 1076 illa
1355 1023 1435 1076 ita
1467 1021 1778 1093 expetebat
1817 1021 1986 1093 quasi
2019 1039 2148 1095 ege-

499 1118 608 1167 ret.
643 1115 813 1176 Num,
847 1113 1062 1182 inquit,
1091 1111 1260 1166 edam
1296 1127 1504 1166 carnes
1527 1113 1876 1166 taurorum?
1895 1117 1995 1167 aut
2023 1129 2153 1168 san-

499 1203 736 1274 guinem
771 1202 1070 1256 hircorum
1099 1201 1313 1272 potabo
1339 1200 1366 1254 ?
1398 1207 1508 1255 etc.

569 1293 741 1359 XVII,
794 1295 984 1346 26-29.
1047 1318 1071 1341 ιι
1135 1291 1474 1345 Praefiniens
1532 1289 1830 1345 destinata
1885 1297 2153 1362 tempora

503 1403 530 1432 ιι
565 1381 972 1450 terminosque
1015 1379 1405 1433 habitationis
1437 1395 1662 1444 eorum,
1717 1385 1780 1433 ut
1819 1391 2154 1450 qumrerent

498 1492 526 1518 «
561 1469 768 1536 Deum,
806 1469 853 1522 si
871 1469 1021 1522 forte
1055 1467 1296 1538 palpent
1323 1483 1458 1521 eum
1494 1472 1550 1520 et
1591 1468 1918 1535 inveniant,
1954 1485 2156 1540 quam-

496 1580 524 1606 ιι
560 1557 647 1612 vis
669 1573 788 1612 non
825 1557 998 1628 longe
1031 1555 1184 1610 absit
1216 1556 1287 1612 ab
1319 1573 1682 1628 unoquoque
1733 1563 2025 1612 nostrum.
2084 1558 2151 1614 In

501 1667 527 1696 ιι
562 1645 688 1716 ipso
723 1645 881 1700 enim
907 1646 1154 1700 vivimus
1187 1649 1245 1700 et
1275 1662 1583 1700 movemur
1614 1663 1680 1701 ac
1714 1663 1941 1714 sumus,
1997 1648 2156 1718 sicut

499 1757 527 1784 ιι
563 1739 623 1789 et
652 1735 892 1806 quidam
924 1739 1254 1789 vestrorum
1309 1741 1618 1805 poetarum
1659 1735 1935 1791 dixerunt
1964 1751 1976 1789 :
2009 1737 2150 1790 Nam

2260 599 2280 625 ιι
2317 576 2430 630 Οὐκ
2480 575 2530 629 ἐν
2593 578 3012 656 χειροποιήτοις
3071 580 3224 635 ναοῖς
3304 579 3571 628 κατοικεῖ.
3637 600 3657 626 ι
3749 576 3892 632 Οἶκεῖ

2259 663 2352 736 μὲν
2378 665 2480 739 γὰρ
2511 664 2561 718 ἐν
2586 670 2762 730 ναοῖς,
2789 663 2916 718 ἀλλ’
2947 661 3047 717 οὐκ
3104 661 3157 716 ἐν
3213 662 3456 730 τούτοις,
3515 660 3640 717 ἀλλ’
3701 661 3752 716 ἐν
3805 662 3891 718 ἆν-

2255 753 2498 827 Θρωπίνῃ
2529 756 2704 829 ψυχῆ.
2738 751 2880 810 Οὐδὲ
2937 752 3036 826 γὰρ
3097 750 3148 806 ἐν
3203 755 3282 823 τῷ
3339 755 3454 823 ναῷ
3509 756 3616 806 τῶν
3671 753 3891 826 Ἰεροσο-

2257 840 2447 915 λύμων
2507 841 2718 915 λέγεται
2779 841 2969 910 οἰκεῖν,
3053 840 3180 894 ἀλλ’
3261 838 3509 914 ἐνεργεῖν.
3599 838 3736 895 Οὐδὲ
3797 841 3888 896 ὑπὸ

2257 936 2464 1008 χειρῶν
2551 930 2848 1005 ἀνθρώπων
2932 929 3078 1003 παρὰ
3152 926 3439 992 Ἰουδαίοις
3530 928 3892 1002 ἐθεραπεύετο,

2269 1017 2576 1074 ηλλ”“δ
2710 1018 2958 1072 ί
3038 1017 3051 1036 ν
3121 1018 3204 1036 ε’
3391 1015 3428 1048 ’-
3504 1015 3590 1054 ’μ

2259 1041 2288 1072 α
2417 1041 2518 1074 οπο
2589 1040 2698 1074 ιανο
2731 1039 2787 1081 ας
2846 1039 2960 1073 επει
2991 1038 3207 1072 κακεινα
3240 1039 3300 1091 γε
3351 1039 3449 1072 ουκ
3500 1019 3675 1088 εζητει
3727 1038 3892 1079 ουτως

2259 1107 2439 1183 ὥσπερ
2469 1106 2740 1182 δεόμενος.
2777 1107 2923 1177 Φησί
2954 1107 3074 1182 γὰρ,
3107 1109 3196 1177 Μὴ
3231 1107 3488 1186 φάγωμαι
3521 1101 3722 1180 κρέατα
3773 1107 3890 1160 ταύ-

2261 1219 2364 1272 ρων
2399 1218 2411 1268 ;
2513 1202 2652 1272 αἷμα
2680 1198 2895 1274 τράγων
2923 1197 3137 1271 πίωμαι
3165 1216 3179 1267 ;
3209 1197 3298 1251 καί
3330 1197 3396 1252 τὰ
3427 1197 3572 1266 ἑξῆς.

2333 1313 2360 1340 ιι
2421 1287 2640 1362 Ὀρίσας
2719 1289 3230 1363 προστεταγμένους
3335 1285 3561 1362 καιροὺς
3643 1285 3734 1341 καὶ
3805 1287 3894 1348 τὰς

2263 1402 2289 1430 ιι
2323 1378 2600 1454 ὁροθεσίας
2688 1380 2784 1446 τῆς
2865 1375 3144 1436 κατοικίας
3245 1375 3451 1444 αὐτῶν,
3547 1380 3730 1446 ζητεῖν
3813 1373 3894 1430 τὸν

2261 1492 2288 1521 ιι
2322 1468 2474 1538 Θεὸν,
2507 1466 2553 1521 εί
2615 1467 2715 1542 ἂρα
2769 1489 2828 1542 γε
2873 1464 3246 1542 ψηλαφήσειεν
3298 1465 3462 1520 αὐτὸν
3521 1464 3612 1518 καὶ
3671 1462 3894 1539 εὕροιεν,

2263 1581 2290 1609 ιι
2321 1557 2560 1634 καίτοιγε
2589 1557 2650 1612 οὐ
2687 1560 2895 1633 μακρὰν
2926 1557 3035 1613 ἀπὸ
3065 1557 3183 1618 ἑνὸς
3215 1557 3329 1618 ἰνὸς
3357 1557 3586 1610 ἑκάστου
3615 1557 3777 1630 ἡμῶν
3805 1556 3900 1609 ὓπ-

2268 1671 2288 1697 ι
2334 1649 2593 1726 άρχοντα.
2627 1649 2712 1704 Ἐν
2747 1646 2891 1718 αὐτῷ
2918 1647 3022 1722 γὰρ
3081 1652 3259 1720 ζῶμεν
3317 1644 3407 1700 καὶ
3465 1644 3764 1716 κινούμεθα
3815 1643 3898 1698 καὶ

2265 1759 2292 1787 κ
2325 1734 2506 1808 ἐσμὲν,
2541 1737 2613 1798 ὡς
2643 1737 2732 1791 καί
2759 1757 2901 1798 τινες
2933 1740 3039 1790 τῶν
3079 1736 3196 1790 καθ’
3259 1735 3399 1807 ὑμᾶς
3457 1737 3704 1804 ποιητῶν
3765 1733 3901 1807 εἰρή-

3245 1375 3451 1444 αὐτῶν,

506 1844 533 1873 ιι
566 1824 746 1895 hujus
778 1823 956 1878 etiam
1006 1823 1316 1895 progenies
1365 1840 1588 1878 sumus.
1643 1825 1788 1879 Cum
1848 1841 1982 1897 ergo
2051 1824 2140 1880 Dei

2262 1851 2288 1878 ιι
2315 1846 2457 1881 κασι.
2493 1828 2604 1882 Τοῦ
2639 1825 2862 1900 γὰρκαὶ
2919 1827 3071 1901 γένος
3129 1821 3312 1898 ἐομέν.
3369 1821 3528 1884 Γένος
3585 1823 3680 1876 οὗν
3738 1821 3898 1896 ὑπάρ-

500 1935 528 1963 ‹‹
563 1929 750 1985 genus
791 1914 998 1982 simus,
1029 1929 1148 1966 non
1185 1912 1471 1967 debemus
1503 1913 1840 1969 existimare
1888 1931 2030 1970 auro
2061 1915 2152 1969 vel

499 2024 528 2053 ιι
561 2009 824 2074 argento,
861 2019 966 2058 seu
996 2001 1178 2073 lapidi
1207 2007 1330 2056 arte
1365 2002 1617 2074 sculpto,
1671 2008 1727 2058 et
1775 2003 2011 2058 invento
2043 2003 2146 2059 ho-

497 2115 526 2142 ιι
559 2093 738 2146 minis
773 2094 1000 2146 Numen
1034 2107 1162 2146 esse
1195 2091 1412 2147 simile.
1449 2113 1476 2140 »

567 2205 594 2232 ιι
629 2181 978 2236 Ρτωίὶηἰθηδ
1036 2181 1334 2236 destinata
1388 2187 1745 2251 tempora.»
1805 2183 2146 2250 Praefinivit,

494 2273 708 2342 inquit.
733 2277 799 2326 ut
815 2273 995 2325 Deum
1012 2277 1349 2341 quaererent
1379 2287 1390 2324 :
1426 2275 1484 2324 at
1505 2288 1624 2326 non
1642 2288 1876 2342 semper
1906 2273 2016 2327 hoc
2045 2272 2143 2326 de-

493 2361 860 2420 stinavit.sed
878 2360 1216 2414 constitutis
1234 2361 1601 2430 temporibus
1626 2377 1637 2413 :
1665 2363 1690 2414 Ι
1709 2361 1806 2414 48
1829 2362 2148 2416 ostendens

493 2451 650 2522 quod
691 2466 849 2506 nunc
877 2466 1010 2504 cum
1043 2450 1397 2520 repererint,
1430 2466 1503 2504 ne
1537 2451 1853 2519 qumsitum
1882 2451 2142 2522 quidem.

491 2540 982 2612 Quandoquidem
1015 2540 1172 2594 enim
1233 2556 1352 2593 non
1402 2540 1716 2610 quaesitum
1771 2541 2142 2607 invenerunt,

492 2632 864 2687 demonstrat
893 2631 1040 2686 adeo
1071 2629 1455 2684 manifestum
1491 2647 1624 2685 eum
1657 2629 1861 2700 fuisse,
1885 2632 2063 2687 veluti
2097 2632 2145 2686 si

493 2721 635 2792 quid
669 2722 731 2776 in
761 2720 960 2775 medio
994 2720 1174 2774 situm
1208 2724 1632 2774 contrectetur.
1675 2721 1874 2791 Neque
1907 2721 2145 2775 enimin

495 2811 606 2866 hoc
641 2811 768 2865 loco
803 2808 1220 2864 inveniebatur
1251 2808 1334 2863 sic
1365 2814 1428 2862 ut
1457 2825 1577 2862 non
1621 2808 1788 2875 alibi,
1839 2826 2034 2880 neque
2083 2810 2147 2864 in

487 2900 600 2954 hoc
631 2905 897 2970 tempore
930 2901 1056 2953 erat
1086 2897 1170 2952 sic
1201 2903 1264 2951 ut
1297 2897 1357 2950 in
1404 2897 1520 2952 alio
1553 2914 1672 2952 non
1718 2903 1875 2953 esset
1908 2917 1920 2955 :
1973 2899 2145 2953 Omni

489 2987 689 3059 itaque
725 2995 990 3060 tempore
1024 2986 1306 3056 omnique
1337 2985 1467 3040 loco
1501 2987 1834 3056 potuissent
1887 3003 2024 3041 eum
2053 2988 2143 3041 in-

491 3077 722 3132 venire:
757 3077 840 3132 ita
867 3092 1126 3146 namque
1158 3074 1533 3145 disposuerat
1561 3080 1626 3128 ut
1655 3091 1847 3146 neque
1873 3075 1999 3130 loco
2023 3075 2144 3130 ullo

495 3169 816 3230 arceretur,
849 3180 1042 3233 neque
1077 3169 1361 3233 tempore.
1412 3163 1556 3216 Nam
1597 3163 1709 3218 hoc
1755 3164 1950 3234 ipsum
2001 3180 2142 3220 sane

489 3251 612 3305 illis
643 3253 900 3306 maxime
931 3251 1276 3320 adjumento
1319 3255 1463 3316 erat,
1499 3249 1656 3319 quod
1705 3250 1926 3322 ubique
1987 3259 2141 3308 esset

491 3340 647 3393 Deus
678 3339 960 3408 omnique
1021 3343 1285 3407 tempore
1339 3336 1708 3406 perduraret.
1772 3342 1838 3393 Et
1887 3341 1996 3396 hoc
2058 3345 2145 3397 est

493 3428 653 3498 quod
684 3429 766 3482 ait
795 3444 808 3481 :
839 3453 862 3480 ιι
895 3427 1071 3496 Atqui
1105 3443 1224 3479 non
1259 3425 1432 3497 longe
1464 3427 1633 3481 abest
1680 3429 1752 3482 ab
1784 3446 2142 3502 unoquoque

491 3523 783 3572 nostrum.
810 3545 833 3568 ι,
859 3518 1001 3570 Nam
1027 3531 1206 3585 prope
1230 3531 1437 3568 omnes
1461 3521 1567 3582 est,
1593 3516 1933 3589 ubicunque
1957 3527 2140 3574 terra.

494 3625 627 3664 rum
658 3608 818 3663 sint:
849 3606 1114 3676 adeoque
1157 3620 1338 3675 prope
1371 3609 1460 3658 est
1493 3609 1557 3658 ut
1611 3606 1833 3676 absque
1877 3625 1942 3662 eo
1991 3601 2142 3664 nulli

489 3698 612 3755 vita
642 3699 736 3752 sit.
772 3721 799 3748 «
835 3699 900 3751 In
929 3696 1057 3766 ipso
1092 3693 1250 3748 enim
1311 3693 1555 3747 vivimus
1614 3699 1670 3747 et
1717 3711 2024 3750 movemur
2075 3713 2144 3752 ac

493 3809 776 3848 sumus.»
827 3785 1337 3856 Quemadmodum
1388 3785 1446 3838 in
1493 3786 1786 3857 corporali
1848 3789 2138 3860 exemplo,

493 3885 646 3939 sicut
672 3881 1040 3954 impossibile
1069 3883 1155 3934 est
1186 3879 1460 3950 ignorare
1487 3893 1708 3945 aerem,
1767 3879 1868 3949 qui
1919 3879 2140 3950 ubique

491 3973 865 4040 diffunditur,
899 3989 1008 4026 nec
1039 3971 1214 4041 longe
1245 3967 1316 4024 ab
1349 3985 1711 4040 unoquoque
1751 3975 2018 4025 nostrum
2048 3971 2144 4026 ab-

487 4069 595 4130 est,
624 4063 768 4132 quin
801 4061 996 4131 potius
1029 4060 1088 4114 in
1118 4059 1292 4113 nobis
1328 4064 1436 4126 est,
1469 4059 1550 4112 ita
1607 4075 1749 4113 sane
1781 4065 1837 4112 et
1871 4061 2139 4116 omnium

487 4151 866 4208 Conditorem
893 4151 1078 4204 Deum
1105 4149 1378 4220 ignorare
1401 4162 1523 4201 non
1559 4149 1990 4217 possumus.Ab
2013 4150 2138 4221 ipso

492 4243 650 4298 enim
681 4240 968 4296 habemus
1001 4243 1064 4294 ut
1118 4239 1324 4302 simus,
1380 4241 1446 4289 ut
1501 4251 1842 4305 operemur,
1899 4244 1965 4293 ut
2019 4256 2140 4294 non

487 4348 819 4405 pereamus.
855 4329 1076 4386 Deinde
1118 4328 1296 4382 etiam
1351 4325 1694 4378 vaticinium
1745 4325 1865 4380 illis
1913 4327 2141 4382 inducit

489 4424 646 4478 Arati
672 4427 858 4494 poetae
901 4417 1212 4490 cujusdam
1261 4415 1417 4469 inter
1467 4430 1566 4468 eos
1613 4415 1712 4485 qui
1773 4416 1930 4485 apud
1979 4417 2139 4488 ipsos

485 4511 697 4575 fuerat,
731 4510 804 4565 ad
848 4509 938 4564 sui
1001 4505 1290 4561 sermonis
1339 4503 1857 4558 confirmationem
1890 4521 1902 4558 :
1939 4533 1960 4556 ιι
1996 4507 2136 4561 Nam

2257 1940 2283 1966 ιι
2319 1934 2510 1989 χοντες
2541 1919 2636 1970 τοῦ
2668 1919 2823 1984 Θεοῦ,
2887 1915 2985 1970 οὐκ
3041 1912 3334 1992 ὀφείλομεν
3391 1913 3657 1984 νομίζειν,
3715 1915 3899 1986 χρυσῷ

2257 2028 2284 2057 ιι
2316 2001 2594 2080 ἤάργύρῳ
2693 2003 2833 2076 λίθῳ
2895 2004 3207 2078 χαράγματι
3261 1998 3462 2076 τέχνης
3519 2000 3609 2054 καὶ
3664 1997 3896 2074 ἐνθυμή-

2260 2118 2278 2144 σ
2317 2113 2453 2154 σεως
2487 2093 2773 2167 ἀνθρώπου
2797 2092 2860 2146 τὸ
2887 2097 3040 2146 Θεῖον
3081 2092 3218 2146 εἶναι
3251 2089 3466 2163 ὅμοιον.
3505 2113 3532 2141 ››

2327 2204 2354 2232 ιι
2411 2181 2629 2252 Ὀρὶσας
2706 2183 3206 2256 προστεταγμένους
3296 2187 3539 2251 καιρούς.
3606 2201 3634 2229 ››
3694 2179 3893 2251 Ὠρισε,

2253 2270 2406 2344 φησὶ,
2442 2275 2672 2340 ζητῆσαι
2703 2270 2793 2323 τὸν
2823 2269 2976 2324 Θεόν⁶
3032 2266 3158 2322 ἀλλ’
3215 2267 3276 2322 ού
3337 2265 3426 2320 διὰ
3485 2265 3684 2328 παντὸς
3743 2269 3896 2320 τοῦτο

2253 2359 2462 2433 ὥρισεν,
2550 2357 2696 2413 ἀλλὰ
2781 2357 3284 2431 προστεταγμένους
3367 2353 3612 2426 καιροὺς,
3703 2350 3904 2417 δεικνὺς

2253 2449 2334 2502 ὅτι
2366 2453 2456 2502 νῦν
2487 2446 2617 2522 ούχί
2667 2449 2995 2517 ζητήσαντες
3054 2447 3230 2521 εὗρον.
3289 2441 3512 2512 Ἐπειδή
3570 2444 3677 2520 γάρ
3730 2445 3902 2514 ζητή-

2255 2539 2439 2599 σάντες
2467 2537 2574 2616 οὐχ
2606 2538 2778 2612 εὗρον,
2833 2535 3096 2592 δείκνυσιν
3159 2539 3241 2591 ὅτι
3297 2537 3471 2599 οὓτως
3529 2533 3595 2603 ἢν
3652 2534 3898 2615 φανερὸς,

2249 2623 2430 2701 ὥσπερ
2463 2624 2524 2680 ἄν
2576 2625 2652 2688 εἰς
2717 2625 2876 2698 μέσον
2935 2647 2986 2681 τι
3045 2624 3478 2700 πηλαφώμενον·
3542 2624 3604 2679 οὐ
3661 2623 3764 2698 γὰρ
3823 2622 3902 2677 ἐν·

2248 2719 2415 2770 ταῦθα
2475 2716 2570 2789 μὶν
2634 2717 2698 2784 ἦν
2763 2715 3009 2790 οὐρανὸς,
3069 2715 3326 2794 ἀλλαχοῦ
3385 2711 3442 2768 δὲ
3499 2711 3586 2768 οὗ.
3657 2710 3795 2771 Οὐδὲ
3851 2711 3898 2766 ἐν

2247 2805 2533 2877 τούτῳτῷ
2571 2805 2762 2880 χρόνῳ
2821 2805 2910 2876 ἦν,
2969 2803 3020 2858 ἐν
3091 2801 3251 2876 ἄλλῳ
3312 2801 3369 2858 δὲ
3427 2801 3507 2857 οὕ·
3570 2799 3712 2858 ὥστε
3767 2802 3902 2856 κατὰ

2250 2899 2423 2952 πάντα
2473 2898 2662 2973 καιρὸν
2725 2897 2812 2952 καὶ
2869 2899 3006 2951 κατὰ
3058 2903 3230 2952 πᾶσαν
3316 2893 3596 2970 ὀροθεσίαν
3679 2892 3897 2950 δυνατὸν

2249 2986 2410 3041 αὐτὸν
2465 2987 2658 3062 εύρεῒν·
2716 2985 2892 3050 οὕτως
2949 2987 3052 3062 γὰρ
3115 2985 3494 3058 ᾠκονόμησεν,
3563 2982 3702 3040 ὥστε
3762 2985 3900 3057 μήτε

2244 3077 2398 3148 τόπῳ
2429 3075 2756 3146 κωλύεσθαι,
2796 3079 2935 3148 μήτε
2977 3076 3184 3150 χρόνῳ.
3246 3073 3390 3131 Αὐτὸ
3451 3075 3556 3150 γὰρ
3617 3070 3682 3143 δὴ
3739 3076 3900 3128 τοῦτο

2253 3165 2494 3239 μάλιστα
2551 3165 2736 3228 αὐτοῖς
2816 3159 3210 3236 συνεϐάλλετο,
3298 3167 3360 3218 τὸ
3419 3167 3704 3238 πανταχοῦ
3764 3163 3900 3217 εἶναι

2250 3256 2342 3310 τὸν
2377 3255 2625 3332 οὐρανὸν,
2654 3255 2716 3309 τὸ
2748 3253 2800 3310 ὲν
2832 3256 2992 3309 παντὶ
3041 3253 3230 3328 χρόνῳ
3289 3253 3523 3308 ἑστάναι.
3585 3251 3684 3306 Καὶ
3737 3250 3900 3306 τοῦτό

2253 3343 2394 3399 ἐστιν
2426 3345 2454 3397 ’ὁ
2485 3365 2640 3422 φησι,
2667 3367 2694 3394 (‹
2731 3343 2834 3400 Καί
2866 3364 2929 3418 γε
2956 3341 3017 3396 ού
3081 3341 3290 3416 μακρὰν
3345 3340 3450 3395 ἀπὸ
3505 3339 3622 3404 ἑνὸς
3675 3338 3900 3393 ἑκάστου

2251 3436 2412 3505 ἡμῶν
2447 3429 2588 3488 ὅντα.
2625 3457 2653 3485 ››
2706 3436 2841 3489 [lict
2897 3434 2999 3507 γὰρ
3061 3430 3218 3508 ἐγγύς
3279 3430 3390 3485 ἐστι
3447 3435 3566 3490 τοῖς
3625 3433 3904 3503 πανταχοῦ

2251 3525 2346 3590 τῆς
2406 3521 2734 3593 οἰκουμένης
2795 3522 2936 3576 οὗσι·
2998 3521 3087 3575 καὶ
3149 3519 3322 3580 οὕτως
3382 3518 3546 3596 ἐγγύς
3605 3517 3770 3585 ἐστιν,
3829 3518 3904 3580 ὡς

2253 3611 2430 3684 χωρὶς
2465 3609 2630 3664 αὐτοῦ
2693 3611 2768 3683 μὴ
2835 3613 2953 3680 ζῇν.
3009 3634 3036 3660 ιι
3077 3611 3164 3666 Ἐν
3217 3607 3363 3680 αύτῷ
3407 3627 3511 3685 γαρ
3571 3612 3750 3680 ζῶμεν
3811 3605 3908 3661 καὶ

2249 3700 2541 3770 κινούμεθα
2587 3699 2676 3752 καὶ
2731 3696 2911 3770 ἐσμέν.
2975 3721 3001 3750 ››
3059 3699 3259 3772 Ὠσπερ
3321 3697 3372 3752 ἐν
3424 3701 3722 3770 σωματικῷ
3776 3697 3906 3750 ὑπο-

2251 3783 2519 3862 δείγματι,
2577 3787 2653 3847 ὡς
2713 3783 2974 3842 ἀδύνατον
3031 3786 3294 3862 ἀγνοῆσαι
3345 3788 3436 3840 τὸν
3511 3783 3642 3861 ἀέρα
3697 3805 3906 3840 παντα-

2251 3880 2356 3951 χοῦ
2412 3876 2736 3951 κεχυμένον,
2794 3874 2884 3929 καὶ
2941 3874 3002 3929 ού
3059 3876 3267 3948 μακρὰν
3317 3875 3424 3930 ἀπὸ
3482 3875 3596 3936 ἑνὸς
3665 3873 3903 3929 ἑκάστου

2248 3967 2407 4038 ἡμῶν
2440 3965 2776 4040 ὑπάρχοντα,
2815 3963 3029 4038 μᾶλλον
3063 3961 3120 4019 δὲ
3149 3965 3239 4020 καὶ
3273 3963 3323 4019 ἐν
3358 3967 3494 4038 ἡμῖν
3551 3960 3702 4034 ὅντα,
3753 3964 3901 4018 οὓτω

2249 4053 2315 4124 δὴ
2349 4055 2558 4110 καὶτὸν
2591 4059 2698 4109 τῶν
2735 4053 2880 4109 ὅλων
2949 4051 3290 4130 δημιουργὸν
3347 4055 3496 4110 Θεόν.
3551 4055 3682 4130 Παρ⁶
3731 4053 3900 4108 αὐτοῦ

2245 4146 2348 4222 γάρ
2379 4144 2521 4200 ἐστιν
2580 4146 2716 4216 ἡμῖν
2768 4145 2830 4199 τὸ
2886 4145 3045 4213 εἶναι,
3103 4144 3166 4198 τὸ
3225 4143 3484 4218 ἐνεργεῖν,
3537 4143 3600 4198 τὸ
3665 4144 3740 4217 μή
3801 4141 3906 4196 ἅπ-

2247 4231 2487 4296 ολέσθαι.
2551 4232 2679 4288 Εἶτα
2737 4232 2826 4287 καὶ
2886 4239 3086 4310 χρῆσιν
3146 4231 3332 4294 αὐτοῖς
3416 4230 3653 4306 Ἀράτου
3711 4229 3903 4304 ἐπάγει

2248 4325 2360 4386 ἑνός
2393 4345 2539 4388 τινος
2567 4329 2671 4379 τῶν
2699 4325 2828 4398 παρ’
2875 4323 3060 4386 αὐτοῖς
3121 4329 3363 4394 ποιητῶν
3428 4322 3505 4384 είς
3565 4321 3906 4389 κατασκευήν

2244 4417 2341 4468 τοῦ
2367 4414 2557 4468 ἑαυτοῦ
2589 4411 2778 4488 λόγου.
2819 4436 2839 4464 ι
2876 4416 2981 4469 Τοῦ
3011 4413 3116 4487 γὰρ
3147 4413 3237 4466 καὶ
3268 4409 3422 4486 γένος
3471 4411 3653 4484 ἐσμὲν,
3687 4433 3715 4461 n
3746 4408 3905 4478 σησί.

2249 4501 2350 4556 Καὶ
2382 4501 2540 4565 οὗτος
2575 4503 2666 4574 μὶν
2701 4502 2824 4575 περὶ
2855 4505 2950 4554 τοῦ
3009 4505 3358 4577 Δημιουργοῦ
3411 4499 3543 4558 αὐτὸ
3605 4493 3902 4572 λαμϐάνει,

489 4603 668 4672 hujus
697 4601 874 4655 etiam
917 4596 1227 4670 progenies
1285 4609 1512 4658 sumus,
1551 4615 1577 4642 »
1637 4594 1854 4664 inquit.
1919 4596 1984 4649 Et
2041 4597 2137 4653 hic

2254 4593 2290 4647 εἷ
2325 4593 2566 4667 καὶπερὶ
2605 4596 2700 4647 τοῦ
2755 4592 2876 4654 Διὸς
2929 4597 3088 4647 τοῦτο
3148 4592 3392 4668 εἰρῆσθαί
3446 4612 3629 4671 φασιν,
3681 4589 3744 4644 ού
3803 4589 3905 4645 τὸν

484 4691 722 4762 quidem
753 4689 822 4744 de
851 4690 977 4759 ipso
1009 4687 1283 4741 Creatore
1317 4684 1464 4738 illud
1497 4685 1764 4738 assumit.
1794 4702 2134 4757 quanquam

485 4779 556 4834 de
585 4779 719 4833 Jove
751 4779 862 4831 hoc
895 4776 1116 4829 dictum
1142 4789 1268 4827 esse
1301 4772 1490 4826 ferant
1519 4787 1530 4824 :
1557 4787 1676 4824 non
1710 4771 1912 4826 dicens
1937 4773 2132 4844 ipsum

485 4867 570 4922 illi
596 4871 850 4937 aptasse,
893 4863 996 4918 sed
1051 4861 1207 4932 quod
1257 4859 1496 4931 proprie
1552 4859 1626 4912 ad
1685 4859 1881 4930 ipsum
1941 4865 2130 4933 aptari

483 4957 688 5029 possit.
721 4955 951 5010 Etenim
973 4950 1243 5024 quzudam
1265 4949 1420 5004 dicta
1443 4949 1620 5002 etiam
1653 4948 1726 5002 ad
1759 4949 1952 5020 ipsum
1971 4959 2130 5009 recte

482 5050 782 5117 aptantur.
815 5056 1157 5113 quanquam
1197 5038 1255 5092 id
1313 5037 1584 5091 nesciant
1642 5037 1847 5104 Graeci,
1903 5039 2004 5094 sed
2055 5043 2128 5098 ad

481 5134 665 5190 alium
699 5133 802 5187 illa
841 5130 1196 5185 retulerint:
1229 5123 1733 5198 quemadmodum
1767 5127 1992 5183 etillud
2016 5139 2123 5201 est,

471 5225 676 5296 Ignoto
709 5229 848 5288 Deo,
881 5226 936 5274 et
967 5217 1178 5290 quaada
1195 5216 1394 5270 malia.
1437 5215 1634 5269 Genus
1657 5221 1856 5270 autem
1883 5217 1986 5273 Dei
2017 5237 2124 5276 nos

478 5332 607 5370 esse
631 5313 776 5369 dicit
799 5309 1039 5366 Paulus:
1065 5325 1184 5363 non
1211 5305 1380 5361 utilli
1404 5305 1591 5370 aiunt,
1623 5304 1728 5359 sed
1760 5305 1875 5361 alio
1907 5325 2120 5367 sensu:

479 5405 592 5460 hoc
623 5409 713 5459 est
741 5400 1086 5466 familiares,
1115 5395 1414 5469 proximos
1441 5410 1453 5448 :
1487 5397 1552 5448 ut
1581 5393 1628 5447 si
1662 5395 1794 5464 quis
1820 5395 1980 5454 dicat
2017 5400 2122 5456 do-

475 5493 758 5551 mesticos
785 5495 888 5546 aut
911 5490 1158 5544 vicinos.

544 5584 710 5652 XVII,
746 5583 924 5638 30-34.
955 5599 978 5625 «
1009 5581 1296 5650 Tempora
1335 5576 1534 5644 itaque
1580 5573 1929 5646 ignorantia:
1981 5599 2115 5639 cum

469 5677 760 5734 hactenus
789 5667 1185 5729 dissimularit
1217 5667 1389 5733 Deus,
1423 5677 1584 5718 nunc
1625 5667 1941 5726 annuntiat
1986 5686 2118 5729 om-

2244 4683 2406 4738 αὐτὸν
2435 4680 2623 4754 ἐκείνῳ
2665 4680 2856 4756 λέγων,
2917 4679 3062 4737 ἀλλὰ
3117 4687 3278 4736 τοῦτο
3339 4683 3546 4756 κυρίως
3601 4681 3688 4734 ἐπ’
3740 4679 3906 4752 αὐτῷ

2245 4771 2496 4846 ἁρμόζειν
2528 4770 2728 4848 λέγων.
2789 4769 3024 4844 Εἴρηται
3095 4772 3188 4843 μὶν
3245 4770 3346 4847 γάρ
3405 4792 3526 4826 τινα
3581 4771 3670 4825 καὶ
3719 4772 3904 4842 πράτ-

2240 4883 2384 4917 τεται
2443 4861 2518 4923 εἷς
2588 4860 2769 4928 αὐτὸν,
2825 4857 2954 4914 ἀλ)’
3013 4860 3111 4914 ούκ
3166 4859 3317 4914 είιτασι
3375 4865 3539 4916 τοῦτο
3593 4855 3900 4928 Ἕλληνες,

2240 4949 2364 5007 ἀλλ’
2422 4951 2497 5011 εἷς
2551 4949 2734 5026 ἕτερον
2788 4949 2923 5004 αὐτὰ
2976 4955 3317 5020 νενοηκασιν,
3379 4949 3558 5024 ὥσπερ
3631 4947 3740 5002 ἑστὶ
3803 4945 3902 5000 καὶ

2238 5041 2324 5108 τὸ,
2363 5065 2384 5091 ιι
2422 5040 2708 5114 ’Λγνώστῳ
2740 5043 2877 5111 Θεῷ,
2913 5063 2933 5089 ι
2970 5039 3059 5094 καὶ
3088 5036 3243 5114 ἕτερά
3271 5060 3412 5097 τινα.
3445 5045 3604 5099 Γὲνος
3645 5033 3704 5090 δὲ
3753 5039 3902 5090 Θεοῦ

2236 5135 2385 5203 ἡμᾶς
2416 5129 2555 5186 εἶναί
2587 5151 2748 5206 φησιν
2779 5130 2806 5184 ὁ
2853 5127 3090 5198 Παῦλος,
3153 5127 3262 5205 οὺχ
3315 5129 3390 5190 ὡς
3451 5129 3647 5184 ἐκεῖνοί
3708 5145 3906 5200 φασιν,

2236 5219 2362 5276 ἀλλ’
2409 5219 2576 5293 ἑτέρῳ
2645 5223 2740 5292 νῷ,
2821 5217 3124 5288 τουτέστιν,
3199 5218 3456 5288 οἰκείους,
3545 5216 3902 5294 ἐγγυτάτους,

2233 5311 2308 5373 ὡς
2343 5310 2401 5364 ἃν
2432 5307 2578 5365 εἷ’ποι
2599 5329 2702 5381 τις,
2726 5307 3020 5384 παροίκους
3049 5307 3085 5378 ἢ
3117 5308 3387 5384 γείτονας.

2303 5577 2492 5641 «Tabe
2549 5578 2644 5652 μὶν
2701 5577 2796 5633 οὗν
2852 5576 3086 5652 χρόνους
3149 5583 3250 5648 τῆς
3323 5575 3548 5652 ἀγνοίας
3610 5572 3906 5650 ὑπεριδὼν

2228 5691 2252 5725 α
2289 5669 2316 5724 ὁ
2345 5668 2498 5743 Θεὸς,
2531 5668 2598 5724 τὰ
2637 5671 2727 5724 νῦν
2786 5665 3158 5746 παραγγέλλει
3203 5671 3322 5731 τοῖς
3377 5666 3690 5748 ἀνθρώποις
3745 5667 3898 5724 πᾶσι
