4176 6200
285 331 398 391 341

1266 332 1683 398 αοῗηῖΜΕΝΤ.
1731 335 1815 397 ΙΝ
1861 335 2072 397 ACTA
2115 338 2732 411 APOSTOLORUM.

3609 349 3729 409 242

298 488 328 518 ‹‹
360 470 647 540 πανταχοῦ
710 471 1013 538 μετανοεῖν.
1070 466 1219 522 Διότι
1281 461 1501 539 ἔστησεν
1557 470 1790 543 ἡμέραν,
1832 469 1950 544 ἐνῇ

2080 491 2092 519 ι
2126 474 2300 531 nibus
2333 479 2697 549 hominibus,
2721 486 2788 538 ut
2816 482 3037 555 ubique
3068 483 3427 555 resipiscant
3454 501 3523 541 eo
3554 487 3714 557 quod

296 578 326 607 ι(
362 552 558 628 μέλλει
615 555 813 632 κρίνειν
869 556 969 626 τῆν
1030 555 1361 630 οῗκουμένην
1417 556 1469 611 ἐν
1526 555 1863 633 δικαιοσύνῃ,
1898 558 1950 613 ἐν

294 667 326 695 ‹‹
359 642 512 721 ἀνδρὶ
573 645 619 716 ᾧ
667 642 856 719 ὥρισε,
914 645 1093 701 πίστιν
1150 646 1452 725 παρασχὼν
1504 654 1685 717 πᾶσιν,
1718 648 1950 719 ἀναστή-

295 756 326 784 ιι
360 754 456 797 σας
511 732 673 789 αὐτὸν
726 732 784 789 ἐκ
856 740 1079 808 νεκρῶν.
1135 735 1492 798 Ἀκούσαντες
1552 735 1608 793 δὲ
1665 737 1947 793 ἀνάστασιν

297 845 327 874 ε(
359 828 588 898 νεκρῶν,
623 825 672 877 οἱ
709 825 803 897 μὲν
838 823 1158 904 ἐχλεύαζον,
1194 827 1245 880 οἱ
1276 823 1333 881 δὲ
1364 826 1541 881 οἶπον·
1577 828 1952 900 Ἀκουσόμεθά

296 936 327 964 «
363 933 459 967 σου
498 911 664 967 πάλιν
698 913 822 989 περῖ
852 913 1070 971 τούτου.
1106 914 1210 971 Καὶ
1261 913 1437 977 οὕτως
1466 918 1493 970 6
1536 916 1757 981 Παῦλος
1786 916 1951 987 ἐξῆλ-

298 1024 329 1052 u
364 1002 450 1056 θεν
480 1001 539 1055 ἐκ
572 1003 739 1075 μὲσου
793 1003 994 1059 αὐτῶν.
1053 1004 1199 1065 Τινὲς
1257 1001 1314 1059 δὲ
1372 1002 1559 1081 ἄνδρες
1594 1004 1953 1076 κολληθέντες

294 1115 325 1142 ε(
359 1089 530 1163 αύτῷ,
590 1091 930 1147 ὲπίστευσαν’
990 1092 1041 1147 ἐν
1098 1095 1184 1153 οἷς
1242 1093 1334 1149 καὶ
1388 1094 1664 1156 Διονύσιος
1708 1096 1736 1150 6
1769 1102 1955 1170 Ἀρεο-

295 1180 616 1254 ιπαγίτης,
678 1183 768 1236 καὶ
832 1184 964 1259 γυνὴ
1026 1182 1258 1257 ὀνόματι
1318 1182 1583 1260 Δάμαρις,
1637 1184 1727 1240 καὶ
1775 1181 1958 1261 ἕτεροι

296 1293 326 1322 «ι
360 1271 452 1324 σὺν
486 1270 697 1332 αὐτοῖς.
735 1296 757 1325 ι

369 1450 564 1511 «Τοὺς
628 1451 724 1523 μὲν
784 1449 876 1505 οὖν
928 1452 1170 1527 χρόνους
1221 1458 1321 1521 τῆς
1378 1452 1624 1531 ἀγνοίας,
1668 1477 1695 1505 ››
1752 1454 1839 1509 καὶ
1892 1454 1958 1509 τά

288 1541 435 1613 ἑξῆς.
470 1541 549 1598 ΟΣ»
581 1544 744 1597 τοῦτό
797 1564 983 1619 φησιν,
1046 1544 1130 1598 δτι
1188 1541 1367 1606 οὐδεὶς
1397 1541 1695 1614 κολάζεται
1724 1545 1955 1614 τούτων,

288 1628 421 1685 ἀλλ’
479 1629 562 1685 ὅτι
625 1629 806 1693 οοόδεὶς
867 1636 975 1687 τῶν
1037 1631 1305 1687 θελόντων
1366 1639 1663 1707 μετανοεῖν.
1716 1633 1792 1691 Ού
1834 1632 1957 1708 περὶ

289 1724 402 1775 τῶν
438 1719 822 1785 ἀποθανόντων
881 1722 987 1796 γὰρ
1039 1722 1200 1777 τοῦτό
1251 1744 1433 1801 φησιν,
1498 1721 1645 1778 ἀλλὰ
1678 1722 1799 1797 περὶ
1830 1723 1959 1778 τού-

2063 591 2083 617 .
2122 569 2328 624 statuit
2358 569 2513 624 diem
2544 572 2603 625 in
2633 589 2748 643 quo
2762 572 3139 643 judicaturus
3167 578 3259 627 est
3289 573 3494 628 orbem
3527 580 3717 631 terra-

2059 680 2088 709 «
2122 675 2252 713 rum
2276 659 2609 730 injustitia,
2635 678 2742 732 per
2765 678 2899 716 eum
2924 662 3110 717 virum
3140 678 3317 732 quem
3349 663 3708 732 decreverat,

2062 770 2090 800 ‹‹
2125 750 2240 804 ﬁde
2300 749 2576 805 omnibus
2635 751 2900 821 praestita
2957 768 3090 806 cum
3149 752 3420 807 excitarit
3468 753 3636 808 illum
3677 770 3714 809 a

2065 860 2093 890 «
2123 840 2395 895 mortuis.
2428 839 2572 894 Cum
2622 839 2927 895 audissent
2956 846 3152 895 autem
3211 842 3711 897 resurrectionem

2066 935 2519 997 «mortuorum,
2579 928 2681 984 alii
2742 929 2982 999 quidem
3030 928 3379 997 irridebant,
3412 931 3515 986 alii
3574 948 3710 986 vero

2064 1020 2448 1074 «dixerunt:
2512 1018 2838 1073 Audiamus
2908 1023 2961 1072 te
3020 1018 3091 1073 de
3152 1019 3264 1073 hoc
3321 1019 3558 1075 iterum.
3620 1021 3713 1076 Sic

2068 1132 2088 1157 α
2121 1108 2339 1164 Paulus
2371 1107 2547 1164 exivit
2567 1124 2598 1161 e
2620 1107 2815 1162 medio
2849 1123 3072 1162 eorum.
3099 1106 3349 1172 Quidem
3379 1113 3577 1164 autem
3608 1109 3714 1164 viri

2065 1220 2091 1248 α
2126 1198 2501 1253 adhaarentes
2532 1197 2585 1251 ei
2619 1195 3022 1261 crediderunt,
3050 1196 3208 1251 inter
3238 1213 3387 1267 quos
3418 1201 3476 1251 et
3505 1197 3719 1269 Diony-

2065 1311 2094 1338 ‹‹
2126 1288 2249 1343 sius
2272 1290 2309 1341 1
2325 1288 2425 1342 89
2451 1286 2826 1358 Areopagita,
2846 1290 2903 1339 et
2927 1284 3144 1340 mulier
3163 1285 3407 1340 nomine
3433 1286 3722 1354 Damaris,

2066 1400 2095 1429 ‹‹
2129 1377 2349 1448 aliique
2382 1392 2517 1431 cum
2549 1376 2653 1429 eis.
2692 1395 2716 1424 ν

2142 1489 2164 1515 ι
2201 1468 2487 1537 Tempora
2537 1463 2737 1534 itaque
2795 1462 3165 1534 ignorantiae,
3198 1482 3222 1513 ι
3286 1468 3398 1518 etc.
3431 1465 3558 1518 Non
3609 1463 3722 1519 hoc

2067 1557 2210 1615 dicit
2240 1554 2396 1628 quod
2419 1570 2594 1609 nemo
2620 1552 2690 1608 de
2714 1551 2831 1607 illis
2859 1552 3161 1622 puniatur,
3187 1552 3290 1607 sed
3320 1552 3478 1623 quod
3510 1552 3713 1611 nullus

2069 1663 2273 1703 eorum
2306 1644 2405 1715 qui
2437 1643 2788 1714 resipiscere
2812 1641 3033 1696 volunt.
3060 1642 3184 1696 Non
3215 1640 3287 1697 de
3321 1642 3569 1696 mortuis
3598 1643 3712 1700 hoc

2070 1738 2232 1802 dicit,
2268 1735 2373 1791 sed
2400 1734 2470 1789 de
2498 1734 2591 1787 his
2622 1732 2838 1803 quibus
2886 1748 3046 1787 nunc
3098 1732 3432 1787 annuntiat.
3463 1734 3588 1787 Non
3618 1748 3714 1787 re-

288 1830 404 1863 των
463 1811 550 1871 οἷς
608 1806 1007 1888 παραγγέλλει.
1092 1811 1205 1869 Οὐκ
1284 1811 1500 1869 ἀπαιτεῖ
1555 1811 1723 1890 λόγον
1787 1814 1949 1885 ὑμᾶς,

2080 1830 2226 1895 ιθιὶι,
2262 1823 2477 1895 inquit,
2511 1839 2545 1877 a
2575 1820 2736 1875 vobis
2768 1822 3063 1876 rationem
3095 1818 3168 1875 de
3203 1821 3515 1891 praeteritis
3548 1821 3710 1891 igno-

297 1898 457 1976 φησὶ,
514 1899 638 1974 περί
688 1904 796 1954 τῶν
852 1900 1130 1975 προτέρων
1189 1898 1321 1956 ἐτῶν
1369 1908 1469 1971 τῆς
1512 1901 1736 1979 ἀγνοίας
1773 1902 1949 1974 ὑμῶν.

296 1986 416 2041 Ούκ
448 1986 569 2043 εἶπε
598 1984 676 2059 δὲ,
705 1986 976 2064 παρεῖδεν,
1018 1991 1077 2060 ἢ,
1126 1987 1318 2060 εἷάσεν,
1350 1989 1501 2061 ἀλλ’,
1535 2016 1561 2044 (ι
1595 1987 1885 2067 Ὑπερεῖδε·
1922 2014 1951 2041 ››

293 2076 598 2145 τουτέστιν,
659 2076 759 2133 οὐκ
832 2078 1053 2135 ἀπαιτεῖ
1133 2077 1356 2135 κόλασιν
1418 2081 1494 2143 ὡς
1553 2079 1735 2150 ἀξίους
1794 2076 1951 2142 ὄντας

291 2166 602 2231 κολάσεως.

908 2261 1167 2317 ΚΕΦΔΛ.
1222 2260 1346 2316 KE’.

298 2347 435 2420 Περὶ
538 2346 746 2404 Ἀκύλα
840 2348 930 2403 καὶ
1034 2347 1401 2422 Πρισκίλλης,
1477 2355 1577 2420 τῆς
1652 2348 1957 2424 Κορινθίων

373 2436 668 2513 ἀπᾳεέθείας,
725 2444 825 2507 τῆς
876 2459 936 2493 τε
993 2439 1164 2513 κατὰ⁸
1207 2441 1518 2513 πρόγνωσιν
1596 2438 1679 2493 ἐπ’
1729 2437 1955 2513 Ῠαύτοῦς

372 2505 623 2603 εὐδοκίας
724 2505 822 2597 τοῦ
885 2515 1042 2603 ’,Θεοῦ
1142 2505 1625 2602 ἀπὀκαλυφθείσης
1727 2510 1953 2603 Ιῖαύλιιν

371 2579 425 2634 ἐν
526 2581 573 2652 ᾧ
664 2580 789 2660 περῖ
848 2583 1124 2660 ’Κρίσπου
1200 2579 1658 2660 ἀρχισυναγώγου
1732 2579 1955 2660 πιστεύ-

369 2671 561 2729 σαντος
602 2722 611 2729 _
659 2654 752 2707 σὺν
847 2654 1052 2729 ἕτεροι-ς
1150 2654 1313 2729 τιττῖ⁷
1344 2654 1493 2729 sui:
1547 2654 1952 2729 βαπτισθέντος,

374 2723 460 2798 ὅτι
521 2722 757 2785 στάσεως
814 2722 1130 2798 κινηθείσης
1195 2728 1247 2781 ἐν
1341 2722 1585 2798 Κορίνθῴ
1644 2728 1671 2781 6
1731 2724 1953 2787 Παῦλος

380 2796 842 2877 ξιιτανεχιιῖ›,ε›σησεν,⁸
936 2795 1110 2877 ἐλθών
1132 2869 1175 2877 .-
1211 2817 1329 2877 te“
1363 2795 1469 2877 εἷς.
1513 2795 1802 2877 ἑᾝφεισον.
1865 2798 1953 2852 καὶ

375 2863 939 2958 διαλεχθεῖςέξῆλθς
975 2869 1100 2944 περὶ
1132 2867 1395 2926 Ἀπολλὼ
1446 2863 1640 2944 ἀνδρὸς
1675 2868 1867 2945 λογίου
1897 2889 1956 2923 τε

372 2959 467 2993 και
494 2960 710 2996 πιστου.

371 3053 399 3080 (ε
434 3030 590 3085 Μετὰ
648 3027 707 3085 δὶ
760 3034 930 3086 ταῦτα
1016 3028 1310 3106 χωρισθεὶς
1368 3031 1395 3084 6
1456 3030 1670 3091 Παῦλος
1727 3028 1788 3085 ἐκ
1843 3033 1952 3084 τῶν

301 3138 325 3167 ι
360 3117 632 3189 Ἀθηνῶν,
692 3117 860 3188 ἦλθεν
950 3120 1047 3180 εἰς.
1103 3119 1386 3194 Κόρινθον
1455 3119 1545 3174 καὶ
1604 3118 1774 3194 εύρών
1832 3138 1953 3174 τινα

2063 1919 2272 1977 rantiaa
2302 1918 2509 1969 vestras
2541 1911 2735 1966 annis.
2772 1912 2897 1965 Non
2925 1914 3123 1965 autem
3154 1909 3321 1977 dixit,
3355 1912 3713 1982 contempsit

2062 2016 2165 2068 aut
2184 2004 2478 2081 permisit,
2501 2001 2627 2067 sed,
2652 1999 3066 2066 dissimulavit,
3085 1999 3196 2053 hoc
3222 2004 3329 2067 est,
3355 2000 3715 2071 supplicium

2061 2116 2187 2157 non
2217 2093 2458 2168 expetit,
2478 2107 2614 2147 cum
2643 2095 2841 2146 tamen
2872 2088 3035 2161 digni
3066 2088 3187 2143 sint
3221 2089 3538 2161 supplicio.

2645 2268 2877 2323 CAPUT
2914 2266 3141 2323 XXVII.

2065 2368 2144 2423 De
2176 2362 2385 2436 Aquila
2414 2366 2465 2436 et
2515 2358 2791 2436 Priscilla,
2839 2372 2903 2411 ac
2950 2354 3365 2436 Corinthiorum
3407 2355 3720 2436 increduli,-

2136 2427 2271 2503 taté,
2330 2435 2534 2503 Deique
2580 2429 2790 2503 placito
2848 2427 2999 2497 quod
3048 2427 3221 2481 Paulo
3272 2428 3574 2503 revelatum
3619 2434 3716 2503 est,

2131 2498 2905 2574 secundum'proéidentiam,
2950 2515 3071 2574 quae
3100 2516 3237 2574 erga_
3260 2498 3386 2574 illos
3443 2506 3611 2554 erat:
3661 2501 3720 2574 in

2136 2596 2246 2650 quo
2302 2571 2479 2632 etiam_
2525 2575 2725 2650 agitur
2744 2572 2809 2626 de
2865 2571 3571 2650 Cris_p<_1__areh_isynqgogo,
3623 2573 3722 2641 qui

2137 2641 2260 2707 6am
2299 2650 2427 2703 aliis
2489 2641 2826 2717 quibusdam;
2862 2641 3127 2717 credidit_
3144 2642 3579 2717 et_bapt_izatus_f
3602 2649 3721 2698 est:

2136 2723 2288 2793 quod
2316 2713 2585 2775 seditione
2611 2715 2863 2793 Corinthi
2908 2720 3062 2793 ficta
3089 2713 3294 2769 Paulus
3338 2714 3480 2793 clqm
3522 2714 3719 2793 disces,-

2136 2784 2232 2860 §it,
2292 2806 2521 2862 cumque
2578 2788 2819 2862 periisset
2896 2785 3169 2862 Ephesum
3224 2800 3289 2839 ac
3368 2784 3718 2862 disputgsset,

2138 2855 2378 2936 egressus
2410 2855 2489 2917 est
2517 2877 2530 2914 :
2556 2859 2623 2913 de
2651 2857 2854 2928 Apollo
2881 2858 3000 2910 viro
3029 2856 3311 2926 eloquente
3346 2871 3410 2909 ac
3437 2855 3610 2923 ﬁdeli.

2137 3039 2336 3107 XVIII,
2372 3039 2477 3093 1-8.
2514 3058 2539 3086 α
2576 3037 2716 3090 Post
2743 3034 2870 3089 hmo
2893 3030 3110 3087 Paulus
3141 3030 3439 3104 digressus
3471 3029 3721 3086 Athenis

2065 3129 2229 3184 venit
2285 3125 2675 3183 Corinthum:
2738 3127 2796 3177 et
2851 3125 3059 3176 nactus
3117 3119 3415 3191 quendam
3453 3119 3723 3177 Judaeum

303 3230 334 3259 ε(
368 3203 635 3262 Ἰουδαῖον
701 3206 932 3282 ὀνόματι
1007 3207 1265 3278 Ἀκύλαν,
1344 3209 1605 3264 Ποντικὸν
1662 3212 1742 3279 τῷ
1796 3207 1955 3282 γένει,

2080 3217 2322 3274 nomine
2378 3213 2656 3285 Aquilam
2715 3209 3026 3267 Ponticum
3084 3224 3320 3282 genere,
3378 3209 3479 3281 qui
3531 3224 3724 3281 nuper

294 3319 326 3347 «ι
360 3295 692 3375 προσφάτως
742 3295 1057 3367 ἐληλυθότα
1115 3298 1221 3354 ἀπὸ
1278 3304 1377 3367 τῆς
1410 3296 1669 3366 Ἰταλίας,
1699 3301 1788 3352 καὶ
1823 3294 1969 3367 Πρίτ

295 3407 326 3435 κ
363 3382 597 3439 σκιλλαν
629 3390 859 3459 γυναῖκα
888 3384 1074 3452 αύτοῦ,
1105 3382 1192 3440 διὰ
1244 3387 1307 3442 τὸ
1355 3383 1734 3461 διατεταχέναι
1766 3382 1956 3440 Κλαύ-

295 3496 325 3525 α
358 3468 500 3540 διον,
552 3473 888 3551 χωρίζεσθαι
940 3476 1144 3537 πάντας
1193 3474 1321 3537 τοὺς
1376 3473 1679 3535 Ἰουδαίους
1740 3472 1801 3529 ἐκ
1852 3479 1955 3542 τῆς

298 3564 613 3636 «Ῥώμης,
673 3562 984 3639 προσῆλθεν
1039 3565 1244 3634 αὐτοῖς,
1301 3564 1393 3621 καὶ
1433 3562 1522 3620 διὰ
1550 3565 1613 3620 τὸ
1659 3564 1959 3639 ὁμότεχνον

300 3677 331 3706 κ
368 3654 537 3723 εἶναι,
604 3651 760 3726 ἔμενε
825 3655 953 3730 παρ’
1020 3655 1207 3717 αὐτοῖς
1267 3656 1359 3711 καὶ
1424 3655 1728 3733 εἰργάζετο.
1791 3656 1962 3711 Ἦσαν

293 3766 326 3797 κ
359 3743 472 3817 γὰρ
529 3744 852 3815 σκηνοποιοὶ
910 3747 1011 3815 τήν
1064 3746 1284 3823 τέχνην.
1345 3744 1630 3822 Διελὲγετο
1690 3742 1749 3800 δὲ
1804 3743 1857 3800 ἐν
1893 3748 1961 3818 τῇ

289 3858 321 3887 α
360 3837 655 3908 συναγωγῇ
711 3833 849 3889 κατὰ
902 3839 1010 3889 πᾶν
1093 3829 1396 3902 Σάϐϐατον,
1455 3829 1633 3898 ἔπειθὲ
1702 3855 1763 3890 τε
1835 3837 1967 3891 Ἰου·

291 3946 321 3974 u
361 3920 556 3985 δαίους
612 3923 704 3977 καὶ
761 3922 1056 3993 Ἕλληνας.
1110 3923 1197 3984 Ὠς
1254 3919 1311 3976 δὲ
1368 3920 1643 3992 κατῆλθον
1702 3924 1808 3979 ἀπὸ
1862 3929 1963 3992 τῆς

298 4036 329 4064 ει
362 4008 705 4074 Μακεδονίας
735 4011 766 4066 δ
794 4032 853 4067 τε
912 4011 1079 4074 Σίλας
1135 4010 1226 4067 καὶ
1284 4012 1313 4065 6
1368 4012 1657 4085 Τιμόθεος,
1690 4012 1965 4087 συνείχετο

298 4125 331 4153 α
367 4104 451 4173 τῷ
480 4101 759 4175 Πνεύματι
822 4103 849 4157 ὁ
906 4098 1123 4164 Παῦλος
1173 4098 1682 4177 διάμαρτυρόμενος
1710 4107 1827 4163 τοῖς
1856 4104 1965 4159 ’1ου

302 4217 335 4244 ι
374 4187 554 4252 δαίοις
609 4191 701 4247 τὸν
764 4192 1001 4265 Χριστὸν
1064 4193 1293 4262 Ἰησοῦν.
1355 4192 1849 4265 ’Λντιτασσομὲνων
1910 4188 1969 4246 δὲ

309 4305 333 4332 ι
374 4279 555 4335 αὐτῶν
637 4283 728 4334 καὶ
815 4277 1319 4355 βλασφημούντων,
1405 4278 1819 4354 ἐκτιναξάμενος
1903 4281 1971 4336 τά

306 4393 338 4420 «ι
375 4366 594 4442 ἱμάτια,
656 4369 775 4425 εἶπε
830 4370 969 4444 πρὸς
1049 4368 1269 4430 αὐτούς’
1330 4369 1409 4427 Τὸ
1465 4371 1609 4443 αἷμα
1667 4370 1820 4444 ὑμῶν
1877 4368 1968 4424 ἐπὶ

309 4481 341 4509 ιι
374 4459 479 4526 τὴν
531 4455 780 4532 κεφαλὴν
839 4458 1013 4531 ὑμῶν.
1076 4458 1324 4533 Καθαρὸς
1382 4457 1494 4533 ἐγὼ
1561 4459 1667 4513 ἀπὸ
1733 4462 1830 4515 τοῦ
1880 4462 1970 4512 νῦν

2065 3310 2312 3362 venerat
2342 3304 2415 3360 ab
2449 3302 2637 3368 Italia,
2672 3305 2729 3356 et
2780 3298 3110 3355 Priscillam
3164 3314 3410 3355 uxorem
3470 3299 3618 3369 ejus,
3653 3313 3720 3354 eo

2067 3396 2225 3469 quod
2257 3393 2643 3466 praecepisset
2692 3388 2971 3445 Claudius
3024 3405 3234 3443 omnes
3271 3386 3505 3443 Judaaos
3536 3389 3723 3444 Roma

2066 3484 2396 3542 decedere:
2442 3481 2694 3539 accessit
2748 3479 2822 3535 ad
2881 3495 3003 3545 eos,
3038 3482 3095 3532 et
3125 3477 3265 3549 quia
3295 3476 3562 3548 ejusdem
3593 3481 3721 3532 erat

2066 3574 2326 3639 artificii,
2359 3572 2638 3629 manebat
2684 3570 2836 3642 apud
2869 3569 3033 3641 ipsos
3065 3573 3122 3623 et
3152 3568 3527 3639 operabatur.
3582 3569 3720 3623 Erat

2068 3670 2267 3722 autem
2297 3680 2395 3719 ars
2427 3662 2667 3717 illorum
2700 3665 2897 3714 texere
2933 3657 3337 3714 tabernacula.
3371 3656 3720 3728 Disputabat

2065 3772 2203 3810 vero
2230 3771 2335 3826 per
2366 3770 2542 3808 omne
2574 3750 2893 3808 Sabbatum
2951 3749 3011 3802 in
3062 3763 3378 3820 synagoga,
3412 3745 3720 3802 suadebat-

2069 3860 2185 3916 que
2213 3842 2431 3898 Judaais
2463 3846 2522 3896 et
2551 3840 2787 3895 Graacis.
2821 3841 2963 3893 Cum
3008 3841 3207 3892 autem
3238 3836 3393 3889 140
3422 3834 3724 3889 venissent

2072 3950 2103 3989 e
2135 3931 2478 3989 Macedonia
2510 3930 2662 3985 Silas
2692 3933 2751 3983 et
2799 3926 3162 3993 Timotheus,
3196 3923 3571 3981 coartabatur
3600 3923 3724 3995 spi-

2069 4022 2192 4077 ritu
2248 4020 2465 4076 Paulus
2523 4017 2851 4073 testiﬂcans
2902 4015 3118 4071 Iudaeis
3169 4016 3370 4070 Iesum
3398 4030 3526 4069 esse
3557 4012 3726 4068 Chri-

2073 4115 2256 4167 stum.
2294 4105 2849 4164 Contradicentibus
2871 4109 3070 4160 autem
3102 4103 3249 4175 ipsis
3278 4120 3346 4159 ac
3377 4102 3727 4173 blasphema

2073 4198 2479 4270 loquentibus,
2538 4195 2803 4252 excussis
2858 4193 3247 4259 vestimentis,
3302 4192 3449 4248 dixit
3478 4192 3552 4247 ad
3585 4206 3723 4248 eos:

2075 4287 2323 4361 Sanguis
2374 4291 2569 4341 vester
2626 4299 2804 4354 super
2859 4287 3037 4353 caput
3112 4286 3407 4336 vestrum:
3466 4280 3727 4337 mundus

2075 4395 2180 4449 ego
2206 4376 2452 4448 posthac
2509 4374 2583 4430 ad
2641 4378 2845 4446 gentes
2914 4371 3143 4425 vadam.
3181 4375 3245 4425 Et
3277 4371 3538 4442 migrans
3589 4368 3728 4423 inde

2078 4465 2319 4521 intravit
2347 4465 2409 4518 in
2440 4463 2681 4518 domum
2704 4460 3015 4532 cujusdam
3042 4459 3284 4514 nomine
3304 4459 3449 4515 Iusti
3474 4458 3725 4512 colentis

300 4569 334 4598 κ
371 4545 451 4607 εἰς
500 4546 566 4601 τὰ
632 4541 759 4617 ἔθνη
820 4547 1182 4622 πορεύσομαι.
1268 4548 1377 4603 Καὶ
1462 4542 1698 4621 μεταϐὰς
1763 4545 1957 4611 ἐκεῖθεν

2080 4555 2279 4618 Deum,
2314 4550 2485 4623 cujus
2506 4550 2718 4606 domus
2747 4553 2874 4604 erat
2899 4547 3175 4619 contigua
3204 4561 3535 4618 synagogas.
3568 4544 3721 4599 Cris-

299 4662 329 4690 ιι
370 4636 448 4698 είς
507 4635 683 4692 οἰκίαν
740 4638 885 4699 τινὸς
944 4636 1175 4711 ὀνόματι
1239 4635 1506 4709 Ἰούστου,
1538 4633 1836 4711 σεϐομένου
1864 4637 1957 4693 τὸν

316 4749 346 4781 ιι
376 4726 532 4793 Θεὸν,
573 4727 638 4781 οὗ
704 4728 741 4790 ἡ
809 4726 959 4781 οἰκία
986 4726 1054 4795 ῆν
1087 4731 1468 4803 συνομοροῦσα
1523 4730 1592 4800 τῇ
1650 4729 1957 4802 συναγωγῇ.

310 4837 334 4865 ι
374 4820 621 4891 Κρῖσπος
652 4813 711 4871 δὲ
767 4817 796 4871 6
853 4815 1307 4891 ἀρχισυνάγωγος
1363 4814 1637 4872 ἐπίστευσε
1670 4819 1750 4887 τῷ
1780 4816 1963 4890 Κυρίῳ

314 4926 340 4956 ι
376 4904 468 4959 σὺν
502 4904 620 4977 ’ὸλῳ
648 4908 728 4977 τῷ
753 4903 892 4977 οἴκῳ
947 4905 1140 4973 αὐτοῦ,
1172 4904 1263 4961 καὶ
1292 4902 1498 4961 πολλοὶ
1528 4908 1635 4960 τῶν
1664 4902 1958 4979 Κορινθίων

307 5018 337 5045 «ι
371 4993 699 5057 ἀκούσαντες
730 4993 1010 5051 ἐπίστευον
1042 4993 1131 5051 καὶ
1157 4989 1531 5064 ἐϐαπτίζοντο.
1571 5017 1592 5045 ι

384 5109 413 5134 ‹‹
443 5084 515 5139 Τὸ
542 5088 684 5160 αἷμα
716 5086 871 5159 ὑμῶν
928 5084 1015 5139 ἐπὶ
1073 5086 1174 5154 τὴν
1232 5084 1478 5165 κεφαλὴν
1514 5083 1686 5160 ὑμῶν.
1719 5107 1748 5137 ιι
1782 5087 1961 5142 Τοῦτο

302 5168 461 5247 λέγει
493 5174 522 5228 6
563 5173 781 5235 Παῦλος
833 5172 1249 5249 ἐκτιναξάμενος
1309 5175 1374 5230 τὰ
1432 5175 1647 5249 ἱμάτια,
1696 5173 1837 5230 ὥστε
1882 5175 1957 5247 μή

310 5262 521 5336 ῥήματι
583 5263 764 5337 μόνον,
808 5262 955 5318 ἀλλὰ
1037 5263 1128 5318 καὶ
1212 5262 1489 5338 πράγματι
1547 5258 1809 5342 φοϐῆσαι.
1868 5264 1962 5318 Διὸ

310 5351 407 5406 καὶ
464 5348 825 5430 σφοδρότερον
877 5356 1039 5407 τοῦτο
1093 5352 1284 5422 εἰπὼν,
1345 5353 1423 5408 Τὸ
1479 5354 1619 5426 αἷμα
1676 5353 1829 5426 ὑμῶν
1872 5352 1961 5407 ἐπὶ

312 5440 415 5508 τήν
470 5439 713 5518 κεφαλήν
772 5441 950 5513 ὑμῶν,
1004 5440 1294 5516 ἀφίσταται
1351 5439 1548 5497 αὐτῶν.
1578 5442 1649 5499 ’Ὀ
1699 5438 1754 5496 δὲ
1812 5440 1959 5517 λέγει

310 5529 563 5585 τοιοῦτόν
621 5529 785 5583 ἐστιν’
842 5531 1111 5591 Ἕκαστος
1163 5536 1271 5584 τῶν
1329 5529 1780 5585 ἆποστατούντων
1827 5533 1961 5602 Χρι-

313 5622 468 5687 στοῦ,
500 5618 560 5679 ὅς
612 5616 722 5674 ἐστι
784 5620 922 5689 ζωὴ,
978 5615 1133 5673 δοκεῖ
1188 5619 1376 5675 εαυτὸν
1433 5621 1695 5699 φονεύειν,
1728 5620 1833 5675 ἀπὸ
1864 5624 1962 5686 τῆς

311 5711 462 5778 ζωῆς
497 5700 834 5778 μεταϐαίνων
863 5704 942 5766 εἷς
996 5705 1246 5775 θάνατον,
1278 5707 1341 5763 τὸ
1396 5709 1537 5781 αἷμα
1564 5706 1728 5764 αὐτοῦ
1754 5708 1958 5784 τρόπον

2068 4660 2178 4715 pus
2234 4658 2369 4697 vero
2426 4640 2929 4713 archisynagogus
2988 4636 3241 4692 credidit
3297 4635 3546 4691 Domino
3582 4649 3719 4691 cum

2066 4736 2191 4787 tota
2216 4729 2391 4785 domo
2424 4744 2551 4797 sua,
2580 4726 2874 4798 multique
2928 4724 3370 4780 Corinthiorum
3400 4722 3713 4780 audientes

2069 4817 2392 4874 credebant
2420 4833 2488 4872 ac
2518 4814 2987 4888 baptizabantur.
3021 4832 3047 4863 ι

2143 5107 2172 5137 ι(
2203 5083 2450 5157 Sanguis
2469 5087 2663 5137 vester
2681 5097 2861 5153 super
2881 5085 3057 5154 caput
3074 5085 3357 5147 vestrum,
3378 5105 3406 5133 »
3433 5084 3551 5139 Hoc
3570 5081 3719 5139 dixit

2071 5172 2289 5229 Paulus
2308 5169 2568 5226 excussis
2585 5168 2865 5236 vestibus,
2883 5174 2950 5225 ut
2971 5186 3093 5225 non
3109 5169 3289 5226 verbo
3312 5169 3635 5237 solum,sed
3660 5174 3719 5226 et

2071 5280 2249 5337 opere
2276 5280 2377 5319 eos
2408 5267 2674 5330 terreret,
2710 5262 2960 5335 ideoque
2991 5279 3125 5320 cum
3166 5264 3278 5319 hoc
3307 5262 3717 5320 vehementius

2070 5353 2435 5427 protulisset,
2460 5352 2708 5423 Sanguis
2731 5357 2922 5408 vester
2942 5370 3122 5424 super
3141 5359 3317 5424 caput
3337 5357 3617 5415 vestrum,
3641 5351 3714 5407 ab

2070 5444 2157 5500 eis
2178 5441 2449 5497 discedit.
2486 5443 2586 5496 Est
2617 5446 2813 5497 autem
2838 5458 2905 5497 ac
2928 5443 2975 5496 si
2999 5442 3222 5497 diceret
3248 5459 3261 5497 :
3297 5441 3716 5515 Unusquisque

2071 5546 2297 5595 eorum,
2330 5528 2430 5599 qui
2464 5545 2499 5584 a
2528 5529 2778 5596 Christo,
2826 5529 2925 5600 qui
2969 5529 3086 5585 vita
3115 5535 3225 5595 est,
3258 5530 3591 5593 discedunt,
3625 5545 3714 5584 se-

2067 5624 2263 5694 ipsum
2278 5618 2585 5691 judicatur
2609 5619 2900 5687 occidere,
2926 5619 3223 5675 transiens
3253 5636 3287 5676 a
3315 5621 3431 5676 vita
3459 5619 3534 5676 ad
3559 5633 3714 5673 mor-

2072 5715 2227 5767 tem:
2260 5708 2610 5781 sanguinem
2641 5725 2811 5766 suum
2859 5710 3294 5781 quodammodo
3323 5709 3579 5767 fundens
3609 5720 3715 5778 per
