  <div class='ocr_page' id='page_1' title='image "/cluster/home/n/w/nwhite01/storage/ocr_20150623/118/hvd.32044073502247/127.png"; bbox 0 0 4150 6200; ppageno 0'>
   <div class='ocr_carea' id='block_1_1' title="bbox 443 355 558 415">
    <p class='ocr_par' dir='ltr' id='par_1_1' title="bbox 443 355 558 415">
     <span class='ocr_line' id='line_1_1' title="bbox 443 355 558 415; baseline 0.009 -2"><span class='ocrx_word' id='word_1_1' title='bbox 443 355 558 415; x_wconf 74' lang='grc'>243</span> 
     </span>
    </p>
   </div>
   <div class='ocr_carea' id='block_1_2' title="bbox 1562 337 2741 405">
    <p class='ocr_par' dir='ltr' id='par_1_2' title="bbox 1562 337 2741 405">
     <span class='ocr_line' id='line_1_2' title="bbox 1562 337 2741 405; baseline -0.003 0"><span class='ocrx_word' id='word_1_2' title='bbox 1562 340 1988 405; x_wconf 68' lang='grc' dir='ltr'>ωΟΠΜΕΝΠ</span> <span class='ocrx_word' id='word_1_3' title='bbox 2035 337 2341 400; x_wconf 68' lang='grc' dir='ltr'>ΤΗΝ]οΕ</span> <span class='ocrx_word' id='word_1_4' title='bbox 2387 338 2741 403; x_wconf 88' lang='lat' dir='ltr'>EPISCOPI</span> 
     </span>
    </p>
   </div>
   <div class='ocr_carea' id='block_1_3' title="bbox 3737 338 3859 398">
    <p class='ocr_par' dir='ltr' id='par_1_3' title="bbox 3737 338 3859 398">
     <span class='ocr_line' id='line_1_3' title="bbox 3737 338 3859 398; baseline -0.016 0"><span class='ocrx_word' id='word_1_5' title='bbox 3737 338 3859 398; x_wconf 65' lang='lat'>246</span> 
     </span>
    </p>
   </div>
   <div class='ocr_carea' id='block_1_4' title="bbox 444 472 2108 559">
    <p class='ocr_par' dir='ltr' id='par_1_4' title="bbox 444 477 2100 559">
     <span class='ocr_line' id='line_1_4' title="bbox 444 477 2100 559; baseline -0.01 -12"><span class='ocrx_word' id='word_1_6' title='bbox 444 491 667 548; x_wconf 83' lang='lat' dir='ltr'>eadem</span> <span class='ocrx_word' id='word_1_7' title='bbox 701 501 879 559; x_wconf 90' lang='lat' dir='ltr'>quam</span> <span class='ocrx_word' id='word_1_8' title='bbox 940 482 1052 539; x_wconf 83' lang='lat' dir='ltr'>sibi</span> <span class='ocrx_word' id='word_1_9' title='bbox 1110 482 1224 555; x_wconf 83' lang='lat' dir='ltr'>ipsi</span> <span class='ocrx_word' id='word_1_10' title='bbox 1283 480 1487 537; x_wconf 83' lang='lat' dir='ltr'>infert.</span> <span class='ocrx_word' id='word_1_11' title='bbox 1520 482 1643 537; x_wconf 88' lang='lat' dir='ltr'>Hoc</span> <span class='ocrx_word' id='word_1_12' title='bbox 1683 480 1886 551; x_wconf 83' lang='lat' dir='ltr'>itaque</span> <span class='ocrx_word' id='word_1_13' title='bbox 1918 477 2100 532; x_wconf 88' lang='lat' dir='ltr'>dicit:</span> 
     </span>
    </p>
   </div>
   <div class='ocr_carea' id='block_1_5' title="bbox 2228 472 3859 559">
    <p class='ocr_par' dir='ltr' id='par_1_5' title="bbox 2228 472 3859 554">
     <span class='ocr_line' id='line_1_5' title="bbox 2228 472 3859 554; baseline 0.003 -27"><span class='ocrx_word' id='word_1_14' title='bbox 2228 474 2336 528; x_wconf 75' lang='grc' dir='ltr'>τινα</span> <span class='ocrx_word' id='word_1_15' title='bbox 2395 472 2623 551; x_wconf 76' lang='grc' dir='ltr'>ὲκχέων,</span> <span class='ocrx_word' id='word_1_16' title='bbox 2682 473 2771 531; x_wconf 80' lang='grc' dir='ltr'>διὰ</span> <span class='ocrx_word' id='word_1_17' title='bbox 2824 482 2926 546; x_wconf 81' lang='grc' dir='ltr'>τῆς</span> <span class='ocrx_word' id='word_1_18' title='bbox 2982 484 3195 554; x_wconf 78' lang='grc' dir='ltr'>σφαγῆς</span> <span class='ocrx_word' id='word_1_19' title='bbox 3252 475 3320 545; x_wconf 70' lang='grc' dir='ltr'>ἢν</span> <span class='ocrx_word' id='word_1_20' title='bbox 3383 472 3626 551; x_wconf 73' lang='grc' dir='ltr'>ἐπιφέρει</span> <span class='ocrx_word' id='word_1_21' title='bbox 3664 472 3859 546; x_wconf 72' lang='grc' dir='ltr'>ἑαυτῷ.</span> 
     </span>
    </p>
   </div>
   <div class='ocr_carea' id='block_1_6' title="bbox 444 569 2097 647">
    <p class='ocr_par' dir='ltr' id='par_1_6' title="bbox 444 569 2097 647">
     <span class='ocr_line' id='line_1_6' title="bbox 444 569 2097 647; baseline -0.01 -10"><span class='ocrx_word' id='word_1_22' title='bbox 444 579 732 647; x_wconf 83' lang='lat' dir='ltr'>Quoniam</span> <span class='ocrx_word' id='word_1_23' title='bbox 779 592 881 631; x_wconf 84' lang='lat' dir='ltr'>vos</span> <span class='ocrx_word' id='word_1_24' title='bbox 924 576 1085 646; x_wconf 91' lang='lat' dir='ltr'>ipsos</span> <span class='ocrx_word' id='word_1_25' title='bbox 1135 571 1552 629; x_wconf 77' lang='lat' dir='ltr'>incredulitate</span> <span class='ocrx_word' id='word_1_26' title='bbox 1577 569 1886 643; x_wconf 82' lang='lat' dir='ltr'>jugulatis,</span> <span class='ocrx_word' id='word_1_27' title='bbox 1918 569 2097 638; x_wconf 84' lang='lat' dir='ltr'>hujus</span> 
     </span>
    </p>
   </div>
   <div class='ocr_carea' id='block_1_7' title="bbox 441 659 2095 737">
    <p class='ocr_par' dir='ltr' id='par_1_7' title="bbox 441 659 2095 737">
     <span class='ocr_line' id='line_1_7' title="bbox 441 659 2095 737; baseline -0.008 -13"><span class='ocrx_word' id='word_1_28' title='bbox 441 667 581 724; x_wconf 86' lang='lat' dir='ltr'>facti</span> <span class='ocrx_word' id='word_1_29' title='bbox 607 664 825 737; x_wconf 85' lang='lat' dir='ltr'>vosipsi</span> <span class='ocrx_word' id='word_1_30' title='bbox 849 680 1089 720; x_wconf 81' lang='lat' dir='ltr'>causam</span> <span class='ocrx_word' id='word_1_31' title='bbox 1112 662 1327 731; x_wconf 89' lang='lat' dir='ltr'>subite,</span> <span class='ocrx_word' id='word_1_32' title='bbox 1352 678 1486 717; x_wconf 91' lang='lat' dir='ltr'>cum</span> <span class='ocrx_word' id='word_1_33' title='bbox 1511 677 1615 733; x_wconf 93' lang='lat' dir='ltr'>ego</span> <span class='ocrx_word' id='word_1_34' title='bbox 1647 659 1823 730; x_wconf 89' lang='lat' dir='ltr'>culpa</span> <span class='ocrx_word' id='word_1_35' title='bbox 1839 672 2095 713; x_wconf 82' lang='lat' dir='ltr'>caream.</span> 
     </span>
    </p>
   </div>
   <div class='ocr_carea' id='block_1_8' title="bbox 443 747 2099 826">
    <p class='ocr_par' dir='ltr' id='par_1_8' title="bbox 443 747 2099 826">
     <span class='ocr_line' id='line_1_8' title="bbox 443 747 2099 826; baseline -0.008 -13"><span class='ocrx_word' id='word_1_36' title='bbox 443 757 591 813; x_wconf 79' lang='lat' dir='ltr'>Hinc</span> <span class='ocrx_word' id='word_1_37' title='bbox 618 761 819 812; x_wconf 89' lang='lat' dir='ltr'>autem</span> <span class='ocrx_word' id='word_1_38' title='bbox 852 754 1131 826; x_wconf 81' lang='lat' dir='ltr'>colligere</span> <span class='ocrx_word' id='word_1_39' title='bbox 1157 753 1295 809; x_wconf 90' lang='lat' dir='ltr'>licet</span> <span class='ocrx_word' id='word_1_40' title='bbox 1318 751 1477 824; x_wconf 91' lang='lat' dir='ltr'>quod</span> <span class='ocrx_word' id='word_1_41' title='bbox 1507 751 1607 822; x_wconf 85' lang='lat' dir='ltr'>qui</span> <span class='ocrx_word' id='word_1_42' title='bbox 1632 750 1896 821; x_wconf 91' lang='lat' dir='ltr'>seipsum</span> <span class='ocrx_word' id='word_1_43' title='bbox 1921 747 2099 818; x_wconf 87' lang='lat' dir='ltr'>jugu-</span> 
     </span>
    </p>
   </div>
   <div class='ocr_carea' id='block_1_9' title="bbox 444 834 2098 918">
    <p class='ocr_par' dir='ltr' id='par_1_9' title="bbox 444 834 2098 918">
     <span class='ocr_line' id='line_1_9' title="bbox 444 834 2098 918; baseline -0.008 -16"><span class='ocrx_word' id='word_1_44' title='bbox 444 846 548 913; x_wconf 90' lang='lat' dir='ltr'>lat,</span> <span class='ocrx_word' id='word_1_45' title='bbox 572 845 869 918; x_wconf 88' lang='lat' dir='ltr'>judicium</span> <span class='ocrx_word' id='word_1_46' title='bbox 901 842 1215 899; x_wconf 88' lang='lat' dir='ltr'>homicida</span> <span class='ocrx_word' id='word_1_47' title='bbox 1263 841 1422 897; x_wconf 86' lang='lat' dir='ltr'>subit</span> <span class='ocrx_word' id='word_1_48' title='bbox 1450 858 1517 897; x_wconf 90' lang='lat' dir='ltr'>ac</span> <span class='ocrx_word' id='word_1_49' title='bbox 1551 837 1910 912; x_wconf 85' lang='lat' dir='ltr'>supplicium</span> <span class='ocrx_word' id='word_1_50' title='bbox 1941 834 2098 906; x_wconf 90' lang='lat' dir='ltr'>apud</span> 
     </span>
    </p>
   </div>
   <div class='ocr_carea' id='block_1_10' title="bbox 443 935 783 991">
    <p class='ocr_par' dir='ltr' id='par_1_10' title="bbox 443 935 783 991">
     <span class='ocr_line' id='line_1_10' title="bbox 443 935 783 991; baseline -0.012 0"><span class='ocrx_word' id='word_1_51' title='bbox 443 935 783 991; x_wconf 87' lang='lat' dir='ltr'>Dominum.</span> 
     </span>
    </p>
   </div>
   <div class='ocr_carea' id='block_1_11' title="bbox 510 1017 2101 1085">
    <p class='ocr_par' dir='ltr' id='par_1_11' title="bbox 510 1017 2101 1085">
     <span class='ocr_line' id='line_1_11' title="bbox 510 1017 2101 1085; baseline -0.008 -6"><span class='ocrx_word' id='word_1_52' title='bbox 510 1024 691 1079; x_wconf 92' lang='lat' dir='ltr'><strong>XVIII</strong></span> <span class='ocrx_word' id='word_1_53' title='bbox 720 1025 866 1078; x_wconf 79' lang='lat'>9-16.</span> <span class='ocrx_word' id='word_1_54' title='bbox 929 1045 956 1072; x_wconf 84' lang='lat'><strong>«</strong></span> <span class='ocrx_word' id='word_1_55' title='bbox 992 1020 1148 1077; x_wconf 84' lang='lat' dir='ltr'>Dixit</span> <span class='ocrx_word' id='word_1_56' title='bbox 1205 1025 1404 1074; x_wconf 88' lang='lat' dir='ltr'>autem</span> <span class='ocrx_word' id='word_1_57' title='bbox 1461 1017 1750 1074; x_wconf 88' lang='lat' dir='ltr'>Dominus</span> <span class='ocrx_word' id='word_1_58' title='bbox 1788 1018 1963 1070; x_wconf 91' lang='lat' dir='ltr'>nocte</span> <span class='ocrx_word' id='word_1_59' title='bbox 1994 1029 2101 1085; x_wconf 90' lang='lat' dir='ltr'>per</span> 
     </span>
    </p>
   </div>
   <div class='ocr_carea' id='block_1_12' title="bbox 442 1105 2099 1176">
    <p class='ocr_par' dir='ltr' id='par_1_12' title="bbox 442 1105 2099 1176">
     <span class='ocr_line' id='line_1_12' title="bbox 442 1105 2099 1176; baseline -0.007 -8"><span class='ocrx_word' id='word_1_60' title='bbox 442 1113 735 1169; x_wconf 86' lang='lat' dir='ltr'>visionem</span> <span class='ocrx_word' id='word_1_61' title='bbox 784 1111 1009 1166; x_wconf 90' lang='lat' dir='ltr'>Paulo:</span> <span class='ocrx_word' id='word_1_62' title='bbox 1062 1112 1143 1165; x_wconf 88' lang='lat' dir='ltr'>Ne</span> <span class='ocrx_word' id='word_1_63' title='bbox 1200 1109 1436 1175; x_wconf 85' lang='lat' dir='ltr'>timeas,</span> <span class='ocrx_word' id='word_1_64' title='bbox 1499 1106 1602 1162; x_wconf 91' lang='lat' dir='ltr'>sed</span> <span class='ocrx_word' id='word_1_65' title='bbox 1660 1105 1905 1176; x_wconf 87' lang='lat' dir='ltr'>loquere</span> <span class='ocrx_word' id='word_1_66' title='bbox 1937 1108 1995 1157; x_wconf 90' lang='lat' dir='ltr'>et</span> <span class='ocrx_word' id='word_1_67' title='bbox 2024 1117 2099 1157; x_wconf 91' lang='lat' dir='ltr'>ne</span> 
     </span>
    </p>
   </div>
   <div class='ocr_carea' id='block_1_13' title="bbox 445 1191 2103 1273">
    <p class='ocr_par' dir='ltr' id='par_1_13' title="bbox 445 1191 2103 1273">
     <span class='ocr_line' id='line_1_13' title="bbox 445 1191 2103 1273; baseline -0.008 -15"><span class='ocrx_word' id='word_1_68' title='bbox 445 1206 665 1270; x_wconf 84' lang='lat' dir='ltr'>taceas,</span> <span class='ocrx_word' id='word_1_69' title='bbox 700 1218 767 1256; x_wconf 90' lang='lat' dir='ltr'>eo</span> <span class='ocrx_word' id='word_1_70' title='bbox 802 1199 959 1273; x_wconf 92' lang='lat' dir='ltr'>quod</span> <span class='ocrx_word' id='word_1_71' title='bbox 1008 1216 1113 1273; x_wconf 85' lang='lat' dir='ltr'>ego</span> <span class='ocrx_word' id='word_1_72' title='bbox 1175 1199 1287 1254; x_wconf 90' lang='lat' dir='ltr'>sim</span> <span class='ocrx_word' id='word_1_73' title='bbox 1319 1204 1537 1263; x_wconf 88' lang='lat' dir='ltr'>tecum,</span> <span class='ocrx_word' id='word_1_74' title='bbox 1573 1201 1631 1250; x_wconf 90' lang='lat' dir='ltr'>et</span> <span class='ocrx_word' id='word_1_75' title='bbox 1660 1210 1836 1249; x_wconf 90' lang='lat' dir='ltr'>nemo</span> <span class='ocrx_word' id='word_1_76' title='bbox 1868 1191 2103 1247; x_wconf 87' lang='lat' dir='ltr'>adorie-</span> 
     </span>
    </p>
   </div>
   <div class='ocr_carea' id='block_1_14' title="bbox 445 1281 2101 1362">
    <p class='ocr_par' dir='ltr' id='par_1_14' title="bbox 445 1281 2101 1362">
     <span class='ocr_line' id='line_1_14' title="bbox 445 1281 2101 1362; baseline -0.007 -14"><span class='ocrx_word' id='word_1_77' title='bbox 445 1298 544 1349; x_wconf 89' lang='lat' dir='ltr'>tur</span> <span class='ocrx_word' id='word_1_78' title='bbox 573 1298 650 1358; x_wconf 92' lang='lat' dir='ltr'>te,</span> <span class='ocrx_word' id='word_1_79' title='bbox 681 1295 749 1346; x_wconf 91' lang='lat' dir='ltr'>ut</span> <span class='ocrx_word' id='word_1_80' title='bbox 803 1289 1027 1362; x_wconf 88' lang='lat' dir='ltr'>afﬂigat</span> <span class='ocrx_word' id='word_1_81' title='bbox 1081 1295 1160 1358; x_wconf 88' lang='lat' dir='ltr'>te,</span> <span class='ocrx_word' id='word_1_82' title='bbox 1218 1287 1440 1343; x_wconf 91' lang='lat' dir='ltr'>multus</span> <span class='ocrx_word' id='word_1_83' title='bbox 1471 1285 1635 1341; x_wconf 89' lang='lat' dir='ltr'>enim</span> <span class='ocrx_word' id='word_1_84' title='bbox 1665 1283 1815 1339; x_wconf 89' lang='lat' dir='ltr'>mihi</span> <span class='ocrx_word' id='word_1_85' title='bbox 1847 1281 2101 1353; x_wconf 89' lang='lat' dir='ltr'>populus</span> 
     </span>
    </p>
   </div>
   <div class='ocr_carea' id='block_1_15' title="bbox 448 1373 2103 1438">
    <p class='ocr_par' dir='ltr' id='par_1_15' title="bbox 448 1373 2103 1438">
     <span class='ocr_line' id='line_1_15' title="bbox 448 1373 2103 1438; baseline -0.008 -1"><span class='ocrx_word' id='word_1_86' title='bbox 448 1387 539 1438; x_wconf 90' lang='lat' dir='ltr'>est</span> <span class='ocrx_word' id='word_1_87' title='bbox 594 1382 656 1436; x_wconf 92' lang='lat' dir='ltr'>in</span> <span class='ocrx_word' id='word_1_88' title='bbox 713 1380 823 1435; x_wconf 91' lang='lat' dir='ltr'>hac</span> <span class='ocrx_word' id='word_1_89' title='bbox 880 1380 1137 1434; x_wconf 85' lang='lat' dir='ltr'>civitate.</span> <span class='ocrx_word' id='word_1_90' title='bbox 1197 1376 1358 1431; x_wconf 89' lang='lat' dir='ltr'>Sedit</span> <span class='ocrx_word' id='word_1_91' title='bbox 1414 1381 1611 1430; x_wconf 88' lang='lat' dir='ltr'>autem</span> <span class='ocrx_word' id='word_1_92' title='bbox 1656 1373 1737 1427; x_wconf 89' lang='lat' dir='ltr'>ibi</span> <span class='ocrx_word' id='word_1_93' title='bbox 1780 1388 2003 1427; x_wconf 89' lang='lat' dir='ltr'>annum</span> <span class='ocrx_word' id='word_1_94' title='bbox 2046 1374 2103 1424; x_wconf 93' lang='lat' dir='ltr'>et</span> 
     </span>
    </p>
   </div>
   <div class='ocr_carea' id='block_1_16' title="bbox 449 1459 2102 1525">
    <p class='ocr_par' dir='ltr' id='par_1_16' title="bbox 449 1459 2102 1525">
     <span class='ocr_line' id='line_1_16' title="bbox 449 1459 2102 1525; baseline -0.007 -1"><span class='ocrx_word' id='word_1_95' title='bbox 449 1487 550 1525; x_wconf 83' lang='lat' dir='ltr'>sex</span> <span class='ocrx_word' id='word_1_96' title='bbox 606 1484 845 1523; x_wconf 88' lang='lat' dir='ltr'>menses</span> <span class='ocrx_word' id='word_1_97' title='bbox 905 1466 1123 1520; x_wconf 89' lang='lat' dir='ltr'>docens</span> <span class='ocrx_word' id='word_1_98' title='bbox 1182 1480 1283 1518; x_wconf 87' lang='lat' dir='ltr'>eos</span> <span class='ocrx_word' id='word_1_99' title='bbox 1343 1462 1586 1518; x_wconf 88' lang='lat' dir='ltr'>verbum</span> <span class='ocrx_word' id='word_1_100' title='bbox 1647 1460 1770 1516; x_wconf 91' lang='lat' dir='ltr'>Dei.</span> <span class='ocrx_word' id='word_1_101' title='bbox 1812 1459 2102 1515; x_wconf 83' lang='lat' dir='ltr'>Caeterum</span> 
     </span>
    </p>
   </div>
   <div class='ocr_carea' id='block_1_17' title="bbox 453 1548 2102 1627">
    <p class='ocr_par' dir='ltr' id='par_1_17' title="bbox 453 1548 2102 1627">
     <span class='ocr_line' id='line_1_17' title="bbox 453 1548 2102 1627; baseline -0.006 -15"><span class='ocrx_word' id='word_1_102' title='bbox 453 1574 587 1613; x_wconf 90' lang='lat' dir='ltr'>cum</span> <span class='ocrx_word' id='word_1_103' title='bbox 622 1555 810 1611; x_wconf 90' lang='lat' dir='ltr'>Gallio</span> <span class='ocrx_word' id='word_1_104' title='bbox 869 1559 1068 1627; x_wconf 86' lang='lat' dir='ltr'>ageret</span> <span class='ocrx_word' id='word_1_105' title='bbox 1125 1552 1542 1624; x_wconf 88' lang='lat' dir='ltr'>proconsulem</span> <span class='ocrx_word' id='word_1_106' title='bbox 1600 1549 1854 1618; x_wconf 80' lang='lat' dir='ltr'>Achaia,</span> <span class='ocrx_word' id='word_1_107' title='bbox 1906 1548 2102 1603; x_wconf 86' lang='lat' dir='ltr'>insur-</span> 
     </span>
    </p>
   </div>
   <div class='ocr_carea' id='block_1_18' title="bbox 446 1635 2104 1705">
    <p class='ocr_par' dir='ltr' id='par_1_18' title="bbox 446 1635 2104 1705">
     <span class='ocr_line' id='line_1_18' title="bbox 446 1635 2104 1705; baseline -0.006 -5"><span class='ocrx_word' id='word_1_108' title='bbox 446 1648 728 1700; x_wconf 85' lang='lat' dir='ltr'>rexerunt</span> <span class='ocrx_word' id='word_1_109' title='bbox 757 1658 876 1697; x_wconf 90' lang='lat' dir='ltr'>uno</span> <span class='ocrx_word' id='word_1_110' title='bbox 938 1641 1139 1698; x_wconf 90' lang='lat' dir='ltr'>animo</span> <span class='ocrx_word' id='word_1_111' title='bbox 1171 1641 1355 1697; x_wconf 85' lang='lat' dir='ltr'>Judai</span> <span class='ocrx_word' id='word_1_112' title='bbox 1388 1641 1449 1695; x_wconf 85' lang='lat' dir='ltr'>in</span> <span class='ocrx_word' id='word_1_113' title='bbox 1503 1639 1776 1705; x_wconf 90' lang='lat' dir='ltr'>Paulum,</span> <span class='ocrx_word' id='word_1_114' title='bbox 1810 1642 1867 1692; x_wconf 90' lang='lat' dir='ltr'>et</span> <span class='ocrx_word' id='word_1_115' title='bbox 1915 1635 2104 1691; x_wconf 88' lang='lat' dir='ltr'>addu-</span> 
     </span>
    </p>
   </div>
   <div class='ocr_carea' id='block_1_19' title="bbox 445 1728 2105 1798">
    <p class='ocr_par' dir='ltr' id='par_1_19' title="bbox 445 1728 2105 1798">
     <span class='ocr_line' id='line_1_19' title="bbox 445 1728 2105 1798; baseline -0.006 -8"><span class='ocrx_word' id='word_1_116' title='bbox 445 1738 663 1790; x_wconf 83' lang='lat' dir='ltr'>xerunt</span> <span class='ocrx_word' id='word_1_117' title='bbox 742 1748 879 1787; x_wconf 90' lang='lat' dir='ltr'>eum</span> <span class='ocrx_word' id='word_1_118' title='bbox 960 1731 1033 1787; x_wconf 88' lang='lat' dir='ltr'>ad</span> <span class='ocrx_word' id='word_1_119' title='bbox 1120 1730 1406 1798; x_wconf 88' lang='lat' dir='ltr'>tribunal,</span> <span class='ocrx_word' id='word_1_120' title='bbox 1487 1729 1801 1785; x_wconf 86' lang='lat' dir='ltr'>dicentes:</span> <span class='ocrx_word' id='word_1_121' title='bbox 1890 1728 2105 1781; x_wconf 86' lang='lat' dir='ltr'>Contra</span> 
     </span>
    </p>
   </div>
   <div class='ocr_carea' id='block_1_20' title="bbox 446 1816 2103 1895">
    <p class='ocr_par' dir='ltr' id='par_1_20' title="bbox 446 1816 2103 1895">
     <span class='ocr_line' id='line_1_20' title="bbox 446 1816 2103 1895; baseline -0.005 -17"><span class='ocrx_word' id='word_1_122' title='bbox 446 1822 637 1895; x_wconf 85' lang='lat' dir='ltr'>legem</span> <span class='ocrx_word' id='word_1_123' title='bbox 671 1821 768 1877; x_wconf 89' lang='lat' dir='ltr'>hic</span> <span class='ocrx_word' id='word_1_124' title='bbox 827 1820 1037 1876; x_wconf 86' lang='lat' dir='ltr'>suadet</span> <span class='ocrx_word' id='word_1_125' title='bbox 1095 1820 1440 1875; x_wconf 91' lang='lat' dir='ltr'>hominibus</span> <span class='ocrx_word' id='word_1_126' title='bbox 1493 1818 1688 1874; x_wconf 90' lang='lat' dir='ltr'>colere</span> <span class='ocrx_word' id='word_1_127' title='bbox 1719 1818 1925 1872; x_wconf 89' lang='lat' dir='ltr'>Deum.</span> <span class='ocrx_word' id='word_1_128' title='bbox 1958 1816 2103 1871; x_wconf 87' lang='lat' dir='ltr'>Cum</span> 
     </span>
    </p>
   </div>
   <div class='ocr_carea' id='block_1_21' title="bbox 449 1904 2098 1981">
    <p class='ocr_par' dir='ltr' id='par_1_21' title="bbox 449 1904 2098 1981">
     <span class='ocr_line' id='line_1_21' title="bbox 449 1904 2098 1981; baseline -0.005 -14"><span class='ocrx_word' id='word_1_129' title='bbox 449 1917 648 1967; x_wconf 89' lang='lat' dir='ltr'>autem</span> <span class='ocrx_word' id='word_1_130' title='bbox 679 1911 897 1966; x_wconf 90' lang='lat' dir='ltr'>Paulus</span> <span class='ocrx_word' id='word_1_131' title='bbox 946 1915 1184 1981; x_wconf 86' lang='lat' dir='ltr'>pararet</span> <span class='ocrx_word' id='word_1_132' title='bbox 1241 1908 1474 1980; x_wconf 86' lang='lat' dir='ltr'>aperire</span> <span class='ocrx_word' id='word_1_133' title='bbox 1505 1925 1591 1975; x_wconf 90' lang='lat' dir='ltr'>os,</span> <span class='ocrx_word' id='word_1_134' title='bbox 1626 1906 1773 1961; x_wconf 85' lang='lat' dir='ltr'>dixit</span> <span class='ocrx_word' id='word_1_135' title='bbox 1803 1906 1991 1960; x_wconf 86' lang='lat' dir='ltr'>Gallio</span> <span class='ocrx_word' id='word_1_136' title='bbox 2024 1904 2098 1960; x_wconf 88' lang='lat' dir='ltr'>ad</span> 
     </span>
    </p>
   </div>
   <div class='ocr_carea' id='block_1_22' title="bbox 446 1995 2098 2070">
    <p class='ocr_par' dir='ltr' id='par_1_22' title="bbox 446 1995 2098 2070">
     <span class='ocr_line' id='line_1_22' title="bbox 446 1995 2098 2070; baseline -0.005 -13"><span class='ocrx_word' id='word_1_137' title='bbox 446 2000 679 2057; x_wconf 83' lang='lat' dir='ltr'>Judaos</span> <span class='ocrx_word' id='word_1_138' title='bbox 706 2017 719 2054; x_wconf 92' lang='lat'>:</span> <span class='ocrx_word' id='word_1_139' title='bbox 754 1999 809 2055; x_wconf 92' lang='lat' dir='ltr'>Si</span> <span class='ocrx_word' id='word_1_140' title='bbox 841 2016 958 2070; x_wconf 88' lang='lat' dir='ltr'>qua</span> <span class='ocrx_word' id='word_1_141' title='bbox 988 1999 1209 2069; x_wconf 85' lang='lat' dir='ltr'>injuria</span> <span class='ocrx_word' id='word_1_142' title='bbox 1248 2003 1406 2053; x_wconf 90' lang='lat' dir='ltr'>esset</span> <span class='ocrx_word' id='word_1_143' title='bbox 1457 2002 1559 2052; x_wconf 90' lang='lat' dir='ltr'>aut</span> <span class='ocrx_word' id='word_1_144' title='bbox 1586 1995 1819 2052; x_wconf 84' lang='lat' dir='ltr'>facinus</span> <span class='ocrx_word' id='word_1_145' title='bbox 1850 1995 2098 2058; x_wconf 81' lang='lat' dir='ltr'>malum,</span> 
     </span>
    </p>
   </div>
   <div class='ocr_carea' id='block_1_23' title="bbox 450 2083 2098 2155">
    <p class='ocr_par' dir='ltr' id='par_1_23' title="bbox 450 2083 2098 2155">
     <span class='ocr_line' id='line_1_23' title="bbox 450 2083 2098 2155; baseline -0.004 -10"><span class='ocrx_word' id='word_1_146' title='bbox 450 2107 483 2145; x_wconf 96' lang='lat' dir='ltr'>o</span> <span class='ocrx_word' id='word_1_147' title='bbox 513 2090 717 2155; x_wconf 85' lang='lat' dir='ltr'>Judai,</span> <span class='ocrx_word' id='word_1_148' title='bbox 751 2088 965 2143; x_wconf 90' lang='lat' dir='ltr'>merito</span> <span class='ocrx_word' id='word_1_149' title='bbox 1022 2104 1127 2143; x_wconf 89' lang='lat' dir='ltr'>vos</span> <span class='ocrx_word' id='word_1_150' title='bbox 1160 2086 1557 2142; x_wconf 89' lang='lat' dir='ltr'>sustinerem:</span> <span class='ocrx_word' id='word_1_151' title='bbox 1592 2086 1641 2140; x_wconf 92' lang='lat' dir='ltr'>si</span> <span class='ocrx_word' id='word_1_152' title='bbox 1670 2102 1805 2141; x_wconf 89' lang='lat' dir='ltr'>vero</span> <span class='ocrx_word' id='word_1_153' title='bbox 1851 2083 2098 2155; x_wconf 82' lang='lat' dir='ltr'>quastio</span> 
     </span>
    </p>
   </div>
   <div class='ocr_carea' id='block_1_24' title="bbox 451 2176 2101 2249">
    <p class='ocr_par' dir='ltr' id='par_1_24' title="bbox 451 2176 2101 2249">
     <span class='ocr_line' id='line_1_24' title="bbox 451 2176 2101 2249; baseline -0.004 -13"><span class='ocrx_word' id='word_1_154' title='bbox 451 2185 541 2237; x_wconf 89' lang='lat' dir='ltr'>est</span> <span class='ocrx_word' id='word_1_155' title='bbox 570 2179 643 2234; x_wconf 91' lang='lat' dir='ltr'>de</span> <span class='ocrx_word' id='word_1_156' title='bbox 683 2194 956 2235; x_wconf 88' lang='lat' dir='ltr'>sermone</span> <span class='ocrx_word' id='word_1_157' title='bbox 1019 2183 1077 2233; x_wconf 89' lang='lat' dir='ltr'>et</span> <span class='ocrx_word' id='word_1_158' title='bbox 1131 2177 1479 2233; x_wconf 87' lang='lat' dir='ltr'>nominibus</span> <span class='ocrx_word' id='word_1_159' title='bbox 1508 2193 1576 2232; x_wconf 90' lang='lat' dir='ltr'>ac</span> <span class='ocrx_word' id='word_1_160' title='bbox 1625 2176 1752 2249; x_wconf 84' lang='lat' dir='ltr'>lege</span> <span class='ocrx_word' id='word_1_161' title='bbox 1785 2177 1933 2230; x_wconf 74' lang='grc'>141</span> <span class='ocrx_word' id='word_1_162' title='bbox 1970 2190 2101 2245; x_wconf 84' lang='lat' dir='ltr'>qua</span> 
     </span>
    </p>
   </div>
   <div class='ocr_carea' id='block_1_25' title="bbox 452 2265 2101 2344">
    <p class='ocr_par' dir='ltr' id='par_1_25' title="bbox 452 2265 2101 2344">
     <span class='ocr_line' id='line_1_25' title="bbox 452 2265 2101 2344; baseline -0.006 -15"><span class='ocrx_word' id='word_1_163' title='bbox 452 2270 608 2344; x_wconf 83' lang='lat' dir='ltr'>apud</span> <span class='ocrx_word' id='word_1_164' title='bbox 637 2286 739 2324; x_wconf 89' lang='lat' dir='ltr'>vos</span> <span class='ocrx_word' id='word_1_165' title='bbox 770 2273 879 2335; x_wconf 88' lang='lat' dir='ltr'>est,</span> <span class='ocrx_word' id='word_1_166' title='bbox 912 2285 1013 2323; x_wconf 89' lang='lat' dir='ltr'>vos</span> <span class='ocrx_word' id='word_1_167' title='bbox 1062 2268 1178 2340; x_wconf 90' lang='lat' dir='ltr'>ipsi</span> <span class='ocrx_word' id='word_1_168' title='bbox 1233 2266 1537 2333; x_wconf 88' lang='lat' dir='ltr'>videritis;</span> <span class='ocrx_word' id='word_1_169' title='bbox 1589 2266 1776 2338; x_wconf 84' lang='lat' dir='ltr'>judex</span> <span class='ocrx_word' id='word_1_170' title='bbox 1807 2265 1965 2320; x_wconf 92' lang='lat' dir='ltr'>enim</span> <span class='ocrx_word' id='word_1_171' title='bbox 1998 2281 2101 2337; x_wconf 90' lang='lat' dir='ltr'>ego</span> 
     </span>
    </p>
   </div>
   <div class='ocr_carea' id='block_1_26' title="bbox 452 2355 1954 2430">
    <p class='ocr_par' dir='ltr' id='par_1_26' title="bbox 452 2355 1954 2430">
     <span class='ocr_line' id='line_1_26' title="bbox 452 2355 1954 2430; baseline -0.01 -11"><span class='ocrx_word' id='word_1_172' title='bbox 452 2361 665 2419; x_wconf 89' lang='lat' dir='ltr'>horum</span> <span class='ocrx_word' id='word_1_173' title='bbox 696 2359 836 2416; x_wconf 90' lang='lat' dir='ltr'>nolo</span> <span class='ocrx_word' id='word_1_174' title='bbox 868 2376 1017 2415; x_wconf 88' lang='lat' dir='ltr'>esse.</span> <span class='ocrx_word' id='word_1_175' title='bbox 1051 2358 1119 2414; x_wconf 90' lang='lat' dir='ltr'>Et</span> <span class='ocrx_word' id='word_1_176' title='bbox 1147 2358 1343 2430; x_wconf 84' lang='lat' dir='ltr'>abegit</span> <span class='ocrx_word' id='word_1_177' title='bbox 1396 2373 1497 2413; x_wconf 89' lang='lat' dir='ltr'>eos</span> <span class='ocrx_word' id='word_1_178' title='bbox 1527 2373 1561 2412; x_wconf 91' lang='lat' dir='ltr'>a</span> <span class='ocrx_word' id='word_1_179' title='bbox 1587 2355 1894 2412; x_wconf 87' lang='lat' dir='ltr'>tribunali.</span> <span class='ocrx_word' id='word_1_180' title='bbox 1932 2376 1954 2404; x_wconf 73' lang='grc' dir='ltr'>υ</span> 
     </span>
    </p>
   </div>
   <div class='ocr_carea' id='block_1_27' title="bbox 526 2622 2108 2700">
    <p class='ocr_par' dir='ltr' id='par_1_27' title="bbox 526 2622 2108 2700">
     <span class='ocr_line' id='line_1_27' title="bbox 526 2622 2108 2700; baseline -0.004 -18"><span class='ocrx_word' id='word_1_181' title='bbox 526 2652 555 2682; x_wconf 81' lang='grc' dir='ltr'>ι(</span> <span class='ocrx_word' id='word_1_182' title='bbox 588 2630 766 2684; x_wconf 84' lang='lat' dir='ltr'>Nocte</span> <span class='ocrx_word' id='word_1_183' title='bbox 799 2643 907 2700; x_wconf 88' lang='lat' dir='ltr'>per</span> <span class='ocrx_word' id='word_1_184' title='bbox 929 2626 1239 2682; x_wconf 80' lang='lat' dir='ltr'>visionem.</span> <span class='ocrx_word' id='word_1_185' title='bbox 1276 2644 1302 2677; x_wconf 71' lang='grc' dir='ltr'>ι</span> <span class='ocrx_word' id='word_1_186' title='bbox 1337 2623 1673 2681; x_wconf 89' lang='lat' dir='ltr'>Notandum</span> <span class='ocrx_word' id='word_1_187' title='bbox 1705 2622 1865 2695; x_wconf 90' lang='lat' dir='ltr'>quod</span> <span class='ocrx_word' id='word_1_188' title='bbox 1895 2622 2108 2678; x_wconf 86' lang='lat' dir='ltr'>viderit</span> 
     </span>
    </p>
   </div>
   <div class='ocr_carea' id='block_1_28' title="bbox 452 2716 2108 2787">
    <p class='ocr_par' dir='ltr' id='par_1_28' title="bbox 452 2716 2108 2787">
     <span class='ocr_line' id='line_1_28' title="bbox 452 2716 2108 2787; baseline -0.005 -10"><span class='ocrx_word' id='word_1_189' title='bbox 452 2720 671 2777; x_wconf 89' lang='lat' dir='ltr'>Paulus</span> <span class='ocrx_word' id='word_1_190' title='bbox 712 2718 1028 2774; x_wconf 90' lang='lat' dir='ltr'>Dominum</span> <span class='ocrx_word' id='word_1_191' title='bbox 1089 2718 1288 2773; x_wconf 80' lang='lat' dir='ltr'>Iesum</span> <span class='ocrx_word' id='word_1_192' title='bbox 1343 2732 1449 2787; x_wconf 90' lang='lat' dir='ltr'>per</span> <span class='ocrx_word' id='word_1_193' title='bbox 1504 2716 1824 2770; x_wconf 90' lang='lat' dir='ltr'>somnium.</span> <span class='ocrx_word' id='word_1_194' title='bbox 1860 2717 2108 2784; x_wconf 89' lang='lat' dir='ltr'>Propter</span> 
     </span>
    </p>
   </div>
   <div class='ocr_carea' id='block_1_29' title="bbox 452 2803 2105 2883">
    <p class='ocr_par' dir='ltr' id='par_1_29' title="bbox 452 2803 2105 2883">
     <span class='ocr_line' id='line_1_29' title="bbox 452 2803 2105 2883; baseline -0.005 -17"><span class='ocrx_word' id='word_1_195' title='bbox 452 2808 609 2883; x_wconf 91' lang='lat' dir='ltr'>quod</span> <span class='ocrx_word' id='word_1_196' title='bbox 645 2809 822 2864; x_wconf 90' lang='lat' dir='ltr'>etiam</span> <span class='ocrx_word' id='word_1_197' title='bbox 854 2808 981 2879; x_wconf 90' lang='lat' dir='ltr'>ipse</span> <span class='ocrx_word' id='word_1_198' title='bbox 1014 2806 1247 2861; x_wconf 89' lang='lat' dir='ltr'>dicebat</span> <span class='ocrx_word' id='word_1_199' title='bbox 1276 2824 1288 2861; x_wconf 91' lang='lat'>:</span> <span class='ocrx_word' id='word_1_200' title='bbox 1344 2808 1548 2860; x_wconf 86' lang='lat' dir='ltr'>Nonne</span> <span class='ocrx_word' id='word_1_201' title='bbox 1578 2806 1778 2860; x_wconf 71' lang='lat' dir='ltr'>Iesum</span> <span class='ocrx_word' id='word_1_202' title='bbox 1808 2803 2105 2859; x_wconf 87' lang='lat' dir='ltr'>Christum</span> 
     </span>
    </p>
   </div>
   <div class='ocr_carea' id='block_1_30' title="bbox 452 2892 2104 2965">
    <p class='ocr_par' dir='ltr' id='par_1_30' title="bbox 452 2892 2104 2965">
     <span class='ocr_line' id='line_1_30' title="bbox 452 2892 2104 2965; baseline -0.005 -11"><span class='ocrx_word' id='word_1_203' title='bbox 452 2900 770 2954; x_wconf 89' lang='lat' dir='ltr'>Dominum</span> <span class='ocrx_word' id='word_1_204' title='bbox 799 2902 1068 2953; x_wconf 89' lang='lat' dir='ltr'>nostrum</span> <span class='ocrx_word' id='word_1_205' title='bbox 1096 2895 1260 2951; x_wconf 83' lang='lat' dir='ltr'>vidi?</span> <span class='ocrx_word' id='word_1_206' title='bbox 1281 2896 1408 2950; x_wconf 89' lang='lat' dir='ltr'>Sive</span> <span class='ocrx_word' id='word_1_207' title='bbox 1435 2901 1634 2950; x_wconf 89' lang='lat' dir='ltr'>autem</span> <span class='ocrx_word' id='word_1_208' title='bbox 1659 2910 1764 2965; x_wconf 90' lang='lat' dir='ltr'>per</span> <span class='ocrx_word' id='word_1_209' title='bbox 1784 2892 2104 2957; x_wconf 90' lang='lat' dir='ltr'>somnium,</span> 
     </span>
    </p>
   </div>
   <div class='ocr_carea' id='block_1_31' title="bbox 451 2982 2105 3060">
    <p class='ocr_par' dir='ltr' id='par_1_31' title="bbox 451 2982 2105 3060">
     <span class='ocr_line' id='line_1_31' title="bbox 451 2982 2105 3060; baseline -0.006 -15"><span class='ocrx_word' id='word_1_210' title='bbox 451 2989 574 3045; x_wconf 89' lang='lat' dir='ltr'>sive</span> <span class='ocrx_word' id='word_1_211' title='bbox 604 2987 861 3060; x_wconf 89' lang='lat' dir='ltr'>vigilans</span> <span class='ocrx_word' id='word_1_212' title='bbox 889 2987 1089 3042; x_wconf 87' lang='lat' dir='ltr'>Jesum</span> <span class='ocrx_word' id='word_1_213' title='bbox 1110 2984 1341 3051; x_wconf 88' lang='lat' dir='ltr'>viderit,</span> <span class='ocrx_word' id='word_1_214' title='bbox 1370 2984 1538 3039; x_wconf 89' lang='lat' dir='ltr'>nulla</span> <span class='ocrx_word' id='word_1_215' title='bbox 1567 2989 1656 3039; x_wconf 92' lang='lat' dir='ltr'>est</span> <span class='ocrx_word' id='word_1_216' title='bbox 1685 2982 2105 3053; x_wconf 81' lang='lat' dir='ltr'>discrepantia:</span> 
     </span>
    </p>
   </div>
   <div class='ocr_carea' id='block_1_32' title="bbox 451 3074 1626 3146">
    <p class='ocr_par' dir='ltr' id='par_1_32' title="bbox 451 3074 1626 3146">
     <span class='ocr_line' id='line_1_32' title="bbox 451 3074 1626 3146; baseline -0.006 -12"><span class='ocrx_word' id='word_1_217' title='bbox 451 3083 719 3134; x_wconf 87' lang='lat' dir='ltr'>attamen</span> <span class='ocrx_word' id='word_1_218' title='bbox 754 3078 818 3132; x_wconf 91' lang='lat' dir='ltr'>in</span> <span class='ocrx_word' id='word_1_219' title='bbox 850 3075 945 3131; x_wconf 92' lang='lat' dir='ltr'>die</span> <span class='ocrx_word' id='word_1_220' title='bbox 975 3076 1155 3130; x_wconf 89' lang='lat' dir='ltr'>etiam</span> <span class='ocrx_word' id='word_1_221' title='bbox 1183 3074 1299 3145; x_wconf 91' lang='lat' dir='ltr'>ipsi</span> <span class='ocrx_word' id='word_1_222' title='bbox 1330 3074 1626 3146; x_wconf 88' lang='lat' dir='ltr'>apparuit.</span> 
     </span>
    </p>
   </div>
   <div class='ocr_carea' id='block_1_33' title="bbox 520 3161 2104 3236">
    <p class='ocr_par' dir='ltr' id='par_1_33' title="bbox 520 3161 2104 3236">
     <span class='ocr_line' id='line_1_33' title="bbox 520 3161 2104 3236; baseline -0.003 -16"><span class='ocrx_word' id='word_1_223' title='bbox 520 3167 718 3232; x_wconf 85' lang='lat' dir='ltr'><strong>XVIII,</strong></span> <span class='ocrx_word' id='word_1_224' title='bbox 752 3164 840 3220; x_wconf 85' lang='grc'>17.</span> <span class='ocrx_word' id='word_1_225' title='bbox 878 3184 905 3217; x_wconf 77' lang='grc' dir='ltr'>ιι</span> <span class='ocrx_word' id='word_1_226' title='bbox 935 3164 1389 3236; x_wconf 83' lang='lat' dir='ltr'>Apprehensum</span> <span class='ocrx_word' id='word_1_227' title='bbox 1439 3169 1637 3218; x_wconf 90' lang='lat' dir='ltr'>autem</span> <span class='ocrx_word' id='word_1_228' title='bbox 1682 3179 1891 3217; x_wconf 90' lang='lat' dir='ltr'>omnes</span> <span class='ocrx_word' id='word_1_229' title='bbox 1922 3161 2104 3217; x_wconf 86' lang='lat' dir='ltr'>Graci</span> 
     </span>
    </p>
   </div>
   <div class='ocr_carea' id='block_1_34' title="bbox 453 3249 2109 3325">
    <p class='ocr_par' dir='ltr' id='par_1_34' title="bbox 453 3249 2109 3325">
     <span class='ocr_line' id='line_1_34' title="bbox 453 3249 2109 3325; baseline -0.002 -17"><span class='ocrx_word' id='word_1_230' title='bbox 453 3254 804 3309; x_wconf 88' lang='lat' dir='ltr'>Sosthenem</span> <span class='ocrx_word' id='word_1_231' title='bbox 887 3252 1222 3323; x_wconf 88' lang='lat' dir='ltr'>principem</span> <span class='ocrx_word' id='word_1_232' title='bbox 1306 3267 1615 3325; x_wconf 87' lang='lat' dir='ltr'>synagoga</span> <span class='ocrx_word' id='word_1_233' title='bbox 1698 3249 2109 3322; x_wconf 87' lang='lat' dir='ltr'>percutiebant</span> 
     </span>
    </p>
   </div>
   <div class='ocr_carea' id='block_1_35' title="bbox 461 3339 2110 3411">
    <p class='ocr_par' dir='ltr' id='par_1_35' title="bbox 461 3339 2110 3411">
     <span class='ocr_line' id='line_1_35' title="bbox 461 3339 2110 3411; baseline -0.002 -14"><span class='ocrx_word' id='word_1_234' title='bbox 461 3347 598 3398; x_wconf 86' lang='lat' dir='ltr'>ante</span> <span class='ocrx_word' id='word_1_235' title='bbox 656 3340 941 3408; x_wconf 90' lang='lat' dir='ltr'>tribunal,</span> <span class='ocrx_word' id='word_1_236' title='bbox 1002 3356 1195 3411; x_wconf 91' lang='lat' dir='ltr'>neque</span> <span class='ocrx_word' id='word_1_237' title='bbox 1234 3339 1561 3411; x_wconf 85' lang='lat' dir='ltr'>quidquam</span> <span class='ocrx_word' id='word_1_238' title='bbox 1610 3356 1816 3396; x_wconf 90' lang='lat' dir='ltr'>eorum</span> <span class='ocrx_word' id='word_1_239' title='bbox 1857 3340 2110 3409; x_wconf 72' lang='lat' dir='ltr'>Gallioni</span> 
     </span>
    </p>
   </div>
   <div class='ocr_carea' id='block_1_36' title="bbox 464 3435 861 3487">
    <p class='ocr_par' dir='ltr' id='par_1_36' title="bbox 464 3435 861 3487">
     <span class='ocr_line' id='line_1_36' title="bbox 464 3435 861 3487; baseline -0.02 0"><span class='ocrx_word' id='word_1_240' title='bbox 464 3447 620 3487; x_wconf 88' lang='lat' dir='ltr'>cura</span> <span class='ocrx_word' id='word_1_241' title='bbox 652 3435 798 3485; x_wconf 90' lang='lat' dir='ltr'>erat.</span> <span class='ocrx_word' id='word_1_242' title='bbox 832 3451 861 3479; x_wconf 84' lang='lat'><strong>»</strong></span> 
     </span>
    </p>
   </div>
   <div class='ocr_carea' id='block_1_37' title="bbox 534 3520 2110 3593">
    <p class='ocr_par' dir='ltr' id='par_1_37' title="bbox 534 3520 2110 3593">
     <span class='ocr_line' id='line_1_37' title="bbox 534 3520 2110 3593; baseline -0.001 -15"><span class='ocrx_word' id='word_1_243' title='bbox 534 3525 649 3578; x_wconf 83' lang='lat' dir='ltr'>Aut</span> <span class='ocrx_word' id='word_1_244' title='bbox 669 3520 1021 3577; x_wconf 89' lang='lat' dir='ltr'>Sosthenem</span> <span class='ocrx_word' id='word_1_245' title='bbox 1048 3525 1360 3592; x_wconf 90' lang='lat' dir='ltr'>propterea</span> <span class='ocrx_word' id='word_1_246' title='bbox 1381 3521 1811 3592; x_wconf 87' lang='lat' dir='ltr'>percutiebant,</span> <span class='ocrx_word' id='word_1_247' title='bbox 1828 3522 2110 3593; x_wconf 90' lang='lat' dir='ltr'>quoniam</span> 
     </span>
    </p>
   </div>
   <div class='ocr_carea' id='block_1_38' title="bbox 465 3610 2110 3684">
    <p class='ocr_par' dir='ltr' id='par_1_38' title="bbox 465 3610 2110 3684">
     <span class='ocr_line' id='line_1_38' title="bbox 465 3610 2110 3684; baseline -0.001 -16"><span class='ocrx_word' id='word_1_248' title='bbox 465 3613 595 3684; x_wconf 90' lang='lat' dir='ltr'>ipse</span> <span class='ocrx_word' id='word_1_249' title='bbox 618 3610 801 3667; x_wconf 90' lang='lat' dir='ltr'>Paulo</span> <span class='ocrx_word' id='word_1_250' title='bbox 826 3610 1013 3683; x_wconf 88' lang='lat' dir='ltr'>magis</span> <span class='ocrx_word' id='word_1_251' title='bbox 1036 3610 1385 3679; x_wconf 87' lang='lat' dir='ltr'>adhareret,</span> <span class='ocrx_word' id='word_1_252' title='bbox 1411 3610 1909 3680; x_wconf 85' lang='lat' dir='ltr'>quemadmodum</span> <span class='ocrx_word' id='word_1_253' title='bbox 1930 3611 2110 3666; x_wconf 88' lang='lat' dir='ltr'>etiam</span> 
     </span>
    </p>
   </div>
   <div class='ocr_carea' id='block_1_39' title="bbox 461 3699 2111 3774">
    <p class='ocr_par' dir='ltr' id='par_1_39' title="bbox 461 3699 2111 3774">
     <span class='ocr_line' id='line_1_39' title="bbox 461 3699 2111 3774; baseline -0.002 -16"><span class='ocrx_word' id='word_1_254' title='bbox 461 3703 700 3774; x_wconf 89' lang='lat' dir='ltr'>Crispus</span> <span class='ocrx_word' id='word_1_255' title='bbox 723 3701 1001 3772; x_wconf 87' lang='lat' dir='ltr'>princeps</span> <span class='ocrx_word' id='word_1_256' title='bbox 1028 3715 1337 3772; x_wconf 81' lang='lat' dir='ltr'>synagoga</span> <span class='ocrx_word' id='word_1_257' title='bbox 1360 3715 1371 3752; x_wconf 93' lang='lat'>:</span> <span class='ocrx_word' id='word_1_258' title='bbox 1396 3705 1497 3752; x_wconf 89' lang='lat' dir='ltr'>aut</span> <span class='ocrx_word' id='word_1_259' title='bbox 1520 3699 1581 3753; x_wconf 92' lang='lat' dir='ltr'>in</span> <span class='ocrx_word' id='word_1_260' title='bbox 1605 3705 1838 3755; x_wconf 89' lang='lat' dir='ltr'>tantum</span> <span class='ocrx_word' id='word_1_261' title='bbox 1860 3699 2111 3755; x_wconf 84' lang='lat' dir='ltr'>insania</span> 
     </span>
    </p>
   </div>
   <div class='ocr_carea' id='block_1_40' title="bbox 463 3788 2110 3864">
    <p class='ocr_par' dir='ltr' id='par_1_40' title="bbox 463 3788 2110 3864">
     <span class='ocr_line' id='line_1_40' title="bbox 463 3788 2110 3864; baseline -0.002 -16"><span class='ocrx_word' id='word_1_262' title='bbox 463 3791 947 3864; x_wconf 88' lang='lat' dir='ltr'>impellebantur,</span> <span class='ocrx_word' id='word_1_263' title='bbox 982 3795 1048 3843; x_wconf 90' lang='lat' dir='ltr'>ut</span> <span class='ocrx_word' id='word_1_264' title='bbox 1077 3805 1183 3843; x_wconf 90' lang='lat' dir='ltr'>suo</span> <span class='ocrx_word' id='word_1_265' title='bbox 1223 3788 1491 3843; x_wconf 87' lang='lat' dir='ltr'>frustrati</span> <span class='ocrx_word' id='word_1_266' title='bbox 1532 3788 1762 3843; x_wconf 87' lang='lat' dir='ltr'>intento</span> <span class='ocrx_word' id='word_1_267' title='bbox 1793 3806 1925 3844; x_wconf 90' lang='lat' dir='ltr'>cum</span> <span class='ocrx_word' id='word_1_268' title='bbox 1957 3791 2110 3846; x_wconf 84' lang='lat' dir='ltr'>Pau-</span> 
     </span>
    </p>
   </div>
   <div class='ocr_carea' id='block_1_41' title="bbox 460 3878 2111 3953">
    <p class='ocr_par' dir='ltr' id='par_1_41' title="bbox 460 3878 2111 3953">
     <span class='ocr_line' id='line_1_41' title="bbox 460 3878 2111 3953; baseline -0.002 -14"><span class='ocrx_word' id='word_1_269' title='bbox 460 3881 584 3939; x_wconf 91' lang='lat' dir='ltr'>lum</span> <span class='ocrx_word' id='word_1_270' title='bbox 643 3879 1005 3937; x_wconf 89' lang='lat' dir='ltr'>verberaturi</span> <span class='ocrx_word' id='word_1_271' title='bbox 1059 3878 1335 3945; x_wconf 85' lang='lat' dir='ltr'>fuissent,</span> <span class='ocrx_word' id='word_1_272' title='bbox 1394 3878 1743 3934; x_wconf 90' lang='lat' dir='ltr'>Sosthenem</span> <span class='ocrx_word' id='word_1_273' title='bbox 1802 3895 2111 3953; x_wconf 84' lang='lat' dir='ltr'>synagoga</span> 
     </span>
    </p>
   </div>
   <div class='ocr_carea' id='block_1_42' title="bbox 461 3966 2113 4042">
    <p class='ocr_par' dir='ltr' id='par_1_42' title="bbox 461 3966 2113 4042">
     <span class='ocr_line' id='line_1_42' title="bbox 461 3966 2113 4042; baseline -0.001 -18"><span class='ocrx_word' id='word_1_274' title='bbox 461 3969 796 4042; x_wconf 87' lang='lat' dir='ltr'>principem</span> <span class='ocrx_word' id='word_1_275' title='bbox 830 3966 1245 4022; x_wconf 87' lang='lat' dir='ltr'>verberarent:</span> <span class='ocrx_word' id='word_1_276' title='bbox 1282 3967 1400 4022; x_wconf 90' lang='lat' dir='ltr'>sive</span> <span class='ocrx_word' id='word_1_277' title='bbox 1427 3974 1741 4039; x_wconf 88' lang='lat' dir='ltr'>propterea</span> <span class='ocrx_word' id='word_1_278' title='bbox 1770 3969 1966 4041; x_wconf 89' lang='lat' dir='ltr'>ipsum</span> <span class='ocrx_word' id='word_1_279' title='bbox 1992 3985 2113 4023; x_wconf 86' lang='lat' dir='ltr'>ver-</span> 
     </span>
    </p>
   </div>
   <div class='ocr_carea' id='block_1_43' title="bbox 459 4056 2116 4128">
    <p class='ocr_par' dir='ltr' id='par_1_43' title="bbox 459 4056 2116 4128">
     <span class='ocr_line' id='line_1_43' title="bbox 459 4056 2116 4128; baseline 0.001 -15"><span class='ocrx_word' id='word_1_280' title='bbox 459 4057 766 4125; x_wconf 90' lang='lat' dir='ltr'>berabant,</span> <span class='ocrx_word' id='word_1_281' title='bbox 802 4056 1085 4128; x_wconf 90' lang='lat' dir='ltr'>quoniam</span> <span class='ocrx_word' id='word_1_282' title='bbox 1147 4057 1395 4113; x_wconf 87' lang='lat' dir='ltr'>Paulum</span> <span class='ocrx_word' id='word_1_283' title='bbox 1456 4058 1701 4114; x_wconf 90' lang='lat' dir='ltr'>omnino</span> <span class='ocrx_word' id='word_1_284' title='bbox 1732 4058 2116 4115; x_wconf 89' lang='lat' dir='ltr'>decreverant</span> 
     </span>
    </p>
   </div>
   <div class='ocr_carea' id='block_1_44' title="bbox 462 4147 1822 4220">
    <p class='ocr_par' dir='ltr' id='par_1_44' title="bbox 462 4147 1822 4220">
     <span class='ocr_line' id='line_1_44' title="bbox 462 4147 1822 4220; baseline 0.003 -18"><span class='ocrx_word' id='word_1_285' title='bbox 462 4147 753 4217; x_wconf 90' lang='lat' dir='ltr'>occidere,</span> <span class='ocrx_word' id='word_1_286' title='bbox 789 4153 847 4204; x_wconf 91' lang='lat' dir='ltr'>et</span> <span class='ocrx_word' id='word_1_287' title='bbox 877 4147 1195 4203; x_wconf 89' lang='lat' dir='ltr'>Sosthenes</span> <span class='ocrx_word' id='word_1_288' title='bbox 1226 4148 1388 4220; x_wconf 90' lang='lat' dir='ltr'>ipsos</span> <span class='ocrx_word' id='word_1_289' title='bbox 1417 4149 1822 4220; x_wconf 90' lang='lat' dir='ltr'>prohibuerat.</span> 
     </span>
    </p>
   </div>
   <div class='ocr_carea' id='block_1_45' title="bbox 533 4238 2114 4313">
    <p class='ocr_par' dir='ltr' id='par_1_45' title="bbox 533 4238 2114 4313">
     <span class='ocr_line' id='line_1_45' title="bbox 533 4238 2114 4313; baseline 0.004 -20"><span class='ocrx_word' id='word_1_290' title='bbox 533 4238 727 4308; x_wconf 85' lang='lat' dir='ltr'><strong>XVIII,</strong></span> <span class='ocrx_word' id='word_1_291' title='bbox 763 4240 850 4293; x_wconf 87' lang='grc'>18.</span> <span class='ocrx_word' id='word_1_292' title='bbox 911 4259 939 4288; x_wconf 89' lang='grc'>‹‹</span> <span class='ocrx_word' id='word_1_293' title='bbox 984 4238 1201 4294; x_wconf 89' lang='lat' dir='ltr'>Paulus</span> <span class='ocrx_word' id='word_1_294' title='bbox 1258 4256 1394 4295; x_wconf 90' lang='lat' dir='ltr'>vero</span> <span class='ocrx_word' id='word_1_295' title='bbox 1453 4247 1658 4313; x_wconf 90' lang='lat' dir='ltr'>postea</span> <span class='ocrx_word' id='word_1_296' title='bbox 1714 4249 2114 4299; x_wconf 88' lang='lat' dir='ltr'>commoratus</span> 
     </span>
    </p>
   </div>
   <div class='ocr_carea' id='block_1_46' title="bbox 464 4328 2114 4407">
    <p class='ocr_par' dir='ltr' id='par_1_46' title="bbox 464 4328 2114 4407">
     <span class='ocr_line' id='line_1_46' title="bbox 464 4328 2114 4407; baseline 0.002 -22"><span class='ocrx_word' id='word_1_297' title='bbox 464 4328 592 4385; x_wconf 90' lang='lat' dir='ltr'>dies</span> <span class='ocrx_word' id='word_1_298' title='bbox 620 4329 861 4397; x_wconf 88' lang='lat' dir='ltr'>multos,</span> <span class='ocrx_word' id='word_1_299' title='bbox 890 4345 1027 4384; x_wconf 92' lang='lat' dir='ltr'>cum</span> <span class='ocrx_word' id='word_1_300' title='bbox 1060 4328 1185 4385; x_wconf 89' lang='lat' dir='ltr'>vale</span> <span class='ocrx_word' id='word_1_301' title='bbox 1215 4329 1464 4386; x_wconf 86' lang='lat' dir='ltr'>dixisset</span> <span class='ocrx_word' id='word_1_302' title='bbox 1508 4331 1811 4403; x_wconf 88' lang='lat' dir='ltr'>fratribus,</span> <span class='ocrx_word' id='word_1_303' title='bbox 1845 4334 2114 4407; x_wconf 88' lang='lat' dir='ltr'>enaviga-</span> 
     </span>
    </p>
   </div>
   <div class='ocr_carea' id='block_1_47' title="bbox 464 4419 2112 4494">
    <p class='ocr_par' dir='ltr' id='par_1_47' title="bbox 464 4419 2112 4494">
     <span class='ocr_line' id='line_1_47' title="bbox 464 4419 2112 4494; baseline 0.002 -17"><span class='ocrx_word' id='word_1_304' title='bbox 464 4421 546 4477; x_wconf 88' lang='lat' dir='ltr'>vit</span> <span class='ocrx_word' id='word_1_305' title='bbox 602 4420 662 4476; x_wconf 93' lang='lat' dir='ltr'>in</span> <span class='ocrx_word' id='word_1_306' title='bbox 723 4419 973 4493; x_wconf 89' lang='lat' dir='ltr'>Syriam,</span> <span class='ocrx_word' id='word_1_307' title='bbox 1035 4425 1093 4475; x_wconf 88' lang='lat' dir='ltr'>et</span> <span class='ocrx_word' id='word_1_308' title='bbox 1151 4437 1285 4476; x_wconf 91' lang='lat' dir='ltr'>cum</span> <span class='ocrx_word' id='word_1_309' title='bbox 1345 4437 1412 4475; x_wconf 92' lang='lat' dir='ltr'>eo</span> <span class='ocrx_word' id='word_1_310' title='bbox 1472 4422 1742 4477; x_wconf 86' lang='lat' dir='ltr'>Priscilla</span> <span class='ocrx_word' id='word_1_311' title='bbox 1782 4429 1841 4478; x_wconf 90' lang='lat' dir='ltr'>et</span> <span class='ocrx_word' id='word_1_312' title='bbox 1878 4424 2112 4494; x_wconf 77' lang='lat' dir='ltr'>Aquila,</span> 
     </span>
    </p>
   </div>
   <div class='ocr_carea' id='block_1_48' title="bbox 468 4510 2115 4586">
    <p class='ocr_par' dir='ltr' id='par_1_48' title="bbox 468 4510 2115 4586">
     <span class='ocr_line' id='line_1_48' title="bbox 468 4510 2115 4586; baseline 0.002 -20"><span class='ocrx_word' id='word_1_313' title='bbox 468 4516 856 4586; x_wconf 89' lang='lat' dir='ltr'>posteaquam</span> <span class='ocrx_word' id='word_1_314' title='bbox 888 4515 1117 4569; x_wconf 89' lang='lat' dir='ltr'>raserat</span> <span class='ocrx_word' id='word_1_315' title='bbox 1148 4510 1209 4564; x_wconf 91' lang='lat' dir='ltr'>in</span> <span class='ocrx_word' id='word_1_316' title='bbox 1241 4510 1559 4565; x_wconf 87' lang='lat' dir='ltr'>Cenchreis</span> <span class='ocrx_word' id='word_1_317' title='bbox 1589 4517 1766 4583; x_wconf 88' lang='lat' dir='ltr'>caput</span> <span class='ocrx_word' id='word_1_318' title='bbox 1797 4530 1812 4579; x_wconf 85' lang='lat'><strong>;</strong></span> <span class='ocrx_word' id='word_1_319' title='bbox 1859 4513 2115 4569; x_wconf 88' lang='lat' dir='ltr'>habebat</span> 
     </span>
    </p>
   </div>
   <div class='ocr_carea' id='block_1_49' title="bbox 473 4604 939 4659">
    <p class='ocr_par' dir='ltr' id='par_1_49' title="bbox 473 4604 939 4659">
     <span class='ocr_line' id='line_1_49' title="bbox 473 4604 939 4659; baseline -0.017 0"><span class='ocrx_word' id='word_1_320' title='bbox 473 4604 633 4659; x_wconf 89' lang='lat' dir='ltr'>enim</span> <span class='ocrx_word' id='word_1_321' title='bbox 661 4606 880 4658; x_wconf 88' lang='lat' dir='ltr'>votum.</span> <span class='ocrx_word' id='word_1_322' title='bbox 911 4622 939 4651; x_wconf 79' lang='lat'><strong>»</strong></span> 
     </span>
    </p>
   </div>
   <div class='ocr_carea' id='block_1_50' title="bbox 541 4686 2114 4759">
    <p class='ocr_par' dir='ltr' id='par_1_50' title="bbox 541 4686 2114 4759">
     <span class='ocr_line' id='line_1_50' title="bbox 541 4686 2114 4759; baseline 0.001 -13"><span class='ocrx_word' id='word_1_323' title='bbox 541 4693 765 4746; x_wconf 82' lang='lat' dir='ltr'>Rursus</span> <span class='ocrx_word' id='word_1_324' title='bbox 794 4687 1104 4744; x_wconf 87' lang='lat' dir='ltr'>descendit</span> <span class='ocrx_word' id='word_1_325' title='bbox 1130 4686 1347 4743; x_wconf 87' lang='lat' dir='ltr'>Paulus</span> <span class='ocrx_word' id='word_1_326' title='bbox 1393 4687 1457 4741; x_wconf 91' lang='lat' dir='ltr'>in</span> <span class='ocrx_word' id='word_1_327' title='bbox 1488 4688 1736 4759; x_wconf 85' lang='lat' dir='ltr'>Syriam,</span> <span class='ocrx_word' id='word_1_328' title='bbox 1772 4696 1829 4745; x_wconf 89' lang='lat' dir='ltr'>et</span> <span class='ocrx_word' id='word_1_329' title='bbox 1880 4707 2012 4747; x_wconf 89' lang='lat' dir='ltr'>cum</span> <span class='ocrx_word' id='word_1_330' title='bbox 2046 4708 2114 4748; x_wconf 91' lang='lat' dir='ltr'>eo</span> 
     </span>
    </p>
   </div>
   <div class='ocr_carea' id='block_1_51' title="bbox 470 4777 2114 4861">
    <p class='ocr_par' dir='ltr' id='par_1_51' title="bbox 470 4777 2114 4861">
     <span class='ocr_line' id='line_1_51' title="bbox 470 4777 2114 4861; baseline 0.004 -28"><span class='ocrx_word' id='word_1_331' title='bbox 470 4778 743 4861; x_wconf 43' lang='lat' dir='ltr'>Priscilla</span> <span class='ocrx_word' id='word_1_332' title='bbox 769 4783 827 4831; x_wconf 89' lang='lat' dir='ltr'>et</span> <span class='ocrx_word' id='word_1_333' title='bbox 884 4777 1117 4848; x_wconf 80' lang='lat' dir='ltr'>Aquila,</span> <span class='ocrx_word' id='word_1_334' title='bbox 1178 4794 1312 4833; x_wconf 90' lang='lat' dir='ltr'>cum</span> <span class='ocrx_word' id='word_1_335' title='bbox 1371 4777 1634 4846; x_wconf 89' lang='lat' dir='ltr'>rasisset,</span> <span class='ocrx_word' id='word_1_336' title='bbox 1668 4779 1885 4851; x_wconf 88' lang='lat' dir='ltr'>inquit,</span> <span class='ocrx_word' id='word_1_337' title='bbox 1917 4787 2114 4852; x_wconf 89' lang='lat' dir='ltr'>caput.</span> 
     </span>
    </p>
   </div>
   <div class='ocr_carea' id='block_1_52' title="bbox 470 4865 2122 4941">
    <p class='ocr_par' dir='ltr' id='par_1_52' title="bbox 470 4865 2122 4941">
     <span class='ocr_line' id='line_1_52' title="bbox 470 4865 2122 4941; baseline 0.002 -19"><span class='ocrx_word' id='word_1_338' title='bbox 470 4865 695 4922; x_wconf 79' lang='lat' dir='ltr'>Radere</span> <span class='ocrx_word' id='word_1_339' title='bbox 711 4870 924 4923; x_wconf 63' lang='lat' dir='ltr'>autem</span> <span class='ocrx_word' id='word_1_340' title='bbox 947 4871 1123 4937; x_wconf 89' lang='lat' dir='ltr'>caput</span> <span class='ocrx_word' id='word_1_341' title='bbox 1150 4882 1217 4921; x_wconf 85' lang='lat' dir='ltr'>ex</span> <span class='ocrx_word' id='word_1_342' title='bbox 1243 4871 1397 4933; x_wconf 89' lang='lat' dir='ltr'>voto,</span> <span class='ocrx_word' id='word_1_343' title='bbox 1417 4866 1725 4923; x_wconf 74' lang='lat' dir='ltr'>Iudaicum</span> <span class='ocrx_word' id='word_1_344' title='bbox 1760 4875 1887 4923; x_wconf 89' lang='lat' dir='ltr'>erat</span> <span class='ocrx_word' id='word_1_345' title='bbox 1910 4887 1922 4937; x_wconf 91' lang='lat'><strong>;</strong></span> <span class='ocrx_word' id='word_1_346' title='bbox 1953 4886 2122 4941; x_wconf 82' lang='lat' dir='ltr'>Opor-</span> 
     </span>
    </p>
   </div>
   <div class='ocr_carea' id='block_1_53' title="bbox 470 4954 2118 5033">
    <p class='ocr_par' dir='ltr' id='par_1_53' title="bbox 470 4954 2118 5033">
     <span class='ocr_line' id='line_1_53' title="bbox 470 4954 2118 5033; baseline 0.003 -23"><span class='ocrx_word' id='word_1_347' title='bbox 470 4954 631 5010; x_wconf 90' lang='lat' dir='ltr'>tebat</span> <span class='ocrx_word' id='word_1_348' title='bbox 659 4960 859 5033; x_wconf 83' lang='lat' dir='ltr'>autem</span> <span class='ocrx_word' id='word_1_349' title='bbox 887 4961 953 5011; x_wconf 89' lang='lat' dir='ltr'>ut</span> <span class='ocrx_word' id='word_1_350' title='bbox 1001 4956 1360 5012; x_wconf 82' lang='lat' dir='ltr'>sacriﬁcium</span> <span class='ocrx_word' id='word_1_351' title='bbox 1410 4956 1631 5013; x_wconf 89' lang='lat' dir='ltr'>factum</span> <span class='ocrx_word' id='word_1_352' title='bbox 1661 4959 1999 5029; x_wconf 87' lang='lat' dir='ltr'>esset,quod</span> <span class='ocrx_word' id='word_1_353' title='bbox 2033 4960 2118 5015; x_wconf 84' lang='lat' dir='ltr'>fa-</span> 
     </span>
    </p>
   </div>
   <div class='ocr_carea' id='block_1_54' title="bbox 468 5044 2117 5116">
    <p class='ocr_par' dir='ltr' id='par_1_54' title="bbox 468 5044 2117 5116">
     <span class='ocr_line' id='line_1_54' title="bbox 468 5044 2117 5116; baseline 0.002 -15"><span class='ocrx_word' id='word_1_354' title='bbox 468 5050 627 5102; x_wconf 88' lang='lat' dir='ltr'>ctum</span> <span class='ocrx_word' id='word_1_355' title='bbox 657 5044 851 5099; x_wconf 89' lang='lat' dir='ltr'>adhuc</span> <span class='ocrx_word' id='word_1_356' title='bbox 880 5060 1000 5098; x_wconf 89' lang='lat' dir='ltr'>non</span> <span class='ocrx_word' id='word_1_357' title='bbox 1031 5050 1157 5100; x_wconf 88' lang='lat' dir='ltr'>erat</span> <span class='ocrx_word' id='word_1_358' title='bbox 1178 5052 1309 5116; x_wconf 86' lang='lat' dir='ltr'>post</span> <span class='ocrx_word' id='word_1_359' title='bbox 1342 5046 1712 5103; x_wconf 88' lang='lat' dir='ltr'>verberatum</span> <span class='ocrx_word' id='word_1_360' title='bbox 1746 5048 2117 5104; x_wconf 88' lang='lat' dir='ltr'>Sosthenem:</span> 
     </span>
    </p>
   </div>
   <div class='ocr_carea' id='block_1_55' title="bbox 460 5132 2120 5207">
    <p class='ocr_par' dir='ltr' id='par_1_55' title="bbox 460 5132 2120 5207">
     <span class='ocr_line' id='line_1_55' title="bbox 460 5132 2120 5207; baseline 0.004 -19"><span class='ocrx_word' id='word_1_361' title='bbox 460 5135 589 5207; x_wconf 88' lang='lat' dir='ltr'>jam</span> <span class='ocrx_word' id='word_1_362' title='bbox 614 5132 773 5188; x_wconf 87' lang='lat' dir='ltr'>enim</span> <span class='ocrx_word' id='word_1_363' title='bbox 798 5132 890 5187; x_wconf 86' lang='lat' dir='ltr'>lex</span> <span class='ocrx_word' id='word_1_364' title='bbox 915 5133 1108 5189; x_wconf 87' lang='lat' dir='ltr'>soluta</span> <span class='ocrx_word' id='word_1_365' title='bbox 1129 5139 1273 5201; x_wconf 88' lang='lat' dir='ltr'>erat,</span> <span class='ocrx_word' id='word_1_366' title='bbox 1296 5135 1779 5206; x_wconf 88' lang='lat' dir='ltr'>quandoquidem</span> <span class='ocrx_word' id='word_1_367' title='bbox 1811 5139 2120 5195; x_wconf 88' lang='lat' dir='ltr'>conscien-</span> 
     </span>
    </p>
   </div>
   <div class='ocr_carea' id='block_1_56' title="bbox 468 5220 962 5280">
    <p class='ocr_par' dir='ltr' id='par_1_56' title="bbox 468 5220 962 5280">
     <span class='ocr_line' id='line_1_56' title="bbox 468 5220 962 5280; baseline -0.008 0"><span class='ocrx_word' id='word_1_368' title='bbox 468 5223 554 5280; x_wconf 88' lang='lat' dir='ltr'>tia</span> <span class='ocrx_word' id='word_1_369' title='bbox 582 5220 962 5279; x_wconf 86' lang='lat' dir='ltr'>arcebantur.</span> 
     </span>
    </p>
   </div>
   <div class='ocr_carea' id='block_1_57' title="bbox 539 5311 2121 5387">
    <p class='ocr_par' dir='ltr' id='par_1_57' title="bbox 539 5311 2121 5387">
     <span class='ocr_line' id='line_1_57' title="bbox 539 5311 2121 5387; baseline 0.004 -20"><span class='ocrx_word' id='word_1_370' title='bbox 539 5312 737 5381; x_wconf 87' lang='lat' dir='ltr'><strong>XVIII,</strong></span> <span class='ocrx_word' id='word_1_371' title='bbox 802 5314 978 5367; x_wconf 83' lang='grc'>19-21.</span> <span class='ocrx_word' id='word_1_372' title='bbox 1046 5334 1066 5360; x_wconf 79' lang='grc' dir='ltr'>ι</span> <span class='ocrx_word' id='word_1_373' title='bbox 1105 5311 1463 5383; x_wconf 89' lang='lat' dir='ltr'>Devenitque</span> <span class='ocrx_word' id='word_1_374' title='bbox 1523 5315 1845 5387; x_wconf 87' lang='lat' dir='ltr'>Ephesum,</span> <span class='ocrx_word' id='word_1_375' title='bbox 1873 5322 1931 5373; x_wconf 88' lang='lat' dir='ltr'>et</span> <span class='ocrx_word' id='word_1_376' title='bbox 1986 5318 2121 5373; x_wconf 89' lang='lat' dir='ltr'>illos</span> 
     </span>
    </p>
   </div>
   <div class='ocr_carea' id='block_1_58' title="bbox 473 5400 2121 5480">
    <p class='ocr_par' dir='ltr' id='par_1_58' title="bbox 473 5400 2121 5480">
     <span class='ocr_line' id='line_1_58' title="bbox 473 5400 2121 5480; baseline -0.003 -23"><span class='ocrx_word' id='word_1_377' title='bbox 473 5401 555 5457; x_wconf 91' lang='lat' dir='ltr'>ibi</span> <span class='ocrx_word' id='word_1_378' title='bbox 587 5401 846 5473; x_wconf 87' lang='lat' dir='ltr'>reliquit.</span> <span class='ocrx_word' id='word_1_379' title='bbox 906 5401 1036 5473; x_wconf 88' lang='lat' dir='ltr'>Ipse</span> <span class='ocrx_word' id='word_1_380' title='bbox 1090 5415 1225 5454; x_wconf 85' lang='lat' dir='ltr'>vero</span> <span class='ocrx_word' id='word_1_381' title='bbox 1279 5400 1581 5473; x_wconf 86' lang='lat' dir='ltr'>ingressus</span> <span class='ocrx_word' id='word_1_382' title='bbox 1613 5422 1969 5480; x_wconf 85' lang='lat' dir='ltr'>synagogam</span> <span class='ocrx_word' id='word_1_383' title='bbox 2001 5406 2121 5462; x_wconf 79' lang='lat' dir='ltr'>dis.</span> 
     </span>
    </p>
   </div>
   <div class='ocr_carea' id='block_1_59' title="bbox 476 5488 2122 5566">
    <p class='ocr_par' dir='ltr' id='par_1_59' title="bbox 476 5488 2122 5566">
     <span class='ocr_line' id='line_1_59' title="bbox 476 5488 2122 5566; baseline 0.004 -20"><span class='ocrx_word' id='word_1_384' title='bbox 476 5490 723 5566; x_wconf 88' lang='lat' dir='ltr'>putabat</span> <span class='ocrx_word' id='word_1_385' title='bbox 780 5506 914 5546; x_wconf 89' lang='lat' dir='ltr'>cum</span> <span class='ocrx_word' id='word_1_386' title='bbox 971 5488 1210 5545; x_wconf 79' lang='lat' dir='ltr'>Judais.</span> <span class='ocrx_word' id='word_1_387' title='bbox 1271 5491 1631 5562; x_wconf 83' lang='lat' dir='ltr'>Rogantibus</span> <span class='ocrx_word' id='word_1_388' title='bbox 1690 5502 1887 5551; x_wconf 89' lang='lat' dir='ltr'>autem</span> <span class='ocrx_word' id='word_1_389' title='bbox 1921 5497 2027 5564; x_wconf 89' lang='lat' dir='ltr'>eis,</span> <span class='ocrx_word' id='word_1_390' title='bbox 2057 5502 2122 5552; x_wconf 92' lang='lat' dir='ltr'>ut</span> 
     </span>
    </p>
   </div>
   <div class='ocr_carea' id='block_1_60' title="bbox 478 5580 2124 5655">
    <p class='ocr_par' dir='ltr' id='par_1_60' title="bbox 478 5580 2124 5655">
     <span class='ocr_line' id='line_1_60' title="bbox 478 5580 2124 5655; baseline 0.002 -16"><span class='ocrx_word' id='word_1_391' title='bbox 478 5580 752 5655; x_wconf 85' lang='lat' dir='ltr'>ampliori</span> <span class='ocrx_word' id='word_1_392' title='bbox 808 5586 1076 5653; x_wconf 87' lang='lat' dir='ltr'>tempore</span> <span class='ocrx_word' id='word_1_393' title='bbox 1141 5587 1411 5635; x_wconf 88' lang='lat' dir='ltr'>maneret</span> <span class='ocrx_word' id='word_1_394' title='bbox 1466 5581 1624 5653; x_wconf 89' lang='lat' dir='ltr'>apud</span> <span class='ocrx_word' id='word_1_395' title='bbox 1680 5602 1802 5655; x_wconf 88' lang='lat' dir='ltr'>eos,</span> <span class='ocrx_word' id='word_1_396' title='bbox 1861 5603 1981 5643; x_wconf 93' lang='lat' dir='ltr'>non</span> <span class='ocrx_word' id='word_1_397' title='bbox 2012 5603 2124 5643; x_wconf 88' lang='lat' dir='ltr'>an-</span> 
     </span>
    </p>
   </div>
   <div class='ocr_carea' id='block_1_61' title="bbox 479 5668 2123 5745">
    <p class='ocr_par' dir='ltr' id='par_1_61' title="bbox 479 5668 2123 5745">
     <span class='ocr_line' id='line_1_61' title="bbox 479 5668 2123 5745; baseline 0.004 -16"><span class='ocrx_word' id='word_1_398' title='bbox 479 5672 631 5742; x_wconf 85' lang='lat' dir='ltr'>nuit,</span> <span class='ocrx_word' id='word_1_399' title='bbox 665 5670 769 5729; x_wconf 88' lang='lat' dir='ltr'>sed</span> <span class='ocrx_word' id='word_1_400' title='bbox 800 5669 1080 5728; x_wconf 83' lang='lat' dir='ltr'>valedixit</span> <span class='ocrx_word' id='word_1_401' title='bbox 1116 5668 1223 5738; x_wconf 90' lang='lat' dir='ltr'>eis,</span> <span class='ocrx_word' id='word_1_402' title='bbox 1281 5669 1530 5737; x_wconf 86' lang='lat' dir='ltr'>dicens;</span> <span class='ocrx_word' id='word_1_403' title='bbox 1590 5672 1833 5745; x_wconf 88' lang='lat' dir='ltr'>Oportet</span> <span class='ocrx_word' id='word_1_404' title='bbox 1880 5677 2123 5735; x_wconf 87' lang='lat' dir='ltr'>omnino</span> 
     </span>
    </p>
   </div>
   <div class='ocr_carea' id='block_1_62' title="bbox 2207 560 3861 643">
    <p class='ocr_par' dir='ltr' id='par_1_62' title="bbox 2207 560 3861 643">
     <span class='ocr_line' id='line_1_62' title="bbox 2207 560 3861 643; baseline 0.001 -27"><span class='ocrx_word' id='word_1_405' title='bbox 2207 567 2376 618; x_wconf 77' lang='grc' dir='ltr'>Τοῦτο</span> <span class='ocrx_word' id='word_1_406' title='bbox 2445 561 2538 619; x_wconf 74' lang='grc' dir='ltr'>οὖν</span> <span class='ocrx_word' id='word_1_407' title='bbox 2606 586 2795 642; x_wconf 85' lang='grc' dir='ltr'>φησιν,</span> <span class='ocrx_word' id='word_1_408' title='bbox 2855 567 3000 630; x_wconf 85' lang='grc' dir='ltr'>’Δνθ’</span> <span class='ocrx_word' id='word_1_409' title='bbox 3060 566 3133 620; x_wconf 82' lang='grc' dir='ltr'>ὢν</span> <span class='ocrx_word' id='word_1_410' title='bbox 3204 562 3420 643; x_wconf 79' lang='grc' dir='ltr'>σφὲζετε</span> <span class='ocrx_word' id='word_1_411' title='bbox 3485 562 3709 628; x_wconf 77' lang='grc' dir='ltr'>ἑαυτοὺς</span> <span class='ocrx_word' id='word_1_412' title='bbox 3773 560 3861 618; x_wconf 78' lang='grc' dir='ltr'>διά</span> 
     </span>
    </p>
   </div>
   <div class='ocr_carea' id='block_1_63' title="bbox 2205 650 3859 729">
    <p class='ocr_par' dir='ltr' id='par_1_63' title="bbox 2205 650 3859 729">
     <span class='ocr_line' id='line_1_63' title="bbox 2205 650 3859 729; baseline -0.001 -22"><span class='ocrx_word' id='word_1_413' title='bbox 2205 658 2307 721; x_wconf 82' lang='grc' dir='ltr'>τῆς</span> <span class='ocrx_word' id='word_1_414' title='bbox 2356 652 2631 723; x_wconf 77' lang='grc' dir='ltr'>ἀπιστίας,</span> <span class='ocrx_word' id='word_1_415' title='bbox 2674 655 2844 710; x_wconf 83' lang='grc' dir='ltr'>αὐτοῦ</span> <span class='ocrx_word' id='word_1_416' title='bbox 2891 654 3088 710; x_wconf 90' lang='grc' dir='ltr'>τούτου</span> <span class='ocrx_word' id='word_1_417' title='bbox 3145 655 3300 729; x_wconf 84' lang='grc' dir='ltr'>ὑμεῖς</span> <span class='ocrx_word' id='word_1_418' title='bbox 3349 654 3629 729; x_wconf 78' lang='grc' dir='ltr'>ὑπόσχητε</span> <span class='ocrx_word' id='word_1_419' title='bbox 3682 650 3859 723; x_wconf 80' lang='grc' dir='ltr'>δίκην,</span> 
     </span>
    </p>
   </div>
   <div class='ocr_carea' id='block_1_64' title="bbox 2208 738 3859 814">
    <p class='ocr_par' dir='ltr' id='par_1_64' title="bbox 2208 738 3859 814">
     <span class='ocr_line' id='line_1_64' title="bbox 2208 738 3859 814; baseline 0 -19"><span class='ocrx_word' id='word_1_420' title='bbox 2208 740 2348 814; x_wconf 81' lang='grc' dir='ltr'>ἐμοῦ</span> <span class='ocrx_word' id='word_1_421' title='bbox 2404 742 2587 798; x_wconf 82' lang='grc' dir='ltr'>ἀθώου</span> <span class='ocrx_word' id='word_1_422' title='bbox 2647 739 2818 805; x_wconf 70' lang='grc' dir='ltr'>ὄντος.</span> <span class='ocrx_word' id='word_1_423' title='bbox 2884 745 3155 799; x_wconf 77' lang='grc' dir='ltr'>Ἐντεῦθεν</span> <span class='ocrx_word' id='word_1_424' title='bbox 3206 741 3262 799; x_wconf 81' lang='grc' dir='ltr'>δὲ</span> <span class='ocrx_word' id='word_1_425' title='bbox 3320 738 3433 798; x_wconf 79' lang='grc' dir='ltr'>ἔστι</span> <span class='ocrx_word' id='word_1_426' title='bbox 3492 740 3859 811; x_wconf 74' lang='grc' dir='ltr'>συνιδεῖν,ὅτι</span> 
     </span>
    </p>
   </div>
   <div class='ocr_carea' id='block_1_65' title="bbox 2209 832 3861 912">
    <p class='ocr_par' dir='ltr' id='par_1_65' title="bbox 2209 832 3861 912">
     <span class='ocr_line' id='line_1_65' title="bbox 2209 832 3861 912; baseline 0 -26"><span class='ocrx_word' id='word_1_427' title='bbox 2209 833 2238 886; x_wconf 98' lang='lat'>6</span> <span class='ocrx_word' id='word_1_428' title='bbox 2286 832 2500 909; x_wconf 83' lang='grc' dir='ltr'>σφάζων</span> <span class='ocrx_word' id='word_1_429' title='bbox 2553 833 2762 903; x_wconf 77' lang='grc' dir='ltr'>ἑαυτὸν,</span> <span class='ocrx_word' id='word_1_430' title='bbox 2816 839 3140 910; x_wconf 77' lang='grc' dir='ltr'><strong>τιμωρεῖται</strong></span> <span class='ocrx_word' id='word_1_431' title='bbox 3200 834 3274 896; x_wconf 78' lang='grc' dir='ltr'>ὡς</span> <span class='ocrx_word' id='word_1_432' title='bbox 3333 833 3525 912; x_wconf 76' lang='grc' dir='ltr'>φονεὺς</span> <span class='ocrx_word' id='word_1_433' title='bbox 3579 832 3726 906; x_wconf 85' lang='grc' dir='ltr'>παρᾶ</span> <span class='ocrx_word' id='word_1_434' title='bbox 3781 836 3861 905; x_wconf 80' lang='grc' dir='ltr'>τῷ</span> 
     </span>
    </p>
   </div>
   <div class='ocr_carea' id='block_1_66' title="bbox 2208 925 2345 991">
    <p class='ocr_par' dir='ltr' id='par_1_66' title="bbox 2208 925 2345 991">
     <span class='ocr_line' id='line_1_66' title="bbox 2208 925 2345 991; baseline 0.015 -16"><span class='ocrx_word' id='word_1_435' title='bbox 2208 925 2345 991; x_wconf 81' lang='grc' dir='ltr'>Θεῷ.</span> 
     </span>
    </p>
   </div>
   <div class='ocr_carea' id='block_1_67' title="bbox 2285 1011 3861 1089">
    <p class='ocr_par' dir='ltr' id='par_1_67' title="bbox 2285 1011 3861 1089">
     <span class='ocr_line' id='line_1_67' title="bbox 2285 1011 3861 1089; baseline 0.001 -24"><span class='ocrx_word' id='word_1_436' title='bbox 2285 1013 2480 1069; x_wconf 65' lang='lat' dir='ltr'>«Eine</span> <span class='ocrx_word' id='word_1_437' title='bbox 2536 1011 2594 1069; x_wconf 72' lang='grc' dir='ltr'>δὲ</span> <span class='ocrx_word' id='word_1_438' title='bbox 2652 1015 2680 1069; x_wconf 92' lang='lat'>6</span> <span class='ocrx_word' id='word_1_439' title='bbox 2738 1015 2944 1089; x_wconf 84' lang='grc' dir='ltr'>Κύριος</span> <span class='ocrx_word' id='word_1_440' title='bbox 3000 1012 3069 1068; x_wconf 81' lang='grc' dir='ltr'>δι’</span> <span class='ocrx_word' id='word_1_441' title='bbox 3135 1013 3411 1089; x_wconf 79' lang='grc' dir='ltr'>ὁράματος</span> <span class='ocrx_word' id='word_1_442' title='bbox 3468 1012 3519 1068; x_wconf 74' lang='grc' dir='ltr'>ὲν</span> <span class='ocrx_word' id='word_1_443' title='bbox 3576 1012 3726 1066; x_wconf 84' lang='grc' dir='ltr'>νυκτὶ</span> <span class='ocrx_word' id='word_1_444' title='bbox 3781 1016 3861 1084; x_wconf 85' lang='grc' dir='ltr'>τῷ</span> 
     </span>
    </p>
   </div>
   <div class='ocr_carea' id='block_1_68' title="bbox 2214 1101 3860 1184">
    <p class='ocr_par' dir='ltr' id='par_1_68' title="bbox 2214 1101 3860 1184">
     <span class='ocr_line' id='line_1_68' title="bbox 2214 1101 3860 1184; baseline 0.005 -29"><span class='ocrx_word' id='word_1_445' title='bbox 2214 1127 2242 1155; x_wconf 64' lang='lat' dir='ltr'>at</span> <span class='ocrx_word' id='word_1_446' title='bbox 2271 1102 2493 1176; x_wconf 81' lang='grc' dir='ltr'>Παύλῳ’</span> <span class='ocrx_word' id='word_1_447' title='bbox 2528 1107 2615 1174; x_wconf 79' lang='grc' dir='ltr'>Μὴ</span> <span class='ocrx_word' id='word_1_448' title='bbox 2650 1101 2845 1184; x_wconf 73' lang='grc' dir='ltr'>φοϐοῦ,</span> <span class='ocrx_word' id='word_1_449' title='bbox 2902 1102 3049 1160; x_wconf 83' lang='grc' dir='ltr'>ἀλλὰ</span> <span class='ocrx_word' id='word_1_450' title='bbox 3104 1103 3264 1159; x_wconf 85' lang='grc' dir='ltr'>λάλει</span> <span class='ocrx_word' id='word_1_451' title='bbox 3308 1103 3399 1158; x_wconf 74' lang='grc' dir='ltr'>καὶ</span> <span class='ocrx_word' id='word_1_452' title='bbox 3434 1104 3511 1178; x_wconf 74' lang='grc' dir='ltr'><strong>μή</strong></span> <span class='ocrx_word' id='word_1_453' title='bbox 3545 1105 3860 1176; x_wconf 73' lang='grc' dir='ltr'>σιωπήσῃς,</span> 
     </span>
    </p>
   </div>
   <div class='ocr_carea' id='block_1_69' title="bbox 2216 1189 3866 1268">
    <p class='ocr_par' dir='ltr' id='par_1_69' title="bbox 2216 1189 3866 1268">
     <span class='ocr_line' id='line_1_69' title="bbox 2216 1189 3866 1268; baseline 0 -22"><span class='ocrx_word' id='word_1_454' title='bbox 2216 1206 2237 1246; x_wconf 68' lang='grc' dir='ltr'>ἀ</span> <span class='ocrx_word' id='word_1_455' title='bbox 2274 1189 2415 1249; x_wconf 82' lang='grc' dir='ltr'>διότι</span> <span class='ocrx_word' id='word_1_456' title='bbox 2463 1192 2572 1268; x_wconf 80' lang='grc' dir='ltr'>ἐγώ</span> <span class='ocrx_word' id='word_1_457' title='bbox 2634 1194 2749 1267; x_wconf 83' lang='grc' dir='ltr'>εἰμι</span> <span class='ocrx_word' id='word_1_458' title='bbox 2811 1196 2947 1268; x_wconf 86' lang='grc' dir='ltr'>μετά</span> <span class='ocrx_word' id='word_1_459' title='bbox 3001 1199 3116 1249; x_wconf 88' lang='grc' dir='ltr'>σοῦ·</span> <span class='ocrx_word' id='word_1_460' title='bbox 3177 1194 3267 1249; x_wconf 79' lang='grc' dir='ltr'>καὶ</span> <span class='ocrx_word' id='word_1_461' title='bbox 3329 1190 3507 1253; x_wconf 76' lang='grc' dir='ltr'>οὐδεὶς</span> <span class='ocrx_word' id='word_1_462' title='bbox 3549 1192 3866 1264; x_wconf 77' lang='grc' dir='ltr'>ἐπιθήσεταί</span> 
     </span>
    </p>
   </div>
   <div class='ocr_carea' id='block_1_70' title="bbox 2218 1281 3863 1355">
    <p class='ocr_par' dir='ltr' id='par_1_70' title="bbox 2218 1281 3863 1355">
     <span class='ocr_line' id='line_1_70' title="bbox 2218 1281 3863 1355; baseline 0.001 -20"><span class='ocrx_word' id='word_1_463' title='bbox 2218 1303 2240 1331; x_wconf 78' lang='grc' dir='ltr'>ι</span> <span class='ocrx_word' id='word_1_464' title='bbox 2275 1303 2361 1337; x_wconf 91' lang='grc' dir='ltr'>σοι</span> <span class='ocrx_word' id='word_1_465' title='bbox 2418 1287 2514 1338; x_wconf 83' lang='grc' dir='ltr'>τοῦ</span> <span class='ocrx_word' id='word_1_466' title='bbox 2572 1282 2815 1338; x_wconf 82' lang='grc' dir='ltr'>κακῶσαί</span> <span class='ocrx_word' id='word_1_467' title='bbox 2872 1304 2950 1353; x_wconf 88' lang='grc' dir='ltr'>σε,</span> <span class='ocrx_word' id='word_1_468' title='bbox 3010 1281 3152 1338; x_wconf 87' lang='grc' dir='ltr'>διότι</span> <span class='ocrx_word' id='word_1_469' title='bbox 3212 1281 3345 1345; x_wconf 90' lang='grc' dir='ltr'>λαός</span> <span class='ocrx_word' id='word_1_470' title='bbox 3404 1281 3516 1338; x_wconf 85' lang='grc' dir='ltr'>ἔστι</span> <span class='ocrx_word' id='word_1_471' title='bbox 3565 1304 3657 1355; x_wconf 89' lang='grc' dir='ltr'>μοι</span> <span class='ocrx_word' id='word_1_472' title='bbox 3688 1282 3863 1342; x_wconf 82' lang='grc' dir='ltr'>πολὺς</span> 
     </span>
    </p>
   </div>
   <div class='ocr_carea' id='block_1_71' title="bbox 2212 1369 3863 1446">
    <p class='ocr_par' dir='ltr' id='par_1_71' title="bbox 2212 1369 3863 1446">
     <span class='ocr_line' id='line_1_71' title="bbox 2212 1369 3863 1446; baseline 0.001 -23"><span class='ocrx_word' id='word_1_473' title='bbox 2212 1394 2239 1422; x_wconf 87' lang='grc'>‹‹</span> <span class='ocrx_word' id='word_1_474' title='bbox 2270 1371 2322 1426; x_wconf 79' lang='grc' dir='ltr'>ἐν</span> <span class='ocrx_word' id='word_1_475' title='bbox 2374 1374 2444 1443; x_wconf 78' lang='grc' dir='ltr'>τῇ</span> <span class='ocrx_word' id='word_1_476' title='bbox 2537 1369 2699 1427; x_wconf 89' lang='grc' dir='ltr'>πόλει</span> <span class='ocrx_word' id='word_1_477' title='bbox 2778 1371 2972 1446; x_wconf 72' lang='grc' dir='ltr'>ταύτῃ.</span> <span class='ocrx_word' id='word_1_478' title='bbox 3060 1371 3310 1436; x_wconf 84' lang='grc' dir='ltr'>Ἐκάθισὲ</span> <span class='ocrx_word' id='word_1_479' title='bbox 3364 1392 3423 1426; x_wconf 87' lang='grc' dir='ltr'>τε</span> <span class='ocrx_word' id='word_1_480' title='bbox 3483 1371 3717 1427; x_wconf 78' lang='grc' dir='ltr'>ἐνιαυτὸν</span> <span class='ocrx_word' id='word_1_481' title='bbox 3774 1372 3863 1426; x_wconf 86' lang='grc' dir='ltr'>καὶ</span> 
     </span>
    </p>
   </div>
   <div class='ocr_carea' id='block_1_72' title="bbox 2217 1458 3862 1537">
    <p class='ocr_par' dir='ltr' id='par_1_72' title="bbox 2217 1458 3862 1537">
     <span class='ocr_line' id='line_1_72' title="bbox 2217 1458 3862 1537; baseline 0.001 -23"><span class='ocrx_word' id='word_1_482' title='bbox 2217 1482 2244 1515; x_wconf 74' lang='grc' dir='ltr'>α</span> <span class='ocrx_word' id='word_1_483' title='bbox 2277 1469 2452 1535; x_wconf 81' lang='grc' dir='ltr'>μῆνας</span> <span class='ocrx_word' id='word_1_484' title='bbox 2492 1459 2567 1533; x_wconf 72' lang='grc' dir='ltr'>ἕξ,</span> <span class='ocrx_word' id='word_1_485' title='bbox 2601 1458 2867 1517; x_wconf 80' lang='grc' dir='ltr'>διδάσκων</span> <span class='ocrx_word' id='word_1_486' title='bbox 2923 1462 3121 1523; x_wconf 78' lang='grc' dir='ltr'>αὐτοὺς</span> <span class='ocrx_word' id='word_1_487' title='bbox 3181 1461 3272 1517; x_wconf 85' lang='grc' dir='ltr'>τὸν</span> <span class='ocrx_word' id='word_1_488' title='bbox 3336 1460 3505 1537; x_wconf 83' lang='grc' dir='ltr'>λόγον</span> <span class='ocrx_word' id='word_1_489' title='bbox 3548 1465 3646 1517; x_wconf 85' lang='grc' dir='ltr'>τοῦ</span> <span class='ocrx_word' id='word_1_490' title='bbox 3707 1466 3862 1521; x_wconf 89' lang='grc' dir='ltr'>Θεοῦ.</span> 
     </span>
    </p>
   </div>
   <div class='ocr_carea' id='block_1_73' title="bbox 2216 1548 3863 1626">
    <p class='ocr_par' dir='ltr' id='par_1_73' title="bbox 2216 1548 3863 1626">
     <span class='ocr_line' id='line_1_73' title="bbox 2216 1548 3863 1626; baseline 0.002 -23"><span class='ocrx_word' id='word_1_491' title='bbox 2216 1574 2243 1603; x_wconf 75' lang='grc' dir='ltr'>(ι</span> <span class='ocrx_word' id='word_1_492' title='bbox 2274 1550 2585 1614; x_wconf 71' lang='grc' dir='ltr'>Γαλλίωνος</span> <span class='ocrx_word' id='word_1_493' title='bbox 2641 1548 2698 1606; x_wconf 75' lang='grc' dir='ltr'>δὲ</span> <span class='ocrx_word' id='word_1_494' title='bbox 2753 1551 3208 1612; x_wconf 86' lang='grc' dir='ltr'>ἀνθυπατεύοντος</span> <span class='ocrx_word' id='word_1_495' title='bbox 3238 1558 3337 1620; x_wconf 82' lang='grc' dir='ltr'>τῆς</span> <span class='ocrx_word' id='word_1_496' title='bbox 3383 1553 3630 1626; x_wconf 74' lang='grc' dir='ltr'>Ἀχαῖας,</span> <span class='ocrx_word' id='word_1_497' title='bbox 3660 1572 3863 1607; x_wconf 84' lang='grc' dir='ltr'>κατεπ-</span> 
     </span>
    </p>
   </div>
   <div class='ocr_carea' id='block_1_74' title="bbox 2213 1637 3865 1715">
    <p class='ocr_par' dir='ltr' id='par_1_74' title="bbox 2213 1637 3865 1715">
     <span class='ocr_line' id='line_1_74' title="bbox 2213 1637 3865 1715; baseline 0.001 -23"><span class='ocrx_word' id='word_1_498' title='bbox 2213 1664 2241 1692; x_wconf 79' lang='grc' dir='ltr'>ιι</span> <span class='ocrx_word' id='word_1_499' title='bbox 2276 1641 2502 1710; x_wconf 84' lang='grc' dir='ltr'>ἐστησαν</span> <span class='ocrx_word' id='word_1_500' title='bbox 2560 1638 2912 1715; x_wconf 81' lang='grc' dir='ltr'>ὁμοθυμαδὸν</span> <span class='ocrx_word' id='word_1_501' title='bbox 2964 1641 3017 1695; x_wconf 72' lang='grc' dir='ltr'>οἱ</span> <span class='ocrx_word' id='word_1_502' title='bbox 3079 1637 3335 1697; x_wconf 84' lang='grc' dir='ltr'>Ἰουδαῖοι</span> <span class='ocrx_word' id='word_1_503' title='bbox 3392 1645 3472 1713; x_wconf 78' lang='grc' dir='ltr'>τῷ</span> <span class='ocrx_word' id='word_1_504' title='bbox 3520 1637 3742 1713; x_wconf 84' lang='grc' dir='ltr'>Παύλῳ,</span> <span class='ocrx_word' id='word_1_505' title='bbox 3774 1640 3865 1695; x_wconf 81' lang='grc' dir='ltr'>καὶ</span> 
     </span>
    </p>
   </div>
   <div class='ocr_carea' id='block_1_75' title="bbox 2219 1726 3866 1803">
    <p class='ocr_par' dir='ltr' id='par_1_75' title="bbox 2219 1726 3866 1803">
     <span class='ocr_line' id='line_1_75' title="bbox 2219 1726 3866 1803; baseline 0.001 -24"><span class='ocrx_word' id='word_1_506' title='bbox 2219 1752 2240 1779; x_wconf 77' lang='grc' dir='ltr'>ι</span> <span class='ocrx_word' id='word_1_507' title='bbox 2276 1727 2486 1803; x_wconf 70' lang='grc' dir='ltr'>ἤγαγον</span> <span class='ocrx_word' id='word_1_508' title='bbox 2542 1729 2705 1784; x_wconf 83' lang='grc' dir='ltr'>αὐτὸν</span> <span class='ocrx_word' id='word_1_509' title='bbox 2765 1728 2853 1783; x_wconf 73' lang='grc' dir='ltr'>ἒπὶ</span> <span class='ocrx_word' id='word_1_510' title='bbox 2900 1729 2962 1783; x_wconf 89' lang='grc' dir='ltr'>τὸ</span> <span class='ocrx_word' id='word_1_511' title='bbox 3025 1728 3202 1802; x_wconf 82' lang='grc' dir='ltr'>βῆμα,</span> <span class='ocrx_word' id='word_1_512' title='bbox 3276 1727 3548 1803; x_wconf 73' lang='grc' dir='ltr'>λέγοντες,</span> <span class='ocrx_word' id='word_1_513' title='bbox 3599 1726 3683 1782; x_wconf 81' lang='grc' dir='ltr'>δτι</span> <span class='ocrx_word' id='word_1_514' title='bbox 3714 1729 3866 1802; x_wconf 83' lang='grc' dir='ltr'>Παρᾶ</span> 
     </span>
    </p>
   </div>
   <div class='ocr_carea' id='block_1_76' title="bbox 2132 1812 3866 1914">
    <p class='ocr_par' dir='ltr' id='par_1_76' title="bbox 2132 1812 3866 1914">
     <span class='ocr_line' id='line_1_76' title="bbox 2132 1812 3866 1914; baseline 0.002 -46"><span class='ocrx_word' id='word_1_515' title='bbox 2132 1849 2181 1914; x_wconf 80' lang='grc' dir='ltr'><strong>Β</strong></span> <span class='ocrx_word' id='word_1_516' title='bbox 2216 1841 2244 1869; x_wconf 85' lang='grc'>‹‹</span> <span class='ocrx_word' id='word_1_517' title='bbox 2276 1818 2368 1872; x_wconf 88' lang='grc' dir='ltr'>τὸν</span> <span class='ocrx_word' id='word_1_518' title='bbox 2399 1821 2565 1891; x_wconf 88' lang='grc' dir='ltr'>νὸμον</span> <span class='ocrx_word' id='word_1_519' title='bbox 2623 1818 2784 1877; x_wconf 79' lang='grc' dir='ltr'>οὗτος</span> <span class='ocrx_word' id='word_1_520' title='bbox 2840 1816 3117 1881; x_wconf 78' lang='grc' dir='ltr'>ἀναπείθει</span> <span class='ocrx_word' id='word_1_521' title='bbox 3172 1818 3296 1879; x_wconf 80' lang='grc' dir='ltr'>τοὺς</span> <span class='ocrx_word' id='word_1_522' title='bbox 3352 1816 3667 1893; x_wconf 84' lang='grc' dir='ltr'>ἀνθρώπους</span> <span class='ocrx_word' id='word_1_523' title='bbox 3710 1812 3866 1871; x_wconf 74' lang='grc' dir='ltr'>σέϐε-</span> 
     </span>
    </p>
   </div>
   <div class='ocr_carea' id='block_1_77' title="bbox 2211 1903 3865 1981">
    <p class='ocr_par' dir='ltr' id='par_1_77' title="bbox 2211 1903 3865 1981">
     <span class='ocr_line' id='line_1_77' title="bbox 2211 1903 3865 1981; baseline 0.001 -23"><span class='ocrx_word' id='word_1_524' title='bbox 2211 1930 2238 1958; x_wconf 89' lang='grc'>‹‹</span> <span class='ocrx_word' id='word_1_525' title='bbox 2274 1907 2394 1961; x_wconf 84' lang='grc' dir='ltr'>σθαι</span> <span class='ocrx_word' id='word_1_526' title='bbox 2423 1908 2512 1961; x_wconf 88' lang='grc' dir='ltr'>τὸν</span> <span class='ocrx_word' id='word_1_527' title='bbox 2570 1908 2718 1965; x_wconf 89' lang='grc' dir='ltr'>Θεόν.</span> <span class='ocrx_word' id='word_1_528' title='bbox 2780 1905 3094 1967; x_wconf 74' lang='grc' dir='ltr'>Μέλλοντος</span> <span class='ocrx_word' id='word_1_529' title='bbox 3154 1903 3211 1961; x_wconf 78' lang='grc' dir='ltr'>δὲ</span> <span class='ocrx_word' id='word_1_530' title='bbox 3238 1911 3337 1961; x_wconf 90' lang='grc' dir='ltr'>τοῦ</span> <span class='ocrx_word' id='word_1_531' title='bbox 3368 1904 3590 1962; x_wconf 79' lang='grc' dir='ltr'>Παύλου</span> <span class='ocrx_word' id='word_1_532' title='bbox 3629 1905 3865 1981; x_wconf 86' lang='grc' dir='ltr'>ἀνοίγειν</span> 
     </span>
    </p>
   </div>
   <div class='ocr_carea' id='block_1_78' title="bbox 2212 1992 3861 2071">
    <p class='ocr_par' dir='ltr' id='par_1_78' title="bbox 2212 1992 3861 2071">
     <span class='ocr_line' id='line_1_78' title="bbox 2212 1992 3861 2071; baseline -0.001 -19"><span class='ocrx_word' id='word_1_533' title='bbox 2212 2020 2238 2047; x_wconf 89' lang='grc'><strong>‹‹</strong></span> <span class='ocrx_word' id='word_1_534' title='bbox 2269 1997 2332 2052; x_wconf 86' lang='grc' dir='ltr'>τὸ</span> <span class='ocrx_word' id='word_1_535' title='bbox 2365 1998 2560 2071; x_wconf 89' lang='grc' dir='ltr'>στόμα,</span> <span class='ocrx_word' id='word_1_536' title='bbox 2614 1999 2762 2052; x_wconf 78' lang='grc' dir='ltr'>εἶπεν</span> <span class='ocrx_word' id='word_1_537' title='bbox 2816 1998 2843 2051; x_wconf 90' lang='grc' dir='ltr'>ὁ</span> <span class='ocrx_word' id='word_1_538' title='bbox 2895 1994 3149 2051; x_wconf 79' lang='grc' dir='ltr'>Γαλλίων</span> <span class='ocrx_word' id='word_1_539' title='bbox 3198 1997 3337 2071; x_wconf 85' lang='grc' dir='ltr'>πρὸς</span> <span class='ocrx_word' id='word_1_540' title='bbox 3387 1995 3514 2057; x_wconf 81' lang='grc' dir='ltr'>τοὺς</span> <span class='ocrx_word' id='word_1_541' title='bbox 3543 1992 3861 2056; x_wconf 84' lang='grc' dir='ltr'>Ἰουδαίους.</span> 
     </span>
    </p>
   </div>
   <div class='ocr_carea' id='block_1_79' title="bbox 2211 2081 3865 2161">
    <p class='ocr_par' dir='ltr' id='par_1_79' title="bbox 2211 2081 3865 2161">
     <span class='ocr_line' id='line_1_79' title="bbox 2211 2081 3865 2161; baseline -0.001 -22"><span class='ocrx_word' id='word_1_542' title='bbox 2211 2111 2238 2139; x_wconf 92' lang='grc'><em>‹‹</em></span> <span class='ocrx_word' id='word_1_543' title='bbox 2273 2087 2335 2141; x_wconf 74' lang='lat' dir='ltr'>El</span> <span class='ocrx_word' id='word_1_544' title='bbox 2369 2086 2463 2158; x_wconf 72' lang='grc' dir='ltr'>μὲν</span> <span class='ocrx_word' id='word_1_545' title='bbox 2494 2086 2586 2141; x_wconf 81' lang='grc' dir='ltr'>οῦν</span> <span class='ocrx_word' id='word_1_546' title='bbox 2618 2085 2684 2152; x_wconf 69' lang='grc' dir='ltr'>ἦν</span> <span class='ocrx_word' id='word_1_547' title='bbox 2712 2083 2959 2158; x_wconf 81' lang='grc' dir='ltr'>ἀδίκημά</span> <span class='ocrx_word' id='word_1_548' title='bbox 2988 2107 3041 2140; x_wconf 88' lang='grc' dir='ltr'>τι</span> <span class='ocrx_word' id='word_1_549' title='bbox 3089 2085 3125 2154; x_wconf 72' lang='grc' dir='ltr'><strong>ἢ</strong></span> <span class='ocrx_word' id='word_1_550' title='bbox 3175 2081 3566 2161; x_wconf 78' lang='grc' dir='ltr'>ῥᾳδιούργημα</span> <span class='ocrx_word' id='word_1_551' title='bbox 3597 2084 3865 2158; x_wconf 85' lang='grc' dir='ltr'>πονηρὸν,</span> 
     </span>
    </p>
   </div>
   <div class='ocr_carea' id='block_1_80' title="bbox 2209 2173 3865 2253">
    <p class='ocr_par' dir='ltr' id='par_1_80' title="bbox 2209 2173 3865 2253">
     <span class='ocr_line' id='line_1_80' title="bbox 2209 2173 3865 2253; baseline -0.001 -24"><span class='ocrx_word' id='word_1_552' title='bbox 2209 2201 2238 2229; x_wconf 79' lang='grc' dir='ltr'>(ι</span> <span class='ocrx_word' id='word_1_553' title='bbox 2271 2176 2316 2232; x_wconf 86' lang='grc' dir='ltr'><strong>ὦ</strong></span> <span class='ocrx_word' id='word_1_554' title='bbox 2348 2174 2627 2249; x_wconf 83' lang='grc' dir='ltr'>Ἰουδαῖοι,</span> <span class='ocrx_word' id='word_1_555' title='bbox 2684 2177 2820 2232; x_wconf 86' lang='grc' dir='ltr'>κατὰ</span> <span class='ocrx_word' id='word_1_556' title='bbox 2877 2174 3050 2253; x_wconf 89' lang='grc' dir='ltr'>λογον</span> <span class='ocrx_word' id='word_1_557' title='bbox 3107 2175 3168 2231; x_wconf 75' lang='grc' dir='ltr'>ἃν</span> <span class='ocrx_word' id='word_1_558' title='bbox 3222 2175 3543 2250; x_wconf 80' lang='grc' dir='ltr'>ἠνεσχόμην</span> <span class='ocrx_word' id='word_1_559' title='bbox 3588 2175 3765 2248; x_wconf 81' lang='grc' dir='ltr'>ὑμῶν.</span> <span class='ocrx_word' id='word_1_560' title='bbox 3802 2173 3865 2231; x_wconf 80' lang='grc' dir='ltr'>Εἰ</span> 
     </span>
    </p>
   </div>
   <div class='ocr_carea' id='block_1_81' title="bbox 2212 2264 3865 2342">
    <p class='ocr_par' dir='ltr' id='par_1_81' title="bbox 2212 2264 3865 2342">
     <span class='ocr_line' id='line_1_81' title="bbox 2212 2264 3865 2342; baseline -0.001 -23"><span class='ocrx_word' id='word_1_561' title='bbox 2212 2265 2325 2322; x_wconf 77' lang='grc' dir='ltr'>«δὲ</span> <span class='ocrx_word' id='word_1_562' title='bbox 2378 2268 2601 2342; x_wconf 81' lang='grc' dir='ltr'>ζήτημά</span> <span class='ocrx_word' id='word_1_563' title='bbox 2675 2266 2785 2322; x_wconf 79' lang='grc' dir='ltr'>ἐστι</span> <span class='ocrx_word' id='word_1_564' title='bbox 2860 2267 2982 2340; x_wconf 84' lang='grc' dir='ltr'>περὶ</span> <span class='ocrx_word' id='word_1_565' title='bbox 3047 2264 3216 2341; x_wconf 86' lang='grc' dir='ltr'>λόγου</span> <span class='ocrx_word' id='word_1_566' title='bbox 3272 2265 3364 2321; x_wconf 85' lang='grc' dir='ltr'>καὶ</span> <span class='ocrx_word' id='word_1_567' title='bbox 3434 2265 3718 2339; x_wconf 81' lang='grc' dir='ltr'>ὀνομάτων</span> <span class='ocrx_word' id='word_1_568' title='bbox 3773 2264 3865 2319; x_wconf 82' lang='grc' dir='ltr'>καὶ</span> 
     </span>
    </p>
   </div>
   <div class='ocr_carea' id='block_1_82' title="bbox 2214 2353 3863 2432">
    <p class='ocr_par' dir='ltr' id='par_1_82' title="bbox 2214 2353 3863 2432">
     <span class='ocr_line' id='line_1_82' title="bbox 2214 2353 3863 2432; baseline -0.002 -19"><span class='ocrx_word' id='word_1_569' title='bbox 2214 2383 2243 2411; x_wconf 78' lang='grc' dir='ltr'>ι(</span> <span class='ocrx_word' id='word_1_570' title='bbox 2272 2360 2445 2432; x_wconf 85' lang='grc' dir='ltr'>νόμου</span> <span class='ocrx_word' id='word_1_571' title='bbox 2492 2363 2589 2414; x_wconf 91' lang='grc' dir='ltr'>τοῦ</span> <span class='ocrx_word' id='word_1_572' title='bbox 2637 2360 2755 2423; x_wconf 88' lang='grc' dir='ltr'>καθ’</span> <span class='ocrx_word' id='word_1_573' title='bbox 2806 2359 2968 2432; x_wconf 81' lang='grc' dir='ltr'>ὑμᾶς,</span> <span class='ocrx_word' id='word_1_574' title='bbox 3036 2353 3227 2432; x_wconf 70' lang='grc' dir='ltr'>ὄψεσθε</span> <span class='ocrx_word' id='word_1_575' title='bbox 3297 2356 3470 2412; x_wconf 79' lang='grc' dir='ltr'>αὐτοί·</span> <span class='ocrx_word' id='word_1_576' title='bbox 3522 2358 3717 2432; x_wconf 77' lang='grc' dir='ltr'>κριτὴς</span> <span class='ocrx_word' id='word_1_577' title='bbox 3761 2356 3863 2432; x_wconf 82' lang='grc' dir='ltr'>γὰρ</span> 
     </span>
    </p>
   </div>
   <div class='ocr_carea' id='block_1_83' title="bbox 2213 2443 3863 2525">
    <p class='ocr_par' dir='ltr' id='par_1_83' title="bbox 2213 2443 3863 2525">
     <span class='ocr_line' id='line_1_83' title="bbox 2213 2443 3863 2525; baseline -0.001 -25"><span class='ocrx_word' id='word_1_578' title='bbox 2213 2473 2241 2501; x_wconf 74' lang='grc' dir='ltr'>(ι</span> <span class='ocrx_word' id='word_1_579' title='bbox 2276 2449 2385 2525; x_wconf 78' lang='grc' dir='ltr'>ἐγὼ</span> <span class='ocrx_word' id='word_1_580' title='bbox 2440 2448 2647 2505; x_wconf 83' lang='grc' dir='ltr'>τούτων</span> <span class='ocrx_word' id='word_1_581' title='bbox 2718 2447 2780 2503; x_wconf 79' lang='grc' dir='ltr'>οὗ</span> <span class='ocrx_word' id='word_1_582' title='bbox 2861 2445 3139 2524; x_wconf 86' lang='grc' dir='ltr'>βούλομαι</span> <span class='ocrx_word' id='word_1_583' title='bbox 3211 2445 3372 2505; x_wconf 71' lang='grc' dir='ltr'>εἶναι.</span> <span class='ocrx_word' id='word_1_584' title='bbox 3431 2445 3534 2504; x_wconf 82' lang='grc' dir='ltr'>Καὶ</span> <span class='ocrx_word' id='word_1_585' title='bbox 3582 2443 3863 2518; x_wconf 69' lang='grc' dir='ltr'>ἀπήλασεν</span> 
     </span>
    </p>
   </div>
   <div class='ocr_carea' id='block_1_84' title="bbox 2217 2538 3115 2614">
    <p class='ocr_par' dir='ltr' id='par_1_84' title="bbox 2217 2538 3115 2614">
     <span class='ocr_line' id='line_1_84' title="bbox 2217 2538 3115 2614; baseline 0.001 -24"><span class='ocrx_word' id='word_1_586' title='bbox 2217 2563 2245 2590; x_wconf 86' lang='grc'><strong>‹‹</strong></span> <span class='ocrx_word' id='word_1_587' title='bbox 2275 2538 2473 2601; x_wconf 75' lang='grc' dir='ltr'>αὐτοὺς</span> <span class='ocrx_word' id='word_1_588' title='bbox 2507 2540 2614 2594; x_wconf 87' lang='grc' dir='ltr'>ἀπὸ</span> <span class='ocrx_word' id='word_1_589' title='bbox 2645 2543 2742 2594; x_wconf 90' lang='grc' dir='ltr'>τοῦ</span> <span class='ocrx_word' id='word_1_590' title='bbox 2778 2539 3052 2614; x_wconf 83' lang='grc' dir='ltr'>βήματος.</span> <span class='ocrx_word' id='word_1_591' title='bbox 3086 2561 3115 2591; x_wconf 65' lang='lat' dir='ltr'>is</span> 
     </span>
    </p>
   </div>
   <div class='ocr_carea' id='block_1_85' title="bbox 2287 2622 3867 2703">
    <p class='ocr_par' dir='ltr' id='par_1_85' title="bbox 2287 2622 3867 2703">
     <span class='ocr_line' id='line_1_85' title="bbox 2287 2622 3867 2703; baseline -0.002 -21"><span class='ocrx_word' id='word_1_592' title='bbox 2287 2651 2312 2682; x_wconf 74' lang='grc' dir='ltr'>ε</span> <span class='ocrx_word' id='word_1_593' title='bbox 2350 2630 2429 2684; x_wconf 86' lang='grc' dir='ltr'>Δι’</span> <span class='ocrx_word' id='word_1_594' title='bbox 2468 2629 2743 2703; x_wconf 81' lang='grc' dir='ltr'>ὁράματος</span> <span class='ocrx_word' id='word_1_595' title='bbox 2803 2627 2853 2683; x_wconf 77' lang='grc' dir='ltr'>ἐν</span> <span class='ocrx_word' id='word_1_596' title='bbox 2913 2628 3084 2686; x_wconf 86' lang='grc' dir='ltr'>νυκτί.</span> <span class='ocrx_word' id='word_1_597' title='bbox 3118 2650 3148 2680; x_wconf 82' lang='lat'>»</span> <span class='ocrx_word' id='word_1_598' title='bbox 3212 2625 3567 2700; x_wconf 77' lang='grc' dir='ltr'>Σημειωτὲον</span> <span class='ocrx_word' id='word_1_599' title='bbox 3615 2626 3699 2680; x_wconf 78' lang='grc' dir='ltr'>ὃτι</span> <span class='ocrx_word' id='word_1_600' title='bbox 3758 2622 3867 2679; x_wconf 77' lang='grc' dir='ltr'>εἶδε</span> 
     </span>
    </p>
   </div>
   <div class='ocr_carea' id='block_1_86' title="bbox 2212 2713 3867 2791">
    <p class='ocr_par' dir='ltr' id='par_1_86' title="bbox 2212 2713 3867 2791">
     <span class='ocr_line' id='line_1_86' title="bbox 2212 2713 3867 2791; baseline -0.002 -19"><span class='ocrx_word' id='word_1_601' title='bbox 2212 2717 2303 2772; x_wconf 83' lang='grc' dir='ltr'>τὸν</span> <span class='ocrx_word' id='word_1_602' title='bbox 2331 2717 2525 2791; x_wconf 77' lang='grc' dir='ltr'>Κύριον</span> <span class='ocrx_word' id='word_1_603' title='bbox 2584 2719 2797 2787; x_wconf 78' lang='grc' dir='ltr'>Ἰησοῦν</span> <span class='ocrx_word' id='word_1_604' title='bbox 2854 2718 2881 2772; x_wconf 92' lang='lat'>6</span> <span class='ocrx_word' id='word_1_605' title='bbox 2938 2714 3158 2778; x_wconf 88' lang='grc' dir='ltr'>Παῦλος</span> <span class='ocrx_word' id='word_1_606' title='bbox 3212 2713 3283 2771; x_wconf 81' lang='grc' dir='ltr'>δι’</span> <span class='ocrx_word' id='word_1_607' title='bbox 3342 2714 3574 2789; x_wconf 86' lang='grc' dir='ltr'>ὀνείρου.</span> <span class='ocrx_word' id='word_1_608' title='bbox 3610 2716 3686 2770; x_wconf 87' lang='grc' dir='ltr'>Δι’</span> <span class='ocrx_word' id='word_1_609' title='bbox 3719 2715 3867 2769; x_wconf 80' lang='grc' dir='ltr'>δκαὶ</span> 
     </span>
    </p>
   </div>
   <div class='ocr_carea' id='block_1_87' title="bbox 2213 2803 3867 2882">
    <p class='ocr_par' dir='ltr' id='par_1_87' title="bbox 2213 2803 3867 2882">
     <span class='ocr_line' id='line_1_87' title="bbox 2213 2803 3867 2882; baseline -0.002 -21"><span class='ocrx_word' id='word_1_610' title='bbox 2213 2806 2377 2867; x_wconf 80' lang='grc' dir='ltr'>αὐτὸς</span> <span class='ocrx_word' id='word_1_611' title='bbox 2409 2804 2613 2882; x_wconf 79' lang='grc' dir='ltr'>ἔλεγεν·</span> <span class='ocrx_word' id='word_1_612' title='bbox 2648 2806 2795 2881; x_wconf 79' lang='grc' dir='ltr'>Οὐχὶ</span> <span class='ocrx_word' id='word_1_613' title='bbox 2829 2808 3039 2876; x_wconf 78' lang='grc' dir='ltr'>Ἰησοῦν</span> <span class='ocrx_word' id='word_1_614' title='bbox 3070 2806 3163 2860; x_wconf 89' lang='grc' dir='ltr'>τὸν</span> <span class='ocrx_word' id='word_1_615' title='bbox 3197 2805 3391 2878; x_wconf 80' lang='grc' dir='ltr'>Κύριον</span> <span class='ocrx_word' id='word_1_616' title='bbox 3422 2807 3580 2877; x_wconf 80' lang='grc' dir='ltr'>ἡμῶν</span> <span class='ocrx_word' id='word_1_617' title='bbox 3616 2803 3867 2878; x_wconf 71' lang='grc' dir='ltr'>ἑώρακα;</span> 
     </span>
    </p>
   </div>
   <div class='ocr_carea' id='block_1_88' title="bbox 2215 2893 3869 2971">
    <p class='ocr_par' dir='ltr' id='par_1_88' title="bbox 2215 2893 3869 2971">
     <span class='ocr_line' id='line_1_88' title="bbox 2215 2893 3869 2971; baseline -0.001 -20"><span class='ocrx_word' id='word_1_618' title='bbox 2215 2894 2323 2951; x_wconf 76' lang='grc' dir='ltr'>εἶ’τε</span> <span class='ocrx_word' id='word_1_619' title='bbox 2381 2893 2437 2951; x_wconf 75' lang='grc' dir='ltr'>δὲ</span> <span class='ocrx_word' id='word_1_620' title='bbox 2503 2893 2572 2949; x_wconf 82' lang='grc' dir='ltr'>δι’</span> <span class='ocrx_word' id='word_1_621' title='bbox 2623 2894 2854 2970; x_wconf 84' lang='grc' dir='ltr'>ὀνείρου,</span> <span class='ocrx_word' id='word_1_622' title='bbox 2930 2894 3040 2950; x_wconf 74' lang='grc' dir='ltr'>ε’ἰτε</span> <span class='ocrx_word' id='word_1_623' title='bbox 3095 2894 3415 2971; x_wconf 82' lang='grc' dir='ltr'>ἐγρηγορὼς</span> <span class='ocrx_word' id='word_1_624' title='bbox 3482 2893 3736 2957; x_wconf 69' lang='grc' dir='ltr'>ἐθεάσατο</span> <span class='ocrx_word' id='word_1_625' title='bbox 3775 2893 3869 2949; x_wconf 86' lang='grc' dir='ltr'>τὸν</span> 
     </span>
    </p>
   </div>
   <div class='ocr_carea' id='block_1_89' title="bbox 2215 2981 3867 3065">
    <p class='ocr_par' dir='ltr' id='par_1_89' title="bbox 2215 2981 3867 3065">
     <span class='ocr_line' id='line_1_89' title="bbox 2215 2981 3867 3065; baseline -0.002 -24"><span class='ocrx_word' id='word_1_626' title='bbox 2215 2987 2450 3056; x_wconf 79' lang='grc' dir='ltr'>Ἰησοῦν,</span> <span class='ocrx_word' id='word_1_627' title='bbox 2497 2984 2725 3058; x_wconf 75' lang='grc' dir='ltr'>οὐδεμία</span> <span class='ocrx_word' id='word_1_628' title='bbox 2783 2982 3034 3065; x_wconf 82' lang='grc' dir='ltr'>διαφορά·</span> <span class='ocrx_word' id='word_1_629' title='bbox 3095 2983 3241 3055; x_wconf 76' lang='grc' dir='ltr'>πλὴν</span> <span class='ocrx_word' id='word_1_630' title='bbox 3297 2984 3389 3040; x_wconf 85' lang='grc' dir='ltr'>καὶ</span> <span class='ocrx_word' id='word_1_631' title='bbox 3419 2983 3471 3039; x_wconf 80' lang='grc' dir='ltr'>ἐν</span> <span class='ocrx_word' id='word_1_632' title='bbox 3504 2985 3686 3059; x_wconf 75' lang='grc' dir='ltr'>ἡμέρᾳ</span> <span class='ocrx_word' id='word_1_633' title='bbox 3710 2981 3867 3061; x_wconf 74' lang='grc' dir='ltr'>ὤφθη</span> 
     </span>
    </p>
   </div>
   <div class='ocr_carea' id='block_1_90' title="bbox 2220 3075 2386 3148">
    <p class='ocr_par' dir='ltr' id='par_1_90' title="bbox 2220 3075 2386 3148">
     <span class='ocr_line' id='line_1_90' title="bbox 2220 3075 2386 3148; baseline 0 -17"><span class='ocrx_word' id='word_1_634' title='bbox 2220 3075 2386 3148; x_wconf 78' lang='grc' dir='ltr'>αὐτῷ.</span> 
     </span>
    </p>
   </div>
   <div class='ocr_carea' id='block_1_91' title="bbox 2288 3160 3869 3238">
    <p class='ocr_par' dir='ltr' id='par_1_91' title="bbox 2288 3160 3869 3238">
     <span class='ocr_line' id='line_1_91' title="bbox 2288 3160 3869 3238; baseline 0.001 -21"><span class='ocrx_word' id='word_1_635' title='bbox 2288 3189 2318 3217; x_wconf 80' lang='grc' dir='ltr'>α</span> <span class='ocrx_word' id='word_1_636' title='bbox 2350 3160 2778 3238; x_wconf 78' lang='grc' dir='ltr'>Ἐπιλαϐόμενοι</span> <span class='ocrx_word' id='word_1_637' title='bbox 2827 3162 2885 3220; x_wconf 69' lang='grc' dir='ltr'>δὲ</span> <span class='ocrx_word' id='word_1_638' title='bbox 2930 3165 3125 3226; x_wconf 85' lang='grc' dir='ltr'>πάντες</span> <span class='ocrx_word' id='word_1_639' title='bbox 3169 3165 3222 3219; x_wconf 72' lang='grc' dir='ltr'>οἱ</span> <span class='ocrx_word' id='word_1_640' title='bbox 3270 3162 3539 3234; x_wconf 86' lang='grc' dir='ltr'>’Έλληνες</span> <span class='ocrx_word' id='word_1_641' title='bbox 3584 3163 3869 3231; x_wconf 80' lang='grc' dir='ltr'>Σωσθὲνην</span> 
     </span>
    </p>
   </div>
   <div class='ocr_carea' id='block_1_92' title="bbox 2222 3250 3872 3331">
    <p class='ocr_par' dir='ltr' id='par_1_92' title="bbox 2222 3250 3872 3331">
     <span class='ocr_line' id='line_1_92' title="bbox 2222 3250 3872 3331; baseline -0.001 -24"><span class='ocrx_word' id='word_1_642' title='bbox 2222 3278 2251 3307; x_wconf 94' lang='grc'>‹‹</span> <span class='ocrx_word' id='word_1_643' title='bbox 2281 3254 2373 3310; x_wconf 86' lang='grc' dir='ltr'>τὸν</span> <span class='ocrx_word' id='word_1_644' title='bbox 2414 3252 2887 3331; x_wconf 81' lang='grc' dir='ltr'>ἀρχισυνάγωγον,</span> <span class='ocrx_word' id='word_1_645' title='bbox 2928 3252 3153 3309; x_wconf 82' lang='grc' dir='ltr'>ἔτυπτον</span> <span class='ocrx_word' id='word_1_646' title='bbox 3195 3250 3503 3329; x_wconf 78' lang='grc' dir='ltr'>ἔμπροσθεν</span> <span class='ocrx_word' id='word_1_647' title='bbox 3544 3257 3641 3308; x_wconf 90' lang='grc' dir='ltr'>τοῦ</span> <span class='ocrx_word' id='word_1_648' title='bbox 3684 3253 3872 3328; x_wconf 77' lang='grc' dir='ltr'>μα-</span> 
     </span>
    </p>
   </div>
   <div class='ocr_carea' id='block_1_93' title="bbox 2220 3337 3645 3415">
    <p class='ocr_par' dir='ltr' id='par_1_93' title="bbox 2220 3337 3645 3415">
     <span class='ocr_line' id='line_1_93' title="bbox 2220 3337 3645 3415; baseline -0.003 -20"><span class='ocrx_word' id='word_1_649' title='bbox 2220 3367 2249 3395; x_wconf 91' lang='grc'><em>‹‹</em></span> <span class='ocrx_word' id='word_1_650' title='bbox 2282 3364 2394 3413; x_wconf 86' lang='grc' dir='ltr'>τος,</span> <span class='ocrx_word' id='word_1_651' title='bbox 2425 3342 2515 3399; x_wconf 87' lang='grc' dir='ltr'>καὶ</span> <span class='ocrx_word' id='word_1_652' title='bbox 2546 3339 2696 3398; x_wconf 77' lang='grc' dir='ltr'>οὐδὲν</span> <span class='ocrx_word' id='word_1_653' title='bbox 2727 3342 2934 3399; x_wconf 87' lang='grc' dir='ltr'>τούτων</span> <span class='ocrx_word' id='word_1_654' title='bbox 2962 3347 3041 3414; x_wconf 82' lang='grc' dir='ltr'>τῷ</span> <span class='ocrx_word' id='word_1_655' title='bbox 3069 3341 3338 3398; x_wconf 88' lang='grc' dir='ltr'>Γαλλίωνι</span> <span class='ocrx_word' id='word_1_656' title='bbox 3364 3337 3579 3415; x_wconf 79' lang='grc' dir='ltr'>ἔμελεν.</span> <span class='ocrx_word' id='word_1_657' title='bbox 3616 3365 3645 3392; x_wconf 82' lang='grc'><strong>››</strong></span> 
     </span>
    </p>
   </div>
   <div class='ocr_carea' id='block_1_94' title="bbox 2290 3519 3868 3594">
    <p class='ocr_par' dir='ltr' id='par_1_94' title="bbox 2290 3519 3868 3594">
     <span class='ocr_line' id='line_1_94' title="bbox 2290 3519 3868 3594; baseline -0.003 -13"><span class='ocrx_word' id='word_1_658' title='bbox 2290 3526 2451 3581; x_wconf 85' lang='grc' dir='ltr'>Ἤτοι</span> <span class='ocrx_word' id='word_1_659' title='bbox 2482 3522 2570 3579; x_wconf 82' lang='grc' dir='ltr'>διὰ</span> <span class='ocrx_word' id='word_1_660' title='bbox 2594 3529 2755 3580; x_wconf 89' lang='grc' dir='ltr'>τοῦτο</span> <span class='ocrx_word' id='word_1_661' title='bbox 2786 3519 3013 3580; x_wconf 78' lang='grc' dir='ltr'>ἔτυπτον</span> <span class='ocrx_word' id='word_1_662' title='bbox 3068 3525 3160 3580; x_wconf 83' lang='grc' dir='ltr'>τὸν</span> <span class='ocrx_word' id='word_1_663' title='bbox 3212 3523 3525 3594; x_wconf 73' lang='grc' dir='ltr'>Σωσθένην,</span> <span class='ocrx_word' id='word_1_664' title='bbox 3557 3522 3746 3594; x_wconf 78' lang='grc' dir='ltr'>ἐπειδὴ</span> <span class='ocrx_word' id='word_1_665' title='bbox 3776 3523 3868 3578; x_wconf 87' lang='grc' dir='ltr'>καὶ</span> 
     </span>
    </p>
   </div>
   <div class='ocr_carea' id='block_1_95' title="bbox 2220 3609 3873 3690">
    <p class='ocr_par' dir='ltr' id='par_1_95' title="bbox 2220 3609 3873 3690">
     <span class='ocr_line' id='line_1_95' title="bbox 2220 3609 3873 3690; baseline -0.002 -20"><span class='ocrx_word' id='word_1_666' title='bbox 2220 3615 2382 3676; x_wconf 80' lang='grc' dir='ltr'>αὐτὸς</span> <span class='ocrx_word' id='word_1_667' title='bbox 2437 3617 2502 3683; x_wconf 73' lang='grc' dir='ltr'>ἦν</span> <span class='ocrx_word' id='word_1_668' title='bbox 2566 3614 2782 3689; x_wconf 78' lang='grc' dir='ltr'>μᾶλλον</span> <span class='ocrx_word' id='word_1_669' title='bbox 2839 3615 3265 3690; x_wconf 73' lang='grc' dir='ltr'>προστιθέμενος</span> <span class='ocrx_word' id='word_1_670' title='bbox 3301 3619 3382 3687; x_wconf 79' lang='grc' dir='ltr'>τῷ</span> <span class='ocrx_word' id='word_1_671' title='bbox 3422 3612 3643 3688; x_wconf 84' lang='grc' dir='ltr'>Παύλῳ,</span> <span class='ocrx_word' id='word_1_672' title='bbox 3676 3615 3750 3677; x_wconf 84' lang='grc' dir='ltr'>ὡς</span> <span class='ocrx_word' id='word_1_673' title='bbox 3781 3609 3873 3669; x_wconf 85' lang='grc' dir='ltr'>καὶ</span> 
     </span>
    </p>
   </div>
   <div class='ocr_carea' id='block_1_96' title="bbox 2221 3704 3877 3781">
    <p class='ocr_par' dir='ltr' id='par_1_96' title="bbox 2221 3704 3877 3781">
     <span class='ocr_line' id='line_1_96' title="bbox 2221 3704 3877 3781; baseline 0 -21"><span class='ocrx_word' id='word_1_674' title='bbox 2221 3705 2463 3778; x_wconf 85' lang='grc' dir='ltr'>Κρίσπος</span> <span class='ocrx_word' id='word_1_675' title='bbox 2519 3705 2546 3757; x_wconf 86' lang='lat'>6</span> <span class='ocrx_word' id='word_1_676' title='bbox 2605 3704 3080 3781; x_wconf 61' lang='grc' dir='ltr'>ἀρχισυνάγωγος·</span> <span class='ocrx_word' id='word_1_677' title='bbox 3168 3706 3204 3773; x_wconf 79' lang='grc' dir='ltr'><strong>ἢ</strong></span> <span class='ocrx_word' id='word_1_678' title='bbox 3296 3704 3372 3766; x_wconf 77' lang='grc' dir='ltr'>εἷς</span> <span class='ocrx_word' id='word_1_679' title='bbox 3426 3710 3685 3760; x_wconf 89' lang='grc' dir='ltr'>τοσοῦτον</span> <span class='ocrx_word' id='word_1_680' title='bbox 3741 3705 3877 3772; x_wconf 78' lang='grc' dir='ltr'>ἦσαν</span> 
     </span>
    </p>
   </div>
   <div class='ocr_carea' id='block_1_97' title="bbox 2220 3791 3876 3869">
    <p class='ocr_par' dir='ltr' id='par_1_97' title="bbox 2220 3791 3876 3869">
     <span class='ocr_line' id='line_1_97' title="bbox 2220 3791 3876 3869; baseline 0 -22"><span class='ocrx_word' id='word_1_681' title='bbox 2220 3791 2557 3862; x_wconf 76' lang='grc' dir='ltr'>ἐληλακότες</span> <span class='ocrx_word' id='word_1_682' title='bbox 2628 3794 2838 3866; x_wconf 87' lang='grc' dir='ltr'>μανίας,</span> <span class='ocrx_word' id='word_1_683' title='bbox 2904 3793 2978 3855; x_wconf 87' lang='grc' dir='ltr'>ὡς</span> <span class='ocrx_word' id='word_1_684' title='bbox 3069 3794 3441 3869; x_wconf 86' lang='grc' dir='ltr'>ἀποτυχόντες</span> <span class='ocrx_word' id='word_1_685' title='bbox 3506 3797 3603 3848; x_wconf 88' lang='grc' dir='ltr'>τοῦ</span> <span class='ocrx_word' id='word_1_686' title='bbox 3668 3797 3876 3848; x_wconf 81' lang='grc' dir='ltr'>σκοποῦ</span> 
     </span>
    </p>
   </div>
   <div class='ocr_carea' id='block_1_98' title="bbox 2221 3879 3880 3954">
    <p class='ocr_par' dir='ltr' id='par_1_98' title="bbox 2221 3879 3880 3954">
     <span class='ocr_line' id='line_1_98' title="bbox 2221 3879 3880 3954; baseline -0.001 -16"><span class='ocrx_word' id='word_1_687' title='bbox 2221 3883 2417 3938; x_wconf 72' lang='grc' dir='ltr'>ἑαυτοῦ</span> <span class='ocrx_word' id='word_1_688' title='bbox 2446 3882 2564 3939; x_wconf 81' lang='grc' dir='ltr'>ἀντὶ</span> <span class='ocrx_word' id='word_1_689' title='bbox 2620 3887 2718 3938; x_wconf 88' lang='grc' dir='ltr'>τοῦ</span> <span class='ocrx_word' id='word_1_690' title='bbox 2774 3882 2994 3938; x_wconf 87' lang='grc' dir='ltr'>τύπτειν</span> <span class='ocrx_word' id='word_1_691' title='bbox 3050 3883 3142 3939; x_wconf 85' lang='grc' dir='ltr'>τὸν</span> <span class='ocrx_word' id='word_1_692' title='bbox 3202 3882 3439 3952; x_wconf 88' lang='grc' dir='ltr'>Παῦλον,</span> <span class='ocrx_word' id='word_1_693' title='bbox 3476 3879 3758 3954; x_wconf 84' lang='grc' dir='ltr'>Σωσθένην</span> <span class='ocrx_word' id='word_1_694' title='bbox 3787 3883 3880 3938; x_wconf 82' lang='grc' dir='ltr'>τὸν</span> 
     </span>
    </p>
   </div>
   <div class='ocr_carea' id='block_1_99' title="bbox 2220 3965 3881 4049">
    <p class='ocr_par' dir='ltr' id='par_1_99' title="bbox 2220 3965 3881 4049">
     <span class='ocr_line' id='line_1_99' title="bbox 2220 3965 3881 4049; baseline 0.001 -22"><span class='ocrx_word' id='word_1_695' title='bbox 2220 3971 2672 4049; x_wconf 82' lang='grc' dir='ltr'>ἀρχισυνάγωγον</span> <span class='ocrx_word' id='word_1_696' title='bbox 2706 3965 2955 4027; x_wconf 77' lang='grc' dir='ltr'>ἔτυπτον·</span> <span class='ocrx_word' id='word_1_697' title='bbox 2989 3974 3058 4030; x_wconf 87' lang='grc' dir='ltr'><strong>Ἦ</strong></span> <span class='ocrx_word' id='word_1_698' title='bbox 3109 3970 3201 4028; x_wconf 81' lang='grc' dir='ltr'>διὰ</span> <span class='ocrx_word' id='word_1_699' title='bbox 3236 3978 3398 4028; x_wconf 88' lang='grc' dir='ltr'>τοῦτο</span> <span class='ocrx_word' id='word_1_700' title='bbox 3429 3966 3656 4028; x_wconf 80' lang='grc' dir='ltr'>ἔτυπτον</span> <span class='ocrx_word' id='word_1_701' title='bbox 3690 3971 3881 4029; x_wconf 59' lang='grc' dir='ltr'>αὐτὸν,</span> 
     </span>
    </p>
   </div>
   <div class='ocr_carea' id='block_1_100' title="bbox 2221 4057 3877 4142">
    <p class='ocr_par' dir='ltr' id='par_1_100' title="bbox 2221 4057 3877 4142">
     <span class='ocr_line' id='line_1_100' title="bbox 2221 4057 3877 4142; baseline -0.001 -26"><span class='ocrx_word' id='word_1_702' title='bbox 2221 4059 2407 4128; x_wconf 79' lang='grc' dir='ltr'>ἐπειδὴ</span> <span class='ocrx_word' id='word_1_703' title='bbox 2475 4060 2690 4135; x_wconf 83' lang='grc' dir='ltr'>μᾶλλον</span> <span class='ocrx_word' id='word_1_704' title='bbox 2743 4057 3138 4133; x_wconf 78' lang='grc' dir='ltr'>ἠϐουλήθησαν</span> <span class='ocrx_word' id='word_1_705' title='bbox 3188 4066 3442 4142; x_wconf 87' lang='grc' dir='ltr'>φονεῦσαι</span> <span class='ocrx_word' id='word_1_706' title='bbox 3500 4063 3593 4117; x_wconf 85' lang='grc' dir='ltr'>τὸν</span> <span class='ocrx_word' id='word_1_707' title='bbox 3635 4059 3877 4129; x_wconf 86' lang='grc' dir='ltr'>Παῦλον,</span> 
     </span>
    </p>
   </div>
   <div class='ocr_carea' id='block_1_101' title="bbox 2220 4148 3235 4222">
    <p class='ocr_par' dir='ltr' id='par_1_101' title="bbox 2220 4148 3235 4222">
     <span class='ocr_line' id='line_1_101' title="bbox 2220 4148 3235 4222; baseline 0.003 -17"><span class='ocrx_word' id='word_1_708' title='bbox 2220 4151 2309 4205; x_wconf 89' lang='grc' dir='ltr'>καὶ</span> <span class='ocrx_word' id='word_1_709' title='bbox 2343 4149 2629 4222; x_wconf 69' lang='grc' dir='ltr'>Σωσθένης</span> <span class='ocrx_word' id='word_1_710' title='bbox 2657 4148 2985 4207; x_wconf 82' lang='grc' dir='ltr'>διεκώλυσεν</span> <span class='ocrx_word' id='word_1_711' title='bbox 3017 4151 3235 4214; x_wconf 85' lang='grc' dir='ltr'>αὐτούς.</span> 
     </span>
    </p>
   </div>
   <div class='ocr_carea' id='block_1_102' title="bbox 2295 4234 3879 4315">
    <p class='ocr_par' dir='ltr' id='par_1_102' title="bbox 2295 4234 3879 4315">
     <span class='ocr_line' id='line_1_102' title="bbox 2295 4234 3879 4315; baseline 0.001 -23"><span class='ocrx_word' id='word_1_712' title='bbox 2295 4241 2414 4297; x_wconf 84' lang='grc' dir='ltr'>«Ὁ</span> <span class='ocrx_word' id='word_1_713' title='bbox 2470 4237 2529 4295; x_wconf 72' lang='grc' dir='ltr'>δὲ</span> <span class='ocrx_word' id='word_1_714' title='bbox 2586 4238 2805 4304; x_wconf 83' lang='grc' dir='ltr'>Παῦλος</span> <span class='ocrx_word' id='word_1_715' title='bbox 2864 4234 2943 4295; x_wconf 77' lang='grc' dir='ltr'>ἔτι</span> <span class='ocrx_word' id='word_1_716' title='bbox 3001 4242 3333 4315; x_wconf 82' lang='grc' dir='ltr'>προσμείνας</span> <span class='ocrx_word' id='word_1_717' title='bbox 3392 4242 3603 4314; x_wconf 75' lang='grc' dir='ltr'>ἡμέρας</span> <span class='ocrx_word' id='word_1_718' title='bbox 3672 4240 3879 4311; x_wconf 76' lang='grc' dir='ltr'>ἱκανὰς,</span> 
     </span>
    </p>
   </div>
   <div class='ocr_carea' id='block_1_103' title="bbox 2224 4327 3879 4407">
    <p class='ocr_par' dir='ltr' id='par_1_103' title="bbox 2224 4327 3879 4407">
     <span class='ocr_line' id='line_1_103' title="bbox 2224 4327 3879 4407; baseline 0.001 -25"><span class='ocrx_word' id='word_1_719' title='bbox 2224 4352 2252 4381; x_wconf 91' lang='grc'>‹‹</span> <span class='ocrx_word' id='word_1_720' title='bbox 2280 4335 2395 4390; x_wconf 81' lang='grc' dir='ltr'>τοῖς</span> <span class='ocrx_word' id='word_1_721' title='bbox 2447 4327 2708 4407; x_wconf 78' lang='grc' dir='ltr'>ἀδελφοῖς</span> <span class='ocrx_word' id='word_1_722' title='bbox 2758 4329 3184 4403; x_wconf 79' lang='grc' dir='ltr'>ἀποταξάμενος,</span> <span class='ocrx_word' id='word_1_723' title='bbox 3236 4327 3447 4402; x_wconf 73' lang='grc' dir='ltr'>ἐξέπλει</span> <span class='ocrx_word' id='word_1_724' title='bbox 3499 4329 3573 4391; x_wconf 80' lang='grc' dir='ltr'>εἷς</span> <span class='ocrx_word' id='word_1_725' title='bbox 3620 4332 3719 4399; x_wconf 82' lang='grc' dir='ltr'>τήν</span> <span class='ocrx_word' id='word_1_726' title='bbox 3773 4335 3879 4383; x_wconf 89' lang='grc' dir='ltr'>Συ-</span> 
     </span>
    </p>
   </div>
   <div class='ocr_carea' id='block_1_104' title="bbox 2224 4417 3879 4491">
    <p class='ocr_par' dir='ltr' id='par_1_104' title="bbox 2224 4417 3879 4491">
     <span class='ocr_line' id='line_1_104' title="bbox 2224 4417 3879 4491; baseline -0.001 -19"><span class='ocrx_word' id='word_1_727' title='bbox 2224 4442 2251 4468; x_wconf 83' lang='grc'>‹‹</span> <span class='ocrx_word' id='word_1_728' title='bbox 2286 4418 2432 4491; x_wconf 82' lang='grc' dir='ltr'>ρίαν,</span> <span class='ocrx_word' id='word_1_729' title='bbox 2484 4417 2575 4472; x_wconf 82' lang='grc' dir='ltr'>καὶ</span> <span class='ocrx_word' id='word_1_730' title='bbox 2626 4417 2718 4471; x_wconf 76' lang='grc' dir='ltr'>σὺν</span> <span class='ocrx_word' id='word_1_731' title='bbox 2771 4419 2921 4489; x_wconf 82' lang='grc' dir='ltr'>αὐτῷ</span> <span class='ocrx_word' id='word_1_732' title='bbox 2969 4417 3280 4491; x_wconf 86' lang='grc' dir='ltr'>Πρίσκιλλα</span> <span class='ocrx_word' id='word_1_733' title='bbox 3331 4419 3418 4472; x_wconf 83' lang='grc' dir='ltr'>καὶ</span> <span class='ocrx_word' id='word_1_734' title='bbox 3473 4417 3733 4486; x_wconf 82' lang='grc' dir='ltr'>Ἀκύλας,</span> <span class='ocrx_word' id='word_1_735' title='bbox 3763 4438 3879 4473; x_wconf 89' lang='grc' dir='ltr'>κει-</span> 
     </span>
    </p>
   </div>
   <div class='ocr_carea' id='block_1_105' title="bbox 2227 4504 3877 4585">
    <p class='ocr_par' dir='ltr' id='par_1_105' title="bbox 2227 4504 3877 4585">
     <span class='ocr_line' id='line_1_105' title="bbox 2227 4504 3877 4585; baseline 0.013 -27"><span class='ocrx_word' id='word_1_736' title='bbox 2227 4529 2254 4556; x_wconf 92' lang='grc'>‹‹</span> <span class='ocrx_word' id='word_1_737' title='bbox 2291 4507 2528 4581; x_wconf 89' lang='grc' dir='ltr'>ράμενος</span> <span class='ocrx_word' id='word_1_738' title='bbox 2589 4508 2690 4575; x_wconf 83' lang='grc' dir='ltr'>τήν</span> <span class='ocrx_word' id='word_1_739' title='bbox 2759 4504 3004 4585; x_wconf 75' lang='grc' dir='ltr'>κεφαλὴν</span> <span class='ocrx_word' id='word_1_740' title='bbox 3073 4504 3126 4561; x_wconf 78' lang='grc' dir='ltr'>ἐν</span> <span class='ocrx_word' id='word_1_741' title='bbox 3193 4508 3515 4581; x_wconf 58' lang='grc' dir='ltr'>Κεγχρεαῖς</span> <span class='ocrx_word' id='word_1_742' title='bbox 3584 4506 3703 4580; x_wconf 80' lang='grc' dir='ltr'>εἶχε</span> <span class='ocrx_word' id='word_1_743' title='bbox 3774 4505 3877 4583; x_wconf 70' lang='grc' dir='ltr'>γὰρ</span> 
     </span>
    </p>
   </div>
   <div class='ocr_carea' id='block_1_106' title="bbox 2148 4592 2548 4671">
    <p class='ocr_par' dir='ltr' id='par_1_106' title="bbox 2148 4592 2548 4671">
     <span class='ocr_line' id='line_1_106' title="bbox 2148 4592 2548 4671; baseline -0.003 -23"><span class='ocrx_word' id='word_1_744' title='bbox 2148 4592 2194 4657; x_wconf 85' lang='grc' dir='ltr'>Ι)</span> <span class='ocrx_word' id='word_1_745' title='bbox 2236 4618 2262 4648; x_wconf 80' lang='grc' dir='ltr'>ι(</span> <span class='ocrx_word' id='word_1_746' title='bbox 2294 4595 2485 4671; x_wconf 76' lang='grc' dir='ltr'>εὐχήν.</span> <span class='ocrx_word' id='word_1_747' title='bbox 2521 4620 2548 4648; x_wconf 76' lang='grc' dir='ltr'>υ</span> 
     </span>
    </p>
   </div>
   <div class='ocr_carea' id='block_1_107' title="bbox 2296 4684 3878 4762">
    <p class='ocr_par' dir='ltr' id='par_1_107' title="bbox 2296 4684 3878 4762">
     <span class='ocr_line' id='line_1_107' title="bbox 2296 4684 3878 4762; baseline 0.001 -22"><span class='ocrx_word' id='word_1_748' title='bbox 2296 4684 2472 4741; x_wconf 88' lang='grc' dir='ltr'>Πάλιν</span> <span class='ocrx_word' id='word_1_749' title='bbox 2520 4686 2728 4740; x_wconf 82' lang='grc' dir='ltr'>κάτεισι</span> <span class='ocrx_word' id='word_1_750' title='bbox 2791 4684 3009 4748; x_wconf 85' lang='grc' dir='ltr'>Παῦλος</span> <span class='ocrx_word' id='word_1_751' title='bbox 3062 4684 3140 4748; x_wconf 78' lang='grc' dir='ltr'>εἰς</span> <span class='ocrx_word' id='word_1_752' title='bbox 3189 4684 3413 4762; x_wconf 88' lang='grc' dir='ltr'>Συρίαν,</span> <span class='ocrx_word' id='word_1_753' title='bbox 3451 4684 3545 4741; x_wconf 82' lang='grc' dir='ltr'>καὶ</span> <span class='ocrx_word' id='word_1_754' title='bbox 3588 4687 3681 4740; x_wconf 85' lang='grc' dir='ltr'>σὺν</span> <span class='ocrx_word' id='word_1_755' title='bbox 3731 4685 3878 4759; x_wconf 80' lang='grc' dir='ltr'>αύτῷ</span> 
     </span>
    </p>
   </div>
   <div class='ocr_carea' id='block_1_108' title="bbox 2226 4773 3878 4852">
    <p class='ocr_par' dir='ltr' id='par_1_108' title="bbox 2226 4773 3878 4852">
     <span class='ocr_line' id='line_1_108' title="bbox 2226 4773 3878 4852; baseline 0 -21"><span class='ocrx_word' id='word_1_756' title='bbox 2226 4774 2537 4849; x_wconf 81' lang='grc' dir='ltr'>Πρίσκιλλα</span> <span class='ocrx_word' id='word_1_757' title='bbox 2574 4775 2663 4830; x_wconf 87' lang='grc' dir='ltr'>καὶ</span> <span class='ocrx_word' id='word_1_758' title='bbox 2706 4773 2965 4847; x_wconf 87' lang='grc' dir='ltr'>Ἀκύλας,</span> <span class='ocrx_word' id='word_1_759' title='bbox 3006 4776 3350 4849; x_wconf 84' lang='grc' dir='ltr'>κειράμενος,</span> <span class='ocrx_word' id='word_1_760' title='bbox 3381 4775 3536 4852; x_wconf 82' lang='grc' dir='ltr'>φησὶ,</span> <span class='ocrx_word' id='word_1_761' title='bbox 3575 4775 3674 4843; x_wconf 76' lang='grc' dir='ltr'>τὴν</span> <span class='ocrx_word' id='word_1_762' title='bbox 3713 4795 3878 4851; x_wconf 75' lang='grc' dir='ltr'>κεφα-</span> 
     </span>
    </p>
   </div>
   <div class='ocr_carea' id='block_1_109' title="bbox 2226 4862 3877 4943">
    <p class='ocr_par' dir='ltr' id='par_1_109' title="bbox 2226 4862 3877 4943">
     <span class='ocr_line' id='line_1_109' title="bbox 2226 4862 3877 4943; baseline 0 -24"><span class='ocrx_word' id='word_1_763' title='bbox 2226 4862 2351 4934; x_wconf 66' lang='grc' dir='ltr'>λήν.</span> <span class='ocrx_word' id='word_1_764' title='bbox 2385 4865 2460 4921; x_wconf 82' lang='grc' dir='ltr'>Τὸ</span> <span class='ocrx_word' id='word_1_765' title='bbox 2511 4862 2568 4919; x_wconf 78' lang='grc' dir='ltr'>δὲ</span> <span class='ocrx_word' id='word_1_766' title='bbox 2614 4863 2891 4936; x_wconf 85' lang='grc' dir='ltr'>κείρασθαι</span> <span class='ocrx_word' id='word_1_767' title='bbox 2938 4867 3039 4935; x_wconf 82' lang='grc' dir='ltr'>τήν</span> <span class='ocrx_word' id='word_1_768' title='bbox 3087 4863 3330 4943; x_wconf 80' lang='grc' dir='ltr'>κεφαλὴν</span> <span class='ocrx_word' id='word_1_769' title='bbox 3371 4866 3490 4919; x_wconf 86' lang='grc' dir='ltr'>κατ’</span> <span class='ocrx_word' id='word_1_770' title='bbox 3520 4863 3713 4938; x_wconf 76' lang='grc' dir='ltr'>εὐχὴν,</span> <span class='ocrx_word' id='word_1_771' title='bbox 3745 4866 3877 4920; x_wconf 81' lang='grc' dir='ltr'>Ἰου-</span> 
     </span>
    </p>
   </div>
   <div class='ocr_carea' id='block_1_110' title="bbox 2227 4950 3881 5028">
    <p class='ocr_par' dir='ltr' id='par_1_110' title="bbox 2227 4950 3881 5028">
     <span class='ocr_line' id='line_1_110' title="bbox 2227 4950 3881 5028; baseline 0 -20"><span class='ocrx_word' id='word_1_772' title='bbox 2227 4950 2411 5008; x_wconf 84' lang='grc' dir='ltr'>δαϊκὸν</span> <span class='ocrx_word' id='word_1_773' title='bbox 2449 4954 2537 5023; x_wconf 83' lang='grc' dir='ltr'>ἦν’.</span> <span class='ocrx_word' id='word_1_774' title='bbox 2592 4950 2742 5010; x_wconf 84' lang='grc' dir='ltr'>Ἔδει</span> <span class='ocrx_word' id='word_1_775' title='bbox 2783 4951 2841 5008; x_wconf 75' lang='grc' dir='ltr'>δὲ</span> <span class='ocrx_word' id='word_1_776' title='bbox 2879 4954 2968 5009; x_wconf 83' lang='grc' dir='ltr'>καὶ</span> <span class='ocrx_word' id='word_1_777' title='bbox 3008 4954 3195 5017; x_wconf 85' lang='grc' dir='ltr'>θυσίαν</span> <span class='ocrx_word' id='word_1_778' title='bbox 3261 4950 3530 5028; x_wconf 83' lang='grc' dir='ltr'>γενέσθαι,</span> <span class='ocrx_word' id='word_1_779' title='bbox 3596 4952 3718 5027; x_wconf 77' lang='grc' dir='ltr'>ᾖτις</span> <span class='ocrx_word' id='word_1_780' title='bbox 3779 4954 3881 5008; x_wconf 83' lang='grc' dir='ltr'>ούκ</span> 
     </span>
    </p>
   </div>
   <div class='ocr_carea' id='block_1_111' title="bbox 2227 5037 3875 5122">
    <p class='ocr_par' dir='ltr' id='par_1_111' title="bbox 2227 5037 3875 5122">
     <span class='ocr_line' id='line_1_111' title="bbox 2227 5037 3875 5122; baseline 0 -25"><span class='ocrx_word' id='word_1_781' title='bbox 2227 5043 2432 5118; x_wconf 69' lang='grc' dir='ltr'>ἐγένετο</span> <span class='ocrx_word' id='word_1_782' title='bbox 2470 5037 2548 5100; x_wconf 77' lang='grc' dir='ltr'>ἔτι</span> <span class='ocrx_word' id='word_1_783' title='bbox 2595 5043 2830 5117; x_wconf 68' lang='grc' dir='ltr'>μετατδ</span> <span class='ocrx_word' id='word_1_784' title='bbox 2896 5045 3164 5122; x_wconf 82' lang='grc' dir='ltr'>τυφθῆναι</span> <span class='ocrx_word' id='word_1_785' title='bbox 3224 5044 3316 5098; x_wconf 87' lang='grc' dir='ltr'>τὸν</span> <span class='ocrx_word' id='word_1_786' title='bbox 3384 5042 3688 5112; x_wconf 80' lang='grc' dir='ltr'>Σωσθένην·</span> <span class='ocrx_word' id='word_1_787' title='bbox 3767 5039 3875 5113; x_wconf 70' lang='grc' dir='ltr'>ἤδη</span> 
     </span>
    </p>
   </div>
   <div class='ocr_carea' id='block_1_112' title="bbox 2226 5127 3878 5208">
    <p class='ocr_par' dir='ltr' id='par_1_112' title="bbox 2226 5127 3878 5208">
     <span class='ocr_line' id='line_1_112' title="bbox 2226 5127 3878 5208; baseline 0.001 -22"><span class='ocrx_word' id='word_1_788' title='bbox 2226 5134 2330 5208; x_wconf 75' lang='grc' dir='ltr'>γὰρ</span> <span class='ocrx_word' id='word_1_789' title='bbox 2369 5133 2398 5186; x_wconf 96' lang='lat'>6</span> <span class='ocrx_word' id='word_1_790' title='bbox 2435 5132 2604 5205; x_wconf 86' lang='grc' dir='ltr'>νόμος</span> <span class='ocrx_word' id='word_1_791' title='bbox 2660 5132 2974 5202; x_wconf 83' lang='grc' dir='ltr'>κατελύετο,</span> <span class='ocrx_word' id='word_1_792' title='bbox 3032 5130 3218 5202; x_wconf 82' lang='grc' dir='ltr'>ἐπειδὴ</span> <span class='ocrx_word' id='word_1_793' title='bbox 3273 5136 3356 5204; x_wconf 75' lang='grc' dir='ltr'>τῷ</span> <span class='ocrx_word' id='word_1_794' title='bbox 3396 5127 3664 5186; x_wconf 84' lang='grc' dir='ltr'>συνειδότι</span> <span class='ocrx_word' id='word_1_795' title='bbox 3704 5132 3878 5187; x_wconf 75' lang='grc' dir='ltr'>κατεί-</span> 
     </span>
    </p>
   </div>
   <div class='ocr_carea' id='block_1_113' title="bbox 2229 5242 2419 5302">
    <p class='ocr_par' dir='ltr' id='par_1_113' title="bbox 2229 5242 2419 5302">
     <span class='ocr_line' id='line_1_113' title="bbox 2229 5242 2419 5302; baseline 0.011 -25"><span class='ocrx_word' id='word_1_796' title='bbox 2229 5242 2419 5302; x_wconf 87' lang='grc' dir='ltr'>χοντο.</span> 
     </span>
    </p>
   </div>
   <div class='ocr_carea' id='block_1_114' title="bbox 2301 5310 3879 5392">
    <p class='ocr_par' dir='ltr' id='par_1_114' title="bbox 2301 5310 3879 5392">
     <span class='ocr_line' id='line_1_114' title="bbox 2301 5310 3879 5392; baseline 0.001 -27"><span class='ocrx_word' id='word_1_797' title='bbox 2301 5337 2329 5365; x_wconf 79' lang='grc' dir='ltr'>(ι</span> <span class='ocrx_word' id='word_1_798' title='bbox 2365 5315 2681 5383; x_wconf 78' lang='grc' dir='ltr'>Κατήντησε</span> <span class='ocrx_word' id='word_1_799' title='bbox 2719 5310 2777 5368; x_wconf 70' lang='grc' dir='ltr'>δὲ</span> <span class='ocrx_word' id='word_1_800' title='bbox 2816 5313 2890 5375; x_wconf 77' lang='grc' dir='ltr'>εἰς</span> <span class='ocrx_word' id='word_1_801' title='bbox 2929 5314 3181 5392; x_wconf 82' lang='grc' dir='ltr'>Ἔφεσον,</span> <span class='ocrx_word' id='word_1_802' title='bbox 3221 5313 3313 5366; x_wconf 88' lang='grc' dir='ltr'>καὶ</span> <span class='ocrx_word' id='word_1_803' title='bbox 3376 5310 3613 5374; x_wconf 81' lang='grc' dir='ltr'>ἐκείνους</span> <span class='ocrx_word' id='word_1_804' title='bbox 3661 5310 3879 5367; x_wconf 76' lang='grc' dir='ltr'>κατέλι-</span> 
     </span>
    </p>
   </div>
   <div class='ocr_carea' id='block_1_115' title="bbox 2232 5398 3879 5474">
    <p class='ocr_par' dir='ltr' id='par_1_115' title="bbox 2232 5398 3879 5474">
     <span class='ocr_line' id='line_1_115' title="bbox 2232 5398 3879 5474; baseline 0.001 -20"><span class='ocrx_word' id='word_1_805' title='bbox 2232 5423 2387 5458; x_wconf 80' lang='grc' dir='ltr'>«πεν</span> <span class='ocrx_word' id='word_1_806' title='bbox 2460 5402 2647 5460; x_wconf 78' lang='grc' dir='ltr'>αὑτοῦ.</span> <span class='ocrx_word' id='word_1_807' title='bbox 2749 5402 2940 5465; x_wconf 79' lang='grc' dir='ltr'>’Δυτὸς</span> <span class='ocrx_word' id='word_1_808' title='bbox 3016 5399 3073 5456; x_wconf 74' lang='grc' dir='ltr'>δὲ</span> <span class='ocrx_word' id='word_1_809' title='bbox 3147 5398 3406 5457; x_wconf 78' lang='grc' dir='ltr'>εἰσελθὼν</span> <span class='ocrx_word' id='word_1_810' title='bbox 3482 5400 3559 5463; x_wconf 76' lang='grc' dir='ltr'>εἷς</span> <span class='ocrx_word' id='word_1_811' title='bbox 3637 5421 3879 5474; x_wconf 88' lang='grc' dir='ltr'>συναγω-</span> 
     </span>
    </p>
   </div>
   <div class='ocr_carea' id='block_1_116' title="bbox 2233 5486 3881 5567">
    <p class='ocr_par' dir='ltr' id='par_1_116' title="bbox 2233 5486 3881 5567">
     <span class='ocr_line' id='line_1_116' title="bbox 2233 5486 3881 5567; baseline 0.002 -24"><span class='ocrx_word' id='word_1_812' title='bbox 2233 5516 2260 5543; x_wconf 89' lang='grc'><em>‹‹</em></span> <span class='ocrx_word' id='word_1_813' title='bbox 2293 5493 2394 5566; x_wconf 72' lang='grc' dir='ltr'>γὴν</span> <span class='ocrx_word' id='word_1_814' title='bbox 2436 5490 2697 5567; x_wconf 73' lang='grc' dir='ltr'>διελέχθη</span> <span class='ocrx_word' id='word_1_815' title='bbox 2742 5498 2858 5554; x_wconf 87' lang='grc' dir='ltr'>τοῖς</span> <span class='ocrx_word' id='word_1_816' title='bbox 2922 5488 3232 5554; x_wconf 70' lang='grc' dir='ltr'>Ἰουδαίοις.</span> <span class='ocrx_word' id='word_1_817' title='bbox 3276 5491 3644 5565; x_wconf 85' lang='grc' dir='ltr'>Ἐρωτώντων</span> <span class='ocrx_word' id='word_1_818' title='bbox 3684 5486 3743 5543; x_wconf 79' lang='grc' dir='ltr'>δὶ</span> <span class='ocrx_word' id='word_1_819' title='bbox 3784 5489 3881 5546; x_wconf 80' lang='grc' dir='ltr'>αὗ-</span> 
     </span>
    </p>
   </div>
   <div class='ocr_carea' id='block_1_117' title="bbox 2236 5578 3884 5658">
    <p class='ocr_par' dir='ltr' id='par_1_117' title="bbox 2236 5578 3884 5658">
     <span class='ocr_line' id='line_1_117' title="bbox 2236 5578 3884 5658; baseline 0.002 -25"><span class='ocrx_word' id='word_1_820' title='bbox 2236 5606 2263 5633; x_wconf 79' lang='grc' dir='ltr'>ι(</span> <span class='ocrx_word' id='word_1_821' title='bbox 2294 5585 2427 5651; x_wconf 81' lang='grc' dir='ltr'>τῶν,</span> <span class='ocrx_word' id='word_1_822' title='bbox 2469 5581 2559 5636; x_wconf 77' lang='grc' dir='ltr'>ἐπὶ</span> <span class='ocrx_word' id='word_1_823' title='bbox 2598 5579 2830 5637; x_wconf 83' lang='grc' dir='ltr'>πλείονα</span> <span class='ocrx_word' id='word_1_824' title='bbox 2868 5601 3062 5657; x_wconf 80' lang='grc' dir='ltr'>χρονον</span> <span class='ocrx_word' id='word_1_825' title='bbox 3107 5586 3284 5655; x_wconf 84' lang='grc' dir='ltr'>μεῖναι</span> <span class='ocrx_word' id='word_1_826' title='bbox 3333 5581 3462 5658; x_wconf 89' lang='grc' dir='ltr'>παρ’</span> <span class='ocrx_word' id='word_1_827' title='bbox 3530 5578 3739 5654; x_wconf 77' lang='grc' dir='ltr'>αὐτοῖς,</span> <span class='ocrx_word' id='word_1_828' title='bbox 3782 5581 3884 5637; x_wconf 81' lang='grc' dir='ltr'>οὑκ</span> 
     </span>
    </p>
   </div>
   <div class='ocr_carea' id='block_1_118' title="bbox 2232 5670 3886 5752">
    <p class='ocr_par' dir='ltr' id='par_1_118' title="bbox 2232 5670 3886 5752">
     <span class='ocr_line' id='line_1_118' title="bbox 2232 5670 3886 5752; baseline 0.002 -25"><span class='ocrx_word' id='word_1_829' title='bbox 2232 5699 2260 5727; x_wconf 89' lang='grc'><em>‹‹</em></span> <span class='ocrx_word' id='word_1_830' title='bbox 2297 5672 2589 5745; x_wconf 70' lang='grc' dir='ltr'>ἐπένευσεν,</span> <span class='ocrx_word' id='word_1_831' title='bbox 2660 5672 2809 5731; x_wconf 82' lang='grc' dir='ltr'>ἀλλὰ</span> <span class='ocrx_word' id='word_1_832' title='bbox 2882 5675 3180 5745; x_wconf 79' lang='grc' dir='ltr'>ἀπετάξατο</span> <span class='ocrx_word' id='word_1_833' title='bbox 3231 5674 3440 5747; x_wconf 81' lang='grc' dir='ltr'>αὑτοῖς,</span> <span class='ocrx_word' id='word_1_834' title='bbox 3517 5670 3704 5728; x_wconf 72' lang='grc' dir='ltr'>εἰπών’</span> <span class='ocrx_word' id='word_1_835' title='bbox 3784 5677 3886 5752; x_wconf 62' lang='lat' dir='ltr'>Ap?</span> 
     </span>
    </p>
   </div>
  </div>
