4176 6200
336 395 450 455 2ιό

1300 391 1706 453 COMMENT.
1757 390 1832 451 IN
1883 388 2086 449 ACTA
2130 387 2745 454 APOSTOLORUM.

3634 402 3754 460 316

334 552 362 582 κ
406 549 472 602 με
500 525 716 589 πάντως
743 526 843 595 τὴν
873 525 1064 605 ἐορτήν
1096 528 1195 596 τήν
1255 525 1563 602 ἐρχομένην
1621 529 1853 593 ποιῆσαι
1904 522 1970 585 εἷς

2101 545 2129 574 ‹‹
2164 540 2259 580 me
2288 524 2506 583 festum
2540 527 2700 599 quod
2729 528 2911 585 instat
2969 545 3143 604 agere
3190 531 3596 606 Jerosolymis,
3647 535 3752 594 sed

337 646 357 671 ι
393 617 770 695 Ἰεροσόλυμαο
806 615 972 674 πάλιν
1007 613 1064 673 δὲ
1115 616 1421 692 ἀνακάμψω
1485 617 1624 691 πρὸς
1684 616 1826 690 ὑμᾶς
1893 619 1990 671 τοῦ

336 735 362 762 ιι
398 712 533 765 Θεοῦ
558 707 838 773 θέλοντος.
873 708 973 765 Καὶ
1009 709 1226 784 ἀνήχθη
1259 707 1368 763 ἀπὸ
1399 712 1500 777 τῆς
1526 706 1769 784 Ἐφέσου.
1803 730 1824 757 ι

406 802 551 862 Τοὺς
581 799 703 871 περὶ
754 796 1011 867 Ἀκύλαν,
1070 799 1226 875 φησὶ,
1283 795 1570 852 κατέλιπεν
1624 796 1701 858 εἰς
1758 797 1987 873 Ἔφεσον

331 889 517 961 [τοῦτο
550 884 606 942 δέ
636 886 888 959 ἐποίησεν
930 885 1176 961 εἰκότως]
1209 886 1284 948 ὡς
1317 882 1651 960 διδάξαντας.
1710 887 1983 942 Τοσοῦτον

321 979 433 1053 γὰρ
460 978 610 1049 αὐτῷ
668 976 1051 1054 συγγενόμενοι
1112 978 1330 1052 χρόνον,
1380 974 1567 1031 πολλά
1619 972 1840 1049 ἔμαθον.
1878 975 1980 1032 Καὶ

333 1065 490 1139 ὅμως
522 1072 624 1135 τῆς
676 1064 983 1136 συνηθείας·
1019 1064 1214 1128 αὐτοὺς
1277 1064 1377 1121 οὐκ
1432 1064 1708 1139 ἀπήγαγεν
1768 1061 1981 1119 οὐδέπω

326 1163 428 1225 τῆς
467 1153 794 1221 Ἰουδαϊκῆς.
825 1154 892 1211 Τί
914 1152 979 1225 δή
1019 1174 1174 1225 ποτε,
1206 1156 1493 1234 προφήτης
1531 1152 1629 1220 ὢν,
1664 1153 1692 1208 6
1740 1152 1979 1221 Ηαῦλος,

324 1245 417 1301 καὶ
462 1242 617 1307 εἰδὼς
649 1242 733 1299 ὅτι
762 1242 993 1317 ἔμελλεν
1026 1244 1390 1321 ἀναστρέφειν,
1453 1242 1561 1318 οὐχ
1615 1240 1808 1305 ἀπλῶς
1848 1242 1979 1296 ἀνα-

329 1335 576 1411 στρέφειν
629 1331 1005 1411 ἐπηγγείλατο
1043 1377 1056 1402 ,
1104 1331 1251 1388 ἀλλά
1302 1332 1636 1406 προστιθεὶς,
1690 1337 1788 1387 τοῦ
1845 1334 1978 1386 Θεοῦ

328 1423 585 1487 οέλοντις
618 1443 631 1492 ;
663 1424 835 1496 ὐμᾶς
867 1419 1108 1478 διδάσκει
1146 1420 1314 1496 μηδὲν
1346 1424 1470 1497 περὶ
1499 1428 1606 1478 τῶν
1654 1420 1977 1497 μελλόντων

323 1512 705 1589 ὑπισχνεῖσθαι
738 1518 938 1584 ποιεῖν,
971 1509 1104 1592 δίχα
1158 1517 1257 1568 τοῦ
1314 1512 1505 1583 εἶ’πεῖν,
1566 1515 1663 1567 τοῦ
1721 1516 1854 1567 Θεοῦ
1887 1509 1977 1575 θὲ-

319 1600 538 1664 λοντος.
565 1602 641 1660 Οὐ
670 1603 771 1678 γάρ
802 1624 888 1665 τις
919 1601 1036 1658 οἶδε
1064 1602 1117 1657 τί
1144 1599 1349 1675 τέξεται
1377 1604 1411 1673 ἡ
1444 1602 1670 1658 ἐπιοῦσα
1700 1602 1900 1677 ἡμέρα.

395 1716 422 1741 ‹‹
458 1692 562 1749 Καὶ
592 1691 866 1747 κατελθὼν
902 1692 978 1755 είς
1010 1695 1357 1768 Καισαρειαν,
1401 1688 1600 1755 ἀναϐὰς
1654 1691 1744 1746 καὶ
1802 1692 1972 1746 ἀσπα-

324 1781 558 1856 σάμενος
631 1783 732 1852 τήν
828 1780 1142 1854 ἐκκλησίαν,
1223 1778 1424 1851 κατέϐη
1481 1782 1558 1844 εἷς
1606 1781 1968 1859 Ἀντιόχειαν.

2105 635 2125 661 ι
2162 613 2379 670 iterum
2410 620 2693 671 revertar"
2716 616 2789 672 ad
2821 634 2941 688 vos,
2974 619 3090 674 Deo
3140 618 3392 676 volente.
3454 623 3523 676 Et
3579 623 3753 682 solvit

2097 725 2126 753 ‹ι
2159 704 2412 775 Epheso.
2444 725 2474 755 ››

2164 794 3096 868 Priscillam,inquit,etAquilam
3119 798 3613 872 reliquitEphesi.
3634 802 3749 860 hoc

2093 888 2290 939 autem
2309 886 2521 941 merito
2534 885 2692 949 fecit.
2707 892 2995 958 tanquam
3009 887 3089 942 ibi
3115 889 3415 948 docentes.
3432 892 3571 947 Cum
3587 894 3748 949 enim

2093 977 2256 1029 tanto
2287 980 2557 1047 tempore
2571 992 2706 1032 cum
2729 993 2796 1032 eo
2818 978 3036 1032 versati
3062 985 3280 1043 essent,
3313 981 3464 1037 142
3490 981 3749 1052 plurima

2090 1061 2468 1120 didicerant:
2530 1082 2639 1121 nec
2706 1071 2906 1121 tamen
2953 1067 3259 1123 aJudaica
3316 1072 3747 1129 consuetudine

2089 1151 2249 1224 ipsos
2281 1153 2477 1209 adhuc
2510 1154 2805 1211 abducere
2828 1162 3122 1227 potuerat.
3158 1158 3342 1222 Quam
3376 1158 3448 1213 ob
3481 1177 3744 1229 causam,

2091 1258 2224 1297 cum
2255 1243 2549 1314 propheta
2580 1250 2737 1299 esset
2777 1245 3015 1313 Paulus,
3051 1245 3346 1317 sciretque
3378 1264 3441 1303 se
3471 1266 3746 1307 reversu-

2091 1347 2247 1399 rum,
2281 1349 2400 1387 non
2434 1333 2790 1404 simpliciter
2818 1335 3098 1406 promisit
3119 1353 3180 1390 se
3211 1353 3609 1405 reversurum,
3642 1339 3745 1395 sed

2086 1421 2333 1486 addidit,
2361 1423 2477 1478 Deo
2517 1422 2751 1478 volente
2771 1423 2798 1477 ?
2840 1426 3060 1495 Nempe
3096 1425 3318 1482 docens
3348 1444 3459 1482 nos
3489 1444 3562 1484 ne
3595 1428 3741 1500 quid

2086 1509 2157 1565 de
2186 1510 2404 1567 futuris
2427 1511 2822 1582 polliceamur
2852 1512 2968 1567 nisi
3002 1513 3312 1585 addentes,
3344 1516 3463 1571 Deo
3486 1517 3738 1574 volente.

2083 1600 2263 1656 Nemo
2296 1600 2456 1655 enim
2479 1601 2643 1659 novit
2668 1601 2811 1673 quid
2834 1603 3137 1673 pariturus
3164 1605 3489 1677 insequens
3520 1606 3669 1663 dies.

2148 1692 2350 1759 XVIII,
2382 1695 2565 1751 22-28.
2601 1716 2630 1745 ‹‹
2672 1696 2935 1766 Cumque
2962 1694 3373 1753 descendisset
3409 1698 3737 1755 Caesaream

2080 1806 2106 1831 «
2143 1786 2199 1837 et
2230 1782 2598 1838 ascendisset
2618 1799 2685 1838 ac
2717 1783 3034 1839 salutasset
3056 1785 3394 1854 ecclesiam,
3428 1786 3740 1853 descendit

325 1871 433 1927 Καὶ
518 1873 754 1942 ποιήσας
838 1872 1041 1950 χρόνον
1118 1872 1257 1943 τινὰ,
1345 1870 1557 1944 ἐξῆλθε,
1616 1870 1970 1951 διερχόμενος

2087 1893 2106 1923 ι
2141 1871 2540 1928 Antiochiam.
2569 1875 2636 1927 Et
2665 1879 3067 1930 commoratus
3089 1875 3170 1929 ibi
3195 1875 3569 1946 aliquantum
3585 1882 3735 1932 tem-

316 1961 551 2030 καθεξῆς
601 1961 702 2029 τήν
759 1959 1066 2029 Γαλατικ-ἧν
1130 1960 1315 2037 χώραν
1372 1961 1462 2016 καὶ
1530 1960 1794 2036 Φρυγίαν,
1850 1958 1970 2016 ἐπι-

319 2050 597 2125 στηρίζων
647 2050 849 2111 πάντας
924 2050 1052 2112 τοὺς
1131 2052 1400 2124 μαθητὰς
1460 2048 1725 2113 Ἰουδαῖος
1776 2047 1833 2106 δὲ
1884 2072 1968 2113 τις

315 2139 620 2195 Ἀπολλὼς
676 2139 946 2214 ὀνόματι,
1008 2138 1388 2216 Ἀλεξανδρεὺς
1445 2144 1524 2213 τῷ
1580 2140 1720 2216 γένει
1758 2188 1773 2214 ,
1832 2142 1967 2215 ἀνὴρ

314 2227 510 2305 λόγιος
544 2275 558 2299 ,
615 2232 949 2301 κατήντησεν
1006 2229 1081 2293 εἷς
1142 2232 1371 2311 Ἔφεσον
1406 2278 1421 2304 ,
1482 2227 1708 2292 δυνατὸς
1786 2227 1859 2285 ὣν
1917 2229 1969 2286 ἐν

316 2324 439 2381 ταῖς
499 2325 737 2399 Γραφαῖς
782 2363 793 2376 .
848 2321 1021 2382 Οὗτος
1072 2321 1137 2390 ἦν
1195 2318 1585 2396 κατηχημένος
1664 2320 1763 2389 τήν
1842 2318 1965 2375 ὁδὸν

310 2414 414 2464 τοῦ
481 2409 682 2485 Κυρίου
718 2456 731 2478 ,
788 2410 883 2464 καὶ
936 2408 1068 2481 ζέων
1126 2414 1205 2483 τῷ
1253 2410 1517 2485 πνεύματι
1588 2408 1822 2476 ἐλάλει,
1878 2408 1968 2464 καὶ

314 2496 595 2555 ἐδίδασκεν
656 2494 896 2574 ἀκριϐῶς
974 2500 1041 2555 τά
1122 2501 1244 2573 περῖ
1317 2504 1415 2555 τοῦ
1474 2498 1697 2575 Κυρίου,
1747 2498 1967 2555 ἐπιστά-

320 2610 486 2667 μενος
578 2588 741 2663 μόνον
819 2590 881 2645 τὸ
967 2590 1247 2665 βάπτισμα
1321 2588 1622 2647 Ἰωάννου.
1684 2589 1856 2650 Οὗτός
1908 2610 1967 2645 τε

312 2678 518 2749 ἤρξατο
599 2677 1059 2753 παρῥησιάζεσθαι
1135 2678 1185 2734 ἐν
1242 2683 1310 2753 τῇ
1370 2682 1661 2757 συναγωγῇ
1693 2722 1706 2734 .
1768 2679 1964 2736 Ἀκού-

312 2790 503 2830 σαντες
537 2766 594 2823 δὲ
643 2769 806 2824 αὐτοῦ
862 2769 1095 2832 Ἀκύλας
1150 2770 1237 2824 καὶ
1301 2768 1630 2846 Πρίσκιλλα,
1689 2768 1964 2844 προσελάσ

314 2854 482 2914 ϐοντο
539 2858 738 2927 αὑτὸν,
795 2860 883 2914 καὶ
940 2855 1317 2936 ἀκριϐέστερον
1374 2860 1521 2934 αὖτῷ
1579 2861 1812 2931 ἐξέθεντο
1866 2860 1964 2928 τὴν

317 2953 420 3004 τοῦ
477 2953 610 3004 Θεοῦ
651 2946 796 3006 ὁδόν.
856 2948 1209 3023 Βουλομένου
1262 2948 1319 3005 δὲ
1370 2950 1534 3005 αὐτοῦ
1593 2948 1825 3005 διελθεῖν
1887 2949 1962 3010 εἰς

310 3040 416 3107 τὴν
449 3036 683 3114 Ἀχαΐαν
712 3038 1149 3114 προτρεψάμενοι
1182 3041 1238 3094 οἱ
1285 3037 1510 3119 ἀδελφοὶ
1565 3036 1800 3116 ἔγραψαν
1846 3044 1964 3102 τοῖς

316 3136 594 3207 μαθηταῖς
654 3128 1010 3200 ἀποδέξασθαι
1076 3132 1259 3187 ἀὐτόν
1296 3176 1309 3187 .
1371 3132 1469 3196 Ὃς
1524 3132 1961 3207 παραγενόμενος

313 3205 643 3267 συνεϐάλετο
701 3210 844 3268 πολὺ
915 3218 1030 3275 τοῖς
1086 3213 1469 3268 πεπιστευκόσι
1518 3205 1613 3268 διδι
1663 3221 1762 3283 τῆς
1797 3205 1960 3289 χάρι-

2083 1983 2106 2013 α
2136 1961 2319 2033 poris,
2352 1961 2654 2033 profectus
2686 1969 2794 2032 est,
2830 1964 3252 2035 perambulans
3285 1981 3354 2020 ex
3396 1965 3605 2021 ordine
3628 1967 3732 2021 Ga-

2084 2073 2105 2101 ι
2139 2050 2377 2107 laticam
2408 2053 2711 2122 regionem
2742 2070 2810 2109 ac
2842 2054 3179 2127 Phrygiam,
3212 2056 3575 2111 conﬁrmans
3605 2071 3728 2111 om-

2081 2162 2107 2190 «
2141 2156 2247 2195 nes
2293 2140 2638 2213 discipulos.
2696 2142 2933 2200 Iudaeus
2979 2150 3177 2200 autem
3209 2144 3451 2216 quidam
3480 2145 3726 2218 Apollos

2081 2249 2109 2279 ‹‹
2141 2230 2403 2298 nomine,
2424 2230 2862 2288 Alexandrinus
2892 2249 3130 2306 genere,
3162 2235 3251 2289 vir
3279 2234 3591 2307 eloquens,
3623 2235 3729 2290 de-

2077 2340 2105 2368 «
2130 2318 2288 2373 venit
2319 2320 2646 2392 Ephesum,
2681 2328 2893 2394 potens
2951 2324 3015 2379 in
3070 2324 3417 2396 Scripturis.
3472 2325 3575 2379 Hic
3605 2329 3733 2380 erat

2078 2429 2105 2458 ‹‹
2140 2408 2449 2466 institutus
2499 2410 2560 2465 in
2617 2411 2710 2466 via
2765 2413 3023 2468 Domini:
3058 2418 3114 2468 et
3140 2414 3374 2470 fervens
3407 2414 3621 2487 spiritu
3649 2414 3735 2470 lo-

2077 2518 2104 2547 «
2141 2497 2452 2568 quebatur,
2488 2516 2556 2555 ac
2609 2499 2861 2557 docebat
2907 2502 3224 2575 diligenter
3280 2519 3349 2559 ea
3402 2520 3535 2575 quae
3589 2507 3729 2560 sunt

2082 2609 2101 2637 ι
2140 2587 2397 2654 Domini,
2432 2589 2625 2645 sciens
2653 2594 2888 2647 tantum
2920 2591 3214 2664 baptisma
3241 2593 3503 2650 Joannis.
3538 2595 3606 2648 Et
3638 2594 3736 2650 hic

2075 2698 2104 2725 ‹‹
2138 2676 2313 2748 cmpit
2331 2677 2517 2734 libere
2547 2679 2710 2751 loqui
2731 2682 2792 2735 in
2817 2699 3131 2755 synagoga.
3159 2685 3343 2747 Quem
3371 2699 3505 2739 cum
3529 2682 3733 2739 audis-

2074 2786 2103 2815 ‹‹
2136 2771 2268 2821 sent
2297 2768 2570 2825 Priscilla
2601 2776 2657 2825 et
2688 2771 2922 2842 Aquila,
2952 2778 3404 2844 assumpserunt
3445 2790 3601 2837 eum,
3635 2778 3729 2828 at-

2073 2877 2101 2905 «
2136 2873 2249 2928 que
2282 2860 2543 2915 exactius
2576 2867 2978 2932 exposuerunt
3016 2862 3069 2916 ei
3099 2863 3251 2917 viam
3291 2861 3547 2917 Domini.
3583 2862 3728 2918 Cum

2073 2967 2102 2995 ‹‹
2133 2951 2334 3003 autem
2354 2948 2528 3004 vellet
2552 2952 2637 3007 ire
2660 2950 2721 3005 in
2741 2952 3024 3007 Achaiam
3046 2951 3337 3007 exhortati
3354 2951 3567 3007 fratres
3582 2952 3728 3006 scri-

2072 3053 2100 3082 «
2129 3040 2377 3103 pserunt
2406 3035 2734 3108 discipulis,
2759 3041 2825 3093 ut
2854 3038 3226 3108 susciperent
3255 3054 3414 3094 eum.
3448 3036 3555 3103 Qui
3589 3053 3725 3094 cum

2073 3142 2100 3173 «
2132 3123 2409 3190 venisset,
2442 3125 2696 3180 contulit
2738 3124 2992 3181 multum
3050 3126 3142 3181 his
3174 3126 3275 3197 qui
3335 3124 3716 3182 crediderant

2072 3231 2100 3259 «
2135 3228 2244 3283 per
2270 3214 2519 3285 gratiam
2547 3231 2560 3269 :
2596 3214 2980 3271 vehementer
3008 3216 3170 3271 enim
3197 3214 3432 3271 Judaaos
3464 3216 3728 3271 revince-

313 3320 430 3364 τος·
478 3302 714 3365 εὐτόνως
775 3304 876 3381 γὰρ
942 3308 1057 3367 τοῖς
1125 3302 1412 3368 Ἰουδαίοις
1473 3300 1966 3381 διακατηλέγχετο,

2087 3322 2109 3350 ι(
2137 3281 2521 3374 bat,publice
2543 3305 2865 3362 ostendens
2891 3321 2999 3376 per
3019 3305 3354 3377 Scripturas
3372 3307 3401 3363 J
3407 3321 3574 3362 esum
3598 3322 3727 3362 esse

314 3388 568 3464 δημοσίᾳ
599 3389 906 3455 ἐπιδεικνὺς
938 3391 1025 3449 διὰ
1052 3399 1161 3450 τῶν
1208 3399 1434 3475 Γραφῶν
1491 3395 1632 3450 εἶναι
1695 3393 1786 3451 τὸν
1835 3393 1967 3467 Χρι-

314 3481 441 3537 στὸν
476 3483 713 3553 Ἰησοῦν.
747 3503 774 3535 υ

386 3572 544 3634 Τινὲς
573 3593 752 3648 eam»,
787 3573 861 3626 ὡς
893 3573 921 3628 6
955 3572 1257 3637 Ἀπολλὼς
1312 3574 1471 3637 οὗτος
1528 3575 1556 3629 6
1613 3572 1775 3637 αὐτός
1830 3574 1971 3630 ἐστιν

314 3660 605 3729 Ἀπελλῆς
638 3662 666 3716 6
696 3666 803 3716 τῶν
840 3663 1142 3735 Κορινθίων
1195 3663 1518 3729 ἐπίσκοπος,
1560 3664 1682 3739 περὶ
1714 3663 1776 3719 οῦ
1807 3687 1969 3743 φησιν

319 3749 602 3830 ἀλλαχοῦ·
656 3776 682 3801 α
745 3751 887 3826 Ἐγὼ
943 3750 1226 3825 ἐφύτευσα,
1296 3753 1590 3816 ’Δπολλὼς
1642 3752 1906 3814 ἐπότισεν.
1942 3781 1964 3811 ι

312 3841 390 3897 Ἤ
424 3838 606 3894 τοίνυν
639 3837 911 3913 διώνυμος
961 3841 989 3896 6
1036 3842 1195 3917 ἀνὴρ,
1229 3841 1263 3911 ἢ
1324 3840 1539 3907 ἄλλως,
1599 3846 1969 3916 μετεποιήθην

317 3929 543 4003 θάτερον
574 3933 687 3984 τῶν
719 3927 1023 4003 ονομάτων,
1084 3929 1158 3993 είς
1187 3932 1248 3986 τὸ
1310 3929 1525 3989 λοιπόν.
1587 3957 1613 3985 ‹‹
1648 3933 1973 4009 Ἐπιστάμε-

319 4040 406 4080 νος
457 4018 623 4093 μόνον
656 4019 718 4073 τὸ
751 4019 1031 4094 βάπτισμα
1087 4018 1362 4080 Ἰωάννου,
1405 4046 1432 4073 ››
1491 4022 1674 4095 Ἀξιον
1738 4027 1971 4094 ζητῆσαι

318 4112 459 4178 πῶς,
492 4108 537 4164 εί
559 4109 625 4163 τὸ
660 4108 939 4184 βάπτισμα
974 4107 1139 4181 μόνον
1193 4109 1445 4167 Ἰωάννου
1476 4110 1765 4180 ἠπίστατο,
1797 4110 1971 4173 οὕτως

321 4203 401 4270 τῷ
434 4197 705 4271 Πνεύματι
738 4195 865 4268 ἔζει.
900 4200 978 4256 Τὸ
1016 4198 1120 4274 γὰρ
1152 4202 1372 4271 Πνεῦμα
1403 4200 1512 4276 οὐχ
1540 4200 1712 4263 οὕτως
1737 4198 1968 4259 ἐδίδοτο.

323 4288 430 4344 Καὶ
454 4288 497 4343 εί
530 4289 580 4343 οἱ
646 4289 781 4361 μετᾶ
835 4292 1026 4344 τοῦτον
1087 4286 1386 4360 ἐδεήθησαν
1436 4296 1533 4345 τοῦ
1594 4291 1969 4367 βαπτίσματος

322 4384 417 4435 τοῦ
447 4383 707 4456 Χριστοῦ,
738 4379 939 4454 πολλῷ
972 4379 1186 4455 μᾶλλον
1214 4381 1303 4436 καὶ
1337 4383 1499 4447 οὗτος
1528 4380 1724 4455 ἐδεήθη
1771 4383 1855 4444 ἄν.
1905 4385 1973 4442 Τί

326 4469 416 4524 οὗν
468 4465 607 4523 ἔστιν
670 4469 887 4539 εἶ’πεῖνς
956 4467 1080 4525 οὐδὲ
1134 4470 1238 4546 γὰρ
1297 4468 1490 4535 ἁπλῶς
1547 4470 1738 4550 ἐφεξῆς
1787 4469 1973 4544 ἔθηκεν

325 4557 626 4636 ἀμφότερα.
661 4562 820 4613 Δοκεῖ
863 4558 1041 4613 τοίνυν
1098 4557 1253 4623 οὗτος
1312 4560 1448 4616 εἶναι
1504 4566 1610 4617 τῶν
1680 4563 1866 4618 ἑκατὸν
1896 4560 1975 4618 εἷ’-

2079 3412 2108 3440 «
2140 3391 2458 3450 Christum.

2148 3571 2396 3637 Quidam
2428 3571 2634 3629 dicunt
2663 3573 2819 3645 quod
2848 3572 2945 3628 hic
2982 3572 3224 3645 Apollas
3253 3573 3434 3629 fuerit
3490 3571 3730 3645 Apelles

2077 3662 2515 3720 Corinthiorum
2561 3663 2898 3735 episcopus,
2930 3662 3002 3718 de
3033 3680 3149 3735 quo
3206 3663 3290 3718 ait
3338 3662 3480 3718 alibi
3508 3679 3522 3717 :
3554 3683 3579 3709 ιι
3613 3662 3728 3735 Ego

2075 3755 2359 3829 plantavi,
2414 3755 2654 3826 Apollos
2708 3754 3019 3828 rigavit”:
3055 3776 3083 3805 »
3141 3754 3468 3809 binominis
3525 3754 3726 3824 itaque

2076 3843 2167 3899 vir
2196 3849 2342 3901 erat.
2378 3845 2492 3900 Aut
2522 3845 2715 3902 aliter.
2775 3844 3148 3900 Translatum
3182 3850 3271 3899 est
3328 3843 3583 3898 alterum
3622 3859 3726 3898 no-

2078 3953 2215 3992 men
2248 3938 2309 3992 in
2340 3937 2401 3994 id
2432 3936 2590 4009 quod
2616 3938 2912 4010 posterius
2932 3937 3157 3993 habuit.
3196 3957 3223 3984 «
3256 3937 3457 3992 Sciens
3488 3940 3723 3992 tantum

2074 4026 2373 4100 baptisma
2392 4028 2656 4084 Joannis.
2682 4049 2710 4077 ››
2730 4028 2982 4100 Dignum
3006 4032 3095 4083 est
3111 4033 3176 4083 ut
3193 4026 3568 4099 inquiramus
3585 4044 3727 4099 quo-

2078 4118 2275 4184 modo,
2310 4117 2357 4171 si
2390 4116 2684 4188 baptisma
2714 4122 2943 4172 tantum
3008 4117 3251 4172 Joannis
3304 4116 3546 4185 sciebat,
3579 4115 3726 4172 adeo

2081 4207 2295 4279 spiritu
2324 4205 2585 4261 fervebat
2613 4205 2640 4261 ?
2661 4222 2781 4261 non
2813 4206 2971 4261 enim
3001 4206 3256 4278 Spiritus
3301 4224 3369 4262 eo
3423 4206 3599 4262 modo
3630 4206 3729 4261 da-

2078 4300 2272 4355 batur.
2305 4300 2599 4353 Praaterea
2620 4298 2668 4353 si
2693 4298 3049 4369 quibusdam
3082 4305 3216 4371 post
3262 4305 3605 4371 susceptum
3629 4300 3728 4353 Jo-

2079 4388 2252 4445 annis
2272 4386 2568 4459 baptisma
2590 4404 2738 4459 opus
2759 4387 2870 4443 fuit
2897 4388 3113 4443 Christi
3136 4388 3500 4461 baptismati,
3520 4387 3726 4458 utique

2080 4477 2266 4534 multo
2289 4477 2474 4550 magis
2493 4476 2629 4532 huic
2649 4494 2797 4548 opus
2817 4476 3047 4533 fuisset.
3080 4478 3229 4543 Quid
3252 4494 3388 4550 ergo
3411 4476 3728 4532 dicendum

2082 4572 2171 4624 est
2199 4567 2226 4623 ?
2246 4569 2444 4638 Neque
2463 4567 2623 4621 enim
2656 4572 2877 4623 temere
2908 4584 3093 4623 unum
3125 4573 3257 4639 post
3287 4566 3451 4622 aliud
3502 4565 3726 4638 posuit.

322 4667 466 4719 κοσι,
509 4651 617 4701 τῶν
679 4648 813 4719 μετὰ
868 4651 976 4703 τῶν
1042 4648 1364 4706 ἀποστόλων
1427 4652 1843 4726 βαπτισθέντων.
1902 4654 1970 4709 Ἥ

2087 4658 2325 4714 Videtur
2355 4673 2490 4730 ergo
2513 4673 2670 4714 unus
2693 4674 2821 4713 esse
2856 4674 2926 4712 ex
2957 4662 3195 4712 centum
3226 4656 3452 4729 viginti,
3485 4656 3587 4726 qui
3608 4671 3730 4710 una

322 4735 365 4790 εἰ
403 4736 484 4811 μὴ
512 4740 697 4805 τοῦτο,
725 4738 858 4813 ὅπερ
891 4737 980 4793 ἐπὶ
1034 4742 1131 4793 τοῦ
1201 4738 1512 4815 Κορνηλίου
1568 4741 1757 4819 γέγονε
1813 4741 1971 4817 γεγὲ-

322 4846 479 4897 νηται
518 4826 607 4881 καὶ
641 4825 729 4881 ἐπὶ
755 4827 956 4901 τούτῳ.
991 4826 1153 4886 ’ΔΛλ’
1188 4826 1312 4884 οἷ)δέ
1375 4831 1710 4906 βαπτίζεται.
1770 4832 1975 4887 Τούτου

327 4916 419 4970 οῦν
460 4910 702 4991 ἀκριϐῶς
729 4915 1124 4990 ἐξετασθέντος,
1159 4914 1311 4973 δοκεῖ
1361 4923 1522 4975 τοῦτο
1572 4922 1649 4994 μὴ
1704 4920 1860 4991 εἶναι,
1893 4920 1978 4977 ὅτι

325 5006 412 5059 καῖ
453 5006 816 5079 βαπτισθῆναι
847 5005 1006 5061 αὐτὸν
1030 5003 1158 5062 ἔδει.
1191 5008 1343 5063 Ἐπεὶ
1377 5009 1429 5063 οἳ
1463 5007 1674 5066 δώδεκα
1705 5011 1758 5067 οἱ
1790 5009 1978 5082 ἄλλοι,

325 5092 481 5150 οὐδὲν
510 5092 734 5171 ᾔδεισαν
788 5090 1048 5172 ἀκριϐῶς,
1078 5094 1204 5153 οὐδὲ
1268 5098 1335 5153 τὰ
1390 5100 1513 5175 περὶ
1561 5102 1764 5173 Ἰησοῦ.
1814 5101 1977 5162 Εἰκὸς

326 5184 384 5241 δὲ
417 5183 689 5242 αὖτὸνκαέ
723 5186 1105 5261 βαπτισθῆναι.
1158 5187 1222 5244 Εἰ
1283 5185 1340 5243 δὲ
1397 5186 1547 5245 οῦτοι
1604 5193 1656 5247 οἱ
1708 5193 1981 5266 Ἰωάννου,

328 5275 466 5348 μετά
494 5276 559 5331 τὸ
591 5276 869 5351 βάστισμα
901 5274 1064 5333 πάλιν
1095 5271 1496 5349 ἐϐπαπτίζοντο
1554 5274 1661 5337 ἔδει
1714 5283 1805 5337 καὶ
1852 5283 1982 5346 τοὺς

330 5366 584 5437 μαθητὰς
613 5368 780 5420 τοῦτο
805 5373 1054 5436 ποιῆσαι.

2083 4764 2217 4804 cum
2247 4747 2527 4818 apostolis
2551 4746 2771 4818 Spiritu
2796 4746 3071 4818 baptizati
3117 4751 3274 4802 sunt.
3318 4746 3469 4801 148
3520 4746 3631 4801 Aut
3679 4744 3730 4800 si

2080 4838 2195 4893 hoc
2212 4853 2330 4892 non
2366 4837 2580 4909 placet,
2611 4837 2671 4892 id
2689 4836 2846 4909 quod
2863 4834 3133 4891 Cornelio
3163 4835 3385 4893 factum
3416 4842 3524 4904 est,
3550 4836 3731 4894 etiam

2086 4926 2147 4981 in
2170 4927 2280 4981 hoc
2311 4924 2544 4981 accidit.
2568 4927 2745 4997 Atqui
2776 4942 2895 4981 non
2910 4924 3257 4997 baptizatur.
3294 4926 3349 4981 Si
3382 4931 3583 4983 tamen
3615 4928 3728 4985 hoc

2090 5021 2288 5072 exacte
2337 5014 2722 5085 disquiratur,
2803 5020 3050 5087 apparet
3102 5033 3221 5071 non
3272 5018 3355 5073 ita
3399 5034 3550 5085 esse,
3594 5019 3736 5090 quia

2092 5105 2269 5160 etiam
2302 5103 2659 5174 baptizatum
2692 5103 2885 5175 ipsum
2917 5104 3101 5159 fuisse
3132 5107 3413 5177 oportuit.
3466 5107 3735 5172 Quando-

2093 5193 2333 5266 quidem
2366 5191 2679 5248 duodecim
2710 5192 2813 5248 alii
2844 5192 2937 5264 (de
2970 5194 3185 5266 quibus
3217 5196 3416 5252 statim
3450 5196 3742 5268 sequitur)

2094 5282 2249 5339 nihil
2279 5287 2479 5337 exacte
2513 5288 2819 5349 noverant,
2847 5299 2923 5339 ne
2963 5283 3036 5339 de
3080 5284 3173 5340 his
3218 5284 3459 5356 quidem
3492 5302 3622 5357 quae
3652 5287 3740 5342 Je-

2098 5389 2230 5430 sum
2261 5378 2710 5428 concernerent.
2764 5373 3073 5429 Versimile
3132 5380 3329 5430 tamen
3376 5380 3467 5431 est
3498 5381 3558 5431 et
3587 5377 3745 5433 hunc

320 5454 686 5528 baptizatum
744 5456 946 5512 fuisse.
979 5460 1124 5513 Nam
1147 5459 1195 5516 si
1227 5459 1289 5515 hi
1320 5461 1421 5534 qui
1459 5463 1704 5521 Joannis
1730 5464 2201 5536 discipulierant,
2234 5461 2586 5519 accedentes
2640 5463 2712 5519 ad
2770 5463 2948 5520 fidem
2995 5465 3103 5521 etsi
3133 5463 3429 5538 baptisma
3461 5483 3740 5538 suscepe-

319 5549 480 5615 rant,
511 5560 755 5601 rursum
783 5544 1254 5618 baptizabantur,
1287 5552 1599 5624 oportebat
1629 5552 1955 5627 discipulos
1986 5569 2221 5626 quoque
2251 5551 2512 5626 idipsum
2543 5553 2758 5611 facere.

393 5736 440 5775 "'
478 5735 502 5794 ι
528 5736 665 5792 Cor.
697 5751 782 5805 ιιι,
814 5739 870 5795 6.
