4176 6200
377 435 495 502 241

932 567 1163 623 CAPUT
1207 566 1463 621 XXVIII.

382 664 460 721 De
491 664 814 733 baptismate
843 664 895 713 et
917 657 1346 733 _S_piritu_sa_nc_ti
1376 655 1520 733 (tono
1548 670 1652 733 per
1682 652 1845 733 Pauli
1891 651 2026 733 udo;

454 721 723 788 rationem
749 732 877 785 dato
910 721 995 784 his
1053 728 1152 799 qui
1207 726 1407 797 Ephesi
1462 721 1832 799 crediderant,
1886 721 2031 799 etde

453 807 627 861 salute
669 802 867 874 populi
901 803 1032 874 ziin
1059 793 1196 870 'quo
1247 793 1713 874 narratur‘etiam
1898 793 2031 864 ﬁliis

454 867 688 934 Saeva}:-
709 867 761 929 et
802 873 950 944 quod
995 867 1116 926 non_
1161 876 1411 944 oporteat
1460 868 1529 922 ad
1575 867 1887 944 incredutos
1937 881 2028 920 ac-

454 948 659 1012 cedere,
692 938 887 1016 eosque
917 946 1015 1015 qui
1064 959 1117 998 se
1146 938 1505 1016 reddiderunt
1557 940 1669 1016 ﬁde
1725 938 1981 1016 indignps
2016 953 2028 1016 ξ

455 1022 585 1075 item
640 1009 707 1073 de
764 1009 1096 1087 confessione
1144 1013 1501 1078 credentium,
1533 1013 1597 1064 de
1625 1016 1775 1087 mota
1830 1009 2031 1087 Ephesi

454 1092 722 1148 seditione
778 1106 811 1145 a
855 1082 1125 1143 Demetrio
1177 1087 1340 1155 fabro
1397 1083 1721 1153 argentario
1773 1082 2028 1135 adversus

453 1161 750 1235 apostolos.

452 1326 601 1389 XIX,
636 1325 754 1379 1-3.
793 1320 1076 1377 «Accidit
1130 1323 1328 1374 autem
1388 1331 1522 1371 cum
1581 1312 1823 1385 Apollos
1877 1314 2034 1367 esset

382 1438 411 1467 «ι
467 1415 756 1475 Corinthi,
816 1418 883 1467 ut
937 1411 1181 1477 Paulus,
1240 1407 1565 1480 peragratis
1625 1402 2031 1475 superioribus

388 1524 410 1553 ι
445 1504 711 1577 partibus
731 1501 957 1556 veniret
976 1498 1301 1570 Ephesum,
1324 1502 1382 1551 et
1402 1494 1653 1567 repertis
1673 1490 2031 1565 quibusdam

383 1616 411 1644 ‹‹
445 1591 753 1663 discipulis
785 1590 933 1645 dixit
971 1588 1044 1642 ad
1078 1604 1215 1643 eos:
1267 1588 1417 1642 Num
1444 1584 1727 1656 Spiritum
1759 1586 2028 1637 sanctum

384 1705 409 1737 ι
447 1681 757 1753 accepistis
788 1685 1173 1751 posteaquam
1209 1674 1546 1732 credidistis
1567 1674 1594 1729 ‘I
1640 1675 1713 1727 At
1742 1672 1830 1726 illi
1862 1670 2030 1727 dixe-

384 1795 411 1823 (ί
443 1777 583 1829 runt
610 1770 684 1826 ad
712 1786 845 1824 eum
873 1785 886 1822 :
924 1770 1048 1824 Imo
1081 1783 1273 1838 neque
1306 1766 1458 1819 sitne
1490 1763 1740 1836 Spiritus
1789 1766 2031 1817 sanctus

383 1884 412 1913 ι(
446 1860 801 1918 audivimus.
833 1860 903 1912 Et
932 1857 1015 1911 ait
1044 1856 1119 1911 ad
1150 1854 1285 1910 illos
1311 1871 1324 1908 :
1384 1854 1508 1918 Quo
1560 1869 1695 1924 ergo
1752 1849 2029 1921 baptizati

1496 424 1925 487 (ECUMENII
1970 419 2281 483 TRICC/E
2323 423 2671 487 EPlSCOPI

2057 558 2109 625 A

3675 429 3795 489 248

2743 565 2997 621 ΚΕΦΑΛο
3053 567 3176 619 KH'.

2144 648 2274 724 Περὶ
2333 651 2707 724 βαπτίσματος
2783 654 2874 724 καὶ
2952 657 3052 720 τῆς
3119 655 3216 707 τοῦ
3271 652 3434 724 άγίου
3479 651 3790 724 Πνεόματος

2249 721 2421 812 apta;
2476 721 2726 812 δοθείσης
2789 723 2878 780 διά
2926 721 3515 812 προσευχῆςιιὶαὗλου
3566 721 3686 812 τοῖς
3736 721 3789 778 ἐν

2213 793 2420 870 Ἐφέσῳ
2472 793 2836 870 πιστεύσασι,
2896 793 2986 850 καὶ
3042 793 3178 870 περί
3224 796 3432 870 ἰάσεως-
3471 799 3569 870 τρῦ
3626 793 3784 852 λαοῦ.

2213 864 2304 921 Ἐν
2337 864 2674 941 ᾤ’περίντῶν
2704 864 2842 941 υἱῶν
2870 872 3044 941 Σκευᾷ
3096 864 3185 923 καὶ
3236 869 3318 922 ὅτι
3379 867 3440 922 οὗ
3499 864 3581 921 δεῖ
3618 888 3785 941 προσ-

2214 943 2415 1013 χωρεῖν
2463 938 2710 1013 ἂπίστοις
2760 939 2851 1013 καὶ
2907 938 3142 1013 ᾁναξίοις
3197 942 3296 1008 τῆς
3346 940 3580 1001 πίστεως
3636 938 3790 1013 γενο-

2218 1008 2431 1100 pitvth
2449 1012 2539 1104 καὶ
2756 1010 3210 1104 ἐξομολλογῆσεως
3240 1015 3345 1104 re»
3397 1008 3787 1103 πιρτευόντων,

2213 1080 2337 1157 περί
2364 1088 2463 1152 τῆς
2497 1083 2549 1157 ἐν
2580 1080 3129 1156 Ἐὸέσῳνκινηθεῖσης
3162 1082 3560 1157 ,στάσεωςρπὸ
3594 1080 3790 1157 Δημηὲ

2215 1153 2370 1227 τρίου
2397 1158 2494 1209 τοῦ
2525 1153 2917 1231 ἄργυροπόπου
2935 1153 3217 1212 κατὰ-τῶν
3246 1154 3591 1212 ἀποστόλων.

2213 1337 2241 1365 ι(
2276 1312 2517 1389 Ἐγέτετο
2549 1313 2607 1373 δὲ
2637 1315 2687 1371 ἐν
2713 1321 2794 1390 τῷ
2821 1317 2912 1373 τὸν
2946 1316 3217 1373 Ἀπολλὼ
3248 1317 3383 1373 εἶναι
3432 1315 3483 1371 ἐν
3516 1316 3786 1390 Κορίνθῳ,

2142 1402 2357 1458 Ηαῦλον
2415 1400 2699 1461 διελθόντα
2755 1405 2821 1460 τὰ
2874 1406 3175 1483 ἀνωτερικὰ
3234 1408 3415 1481 μέρη,
3474 1404 3646 1461 ἐλθεῖν
3707 1404 3785 1467 εἰς

2137 1495 2395 1570 ’Ἑφεσοψ
2453 1497 2543 1551 καὶ
2604 1494 2774 1571 εὑρών
2830 1517 2975 1559 τινας
3026 1497 3273 1572 μαθητὰς
3329 1497 3453 1552 εἶπε
3505 1496 3641 1569 πρὸς
3688 1494 3782 1551 αὖ·

2140 1581 2290 1645 τοὺς
2344 1586 2405 1641 Εἰ
2469 1590 2689 1659 Πνεῦμα
2754 1585 2909 1660 ἅγιον
2966 1581 3188 1642 ἐλάϐετε
3241 1586 3666 1655 πιστεύσαντεςς
3715 1586 3786 1643 Οἱ

2143 1668 2201 1726 δὲ
2231 1673 2383 1727 εἷπον
2424 1675 2558 1746 πρὸς
2615 1673 2798 1729 αὐτόν’
2860 1675 3020 1732 Ἀλλ’
3070 1672 3195 1730 οὐδὲ
3251 1674 3297 1729 εί
3357 1680 3571 1749 Πνεῦμα
3629 1675 3785 1748 ἅγιον

2141 1756 2283 1815 ἔστιν
2343 1763 2677 1836 ἠκούσαμεν.
2763 1765 2898 1821 Εἴπέ
2963 1785 3020 1820 τε
3102 1763 3238 1837 πρὸς
3310 1762 3522 1826 αὐτοὺς·
3584 1763 3678 1826 Εἲς
3733 1763 3787 1819 τί

2143 1851 2235 1904 οὗν
2291 1845 2699 1922 ἐϐαπτίσθητες
2758 1854 2821 1907 Οἱ
2875 1852 2932 1907 δὲ
2988 1854 3157 1908 εἶπον·
3238 1854 3332 1917 Εἰς
3410 1854 3473 1908 τὸ
3532 1852 3784 1909 Ἰωάννου

382 1975 410 2003 α
447 1950 638 2006 estis?
667 1948 757 2004 Illi
790 1963 925 2001 vero
958 1946 1236 2000 dixerunt
1269 1959 1281 1997 :
1310 1941 1556 1998 Joannis
1595 1936 1970 2012 baptismate.
2001 1961 2028 1988 ››

2155 1938 2445 2015 Ξάιπτισμα.
2477 1968 2499 1995 ι

453 2038 618 2095 Unde
650 2038 732 2104 hi,
765 2052 900 2091 cum
921 2033 1135 2105 Ephesi
1161 2031 1499 2087 habitarent
1528 2030 1626 2101 (l),
1661 2028 1904 2085 Joannis
1934 2028 2035 2082 ha-

380 2128 604 2186 bebant
632 2126 930 2197 baptisma
950 2123 977 2178 ?
1007 2122 1296 2178 Fortassis
1327 2126 1501 2176 antea
1557 2117 1804 2191 profecti
1861 2110 2033 2173 erant

379 2217 745 2289 Jerosolyma
776 2219 834 2269 et
861 2215 1148 2268 Joannem
1205 2214 1578 2266 accesserant
1635 2225 1701 2262 ac
1757 2206 2027 2278 baptizati

381 2310 769 2375 erant,neque
789 2304 987 2358 Jesum
1014 2298 1579 2369 noverant,ideoque
1609 2313 1730 2351 non
1748 2295 1893 2350 dicit
1923 2295 2030 2360 eis,

383 2395 637 2453 Creditis
667 2394 727 2448 in
755 2394 953 2448 Jesum
976 2391 1004 2445 ?
1026 2391 1150 2459 sed,
1184 2392 1335 2445 Num
1360 2388 1645 2460 Spiritum
1672 2385 1985 2456 accepistis
2005 2384 2033 2439 ?

381 2485 559 2556 idque
587 2499 723 2539 cum
756 2482 937 2536 sciret
966 2497 1067 2535 eos
1097 2495 1217 2534 non
1248 2477 1470 2533 habere
1504 2493 1517 2531 :
1552 2475 1654 2530 sed
1685 2474 1813 2529 vult
1869 2474 2030 2544 ipsos

381 2574 494 2629 hoc
524 2572 743 2638 dicere,
802 2574 870 2624 ut
908 2566 1009 2622 ubi
1057 2564 1444 2639 cognoverint
1501 2562 1716 2635 quibus
1765 2564 2028 2627 careant,

382 2663 582 2720 statim
614 2677 683 2716 ea
711 2662 1009 2730 expetant.

455 2755 611 2808 144
642 2749 780 2815 XIX,
808 2752 842 2804 4
873 2750 925 2804 8.
963 2769 990 2798 ‹‹
1022 2746 1179 2802 Dixit
1224 2750 1423 2800 autem
1456 2743 1674 2799 Paulus
1708 2760 1721 2797 :
1773 2740 2029 2797 Joannes

387 2864 415 2891 «ι
448 2841 689 2914 quidem
720 2836 1031 2910 baptizavit
1058 2835 1356 2906 baptismo
1388 2832 1774 2905 paenitentiae,
1808 2829 2027 2902 populo

384 2956 412 2984 ‹‹
446 2932 720 3003 loquens,
740 2933 806 2984 ut
834 2927 894 2982 in
913 2943 1073 2992 eum,
1097 2923 1199 2995 qui
1226 2929 1360 2995 post
1383 2923 1578 2993 ipsum
1601 2926 1882 2976 venturus
1903 2924 2031 2975 erat

383 3044 411 3072 «
446 3020 776 3082 crederent,
809 3018 921 3072 hoc
954 3020 1045 3070 est
1072 3015 1135 3069 in
1165 3012 1464 3068 Christum
1518 3012 1739 3065 Jesum.
1774 3008 1875 3063 His
1921 3024 2029 3064 au-

381 3107 605 3172 «ditis,
638 3105 915 3177 baptizati
965 3109 1104 3160 sunt
1161 3102 1222 3156 in
1271 3101 1513 3156 nomine
1576 3098 1809 3154 Domini
1866 3098 2023 3152 Jesu.

383 3219 411 3246 κ
443 3200 708 3265 Cumque
736 3194 1119 3264 imposuisset
1141 3191 1260 3247 illis
1304 3205 1517 3245 manus
1571 3187 1811 3252 Paulus,
1869 3186 2029 3242 venit

2211 2030 2603 2104 Ἐπιστάμενος
2632 2027 2795 2105 μόνον
2819 2033 2881 2089 τὸ
2924 2034 3206 2108 βαπτισμα
3265 2032 3540 2091 Ἰωάννου.
3598 2032 3787 2103 ’Ἄξιον

2141 2124 2373 2189 ζητῆσαι
2426 2126 2565 2189 πῶς,
2599 2120 2644 2176 εἰ
2675 2122 2736 2177 τὸ
2791 2121 3072 2197 βάπτισμα
3133 2122 3296 2195 μόνον
3357 2120 3604 2177 Ἰωάννου
3652 2122 3784 2192 ἠπί-

2138 2229 2324 2279 στατο,
2355 2209 2530 2272 οὕτως
2557 2215 2636 2283 τῷ
2676 2210 2947 2285 πνεύματι
3005 2209 3132 2281 ἔζεισ
3165 2211 3229 2266 τὸ
3257 2210 3357 2287 γὰρ
3416 2215 3631 2284 πνεῦμα
3680 2212 3787 2288 οὐχ

2138 2298 2312 2359 οὕτως
2361 2294 2595 2356 ἐδίδοτο.
2642 2299 2740 2355 Καὶ
2773 2298 2817 2354 εἰ
2847 2301 2898 2354 οἱ
2933 2298 3067 2372 μετὰ
3120 2303 3314 2356 τοῦτον
3364 2297 3658 2370 ἐδεήθησαν
3690 2306 3786 2356 τοῦ

2141 2387 2516 2461 βαπτίσματος
2545 2392 2642 2443 τοῦ
2671 2392 2924 2462 Χριστοῦ,
2975 2386 3175 2460 πολλῷ
3234 2386 3448 2462 μᾶλλον
3505 2388 3595 2444 καὶ
3629 2390 3786 2452 οὗτος

2134 2473 2329 2547 ἐδεήθη
2361 2476 2440 2533 ἄν.
2469 2477 2529 2533 Τί
2561 2478 2650 2533 οῦν
2684 2474 2822 2534 ἔστιν
2858 2478 3024 2533 εἰπεῖν
3062 2497 3076 2546 ;
3120 2475 3247 2533 οὐδε
3273 2480 3375 2554 γὰρ
3434 2479 3624 2541 ἀπλως
3682 2480 3779 2552 ἑφ-

2134 2566 2231 2636 ξῆς
2261 2561 2447 2636 ἔθηκεν
2490 2562 2791 2643 ἀμφότερα.
2835 2574 2993 2622 Δοκεῖ
3040 2568 3219 2623 τοίνυν
3271 2568 3430 2630 οὗτος
3484 2570 3617 2625 εἶναι
3672 2573 3779 2624 τῶν

2137 2657 2324 2711 ἑκατὸν
2357 2655 2551 2727 εἴκοσι,
2582 2662 2689 2712 τῶν
2719 2656 2851 2730 μετᾶ
2879 2661 2987 2712 τῶν
3008 2656 3328 2713 ἀποστόλων
3354 2653 3781 2734 βαπτισθέντων·

2208 2770 2235 2798 ‹‹
2270 2746 2411 2803 Eine
2442 2743 2499 2801 δὲ
2531 2744 2772 2808 Παῦλος
2804 2747 3063 2817 Ἰωάννης
3116 2746 3210 2820 μὲν
3270 2742 3525 2803 ἐϐάπτισε
3586 2748 3783 2823 βάπτι-

2138 2859 2164 2888 κ
2197 2856 2310 2909 σμα
2342 2836 2651 2910 μετανοίας,
2680 2841 2760 2909 τῷ
2794 2833 2915 2909 λαῷ
2972 2835 3169 2912 λέγων,
3201 2836 3276 2899 εἰς
3330 2838 3425 2894 τὸν
3481 2837 3783 2914 ἐρχόμενον

2139 2926 2255 2997 μετ’
2287 2926 2452 2981 αὐτὸν
2480 2926 2569 2980 ἳνα
2626 2925 2977 2997 πιστεύσωσι,
3033 2927 3311 2982 τουτέστιν
3368 2927 3445 2990 εἷς
3496 2928 3588 2983 τὸν
3639 2933 3783 3004 Χρι-

2135 3013 2258 3068 στὸν
2321 3016 2548 3085 Ἰησοῦν.
2599 3014 2954 3076 Ἀκούσαντες
3016 3011 3072 3070 δὲ
3146 3010 3543 3085 ἐϐαπτίσθησαν
3596 3017 3671 3079 εἷς
3722 3019 3784 3073 τὸ

2135 3101 2310 3176 ὄνομα
2389 3108 2487 3159 τοῦ
2574 3105 2773 3177 Κυρίου
2834 3103 3040 3175 Ἰησοῦ.
3100 3103 3199 3159 Καὶ
3248 3105 3519 3169 ἐπιθέντος
3604 3106 3787 3169 αὐτοῖς

2133 3196 2229 3246 τοῦ
2314 3191 2533 3248 Παύλου
2619 3194 2714 3255 τὰς
2793 3198 3005 3271 χεῖρας,
3088 3192 3225 3263 ἦλθε
3307 3194 3370 3250 τὸ
3431 3199 3651 3271 Πνεῦμα
3727 3196 3788 3251 τὸ

386 3305 412 3339 ι
445 3283 697 3355 Spiritus
728 3287 968 3337 sanctus
1000 3297 1178 3351 super
1226 3296 1347 3347 eos,
1380 3285 1439 3335 et
1492 3277 1893 3349 loquebantur
1922 3276 2029 3330 lin-

2155 3280 2296 3356 Ξίγιον
2349 3283 2434 3337 ἐπ’
2497 3280 2711 3350 αὐτοὺς,
2769 3279 3006 3336 ἐλάλουν
3059 3303 3117 3337 τε
3173 3281 3455 3357 γλώσσαις
3505 3284 3595 3339 καὶ
3649 3305 3785 3359 προ·

386 3394 413 3422 α
442 3370 572 3444 guis
594 3385 661 3424 ac
690 3368 1143 3440 prophetabant.
1191 3370 1373 3423 Erant
1420 3372 1618 3422 autem
1666 3381 1876 3421 omnes
1924 3363 2031 3418 viri

392 3482 415 3509 ι
451 3459 575 3514 fere
634 3456 971 3514 duodecim.
1054 3458 1360 3529 Ingressus
1420 3461 1618 3512 autem
1675 3468 2031 3527 synagogam

394 3571 415 3601 ι
452 3548 638 3604 libere
669 3546 1039 3619 loquebatur,
1071 3546 1146 3602 ad
1176 3552 1298 3603 tres
1344 3561 1582 3602 menses
1634 3543 1944 3616 disputans
1975 3547 2035 3597 et

388 3661 417 3690 ‹‹
452 3638 707 3696 suadens
738 3638 811 3693 de
840 3654 1021 3709 regno
1052 3637 1177 3693 Dei.
1209 3664 1234 3689 ι»

461 3731 507 3784 Α
534 3728 778 3785 Joannis
795 3727 1148 3800 baptismate
1168 3726 1541 3792 vaticinatur,
1566 3739 1787 3794 eosque
1807 3721 2035 3776 inducit

391 3824 596 3880 dicens
627 3823 784 3896 quod
818 3823 929 3877 hoc
960 3822 1136 3876 vellet
1162 3820 1407 3875 Joannis
1438 3818 1752 3889 baptisma.
1809 3816 2032 3871 Deinde

388 3914 724 3970 ostenditur
742 3912 904 3985 parvi
927 3910 1213 3966 momenti
1241 3909 1425 3964 fuisse
1447 3908 1741 3979 baptisma
1767 3906 2033 3962 Joannis.

387 4006 587 4074 Neque
618 4003 779 4057 enim
811 4001 960 4056 dixit
988 3998 1362 4056 remissionis
1385 3997 1588 4061 fuisse,
1622 3996 1726 4052 sed
1748 3996 2034 4067 pmniten-

387 4092 504 4147 tias.
529 4089 912 4145 Postmodum
930 4088 1254 4160 baptizatos
1287 4105 1388 4144 eos
1410 4088 1473 4142 in
1503 4086 1747 4141 nomine
1772 4085 2031 4153 Domini,

388 4178 534 4234 dicit
563 4177 671 4232 sub
702 4177 978 4232 manibus
996 4178 1161 4232 Pauli
1193 4179 1477 4249 Spiritum
1510 4176 1711 4231 statim
1742 4175 2027 4246 accipere.

389 4273 558 4325 Hunc
607 4272 803 4322 autem
854 4282 974 4321 non
1008 4266 1304 4333 videbant,
1357 4284 1496 4322 nam
1552 4265 1868 4321 invisibilis
1922 4269 2031 4334 est,

391 4357 674 4415 sensibile
696 4361 894 4411 tamen
926 4356 1088 4411 illius
1119 4358 1398 4415 efficaciae
1420 4363 1833 4426 argumentum
1857 4356 2035 4411 dabat

387 4448 594 4517 gratia.
627 4449 698 4502 Et
724 4462 880 4502 unus
912 4445 1153 4517 quidem
1180 4448 1492 4501 Persarum
1532 4447 1733 4519 lingua
1761 4446 2033 4517 protinus

387 4537 764 4611 loquebatur,
795 4535 947 4590 alter
971 4542 1168 4590 autem
1200 4537 1625 4602 Romanorum,
1658 4537 1867 4591 tertius
1896 4552 2031 4591 vero

2137 3375 2397 3452 εφτςτεσον
2435 3416 2447 3429 .
2501 3373 2670 3429 Ἦσαν
2746 3369 2803 3428 δὲ
2858 3373 2910 3427 οἱ
2963 3373 3158 3435 πάντες
3215 3370 3402 3446 ἄνδρες
3467 3375 3598 3431 ὡσεὶ
3655 3372 3783 3430 δέκα

2139 3457 2257 3520 δύο.
2308 3461 2582 3525 Εἶσελθὼν
2643 3457 2701 3515 δὲ
2758 3461 2835 3523 εἷς
2890 3463 2988 3530 τήν
3050 3464 3388 3540 συναγωγήν,
3447 3462 3784 3542 ἐπαρρησιά-

2139 3554 2282 3620 ζετο,
2339 3548 2427 3604 ἐπὶ
2509 3556 2685 3622 μῆνας
2768 3556 2914 3626 τρεῖς
2968 3548 3350 3625 διαλεγόμενος
3431 3552 3523 3608 καὶ
3582 3553 3779 3618 πείθων

2134 3640 2201 3694 τὰ
2229 3637 2353 3712 περὶ
2382 3645 2483 3708 τῆς
2518 3638 2794 3714 βασιλείας
2823 3643 2921 3695 τοῦ
2950 3644 3105 3696 Θεοῦ.

2210 3728 2346 3782 Ἀπὸ
2376 3731 2473 3783 τοῦ
2535 3727 2908 3804 βαπτίσματος
2966 3728 3224 3784 Ἰωάννου
3279 3751 3631 3807 προφητευει,
3688 3731 3776 3786 καὶ

2137 3815 2309 3888 ἐνάγει
2341 3815 2537 3878 αὐτοὺς
2571 3816 2654 3872 ὅτι
2705 3821 2867 3873 τοῦτο
2901 3816 3161 3894 βούλεται
3189 3819 3249 3874 τὸ
3282 3818 3563 3894 βάπτισμα
3595 3820 3777 3875 Ἰωάν-

2136 3927 2252 3962 νου.
2288 3908 2553 3962 Ἐντεῦθεν
2586 3904 2643 3962 δὲ
2674 3905 2940 3963 δείκνυται
2981 3909 3063 3963 ὅτι
3094 3905 3311 3968 ἀντελές
3339 3908 3405 3976 ἦν
3459 3908 3523 3962 τὸ
3582 3907 3780 3983 βάπτι-

2139 4016 2249 4067 σμα
2280 3997 2553 4055 Ἰωαννου.
2608 3996 2681 4052 Οὐ
2736 3998 2840 4071 γὰρ
2891 3999 3032 4053 εἶπεν
3094 3996 3349 4072 ἀφέσεως,
3407 3994 3555 4052 ἀλλὰ
3615 4018 3778 4070 μετα-

2136 4085 2284 4146 νὸίας
2317 4084 2473 4142 εἶναι.
2526 4086 2660 4142 Εἶτα
2720 4085 3103 4161 βαπτισθέντας
3161 4085 3355 4148 αὐτοὺς
3414 4085 3489 4148 εἰς
3519 4087 3583 4142 τὸ
3612 4084 3784 4160 ὄνομα

2135 4178 2231 4230 τοῦ
2266 4174 2484 4249 Κυρίου,
2518 4175 2679 4253 φησὶν
2731 4175 2833 4231 ὑπὸ
2879 4181 2988 4231 τῶν
3046 4181 3251 4252 ’χειρῶν
3311 4173 3532 4232 Παύλου
3590 4175 3787 4239 εὐθέως

2136 4265 2199 4320 τὸ
2232 4268 2445 4338 Πνεῦμα
2475 4260 2792 4339 λαμϐάνειν.
2825 4269 2997 4322 Τοῦτο
3029 4261 3088 4320 δὲ
3120 4269 3229 4340 οὐχ
3281 4265 3490 4340 ὲώρωψ
3554 4265 3783 4340 ἀόρατον

2139 4356 2243 4429 γάρ
2275 4353 2439 4410 ἐστιν.
2472 4354 2738 4426 Αίσθητὸν
2769 4352 2823 4410 δὲ
2856 4354 3011 4428 ὅμως
3038 4356 3160 4410 τινὰ
3191 4354 3421 4434 ἔκεγχον
3475 4354 3656 4411 ἐδίδου
3686 4363 3786 4425 τῆς

2138 4445 2404 4521 ἐνεργείας
2435 4443 2642 4516 ἐκείνης
2673 4447 2708 4515 ἡ
2745 4444 2929 4521 χάρις.
2964 4444 3067 4501 Καὶ
3126 4446 3153 4499 ὁ
3218 4446 3313 4518 μὶν
3363 4449 3433 4519 τῇ
3491 4451 3734 4520 Περσῶν,
3758 4449 3787 4502 ὁ

2140 4532 2198 4589 δὲ
2227 4538 2295 4607 τῇ
2325 4533 2640 4605 Ῥωμαίων,
2673 4535 2701 4588 ὁ
2735 4532 2791 4590 δὲ
2819 4538 2886 4607 τῇ
2918 4532 3125 4603 Ἰνδῶν,
3159 4536 3187 4589 ὁ
3219 4533 3279 4589 δὲ
3307 4535 3461 4607 ὲτέρᾳ
3508 4536 3614 4590 τινὶ
3672 4556 3787 4590 τοι·

387 4626 689 4695 Indorum,
721 4631 779 4681 et
803 4625 956 4681 alius
983 4625 1261 4681 similiter
1314 4624 1432 4679 alia
1488 4624 1744 4697 quadam
1778 4643 1791 4679 :
1852 4625 2030 4697 idque

2155 4624 2274 4699 ιῦτῃ
2310 4625 2507 4687 εὐθέως
2535 4622 2822 4700 ἐφθέγγετο
2855 4622 3105 4698 γλώσσῃ.
3168 4629 3267 4677 Καὶ
3322 4627 3485 4679 τοῦτο
3532 4622 3790 4703 ἐφανέρου

389 4717 647 4773 externis
678 4715 1025 4788 propalabat
1052 4715 1335 4786 Spiritum
1365 4714 1428 4769 in
1472 4730 1540 4770 eo
1572 4730 1722 4783 esse,
1784 4716 1884 4786 qui
1942 4716 2028 4770 lo-

389 4805 718 4877 quebatur:
750 4804 1102 4860 ostendente
1133 4806 1250 4861 Deo
1291 4804 1449 4876 quod
1506 4804 1757 4877 Spiritus
1787 4804 2032 4862 haberet

389 4894 487 4950 hic
515 4895 789 4949 intimam
819 4899 1196 4965 potestatem.

459 4983 611 5050 XIX,
642 4986 697 5049 9,
732 4986 816 5036 10.
844 5004 872 5032 ‹‹
903 4984 1048 5038 Cum
1079 4989 1278 5039 autem
1320 4983 1561 5056 quidam
1608 4984 2033 5043 indurarentur

391 5094 421 5124 ‹‹
452 5089 565 5129 nec
590 5071 922 5137 crederent,
957 5071 1382 5129 maledicentes
1410 5074 1515 5128 viae
1546 5075 1781 5130 Domini
1830 5092 2031 5132 coram

391 5160 857 5227 «multitudine,
908 5159 1211 5228 digressus
1240 5161 1312 5216 ab
1346 5162 1466 5217 illis
1498 5165 1822 5237 segregavit
1854 5164 2032 5221 disci-

389 5274 417 5301 ‹‹
446 5250 643 5323 pulos,
676 5248 941 5320 quotidie
958 5248 1269 5320 disputans
1290 5252 1348 5305 in
1384 5253 1589 5309 schola
1608 5253 1919 5325 cujusdam
1953 5261 2037 5327 ty-

388 5361 417 5390 ‹‹
450 5339 642 5394 ranni.
675 5336 859 5409 quue
888 5337 1108 5392 factum
1160 5345 1248 5394 est
1294 5357 1400 5412 per
1450 5341 1801 5397 biennium:
1855 5344 1938 5399 ita
1966 5348 2034 5400 ut

393 5450 413 5477 α
450 5444 660 5483 omnes
683 5427 783 5499 qui
802 5425 1222 5483 habitabantin
1237 5430 1376 5485 Asia
1397 5430 1675 5487 audirent
1694 5448 2032 5489 sermonem

385 5539 413 5569 ‹‹
447 5516 519 5572 de
551 5517 800 5571 Domino
831 5516 989 5579 Jesu,
1018 5516 1202 5574 Judaei
1236 5519 1417 5575 simul
1444 5525 1503 5574 et
1532 5521 1742 5577 Graeci.
1781 5544 1807 5570 ι)

456 5628 483 5657 (ι
527 5604 944 5663 Maledicentes
973 5606 1101 5661 vim.
1148 5630 1176 5657 n
1232 5610 1396 5675 Viam
1428 5610 1574 5665 dicit
1603 5612 1900 5668 Christum
1934 5619 2036 5668 aut

2138 4720 2256 4777 τοῖς
2288 4712 2507 4784 ἔξωθεν,
2540 4715 2623 4768 ὅτι
2655 4715 2716 4769 τὸ
2755 4715 2979 4787 Πνεῦμά
3011 4712 3160 4769 ἐστιν
3221 4713 3275 4769 ἐν
3327 4714 3474 4786 αὐτῷ
3522 4720 3601 4789 τῷ
3632 4727 3791 4791 9037-

2140 4804 2383 4879 γομὲνῳ,
2415 4800 2623 4864 δεικνὺς
2654 4804 2682 4858 ὁ
2713 4807 2842 4865 Θεος
2872 4801 2954 4857 ὅτι
2999 4801 3161 4857 τοῦτό
3228 4801 3339 4858 ἐστι
3389 4810 3491 4874 τῆς
3547 4803 3792 4875 ἐξουσίας

2136 4898 2235 4962 τῆς
2269 4892 2548 4949 ἀνωτάτω.

2213 5006 2239 5032 ι(
2272 4982 2358 5043 Ὡς
2394 4978 2450 5036 δὲ
2497 5003 2640 5046 τινες
2690 4979 3092 5053 ἐσκληρύνοντο
3150 4981 3241 5037 καὶ
3297 4982 3578 5055 ἠπείθουν,
3626 5005 3791 5040 κακο-

2142 5069 2433 5145 λογοῦντες
2454 5071 2553 5140 τὴν
2616 5069 2739 5127 ὁδὸν
2800 5071 3031 5127 ἐνώπιον
3072 5075 3168 5126 τοῦ
3225 5069 3495 5143 πλήθους,
3552 5074 3791 5135 ἀποστὰς

2142 5161 2231 5215 ἀπ’
2290 5160 2488 5229 αὐτῶν,
2546 5162 2787 5241 ἀφώρισε
2841 5162 2970 5226 τοὺς
3028 5162 3301 5235 μαθητὰς,
3388 5165 3510 5218 καθ’
3580 5165 3791 5240 ἡμέραν

2143 5246 2533 5326 διαλεγόμενος
2607 5249 2658 5305 ἒν
2708 5254 2776 5325 τῇ
2831 5249 3015 5329 σχολῇ
3064 5251 3321 5327 τυράννου
3381 5251 3553 5315 τινός.
3615 5255 3793 5310 Τοῦτο

2143 5335 2200 5394 δὲ
2230 5337 2442 5416 ἐγένετο
2498 5338 2589 5394 ἐπὶ
2648 5336 2740 5410 ἔτη
2802 5336 2920 5393 δόθ’
2979 5339 3115 5395 ὥστε
3170 5340 3372 5402 πάντας
3423 5339 3554 5403 τοὺς
3607 5361 3795 5397 κατοι-

2141 5431 2367 5490 κοῦντας
2398 5431 2496 5498 τήν
2543 5427 2753 5500 Ἀσίαν,
2803 5430 3028 5483 ἀκοῦσαι
3086 5428 3178 5483 τὸν
3211 5426 3373 5504 λόγον
3429 5433 3528 5485 τοῦ
3585 5428 3792 5504 Κυρίου

2144 5519 2330 5589 Ιησοῦ,
2388 5515 2661 5580 [ουδαῖους
2689 5537 2747 5573 τε
2775 5515 2866 5572 καὶ
2896 5515 3198 5586 ’Έλληνας-
3236 5541 3263 5568 ››

2214 5635 2241 5661 ‹‹
2276 5612 2724 5685 ΚακοΛογοῦντες
2780 5608 2879 5677 τήν
2936 5603 3080 5662 ὁδόν.
3116 5629 3145 5656 ››
3204 5607 3273 5663 Ἥ
3326 5604 3454 5662 ὁδον
3513 5604 3659 5683 λέγει
3702 5608 3796 5663 τὸν

456 5735 474 5806 (
486 5735 530 5805 1)
563 5733 726 5810 Unde
757 5732 883 5788 hac
906 5732 1181 5810 habuerit
1205 5735 1552 5792 Heintenius
1593 5737 1887 5810 interpres
1917 5756 2036 5797 non
2058 5742 2344 5798 videmus.
2382 5742 2580 5796 Graeca
2613 5754 2643 5793 e
2677 5736 2914 5809 regione
2964 5735 3157 5808 posita
3188 5753 3309 5796 non
3338 5735 3707 5809 respondent
3736 5744 3798 5796 et

375 5807 504 5880 jam
536 5806 749 5881 pagina
778 5805 1068 5877 superiori
1099 5806 1395 5877 leguntur.
1429 5811 1581 5865 Ευιτ.
