4150 6200
311 378 430 438 349

1303 384 1704 447 COMMENT.
1753 382 1830 442 IN
1877 379 2073 442 ACTA
2118 381 2731 455 APOSTOLOBUM.

3592 411 3718 473 250

310 513 565 610 Χριστὸν,
597 511 633 580 ἢ
662 512 762 582 τὴν
795 512 976 570 πίστιν
1007 516 1108 584 τήν
1142 517 1340 588 ἀληθῆ.
1406 518 1556 588 Αὕτη
1611 517 1712 592 γάρ
1743 514 1882 570 ἐστιν
1915 517 1950 584 ἡ

2080 519 2247 575 ﬁdem
2279 539 2476 581 veram
2512 544 2525 582 :
2558 545 2696 585 nam
2729 531 2854 588 haec
2874 532 2964 591 via
2996 542 3104 606 est,
3153 555 3283 610 quae
3343 541 3582 600 deducit
3639 549 3712 604 ad

310 599 436 662 ὁδὸς
469 603 504 671 ἦ
550 602 832 679 ἀπάγουσα
893 604 971 666 εἷς
1037 607 1135 674 τὴν
1196 607 1478 682 βασιλείαν
1533 614 1642 663 τῶν
1698 608 1962 680 υὺρανῶν.

310 690 588 754 Ἐντεῦθεν
635 688 692 745 δέ
722 689 966 747 διδάσκει
1023 696 1192 766 ἡμᾶς,
1253 696 1358 751 ἀπὸ
1415 702 1522 752 τῶν
1577 694 1968 772 βλασφημούνο

309 800 416 834 των
445 780 537 834 τὸν
571 782 693 835 Υἱὸν
755 786 852 837 τοῦ
911 787 1045 838 Θεοῦ
1102 784 1436 859 χωρίζεσθαι
1493 786 1620 849 τοὺς
1673 786 1748 843 εἰς
1805 785 1962 840 αὑτὸν

307 869 679 933 πιστεύοντας.

380 982 407 1009 «ι
442 961 708 1032 Δυνάμεις
737 981 796 1015 τε
828 959 889 1015 οὑ
920 967 1016 1024 τάς
1044 963 1319 1038 τυχούσας
1381 965 1549 1020 ἐποίει
1599 966 1628 1020 6
1686 965 1816 1026 Θεὸς
1877 962 1964 1018 διὰ

312 1072 332 1098 ι
365 1053 476 1103 τῶν
501 1055 704 1122 χειρῶν
744 1049 984 1106 Παύλου·
1020 1051 1160 1108 ὥστε
1188 1055 1276 1108 καὶ
1310 1053 1400 1108 ἐπὶ
1448 1055 1575 1116 τοῦς
1614 1056 1965 1115 ἀσθενοῦντας

309 1163 336 1190 α
373 1137 723 1216 ἐπιφέρεσθαι
755 1141 860 1196 ἀπὸ
891 1147 986 1197 τοῦ
1021 1144 1239 1218 χρωτὸς
1270 1143 1434 1199 αὑτοῦ
1478 1142 1760 1218 σουδάρια,
1787 1143 1821 1213 ἢ
1883 1165 1965 1198 σι-

305 1250 334 1278 cc
383 1227 655 1298 μικίνθια,
677 1230 768 1282 καὶ
799 1229 1238 1286 ἀπαλλάσσεσθαι
1271 1231 1362 1286 ἀπ’
1396 1232 1566 1288 αὐτῶν
1597 1233 1694 1294 τὰς
1749 1233 1962 1294 νόσους.

303 1340 331 1368 α
366 1316 496 1370 τάτε
527 1315 811 1390 πνεύματα
838 1319 905 1374 τὰ
933 1321 1150 1395 πονηρά
1179 1319 1490 1397 ἐξέρχεσθαι
1523 1322 1614 1377 ἀπ’
1635 1321 1832 1378 αὐτῶν.
1864 1345 1892 1372 ››

377 1431 405 1457 ‹‹
443 1404 723 1481 ὶουδάρια
765 1409 861 1463 καὶ
917 1409 1244 1483 σιμικίνθια.
1311 1435 1338 1461 ››
1389 1412 1698 1490 Ἀμφότερα
1755 1412 1964 1484 νομίζω

300 1493 558 1564 λινοειδῆ
592 1497 748 1551 εἶναι·
785 1499 932 1566 πλὴν
966 1500 1031 1553 τὰ
1068 1499 1161 1571 μὶν
1194 1497 1456 1571 σουδάρια
1497 1499 1584 1555 ἐπὶ
1641 1508 1741 1570 τῆς
1795 1522 1966 1578 κεφα-

299 1585 411 1654 λῆς
445 1584 830 1657 ἐπιϐάλλεται,
857 1589 926 1642 τά
956 1586 1014 1642 δὲ
1044 1591 1349 1661 σιμικίνθια
1382 1589 1432 1645 ἐν
1474 1595 1595 1652 ταῖς
1644 1590 1802 1670 χερσὶ
1835 1612 1961 1645 κατ-

298 1683 536 1755 ἑχουσιν
569 1680 622 1733 οἱ
657 1679 730 1750 μή
769 1676 1060 1751 δυνάμενοι
1094 1680 1305 1754 ὡράρια
1363 1682 1614 1760 φορέσαι,
1667 1682 1778 1736 οἷοί
1832 1682 1964 1735 εἰσιν

298 1771 357 1824 οἱ
393 1773 691 1846 φοροῦντες
719 1769 981 1830 ὑπατικὰς
1009 1766 1210 1831 στολὰς
1243 1770 1276 1840 ἢ
1313 1765 1508 1846 γουὸία
1538 1771 1674 1844 πρὸς
1731 1770 1793 1825 τὸ
1832 1770 1967 1826 ἀπο-

2072 627 2319 683 regnum
2352 617 2654 674 ccelorum.
2691 623 2835 678 Hinc
2865 633 3059 680 autem
3095 628 3267 684 docet
3297 635 3588 694 nos,utab
3621 638 3712 708 iis,

2075 702 2174 796 qui
2204 705 2467 760 convicia
2490 708 2720 778 jactant
2749 712 2808 766 in
2843 715 3053 770 Filium
3089 719 3581 792 Dei,separentur
3611 702 3710 796 qui

2075 791 2137 846 in
2171 807 2307 848 eum
2349 797 2616 853 credunt.

2145 957 2294 1022 XIX,
2333 961 2417 1026 11,
2455 962 2537 1015 12.
2573 980 2597 1004 ‹‹
2631 963 3002 1036 Virtutesque
3050 985 3170 1024 non
3202 971 3469 1041 vulgares
3503 975 3718 1030 edebat

2077 1046 2230 1101 Deus
2260 1064 2366 1118 per
2395 1066 2605 1106 manus
2633 1054 2799 1108 Pauli
2836 1072 2848 1108 :
2882 1056 2963 1111 ita
2991 1063 3053 1111 ut
3110 1060 3284 1114 etiam
3341 1079 3518 1133 super
3547 1065 3717 1120 infir—

2075 1151 2204 1189 mos
2235 1135 2609 1195 deferrentur
2637 1159 2670 1196 a
2701 1160 2946 1215 corpore
2979 1147 3108 1218 ejus
3153 1149 3392 1204 sudaria
3422 1157 3478 1204 et
3539 1155 3714 1208 semi-

2075 1223 2378 1290 cinctia,et
2407 1228 2687 1285 cederent
2717 1235 2865 1290 145
2904 1234 2976 1289 ab
3009 1237 3096 1290 eis
3123 1238 3712 1313 morbi,spiritusque

2074 1315 2237 1384 pravi
2270 1317 2692 1386 egrederentur
2721 1321 2792 1374 ab
2825 1323 2932 1378 eis.
2969 1347 2995 1371 ››

2150 1424 2176 1450 ‹‹
2211 1403 2455 1460 Sudaria
2511 1413 2570 1461 et
2626 1411 3013 1467 semicinctia.
3054 1436 3074 1460 ι
3139 1416 3394 1486 Utraque
3444 1419 3717 1474 existimo

2075 1491 2218 1547 linei
2240 1496 2474 1565 generis
2502 1496 2993 1555 fuisse:attamen
3013 1502 3249 1559 sudaria
3282 1507 3521 1576 quidem
3548 1526 3726 1578 super

2075 1588 2252 1652 caput
2307 1585 2652 1644 tenduntur.
2703 1590 3072 1645 semicinctia
3131 1609 3268 1647 vero
3327 1595 3387 1648 in
3448 1598 3723 1651 manibus

2076 1675 2283 1726 tenent
2310 1673 2412 1742 qui
2445 1674 2682 1730 horaria
2713 1683 2942 1747 gestare
2973 1697 3091 1734 non
3114 1684 3566 1751 possunt.veluti
3585 1691 3725 1739 sunt

2080 1761 2182 1830 qui
2213 1763 2556 1818 consulares
2579 1772 2812 1833 gestant
2841 1768 3023 1822 stolas
3054 1777 3155 1823 aut
3184 1771 3358 1842 gubia
3385 1773 3457 1827 ad
3491 1773 3719 1828 abster-

300 1859 605 1932 μάττεσθαι
636 1859 732 1920 τὰς
763 1857 1072 1933 ὑγρότητας
1104 1861 1200 1912 τοῦ
1229 1860 1558 1932 προσώπου,
1618 1860 1754 1925 οἷον,
1804 1857 1959 1934 ἱδρῶ-

2080 1849 2300 1921 gendos
2326 1850 2528 1907 afacie
2556 1853 2856 1921 humores,
2891 1872 3105 1928 nempe
3149 1860 3415 1927 sudores,
3451 1862 3719 1931 salivam,

292 1969 418 2016 τας,
448 1946 709 2018 πτύελον,
744 1944 997 2022 δάκρυον,
1028 1949 1115 2002 καὶ
1146 1947 1212 2002 τὰ
1243 1948 1431 2020 ὅμοια.

377 2059 409 2092 α
442 2035 843 2111 Ἐπεχείρησαν
895 2034 952 2091 δέ
1006 2058 1146 2099 τινες
1202 2039 1307 2091 ἀπὸ
1359 2043 1465 2092 τῶν
1524 2037 1965 2114 περιερχομένων

291 2152 323 2177 α
363 2123 651 2184 Ἰουδαίων
685 2124 1030 2199 ἐξορκιστῶν,
1067 2127 1356 2201 ὀνομάζειν
1406 2127 1491 2182 ἐπὶ
1550 2127 1678 2189 τοὺς
1736 2124 1966 2203 ἔχοντας

294 2241 326 2268 ‹‹
368 2216 434 2270 τά
465 2215 748 2288 πνεύματα
777 2215 845 2270 τά
874 2215 1107 2290 πονηρὰ,
1139 2216 1203 2270 τὸ
1233 2213 1410 2290 ὄνομα
1462 2221 1560 2272 τοῦ
1612 2215 1817 2292 Κυρίου
1840 2218 1960 2287 Ἰη-

290 2331 319 2358 α
366 2311 488 2370 σοῦ,
528 2303 802 2380 λέγοντεςο
837 2305 1159 2379 Ὀρκίζομεν
1187 2305 1328 2378 ὑμᾶς
1357 2307 1452 2361 τὸν
1513 2308 1754 2378 Ἰησοῦν,
1812 2309 1870 2362 δν
1932 2308 1960 2361 6

296 2417 317 2445 ι
363 2393 588 2456 Παῦλος
615 2393 895 2469 κηρύσσει.
929 2399 1094 2450 Ἦσαν
1126 2391 1184 2449 δέ
1230 2416 1371 2457 τινες
1429 2395 1538 2450 υἱοὶ
1600 2401 1773 2451 Σκευᾶ
1830 2397 1960 2453 Ἰου·

291 2509 322 2537 ιι
367 2484 526 2538 δαίου
557 2482 861 2558 ἀρχιερέως
902 2484 1059 2552 ἑπτὰ,
1094 2485 1146 2538 o't
1203 2488 1365 2540 τοῦτο
1424 2489 1727 2546 ποιοῦντες.
1787 2486 1960 2540 Ἀποο

288 2597 317 2624 α
361 2569 633 2647 κριθένδὶ
662 2572 724 2628 τὸ
783 2576 994 2644 πνεῦμα
1049 2574 1112 2628 τὸ
1167 2573 1434 2649 πονηρὸν,
1485 2576 1626 2629 εἷπε·
1685 2575 1789 2631 Τὸν
1849 2575 1958 2644 Ἰη-

2081 1937 2394 2009 lacrymas,
2428 1957 2494 1996 ac
2527 1943 2765 1997 similia.

2151 2052 2178 2076 ‹‹
2216 2031 2358 2098 ΧΙΧ,
2394 2032 2580 2086 13-17.
2641 2033 3036 2088 Tentaverunt
3111 2042 3307 2092 autem
3357 2038 3598 2110 quidam
3652 2057 3720 2094 ex

2081 2118 2588 2175 circumeuntibus
2649 2122 2860 2176 Iudaeis
2920 2126 3249 2189 exorcistis,
3299 2128 3572 2182 invocare
3625 2145 3726 2183 su—

2081 2225 2188 2279 per
2241 2225 2342 2263 eos
2402 2211 2502 2279 qui
2563 2228 2772 2282 pravos
2830 2213 3131 2269 habebant
3187 2217 3451 2286 spiritus,
3507 2235 3726 2272 nomen

2081 2299 2314 2353 Domini
2382 2300 2538 2366 Jesu,
2629 2299 2956 2356 dicentes:
3015 2303 3372 2374 Adjuramus
3450 2324 3549 2361 vos
3621 2325 3726 2378 per

2077 2388 2297 2454 Iesum,
2346 2405 2523 2459 quem
2603 2391 2822 2444 Paulus
2881 2391 3182 2462 prmdicat.
3262 2395 3442 2449 Erant
3523 2403 3718 2450 autem

2079 2477 2319 2547 quidam
2346 2478 2451 2532 lilii
2501 2480 2691 2534 Scevaa
2747 2481 2932 2536 Judmi
2992 2483 3276 2555 principis
3351 2486 3723 2540 sacerdotum

2077 2573 2325 2639 septem,
2361 2569 2461 2640 qui
2521 2569 2632 2625 hoc
2678 2569 2994 2628 faciebant.
3061 2575 3444 2644 Respondens
3523 2583 3718 2630 autem

2075 2657 2319 2727 spiritus
2363 2657 2576 2725 malus,
2629 2659 2822 2714 dixit:
2879 2663 3076 2717 Iesum
3137 2665 3291 2727 novi,
3354 2671 3410 2717 et
3471 2666 3717 2720 Paulum

2073 2746 2216 2812 scio,
2249 2763 2349 2802 vos
2401 2755 2601 2803 autem
2661 2751 2904 2820 quinam
2964 2753 3153 2807 estis?
3210 2753 3278 2806 Et
3330 2754 3602 2808 insiliens
3657 2757 3715 2808 in

2073 2851 2174 2890 eos
2205 2836 2381 2892 homo
2414 2837 2477 2892 in
2507 2855 2624 2908 quo
2657 2845 2784 2894 erat
2823 2841 3065 2910 spiritus
3113 2842 3325 2907 malus,
3359 2843 3564 2912 eisque
3613 2843 3716 2895 do-

2069 2927 2352 2993 minatus,
2386 2928 2633 2984 invaluit
2685 2937 2891 2986 contra
2924 2949 3043 2998 eos,
3104 2933 3184 2986 ita
3232 2939 3295 2986 ut
3327 2932 3468 2987 nudi
3501 2939 3559 2988 et
3590 2933 3714 2985 vul.

285 2689 314 2715 α
362 2667 491 2717 σοῦν
524 2663 802 2734 γινώσκω,
849 2663 940 2716 καὶ
987 2662 1082 2716 τὸν
1149 2661 1372 2719 Παῦλον
1425 2663 1743 2737 ἐπίσταμαι,
1807 2665 1962 2736 ὑμεῖς

281 2776 317 2806 σ
363 2749 421 2806 δὶ
443 2752 585 2812 τίνες
614 2749 776 2819 ἐστέ;
829 2751 926 2805 Καὶ
983 2751 1360 2825 ἐφαλλόμενος
1419 2752 1503 2808 ἐπ’
1562 2754 1814 2818 αὐτοὺςὸ
1871 2751 1960 2808 ἅν-

279 2865 315 2896 α
369 2843 591 2912 θρωπος
625 2839 678 2894 ἐν
709 2841 755 2912 ᾧ
784 2840 851 2908 ἦν
878 2842 942 2895 τὸ
973 2845 1182 2913 πνεῦμα
1237 2842 1298 2896 τὸ
1354 2843 1616 2917 πονηρὸν,
1674 2842 1763 2898 καὶ
1797 2864 1958 2898 κατα·

283 2955 311 2987 ι
350 2929 645 3005 κυριεύσας
703 2929 902 2997 αὐτῶν,
966 2928 1187 3005 ἴσχυσεν
1237 2929 1320 2985 ἐπ’
1373 2931 1570 2997 αὐτῶν,
1658 2930 1796 2987 ὥστε
1862 2955 1961 3008 γυ-

283 3047 312 3074 c
355 3019 539 3094 μνοὺς
563 3019 656 3074 καὶ
686 3019 1249 3093 τετραυματισμένους
1310 3019 1556 3098 ἐκφυγεῖν
1608 3019 1668 3075 ἐκ
1720 3025 1819 3075 τοῦ
1877 3019 1959 3076 οἷ’-

2080 3017 2259 3071 uerati
2284 3019 2610 3090 effugerent
2639 3019 2710 3074 de
2741 3020 2916 3074 domo
2948 3020 3070 3076 illa.
3121 3022 3238 3076 Hoc
3295 3028 3489 3076 autem
3546 3023 3720 3075 inno-

279 3135 311 3163 «ι
351 3131 462 3164 κου
523 3107 751 3164 ἐκείνου.
811 3110 990 3165 Τοῦτο
1050 3105 1109 3162 δὲ
1188 3107 1396 3184 ἐγένετο
1471 3109 1712 3185 γνωστὸν
1794 3115 1956 3165 πᾶσιν

2080 3106 2183 3160 tuit
2261 3107 2538 3162 omnibus
2616 3108 2835 3163 Iudaeis
2925 3110 3104 3164 simul
3189 3116 3247 3164 et
3325 3111 3541 3165 Graecis
3611 3111 3712 3181 qui

283 3194 638 3259 οιἹουδαίοις
700 3217 759 3252 τε
813 3198 903 3251 καὶ
981 3195 1223 3267 ’Ἑλλησι
1307 3203 1424 3261 τοῖς
1482 3203 1794 3254 κατοικοῦσι
1852 3201 1950 3264 τήν

349 3290 423 3299 __..
656 3285 866 3299 η...
1086 3281 1422 3299 ω...
1656 3287 1760 3299 ..
1935 3290 1948 3299 .

2080 3194 2420 3250 habitabant
2504 3197 2716 3266 Ephesi
2780 3213 2793 3250 :
2877 3197 3210 3269 ceciditque
3285 3201 3463 3255 timur
3538 3216 3716 3270 super

281 3312 312 3340 α
348 3290 621 3360 νεφεσον.
656 3285 754 3341 Καὶ
778 3285 1001 3341 ἐπέπεσε
1030 3281 1202 3366 φόϐος
1233 3285 1320 3343 ἐπὶ
1354 3291 1555 3350 πάντας
1611 3287 1829 3356 αὐτοὺς,
1862 3290 1953 3346 καὶ

2080 3302 2276 3342 amnes
2308 3286 2464 3353 illos,
2525 3303 2593 3342 ac
2650 3287 3143 3358 magniﬁcabatur
3199 3306 3420 3345 nomen
3483 3287 3717 3346 Domini

285 3401 311 3430 σ
340 3375 718 3450 ἐμεγαλύνετο
747 3374 812 3429 τὸ
841 3371 1014 3448 ὄνομα
1039 3379 1137 3430 τοῦ
1160 3375 1357 3450 Κυρίου
1388 3377 1590 3448 Ἰησοῦ.
1628 3400 1649 3429 ι
2065 3377 2221 3432 Jesu.
2256 3398 2283 3426 »

360 3493 390 3518 ιε
433 3465 718 3524 Ἰουδαίων
754 3465 1097 3541 ἐξορκιστῶν.
1133 3491 1161 3518 ››
1218 3467 1368 3537 Αὑτή
1429 3471 1463 3537 ἡ
1516 3465 1662 3538 λέξις
1694 3465 1959 3522 δείκνυσιν

2141 3489 2169 3515 ‹‹
2201 3466 2418 3521 Judaais
2448 3468 2777 3522 exorcistis.
2815 3490 2842 3517 »
2876 3469 3008 3523 Haec
3043 3468 3223 3523 dictio
3255 3469 3516 3524 ostendit
3553 3469 3710 3540 quod

283 3558 374 3614 ὅτι
441 3555 552 3630 οὑχ
611 3557 684 3616 ὡς
765 3555 1111 3620 πιστεύοντες
1147 3561 1228 3628 τῷ
1286 3558 1471 3626 Ἰησοῦ
1527 3558 1580 3611 οἱ
1657 3556 1957 3632 ἐξορκισταὶ

2080 3574 2189 3612 non
2217 3562 2498 3628 tanquam
2533 3559 2836 3613 exorcistaa
2871 3559 2931 3613 in
2961 3561 3158 3615 Jesum
3182 3558 3717 3630 credentes,impu—

283 3646 593 3720 ἐξώρκιζον
651 3645 718 3699 τὰ
770 3643 1044 3719 ἀκάθαρτα
1100 3646 1381 3720 πνεύματα
1437 3644 1518 3718 τῷ
1576 3646 1803 3717 ὀνόματι
1862 3649 1959 3701 τοῦ

2080 3663 2166 3700 ros
2198 3646 2441 3716 spiritus
2473 3647 2830 3718 adjurabant
2869 3649 2930 3702 in
2990 3649 3230 3703 nomine
3294 3649 3548 3709 Domini,
3611 3648 3716 3702 sed

283 3734 529 3810 Κυρίου,
589 3732 734 3788 ἀλλά
763 3734 1134 3804 πειράζοντες.
1189 3735 1267 3788 Δι’
1323 3735 1352 3790 ’ὁ
1397 3733 1490 3789 καί
1543 3734 1619 3796 ὡς
1675 3735 1752 3807 μὴ
1812 3731 1959 3796 ὄντες

2080 3739 2368 3790 tentantes
2403 3753 2416 3790 :
2450 3743 2693 3808 prepter
2723 3737 2881 3808 quod
2915 3737 3114 3804 etiam,
3149 3753 3283 3792 cum
3333 3737 3540 3790 ﬁdeles
3593 3754 3710 3792 non

287 3823 517 3886 πιστοὶ,
546 3823 620 3884 ὡς
650 3823 714 3877 τὸ
754 3821 1056 3896 ἀκάθαρτον
1113 3825 1327 3896 πνεῦμά
1375 3845 1530 3903 φησι,
1589 3831 1689 3892 τῆς
1748 3845 1955 3898 προπε-

2080 3832 2290 3891 essent,
2324 3825 2478 3880 sicut
2507 3827 2776 3897 impurus
2805 3827 3046 3896 spiritus
3078 3827 3238 3891 dicit,
3263 3842 3382 3878 sum
3415 3826 3713 3878 temerita-

281 3916 449 3972 τείας
483 3908 751 3965 δεδώκασι
784 3911 920 3984 πρὸς
949 3911 1138 3983 ἀλίγον
1173 3909 1351 3980 δίκην.
1386 3910 1650 3986 Διήλεγξε
1707 3915 1810 3987 γὰρ
1864 3911 1959 3966 αύ-

2080 3915 2144 3968 tis
2174 3914 2332 3969 brevi
2368 3931 2570 3985 pwnas
2601 3913 3251 3969 dederunt.Confutavit
3276 3913 3434 3967 enim
3470 3913 3623 3978 illos,
3645 3929 3711 3966 ac

280 4006 453 4070 τοῦς,
477 4001 569 4056 καί
597 4003 696 4070 τήν
730 4001 934 4070 σκηνὴν
985 4001 1159 4055 αὐτῶν
1194 4003 1419 4081 φανερὰν
1473 4001 1696 4072 ἐποίησε
1751 3999 1959 4080 σφόδρα

2080 4003 2336 4059 fraudem
2370 4021 2573 4058 eorum
2608 4010 2870 4075 apertam
2905 4003 3147 4057 omnino
3195 4002 3336 4057 fecit
3381 4008 3711 4058 commotus

283 4091 573 4164 θυμωθεὶς
605 4091 633 4146 ὁ
665 4087 899 4163 δαίμων.
933 4090 1007 4152 ὡς
1051 4088 1110 4143 ἀν
1146 4087 1198 4144 εἶ’
1248 4113 1328 4146 τις
1391 4091 1515 4165 περὶ
1570 4095 1678 4146 τῶν
1713 4090 1958 4166 ἐσχάτων

2080 4093 2158 4148 ira
2189 4095 2432 4164 spiritus
2467 4111 2480 4148 :
2513 4093 2694 4147 veluti
2726 4093 2771 4146 si
2804 4093 2937 4162 quis
2960 4092 3186 4162 positus
3219 4093 3277 4146 in
3306 4092 3582 4146 extremis
3607 4109 3711 4161 pe-

281 4179 631 4238 κινδυνεύων
667 4180 769 4234 ὑπό
790 4201 940 4240 τινος
973 4179 1176 4258 ἐχθροῦ
1237 4176 1612 4260 διελέγχοιτο,
1666 4181 1756 4236 καὶ
1787 4180 1959 4234 πάντα

2080 4183 2274 4236 riculis
2305 4181 2376 4236 ab
2417 4182 2617 4252 aliquo
2651 4181 2890 4235 inimico
2921 4187 3220 4252 arguatur,
3255 4198 3613 4252 omnemque
3651 4183 3710 4235 in

282 4274 367 4334 εἷς
406 4270 612 4325 ἐκεῖνον
647 4269 860 4343 ἀφεῖναι
891 4268 1154 4344 βούλοιτο
1182 4269 1275 4324 τὸν
1297 4270 1494 4343 θυμόν.

2080 4271 2241 4326 illum
2274 4271 2578 4325 effundere
2599 4271 3034 4325 velitfurorem.

363 4387 394 4411 ‹‹
440 4357 654 4414 Πολλοί
680 4380 738 4413 τε
765 4363 872 4413 τῶν
904 4360 1341 4414 πεπιστευκότων
1403 4359 1649 4435 ἤρχοντο
1695 4358 1959 4430 ἐξομολο-

2147 4385 2166 4406 σ
2196 4362 2346 4426 XIX,
2381 4362 2446 4414 18
2483 4362 2568 4414 34.
2632 4360 2915 4430 Multique
2971 4360 3340 4416 credentium
3399 4359 3715 4413 veniebant

287 4449 624 4524 «γούμενοι
661 4449 752 4504 καὶ
825 4447 1264 4526 ἀναγγέλλοντες
1319 4448 1417 4510 τὰς
1474 4449 1695 4524 πράξεις
1756 4449 1958 4507 αὑτῶν.

2080 4472 2098 4502 ι
2135 4451 2560 4506 conﬁrmantes
2615 4456 2672 4504 et
2702 4451 3126 4505 annuntiantes
3175 4450 3326 4504 facta
3383 4465 3506 4504 sua.
3550 4448 3709 4503 Multi

291 4537 571 4595 «Ἱκανοὶ
635 4535 692 4592 δὲ
743 4541 852 4590 τῶν
896 4537 962 4591 τὰ
1016 4536 1278 4613 περίεργα
1333 4537 1665 4611 πραξάντων,
1717 4536 1960 4612 συνενέγο

291 4648 550 4688 «καντες
606 4629 704 4687 τὰς
765 4621 994 4701 βίϐλους
1069 4625 1353 4680 κατέκαιον
1433 4625 1661 4680 ἐνώπιον
1716 4625 1955 4681 πάντων·
1994 4606 2040 4670 D

290 4745 319 4770 ιι
355 4716 455 4774 καὶ
489 4717 860 4793 συνεψήφισαν
889 4717 984 4774 τὰς
1013 4715 1181 4786 τιμὰς
1239 4713 1441 4784 αὑτῶν,
1499 4715 1588 4770 καὶ
1648 4715 1806 4789 εὗρον
1862 4715 1960 4788 ἀρ-

289 4833 321 4860 α
356 4805 563 4880 γυρίου
597 4801 863 4877 μυριάδας
893 4799 1070 4859 πέντε.
1102 4803 1292 4864 Οῦτως
1333 4804 1469 4858 κατὰ
1523 4803 1722 4876 κράτος
1775 4805 1802 4858 6
1864 4802 1958 4859 λό-

292 4921 322 4947 οι
359 4915 465 4968 γος
493 4896 591 4946 τοῦ
625 4891 822 4965 Κυρίου
852 4887 1047 4961 ηὔξανε
1103 4892 1194 4946 καὶ
1254 4889 1466 4968 ἴσχυεν.
1527 4893 1614 4953 Ὠς
1675 4890 1731 4946 δὲ
1781 4891 1960 4963 ἐπλη-

295 5010 328 5037 cr
362 4985 519 5058 ρώθη
554 4986 742 5050 ταῦτα,
774 4979 928 5037 ἔθετο
954 4982 982 5035 ὁ
1012 4982 1228 5045 Παῦλος
1259 4981 1310 5036 ἐν
1358 4987 1437 5053 τῷ
1497 4983 1764 5056 πνεύματι
1812 4981 1957 5039 διελ-

301 5102 322 5126 ι
364 5077 479 5138 θὼν
510 5077 609 5141 την
645 5070 982 5130 Μακεδονίαν
1042 5075 1131 5127 καὶ
1195 5073 1448 5148 Ἀχαίαν,
1503 5073 1826 5149 πορεύεσθαι
1886 5074 1962 5138 εἷς

297 5162 751 5236 «ιἹερουσαλήμ,
813 5162 998 5228 εἰπὼν,
1085 5163 1170 5218 ὃτι
1252 5163 1404 5219 Μετά
1459 5163 1522 5218 τὸ
1590 5163 1835 5236 γενέσθαι
1895 5186 1961 5236 με

297 5253 498 5319 «ἐκεῖ,
533 5249 614 5306 δεῖ
673 5271 740 5323 με
767 5251 858 5305 καὶ
885 5251 1110 5325 Ῥώμην
1157 5249 1312 5306 ἰδεῖν.
1369 5253 1721 5316 Ἀποστείλας
1769 5251 1826 5307 δὲ
1883 5255 1958 5315 εἷς

298 5370 329 5393 ‹‹
364 5343 470 5408 τήν
504 5337 840 5397 Μακεδονίαν
893 5338 988 5394 δύο
1029 5344 1137 5395 τῶν
1193 5339 1594 5395 διακονούντων
1643 5343 1814 5414 αύτῷ,
1872 5345 1962 5397 Τι-

303 5456 332 5481 ει
371 5430 569 5503 μόθεον
592 5428 679 5483 καὶ
711 5431 996 5501 "Epeo-10v,
1032 5429 1191 5493 αὐτὸς
1242 5428 1439 5504 ἐπέσχε
1497 5430 1693 5504 χρόνον
1753 5431 1830 5492 εἰς
1859 5433 1958 5500 τήν

300 5544 333 5573 α
365 5517 574 5576 Ἀσίαν.
611 5517 854 5592 Ἐγένετο
883 5515 941 5572 δὲ
970 5519 1110 5573 κατά
1136 5519 1229 5573 τὸν
1286 5520 1474 5591 καιρὸν
1535 5518 1738 5574 ἐκεῖνον
1796 5519 1957 5594 τάρα-

302 5633 335 5663 α
366 5628 471 5683 χος
505 5608 605 5662 οὑκ
633 5605 820 5682 ὀλίγος
852 5609 974 5682 περί
1022 5610 1124 5676 τῆς
1157 5605 1306 5665 ὁδοῦ.
1342 5611 1660 5682 Δημήτριος
1716 5609 1818 5684 γάρ
1876 5631 1960 5672 τις

309 5720 341 5748 α
377 5695 624 5769 ὀνόματι,
656 5695 1058 5768 ἀργυροκόπος,
1089 5696 1262 5752 ποιῶν
1313 5697 1472 5760 ναοὺς
1526 5697 1796 5773 ἀργυροῦς
1829 5699 1960 5774 Ἀρ-

2072 4558 2359 4612 «quoque
2391 4559 2459 4596 cx
2513 4543 2584 4596 iis
2642 4543 2742 4612 qui
2794 4543 3058 4597 curiosas
3098 4548 3254 4595 artes
3307 4544 3712 4602 exercuerant,

2072 4653 2100 4680 ‹‹
2135 4636 2534 4703 comportatos
2567 4631 2916 4686 libroslAG
2943 4635 3503 4686 exnsseruntcoram
3526 4628 3715 4681 omni-

2072 4745 2100 4772 «
2134 4722 2244 4777 bus
2269 4728 2354 4776 :et
2383 4723 2715 4794 supputatis
2748 4721 2980 4775 illorum
3011 4718 3716 4789 pretiis,inveneruntar—

2070 4833 2098 4862 ‹‹
2131 4813 2290 4883 genti
2323 4811 2755 4882 quinquaginta
2778 4809 2985 4863 millia.
3019 4811 3105 4862 Ita
3133 4808 3364 4862 fortiter
3415 4795 3716 4862 crescebat

2070 4923 2098 4951 «
2131 4901 2372 4954 verbum
2409 4899 2640 4953 Domini
2689 4915 2757 4953 ac
2809 4897 3292 4953 conﬁrmabatur.
3361 4898 3458 4951 llis
3518 4903 3714 4952 autem

2071 5010 2098 5035 ‹‹
2132 4988 2382 5058 expletis
2405 4985 2943 5058 proposuitPaulus
2971 4987 3031 5040 in
3046 4986 3254 5055 spiritu
3273 4987 3521 5041 transita
3536 4988 3714 5040 Mace-

2070 5099 2097 5126 ‹‹
2132 5077 2311 5132 donia
2337 5083 2395 5132 et
2425 5077 2645 5131 Achaia
2693 5076 2986 5146 proﬁcisci
3039 5077 3423 5148 Jerosolyma,
3457 5076 3662 5130 dicens
3697 5091 3710 5128 :

2073 5189 2101 5215 «
2136 5172 2446 5237 Postquam
2481 5166 2559 5220 ibi
2592 5165 3021 5236 fuero,oportet
3045 5184 3136 5221 me
3151 5172 3209 5222 et
3233 5169 3474 5222 Romam
3492 5166 3705 5221 videre.

2070 5280 2096 5306 ‹‹
2133 5257 2324 5310 Missis
2355 5262 2549 5310 autem
2577 5255 2804 5312 duobus
2819 5274 2887 5312 ex
2921 5257 2990 5312 iis
3021 5258 3121 5328 qui
3149 5257 3713 5322 sibiministrabant,

2075 5368 2094 5394 α
2117 5345 2707 5401 videlicetTimotheo
2723 5348 3146 5418 etErasto,ipse
3161 5347 3468 5402 mansitad
3484 5354 3714 5418 tempus

2073 5457 2100 5485 «
2128 5435 2189 5488 in
2221 5435 2375 5490 Asia.
2412 5437 2585 5490 Ortus
2615 5442 2705 5490 est
2734 5443 2930 5491 autem
2977 5437 3079 5490 illo
3121 5443 3385 5507 tempore
3427 5438 3714 5492 tumultus

2070 5551 2098 5578 ‹‹
2133 5542 2251 5581 non
2277 5527 2522 5597 exiguus
2552 5525 2623 5580 de
2653 5526 2782 5596 ipsa
2812 5525 2924 5581 via.
2958 5524 3205 5590 Quidam
3264 5525 3422 5578 enim
3472 5525 3712 5578 nomine

2070 5640 2096 5667 ‹‹
2132 5615 2463 5671 Demetrius
2485 5615 2648 5670 faber
2677 5617 3066 5688 argentarius,
3084 5616 3182 5686 qui
3205 5612 3712 5669 faciebatdelubra

2071 5728 2099 5755 ‹‹
2131 5710 2408 5778 argentea
2439 5705 2658 5768 Dianai,
2691 5705 3012 5775 prwstabat
3058 5702 3385 5760 artificibus
3433 5716 3552 5755 non
3585 5713 3712 5768 par-
