  <div class='ocr_page' id='page_1' title='image "/cluster/home/n/w/nwhite01/storage/ocr_20150623/118/hvd.32044073502247/131.png"; bbox 0 0 4176 6200; ppageno 0'>
   <div class='ocr_carea' id='block_1_1' title="bbox 403 354 514 415">
    <p class='ocr_par' dir='ltr' id='par_1_1' title="bbox 403 354 514 415">
     <span class='ocr_line' id='line_1_1' title="bbox 403 354 514 415; baseline 0 0"><span class='ocrx_word' id='word_1_1' title='bbox 403 354 514 415; x_wconf 73' lang='grc'>251</span> 
     </span>
    </p>
   </div>
   <div class='ocr_carea' id='block_1_2' title="bbox 1494 340 2659 414">
    <p class='ocr_par' dir='ltr' id='par_1_2' title="bbox 1494 340 2659 414">
     <span class='ocr_line' id='line_1_2' title="bbox 1494 340 2659 414; baseline -0.008 0"><span class='ocrx_word' id='word_1_2' title='bbox 1494 347 1908 414; x_wconf 82' lang='lat' dir='ltr'>(ECUMENII</span> <span class='ocrx_word' id='word_1_3' title='bbox 1951 342 2261 407; x_wconf 58' lang='lat' dir='ltr'>TBICCﬂ</span> <span class='ocrx_word' id='word_1_4' title='bbox 2305 340 2659 405; x_wconf 86' lang='lat' dir='ltr'>EPISCOPI</span> 
     </span>
    </p>
   </div>
   <div class='ocr_carea' id='block_1_3' title="bbox 3700 343 3820 405">
    <p class='ocr_par' dir='ltr' id='par_1_3' title="bbox 3700 343 3820 405">
     <span class='ocr_line' id='line_1_3' title="bbox 3700 343 3820 405; baseline 0 0"><span class='ocrx_word' id='word_1_5' title='bbox 3700 343 3820 405; x_wconf 76' lang='grc'>252</span> 
     </span>
    </p>
   </div>
   <div class='ocr_carea' id='block_1_4' title="bbox 408 471 2069 563">
    <p class='ocr_par' dir='ltr' id='par_1_4' title="bbox 408 480 2054 563">
     <span class='ocr_line' id='line_1_4' title="bbox 408 480 2054 563; baseline -0.007 -16"><span class='ocrx_word' id='word_1_6' title='bbox 408 516 438 547; x_wconf 74' lang='grc' dir='ltr'>κ</span> <span class='ocrx_word' id='word_1_7' title='bbox 471 509 606 549; x_wconf 88' lang='lat' dir='ltr'>vum</span> <span class='ocrx_word' id='word_1_8' title='bbox 640 493 931 563; x_wconf 76' lang='lat' dir='ltr'>quaestum</span> <span class='ocrx_word' id='word_1_9' title='bbox 954 485 1199 559; x_wconf 87' lang='lat' dir='ltr'>:quibus</span> <span class='ocrx_word' id='word_1_10' title='bbox 1214 488 1563 546; x_wconf 76' lang='lat' dir='ltr'>convocatis</span> <span class='ocrx_word' id='word_1_11' title='bbox 1582 487 1743 549; x_wconf 86' lang='lat' dir='ltr'>ethis</span> <span class='ocrx_word' id='word_1_12' title='bbox 1774 484 1873 558; x_wconf 89' lang='lat' dir='ltr'>qui</span> <span class='ocrx_word' id='word_1_13' title='bbox 1895 480 2054 540; x_wconf 90' lang='lat' dir='ltr'>simi-</span> 
     </span>
    </p>
   </div>
   <div class='ocr_carea' id='block_1_5' title="bbox 2181 471 3824 563">
    <p class='ocr_par' dir='ltr' id='par_1_5' title="bbox 2181 471 3824 557">
     <span class='ocr_line' id='line_1_5' title="bbox 2181 471 3824 557; baseline 0.005 -30"><span class='ocrx_word' id='word_1_14' title='bbox 2181 474 2463 551; x_wconf 82' lang='grc' dir='ltr'>ιτέμιδος,</span> <span class='ocrx_word' id='word_1_15' title='bbox 2512 476 2810 557; x_wconf 89' lang='grc' dir='ltr'>παρείχετο</span> <span class='ocrx_word' id='word_1_16' title='bbox 2857 479 2975 538; x_wconf 89' lang='grc' dir='ltr'>τοῖς</span> <span class='ocrx_word' id='word_1_17' title='bbox 3039 471 3318 551; x_wconf 75' lang='grc' dir='ltr'>τεχνίταις</span> <span class='ocrx_word' id='word_1_18' title='bbox 3374 473 3629 553; x_wconf 78' lang='grc' dir='ltr'>ἐργασίαν</span> <span class='ocrx_word' id='word_1_19' title='bbox 3715 481 3824 536; x_wconf 76' lang='grc' dir='ltr'>οὐκ</span> 
     </span>
    </p>
   </div>
   <div class='ocr_carea' id='block_1_6' title="bbox 416 573 2053 649">
    <p class='ocr_par' dir='ltr' id='par_1_6' title="bbox 416 573 2053 649">
     <span class='ocr_line' id='line_1_6' title="bbox 416 573 2053 649; baseline -0.002 -16"><span class='ocrx_word' id='word_1_20' title='bbox 416 606 437 633; x_wconf 78' lang='grc' dir='ltr'>α</span> <span class='ocrx_word' id='word_1_21' title='bbox 472 583 617 637; x_wconf 90' lang='lat' dir='ltr'>lium</span> <span class='ocrx_word' id='word_1_22' title='bbox 651 594 848 633; x_wconf 90' lang='lat' dir='ltr'>rerum</span> <span class='ocrx_word' id='word_1_23' title='bbox 877 582 1047 633; x_wconf 85' lang='lat' dir='ltr'>erant</span> <span class='ocrx_word' id='word_1_24' title='bbox 1072 578 1492 649; x_wconf 79' lang='lat' dir='ltr'>opiﬁces,dixit</span> <span class='ocrx_word' id='word_1_25' title='bbox 1517 596 1529 633; x_wconf 91' lang='lat'>:</span> <span class='ocrx_word' id='word_1_26' title='bbox 1554 576 1869 647; x_wconf 88' lang='lat' dir='ltr'>Viri,scitis</span> <span class='ocrx_word' id='word_1_27' title='bbox 1897 573 2053 647; x_wconf 94' lang='lat' dir='ltr'>quod</span> 
     </span>
    </p>
   </div>
   <div class='ocr_carea' id='block_1_7' title="bbox 411 666 2057 738">
    <p class='ocr_par' dir='ltr' id='par_1_7' title="bbox 411 666 2057 738">
     <span class='ocr_line' id='line_1_7' title="bbox 411 666 2057 738; baseline -0.002 -16"><span class='ocrx_word' id='word_1_28' title='bbox 411 694 439 722; x_wconf 79' lang='grc' dir='ltr'>ι(</span> <span class='ocrx_word' id='word_1_29' title='bbox 474 686 543 725; x_wconf 86' lang='lat' dir='ltr'>ex</span> <span class='ocrx_word' id='word_1_30' title='bbox 573 668 683 722; x_wconf 91' lang='lat' dir='ltr'>hoc</span> <span class='ocrx_word' id='word_1_31' title='bbox 712 666 948 738; x_wconf 81' lang='lat' dir='ltr'>cpiﬂcio</span> <span class='ocrx_word' id='word_1_32' title='bbox 972 671 1236 738; x_wconf 59' lang='lat' dir='ltr'>quaestus</span> <span class='ocrx_word' id='word_1_33' title='bbox 1267 667 1439 723; x_wconf 88' lang='lat' dir='ltr'>nobis</span> <span class='ocrx_word' id='word_1_34' title='bbox 1474 673 1563 724; x_wconf 89' lang='lat' dir='ltr'>est</span> <span class='ocrx_word' id='word_1_35' title='bbox 1593 685 1606 724; x_wconf 89' lang='lat'>:</span> <span class='ocrx_word' id='word_1_36' title='bbox 1636 673 1696 722; x_wconf 94' lang='lat' dir='ltr'>et</span> <span class='ocrx_word' id='word_1_37' title='bbox 1750 666 1960 721; x_wconf 75' lang='lat' dir='ltr'>videtis</span> <span class='ocrx_word' id='word_1_38' title='bbox 1991 680 2057 719; x_wconf 90' lang='lat' dir='ltr'>ac</span> 
     </span>
    </p>
   </div>
   <div class='ocr_carea' id='block_1_8' title="bbox 409 755 2056 829">
    <p class='ocr_par' dir='ltr' id='par_1_8' title="bbox 409 755 2056 829">
     <span class='ocr_line' id='line_1_8' title="bbox 409 755 2056 829; baseline -0.001 -19"><span class='ocrx_word' id='word_1_39' title='bbox 409 781 438 810; x_wconf 78' lang='grc' dir='ltr'>(ι</span> <span class='ocrx_word' id='word_1_40' title='bbox 470 756 710 820; x_wconf 78' lang='lat' dir='ltr'>auditis,</span> <span class='ocrx_word' id='word_1_41' title='bbox 746 755 905 827; x_wconf 92' lang='lat' dir='ltr'>quod</span> <span class='ocrx_word' id='word_1_42' title='bbox 935 773 1056 810; x_wconf 93' lang='lat' dir='ltr'>non</span> <span class='ocrx_word' id='word_1_43' title='bbox 1080 756 1275 811; x_wconf 88' lang='lat' dir='ltr'>solum</span> <span class='ocrx_word' id='word_1_44' title='bbox 1304 758 1543 829; x_wconf 85' lang='lat' dir='ltr'>Ephesi,</span> <span class='ocrx_word' id='word_1_45' title='bbox 1588 756 1691 813; x_wconf 90' lang='lat' dir='ltr'>sed</span> <span class='ocrx_word' id='word_1_46' title='bbox 1738 772 1843 828; x_wconf 91' lang='lat' dir='ltr'>per</span> <span class='ocrx_word' id='word_1_47' title='bbox 1873 761 2056 810; x_wconf 87' lang='lat' dir='ltr'>totam</span> 
     </span>
    </p>
   </div>
   <div class='ocr_carea' id='block_1_9' title="bbox 410 845 2057 917">
    <p class='ocr_par' dir='ltr' id='par_1_9' title="bbox 410 845 2057 917">
     <span class='ocr_line' id='line_1_9' title="bbox 410 845 2057 917; baseline 0.001 -21"><span class='ocrx_word' id='word_1_48' title='bbox 410 862 620 917; x_wconf 80' lang='lat' dir='ltr'>«pene</span> <span class='ocrx_word' id='word_1_49' title='bbox 681 845 883 900; x_wconf 83' lang='lat' dir='ltr'><strong>Asiam</strong></span> <span class='ocrx_word' id='word_1_50' title='bbox 933 845 1151 901; x_wconf 85' lang='lat' dir='ltr'>Paulus</span> <span class='ocrx_word' id='word_1_51' title='bbox 1200 847 1296 900; x_wconf 89' lang='lat' dir='ltr'>hic</span> <span class='ocrx_word' id='word_1_52' title='bbox 1355 847 1671 917; x_wconf 89' lang='lat' dir='ltr'>persuasit,</span> <span class='ocrx_word' id='word_1_53' title='bbox 1730 845 2057 915; x_wconf 75' lang='lat' dir='ltr'>avertitque</span> 
     </span>
    </p>
   </div>
   <div class='ocr_carea' id='block_1_10' title="bbox 408 933 2056 1006">
    <p class='ocr_par' dir='ltr' id='par_1_10' title="bbox 408 933 2056 1006">
     <span class='ocr_line' id='line_1_10' title="bbox 408 933 2056 1006; baseline 0.002 -21"><span class='ocrx_word' id='word_1_54' title='bbox 408 959 434 985; x_wconf 87' lang='grc'><strong>‹‹</strong></span> <span class='ocrx_word' id='word_1_55' title='bbox 469 935 721 990; x_wconf 87' lang='lat' dir='ltr'>multam</span> <span class='ocrx_word' id='word_1_56' title='bbox 755 935 1010 998; x_wconf 85' lang='lat' dir='ltr'>turbam,</span> <span class='ocrx_word' id='word_1_57' title='bbox 1044 936 1287 991; x_wconf 90' lang='lat' dir='ltr'>dicens:</span> <span class='ocrx_word' id='word_1_58' title='bbox 1321 938 1447 991; x_wconf 86' lang='lat' dir='ltr'>Non</span> <span class='ocrx_word' id='word_1_59' title='bbox 1479 935 1719 991; x_wconf 87' lang='lat' dir='ltr'>suntdii</span> <span class='ocrx_word' id='word_1_60' title='bbox 1746 934 1848 1006; x_wconf 92' lang='lat' dir='ltr'>qui</span> <span class='ocrx_word' id='word_1_61' title='bbox 1867 933 2056 989; x_wconf 85' lang='lat' dir='ltr'>mani-</span> 
     </span>
    </p>
   </div>
   <div class='ocr_carea' id='block_1_11' title="bbox 413 1023 2057 1098">
    <p class='ocr_par' dir='ltr' id='par_1_11' title="bbox 413 1023 2057 1098">
     <span class='ocr_line' id='line_1_11' title="bbox 413 1023 2057 1098; baseline 0.001 -23"><span class='ocrx_word' id='word_1_62' title='bbox 413 1048 441 1076; x_wconf 73' lang='grc' dir='ltr'>ιι</span> <span class='ocrx_word' id='word_1_63' title='bbox 473 1023 584 1081; x_wconf 90' lang='lat' dir='ltr'>bus</span> <span class='ocrx_word' id='word_1_64' title='bbox 619 1025 790 1080; x_wconf 79' lang='lat' dir='ltr'>fiunt.</span> <span class='ocrx_word' id='word_1_65' title='bbox 820 1027 945 1080; x_wconf 87' lang='lat' dir='ltr'>Non</span> <span class='ocrx_word' id='word_1_66' title='bbox 979 1025 1169 1080; x_wconf 91' lang='lat' dir='ltr'>solum</span> <span class='ocrx_word' id='word_1_67' title='bbox 1200 1030 1397 1081; x_wconf 88' lang='lat' dir='ltr'>autem</span> <span class='ocrx_word' id='word_1_68' title='bbox 1431 1026 1557 1081; x_wconf 72' lang='lat' dir='ltr'>hmo</span> <span class='ocrx_word' id='word_1_69' title='bbox 1613 1042 1752 1098; x_wconf 89' lang='lat' dir='ltr'>pars</span> <span class='ocrx_word' id='word_1_70' title='bbox 1792 1023 1965 1080; x_wconf 89' lang='lat' dir='ltr'>nobis</span> <span class='ocrx_word' id='word_1_71' title='bbox 1995 1024 2057 1078; x_wconf 89' lang='lat' dir='ltr'>in</span> 
     </span>
    </p>
   </div>
   <div class='ocr_carea' id='block_1_12' title="bbox 409 1115 2060 1188">
    <p class='ocr_par' dir='ltr' id='par_1_12' title="bbox 409 1115 2060 1188">
     <span class='ocr_line' id='line_1_12' title="bbox 409 1115 2060 1188; baseline 0.002 -22"><span class='ocrx_word' id='word_1_72' title='bbox 409 1138 438 1167; x_wconf 86' lang='grc'>‹‹</span> <span class='ocrx_word' id='word_1_73' title='bbox 472 1115 804 1188; x_wconf 89' lang='lat' dir='ltr'>periculum</span> <span class='ocrx_word' id='word_1_74' title='bbox 833 1116 991 1170; x_wconf 83' lang='lat' dir='ltr'>venit</span> <span class='ocrx_word' id='word_1_75' title='bbox 1018 1131 1093 1170; x_wconf 91' lang='lat' dir='ltr'>ne</span> <span class='ocrx_word' id='word_1_76' title='bbox 1123 1117 1494 1187; x_wconf 89' lang='lat' dir='ltr'>reprobetur,</span> <span class='ocrx_word' id='word_1_77' title='bbox 1529 1133 1730 1171; x_wconf 87' lang='lat' dir='ltr'>verum</span> <span class='ocrx_word' id='word_1_78' title='bbox 1763 1116 1942 1171; x_wconf 88' lang='lat' dir='ltr'>etiam</span> <span class='ocrx_word' id='word_1_79' title='bbox 1985 1129 2060 1169; x_wconf 86' lang='lat' dir='ltr'>ne</span> 
     </span>
    </p>
   </div>
   <div class='ocr_carea' id='block_1_13' title="bbox 414 1205 2058 1278">
    <p class='ocr_par' dir='ltr' id='par_1_13' title="bbox 414 1205 2058 1278">
     <span class='ocr_line' id='line_1_13' title="bbox 414 1205 2058 1278; baseline 0 -20"><span class='ocrx_word' id='word_1_80' title='bbox 414 1228 441 1258; x_wconf 84' lang='lat'><strong>«</strong></span> <span class='ocrx_word' id='word_1_81' title='bbox 474 1222 701 1278; x_wconf 76' lang='lat' dir='ltr'>magnm</span> <span class='ocrx_word' id='word_1_82' title='bbox 733 1205 931 1261; x_wconf 70' lang='lat' dir='ltr'>Dianae</span> <span class='ocrx_word' id='word_1_83' title='bbox 962 1206 1251 1277; x_wconf 86' lang='lat' dir='ltr'>templum</span> <span class='ocrx_word' id='word_1_84' title='bbox 1299 1207 1360 1260; x_wconf 91' lang='lat' dir='ltr'>in</span> <span class='ocrx_word' id='word_1_85' title='bbox 1418 1206 1673 1261; x_wconf 87' lang='lat' dir='ltr'>nihilum</span> <span class='ocrx_word' id='word_1_86' title='bbox 1730 1210 2058 1276; x_wconf 90' lang='lat' dir='ltr'>reputetur,</span> 
     </span>
    </p>
   </div>
   <div class='ocr_carea' id='block_1_14' title="bbox 412 1294 2059 1367">
    <p class='ocr_par' dir='ltr' id='par_1_14' title="bbox 412 1294 2059 1367">
     <span class='ocr_line' id='line_1_14' title="bbox 412 1294 2059 1367; baseline -0.001 -18"><span class='ocrx_word' id='word_1_87' title='bbox 412 1317 437 1348; x_wconf 74' lang='grc' dir='ltr'>α</span> <span class='ocrx_word' id='word_1_88' title='bbox 464 1296 850 1366; x_wconf 90' lang='lat' dir='ltr'>futurumque</span> <span class='ocrx_word' id='word_1_89' title='bbox 866 1294 1018 1350; x_wconf 90' lang='lat' dir='ltr'>situt</span> <span class='ocrx_word' id='word_1_90' title='bbox 1042 1296 1221 1351; x_wconf 85' lang='lat' dir='ltr'>etiam</span> <span class='ocrx_word' id='word_1_91' title='bbox 1243 1296 1583 1351; x_wconf 85' lang='lat' dir='ltr'>destruatur</span> <span class='ocrx_word' id='word_1_92' title='bbox 1614 1294 2059 1367; x_wconf 73' lang='lat' dir='ltr'>majestasejus,</span> 
     </span>
    </p>
   </div>
   <div class='ocr_carea' id='block_1_15' title="bbox 410 1381 2061 1456">
    <p class='ocr_par' dir='ltr' id='par_1_15' title="bbox 410 1381 2061 1456">
     <span class='ocr_line' id='line_1_15' title="bbox 410 1381 2061 1456; baseline -0.001 -19"><span class='ocrx_word' id='word_1_93' title='bbox 410 1408 437 1437; x_wconf 82' lang='grc'>‹‹</span> <span class='ocrx_word' id='word_1_94' title='bbox 474 1401 651 1456; x_wconf 91' lang='lat' dir='ltr'>quam</span> <span class='ocrx_word' id='word_1_95' title='bbox 686 1389 807 1439; x_wconf 87' lang='lat' dir='ltr'>tota</span> <span class='ocrx_word' id='word_1_96' title='bbox 836 1385 972 1439; x_wconf 84' lang='lat' dir='ltr'>Asia</span> <span class='ocrx_word' id='word_1_97' title='bbox 1003 1390 1062 1439; x_wconf 91' lang='lat' dir='ltr'>et</span> <span class='ocrx_word' id='word_1_98' title='bbox 1091 1385 1251 1439; x_wconf 89' lang='lat' dir='ltr'>orbis</span> <span class='ocrx_word' id='word_1_99' title='bbox 1275 1385 1435 1441; x_wconf 88' lang='lat' dir='ltr'>colit.</span> <span class='ocrx_word' id='word_1_100' title='bbox 1471 1385 1570 1438; x_wconf 88' lang='lat' dir='ltr'>His</span> <span class='ocrx_word' id='word_1_101' title='bbox 1601 1383 1821 1440; x_wconf 88' lang='lat' dir='ltr'>auditis</span> <span class='ocrx_word' id='word_1_102' title='bbox 1849 1381 2061 1454; x_wconf 85' lang='lat' dir='ltr'>repleti</span> 
     </span>
    </p>
   </div>
   <div class='ocr_carea' id='block_1_16' title="bbox 411 1472 2063 1545">
    <p class='ocr_par' dir='ltr' id='par_1_16' title="bbox 411 1472 2063 1545">
     <span class='ocr_line' id='line_1_16' title="bbox 411 1472 2063 1545; baseline 0 -19"><span class='ocrx_word' id='word_1_103' title='bbox 411 1498 440 1526; x_wconf 77' lang='grc' dir='ltr'>ι(</span> <span class='ocrx_word' id='word_1_104' title='bbox 476 1478 615 1529; x_wconf 90' lang='lat' dir='ltr'>sunt</span> <span class='ocrx_word' id='word_1_105' title='bbox 645 1473 753 1540; x_wconf 87' lang='lat' dir='ltr'>ira,</span> <span class='ocrx_word' id='word_1_106' title='bbox 816 1478 875 1527; x_wconf 91' lang='lat' dir='ltr'>et</span> <span class='ocrx_word' id='word_1_107' title='bbox 926 1472 1430 1541; x_wconf 81' lang='lat' dir='ltr'>exclamaverunt,</span> <span class='ocrx_word' id='word_1_108' title='bbox 1486 1474 1799 1529; x_wconf 88' lang='lat' dir='ltr'>dicentes:</span> <span class='ocrx_word' id='word_1_109' title='bbox 1854 1475 2063 1545; x_wconf 78' lang='lat' dir='ltr'>Magna</span> 
     </span>
    </p>
   </div>
   <div class='ocr_carea' id='block_1_17' title="bbox 411 1562 2062 1636">
    <p class='ocr_par' dir='ltr' id='par_1_17' title="bbox 411 1562 2062 1636">
     <span class='ocr_line' id='line_1_17' title="bbox 411 1562 2062 1636; baseline 0.004 -23"><span class='ocrx_word' id='word_1_110' title='bbox 411 1585 439 1613; x_wconf 81' lang='grc'>‹‹</span> <span class='ocrx_word' id='word_1_111' title='bbox 472 1564 657 1618; x_wconf 88' lang='lat' dir='ltr'>Diana</span> <span class='ocrx_word' id='word_1_112' title='bbox 686 1562 1078 1633; x_wconf 88' lang='lat' dir='ltr'>Ephesiorum</span> <span class='ocrx_word' id='word_1_113' title='bbox 1108 1562 1119 1617; x_wconf 87' lang='grc' dir='ltr'>ι</span> <span class='ocrx_word' id='word_1_114' title='bbox 1153 1564 1523 1636; x_wconf 87' lang='lat' dir='ltr'>Impletaque</span> <span class='ocrx_word' id='word_1_115' title='bbox 1580 1570 1671 1620; x_wconf 86' lang='lat' dir='ltr'>est</span> <span class='ocrx_word' id='word_1_116' title='bbox 1706 1569 1830 1619; x_wconf 87' lang='lat' dir='ltr'>tota</span> <span class='ocrx_word' id='word_1_117' title='bbox 1860 1564 2062 1619; x_wconf 85' lang='lat' dir='ltr'>civitas</span> 
     </span>
    </p>
   </div>
   <div class='ocr_carea' id='block_1_18' title="bbox 416 1652 2062 1723">
    <p class='ocr_par' dir='ltr' id='par_1_18' title="bbox 416 1652 2062 1723">
     <span class='ocr_line' id='line_1_18' title="bbox 416 1652 2062 1723; baseline 0.004 -21"><span class='ocrx_word' id='word_1_118' title='bbox 416 1673 437 1702; x_wconf 76' lang='grc' dir='ltr'>ι</span> <span class='ocrx_word' id='word_1_119' title='bbox 473 1652 845 1716; x_wconf 84' lang='lat' dir='ltr'>confusione,</span> <span class='ocrx_word' id='word_1_120' title='bbox 877 1656 933 1705; x_wconf 85' lang='lat' dir='ltr'>et</span> <span class='ocrx_word' id='word_1_121' title='bbox 964 1652 1255 1723; x_wconf 89' lang='lat' dir='ltr'>impetum</span> <span class='ocrx_word' id='word_1_122' title='bbox 1285 1653 1558 1708; x_wconf 89' lang='lat' dir='ltr'>fecerunt</span> <span class='ocrx_word' id='word_1_123' title='bbox 1595 1670 1714 1709; x_wconf 89' lang='lat' dir='ltr'>uno</span> <span class='ocrx_word' id='word_1_124' title='bbox 1746 1654 1941 1709; x_wconf 89' lang='lat' dir='ltr'>animo</span> <span class='ocrx_word' id='word_1_125' title='bbox 1998 1654 2062 1708; x_wconf 88' lang='lat' dir='ltr'>in</span> 
     </span>
    </p>
   </div>
   <div class='ocr_carea' id='block_1_19' title="bbox 421 1742 2062 1812">
    <p class='ocr_par' dir='ltr' id='par_1_19' title="bbox 421 1742 2062 1812">
     <span class='ocr_line' id='line_1_19' title="bbox 421 1742 2062 1812; baseline 0.005 -21"><span class='ocrx_word' id='word_1_126' title='bbox 421 1762 449 1791; x_wconf 85' lang='lat'><strong>«</strong></span> <span class='ocrx_word' id='word_1_127' title='bbox 484 1742 803 1808; x_wconf 83' lang='lat' dir='ltr'>theatrum,</span> <span class='ocrx_word' id='word_1_128' title='bbox 837 1747 1109 1812; x_wconf 89' lang='lat' dir='ltr'>correpto</span> <span class='ocrx_word' id='word_1_129' title='bbox 1133 1742 1268 1797; x_wconf 87' lang='lat' dir='ltr'>Caio</span> <span class='ocrx_word' id='word_1_130' title='bbox 1318 1748 1375 1796; x_wconf 89' lang='lat' dir='ltr'>et</span> <span class='ocrx_word' id='word_1_131' title='bbox 1416 1743 1757 1799; x_wconf 81' lang='lat' dir='ltr'>Aristarcho</span> <span class='ocrx_word' id='word_1_132' title='bbox 1797 1743 2062 1799; x_wconf 82' lang='lat' dir='ltr'>Macedo-</span> 
     </span>
    </p>
   </div>
   <div class='ocr_carea' id='block_1_20' title="bbox 414 1831 2143 1909">
    <p class='ocr_par' dir='ltr' id='par_1_20' title="bbox 414 1831 2143 1909">
     <span class='ocr_line' id='line_1_20' title="bbox 414 1831 2143 1909; baseline 0.004 -26"><span class='ocrx_word' id='word_1_133' title='bbox 414 1852 443 1883; x_wconf 76' lang='grc' dir='ltr'>ιι</span> <span class='ocrx_word' id='word_1_134' title='bbox 476 1832 653 1886; x_wconf 89' lang='lat' dir='ltr'>nibus</span> <span class='ocrx_word' id='word_1_135' title='bbox 684 1831 1003 1886; x_wconf 89' lang='lat' dir='ltr'>comitibus</span> <span class='ocrx_word' id='word_1_136' title='bbox 1033 1832 1226 1887; x_wconf 88' lang='lat' dir='ltr'>Pauli.</span> <span class='ocrx_word' id='word_1_137' title='bbox 1288 1836 1551 1903; x_wconf 89' lang='lat' dir='ltr'>Cumque</span> <span class='ocrx_word' id='word_1_138' title='bbox 1609 1832 1791 1889; x_wconf 86' lang='lat' dir='ltr'>vellet</span> <span class='ocrx_word' id='word_1_139' title='bbox 1846 1833 2066 1890; x_wconf 83' lang='lat' dir='ltr'>Paulus</span> <span class='ocrx_word' id='word_1_140' title='bbox 2100 1844 2143 1909; x_wconf 80' lang='grc' dir='ltr'><strong>Β</strong></span> 
     </span>
    </p>
   </div>
   <div class='ocr_carea' id='block_1_21' title="bbox 416 1919 2061 1995">
    <p class='ocr_par' dir='ltr' id='par_1_21' title="bbox 416 1919 2061 1995">
     <span class='ocr_line' id='line_1_21' title="bbox 416 1919 2061 1995; baseline 0.005 -24"><span class='ocrx_word' id='word_1_141' title='bbox 416 1942 443 1970; x_wconf 87' lang='grc'>‹‹</span> <span class='ocrx_word' id='word_1_142' title='bbox 475 1920 696 1974; x_wconf 89' lang='lat' dir='ltr'>intrare</span> <span class='ocrx_word' id='word_1_143' title='bbox 727 1919 800 1975; x_wconf 92' lang='lat' dir='ltr'>ad</span> <span class='ocrx_word' id='word_1_144' title='bbox 830 1919 1141 1991; x_wconf 90' lang='lat' dir='ltr'>populum,</span> <span class='ocrx_word' id='word_1_145' title='bbox 1176 1938 1293 1976; x_wconf 89' lang='lat' dir='ltr'>non</span> <span class='ocrx_word' id='word_1_146' title='bbox 1355 1922 1514 1993; x_wconf 85' lang='lat' dir='ltr'>passi</span> <span class='ocrx_word' id='word_1_147' title='bbox 1573 1929 1711 1978; x_wconf 87' lang='lat' dir='ltr'>sunt</span> <span class='ocrx_word' id='word_1_148' title='bbox 1762 1923 2061 1995; x_wconf 82' lang='lat' dir='ltr'>discipuli.</span> 
     </span>
    </p>
   </div>
   <div class='ocr_carea' id='block_1_22' title="bbox 415 2008 2066 2083">
    <p class='ocr_par' dir='ltr' id='par_1_22' title="bbox 415 2008 2066 2083">
     <span class='ocr_line' id='line_1_22' title="bbox 415 2008 2066 2083; baseline 0.005 -25"><span class='ocrx_word' id='word_1_149' title='bbox 415 2032 442 2058; x_wconf 83' lang='grc'>‹‹</span> <span class='ocrx_word' id='word_1_150' title='bbox 480 2008 730 2073; x_wconf 88' lang='lat' dir='ltr'>Quidam</span> <span class='ocrx_word' id='word_1_151' title='bbox 763 2014 960 2064; x_wconf 87' lang='lat' dir='ltr'>autem</span> <span class='ocrx_word' id='word_1_152' title='bbox 993 2026 1061 2064; x_wconf 85' lang='lat' dir='ltr'>ex</span> <span class='ocrx_word' id='word_1_153' title='bbox 1108 2010 1263 2065; x_wconf 67' lang='lat' dir='ltr'>Asiaa</span> <span class='ocrx_word' id='word_1_154' title='bbox 1319 2011 1680 2082; x_wconf 88' lang='lat' dir='ltr'>primoribus</span> <span class='ocrx_word' id='word_1_155' title='bbox 1736 2012 1837 2083; x_wconf 88' lang='lat' dir='ltr'>qui</span> <span class='ocrx_word' id='word_1_156' title='bbox 1895 2017 2066 2069; x_wconf 88' lang='lat' dir='ltr'>erant</span> 
     </span>
    </p>
   </div>
   <div class='ocr_carea' id='block_1_23' title="bbox 416 2098 2064 2174">
    <p class='ocr_par' dir='ltr' id='par_1_23' title="bbox 416 2098 2064 2174">
     <span class='ocr_line' id='line_1_23' title="bbox 416 2098 2064 2174; baseline 0.005 -24"><span class='ocrx_word' id='word_1_157' title='bbox 416 2118 444 2147; x_wconf 83' lang='lat'><strong>«</strong></span> <span class='ocrx_word' id='word_1_158' title='bbox 480 2098 654 2152; x_wconf 85' lang='lat' dir='ltr'>amici</span> <span class='ocrx_word' id='word_1_159' title='bbox 683 2098 834 2168; x_wconf 87' lang='lat' dir='ltr'>ejus,</span> <span class='ocrx_word' id='word_1_160' title='bbox 868 2098 1051 2153; x_wconf 90' lang='lat' dir='ltr'>misso</span> <span class='ocrx_word' id='word_1_161' title='bbox 1110 2099 1183 2153; x_wconf 90' lang='lat' dir='ltr'>ad</span> <span class='ocrx_word' id='word_1_162' title='bbox 1216 2115 1350 2154; x_wconf 91' lang='lat' dir='ltr'>eum</span> <span class='ocrx_word' id='word_1_163' title='bbox 1382 2102 1616 2168; x_wconf 90' lang='lat' dir='ltr'>nuntio,</span> <span class='ocrx_word' id='word_1_164' title='bbox 1674 2101 1962 2174; x_wconf 84' lang='lat' dir='ltr'>rogabant</span> <span class='ocrx_word' id='word_1_165' title='bbox 1991 2119 2064 2158; x_wconf 86' lang='lat' dir='ltr'>ne</span> 
     </span>
    </p>
   </div>
   <div class='ocr_carea' id='block_1_24' title="bbox 418 2185 2065 2260">
    <p class='ocr_par' dir='ltr' id='par_1_24' title="bbox 418 2185 2065 2260">
     <span class='ocr_line' id='line_1_24' title="bbox 418 2185 2065 2260; baseline 0.006 -24"><span class='ocrx_word' id='word_1_166' title='bbox 418 2207 446 2236; x_wconf 82' lang='grc' dir='ltr'>ι(</span> <span class='ocrx_word' id='word_1_167' title='bbox 481 2204 543 2241; x_wconf 89' lang='lat' dir='ltr'>se</span> <span class='ocrx_word' id='word_1_168' title='bbox 574 2185 742 2241; x_wconf 89' lang='lat' dir='ltr'>daret</span> <span class='ocrx_word' id='word_1_169' title='bbox 760 2187 820 2241; x_wconf 89' lang='lat' dir='ltr'>in</span> <span class='ocrx_word' id='word_1_170' title='bbox 837 2187 1276 2243; x_wconf 85' lang='lat' dir='ltr'>theatrum.A1ii</span> <span class='ocrx_word' id='word_1_171' title='bbox 1309 2189 1508 2260; x_wconf 89' lang='lat' dir='ltr'>itaque</span> <span class='ocrx_word' id='word_1_172' title='bbox 1525 2189 1686 2246; x_wconf 87' lang='lat' dir='ltr'>aliud</span> <span class='ocrx_word' id='word_1_173' title='bbox 1708 2190 2065 2247; x_wconf 89' lang='lat' dir='ltr'>clamabant.</span> 
     </span>
    </p>
   </div>
   <div class='ocr_carea' id='block_1_25' title="bbox 400 2275 2065 2350">
    <p class='ocr_par' dir='ltr' id='par_1_25' title="bbox 400 2275 2065 2350">
     <span class='ocr_line' id='line_1_25' title="bbox 400 2275 2065 2350; baseline 0.007 -28"><span class='ocrx_word' id='word_1_174' title='bbox 400 2298 448 2324; x_wconf 65' lang='lat'>,«</span> <span class='ocrx_word' id='word_1_175' title='bbox 482 2276 621 2329; x_wconf 91' lang='lat' dir='ltr'>Erat</span> <span class='ocrx_word' id='word_1_176' title='bbox 651 2275 812 2330; x_wconf 87' lang='lat' dir='ltr'>enim</span> <span class='ocrx_word' id='word_1_177' title='bbox 844 2276 1049 2331; x_wconf 87' lang='lat' dir='ltr'>concio</span> <span class='ocrx_word' id='word_1_178' title='bbox 1108 2276 1373 2344; x_wconf 85' lang='lat' dir='ltr'>confusa,</span> <span class='ocrx_word' id='word_1_179' title='bbox 1439 2283 1496 2332; x_wconf 89' lang='lat' dir='ltr'>et</span> <span class='ocrx_word' id='word_1_180' title='bbox 1533 2277 1803 2350; x_wconf 88' lang='lat' dir='ltr'>plerique</span> <span class='ocrx_word' id='word_1_181' title='bbox 1834 2280 2065 2336; x_wconf 88' lang='lat' dir='ltr'>nescie-</span> 
     </span>
    </p>
   </div>
   <div class='ocr_carea' id='block_1_26' title="bbox 419 2364 2067 2435">
    <p class='ocr_par' dir='ltr' id='par_1_26' title="bbox 419 2364 2067 2435">
     <span class='ocr_line' id='line_1_26' title="bbox 419 2364 2067 2435; baseline 0.007 -21"><span class='ocrx_word' id='word_1_182' title='bbox 419 2387 447 2415; x_wconf 85' lang='grc'><em>‹‹</em></span> <span class='ocrx_word' id='word_1_183' title='bbox 485 2364 630 2420; x_wconf 88' lang='lat' dir='ltr'>bant</span> <span class='ocrx_word' id='word_1_184' title='bbox 659 2379 776 2435; x_wconf 92' lang='lat' dir='ltr'>qua</span> <span class='ocrx_word' id='word_1_185' title='bbox 806 2381 874 2419; x_wconf 90' lang='lat' dir='ltr'>ex</span> <span class='ocrx_word' id='word_1_186' title='bbox 905 2382 1084 2421; x_wconf 88' lang='lat' dir='ltr'>causa</span> <span class='ocrx_word' id='word_1_187' title='bbox 1111 2368 1635 2423; x_wconf 89' lang='lat' dir='ltr'>convenissent.De</span> <span class='ocrx_word' id='word_1_188' title='bbox 1666 2369 1839 2424; x_wconf 89' lang='lat' dir='ltr'>turba</span> <span class='ocrx_word' id='word_1_189' title='bbox 1867 2374 2067 2425; x_wconf 88' lang='lat' dir='ltr'>autem</span> 
     </span>
    </p>
   </div>
   <div class='ocr_carea' id='block_1_27' title="bbox 420 2452 2066 2527">
    <p class='ocr_par' dir='ltr' id='par_1_27' title="bbox 420 2452 2066 2527">
     <span class='ocr_line' id='line_1_27' title="bbox 420 2452 2066 2527; baseline 0.004 -23"><span class='ocrx_word' id='word_1_190' title='bbox 420 2473 447 2502; x_wconf 83' lang='lat'><strong><em>«</em></strong></span> <span class='ocrx_word' id='word_1_191' title='bbox 490 2456 915 2524; x_wconf 85' lang='lat' dir='ltr'>protraxerunt</span> <span class='ocrx_word' id='word_1_192' title='bbox 961 2452 1384 2522; x_wconf 75' lang='lat' dir='ltr'>Alexandrum,</span> <span class='ocrx_word' id='word_1_193' title='bbox 1417 2455 1892 2527; x_wconf 88' lang='lat' dir='ltr'>propellentibus</span> <span class='ocrx_word' id='word_1_194' title='bbox 1929 2472 2066 2511; x_wconf 91' lang='lat' dir='ltr'>eum</span> 
     </span>
    </p>
   </div>
   <div class='ocr_carea' id='block_1_28' title="bbox 423 2541 2067 2615">
    <p class='ocr_par' dir='ltr' id='par_1_28' title="bbox 423 2541 2067 2615">
     <span class='ocr_line' id='line_1_28' title="bbox 423 2541 2067 2615; baseline 0.003 -19"><span class='ocrx_word' id='word_1_195' title='bbox 423 2562 450 2592; x_wconf 79' lang='grc' dir='ltr'>(ι</span> <span class='ocrx_word' id='word_1_196' title='bbox 481 2541 720 2598; x_wconf 78' lang='lat' dir='ltr'>Judmis.</span> <span class='ocrx_word' id='word_1_197' title='bbox 752 2542 1086 2598; x_wconf 81' lang='lat' dir='ltr'>Alexander</span> <span class='ocrx_word' id='word_1_198' title='bbox 1113 2560 1248 2598; x_wconf 92' lang='lat' dir='ltr'>vero</span> <span class='ocrx_word' id='word_1_199' title='bbox 1278 2545 1575 2615; x_wconf 89' lang='lat' dir='ltr'>postulato</span> <span class='ocrx_word' id='word_1_200' title='bbox 1606 2561 1786 2600; x_wconf 87' lang='lat' dir='ltr'>manu</span> <span class='ocrx_word' id='word_1_201' title='bbox 1805 2545 2067 2615; x_wconf 89' lang='lat' dir='ltr'>silentio,</span> 
     </span>
    </p>
   </div>
   <div class='ocr_carea' id='block_1_29' title="bbox 423 2630 2067 2706">
    <p class='ocr_par' dir='ltr' id='par_1_29' title="bbox 423 2630 2067 2706">
     <span class='ocr_line' id='line_1_29' title="bbox 423 2630 2067 2706; baseline 0.007 -26"><span class='ocrx_word' id='word_1_202' title='bbox 423 2652 452 2680; x_wconf 79' lang='grc' dir='ltr'>α</span> <span class='ocrx_word' id='word_1_203' title='bbox 484 2630 720 2687; x_wconf 88' lang='lat' dir='ltr'>volebat</span> <span class='ocrx_word' id='word_1_204' title='bbox 748 2632 1043 2687; x_wconf 87' lang='lat' dir='ltr'>rationem</span> <span class='ocrx_word' id='word_1_205' title='bbox 1074 2632 1322 2689; x_wconf 89' lang='lat' dir='ltr'>reddere</span> <span class='ocrx_word' id='word_1_206' title='bbox 1352 2634 1592 2705; x_wconf 89' lang='lat' dir='ltr'>populo.</span> <span class='ocrx_word' id='word_1_207' title='bbox 1618 2636 1764 2691; x_wconf 74' lang='lat' dir='ltr'>I47</span> <span class='ocrx_word' id='word_1_208' title='bbox 1802 2635 2067 2706; x_wconf 89' lang='lat' dir='ltr'>Cumque</span> 
     </span>
    </p>
   </div>
   <div class='ocr_carea' id='block_1_30' title="bbox 418 2722 2069 2793">
    <p class='ocr_par' dir='ltr' id='par_1_30' title="bbox 418 2722 2069 2793">
     <span class='ocr_line' id='line_1_30' title="bbox 418 2722 2069 2793; baseline 0.005 -22"><span class='ocrx_word' id='word_1_209' title='bbox 418 2743 446 2771; x_wconf 82' lang='grc' dir='ltr'>(ι</span> <span class='ocrx_word' id='word_1_210' title='bbox 480 2722 895 2791; x_wconf 75' lang='lat' dir='ltr'>cognovissent</span> <span class='ocrx_word' id='word_1_211' title='bbox 926 2738 1062 2777; x_wconf 91' lang='lat' dir='ltr'>eum</span> <span class='ocrx_word' id='word_1_212' title='bbox 1096 2738 1225 2777; x_wconf 88' lang='lat' dir='ltr'>esse</span> <span class='ocrx_word' id='word_1_213' title='bbox 1280 2723 1572 2793; x_wconf 65' lang='lat' dir='ltr'>Judaeum,</span> <span class='ocrx_word' id='word_1_214' title='bbox 1632 2741 1737 2779; x_wconf 80' lang='lat' dir='ltr'>vox</span> <span class='ocrx_word' id='word_1_215' title='bbox 1794 2731 1924 2780; x_wconf 87' lang='lat' dir='ltr'>orta</span> <span class='ocrx_word' id='word_1_216' title='bbox 1980 2731 2069 2781; x_wconf 88' lang='lat' dir='ltr'>est</span> 
     </span>
    </p>
   </div>
   <div class='ocr_carea' id='block_1_31' title="bbox 425 2809 2068 2870">
    <p class='ocr_par' dir='ltr' id='par_1_31' title="bbox 425 2809 2068 2870">
     <span class='ocr_line' id='line_1_31' title="bbox 425 2809 2068 2870; baseline 0.002 -5"><span class='ocrx_word' id='word_1_217' title='bbox 425 2832 452 2860; x_wconf 79' lang='grc' dir='ltr'>«ι</span> <span class='ocrx_word' id='word_1_218' title='bbox 485 2826 605 2866; x_wconf 86' lang='lat' dir='ltr'>una</span> <span class='ocrx_word' id='word_1_219' title='bbox 634 2810 705 2865; x_wconf 91' lang='lat' dir='ltr'>ab</span> <span class='ocrx_word' id='word_1_220' title='bbox 738 2810 1018 2866; x_wconf 91' lang='lat' dir='ltr'>omnibus</span> <span class='ocrx_word' id='word_1_221' title='bbox 1048 2809 1233 2866; x_wconf 80' lang='lat' dir='ltr'>ferme</span> <span class='ocrx_word' id='word_1_222' title='bbox 1256 2811 1331 2866; x_wconf 91' lang='lat' dir='ltr'>ad</span> <span class='ocrx_word' id='word_1_223' title='bbox 1362 2812 1539 2868; x_wconf 90' lang='lat' dir='ltr'>horas</span> <span class='ocrx_word' id='word_1_224' title='bbox 1569 2813 1717 2869; x_wconf 86' lang='lat' dir='ltr'>duas</span> <span class='ocrx_word' id='word_1_225' title='bbox 1763 2813 2068 2870; x_wconf 85' lang='lat' dir='ltr'>clamanti-</span> 
     </span>
    </p>
   </div>
   <div class='ocr_carea' id='block_1_32' title="bbox 423 2899 1590 2971">
    <p class='ocr_par' dir='ltr' id='par_1_32' title="bbox 423 2899 1590 2971">
     <span class='ocr_line' id='line_1_32' title="bbox 423 2899 1590 2971; baseline -0.003 -17"><span class='ocrx_word' id='word_1_226' title='bbox 423 2923 449 2951; x_wconf 88' lang='grc'>‹‹</span> <span class='ocrx_word' id='word_1_227' title='bbox 483 2899 617 2971; x_wconf 85' lang='lat' dir='ltr'>bus,</span> <span class='ocrx_word' id='word_1_228' title='bbox 644 2902 850 2971; x_wconf 78' lang='lat' dir='ltr'>Magna</span> <span class='ocrx_word' id='word_1_229' title='bbox 882 2900 1065 2955; x_wconf 86' lang='lat' dir='ltr'>Diana</span> <span class='ocrx_word' id='word_1_230' title='bbox 1088 2901 1477 2971; x_wconf 86' lang='lat' dir='ltr'>Ephesiorum</span> <span class='ocrx_word' id='word_1_231' title='bbox 1513 2901 1526 2955; x_wconf 76' lang='grc' dir='ltr'>ι</span> <span class='ocrx_word' id='word_1_232' title='bbox 1562 2923 1590 2950; x_wconf 77' lang='grc' dir='ltr'>ιι</span> 
     </span>
    </p>
   </div>
   <div class='ocr_carea' id='block_1_33' title="bbox 489 3162 2072 3236">
    <p class='ocr_par' dir='ltr' id='par_1_33' title="bbox 489 3162 2072 3236">
     <span class='ocr_line' id='line_1_33' title="bbox 489 3162 2072 3236; baseline 0.003 -23"><span class='ocrx_word' id='word_1_233' title='bbox 489 3187 514 3213; x_wconf 79' lang='grc' dir='ltr'>ι(</span> <span class='ocrx_word' id='word_1_234' title='bbox 551 3162 913 3219; x_wconf 82' lang='lat' dir='ltr'>Confitentes</span> <span class='ocrx_word' id='word_1_235' title='bbox 944 3167 1003 3217; x_wconf 92' lang='lat' dir='ltr'>et</span> <span class='ocrx_word' id='word_1_236' title='bbox 1032 3164 1457 3219; x_wconf 86' lang='lat' dir='ltr'>annuntiantes</span> <span class='ocrx_word' id='word_1_237' title='bbox 1514 3162 1689 3218; x_wconf 87' lang='lat' dir='ltr'>facta.</span> <span class='ocrx_word' id='word_1_238' title='bbox 1748 3182 1775 3214; x_wconf 71' lang='grc' dir='ltr'>ι</span> <span class='ocrx_word' id='word_1_239' title='bbox 1830 3164 2072 3236; x_wconf 87' lang='lat' dir='ltr'>Oportet</span> 
     </span>
    </p>
   </div>
   <div class='ocr_carea' id='block_1_34' title="bbox 418 3251 2068 3324">
    <p class='ocr_par' dir='ltr' id='par_1_34' title="bbox 418 3251 2068 3324">
     <span class='ocr_line' id='line_1_34' title="bbox 418 3251 2068 3324; baseline 0.002 -19"><span class='ocrx_word' id='word_1_240' title='bbox 418 3267 714 3323; x_wconf 87' lang='lat' dir='ltr'>quemque</span> <span class='ocrx_word' id='word_1_241' title='bbox 750 3251 990 3306; x_wconf 86' lang='lat' dir='ltr'>ﬁdelem</span> <span class='ocrx_word' id='word_1_242' title='bbox 1022 3251 1218 3306; x_wconf 88' lang='lat' dir='ltr'>dicere</span> <span class='ocrx_word' id='word_1_243' title='bbox 1248 3257 1489 3324; x_wconf 89' lang='lat' dir='ltr'>peccata</span> <span class='ocrx_word' id='word_1_244' title='bbox 1521 3270 1627 3309; x_wconf 88' lang='lat' dir='ltr'>sua</span> <span class='ocrx_word' id='word_1_245' title='bbox 1657 3270 1724 3308; x_wconf 91' lang='lat' dir='ltr'>ac</span> <span class='ocrx_word' id='word_1_246' title='bbox 1755 3254 2068 3309; x_wconf 86' lang='lat' dir='ltr'>demittere</span> 
     </span>
    </p>
   </div>
   <div class='ocr_carea' id='block_1_35' title="bbox 419 3340 2068 3414">
    <p class='ocr_par' dir='ltr' id='par_1_35' title="bbox 419 3340 2068 3414">
     <span class='ocr_line' id='line_1_35' title="bbox 419 3340 2068 3414; baseline 0.002 -19"><span class='ocrx_word' id='word_1_247' title='bbox 419 3340 681 3411; x_wconf 88' lang='lat' dir='ltr'>seipsum</span> <span class='ocrx_word' id='word_1_248' title='bbox 716 3340 1203 3412; x_wconf 82' lang='lat' dir='ltr'>coarguendo,sic</span> <span class='ocrx_word' id='word_1_249' title='bbox 1233 3347 1436 3397; x_wconf 90' lang='lat' dir='ltr'>utnon</span> <span class='ocrx_word' id='word_1_250' title='bbox 1463 3343 1720 3414; x_wconf 89' lang='lat' dir='ltr'>amplius</span> <span class='ocrx_word' id='word_1_251' title='bbox 1752 3343 2068 3412; x_wconf 85' lang='lat' dir='ltr'>illafaciat,</span> 
     </span>
    </p>
   </div>
   <div class='ocr_carea' id='block_1_36' title="bbox 420 3429 2071 3501">
    <p class='ocr_par' dir='ltr' id='par_1_36' title="bbox 420 3429 2071 3501">
     <span class='ocr_line' id='line_1_36' title="bbox 420 3429 2071 3501; baseline 0.001 -16"><span class='ocrx_word' id='word_1_252' title='bbox 420 3429 1059 3501; x_wconf 82' lang='lat' dir='ltr'>utjustiflceturjuxta</span> <span class='ocrx_word' id='word_1_253' title='bbox 1085 3429 1143 3484; x_wconf 93' lang='lat' dir='ltr'>id</span> <span class='ocrx_word' id='word_1_254' title='bbox 1174 3429 1332 3501; x_wconf 90' lang='lat' dir='ltr'>quod</span> <span class='ocrx_word' id='word_1_255' title='bbox 1363 3431 1588 3487; x_wconf 91' lang='lat' dir='ltr'>dictum</span> <span class='ocrx_word' id='word_1_256' title='bbox 1620 3437 1712 3486; x_wconf 88' lang='lat' dir='ltr'>est</span> <span class='ocrx_word' id='word_1_257' title='bbox 1747 3448 1759 3485; x_wconf 92' lang='lat'>:</span> <span class='ocrx_word' id='word_1_258' title='bbox 1786 3454 1814 3482; x_wconf 91' lang='grc'>‹‹</span> <span class='ocrx_word' id='word_1_259' title='bbox 1874 3431 1975 3489; x_wconf 92' lang='lat' dir='ltr'>Dic</span> <span class='ocrx_word' id='word_1_260' title='bbox 2008 3437 2071 3487; x_wconf 91' lang='lat' dir='ltr'>tu</span> 
     </span>
    </p>
   </div>
   <div class='ocr_carea' id='block_1_37' title="bbox 421 3517 2072 3593">
    <p class='ocr_par' dir='ltr' id='par_1_37' title="bbox 421 3517 2072 3593">
     <span class='ocr_line' id='line_1_37' title="bbox 421 3517 2072 3593; baseline 0.004 -22"><span class='ocrx_word' id='word_1_261' title='bbox 421 3517 682 3593; x_wconf 73' lang='lat' dir='ltr'>primum</span> <span class='ocrx_word' id='word_1_262' title='bbox 712 3517 1062 3588; x_wconf 87' lang='lat' dir='ltr'>iniquitates</span> <span class='ocrx_word' id='word_1_263' title='bbox 1094 3522 1331 3587; x_wconf 89' lang='lat' dir='ltr'>tuas,ut</span> <span class='ocrx_word' id='word_1_264' title='bbox 1356 3520 1708 3591; x_wconf 83' lang='lat' dir='ltr'>justiﬁceris</span> <span class='ocrx_word' id='word_1_265' title='bbox 1734 3520 2072 3577; x_wconf 75' lang='lat' dir='ltr'>“.»Notan-</span> 
     </span>
    </p>
   </div>
   <div class='ocr_carea' id='block_1_38' title="bbox 419 3607 2070 3681">
    <p class='ocr_par' dir='ltr' id='par_1_38' title="bbox 419 3607 2070 3681">
     <span class='ocr_line' id='line_1_38' title="bbox 419 3607 2070 3681; baseline 0.001 -18"><span class='ocrx_word' id='word_1_266' title='bbox 419 3607 560 3663; x_wconf 87' lang='lat' dir='ltr'>dum</span> <span class='ocrx_word' id='word_1_267' title='bbox 586 3624 720 3664; x_wconf 83' lang='lat' dir='ltr'>vero</span> <span class='ocrx_word' id='word_1_268' title='bbox 750 3608 929 3663; x_wconf 87' lang='lat' dir='ltr'>etiam</span> <span class='ocrx_word' id='word_1_269' title='bbox 959 3607 1022 3664; x_wconf 91' lang='lat' dir='ltr'>in</span> <span class='ocrx_word' id='word_1_270' title='bbox 1052 3609 1440 3679; x_wconf 89' lang='lat' dir='ltr'>sequentibus</span> <span class='ocrx_word' id='word_1_271' title='bbox 1491 3610 1651 3680; x_wconf 90' lang='lat' dir='ltr'>quod</span> <span class='ocrx_word' id='word_1_272' title='bbox 1718 3609 1798 3679; x_wconf 90' lang='lat' dir='ltr'>hi,</span> <span class='ocrx_word' id='word_1_273' title='bbox 1850 3610 1949 3681; x_wconf 90' lang='lat' dir='ltr'>qui</span> <span class='ocrx_word' id='word_1_274' title='bbox 2010 3610 2070 3665; x_wconf 90' lang='lat' dir='ltr'>in</span> 
     </span>
    </p>
   </div>
   <div class='ocr_carea' id='block_1_39' title="bbox 420 3697 2069 3772">
    <p class='ocr_par' dir='ltr' id='par_1_39' title="bbox 420 3697 2069 3772">
     <span class='ocr_line' id='line_1_39' title="bbox 420 3697 2069 3772; baseline 0 -19"><span class='ocrx_word' id='word_1_275' title='bbox 420 3697 718 3753; x_wconf 87' lang='lat' dir='ltr'>Christum</span> <span class='ocrx_word' id='word_1_276' title='bbox 766 3697 1169 3761; x_wconf 87' lang='lat' dir='ltr'>crediderunt,</span> <span class='ocrx_word' id='word_1_277' title='bbox 1227 3699 1487 3772; x_wconf 89' lang='lat' dir='ltr'>magicos</span> <span class='ocrx_word' id='word_1_278' title='bbox 1548 3698 1729 3752; x_wconf 90' lang='lat' dir='ltr'>libros</span> <span class='ocrx_word' id='word_1_279' title='bbox 1787 3715 1908 3753; x_wconf 93' lang='lat' dir='ltr'>non</span> <span class='ocrx_word' id='word_1_280' title='bbox 1949 3698 2069 3754; x_wconf 86' lang='lat' dir='ltr'>dis—</span> 
     </span>
    </p>
   </div>
   <div class='ocr_carea' id='block_1_40' title="bbox 420 3787 2075 3860">
    <p class='ocr_par' dir='ltr' id='par_1_40' title="bbox 420 3787 2075 3860">
     <span class='ocr_line' id='line_1_40' title="bbox 420 3787 2075 3860; baseline 0.001 -19"><span class='ocrx_word' id='word_1_281' title='bbox 420 3792 728 3843; x_wconf 85' lang='lat' dir='ltr'>traxerunt</span> <span class='ocrx_word' id='word_1_282' title='bbox 757 3805 1100 3860; x_wconf 89' lang='lat' dir='ltr'>quanquam</span> <span class='ocrx_word' id='word_1_283' title='bbox 1148 3788 1393 3860; x_wconf 90' lang='lat' dir='ltr'>pretiosi</span> <span class='ocrx_word' id='word_1_284' title='bbox 1451 3793 1669 3851; x_wconf 88' lang='lat' dir='ltr'>essent,</span> <span class='ocrx_word' id='word_1_285' title='bbox 1703 3792 1769 3842; x_wconf 91' lang='lat' dir='ltr'>ut</span> <span class='ocrx_word' id='word_1_286' title='bbox 1815 3787 1917 3858; x_wconf 89' lang='lat' dir='ltr'>qui</span> <span class='ocrx_word' id='word_1_287' title='bbox 1949 3788 2075 3859; x_wconf 88' lang='lat' dir='ltr'>pul-</span> 
     </span>
    </p>
   </div>
   <div class='ocr_carea' id='block_1_41' title="bbox 422 3874 2074 3949">
    <p class='ocr_par' dir='ltr' id='par_1_41' title="bbox 422 3874 2074 3949">
     <span class='ocr_line' id='line_1_41' title="bbox 422 3874 2074 3949; baseline -0.001 -16"><span class='ocrx_word' id='word_1_288' title='bbox 422 3877 719 3933; x_wconf 88' lang='lat' dir='ltr'>cherrima</span> <span class='ocrx_word' id='word_1_289' title='bbox 748 3894 1000 3949; x_wconf 60' lang='lat' dir='ltr'>quaeque</span> <span class='ocrx_word' id='word_1_290' title='bbox 1031 3892 1238 3932; x_wconf 88' lang='lat' dir='ltr'>eorum</span> <span class='ocrx_word' id='word_1_291' title='bbox 1286 3893 1418 3946; x_wconf 60' lang='lat' dir='ltr'>qua;</span> <span class='ocrx_word' id='word_1_292' title='bbox 1472 3874 1533 3929; x_wconf 90' lang='lat' dir='ltr'>in</span> <span class='ocrx_word' id='word_1_293' title='bbox 1565 3875 1686 3931; x_wconf 83' lang='lat' dir='ltr'>vita</span> <span class='ocrx_word' id='word_1_294' title='bbox 1714 3876 2074 3948; x_wconf 78' lang='lat' dir='ltr'>gerebantur</span> 
     </span>
    </p>
   </div>
   <div class='ocr_carea' id='block_1_42' title="bbox 421 3963 2073 4036">
    <p class='ocr_par' dir='ltr' id='par_1_42' title="bbox 421 3963 2073 4036">
     <span class='ocr_line' id='line_1_42' title="bbox 421 3963 2073 4036; baseline -0.001 -16"><span class='ocrx_word' id='word_1_295' title='bbox 421 3965 830 4032; x_wconf 88' lang='lat' dir='ltr'>continebant,</span> <span class='ocrx_word' id='word_1_296' title='bbox 865 3966 968 4019; x_wconf 90' lang='lat' dir='ltr'>sed</span> <span class='ocrx_word' id='word_1_297' title='bbox 1000 3968 1389 4019; x_wconf 75' lang='lat' dir='ltr'>exusserant:</span> <span class='ocrx_word' id='word_1_298' title='bbox 1426 3963 1569 4018; x_wconf 91' lang='lat' dir='ltr'>licet</span> <span class='ocrx_word' id='word_1_299' title='bbox 1598 3963 1699 4018; x_wconf 90' lang='lat' dir='ltr'>alii</span> <span class='ocrx_word' id='word_1_300' title='bbox 1724 3964 2073 4036; x_wconf 84' lang='lat' dir='ltr'>hujusmodi</span> 
     </span>
    </p>
   </div>
   <div class='ocr_carea' id='block_1_43' title="bbox 423 4050 2070 4124">
    <p class='ocr_par' dir='ltr' id='par_1_43' title="bbox 423 4050 2070 4124">
     <span class='ocr_line' id='line_1_43' title="bbox 423 4050 2070 4124; baseline 0.002 -18"><span class='ocrx_word' id='word_1_301' title='bbox 423 4054 504 4106; x_wconf 91' lang='lat' dir='ltr'>ibi</span> <span class='ocrx_word' id='word_1_302' title='bbox 539 4052 838 4121; x_wconf 88' lang='lat' dir='ltr'>adessent,</span> <span class='ocrx_word' id='word_1_303' title='bbox 872 4053 973 4123; x_wconf 92' lang='lat' dir='ltr'>qui</span> <span class='ocrx_word' id='word_1_304' title='bbox 1005 4068 1107 4107; x_wconf 86' lang='lat' dir='ltr'>eos</span> <span class='ocrx_word' id='word_1_305' title='bbox 1149 4051 1335 4105; x_wconf 89' lang='lat' dir='ltr'>libros</span> <span class='ocrx_word' id='word_1_306' title='bbox 1394 4050 1506 4106; x_wconf 89' lang='lat' dir='ltr'>sibi</span> <span class='ocrx_word' id='word_1_307' title='bbox 1565 4068 1773 4124; x_wconf 88' lang='lat' dir='ltr'>parare</span> <span class='ocrx_word' id='word_1_308' title='bbox 1832 4053 2070 4110; x_wconf 91' lang='lat' dir='ltr'>vellent.</span> 
     </span>
    </p>
   </div>
   <div class='ocr_carea' id='block_1_44' title="bbox 424 4141 2073 4216">
    <p class='ocr_par' dir='ltr' id='par_1_44' title="bbox 424 4141 2073 4216">
     <span class='ocr_line' id='line_1_44' title="bbox 424 4141 2073 4216; baseline 0.003 -19"><span class='ocrx_word' id='word_1_309' title='bbox 424 4142 690 4197; x_wconf 88' lang='lat' dir='ltr'>Primum</span> <span class='ocrx_word' id='word_1_310' title='bbox 721 4142 963 4213; x_wconf 90' lang='lat' dir='ltr'>quidem</span> <span class='ocrx_word' id='word_1_311' title='bbox 986 4158 1060 4198; x_wconf 90' lang='lat' dir='ltr'>ne</span> <span class='ocrx_word' id='word_1_312' title='bbox 1083 4142 1218 4213; x_wconf 90' lang='lat' dir='ltr'>quis</span> <span class='ocrx_word' id='word_1_313' title='bbox 1244 4141 1491 4198; x_wconf 66' lang='lat' dir='ltr'>letifera)</span> <span class='ocrx_word' id='word_1_314' title='bbox 1514 4144 2073 4216; x_wconf 67' lang='lat' dir='ltr'>corruptionis,qua3</span> 
     </span>
    </p>
   </div>
   <div class='ocr_carea' id='block_1_45' title="bbox 421 4230 2072 4303">
    <p class='ocr_par' dir='ltr' id='par_1_45' title="bbox 421 4230 2072 4303">
     <span class='ocr_line' id='line_1_45' title="bbox 421 4230 2072 4303; baseline 0.001 -15"><span class='ocrx_word' id='word_1_315' title='bbox 421 4233 494 4288; x_wconf 86' lang='lat' dir='ltr'>ab</span> <span class='ocrx_word' id='word_1_316' title='bbox 528 4231 647 4286; x_wconf 89' lang='lat' dir='ltr'>illis</span> <span class='ocrx_word' id='word_1_317' title='bbox 678 4231 1035 4303; x_wconf 88' lang='lat' dir='ltr'>procedebat</span> <span class='ocrx_word' id='word_1_318' title='bbox 1092 4230 1391 4303; x_wconf 89' lang='lat' dir='ltr'>particeps</span> <span class='ocrx_word' id='word_1_319' title='bbox 1425 4232 1614 4288; x_wconf 85' lang='lat' dir='ltr'>fleret.</span> <span class='ocrx_word' id='word_1_320' title='bbox 1653 4233 1875 4289; x_wconf 87' lang='lat' dir='ltr'>Deinde</span> <span class='ocrx_word' id='word_1_321' title='bbox 1936 4251 2072 4291; x_wconf 88' lang='lat' dir='ltr'>vero</span> 
     </span>
    </p>
   </div>
   <div class='ocr_carea' id='block_1_46' title="bbox 425 4322 2075 4397">
    <p class='ocr_par' dir='ltr' id='par_1_46' title="bbox 425 4322 2075 4397">
     <span class='ocr_line' id='line_1_46' title="bbox 425 4322 2075 4397; baseline 0.002 -19"><span class='ocrx_word' id='word_1_322' title='bbox 425 4339 500 4378; x_wconf 89' lang='lat' dir='ltr'>ne</span> <span class='ocrx_word' id='word_1_323' title='bbox 531 4323 838 4395; x_wconf 90' lang='lat' dir='ltr'>quidpiam</span> <span class='ocrx_word' id='word_1_324' title='bbox 863 4340 932 4377; x_wconf 85' lang='lat' dir='ltr'>ex</span> <span class='ocrx_word' id='word_1_325' title='bbox 971 4322 1317 4395; x_wconf 87' lang='lat' dir='ltr'>hujusmodi</span> <span class='ocrx_word' id='word_1_326' title='bbox 1348 4324 1617 4379; x_wconf 90' lang='lat' dir='ltr'>criminis</span> <span class='ocrx_word' id='word_1_327' title='bbox 1646 4325 1836 4395; x_wconf 88' lang='lat' dir='ltr'>pretio</span> <span class='ocrx_word' id='word_1_328' title='bbox 1868 4327 2075 4397; x_wconf 87' lang='lat' dir='ltr'>acqui-</span> 
     </span>
    </p>
   </div>
   <div class='ocr_carea' id='block_1_47' title="bbox 423 4412 2075 4478">
    <p class='ocr_par' dir='ltr' id='par_1_47' title="bbox 423 4412 2075 4478">
     <span class='ocr_line' id='line_1_47' title="bbox 423 4412 2075 4478; baseline 0.002 -11"><span class='ocrx_word' id='word_1_329' title='bbox 423 4417 644 4468; x_wconf 85' lang='lat' dir='ltr'>rerent.</span> <span class='ocrx_word' id='word_1_330' title='bbox 682 4412 1193 4478; x_wconf 88' lang='lat' dir='ltr'>Quemadmodum</span> <span class='ocrx_word' id='word_1_331' title='bbox 1221 4412 1383 4468; x_wconf 90' lang='lat' dir='ltr'>enim</span> <span class='ocrx_word' id='word_1_332' title='bbox 1415 4412 1799 4468; x_wconf 86' lang='lat' dir='ltr'>interdictum</span> <span class='ocrx_word' id='word_1_333' title='bbox 1832 4419 2075 4474; x_wconf 85' lang='lat' dir='ltr'>erat.ne</span> 
     </span>
    </p>
   </div>
   <div class='ocr_carea' id='block_1_48' title="bbox 424 4500 2078 4573">
    <p class='ocr_par' dir='ltr' id='par_1_48' title="bbox 424 4500 2078 4573">
     <span class='ocr_line' id='line_1_48' title="bbox 424 4500 2078 4573; baseline 0.001 -16"><span class='ocrx_word' id='word_1_334' title='bbox 424 4503 656 4557; x_wconf 87' lang='lat' dir='ltr'>lucrum</span> <span class='ocrx_word' id='word_1_335' title='bbox 689 4518 723 4558; x_wconf 92' lang='lat' dir='ltr'>a</span> <span class='ocrx_word' id='word_1_336' title='bbox 744 4500 1135 4558; x_wconf 89' lang='lat' dir='ltr'>fornicatione</span> <span class='ocrx_word' id='word_1_337' title='bbox 1167 4507 1403 4573; x_wconf 88' lang='lat' dir='ltr'>partum</span> <span class='ocrx_word' id='word_1_338' title='bbox 1436 4502 1554 4557; x_wconf 91' lang='lat' dir='ltr'>Deo</span> <span class='ocrx_word' id='word_1_339' title='bbox 1604 4504 1956 4558; x_wconf 71' lang='lat' dir='ltr'>offerretur:</span> <span class='ocrx_word' id='word_1_340' title='bbox 1994 4504 2078 4559; x_wconf 88' lang='lat' dir='ltr'>ita</span> 
     </span>
    </p>
   </div>
   <div class='ocr_carea' id='block_1_49' title="bbox 2166 565 3818 644">
    <p class='ocr_par' dir='ltr' id='par_1_49' title="bbox 2166 565 3818 644">
     <span class='ocr_line' id='line_1_49' title="bbox 2166 565 3818 644; baseline 0.003 -25"><span class='ocrx_word' id='word_1_341' title='bbox 2166 590 2194 619; x_wconf 85' lang='grc'>‹‹</span> <span class='ocrx_word' id='word_1_342' title='bbox 2230 566 2448 644; x_wconf 79' lang='grc' dir='ltr'>ὀλίγην·</span> <span class='ocrx_word' id='word_1_343' title='bbox 2484 565 2573 628; x_wconf 76' lang='grc' dir='ltr'>οὓς</span> <span class='ocrx_word' id='word_1_344' title='bbox 2600 566 2976 642; x_wconf 81' lang='grc' dir='ltr'>συναθροίσας,</span> <span class='ocrx_word' id='word_1_345' title='bbox 3005 566 3091 621; x_wconf 83' lang='grc' dir='ltr'>καὶ</span> <span class='ocrx_word' id='word_1_346' title='bbox 3150 566 3278 629; x_wconf 78' lang='grc' dir='ltr'>τοὺς</span> <span class='ocrx_word' id='word_1_347' title='bbox 3334 567 3457 642; x_wconf 80' lang='grc' dir='ltr'>περὶ</span> <span class='ocrx_word' id='word_1_348' title='bbox 3489 567 3555 623; x_wconf 70' lang='grc' dir='ltr'>τὰ</span> <span class='ocrx_word' id='word_1_349' title='bbox 3591 575 3818 627; x_wconf 86' lang='grc' dir='ltr'>τοιαῦτα</span> 
     </span>
    </p>
   </div>
   <div class='ocr_carea' id='block_1_50' title="bbox 2167 652 3821 733">
    <p class='ocr_par' dir='ltr' id='par_1_50' title="bbox 2167 652 3821 733">
     <span class='ocr_line' id='line_1_50' title="bbox 2167 652 3821 733; baseline 0.002 -22"><span class='ocrx_word' id='word_1_350' title='bbox 2167 654 2471 733; x_wconf 61' lang='grc' dir='ltr'>ᾳέγράτας.</span> <span class='ocrx_word' id='word_1_351' title='bbox 2530 657 2699 712; x_wconf 71' lang='grc' dir='ltr'>εἶπεν·</span> <span class='ocrx_word' id='word_1_352' title='bbox 2766 652 3012 731; x_wconf 79' lang='grc' dir='ltr'>Ἀνδρες,</span> <span class='ocrx_word' id='word_1_353' title='bbox 3072 654 3379 729; x_wconf 81' lang='grc' dir='ltr'>ἐπιστασθε,</span> <span class='ocrx_word' id='word_1_354' title='bbox 3442 658 3526 713; x_wconf 74' lang='grc' dir='ltr'>’ὁτι</span> <span class='ocrx_word' id='word_1_355' title='bbox 3580 657 3631 713; x_wconf 74' lang='grc' dir='ltr'>ἐν</span> <span class='ocrx_word' id='word_1_356' title='bbox 3690 659 3821 716; x_wconf 85' lang='grc' dir='ltr'>ταύ-</span> 
     </span>
    </p>
   </div>
   <div class='ocr_carea' id='block_1_51' title="bbox 2167 746 3818 823">
    <p class='ocr_par' dir='ltr' id='par_1_51' title="bbox 2167 746 3818 823">
     <span class='ocr_line' id='line_1_51' title="bbox 2167 746 3818 823; baseline 0.003 -24"><span class='ocrx_word' id='word_1_357' title='bbox 2167 771 2194 800; x_wconf 85' lang='grc'>‹‹</span> <span class='ocrx_word' id='word_1_358' title='bbox 2229 769 2327 817; x_wconf 90' lang='grc' dir='ltr'>της</span> <span class='ocrx_word' id='word_1_359' title='bbox 2353 755 2453 817; x_wconf 83' lang='grc' dir='ltr'>τῆς</span> <span class='ocrx_word' id='word_1_360' title='bbox 2477 746 2727 822; x_wconf 79' lang='grc' dir='ltr'>ἐργασίας</span> <span class='ocrx_word' id='word_1_361' title='bbox 2757 749 2791 817; x_wconf 84' lang='grc' dir='ltr'>ἡ</span> <span class='ocrx_word' id='word_1_362' title='bbox 2825 747 3055 823; x_wconf 75' lang='grc' dir='ltr'>εὐπορία</span> <span class='ocrx_word' id='word_1_363' title='bbox 3106 749 3268 820; x_wconf 77' lang='grc' dir='ltr'>ἡμῶν</span> <span class='ocrx_word' id='word_1_364' title='bbox 3329 746 3464 802; x_wconf 84' lang='grc' dir='ltr'>ἐστι·</span> <span class='ocrx_word' id='word_1_365' title='bbox 3527 748 3620 803; x_wconf 79' lang='grc' dir='ltr'>καί</span> <span class='ocrx_word' id='word_1_366' title='bbox 3678 751 3818 804; x_wconf 79' lang='grc' dir='ltr'>θεω-</span> 
     </span>
    </p>
   </div>
   <div class='ocr_carea' id='block_1_52' title="bbox 2168 834 3817 916">
    <p class='ocr_par' dir='ltr' id='par_1_52' title="bbox 2168 834 3817 916">
     <span class='ocr_line' id='line_1_52' title="bbox 2285 835 3479 857; baseline 0.003 -4"><span class='ocrx_word' id='word_1_367' title='bbox 2285 842 2309 853; x_wconf 59' lang='lat'>-</span> <span class='ocrx_word' id='word_1_368' title='bbox 2467 836 2480 853; x_wconf 54' lang='grc' dir='ltr'><strong>ἢ</strong></span> <span class='ocrx_word' id='word_1_369' title='bbox 2543 837 2556 853; x_wconf 57' lang='lat' dir='ltr'><strong><em>ﬁ</em></strong></span> <span class='ocrx_word' id='word_1_370' title='bbox 2650 837 2663 854; x_wconf 81' lang='grc'><strong><em>1</em></strong></span> <span class='ocrx_word' id='word_1_371' title='bbox 2837 838 2858 855; x_wconf 68' lang='grc' dir='ltr'><em>η</em></span> <span class='ocrx_word' id='word_1_372' title='bbox 3029 835 3041 855; x_wconf 62' lang='grc' dir='ltr'>θ</span> <span class='ocrx_word' id='word_1_373' title='bbox 3359 838 3416 857; x_wconf 64' lang='grc' dir='ltr'>,Ἰ</span> <span class='ocrx_word' id='word_1_374' title='bbox 3469 836 3479 856; x_wconf 72' lang='grc' dir='ltr'><strong>Ι</strong></span> 
     </span>
     <span class='ocr_line' id='line_1_53' title="bbox 2168 834 3817 916; baseline 0.003 -27"><span class='ocrx_word' id='word_1_375' title='bbox 2168 857 2367 912; x_wconf 82' lang='grc' dir='ltr'>«ρειτε</span> <span class='ocrx_word' id='word_1_376' title='bbox 2393 858 2484 892; x_wconf 89' lang='grc' dir='ltr'>και</span> <span class='ocrx_word' id='word_1_377' title='bbox 2532 858 2779 906; x_wconf 86' lang='grc' dir='ltr'>ακουετε,</span> <span class='ocrx_word' id='word_1_378' title='bbox 2838 857 2920 892; x_wconf 89' lang='grc' dir='ltr'>οτι</span> <span class='ocrx_word' id='word_1_379' title='bbox 2983 858 3048 890; x_wconf 83' lang='grc' dir='ltr'>ου</span> <span class='ocrx_word' id='word_1_380' title='bbox 3104 834 3267 910; x_wconf 86' lang='grc' dir='ltr'>μόνον</span> <span class='ocrx_word' id='word_1_381' title='bbox 3381 841 3608 916; x_wconf 59' lang='grc' dir='ltr'>ίιφεσου,</span> <span class='ocrx_word' id='word_1_382' title='bbox 3669 837 3817 895; x_wconf 81' lang='grc' dir='ltr'>ἀλλᾶ</span> 
     </span>
    </p>
   </div>
   <div class='ocr_carea' id='block_1_53' title="bbox 2169 923 3819 1002">
    <p class='ocr_par' dir='ltr' id='par_1_53' title="bbox 2169 923 3819 1002">
     <span class='ocr_line' id='line_1_54' title="bbox 2169 923 3819 1002; baseline 0.003 -24"><span class='ocrx_word' id='word_1_383' title='bbox 2169 951 2197 978; x_wconf 86' lang='grc'><strong>‹(</strong></span> <span class='ocrx_word' id='word_1_384' title='bbox 2231 923 2425 1002; x_wconf 87' lang='grc' dir='ltr'>σχεδὸν</span> <span class='ocrx_word' id='word_1_385' title='bbox 2454 925 2630 998; x_wconf 82' lang='grc' dir='ltr'>πάσης</span> <span class='ocrx_word' id='word_1_386' title='bbox 2657 934 2758 997; x_wconf 78' lang='grc' dir='ltr'>τῆς</span> <span class='ocrx_word' id='word_1_387' title='bbox 2815 926 2999 988; x_wconf 85' lang='grc' dir='ltr'>Ἀσίας</span> <span class='ocrx_word' id='word_1_388' title='bbox 3057 926 3085 981; x_wconf 77' lang='lat'>6</span> <span class='ocrx_word' id='word_1_389' title='bbox 3143 924 3361 988; x_wconf 79' lang='grc' dir='ltr'>Παῦλος</span> <span class='ocrx_word' id='word_1_390' title='bbox 3421 926 3577 988; x_wconf 84' lang='grc' dir='ltr'>οὗτος</span> <span class='ocrx_word' id='word_1_391' title='bbox 3633 929 3819 994; x_wconf 81' lang='grc' dir='ltr'>πείσας</span> 
     </span>
    </p>
   </div>
   <div class='ocr_carea' id='block_1_54' title="bbox 2170 1010 3820 1094">
    <p class='ocr_par' dir='ltr' id='par_1_54' title="bbox 2170 1010 3820 1094">
     <span class='ocr_line' id='line_1_55' title="bbox 2170 1010 3820 1094; baseline 0.004 -27"><span class='ocrx_word' id='word_1_392' title='bbox 2170 1016 2555 1089; x_wconf 81' lang='grc' dir='ltr'>«μετέστησεν</span> <span class='ocrx_word' id='word_1_393' title='bbox 2612 1016 2793 1070; x_wconf 76' lang='grc' dir='ltr'>ἱκανὸν</span> <span class='ocrx_word' id='word_1_394' title='bbox 2877 1010 3072 1094; x_wconf 75' lang='grc' dir='ltr'>ὄχλον,</span> <span class='ocrx_word' id='word_1_395' title='bbox 3134 1012 3327 1092; x_wconf 84' lang='grc' dir='ltr'>λέγων,</span> <span class='ocrx_word' id='word_1_396' title='bbox 3408 1016 3491 1071; x_wconf 78' lang='grc' dir='ltr'>’ὁτι</span> <span class='ocrx_word' id='word_1_397' title='bbox 3548 1016 3658 1073; x_wconf 81' lang='grc' dir='ltr'>Οὐκ</span> <span class='ocrx_word' id='word_1_398' title='bbox 3714 1016 3820 1073; x_wconf 70' lang='grc' dir='ltr'>εἶσὶ</span> 
     </span>
    </p>
   </div>
   <div class='ocr_carea' id='block_1_55' title="bbox 2170 1101 3817 1182">
    <p class='ocr_par' dir='ltr' id='par_1_55' title="bbox 2170 1101 3817 1182">
     <span class='ocr_line' id='line_1_56' title="bbox 2170 1101 3817 1182; baseline 0.005 -27"><span class='ocrx_word' id='word_1_399' title='bbox 2170 1129 2198 1156; x_wconf 87' lang='grc'>‹‹</span> <span class='ocrx_word' id='word_1_400' title='bbox 2234 1105 2347 1169; x_wconf 78' lang='grc' dir='ltr'>θεοὶ</span> <span class='ocrx_word' id='word_1_401' title='bbox 2379 1106 2429 1159; x_wconf 75' lang='grc' dir='ltr'>οἱ</span> <span class='ocrx_word' id='word_1_402' title='bbox 2461 1101 2551 1159; x_wconf 82' lang='grc' dir='ltr'>διὰ</span> <span class='ocrx_word' id='word_1_403' title='bbox 2580 1109 2785 1181; x_wconf 84' lang='grc' dir='ltr'>χειρῶν</span> <span class='ocrx_word' id='word_1_404' title='bbox 2817 1103 3120 1182; x_wconf 87' lang='grc' dir='ltr'>γινόμενοι.</span> <span class='ocrx_word' id='word_1_405' title='bbox 3181 1103 3258 1162; x_wconf 79' lang='grc' dir='ltr'>Οὐ</span> <span class='ocrx_word' id='word_1_406' title='bbox 3321 1105 3486 1178; x_wconf 84' lang='grc' dir='ltr'>μόνον</span> <span class='ocrx_word' id='word_1_407' title='bbox 3543 1103 3602 1161; x_wconf 73' lang='grc' dir='ltr'>δὲ</span> <span class='ocrx_word' id='word_1_408' title='bbox 3656 1111 3817 1163; x_wconf 90' lang='grc' dir='ltr'>τοῦτο</span> 
     </span>
    </p>
   </div>
   <div class='ocr_carea' id='block_1_56' title="bbox 2178 1190 3819 1272">
    <p class='ocr_par' dir='ltr' id='par_1_56' title="bbox 2178 1190 3819 1272">
     <span class='ocr_line' id='line_1_57' title="bbox 2178 1190 3819 1272; baseline 0.004 -27"><span class='ocrx_word' id='word_1_409' title='bbox 2178 1218 2197 1245; x_wconf 82' lang='grc' dir='ltr'>ι</span> <span class='ocrx_word' id='word_1_410' title='bbox 2232 1190 2529 1249; x_wconf 73' lang='grc' dir='ltr'>κινδυνεύει</span> <span class='ocrx_word' id='word_1_411' title='bbox 2589 1194 2725 1267; x_wconf 78' lang='grc' dir='ltr'>ἡμῖν</span> <span class='ocrx_word' id='word_1_412' title='bbox 2784 1195 2847 1249; x_wconf 88' lang='grc' dir='ltr'>τὸ</span> <span class='ocrx_word' id='word_1_413' title='bbox 2908 1194 3072 1268; x_wconf 89' lang='grc' dir='ltr'>μέρος</span> <span class='ocrx_word' id='word_1_414' title='bbox 3127 1192 3202 1255; x_wconf 80' lang='grc' dir='ltr'>εἷς</span> <span class='ocrx_word' id='word_1_415' title='bbox 3259 1192 3570 1272; x_wconf 84' lang='grc' dir='ltr'>ἀπελεγμὸν</span> <span class='ocrx_word' id='word_1_416' title='bbox 3619 1195 3819 1268; x_wconf 79' lang='grc' dir='ltr'>ἐλθεῖν,</span> 
     </span>
    </p>
   </div>
   <div class='ocr_carea' id='block_1_57' title="bbox 2172 1281 3819 1361">
    <p class='ocr_par' dir='ltr' id='par_1_57' title="bbox 2172 1281 3819 1361">
     <span class='ocr_line' id='line_1_58' title="bbox 2172 1281 3819 1361; baseline 0.004 -26"><span class='ocrx_word' id='word_1_417' title='bbox 2172 1282 2377 1339; x_wconf 75' lang='grc' dir='ltr'>«ἀλλὰ</span> <span class='ocrx_word' id='word_1_418' title='bbox 2431 1284 2523 1338; x_wconf 80' lang='grc' dir='ltr'>καὶ</span> <span class='ocrx_word' id='word_1_419' title='bbox 2577 1284 2640 1338; x_wconf 87' lang='grc' dir='ltr'>τὸ</span> <span class='ocrx_word' id='word_1_420' title='bbox 2692 1282 2787 1350; x_wconf 73' lang='grc' dir='ltr'>τῆς</span> <span class='ocrx_word' id='word_1_421' title='bbox 2843 1282 3092 1361; x_wconf 81' lang='grc' dir='ltr'>μεγάλης</span> <span class='ocrx_word' id='word_1_422' title='bbox 3147 1285 3268 1345; x_wconf 79' lang='grc' dir='ltr'>θεᾶς</span> <span class='ocrx_word' id='word_1_423' title='bbox 3326 1281 3645 1359; x_wconf 87' lang='grc' dir='ltr'>Ἀρτέμιδος</span> <span class='ocrx_word' id='word_1_424' title='bbox 3675 1287 3819 1361; x_wconf 71' lang='grc' dir='ltr'>ἱερὸν</span> 
     </span>
    </p>
   </div>
   <div class='ocr_carea' id='block_1_58' title="bbox 2172 1369 3824 1449">
    <p class='ocr_par' dir='ltr' id='par_1_58' title="bbox 2172 1369 3824 1449">
     <span class='ocr_line' id='line_1_59' title="bbox 2172 1369 3824 1449; baseline 0.002 -23"><span class='ocrx_word' id='word_1_425' title='bbox 2172 1398 2200 1426; x_wconf 85' lang='grc' dir='ltr'>ι(</span> <span class='ocrx_word' id='word_1_426' title='bbox 2235 1372 2310 1436; x_wconf 81' lang='grc' dir='ltr'>είς</span> <span class='ocrx_word' id='word_1_427' title='bbox 2344 1370 2498 1428; x_wconf 76' lang='grc' dir='ltr'>οὐδὲν</span> <span class='ocrx_word' id='word_1_428' title='bbox 2531 1369 2872 1449; x_wconf 80' lang='grc' dir='ltr'>λογισθῆναι,</span> <span class='ocrx_word' id='word_1_429' title='bbox 2934 1372 3157 1446; x_wconf 87' lang='grc' dir='ltr'>μέλλειν</span> <span class='ocrx_word' id='word_1_430' title='bbox 3209 1395 3267 1428; x_wconf 91' lang='grc' dir='ltr'>τε</span> <span class='ocrx_word' id='word_1_431' title='bbox 3312 1373 3402 1428; x_wconf 85' lang='grc' dir='ltr'>καὶ</span> <span class='ocrx_word' id='word_1_432' title='bbox 3453 1375 3824 1449; x_wconf 82' lang='grc' dir='ltr'>καθαιρεισθαι</span> 
     </span>
    </p>
   </div>
   <div class='ocr_carea' id='block_1_59' title="bbox 2177 1461 3823 1539">
    <p class='ocr_par' dir='ltr' id='par_1_59' title="bbox 2177 1461 3823 1539">
     <span class='ocr_line' id='line_1_60' title="bbox 2177 1461 3823 1539; baseline 0.001 -21"><span class='ocrx_word' id='word_1_433' title='bbox 2177 1487 2197 1511; x_wconf 77' lang='grc' dir='ltr'>ι</span> <span class='ocrx_word' id='word_1_434' title='bbox 2234 1463 2332 1531; x_wconf 81' lang='grc' dir='ltr'>τήν</span> <span class='ocrx_word' id='word_1_435' title='bbox 2364 1463 2769 1539; x_wconf 76' lang='grc' dir='ltr'>μεγαλειότητα</span> <span class='ocrx_word' id='word_1_436' title='bbox 2797 1464 2986 1533; x_wconf 75' lang='grc' dir='ltr'>αὐτῆς,</span> <span class='ocrx_word' id='word_1_437' title='bbox 3020 1464 3085 1532; x_wconf 83' lang='grc' dir='ltr'>ἣν</span> <span class='ocrx_word' id='word_1_438' title='bbox 3119 1461 3225 1533; x_wconf 82' lang='grc' dir='ltr'>ὃλη</span> <span class='ocrx_word' id='word_1_439' title='bbox 3275 1466 3310 1533; x_wconf 79' lang='grc' dir='ltr'>ἡ</span> <span class='ocrx_word' id='word_1_440' title='bbox 3343 1464 3494 1520; x_wconf 86' lang='grc' dir='ltr'>Ἀσία</span> <span class='ocrx_word' id='word_1_441' title='bbox 3549 1463 3639 1518; x_wconf 88' lang='grc' dir='ltr'>καὶ</span> <span class='ocrx_word' id='word_1_442' title='bbox 3670 1467 3705 1533; x_wconf 76' lang='grc' dir='ltr'>ἡ</span> <span class='ocrx_word' id='word_1_443' title='bbox 3739 1467 3823 1519; x_wconf 78' lang='grc' dir='ltr'>οἱ·</span> 
     </span>
    </p>
   </div>
   <div class='ocr_carea' id='block_1_60' title="bbox 2176 1547 3821 1629">
    <p class='ocr_par' dir='ltr' id='par_1_60' title="bbox 2176 1547 3821 1629">
     <span class='ocr_line' id='line_1_61' title="bbox 2176 1547 3821 1629; baseline 0.001 -23"><span class='ocrx_word' id='word_1_444' title='bbox 2176 1576 2203 1605; x_wconf 79' lang='grc' dir='ltr'>α</span> <span class='ocrx_word' id='word_1_445' title='bbox 2236 1553 2475 1626; x_wconf 85' lang='grc' dir='ltr'>κουμένη</span> <span class='ocrx_word' id='word_1_446' title='bbox 2536 1547 2775 1610; x_wconf 77' lang='grc' dir='ltr'>σέϐεται.</span> <span class='ocrx_word' id='word_1_447' title='bbox 2852 1552 3198 1614; x_wconf 69' lang='grc' dir='ltr'>Ἀκούσαντες</span> <span class='ocrx_word' id='word_1_448' title='bbox 3252 1550 3310 1608; x_wconf 76' lang='grc' dir='ltr'>δὲ</span> <span class='ocrx_word' id='word_1_449' title='bbox 3380 1554 3468 1608; x_wconf 84' lang='grc' dir='ltr'>καὶ</span> <span class='ocrx_word' id='word_1_450' title='bbox 3529 1555 3821 1629; x_wconf 86' lang='grc' dir='ltr'>γενόμενοι</span> 
     </span>
    </p>
   </div>
   <div class='ocr_carea' id='block_1_61' title="bbox 2178 1638 3817 1718">
    <p class='ocr_par' dir='ltr' id='par_1_61' title="bbox 2178 1638 3817 1718">
     <span class='ocr_line' id='line_1_62' title="bbox 2178 1638 3817 1718; baseline 0.004 -25"><span class='ocrx_word' id='word_1_451' title='bbox 2178 1666 2201 1693; x_wconf 77' lang='grc' dir='ltr'>ι</span> <span class='ocrx_word' id='word_1_452' title='bbox 2237 1640 2467 1717; x_wconf 79' lang='grc' dir='ltr'>πλήρεις</span> <span class='ocrx_word' id='word_1_453' title='bbox 2500 1642 2676 1716; x_wconf 89' lang='grc' dir='ltr'>θυμοῦ</span> <span class='ocrx_word' id='word_1_454' title='bbox 2713 1638 2936 1717; x_wconf 78' lang='grc' dir='ltr'>ἔκραζον</span> <span class='ocrx_word' id='word_1_455' title='bbox 2998 1643 3265 1715; x_wconf 87' lang='grc' dir='ltr'>λέγοντες·</span> <span class='ocrx_word' id='word_1_456' title='bbox 3301 1640 3534 1717; x_wconf 81' lang='grc' dir='ltr'>Μεγάλη</span> <span class='ocrx_word' id='word_1_457' title='bbox 3594 1645 3628 1712; x_wconf 80' lang='grc' dir='ltr'>ἡ</span> <span class='ocrx_word' id='word_1_458' title='bbox 3686 1646 3817 1718; x_wconf 77' lang='lat' dir='ltr'>&quot;Ap-</span> 
     </span>
    </p>
   </div>
   <div class='ocr_carea' id='block_1_62' title="bbox 2175 1731 3825 1810">
    <p class='ocr_par' dir='ltr' id='par_1_62' title="bbox 2175 1731 3825 1810">
     <span class='ocr_line' id='line_1_63' title="bbox 2175 1731 3825 1810; baseline 0.001 -25"><span class='ocrx_word' id='word_1_459' title='bbox 2175 1757 2203 1785; x_wconf 85' lang='grc'>‹‹</span> <span class='ocrx_word' id='word_1_460' title='bbox 2234 1754 2392 1807; x_wconf 88' lang='grc' dir='ltr'>τεμις</span> <span class='ocrx_word' id='word_1_461' title='bbox 2424 1733 2727 1810; x_wconf 75' lang='grc' dir='ltr'>Ἐφεσίωνί</span> <span class='ocrx_word' id='word_1_462' title='bbox 2777 1733 2875 1788; x_wconf 84' lang='grc' dir='ltr'>Καὶ</span> <span class='ocrx_word' id='word_1_463' title='bbox 2932 1731 3182 1804; x_wconf 76' lang='grc' dir='ltr'>ἐπλήσθη</span> <span class='ocrx_word' id='word_1_464' title='bbox 3233 1735 3268 1802; x_wconf 71' lang='grc' dir='ltr'><strong>ἡ</strong></span> <span class='ocrx_word' id='word_1_465' title='bbox 3329 1733 3493 1797; x_wconf 85' lang='grc' dir='ltr'>πόλις</span> <span class='ocrx_word' id='word_1_466' title='bbox 3552 1733 3659 1804; x_wconf 84' lang='grc' dir='ltr'>’ὁλη</span> <span class='ocrx_word' id='word_1_467' title='bbox 3724 1740 3825 1802; x_wconf 80' lang='grc' dir='ltr'>τῆς</span> 
     </span>
    </p>
   </div>
   <div class='ocr_carea' id='block_1_63' title="bbox 2174 1819 3821 1898">
    <p class='ocr_par' dir='ltr' id='par_1_63' title="bbox 2174 1819 3821 1898">
     <span class='ocr_line' id='line_1_64' title="bbox 2174 1819 3821 1898; baseline 0.001 -23"><span class='ocrx_word' id='word_1_468' title='bbox 2174 1822 2563 1898; x_wconf 84' lang='grc' dir='ltr'>«συγχύσεως,</span> <span class='ocrx_word' id='word_1_469' title='bbox 2595 1820 2860 1898; x_wconf 82' lang='grc' dir='ltr'>ὥρμησάν</span> <span class='ocrx_word' id='word_1_470' title='bbox 2916 1844 2976 1878; x_wconf 89' lang='grc' dir='ltr'>τε</span> <span class='ocrx_word' id='word_1_471' title='bbox 3034 1819 3385 1896; x_wconf 80' lang='grc' dir='ltr'>ὁμοθυμαδὸν</span> <span class='ocrx_word' id='word_1_472' title='bbox 3444 1822 3520 1885; x_wconf 79' lang='grc' dir='ltr'>εἷς</span> <span class='ocrx_word' id='word_1_473' title='bbox 3573 1823 3636 1878; x_wconf 88' lang='grc' dir='ltr'>τὸ</span> <span class='ocrx_word' id='word_1_474' title='bbox 3695 1823 3821 1878; x_wconf 88' lang='grc' dir='ltr'>θέα-</span> 
     </span>
    </p>
   </div>
   <div class='ocr_carea' id='block_1_64' title="bbox 2173 1910 3818 1987">
    <p class='ocr_par' dir='ltr' id='par_1_64' title="bbox 2173 1910 3818 1987">
     <span class='ocr_line' id='line_1_65' title="bbox 2173 1910 3818 1987; baseline 0.001 -23"><span class='ocrx_word' id='word_1_475' title='bbox 2173 1938 2200 1964; x_wconf 68' lang='grc' dir='ltr'>ις</span> <span class='ocrx_word' id='word_1_476' title='bbox 2259 1932 2385 1987; x_wconf 90' lang='grc' dir='ltr'>τρον</span> <span class='ocrx_word' id='word_1_477' title='bbox 2485 1910 2912 1986; x_wconf 82' lang='grc' dir='ltr'>συναρπάσαντες</span> <span class='ocrx_word' id='word_1_478' title='bbox 3040 1911 3199 1968; x_wconf 70' lang='grc' dir='ltr'>Γαῖον</span> <span class='ocrx_word' id='word_1_479' title='bbox 3288 1911 3379 1967; x_wconf 84' lang='grc' dir='ltr'>καὶ</span> <span class='ocrx_word' id='word_1_480' title='bbox 3457 1911 3818 1987; x_wconf 79' lang='grc' dir='ltr'>Ἀρίσταρχον</span> 
     </span>
    </p>
   </div>
   <div class='ocr_carea' id='block_1_65' title="bbox 2181 1998 3827 2075">
    <p class='ocr_par' dir='ltr' id='par_1_65' title="bbox 2181 1998 3827 2075">
     <span class='ocr_line' id='line_1_66' title="bbox 2181 1998 3827 2075; baseline 0.002 -23"><span class='ocrx_word' id='word_1_481' title='bbox 2181 2024 2202 2052; x_wconf 79' lang='grc' dir='ltr'>ι</span> <span class='ocrx_word' id='word_1_482' title='bbox 2242 1999 2554 2063; x_wconf 81' lang='grc' dir='ltr'>Μακεδόνας</span> <span class='ocrx_word' id='word_1_483' title='bbox 2575 1998 2945 2075; x_wconf 73' lang='grc' dir='ltr'>συνεκδήμους</span> <span class='ocrx_word' id='word_1_484' title='bbox 2973 2005 3070 2056; x_wconf 88' lang='grc' dir='ltr'>τοῦ</span> <span class='ocrx_word' id='word_1_485' title='bbox 3103 1999 3344 2058; x_wconf 88' lang='grc' dir='ltr'>Παύλου.</span> <span class='ocrx_word' id='word_1_486' title='bbox 3374 2004 3486 2059; x_wconf 86' lang='grc' dir='ltr'>Τοῦ</span> <span class='ocrx_word' id='word_1_487' title='bbox 3514 1998 3571 2057; x_wconf 74' lang='grc' dir='ltr'>δὲ</span> <span class='ocrx_word' id='word_1_488' title='bbox 3604 2000 3827 2058; x_wconf 83' lang='grc' dir='ltr'>Παύλου</span> 
     </span>
    </p>
   </div>
   <div class='ocr_carea' id='block_1_66' title="bbox 2175 2088 3825 2167">
    <p class='ocr_par' dir='ltr' id='par_1_66' title="bbox 2175 2088 3825 2167">
     <span class='ocr_line' id='line_1_67' title="bbox 2175 2088 3825 2167; baseline 0 -23"><span class='ocrx_word' id='word_1_489' title='bbox 2175 2116 2201 2143; x_wconf 68' lang='grc' dir='ltr'>ι(</span> <span class='ocrx_word' id='word_1_490' title='bbox 2239 2088 2583 2167; x_wconf 69' lang='grc' dir='ltr'>βουλομένου</span> <span class='ocrx_word' id='word_1_491' title='bbox 2614 2089 2877 2146; x_wconf 83' lang='grc' dir='ltr'>εἰσελθεῖν</span> <span class='ocrx_word' id='word_1_492' title='bbox 2910 2090 2986 2152; x_wconf 85' lang='grc' dir='ltr'>είς</span> <span class='ocrx_word' id='word_1_493' title='bbox 3011 2090 3102 2146; x_wconf 89' lang='grc' dir='ltr'>τὸν</span> <span class='ocrx_word' id='word_1_494' title='bbox 3135 2089 3337 2164; x_wconf 77' lang='grc' dir='ltr'>δῆμον,</span> <span class='ocrx_word' id='word_1_495' title='bbox 3370 2091 3471 2147; x_wconf 82' lang='grc' dir='ltr'>οὐκ</span> <span class='ocrx_word' id='word_1_496' title='bbox 3509 2089 3633 2146; x_wconf 71' lang='grc' dir='ltr'>εἶ’ων</span> <span class='ocrx_word' id='word_1_497' title='bbox 3667 2091 3825 2146; x_wconf 83' lang='grc' dir='ltr'>αὐτὸν</span> 
     </span>
    </p>
   </div>
   <div class='ocr_carea' id='block_1_67' title="bbox 2176 2173 3824 2253">
    <p class='ocr_par' dir='ltr' id='par_1_67' title="bbox 2176 2173 3824 2253">
     <span class='ocr_line' id='line_1_68' title="bbox 2176 2173 3824 2253; baseline 0.002 -24"><span class='ocrx_word' id='word_1_498' title='bbox 2176 2202 2204 2230; x_wconf 89' lang='grc'>‹‹</span> <span class='ocrx_word' id='word_1_499' title='bbox 2238 2179 2289 2233; x_wconf 73' lang='grc' dir='ltr'>οἱ</span> <span class='ocrx_word' id='word_1_500' title='bbox 2335 2176 2594 2253; x_wconf 89' lang='grc' dir='ltr'>μαθηταί.</span> <span class='ocrx_word' id='word_1_501' title='bbox 2651 2179 2797 2239; x_wconf 75' lang='grc' dir='ltr'>Τινὲς</span> <span class='ocrx_word' id='word_1_502' title='bbox 2855 2174 2912 2232; x_wconf 74' lang='grc' dir='ltr'>δῖε</span> <span class='ocrx_word' id='word_1_503' title='bbox 2968 2178 3060 2232; x_wconf 88' lang='grc' dir='ltr'>καὶ</span> <span class='ocrx_word' id='word_1_504' title='bbox 3115 2183 3223 2233; x_wconf 84' lang='grc' dir='ltr'>τῶν</span> <span class='ocrx_word' id='word_1_505' title='bbox 3280 2178 3616 2253; x_wconf 80' lang='grc' dir='ltr'>Ἀσιαρχῶν,</span> <span class='ocrx_word' id='word_1_506' title='bbox 3678 2173 3824 2240; x_wconf 74' lang='grc' dir='ltr'>ὄντες</span> 
     </span>
    </p>
   </div>
   <div class='ocr_carea' id='block_1_68' title="bbox 2176 2266 3822 2345">
    <p class='ocr_par' dir='ltr' id='par_1_68' title="bbox 2176 2266 3822 2345">
     <span class='ocr_line' id='line_1_69' title="bbox 2176 2266 3822 2345; baseline 0.001 -25"><span class='ocrx_word' id='word_1_507' title='bbox 2176 2290 2205 2319; x_wconf 79' lang='grc' dir='ltr'>κ</span> <span class='ocrx_word' id='word_1_508' title='bbox 2239 2268 2387 2338; x_wconf 80' lang='grc' dir='ltr'>αὐτῷ</span> <span class='ocrx_word' id='word_1_509' title='bbox 2432 2266 2606 2345; x_wconf 81' lang='grc' dir='ltr'>φίλοι,</span> <span class='ocrx_word' id='word_1_510' title='bbox 2657 2266 2968 2341; x_wconf 75' lang='grc' dir='ltr'>πέμψαντες</span> <span class='ocrx_word' id='word_1_511' title='bbox 3014 2267 3150 2342; x_wconf 86' lang='grc' dir='ltr'>πρὸς</span> <span class='ocrx_word' id='word_1_512' title='bbox 3208 2267 3396 2338; x_wconf 79' lang='grc' dir='ltr'>αὐτὸν,</span> <span class='ocrx_word' id='word_1_513' title='bbox 3450 2266 3822 2342; x_wconf 79' lang='grc' dir='ltr'>παρεκάλουν,</span> 
     </span>
    </p>
   </div>
   <div class='ocr_carea' id='block_1_69' title="bbox 2183 2354 3820 2431">
    <p class='ocr_par' dir='ltr' id='par_1_69' title="bbox 2183 2354 3820 2431">
     <span class='ocr_line' id='line_1_70' title="bbox 2183 2354 3820 2431; baseline -0.002 -18"><span class='ocrx_word' id='word_1_514' title='bbox 2183 2378 2210 2413; x_wconf 71' lang='grc' dir='ltr'>α</span> <span class='ocrx_word' id='word_1_515' title='bbox 2241 2357 2318 2429; x_wconf 82' lang='grc' dir='ltr'>μή</span> <span class='ocrx_word' id='word_1_516' title='bbox 2353 2354 2541 2411; x_wconf 85' lang='grc' dir='ltr'>δοῦναι</span> <span class='ocrx_word' id='word_1_517' title='bbox 2572 2356 2755 2411; x_wconf 66' lang='grc' dir='ltr'>ἑαυτὸν</span> <span class='ocrx_word' id='word_1_518' title='bbox 2788 2356 2862 2418; x_wconf 72' lang='grc' dir='ltr'>ε⁷ς</span> <span class='ocrx_word' id='word_1_519' title='bbox 2918 2357 2981 2412; x_wconf 89' lang='grc' dir='ltr'>τὸ</span> <span class='ocrx_word' id='word_1_520' title='bbox 3042 2357 3288 2431; x_wconf 81' lang='grc' dir='ltr'>θέατρον.</span> <span class='ocrx_word' id='word_1_521' title='bbox 3345 2355 3549 2414; x_wconf 84' lang='grc' dir='ltr'>Ἀλλοι</span> <span class='ocrx_word' id='word_1_522' title='bbox 3599 2357 3695 2429; x_wconf 67' lang='grc' dir='ltr'>μἐν</span> <span class='ocrx_word' id='word_1_523' title='bbox 3729 2357 3820 2411; x_wconf 81' lang='grc' dir='ltr'>οῦν</span> 
     </span>
    </p>
   </div>
   <div class='ocr_carea' id='block_1_70' title="bbox 2178 2440 3826 2521">
    <p class='ocr_par' dir='ltr' id='par_1_70' title="bbox 2178 2440 3826 2521">
     <span class='ocr_line' id='line_1_71' title="bbox 2178 2440 3826 2521; baseline 0 -22"><span class='ocrx_word' id='word_1_524' title='bbox 2178 2468 2206 2499; x_wconf 78' lang='grc' dir='ltr'>α</span> <span class='ocrx_word' id='word_1_525' title='bbox 2237 2443 2377 2501; x_wconf 79' lang='grc' dir='ltr'>ἄλλο</span> <span class='ocrx_word' id='word_1_526' title='bbox 2424 2467 2475 2499; x_wconf 92' lang='grc' dir='ltr'>τι</span> <span class='ocrx_word' id='word_1_527' title='bbox 2532 2440 2774 2521; x_wconf 77' lang='grc' dir='ltr'>ἔκραζον.</span> <span class='ocrx_word' id='word_1_528' title='bbox 2832 2448 2933 2502; x_wconf 87' lang='grc' dir='ltr'>Ἦν</span> <span class='ocrx_word' id='word_1_529' title='bbox 2994 2448 3098 2521; x_wconf 75' lang='grc' dir='ltr'>γὰρ</span> <span class='ocrx_word' id='word_1_530' title='bbox 3145 2447 3179 2515; x_wconf 77' lang='grc' dir='ltr'>ἢ</span> <span class='ocrx_word' id='word_1_531' title='bbox 3240 2443 3507 2516; x_wconf 81' lang='grc' dir='ltr'>ἐκκλησία</span> <span class='ocrx_word' id='word_1_532' title='bbox 3556 2465 3826 2520; x_wconf 84' lang='grc' dir='ltr'>συγκεχυ-</span> 
     </span>
    </p>
   </div>
   <div class='ocr_carea' id='block_1_71' title="bbox 2177 2530 3827 2609">
    <p class='ocr_par' dir='ltr' id='par_1_71' title="bbox 2177 2530 3827 2609">
     <span class='ocr_line' id='line_1_72' title="bbox 2177 2530 3827 2609; baseline 0 -22"><span class='ocrx_word' id='word_1_533' title='bbox 2177 2560 2204 2587; x_wconf 81' lang='grc' dir='ltr'>(ι</span> <span class='ocrx_word' id='word_1_534' title='bbox 2240 2536 2399 2608; x_wconf 87' lang='grc' dir='ltr'>μένη.</span> <span class='ocrx_word' id='word_1_535' title='bbox 2449 2534 2548 2601; x_wconf 83' lang='grc' dir='ltr'>Καὶ</span> <span class='ocrx_word' id='word_1_536' title='bbox 2610 2535 2662 2588; x_wconf 79' lang='grc' dir='ltr'>οἱ</span> <span class='ocrx_word' id='word_1_537' title='bbox 2717 2532 2942 2596; x_wconf 80' lang='grc' dir='ltr'>πλείους</span> <span class='ocrx_word' id='word_1_538' title='bbox 3002 2534 3100 2589; x_wconf 81' lang='grc' dir='ltr'>οὐκ</span> <span class='ocrx_word' id='word_1_539' title='bbox 3154 2530 3401 2609; x_wconf 76' lang='grc' dir='ltr'>ᾔδεισαν,</span> <span class='ocrx_word' id='word_1_540' title='bbox 3461 2533 3605 2595; x_wconf 86' lang='grc' dir='ltr'>τίνος</span> <span class='ocrx_word' id='word_1_541' title='bbox 3660 2531 3827 2589; x_wconf 74' lang='grc' dir='ltr'>ἕνεκεν</span> 
     </span>
    </p>
   </div>
   <div class='ocr_carea' id='block_1_72' title="bbox 2177 2618 3825 2699">
    <p class='ocr_par' dir='ltr' id='par_1_72' title="bbox 2177 2618 3825 2699">
     <span class='ocr_line' id='line_1_73' title="bbox 2177 2618 3825 2699; baseline -0.001 -23"><span class='ocrx_word' id='word_1_542' title='bbox 2177 2649 2205 2676; x_wconf 90' lang='grc'>‹‹</span> <span class='ocrx_word' id='word_1_543' title='bbox 2247 2623 2702 2695; x_wconf 80' lang='grc' dir='ltr'>συνεληλύθεσαν.</span> <span class='ocrx_word' id='word_1_544' title='bbox 2771 2625 2865 2681; x_wconf 84' lang='grc' dir='ltr'>Ἐκ</span> <span class='ocrx_word' id='word_1_545' title='bbox 2923 2621 2981 2679; x_wconf 73' lang='grc' dir='ltr'>δὲ</span> <span class='ocrx_word' id='word_1_546' title='bbox 3064 2628 3160 2679; x_wconf 85' lang='grc' dir='ltr'>τοῦ</span> <span class='ocrx_word' id='word_1_547' title='bbox 3217 2619 3397 2699; x_wconf 75' lang='grc' dir='ltr'>ὄχλου</span> <span class='ocrx_word' id='word_1_548' title='bbox 3456 2618 3825 2699; x_wconf 75' lang='grc' dir='ltr'>προεϐίϐασαν</span> 
     </span>
    </p>
   </div>
   <div class='ocr_carea' id='block_1_73' title="bbox 2182 2708 3821 2789">
    <p class='ocr_par' dir='ltr' id='par_1_73' title="bbox 2182 2708 3821 2789">
     <span class='ocr_line' id='line_1_74' title="bbox 2182 2708 3821 2789; baseline 0.003 -25"><span class='ocrx_word' id='word_1_549' title='bbox 2182 2739 2201 2764; x_wconf 79' lang='grc' dir='ltr'>ι</span> <span class='ocrx_word' id='word_1_550' title='bbox 2234 2711 2607 2789; x_wconf 78' lang='grc' dir='ltr'>Ἀλέξανδρον,</span> <span class='ocrx_word' id='word_1_551' title='bbox 2642 2708 3026 2788; x_wconf 76' lang='grc' dir='ltr'>προϐαλόντων</span> <span class='ocrx_word' id='word_1_552' title='bbox 3085 2714 3243 2769; x_wconf 83' lang='grc' dir='ltr'>αὑτὸν</span> <span class='ocrx_word' id='word_1_553' title='bbox 3273 2719 3380 2767; x_wconf 79' lang='grc' dir='ltr'>τῶν</span> <span class='ocrx_word' id='word_1_554' title='bbox 3430 2710 3727 2769; x_wconf 84' lang='grc' dir='ltr'>Ἰουδαίων.</span> <span class='ocrx_word' id='word_1_555' title='bbox 3760 2713 3821 2789; x_wconf 84' lang='grc' dir='ltr'>Ὁ</span> 
     </span>
    </p>
   </div>
   <div class='ocr_carea' id='block_1_74' title="bbox 2177 2786 3829 2878">
    <p class='ocr_par' dir='ltr' id='par_1_74' title="bbox 2177 2786 3829 2878">
     <span class='ocr_line' id='line_1_75' title="bbox 2177 2786 3829 2878; baseline 0.001 -24"><span class='ocrx_word' id='word_1_556' title='bbox 2177 2827 2205 2855; x_wconf 84' lang='grc'>‹‹</span> <span class='ocrx_word' id='word_1_557' title='bbox 2238 2800 2297 2857; x_wconf 68' lang='grc' dir='ltr'>δὲ</span> <span class='ocrx_word' id='word_1_558' title='bbox 2329 2786 2692 2878; x_wconf 78' lang='grc' dir='ltr'>Ἀλέξανδρος</span> <span class='ocrx_word' id='word_1_559' title='bbox 2715 2808 3031 2864; x_wconf 73' lang='grc' dir='ltr'>κατασείσας</span> <span class='ocrx_word' id='word_1_560' title='bbox 3077 2805 3174 2872; x_wconf 76' lang='grc' dir='ltr'>τήν</span> <span class='ocrx_word' id='word_1_561' title='bbox 3234 2808 3417 2878; x_wconf 86' lang='grc' dir='ltr'>χεῖρα,</span> <span class='ocrx_word' id='word_1_562' title='bbox 3468 2799 3658 2871; x_wconf 68' lang='grc' dir='ltr'>ἤθελεν</span> <span class='ocrx_word' id='word_1_563' title='bbox 3692 2786 3829 2877; x_wconf 44' lang='lat' dir='ltr'>duo:</span> 
     </span>
    </p>
   </div>
   <div class='ocr_carea' id='block_1_75' title="bbox 2160 2888 3826 2974">
    <p class='ocr_par' dir='ltr' id='par_1_75' title="bbox 2160 2888 3826 2974">
     <span class='ocr_line' id='line_1_76' title="bbox 2160 2888 3826 2974; baseline -0.001 -28"><span class='ocrx_word' id='word_1_564' title='bbox 2160 2916 2206 2974; x_wconf 48' lang='lat' dir='ltr'>ft</span> <span class='ocrx_word' id='word_1_565' title='bbox 2240 2889 2516 2968; x_wconf 86' lang='grc' dir='ltr'>λογεῖσθαι</span> <span class='ocrx_word' id='word_1_566' title='bbox 2546 2897 2626 2964; x_wconf 79' lang='grc' dir='ltr'>τῷ</span> <span class='ocrx_word' id='word_1_567' title='bbox 2656 2889 2839 2965; x_wconf 74' lang='grc' dir='ltr'>δήμῳ.</span> <span class='ocrx_word' id='word_1_568' title='bbox 2889 2892 3251 2970; x_wconf 85' lang='grc' dir='ltr'>Ἐπιγνόντων</span> <span class='ocrx_word' id='word_1_569' title='bbox 3317 2889 3375 2947; x_wconf 73' lang='grc' dir='ltr'>δὲ</span> <span class='ocrx_word' id='word_1_570' title='bbox 3424 2892 3506 2946; x_wconf 82' lang='grc' dir='ltr'>’ὁτι</span> <span class='ocrx_word' id='word_1_571' title='bbox 3563 2888 3826 2954; x_wconf 83' lang='grc' dir='ltr'>Ἰουδαῖός</span> 
     </span>
    </p>
   </div>
   <div class='ocr_carea' id='block_1_76' title="bbox 2180 2978 3824 3061">
    <p class='ocr_par' dir='ltr' id='par_1_76' title="bbox 2180 2978 3824 3061">
     <span class='ocr_line' id='line_1_77' title="bbox 2180 2978 3824 3061; baseline 0.001 -27"><span class='ocrx_word' id='word_1_572' title='bbox 2180 3004 2209 3034; x_wconf 74' lang='grc' dir='ltr'>ι(</span> <span class='ocrx_word' id='word_1_573' title='bbox 2239 2980 2375 3052; x_wconf 82' lang='grc' dir='ltr'>ἐστι,</span> <span class='ocrx_word' id='word_1_574' title='bbox 2407 2982 2563 3061; x_wconf 70' lang='grc' dir='ltr'>φωνή</span> <span class='ocrx_word' id='word_1_575' title='bbox 2594 2979 2802 3055; x_wconf 79' lang='grc' dir='ltr'>ἐγένετο</span> <span class='ocrx_word' id='word_1_576' title='bbox 2835 2982 2931 3054; x_wconf 87' lang='grc' dir='ltr'>μία</span> <span class='ocrx_word' id='word_1_577' title='bbox 2973 2980 3031 3036; x_wconf 83' lang='grc' dir='ltr'>ἐκ</span> <span class='ocrx_word' id='word_1_578' title='bbox 3059 2983 3296 3051; x_wconf 73' lang='grc' dir='ltr'>πάντων,</span> <span class='ocrx_word' id='word_1_579' title='bbox 3329 2983 3402 3045; x_wconf 86' lang='grc' dir='ltr'>ὡς</span> <span class='ocrx_word' id='word_1_580' title='bbox 3430 2981 3519 3037; x_wconf 77' lang='grc' dir='ltr'>ἐπὶ</span> <span class='ocrx_word' id='word_1_581' title='bbox 3553 2982 3695 3057; x_wconf 83' lang='grc' dir='ltr'>ὥρας</span> <span class='ocrx_word' id='word_1_582' title='bbox 3730 2978 3824 3035; x_wconf 87' lang='grc' dir='ltr'>δύο</span> 
     </span>
    </p>
   </div>
   <div class='ocr_carea' id='block_1_77' title="bbox 2182 3070 3596 3147">
    <p class='ocr_par' dir='ltr' id='par_1_77' title="bbox 2182 3070 3596 3147">
     <span class='ocr_line' id='line_1_78' title="bbox 2182 3070 3596 3147; baseline 0.001 -26"><span class='ocrx_word' id='word_1_583' title='bbox 2182 3096 2203 3121; x_wconf 74' lang='grc' dir='ltr'>α</span> <span class='ocrx_word' id='word_1_584' title='bbox 2234 3072 2561 3145; x_wconf 60' lang='grc' dir='ltr'>κραζόντων</span> <span class='ocrx_word' id='word_1_585' title='bbox 2596 3070 2825 3147; x_wconf 74' lang='grc' dir='ltr'>Μεγάλη</span> <span class='ocrx_word' id='word_1_586' title='bbox 2854 3073 2888 3141; x_wconf 83' lang='grc' dir='ltr'><strong>ἡ</strong></span> <span class='ocrx_word' id='word_1_587' title='bbox 2920 3073 3187 3146; x_wconf 73' lang='grc' dir='ltr'>’Ἄρτεμις</span> <span class='ocrx_word' id='word_1_588' title='bbox 3222 3070 3481 3147; x_wconf 72' lang='grc' dir='ltr'>Ἐφεσίων</span> <span class='ocrx_word' id='word_1_589' title='bbox 3521 3073 3532 3127; x_wconf 82' lang='lat' dir='ltr'>l</span> <span class='ocrx_word' id='word_1_590' title='bbox 3568 3095 3596 3125; x_wconf 84' lang='lat'>»</span> 
     </span>
    </p>
   </div>
   <div class='ocr_carea' id='block_1_78' title="bbox 2256 3158 3830 3236">
    <p class='ocr_par' dir='ltr' id='par_1_78' title="bbox 2256 3158 3830 3236">
     <span class='ocr_line' id='line_1_79' title="bbox 2256 3158 3830 3236; baseline 0.003 -27"><span class='ocrx_word' id='word_1_591' title='bbox 2256 3184 2284 3210; x_wconf 88' lang='grc'><em>‹‹</em></span> <span class='ocrx_word' id='word_1_592' title='bbox 2318 3158 2853 3234; x_wconf 75' lang='grc' dir='ltr'>Ἐξομολογούμενοι</span> <span class='ocrx_word' id='word_1_593' title='bbox 2904 3159 2993 3214; x_wconf 84' lang='grc' dir='ltr'>καὶ</span> <span class='ocrx_word' id='word_1_594' title='bbox 3054 3158 3483 3236; x_wconf 77' lang='grc' dir='ltr'>ἂναγγέλλοντες</span> <span class='ocrx_word' id='word_1_595' title='bbox 3538 3161 3633 3222; x_wconf 74' lang='grc' dir='ltr'>τὰς</span> <span class='ocrx_word' id='word_1_596' title='bbox 3691 3164 3830 3233; x_wconf 81' lang='grc' dir='ltr'>πρα-</span> 
     </span>
    </p>
   </div>
   <div class='ocr_carea' id='block_1_79' title="bbox 2183 3247 3832 3323">
    <p class='ocr_par' dir='ltr' id='par_1_79' title="bbox 2183 3247 3832 3323">
     <span class='ocr_line' id='line_1_80' title="bbox 2183 3247 3832 3323; baseline 0.001 -21"><span class='ocrx_word' id='word_1_597' title='bbox 2183 3248 2313 3319; x_wconf 79' lang='grc' dir='ltr'>ξεις.</span> <span class='ocrx_word' id='word_1_598' title='bbox 2352 3272 2379 3298; x_wconf 90' lang='grc'><strong>››</strong></span> <span class='ocrx_word' id='word_1_599' title='bbox 2411 3253 2504 3303; x_wconf 86' lang='grc' dir='ltr'>Δεῖ</span> <span class='ocrx_word' id='word_1_600' title='bbox 2532 3248 2707 3302; x_wconf 77' lang='grc' dir='ltr'>πάντα</span> <span class='ocrx_word' id='word_1_601' title='bbox 2763 3248 2956 3302; x_wconf 89' lang='grc' dir='ltr'>πιστὸν</span> <span class='ocrx_word' id='word_1_602' title='bbox 3018 3247 3196 3323; x_wconf 80' lang='grc' dir='ltr'>λέγειν</span> <span class='ocrx_word' id='word_1_603' title='bbox 3252 3248 3349 3311; x_wconf 74' lang='grc' dir='ltr'>τὰς</span> <span class='ocrx_word' id='word_1_604' title='bbox 3407 3248 3598 3304; x_wconf 70' lang='grc' dir='ltr'>ἑαυτοῦ</span> <span class='ocrx_word' id='word_1_605' title='bbox 3658 3250 3832 3323; x_wconf 81' lang='grc' dir='ltr'>ἁμαρ-</span> 
     </span>
    </p>
   </div>
   <div class='ocr_carea' id='block_1_80' title="bbox 2179 3334 3830 3414">
    <p class='ocr_par' dir='ltr' id='par_1_80' title="bbox 2179 3334 3830 3414">
     <span class='ocr_line' id='line_1_81' title="bbox 2179 3334 3830 3414; baseline 0.001 -24"><span class='ocrx_word' id='word_1_606' title='bbox 2179 3336 2319 3409; x_wconf 86' lang='grc' dir='ltr'>τίας,</span> <span class='ocrx_word' id='word_1_607' title='bbox 2350 3337 2439 3392; x_wconf 83' lang='grc' dir='ltr'>καὶ</span> <span class='ocrx_word' id='word_1_608' title='bbox 2472 3338 2860 3393; x_wconf 83' lang='grc' dir='ltr'>ἀποτάττεσθαι</span> <span class='ocrx_word' id='word_1_609' title='bbox 2890 3334 2978 3392; x_wconf 74' lang='grc' dir='ltr'>διὰ</span> <span class='ocrx_word' id='word_1_610' title='bbox 3034 3342 3129 3392; x_wconf 91' lang='grc' dir='ltr'>τοῦ</span> <span class='ocrx_word' id='word_1_611' title='bbox 3186 3339 3372 3393; x_wconf 75' lang='grc' dir='ltr'>ἑαυτὸν</span> <span class='ocrx_word' id='word_1_612' title='bbox 3400 3336 3677 3414; x_wconf 81' lang='grc' dir='ltr'>ἐλέγχειν,</span> <span class='ocrx_word' id='word_1_613' title='bbox 3733 3341 3830 3392; x_wconf 89' lang='grc' dir='ltr'>τοῦ</span> 
     </span>
    </p>
   </div>
   <div class='ocr_carea' id='block_1_81' title="bbox 2183 3423 3833 3503">
    <p class='ocr_par' dir='ltr' id='par_1_81' title="bbox 2183 3423 3833 3503">
     <span class='ocr_line' id='line_1_82' title="bbox 2183 3423 3833 3503; baseline -0.001 -21"><span class='ocrx_word' id='word_1_614' title='bbox 2183 3426 2380 3501; x_wconf 79' lang='grc' dir='ltr'>μηκέτι</span> <span class='ocrx_word' id='word_1_615' title='bbox 2410 3432 2585 3483; x_wconf 78' lang='grc' dir='ltr'>ποιεῖν</span> <span class='ocrx_word' id='word_1_616' title='bbox 2643 3426 2710 3482; x_wconf 82' lang='grc' dir='ltr'>τὰ</span> <span class='ocrx_word' id='word_1_617' title='bbox 2767 3426 2922 3493; x_wconf 78' lang='grc' dir='ltr'>αὐτὰ,</span> <span class='ocrx_word' id='word_1_618' title='bbox 2976 3424 3065 3482; x_wconf 69' lang='grc' dir='ltr'>’ίνα</span> <span class='ocrx_word' id='word_1_619' title='bbox 3121 3423 3386 3503; x_wconf 79' lang='grc' dir='ltr'>δικαιωθῇ</span> <span class='ocrx_word' id='word_1_620' title='bbox 3415 3429 3551 3483; x_wconf 76' lang='grc' dir='ltr'>κατὰ</span> <span class='ocrx_word' id='word_1_621' title='bbox 3587 3429 3647 3482; x_wconf 85' lang='grc' dir='ltr'>τὸ</span> <span class='ocrx_word' id='word_1_622' title='bbox 3687 3426 3833 3503; x_wconf 62' lang='grc' dir='ltr'>εἴρη-</span> 
     </span>
    </p>
   </div>
   <div class='ocr_carea' id='block_1_82' title="bbox 2184 3513 3832 3593">
    <p class='ocr_par' dir='ltr' id='par_1_82' title="bbox 2184 3513 3832 3593">
     <span class='ocr_line' id='line_1_83' title="bbox 2184 3513 3832 3593; baseline -0.001 -20"><span class='ocrx_word' id='word_1_623' title='bbox 2184 3518 2363 3593; x_wconf 75' lang='grc' dir='ltr'>μένονο</span> <span class='ocrx_word' id='word_1_624' title='bbox 2428 3541 2456 3569; x_wconf 81' lang='grc' dir='ltr'>(ι</span> <span class='ocrx_word' id='word_1_625' title='bbox 2516 3515 2652 3593; x_wconf 86' lang='grc' dir='ltr'>Λέγε</span> <span class='ocrx_word' id='word_1_626' title='bbox 2709 3516 2770 3571; x_wconf 79' lang='grc' dir='ltr'>σὺ</span> <span class='ocrx_word' id='word_1_627' title='bbox 2825 3521 3043 3586; x_wconf 73' lang='grc' dir='ltr'>πρῶτος</span> <span class='ocrx_word' id='word_1_628' title='bbox 3103 3517 3199 3579; x_wconf 73' lang='grc' dir='ltr'>τὰς</span> <span class='ocrx_word' id='word_1_629' title='bbox 3275 3517 3565 3593; x_wconf 86' lang='grc' dir='ltr'>ἁμαρτίας,</span> <span class='ocrx_word' id='word_1_630' title='bbox 3622 3517 3708 3572; x_wconf 72' lang='grc' dir='ltr'>’ἱνα</span> <span class='ocrx_word' id='word_1_631' title='bbox 3755 3513 3832 3571; x_wconf 86' lang='grc' dir='ltr'>δι-</span> 
     </span>
    </p>
   </div>
   <div class='ocr_carea' id='block_1_83' title="bbox 2181 3603 3829 3688">
    <p class='ocr_par' dir='ltr' id='par_1_83' title="bbox 2181 3603 3829 3688">
     <span class='ocr_line' id='line_1_84' title="bbox 2181 3603 3829 3688; baseline 0 -26"><span class='ocrx_word' id='word_1_632' title='bbox 2181 3608 2447 3680; x_wconf 78' lang='grc' dir='ltr'>καιωθῇς.</span> <span class='ocrx_word' id='word_1_633' title='bbox 2484 3632 2511 3659; x_wconf 77' lang='grc' dir='ltr'>υ</span> <span class='ocrx_word' id='word_1_634' title='bbox 2544 3605 2892 3680; x_wconf 82' lang='grc' dir='ltr'>Σημειωτέον</span> <span class='ocrx_word' id='word_1_635' title='bbox 2924 3603 2982 3661; x_wconf 74' lang='grc' dir='ltr'>δὲ</span> <span class='ocrx_word' id='word_1_636' title='bbox 3011 3607 3099 3661; x_wconf 76' lang='grc' dir='ltr'>καὶ</span> <span class='ocrx_word' id='word_1_637' title='bbox 3143 3606 3194 3661; x_wconf 81' lang='grc' dir='ltr'>ἐν</span> <span class='ocrx_word' id='word_1_638' title='bbox 3227 3613 3344 3669; x_wconf 89' lang='grc' dir='ltr'>τοῖς</span> <span class='ocrx_word' id='word_1_639' title='bbox 3378 3607 3568 3688; x_wconf 73' lang='grc' dir='ltr'>ἐφεξῆς</span> <span class='ocrx_word' id='word_1_640' title='bbox 3595 3610 3678 3663; x_wconf 83' lang='grc' dir='ltr'>’ότι</span> <span class='ocrx_word' id='word_1_641' title='bbox 3710 3606 3829 3662; x_wconf 84' lang='grc' dir='ltr'>καί·</span> 
     </span>
    </p>
   </div>
   <div class='ocr_carea' id='block_1_84' title="bbox 2181 3690 3829 3771">
    <p class='ocr_par' dir='ltr' id='par_1_84' title="bbox 2181 3690 3829 3771">
     <span class='ocr_line' id='line_1_85' title="bbox 2181 3690 3829 3771; baseline -0.001 -21"><span class='ocrx_word' id='word_1_642' title='bbox 2181 3717 2264 3750; x_wconf 86' lang='grc' dir='ltr'>τοι</span> <span class='ocrx_word' id='word_1_643' title='bbox 2295 3694 2637 3767; x_wconf 62' lang='grc' dir='ltr'>πολ-»τίμους</span> <span class='ocrx_word' id='word_1_644' title='bbox 2670 3695 2830 3760; x_wconf 70' lang='grc' dir='ltr'>οὔσας</span> <span class='ocrx_word' id='word_1_645' title='bbox 2891 3697 2986 3757; x_wconf 73' lang='grc' dir='ltr'>τὰς</span> <span class='ocrx_word' id='word_1_646' title='bbox 3040 3697 3305 3770; x_wconf 76' lang='grc' dir='ltr'>γοητικᾶς</span> <span class='ocrx_word' id='word_1_647' title='bbox 3350 3698 3525 3752; x_wconf 76' lang='grc' dir='ltr'>αὑτῶν</span> <span class='ocrx_word' id='word_1_648' title='bbox 3581 3690 3829 3771; x_wconf 78' lang='grc' dir='ltr'>βίϐλους,</span> 
     </span>
    </p>
   </div>
   <div class='ocr_carea' id='block_1_85' title="bbox 2182 3782 3822 3860">
    <p class='ocr_par' dir='ltr' id='par_1_85' title="bbox 2182 3782 3822 3860">
     <span class='ocr_line' id='line_1_86' title="bbox 2182 3782 3822 3860; baseline -0.002 -21"><span class='ocrx_word' id='word_1_649' title='bbox 2182 3785 2258 3847; x_wconf 86' lang='grc' dir='ltr'>ὡς</span> <span class='ocrx_word' id='word_1_650' title='bbox 2286 3790 2392 3839; x_wconf 80' lang='grc' dir='ltr'>τῶν</span> <span class='ocrx_word' id='word_1_651' title='bbox 2426 3782 2477 3839; x_wconf 81' lang='grc' dir='ltr'>ἐν</span> <span class='ocrx_word' id='word_1_652' title='bbox 2517 3783 2622 3857; x_wconf 69' lang='grc' dir='ltr'>θίῳ</span> <span class='ocrx_word' id='word_1_653' title='bbox 2652 3783 2897 3860; x_wconf 80' lang='grc' dir='ltr'>ἐχουσῶν</span> <span class='ocrx_word' id='word_1_654' title='bbox 2917 3786 2981 3840; x_wconf 80' lang='grc' dir='ltr'>τὰ</span> <span class='ocrx_word' id='word_1_655' title='bbox 3012 3784 3305 3855; x_wconf 78' lang='grc' dir='ltr'>κάλλιστα,</span> <span class='ocrx_word' id='word_1_656' title='bbox 3340 3787 3392 3841; x_wconf 78' lang='grc' dir='ltr'>οἱ</span> <span class='ocrx_word' id='word_1_657' title='bbox 3450 3785 3525 3840; x_wconf 82' lang='grc' dir='ltr'>εἶν</span> <span class='ocrx_word' id='word_1_658' title='bbox 3590 3784 3822 3858; x_wconf 82' lang='grc' dir='ltr'>Χριστὸν</span> 
     </span>
    </p>
   </div>
   <div class='ocr_carea' id='block_1_86' title="bbox 2184 3868 3816 3945">
    <p class='ocr_par' dir='ltr' id='par_1_86' title="bbox 2184 3868 3816 3945">
     <span class='ocr_line' id='line_1_87' title="bbox 2184 3868 3816 3945; baseline -0.001 -16"><span class='ocrx_word' id='word_1_659' title='bbox 2184 3874 2583 3945; x_wconf 76' lang='grc' dir='ltr'>πιστεύσαντες,</span> <span class='ocrx_word' id='word_1_660' title='bbox 2643 3874 2741 3929; x_wconf 82' lang='grc' dir='ltr'>οὑκ</span> <span class='ocrx_word' id='word_1_661' title='bbox 2799 3873 3118 3945; x_wconf 84' lang='grc' dir='ltr'>ἐπώλησαν,</span> <span class='ocrx_word' id='word_1_662' title='bbox 3194 3873 3319 3930; x_wconf 82' lang='grc' dir='ltr'>ἀλλ’</span> <span class='ocrx_word' id='word_1_663' title='bbox 3394 3868 3641 3939; x_wconf 73' lang='grc' dir='ltr'>ἔκαυσαν,</span> <span class='ocrx_word' id='word_1_664' title='bbox 3698 3871 3816 3927; x_wconf 87' lang='grc' dir='ltr'>καί·</span> 
     </span>
    </p>
   </div>
   <div class='ocr_carea' id='block_1_87' title="bbox 2180 3960 3817 4039">
    <p class='ocr_par' dir='ltr' id='par_1_87' title="bbox 2180 3960 3817 4039">
     <span class='ocr_line' id='line_1_88' title="bbox 2180 3960 3817 4039; baseline -0.002 -20"><span class='ocrx_word' id='word_1_665' title='bbox 2180 3985 2333 4039; x_wconf 86' lang='grc' dir='ltr'>τοιγε</span> <span class='ocrx_word' id='word_1_666' title='bbox 2380 3961 2569 4018; x_wconf 76' lang='grc' dir='ltr'>ἄλλων</span> <span class='ocrx_word' id='word_1_667' title='bbox 2624 3960 2796 4020; x_wconf 79' lang='grc' dir='ltr'>ἐκεῖσε</span> <span class='ocrx_word' id='word_1_668' title='bbox 2838 3967 3103 4019; x_wconf 81' lang='grc' dir='ltr'>τοιούτων</span> <span class='ocrx_word' id='word_1_669' title='bbox 3161 3961 3326 4019; x_wconf 76' lang='grc' dir='ltr'>ὄντων</span> <span class='ocrx_word' id='word_1_670' title='bbox 3381 3966 3488 4017; x_wconf 84' lang='grc' dir='ltr'>τῶν</span> <span class='ocrx_word' id='word_1_671' title='bbox 3550 3960 3817 4027; x_wconf 83' lang='grc' dir='ltr'>θελόντων</span> 
     </span>
    </p>
   </div>
   <div class='ocr_carea' id='block_1_88' title="bbox 2180 4047 3824 4130">
    <p class='ocr_par' dir='ltr' id='par_1_88' title="bbox 2180 4047 3824 4130">
     <span class='ocr_line' id='line_1_89' title="bbox 2180 4047 3824 4130; baseline 0 -23"><span class='ocrx_word' id='word_1_672' title='bbox 2180 4053 2275 4116; x_wconf 81' lang='grc' dir='ltr'>τὰς</span> <span class='ocrx_word' id='word_1_673' title='bbox 2313 4047 2541 4130; x_wconf 75' lang='grc' dir='ltr'>βίϐλους</span> <span class='ocrx_word' id='word_1_674' title='bbox 2574 4054 2897 4125; x_wconf 76' lang='grc' dir='ltr'>κτήσασθαι,</span> <span class='ocrx_word' id='word_1_675' title='bbox 2927 4057 3147 4129; x_wconf 82' lang='grc' dir='ltr'>πρῶτον</span> <span class='ocrx_word' id='word_1_676' title='bbox 3179 4054 3273 4127; x_wconf 71' lang='grc' dir='ltr'>μὲν</span> <span class='ocrx_word' id='word_1_677' title='bbox 3324 4049 3417 4106; x_wconf 64' lang='grc' dir='ltr'>ἵνα</span> <span class='ocrx_word' id='word_1_678' title='bbox 3474 4053 3549 4125; x_wconf 81' lang='grc' dir='ltr'>μή</span> <span class='ocrx_word' id='word_1_679' title='bbox 3608 4073 3692 4113; x_wconf 87' lang='grc' dir='ltr'>τις</span> <span class='ocrx_word' id='word_1_680' title='bbox 3725 4071 3824 4126; x_wconf 92' lang='grc' dir='ltr'>με-</span> 
     </span>
    </p>
   </div>
   <div class='ocr_carea' id='block_1_89' title="bbox 2182 4137 3831 4220">
    <p class='ocr_par' dir='ltr' id='par_1_89' title="bbox 2182 4137 3831 4220">
     <span class='ocr_line' id='line_1_90' title="bbox 2182 4137 3831 4220; baseline -0.002 -22"><span class='ocrx_word' id='word_1_681' title='bbox 2182 4143 2361 4218; x_wconf 81' lang='grc' dir='ltr'>τάσχῃ</span> <span class='ocrx_word' id='word_1_682' title='bbox 2386 4150 2487 4212; x_wconf 80' lang='grc' dir='ltr'>τῆς</span> <span class='ocrx_word' id='word_1_683' title='bbox 2518 4141 2614 4196; x_wconf 83' lang='grc' dir='ltr'>ἀπ’</span> <span class='ocrx_word' id='word_1_684' title='bbox 2644 4142 2819 4197; x_wconf 83' lang='grc' dir='ltr'>αὑτῶν</span> <span class='ocrx_word' id='word_1_685' title='bbox 2857 4144 3220 4220; x_wconf 74' lang='grc' dir='ltr'>ψυχοφθόρου</span> <span class='ocrx_word' id='word_1_686' title='bbox 3260 4138 3469 4217; x_wconf 86' lang='grc' dir='ltr'>λύμης,</span> <span class='ocrx_word' id='word_1_687' title='bbox 3531 4139 3713 4197; x_wconf 76' lang='grc' dir='ltr'>ἔπειτα</span> <span class='ocrx_word' id='word_1_688' title='bbox 3772 4137 3831 4195; x_wconf 70' lang='grc' dir='ltr'>δέ</span> 
     </span>
    </p>
   </div>
   <div class='ocr_carea' id='block_1_90' title="bbox 2180 4230 3835 4306">
    <p class='ocr_par' dir='ltr' id='par_1_90' title="bbox 2180 4230 3835 4306">
     <span class='ocr_line' id='line_1_91' title="bbox 2180 4230 3835 4306; baseline -0.001 -19"><span class='ocrx_word' id='word_1_689' title='bbox 2180 4230 2271 4287; x_wconf 76' lang='grc' dir='ltr'>’ίνα</span> <span class='ocrx_word' id='word_1_690' title='bbox 2305 4232 2380 4304; x_wconf 78' lang='grc' dir='ltr'>μή</span> <span class='ocrx_word' id='word_1_691' title='bbox 2426 4232 2532 4287; x_wconf 88' lang='grc' dir='ltr'>ἀπὸ</span> <span class='ocrx_word' id='word_1_692' title='bbox 2570 4231 2827 4302; x_wconf 80' lang='grc' dir='ltr'>τοιαύτης</span> <span class='ocrx_word' id='word_1_693' title='bbox 2870 4231 3047 4296; x_wconf 81' lang='grc' dir='ltr'>αἰτίας</span> <span class='ocrx_word' id='word_1_694' title='bbox 3106 4231 3415 4302; x_wconf 70' lang='grc' dir='ltr'>κτήσωνταί</span> <span class='ocrx_word' id='word_1_695' title='bbox 3466 4253 3543 4289; x_wconf 88' lang='grc' dir='ltr'>τι.</span> <span class='ocrx_word' id='word_1_696' title='bbox 3632 4232 3835 4306; x_wconf 82' lang='grc' dir='ltr'>Ὠσπερ</span> 
     </span>
    </p>
   </div>
   <div class='ocr_carea' id='block_1_91' title="bbox 2182 4319 3828 4399">
    <p class='ocr_par' dir='ltr' id='par_1_91' title="bbox 2182 4319 3828 4399">
     <span class='ocr_line' id='line_1_92' title="bbox 2182 4319 3828 4399; baseline -0.002 -22"><span class='ocrx_word' id='word_1_697' title='bbox 2182 4321 2284 4398; x_wconf 79' lang='grc' dir='ltr'>γὰρ</span> <span class='ocrx_word' id='word_1_698' title='bbox 2312 4321 2374 4376; x_wconf 90' lang='grc' dir='ltr'>τὸ</span> <span class='ocrx_word' id='word_1_699' title='bbox 2404 4321 2510 4376; x_wconf 79' lang='grc' dir='ltr'>ἀπὸ</span> <span class='ocrx_word' id='word_1_700' title='bbox 2551 4319 2805 4396; x_wconf 85' lang='grc' dir='ltr'>πορνείας</span> <span class='ocrx_word' id='word_1_701' title='bbox 2862 4319 3053 4397; x_wconf 87' lang='grc' dir='ltr'>κέρδος</span> <span class='ocrx_word' id='word_1_702' title='bbox 3111 4322 3486 4399; x_wconf 83' lang='grc' dir='ltr'>ἀπηγόρευται</span> <span class='ocrx_word' id='word_1_703' title='bbox 3539 4322 3828 4396; x_wconf 78' lang='grc' dir='ltr'>προσάγειν</span> 
     </span>
    </p>
   </div>
   <div class='ocr_carea' id='block_1_92' title="bbox 2184 4404 3833 4488">
    <p class='ocr_par' dir='ltr' id='par_1_92' title="bbox 2184 4404 3833 4488">
     <span class='ocr_line' id='line_1_93' title="bbox 2184 4404 3833 4488; baseline -0.002 -22"><span class='ocrx_word' id='word_1_704' title='bbox 2184 4415 2323 4483; x_wconf 84' lang='grc' dir='ltr'>Θεῷ,</span> <span class='ocrx_word' id='word_1_705' title='bbox 2357 4404 2533 4471; x_wconf 79' lang='grc' dir='ltr'>οὕτως</span> <span class='ocrx_word' id='word_1_706' title='bbox 2583 4407 2710 4465; x_wconf 73' lang='grc' dir='ltr'>οὐδὲ</span> <span class='ocrx_word' id='word_1_707' title='bbox 2736 4410 2799 4465; x_wconf 86' lang='grc' dir='ltr'>τὸ</span> <span class='ocrx_word' id='word_1_708' title='bbox 2828 4417 2928 4479; x_wconf 77' lang='grc' dir='ltr'>τῆς</span> <span class='ocrx_word' id='word_1_709' title='bbox 2960 4408 3132 4471; x_wconf 77' lang='grc' dir='ltr'>αἶ’τίας</span> <span class='ocrx_word' id='word_1_710' title='bbox 3166 4410 3369 4480; x_wconf 89' lang='grc' dir='ltr'>ταύτης</span> <span class='ocrx_word' id='word_1_711' title='bbox 3424 4409 3682 4488; x_wconf 79' lang='grc' dir='ltr'>ἀργύριον</span> <span class='ocrx_word' id='word_1_712' title='bbox 3741 4429 3833 4463; x_wconf 81' lang='grc' dir='ltr'>τε·</span> 
     </span>
    </p>
   </div>
   <div class='ocr_carea' id='block_1_93' title="bbox 2185 4495 3833 4574">
    <p class='ocr_par' dir='ltr' id='par_1_93' title="bbox 2185 4495 3833 4574">
     <span class='ocr_line' id='line_1_94' title="bbox 2185 4495 3833 4574; baseline 0 -21"><span class='ocrx_word' id='word_1_713' title='bbox 2185 4507 2343 4569; x_wconf 77' lang='grc' dir='ltr'>θῆναι</span> <span class='ocrx_word' id='word_1_714' title='bbox 2376 4499 2520 4574; x_wconf 83' lang='grc' dir='ltr'>παρᾶ</span> <span class='ocrx_word' id='word_1_715' title='bbox 2544 4500 2671 4560; x_wconf 78' lang='grc' dir='ltr'>τοὺς</span> <span class='ocrx_word' id='word_1_716' title='bbox 2702 4504 2812 4555; x_wconf 83' lang='grc' dir='ltr'>τῶν</span> <span class='ocrx_word' id='word_1_717' title='bbox 2843 4497 3164 4555; x_wconf 73' lang='grc' dir='ltr'>ἀποστόλων</span> <span class='ocrx_word' id='word_1_718' title='bbox 3191 4496 3362 4562; x_wconf 85' lang='grc' dir='ltr'>πόδας</span> <span class='ocrx_word' id='word_1_719' title='bbox 3392 4496 3601 4555; x_wconf 86' lang='grc' dir='ltr'>δίκαιον</span> <span class='ocrx_word' id='word_1_720' title='bbox 3621 4495 3833 4574; x_wconf 75' lang='grc' dir='ltr'>ἔκρινας</span> 
     </span>
    </p>
   </div>
   <div class='ocr_carea' id='block_1_94' title="bbox 423 4583 2631 4671">
    <p class='ocr_par' dir='ltr' id='par_1_94' title="bbox 423 4583 2631 4671">
     <span class='ocr_line' id='line_1_95' title="bbox 423 4583 2631 4671; baseline -0.001 -24"><span class='ocrx_word' id='word_1_721' title='bbox 423 4607 619 4664; x_wconf 87' lang='lat' dir='ltr'>neque</span> <span class='ocrx_word' id='word_1_722' title='bbox 650 4591 994 4664; x_wconf 83' lang='lat' dir='ltr'>bujusmodi</span> <span class='ocrx_word' id='word_1_723' title='bbox 1028 4591 1269 4647; x_wconf 89' lang='lat' dir='ltr'>sceleris</span> <span class='ocrx_word' id='word_1_724' title='bbox 1300 4596 1610 4664; x_wconf 78' lang='lat' dir='ltr'>argentum</span> <span class='ocrx_word' id='word_1_725' title='bbox 1642 4592 1785 4662; x_wconf 89' lang='lat' dir='ltr'>poni</span> <span class='ocrx_word' id='word_1_726' title='bbox 1807 4591 2076 4664; x_wconf 91' lang='lat' dir='ltr'>adpedes</span> <span class='ocrx_word' id='word_1_727' title='bbox 2104 4605 2151 4671; x_wconf 76' lang='grc' dir='ltr'>Ι)</span> <span class='ocrx_word' id='word_1_728' title='bbox 2183 4588 2217 4659; x_wconf 80' lang='grc' dir='ltr'>ἤ</span> <span class='ocrx_word' id='word_1_729' title='bbox 2250 4583 2631 4644; x_wconf 60' lang='lat' dir='ltr'>caussam».</span> 
     </span>
    </p>
   </div>
   <div class='ocr_carea' id='block_1_95' title="bbox 425 4677 2074 4753">
    <p class='ocr_par' dir='ltr' id='par_1_95' title="bbox 425 4677 2074 4753">
     <span class='ocr_line' id='line_1_96' title="bbox 425 4677 2074 4753; baseline 0.001 -18"><span class='ocrx_word' id='word_1_730' title='bbox 425 4680 829 4751; x_wconf 86' lang='lat' dir='ltr'>apostolorum</span> <span class='ocrx_word' id='word_1_731' title='bbox 851 4681 1085 4753; x_wconf 86' lang='lat' dir='ltr'>justum</span> <span class='ocrx_word' id='word_1_732' title='bbox 1110 4677 1485 4752; x_wconf 64' lang='lat' dir='ltr'>Judicabant,</span> <span class='ocrx_word' id='word_1_733' title='bbox 1518 4685 1624 4735; x_wconf 89' lang='lat' dir='ltr'>aut</span> <span class='ocrx_word' id='word_1_734' title='bbox 1676 4679 1853 4736; x_wconf 87' lang='lat' dir='ltr'>facile</span> <span class='ocrx_word' id='word_1_735' title='bbox 1884 4681 2074 4737; x_wconf 88' lang='lat' dir='ltr'>susci-</span> 
     </span>
    </p>
   </div>
   <div class='ocr_carea' id='block_1_96' title="bbox 424 4767 734 4839">
    <p class='ocr_par' dir='ltr' id='par_1_96' title="bbox 424 4767 734 4839">
     <span class='ocr_line' id='line_1_97' title="bbox 424 4767 734 4839; baseline 0.003 -18"><span class='ocrx_word' id='word_1_736' title='bbox 424 4767 734 4839; x_wconf 89' lang='lat' dir='ltr'>piendum.</span> 
     </span>
    </p>
   </div>
   <div class='ocr_carea' id='block_1_97' title="bbox 494 4856 2073 4926">
    <p class='ocr_par' dir='ltr' id='par_1_97' title="bbox 494 4856 2073 4926">
     <span class='ocr_line' id='line_1_98' title="bbox 494 4856 2073 4926; baseline 0.003 -15"><span class='ocrx_word' id='word_1_737' title='bbox 494 4856 642 4921; x_wconf 80' lang='grc' dir='ltr'>ΧΙΧ,</span> <span class='ocrx_word' id='word_1_738' title='bbox 676 4857 864 4911; x_wconf 66' lang='grc'>3540.</span> <span class='ocrx_word' id='word_1_739' title='bbox 895 4879 923 4907; x_wconf 93' lang='grc'>‹‹</span> <span class='ocrx_word' id='word_1_740' title='bbox 957 4859 1027 4912; x_wconf 85' lang='grc' dir='ltr'>Ει</span> <span class='ocrx_word' id='word_1_741' title='bbox 1068 4874 1206 4913; x_wconf 91' lang='lat' dir='ltr'>cum</span> <span class='ocrx_word' id='word_1_742' title='bbox 1256 4856 1522 4914; x_wconf 87' lang='lat' dir='ltr'>sedasset</span> <span class='ocrx_word' id='word_1_743' title='bbox 1560 4856 1755 4914; x_wconf 87' lang='lat' dir='ltr'>scriba</span> <span class='ocrx_word' id='word_1_744' title='bbox 1815 4858 2073 4926; x_wconf 88' lang='lat' dir='ltr'>turbam,</span> 
     </span>
    </p>
   </div>
   <div class='ocr_carea' id='block_1_98' title="bbox 427 4942 2073 5019">
    <p class='ocr_par' dir='ltr' id='par_1_98' title="bbox 427 4942 2073 5019">
     <span class='ocr_line' id='line_1_99' title="bbox 427 4942 2073 5019; baseline 0.004 -21"><span class='ocrx_word' id='word_1_745' title='bbox 427 4966 454 4993; x_wconf 90' lang='grc'><em>‹‹</em></span> <span class='ocrx_word' id='word_1_746' title='bbox 488 4942 668 4998; x_wconf 88' lang='lat' dir='ltr'>dixit:</span> <span class='ocrx_word' id='word_1_747' title='bbox 708 4945 824 4998; x_wconf 86' lang='lat' dir='ltr'>Viri</span> <span class='ocrx_word' id='word_1_748' title='bbox 856 4946 1117 5016; x_wconf 88' lang='lat' dir='ltr'>Ephesii,</span> <span class='ocrx_word' id='word_1_749' title='bbox 1180 4947 1316 5019; x_wconf 91' lang='lat' dir='ltr'>quis</span> <span class='ocrx_word' id='word_1_750' title='bbox 1378 4946 1539 5002; x_wconf 87' lang='lat' dir='ltr'>enim</span> <span class='ocrx_word' id='word_1_751' title='bbox 1598 4952 1689 5002; x_wconf 91' lang='lat' dir='ltr'>est</span> <span class='ocrx_word' id='word_1_752' title='bbox 1737 4946 2073 5016; x_wconf 87' lang='lat' dir='ltr'>hominum,</span> 
     </span>
    </p>
   </div>
   <div class='ocr_carea' id='block_1_99' title="bbox 427 5033 2075 5106">
    <p class='ocr_par' dir='ltr' id='par_1_99' title="bbox 427 5033 2075 5106">
     <span class='ocr_line' id='line_1_100' title="bbox 427 5033 2075 5106; baseline 0.007 -24"><span class='ocrx_word' id='word_1_753' title='bbox 427 5056 453 5083; x_wconf 82' lang='lat'>«</span> <span class='ocrx_word' id='word_1_754' title='bbox 485 5033 585 5105; x_wconf 91' lang='lat' dir='ltr'>qui</span> <span class='ocrx_word' id='word_1_755' title='bbox 610 5033 837 5089; x_wconf 88' lang='lat' dir='ltr'>nesciat</span> <span class='ocrx_word' id='word_1_756' title='bbox 866 5034 1257 5106; x_wconf 85' lang='lat' dir='ltr'>Ephesiorum</span> <span class='ocrx_word' id='word_1_757' title='bbox 1290 5036 1590 5091; x_wconf 86' lang='lat' dir='ltr'>civitatem</span> <span class='ocrx_word' id='word_1_758' title='bbox 1633 5035 1913 5093; x_wconf 72' lang='lat' dir='ltr'>aadituam</span> <span class='ocrx_word' id='word_1_759' title='bbox 1946 5054 2075 5094; x_wconf 88' lang='lat' dir='ltr'>esse</span> 
     </span>
    </p>
   </div>
   <div class='ocr_carea' id='block_1_100' title="bbox 427 5123 2077 5200">
    <p class='ocr_par' dir='ltr' id='par_1_100' title="bbox 427 5123 2077 5200">
     <span class='ocr_line' id='line_1_101' title="bbox 427 5123 2077 5200; baseline 0.005 -27"><span class='ocrx_word' id='word_1_760' title='bbox 427 5144 455 5173; x_wconf 85' lang='lat'><strong><em>«</em></strong></span> <span class='ocrx_word' id='word_1_761' title='bbox 487 5138 717 5194; x_wconf 69' lang='lat' dir='ltr'>magna:</span> <span class='ocrx_word' id='word_1_762' title='bbox 744 5123 945 5179; x_wconf 82' lang='lat' dir='ltr'>Dianae</span> <span class='ocrx_word' id='word_1_763' title='bbox 978 5123 1102 5179; x_wconf 72' lang='lat' dir='ltr'>dem</span> <span class='ocrx_word' id='word_1_764' title='bbox 1134 5128 1192 5177; x_wconf 89' lang='lat' dir='ltr'>et</span> <span class='ocrx_word' id='word_1_765' title='bbox 1220 5140 1253 5179; x_wconf 89' lang='lat' dir='ltr'>a</span> <span class='ocrx_word' id='word_1_766' title='bbox 1282 5126 1417 5180; x_wconf 80' lang='lat' dir='ltr'>Jove</span> <span class='ocrx_word' id='word_1_767' title='bbox 1449 5124 1710 5198; x_wconf 68' lang='lat' dir='ltr'>delapsas</span> <span class='ocrx_word' id='word_1_768' title='bbox 1741 5125 1767 5180; x_wconf 86' lang='lat'><strong>?</strong></span> <span class='ocrx_word' id='word_1_769' title='bbox 1797 5127 1942 5182; x_wconf 90' lang='lat' dir='ltr'>Cum</span> <span class='ocrx_word' id='word_1_770' title='bbox 1974 5127 2077 5200; x_wconf 85' lang='lat' dir='ltr'>igi-</span> 
     </span>
    </p>
   </div>
   <div class='ocr_carea' id='block_1_101' title="bbox 427 5212 2077 5286">
    <p class='ocr_par' dir='ltr' id='par_1_101' title="bbox 427 5212 2077 5286">
     <span class='ocr_line' id='line_1_102' title="bbox 427 5212 2077 5286; baseline 0.005 -22"><span class='ocrx_word' id='word_1_771' title='bbox 427 5234 456 5264; x_wconf 77' lang='grc' dir='ltr'>(ι</span> <span class='ocrx_word' id='word_1_772' title='bbox 490 5217 586 5266; x_wconf 90' lang='lat' dir='ltr'>tur</span> <span class='ocrx_word' id='word_1_773' title='bbox 615 5212 708 5266; x_wconf 89' lang='lat' dir='ltr'>his</span> <span class='ocrx_word' id='word_1_774' title='bbox 739 5228 915 5267; x_wconf 90' lang='lat' dir='ltr'>nemo</span> <span class='ocrx_word' id='word_1_775' title='bbox 948 5212 1336 5280; x_wconf 88' lang='lat' dir='ltr'>contradicat,</span> <span class='ocrx_word' id='word_1_776' title='bbox 1392 5220 1629 5286; x_wconf 92' lang='lat' dir='ltr'>oportet</span> <span class='ocrx_word' id='word_1_777' title='bbox 1683 5232 1781 5270; x_wconf 90' lang='lat' dir='ltr'>vos</span> <span class='ocrx_word' id='word_1_778' title='bbox 1840 5215 2077 5272; x_wconf 85' lang='lat' dir='ltr'>sedatos</span> 
     </span>
    </p>
   </div>
   <div class='ocr_carea' id='block_1_102' title="bbox 426 5301 2079 5378">
    <p class='ocr_par' dir='ltr' id='par_1_102' title="bbox 426 5301 2079 5378">
     <span class='ocr_line' id='line_1_103' title="bbox 426 5301 2079 5378; baseline 0.005 -25"><span class='ocrx_word' id='word_1_779' title='bbox 426 5323 454 5352; x_wconf 85' lang='grc'><em>‹‹</em></span> <span class='ocrx_word' id='word_1_780' title='bbox 480 5317 633 5367; x_wconf 90' lang='lat' dir='ltr'>esse,</span> <span class='ocrx_word' id='word_1_781' title='bbox 665 5301 936 5373; x_wconf 89' lang='lat' dir='ltr'>nihilque</span> <span class='ocrx_word' id='word_1_782' title='bbox 968 5303 1416 5375; x_wconf 65' lang='lat' dir='ltr'>praecipitanter</span> <span class='ocrx_word' id='word_1_783' title='bbox 1476 5320 1669 5378; x_wconf 87' lang='lat' dir='ltr'>agere.</span> <span class='ocrx_word' id='word_1_784' title='bbox 1732 5304 2079 5362; x_wconf 84' lang='lat' dir='ltr'>Adduxistis</span> 
     </span>
    </p>
   </div>
   <div class='ocr_carea' id='block_1_103' title="bbox 431 5389 2078 5467">
    <p class='ocr_par' dir='ltr' id='par_1_103' title="bbox 431 5389 2078 5467">
     <span class='ocr_line' id='line_1_104' title="bbox 431 5389 2078 5467; baseline 0.005 -25"><span class='ocrx_word' id='word_1_785' title='bbox 431 5413 451 5439; x_wconf 72' lang='grc' dir='ltr'><strong>ο</strong></span> <span class='ocrx_word' id='word_1_786' title='bbox 489 5390 649 5445; x_wconf 87' lang='lat' dir='ltr'>enim</span> <span class='ocrx_word' id='word_1_787' title='bbox 676 5389 950 5447; x_wconf 88' lang='lat' dir='ltr'>homines</span> <span class='ocrx_word' id='word_1_788' title='bbox 972 5391 1117 5447; x_wconf 90' lang='lat' dir='ltr'>istos</span> <span class='ocrx_word' id='word_1_789' title='bbox 1148 5408 1341 5464; x_wconf 90' lang='lat' dir='ltr'>neque</span> <span class='ocrx_word' id='word_1_790' title='bbox 1374 5394 1692 5467; x_wconf 85' lang='lat' dir='ltr'>sacrilegos</span> <span class='ocrx_word' id='word_1_791' title='bbox 1733 5411 1925 5466; x_wconf 88' lang='lat' dir='ltr'>neque</span> <span class='ocrx_word' id='word_1_792' title='bbox 1940 5412 2078 5451; x_wconf 87' lang='lat' dir='ltr'>con-</span> 
     </span>
    </p>
   </div>
   <div class='ocr_carea' id='block_1_104' title="bbox 427 5478 2080 5549">
    <p class='ocr_par' dir='ltr' id='par_1_104' title="bbox 427 5478 2080 5549">
     <span class='ocr_line' id='line_1_105' title="bbox 427 5478 2080 5549; baseline 0.004 -14"><span class='ocrx_word' id='word_1_793' title='bbox 427 5501 455 5530; x_wconf 78' lang='grc' dir='ltr'>κ</span> <span class='ocrx_word' id='word_1_794' title='bbox 490 5478 835 5537; x_wconf 88' lang='lat' dir='ltr'>tumeliosos</span> <span class='ocrx_word' id='word_1_795' title='bbox 862 5481 923 5538; x_wconf 91' lang='lat' dir='ltr'>in</span> <span class='ocrx_word' id='word_1_796' title='bbox 954 5481 1126 5540; x_wconf 88' lang='lat' dir='ltr'>deam</span> <span class='ocrx_word' id='word_1_797' title='bbox 1155 5490 1438 5540; x_wconf 86' lang='lat' dir='ltr'>vestram.</span> <span class='ocrx_word' id='word_1_798' title='bbox 1484 5483 1705 5549; x_wconf 88' lang='lat' dir='ltr'>Quodsi</span> <span class='ocrx_word' id='word_1_799' title='bbox 1746 5485 2080 5541; x_wconf 86' lang='lat' dir='ltr'>Demetrius</span> 
     </span>
    </p>
   </div>
   <div class='ocr_carea' id='block_1_105' title="bbox 499 5702 959 5771">
    <p class='ocr_par' dir='ltr' id='par_1_105' title="bbox 499 5702 959 5771">
     <span class='ocr_line' id='line_1_106' title="bbox 499 5702 959 5771; baseline -0.002 -14"><span class='ocrx_word' id='word_1_800' title='bbox 499 5702 541 5740; x_wconf 75' lang='grc' dir='ltr'>ι·</span> <span class='ocrx_word' id='word_1_801' title='bbox 573 5702 685 5759; x_wconf 78' lang='lat' dir='ltr'>Isa.</span> <span class='ocrx_word' id='word_1_802' title='bbox 721 5716 879 5771; x_wconf 79' lang='lat' dir='ltr'>me,</span> <span class='ocrx_word' id='word_1_803' title='bbox 906 5704 959 5758; x_wconf 79' lang='grc' dir='ltr'>ο.</span> 
     </span>
    </p>
   </div>
   <div class='ocr_carea' id='block_1_106' title="bbox 2256 4854 3834 4938">
    <p class='ocr_par' dir='ltr' id='par_1_106' title="bbox 2256 4854 3834 4938">
     <span class='ocr_line' id='line_1_107' title="bbox 2256 4854 3834 4938; baseline 0 -27"><span class='ocrx_word' id='word_1_804' title='bbox 2256 4882 2285 4911; x_wconf 88' lang='grc'><em>‹‹</em></span> <span class='ocrx_word' id='word_1_805' title='bbox 2319 4857 2682 4920; x_wconf 83' lang='grc' dir='ltr'>Καταστείλας</span> <span class='ocrx_word' id='word_1_806' title='bbox 2741 4855 2797 4913; x_wconf 73' lang='grc' dir='ltr'>δὲ</span> <span class='ocrx_word' id='word_1_807' title='bbox 2847 4860 2875 4913; x_wconf 86' lang='grc' dir='ltr'>ὁ</span> <span class='ocrx_word' id='word_1_808' title='bbox 2935 4859 3291 4935; x_wconf 82' lang='grc' dir='ltr'>γραμματεὺς</span> <span class='ocrx_word' id='word_1_809' title='bbox 3342 4859 3433 4914; x_wconf 88' lang='grc' dir='ltr'>τὸν</span> <span class='ocrx_word' id='word_1_810' title='bbox 3466 4854 3666 4938; x_wconf 70' lang='grc' dir='ltr'>ὄχλον,</span> <span class='ocrx_word' id='word_1_811' title='bbox 3725 4878 3834 4935; x_wconf 69' lang='grc' dir='ltr'>φη-</span> 
     </span>
    </p>
   </div>
   <div class='ocr_carea' id='block_1_107' title="bbox 2186 4945 3924 5034">
    <p class='ocr_par' dir='ltr' id='par_1_107' title="bbox 2186 4945 3924 5034">
     <span class='ocr_line' id='line_1_108' title="bbox 2186 4945 3924 5034; baseline -0.001 -31"><span class='ocrx_word' id='word_1_812' title='bbox 2186 4973 2215 5003; x_wconf 83' lang='grc'><strong><em>‹‹</em></strong></span> <span class='ocrx_word' id='word_1_813' title='bbox 2250 4949 2351 5005; x_wconf 86' lang='grc' dir='ltr'>σίν·</span> <span class='ocrx_word' id='word_1_814' title='bbox 2408 4945 2640 5024; x_wconf 71' lang='grc' dir='ltr'>’Ἄνδρες</span> <span class='ocrx_word' id='word_1_815' title='bbox 2723 4950 2985 5028; x_wconf 75' lang='grc' dir='ltr'>Ἐφέσιοι,</span> <span class='ocrx_word' id='word_1_816' title='bbox 3039 4950 3123 5011; x_wconf 86' lang='grc' dir='ltr'>τίς</span> <span class='ocrx_word' id='word_1_817' title='bbox 3179 4948 3280 5025; x_wconf 81' lang='grc' dir='ltr'>γάρ</span> <span class='ocrx_word' id='word_1_818' title='bbox 3347 4949 3487 5004; x_wconf 79' lang='grc' dir='ltr'>ἐστιν</span> <span class='ocrx_word' id='word_1_819' title='bbox 3548 4946 3835 5023; x_wconf 75' lang='grc' dir='ltr'>ἄνθρωπος</span> <span class='ocrx_word' id='word_1_820' title='bbox 3914 5024 3924 5034; x_wconf 38' lang='grc'><strong>.</strong></span> 
     </span>
    </p>
   </div>
   <div class='ocr_carea' id='block_1_108' title="bbox 2187 5037 3840 5117">
    <p class='ocr_par' dir='ltr' id='par_1_108' title="bbox 2187 5037 3840 5117">
     <span class='ocr_line' id='line_1_109' title="bbox 2187 5037 3840 5117; baseline -0.001 -26"><span class='ocrx_word' id='word_1_821' title='bbox 2187 5063 2215 5091; x_wconf 86' lang='grc'>‹‹</span> <span class='ocrx_word' id='word_1_822' title='bbox 2248 5039 2307 5094; x_wconf 82' lang='grc' dir='ltr'>ὃς</span> <span class='ocrx_word' id='word_1_823' title='bbox 2343 5038 2404 5093; x_wconf 84' lang='grc' dir='ltr'>οὑ</span> <span class='ocrx_word' id='word_1_824' title='bbox 2437 5039 2695 5113; x_wconf 86' lang='grc' dir='ltr'>γινώσκει</span> <span class='ocrx_word' id='word_1_825' title='bbox 2723 5040 2823 5109; x_wconf 80' lang='grc' dir='ltr'>τὴν</span> <span class='ocrx_word' id='word_1_826' title='bbox 2882 5039 3141 5117; x_wconf 79' lang='grc' dir='ltr'>Ἐφεσίων</span> <span class='ocrx_word' id='word_1_827' title='bbox 3195 5037 3358 5093; x_wconf 86' lang='grc' dir='ltr'>πολιν</span> <span class='ocrx_word' id='word_1_828' title='bbox 3419 5037 3694 5113; x_wconf 82' lang='grc' dir='ltr'>νεωκόρον</span> <span class='ocrx_word' id='word_1_829' title='bbox 3754 5037 3840 5091; x_wconf 80' lang='grc' dir='ltr'>οὗ·</span> 
     </span>
    </p>
   </div>
   <div class='ocr_carea' id='block_1_109' title="bbox 2188 5126 3840 5205">
    <p class='ocr_par' dir='ltr' id='par_1_109' title="bbox 2188 5126 3840 5205">
     <span class='ocr_line' id='line_1_110' title="bbox 2188 5126 3840 5205; baseline 0.001 -24"><span class='ocrx_word' id='word_1_830' title='bbox 2188 5151 2217 5181; x_wconf 88' lang='grc'><em>‹‹</em></span> <span class='ocrx_word' id='word_1_831' title='bbox 2246 5149 2339 5183; x_wconf 90' lang='grc' dir='ltr'>σαν</span> <span class='ocrx_word' id='word_1_832' title='bbox 2371 5132 2471 5194; x_wconf 82' lang='grc' dir='ltr'>τῆς</span> <span class='ocrx_word' id='word_1_833' title='bbox 2506 5126 2754 5205; x_wconf 81' lang='grc' dir='ltr'>μεγάλης</span> <span class='ocrx_word' id='word_1_834' title='bbox 2796 5131 2918 5190; x_wconf 80' lang='grc' dir='ltr'>θεᾶς</span> <span class='ocrx_word' id='word_1_835' title='bbox 2976 5126 3300 5205; x_wconf 85' lang='grc' dir='ltr'>Ἀρτέμιδος</span> <span class='ocrx_word' id='word_1_836' title='bbox 3349 5127 3439 5183; x_wconf 82' lang='grc' dir='ltr'>καὶ</span> <span class='ocrx_word' id='word_1_837' title='bbox 3495 5131 3592 5183; x_wconf 83' lang='grc' dir='ltr'>τοῦ</span> <span class='ocrx_word' id='word_1_838' title='bbox 3643 5135 3840 5182; x_wconf 85' lang='grc' dir='ltr'>Διοπε-</span> 
     </span>
    </p>
   </div>
   <div class='ocr_carea' id='block_1_110' title="bbox 2189 5213 3840 5294">
    <p class='ocr_par' dir='ltr' id='par_1_110' title="bbox 2189 5213 3840 5294">
     <span class='ocr_line' id='line_1_111' title="bbox 2189 5213 3840 5294; baseline -0.002 -20"><span class='ocrx_word' id='word_1_839' title='bbox 2189 5241 2218 5269; x_wconf 85' lang='grc'>‹‹</span> <span class='ocrx_word' id='word_1_840' title='bbox 2251 5221 2380 5281; x_wconf 86' lang='grc' dir='ltr'>τοῦς</span> <span class='ocrx_word' id='word_1_841' title='bbox 2412 5236 2426 5287; x_wconf 87' lang='grc'><strong>;</strong></span> <span class='ocrx_word' id='word_1_842' title='bbox 2460 5216 2891 5294; x_wconf 74' lang='grc' dir='ltr'>’Λναντιρῥήτων</span> <span class='ocrx_word' id='word_1_843' title='bbox 2925 5219 3016 5274; x_wconf 82' lang='grc' dir='ltr'>οὗν</span> <span class='ocrx_word' id='word_1_844' title='bbox 3049 5215 3220 5274; x_wconf 81' lang='grc' dir='ltr'>ὅντων</span> <span class='ocrx_word' id='word_1_845' title='bbox 3251 5216 3483 5287; x_wconf 86' lang='grc' dir='ltr'>τούτων,</span> <span class='ocrx_word' id='word_1_846' title='bbox 3512 5214 3632 5271; x_wconf 84' lang='grc' dir='ltr'>δέον</span> <span class='ocrx_word' id='word_1_847' title='bbox 3692 5213 3840 5271; x_wconf 85' lang='grc' dir='ltr'>ἐστὶν</span> 
     </span>
    </p>
   </div>
   <div class='ocr_carea' id='block_1_111' title="bbox 2189 5301 3842 5382">
    <p class='ocr_par' dir='ltr' id='par_1_111' title="bbox 2189 5301 3842 5382">
     <span class='ocr_line' id='line_1_112' title="bbox 2189 5301 3842 5382; baseline -0.001 -23"><span class='ocrx_word' id='word_1_848' title='bbox 2189 5330 2216 5359; x_wconf 83' lang='grc'>‹‹</span> <span class='ocrx_word' id='word_1_849' title='bbox 2248 5306 2390 5381; x_wconf 77' lang='grc' dir='ltr'>ὑμᾶς</span> <span class='ocrx_word' id='word_1_850' title='bbox 2417 5305 2883 5380; x_wconf 75' lang='grc' dir='ltr'>κατεσταλμένους</span> <span class='ocrx_word' id='word_1_851' title='bbox 2916 5306 3201 5382; x_wconf 78' lang='grc' dir='ltr'>ὑπάρχειν,</span> <span class='ocrx_word' id='word_1_852' title='bbox 3259 5306 3352 5360; x_wconf 84' lang='grc' dir='ltr'>καὶ</span> <span class='ocrx_word' id='word_1_853' title='bbox 3414 5301 3582 5379; x_wconf 69' lang='grc' dir='ltr'>μηδὲν</span> <span class='ocrx_word' id='word_1_854' title='bbox 3634 5323 3842 5380; x_wconf 85' lang='grc' dir='ltr'>προπε-</span> 
     </span>
    </p>
   </div>
   <div class='ocr_carea' id='block_1_112' title="bbox 2190 5392 3843 5472">
    <p class='ocr_par' dir='ltr' id='par_1_112' title="bbox 2190 5392 3843 5472">
     <span class='ocr_line' id='line_1_113' title="bbox 2190 5392 3843 5472; baseline -0.001 -24"><span class='ocrx_word' id='word_1_855' title='bbox 2190 5420 2217 5448; x_wconf 83' lang='grc' dir='ltr'>ι(</span> <span class='ocrx_word' id='word_1_856' title='bbox 2249 5398 2338 5457; x_wconf 79' lang='grc' dir='ltr'>τὲς</span> <span class='ocrx_word' id='word_1_857' title='bbox 2360 5396 2637 5471; x_wconf 79' lang='grc' dir='ltr'>πράσσειν.</span> <span class='ocrx_word' id='word_1_858' title='bbox 2670 5395 2926 5471; x_wconf 82' lang='grc' dir='ltr'>Ἠγάγετε</span> <span class='ocrx_word' id='word_1_859' title='bbox 2988 5396 3090 5472; x_wconf 82' lang='grc' dir='ltr'>γὰρ</span> <span class='ocrx_word' id='word_1_860' title='bbox 3146 5395 3274 5460; x_wconf 77' lang='grc' dir='ltr'>τοὺς</span> <span class='ocrx_word' id='word_1_861' title='bbox 3330 5392 3530 5472; x_wconf 75' lang='grc' dir='ltr'>ἄνδρας</span> <span class='ocrx_word' id='word_1_862' title='bbox 3585 5393 3843 5465; x_wconf 76' lang='grc' dir='ltr'>τούτους,</span> 
     </span>
    </p>
   </div>
   <div class='ocr_carea' id='block_1_113' title="bbox 2190 5481 3843 5562">
    <p class='ocr_par' dir='ltr' id='par_1_113' title="bbox 2190 5481 3843 5562">
     <span class='ocr_line' id='line_1_114' title="bbox 2190 5481 3843 5562; baseline -0.001 -22"><span class='ocrx_word' id='word_1_863' title='bbox 2190 5509 2218 5536; x_wconf 79' lang='grc' dir='ltr'>α</span> <span class='ocrx_word' id='word_1_864' title='bbox 2253 5485 2376 5541; x_wconf 79' lang='grc' dir='ltr'>οὕτε</span> <span class='ocrx_word' id='word_1_865' title='bbox 2425 5481 2800 5561; x_wconf 72' lang='grc' dir='ltr'>ἱεροσούλους,</span> <span class='ocrx_word' id='word_1_866' title='bbox 2860 5486 2984 5542; x_wconf 68' lang='grc' dir='ltr'>οὔτε</span> <span class='ocrx_word' id='word_1_867' title='bbox 3043 5482 3507 5562; x_wconf 71' lang='grc' dir='ltr'>βλασφημοῦντας</span> <span class='ocrx_word' id='word_1_868' title='bbox 3562 5484 3660 5555; x_wconf 76' lang='grc' dir='ltr'>τὴν</span> <span class='ocrx_word' id='word_1_869' title='bbox 3720 5483 3843 5557; x_wconf 76' lang='grc' dir='ltr'>θειὶν</span> 
     </span>
    </p>
   </div>
  </div>
