4150 6200
350 389 480 452 253

1354 385 1763 448 COMMENT.
1811 384 1888 443 IN
1934 383 2135 446 ACTA
2182 383 2789 449 APOSTOLORUM.

3654 392 3774 453 254

355 526 599 598 «ὑμῶν.
663 521 726 579 El
785 522 882 598 μὶν
944 522 1037 577 οὗν
1099 496 1414 596 Δημήτριος
1460 521 1551 575 καὶ
1608 519 1660 574 οἱ
1718 518 1808 574 σόν
1868 517 1999 590 αὐτᾷ

2128 522 2403 595 «quique
2435 540 2570 579 cum
2595 540 2664 579 eo
2709 528 2848 581 sunt
2898 527 3157 584 artifices
3212 527 3433 585 habent
3489 530 3781 589 adversus

353 640 382 668 ιι
406 621 658 696 τεχνῖται
692 612 828 687 πρός
859 633 975 667 τινα
1004 612 1191 687 λόγον’
1240 608 1485 687 ἔχουσιν,
1544 609 1800 685 ἀγοραῖοι
1860 607 2011 683 ἄγον-

360 732 382 754 .
420 725 531 772 ται,
562 702 653 758 καὶ
707 701 1000 756 ἀνθύπατοί
1043 700 1200 755 εἶσικο
1263 698 1656 774 ἐγκαλείτωσαν
1716 696 2010 768 ἀλλήλοις.

355 818 385 843 ι(
421 793 486 848 El
519 790 576 847 δέ
626 813 676 846 τι
730 790 854 864 περῖ
907 787 1103 864 ἑτέρων
1165 789 1523 859 ἐπιζητεῖται,
1580 786 1633 841 ἐν
1682 790 1750 861 τῇ
1800 786 2014 860 ἐννόμῳ

353 909 385 935 ιι
422 880 689 952 ἐκκλησίᾳ
774 877 1201 949 ἐπιλυθήσεται.
1272 878 1370 933 Καὶ
1452 878 1554 955 γὰρ
1629 874 2010 949 κινδυνεύομεν

355 970 769 1046 «ἐγκαλεῖσθαι
830 971 1065 1030 στάσεως
1116 966 1239 1043 περῖ
1296 974 1398 1037 τῆς
1454 969 1718 1040 σήμερον,
1778 963 2011 1040 μηδενὸς

351 1089 381 1113 ι(
416 1062 599 1116 αἰτίου
660 1058 1032 1134 ὑπάρχοντος,
1100 1057 1223 1132 περὶ
1283 1056 1343 1113 οὔ
1399 1054 1741 1131 δυνησόμεθα
1826 1054 2010 1111 δοῦναι

358 1175 386 1206 ο
419 1150 593 1225 λόγον
648 1153 751 1215 τῆς
810 1156 1118 1227 συστροφῆς
1176 1147 1398 1219 ταύτης.
1472 1146 1568 1202 Καὶ
1618 1150 1786 1202 ταῦτα
1842 1145 2008 1200 εἰπὼν

356 1268 380 1293 ι
420 1240 658 1296 ἀπέλυσε
684 1240 784 1307 τὴν
818 1238 1132 1309 ἐκκληςίαν.
1168 1262 1197 1290 ››

427 1330 675 1384 Δείκνυσι
734 1326 953 1397 πολλὴν
1021 1328 1157 1382 εἶναι
1240 1327 1340 1396 τήν
1424 1322 1848 1398 δεισιδαιμονίαν
1902 1330 2009 1379 τῶν

349 1420 620 1499 Ἐφεσίων
653 1419 681 1473 ὁ
713 1417 1092 1495 γραμματεὺς,
1130 1412 1193 1472 ἔκ
1222 1436 1281 1471 τε
1330 1418 1426 1470 τοῦ
1482 1419 1707 1487 κοσμεῖν
1736 1414 1827 1469 τὸν
1882 1414 2007 1469 ναὸν

346 1516 453 1578 τῆς
486 1504 835 1583 Ἀρτὲμιδος,
865 1505 956 1561 καὶ
986 1507 1049 1561 τὸ
1110 1502 1345 1560 εἴδωλον
1406 1504 1574 1574 αὐτῆς
1625 1508 1815 1576 τιμᾷν,
1875 1503 2007 1580 ὅπερ

350 1599 443 1654 καὶ
478 1597 734 1661 Διοπετὶς
758 1595 969 1672 ἓλεγον,
1002 1596 1076 1658 ὡς
1111 1594 1171 1650 ἐκ
1200 1598 1295 1650 τοῦ
1328 1594 1449 1657 Διὸς
1506 1592 1812 1656 πεπτωκός.
1845 1599 2008 1651 ’Ήτοι

350 1689 457 1764 γαρ
484 1688 549 1741 τὸ
592 1684 856 1760 ὃστρακον
911 1681 1096 1760 ἔλεγον
1154 1683 1324 1739 ἐκεῖνο
1382 1683 1573 1746 πάντες
1631 1682 1884 1747 Διοπετὶς
1946 1682 2007 1737 τὸ

349 1778 404 1849 ἑξ
436 1780 670 1851 οὐρανοῦ
708 1775 856 1853 παρᾶ
902 1772 998 1830 τοῦ
1058 1780 1181 1837 Διὸς
1234 1774 1500 1853 πεμφθὲν,
1555 1774 1681 1843 ἤτοι
1736 1774 2010 1827 καταπταν

2123 634 2151 661 ‹‹
2185 612 2448 683 aliquem
2482 630 2742 680 causam,
2778 615 3043 672 forenses
3068 618 3304 689 judices
3353 619 3767 689 admittuntur,

2125 724 2148 754 α
2185 708 2241 757 et
2271 704 2659 774 proconsules
2690 712 2830 760 sunt
2864 723 2876 760 :
2910 714 3193 762 accusent
3222 708 3492 763 invicem.
3537 710 3593 764 Si
3628 711 3769 780 quid

2123 814 2149 841 «
2183 798 2378 847 autem
2409 792 2481 847 de
2515 793 2689 849 rebus
2721 794 2853 849 aliis
2886 797 3171 867 quzuritis,
3206 797 3470 868 legitima
3522 805 3777 854 conten-

2122 903 2149 930 «
2184 880 2344 935 tione
2375 881 2708 939 dirimetur.
2742 885 2885 939 Nam
2919 885 3251 955 periculum
3284 894 3373 941 est
3411 904 3485 942 ne
3534 888 3771 944 seditio-

2124 991 2148 1023 α
2178 971 2357 1027 tionis
2390 971 2695 1028 hodiernaa
2744 974 2829 1028 rei
2880 973 3112 1041 ﬁamus,
3170 993 3303 1031 cum
3362 978 3527 1033 nulla
3573 979 3764 1034 subsit

2123 1082 2146 1113 α
2183 1077 2380 1130 causa,
2412 1062 2570 1117 unde
2601 1063 2929 1135 poterimus
2958 1064 3209 1119 reddere
3250 1067 3539 1121 rationem
3589 1069 3769 1140 hujus

2118 1173 2146 1201 ‹‹
2182 1167 2525 1208 concursus.
2555 1154 2737 1208 Ethic
2770 1154 2945 1209 dictis
2978 1155 3329 1211 concionem
3361 1156 3605 1213 dimisit.
3632 1179 3659 1208 ››

2190 1330 2459 1387 Ostendit
2488 1332 3004 1405 historiographus
3050 1350 3323 1407 magnam
3382 1334 3771 1406 Ephesiorum

2114 1420 2298 1476 fuisse
2332 1422 2842 1493 superstitionem,
2868 1430 2993 1478 tum
3018 1424 3077 1477 in
3110 1423 3376 1479 ornando
3396 1426 3597 1481 Diana}
3620 1431 3771 1481 tem-

2118 1510 2235 1581 plo,
2266 1514 2393 1565 tum
2420 1510 2482 1564 in
2544 1511 2891 1565 honorando
2952 1513 3083 1582 ejus
3147 1512 3488 1580 simulacro,
3549 1515 3771 1585 quode

2117 1598 2263 1654 cwlo
2296 1615 2529 1670 quoque
2561 1598 2868 1669 delapsum
2928 1599 3248 1654 dicebant:
3310 1596 3555 1661 διοπετὲς
3614 1605 3766 1659 148

2117 1687 2277 1743 enim
2309 1688 2529 1743 dicitur
2550 1688 2729 1743 veluti
2762 1689 2911 1758 quod
2938 1707 2971 1744 a
2997 1692 3126 1744 Jove
3152 1690 3357 1745 decidit
3387 1708 3399 1745 :
3456 1692 3574 1747 sive
3606 1694 3765 1748 enim

2116 1771 2379 1851 ὄστρακον
2407 1776 2580 1842 illud,
2602 1776 2661 1831 id
2686 1783 2774 1832 est
2796 1783 3029 1845 testam,
3058 1785 3334 1835 vocarent
3359 1798 3566 1836 omnes
3590 1777 3769 1837 διοπε-

346 1869 440 1923 καὶ
476 1868 771 1942 γενόμενον
790 1865 880 1920 ἀπ’
913 1864 1147 1939 οὐρανοῦ
1189 1861 1435 1940 ἄγαλμα,
1485 1862 1611 1933 ἤτοι
1664 1862 1729 1917 τὸ
1784 1861 1999 1918 Παλλά-

2119 1864 2200 1928 τὶς
2233 1867 2392 1939 quod
2424 1884 2454 1922 e
2479 1866 2624 1922 cualo
2648 1868 2895 1923 missum
2929 1874 3085 1923 esset
3103 1887 3136 1924 a
3157 1871 3315 1937 Jove,
3341 1870 3457 1925 sive
3485 1876 3763 1940 statuam,

349 1955 490 2028 διον,
522 1955 702 2019 καθὼς
754 1954 1013 2029 ἐμύθευον
1071 1954 1122 2008 οἱ
1150 1951 1421 2024 Ἕλληνες
1475 1953 1610 2028 πρὸς
1668 1953 2003 2023 κατάπληξιν

344 2052 457 2102 τῶν
518 2043 944 2121 ἀκεραιοτέρων,
995 2042 1126 2116 ὅπερ
1186 2040 1385 2097 ἄνωθεν
1441 2040 1501 2097 ἐκ
1552 2046 1647 2096 τοῦ
1706 2040 1828 2104 Διὸς
1889 2038 2009 2096 δια-

348 2134 661 2205 πλασθῆναι
690 2133 885 2206 ᾤοντο,
916 2132 1005 2188 καὶ
1038 2131 1139 2187 οὐκ
1196 2131 1248 2202 ἐξ
1302 2130 1625 2206 ἀνθρώπων.
1682 2133 1755 2189 ’Ή
1814 2139 2008 2187 Διοπε-

345 2225 502 2293 τοῦς,
532 2229 630 2279 τοῦ
661 2220 793 2279 ναοῦ
836 2227 934 2278 τοῦ
993 2222 1116 2284 Διὸς
1165 2218 1291 2291 ἤτοι
1343 2224 1441 2275 τοῦ
1499 2218 2004 2297 προγγυλοειδοῦς.

350 2321 423 2371 ’Ἡ
488 2315 578 2369 καὶ
629 2314 772 2384 ἱερὸν
824 2308 1007 2388 ἕτερον
1089 2309 1265 2373 οὕτως
1319 2308 1568 2365 ἐκαλεῖτο
1615 2311 1741 2386 παρ’
1792 2309 2004 2373 αὐτοῖς.

347 2406 641 2478 Νεωκόρον
678 2399 756 2472 δὲ,
789 2401 908 2456 ἀντὶ
936 2405 1034 2455 τοῦ
1064 2394 1385 2476 ἱερόδουλὸν
1416 2420 1569 2476 φησι.
1625 2400 1861 2474 Κόρημα
1904 2400 2005 2476 γὰρ

347 2491 559 2550 ἐστιτό
592 2492 843 2569 σάρωμα,
876 2492 965 2571 ἀφ’
1025 2489 1087 2546 οὗ
1143 2489 1234 2545 καὶ
1290 2490 1596 2566 νεωχόρος,
1652 2490 1679 2544 ὁ
1735 2491 1827 2545 τὸν
1880 2491 2005 2545 ναὸν

347 2589 532 2660 κορῶν
595 2582 686 2638 καὶ
750 2585 954 2658 σαρῶν.
1019 2582 1356 2656 αἈγοραῖοι
1414 2582 1658 2658 ἄγονται⁹
1691 2603 1719 2631 ››
1796 2578 1887 2635 καὶ
1938 2581 2006 2635 τὰ

349 2677 479 2748 ἑξῆς
543 2670 690 2733 εἶδος
774 2671 841 2741 ἤν
897 2668 1162 2726 δικαστῶν
1219 2669 1269 2724 ἐν
1328 2673 1397 2744 τῇ
1452 2669 1606 2741 Ἀσίᾳ
1662 2667 1895 2725 εὐτελῶν
1952 2670 2004 2724 οἱ

342 2765 636 2839 ’Δγοραῖοι
672 2806 686 2825 ,
748 2758 950 2823 θ’ίτινες
1025 2756 1273 2830 ἐδίκαζον
1323 2764 1443 2823 τοῖς
1497 2758 1688 2830 πένησι
1745 2758 1833 2814 καὶ
1881 2758 2007 2831 ἆγο-

349 2856 535 2932 ραίοις
621 2853 951 2928 ἀνθρώποις*
1012 2851 1085 2907 δι’
1138 2852 1168 2907 ’ὀ
1225 2853 1314 2907 καί
1372 2851 1626 2929 ἀγοραῖοι
1685 2849 2003 2909 ἐκαλοῦντο.

344 2948 554 3018 Ὠσπερ
619 2944 744 2999 ιίσιν
832 2939 1039 2997 ἔκδικοι
1131 2941 1265 2996 κατὰ
1346 2941 1537 3004 πόλεις
1595 2941 1763 3004 τινὰς·
1825 2943 1877 2997 οἱ
1946 2939 2004 2997 δὲ

343 3036 649 3089 ἀνθύπατοι
734 3037 835 3101 τῆς
888 3033 999 3085 τῶν
1052 3027 1334 3085 πλουσίων
1390 3027 1426 3100 ἥ
1480 3033 1586 3085 τῶν
1645 3029 2006 3107 ἐγκλημάτων

341 3122 502 3193 δίκης
536 3122 836 3192 ὑπήκουον.
868 3120 1130 3198 Λέγονται
1190 3116 1252 3175 δὶ
1298 3120 1548 3195 ἀγοραῖοι
1603 3119 1694 3176 καὶ
1751 3119 1800 3175 0i
1857 3117 2006 3174 δικο-

345 3211 699 3288 λόγοι,παρα
726 3210 791 3265 τὸ
846 3208 1129 3286 ἀγορεύειν
1188 3206 1504 3285 λεχθέντες,
1562 3209 1591 3264 ’ὀ
1644 3206 1755 3264 ἐστι
1811 3206 2006 3283 δημη-

308 3384 313 3387 _
344 3307 560 3381 γορεῖν.

2121 1973 2251 2028 qua}
2282 1957 2632 2022 devolasset,
2656 1963 2715 2012 et
2745 1973 2778 2013 a
2807 1958 2952 2014 cwlo
2984 1959 3236 2015 formata
3266 1966 3459 2015 esset:
3492 1960 3610 2015 sive
3642 1960 3770 2015 Pai-

2118 2044 2344 2101 ladium
2378 2045 2546 2112 illud,
2581 2046 3083 2117 quemadmodum
3115 2048 3297 2102 Grazci
3330 2048 3768 2115 fabulabantur,

2120 2136 2194 2190 ad
2227 2142 2528 2208 stuporem
2560 2135 2654 2190 his
2686 2135 2786 2207 qui
2842 2137 3235 2208 simpliciores
3286 2143 3457 2193 erant
3513 2138 3770 2195 imitten—

2120 2225 2301 2280 dum:
2337 2224 2495 2297 quod
2526 2241 2782 2297 superne
2813 2242 2847 2280 a
2883 2227 3017 2281 Jove
3059 2226 3376 2282 formatum
3436 2245 3562 2282 esse
3596 2233 3771 2299 puta-

2116 2314 2279 2379 bant,
2315 2320 2372 2370 et
2408 2331 2528 2369 non
2577 2315 2648 2370 ab
2700 2315 3041 2371 hominibus
3076 2334 3090 2371 :
3124 2317 3183 2371 in
3234 2317 3389 2373 idem
3422 2317 3593 2373 redit.
3653 2320 3769 2375 Aut

2118 2399 2421 2475 διοπετοὺς,
2458 2405 2494 2458 i.
2530 2420 2563 2459 a
2586 2406 2721 2461 Jove
2752 2405 2999 2478 delapsi,
3053 2423 3265 2478 nempe
3319 2407 3522 2479 templi
3571 2408 3765 2470 Jovis;

2117 2497 2237 2552 sive
2267 2496 2495 2569 templi,
2532 2496 2689 2568 quod
2720 2498 3036 2553 rotundam
3072 2497 3327 2553 habebat
3357 2498 3632 2565 formam,
3666 2503 3770 2554 aut

2118 2586 2294 2641 etiam
2326 2585 2487 2641 aliud
2521 2586 2814 2657 quoddam
2844 2587 3133 2659 templum
3165 2587 3321 2659 apud
3353 2605 3453 2643 eos
3486 2589 3564 2642 ita
3597 2604 3764 2643 voca-

2114 2675 2309 2730 batur.
2343 2674 2495 2731 Dicit
2525 2680 2725 2731 autem
2750 2676 3051 2746 νεωκόρον,
3088 2677 3126 2733 i.
3162 2678 3406 2732 azditum
3457 2678 3575 2732 sive
3608 2682 3766 2731 tem-

2114 2764 2281 2835 plum
2312 2771 2663 2838 purgantem
2699 2771 2755 2820 et
2782 2772 3113 2821 ornantem.
3146 2769 3288 2821 Nam
3318 2764 3538 2839 κόρημα
3561 2783 3769 2837 purga-

2115 2853 2197 2907 tio
2228 2853 2464 2923 dicitur,
2498 2856 2655 2910 unde
2685 2853 2976 2927 νεωκόρος,
3011 2855 3109 2926 qui
3167 2856 3455 2926 templum
3486 2860 3660 2908 ornat
3698 2871 3766 2909 ac

2114 2943 2314 3011 verrit,
2343 2960 2557 3015 nempe
2588 2944 2859 2998 aedituus.
2905 2966 2930 2993 ‹‹
2968 2945 3255 2998 Forenses
3278 2943 3513 3014 judices
3546 2942 3766 2997 admit-

2114 3038 2341 3101 tuntur,
2370 3055 2397 3082 »
2431 3037 2542 3088 etc.
2575 3033 2862 3108 Ἀγοραῖοι
2922 3048 3108 3104 genus
3171 3038 3297 3086 erat
3355 3032 3672 3087 humilium
3701 3032 3761 3088 in

2074 3127 2081 3135 ’
2113 3122 2251 3177 Asia
2271 3121 2566 3194 judicum,
2599 3122 2697 3193 qui
2730 3122 3088 3193 pauperibus
3119 3137 3185 3175 ac
3213 3120 3549 3176 forensibus
3576 3122 3763 3177 homi—

2115 3211 2290 3267 nibus
2326 3210 2717 3283 judicabant:
2780 3217 3020 3283 propter
3076 3212 3233 3282 quod
3282 3213 3459 3267 etiam
3510 3211 3763 3285 ἀγοραῖοι

2022 3279 2066 3346 C
2106 3300 2503 3356 vocabantur:
2556 3300 3064 3371 quemadmodum
3124 3306 3263 3355 sunt
3325 3297 3552 3369 ἔκδικοι,
3587 3302 3625 3356 i.
3659 3302 3763 3357 de-

343 3394 617 3450 fensores
646 3396 750 3448 aut
790 3391 1019 3448 ultores
1049 3390 1291 3464 quidam
1324 3391 1385 3447 in
1419 3389 1732 3446 nonnullis
1791 3390 2125 3446 civitatibus
2161 3407 2173 3444 :
2223 3386 2515 3445 ἀνθύπατοι
2549 3406 2705 3456 vero,
2735 3389 2795 3446 id
2836 3395 2927 3446 est
2980 3392 3368 3461 rroconsnles
3414 3403 3580 3447 erant
3613 3391 3761 3446 divi-

347 3490 477 3539 tum
501 3480 758 3555 judices,
791 3486 893 3537 aut
923 3482 1024 3555 qui
1054 3482 1376 3537 criminum
1407 3497 1647 3537 causam
1677 3480 2018 3537 audiebant.
2052 3481 2341 3537 Dicuntur
2365 3485 2562 3537 autem
2595 3486 2652 3535 et
2698 3477 2948 3556 ἀγοραῖοι
2988 3486 3253 3537 oratores
3300 3481 3412 3553 ipsi
3446 3485 3547 3537 aut
3579 3480 3754 3537 advo-

344 3573 463 3629 cati
492 3569 640 3646 παρᾶ
662 3572 724 3623 τὸ
751 3568 1055 3646 ἀγορεύειν,
1088 3571 1200 3627 hoc
1222 3576 1312 3627 est
1339 3587 1374 3628 a
1402 3570 1807 3627 concionando
1843 3571 1925 3626 sic
1955 3570 2118 3628 dicti.

952 3661 1213 3718 ΚΕΦΑΛ.
1267 3662 1387 3717 ΚΘ’.

340 3748 602 3825 Περίοδος
636 3750 884 3825 Παύλου,
909 3749 962 3825 ἐν
985 3750 1109 3825 ᾖτᾶ
1152 3750 1277 3825 περὶ
1310 3748 1537 3825 θανάτου
1579 3749 1687 3825 Δκαὶ
1744 3745 1989 3825 ἀνακλή-

413 3817 551 3909 σεως
581 3824 835 3909 Εὐτύχου
866 3820 954 3878 διὰ
984 3817 1302 3909 προσευχῆς
1329 3821 1380 3877 ἐν
1399 3819 1695 3909 ὶΤρωαξικ
1727 3817 1995 3896 Παραίνε-

410 3897 493 3970 gl;
526 3916 586 3970 τε
615 3891 780 3970 αὐτόῦ
811 3891 1144 3970 ποιμαιτική
1168 3891 1305 3968 τίρδς
1330 3892 1459 3970 τους
1479 3891 1540 3948 ’ἐν
1573 3891 1992 3970 Ἑφᾷσωᾴπρεσ-

411 3964 696 4042 ξυτὲρους·
732 3968 785 4022 ἐν
912 3964 1259 4042 ’παράπλους
1309 3964 1543 4042 ’Παύλου
1600 3964 1705 4021 ἀπὸ
1765 3964 1990 4042 Ἑφέσου

406 4036 555 4113 ἄχρι
572 4036 894 4115 Καισαρείας
924 4036 1022 4108 τῆς
1056 4037 1441 4108 Παλαιστίνης.

406 4204 435 4232 ιι
468 4178 622 4237 Μετᾶ
651 4177 709 4235 δὲ
732 4183 793 4237 τὸ
824 4181 1123 4237 παύσασθαι
1175 4182 1268 4236 τὸν
1325 4174 1556 4256 θόρυϐον
1613 4178 1991 4255 προσκαλεσά-

334 4290 499 4344 μενος
548 4270 576 4324 ὁ
639 4269 855 4333 Παῦλος
910 4272 1035 4334 τοὺς
1102 4271 1347 4345 μαθητὰς
1380 4315 1395 4340 ,
1446 4268 1536 4325 καὶ
1580 4268 1986 4343 ἀσπασάμενος,

330 4359 530 4429 ἐξῆλθε
586 4368 919 4434 πορευθῆναι
994 4361 1069 4423 εἰς
1155 4362 1255 4431 τὴν
1327 4356 1686 4416 Μακεδονίαν.
1748 4358 1985 4421 Διελθὼν

333 4446 394 4504 δὲ
422 4448 490 4504 τὰ
552 4448 690 4522 μέρη
751 4447 952 4521 ἐκεῖνα,
1013 4450 1101 4504 καὶ
1152 4445 1534 4523 παρακαλέσας
1581 4447 1776 4513 αὐτοὺς
1834 4448 1985 4524 λόγῳ

2692 3661 2919 3717 CAPUT
2957 3661 3153 3715 XXIX.

2104 3753 2379 3807 Circuitus
2408 3752 2591 3816 Pauli,
2626 3754 2683 3805 in
2715 3768 2821 3821 quo
2852 3751 3020 3805 etiam
3048 3757 3316 3804 narratur
3336 3766 3480 3803 mors
3504 3751 3748 3821 Eutychi

2174 3830 2489 3878 etamorte
2538 3820 2814 3877 revocatio
2863 3839 2966 3893 per
3022 3825 3327 3875 orationem
3387 3820 3570 3874 Pauli.
3626 3823 3746 3893 Ad:

2172 3894 2416 3949 hortatio
2446 3896 2617 3963 ipsius
2646 3892 2877 3964 qualem’
2893 3894 3078 3947 deceat
3106 3893 3303 3946 habere
3354 3898 3641 3961 pastsrem,
3676 3892 3750 3964 ad

2165 3966 2510 4036 presbyteros
2539 3963 2839 4036 quierant
2893 3965 3133 4033 Ephesi:
3192 3966 3245 4017 in
3277 3979 3386 4033 quo
3452 3969 3529 4017 est
3584 3963 3747 4017 Pauli

2164 4039 2660 4108 praeternavigatio
2717 4037 2783 4090 ab
2840 4036 3047 4105 Epheso
3123 4052 3291 4105 usque
3342 4036 3639 4090 Ca'saream
3696 4041 3747 4089 et

2169 4110 2543 4163 Palzrstinam.

2169 4196 2281 4263 XX,
2321 4199 2458 4249 1-16.
2488 4218 2516 4245 ‹‹
2550 4197 2870 4265 Postquam
2903 4200 3102 4250 autem
3136 4197 3386 4251 cessavit
3431 4196 3744 4262 tumultus,

2099 4308 2126 4335 ‹‹
2159 4284 2379 4340 vocatis
2409 4284 2482 4338 ad
2514 4300 2576 4339 se
2608 4284 2823 4339 Paulus
2855 4284 3184 4356 discipulis,
3220 4291 3278 4339 et
3308 4285 3650 4355 complestis
3683 4283 3749 4337 il-

2100 4396 2128 4423 ‹‹
2156 4374 2245 4428 los
2276 4371 2574 4444 profectus
2606 4378 2713 4439 est,
2748 4378 2813 4426 ut
2844 4373 2956 4427 iret
2990 4374 3051 4428 in
3096 4374 3518 4428 Macedoniam.
3571 4372 3746 4427 Cum—

2099 4485 2126 4513 ι‹
2160 4479 2275 4534 que
2308 4461 2992 4534 perambulassetpartes
3016 4463 3149 4518 illas
3169 4469 3225 4517 et
3254 4463 3440 4517 multo
3472 4477 3745 4516 sermone

332 4535 561 4609 πολλῷ,
590 4538 757 4606 ἦλθεν
806 4538 882 4600 εἷς
934 4540 1032 4609 τήν
1088 4535 1351 4595 Ἐλλάδα.
1402 4539 1645 4609 Ηοιήσας
1695 4559 1754 4593 τε
1815 4544 1986 4610 μῆνας

2119 4574 2131 4599 ‹
2167 4552 2507 4608 exhortatus
2531 4569 2631 4608 eos
2659 4553 2888 4618 fuisset,
2922 4555 3084 4609 venit
3114 4554 3175 4608 in
3207 4552 3512 4614 Grasciam,
3546 4551 3745 4622 ibique

332 4632 510 4699 τρεῖς,
560 4627 856 4704 γενομένης
943 4627 1090 4700 αὐτῷ
1165 4622 1470 4698 ἐπιϐουλῆς
1530 4627 1632 4683 ὑπὸ
1688 4630 1795 4682 τῶν
1850 4627 1992 4683 Ἰου-

333 4716 508 4772 δαίων
557 4717 814 4791 μὲλλοντι
872 4716 1161 4793 ἀνάγεσθαι
1210 4717 1287 4782 εἲς
1336 4719 1436 4789 τήν
1492 4715 1714 4791 Συρίαν,
1774 4716 1987 4792 ἐγένετο

332 4809 536 4884 γνώμη
591 4811 689 4862 τοῦ
771 4808 1123 4884 ὑποστρέφειν
1194 4806 1284 4863 διὰ
1384 4806 1742 4870 Μακεδονίας.
1802 4805 1988 4863 Συνεί-

334 4916 474 4952 πετο
535 4894 591 4952 δὲ
647 4896 794 4971 αὖτῷ
857 4896 988 4973 ἄχρι
1047 4905 1148 4968 τῆς
1200 4897 1387 4959 Ἀσίας
1447 4896 1801 4972 Σωσίπατρος
1860 4895 1989 4972 Βερ-

331 4987 573 5063 ῥοιαῖος,
656 4986 1096 5042 Θεσσαλονικέων
1174 4984 1231 5043 δὲ
1314 4988 1677 5063 Ἀρίσταρχος
1729 4986 1819 5041 καὶ
1879 4994 1987 5042 Σα-

325 5072 587 5144 κοῦνδος,
620 5076 710 5130 καὶ
743 5076 905 5139 Γάϊος
936 5077 1029 5132 καὶ
1062 5072 1322 5153 Δερϐαῖος
1352 5078 1444 5132 καὶ
1474 5078 1766 5151 Τιμόθεος.
1800 5078 1989 5132 Ἀσια-

323 5164 412 5220 νοὶ
472 5162 530 5219 δὲ
565 5164 816 5241 Τυχιγὸς
866 5166 957 5221 καὶ
1032 5165 1339 5243 Τρόφιμος.
1398 5164 1562 5224 Οὗτοι
1629 5165 1989 5241 προελθόντες

325 5250 524 5328 ἔμε-ιον
608 5256 755 5327 ἡμᾶς
818 5254 870 5309 ἐν
962 5253 1203 5330 Τρωάδν
1263 5258 1425 5329 ἡμεῖς
1484 5254 1540 5312 δὲ
1598 5255 1988 5330 ἑξεπλεῦσαμεν

335 5343 477 5416 μετᾶ
505 5343 602 5405 τὰς
643 5345 856 5420 ἡμέρας
910 5349 1018 5399 τῶν
1081 5345 1334 5416 Ἀζῦμων
1394 5347 1499 5401 ἀπὸ
1548 5345 1869 5415 Φιλίππων,
1902 5345 1991 5401 καὶ

327 5430 580 5504 ἤλθομεν
615 5433 750 5507 πρὸς
817 5432 1019 5496 αὖτοὺς
1050 5434 1127 5496 εἷς
1178 5437 1277 5505 τήν
1336 5432 1573 5511 Τρωάδα
1630 5433 1793 5512 ἄχρις
1848 5438 1993 5510 ἡμε-

332 5524 449 5598 ρῶν
487 5519 664 5575 πέντεο
698 5521 761 5576 οὗ
794 5518 1148 5597 διετρίψαμεν
1206 5524 1417 5599 ἡμέρας
1468 5524 1618 5583 ἑπτά.
1678 5528 1769 5584 Ἐν
1817 5525 1874 5583 δὲ
1922 5528 1993 5598 τῇ

340 5616 443 5685 μιᾷ
492 5614 603 5667 τῶν
643 5607 964 5682 Σαϐϐάτων,
1018 5614 1375 5693 συνηγμένων
1419 5620 1529 5672 τῶν
1590 5620 1849 5692 μαθητῶν
1900 5623 1997 5675 τοῦ

290 5716 295 5719 ’
339 5703 546 5756 κλεῖσαι
576 5701 768 5777 ἄρτον,
826 5703 854 5757 ὁ
912 5702 1127 5767 Παῦλος
1176 5700 1448 5781 διελέγετο
1505 5705 1710 5778 αὐτοῖς,
1773 5706 1997 5782 μὲλλων

2110 4663 2135 4695 ιι
2159 4644 2413 4715 peractis
2429 4643 2733 4699 mensibus
2759 4645 2944 4699 tribus
2965 4662 3098 4699 cum
3114 4649 3314 4698 essent
3336 4644 3639 4698 instructae
3660 4641 3748 4696 illi

2107 4751 2127 4779 ι
2164 4733 2395 4789 insidiw
2417 4734 2679 4789 aJudazis
2698 4734 2963 4789 soluturo
2978 4734 3039 4787 in
3059 4734 3310 4804 Syriam,
3329 4736 3369 4787 l
3385 4733 3481 4787 49
3497 4731 3753 4787 habebat

2102 4844 2129 4869 ‹‹
2162 4821 2223 4876 in
2246 4823 2468 4889 animo,
2493 4828 2560 4877 ut
2606 4828 2998 4878 reverteretur
3027 4840 3135 4894 per
3178 4821 3602 4877 Macedoniam.
3636 4822 3747 4877 Co-

2104 4932 2131 4960 «
2161 4912 2403 4965 mitatus
2424 4916 2513 4965 est
2534 4916 2729 4966 autem
2755 4928 2890 4966 eum
2923 4928 3111 4982 usque
3143 4912 3214 4966 ad
3242 4912 3431 4967 Asiam
3452 4912 3750 4982 Sosipater

2106 5021 2129 5051 ιι
2171 5001 2609 5056 ΒΘΓΓῘΠῈΒΠΒῘΞΣ
2640 5001 3260 5057 Thessalonicensium
3295 5018 3429 5056 vero
3492 5001 3749 5056 Aristar-

2109 5110 2130 5140 ι
2165 5090 2309 5144 chus
2343 5095 2400 5143 et
2431 5089 2755 5156 Secundus,
2790 5097 2849 5146 et
2893 5092 3065 5147 Caius
3118 5090 3396 5147 Derbzeus
3458 5108 3524 5147 ac
3553 5092 3749 5145 Timo-

2104 5202 2131 5228 «ι
2166 5178 2385 5233 theus:
2428 5179 2631 5233 Asiani
2680 5185 2879 5236 autem
2937 5183 3189 5254 Tychius
3250 5198 3316 5237 ac
3373 5182 3746 5253 Trophimus.

2102 5289 2130 5316 «ι
2174 5268 2240 5322 Hi
2273 5284 2406 5322 cum
2440 5271 2887 5339 praecessissent
2918 5278 3303 5344 expectarunt
3346 5289 3454 5327 nos
3485 5270 3706 5326 Troade
3734 5286 3747 5326 :

2106 5380 2131 5406 ‹‹
2167 5373 2276 5412 nos
2307 5363 2505 5413 autem
2552 5359 2970 5434 abnavigamus
3002 5368 3135 5434 post
3167 5362 3292 5416 dies
3336 5363 3683 5432 Azymorum
3718 5376 3752 5415 ε.

2109 5464 2137 5496 ι
2167 5444 2481 5517 Philippis,
2506 5448 2895 5520 venimusque
2922 5450 2994 5505 ad
3021 5467 3120 5504 eos
3142 5449 3426 5504 Troadem
3447 5450 3603 5503 intra
3625 5447 3753 5502 dies

2109 5555 2137 5582 ‹‹
2171 5534 2457 5606 quinque,
2489 5536 2590 5591 ubi
2631 5537 2921 5595 demorati
2977 5556 3185 5595 sumus
3245 5538 3452 5594 diebus
3501 5543 3751 5609 septem.

2114 5645 2142 5675 κ
2173 5625 2299 5682 Uno
2357 5632 2555 5684 autem
2636 5629 2731 5685 die
2789 5630 3205 5700 sabbatorum,
3267 5648 3401 5688 cum
3454 5629 3753 5684 venissent

2111 5736 2140 5764 ‹‹
2174 5713 2453 5789 discipuli
2479 5718 2554 5775 ad
2583 5718 2976 5793 frangendum
3024 5737 3264 5793 panem,
3310 5722 3529 5779 Paulus
3559 5718 3751 5776 disse-
