4150 6200
377 365 493 428 255

1459 356 1892 419 (ECUMENII
1937 355 2249 419 TRICCIE
2294 360 2650 424 EPISCOPI

3675 357 3793 416 256

376 522 407 552 «
439 501 608 557 rebat
637 498 722 555 eis
752 497 1124 568 profecturus
1141 493 1448 565 postridie,
1472 493 1883 567 protraxitque
1903 507 2023 546 ser-
2052 528 2064 557 λ

2176 491 2325 562 ξιὲναι
2357 500 2425 569 τῇ
2459 495 2740 569 ἐπαύριον·
2801 493 3083 571 παρέτεινὲ
3135 515 3194 548 τε
3247 493 3339 547 τὸν
3401 490 3564 564 λόγον
3626 489 3792 565 μέχρι

382 611 412 640 ‹‹
445 604 680 645 monem
709 601 896 654 usque
928 585 988 638 in
1020 584 1278 639 mediam
1307 590 1562 640 noctem.
1622 585 1803 638 Erant
1833 588 2033 637 autem

388 699 410 730 ι
446 680 703 732 lucerna;
737 674 936 729 multa)
971 675 1029 728 in
1062 675 1385 740 caenaculo,
1420 674 1517 728 ubi
1554 680 1725 729 erant
1780 689 2023 744 congre-

389 789 418 818 «
448 766 584 838 gati.
621 764 845 819 Sedens
875 771 1073 819 autem
1125 764 1364 835 quidam
1415 763 1764 818 adolescens
1796 764 2035 818 nomine

395 880 421 906 ‹‹
455 855 755 926 Eutychus
786 854 846 908 in
879 854 1156 917 fenestra,
1193 870 1326 908 cum
1377 853 1796 925 degravaretur
1827 869 2036 907 somno

395 968 422 996 ιι
457 944 848 1017 profundiori.
883 944 1212 998 disserente
1235 943 1335 997 diu
1360 943 1560 1004 Paulo,
1585 944 1772 1015 magis
1804 943 2039 1013 depres-

401 1053 561 1090 «sus
624 1033 844 1088 decidit
901 1049 969 1088 ex
1031 1033 1202 1087 tertio
1262 1032 1564 1088 caenaculo
1623 1031 1922 1096 deorsum,
1985 1035 2043 1084 et

396 1146 424 1174 «
458 1123 728 1179 sublatus
759 1127 849 1176 est
880 1126 1166 1176 mortuus.
1202 1121 1344 1175 Cum
1406 1120 1814 1175 descendisset
1843 1125 2039 1175 autem

407 1233 427 1262 ι
463 1213 681 1268 Paulus
714 1211 982 1266 incubuit
1015 1229 1192 1282 super
1223 1228 1355 1266 eum
1389 1217 1448 1266 et
1477 1212 1819 1282 complexus
1851 1211 1999 1265 dixit
2028 1226 2041 1263 :

405 1325 433 1353 «
465 1302 656 1357 Nolite
683 1301 931 1367 turbari,
992 1302 1192 1356 anima
1241 1301 1400 1355 enim
1463 1302 1591 1372 ejus
1641 1302 1702 1355 in
1753 1302 1880 1372 ipso
1932 1306 2043 1355 est.

403 1415 432 1442 κ
467 1393 729 1461 Cumque
759 1389 1126 1446 ascendisset
1157 1396 1214 1444 et
1241 1390 1513 1462 fregisset
1556 1406 1772 1460 panem
1828 1407 1895 1444 ac
1939 1390 2044 1444 de-

405 1504 433 1532 ‹‹
463 1486 774 1554 gustasset,
809 1479 908 1533 diu
939 1479 1270 1534 collocutus
1318 1496 1506 1549 usque
1565 1479 1639 1533 ad
1698 1479 2043 1546 diluculam,

403 1593 432 1620 «ι
464 1571 547 1624 ita
576 1570 816 1623 demum
863 1568 1162 1639 profectus
1231 1575 1338 1625 est.
1405 1568 1793 1626 Adduxerunt
1849 1575 2046 1625 autem

401 1682 428 1709 ‹‹
464 1675 713 1730 puerum
746 1659 1061 1728 viventem,
1087 1665 1145 1713 et
1175 1660 1644 1714 consolationem
1675 1677 1795 1715 non
1827 1659 2051 1715 medio-

406 1771 433 1800 «
457 1765 617 1804 crem
649 1755 1025 1819 acceperunt.
1062 1751 1172 1803 Nos
1196 1755 1392 1804 autem
1419 1767 1746 1806 conscensa
1773 1751 1903 1806 navi
1937 1750 2052 1806 sol-

403 1861 431 1887 ‹‹
465 1839 656 1892 vimus
679 1855 879 1893 versus
911 1840 1121 1907 Asson,
1155 1838 1294 1892 inde
1325 1841 1624 1910 excepturi
1656 1840 1904 1895 Paulum
1931 1857 1943 1894 :
1969 1841 2050 1894 ita

407 1949 434 1977 ‹‹
470 1928 628 1983 enim
652 1927 1040 1982 constituerat
1081 1929 1227 1998 ipse,
1261 1934 1420 1983 terra
1449 1929 1561 1984 iter
1589 1929 1872 1985 facturus.
1905 1932 2050 1985 Cum

416 2037 437 2064 ι
469 2023 666 2072 autem
705 2017 1079 2072 convenisset
1126 2016 1200 2072 ad
1255 2035 1364 2072 nos
1421 2021 1631 2084 Asson,
1688 2023 1926 2090 recepto
1985 2037 2053 2075 eo

408 2129 436 2152 ιι
470 2107 742 2161 venimus
797 2106 1173 2176 Mitylenem:
1247 2112 1305 2161 et
1374 2107 1511 2162 inde
1570 2108 1913 2180 navigantes
1971 2125 2058 2163 se-

410 2218 438 2245 ‹‹
473 2195 679 2266 quenti
705 2195 798 2249 die
828 2195 1096 2250 venimus
1118 2199 1323 2250 contra
1345 2195 1572 2251 Chium.
1598 2197 1890 2252 Postridie
1921 2214 2057 2252 vero

418 2306 446 2334 «
477 2282 818 2354 appulimus
898 2283 1158 2348 Samum,
1249 2288 1304 2337 et
1358 2286 1706 2340 commorati
1760 2285 2059 2357 Trogyllii,

417 2395 445 2424 «ι
469 2372 736 2444 proximo
761 2371 855 2425 die
887 2371 1153 2427 venimus
1178 2372 1457 2428 Miletum.
1489 2375 1882 2444 Proposuerat
1903 2374 2061 2428 enim

415 2494 442 2522 α
479 2460 696 2516 Paulus
727 2462 1216 2533 prieternavigare
1244 2463 1565 2532 Ephesum.
1588 2479 1664 2518 ne
1695 2479 2065 2518 commoran-

417 2570 443 2597 ‹‹
478 2549 618 2606 dum
653 2550 705 2604 ei
733 2555 889 2604 esset
918 2551 980 2604 in
1010 2550 1166 2604 Asia.
1201 2551 1540 2606 Festinabat
1568 2553 1726 2607 enim
1759 2559 1824 2606 ut
1850 2553 1897 2607 si
1927 2570 2064 2625 pos-

420 2661 444 2691 ιι
475 2639 645 2696 sibile
669 2638 780 2694 sibi
813 2645 989 2708 esset,
1021 2638 1177 2694 diem
1206 2640 1582 2695 Pentecostes
1612 2647 1812 2714 ageret
1833 2642 2065 2696 Jeroso-

427 2752 447 2781 ι
484 2730 680 2800 lymis.
717 2753 744 2779 )›

495 2823 532 2874 1
547 2821 648 2877 50
670 2841 697 2870 ‹‹
718 2820 888 2874 Caius
900 2819 1177 2874 Derbaeus
1193 2836 1263 2875 ac
1273 2821 1631 2878 Timotheus.
1659 2843 1686 2870 »
1709 2823 2070 2877 Cmterorum

423 2909 663 2980 quidem
695 2910 916 2981 patrias
943 2910 1100 2964 unde
1132 2911 1243 2964 orti
1278 2915 1446 2966 erant
1476 2912 1775 2982 exprimit,
1809 2911 2071 2967 notiores

423 3016 525 3056 eos
555 2999 812 3055 reddens
848 3016 859 3052 :
893 2999 953 3053 in
984 2999 1290 3055 Timotheo
1319 3017 1455 3055 vero
1487 3001 1612 3056 solo
1656 3002 1898 3056 nomine
1930 3017 2072 3055 con-

426 3096 626 3145 tentus
659 3095 767 3157 est,
802 3089 960 3161 quod
992 3089 1088 3144 hic
1119 3107 1153 3144 a
1184 3090 1307 3144 suis
1339 3090 1604 3145 moribus
1629 3096 1685 3145 et
1714 3090 1927 3146 virtute
1959 3089 2076 3145 suf-

425 3179 634 3234 ﬁciens
690 3177 937 3233 haberet
989 3179 1345 3251 cognitionis
1404 3180 1739 3247 indicium;
1801 3185 1859 3234 et
1915 3179 2072 3251 quod

2148 585 2524 655 μεσονυκτίου.
2606 588 2776 642 Ἦσαν
2862 584 2918 640 δὲ
3005 580 3286 658 λαμπάδες
3369 579 3548 635 ἱκαναὶ
3606 579 3658 634 ἐν
3713 584 3793 650 τῷ

2149 670 2407 747 ὑπέρῴῳ,
2493 673 2555 729 οῦ
2611 676 2744 744 ἦσαν
2802 673 3152 748 συνηγμένοι.
3222 673 3538 744 Καθήμενος
3599 667 3655 724 δέ
3709 689 3792 730 τις

2147 762 2354 824 νεανίας
2411 763 2638 835 ὀνόματι
2701 763 2957 838 Εὔτυχος
3015 761 3099 816 ἐπὶ
3158 769 3257 830 τῆς
3328 757 3565 834 θυρίδος,
3625 779 3794 812 κατα-

2149 852 2448 930 φερόμενος
2496 853 2647 926 ὕπνῳ
2707 855 2880 927 βαθεῖ,
2945 849 3340 926 διαλεγομένου
3397 853 3493 903 τοῦ
3552 847 3797 915 Παύλου,

2149 940 2238 995 ἐπὶ
2296 941 2487 997 πλεῖον
2571 942 2914 1018 κατενεχθεὶς
2999 942 3101 996 ὑπὸ
3182 944 3279 995 τοῦ
3355 938 3544 1006 ὕηνου,
3615 932 3798 992 ἔπεσεν

2151 1030 2256 1085 ἀπὸ
2292 1036 2386 1086 τοῦ
2437 1031 2723 1108 τριστέγου
2779 1032 2949 1102 κάτω,
3008 1030 3097 1084 καὶ
3154 1027 3298 1104 ἤρθη
3353 1028 3562 1104 νεκρός.
3622 1034 3796 1081 Κατα-

2153 1115 2252 1182 ϐὰς
2312 1118 2370 1175 δὲ
2425 1121 2455 1175 ὅ
2513 1120 2724 1183 Παῦλος
2777 1121 3025 1176 ἐπέπεσεν
3089 1120 3255 1191 αὐτῷ·
3315 1120 3403 1174 καὶ
3459 1114 3798 1190 συμπεριλα-

2154 1204 2286 1278 ϐὼν,
2346 1213 2483 1265 εἷπε·
2545 1212 2639 1280 Mr,
2701 1207 3057 1286 θορυϐεῖσθε.
3117 1211 3179 1267 Ἥ
3257 1210 3362 1286 γὰρ
3422 1209 3574 1282 ψυχὴ
3637 1205 3800 1259 αὐτοῦ

2154 1297 2206 1353 ἐν
2240 1300 2388 1371 αὐτῷ
2429 1297 2592 1356 ἐστιν.
2651 1301 2909 1360 Ἀναστὰς
2970 1297 3026 1354 δὲ
3080 1299 3168 1353 καὶ
3228 1297 3432 1358 κλάσας
3491 1296 3650 1370 ἄρτον
3710 1294 3800 1348 καὶ

2155 1388 2502 1462 γευεάμενος,
2561 1387 2641 1468 ἐφ’
2700 1390 2880 1444 ἱκανόν
2967 1410 3026 1443 τε
3101 1385 3376 1461 ὁμιλήσας
3417 1385 3551 1460 ἄχρι
3609 1383 3801 1458 αὐγῆς,

2127 1477 2330 1538 -οὕτως
2369 1476 2614 1547 ἐξῆλθεν.
2676 1479 2916 1554 Ἣγαγον
2975 1475 3032 1532 δὲ
3083 1478 3173 1532 τὸν
3225 1473 3394 1531 παῖδα
3462 1480 3657 1544 ζῶντα,
3713 1473 3800 1526 καὶ

2156 1565 2578 1642 παρεκλήθησαν
2634 1566 2696 1622 οὐ
2759 1568 3010 1642 μετρίως.
3088 1568 3277 1640 Ἡμεῖς
3339 1563 3396 1619 δὲ
3447 1560 3804 1639 προελθόντες

2159 1656 2247 1711 ἐπὶ
2286 1656 2349 1710 τὸ
2406 1656 2626 1726 πλοῖον,
2687 1658 2978 1737 ἀνηχημεν
3041 1656 3117 1720 εἷς
3167 1658 3266 1724 τήν
3326 1660 3546 1720 ”Ασσον,
3607 1651 3806 1706 ἐκεῖθεν

2163 1745 2455 1818 μέλλοντες
2515 1743 2913 1821 ἀναλαμϐάνειν
2992 1747 3083 1802 τὸν
3173 1744 3410 1801 Παῦλον·
3474 1741 3645 1803 οὓτως
3703 1742 3801 1815 γὰρ

2159 1837 2225 1904 ἦν
2263 1833 2702 1913 διατεταγμένος,
2765 1835 2986 1910 μέλλων
3055 1835 3215 1896 αὐτὸς
3271 1833 3528 1904 πεζεύειν.
3589 1833 3678 1893 Ὠς
3746 1827 3801 1886 δὲ

2160 1921 2444 1981 συνέϐαλεν
2531 1929 2665 1999 ἡμῖν
2731 1927 2807 1988 εἷς
2855 1927 2954 1993 τῆν
3009 1927 3232 1994 Ἀσσον,
3286 1917 3648 1984 ἀναλαϐόντες
3705 1921 3803 1974 αύ-

2159 2016 2274 2084 τὸν,
2333 2014 2578 2088 ἤλθομεν
2644 2017 2720 2078 εἰς
2805 2014 3147 2086 Μιτυλήνην·
3225 2014 3468 2077 κάκεῖθεν
3527 2007 3804 2065 ἀποπλεύ-

2165 2125 2366 2174 σαντες,
2420 2106 2489 2176 τῇ
2572 2103 2797 2179 ἐπιούσῃ
2884 2106 3299 2176 κατηντήσαμεν
3376 2099 3596 2174 ἅντῖκρυ
3654 2097 3806 2153 Χίου.

2168 2197 2252 2268 Τῇ
2307 2191 2365 2248 δὲ
2442 2193 2595 2269 ἑτέρᾳ
2649 2189 3033 2268 παρεϐάλομεν
3094 2192 3172 2256 εἷς
3255 2191 3460 2264 Σάμον·
3544 2201 3635 2244 και
3691 2188 3811 2261 μεί-

2168 2303 2352 2344 ναντες
2413 2283 2462 2336 ἐν
2531 2281 2885 2360 Τρωγυλλίῳ
2919 2325 2933 2351 ,
2989 2285 3058 2356 τῇ
3125 2281 3374 2356 ἐχομένῃ
3429 2277 3681 2350 ἤλθομεν
3736 2276 3812 2337 εἷς

2171 2370 2441 2443 Μίλητον.
2492 2375 2711 2447 Ἔκρινε
2768 2373 2869 2447 γὰρ
2929 2373 2956 2426 ὁ
3006 2369 3224 2432 Παῦλος
3281 2367 3661 2440 παραπλεῦσαι
3718 2365 3818 2432 τὴν

2171 2463 2422 2532 Ἔφεσον,
2455 2460 2604 2523 ὅπως
2653 2464 2727 2535 μή
2794 2461 3017 2534 γένηται
3073 2461 3220 2532 αὐτῷ
3280 2452 3711 2534 χρονοτριϐῆσαι
3769 2447 3819 2508 ἔν

2172 2555 2240 2624 τῇ
2275 2552 2447 2623 ’Λσίᾳ.
2484 2547 2769 2619 Ἔσπευδε,
2821 2550 2922 2625 γὰρ
2983 2550 3028 2605 εἰ
3089 2547 3311 2604 δυνατὸν
3369 2549 3435 2616 ἦν
3496 2546 3664 2616 αὐτῷ,
3719 2545 3820 2613 τὴν

2173 2641 2382 2714 ἡμέραν
2464 2647 2566 2708 τῆς
2651 2645 3031 2709 Πεντηκοστῆς
3111 2639 3357 2715 γενέσθαι
3437 2635 3513 2696 εἷς
3589 2633 3824 2709 Ἰεροσό-

2175 2729 2408 2804 λυμα.»

2247 2844 2276 2872 ‹‹
2309 2819 2470 2881 Γάῖος
2503 2814 2758 2891 Δερϐαῖος
2790 2819 2880 2873 καὶ
2906 2819 3203 2892 Τιμόθεος.
3239 2840 3266 2868 ››
3297 2818 3420 2871 Τῶν
3477 2815 3570 2887 μὶν
3632 2809 3817 2867 ἄλλων

2175 2910 2394 2969 καὶτὰς
2440 2906 2702 2982 πατρίδας
2761 2907 2932 2983 λέγεὶ,
2991 2907 3108 2964 ὅθεν
3158 2908 3318 2976 ἦσαν,
3369 2900 3823 2981 γνωριμωτέρους

2178 2997 2410 3062 ἐντεῦθεν
2442 3003 2643 3054 ποιῶν.
2700 2999 2823 3053 Ἐπὶ
2858 2995 2916 3052 δὶ
2945 2997 3200 3068 Τιμοθέῳ
3231 2995 3468 3070 ἠρκέσθη
3535 2994 3687 3065 μόνῳ
3743 2994 3820 3061 τῷ

2180 3088 2431 3161 ὀνόματι,
2461 3088 2548 3143 ’ὁτι
2577 3107 2636 3142 τε
2665 3085 2822 3148 αὐτὸς
2855 3085 2914 3140 ἐκ
2941 3091 3048 3141 τῶν
3079 3086 3244 3141 αὐτοῦ
3299 3085 3518 3159 τρόπων
3580 3080 3668 3135 καὶ
3719 3085 3822 3148 τῆς

2181 3179 2381 3254 ἀρετῆς
2412 3179 2636 3251 ἐξαρκοῦ
2667 3179 2790 3252 εἶχε
2839 3177 2903 3232 τὸ
2957 3179 3259 3253 γνώρισμα,
3291 3174 3379 3229 καὶ
3425 3172 3508 3228 ὅτι
3574 3172 3664 3226 καὶ
3696 3169 3820 3245 πρὶν

427 3268 604 3321 etiam
632 3271 806 3320 antea
837 3267 1040 3335 patriae
1062 3267 1223 3321 illius
1253 3267 1489 3322 fecisset
1515 3269 1901 3335 mentionem,
1937 3284 2064 3324 cum

2188 3243 2380 3341 μνήμη
2405 3243 2568 3321 αὐτοῦ
2595 3273 2696 3335 τῆς
2727 3243 2990 3328 πατρίδος
3049 3263 3398 3334 ἐποιήσαντο,
3451 3260 3502 3317 έν
3536 3263 3621 3322 οἷς
3650 3257 3823 3333 ἔλεγε·

425 3353 650 3408 diceret
680 3369 692 3405 :
728 3355 1000 3410 Pervenit
1029 3362 1227 3410 autem
1278 3357 1509 3412 Derben
1568 3375 1634 3413 ac
1696 3359 1982 3430 Lystram,
2016 3367 2074 3414 et

428 3457 564 3497 ecce
595 3441 922 3512 discipulus
954 3449 1080 3497 erat
1109 3444 1189 3498 ibi
1220 3446 1462 3501 nomine
1515 3447 1875 3505 Timotheus.
1907 3449 2073 3514 Quod

429 3531 477 3586 si
509 3529 785 3584 Derbazus
817 3530 1184 3602 gentilicium
1205 3550 1364 3588 nunc
1387 3540 1474 3589 est
1507 3541 1565 3589 et
1585 3553 1703 3590 non
1726 3539 2028 3610 proprium
2054 3557 2074 3602 ;

429 3625 572 3675 tunc
601 3618 782 3674 etiam
813 3619 924 3675 hoc
957 3620 1085 3676 loco
1129 3622 1397 3677 fortassis
1454 3624 1593 3680 fecit
1642 3627 1848 3697 patriae
1903 3645 2074 3683 men-

427 3709 672 3764 tionem.

501 3798 616 3867 ΧΧ,
647 3799 834 3854 17-21.
877 3821 902 3853 α
943 3803 988 3856 Α
1020 3801 1217 3857 Mileto
1275 3809 1473 3860 autem
1530 3807 1730 3862 missis
1777 3809 2074 3879 Ephesum

428 3889 677 3957 nuntiis,
736 3891 1042 3947 accersivit
1108 3892 1485 3965 presbyteros
1541 3897 1836 3952 Ecclesiae.
1899 3899 2078 3952 Cum-

431 3995 544 4049 que
570 3980 979 4048 pervenissent
1007 3980 1080 4036 ad
1111 3981 1328 4052 ipsum,
1361 3983 1509 4039 dixit
1556 3986 1641 4041 eis
1672 4003 1686 4041 :
1752 4003 1852 4041 vos
1912 3987 2076 4042 scitis

431 4084 464 4122 a
486 4068 676 4137 primo
729 4068 822 4122 die
847 4069 987 4124 dum
1018 4072 1320 4143 ingressus
1345 4091 1474 4129 sum
1524 4077 1742 4143 Asiam,
1780 4076 2076 4147 quomodo

432 4157 733 4212 vobiscum
766 4159 926 4213 omni
958 4165 1223 4232 tempore
1249 4161 1463 4220 fuerim
1518 4166 1779 4222 serviens
1828 4166 2078 4221 Domino

433 4265 567 4305 cum
629 4248 790 4302 omni
850 4249 1033 4303 animi
1083 4251 1392 4318 modestia,
1427 4255 1751 4326 multisque
1801 4255 2079 4328 lacrymis

438 4356 505 4394 ac
563 4337 1014 4399 tentationibus.
1076 4357 1206 4411 quae
1248 4342 1394 4397 mihi
1452 4345 1798 4401 acciderunt
1855 4363 1926 4402 ex
1995 4346 2082 4400 in-

439 4430 553 4485 diis
582 4428 919 4486 Iudaeorum
955 4447 968 4496 ;
1008 4437 1074 4487 ut
1109 4433 1260 4488 nihil
1320 4435 1664 4505 suffugerim
1709 4453 1912 4492 eorum
1949 4455 2080 4508 qum

447 4520 610 4573 vobis
641 4518 811 4574 utilia
850 4526 1068 4583 essent,
1129 4524 1274 4593 quin
1333 4526 1750 4581 annuntiarem
1808 4527 1991 4593 vobis,
2026 4531 2085 4580 et

2177 3358 2496 3428 Κατήντησε
2535 3354 2591 3411 δὲ
2621 3355 2698 3416 εἷς
2726 3350 2931 3429 Δέρϐην
2981 3354 3070 3409 καὶ
3129 3353 3391 3427 Λύστραν,
3446 3350 3536 3406 καὶ
3567 3347 3688 3404 ἱδοῦ
3725 3369 3830 3423 μα-

2177 3450 2348 3518 θητής
2378 3468 2460 3509 τις
2505 3448 2571 3516 ἦν
2625 3447 2735 3502 ἐκεῖ
2767 3446 2991 3519 ὀνόματι
3038 3446 3323 3518 Τιμόθεος.
3385 3442 3448 3499 Εἰ
3501 3438 3558 3496 δὲ
3613 3441 3702 3494 καὶ
3764 3439 3825 3494 τὸ

2179 3531 2435 3611 Δερϐαῖος
2465 3541 2556 3590 νῦν
2591 3534 2800 3599 ἐθνικόν
2861 3535 2969 3590 ἐστι
3028 3533 3117 3588 καὶ
3178 3535 3255 3605 μή
3314 3532 3522 3608 κύριον,
3581 3530 3671 3585 καὶ
3735 3532 3827 3582 νῦν

2177 3626 2324 3705 τάχα
2351 3632 2450 3694 τῆς
2480 3623 2740 3701 πατρίδος
2773 3624 3192 3699 ἐμνημόνευσεν.

2253 3829 2281 3855 ι(
2314 3804 2448 3860 Ἀπὸ
2481 3799 2538 3858 δὲ
2564 3809 2664 3872 τῆς
2723 3801 2976 3873 Μιλήτου
3007 3803 3224 3878 πέμψας
3257 3801 3333 3864 εἷς
3383 3803 3633 3880 Ἔφεσον,
3695 3821 3826 3871 μετ-

2181 3892 2472 3949 εκαλέσατο
2529 3892 2655 3956 τοὺς
2708 3888 3106 3969 πρεσϐυτέρους
3165 3900 3267 3963 τῆς
3327 3891 3675 3960 Ἐκκλησίας.
3737 3893 3826 3952 Ὣς

2183 3981 2239 4038 δὲ
2292 3983 2647 4058 παρεῦένοντο
2704 3983 2841 4054 πρὸς
2895 3982 3059 4038 αὐτὸν
3094 4027 3107 4053 ,
3174 3983 3318 4037 εἶπεν
3373 3980 3578 4043 αὐτοῖς.
3646 3981 3829 4053 Ὑμεῖς

2182 4070 2464 4126 ἐπίστασθε
2496 4070 2601 4125 ἀπὸ
2648 4071 2878 4145 πρῶσης
2926 4067 3162 4146 ἡμέρας,
3215 4073 3304 4151 ἀφ’
3359 4071 3428 4140 ἧς
3485 4063 3681 4139 ἐπέϐην
3746 4069 3820 4132 εἷς

2180 4162 2248 4230 τὴ
2274 4161 2478 4230 Ἀσίαν,
2539 4164 2658 4224 πῶς
2689 4162 2806 4234 μεθ’
2864 4163 3016 4234 ὑμῶν
3071 4163 3162 4216 τὸν
3222 4162 3391 4216 πάντα
3449 4160 3650 4236 χρόνον
3711 4158 3827 4235 ἐγε-

2182 4251 2378 4324 νόμην,
2434 4249 2708 4306 δουλεύων
2766 4249 2846 4323 τῷ
2904 4249 3088 4324 Κυρίῳ
3152 4251 3285 4325 μετᾶ
3340 4251 3517 4321 πάσης
3576 4269 3828 4306 ταπεινο-

2185 4341 2479 4416 φροσύνης,
2557 4339 2650 4396 καὶ
2730 4338 2964 4396 πολλῶν
3047 4337 3291 4416 δακρύων
3371 4341 3462 4395 καὶ
3519 4343 3833 4415 πειρασμῶν

2183 4436 2291 4486 τῶν
2322 4427 2648 4504 συμϐάντων
2713 4451 2807 4503 μοι
2864 4429 2917 4483 ἐν
2968 4435 3087 4492 ταῖς
3145 4425 3466 4492 ἐπιϐουλαῖς
3526 4434 3634 4486 τῶν
3692 4431 3829 4485 Ἰου-

2188 4518 2375 4589 δαίων,
2437 4519 2514 4582 ὡς
2573 4518 2729 4575 οὐδὲν
2780 4517 3184 4591 ὑπεστειλάμην
3240 4525 3346 4574 τῶν
3419 4520 3830 4595 συμφερόντων,

438 4607 712 4662 docerem
744 4623 841 4661 vos
863 4607 1099 4679 publice
1129 4627 1197 4666 ac
1227 4627 1333 4683 per
1395 4612 1656 4684 singulas
1715 4614 1942 4684 domos,
2001 4620 2064 4669 te

2187 4613 2283 4664 τοῦ
2319 4610 2394 4683 μὴ
2452 4607 2772 4686 ἀναγγεῖλαι
2829 4610 2980 4683 ὑμῖν,
3037 4608 3126 4663 καὶ
3185 4605 3390 4678 διδάξαι
3453 4610 3592 4680 ὑμᾶς
3652 4605 3832 4680 δημο-

439 4696 705 4750 stificans
733 4697 950 4754 Judaeis
981 4699 1160 4754 simul
1219 4706 1276 4754 et
1305 4701 1519 4755 Graacis
1576 4717 1706 4756 eam
1756 4719 1887 4774 qum
1944 4719 2080 4776 erga

435 4785 621 4838 Deum
655 4790 741 4840 est
773 4787 1180 4856 paenitentiam
1212 4805 1278 4843 ac
1339 4787 1514 4843 ﬁdem
1573 4806 1711 4863 erga
1762 4791 2079 4847 Dominum

429 4878 700 4931 nostrum
733 4876 948 4934 Iesum.
983 4894 1008 4923 ι)

506 4965 794 5028 Quoniam
826 4967 996 5023 multi
1027 4968 1311 5040 loquendi
1344 4967 1586 5026 modum
1617 4970 1912 5040 ignorant,
1961 4987 2080 5027 ma-

433 5056 592 5110 xime
623 5057 754 5111 novi
801 5060 1164 5124 testamenti,
1209 5078 1324 5132 quo
1384 5061 1644 5134 episcopi
1693 5062 2082 5117 nominantur

434 5145 786 5217 presbyteri.
815 5163 882 5201 ac
913 5147 1243 5219 presbyteri
1277 5151 1536 5222 episcopi
1573 5168 1585 5204 :
1619 5151 1731 5206 hoc
1785 5157 1909 5206 tum
1943 5151 2080 5206 hinc

436 5235 822 5290 animadverti
846 5242 1061 5306 potest,
1087 5243 1209 5292 tum
1233 5255 1300 5292 ex
1323 5240 1584 5310 Epistola
1597 5239 1668 5295 ad
1695 5241 1910 5305 Titum,
1935 5246 1993 5295 et
2013 5258 2082 5297 ex

437 5341 506 5379 ea
537 5343 666 5396 quae
700 5331 789 5380 est
818 5327 890 5380 ad
925 5325 1360 5397 Philippenses,
1407 5330 1720 5401 prioreque
1773 5330 1846 5385 ad
1896 5331 2083 5385 Timo-

438 5414 659 5470 theum.
695 5417 775 5471 Ex
806 5415 916 5471 hoc
944 5417 1142 5488 itaque
1189 5419 1465 5474 Actorum
1526 5421 1652 5474 loco
1693 5421 1765 5475 de
1795 5436 1862 5475 ea
1892 5437 1952 5476 re
1985 5437 2082 5492 po-

439 5509 554 5560 test
583 5506 788 5560 haberi
822 5513 982 5562 certa
1009 5508 1313 5579 persuasio
1339 5525 1352 5573 ;
1375 5508 1454 5561 ita
1477 5509 1635 5562 enim
1661 5510 1945 5579 scriptum
1971 5515 2078 5563 est:

437 5597 485 5649 A
515 5595 709 5651 Mileto
741 5601 937 5651 autem
957 5597 1156 5653 missis
1179 5597 1471 5670 Ephssum
1503 5598 1749 5666 nuntiis,
1778 5597 2083 5652 accersivit

437 5687 816 5760 presbyteros
875 5689 1199 5761 Eccleeiw,
1261 5694 1320 5746 et
1373 5704 1494 5745 non
1553 5687 1700 5743 dixit
1751 5687 2078 5758 episcopos.

2192 4700 2278 4770 σία
2308 4700 2398 4755 καὶ
2445 4701 2562 4754 κατ’
2606 4697 2814 4769 οἷ’κους,
2877 4696 3382 4773 διαμαρτυρόμενος
3443 4696 3729 4760 Ἰουδαίοις
3773 4717 3833 4753 τε

2187 4789 2277 4844 καὶ
2307 4787 2544 4858 Ἕλλησι
2572 4789 2670 4857 τήν
2701 4788 2776 4850 εἷς
2802 4789 2894 4843 τὸν
2954 4787 3081 4843 Θεὸν
3145 4786 3447 4860 μετάνοιαν,
3501 4786 3588 4842 καὶ
3649 4787 3828 4841 πίστιν

2188 4879 2288 4946 τῆν
2318 4878 2394 4940 εἷς
2424 4880 2515 4934 τὸν
2550 4877 2751 4953 Κύριον
2785 4879 2946 4950 ἡμῶν
2981 4880 3213 4949 Ἰησοῦν.
3248 4898 3278 4932 υ

2260 4966 2486 5037 Ἐπειδή
2521 4966 2768 5023 λανθάνει
2815 4967 2943 5032 τοὺς
2996 4964 3244 5028 πολλοὺς
3297 4967 3332 5036 ἡ
3365 4967 3640 5036 συνήθεια,
3677 4964 3836 5038 μάλι-

2189 5083 2288 5117 στα
2315 5067 2414 5130 τῆς
2448 5063 2650 5127 Καινῆς
2682 5059 2976 5129 Διαθήκης.
3025 5056 3152 5119 τοὺς
3211 5055 3543 5118 ἐπισκόπους
3598 5049 3835 5131 πρεσϐυ-

2189 5152 2380 5224 τέρους
2409 5149 2773 5222 ὀνομάζουσα,
2805 5147 2894 5203 καὶ
2927 5146 3014 5201 καὶ
3044 5147 3170 5208 τοὺς
3197 5142 3596 5220 πρεσϐυτέρους
3626 5144 3837 5200 ἐπισκό·

2190 5261 2349 5309 πους,
2386 5240 2725 5312 σημειωτέον
2779 5241 2940 5293 τοῦτο
2994 5236 3252 5308 έντεῦθεν;
3286 5237 3375 5291 καί
3435 5235 3495 5291 ἐκ
3549 5242 3649 5306 τῆς
3705 5236 3839 5310 πρὸς

2190 5331 2357 5388 Τίτον
2388 5327 2738 5397 Ἐπιστολῆς,
2771 5322 2847 5382 ἔτι
2882 5324 2938 5382 δὲ
2968 5326 3058 5381 καὶ
3090 5326 3222 5400 πρὸς
3278 5324 3715 5396 Φιλιππησίους,
3749 5323 3838 5378 καὶ

2192 5421 2251 5476 ἐκ
2279 5423 2375 5484 τῆς
2410 5418 2544 5493 πρὸς
2577 5416 2849 5492 Τιμόθεον
2890 5417 3135 5492 πρώτης.
3197 5415 3339 5470 Ἀπὸ
3397 5417 3490 5488 μὲν
3539 5416 3629 5471 οὗν
3690 5415 3836 5488 Ηρά-

2191 5512 2320 5583 ξεων
2378 5505 2612 5561 ἐντεῦθεν
2671 5501 2781 5560 ἔστι
2832 5505 3115 5573 πεισθῆναι
3176 5504 3299 5578 περὶ
3354 5503 3571 5560 τούτου.
3635 5502 3834 5577 Γέγρα-

2191 5618 2319 5654 πται
2350 5594 2450 5672 γᾶρ
2483 5594 2680 5655 οὕτως·
2739 5594 2876 5648 Ἀπὸ
2935 5589 2992 5647 δὲ
3046 5598 3145 5661 τῆς
3180 5590 3435 5662 Μιλήτου
3485 5592 3705 5663 πέμψας
3757 5587 3837 5650 εἰς

2191 5688 2436 5764 Ἔφεσον,
2485 5681 2879 5759 μετεκαλέσατο
2932 5680 3060 5744 τοὺς
3115 5675 3512 5757 πρεσϐυτέρους
3563 5681 3664 5745 τῆς
3719 5680 3838 5736 Ἐκ-
