4176 6200
389 347 506 407 257

1352 340 1766 407 CUMMENT.
1810 342 1889 401 IN
1937 337 2148 398 ACTA
2190 334 2803 404 APOSTOLORUM.

391 475 655 548 κλησίας,
695 475 787 530 καὶ
817 475 924 531 οὐκ
952 474 1140 551 εἷ’ρηκε
1196 475 1324 540 τοὺς
1366 476 1717 541 ἐπισκόπους.
1763 473 1900 533 Εἶτα
1928 470 2049 526 έπιο

2165 471 2386 528 Deinde
2419 475 2763 550 subjungit:
2807 500 2834 529 ιι
2880 479 2947 535 In
2979 498 3094 553 quo
3143 499 3243 538 vos
3293 484 3546 556 Spiritus
3568 496 3807 547 sanctus

392 566 568 644 ᾳέρευ
609 591 635 618 ιι
662 567 753 622 ’Ev
786 564 832 638 ᾧ
864 565 1006 639 ὑμᾶς
1034 566 1097 620 τὸ
1130 567 1349 639 Πνεύμα
1379 568 1442 622 τὸ
1473 568 1624 643 ἅγιον
1657 563 1812 631 ἔθετο
1834 559 2055 618 ἐπισκό-

392 678 551 725 πους,
583 655 902 728 ποιμαίνειν
957 655 1058 723 τὴν
1090 655 1442 727 Ἐκκλησίαν.
1482 680 1509 707 »
1542 657 1679 714 Ἀπὸ
1711 654 1768 711 δὲ
1788 660 1891 724 τῆς
1920 650 2055 726 πρὸς

393 746 555 803 Τίτον
588 743 946 813 Ἐπιστολῆς,
993 768 1022 797 ιι
1078 747 1447 816 Καταστήσεις
1504 746 1638 802 κατὰ
1696 742 1863 800 πόλιν
1919 761 2055 817 πρε-

393 831 714 910 σϐυτέρους,
747 835 825 896 ὡς
858 833 969 911 ἐγώ
1001 855 1083 889 σοι
1146 832 1488 908 διεταξέμην.
1552 860 1582 887 ››
1637 834 1773 892 Ἀπὸ
1831 831 1888 888 δὲ
1952 836 2054 899 τῆς

392 925 531 997 πρὸς
564 922 1001 993 Φιλιππησίους’
1037 949 1065 975 ι‹
1121 929 1252 987 Τοῖς
1284 925 1432 980 οὗτιν
1488 924 1542 979 ἐν
1592 922 1900 985 Φιλίπποις
1958 918 2052 974 σὺν

392 1014 714 1075 ἐπισκόποις
744 1013 837 1069 καὶ
869 1011 1163 1076 διακόνοις.
1201 1039 1230 1067 ››
1262 1015 1441 1087 Οἶμαι
1472 1012 1531 1069 δὲ
1561 1015 1644 1069 ὅτι
1682 1014 1773 1069 καὶ
1834 1010 1896 1067 ἐκ
1953 1015 2053 1079 τῆς

392 1108 663 1180 προτέρας
697 1105 832 1179 πρὸς
864 1105 1137 1178 Τιμόθεον
1168 1103 1639 1184 ἀναλογισάμενον
1696 1109 1858 1159 τοῦτο
1896 1100 2058 1158 ἐκλα-

392 1188 507 1249 ϐεῖν
535 1189 671 1249 ἔστι.
709 1217 733 1247 α
771 1191 840 1249 Εἴ
864 1215 948 1256 τις
1005 1194 1131 1271 γὰρ,
1181 1195 1369 1275 φησὶν,
1431 1195 1733 1259 ἐπισκοπῆς
1784 1193 2052 1269 ὀρέγεται,

392 1282 570 1339 καλοῦ
602 1281 763 1359 ἔργου
792 1282 1067 1357 ἐπιθυμεῖ.
1101 1288 1194 1339 Δεῖ
1243 1284 1335 1339 οὗν
1390 1285 1482 1340 τὸν
1527 1283 1824 1339 ἐπίσκοπον
1878 1280 2055 1338 ἀνεπί-

393 1374 608 1443 ληπτον
652 1373 808 1431 εἶναι.
844 1397 872 1424 ››
906 1373 1011 1429 Καὶ
1046 1374 1163 1446 μετ’
1192 1371 1379 1447 ὀλίγα·
1416 1398 1444 1425 ‹‹
1493 1375 1647 1449 Χήρα
1674 1371 2051 1446 καταλεγέσθω

397 1465 476 1536 μὴ
509 1460 750 1518 ἐλάττων
784 1460 922 1517 ἐτῶν
950 1462 1227 1535 ἑξήκοντα.
1259 1486 1287 1515 ››
1327 1463 1509 1518 Κανὼν
1566 1462 1668 1537 γάρ
1726 1461 1867 1515 ἐστιν
1928 1462 2053 1516 Ἐκ-

394 1550 650 1621 κλησίας,
710 1548 1027 1630 διαγράφων
1078 1551 1271 1606 ὁποῖον
1334 1553 1475 1606 εἶναι
1536 1548 1619 1606 δεῖ
1656 1552 1748 1606 τὸν
1774 1554 2047 1607 τοιοῦτον.

397 1666 424 1692 ι(
480 1641 631 1698 Μετᾶ
684 1640 861 1710 πάσης
935 1641 1434 1716 ταπεινοφροσύνης
1520 1640 1612 1695 καὶ
1669 1638 1897 1695 πολλῶν
1954 1636 2051 1693 δα-

395 1729 599 1805 κρύων.
636 1754 664 1781 ››
697 1731 960 1794 Ἐνταῦθα
992 1736 1319 1808 χαρακτῆρα
1376 1727 1728 1791 διδασκαλίας
1786 1725 2045 1797 δείκνυσι,

2164 563 2365 632 posuit
2393 563 2701 637 epiSCOpos
2732 568 2804 624 ad
2836 571 3162 642 regendum
3194 573 3517 630 Ecclesiam
3543 579 3702 633 Dei.»
3726 582 3808 635 Ex

2165 651 2427 721 Epistola
2452 669 2586 709 vero
2619 656 2692 711 ad
2712 658 2904 713 Titum
2941 676 2953 714 :
2981 683 3008 710 ‹‹
3038 661 3105 715 Et
3140 663 3466 720 constitues
3521 682 3627 737 per
3678 670 3807 725 sin-

2164 739 2333 812 gulas
2363 742 2627 798 civitates
2657 748 3033 820 presbyteros
3082 752 3235 807 sicut
3278 770 3382 826 ego
3433 755 3539 810 tibi
3571 757 3807 815 ordina-

2164 845 2291 884 ram
2322 829 2384 884 ‘9.
2417 851 2445 879 ››
2481 833 2559 887 Ex
2592 834 2854 905 Epistola
2875 838 2950 893 ad
2981 839 3429 912 Philippenses:
3465 866 3491 895 ‹‹
3526 846 3634 910 Qui
3667 852 3807 903 sunt

2164 918 2455 991 Philippis
2477 938 2597 977 una
2628 940 2763 979 cum
2796 926 3090 1000 episcopis
3120 948 3187 985 ac
3220 931 3483 988 diaconis
3513 933 3577 988 9°.
3609 957 3637 983 »
3669 938 3805 1008 Opi-

2164 1024 2276 1062 nor
2304 1015 2503 1065 autem
2534 1013 2691 1083 quod
2723 1031 2791 1069 ex
2823 1016 3019 1086 priore
3050 1036 3284 1091 quoque
3330 1022 3405 1077 ad
3435 1023 3807 1081 Timotheum

2164 1113 2198 1151 a
2227 1100 2569 1170 conjectura
2598 1101 2858 1174 idipsum
2890 1106 3141 1180 intelligi
3173 1115 3385 1180 potest.
3415 1133 3443 1161 «
3467 1112 3525 1167 Si
3556 1114 3808 1184 quisin-

2164 1188 2311 1257 quit,
2340 1189 2743 1263 episcopatum
2775 1197 3020 1267 appetit,
3050 1198 3364 1256 honestum
3394 1218 3541 1272 opus
3571 1203 3803 1259 deside-

2162 1282 2270 1332 rat.
2307 1277 2548 1350 Oportet
2585 1282 2763 1354 igitur
2818 1286 3161 1358 episcopum
3220 1290 3806 1360 irreprehensibilem

2162 1384 2291 1423 esse
2314 1367 2379 1422 ει.
2418 1391 2444 1418 ››
2478 1373 2572 1428 I5
2592 1375 2620 1426 I
2652 1373 2721 1427 Et
2750 1380 2883 1444 post
2910 1392 3127 1446 pauca:
3153 1400 3180 1427 ‹‹
3207 1379 3393 1434 Vidua
3421 1381 3806 1454 eligaturnon

2160 1457 2359 1511 minor
2387 1461 2688 1532 sexaginta
2713 1463 2907 1519 annis.
2936 1466 3256 1522 vEstenim
3287 1469 3562 1526 Ecclesiae
3576 1473 3802 1544 regula,

2161 1545 2506 1603 describens
2538 1550 2773 1620 qualem
2791 1569 2921 1608 esse
2937 1559 3487 1629 oporteateum,qui
3503 1560 3808 1632 hujusmo-

2158 1634 2215 1689 di
2232 1640 2340 1691 est.
2357 1659 2383 1686 ιι
2401 1637 2545 1692 Cum
2559 1641 2721 1694 omni
2754 1642 2937 1696 animi
2953 1645 3243 1702 modestia
3271 1647 3596 1719 multisque
3612 1649 3803 1722 lacry-

2157 1725 2329 1780 mis.»
2352 1730 2467 1781 Hoc
2488 1727 2616 1783 loco
2639 1730 2873 1802 signum
2893 1731 3173 1789 doctrinae
3196 1735 3804 1811 demonstrat,nempe

393 1820 459 1874 τὸ
486 1818 744 1893 ἄφθονον,
792 1820 856 1874 τὸ
908 1818 1123 1888 ἃοκνον,
1185 1820 1275 1874 καὶ
1325 1820 1388 1874 τὸ
1442 1817 1741 1891 συμπαθές.
1801 1819 2049 1896 Ἒπασχε

2162 1813 2382 1870 invidia
2401 1815 2676 1889 fastuque
2698 1835 2898 1876 carere
2940 1838 3006 1876 ac
3019 1823 3806 1883 condolescere.Patiebatur

396 1911 503 1983 γὰο
537 1909 668 1982 ὑπὲρ
691 1911 799 1963 τῶν
828 1907 1248 1981 ἀπολλυμένων,
1306 1908 1437 1981 ὑπὲρ
1492 1911 1601 1962 τῶν
1659 1904 2048 1962 ἀπολλύντων.

398 1978 504 2053 Καὶ
534 1999 596 2052 τὸ
622 1978 894 2067 ταπεινὸν,
925 1998 1015 2053 καὶ
1048 1978 1159 2076 οὐχ
1216 1995 1430 2062 ἁπλῶς,
1491 1994 1637 2051 ἀλλὰ
1682 1996 1818 2069 μετὰ
1848 1995 2048 2064 πάσης,

397 2086 554 2164 φησὶ,
580 2086 1102 2161 ταπεινοφροσύνης·
1157 2084 1343 2141 πολλὰ
1397 2085 1504 2159 γὰρ
1535 2082 1654 2153 εἴδη
1712 2086 1810 2152 τῆς
1870 2103 2052 2138 ταπει-

397 2176 727 2257 νοφρούνης,
762 2176 816 2232 ἓν
849 2175 1004 2251 λόγῳ
1051 2174 1110 2231 ἐν
1164 2173 1329 2250 ἔργῳ,
1390 2174 1525 2251 πρὸς
1583 2174 1879 2249 ἄρχοντας,
1911 2174 2047 2247 πρὸς

396 2267 747 2343 ἀρχομένους
802 2291 829 2318 ιι
865 2266 967 2322 Καὶ
996 2268 1059 2320 τὸ
1097 2266 1164 2319 τὰ
1224 2263 1569 2342 συμφέροντα
1627 2261 1824 2336 λέγειν.
1890 2287 1917 2314 »
1947 2264 2048 2319 Ἦν

402 2357 509 2433 γὰρ
538 2354 570 2410 ἃ
602 2354 701 2410 ούκ
729 2352 834 2409 ἔδει
869 2355 1079 2427 μαθεῖν.
1110 2355 1314 2429 Ὥσπερ
1372 2354 1475 2431 γὰρ
1537 2353 1600 2407 τό
1654 2372 1772 2407 τινα
1818 2351 2052 2426 κρύπτε-

397 2456 519 2508 σθαι
544 2444 769 2523 φθόνου,
804 2444 949 2499 οὕτω
978 2444 1041 2499 τὸ
1071 2444 1135 2498 τὸ
1177 2449 1280 2498 πᾶν
1334 2443 1510 2515 λέγειν
1572 2443 1783 2510 αὐτοῖς,
1843 2440 2048 2503 ἀνοίας.

400 2533 508 2590 Καὶ
548 2530 638 2588 διὰ
666 2536 762 2587 τοῦ
792 2529 1121 2608 προσέθηκε·
1156 2534 1279 2589 Τῶν
1313 2530 1723 2608 συμφερόντων,
1760 2528 1860 2585 ούκ
1880 2528 2049 2585 εἷ’πεῖν

403 2622 589 2696 μόνον,
622 2620 767 2678 ἀλλὰ
796 2622 886 2677 καὶ
918 2619 1150 2693 διδάξαι.

474 2913 499 2941 ιι
536 2888 641 2945 Καὶ
671 2894 760 2945 νῦν
792 2887 909 2945 ἰδοὺ
940 2890 1046 2965 εγὼ
1077 2886 1359 2962 δεδεμένος
1388 2894 1468 2963 τῷ
1496 2889 1763 2964 πνεύματι
1812 2889 2047 2966 πορεύο-

411 3000 504 3052 μαι
566 2979 644 3043 εἷς
694 2976 1083 3053 Ἰερουσαλήμ,
1142 2980 1209 3034 τὰ
1291 2978 1344 3034 ἐν
1425 2979 1564 3050 αὐτῇ
1648 2978 2049 3049 συναντήσοντά

410 3089 505 3139 μοι
541 3070 617 3142 μή
648 3066 828 3139 εἰδὼς,
859 3067 1007 3139 πλὴν
1064 3066 1150 3123 ὅτι
1205 3070 1268 3124 τὸ
1328 3073 1547 3141 Πνεῦμα
1600 3069 1664 3124 τὸ
1704 3063 1859 3142 ἅγιον
1913 3066 2047 3122 κατὰ

402 3157 568 3214 πόλιν
600 3156 1021 3235 διαμαρτύρεται
1063 3158 1242 3234 λέγον,
1298 3160 1382 3213 ’ὀτι
1438 3156 1613 3231 δεσμά
1664 3179 1729 3231 με
1781 3158 1872 3212 καὶ
1928 3156 2048 3213 θλί-

401 3250 522 3320 ψεις
558 3247 829 3320 μένουσιν.
891 3246 1051 3303 Ἀλλ’
1099 3245 1315 3309 οὐδενὸς
1347 3245 1515 3325 λόγον
1562 3251 1848 3319 ποιοῦμαι.
1908 3242 2051 3303 Ούδὶ

399 3332 520 3414 ἔχω
549 3336 648 3405 τὴν
680 3339 866 3415 ψυχήν
924 3357 1030 3408 μου
1086 3335 1274 3409 τιμίαν
1332 3333 1574 3409 ἒμαυτῷ,
1631 3338 1706 3397 ὡς
1762 3333 2049 3390 τελειῶσαι

398 3428 493 3481 τὸν
528 3423 734 3500 δρόμον
770 3447 875 3498 μου
928 3426 1064 3497 μετὰ
1113 3431 1290 3501 χαρᾶς
1347 3426 1436 3480 καὶ
1489 3426 1590 3493 τὴν
1648 3420 1943 3493 διακονίαν,
1982 3422 2050 3492 ἥν

400 3510 606 3570 ἔλαϐον
664 3514 810 3588 παρὰ
865 3518 963 3569 τοῦ
1047 3514 1252 3590 Κυρίου
1310 3516 1512 3584 Ἰησοῦ,
1586 3510 2048 3588 διαμαρτύρασθαι

397 3603 463 3657 τὸ
488 3600 834 3678 Εὖαγγέλιον
862 3609 962 3672 τῆς
994 3603 1225 3681 χάριτος
1280 3606 1378 3658 τοῦ
1431 3604 1585 3657 Θεοῦ.
1635 3602 1740 3657 Καὶ
1797 3604 1889 3655 νῦν
1930 3598 2048 3655 ἰδοὺ

396 3690 507 3766 ἐγὼ
558 3688 703 3759 οἶδα,
765 3691 851 3747 ὅτι
909 3692 1011 3746 ούκ
1078 3690 1154 3747 ἔτι
1213 3688 1407 3767 ὄψεσθε
1471 3692 1533 3745 τὸ
1589 3689 1885 3764 πρόσωπόν
1946 3710 2050 3763 μου

398 3779 558 3853 ὑμεῖς
588 3781 788 3842 πάντες
845 3780 897 3835 ἐν
949 3782 1036 3844 οἷς
1093 3779 1346 3850 διῆλθον,
1403 3778 1691 3854 κηρύσσων
1738 3779 1837 3847 τήν
1891 3779 2049 3853 βασι-

399 3868 552 3924 λείαν
586 3875 685 3925 τοῦ
713 3875 867 3927 Θεοῦ.
907 3870 1356 3945 Διαμαρτύρομαι
1417 3870 1542 3942 ὑμῖν
1604 3867 1655 3923 ἰν
1707 3872 1775 3943 τῇ
1808 3870 2047 3943 σήμερον

402 3960 612 4033 ἡμέρᾳ,
643 3960 728 4014 ὅτι
755 3961 988 4035 καθαρὸς
1019 3957 1125 4036 ἐγὼ
1156 3959 1263 4015 ἀπὸ
1291 3963 1387 4014 τοῦ
1416 3957 1653 4031 α’ίματος
1699 3959 1938 4015 πάντων.
1971 3958 2049 4016 Ού

397 4049 507 4125 γὰρ
540 4048 942 4123 ὑπεστειλάμην
980 4050 1109 4123 ὑμῖν
1135 4054 1234 4105 τοῦ
1270 4050 1347 4124 μὴ
1409 4046 1721 4123 ἀναγγεῖλαι
1750 4052 1921 4104 πᾶσαν
1949 4048 2049 4117 τήν

400 4137 616 4213 βουλήν
644 4142 741 4193 τοῦ
772 4142 926 4197 Θεοῦ.
954 4163 982 4190 n

478 4224 742 4292 Ἐνταῦθα
770 4226 847 4289 εἷς
904 4228 992 4294 τὸ,
1053 4224 1372 4300 Δεδεμὲνος,
1423 4222 1505 4281 δεῖ
1545 4225 1844 4297 ὑποστίεαι,
1872 4222 1968 4280 ’ίνα
2017 4223 2053 4300 ᾖ

399 4314 616 4371 διάνοια
673 4314 922 4386 τοιαύτη·
985 4315 1300 4390 Ηορεύομαι
1349 4313 1427 4379 εἰς
1483 4311 1870 4390 Ἰερουσαλήμ,
1922 4333 2055 4388 προ-

400 4406 568 4482 γνοὺς
600 4403 691 4462 διὰ
718 4410 816 4461 τοῦ
845 4406 1151 4479 πνεύματος
1197 4406 1264 4461 τὰ
1320 4404 1569 4478 ἐσόμενα,
1631 4404 1937 4480 πορεύομαι
1995 4401 2053 4460 δὲ

403 4494 629 4570 δέσμιος
660 4495 757 4553 ὢν.
796 4498 930 4554 Εἶτα
953 4494 1047 4551 ’ίνα
1092 4499 1167 4569 μή
1226 4493 1421 4569 δεσμὸν
1480 4492 1517 4563 ἤ
1578 4495 1818 4571 ανάγκην
1850 4493 2049 4570 νομίσῃ

2079 3206 2121 3272 C

2161 1919 2442 1974 namque,
2475 1910 2533 1960 et
2574 1923 2680 1977 pro
2712 1909 3068 1979 peruntibus
3100 1918 3157 1965 et
3197 1930 3303 1983 pro
3334 1914 3426 1969 his
3460 1916 3561 1985 qui
3591 1916 3801 1986 perde-

2156 1992 2397 2048 bant.Et
2425 1995 2566 2049 item
2596 1996 2904 2054 humilitas
2927 2016 3036 2055 nec
3054 2001 3512 2074 qualiscunque,
3536 2005 3639 2059 sed
3668 2022 3803 2060 cum

2158 2081 2562 2154 omni,inquit,
2579 2086 2764 2141 animi
2785 2088 3080 2145 modestia
3109 2090 3228 2146 sive
3261 2091 3625 2150 humilitate:
3648 2094 3804 2149 mul-

2158 2173 2232 2224 tm
2267 2172 2425 2226 enim
2459 2180 2598 2228 sunt
2644 2175 3000 2233 humilitatis
3059 2180 3307 2251 species,
3338 2198 3553 2253 nempe
3588 2184 3647 2237 in
3679 2200 3807 2239 ser-

2157 2274 2356 2327 mone,
2384 2261 2445 2315 in
2476 2265 2757 2333 opere,ad
2779 2266 3183 2338 principesad
3215 2286 3315 2325 eos
3348 2272 3445 2342 qui
3465 2272 3808 2345 gubernan-

2158 2352 2272 2403 tur.
2306 2371 2335 2399 ‹‹
2369 2350 2583 2406 Eorum
2615 2369 2746 2423 quas
2776 2354 2941 2410 vobis
2971 2357 3144 2413 utilia
3170 2365 3426 2414 essent.»
3458 2363 3603 2416 Nam
3639 2368 3809 2417 erant

2158 2455 2289 2509 qua:
2319 2456 2438 2494 non
2472 2442 2823 2512 expediebat
2849 2444 3099 2503 discere.
3145 2448 3305 2503 Sicut
3333 2450 3810 2520 qumdamoccul-

2157 2531 2280 2583 tare
2302 2528 2477 2585 datur
2504 2530 2762 2596 invidiae,
2785 2533 2868 2589 ita
2896 2551 3134 2591 rursum
3159 2553 3283 2592 rem
3307 2554 3544 2595 omnem
3562 2541 3648 2595 eis
3665 2557 3804 2613 ape-

2155 2618 2773 2690 rire,insipientiaa.Et
2800 2630 3117 2697 propterea
3146 2626 3377 2683 addidit
3403 2631 3653 2685 :Eorum
3672 2648 3801 2703 quas

2156 2706 2322 2762 vobis
2351 2708 2524 2764 utilia
2545 2716 2767 2780 essent,
2793 2729 2863 2769 ea
2891 2714 3136 2786 inquam
3169 2732 3289 2772 non
3322 2717 3518 2775 dicere
3550 2725 3802 2792 tantum,

2155 2812 2357 2851 verum
2387 2797 2566 2853 etiam
2606 2798 2840 2856 docere.

2226 2884 2343 2949 XX,
2370 2888 2559 2942 22-2/1.
2593 2910 2619 2937 «
2654 2890 2724 2943 Et
2752 2906 2913 2946 nunc
2945 2908 3079 2948 ecce
3102 2910 3207 2965 ego
3246 2895 3521 2968 alligatus
3579 2899 3799 2971 Spiritu

2154 2973 2501 3044 proﬁciscor
2528 2976 2877 3044 Jerusalem,
2908 2997 3039 3050 qua)
3067 2982 3129 3037 in
3162 2999 3232 3038 ea
3268 2985 3416 3039 mihi
3477 2987 3800 3044 obventura

2157 3069 2298 3118 sunt
2345 3065 2645 3135 ignorans,
2698 3068 2814 3122 nisi
2858 3070 3016 3140 quod
3073 3072 3325 3143 Spiritus
3385 3083 3624 3133 sanctus
3694 3096 3802 3151 per

2159 3152 2491 3224 singulares
2521 3154 2783 3211 civitates
2832 3158 3205 3229 testiﬁcatur,
3237 3162 3442 3219 dicens
3486 3167 3644 3236 quod
3674 3169 3803 3223 vin-

2159 3242 2293 3297 cula
2321 3248 2381 3297 et
2409 3243 2764 3300 afﬂictiones
2795 3263 2891 3302 me
2921 3256 3220 3305 maneant.
3257 3253 3471 3307 Verum
3524 3256 3673 3310 nihil
3705 3273 3799 3313 me

2160 3337 2371 3387 movet.
2406 3334 2605 3404 Neque
2650 3335 2829 3390 vitam
2886 3353 3081 3393 meam
3139 3339 3327 3396 habeo
3375 3342 3520 3397 mihi
3570 3344 3631 3399 in
3678 3346 3801 3401 ullo

2159 3422 2347 3492 pretio
2381 3438 2394 3476 ι
2428 3428 2494 3478 ut
2521 3440 2914 3481 consummen
2939 3444 3179 3484 cursum
3228 3447 3427 3487 meum
3484 3449 3619 3489 cum
3670 3451 3806 3506 gau-

2160 3511 2277 3577 dio,
2303 3517 2361 3566 et
2385 3513 2785 3569 ministerium
2818 3516 2976 3587 quod
3022 3521 3223 3592 accepi
3253 3537 3288 3577 a
3336 3523 3586 3578 Domino
3641 3525 3801 3593 Jesu,

2160 3600 2233 3655 ad
2266 3602 2705 3659 testiﬁcandum
2729 3604 3105 3679 Evangelium
3135 3611 3337 3682 gratia:
3369 3613 3492 3669 Dei.
3525 3615 3597 3668 Et
3642 3630 3802 3670 nunc

2162 3706 2294 3745 ecce
2326 3707 2430 3764 ego
2464 3693 2584 3747 scio
2618 3693 2777 3764 quod
2821 3697 3067 3767 posthac
3121 3716 3242 3755 non
3286 3701 3560 3757 videbitis
3588 3704 3800 3759 faciem

2160 3798 2353 3838 meam
2381 3799 2481 3837 vos
2538 3799 2747 3839 omnes
2800 3802 2907 3856 per
2962 3804 3110 3857 quos
3170 3790 3410 3844 transivi
3468 3792 3803 3861 praedicans

2159 3887 2405 3944 regnum
2432 3872 2555 3926 Dei.
2600 3873 2970 3945 QuaprOpter
3025 3882 3326 3932 contestor
3381 3895 3481 3933 vos
3512 3879 3800 3936 hodierno

2160 3961 2274 4029 die,
2309 3960 2468 4031 quod
2490 3963 2751 4019 mundus
2783 3979 2887 4035 ego
2921 3964 3034 4019 sim
3093 3982 3128 4021 a
3180 3967 3467 4039 sanguine
3510 3969 3797 4026 omnium.

2160 4051 2285 4104 Non
2315 4049 2475 4105 enim
2508 4050 2831 4122 subterfugi
2859 4069 2979 4123 quo
3008 4053 3207 4110 minus
3237 4058 3660 4113 annuntiarem
3702 4075 3802 4114 vo-

2158 4138 2251 4194 bis
2280 4155 2459 4194 omne
2480 4140 2798 4196 consilium
2828 4143 2949 4198 Dei.
2986 4165 3015 4194 ››

2232 4226 2657 4283 Subdistinctio
2688 4230 2801 4285 hoc
2837 4231 2967 4288 loco
2998 4236 3275 4305 ponenda
3303 4242 3391 4292 est
3422 4243 3554 4309 post
3582 4239 3801 4294 dictio-

2160 4315 2711 4389 nem,Alligatus,ut
2730 4320 2807 4374 sit
2835 4320 2960 4377 haec
2986 4325 3318 4380 sententia:
3351 4326 3803 4382 ProﬂciscorJe-

2160 4405 2421 4460 rusalem
2442 4409 2726 4477 praescius
2756 4427 2863 4481 per
2891 4411 3175 4483 Spiritum
3214 4432 3345 4485 qua:
3378 4415 3525 4470 mihi
3555 4422 3804 4471 ventura

2163 4494 2301 4561 sint,
2328 4495 2675 4566 proﬁciscor
2703 4505 2900 4554 autem
2932 4501 3225 4574 alligatus.
3262 4503 3487 4559 Deinde
3536 4522 3609 4560 ne
3667 4505 3802 4577 quis

398 4607 506 4651 τις,
537 4586 628 4640 καὶ
652 4584 740 4640 ’ίνα
798 4582 945 4660 δείξῃ
1002 4583 1085 4639 ὅτι
1145 4583 1282 4639 ἑκὼν
1341 4581 1657 4657 ἀπέρχεται,
1717 4581 1900 4655 φησὶν,
1959 4582 2037 4637 ὅτι

2162 4590 2360 4641 :atena
2388 4590 2490 4641 aut
2518 4589 2870 4644 necessitate
2910 4590 3215 4662 alligatum
3273 4594 3592 4662 existimet,
3616 4576 3798 4665 utque

399 4674 551 4731 Κατᾶ
589 4674 752 4730 πόλιν
783 4673 955 4748 δεσμά
998 4694 1061 4747 με
1111 4672 1202 4727 καὶ
1258 4670 1471 4744 θλίψεις
1508 4673 1779 4744 μένουσιν.
1814 4696 1841 4723 ‹‹
1877 4674 2049 4726 Καθα-

402 4764 496 4836 ρός
527 4763 664 4835 εἰμι,
696 4764 880 4843 φησὶν,
926 4763 1035 4818 ἀπὸ
1092 4766 1190 4817 τοῦ
1250 4759 1474 4834 α’ίματος
1531 4759 1770 4827 πάντων,
1798 4782 1827 4811 ο
1865 4758 1911 4813 εἷ
1957 4781 2042 4814 νυ-

398 4853 682 4922 στάξαντες
717 4852 1020 4923 ἀποθάνητε
1060 4851 1167 4906 ἀπὸ
1222 4854 1321 4906 τοῦ
1376 4853 1637 4926 φο-ιευτοῦ
1694 4852 1803 4904 τῶν
1834 4848 2045 4922 ψυχῶν·

397 4942 463 4998 τὸ
491 4945 593 5017 γὰρ
620 4944 717 4999 τοῦ
747 4941 1099 5013 διδασκάλου,
1131 4940 1288 5021 φησὶ,
1320 4940 1700 5010 πεποίηκα,τῷ
1721 4938 2044 5015 ἀπαγγεῖλαι

402 5033 531 5105 ὑμῖν
559 5034 659 5102 τὴν
691 5031 901 5109 βουλὴν
928 5037 1026 5089 τοῦ
1078 5036 1236 5089 Θεοῦ.
1268 5032 1409 5105 ’Ἄρα
1438 5028 1466 5084 ὁ
1528 5030 1604 5101 μὴ
1656 5026 1855 5104 λέγων,
1884 5027 2045 5083 ὑπεύ·

398 5131 553 5185 θυνος
584 5126 682 5177 τοῦ
713 5122 946 5196 αἵματός
978 5121 1114 5187 ἐστι,
1142 5119 1391 5176 τουτέστι
1421 5125 1523 5188 τῆς
1574 5124 1789 5196 σφαγῆς
1847 5115 2042 5174 αὐτῶν.

394 5211 636 5267 Δείκνυσι
667 5212 848 5267 τοίνυν
877 5211 959 5267 ὅτι
987 5211 1230 5266 κάκεῖνοι
1262 5207 1321 5263 ἄν
1381 5210 1457 5281 μὴ
1514 5212 1765 5275 ποιῶσιν,
1821 5206 2044 5261 ὑπεύθυ-

394 5302 481 5356 νοί
512 5302 617 5358 είσι
645 5307 742 5359 τοῦ
774 5299 916 5358 ἰδίου
940 5299 1192 5375 αἳματος·
1227 5296 1296 5355 δι’
1329 5301 1359 5355 δ
1396 5298 1487 5354 καὶ
1519 5292 1682 5375 φοϐεῖ
1717 5297 1933 5358 αύτούς·

460 5506 489 5534 σι
522 5477 830 5559 Προσέχετε
860 5481 952 5538 οὗν
984 5483 1197 5543 έαυτοῖς
1226 5477 1316 5536 καὶ
1356 5477 1517 5534 παντὶ
1572 5480 1655 5550 τῷ
1683 5475 1954 5550 ποιμνίῳ,
1986 5474 2039 5531 tv

456 5665 502 5702 η
520 5664 671 5720 Tim.
704 5679 742 5733 ι,
775 5666 829 5731 Β,
853 5660 901 5699 ³ο
930 5662 1185 5734 Philipp.
1218 5677 1260 5732 ι,
1291 5665 1346 5720 1.
1378 5659 1422 5697 ²¹
1453 5661 1479 5718 I
1506 5660 1655 5718 Tim.
1687 5675 1774 5717 ιιι.

2157 4674 2432 4731 ostendat
2459 4675 2619 4746 quod
2649 4683 2856 4748 sponte
2889 4680 3300 4749 proﬁciscatur
3333 4699 3345 4736 :
3371 4685 3481 4738 Per
3510 4683 3796 4756 singulas,

2157 4765 2373 4835 inquit,
2406 4765 2638 4820 civitate
2669 4765 2903 4821 vincula
2932 4773 2991 4822 et
3019 4768 3375 4827 afﬂictiones
3402 4788 3498 4827 me
3532 4779 3795 4829 manent.

2156 4874 2184 4903 «
2218 4853 2467 4909 Mundus
2498 4871 2531 4909 a
2562 4855 2846 4927 sanguine
2877 4857 3168 4926 omnium,
3207 4883 3227 4909 ι
3265 4860 3313 4915 si
3355 4860 3797 4919 obdormientes

2155 4943 2509 4998 occidamini
2558 4942 2630 4996 ab
2690 4944 2991 5002 homicida
3039 4948 3376 5006 animarum
3412 4952 3608 5023 :quod
3639 4953 3799 5007 enim

2154 5031 2534 5103 prameptoris
2561 5037 2651 5086 est
2679 5035 2900 5105 peregi,
2927 5052 3142 5109 nempe
3173 5045 3238 5093 ut
3265 5042 3799 5096 annuntiaremvo-

2152 5119 2244 5175 bis
2275 5120 2377 5174 Dei
2409 5120 2747 5175 consilium.
2767 5122 2973 5194 Itaque
3007 5127 3105 5196 qui
3139 5145 3259 5183 non
3291 5131 3629 5199 annuntiat,
3659 5145 3795 5185 reus

2153 5209 2459 5279 sanguinis
2489 5214 2596 5275 est,
2632 5212 2785 5267 152
2818 5211 2927 5268 hoc
2959 5221 3049 5269 est
3076 5217 3256 5273 caedis
3283 5218 3797 5275 eorum.Ostendit

2151 5297 2329 5369 igitur
2358 5297 2494 5353 illos
2522 5302 2905 5370 quoque,nisi
2936 5320 3005 5359 ea
3034 5307 3482 5377 compleverint,
3508 5325 3643 5364 reos
3659 5324 3796 5381 pro-

2150 5387 2262 5458 prii
2292 5386 2419 5443 fore
2450 5389 2755 5461 sanguinis
2780 5407 2792 5446 :
2827 5398 3069 5465 propter
3094 5396 3253 5467 quod
3285 5397 3463 5453 etiam
3484 5403 3795 5455 terreteos.

2220 5476 2340 5546 XX,
2371 5478 2549 5533 28-32.
2564 5500 2592 5528 «
2610 5481 2901 5539 Attendite
2932 5482 3111 5557 igitur
3132 5485 3297 5542 vobis
3319 5491 3794 5559 cunctoquegre-

3688 358 3879 419 258’
