4150 6200
412 233 539 340 ἓϐυ

1552 262 1963 327 (ΕΟυΜΕΝΠ
2011 261 2318 324 TBIGCE
2361 260 2714 325 EPISCOPI

3725 260 3844 323 260

417 415 504 487 gi:
538 415 599 468 in
634 427 747 483 quo
775 426 875 464 vos
901 407 1153 478 Spiritus
1186 408 1425 461 sanctus
1438 403 1641 475 posuit
1670 400 1979 473 episcopos
1993 397 2065 455 ad

2182 397 2393 470 ᾧῦμᾶς
2424 397 2486 452 τὸ
2519 401 2735 470 Πνεῦμα
2788 397 2851 452 τὸ
2905 395 3059 473 ἅγιον
3117 394 3265 451 ἔθετο
3323 393 3653 457 ἐπισκόπους
3701 394 3841 449 ποι⁶

412 500 740 573 regendum
771 496 1093 552 Ecclesiam
1141 495 1266 562 Dei,
1321 508 1500 565 quam
1558 489 1875 560 acquisivit
1928 505 2079 572 san:

416 592 591 663 guine
623 604 747 643 suo.
786 589 902 658 Ego
936 586 1096 641 enim
1157 583 1293 639 novi
1347 583 1478 645 hoc,
1538 579 1698 652 quod
1744 579 2083 647 ingressurl

392 679 547 735 sint
583 682 715 749 post
771 675 1103 731 discessum
1155 688 1354 728 meum
1413 670 1539 742 lupi
1579 685 1783 742 graves
1836 668 1898 722 in
1956 683 2074 734 vos,

432 784 553 823 non
586 772 899 838 parcentes
927 764 1108 837 gregi.
1142 764 1211 818 Et
1242 778 1313 817 ex
1339 760 1501 816 vobis
1558 759 1703 830 ipsis
1735 757 2079 812 exorientur

424 858 531 911 viri
563 858 878 928 loquentes
926 868 1222 925 perversa,
1276 856 1345 906 ut
1396 849 1695 905 abducant
1751 843 2076 917 discipulos

417 952 553 1017 post
638 963 719 1000 se.
804 943 1029 998 Idcirco
1102 941 1359 1014 vigilate,
1411 953 1705 1015 memores
1755 935 1912 1008 quod
1968 950 2075 1006 per

421 1035 746 1090 triennium
780 1038 952 1088 nocte
979 1048 1046 1087 ac
1077 1031 1171 1087 die
1214 1046 1338 1085 non
1386 1027 1739 1085 cessaverim
1797 1042 1933 1081 cum
1989 1023 2072 1079 la-

418 1124 637 1194 crymis
696 1138 941 1178 monere
988 1135 1496 1191 unumquemque.
1562 1119 1632 1172 Et
1700 1132 1863 1172 nunc
1909 1129 2075 1170 com-

414 1213 637 1268 mendo
669 1229 772 1266 vos
798 1211 1013 1266 fratres
1040 1212 1157 1266 Deo
1189 1216 1248 1264 et
1303 1208 1564 1265 sermoni
1595 1206 1798 1280 gratiae
1857 1203 2068 1276 ipsius,

417 1303 518 1373 qui
550 1307 760 1373 potens
794 1306 884 1356 est
914 1305 1324 1371 superstruere
1355 1303 1414 1353 et
1465 1296 1604 1352 dare
1661 1294 2069 1350 hazreditatem

416 1393 573 1448 inter
603 1391 1002 1446 sanctiﬁcatos
1035 1404 1262 1444 omnes.
1301 1408 1328 1437 ››

489 1572 610 1626 Duo
643 1571 910 1642 praecipit
939 1575 1005 1625 ut
1032 1570 1893 1642 ΐειοὶίιιιιρτωοθριοινοε.Νεᾳιιε
1906 1566 2065 1623 enim

413 1662 648 1716 lucrum
675 1662 855 1717 affert
884 1662 1035 1718 alios
1075 1666 1306 1717 tantum
1339 1661 1633 1733 corrigere
1661 1677 1673 1714 :
1706 1676 1900 1731 neque
1948 1659 2065 1715 sui-

2196 489 2404 561 μαίνειν
2436 488 2536 557 τὴν
2569 486 2897 559 Ἐκκλησίαν
2947 491 3042 542 τοῦ
3099 490 3258 558 Θεοῦ,
3316 485 3382 555 ἣν
3414 485 3838 560 περιεποιήσατο

2191 575 2280 631 διὰ
2309 580 2403 632 τοῦ
2457 574 2600 632 ἰδίου
2659 575 2916 652 α’ίματος.
2970 576 3115 651 Ἐγὼ
3165 574 3268 653 γὰρ
3324 572 3451 629 οἶδα
3508 578 3694 644 τοῦτο,
3755 571 3841 629 ὅτι

2189 665 2583 723 εἰσελεύσονται
2613 669 2748 742 μετὰ
2778 669 2879 737 τὴν
2913 668 3088 747 ἄφιξίν
3144 691 3248 742 μου
3302 667 3462 724 λύκοι
3523 670 3710 744 βαρεῖς
3760 668 3837 731 εἷς

2190 756 2351 828 ὑμᾶς,
2404 758 2481 830 μὴ
2537 755 2853 836 φειδόμενοι
2908 761 3005 812 τοῦ
3064 758 3347 830 ποιμνίου.
3410 759 3515 814 Καὶ
3570 756 3622 828 ἐξ
3682 757 3835 831 ὑμῶν

2185 844 2362 900 αὐτῶν
2441 848 2834 918 ἀναστήσονται
2904 844 3090 921 ἄνδρες
3168 845 3463 910 λαλοῦντες
3544 844 3839 923 διεστραμ-

2187 934 2341 1008 μένα,
2371 941 2468 992 τοῦ
2498 938 2744 1008 ἀποσπᾷν
2774 935 2902 999 τοὺς
2961 938 3206 1010 μαθητὰς
3263 937 3436 993 ὀπίσω
3484 937 3685 994 αὐτῶν.
3755 939 3835 992 Δι’

2135 1024 2211 1085 ,.’ὀ
2264 1030 2614 1103 γρηγορεῖτε,
2675 1026 3133 1101 μνημονεύοντες,
3205 1026 3288 1082 ὅτι
3372 1026 3607 1102 τριετίαν
3662 1026 3832 1083 νύκτα

2180 1113 2271 1168 καὶ
2328 1113 2535 1189 ἡμέραν
2597 1115 2697 1171 οὐκ
2752 1115 3071 1189 ἐπαυσάμην
3136 1116 3268 1190 μετά
3338 1113 3585 1191 δακρύων
3640 1117 3832 1171 νουθε-

2180 1208 2291 1259 τῶν
2346 1199 2435 1259 ἕνα
2484 1203 2732 1262 ἓκαστον.
2799 1205 2903 1262 Καὶ
2985 1207 3054 1262 τὰ
3101 1209 3188 1260 νῦν
3269 1206 3611 1281 παρατίθημι
3698 1206 3837 1278 ὑμᾶς

2181 1290 2431 1370 ἀδελφοὶ,
2461 1299 2539 1367 τῷ
2571 1298 2708 1367 Θεῷ,
2740 1295 2830 1350 καὶ
2860 1298 2939 1367 τῷ
2965 1292 3120 1371 λόγῳ
3148 1302 3249 1365 τῆς
3278 1295 3503 1371 χάριτος
3536 1295 3726 1362 αὑτοῦ,
3756 1297 3834 1366 τῷ

2179 1380 2456 1457 δυναμένῳ
2484 1381 2917 1458 ἐποικοδομῆσαι
2947 1383 3036 1440 καὶ
3070 1382 3249 1440 δοῦναι
3285 1384 3414 1459 ὑμῖν
3452 1381 3830 1461 κληρονομίαν

2141 1536 2145 1539 _
2180 1476 2232 1531 ἐν
2260 1482 2378 1542 τοῖς
2405 1478 2761 1553 ἡγιασμένοις
2794 1483 2983 1539 πᾶσιν.

2251 1566 2355 1623 Δύο
2383 1567 2678 1644 προτάσσει
2706 1574 2882 1624 ποιεῖν
2908 1570 3034 1632 τοὺς
3085 1565 3466 1631 διδασκάλους.
3523 1565 3665 1626 Οὔτε
3721 1568 3827 1644 γὰρ

2176 1657 2238 1713 τὸ
2268 1657 2484 1732 ἑτέρους
2514 1662 2811 1734 κατορθοῦν
2848 1655 3012 1732 μόνον
3040 1652 3155 1734 ἔχει
3206 1654 3417 1734 κέρδος,
3451 1654 3576 1714 οὔτε
3612 1659 3675 1713 τὸ
3706 1657 3831 1713 ἐαυ-

413 1750 602 1822 ipsius
633 1767 838 1806 curam
872 1756 1097 1806 tantum
1130 1749 1719 1822 habere,hujusmodi
1752 1749 1911 1804 enim
1941 1748 2065 1804 sui-

2178 1752 2271 1804 τοῦ
2335 1748 2503 1823 μόνου
2552 1746 2949 1823 ἐπιμελεῖσθαν
3011 1750 3039 1804 ὁ
3070 1749 3177 1824 γὰρ
3230 1752 3478 1810 τοιοῦτος
3535 1746 3819 1835 ιρίλαυτος.

412 1841 601 1912 ipsius
634 1846 864 1896 tantum
895 1857 1065 1896 amor
1093 1846 1203 1897 est.
1228 1840 1667 1896 Advertendum
1697 1838 2066 1909 autemquod

416 1947 517 1985 eos
551 1930 814 2001 appellet
841 1947 1001 1985 nunc
1033 1931 1366 2002 episcopos,
1399 1946 1549 2000 quos
1577 1930 1639 1983 in
1660 1927 2067 1999 superioribus

410 2020 562 2076 dixit
589 2020 967 2091 presbyteros
992 2026 1123 2075 :aut
1151 2020 1284 2076 ideo
1317 2019 1475 2091 quod
1505 2034 1748 2074 necesse
1781 2023 1871 2074 est
1889 2033 2069 2088 super

411 2110 734 2164 rationales
756 2109 1036 2164 Ecclesia)
1066 2126 1270 2182 greges
1302 2110 1361 2163 in
1396 2108 1638 2180 specula
1654 2124 1783 2163 esse
1810 2124 1822 2161 :
1845 2107 2067 2178 nequis

414 2200 531 2254 fide
563 2205 909 2268 mgrotet,ne
942 2201 1077 2270 quis
1108 2200 1333 2255 esuriat
1351 2204 1454 2255 aut
1482 2199 1746 2267 sitiat,an
1768 2197 2064 2269 quispiam

412 2289 890 2361 reprehensione
922 2295 1089 2362 egeat
1116 2289 1208 2345 vel
1237 2289 1739 2344 coercitione.Aut
1755 2288 2064 2360 episcopos

410 2385 582 2433 vocat
601 2379 698 2434 hic
730 2395 831 2434 eos
862 2380 962 2450 qui
992 2396 1125 2434 vere
1158 2385 1298 2434 sunt
1328 2378 1589 2450 episcopi

485 2470 603 2536 XX,
636 2470 827 2523 33—38.
856 2490 883 2518 ‹‹
915 2470 1235 2541 Argentum
1266 2473 1325 2522 et
1344 2484 1554 2523 aurum
1577 2470 1678 2522 aut
1692 2471 1913 2521 vestem
1929 2464 2062 2520 nul-

412 2558 532 2614 lius
562 2559 915 2629 concupivi:
950 2558 1053 2614 sed
1105 2559 1218 2629 ipsi
1252 2559 1415 2613 scitis
1473 2557 1631 2629 quod
1692 2555 2067 2612 necessitati-

413 2648 524 2704 bus
556 2650 728 2716 meis,
763 2656 822 2704 et
852 2649 946 2704 his
977 2649 1078 2720 qui
1110 2664 1344 2704 mecum
1376 2653 1516 2703 sunt
1560 2645 2068 2719 suppeditaverint

418 2754 632 2793 manus
662 2737 775 2794 hee.
808 2738 1020 2793 Omnia
1052 2738 1511 2793 commonstravi
1553 2737 1740 2801 vobis,
1790 2735 1949 2807 quod
1981 2734 2066 2789 sic

414 2826 759 2883 laborantes
791 2832 1062 2898 oporteat
1099 2828 1399 2899 suscipere
1429 2826 1781 2891 imbecilles,
1841 2842 1909 2880 ac
1939 2839 2067 2881 me-

417 2917 666 2971 minisse
710 2916 1023 2972 verborum
1086 2917 1317 2972 Domini
1375 2918 1532 2984 Jesu,
1591 2914 1873 2986 quoniam
1939 2914 2065 2984 ipse

416 3004 606 3060 dixit:
658 3007 902 3061 Beatum
943 3012 1035 3061 est
1089 3006 1229 3061 dare
1284 3006 1483 3077 potius
1540 3020 1717 3076 quam
1774 3004 2063 3075 accipere.

408 3094 673 3165 Cumque
707 3095 832 3150 haec
860 3095 1128 3162 dixisset,
1167 3094 1379 3166 positis
1435 3094 1685 3166 genibus
1731 3093 1856 3149 suis
1878 3092 2065 3147 oravit

412 3198 546 3237 cum
578 3184 857 3238 omnibus
880 3184 1018 3238 illis.
1054 3186 1296 3256 Magnus
1334 3190 1533 3239 autem
1590 3183 1767 3238 ﬂetus
1825 3187 2062 3237 coortus

409 3274 500 3325 est
527 3273 818 3336 omnium,
851 3278 908 3326 et
937 3279 1179 3327 ruentes
1230 3274 1291 3326 in
1345 3273 1569 3327 collum
1629 3273 1794 3328 Pauli
1826 3272 2060 3328 oscula-

410 3357 633 3413 bantur
661 3377 797 3414 eum
828 3360 1120 3428 dolentes,
1154 3361 1495 3417 maximeob
1526 3378 1862 3417 sermonem
1884 3378 2062 3432 quem

410 3448 659 3517 dixerat,
697 3449 855 3519 quod
888 3450 1147 3521 amplius
1179 3450 1390 3505 faciem
1418 3452 1547 3522 ejus
1577 3468 1695 3506 non
1729 3457 1930 3506 essent
1977 3451 2058 3505 vi-

412 3538 558 3593 suri.
591 3541 661 3594 Et
697 3539 1074 3596 deducebant
1102 3557 1239 3597 eum
1281 3541 1355 3596 ad
1386 3557 1617 3598 navem.
1649 3564 1678 3592 ››

479 3715 639 3773 153
667 3737 694 3766 ‹‹
726 3718 1049 3789 Argentum
1083 3724 1141 3774 et
1169 3734 1402 3786 aurum,
1438 3740 1466 3769 ››
1496 3723 1607 3773 etc.
1642 3716 1927 3772 Malorum
1957 3732 2060 3772 ra-

408 3804 600 3861 dicem
633 3806 1031 3880 tollit,nempe
1049 3809 1581 3880 avaritiamNeque
1601 3808 1757 3863 enim
1775 3807 2061 3878 simplici-

407 3900 498 3950 ter
527 3896 826 3961 dicit,Non
857 3899 1084 3971 accepi,
1118 3899 1242 3968 sed,
1277 3902 1474 3971 Neque
1498 3898 2062 3969 conCUpiviDeinde

407 3986 670 4041 ostendit
695 3988 851 4058 quod
879 4006 1013 4045 vera
1036 3990 1419 4062 eleemosyna
1462 4006 1529 4045 ex
1556 3989 1812 4062 prOpriis
1843 3989 2065 4045 labori-

406 4074 517 4130 bus
550 4076 677 4130 tieri
694 4076 908 4133 debeat
928 4078 1236 4150 egentibus
1260 4095 1355 4133 :ex
1375 4079 1591 4134 alienis
1613 4078 1907 4150 siquidem
1921 4079 2062 4135 dare

404 4180 526 4219 non
561 4171 651 4219 est
682 4166 1020 4222 honestum.
1038 4168 1420 4223 Postmodum
1438 4169 1511 4223 ad
1533 4169 1713 4240 hujus
1732 4170 1911 4225 etiam
1926 4186 2062 4224 con-

407 4254 832 4323 firmationem,
866 4257 1210 4313 vaticinium
1246 4258 1476 4313 Domini
1506 4275 1644 4314 voce
1678 4258 1903 4314 dictum
1932 4274 2062 4314 esse

408 4345 645 4413 asserit,
669 4345 826 4416 quod
859 4363 1017 4401 nunc
1047 4347 1105 4401 in
1140 4346 1442 4418 Scriptura
1470 4364 1592 4403 non
1625 4349 1924 4402 invenitur
1956 4364 1970 4401 :
2006 4351 2064 4402 et

400 4436 674 4492 fortassis
696 4436 755 4490 id
788 4437 1011 4508 absque
1044 4438 1338 4509 scriptura
1366 4439 1749 4494 tradiderunt
1781 4438 2056 4509 apostoli.

2176 1837 2525 1912 Σημειωτὲον
2582 1836 2641 1894 δὲ
2691 1838 2773 1894 ὅτι
2823 1838 2915 1902 οὕς
2969 1838 3144 1894 ὀπίσω
3204 1839 3343 1915 φησί
3402 1832 3821 1914 πρεσϐυτέρους,

2171 1923 2279 1982 ὧδε
2309 1926 2636 1991 ἐπισκόπους
2662 1925 2843 1999 καλεῖ,
2868 1927 2992 1997 ἢτοι
3024 1924 3115 1982 διὰ
3144 1927 3205 1983 τὸ
3263 1925 3390 1990 τοὺς
3422 1920 3821 2001 πρεσϐυτέρους

2172 2015 2410 2092 ἀνάγκην
2438 2011 2585 2096 ἔχειν
2620 2017 2932 2073 ἐποπτεύειν
2962 2017 3030 2072 τὰ
3082 2024 3182 2087 τῆς
3240 2015 3574 2085 ’.ἐκκλησίας
3625 2014 3821 2091 λογικὰ

2171 2106 2425 2179 ποίμνια,
2455 2109 2530 2182 μή
2590 2128 2671 2170 τις
2721 2108 2918 2181 ἀσθενῇ
2970 2110 3040 2181 τῇ
3076 2107 3272 2177 πίστει,
3335 2107 3410 2179 μή
3462 2125 3544 2166 τις
3575 2108 3731 2176 πεινᾷ
3788 2102 3823 2173 ἤ

2172 2192 2324 2271 διψᾷ,
2357 2196 2402 2251 εἱ
2433 2194 2665 2273 ἐλέγχου
2722 2197 2812 2252 καὶ
2843 2195 3176 2276 ἐπιστροφῆς
3238 2193 3429 2251 δεῖται.
3485 2197 3553 2252 ἸΙ
3612 2193 3827 2250 ἐπισκό-

2170 2308 2306 2348 πους
2335 2284 2443 2342 ὧδε
2468 2285 2597 2349 τοὺς
2629 2283 2799 2349 ὄντως
2826 2286 3154 2349 ἐπισκόπους
3179 2285 3356 2344 καλεῖ.

2245 2492 2272 2520 ‹‹
2304 2469 2591 2544 Ἀργυρίου
2621 2468 2712 2525 καὶ
2744 2470 2976 2545 χρυσίου
3006 2466 3041 2538 ἤ
3072 2470 3377 2542 ἱματισμοῦ
3436 2464 3654 2529 οὐδενὸς
3708 2464 3816 2521 ἒπ-

2170 2558 2437 2630 εθύμησα’
2470 2555 2624 2611 αὐτοὶ
2683 2553 2740 2611 δὲ
2795 2557 3087 2631 γινώσκετε
3143 2558 3228 2612 ὃτι
3284 2561 3401 2618 ταῖς
3452 2554 3662 2631 χρείαις
3717 2573 3820 2627 μου

2169 2648 2260 2701 καὶ
2318 2651 2433 2707 τοῖς
2501 2644 2617 2700 οὖσι
2697 2647 2814 2719 μετ’
2870 2645 3005 2720 ἐμοῦ
3094 2646 3438 2721 ὑπηρέτησαν
3503 2646 3559 2700 αἱ
3633 2648 3815 2719 χεῖρες

2171 2735 2347 2790 αὗται.
2408 2736 2583 2790 Πάντα
2625 2731 2871 2807 ὑπέδειξα
2931 2735 3078 2808 ὑμῖν,
3137 2736 3221 2790 ’ὁτι
3280 2736 3457 2797 οὕτως
3504 2738 3813 2794 κοπιῶντας

2171 2820 2255 2881 δεῖ
2278 2819 2768 2899 ἀντιλαμϐάνεσθαι
2831 2829 2939 2879 τῶν
2998 2824 3387 2889 ἀσθενούντων.
3448 2820 3821 2897 Μνημονεύειν

2167 2934 2228 2969 τε
2255 2917 2362 2970 τῶν
2397 2910 2579 2989 λόγων
2625 2916 2723 2968 τοῦ
2781 2913 2987 2987 Κυρίου
3047 2914 3249 2985 Ἰησοῦ,
3318 2915 3402 2969 ’ὁτι
3459 2914 3622 2977 αὐτὸς
3682 2912 3819 2967 εἶπε·

2169 3001 2447 3077 Μακάριόν
2506 3001 2616 3059 ἐστι
2707 2998 2917 3057 διδόναι
2981 3000 3193 3076 μᾶλλον
3253 3003 3288 3072 ἤ
3349 2997 3669 3075 λαμϐάνειν.
3719 3001 3819 3057 Καὶ

2174 3097 2341 3148 ταῦτα
2371 3092 2559 3160 εἰπὼν,
2591 3092 2703 3155 θεὶς
2758 3092 2827 3147 τὰ
2880 3090 3080 3166 γόνατα
3134 3093 3323 3165 αὐτοῦ,
3357 3092 3449 3147 σὺν
3507 3097 3667 3147 πᾶσιν
3723 3089 3822 3146 αύ-

2171 3188 2287 3244 τοῖς
2320 3182 2685 3257 προσηύξατο.
2736 3181 2942 3243 Ἱκανὸς
2999 3179 3055 3237 δὲ
3101 3181 3310 3258 ἐγένετο
3357 3180 3636 3256 κλαυθμὸς
3696 3181 3821 3236 πάνο

2165 3293 2293 3329 των.
2340 3271 2437 3328 Καὶ
2485 3272 2832 3333 ἐπιπεσόντες
2888 3270 2974 3326 ἐπὶ
3030 3270 3122 3325 τὸν
3173 3269 3460 3350 τράχηλον
3517 3275 3614 3326 τοῦ
3672 3268 3821 3325 Παύ-

2169 3358 2295 3429 λου,
2324 3359 2647 3439 κατεφίλουν
2681 3360 2866 3430 αὐτὸν,
2909 3357 3241 3434 ὀδυνώμενοι
3299 3357 3537 3432 μάλιστα
3593 3358 3682 3416 ἐπὶ
3740 3362 3820 3431 τῷ

2170 3448 2345 3526 λόγῳ,
2377 3450 2423 3523 ᾧ
2453 3449 2685 3523 εἷρήκει,
2717 3450 2801 3505 ὃτι
2828 3449 2928 3506 οὐκ
2955 3447 3031 3504 ἔτι
3093 3447 3359 3523 μέλλουσι
3411 3450 3474 3505 τὸ
3521 3449 3815 3525 πρόσωπον

2168 3538 2333 3594 αὐτοῦ
2427 3540 2670 3614 θεωρεῖν.
2758 3538 3118 3615 Προέπεμπον
3203 3536 3260 3595 δὲ
3349 3538 3511 3597 αὐτὸν
3606 3539 3684 3603 εἰς
3758 3537 3820 3593 τὸ

2166 3625 2382 3685 πλοῖον.
2420 3652 2449 3679 n

2246 3740 2267 3770 ε
2305 3717 2561 3792 Ἀγυρίου
2590 3720 2625 3787 ἢ
2654 3718 2912 3793 χρυσίου,
2949 3743 2976 3770 η
3034 3719 3127 3774 καὶ
3182 3719 3249 3774 τὰ
3309 3719 3451 3791 ἑξῆς.
3499 3721 3614 3789 Τὴν
3671 3717 3819 3794 ῥίζαν

2168 3809 2379 3882 ἀναιρεῖ
2406 3812 2512 3862 τῶν
2547 3813 2728 3862 κακῶν
2786 3809 2885 3877 τήν
2947 3807 3328 3886 φιλαργυρίαν.
3362 3807 3438 3865 Οὐ
3469 3808 3574 3885 γὰρ
3617 3809 3813 3871 ἀπλῶς

2169 3919 2356 3975 φησιν,
2418 3897 2533 3955 Οὐκ
2588 3892 2811 3967 ἔλαϐον,
2871 3897 3019 3968 ἀλλ’,
3079 3895 3221 3955 Οὐδὲ
3279 3898 3615 3971 ἐπεθύμησα.
3688 3899 3825 3956 Εἶτα

2170 3985 2436 4043 δείκνυσιν
2498 3988 2581 4043 ὃτι
2636 3990 2671 4057 ἡ
2729 3986 2946 4058 ἀληθὴς
3005 3988 3350 4062 ἐλεημοσύνη
3406 3987 3464 4043 ἐκ
3499 3993 3609 4044 τῶν
3666 3985 3819 4044 ἰδίων

2166 4081 2353 4132 κόπων
2384 4076 2592 4155 ὀφείλει
2642 4078 2885 4152 γίνεσθαι
2941 4082 3056 4139 τοῖς
3114 4074 3364 4146 ἐνδεέσιν,
3425 4076 3540 4131 ἐπεὶ
3592 4077 3653 4132 ἐκ
3706 4082 3812 4133 τῶν

2168 4164 2478 4242 ἀλλοτρίων
2522 4163 2730 4222 διδόναι
2762 4166 2828 4221 οὐ
2859 4165 3052 4223 καλόν.
3086 4167 3219 4224 Εἶτα
3238 4166 3329 4223 καὶ
3361 4168 3564 4241 χρῆσιν
3620 4166 3697 4230 εἷς
3727 4188 3825 4222 κα-

2165 4257 2429 4325 τασκευὴν
2500 4255 2696 4312 τούτου
2745 4252 2835 4311 διὰ
2922 4263 3110 4331 φωνῆς
3157 4260 3254 4311 τοῦ
3316 4255 3514 4331 Κυρίου
3572 4255 3821 4329 εἰρῆσθαί

2167 4365 2356 4417 φησιν,
2399 4346 2532 4421 ὅπερ
2581 4350 2673 4400 νῦν
2736 4345 2843 4422 οὐχ
2875 4346 3097 4416 εὓρηται
3158 4344 3209 4400 ἐν
3269 4350 3476 4423 Γραφῇο
3535 4346 3628 4402 καὶ
3688 4345 3816 4409 ἴσως

2167 4434 2421 4511 ἀγράφως
2442 4432 2764 4510 παρέδωκαν
2821 4435 2873 4490 οἱ
2931 4433 3256 4491 ἀπόστολοι.
3310 4436 3378 4493 Ἦ
3435 4433 3487 4506 ἐξ
3519 4436 3591 4491 ὧν
3618 4435 3678 4491 ἄν
3732 4457 3817 4498 τις

405 4528 522 4580 Aut
552 4525 685 4583 ideo
719 4527 877 4597 quod
910 4528 1319 4584 ratiocinando
1350 4529 1647 4600 quispiam
1678 4528 1899 4584 habere
1948 4544 2055 4599 po-

2178 4522 2555 4599 πυλλογίσαιτο
2614 4522 2842 4581 δυνατὸν
2903 4522 3150 4598 εῗρῆσθαι
3212 4521 3281 4579 δι’
3339 4523 3534 4596 ἐτέρων
3610 4518 3840 4598 λέξεων“

407 4619 523 4668 test
552 4616 777 4672 dictum
810 4635 938 4673 esse
971 4618 1104 4674 aliis
1128 4618 1320 4675 verbis
1361 4619 1619 4690 idipsum
1669 4618 2058 4690 significanti-

406 4701 673 4760 bus.Non
705 4707 850 4762 dixit
882 4714 1079 4764 autem
1112 4714 1338 4764 malum
1379 4725 1507 4763 esse
1552 4706 1850 4777 accepisse
1891 4712 1950 4761 et
1978 4706 2061 4762 ita

405 4790 663 4864 elargiri,
688 4796 791 4851 sed
826 4799 984 4869 quod
1015 4800 1228 4855 melius
1257 4803 1334 4856 sit
1389 4814 1512 4853 non
1558 4797 1878 4870 accepisse.
1944 4798 2062 4852 Hoc

406 4881 565 4937 enim
592 4888 1022 4956 compassionis
1054 4895 1145 4944 est
1175 4906 1310 4962 erga
1332 4886 1683 4943 imbecilles.
1721 4888 1865 4941 Nam
1918 4885 2057 4941 dare

404 4989 474 5028 ex
504 4973 741 5041 alienis,
774 4991 848 5029 ne
879 4975 1196 5032 honestum
1255 4977 1496 5048 quidem
1527 4982 1634 5033 est.
1700 4978 1800 5031 Est
1858 4975 2058 5046 itaque

404 5062 632 5134 primus
663 5063 880 5135 gradus
913 5081 1018 5120 sua
1048 5065 1307 5137 abjicere
1334 5084 1346 5120 :
1383 5066 1679 5123 secundus
1722 5063 2063 5121 necessaria

406 5150 519 5206 sibi
551 5152 952 5224 suppeditare,
989 5154 1199 5209 tertius
1231 5155 1407 5210 etiam
1439 5156 1572 5212 aliis
1607 5173 1620 5210 :
1654 5163 1902 5227 quartus
1927 5168 2062 5209 eum

403 5243 504 5313 qui
536 5242 839 5314 praedicat,
873 5249 931 5299 et
977 5245 1059 5299 ita
1090 5244 1420 5315 accipiendi
1470 5251 1825 5318 potestatem
1861 5244 2061 5314 habet,

378 5346 522 5386 anon
553 5333 842 5404 accipere.
906 5333 1010 5389 Hic
1068 5333 1270 5405 itaque
1328 5333 1516 5388 multo
1549 5335 1763 5391 melior
1820 5339 1912 5390 est
1940 5333 2067 5389 ino-

404 5420 600 5492 pibus.

477 5511 592 5576 XX,
621 5515 643 5565 1
676 5513 730 5568 4.
761 5535 782 5563 ιι
841 5512 985 5570 Cum
1045 5516 1243 5569 autem
1279 5511 1627 5585 contigisset
1694 5528 1802 5570 nos
1860 5512 1934 5570 ab
1976 5513 2063 5569 eis

411 5619 434 5650 ε
468 5600 705 5657 avulsos
732 5602 1003 5674 solvisse,
1039 5609 1197 5659 recto
1230 5619 1407 5660 cursu
1448 5602 1718 5659 venimus
1765 5604 1968 5675 Coum,
2003 5607 2063 5659 et

2166 4616 2327 4669 τοῦτο
2360 4610 2666 4682 δηλουσῶν.
2700 4612 2778 4671 Οὐ
2834 4616 3001 4669 τοῦτο
3061 4610 3118 4668 δέ
3174 4634 3340 4690 φησιν
3399 4609 3482 4669 ὅτι
3535 4615 3699 4670 κακὸν
3755 4613 3820 4669 τὸ

2169 4695 2357 4758 λαϐεῖν
2386 4701 2476 4757 καὶ
2508 4698 2879 4776 μεταδιδόναι,
2911 4700 3059 4757 ἀλλὰ
3092 4702 3307 4777 βέλτιον
3362 4702 3425 4757 τὸ
3478 4705 3554 4776 μή
3615 4698 3824 4769 λαϐεῖν,

2169 4794 2346 4849 Τοῦτο
2377 4792 2481 4867 γὰρ
2511 4790 2844 4864 συμπαθείας
2873 4797 2974 4860 τῆς
3032 4791 3169 4867 πρὸς
3225 4792 3353 4855 τοὺς
3412 4793 3670 4854 ἀσθενεῖς.
3752 4791 3823 4846 Τὸ

2170 4881 2277 4958 γὰρ
2302 4880 2363 4937 ἐκ
2387 4886 2498 4937 τῶν
2528 4878 2846 4956 ἀλλοτρίων
2879 4877 3091 4936 διδόναι
3121 4882 3184 4937 οὐ
3240 4882 3430 4938 καλόν.
3491 4884 3645 4939 Ἐστι
3701 4881 3821 4936 τοί-

2169 4991 2264 5026 νυν
2295 4972 2372 5033 εἷς
2428 4971 2639 5046 βαθμὸς
2698 4968 2850 5045 ῥίψαι
2908 4970 2976 5026 τά
3058 4970 3246 5043 αὑτοῦ,
3330 4968 3580 5044 δεύτερος
3640 4971 3818 5042 ἑαυτῷ

2173 5060 2447 5136 ἐπαρκεῖν,
2477 5059 2658 5135 τρίτος
2699 5061 2791 5115 καὶ
2849 5058 3077 5135 ἐτέροις,
3135 5061 3408 5137 τέταρτος,
3464 5062 3526 5116 τὸ
3581 5059 3672 5115 καὶ
3721 5081 3822 5130 κη-

2173 5150 2431 5225 ρύττοντα
2461 5151 2553 5205 καὶ
2606 5147 2844 5220 ἐξουσίαν
2904 5146 3104 5205 ἔχοντα
3157 5145 3483 5224 λαμϐάνειν,
3542 5151 3619 5224 μὴ
3679 5148 3826 5223 λαμ-

2172 5234 2374 5295 ϐάνειν.
2407 5241 2570 5295 ’Ὥστε
2600 5239 2745 5296 πολὺ
2800 5242 2910 5295 τῶν
2988 5238 3319 5313 ἀκτημόνων
3375 5240 3530 5303 οὗτος
3588 5238 3824 5317 βελτίων

2173 5329 2303 5385 ἐστί.

2247 5510 2389 5575 «Ὣς
2448 5509 2506 5566 δὲ
2562 5508 2769 5587 ἐγένετο
2826 5509 3129 5586 ἀναχθῆναι
3177 5512 3326 5584 ἡμᾶς
3387 5509 3821 5573 ἀποσπασθέντας

2179 5623 2200 5653 ε
2234 5602 2324 5657 ἀπ’
2366 5602 2561 5675 αὐτῶν,
2595 5598 3098 5676 εὐθυδρομήσαντες
3148 5598 3398 5675 ἤλθομεν
3431 5603 3507 5666 εἷς
3555 5603 3653 5673 τήν
3716 5605 3813 5658 Κῶ
