4150 6200
322 346 440 404 261

1299 341 1712 404 COMMENT.
1759 339 1837 400 IN
1883 338 2084 399 ACTA
2126 339 2738 404 APOSTOLORUM.

3618 351 3734 413 262

324 506 353 531 α
385 483 454 554 τῇ
484 476 543 533 δε
574 476 694 547 ἐεῆς
721 477 798 540 είς
828 476 926 545 τὴν
949 473 1158 543 Ῥόδον,
1214 474 1458 530 κακεῖθεν
1500 473 1575 537 εἷς
1608 472 1844 548 Πάταρα.
1879 467 1976 527 Καὶ

2109 497 2119 523 ι
2152 476 2423 546 sequenti
2455 475 2551 531 die
2582 478 2872 548 Rhodum,
2899 485 2958 535 et
2987 481 3123 537 inde
3154 484 3446 541 Pataram.
3480 488 3550 544 Et
3578 490 3736 546 nacti

324 594 355 623 ιι
390 568 641 643 εὑρόντες
672 566 870 621 πλοῖον
922 562 1195 641 διαπερῶν
1242 564 1318 627 εἷς
1378 562 1663 635 Φοινίκην,
1695 556 1975 622 ἐπιϐάντες

2088 585 2115 614 ‹‹
2150 581 2357 620 navem
2390 584 2521 638 quae
2544 569 2847 638 trajiceret
2868 571 2929 625 in
2952 571 3290 640 Phcenicen,
3315 590 3384 629 ea
3408 593 3737 636 conscensa

325 684 355 713 ι(
391 659 739 733 ἀνήχθημεν.
799 655 1185 736 ’Δναφανέντες
1269 652 1326 711 δὲ
1406 657 1504 726 τήν
1586 653 1829 728 Κύπρον,
1888 650 1979 706 καὶ

2109 674 2113 702 ε
2154 654 2458 711 solvimus.
2491 658 2757 731 Cumque
2788 661 3063 729 cmpisset
3109 662 3280 719 nobis
3310 680 3597 736 apparere
3625 669 3733 742 Cy-

327 775 351 801 ι
389 746 787 807 καταλιπόντες
845 746 1017 815 αὐτὴν
1075 746 1374 819 εὐώνυμον,
1435 743 1701 818 ἐπλέομεν
1749 741 1825 804 εἷς
1877 746 1982 794 Συ-

327 863 350 889 σ
390 837 528 911 ρίαν,
589 836 680 891 καὶ
738 837 1098 911 κατήχθημεν
1157 834 1232 896 εἰς
1286 833 1484 910 Τύρον*
1543 832 1715 888 ἐκεῖσε
1769 830 1874 905 γὰρ
1912 829 1979 897 ἧν

2090 764 2119 793 α
2145 761 2309 815 prus,
2332 745 2539 802 relicta
2565 763 2634 803 ea
2655 748 2727 803 ad
2752 750 3077 814 sinistram,
3099 752 3499 826 navigavimus
3530 773 3732 813 versus

2089 856 2117 883 (ι
2146 833 2394 905 Syriam,
2429 841 2487 889 et
2515 835 2695 891 delati
2728 855 2931 893 sumus
2962 841 3208 912 Tyrum:
3253 860 3390 898 nam
3422 844 3537 901 huc
3570 848 3738 902 navis

333 952 363 980 ει
393 926 457 982 τὸ
510 925 708 981 πλοῖον
763 926 1270 1005 ἀποφορτιζόμενον
1322 924 1414 979 τὸν
1466 924 1660 998 γόμον.
1696 919 1984 977 Καίἀνευ-

2109 945 2118 971 ι
2155 923 2484 995 exponebat
2500 928 3067 999 onus.Repertisque
3086 929 3392 1002 discipulis
3410 936 3741 993 mansimus

330 1039 361 1071 α
392 1016 578 1090 ρόντες
633 1013 689 1070 δὲ
743 1015 872 1078 τοὺς
930 1014 1198 1087 μαθητὰς,
1249 1011 1607 1086 ἐπεμείναμεν
1649 1009 1814 1065 αὐτοῦ
1844 1006 1987 1083 ἡμέ-

330 1132 360 1157 ‹‹
390 1126 488 1180 ρας
519 1105 676 1160 ἑπτά·
736 1102 932 1165 οἵτινες
981 1108 1061 1174 τῷ
1114 1102 1319 1176 Παύλῳ
1348 1096 1538 1177 ἔλεγον
1572 1098 1661 1156 διὰ
1690 1104 1786 1156 τοῦ
1820 1097 1985 1154 Πνεύ-

396 1217 589 1267 ματος,
620 1198 696 1269 μή
730 1190 1031 1251 ἀναϐαίνειν
1066 1193 1142 1257 εἰς
1168 1191 1555 1269 Ἰερουσαλήμ.
1593 1216 1621 1243 ››

399 1287 471 1343 ’0
502 1284 646 1362 λέγει
678 1285 838 1340 τοῦτό
871 1284 1006 1340 ἐστι’
1069 1284 1162 1352 Μή
1220 1283 1556 1357 εὑρίσκοντες
1590 1279 1788 1336 πλοῖον
1819 1280 1989 1353 ἀπερ-

324 1375 564 1450 χόμενον
599 1374 676 1437 εἰς
711 1376 1053 1449 Καισάρειαν,
1104 1371 1233 1428 ἀλλ’
1290 1373 1366 1433 είς
1421 1371 1702 1442 Φοινίκην,
1747 1369 1988 1440 ἀνήλθο-

331 1485 428 1537 μεν
478 1464 557 1528 είς
607 1464 760 1519 αύτό·
819 1465 907 1518 καὶ
966 1462 1186 1539 Κύπρον
1247 1458 1305 1517 δὲ
1358 1461 1613 1534 εἰάσαμεν
1642 1459 1734 1515 καὶ
1768 1457 1986 1533 Συρίαν.

332 1555 410 1611 Τὸ
439 1555 565 1629 γὰρ,
627 1551 1024 1615 Καταλίπόντες
1083 1550 1251 1620 αὐτὴν
1308 1551 1611 1624 εὐώνυμον,
1661 1550 1771 1623 οὐχ
1798 1546 1992 1609 ἁπλῶς

338 1643 578 1716 εἲρηται,
634 1640 765 1697 ἀλλ’
815 1643 901 1697 δτι
958 1637 1085 1697 οὐδὲ
1140 1639 1299 1717 ἐγγὺς
1358 1639 1601 1717 γενέσθαι
1659 1642 1762 1703 τῆς
1796 1636 1993 1711 Συρίας

334 1728 620 1789 ἔσπευδον.
655 1732 858 1789 Ἦλθον
916 1730 1008 1786 οὖν
1074 1731 1149 1793 εἰς
1206 1731 1428 1802 Λυκίαν,
1484 1730 1575 1785 καὶ
1631 1730 1733 1797 τὴν
1779 1727 1997 1802 Κύπρον

2095 1032 2124 1061 ‹‹
2154 1011 2376 1067 ibidem
2407 1012 2617 1069 diebus
2648 1019 2872 1087 septem
2902 1033 2914 1070 :
2965 1018 3066 1087 qui
3105 1019 3287 1074 Paulo
3337 1021 3613 1079 dicebant
3636 1041 3746 1096 per

2094 1122 2123 1151 «
2157 1103 2461 1174 Spiritum,
2496 1120 2569 1159 ne
2600 1105 2953 1161 ascenderet
2979 1107 3322 1164 Jerusalem.
3363 1133 3384 1159 ι

2166 1283 2417 1337 Tantum
2445 1288 2534 1338 est
2558 1300 2625 1338 ac
2652 1284 2700 1339 si
2724 1284 2983 1342 diceret:
3018 1287 3161 1342 Cum
3191 1304 3405 1344 navem
3435 1305 3555 1345 non
3588 1291 3749 1347 inve-

2098 1371 2363 1426 niremus
2411 1371 2730 1427 abeuntem
2778 1378 3128 1441 Caesaream,
3182 1376 3284 1432 sed
3317 1377 3377 1432 in
3410 1379 3755 1446 Phoenicen,

2098 1460 2269 1516 illum
2300 1462 2800 1517 conscendimus:
2859 1464 3115 1535 Cyprum
3174 1472 3373 1522 autem
3425 1473 3484 1522 et
3522 1469 3750 1541 Syriam

2099 1551 2589 1624 praeterlegimus.
2625 1551 2787 1617 Quod
2822 1553 2981 1607 enim
3015 1554 3121 1622 ait,
3156 1555 3377 1611 Relicta
3409 1573 3477 1612 ea
3507 1559 3581 1613 ad
3614 1560 3755 1614 sini-

2102 1647 2308 1711 stram,
2358 1659 2479 1698 non
2528 1648 2752 1699 temere
2804 1642 3031 1699 dictum
3087 1651 3195 1714 est,
3230 1646 3333 1700 sed
3365 1646 3525 1718 quod
3555 1664 3749 1720 neque

2105 1730 2283 1802 Syrias
2314 1731 2798 1802 appropinquare
2831 1732 3166 1789 studebant.
3198 1736 3499 1791 Venerunt
3528 1753 3666 1809 ergo
3689 1738 3751 1792 iu

330 1820 576 1901 ἀφέντες,
653 1821 728 1883 εἰς
802 1820 982 1895 Τύρον
1056 1818 1444 1874 κατέπλευσαν·
1523 1818 1693 1874 ἐκεῖσε
1759 1817 1865 1893 γὰρ
1926 1818 1993 1912 τὸ

2109 1819 2360 1890 Lyciam,
2393 1820 2720 1891 relictaque
2778 1821 2989 1894 Cypro,
3045 1822 3481 1879 descenderunt
3524 1826 3755 1898 navigio

327 1911 532 1967 πλοῖον
590 1910 918 1989 ἆπεφόρτισε
973 1911 1065 1966 τὸν
1124 1909 1319 1986 γόμον.
1377 1907 1454 1968 Ού
1509 1907 1671 1963 τοῦτό
1713 1927 1875 1983 φησιν
1906 1903 1992 1960 ὅτι

2109 1909 2338 1980 I‘yrum,
2370 1925 2509 1965 nam
2540 1926 2610 1965 eo
2643 1911 2914 1981 exposuit
2957 1911 3123 1967 navis
3173 1929 3346 1968 onus.
3394 1936 3421 1963 «ι
3455 1914 3563 1978 Qui
3595 1914 3759 1969 dice-

323 2001 426 2069 τήν
486 2000 803 2067 παραίνεσιν
860 1996 949 2054 διὰ
1003 2003 1100 2054 τοῦ
1168 1997 1479 2073 Πνεύματος
1535 1996 1803 2063 ἐποιοῖτο,
1861 1992 1990 2049 ἀλλ’

318 2090 405 2144 δτι
442 2087 533 2144 διὰ
564 2094 662 2143 τοῦ
697 2087 1007 2163 Πνεύματος
1068 2085 1293 2150 εἰδότες.
1353 2086 1430 2145 Ού
1484 2087 1590 2163 γὰρ
1623 2085 1813 2147 ἁπλῶς
1844 2084 1994 2155 αύτῷ

320 2178 389 2233 τὰ
422 2177 571 2234 δεινά
599 2176 932 2255 προύλεγον,
985 2176 1110 2233 ἀλλ’
1167 2180 1253 2233 ἅτι
1312 2172 1576 2248 ἀναϐῆναι
1607 2177 1670 2232 ού
1706 2177 1841 2251 χρὴ,
1876 2195 1993 2253 φει-

316 2266 544 2342 δόμενοι
580 2268 768 2324 αὐτοῦ.

401 2469 427 2498 ι
460 2448 590 2503 Ὀτι
648 2442 704 2500 δὲ
759 2443 968 2520 ἐγένετο
1020 2447 1169 2518 ἡμᾶς
1222 2444 1497 2520 ἐξαρτίσαι
1573 2442 1668 2505 τάς
1743 2441 1993 2517 ἡμέρας,

337 2535 645 2606 ἐξελθόντες
764 2534 991 2610 ἐπορευό
1001 2537 1157 2609 μεθα,
1290 2534 1731 2610 προπεμπόντων
1845 2534 1881 2602 ἡ
1891 2535 1994 2606 μᾶς

337 2624 558 2679 πάντων
618 2624 710 2678 σὺν
763 2621 967 2697 γυναιξὶ
1025 2622 1112 2680 καὶ
1170 2624 1381 2683 τέκνοις
1436 2621 1542 2684 ἓως
1598 2614 1701 2691 ἔξω
1748 2627 1846 2690 τῆς
1877 2619 1991 2675 πό-

336 2712 505 2775 λεως.
582 2712 685 2769 Καὶ
761 2713 939 2777 θέντες
1012 2712 1080 2767 τὰ
1151 2712 1352 2788 γόνατα
1427 2710 1515 2766 ἐπὶ
1590 2711 1682 2766 τὸν
1737 2705 1991 2785 αἰγιαλὸν

328 2801 765 2875 προσέυξάμεθα.
861 2800 964 2857 Καὶ
1056 2800 1427 2873 ἀσπασάμενοι
1501 2796 1818 2870 ἀλλήλους,
1895 2797 1995 2854 ἐπ-

324 2887 544 2965 έϐημεν
596 2890 671 2953 εἷς
724 2891 788 2946 τὸ
838 2888 1057 2946 πλοῖον·
1120 2891 1317 2945 ἐκεῖνοι
1385 2887 1443 2944 δὲ
1512 2887 1845 2963 ὑπέστρεψαν
1912 2886 1990 2951 εἰς

341 2982 417 3036 τὰ
480 2977 613 3039 ἴδιὰ.
688 2979 879 3054 Ἡμεῖς
947 2978 1005 3035 δὶ
1068 2981 1159 3035 τὸν
1233 2977 1404 3035 πλοῦν
1481 2976 1816 3040 διανύσαντες
1890 2978 1997 3047 ἀπό

336 3069 546 3145 Τύρου,
608 3072 1022 3143 κατηντήσαμεν
1087 3068 1168 3132 νῖς
1237 3067 1608 3142 Πτολεμαῖδα,
1666 3069 1757 3125 καὶ
1816 3070 1996 3125 ἀσπα-

341 3159 568 3234 σάμενοι
640 3160 768 3220 τοὺς
831 3156 1121 3237 ἀδελφοὺς,
1198 3158 1487 3233 ἐμείναμεν
1552 3158 1761 3233 ἡμέραν
1861 3159 1990 3232 μίαν

328 3250 465 3323 παρ’
540 3247 746 3308 αὐτοῖς.
813 3251 889 3321 Τῇ
958 3245 1016 3302 δὲ
1081 3245 1337 3320 ἐπαύριον
1401 3244 1708 3319 ἐξελθόντες
1758 3247 1810 3301 οἱ
1867 3246 1993 3323 περὶ

331 3338 430 3393 τὸν
466 3335 704 3407 Παῦλον,
763 3334 934 3406 ἦλθον
990 3337 1065 3397 εἰς
1125 3337 1463 3413 Καισάρειαν.
1524 3336 1622 3392 Καὶ
1662 3334 1997 3400 εἰσελθόντες

334 3427 417 3489 εἷς
482 3428 572 3483 τὸν
632 3428 785 3482 οἶκον
854 3424 1140 3482 Φιλίππου
1197 3430 1295 3482 τοῦ
1353 3425 1767 3504 εὐαγγελιστοῦ,
1838 3423 1993 3491 ὄντος

333 3517 400 3572 ἐκ
474 3522 581 3571 τῶν
646 3516 803 3587 ἐπτά,
872 3516 1156 3591 ἐμείναμεν
1234 3516 1362 3591 παρ’
1435 3516 1602 3590 αύτῷ.
1678 3515 1867 3590 Τούτῳ
1940 3514 2000 3572 δὶ

335 3608 479 3676 ἦσαν
551 3605 836 3683 θυγατέρες
934 3603 1193 3682 παρθένοι
1277 3602 1530 3679 τέσσαρες
1604 3606 1989 3685 προφητεύου-

336 3718 457 3754 σαι.
492 3721 521 3748 ))

410 3810 439 3839 α
473 3786 779 3863 Ἐξαρτίσαι
809 3784 904 3848 τὰς
954 3784 1185 3862 ἡμέρας.
1239 3809 1268 3836 ι)
1326 3785 1398 3845 Τὸ
1429 3783 1700 3860 ἐξαρτίσαι
1732 3787 1846 3842 ἀντὶ
1876 3791 1999 3857 τοῦ,

336 3873 662 3951 πληρῶσαι,
695 3875 851 3955 φησί·
884 3874 1034 3932 Μετὰ
1084 3875 1188 3952 γὰρ
1236 3875 1299 3929 τὸ
1350 3873 1644 3949 πληρῶσαι
1680 3876 1777 3938 τὰς
1806 3896 1997 3951 τεταγ-

342 3970 512 4045 μένας
544 3966 776 4041 ἡμέρας,
830 3964 1077 4022 τουτέστι
1113 3967 1249 4039 μετά
1304 3967 1370 4021 τὰ
1426 3964 1628 4041 ἄζυμα,
1661 3967 1737 4030 εἰς
1768 3967 1999 4043 Τρωάδα

341 4057 521 4127 ἦλθον
552 4055 622 4113 δι’
668 4059 891 4133 ἡμερῶν
952 4054 1128 4112 πέντε.
1190 4053 1537 4129 Σημειωτέον
1572 4055 1656 4111 ὅτι
1684 4061 1781 4112 τοῦ
1813 4055 1999 4112 διακό-

336 4169 438 4203 νου
498 4144 786 4203 Φιλίππου
837 4145 976 4215 ἦσαν
1033 4145 1089 4199 αἱ
1142 4142 1450 4220 θυγατέρες,
1503 4142 1643 4200 ὥστε
1673 4144 1765 4200 οὖν
1797 4145 1999 4219 καὶτῷ

334 4236 737 4307 κοινωνήσαντι
807 4235 1001 4309 γάμων
1077 4230 1340 4289 διακονεῖν
1414 4230 1601 4305 ἔξεστι.
1680 4236 1998 4310 Σημείωσαι

337 4325 419 4395 δὲ,
453 4325 624 4382 auat
664 4321 999 4401 προφήτιδες
1056 4324 1112 4378 αἱ
1172 4321 1454 4400 θυγατέρες
1515 4324 1681 4381 αὐτοῦ
1740 4327 1999 4401 παρθένοι

337 4418 507 4487 ἦσαν,
565 4416 653 4470 καὶ
715 4413 800 4469 ὅτι
857 4411 1062 4483 ἤσκουν
1122 4409 1191 4467 δι’
1248 4409 1535 4468 εὐλάϐειαν
1568 4413 1782 4487 μᾶλλον
1813 4418 1998 4484 τοῦτο,

340 4505 483 4562 ὥστε
537 4505 628 4559 καὶ
686 4503 1020 4583 προφητείας
1079 4502 1366 4573 ἠξιῶσθαι.
1444 4505 1606 4559 Ὥστε
1662 4500 1835 4573 δῆλον
1915 4503 1999 4560 ὅτι

2096 1998 2244 2054 bant
2266 2015 2370 2070 per
2387 2000 2683 2071 Spiritum.
2698 2024 2720 2052 ι
2734 2002 2857 2055 Non
2880 2001 3158 2074 intelligit
3175 2002 3331 2073 quod
3352 2020 3459 2074 per
3476 2003 3758 2074 Spiritum

2099 2087 2434 2144 adhortatio
2461 2089 2651 2158 ﬂeret,
2673 2088 2775 2145 sed
2806 2091 2966 2161 quod
2995 2108 3104 2163 per
3133 2091 3416 2163 Spiritum
3444 2099 3750 2148 noverant.

2101 2179 2299 2248 Neque
2322 2178 2482 2234 enim
2505 2185 2707 2250 aperte
2733 2179 2999 2251 pericula
3019 2181 3446 2253 praedicebant,
3471 2182 3573 2238 sed
3598 2181 3757 2254 quod

2101 2284 2221 2322 non
2253 2268 2558 2338 expediret
2585 2268 2930 2337 ascendere,
2964 2270 3141 2341 idque
3172 2271 3583 2343 compassione
3615 2272 3759 2327 moti

2102 2355 2401 2412 dicebant.

2174 2448 2331 2503 154
2354 2446 2469 2516 XX,
2502 2447 2623 2502 5-9.
2664 2469 2686 2500 ι
2716 2449 2980 2519 Cumque
3012 2448 3140 2505 dies
3165 2449 3593 2521 explessemus,
3617 2467 3761 2523 pro-

2100 2535 2240 2591 fecti
2273 2535 2529 2604 ibamus,
2555 2536 2988 2594 deducentibus
3019 2556 3130 2594 nos
3162 2539 3443 2595 omnibus
3473 2556 3594 2595 una
3623 2557 3757 2596 cum

2103 2625 2388 2682 uxoribus
2419 2632 2477 2682 et
2509 2626 2669 2696 filiis,
2699 2627 2887 2683 donec
2918 2629 3248 2685 exissemus
3280 2629 3575 2685 civitatem
3603 2647 3616 2684 :
3651 2646 3760 2701 po-

2103 2717 2352 2789 sitisque
2408 2718 2658 2791 genibus
2715 2718 2779 2773 in
2836 2718 3033 2775 littore
3120 2720 3344 2790 precati
3404 2736 3628 2774 sumus.
3691 2719 3756 2773 Et

2103 2807 2493 2863 consalutatis
2532 2807 2804 2873 inviccm,
2859 2825 2969 2864 nos
3024 2825 3233 2864 navem
3272 2807 3753 2875 conscendimus,

2104 2898 2193 2953 illi
2223 2914 2358 2953 vero
2390 2897 2700 2954 redierunt
2730 2897 2803 2954 ad
2836 2914 2961 2953 sua.
2996 2900 3109 2953 Nos
3141 2904 3338 2953 autem
3377 2896 3754 2969 navigatione

2104 2986 2382 3058 explicita
2412 3003 2445 3042 a
2493 2988 2640 3057 'l‘yro
2697 2986 3118 3041 descendimus
3172 2984 3623 3050 Ptolemaidam,
3660 3000 3759 3038 sa-

2106 3076 2430 3146 lutatisque
2478 3074 2761 3131 fratribus
2812 3075 3144 3131 mansimus
3197 3074 3355 3129 diem
3405 3090 3590 3128 unum
3623 3087 3758 3127 cum

2104 3165 2244 3221 illis.
2280 3163 2567 3221 Postridie
2602 3180 2737 3218 vero
2791 3180 2921 3229 nos,
2965 3164 3064 3235 qui
3120 3180 3357 3220 eramus
3389 3180 3523 3218 cum
3553 3161 3758 3226 Paulo,

2105 3256 2326 3326 egressi
2373 3255 2644 3311 venimus
2688 3256 3036 3311 Caesaream.
3090 3256 3157 3311 Et
3204 3254 3457 3328 ingressi
3514 3253 3758 3309 domum

2104 3345 2361 3416 Philippi
2421 3344 2819 3417 evangelista),
2877 3345 2977 3416 qui
3035 3349 3162 3400 erat
3218 3361 3374 3401 unus
3423 3361 3453 3400 e
3506 3349 3757 3413 septem,

2104 3433 2438 3490 mansimus
2466 3432 2625 3504 apud
2654 3449 2810 3488 eum.
2864 3433 3008 3489 Huic
3050 3438 3251 3490 autem
3301 3440 3472 3490 erant
3503 3443 3758 3507 quatuor

2106 3523 2247 3578 filia:
2279 3522 2539 3596 virgines
2569 3523 3017 3595 prophetantes.
3053 3544 3083 3574 »ι

2178 3789 2485 3866 ,Εξκρτίσαι
2534 3790 2631 3852 τὰς
2692 3788 2926 3865 ἡμέρας.
2984 3792 3239 3848 Verbum
3294 3790 3559 3865 ἐξαρτίσαι
3596 3798 3768 3866 ponit

2106 3898 2213 3954 pro
2270 3883 2559 3953 complere.
2616 3883 2759 3937 Nam
2818 3886 3135 3952 postquam
3190 3882 3470 3952 completi
3510 3882 3768 3941 fuissent

2107 3972 2413 4027 constituti
2440 3970 2590 4035 dies,
2625 3970 2735 4025 hoc
2768 3975 2854 4025 est
2885 3974 3021 4040 post
3045 3969 3173 4025 dies
3204 3985 3568 4041 azymorum,
3602 3989 3766 4029 vere-

2106 4064 2247 4114 runt
2274 4058 2561 4113 Troadem
2588 4056 2796 4111 diebus
2824 4056 3111 4127 quinque.
3144 4056 3580 4114 Advertendum
3614 4060 3769 4116 ﬁlias

2108 4149 2290 4204 fuisse
2322 4147 2592 4217 Philippo
2626 4146 2895 4201 diacono.
2933 4147 3135 4217 Itaque
3196 4146 3433 4203 diaconi
3464 4165 3593 4204 esse
3627 4167 3770 4222 pos-

2109 4243 2249 4293 sunt
2282 4243 2339 4292 et
2368 4236 2427 4292 hi
2457 4235 2556 4307 qui
2585 4235 2905 4308 participes
2934 4235 3177 4292 fuerunt
3224 4238 3593 4310 nuptiarum.
3628 4240 3769 4293 Ani-

2110 4326 2406 4381 madverte
2438 4331 2725 4395 praeterea
2747 4324 2905 4395 quod
2928 4325 3309 4396 prophetides
3337 4327 3466 4398 ejus
3490 4326 3627 4381 filiae
3651 4327 3763 4381 vir-

2109 4415 2276 4489 gines
2307 4419 2496 4482 erant,
2525 4418 2582 4469 et
2626 4413 2782 4485 quod
2836 4419 3079 4486 propter
3108 4414 3398 4486 pudorem
3432 4414 3619 4486 magis
3650 4415 3762 4470 hoc

2109 4504 2583 4577 assequebantur
2611 4510 2675 4559 ut
2706 4508 2764 4558 et
2801 4505 3115 4577 prophetia
3148 4505 3342 4577 dignae
3378 4505 3759 4562 haberentur.

345 4591 816 4671 περισπούδαστον
872 4592 937 4663 ἧν
993 4592 1084 4647 καὶ
1138 4591 1327 4653 αὐταῖς
1376 4594 1412 4662 ἡ
1468 4593 1748 4669 παρθενία.
1795 4593 1860 4651 Εἰ
1893 4595 1995 4672 γὰρ

2112 4594 2485 4650 Manifestum
2514 4593 2712 4664 itaque
2736 4598 2826 4649 est
2847 4593 3006 4665 quod
3029 4609 3239 4665 magno
3263 4593 3456 4648 studio
3490 4594 3764 4649 servaba-

351 4684 433 4757 μὴ
494 4683 561 4751 ἦν
615 4677 1104 4757 περισπούδαστον,
1164 4679 1263 4735 ούκ
1314 4679 1373 4734 ἂν
1427 4679 1761 4757 προσέθηκεν
1803 4683 1831 4737 ὁ
1871 4703 2006 4758 συγ-

349 4772 590 4851 γραφεὺς
620 4773 702 4828 δτι
740 4771 830 4826 καὶ
854 4768 1110 4845 παρθένοι
1140 4771 1292 4838 ἦσαν.

990 4952 1246 5006 ΚΕΦΑΛ.
1301 4956 1377 5008 Λ’.

352 5054 601 5135 Ἀγάόου
675 5057 981 5135 προρητειίρι
1046 5057 1198 5135 περζ-
1236 5059 1346 5111 τῶν
1403 5051 1862 5135 ᾳσυμϐησομένων
1924 5065 2006 5134 τῷ

823 5127 1026 5203 Παύλῳ
1056 5127 1125 5183 ἐν
1160 5127 1475 5204 Ἱερουσαλή

442 5242 465 5272 ι
497 5221 898 5295 Ἐπιμενόντων
956 5214 1015 5272 δὶ
1069 5220 1231 5292 ἡμῶν
1290 5216 1500 5292 ἡμέρας
1574 5218 1820 5292 πλείους,
1877 5242 2009 5278 κατ-

360 5310 505 5382 ῆλθέ
575 5331 659 5373 τις
724 5309 833 5364 ἀπὸ
904 5314 1006 5377 τῆς
1078 5304 1344 5369 ἰουδαίας
1415 5309 1704 5387 προφήτης
1781 5310 2005 5386 ὀνόματι

362 5393 635 5478 Ἄγαϐος.
718 5398 817 5456 Καὶ
894 5396 1065 5454 ἐλθὼν
1132 5396 1271 5472 πρὸς
1333 5398 1502 5470 ἡμᾶς,
1568 5399 1659 5453 καὶ
1717 5398 1851 5475 ἆρας
1906 5402 2007 5470 τὴν

363 5491 545 5560 ζώνην
600 5491 697 5544 τοῦ
763 5484 1003 5559 Παύλου,
1072 5483 1241 5557 δήσας
1306 5505 1364 5541 τε
1427 5484 1593 5542 αὐτοῦ
1656 5488 1754 5552 τὰς
1818 5494 2010 5568 χεῖρας

358 5580 453 5637 καὶ
510 5577 639 5641 τοὺς
693 5575 884 5649 πόδας,
943 5574 1081 5631 εἶπε·
1140 5572 1311 5630 Τάδεσ
1352 5573 1497 5652 λέγει
1550 5577 1615 5632 τὸ
1674 5583 1893 5653 Πνεῦμα
1945 5582 2008 5637 τὸ

363 5670 544 5747 ἅγιον.
600 5668 707 5725 Τὸν
766 5662 930 5744 ἄνδρα
987 5666 1049 5721 οὗ
1106 5664 1245 5720 ἐστιν
1307 5666 1343 5735 ἠ
1411 5666 1558 5738 ζώνη
1614 5666 1775 5742 αὕτη,
1834 5670 2008 5735 οὕτως

2114 4690 2212 4740 tur
2239 4683 2395 4757 apud
2428 4700 2528 4738 eos
2551 4682 2854 4755 virginitas
2880 4700 2893 4737 :
2927 4682 3042 4737 nisi
3070 4682 3231 4737 enim
3264 4682 3442 4755 digna
3472 4689 3628 4738 esset
3658 4700 3764 4756 pro

2116 4791 2234 4846 qua
2262 4779 2609 4841 certaretur,
2634 4788 3012 4843 nequaquam
3039 4771 3368 4827 addidisset
3398 4772 3652 4844 scriptor
3681 4773 3769 4828 hi-

2116 4866 2336 4930 storias,
2365 4862 2523 4936 quod
2554 4863 2732 4918 etiam
2761 4862 3018 4934 virgines
3050 4866 3240 4917 erant.

2721 4950 2952 5005 CAPUT
2990 4949 3157 5006 XXX.

2115 5063 2296 5133 Agabi
2315 5058 2611 5133 prophetia
2655 5057 2748 5133 de_
2770 5056 2861 5133 his
2901 5073 3023 5127 quae
3051 5060 3249 5127 futura
3286 5066 3464 5127 erant,
3498 5067 3562 5115 ut
3595 5060 3769 5116 Paulo

2539 5129 2889 5200 Jerosolymis
2936 5133 3334 5201 contingerent.

2184 5221 2336 5290 XXI,
2372 5220 2549 5274 10-14.
2582 5240 2608 5267 ‹‹
2634 5218 2897 5288 Cumque
2928 5235 3416 5289 permaneremus
3446 5220 3573 5277 dies
3605 5238 3770 5276 com-

2113 5311 2337 5384 plures,
2395 5308 2632 5365 advenit
2687 5307 2928 5378 quidam
2985 5324 3020 5363 a
3071 5309 3274 5364 Iudaea
3328 5310 3621 5382 propheta
3662 5327 3769 5365 no-

2115 5401 2276 5456 mine
2308 5399 2588 5473 Agathus.
2623 5398 2675 5452 Is
2706 5413 2841 5452 cum
2897 5396 2972 5453 ad
3026 5414 3135 5455 nos
3194 5400 3584 5470 pervenisset,
3634 5400 3772 5457 tulit

2054 5556 2057 5559 _
2117 5490 2420 5564 cingulum
2451 5487 2639 5553 Pauli,
2673 5491 2732 5542 et
2761 5486 3013 5560 alligans
3063 5489 3175 5544 sibi
3225 5505 3443 5545 manus
3475 5496 3535 5546 et
3564 5492 3765 5562 pedes,

2117 5578 2300 5635 dixit:
2335 5579 2469 5634 [iam
2518 5575 2662 5632 dicit
2724 5574 2977 5648 Spiritus
3035 5582 3314 5635 sanctus:
3358 5578 3567 5635 Virum
3598 5579 3768 5649 cujus

2116 5674 2206 5727 est
2234 5668 2538 5742 cingulum
2568 5665 2703 5736 hoc,
2738 5664 2823 5721 sic
2878 5664 3208 5739 alligabunt
3258 5666 3641 5740 Jerosolymis
3670 5665 3768 5718 Ju-
