4176 6200
405 299 523 362 263
1530 289 1884 353 (ΕΟΗΜΕΝ
1890 291 1945 354 ΙΙ
1990 293 2081 352 ⁷1Ὶῖ

2189 293 2293 355 ΞιΕ
2343 294 2693 361 EPISCOPI
3702 303 3822 364 264

403 438 553 496 I55
590 435 724 501 dmi,
757 431 1117 501 tradentque
1175 429 1237 484 in
1298 443 1509 484 manus
1566 428 1853 498 gentium.
1900 428 2046 485 Cum

2189 432 2419 501 ἰήσουσιν
2489 435 2542 489 ἐν
2610 435 2976 512 Ἰερουσαλὴμ
3040 435 3321 508 Ἰουδαῖοι,
3399 438 3492 494 καὶ
3558 436 3821 510 παραδώ-

409 543 523 600 que
572 528 695 580 hmc
746 521 1197 581 audivissemus,
1254 518 1608 591 rogabamus
1640 524 1697 573 et
1732 535 1842 574 nos
1873 524 1930 574 et
1962 518 2063 590 qui

2189 541 2343 577 roum
2398 522 2475 586 εἷς
2532 530 2724 604 χεῖρας
2776 526 2959 592 ἐθνῶν.
3018 529 3107 591 Ὠς
3160 525 3219 583 δὲ
3275 527 3587 602 ἢκούσαμεν
3629 548 3821 599 ταυτα,

408 618 569 673 illius
601 614 711 668 loci
749 617 937 679 erant,
980 626 1055 665 ne
1112 608 1463 664 ascenderet
1518 608 1869 664 Jerusalem.
1902 611 2065 665 Tunc

2189 609 2579 687 παρεκαλοῦμεν
2645 617 2809 689 ἡμεῖς
2877 638 2933 672 τε
2998 617 3087 672 καὶ
3154 618 3206 672 οἱ
3272 616 3534 689 ἐντόπιοι,
3590 622 3690 674 τοῦ
3741 619 3818 693 μὴ

405 702 713 776 respondit
744 701 982 765 Paulus,
1016 716 1082 755 ac
1115 698 1263 754 dixit
1296 715 1309 753 :
1358 698 1507 764 Quid
1539 698 1731 754 facitis
1762 698 1975 753 ﬂentes
2006 704 2066 755 et

2189 696 2471 759 ιναϐαίνειν
2539 706 2703 761 αὐτὸν
2783 707 2859 770 εἷς
2933 705 3322 785 Ἰερουσαλήμ.
3392 708 3695 785 Ἀπεκρίθη
3763 728 3824 763 τε

401 794 736 866 affligentes
792 807 893 846 cor
952 789 1198 845 meum?
1256 790 1370 860 Ego
1434 804 1556 843 non
1603 788 1796 843 solum
1828 787 2062 855 vinciri,

2189 815 2195 843 ι
2245 791 2480 867 Ηαῦλος,
2549 794 2619 852 Τί
2684 802 2891 852 ποιεῖτε
2954 795 3235 859 κλαίοντες
3299 797 3393 853 καὶ
3454 796 3826 872 συνθρύπτον-

406 883 510 939 sed
536 889 594 937 et
624 882 772 937 mori
806 887 1044 953 paratus
1091 896 1224 934 sum
1269 877 1652 950 Jerosolymis
1682 893 1788 949 pro
1820 877 2063 931 nomine

2189 880 2252 943 ,ές
2309 904 2415 955 μου
2469 885 2569 953 τήν
2625 882 2887 959 καρδίαν;
2947 887 3087 962 Ἐγὼ
3144 887 3247 962 γὰρ
3280 886 3341 942 ού
3377 886 3544 961 μόνον
3580 884 3819 956 δεθῆναι,

402 972 636 1028 Domini
692 973 850 1026 Jesu.
913 974 980 1024 Et
1044 985 1179 1024 cum
1237 968 1338 1023 ille
1396 983 1518 1021 non
1580 965 2063 1038 persuaderetur,

2189 968 2315 1026 ιλλᾶ
2369 974 2461 1028 καὶ
2517 974 2800 1039 ἀποθανεῖν
2856 975 2934 1038 είς
2990 974 3357 1050 Ἰερουσαλὴμ
3416 976 3658 1049 ἒτοιμως
3706 973 3823 1052 ἔχω

402 1061 807 1133 acquievimus
834 1058 1138 1115 dicentes:
1175 1080 1203 1107 »
1237 1055 1474 1112 Domini
1506 1055 1779 1110 voluntas
1825 1054 1950 1112 fiat.

2189 1062 2301 1135 νπὲρ
2358 1067 2455 1118 τοῦ
2514 1062 2780 1137 ὀνόματος
2834 1069 2932 1121 τοῦ
2982 1067 3184 1139 Κυρίου
3243 1067 3452 1137 Ἰησοῦ.
3506 1067 3593 1136 Μὴ
3635 1069 3826 1122 πειθοο

2172 1152 2338 1225 μένου
2394 1150 2452 1207 δὲ
2509 1153 2695 1226 αὐτοῦ,
2749 1156 3123 1231 ἡσυχάσαμεν,
3180 1155 3446 1219 εἰπόντες⁸
3495 1156 3568 1211 Τὸ
3607 1154 3827 1230 θέλημα

2166 1243 2263 1296 τοῦ
2295 1241 2497 1318 Κυρίου
2527 1242 2779 1319 γενέσθω.
2817 1268 2847 1297 »ι

1008 1345 1238 1401 CAPUT
1276 1342 1475 1400 XXXI.

410 1462 736 1518 Adhortatio
764 1458 954 1513 Jacobi
1001 1458 1073 1510 ad
1104 1456 1359 1521 Paulum,
1391 1470 1450 1508 eo
1483 1453 1627 1524 quod
1677 1452 1882 1508 Paulus
1920 1451 2066 1506 dice-

551 1540 706 1588 retur
735 1547 841 1585 non
862 1529 1123 1599 judicare
1156 1528 1409 1583 Hebraeos
1437 1524 1922 1581 circumcidendos.

482 1676 626 1743 XXI,
664 1675 844 1727 15-25.
880 1694 906 1721 «
943 1673 1081 1725 Post
1108 1669 1218 1724 hos
1278 1674 1476 1724 autem
1536 1667 1664 1723 dies
1704 1666 1894 1739 parati
1926 1681 2066 1721 con-

410 1763 841 1820 scendebamus
898 1759 1246 1815 Jerusalem.
1312 1759 1614 1813 Venerunt
1690 1762 1888 1811 autem
1946 1771 2066 1811 una

410 1854 652 1925 quidam
684 1868 754 1906 ex
785 1848 1097 1920 discipulis
1128 1864 1162 1903 a
1191 1848 1460 1902 Czesarea
1508 1845 1845 1909 nobiscum,
1878 1843 2062 1899 addu-

407 1948 608 1999 centes
641 1956 844 1996 secum
905 1937 1063 2010 apud
1122 1953 1299 2008 quem
1344 1937 1803 2007 hospitaremur,
1839 1935 2065 1988 Μηδεοο

408 2048 548 2087 nem
605 2028 923 2101 quemdam
1009 2028 1268 2098 Cyprum
1343 2031 1605 2081 veterem
1681 2022 2064 2094 discipulum.

409 2126 675 2190 Cumque
733 2116 1100 2172 venissemus
1153 2114 1541 2186 Jerosolyma,
1582 2112 1839 2168 libenter
1895 2127 2064 2167 exce-

411 2215 627 2282 perunt
681 2224 789 2263 nos
846 2206 1076 2260 fratres.
1140 2206 1379 2259 Postero
1433 2220 1569 2259 vero
1629 2202 1724 2258 die
1784 2201 2071 2256 introibat

411 2298 629 2354 Paulus
660 2296 972 2351 nobiscum
1032 2294 1107 2349 ad
1161 2293 1466 2355 Iacobum.
1500 2307 1828 2362 omnesque
1860 2306 2057 2346 couve

412 2395 630 2445 nerunt
658 2385 1010 2460 presbyteri.
1043 2386 1199 2450 Quos
1256 2385 1357 2439 ubi
1412 2384 1749 2450 salutasset,
1782 2381 2064 2438 narrabat

410 2496 517 2551 per
569 2476 822 2548 singula,
887 2492 1018 2546 quae
1081 2479 1230 2529 Deus
1290 2473 1529 2528 fecisset
1560 2473 1621 2527 in
1653 2471 1927 2545 gentibus
1963 2488 2070 2542 per

410 2566 812 2623 ministerium
843 2564 1049 2635 ipsius.
1086 2565 1157 2617 At
1192 2562 1279 2616 illi
1313 2578 1449 2617 cum
1480 2562 1810 2631 audissent,
1843 2560 2066 2633 glorifi-

414 2658 627 2713 cabant
674 2656 883 2720 Deum,
941 2653 1338 2723 dixeruntque
1398 2652 1490 2707 ei:
1582 2651 1777 2721 Vides,
1862 2650 2066 2717 frater,

416 2752 558 2818 quot
593 2745 781 2801 millia
811 2744 931 2799 sint
976 2742 1314 2798 Judaaorum
1345 2742 1446 2814 qui
1476 2740 1909 2798 crediderunt?
1939 2756 2068 2795 om-

415 2853 643 2908 nesque
675 2833 927 2889 studiosi
980 2837 1304 2888 sectatores
1355 2837 1493 2887 sunt
1535 2831 1702 2903 legis.
1737 2830 2072 2885 Audierunt

415 2932 613 2981 autem
673 2924 745 2979 de
801 2928 858 2977 te
918 2921 1078 2993 quod
1130 2921 1526 2977 defectionem
1576 2920 1791 2976 doceas
1842 2936 1875 2974 a
1916 2920 2070 2973 Mose

415 3032 622 3071 omnes
653 3014 754 3085 qui
786 3013 942 3068 inter
971 3017 1176 3085 gentes
1208 3016 1347 3067 sunt
1398 3010 1651 3077 Iudaeos,
1686 3009 1912 3073 dicens,
1945 3024 2069 3063 non

415 3106 631 3161 debere
679 3122 780 3160 eos
834 3103 1262 3159 circumcidere
1306 3102 1485 3165 ﬁlios,
1517 3117 1709 3172 neque
1744 3098 2071 3173 secundum

415 3196 687 3249 instituta
716 3194 927 3248 vivere.
962 3192 1113 3257 Quid
1173 3198 1262 3246 est
1319 3160 1504 3264 ergo?
1552 3160 1807 3247 omnino
1840 3192 2071 3261 oportet
2103 3160 2146 3227 Ο

416 3285 732 3339 convenire
792 3283 1285 3346 multitudinem,
1344 3281 1589 3336 audient
1645 3281 1804 3336 enim
1862 3286 1918 3334 te
1976 3294 2078 3332 ve-

419 3372 603 3427 nisse.
638 3372 756 3426 Hoc
790 3388 926 3442 ergo
957 3371 1048 3424 fac
1076 3369 1233 3439 quod
1264 3369 1372 3421 tibi
1419 3369 1692 3424 dicimus.
1727 3370 1875 3423 Sunt
1905 3366 2076 3421 nobis

428 3467 682 3531 quatuor
710 3459 817 3512 viri
850 3465 1048 3512 votum
1081 3457 1368 3513 habentes
1391 3474 1571 3529 super
1600 3474 1661 3511 se
1688 3475 1701 3523 ;
1735 3458 1827 3512 his
1857 3472 2083 3512 assumo

432 3550 552 3620 ptis
578 3548 732 3604 I56
766 3546 1017 3617 puriﬁca
1072 3551 1129 3600 te
1186 3562 1320 3600 cum
1381 3546 1525 3612 illis,
1557 3552 1615 3601 et
1671 3544 1948 3617 impende
1981 3561 2083 3600 su-

436 3654 543 3709 per
600 3635 742 3701 illis,
798 3640 861 3689 ut
940 3633 1152 3689 radant
1235 3634 1449 3705 capita,
1511 3634 1818 3705 sciantque
1876 3649 2083 3689 omnes

438 3726 595 3798 quod
627 3741 759 3796 qua
790 3723 861 3779 de
895 3729 951 3778 te
980 3722 1299 3778 audierunt
1332 3723 1484 3777 nihil
1546 3729 1703 3785 sunt,
1740 3724 1843 3778 sed
1875 3721 2082 3777 ambu-

437 3816 525 3872 las
557 3820 615 3870 et
642 3815 768 3885 ipse
800 3812 1144 3868 custodiens
1204 3812 1412 3884 legem.
1447 3813 1526 3867 De
1583 3811 1856 3885 gentibus
1886 3816 2085 3866 autem

438 3924 569 3980 quae
601 3905 983 3961 crediderunt
1009 3921 1117 3959 nos
1148 3903 1636 3975 significavimus,
1671 3905 2084 3969 decernentes,

437 4015 514 4053 ne
548 3998 691 4069 quid
722 3994 1065 4068 hujusmodi
1111 3994 1430 4050 observent
1476 3994 1593 4049 nisi
1637 4000 1702 4049 ut
1742 3999 1986 4049 caveant
2014 3992 2086 4048 ab

439 4089 785 4159 idolothytis
834 4094 892 4143 et
949 4087 1259 4160 sanguine,
1320 4092 1377 4142 et
1438 4087 1744 4154 suffocato,
1778 4092 1837 4142 et
1865 4091 2093 4141 scorta-

436 4179 621 4234 tione.
658 4198 682 4228 ν

514 4288 542 4318 ‹‹
573 4264 1113 4336 Ἐπισκευασάμενοι.
1145 4294 1170 4318 »
1232 4265 1351 4320 Hoc
1411 4270 1519 4331 est,
1583 4281 1717 4321 cum
1760 4280 1829 4320 ea
1858 4280 1987 4334 qua:
2019 4261 2094 4317 ad

439 4359 554 4415 iter
579 4355 915 4411 necessaria
946 4359 1114 4409 erant
1136 4354 1594 4426 accepissemus.
1619 4377 1648 4404 ‹‹
1674 4353 1869 4415 Vides.
1889 4353 2090 4420 frater,

439 4452 584 4519 quot
614 4445 875 4500 millia.»
909 4444 1236 4500 Consilium
1270 4444 1320 4498 ei
1355 4443 1500 4498 dant
1531 4449 1588 4498 et
1617 4460 1735 4498 non
1762 4442 1979 4515 jubent
2007 4442 2096 4495 Ja-

2771 1353 3041 1411 ΚΕΦΑΔ.
3092 1354 3220 1412 AA'.

2170 1452 2519 1536 Παραίνεσις-
2561 1453 2825 1536 Ἰακώξοιυ
2876 1458 3015 1536 πρὸς
3077 1459 3314 1536 Παῦλον,
3386 1459 3511 1535 περὶ
3583 1464 3681 1517 τοῦ
3748 1462 3827 1536 μὴ

2492 1525 2669 1585 δοκεῖν
2718 1525 3006 1605 Ἐϐραίους
3054 1525 3495 1607 περιτέμνεσθαὶ.

2247 1694 2275 1722 ‹‹
2332 1669 2478 1726 Μετᾶ
2535 1668 2592 1726 δὲ
2644 1673 2738 1734 τὰς
2794 1674 3006 1747 ἡμερας
3061 1675 3259 1737 ταύτας
3312 1673 3823 1749 ἐπισκευασάμενοι,

2098 1796 2142 1860 Β
2171 1757 2528 1860 ἀνεβαίνομεν
2564 1762 2677 1860 ,είς
2720 1763 3102 1860 Ἰερουσαλήμ.
3166 1763 3446 1860 Συνηλθ-ον
3505 1763 3563 1821 δὶ
3591 1766 3683 1823 καὶ
3711 1771 3820 1860 τῶν

2176 1852 2432 1923 μαθητῶν
2479 1850 2587 1907 ἀπὸ
2645 1853 2964 1927 Καισαρείας
3019 1853 3111 1907 σὺν
3167 1856 3327 1927 ἡμῖν,
3368 1854 3591 1931 ἄγοντες
3621 1855 3747 1931 παρ’
3776 1853 3822 1929 ᾧ

2176 1940 2519 2016 ξενισθῶμεν,
2578 1940 2836 1998 Μνάσωνί
2893 1963 3002 1997 τινι
3065 1942 3291 2018 Κυπρίῳ
3313 1944 3538 2020 ἄρχαίῳ
3573 1946 3818 2018 μαθητῇ.

2174 2028 2484 2105 Γενομένων
2544 2027 2601 2086 δὲ
2657 2033 2816 2104 ἡμῶν
2876 2031 2953 2094 είς
3010 2031 3388 2107 Ἰεροσόλυμα,
3428 2032 3677 2107 ἀσμένως
3708 2030 3828 2089 ἐδέ-

2174 2121 2331 2192 ξαντο
2363 2121 2511 2192 ἡμὶς
2544 2119 2595 2174 οἱ
2652 2115 2899 2200 ἀδελφοί.
2957 2123 3039 2194 Τῇ
3072 2117 3130 2175 δὲ
3167 2120 3394 2196 ἐπιούσῃ
3430 2120 3601 2195 εἰσῄει
3632 2122 3661 2176 ὁ
3690 2118 3833 2179 Παῦ-

2175 2205 2272 2270 λος
2301 2207 2393 2263 σῦν
2422 2211 2559 2283 ἡμῖν
2613 2231 2671 2284 π,
2694 2209 2751 2271 ὸς
2812 2204 3094 2278 Ἰάκωϐον,
3155 2210 3348 2273 πάντες
3377 2232 3434 2266 τε
3464 2213 3825 2287 παρεγένοντο

2174 2298 2226 2353 οἱ
2283 2294 2659 2374 πρεσϐύτεροι.
2718 2300 2822 2356 Καὶ
2878 2299 3252 2373 ἀσπασάμενος
3305 2301 3527 2370 αὐτοὺς,
3586 2300 3827 2377 ἐξηγεῖτο

2173 2389 2292 2443 καθ’
2346 2385 2400 2442 ’ἐν
2448 2383 2693 2458 ἕκαστον,
2754 2389 2829 2443 ὢν
2885 2387 3138 2458 ἐποίησεν
3187 2390 3216 2444 ὁ
3270 2391 3399 2452 Θεὸς
3426 2389 3478 2445 ἐν
3509 2396 3626 2453 τοῖς
3656 2390 3825 2447 ἔθνεσι

2176 2473 2267 2531 διὰ
2293 2483 2394 2545 τῆς
2424 2474 2700 2539 διακονίας
2726 2476 2912 2535 αὐτοῦ.
2965 2478 3033 2535 Οἱ
3086 2474 3143 2533 δὶ
3194 2477 3539 2550 ἀκούσαντες,
3573 2478 3822 2551 ἐδόξαζον

2174 2566 2266 2621 τὸν
2297 2565 2517 2640 Κύριον,
2566 2566 2718 2621 εἴπὸν
2774 2587 2833 2621 τε
2890 2567 3060 2639 αὐτῷ·
3121 2573 3376 2645 Θεωρεῖς,
3407 2566 3629 2648 ἀδελφὶ,
3661 2565 3825 2624 πὸσαι

2179 2652 2440 2729 μυριάδες
2496 2654 2629 2710 εἰσὶν
2688 2652 2971 2712 Ἰουδαίων
3030 2660 3138 2711 τῶν
3197 2658 3677 2729 πεπιστευκότωνς
3736 2657 3829 2714 καὶ

2177 2745 2370 2807 πάντες
2430 2742 2675 2815 ζηλωταὶ
2731 2747 2828 2798 τοῦ
2912 2742 3083 2818 νόμου
3171 2745 3499 2824 ὑπάρχουσι.
3560 2749 3831 2826 Κατηχή-

2179 2843 2348 2904 θησαν
2408 2829 2465 2887 δὲ
2520 2832 2643 2908 περὶ
2699 2836 2816 2902 σοῦ,
2872 2831 2954 2887 δτι
3014 2833 3344 2889 ἀποστασίαν
3405 2833 3675 2899 διδάσκεις
3720 2836 3830 2892 ἀπὸ

2179 2922 2446 2991 Μωσέως,
2513 2922 2639 2982 τοὺς
2705 2921 2840 2977 κατὰ
2910 2921 2975 2976 τὰ
3051 2916 3172 2993 ἔθνη
3242 2924 3444 2986 πάντας
3513 2922 3832 2996 Ἰουδαίους,

2179 3009 2380 3087 λέγων,
2431 3012 2506 3084 μὴ
2566 3014 2908 3085 περιτέμνειν
2970 3011 3167 3074 αὐτοὺς
3212 3012 3280 3067 τὰ
3333 3014 3512 3084 τέκνα,
3547 3011 3687 3087 μηδὲ
3715 3021 3832 3079 τοῖς

2183 3097 2322 3154 ἔθεσι
2352 3104 2684 3173 περιπατεῖν.
2742 3098 2803 3153 Τί
2864 3097 2955 3153 οὖν
3017 3098 3177 3172 ἐστι,
3236 3101 3464 3166 Πάντως
3512 3099 3595 3157 δεῖ
3621 3103 3836 3173 πλῆθος

2185 3185 2480 3243 συνελθεῖν·
2557 3186 2875 3243 ἀκούσονται
2950 3189 3054 3265 γὰρ
3130 3187 3215 3243 δτι
3297 3187 3589 3260 ἐλήλυθας.
3666 3197 3835 3248 Τοῦτο

2185 3277 2276 3332 οὗν
2344 3277 2600 3348 ποίησον,
2667 3278 2697 3332 ’ὸ
2765 3297 2849 3332 σοι
2920 3276 3167 3353 λέγομεν.
3238 3277 3384 3332 Είσῖν
3448 3281 3583 3355 ἡμῖν
3646 3278 3836 3356 ἄνδρες

2184 3366 2433 3442 τέσσαρες
2532 3366 2701 3442 εὐχὴν
2775 3363 2997 3443 ἔχοντες
3101 3366 3188 3444 ἀφ’
3291 3368 3518 3423 ἑαυτῶν·
3607 3369 3841 3434 τούτους

2186 3450 2542 3527 παραλαϐὼν,
2599 3454 2885 3531 ἁγνίσθητι
2942 3456 3033 3510 σὺν
3094 3454 3298 3526 αὐτοῖς,
3365 3459 3455 3513 καὶ
3529 3456 3838 3530 δαπάνησον

2189 3543 2272 3599 ἐπ’
2302 3544 2511 3612 αὐτοῖς,
2539 3545 2629 3599 ἳνα
2685 3546 3021 3619 ξυρήσωνται
3075 3548 3176 3616 τήν
3236 3545 3507 3627 κεφαλήν,
3539 3550 3629 3605 καὶ
3670 3555 3843 3625 γνῶσι

2187 3634 2405 3700 πάντες,
2464 3632 2549 3688 ὃτι
2608 3634 2681 3688 ὧν
2739 3635 3085 3709 κατήχηνται
3144 3634 3270 3711 περὶ
3330 3640 3427 3690 σοῦ
3488 3634 3639 3692 οὐδέν
3672 3638 3839 3707 ἐστιν,

2188 3721 2335 3777 ἀλλὰ
2365 3728 2609 3797 στοιχεῖς
2640 3722 2729 3778 καὶ
2786 3724 2950 3786 αὐτὸς
3004 3725 3097 3779 τὸν
3151 3724 3321 3797 νόμον
3364 3725 3672 3801 φυλάσσων.
3710 3729 3841 3804 Περὶ

2191 3808 2248 3865 δὲ
2305 3815 2414 3866 τῶν
2481 3813 2918 3868 πεπιστευκότων
2988 3811 3156 3867 ἐθνῶν
3216 3814 3380 3889 ἡμεῖς
3433 3815 3842 3889 ἐπεστείλαμεν,

2188 3900 2486 3976 κρίναντες,
2557 3899 2727 3974 μηδὲν
2788 3906 3039 3957 τοιοῦτον
3118 3909 3305 3979 τηρεῖν
3375 3902 3587 3974 αὐτοὺς,
3655 3905 3701 3959 εί
3764 3906 3843 3979 μὴ

2194 3989 2556 4071 φυλάσσεσθαι
2586 3992 2781 4056 αὖτοὺς
2812 3991 2874 4048 τό
2926 4013 2986 4049 τε
3046 3990 3436 4066 εἰδωλόθυτον,
3467 3995 3556 4050 καὶ
3586 3994 3650 4050 τὸ
3680 3995 3848 4070 αἷμα,

2192 4081 2282 4138 καὶ
2311 4083 2549 4152 πνικτὸν,
2581 4082 2670 4137 καὶ
2702 4082 2973 4158 πορνείαν.
3005 4106 3034 4134 ι)

2267 4286 2295 4313 ‹‹
2327 4261 2868 4335 Ἐπισκευασάμενοι.
2906 4286 2935 4313 ››
2987 4263 3263 4337 Τουτέστι,
3317 4265 3385 4318 τὰ
3432 4264 3571 4338 πρὸς
3616 4259 3851 4319 ὁδοὶπο-

2197 4349 2315 4427 ρίαν
2348 4345 2631 4413 λαϐόντες.
2688 4373 2717 4402 ‹‹
2750 4355 3001 4426 Θεωρεῖς,
3056 4350 3274 4431 ἇδελφὶ,
3304 4353 3472 4408 πόσαι
3505 4350 3787 4429 μυριάδες.
3824 4377 3853 4404 »

2199 4435 2699 4513 Συμϐουλεύουσιν,
2751 4438 2851 4494 οὐκ
2908 4439 3252 4497 ἐπιτάττουσι
3309 4441 3490 4514 τούτῳ
3522 4441 3728 4517 οἱπερὶ
3759 4442 3850 4495 τὸν

440 4538 622 4593 cobus
653 4540 711 4590 et
750 4535 850 4605 qui
905 4551 1038 4589 cum
1095 4550 1164 4588 eo
1223 4539 1413 4600 erant,
1448 4540 1690 4605 propter
1720 4531 1878 4604 quod
1912 4531 2081 4586 etiam

2202 4523 2493 4586 Ἰάκωϐονο
2557 4526 2675 4583 ὅθεν
2747 4527 2837 4583 καὶ
2894 4528 3191 4591 πείθουσιν.
3251 4532 3588 4604 Οἱκονομίας
3647 4529 3753 4606 γὰρ
3784 4528 3853 4599 ἦν

440 4626 859 4681 suadent.Nam
895 4624 1360 4695 dispensationis
1379 4627 1507 4677 erat
1528 4622 1633 4676 illa
1662 4620 2088 4677 condescensio

440 4731 561 4769 non
595 4713 1212 4785 legislationis.ltaque
1242 4710 1682 4783 prmdicationis
1708 4709 1958 4764 offensio
1990 4713 2093 4763 aut

441 4802 936 4871 impedimentum
969 4819 1087 4857 non
1122 4810 1266 4865 erat,
1298 4800 1400 4855 sed
1423 4799 1955 4871 dispensatio.Nam
1988 4797 2091 4868 qui

441 4891 823 4962 Jerosolymis
852 4909 921 4947 ex
942 4892 1157 4947 Judmis
1181 4889 1856 4953 crediderant,instituta
1881 4887 2094 4960 legalia

444 4980 636 5037 adhuc
669 4997 904 5035 servare
961 4980 1255 5035 volebant.
1302 5003 1329 5031 «
1364 4981 1464 5035 His
1494 4978 1814 5050 assumptis
1844 4978 2096 5049 purifica

445 5077 501 5126 te
533 5084 667 5124 cum
699 5069 837 5124 illis.
877 5092 903 5117 n
939 5067 1201 5124 Suadent
1240 5070 1293 5123 ei
1350 5076 1416 5124 ut
1475 5085 1654 5141 opere
1686 5067 2095 5124 defensionem

443 5164 631 5232 paret,
652 5175 771 5213 non
799 5159 1221 5213 sermone.Hoc
1242 5159 1440 5229 itaque
1464 5158 1703 5225 dicunt;
1728 5158 1809 5211 Tu
1840 5156 2095 5229 porrige,

445 5264 576 5319 qum
602 5249 773 5319 juxta
828 5247 1017 5318 legem
1078 5247 1411 5302 offeruntur
1464 5264 1571 5319 pro
1602 5247 1709 5314 eis,
1741 5245 2003 5314 hostias;
2034 5249 2100 5299 ut

447 5335 847 5406 suspicionem
892 5333 1106 5403 solvas,
1149 5341 1207 5389 et
1244 5334 1524 5390 ostendas
1565 5332 1721 5405 quod
1755 5350 1876 5389 non
1906 5332 2101 5388 solum

2198 4621 2232 4688 ἡ
2264 4611 2683 4694 συγκατάϐασις,
2736 4618 2798 4671 ού
2852 4620 3192 4692 νομοθεσίας.
3227 4621 3342 4680 Οὐκ
3383 4619 3486 4697 ἄρα
3514 4619 3725 4697 ἐγκοπὴ
3756 4622 3856 4675 τοῦ

2198 4706 2551 4782 κηρύγματος
2606 4709 2768 4761 τοῦτο
2825 4706 2917 4775 ἧν,
2974 4706 3101 4763 ἀλλ’
3155 4708 3460 4783 οἱκονομία,
3529 4710 3597 4767 Οἳ
3646 4710 3748 4783 γὰρ
3800 4706 3854 4761 ἐν

2198 4794 2612 4871 Ἱεροσολύμοις
2673 4816 3049 4860 πιστευσαντες
3102 4798 3209 4854 ἀπὸ
3267 4796 3568 4868 Ἰουδαίων,
3634 4797 3702 4852 τά
3755 4792 3851 4866 ἔθη

2199 4886 2267 4941 τὰ
2293 4885 2498 4958 νομικᾶ
2523 4882 2722 4954 ἤθελον
2768 4878 2845 4940 ἔτι
2905 4886 3212 4964 φυλάττειν.
3274 4910 3296 4937 ι
3333 4888 3574 4953 Τούτους
3603 4884 3857 4963 παραλα-

2204 4969 2313 5030 ϐὼν
2349 4974 2630 5051 ἁγνίσθητι
2664 4975 2757 5028 σὺν
2805 4974 3014 5039 αὐτοῖς.
3050 5001 3077 5029 ››
3139 4977 3329 5054 Ἐργῳ
3385 4980 3484 5048 τήν
3550 4974 3855 5052 ἀπολογίαν

2204 5070 2431 5132 ποιῆσαι
2461 5061 2608 5135 αὐτῷ
2664 5058 3156 5136 συμϐουλεύουσιν,
3219 5068 3283 5122 οὐ
3348 5066 3523 5143 λόγῳ.
3566 5069 3735 5121 Τοῦτο
3766 5061 3859 5119 οὖν

2207 5172 2354 5231 φασι·
2431 5152 2535 5214 Τὰς
2605 5153 3053 5232 προσφερομένας
3130 5156 3261 5233 ὑπὲρ
3327 5156 3503 5212 αὐτῶν
3566 5155 3703 5211 κατὰ
3766 5153 3860 5209 τὸν

2206 5242 2379 5316 νόμον
2410 5239 2615 5310 θυσίας,
2673 5241 2737 5296 σὺ
2793 5242 3066 5320 πάρασχε,
3121 5244 3206 5300 ἳνα
3264 5244 3436 5321 λύσῃς
3466 5246 3565 5315 τήν
3597 5242 3861 5318 ὑποψίαν,

2207 5331 2299 5388 καὶ
2332 5328 2534 5405 δείξῃς,
2566 5331 2651 5386 ὅτι
2679 5330 2743 5387 οὗ
2779 5332 2941 5404 μόνον
2994 5334 3058 5389 ού
3108 5330 3380 5398 διδάσκεις
3410 5332 3510 5405 ἔξω
3539 5338 3635 5389 τοῦ
3660 5332 3864 5404 νόμου,

444 5440 563 5479 non
593 5424 807 5480 doceas
844 5440 975 5496 qum
1016 5423 1129 5497 legi
1173 5425 1472 5480 contraria
1513 5429 1671 5490 sunt,
1704 5422 1823 5477 imo
1854 5421 2013 5494 quod
2044 5438 2081 5477 e‘

2211 5417 2340 5477 ἀλλ’
2370 5419 2454 5476 ὅτι
2481 5420 2572 5475 καὶ
2602 5419 2766 5482 αὐτὸς
2798 5419 3092 5498 φυλάττεις
3122 5425 3189 5479 τὰ
3244 5423 3295 5480 ἐν
3353 5428 3433 5496 τῷ
3458 5424 3635 5500 νόμῳ.
3658 5422 3774 5481 ’ίνα
3804 5416 3868 5475 δὶ

442 5514 571 5586 ipse
602 5529 799 5570 serves
831 5530 963 5587 qua:
990 5513 1050 5568 in
1087 5513 1214 5587 lege
1239 5513 1549 5587 jubentur.
1582 5513 1662 5567 Ne
1691 5516 1889 5568 autem
1921 5512 2102 5582 dicat,

442 5603 502 5659 Si
532 5608 737 5677 gentes
760 5605 870 5661 hoc
899 5604 1237 5675 didicerint,
1260 5602 1687 5658 offendiculum
1714 5599 1854 5658 inde
1878 5601 2103 5675 patien-

2217 5511 2291 5585 μή
2325 5508 2487 5586 λέγῃ,
2518 5507 2602 5564 ὅτι
2627 5508 2727 5563 "Av
2758 5509 2826 5564 τὰ
2882 5506 3011 5583 ἔθνη
3070 5517 3232 5569 τοῦτο
3293 5513 3527 5588 μάθωσι,
3568 5507 3872 5568 σκανδαλε-

2215 5601 2525 5671 σθήσονται,
2583 5598 2774 5674 ἐπάγει
2834 5596 3050 5657 λοιπόν
3115 5603 3305 5681 «Περὶ
3338 5600 3395 5661 δέ
3441 5607 3549 5659 τῶν
3583 5620 3875 5659 πεπιστευ-
