4176 6200
403 391 522 454 26⁸1

398 615 560 669 vivis.
592 609 706 665 Alii
736 623 870 661 vero
902 605 1108 660 dicunt
1138 603 1250 656 hoc
1281 618 1412 656 esse
1445 599 1604 671 quod
1634 602 1900 654 Romana
1922 615 2056 654 con-

403 696 720 756 suetudine
743 692 899 764 apud
921 708 1029 746 nos
1053 690 1288 745 dicunt:
1317 689 1476 742 Inter
1502 688 1668 758 signa
1695 702 1827 740 eum
1852 686 2052 756 injice.

401 810 429 838 «
459 789 666 841 Nonne
693 790 754 838 tu
780 800 840 836 es
863 781 964 835 ille
991 777 1382 852 Egyptius?»
1420 777 1520 832 Hic
1547 776 1846 848 Egyptius
1879 775 2054 830 homo

406 875 648 947 quidam
677 877 803 928 erat
821 887 1018 926 rerum
1053 885 1336 923 novarum
1373 865 1671 920 studiosus
1695 865 2059 934 etimpostor

404 982 472 1020 ac
499 963 914 1036 praestigiator.
950 959 1168 1012 Volens
1225 973 1359 1028 ergo
1393 955 1666 1010 diabolus
1699 954 1940 1008 Paulum
1967 952 2052 1008 fa-

405 1070 538 1110 cere
570 1053 920 1125 participem
955 1049 1274 1104 criminum
1310 1063 1439 1116 qua
1468 1045 1578 1099 sibi
1629 1043 2055 1116 congruebant,

404 1142 910 1216 quemadmodum
935 1140 1112 1194 etiam
1135 1138 1242 1193 sub
1271 1137 1502 1191 Christo
1537 1140 1801 1206 tempore
1823 1133 1950 1198 illo,
1975 1135 2059 1188 in-

405 1232 814 1303 citavitipsum
837 1235 901 1284 ut
919 1232 1262 1300 portentosa
1276 1229 1621 1290 operaretur
1637 1223 2053 1277 interJudzeos.

404 1325 694 1392 Quoniam
720 1326 916 1376 autem
951 1318 1094 1372 dicit
1151 1315 1461 1368 tribunus:
1517 1314 1723 1367 Nonne
1753 1319 1816 1365 tu
1849 1327 1910 1366 es
1959 1311 2057 1365 ille

405 1413 731 1486 Egyptius,
767 1410 919 1463 hanc
949 1405 1220 1478 protinus
1254 1403 1658 1473 suspicionem
1689 1418 1720 1455 a
1762 1417 1822 1455 se
1855 1401 2064 1472 rejecit

406 1504 706 1558 declarato
737 1513 952 1570 genere
985 1511 1052 1550 ac
1083 1493 1390 1565 religione.
1439 1491 1672 1545 Etenim
1723 1490 1864 1546 alibi
1917 1488 2062 1544 dicit

404 1607 532 1647 sese
547 1589 876 1661 legitimum
901 1583 1116 1639 Christi
1143 1582 1448 1637 cultorem.
1463 1583 1758 1634 Vocantur
1775 1585 1968 1634 autem
1985 1579 2060 1632 si-

401 1679 548 1735 carii
582 1677 867 1738 latrones,
899 1687 1115 1745 genere
1147 1671 1379 1724 ensium
1411 1673 1646 1724 utentes
1670 1669 1770 1739 qui
1793 1667 2061 1739 proxime

403 1769 478 1823 ad
504 1783 710 1822 eorum
742 1763 1034 1820 accedunt
1063 1758 1534 1832 magnitudinem
1560 1774 1708 1828 quos
1731 1759 1918 1811 Psrsm
1942 1756 2058 1810 aci-

405 1873 585 1914 nacas
617 1855 855 1909 dicunt:
891 1850 1212 1906 inﬂexione
1243 1864 1376 1902 vero
1409 1864 1476 1902 ac
1521 1851 1830 1902 curvatura
1879 1845 1952 1900 iis
1983 1845 2063 1899 si-

405 1947 581 2003 miles
613 1948 752 1998 sunt
772 1959 920 2012 quos
945 1938 1190 1995 Romani
1225 1938 1376 1992 sicas
1408 1937 1711 2008 appellant
1741 1951 1753 1988 :
1787 1933 2060 2004 aquibus

403 2038 582 2092 etiam
600 2034 686 2088 illi
720 2031 1092 2088 latrocinium
1125 2032 1467 2082 exercentes
1489 2025 1948 2096 appellationem
1967 2039 2059 2078 ac-

405 2127 712 2197 ceperunt.
760 2119 870 2174 Alii
899 2135 1036 2172 vero
1069 2123 1288 2172 sectam
1309 2115 1626 2187 quamdam
1645 2114 1800 2184 apud
1825 2112 2056 2168 Judaeos

407 2231 538 2271 esse
576 2211 870 2267 dicebant.
909 2209 1047 2262 Tres
1082 2206 1378 2276 siquidem
1407 2204 1562 2276 apud
1591 2203 1825 2258 Iudaeos
1883 2207 2056 2258 sectae

405 2308 579 2359 erant
609 2302 669 2355 in
701 2314 937 2372 genere,
967 2311 1184 2366 nempe
1217 2293 1521 2360 Pharisaei,
1555 2291 1858 2347 Sadducaei
1885 2291 2050 2346 etEs-

407 2391 568 2449 seni:
603 2390 784 2460 hique
817 2388 996 2442 vitam
1027 2384 1382 2440 severiorem
1433 2382 1749 2447 ducebant,
1803 2380 2054 2434 invicem

406 2480 744 2552 diligentes,
776 2493 843 2532 ac
877 2479 1201 2546 temperate
1227 2471 1550 2527 admodum
1581 2471 1844 2524 viventes
1873 2485 1886 2522 :
1923 2467 2054 2523 ideo

404 2585 638 2640 quoque
673 2567 878 2622 Esseni
910 2565 1260 2620 dicebantur
1313 2562 1480 2632 quasi
1537 2556 1702 2626 ὅσιοι,
1751 2561 1788 2615 i.
1824 2559 2053 2613 sancti:

405 2659 506 2714 alii
531 2675 670 2713 vero
701 2655 956 2711 Sicarios
989 2656 1151 2725 ipsos
1194 2651 1596 2724 appellabant,
1649 2651 1769 2705 sive
1817 2649 2052 2704 zelotas.

475 2749 629 2804 που
661 2745 806 2811 XXI,
839 2745 927 2810 39,
961 2745 1068 2810 to;
1130 2741 1299 2802 xxn,
1363 2742 1512 2794 4-29.
1573 2739 1792 2793 «Dixit
1856 2743 2054 2792 autem

405 2837 624 2893 Paulus
651 2835 798 2906 :Ego
812 2831 1055 2904 quidem
1089 2831 1266 2883 homo
1300 2845 1431 2883 sum
1460 2827 1695 2882 Judams
1725 2825 2052 2892 Tarsensis,

405 2944 526 2984 non
559 2925 825 2980 obscuras
855 2921 1103 2976 Cilicum
1133 2919 1384 2974 civitatis
1430 2919 1590 2972 civis.
1651 2918 1808 2988 Rogo
1857 2921 2056 2970 autem

403 3023 483 3086 te,
517 3017 795 3090 permitte
827 3012 974 3068 mihi
1005 3011 1168 3082 loqui
1199 3010 1270 3066 ad
1303 3009 1609 3080 papulum.
1641 3007 1906 3079 Cumque
1953 3007 2054 3062 ille

409 3107 804 3180 permisisset,
866 3101 1084 3157 Paulus
1143 3105 1306 3156 stans
1363 3100 1424 3153 in
1482 3098 1784 3171 gradibus,
1845 3100 2055 3153 annuit

407 3212 590 3250 manu
622 3195 694 3249 ad
726 3194 997 3264 plebem:
1050 3196 1109 3245 et
1157 3205 1368 3262 magno
1413 3187 1652 3242 silentio
1705 3187 1858 3242 facto
1908 3187 2056 3242 allo-

1390 376 1798 436 COMMENT.
1846 375 1920 434 1N
1969 373 2166 435 ACTA
2215 375 2814 437 APOSTOLORUM.

399 533 494 582 tra
523 522 873 580 Dominum:
903 515 1088 581 Tolle,
1119 512 1281 578 tolle,
1343 512 1455 566 hoc
1506 517 1594 565 est
1640 509 1806 566 aufer
1853 525 1987 564 eum
2020 525 2050 564 e

2165 507 2388 582 Κυρίου,
2425 529 2450 560 ιι
2486 509 2618 583 Αἶρε
2649 508 2832 576 αυτὸν,
2873 506 2989 562 ἀντὶ
3021 510 3139 577 τοῦ,
3171 508 3409 582 Ἐπαρον
3443 505 3602 562 αὑτὸν
3626 505 3813 563 ἐκτῶν
3897 553 3904 558 .

3685 377 3805 440 268

2164 599 2401 664 ζώντων.
2437 595 2633 653 Ἀλλοι
2669 594 2725 651 δὲ
2757 596 2900 651 οὕτω
2931 597 3080 674 φασὶ,
3131 595 3405 652 τουτέστιν
3438 598 3468 651 6'
3501 599 3626 672 παρ’
3677 599 3812 670 ἡμῖν

2163 685 2386 762 λέγουσι
2442 687 2576 742 κατᾶ
2649 687 2748 753 τήν
2806 685 3122 757 Ῥωμαϊκήν
3183 687 3486 756 συνήθειανο
3551 687 3638 743 Ἐν
3695 693 3814 748 τοῖς

2163 773 2374 850 σίγνοις
2406 771 2563 830 αὸτὸν
2598 771 2826 846 ἔμϐαλε.
2869 799 2893 828 ιι
2924 774 3037 831 Οὐκ
3069 773 3172 849 ἂρα
3202 775 3263 828 σὺ
3295 777 3344 830 εἷ
3373 776 3401 830 6
3423 775 3748 852 Αἰγύπτιος.
3783 800 3812 830 ››

2161 864 2234 917 Ο*
2361 865 2388 918 6
2545 865 2618 900 ε’·-
3053 864 3065 882 ¹
3759 865 3773 884 ‘

2207 886 2332 926 υτος
2437 864 2756 938 Αίγδιιτιος,
2815 861 3097 939 ἅνθρωπος
3154 885 3236 925 τις
3298 865 3363 934 ἦν
3418 884 3812 941 νεωτεροποιος

2162 955 2253 1008 καὶ
2285 956 2578 1023 στατιασὴς
2611 954 2700 1008 καὶ
2748 954 2995 1008 ἀπατεὼν
3049 952 3139 1007 καὶ
3197 954 3356 1028 γόης.
3419 954 3517 1010 Καὶ
3576 953 3748 1018 θέλων
3781 956 3809 1008 ὁ

2164 1038 2426 1105 διάϐολος
2450 1043 2712 1098 κοινωνὸν
2751 1047 2926 1098 ποιεῖν
2981 1041 3195 1097 Παῦλον
3238 1047 3346 1097 τῶν
3407 1041 3592 1115 ἐκείνῳ
3648 1063 3814 1119 προσ-

2165 1132 2408 1203 ηκόντων
2456 1132 2837 1207 ἐγκλημάτων,
2895 1130 3080 1206 ὥσπερ
3135 1132 3224 1185 καὶ
3275 1131 3364 1186 ἐπὶ
3419 1137 3518 1187 τοῦ
3578 1137 3810 1206 Χριστοῦ

2162 1225 2300 1277 κατὰ
2326 1223 2416 1276 τὸν
2445 1223 2630 1298 καιρὸν
2689 1219 2912 1286 ἐκεῖνον,
2973 1218 3245 1298 διήγειρεν
3303 1220 3468 1276 αὐτὸν
3524 1222 3811 1297 τερατεύε-

2165 1315 2286 1367 σθαι
2316 1312 2367 1367 ἐν
2398 1318 2514 1374 τοῖς
2563 1309 2869 1374 Ἰουδαίοις.
2917 1309 3142 1380 Ἐπειδὴ
3205 1307 3260 1366 δέ
3319 1333 3483 1388 φησιν
3514 1313 3542 1367 6
3576 1311 3812 1389 χιλίαρ-

2164 1421 2288 1476 χος,
2326 1401 2394 1456 Σὺ
2425 1401 2476 1456 εἴ
2512 1402 2540 1455 6
2599 1401 2923 1477 Αἰγύπτιος,
2983 1399 3180 1464 εὐθέως
3236 1401 3398 1455 αὐτὸν
3452 1401 3655 1472 ταύτης
3707 1403 3806 1456 ἀπ-

2165 1493 2339 1566 ήγαγε
2393 1497 2491 1560 τῆς
2551 1489 2806 1564 ὑποψίας,
2861 1489 2952 1544 καὶ
2991 1490 3052 1544 τὸ
3111 1485 3258 1550 ἔθνος
3317 1489 3505 1556 εἰπὼν,
3565 1490 3654 1545 καί
3710 1492 3808 1559 τὴν

2167 1577 2479 1652 θρησκείαν.
2539 1579 2644 1633 Καὶ
2701 1578 2802 1652 γὰρ
2859 1576 3116 1651 ἀλλαχοῦ
3185 1573 3412 1648 ἔννομον
3471 1579 3660 1634 ἑαυτὸν
3715 1583 3813 1634 τοῦ

2167 1667 2403 1741 Χριστοῦ
2427 1665 2602 1721 καλεῖ.
2669 1667 2916 1741 Σικάριοι
2977 1661 3033 1720 δὲ
3093 1663 3344 1740 λέγονται
3399 1665 3596 1740 λῃσταί
3645 1669 3810 1744 ξιφει-

2168 1753 2306 1817 δίοις
2337 1756 2644 1830 χρώμενοι,
2692 1754 3101 1829 παραπλησίοις
3163 1755 3258 1827 μὲν
3296 1755 3360 1809 τὸ
3421 1755 3640 1831 μέγεθος
3695 1762 3810 1818 τοῖς

2165 1852 2272 1902 τῶν
2307 1850 2523 1922 Περσῶν
2584 1845 2884 1914 ἀκινάκαις,
2943 1843 3276 1918 ἐπικαμπέσι
3335 1843 3390 1900 δὲ
3447 1845 3536 1900 καὶ
3594 1847 3809 1919 ὁμοίοις

2166 1941 2285 1997 ταῖς
2317 1935 2420 1989 ὑπὸ
2451 1933 2742 2007 Ῥωμαίων
2780 1933 3146 2007 καλουμέναις
3205 1935 3403 2004 σίκαις,
3455 1937 3544 2012 ἀφ’
3587 1937 3662 1991 ὧν
3719 1938 3805 1992 καὶ

2163 2026 2263 2092 τήν
2295 2023 2668 2101 προσηγορίαν
2725 2023 2777 2078 ol
2833 2021 3186 2098 λῃστεύοντες
3245 2019 3465 2080 ἔλαϐον.
3525 2024 3720 2082 Ἀλλοι
3754 2023 3812 2082 δὲ

2167 2115 2366 2191 αἰρεσίν
2401 2136 2514 2171 τινα
2545 2113 2690 2190 παρὰ
2720 2111 3006 2178 Ἰουδαίοις
3047 2111 3243 2193 ἔφασαν
3291 2118 3449 2170 εἶναι’
3503 2118 3663 2190 Τρεῖς
3709 2117 3811 2192 γάρ

2167 2207 2300 2261 εἶσιν
2349 2207 2583 2281 αἱρέσεις
2638 2207 2846 2279 γενικαὶ
2900 2207 3047 2280 παρὰ
3101 2202 3410 2275 Ἰουδαίοις,
3497 2212 3812 2282 Φαρισαῖοι,

2165 2294 2554 2366 Σαδδουκαῖοι,
2587 2295 2676 2350 καὶ
2703 2295 2976 2364 Ἐσσηνοί·
3013 2297 3164 2350 οὗτοι
3193 2296 3285 2350 τὸν
3320 2295 3438 2370 βίον
3491 2297 3814 2373 σεμνότερον

2165 2387 2410 2452 ἀσκοῦσι,
2474 2383 2821 2460 φιλάλληλοι
2881 2385 3032 2446 ὄντες
3081 2385 3172 2439 καὶ
3231 2383 3526 2460 ἐγκρατεῖς·
3587 2383 3673 2442 διὸ
3723 2387 3812 2442 καὶ

2165 2476 2412 2545 Ἐσσηνοὶ
2483 2475 3004 2550 προσαγορεύονται,
3091 2472 3259 2550 ἤγουν
3309 2474 3474 2530 ὅσιοι·
3533 2471 3696 2530 ἄλλοι
3758 2473 3815 2530 δὲ

2165 2564 2362 2626 αὑτοὺς
2396 2564 2688 2637 Σικαρίους
2720 2562 2998 2632 ἐκάλεσαν,
3027 2561 3202 2638 ἤγουν
3233 2561 3506 2634 ζηλωτάς.

2241 2767 2264 2796 ι
2299 2745 2434 2800 Εἴπε
2483 2742 2540 2799 δὲ
2597 2745 2624 2798 6
2683 2743 2919 2806 Παῦλος⁵
2981 2743 3125 2821 Ἐγὼ
3201 2743 3486 2818 ἄνθρωπος
3546 2745 3640 2818 μέν
3697 2745 3812 2820 εἶμι

2165 2832 2432 2896 Ἰουδαῖος
2489 2833 2744 2908 Ταρσεὺς,
2803 2841 2903 2903 τῆς
2958 2832 3209 2894 Κιλικίας
3268 2833 3371 2888 οὑκ
3443 2835 3660 2907 ἀσήμου
3709 2835 3813 2888 πό-

2167 2923 2306 2986 λεως
2337 2923 2592 2993 πολίτης.
2633 2923 2834 2996 Δέομαι
2887 2920 2942 2977 δέ
2995 2943 3113 2988 σου,
3144 2921 3433 2998 ἐπίτρεψόν
3487 2943 3580 2996 μοι
3633 2921 3812 2992 λαλῆ-

2167 3035 2252 3067 σαι
2283 3015 2420 3088 πρὸς
2447 3014 2540 3068 τὸν
2597 3011 2747 3068 λαόν.
2803 3011 3227 3086 Ἐπιτρέψαντος
3277 3009 3334 3065 δὶ
3385 3011 3572 3079 αὐτοῦ,
3605 3013 3633 3066 6
3665 3013 3808 3068 Παῦ-

2167 3104 2262 3167 λος
2295 3105 2462 3165 ὲστὼς
2494 3102 2582 3157 ἐπὶ
2631 3107 2736 3156 τῶν
2795 3097 3146 3173 ἀναϐαθμῶν,
3205 3101 3478 3156 κατέσεισε
3533 3105 3600 3176 τῇ
3664 3103 3812 3177 χειρὶ

2166 3197 2242 3264 τῷ
2291 3194 2427 3264 λαῷ.
2486 3191 2714 3261 Ηολλῆς
2763 3189 2820 3245 δὲ
2883 3198 3036 3263 σιγῆς
3093 3190 3415 3266 γενομένης,
3473 3191 3811 3270 προσεφώνει

406 3247 701 3352 q—uebatur
727 3247 928 3352 lingua
961 3279 1225 3338 Hebraea,
1256 3247 1512 3331 dicens:
1569 3277 1682 3330 Viri
1743 3276 1954 3331 fratres
1999 3281 2053 3331 et

2171 3249 2238 3353 τῇ
2309 3247 2552 3355 Ἐὑραίδι
2613 3247 2899 3352 διαλέκτῳ.
2950 3247 3183 3352 Ι’Ἄνδρες
3226 3247 3488 3352 Ιἀδιέλξοὶ
3518 3247 3524 3263 .
3549 3247 3666 3333 καὶ⁵
3707 3299 3813 3334 πα-

409 3373 632 3438 patres,
667 3367 864 3420 audite
897 3381 1094 3419 meam
1137 3379 1312 3433 quam
1365 3379 1524 3416 nunc
1581 3363 1653 3417 ad
1695 3379 1797 3416 vos
1845 3363 2060 3432 loquor

408 3459 876 3515 excusationem.
923 3459 1066 3511 Cum
1126 3461 1324 3510 autem
1382 3455 1692 3509 audissent
1740 3455 1896 3525 quod
1946 3453 2057 3508 He-

405 3547 566 3602 braea
595 3549 802 3620 lingua
832 3545 944 3600 sibi
1005 3545 1372 3616 loqueretur,
1424 3544 1609 3614 magis
1655 3545 2059 3614 praestiterunt

409 3637 743 3700 silentium,
780 3641 840 3690 et
869 3635 1046 3689 dixit:
1079 3633 1194 3706 Ego
1223 3631 1462 3702 quidem
1496 3647 1626 3685 sum
1677 3631 1762 3685 vir
1797 3631 2055 3699 Judaaus,

409 3733 585 3780 natus
615 3727 677 3780 in
707 3727 883 3780 Tarso
918 3723 1157 3791 Cilicias,
1191 3725 1467 3776 caeterum
1502 3719 1784 3774 educatus
1837 3721 1896 3774 in
1949 3719 2057 3774 hac

411 3816 646 3870 civitate
678 3814 752 3870 ad
781 3813 962 3885 pedes
1020 3810 1380 3876 Gamalielis,
1437 3809 1740 3864 institutus
1788 3813 2058 3864 accurate

411 3905 474 3959 in
509 3905 700 3976 patria
725 3903 875 3976 lege,
908 3901 1010 3956 Dei
1041 3901 1163 3955 zelo
1196 3899 1428 3964 ductus,
1463 3898 1617 3952 sicut
1633 3903 1692 3952 et
1720 3915 1820 3953 vos
1848 3913 2057 3952 omnes

407 3993 552 4047 estis
583 3992 796 4046 hodie:
832 3992 932 4062 qui
987 3990 1140 4044 hanc
1187 3989 1338 4043 viam
1387 3993 1732 4058 persecutus
1781 4004 1912 4042 sum
1959 4004 2056 4041 us-

401 4098 516 4153 que
551 4081 623 4136 ad
659 4085 938 4144 mortem,
973 4079 1224 4150 alligans
1263 4076 1622 4147 tradensque
1675 4078 1734 4130 in
1786 4093 2053 4132 carceres

402 4171 560 4226 viros
593 4170 818 4240 pariter
849 4185 916 4224 ac
947 4167 1269 4222 mulieres:
1325 4167 1479 4220 sicut
1525 4171 1583 4219 et.
1629 4167 1907 4238 princeps
1959 4183 2054 4224 sa—

401 4259 708 4315 cerdotum
759 4258 912 4315 mihi
961 4258 1128 4312 testis
1189 4261 1278 4311 est
1326 4261 1380 4310 et
1427 4255 1700 4310 universa
1747 4257 2049 4312 seniorum

395 4349 814 4422 congregatio:
849 4364 881 4402 a
913 4347 1128 4418 quibus
1161 4345 1337 4400 etiam
1402 4345 1670 4416 epistolis
1717 4346 1790 4400 ad
1839 4345 2050 4402 fratres

401 4440 658 4510 acceptis
690 4439 1046 4493 Damascum
1078 4435 1520 4506 proficiscebar,
1574 4435 1936 4489 adducturus
1993 4441 2052 4490 et

395 4529 534 4584 illos
557 4530 658 4600 qui
695 4529 773 4582 ibi
809 4533 1010 4582 essent
1044 4527 1271 4580 vinctos
1301 4527 1497 4579 Jerusr
1513 4525 1628 4578 lem
1670 4531 1735 4578 ut
1765 4525 2050 4596 puniren—

2170 3370 2343 3445 τέρες,
2375 3370 2638 3424 ἀκούσατέ
2691 3389 2796 3441 μου
2827 3376 2930 3438 τῆς
2969 3371 3108 3442 πρὸς
3161 3369 3301 3441 ὑμᾶς
3341 3371 3432 3422 νῦν
3488 3366 3812 3444 ἀπολογίας.

2175 3459 2529 3520 Ἀκούσαντες
2587 3455 2643 3513 δὲ
2700 3459 2784 3512 ’ὁτι
2843 3453 3090 3534 Ἐϐραΐδι
3163 3454 3432 3529 δ.αλέκτῳ
3497 3464 3812 3535 προσφωνεῖ

2173 3547 2372 3610 αὐτοῖς,
2404 3547 2615 3619 μᾶλλον
2644 3547 2920 3626 παρέσχον
2970 3546 3229 3621 ⁹ἡσυχίαν,
3281 3545 3367 3600 καί
3423 3565 3610 3622 φησιν·
3661 3548 3812 3621 Ἐγὼ

2175 3637 2268 3710 μέν
2325 3636 2437 3708 είμι
2499 3637 2635 3711 ἆνῆρ
2719 3635 3004 3704 Ἰουδαῖος,
3061 3635 3456 3712 γεγεννημένος
3515 3635 3567 3690 ἐν
3621 3641 3813 3711 Ταρσῷ

2167 3732 2268 3794 τῆς
2345 3723 2611 3796 Κιλικίας,
2689 3721 3164 3800 ἀνατεθραμμένος
3245 3721 3303 3779 δὶ
3387 3724 3439 3779 ἐν
3515 3727 3583 3798 τῇ
3649 3724 3812 3780 πόλει

2167 3814 2333 3888 ταύτῃ
2389 3813 2537 3888 παρὰ
2591 3813 2721 3874 τοὺς
2783 3811 2955 3874 πόδας
3009 3811 3325 3885 Γαμαλιήλ,
3385 3809 3808 3882 πεπαιδευμένος

2171 3905 2304 3959 κατᾶ
2386 3897 2664 3977 ἀκρίϐειαν
2745 3906 2842 3956 τοῦ
2927 3903 3184 3977 πατρῴου
3259 3900 3448 3973 νόμου,
3546 3899 3805 3970 ζηλωτὴς

2171 3994 2432 4067 ὑπάρχων
2462 3996 2560 4046 τοῦ
2617 3995 2774 4060 Θεοῦ,
2827 3991 3007 4056 καθὼς
3063 3991 3255 4052 πάντες
3315 3990 3468 4062 ὑμεῖς
3525 3987 3642 4043 ἐστε
3705 3991 3806 4059 σή-

2173 4103 2356 4156 μερον·
2417 4085 2476 4145 ὃς
2523 4083 2722 4152 ταύτην
2779 4083 2880 4150 τήν
2935 4079 3059 4138 ὁδὸν
3119 4079 3315 4151 ἐδίωξα
3365 4079 3498 4156 ἄχρι
3553 4079 3810 4152 θανάτου,

2169 4171 2442 4244 δεσμεύων
2511 4171 2600 4226 καὶ
2675 4167 3008 4246 παραδιδοὺς
3084 4169 3159 4232 είς
3219 4169 3465 4250 φυλακὰς
3511 4167 3706 4244 ἄνδρας
3757 4189 3817 4224 τε

2165 4264 2256 4318 καὶ
2305 4268 2581 4338 γυναῖκας·
2641 4261 2718 4322 ὠς
2774 4261 2864 4314 καὶ
2923 4261 2951 4314 6
3007 4259 3296 4334 ἀρχιερνὺς
3376 4263 3640 4334 μαρτυρεῖ
3722 4279 3818 4331 μοι

2165 4351 2254 4407 καὶ
2307 4355 2407 4404 πᾶν
2471 4349 2534 4404 τὸ
2588 4345 2992 4423 πρεσϐυτέριον.
3053 4349 3187 4422 Ηαρ⁹
3247 4348 3322 4402 ὧν
3367 4347 3458 4402 καὶ
3519 4347 3815 4410 ἐπιστολὰς

2167 4440 2448 4513 δεξάμενος
2487 4440 2622 4513 πρὸς
2677 4439 2803 4500 τοὺς
2861 4435 3150 4515 ἀδελφοὺς,
3195 4436 3276 4498 εἷς
3335 4439 3618 4510 Δαμασκὸν
3679 4437 3813 4492 ἰπο-

2166 4531 2428 4604 ρευὸμην,
2493 4527 2630 4602 ἃξων
2712 4527 2802 4582 καὶ
2876 4526 3004 4589 τοὺς
3060 4528 3232 4582 ἐκεῖσε
3277 4525 3437 4590 ὄντας
3487 4525 3810 4599 δεδεμένους

398 4625 518 4673 tur.
555 4618 784 4674 Accidit
816 4623 1014 4672 autem
1047 4615 1160 4669 iter
1187 4614 1426 4668 facienti
1460 4619 1518 4670 et
1551 4615 2050 4685 apprOpinquanti

2165 4619 2238 4678 είς
2289 4616 2650 4693 Ἰερουσαλήμ
2700 4617 2793 4670 ἳνα
2836 4618 3246 4690 τιμωρηθῶσιν.
3301 4613 3545 4690 Ἐγένετο
3596 4614 3652 4671 δέ
3713 4639 3808 4690 μοι

401 4707 686 4762 Damasco
747 4707 986 4762 circiter
1043 4705 1380 4771 meridiem,
1431 4709 1497 4759 ut
1543 4704 1735 4758 subito
1785 4705 1855 4759 de
1903 4705 2049 4760 caelo

398 4795 875 4868 circumfulgeret
905 4813 1000 4850 me
1027 4796 1124 4850 lux
1159 4794 1364 4859 multa,
1400 4793 1704 4863 cecidique
1739 4793 1798 4847 in
1831 4795 2046 4862 solum,

397 4889 455 4936 et.
514 4882 707 4937 audivi
764 4900 967 4939 vocem
1028 4884 1326 4939 dicentem
1385 4883 1580 4937 mihi:
1669 4883 1827 4948 Saul,
1888 4883 2046 4950 Saul,

394 4969 540 5042 quid
575 4987 667 5024 me
721 4971 1150 5042 persequeris?
1193 4973 1309 5044 Ego
1353 4987 1488 5025 vero
1537 4969 1856 5041 respondi:
1906 4971 2047 5036 Quis

397 5075 479 5122 es,
521 5057 820 5114 Domine?
875 5059 1149 5130 Dixitque
1202 5060 1275 5114 ad
1331 5075 1464 5114 me:
1526 5059 1641 5130 Ego
1702 5075 1831 5114 sum
1879 5062 2046 5115 Jesus

393 5149 748 5213 Nazarenus,
785 5163 961 5217 quem
993 5152 1056 5202 tu
1093 5147 1488 5218 persequeris.
1543 5149 1613 5202 Et
1661 5149 1760 5218 qui
1813 5165 2044 5205 mecum

392 5241 583 5303 erant,
619 5235 822 5292 lumen
857 5236 1102 5306 quidem
1134 5235 1409 5291 viderunt
1451 5242 1509 5290 et
1557 5237 1821 5292 exterriti
1884 5245 2042 5304 sunt,

391 5341 592 5381 vocem
622 5331 820 5382 autem
854 5341 976 5379 non
1008 5325 1325 5380 audierunt
1357 5325 1486 5397 ejus
1542 5326 1640 5396 qui
1689 5325 2044 5397 loquebatur

391 5431 648 5470 mecum.
685 5415 810 5471 Dixi
841 5420 1078 5470 autem:
1113 5415 1262 5480 Quid
1292 5415 1529 5482 faciam,
1587 5415 1830 5470 Domine
1857 5417 1884 5470 ?
1929 5417 2039 5470 Do-

391 5503 593 5559 minus
623 5509 822 5560 autem
876 5503 1024 5559 dixit
1063 5504 1260 5559 mihi:
1313 5505 1491 5575 Surge
1543 5509 1600 5556 et
1649 5504 1791 5558 vade
1837 5505 2038 5560 Dama-

387 5609 577 5658 scum,
609 5598 667 5648 et
697 5593 774 5648 ibi
809 5593 1040 5649 dicetur
1069 5593 1178 5649 tibi
1209 5593 1282 5648 de
1305 5591 1584 5647 omnibus
1609 5609 1740 5663 qum
1766 5593 2040 5652 ordinata

387 5688 528 5739 sunt
587 5689 651 5739 ut
703 5689 766 5739 tu
827 5683 1030 5740 facias.
1096 5685 1362 5751 Cumque
1423 5696 1540 5734 non
1591 5681 1850 5737 viderem
1917 5700 2036 5753 prae

2161 4727 2512 4782 πορευομενῳ
2563 4705 2653 4760 καὶ
2713 4705 2981 4781 ἐγγίζοντι
3041 4709 3109 4780 τῇ
3171 4703 3443 4778 Δαμασκῷ
3513 4707 3636 4778 περὶ
3709 4727 3809 4779 με-

2160 4793 2460 4871 σημϐρίαν,
2521 4795 2772 4872 ἐξαίφνης
2856 4794 2916 4850 ἑκ
2969 4799 3066 4850 τοῦ
3133 4795 3366 4868 οὐρανοῦ
3421 4796 3811 4870 περιαστρέψαι

2158 4891 2272 4965 φῶς
2323 4887 2506 4940 ἱκανὸν
2566 4885 2687 4960 περὶ
2747 4883 2864 4958 ἐμέο
2935 4882 3123 4940 ἔπεσόν
3212 4905 3269 4939 τε
3329 4883 3405 4945 εἷς
3461 4885 3523 4937 τὸ
3589 4879 3810 4960 ἔδαφος,

2155 4975 2245 5028 καὶ
2303 4975 2512 5042 ἤκουσα
2571 4981 2760 5050 φωνῆς
2820 4973 3088 5049 Αεγούσης
3151 4993 3266 5045 μοι’
3331 4971 3535 5032 Σαοὺλ.
3605 4971 3806 5039 Σαοὺλ,

2155 5064 2204 5119 τί
2243 5086 2309 5136 με
2369 5061 2628 5134 διώκεις;
2668 5065 2810 5142 Ἐγὼ
2856 5063 2913 5118 δὲ
2969 5061 3290 5139 ἀπεκρίθην,
3339 5063 3436 5124 Τίς
3483 5065 3553 5132 εἴ,
3605 5063 3804 5138 Κύριες

2157 5155 2292 5210 Εῒπέ
2323 5173 2379 5208 τε
2408 5155 2544 5228 ηρὸς
2603 5173 2691 5225 με’
2753 5155 2894 5229 Ἐγώ
2945 5153 3060 5227 είμι
3117 5155 3327 5220 Ἰησοῦς
3373 5153 3400 5207 6
3460 5157 3806 5226 Ναζωραῖος,

2155 5243 2304 5296 ὅνσυ
2347 5241 2561 5304 διώκεις
2639 5244 2704 5296 Ol
2747 5241 2802 5298 δὲ
2863 5244 2958 5298 σὺν
3009 5242 3135 5314 ἐμοὶ
3193 5242 3345 5305 ὄντες
3411 5243 3473 5296 16
3533 5244 3630 5316 μὲν
3687 5245 3805 5320 φῶς

2155 5332 2461 5396 ἐθεὲισαντο,
2519 5331 2607 5386 καὶ
2663 5326 2906 5411 ἔμφοϐοι
2965 5331 3232 5406 ἐγένοντο,
3317 5334 3418 5400 τὴν
3495 5328 3552 5386 δὲ
3611 5333 3801 5405 φωνήν

2153 5421 2253 5476 οὐκ
2307 5421 2544 5490 ἥκουσαν
2611 5425 2706 5475 τοῦ
2792 5420 3092 5482 λαλοῦντός
3184 5442 3300 5494 μοι.
3381 5421 3550 5477 Εἶπον
3609 5417 3684 5487 δὲ,
3737 5419 3804 5474 Τί

2151 5513 2391 5581 ποιήσω,
2455 5511 2634 5585 Κύριε.
2703 5511 2764 5567 Ὁ
2827 5506 2884 5564 δὲ
2941 5510 3142 5582 Κύριος
3199 5511 3338 5585 πρός
3397 5531 3484 5584 με.
3539 5507 3805 5571 Ἀναστὰς

2147 5601 2384 5677 πορεύου
2457 5598 2532 5662 εἷς
2629 5599 2938 5672 Δαμασκὸν,
3015 5599 3174 5655 κάκεῖ
3253 5621 3340 5654 σοι
3427 5597 3806 5670 λαληθήσεται

2147 5687 2271 5763 περὶ
2319 5689 2554 5761 πάντων,
2637 5687 2710 5742 ὧν
2785 5685 3033 5744 τέτακταί
3097 5709 3182 5744 σοι
3261 5693 3508 5759 ποιῆσαι.
3579 5687 3669 5751 Ὠς
3741 5683 3804 5741 δὶ
