4150 6200
281 358 402 417 269

1392 347 1808 414 GCUMENII
1849 348 2158 409 TRICCAE
2200 350 2579 413 EPISCOPI.

3581 368 3699 428 270

276 490 380 546 οὒκ
425 483 716 545 ἱνέόλεπον
786 486 891 543 ἀπὸ
947 492 1048 556 τῆς
1104 483 1267 556 δόξης
1319 488 1417 540 τοῦ
1476 482 1673 569 φωτὸς,
1711 479 1928 569 ἐκείνου,

2050 483 2319 538 claritate
2374 500 2441 540 ac
2481 485 2710 559 fulgore
2754 488 3000 547 luminis
3056 494 3242 564 illius,
3288 515 3394 569 per
3451 517 3695 559 manum

271 577 797 656 χειραγωγούμενος
848 576 951 631 ὑπὸ
988 579 1097 631 τῶν
1154 574 1416 629 συνόντων
1453 594 1567 646 μνι,
1623 568 1794 640 ἦλθον
1855 568 1931 631 είς

271 669 588 743 Δαμασκόν.
618 666 869 728 ’Δνανίας
902 662 962 721 δέ
1036 685 1119 726 τις
1148 664 1286 739 ἀνῆρ
1346 657 1595 731 εὐσεϐὴς,
1654 659 1790 715 κατᾶ
1841 659 1935 714 τὸν

270 760 444 831 νόμον
507 754 958 831 μαρτυρούμενος
1006 752 1113 809 ὐπὸ
1165 754 1379 807 πάντῶν
1435 754 1542 806 τῶν
1602 747 1929 805 κατοικούνα

270 869 384 904 των
436 845 743 913 Ἰουδαίων,
823 842 999 907 ἐλθὼν
1054 843 1191 914 πρός
1254 862 1319 915 με
1372 840 1463 895 καὶ
1517 838 1757 907 ἐπιστὰς,
1818 837 1931 892 εἶπέ

276 957 399 1010 μοι’
460 936 643 991 Σαοὺλ
702 930 924 1008 ἀδελφέ,
1011 926 1342 1005 ἀνάϐλεψον.
1424 929 1583 1003 Κάγὼ
1668 928 1803 1000 αὐτῇ
1862 930 1929 998 τῇ

274 1024 394 1099 ὥρα
454 1019 726 1097 ἀνέϐλεψα
774 1022 853 1086 εἷς
890 1020 1072 1079 αὐτόν.
1102 1022 1161 1078 '0
1194 1018 1247 1075 δί
1293 1020 1463 1075 εἶπενο
1520 1019 1581 1075 Ὀ
1640 1017 1767 1077 Θεὸς
1819 1020 1929 1069 τῶν

274 1115 525 1191 πατέρων
556 1116 720 1187 ἡμῶν
776 1110 1200 1187 προεχειρίσατό
1246 1129 1303 1164 σε
1359 1113 1561 1186 γνῶναι
1616 1106 1679 1162 τὸ
1711 1105 1929 1177 θέλημα

275 1190 469 1275 αὗτοῦ,
497 1203 587 1259 καὶ
622 1199 753 1257 ἰδεῖν
793 1203 858 1257 τὸ
914 1199 1144 1267 δίκαιον,
1202 1198 1292 1255 καὶ
1346 1199 1565 1253 ἀκοῦσαι
1628 1195 1812 1273 φωνήν
1872 1190 1931 1247 ἐκ

266 1299 373 1349 τοῦ
404 1293 679 1367 πόματος
707 1290 896 1359 αὐτοῦ,
929 1289 1015 1346 ὅτι
1046 1285 1143 1363 ἔσῃ
1179 1288 1385 1363 μάρτυς
1439 1285 1587 1359 αὖτῷ
1616 1283 1753 1360 πρὸς
1794 1282 1928 1338 πάν-

267 1404 365 1445 τας
410 1382 754 1457 ἀνθρώπους,
811 1381 888 1434 ὧν
942 1379 1184 1455 ἑώρακας
1242 1376 1333 1432 καὶ
1380 1374 1642 1447 ἤκουσας.
1706 1373 1801 1428 Καὶ
1834 1375 1925 1426 νῦν

270 1472 323 1528 τί
360 1470 643 1545 μέλλεις,
702 1468 966 1531 Ἀναστὰς
1019 1468 1280 1543 βάπτισαι
1329 1465 1416 1521 καὶ
1475 1461 1777 1521 ἀπόλουσαι
1832 1462 1927 1523 τὰς

271 1561 545 1637 ἁμαρτίας
574 1581 671 1616 σου
702 1557 1162 1631 έπικαλεσάμενος
1213 1556 1276 1611 τὸ
1333 1551 1509 1628 ὄνομα
1562 1557 1659 1609 τοῦ
1699 1553 1924 1627 Κυρίου.

269 1651 525 1726 Ἐγένετο
586 1646 644 1704 δέ
725 1670 820 1721 μοι
907 1645 1295 1723 ὑποστρέψαντι
1382 1645 1456 1708 εἷς
1540 1641 1925 1716 Ἰερουσαλὴμ,

267 1741 358 1795 καὶ
417 1737 878 1818 προσευχομένου
940 1758 1047 1811 μου
1098 1736 1152 1791 ἐν
1207 1740 1289 1809 τῷ
1342 1737 1497 1811 ἱερῷ,
1554 1734 1796 1808 γενέσθαι
1857 1752 1925 1805 με

268 1828 322 1885 έν
356 1827 744 1900 ἐκστάσει,Μῖ
792 1824 926 1881 ἰδεῖν
978 1827 1140 1882 αὐτὸν
1198 1823 1433 1899 λέγοντά
1500 1839 1618 1897 μοι·
1684 1824 1921 1876 Σπεῦσον

2040 1838 2151 1891 me,
2180 1828 2239 1878 et
2268 1823 2528 1879 viderem
2558 1842 2713 1893 eum,
2749 1827 3045 1885 dicentem
3077 1832 3222 1886 mihi

267 1918 361 1973 καὶ
410 1915 594 1988 ἔξελθε
642 1915 696 1972 έν
743 1915 903 1991 τάχει
965 1914 1013 1985 ἰξ
1056 1912 1442 1991 Ἰερουσαλήμ,
1506 1909 1645 1967 διότι
1702 1911 1767 1966 οὐ
1826 1910 1924 1964 πά-

268 2005 591 2083 ραδέεονταί
651 2027 746 2062 σου
794 2008 897 2075 τήν
959 2005 1258 2080 μαρτυρίαν
1340 2004 1463 2078 περὶ
1539 2001 1695 2077 ἐμοῦ.
1756 2000 1922 2077 Κάγὼ

267 2100 455 2154 εἷπονο
515 2097 720 2171 Κύριε,
781 2095 932 2151 αὐτοὶ
1015 2094 1326 2150 ἐπίστανται
1361 2138 1376 2163 ,
1435 2093 1520 2149 ὅτι
1605 2091 1716 2167 ἐγὼ
1767 2090 1921 2164 ἤμην

269 2186 594 2261 ᾳυλακίζων
653 2185 743 2240 καὶ
796 2183 966 2257 δέρων
1033 2184 1173 2239 κατὰ
1252 2184 1349 2245 τὰς
1434 2182 1748 2257 συναγωγάς
1796 2179 1923 2240 τοὺς

264 2275 631 2337 πιστεύοντας
662 2273 751 2330 ἀπὶ
782 2272 860 2331 σέ.
904 2274 1009 2331 Καὶ
1055 2271 1144 2328 ὅτε
1190 2270 1429 2348 ἐξεχεῖτο
1487 2270 1550 2327 τὸ
1607 2271 1747 2344 αἷμα
1795 2275 1926 2323 Στε-

264 2365 443 2432 φάνου
470 2368 572 2419 τοῦ
636 2364 911 2439 μάρτυρός
938 2382 1060 2432 σου,
1119 2361 1210 2416 καὶ
1270 2360 1433 2424 αὐτὸς
1477 2357 1630 2433 ἤμην
1689 2358 1924 2436 ἐφεστὼς

264 2456 361 2510 καὶ
419 2450 754 2509 συνευδοκῶν
834 2455 904 2527 τῇ
987 2451 1257 2527 ἀναιρέσει
1353 2450 1549 2517 αὐτοῦ,
1634 2448 1924 2529 φυλάσσων

264 2545 336 2600 τά
384 2543 582 2616 ἱμάτια
641 2545 747 2596 τῶν
810 2538 1172 2617 ἀναιρούντων
1231 2538 1415 2604 αὐτόν,
1453 2539 1555 2596 Καὶ
1614 2539 1736 2593 εἷπε
1791 2534 1927 2612 πρός

273 2651 363 2706 με·
404 2631 670 2705 Πορεύου,
702 2631 786 2685 ὅτι
837 2628 948 2707 ἐγὼ
1008 2630 1084 2692 εἷς
1137 2623 1264 2700 ἔθνη
1328 2628 1535 2703 μακράν
1586 2625 1928 2697 ἆξαποστελῶ

272 2742 355 2780 σε.
387 2722 627 2777 Ἤκουον
660 2718 718 2775 δὶ
746 2718 915 2774 αὐτοῦ
945 2718 1079 2795 ἄχρι
1105 2717 1302 2773 τούτου
1330 2722 1429 2773 τοῦ
1481 2716 1672 2792 λόγου,
1712 2715 1800 2771 καὶ
1834 2716 1925 2770 έπ-

272 2818 415 2881 ἦραν
447 2813 549 2881 τήν
578 2812 764 2890 φωνὴν
796 2809 995 2877 αὐτῶν,
1029 2808 1305 2885 λέγοντες’
1340 2811 1474 2885 Αἶρε
1530 2808 1636 2864 άπὸ
1690 2813 1792 2877 τῆς
1824 2812 1928 2882 γῆς

269 2903 368 2956 τὸν
408 2905 684 2956 τοιοῦτον
739 2899 800 2955 οὐ
831 2900 935 2977 γὰρ
993 2901 1230 2965 καθῆκον
1287 2898 1446 2953 αὐτὸν
1509 2896 1627 2972 ζῇν.
1688 2895 1932 2972 Κραζόν-

275 3012 388 3046 των
423 2987 482 3045 δὶ
510 2989 712 3058 αὐτῶν,
769 2988 859 3044 κάὶ
917 2987 1221 3063 ῥιπτόντων
1283 2987 1350 3043 τά
1401 2987 1619 3059 ἱμάτια,
1676 2986 1764 3041 καὶ
1826 3006 1930 3041 κο-

269 3080 491 3155 νιορτὸν
578 3076 901 3153 βαλλόντων
962 3079 1039 3140 είς
1089 3078 1182 3133 τὸν
1242 3077 1391 3152 ἀέρα,
1452 3075 1726 3132 ἐκέλευσεν
1774 3074 1930 3131 αὐτὸν

273 3171 303 3225 6
351 3167 665 3245 χιλίαρχος
718 3165 934 3242 ἄγεσθαι
996 3167 1072 3228 είς
1126 3168 1227 3236 τὴν
1284 3160 1673 3242 παρεμϐολὴν,
1735 3164 1925 3231 εἰπὼν,

274 3258 531 3331 μάστιξιν
614 3256 957 3326 ἀνετάζεσθαι
1014 3255 1235 3323 ἀύτὸν,
1313 3256 1409 3311 ’ἱνα
1482 3253 1685 3328 ἐπιγνῷ
1736 3250 1808 3309 δι’
1858 3254 1926 3322 ἢν

269 3347 450 3403 αἰτίαν
505 3346 681 3408 οὕτως
737 3344 1048 3424 έπεφώνουν
1102 3344 1253 3420 αὖτῷ
1286 3387 1297 3400 .
1366 3346 1456 3408 Ὠς
1509 3342 1566 3401 δὲ
1623 3343 1928 3419 προέτεινεν

267 3436 440 3491 αὐτὸν
488 3439 608 3497 τοῖς
664 3435 845 3507 ἱμᾶσι,
905 3435 1020 3491 εἶπε
1074 3434 1211 3511 πρὸς
1266 3435 1359 3491 τὸν
1418 3432 1621 3490 ἑστῶτα
1678 3433 1929 3489 ἑκατόντ-

270 3543 452 3603 αρχον
538 3524 567 3579 6
637 3523 871 3585 Παῦλος*
960 3523 1025 3581 Ei
1110 3524 1394 3598 ἄνθρωπον
1480 3525 1757 3597 Ῥωμαῖον
1840 3523 1931 3578 καὶ

271 3613 637 3687 ἀκατάκριτον
720 3607 918 3683 ἔξεστιν
1018 3613 1147 3686 ὑμῖν
1262 3612 1587 3686 μαστίζεινς
1668 3611 1931 3674 Ἀκούσας

273 3700 335 3757 δὲ
397 3703 427 3757 6
483 3701 907 3778 ῑκατόνταρχος,
962 3703 1279 3780 προσελθὼν
1336 3701 1636 3778 ἀπήγγειλε
1689 3706 1769 3774 τῷ
1838 3721 1928 3777 χι-

276 3790 529 3867 λιάρχῳ,
613 3790 812 3868 λέγων·
894 3792 1033 3867 Ὅρα
1088 3791 1140 3845 τί
1202 3788 1427 3864 μέλλεις
1490 3796 1688 3846 ποιεῖν’
1741 3791 1769 3846 ὁ
1826 3790 1927 3865 γὰρ

278 3883 568 3957 ἄνθρωπος
648 3881 805 3945 οὗτος
859 3880 1134 3954 Ῥωμαῖός
1192 3880 1325 3937 ἐστι.
1408 3879 1732 3953 Προσελθὼν
1795 3877 1853 3935 δὶ
1901 3882 1929 3935 6

279 3970 606 4045 χιλίαρχος.
640 3972 786 4025 εἶπεν
843 3970 1011 4043 aiith
1074 3966 1213 4047 Λέγε
1273 3991 1390 4043 μοι,
1438 3970 1483 4025 εἰ
1542 3970 1606 4025 σὺ
1657 3970 1930 4043 Ῥωμαῖος

276 4059 329 4114 εἶ
356 4078 372 4127 ;
405 4059 469 4116 Ὀ
503 4056 560 4113 δὲ
589 4053 713 4138 ἔφη,
768 4059 896 4116 Ναίο
955 4059 1248 4134 Ἀπεκρίθη
1280 4080 1339 4115 τε
1369 4061 1397 4114 6
1425 4057 1749 4136 χιλίαρχος⁹
1783 4060 1929 4136 Ἐγὼ

272 4144 499 4203 πολλοῦ⁹
555 4146 852 4225 κεφαλαίου
935 4151 1038 4219 τὴν
1095 4148 1375 4204 πολιτείαν
1438 4149 1643 4219 ταύτην
1700 4146 1924 4218 ἐκτησά-

281 4259 418 4309 μην.
450 4236 514 4294 Ὀ
546 4233 605 4291 δὶ
657 4235 875 4299 Παῦλος
924 4232 1049 4318 ἔφη·
1102 4238 1253 4313 Ἐγὼ
1311 4239 1368 4293 δὲ
1424 4238 1514 4293 καὶ
1573 4238 1927 4314 γεγέννημαι.

275 4325 500 4389 Εὐθέως
555 4325 646 4380 οὗν
730 4325 1035 4396 ἀπέστησαν
1118 4326 1213 4382 ἀπ’
1296 4327 1464 4382 αὐτοῦ
1526 4327 1577 4382 οἱ
1638 4323 1932 4400 μέλλοντες

271 4413 756 4484 αὖτὸνάνετάζειν.
815 4415 914 4470 Καὶ
972 4416 1000 4471 6
1056 4413 1358 4492 χιλίαρχος
1396 4413 1454 4471 δὶ
1511 4410 1757 4494 ἐφοϐήθη
1809 4414 1930 4469 ἐπι-

270 4503 466 4579 γνοὺς,
500 4502 583 4560 δτι
627 4503 906 4578 Ῥωμαῖός
958 4504 1093 4577 έστι,
1150 4505 1242 4561 καὶ
1296 4506 1380 4561 δτι
1438 4505 1504 4576 ἦν
1564 4505 1723 4561 αὐτὸν
1778 4501 1929 4559 δεδεα

271 4594 412 4655 κώς.
451 4617 475 4645 ι

273 4688 405 4744 Πῶς
437 4703 602 4760 φησιν
638 4683 943 4755 ὁΠαῦΑος,
1002 4686 1208 4760 «Ἐγὼ
1268 4685 1362 4758 μὶν
1421 4684 1538 4759 εἶμι
1595 4683 1731 4758 ἀνὴρ
1789 4684 1923 4740 Ἰου-

272 4769 433 4833 δαῖος
478 4771 710 4846 Ταρσεὺς
742 4817 757 4844 ,
812 4779 915 4843 τῆς
973 4771 1226 4837 Κιλικίας
1286 4772 1387 4829 οὐκ
1436 4773 1654 4847 ἀσήμου
1709 4771 1925 4834 πόλεως

266 4862 541 4931 πολίτης,
574 4887 602 4914 »
644 4861 733 4917 καὶ
797 4861 932 4934 μετὰ
992 4863 1207 4939 μικρόν·
1271 4886 1299 4913 ιι
1333 4863 1397 4920 Ei’
1454 4863 1732 4939 ἄνθρωπον
1790 4864 1927 4919 Ῥω-

275 4955 449 5023 μαῖον
496 4950 586 5006 καὶ
641 4950 1020 5027 ἀκατάκριτον,
1062 4976 1090 5004 ››
1144 4952 1234 5007 καὶ
1291 4952 1359 5006 τά
1413 4952 1585 5027 έξῇςς
1654 4955 1776 5015 Ηῶς
1835 4951 1925 5007 οὖν

264 5043 445 5095 ταῧτα
486 5038 678 5109 εἰπὼν,
736 5037 863 5096 οὐδὶ
921 5039 974 5095 έν
1031 5039 1199 5117 ἑτέρῳ
1255 5044 1453 5115 καιρῷ,
1514 5038 1641 5097 ἀλλ’
1699 5041 1749 5096 ἐν
1782 5041 1930 5112 αὐτῷ

270 5129 461 5202 τούτῳ
515 5126 569 5184 ἰν
629 5130 676 5202 ᾧ
732 5134 901 5185 ταῦτα
978 5126 1152 5206 ἔλεγε,
1211 5130 1299 5185 καὶ
1358 5130 1492 5206 πρὸς
1547 5129 1678 5192 τοὺς
1734 5129 1929 5191 αὐτοὺς

274 5217 550 5291 ἀκροατάς
603 5235 785 5295 φησιν*
861 5216 926 5275 Ei
986 5215 1266 5293 ἄνθρωπον
1322 5220 1594 5291 Ῥωμαῖον
1650 5218 1742 5274 καὶ
1799 5217 1933 5272 ἀκα-

269 5303 534 5380 τάκριτον
562 5301 760 5376 ἔξεστιν
795 5307 922 5380 ὑμῖν
958 5307 1236 5381 μαστίζειν
1272 5325 1286 5375 ;
1320 5307 1420 5363 Καὶ
1481 5310 1579 5361 τοῦ
1624 5304 1931 5381 χιλιάρχου

272 5395 679 5470 πυθανομένουο
730 5395 794 5454 Εἰ
852 5396 915 5451 σὺ
964 5397 1238 5470 Ῥωμαῖος
1294 5396 1365 5462 εἴ,
1418 5390 1788 5451 διεϐεϐαιοῦτο
1846 5397 1930 5452 ’ὀτι

270 5487 561 5556 Ῥωμαῖος
614 5485 707 5555 ἦν,
767 5486 855 5541 καὶ
905 5486 1016 5561 οὐχ
1069 5483 1261 5546 ἁπλῶς
1317 5487 1479 5539 τοῦτο
1533 5482 1729 5559 λέγων,
1787 5483 1934 5540 ἀλλά

272 5594 467 5651 φησιν,
498 5574 583 5630 ὅτι
618 5599 647 5627 σι
682 5576 825 5652 Ἐγὼ
854 5576 945 5630 καὶ
973 5576 1297 5652 γεγέννημαι
1334 5594 1347 5642 ;
1382 5599 1410 5627 ››
1451 5575 1543 5646 Ἐξ
1590 5575 1758 5629 αὐτοῦ
1805 5574 1935 5628 τού-

272 5685 375 5721 του
406 5661 651 5737 μάλιστα
682 5661 854 5735 δῆλον
905 5665 987 5720 ὅτι
1036 5662 1328 5737 ἠλήθευεν.
1399 5663 1459 5720 Εἰ
1515 5663 1615 5739 γὰρ
1664 5662 1715 5718 έν
1776 5660 1934 5736 ἄλλῳ

1965 4585 2015 4649 D

2050 571 2342 629 deductus
2401 591 2434 629 a
2484 577 2799 634 comitibus
2858 581 2957 651 qui
3018 600 3254 641 mecum
3312 594 3505 653 erant,
3564 592 3693 646 veni

2042 660 2415 720 Damascum.
2451 666 2707 721 Ananias
2740 674 2939 724 autem
2972 672 3055 724 vir
3086 673 3417 746 religiosus,
3471 695 3694 734 secun-

2043 751 2184 805 dum
2213 752 2403 824 legem
2437 755 2779 811 testimonio
2813 759 3093 829 probatus
3117 766 3384 819 omnium
3418 766 3693 824 habitan-

2044 840 2189 895 tium
2231 841 2353 896 illic
2398 842 2759 909 Iudaeorum,
2810 848 3053 904 veniens
3101 852 3173 906 ad
3221 870 3313 909 me
3363 860 3422 909 et
3468 863 3689 926 astans,

2043 928 2191 984 dixit
2219 930 2363 985 mihi
2399 948 2412 986 :
2446 932 2582 986 Saul
2613 933 2813 1001 frater,
2848 937 3045 1008 recipe
3081 940 3290 995 visum.
3326 945 3394 997 Et
3436 961 3540 1014 ego
3592 964 3689 1003 ea-

2043 1017 2176 1073 dem
2207 1019 2374 1084 hora,
2405 1021 2528 1075 visu
2561 1028 2818 1095 recepto,
2854 1025 2968 1080 vidi
3016 1028 3207 1083 illum.
3265 1034 3337 1085 At
3376 1033 3477 1088 ille
3509 1035 3690 1091 dixit:

2039 1112 2196 1163 Deus
2224 1115 2462 1180 patrum
2492 1118 2831 1168 nostrorum
2864 1118 3214 1188 praeparavit
3263 1125 3318 1174 te
3362 1127 3427 1175 ut
3473 1140 3693 1192 cogno-

2040 1212 2236 1251 sceres
2268 1199 2419 1254 100
2452 1199 2818 1256 voluntatem
2854 1220 3043 1272 suam,
3078 1206 3428 1280 videresque
3448 1212 3507 1266 id
3531 1214 3691 1283 quod

2031 1287 2260 1357 justum
2296 1293 2403 1356 est,
2440 1293 2498 1343 et
2549 1290 2789 1346 audires
2828 1310 3031 1349 vocem
3082 1312 3152 1352 ex
3198 1314 3299 1352 ore
3344 1300 3522 1371 ejus:
3573 1304 3690 1361 eris

2038 1375 2306 1430 enimilli
2340 1377 2506 1432 testis
2532 1378 2687 1450 apud
2720 1396 2927 1437 omnes
2976 1383 3250 1441 homines
3301 1403 3506 1444 eorum
3556 1408 3688 1462 qua:

2036 1464 2230 1520 vidisti
2262 1470 2322 1521 et
2349 1465 2665 1522 audisti.Et
2693 1485 2853 1525 nunc
2885 1472 3028 1542 quid
3060 1478 3359 1532 cunctaris
3382 1478 3409 1532 ?
3430 1480 3687 1554 Exsurge

2035 1560 2093 1609 et
2123 1554 2439 1627 baptizare,
2474 1573 2540 1613 ac
2588 1564 2829 1630 peccata
2874 1565 2974 1617 tua
3026 1563 3200 1618 ablue
3252 1567 3522 1624 invocato
3573 1588 3689 1630 no-

2033 1645 2193 1700 mine
2228 1646 2483 1701 Domini.
2516 1648 2745 1703 Accidit
2773 1655 2971 1706 autem
3005 1670 3140 1707 cum
3168 1671 3439 1712 reversus
3491 1674 3685 1716 essem

2034 1734 2392 1789 Jesrusalem
2426 1740 2484 1789 et
2514 1753 2746 1792 orarem
2779 1738 2841 1793 in
2870 1742 3114 1812 templo,
3146 1747 3211 1797 ut
3239 1762 3481 1816 raperer
3522 1753 3688 1804 extra

3277 1850 3289 1886 :
3341 1835 3581 1892 Festina
3629 1843 3688 1894 et

2036 1913 2129 1967 exi
2159 1913 2441 1970 velociter
2467 1916 2868 1988 Jerosolymis,
2927 1921 3209 1990 quoniam
3240 1940 3361 1979 non
3395 1926 3688 1999 recipient

2034 2003 2444 2060 testimonium
2478 2011 2644 2061 tuum
2668 2006 2740 2061 de
2784 2025 2900 2066 me.
2943 2011 3010 2064 Et
3041 2027 3146 2084 ego
3191 2012 3311 2068 dixi
3348 2030 3360 2068 :
3411 2016 3683 2087 Domine,

2034 2093 2147 2164 ipsi
2171 2093 2369 2148 sciunt
2386 2094 2545 2166 quod
2574 2112 2680 2168 ego
2712 2098 3124 2168 pertrahebam
3164 2102 3226 2156 in
3274 2119 3595 2173 carcerem,
3628 2112 3689 2163 et

2036 2180 2336 2238 caedebam
2367 2183 2427 2238 in
2459 2184 2709 2257 singulis
2757 2189 3068 2261 synagogis
3098 2206 3199 2246 eos
3230 2193 3331 2264 qui
3360 2193 3685 2251 credebant

2038 2271 2099 2325 in
2130 2277 2208 2327 te.
2242 2272 2311 2325 Et
2340 2287 2474 2327 cum
2504 2272 2858 2329 funderetur
2906 2280 3147 2350 sanguis
3189 2280 3471 2352 Stephani
3518 2284 3690 2340 testis

2038 2360 2145 2425 tui,
2178 2376 2283 2433 ego
2314 2377 2550 2432 quoque
2582 2364 2956 2434 assistebam,
2990 2372 3048 2422 et
3094 2371 3465 2428 assentiebar
3510 2375 3693 2430 morti

2038 2448 2224 2517 illius,
2257 2454 2315 2504 et
2346 2451 2754 2508 custodiebam
2796 2456 3147 2514 vestimenta
3196 2460 3691 2520 interﬁcientium

2040 2538 2231 2595 illum.
2294 2542 2363 2594 Et
2411 2539 2558 2595 dixit
2587 2541 2661 2597 ad
2722 2560 2816 2598 me
2869 2562 2881 2599 :
2935 2547 3090 2603 Vade
3134 2551 3417 2620 quoniam
3467 2569 3572 2623 ego
3621 2552 3699 2610 ad

2039 2634 2246 2702 gentes
2276 2629 2483 2701 procul
2513 2630 2748 2688 mittam
2802 2639 2879 2690 te.
2927 2637 3265 2695 Audiebant
3310 2646 3512 2698 autem
3560 2658 3697 2700 eum

2041 2734 2230 2789 usque
2260 2717 2333 2773 ad
2357 2718 2468 2775 hoc
2488 2720 2756 2787 verbum,
2790 2728 2847 2777 et
2894 2726 3270 2784 sustulerunt
3318 2747 3489 2786 voces
3535 2748 3695 2800 suas,

2043 2804 2309 2860 dicentes
2365 2822 2378 2860 :
2438 2806 2597 2861 Tolle
2654 2808 2725 2862 de
2786 2816 2942 2866 terra
2972 2812 3279 2869 hominem
3329 2816 3692 2884 istiusmodi,

2045 2911 2166 2949 non
2197 2895 2357 2950 enim
2402 2895 2490 2951 fas
2525 2902 2615 2951 est
2659 2914 2795 2953 eum
2840 2899 3047 2957 vivere.
3100 2903 3364 2974 Cumque
3409 2904 3699 2961 vocifera-

2043 2990 2254 3039 rentur
2303 2990 2361 3039 et
2416 2986 2777 3057 projicerent
2836 2989 3182 3045 vestimenta
3258 3008 3325 3047 ac
3392 2993 3695 3064 pulverem

2037 3073 2339 3144 jactarent
2369 3074 2430 3128 in
2461 3089 2681 3141 aerem,
2706 3075 2892 3146 jussit
2922 3078 3197 3135 tribunus
3228 3096 3364 3137 eum
3395 3082 3597 3139 induci
3630 3084 3693 3139 in

2046 3166 2260 3228 castra,
2321 3166 2379 3217 et
2428 3162 2739 3233 imperavit
2794 3180 2929 3220 eum
2990 3167 3189 3241 ﬂagris
3233 3171 3583 3241 examinari,
3634 3178 3701 3229 ut

2043 3253 2222 3308 sciret
2250 3258 2491 3325 propter
2519 3270 2697 3325 quam
2730 3272 2968 3312 causam
2999 3258 3082 3313 ita
3125 3259 3457 3317 clamarent
3499 3263 3703 3320 adver-

2042 3359 2142 3398 sus
2200 3358 2357 3398 eum.
2415 3344 2483 3398 Et
2536 3343 2634 3398 ubi
2688 3343 2833 3400 loris
2895 3362 3031 3402 eum
3090 3350 3486 3421 astrinxisset,
3547 3352 3697 3415 dixit

2041 3432 2259 3487 astanti
2301 3431 2413 3487 sibi
2463 3432 2797 3488 centurioni
2850 3435 3067 3491 Paulus
3116 3455 3129 3492 :
3192 3440 3342 3494 Num
3391 3440 3699 3497 hominem

2041 3527 2373 3581 Romanum
2402 3542 2469 3582 ac
2502 3526 2915 3584 indemnatum
2946 3529 3085 3586 licet
3136 3532 3300 3587 vobis
3347 3533 3697 3607 flagellare?

2041 3615 2164 3680 Quo
2223 3614 2451 3680 audito,
2501 3616 2772 3672 centurio
2822 3620 3075 3676 accessit
3123 3620 3196 3675 ad
3256 3621 3588 3690 tribunum,
3637 3629 3695 3679 et

2040 3704 2336 3759 nuntiavit
2384 3704 2460 3766 ei.
2515 3704 2720 3761 dicens
2772 3723 2785 3761 :
2836 3706 2980 3763 Vide
3027 3709 3171 3780 quid
3216 3709 3480 3765 facturus
3531 3712 3612 3766 sis
3686 3728 3699 3767 :

2040 3793 2136 3847 hic
2195 3793 2349 3847 enim
2401 3792 2577 3848 homo
2627 3795 2929 3850 Romanus
2974 3801 3082 3851 est.
3127 3797 3432 3853 Accedens
3490 3804 3691 3854 autem

2039 3882 2316 3938 tribunus
2351 3882 2500 3937 dixit
2531 3882 2621 3937 illi
2663 3900 2676 3937 :
2712 3884 2816 3938 Dic
2838 3884 2985 3938 mihi
3022 3901 3034 3937 :
3089 3901 3234 3939 num
3287 3891 3349 3939 tu
3394 3887 3695 3941 Romanus

2040 3970 2147 4026 es?
2174 3973 2246 4026 At
2277 3970 2379 4026 ille
2412 3969 2563 4025 dixit
2599 3988 2611 4025 :
2648 3972 2857 4027 Etiam.
2897 3974 2964 4026 Et
3012 3973 3320 4044 respondit
3364 3974 3642 4032 tribunus
3678 3992 3691 4029 :

2039 4062 2154 4133 Ego
2185 4060 2375 4115 multa
2407 4077 2641 4115 summa
2662 4060 2765 4130 jus
2803 4060 3053 4116 civitatis
3104 4062 3285 4134 hujus
3334 4067 3690 4137 comparavi.

2038 4149 2468 4205 Paulusautem
2507 4148 2588 4204 ait
2627 4150 2783 4221 :Ego
2808 4166 2942 4205 vero
2976 4158 3033 4205 et
3076 4158 3252 4208 natus
3302 4170 3453 4210 sum.
3508 4156 3695 4210 Proti-

2039 4255 2153 4294 nus
2210 4254 2346 4309 ergo
2401 4237 2806 4293 discesserunt
2860 4239 2933 4294 ab
2979 4239 3082 4296 illo
3132 4242 3234 4312 qui
3272 4259 3409 4298 eum
3457 4243 3693 4298 fuerant

2040 4326 2457 4382 examinaturi.
2489 4324 2783 4382 Tribunus
2831 4344 3067 4400 quoque
3120 4330 3323 4385 timuit
3370 4330 3471 4386 ubi
3518 4331 3695 4385 resci-

2040 4416 2121 4472 vit
2178 4413 2338 4486 quod
2411 4416 2709 4471 Romanus
2788 4424 2964 4484 esset,
3043 4425 3099 4474 et
3175 4418 3332 4491 quod
3408 4419 3697 4475 vinxisset

2041 4521 2198 4561 eum.
2228 4526 2256 4554 ι)

2105 4682 2555 4750 Quonammodo
2589 4683 2734 4740 dicit
2765 4684 3002 4752 Paulus,
3038 4707 3064 4734 «
3100 4687 3216 4757 Ego
3262 4684 3504 4757 quidem
3538 4687 3680 4743 161

2037 4789 2168 4828 sum
2181 4771 2418 4827 Judams
2430 4773 2882 4842 Tarsensis,non
2896 4774 3161 4829 obscuras
3174 4772 3424 4829 Cilicum
3441 4774 3694 4831 civitatis

2036 4862 2195 4931 civis,
2233 4885 2251 4910 ι
2289 4868 2345 4916 et
2376 4861 2552 4933 paulo
2586 4867 2721 4934 post
2754 4879 2766 4915 :
2809 4883 2828 4908 κ
2859 4864 3007 4917 Num
3032 4863 3336 4919 hominem
3355 4865 3688 4920 Romanum

2038 4970 2106 5009 ac
2133 4950 2594 5008 indemnatum?
2627 4974 2653 5000 »
2686 4956 2798 5007 etc.
2834 4953 3137 5018 Quomodo
3188 4971 3324 5028 ergo
3379 4971 3516 5011 cum
3562 4955 3689 5011 haec

2039 5042 2284 5097 dixisset
2315 5057 2436 5095 non
2468 5039 2583 5094 alio
2624 5045 2911 5112 tempore,
2947 5041 3049 5098 sed
3101 5060 3168 5100 eo
3220 5045 3349 5115 ipso
3399 5061 3515 5118 quo
3566 5044 3693 5099 haec

2039 5116 2270 5186 dixerat
2298 5135 2357 5185 et
2394 5144 2593 5183 coram
2622 5129 2848 5185 eisdem
2873 5131 3247 5189 auditoribus
3268 5135 3353 5189 ait
3378 5150 3391 5187 :
3416 5116 3564 5188 Num
3587 5134 3693 5188 ho-

2041 5220 2266 5275 minem
2298 5220 2629 5274 Romanum
2653 5234 2719 5273 ac
2758 5219 3170 5277 indemnatum
3212 5222 3353 5278 licet
3390 5223 3553 5279 vobis
3593 5222 3695 5277 Ila-

2040 5308 2259 5383 gellare
2276 5306 2304 5361 ‘I
2324 5306 2805 5378 Etinterrogante
2830 5310 3064 5364 tribuno
3094 5328 3106 5365 :
3134 5314 3281 5369 Num
3308 5320 3365 5365 tu
3391 5313 3692 5367 Romanus

2044 5397 2153 5454 es?
2182 5398 2513 5452 Romanum
2545 5412 2606 5450 se
2640 5412 2767 5453 esse
2802 5399 3175 5455 conﬁrmavit
3207 5417 3219 5454 :
3254 5418 3363 5455 nec
3395 5400 3449 5455 id
3470 5399 3697 5473 simpli-

2043 5488 2191 5542 citer
2215 5485 2441 5551 dicens,
2474 5483 2578 5539 sed
2604 5484 2783 5541 etiam
2817 5488 2900 5542 ait
2934 5505 2947 5542 :
2991 5510 3017 5536 «ι
3070 5489 3182 5561 Ego
3231 5506 3365 5544 vero
3417 5495 3475 5544 et
3517 5496 3692 5544 natus

2045 5591 2176 5631 sum
2196 5574 2340 5628 ?»Ex
2360 5572 2473 5627 hoc
2488 5588 2623 5645 ergo
2638 5575 3013 5645 potissimum
3035 5577 3416 5632 manifestum
3432 5584 3521 5632 est
3534 5576 3693 5647 quod

2044 5678 2245 5718 verum
2281 5661 2536 5717 dicebat.
2572 5663 2713 5717 Nam
2750 5665 2797 5718 si
2830 5665 2945 5719 alio
2977 5665 3217 5735 quidem
3248 5672 3511 5735 tempore
3556 5663 3694 5714 Tar-
