4176 6200
440 352 548 412 271

1425 342 1838 405 COMMENT.
1883 341 1963 401 IN
2009 341 2213 402 ACTA
2257 343 2860 405 APOSTOLOBUM.

3737 348 3856 409 272

442 500 675 543 sensem
707 498 834 537 sese
867 479 1131 547 dixisset,
1159 478 1276 534 alio
1298 483 1496 533 autem
1519 479 1872 541 Romanum,
1896 478 1998 531 aut
2011 473 2082 529 ad

2205 473 2299 547 μὲν
2331 475 2504 548 καιρῷ
2535 469 2722 551 ἔλεγεν
2755 475 2940 533 ἑαυτὸν
2999 475 3230 554 Ταρσέα,
3290 477 3340 532 ἐν
3397 475 3556 551 ἄλλῳ
3597 475 3653 534 δὶ
3708 479 3847 536 Ῥω⁹

443 575 591 629 alios
624 570 865 642 quidem
897 567 1200 623 auditores
1233 568 1365 637 hoc,
1402 567 1476 622 ad
1508 566 1658 622 alios
1705 582 1839 620 vero
1897 563 2090 620 illud:

442 660 777 717 verosimile
815 663 990 725 esset,
1023 663 1090 712 ut
1121 657 1362 729 quidam
1396 657 1684 721 dicerent,
1711 653 1868 725 quod
1896 671 1956 708 se
1979 652 2091 707 for-

441 750 618 805 tassis
647 751 981 803 Romanum
1041 763 1168 801 sese
1230 747 1498 818 ﬁngeret,
1557 745 1741 800 latere
1798 742 2093 798 arbitrans

443 857 542 896 eos
571 839 672 910 qui
704 843 1032 909 prassentes
1055 837 1437 908 erantipsum
1471 851 1598 889 esse
1631 835 1996 888 Tarsensem.
2021 833 2094 886 At

438 931 563 1001 ipse
597 927 696 997 qui
732 927 1086 980 Tarsensem
1105 942 1233 980 sese
1254 924 1502 987 dixerat,
1539 923 1653 980 nisi
1689 923 1800 976 sibi
1836 923 2093 977 maxime

439 1017 718 1074 conscius
742 1021 900 1071 esset
921 1015 1078 1086 quod
1097 1019 1299 1070 verum
1320 1014 1558 1080 diceret,
1578 1029 1957 1085 nequaquam
1974 1017 2092 1066 tam

445 1107 651 1162 audaci
673 1106 875 1161 animo
898 1103 971 1159 ad
991 1104 1230 1159 eosdem
1257 1104 1553 1158 diceretse
1579 1106 1909 1159 Romanum
1932 1116 2091 1155 esse:

443 1195 623 1267 idque
653 1201 795 1250 tunc
827 1211 962 1248 cum
1020 1193 1425 1249 verberandus
1473 1199 1649 1247 esset.
1713 1193 1961 1247 Planum
2008 1195 2097 1245 est

445 1287 606 1340 enim
640 1284 797 1355 quod
831 1284 876 1338 si
912 1284 1195 1339 mentitus
1227 1283 1454 1347 fuisset,
1490 1299 1608 1337 non
1635 1282 1825 1337 solum
1846 1298 1878 1336 a
1907 1280 2094 1353 plagis

445 1392 506 1429 se
536 1391 656 1428 non
691 1373 1023 1436 liberasset,
1060 1388 1260 1426 verum
1286 1372 1463 1425 etiam
1525 1371 1921 1426 truculentius
1982 1368 2094 1424 sibi

443 1467 710 1535 parasset
742 1461 1122 1533 supplicium.
1185 1461 1444 1514 Fecisset
1488 1477 1721 1531 quoque
1781 1459 2096 1515 credibiles

443 1550 780 1608 Iudaeorum
813 1549 1124 1604 adversum
1149 1566 1210 1604 se
1243 1549 1593 1618 calumnias,
1623 1550 1780 1620 quod
1811 1549 2098 1620 impostor

447 1639 885 1704 esset,mendax
910 1645 967 1694 et
987 1638 1409 1710 prmstigiator:
1432 1657 1562 1708 qua;
1585 1640 1858 1693 universa
1879 1638 2096 1693 Paulus

448 1728 700 1786 maxime
735 1728 1037 1783 nitebatur
1065 1729 1136 1783 de
1166 1728 1362 1783 medio
1397 1728 1623 1783 tollere.
1656 1730 1948 1783 Prazterea
1981 1728 2096 1782 nisi

2203 565 2387 632 μαῖον,
2438 562 2472 632 ἢ
2540 563 2678 634 πρὸς
2736 562 2941 626 ἄλλους
3001 566 3094 637 μὲν
3154 566 3419 640 ἀκροατὰς
3464 566 3653 635 ἐκεῖνο,
3713 569 3849 642 πρὸς

2202 647 2414 728 ἄλλους
2442 647 2497 705 δὲ
2526 656 2708 722 τοῦτο,
2729 653 2872 715 εἰκὸς
2902 654 2971 723 ἢν
3020 651 3197 728 λέγειν
3251 655 3421 724 τίνας,
3462 655 3543 711 ὅτι
3601 657 3687 726 τὸ,
3718 658 3851 712 Ῥω-

2206 716 2388 812 μᾶἷος,
2446 739 2587 805 ·ἷ’σως
2643 740 2983 812 ἐπλάττετο,
3046 743 3319 800 λανθάνειν
3401 746 3640 818 νομίζων
3726 745 3855 810 τοὺς

2201 829 2468 901 παρόντας
2504 874 2517 898 ,
2571 828 2654 886 ὅτι
2734 829 2844 886 ἐστὶ
2919 831 3179 906 Ταρσεύς.
3241 833 3302 890 Ὀ
3349 831 3405 889 δὲ
3465 833 3623 895 αὐτὸς
3669 836 3854 890 ἐαυτὸν

2204 920 2416 992 Ταρσέα
2443 919 2631 992 εἰπὼν,
2678 921 2723 975 εί
2777 922 2853 996 μὴ
2913 923 2978 976 τὰ
3031 923 3271 997 μάλιστα
3305 924 3479 997 ἑαυτῷ
3527 923 3853 996 ἀληθεύοντι

2203 1006 2444 1082 συνῄδει,
2479 1009 2576 1063 οὐκ
2608 1010 2665 1064 ἃν
2725 1009 3013 1087 ἐθάρσησεν
3044 1012 3208 1067 εἰπὼν
3263 1013 3398 1086 πρὸς
3451 1012 3577 1077 τοὺς
3636 1014 3856 1084 αὐτοὺς,

2203 1095 2286 1151 ὅτι
2317 1098 2592 1170 Ῥωμαῖός
2625 1098 2734 1154 ἐστι
2779 1101 2870 1154 καὶ
2925 1100 3047 1156 τότε
3105 1101 3397 1166 τύπτεσθαι
3459 1102 3678 1176 μέλλων
3739 1111 3849 1174 Δῆ-

2204 1199 2300 1240 Λον
2319 1188 2419 1262 γὰρ
2451 1188 2525 1250 ὡς
2556 1189 2618 1243 τὸ
2640 1187 2930 1263 ψεύδεσθαι
2960 1189 3143 1260 αὐτὸν,
3196 1193 3261 1246 οὐ
3299 1192 3466 1264 μόνον
3523 1192 3623 1248 οὐκ
3667 1193 3854 1264 ἀπήλ-

2204 1272 2366 1330 λαττε
2383 1281 2491 1330 τῶν
2524 1275 2778 1351 πληγῶν,
2809 1277 2956 1334 ἀλλὰ
3002 1279 3090 1334 καὶ
3124 1279 3486 1358 σφοδροτέραν
3515 1282 3615 1350 τήν
3673 1303 3850 1355 τιμωο

2205 1363 2320 1438 ρίαν
2354 1362 2548 1422 ἐποίέι.
2593 1366 2796 1421 Ἠποίει
2854 1365 2910 1422 δὲ
2977 1369 3170 1431 πιστὰς
3229 1371 3316 1424 καὶ
3362 1371 3457 1432 τάς
3513 1373 3629 1425 κατ’
3686 1370 3851 1427 αὐτοῦ

2204 1447 2466 1514 διαϐολὰς
2498 1458 2607 1509 τῶν
2641 1453 2944 1524 Ἰουδαίων,
2995 1458 3079 1512 ὅτι
3137 1457 3384 1513 ἀπατὲών
3412 1458 3544 1528 ἐστι,
3576 1459 3667 1514 καὶ
3724 1459 3854 1533 ψεύ-

2205 1562 2358 1612 στης,
2395 1540 2483 1596 καὶ
2541 1543 2698 1617 γόης,
2731 1543 3005 1601 ἃπάντων
3079 1545 3313 1619 μάλιστα
3371 1546 3590 1610 Παῦλος
3648 1549 3849 1623 ἠγωνί-

2207 1635 2323 1698 ζετο
2357 1632 2760 1702 ἀποσκευάζειν.
2808 1634 3032 1697 Ἄλλως
3082 1656 3141 1690 τε
3196 1635 3287 1690 καὶ
3341 1638 3368 1690 6
3428 1635 3751 1712 χιλιάρχος,
3803 1636 3854 1691 εἲ

2209 1721 2283 1792 μή
2315 1715 2617 1793 ἐϐεϐαιώθη
2676 1722 2757 1778 ὅτι
2807 1725 3084 1797 Ῥωμαῖός
3147 1721 3313 1795 ἔστιν,
3373 1726 3475 1780 οὐκ
3527 1725 3585 1780 ἂν
3646 1727 3848 1797 ἀπέστη

446 1817 723 1872 tribunus
750 1817 1170 1873 certiorfactus
1197 1822 1353 1871 esset
1384 1818 1577 1888 ipsum
1612 1833 1708 1871 ese
1740 1819 2092 1886 Romanum,

2203 1815 2299 1864 τοῦ
2319 1811 2691 1881 τύπτειν,ούκ
2712 1812 2772 1868 ἃν
2808 1813 2978 1883 ἐξεῖλε
3035 1813 3342 1877 σπουδαίως
3389 1816 3493 1872 ὑπὸ
3551 1821 3657 1872 τῶν
3717 1818 3853 1874 Ἰουο

2211 1898 2729 1914 .,.....
2963 1904 3274 1914 -.-η

449 1923 828 1978 nequaquam
864 1905 1187 1960 destitisset
1220 1905 1288 1959 ab
1323 1923 1390 1960 eo
1418 1905 1786 1961 verberando
1824 1923 1836 1960 :
1869 1923 2098 1977 nequa-

449 2010 627 2066 quam
653 2001 814 2050 tanto
848 1995 1042 2048 studio
1067 2011 1201 2049 eum
1223 1994 1556 2066 eripuisset,
1590 2012 1725 2050 cum
1756 1995 2094 2050 Iudaeorum

447 2089 826 2155 appeteretur
856 2083 1112 2150 insidiis,
1142 2101 1522 2156 nequaquam
1556 2085 1626 2139 de
1659 2101 1728 2139 eo
1766 2084 2100 2157 scripsisset

449 2173 523 2229 ad
554 2173 808 2228 Felicem
834 2173 992 2244 quod
1017 2173 1319 2228 Romanus
1337 2179 1513 2238 esset,
1539 2179 1597 2228 et
1624 2173 1782 2245 quod
1815 2180 2098 2246 tauquam

452 2265 784 2319 Romanum
818 2263 1132 2334 eripuisset
1174 2279 1308 2317 eum
1349 2263 1420 2317 ab
1455 2263 1689 2318 insidiis
1737 2264 2095 2331 Iudaeorum,

445 2369 826 2425 nequaquam
857 2351 917 2406 id
947 2351 1019 2406 de
1051 2369 1119 2407 eo
1160 2353 1686 2424 praetermisissent
1731 2353 1936 2419 Judzei,
1999 2355 2098 2424 qui

441 2443 623 2498 falsas
647 2459 881 2513 quoque
899 2442 1177 2496 adversus
1196 2442 1389 2513 ipsum
1413 2459 1620 2497 causas
1641 2442 2061 2512 contingebant
2084 2460 2096 2508 ;

446 2532 548 2587 sed
573 2531 644 2587 ab
661 2532 810 2603 ipso,
831 2532 879 2585 si
896 2531 1180 2585 mentitus
1199 2530 1426 2600 fuisset,
1452 2531 1656 2586 dicens
1672 2549 1732 2586 se
1748 2533 2096 2600 Romanum,

444 2625 634 2692 capta
664 2619 985 2686 calumnia,
1019 2619 1090 2674 de
1135 2621 1365 2674 caeteris
1397 2636 1634 2691 quoque
1683 2620 1794 2674 visi
1847 2619 2100 2674 fuissent

446 2708 816 2765 veradicere.
844 2711 1058 2764 Verum
1091 2709 1386 2779 quomodo
1410 2713 1604 2780 potest
1625 2714 1682 2764 et
1703 2710 2010 2764 Tarsensis
2042 2715 2098 2764 et

445 2799 746 2854 Romanus
765 2813 893 2852 esse
915 2797 942 2852 ‘?
964 2797 1113 2853 Audi
1137 2797 1314 2870 igitur
1327 2804 1385 2851 et
1401 2797 1833 2870 Philippenses,
1860 2798 2096 2868 quando

447 2887 700 2957 Paulum
735 2893 790 2941 et
821 2887 1005 2942 Silam
1038 2886 1110 2941 ad
1142 2886 1424 2958 praesides
1457 2892 1765 2942 traxerunt
1797 2888 1858 2942 in
1883 2890 2094 2956 forum,

445 2976 725 3047 quoniam
752 2975 954 3047 puella
982 2974 1177 3030 fuerat
1193 2975 1479 3047 Pythone,
1505 2977 1614 3031 hoc
1634 2983 1742 3046 est,
1766 2977 2096 3034 divinatore

445 3065 657 3137 spiritu
687 3064 960 3128 liberata.
999 3063 1143 3136 quid
1174 3063 1378 3120 dicant
1413 3083 1424 3119 :
1459 3066 1525 3120 Hi
1551 3067 1824 3122 homines
1859 3069 2095 3123 turbant

439 3155 735 3210 civitatem
769 3160 1034 3210 nostram
1067 3171 1201 3210 cum
1235 3155 1357 3210 sint
1389 3156 1594 3225 Judaei,
1630 3163 1689 3211 et
1736 3158 2095 3213 annuntiant

446 3243 718 3298 instituta
742 3261 874 3314 qua;
896 3260 1016 3298 non
1048 3243 1188 3298 licet
1207 3244 1380 3298 nobis
1399 3246 1699 3317 suscipere
1715 3263 1824 3301 nec
1837 3263 2088 3316 servare,
2123 3213 2174 3280 θ

440 3350 574 3388 cum
594 3333 778 3388 simus
803 3333 1073 3388 Romani.
1101 3333 1272 3387 Vides
1295 3334 1454 3405 quod
1486 3335 1637 3390 162
1680 3335 2090 3407 Philippenses

439 3439 500 3478 se
523 3425 819 3478 Romanos
842 3421 1188 3494 appellent?
1209 3423 1413 3493 Itaque
1435 3423 1755 3478 nihilvetat
1774 3425 2020 3480 Paulum
2035 3433 2092 3480 et

436 3513 785 3566 Tarsensem
809 3527 937 3564 esse
962 3516 1019 3564 et
1050 3512 1404 3565 Romanum.
1429 3512 1661 3565 Etenim
1690 3515 1968 3582 quoniam
1993 3515 2093 3568 ho-

437 3601 754 3656 noriﬁcum
808 3604 935 3654 erat
991 3598 1278 3670 appellari
1339 3601 1692 3663 Romanum,
1729 3608 1785 3654 et
1837 3602 2094 3672 amplius

445 3689 730 3760 quiddam
761 3688 834 3743 ad
862 3687 1065 3760 gloriae
1097 3687 1392 3742 rationem
1413 3693 1623 3742 nactus
1645 3705 1775 3743 esse
1799 3691 2095 3744 existima-

441 3779 635 3846 batur,
668 3778 768 3848 qui
798 3777 899 3831 tali
934 3775 1334 3847 appellatione
1365 3783 1704 3831 vocaretur:
1740 3779 1910 3833 multi
1943 3797 1972 3834 e
2007 3785 2096 3835 to—

440 3869 515 3921 tis
548 3868 772 3938 pariter
800 3865 1155 3934 civitatibus,
1177 3871 1234 3919 et
1265 3866 1507 3936 quidam
1540 3866 1755 3921 viritim
1780 3867 2100 3923 studebant

441 3956 552 4010 sibi
578 3957 733 4009 hanc
764 3954 1227 4025 appellationem
1254 3956 1581 4027 acquirere.
1604 3958 1672 4011 Et
1693 3958 1941 4030 quisque
1956 3975 2097 4014 sane

439 4062 473 4099 a
491 4043 682 4115 patria
703 4049 879 4115 prout
901 4045 1011 4098 sibi
1034 4045 1361 4118 contigeret
1387 4046 1826 4113 nominabatur,
1851 4065 2096 4120 genera-

444 4133 621 4188 tionis
646 4133 843 4188 locum
873 4133 1237 4206 significans.
1276 4138 1530 4192 Rursum
1557 4143 1754 4192 autem
1799 4139 2098 4193 Romanus

443 4222 762 4278 vocabatur
788 4227 1068 4294 tanquam
1101 4224 1374 4296 dignitati
1402 4225 1556 4281 hanc
1589 4227 1891 4281 ascribens
1922 4227 2099 4282 deno-

445 4313 855 4368 minationem.
880 4314 967 4368 Ita
991 4330 1125 4384 ergo
1161 4319 1218 4368 et
1244 4315 1484 4381 Paulus,
1519 4315 1660 4370 dum
1681 4322 1878 4371 essent
1905 4317 2098 4388 ipsum

440 4402 768 4476 ignominia
789 4403 1058 4457 affecturi
1074 4419 1142 4458 ac
1165 4403 1550 4469 verberaturi,
1575 4405 1727 4460 hanc
1745 4407 2101 4478 protulitap-

443 4493 854 4565 pellationem,
881 4493 1161 4547 territans
1186 4509 1287 4547 eos
1307 4499 1362 4548 et
1385 4510 1418 4547 a
1435 4493 1697 4549 facinore
1719 4496 2094 4567 propulsans.

2208 1898 2371 1956 δαίων
2405 1898 2921 1979 ἐπιϐουλευόμενον.
2955 1906 3070 1963 Οὑκ
3128 1905 3188 1960 ἂν
3249 1904 3476 1986 ἔγραφεν
3531 1907 3661 1984 ὑπὲρ
3694 1908 3858 1963 αὐτοῦ

2205 1991 2341 2065 πρὸς
2376 1990 2618 2062 Φήλικα,
2648 1993 2731 2048 δτι
2779 1995 3054 2068 Ῥωμαῖός
3113 1995 3246 2062 ἐστι,
3298 1995 3386 2050 κοὶ
3437 1996 3520 2051 ὅτι
3580 1997 3657 2058 ὡς
3713 1998 3854 2054 Ῥω-

2209 2083 2368 2150 μαῖον
2401 2084 2502 2147 τῆς
2529 2083 2635 2134 τῶν
2674 2079 2956 2137 Ἰουδαίων
3007 2079 3310 2151 ἐπιϐουλῆς
3369 2081 3687 2157 ἐξήρπασεν.
3741 2083 3855 2142 Οὐκ

2205 2166 2265 2222 ἂν
2303 2165 2649 2242 παρέδραμον
2710 2169 2867 2225 αὐτὸν
2929 2171 2980 2224 οἱ
3031 2168 3307 2238 Ἰουδαῖοι,
3371 2172 3423 2226 οἱ
3475 2172 3565 2226 καὶ
3617 2171 3714 2234 τὰς
3777 2177 3852 2245 μή

2207 2255 2370 2319 οὔσας
2427 2258 2606 2315 αίτίας
2662 2260 2779 2315 κατ’
2865 2260 3033 2316 αὐτοῦ
3105 2260 3553 2332 ἀναπλάττοντες,
3613 2260 3742 2316 ἀλλ’
3799 2261 3851 2332 ἐξ

2205 2345 2368 2401 αὐτοῦ
2432 2347 2650 2417 τούτου,
2719 2347 2867 2425 εἶ’περ
2928 2347 3179 2424 ἐψεύδετο
3229 2347 3408 2426 λέγων
3467 2351 3652 2406 ἑαυτὸν
3711 2352 3850 2406 Ῥω-

2211 2444 2392 2509 μαῖον,
2427 2440 2713 2514 ἀρξάμενοι
2743 2449 2842 2511 τῆς
2868 2437 3132 2515 διαϐολῇς
3187 2443 3277 2496 καὶ
3324 2442 3448 2518 περὶ
3504 2445 3612 2498 τῶν
3664 2440 3850 2499 ἄλλων

2205 2522 2386 2598 ἔδοξαν
2423 2527 2480 2582 ἂν
2509 2531 2555 2584 τ’
2584 2529 2763 2600 ἀληθῆ
2802 2530 3001 2605 λέγειν.
3061 2529 3235 2588 Ἀλλὰ
3277 2537 3394 2594 πῶς
3425 2527 3501 2586 ἔνι
3524 2532 3614 2587 καὶ
3643 2533 3858 2609 Ταρσέα

2202 2616 2291 2670 καὶ
2323 2618 2591 2690 Ῥωμαῖον
2635 2619 2816 2688 sim;
2871 2623 3138 2675 ’Ἀκουσον
3199 2624 3328 2696 γοῦν
3381 2622 3507 2683 τοὺς
3569 2621 3852 2690 Φιλιππηο

2204 2707 2375 2775 σίους,
2409 2707 2497 2762 ὅτε
2528 2708 2738 2762 Παῦλον
2799 2709 2888 2763 καὶ
2949 2708 3115 2764 Σίλαν
3162 2708 3413 2765 εἵλκυσαν
3447 2710 3534 2766 ἐπὶ
3591 2711 3718 2773 τοὺς
3750 2707 3848 2783 ἄρ-

2205 2812 2401 2868 χοντας
2434 2795 2509 2855 εἰς
2541 2797 2639 2865 τήν
2681 2795 2908 2872 ἀγορὰν,
2972 2796 3085 2852 ἐπεὶ
3152 2801 3248 2853 τοῦ
3317 2805 3570 2864 Πυθωνος
3602 2803 3634 2870 ἡ
3666 2801 3851 2859 παιδί-

2203 2905 2301 2954 σκη
2355 2883 2704 2971 ἀπήλλακτο,
2761 2887 3046 2964 τῖφασινς
3107 2889 3188 2943 δτι
3240 2891 3407 2948 Οὗτοι
3467 2892 3518 2946 οἱ
3566 2892 3845 2971 ἄνθρωποι

2202 2970 2621 3048 ἐκταράσσουσιν
2673 2975 2833 3046 ἡμῶν
2886 2975 2986 3043 τήν
3037 2974 3221 3046 πόλιν,
3278 2975 3531 3034 Ἰονδαῖοι
3568 2980 3847 3059 ὑπάρχον-

2201 3082 2309 3124 τες,
2369 3061 2458 3116 καὶ
2510 3061 2970 3138 καταγγέλλουσιν
3028 3061 3149 3134 ἓθη,
3203 3066 3235 3120 ἃ
3295 3067 3396 3122 οὐκ
3452 3066 3650 3139 ἔξεστιν
3707 3075 3844 3145 ἡμῖν

2201 3148 2602 3225 παραδέχεσθαι
2658 3149 2782 3207 οὐδὲ
2845 3160 3040 3224 ποιεῖν,
3098 3154 3397 3228 Ῥωμαίοις
3455 3157 3626 3214 οὗσιψ
3683 3163 3846 3234 Ὁρᾷς

2200 3240 2326 3302 τοὺς
2395 3240 2807 3312 Φιλιππησίους
2865 3242 3172 3316 Ῥωμαίους
3221 3244 3442 3308 ἑαυτοὺς
3493 3249 3849 3308 ἀπολαλοῦν-

2199 3351 2294 3391 τας
2329 3349 2341 3398 ;
2375 3329 2562 3392 Οὕτως
2592 3332 2681 3384 οῦν
2738 3331 2890 3386 οὐδὲν
2950 3332 3152 3388 κωλύει
3208 3335 3298 3388 καὶ
3359 3335 3573 3392 Παῦλον
3635 3338 3842 3417 Ταρσέα

2200 3419 2289 3473 καὶ
2320 3423 2592 3493 Ῥωμαῖον
2624 3420 2785 3480 εἶναι.
2837 3422 2931 3476 Καὶ
2985 3422 3084 3497 γαρ
3151 3422 3262 3478 ἐπεὶ
3315 3425 3497 3498 τίμιον
3558 3425 3846 3493 ἐδόκει,τὸ

2200 3505 2479 3562 καλεῖσθαι
2510 3510 2805 3580 Ῥωμαῖον,
2833 3509 2923 3564 καὶ
2981 3514 3359 3586 περισσότερόν
3387 3536 3439 3570 τι
3489 3521 3597 3572 τῶν
3656 3517 3842 3575 ἄλλων

2202 3596 2277 3655 εἷς
2311 3594 2478 3673 λόγον
2514 3593 2673 3669 δόξης
2723 3596 2996 3672 ἐνομίζετο
3053 3605 3276 3665 κτᾶσθαι
3336 3604 3364 3658 δ
3418 3605 3585 3679 ταύτῃ
3641 3606 3851 3664 καλού-

2207 3704 2364 3756 μενος
2391 3689 2457 3757 τῇ
2490 3684 2779 3758 ὀνομασίᾳ,
2802 3687 3006 3742 πολλοὶ
3037 3689 3127 3743 καὶ
3182 3691 3320 3745 κατὰ
3351 3691 3542 3756 πολεις
3601 3693 3732 3768 ἃμα,
3758 3699 3850 3752 καὶ

2201 3774 2319 3828 κατ⁹
2347 3771 2510 3848 ἄνδρα
2553 3768 2712 3841 ἔνιοι,
2744 3774 3075 3847 ἐσπούδαζον
3099 3779 3299 3849 ταύτην
3331 3782 3540 3844 ἑαυτοῖς
3571 3786 3668 3854 τὴν
3725 3785 3848 3840 ὀνο-

2206 3862 2397 3934 μασίαι
2431 3867 2910 3934 περιποιήσασθαι.
2967 3867 3063 3921 Καὶ
3113 3869 3218 3922 ἀπὸ
3277 3870 3371 3942 μὲν
3423 3877 3522 3938 τῆς
3581 3871 3844 3949 πατρίδος

2199 3945 2420 4010 ἕκαστος
2452 3947 2787 4022 ὠνομάζετο·
2822 3951 2951 4026 ὅπερ
2985 3947 3167 4027 ἔτυγε,
3209 3955 3305 4022 τήν
3360 3945 3715 4032 ἐνεγκαμένην
3752 3959 3849 4030 δη-

2203 4040 2333 4096 λῶν.
2356 4042 2630 4116 Ῥωμαῖος
2660 4041 2717 4097 δὲ
2736 4041 2845 4098 πᾶλ
2859 4066 2900 4097 ιν
2928 4043 3178 4102 ἐκαλεῖτο
3233 4047 3308 4110 ὡς
3339 4048 3605 4123 ἀξιωματι
3639 4052 3843 4124 ταύτην

2203 4128 2637 4208 ἐπιγραφόμενος
2668 4133 2765 4200 τήν
2795 4133 3104 4205 ὀνομασίαν.
3140 4134 3295 4191 Οὕτω
3353 4141 3483 4211 γοῦν
3527 4139 3616 4194 καί
3649 4141 3676 4194 6
3709 4145 3850 4197 Παῦ-

2203 4217 2300 4281 λος
2330 4219 2490 4290 ἡνίκα
2520 4219 2677 4274 αὐτὸν
2720 4215 2954 4294 ἔμελλον
2988 4222 3270 4297 ἀτιμάζειν
3309 4225 3398 4280 καὶ
3427 4227 3665 4298 τύπτειν,
3723 4231 3850 4285 ταύ-

2201 4329 2301 4363 την
2327 4310 2724 4382 προεκομίζετο
2757 4312 2853 4378 τὴν
2907 4312 3298 4387 προσηγορίαν,
3353 4312 3731 4390 δεδιττόμενος
3764 4319 3850 4373 καὶ

2204 4398 2519 4451 ἀνακόπτειν
2551 4397 2743 4459 αὐτοὺς
2772 4404 2867 4452 τοῦ
2896 4398 3264 4474 τολμήματος
3297 4402 3612 4480 ἐπιχειρῶν.
3672 4405 3851 4463 Ἀλλὰ

2203 4505 2382 4564 φασιν·
2416 4488 2592 4542 Ἔστω
2624 4491 2808 4543 ταῦτα.
2845 4493 2968 4550 HG):
3020 4487 3076 4544 δὲ
3105 4488 3344 4566 ἐγχωρεῖ
3403 4493 3490 4548 καὶ
3546 4492 3597 4547 ἐν
3655 4497 3850 4571 Ταρσῷ

442 4585 553 4638 Sed
583 4585 752 4639 aiunt
781 4601 792 4638 :
826 4588 962 4640 Esto
994 4589 1060 4638 ut
1088 4584 1214 4638 haec
1246 4584 1329 4640 ita
1349 4602 1411 4639 se
1443 4585 1720 4652 habeant,
1745 4603 1860 4657 quo
1893 4593 2093 4642 tamen

2203 4579 2547 4650 γεγεννῆσθαι
2581 4575 2792 4631 Παῦλον
2822 4579 2909 4632 καὶ
2971 4576 3022 4632 ἐν
3083 4581 3322 4656 Ῥώμῃς
3383 4581 3436 4637 ἐν
3498 4585 3693 4658 Ταρσῷ
3754 4584 3848 4658 μὶν

441 4681 609 4746 pacto
643 4677 770 4732 fieri
806 4682 1017 4747 potest,
1043 4682 1111 4731 ut
1141 4683 1198 4731 et
1254 4677 1312 4731 in
1345 4680 1520 4732 Tarso
1569 4683 1745 4733 natus
1778 4679 1853 4733 sit
1881 4678 2093 4734 Paulus

439 4772 497 4820 et
510 4769 708 4822 Roma;
726 4767 1060 4838 ?siquidem
1077 4767 1234 4839 quod
1249 4768 1408 4822 Tarsi
1433 4773 1606 4824 natus
1631 4769 1708 4823 sit
1723 4774 1780 4822 et
1793 4772 2093 4826 Romanus

444 4861 703 4922 vocetur,
728 4873 796 4910 eo
812 4857 968 4925 quod
989 4857 1138 4912 hanc
1158 4857 1270 4912 sibi
1294 4857 1753 4928 appellationem
1787 4858 1860 4913 ob
1893 4876 2095 4932 quem-

443 4944 578 4998 dam
613 4944 900 4998 honorem
943 4945 1317 5015 postmodum
1377 4947 1752 5018 acquisierat,
1787 4954 2093 5004 ostensum

446 5037 537 5088 est
559 5031 710 5087 nihil
752 5031 969 5087 habere
1000 5036 1424 5105 repugnantia.
1451 5038 1663 5091 Verum
1700 5043 1758 5090 et
1786 5038 1949 5092 Tarsi
1977 5055 2090 5093 na—

441 5126 567 5176 tum
601 5137 731 5175 esse
754 5125 811 5174 et
837 5123 1058 5187 Romae,
1092 5123 1386 5192 quomodo
1411 5125 1521 5179 hoc
1545 5125 1826 5196 possibile
1859 5127 1997 5181 est?
2023 5128 2094 5182 Et

440 5209 538 5264 ubi
559 5209 703 5263 dicit
723 5209 938 5264 Paulus
959 5209 1113 5280 quod
1139 5213 1334 5265 Roma":
1358 5218 1531 5268 natus
1552 5213 1673 5268 sit?
1697 5215 2087 5286 Dicitutique.

444 5300 762 5369 Postquam
789 5298 948 5354 enim
974 5299 1120 5354 dixit
1141 5301 1433 5371 tribunus,
1461 5305 1628 5375 «Ego
1651 5304 1839 5359 multa
1860 5322 2093 5362 summa

443 5387 622 5459 hujus
655 5389 1022 5461 civitatisjus
1057 5392 1387 5460 comparavi
1424 5409 1486 5457 ;»
1523 5394 1603 5447 ait
1635 5393 1886 5448 Paulus:
1925 5411 1949 5436 α
1975 5396 2090 5467 Ego

441 5493 578 5532 vero
613 5484 668 5533 et
699 5486 873 5534 natus
906 5496 1056 5534 sum.
1096 5502 1122 5527 ››
1154 5481 1224 5534 Et
1253 5481 1353 5552 qui
1378 5481 1487 5536 hoc
1519 5481 1654 5536 est?
1684 5483 1881 5554 Neque
1931 5483 2091 5539 enim

438 5568 608 5634 dixit,
638 5570 752 5642 Ego
786 5571 984 5625 Romae
1017 5576 1191 5626 natus
1217 5586 1369 5638 sum,
1400 5571 1503 5627 sed
1530 5572 1673 5642 quid
1695 5573 1779 5628 ait
1807 5573 1836 5628 ?
1869 5575 1947 5629 Ex
1977 5575 2090 5632 hoc

437 5659 820 5719 manifestum
853 5668 977 5717 est:
1009 5677 1144 5717 cum
1177 5660 1338 5718 enim
1376 5661 1624 5718 dixisset
1673 5664 1948 5721 tribunus
1987 5665 2089 5736 jus

2200 4664 2299 4737 γὰρ
2379 4665 2728 4739 γεγεννῆσθαι
2812 4665 2901 4720 καὶ
2982 4668 3256 4742 Ῥωμαῖον
3332 4669 3641 4741 καλεῖσθαι,
3719 4673 3855 4728 ταύ-

2199 4754 2299 4821 τήν
2326 4753 2499 4825 ἑαυτῷ
2531 4749 2618 4808 διὰ
2648 4755 2816 4827 τιμὴν
2866 4776 2985 4810 τινα
3038 4759 3137 4825 τήν
3201 4758 3494 4833 ὀνομασίαν
3555 4759 3854 4834 ἐπικτησά-

2207 4863 2386 4914 μενον,
2423 4841 2642 4918 ἐδείχθη
2707 4841 2872 4914 μηδὲν
2929 4842 3189 4901 ἀδύνατον
3246 4843 3322 4904 ὅν.
3381 4853 3737 4925 Γεγεννῆσθαι
3791 4849 3853 4908 δὶ

2201 4931 2292 4986 καὶ
2335 4930 2385 4986 ἐν
2417 4937 2612 5007 Ταρσῷ
2648 4932 2736 4987 καὶ
2765 4933 2816 4987 ἐν
2849 4934 3063 5009 Ῥώμῃ,
3096 4941 3212 4998 πῶς
3270 4938 3389 4992 οἶόν
3449 4941 3508 4995 τέ
3542 4939 3652 4996 ἐστι
3683 4960 3697 5010 ;
3755 4944 3850 4997 καὶ

2200 5024 2306 5074 ποῦ
2353 5043 2484 5100 φησι
2541 5021 2756 5083 Παῦλος
2811 5021 2894 5077 ὅτι
2940 5021 2993 5077 ἐν
3050 5025 3243 5100 Ῥώμῃ
3296 5036 3665 5102 γεγὲννηταις
3715 5031 3852 5099 Ναὶ,

2202 5115 2384 5197 φησίν,
2417 5108 2641 5180 Ἐπειδὴ
2673 5111 2775 5186 γὰρ
2807 5112 2835 5166 6
2868 5111 3167 5188 χιλίαρχος
3200 5116 3371 5189 εἶπεν,
3408 5139 3429 5167 ι
3464 5119 3605 5195 Ἐγὼ
3629 5119 3850 5177 πολλοῦ

2200 5203 2498 5285 κεφαλαίου
2526 5203 2624 5271 τήν
2658 5199 2937 5256 πολιτείαν
2965 5202 3168 5274 ταύτην
3199 5205 3533 5282 ἐκτησᾶμην.
3569 5234 3597 5262 ››
3639 5211 3668 5266 6
3700 5215 3852 5266 Παῦ-

2201 5297 2297 5359 λός
2357 5313 2538 5370 φησιν,
2595 5315 2622 5343 κ
2683 5291 2820 5365 Ἐγὼ
2877 5287 2933 5345 δὲ
2989 5294 3074 5347 καὶ
3137 5296 3485 5370 γεγέννημαι.
3523 5321 3550 5349 ι)
3637 5298 3738 5355 Καὶ
3792 5303 3848 5357 τι

2200 5392 2408 5450 τοῦτος
2469 5381 2547 5438 Οὐ
2613 5380 2717 5453 γὰρ
2775 5379 2944 5443 εἶπεν,
2999 5382 3087 5436 Ἐν
3138 5387 3204 5457 τῇ
3257 5385 3448 5460 Ῥώμῃ
3487 5387 3848 5463 γεγέννημαι,

2202 5475 2346 5532 ἀλλὰ
2375 5471 2425 5527 τί
2447 5491 2631 5551 φησιν,
2687 5467 2906 5530 αὐτόθεν
2967 5467 3156 5540 δῆλον.
3220 5472 3485 5538 Εἰπόντος
3542 5475 3639 5550 γὰρ
3680 5475 3855 5533 πολι-

2199 5564 2344 5622 τείαν
2373 5563 2471 5619 τοῦ
2524 5555 2852 5634 χιλιάρχου,
2912 5556 3048 5634 οὐχὶ
3096 5557 3155 5616 δὶ
3209 5563 3449 5637 Ῥώμην,
3507 5561 3655 5622 ἀλλὰ
3709 5565 3849 5625 Ῥω.

2204 5655 2404 5732 μαϊκὴν
2433 5648 2738 5719 πολιτείαν,
2789 5644 3073 5725 ἰπήγαγινο
3135 5675 3164 5705 ι(
3197 5652 3337 5730 Ἐγὼ
3369 5651 3425 5709 δὶ
3460 5648 3553 5711 καὶ
3599 5656 3857 5740 γιγιννη.
