4176 6200
375 381 495 440 27³

1471 380 1888 442 (IDUMBNll
1937 379 2244 441 TRICCIE
2290 385 2669 447 EDISCOPI.

3667 391 3787 449 274

379 529 498 582 μαι.
533 530 560 562 ι
591 507 709 566 Οὔκ
737 508 790 564 ἐν
822 511 892 584 τῇ
940 510 1129 584 Ῥώμῃ
1187 509 1274 584 (οὗ
1333 511 1436 586 γὰρ
1493 513 1655 566 τοῦτο
1687 510 1832 566 εἶπεν
1867 511 1895 565 6
1928 527 2022 582 χι-

2138 513 2408 583 civitatis,
2432 516 2639 588 utique
2669 535 2790 574 non
2820 521 3200 586 Romam,sed
3227 524 3505 577 Romanas
3533 519 3789 578 civitatis

377 594 637 673 λίαρχος,
670 596 754 653 ὅτι
803 595 1026 653 Πολλοῦ
1075 597 1372 674 κεφαλαίου
1424 597 1785 672 ἐκτησάμην),
1815 595 1943 653 ἀλλ’
1975 597 2026 652 ἐν

371 691 753 761 τῇῬωμαῖκῇ
806 688 1059 759 πολιτείᾳ
1113 686 1202 743 καί
1256 692 1418 762 τιμῇ,
1477 687 1659 764 ὥσπερ
1692 689 1780 743 καὶ
1825 689 2028 758 κτήσα-

375 789 497 842 σθαι
558 776 730 852 ἔλεγε.
784 783 908 840 Πῶς
992 777 1084 834 οὖν
1172 778 1436 854 ἐγεννήθη
1496 778 1545 834 ἐν
1604 782 1674 853 τῇ
1738 781 2024 852 Ῥωμαϊκῇ

371 871 650 944 πολιτείᾳ,
711 872 756 926 εί
817 873 892 945 μή
953 871 1003 927 ἐν
1060 873 1248 948 Ῥώμῃ
1308 870 1612 945 ἐγεννήθης
1669 872 1792 927 Ὅτι
1831 891 2028 940 κτησα-

376 964 544 1034 μένου
601 966 700 1018 τοῦ
758 963 960 1037 πατρὸς
1020 961 1183 1017 αὐτοῦ
1238 963 1337 1031 τήν
1415 963 1583 1033 τιμὴν
1646 961 1868 1029 ταύτην,
1935 957 2026 1014 καὶ

371 1050 542 1126 ταύτῃ
631 1049 1038 1125 σεμνυνομένου
1117 1051 1208 1106 καὶ
1287 1047 1573 1126 περιδόξου
1632 1046 1810 1115 ὄντος,
1865 1049 2028 1112 αὐτὸς

373 1140 639 1216 ἆγεννήθη
667 1141 832 1213 αὐτῷ.
866 1143 941 1197 Τὸ
989 1140 1108 1210 οὖν,
1164 1166 1192 1193 ι(
1226 1140 1370 1216 Ἐγὼ
1402 1137 1459 1195 δὶ
1488 1139 1577 1195 καὶ
1608 1138 1961 1215 γεγέννημαι,
1998 1162 2026 1191 ››

373 1233 560 1309 φησὶν,
611 1232 696 1286 ὅτι
751 1232 933 1292 Αὐτὸς
995 1232 1088 1304 μὶν
1141 1231 1453 1306 πρόσφατον
1502 1223 1650 1305 ἔχεις
1694 1229 1793 1297 τὴν
1839 1230 2026 1302 τιμὴν,

372 1319 535 1383 αὐτὸς
595 1318 762 1390 αὐτὴν
815 1321 1180 1393 κτησάμενος,
1240 1318 1348 1394 ἐγὼ
1425 1316 1482 1374 δὲ
1556 1320 1820 1393 πατρικὴν
1881 1317 2028 1395 φέρω

373 1412 474 1480 τὴν
534 1407 690 1481 δόξαν
751 1410 843 1465 καὶ
899 1411 1387 1484 συναποτεχθεῖσάν
1452 1431 1564 1482 μοι.
1600 1410 1698 1464 Διά
1725 1407 1885 1463 τοῦτό
1917 1429 2028 1483 φη-

373 1520 477 1556 σιν·
508 1524 536 1554 ιι
569 1500 718 1575 Ἐγὼ
750 1497 807 1555 δὲ
836 1500 925 1556 καὶ
957 1501 1307 1575 γεγέννημαι,
1343 1522 1368 1553 υ

444 1769 552 1825 Καὶ
601 1766 810 1830 ἄλλως.
871 1767 984 1823 Οὐκ
1040 1766 1302 1842 ἐψεύσατο
1357 1763 1572 1828 Παῦλος
1601 1766 1872 1838 Ῥωμαῖον
1906 1764 2030 1819 ἑαυ-

373 1859 466 1915 τὸν
499 1857 756 1926 καλέσας,
814 1859 989 1912 καίτοι
1051 1855 1316 1918 Ἰουδαῖος
1379 1856 1663 1931 ὑπάρχων,
1698 1855 1774 1917 ὡς
1811 1855 1901 1909 καὶ
1931 1853 2029 1908 αὐ-

370 1950 462 2010 τὸς
524 1969 630 2016 προ
691 1947 880 2022 ὀλίγου
935 1944 1060 2024 ἔφη.
1117 1946 1257 2004 Ἀπὸ
1313 1947 1414 2020 γὰρ
1471 1942 1758 2018 ’Δδριανοῦ
1824 1938 2020 2014 συνέϐη

374 2038 576 2102 πάντας
635 2038 774 2093 εἶναι
830 2037 1155 2111 Ῥωμαίους.
1219 2033 1479 2114 Μεγάλην
1537 2035 1641 2110 γὰρ
1695 2034 1848 2107 εἶχον
1902 2033 2026 2087 τότε

372 2129 632 2203 πρόνοιαν
692 2129 744 2182 οἱ
795 2127 969 2188 οὕτως
1025 2127 1330 2199 ἀξιούμενοι
1389 2123 1692 2180 καλεῖσθαι.
1753 2126 1935 2180 Ταῦτα
1967 2119 2024 2177 δέ

371 2238 534 2295 φησιν
584 2215 680 2272 ’ἱνα
735 2219 812 2291 μή
876 2217 1197 2290 μαστιχθείς
1256 2213 1722 2293 εὐκαταφρόνητος
1775 2213 2020 2290 γενηται·

372 2307 437 2365 Εἰ
492 2308 594 2384 γὰρ
650 2307 961 2381 ἐμάστιξαν,
1019 2306 1110 2360 καὶ
1165 2304 1502 2381 παρὲτρεψαν
1563 2303 1621 2359 ἂν
1680 2305 1742 2359 τὸ
1800 2309 2024 2376 πρᾶγμα

370 2399 461 2452 καὶ
489 2396 802 2453 ἀπέκτειναν
855 2396 913 2451 ἃν
976 2395 1158 2454 αὐτόν.
1212 2399 1318 2452 Νῦν
1368 2393 1425 2451 δὲ
1473 2395 1523 2450 εἷ’
1566 2396 1652 2450 καὶ
1704 2395 1780 2468 μή
1815 2392 1881 2448 δι’
1913 2388 2023 2448 ἔτε-

373 2508 490 2561 ρον,
520 2486 672 2544 ἀλλὰ
703 2508 766 2564 γε
795 2484 869 2542 δι’
898 2487 1032 2542 αὐτὸ
1092 2486 1154 2541 οὐ
1213 2487 1377 2559 μόνον
1408 2485 1507 2540 οὐκ
1536 2485 1845 2558 ὲμάστιξαν,
1877 2483 2023 2540 ἀλλὰ

371 2577 464 2633 καὶ
494 2574 794 2634 ἀπέλυσαν.
829 2576 1103 2632 Δείκνυσιν
1164 2574 1256 2630 οὖν
1316 2577 1344 2630 6
1406 2574 1639 2643 Παῦλος,
1675 2576 1757 2630 ὅτι
1785 2577 1812 2630 ὁ
1844 2576 2021 2649 πατὴρ

370 2663 537 2718 αὐτοῦ
593 2664 870 2736 Ῥωμαῖος
925 2663 1015 2731 ἦν.
1085 2663 1198 2737 Πρὸ
1265 2663 1368 2738 γὰρ
1431 2666 1528 2717 τοῦ
1581 2665 1899 2738 γεννηθῆναι
1929 2663 2020 2717 τὸν

372 2751 610 2822 Παῦλον,
660 2752 1030 2826 γεγενημένης
1080 2757 1179 2821 τῆς
1237 2749 1486 2813 Κιλικίας
1542 2752 1643 2807 ὑπὸ
1700 2752 2024 2824 Ῥωμαίοις,

370 2843 582 2916 ἀνάγκη
615 2842 706 2897 καὶ
737 2840 896 2896 αὐτὸν
943 2841 1018 2904 ὡς
1069 2836 1196 2896 ὄντα
1247 2841 1336 2896 ὑπ’
1388 2840 1605 2911 αὐτοὺς,
1635 2842 1912 2914 Ῥωμαῖον
1948 2841 2024 2895 εἶ-

366 2949 472 2986 ναι.
503 2929 654 2994 Τὲως
701 2927 760 2984 δὶ
804 2930 940 2986 κατὰ
989 2931 1088 2999 τὴν
1145 2930 1481 3008 προφητείαν
1514 2927 1810 3004 ἐδεσμεύθη
1843 2929 1894 2984 ἐν
1927 2931 2027 2986 Ἰε-

369 3017 686 3093 ρουσαλήμ.
721 3021 789 3076 Τί
819 3020 915 3074 οὗν
950 3019 1056 3074 ἀπὸ
1103 3019 1301 3075 τούτου
1358 3021 1561 3094 γίνεται
1597 3039 1613 3088 ;
1663 3018 1838 3080 Λύσας
1896 3040 2024 3074 κατ-

366 3111 575 3182 ⁴ἤγαγεν
606 3109 767 3164 αὑτὸν
822 3110 959 3184 πρὸς
1019 3108 1146 3170 τοὺς
1201 3106 1520 3173 Ἰουδαίους.
1554 3109 1668 3166 Ούκ
1696 3109 1798 3183 ἄρα
1828 3106 2024 3182 ψεῦδος

2122 601 2226 673 jus
2257 605 2565 676 subjunxit
2598 625 2610 662 :
2645 610 2761 681 Ego
2784 627 2922 664 vero
2957 616 3014 665 et
3041 616 3217 666 natus
3241 627 3404 667 sum:
3441 627 3562 665 non
3586 613 3786 665 Romaa

2130 692 2150 756 (
2182 710 2376 765 neque
2404 697 2562 751 enim
2601 698 2876 755 tribunus
2908 701 3017 755 hoc
3053 717 3114 756 se
3145 701 3337 755 multa
3369 716 3603 755 summa
3632 715 3789 754 com-

2131 800 2371 854 parasse
2387 785 2572 856 dicit),
2591 787 2692 842 sed
2715 790 2994 843 Romana)
3018 789 3270 844 civitatis
3289 789 3390 861 jus
3413 805 3480 844 ac
3495 788 3787 842 honorem

2130 873 2406 929 obtinens
2431 891 2443 928 :
2477 875 2635 945 quod
2651 877 2826 931 etiam
2846 877 2947 931 ille
2962 895 2993 932 a
3008 894 3068 932 se
3085 883 3355 949 emptum
3371 895 3500 933 esse
3522 876 3786 932 dicebat.

2132 962 2920 1036 QuomodoigiturRomanze
2954 965 3205 1022 civitatis
3225 967 3327 1038 jus
3362 966 3589 1022 habens
3612 969 3786 1020 natus

2133 1058 2240 1120 est,
2275 1054 2324 1108 si
2356 1053 2553 1109 Romaa
2585 1061 2760 1111 natus
2792 1073 2913 1111 non
2946 1056 3078 1111 est?
3108 1056 3255 1122 Quia
3287 1072 3421 1111 cum
3453 1063 3621 1128 pater
3644 1071 3786 1109 suus

2135 1141 2422 1198 honorem
2463 1145 2620 1200 hunc
2657 1151 3084 1217 comparasset,
3121 1151 3180 1200 et
3205 1162 3309 1216 per
3341 1161 3476 1200 eum
3506 1160 3787 1199 veneran-

2133 1228 2243 1283 dus
2274 1247 2341 1285 ac
2370 1231 2662 1303 gloriosus
2679 1234 2913 1302 fuisset,
2952 1235 3079 1306 ipse
3112 1233 3174 1288 in
3207 1250 3274 1288 eo
3307 1239 3482 1288 natus
3513 1238 3620 1289 est.
3639 1232 3784 1287 Cum

2135 1318 2334 1390 itaque
2365 1321 2449 1376 ait
2481 1339 2492 1376 :
2522 1324 2638 1396 Ego
2663 1341 2795 1379 vero
2827 1329 2886 1378 et
2916 1330 3090 1379 natus
3123 1341 3276 1391 sum,
3312 1321 3663 1379 tantundem
3697 1326 3787 1376 est

2135 1423 2201 1462 ac
2234 1409 2282 1463 si
2316 1409 2509 1466 dicat:
2541 1414 2622 1468 'l‘u
2655 1413 2899 1482 quidem
2922 1421 3224 1469 recentem
3256 1413 3438 1468 habes
3471 1413 3783 1478 honorem,

2136 1499 2236 1567 qui
2268 1499 2396 1570 ipse
2425 1500 2595 1555 illum
2629 1505 3009 1574 comparasti,
3044 1521 3148 1576 ego
3181 1521 3313 1558 vero
3337 1508 3648 1574 paternam
3678 1502 3789 1556 ha-

2133 1587 2244 1643 beo
2274 1590 2619 1662 gloriam,et
2649 1609 2780 1662 qua:
2813 1594 2958 1648 mihi
2991 1594 3305 1666 congenita
3325 1597 3432 1647 est.
3467 1594 3788 1664 Propterea

2135 1677 2311 1732 dicit:
2336 1679 2452 1751 Ego
2475 1695 2647 1736 verus
2679 1685 2738 1734 et
2756 1687 2930 1736 natus
2961 1699 3113 1738 sum.

2205 1767 2359 1822 163
2390 1768 2509 1823 Alio
2530 1786 2746 1839 quoque
2767 1771 2945 1838 modo,
2979 1773 3101 1825 Non
3134 1772 3418 1826 mentitus
3453 1775 3543 1825 est
3563 1768 3780 1824 Paulus

2057 1881 2104 1947 Β
2139 1859 2467 1912 Romanum
2499 1875 2560 1912 se
2591 1858 2818 1926 dicens,
2838 1877 2972 1914 cum
2991 1860 3397 1915 Judaausesset
3427 1864 3602 1930 prout
3622 1857 3781 1912 idem

2140 1947 2266 2018 ipse
2296 1953 2432 2002 ante
2465 1965 2652 2020 pauca
2681 1950 2857 2005 verba
2910 1951 3156 2005 dixerat.
3190 1951 3276 2005 Ab
3327 1948 3587 2005 Adriano
3620 1947 3779 2003 enim

2141 2038 2386 2110 contigit
2417 2046 2482 2094 ut
2507 2057 2716 2096 omnes
2735 2042 2982 2096 Romani
3015 2047 3232 2097 essent.
3250 2043 3456 2113 Magna
3485 2039 3782 2110 siquidem

2140 2125 2289 2180 ratio
2323 2125 2653 2182 habebatur
2682 2145 2887 2183 eorum
2911 2129 3010 2200 qui
3043 2129 3204 2201 digni
3237 2128 3600 2183 haberentur
3620 2125 3784 2180 utita

2140 2215 2604 2284 appellarentur.
2641 2217 2773 2272 Haac
2803 2223 3003 2272 autem
3034 2218 3117 2273 ait
3146 2235 3220 2272 ne
3252 2217 3585 2291 ﬂagellatus
3609 2214 3783 2271 facile

2139 2304 2440 2375 despectui
2474 2305 2811 2361 haberetur.
2846 2308 2990 2362 Nam
3036 2308 3084 2362 si
3130 2306 3552 2378 flagellassent,
3605 2305 3785 2359 etiam

2137 2411 2264 2449 rem
2304 2412 2543 2449 omnem
2574 2402 2910 2467 pervertere
2949 2397 3302 2468 potuissent,
3345 2411 3601 2467 eumque
3628 2393 3786 2449 occi-

2137 2483 2297 2539 dere.
2330 2485 2496 2539 Nunc
2527 2501 2661 2539 vero
2695 2485 2804 2540 etsi
2836 2502 2957 2540 non
2974 2485 3047 2540 ob
3078 2485 3379 2553 aliud,sed
3411 2490 3653 2557 propter
3672 2483 3786 2538 hoc

2137 2573 2357 2646 ipsum,
2417 2591 2539 2628 non
2599 2573 2772 2629 modo
2849 2591 2970 2629 non
3029 2575 3498 2648 ﬂagellaverunt,
3580 2589 3784 2628 verum

2136 2662 2316 2718 etiam
2371 2662 2749 2718 dimiserunt.
2830 2663 3101 2719 Ostendit
3168 2680 3304 2736 ergo
3385 2663 3602 2718 Paulus
3677 2679 3784 2734 pa-

2136 2757 2287 2807 trem
2339 2769 2511 2807 suum
2563 2754 2894 2807 Romanum
2953 2753 3159 2809 fuisse.
3219 2754 3572 2823 Priusquam
3621 2752 3782 2806 enim

2137 2846 2483 2896 nasceretur
2511 2841 2752 2910 Paulus,
2799 2841 3068 2912 subjecta
3107 2842 3388 2897 Romanis
3418 2841 3647 2905 Cilicia,
3679 2857 3785 2894 ne-

2136 2945 2300 2984 cesse
2332 2936 2458 2985 erat
2515 2930 2710 3000 ipsum
2748 2947 3007 3001 quoque,
3043 2936 3243 3002 utpote
3304 2931 3424 2986 illis
3457 2929 3783 2998 subditum,

2136 3036 2265 3074 esse
2296 3019 2908 3074 Romanum.lnterim
2941 3037 3074 3074 vero
3099 3021 3270 3090 juxta
3296 3019 3667 3091 prophetiam
3698 3019 3782 3073 al-

2136 3108 2352 3180 ligatus
2383 3114 2472 3163 est
2493 3108 3062 3180 Jerosolymis.Quid
3088 3109 3267 3180 igitur
3297 3107 3672 3180 postmodum
3695 3124 3786 3162 ac-

365 3197 457 3266 ἦν.
489 3192 775 3276 Ἐφοϐήθη
812 3199 940 3271 γὰρ,
999 3199 1184 3276 φησὶν,
1246 3199 1274 3254 6
1325 3196 1627 3274 χιλίαρχος
1660 3197 1904 3271 ἐπιγνοὺς
1938 3196 2019 3252 ὅτι

2138 3196 2308 3252 cidit?
2320 3197 2585 3252 Solutum
2600 3197 3324 3252 deduxitadludaeosﬁon
3339 3198 3514 3270 igitur
3530 3195 3786 3252 mendax

363 3286 623 3359 Ρωμαῖός
661 3285 796 3356 ἐστι,
827 3287 1103 3342 τουτέστιν
1138 3287 1509 3360 ἀξιωματικοῦ
1529 3287 1736 3362 γένους.

999 3466 1245 3521 ΚΕΦΑΛ
1285 3467 1406 3522 AI".

360 3554 508 3612 ’Ὅσα
575 3554 604 3608 6
673 3551 890 3617 Παῦλος
957 3549 1192 3618 καταϐὰς
1261 3553 1361 3624 εἰς⁸
1420 3556 1484 3609 τὸ
1552 3551 1822 3624 συνέδριον
1891 3547 2023 3608 ἔπα-

624 3626 682 3690 θέ
712 3647 770 3681 τε
797 3627 885 3680 καὶ
913 3626 1048 3695 εἶπε,
1079 3627 1170 3681 καὶ
1203 3621 1516 3690 εύθυϐόλως
1554 3619 1769 3702 ἔπραξε.

445 3738 473 3766 α
506 3706 584 3787 Τῇ
633 3711 691 3768 δὶ
730 3714 991 3784 ἐπαύριον
1044 3712 1382 3791 βουλόμενος
1430 3719 1628 3792 γνῶναι
1668 3715 1729 3770 τὸ
1762 3714 2042 3793 ἀσφαλὲς,-

370 3804 454 3874 τὸ,
493 3825 547 3858 τι
576 3810 960 3880 κατηγορεῖται
1019 3806 1164 3880 παρᾶ
1219 3809 1326 3861 τῶν
1385 3803 1686 3876 Ἰουδαίων,
1718 3799 1901 3860 ἔλυσεν
1937 3803 2024 3859 αύ-

371 3893 464 3947 τὸν
497 3894 605 3948 ἀπὸ
632 3898 740 3948 τῶν
777 3891 1012 3968 δεσμῶν,
1069 3896 1159 3949 καὶ
1217 3893 1492 3950 ἐκέλευσεν
1551 3893 1727 3958 ἐλθεῖν
1767 3896 1892 3956 τοὺς
1925 3895 2017 3971 ἀρ·

374 3987 605 4058 χιερεῖς,
636 3984 724 4038 καὶ
767 3983 897 4040 ὅλον
949 3985 1011 4039 τὸ
1068 3982 1341 4059 συνέδριον
1403 3985 1602 4042 αὐτῶν.
1636 3985 1734 4038 Καὶ
1785 4005 2015 4058 καταγα-

1022 4067 1239 4146 ἔστησεν
1320 4073 1398 4136 εἰς
1464 4073 1680 4136 αὐτούς.
1741 4074 2020 4136 Ἀτενίσας

371 4159 488 4220 δὲὸ
523 4163 744 4228 Παῦλος
797 4169 877 4236 τῷ
927 4161 1212 4238 συνεδρίῳ,
1271 4165 1435 4220 εἶπενο
1490 4161 1730 4237 ’Λνδρεςν
1771 4161 2022 4240 ἀδελφοὶ,

373 4251 481 4324 ἐγὼ
529 4253 678 4328 πάσῃ
742 4249 1045 4322 συνειδήσει
1104 4252 1280 4328 ἀγαθῇ
1337 4251 1734 4326 πεπολίτευμαι
1784 4256 1864 4324 τῷ
1909 4256 2024 4324 Θεῷ

371 4339 506 4416 ἄχρι
570 4341 772 4412 ταύτης
853 4341 1085 4415 ἡμέρας.
1151 4342 1212 4398 Ὀ
1281 4337 1339 4396 δὲ
1403 4340 1692 4420 ἀρχιερεὺς
1781 4340 2024 4402 Ἀνανίας

371 4431 592 4504 ἰπέταξε
646 4437 762 4494 τοῖς
815 4436 1153 4506 παρεστῶσιν
1218 4431 1386 4501 αὐτῷ,
1464 4431 1684 4487 τύπτειν
1748 4430 1910 4486 αὐτοῦ
1966 4431 2028 4484 τὸ

373 4521 573 4593 στόμα.
606 4517 736 4576 Τότε
785 4523 813 4575 6
868 4519 1083 4582 Παῦλος
1132 4520 1267 4596 πρὸς
1327 4519 1485 4576 αύτίν
1537 4521 1667 4577 εἷπε·
1703 4520 1937 4578 Τύπτειν
1971 4539 2028 4574 σε

368 4073 479 4147 γὼν
537 4077 630 4129 τὸν
690 4080 730 4128 ι]
742 4072 936 4140 αὖλον,

2138 3293 2282 3342 erat.
2301 3287 2518 3341 Timuit
2539 3287 2698 3342 enim
2716 3287 3007 3354 tribunus,
3023 3289 3235 3359 inquit,
3256 3288 3359 3343 ubi
3376 3287 3611 3342 rescivit
3626 3287 3785 3358 quod

2134 3378 2433 3431 Romanus
2460 3381 2633 3445 esset,
2669 3377 2782 3432 hoc
2811 3383 2900 3432 est
2933 3394 3002 3432 ex
3030 3393 3245 3450 genere
3279 3377 3564 3450 dignitate
3598 3374 3781 3432 claro.

2700 3467 2932 3521 CAPUT
2963 3466 3206 3522 XXXIII.

2135 3561 2210 3612 De
2239 3556 2322 3610 his
2353 3572 2475 3625 quae
2523 3555 2729 3610 Paulus
2780 3557 3104 3611 descendens
3162 3559 3221 3611 in
3253 3558 3546 3612 concilium
3585 3571 3783 3628 passus

2452 3634 2547 3694 est,
2580 3634 2630 3682 et
2669 3633 2811 3682 recte
2850 3629 2955 3683 sibi
2994 3630 3273 3684 consulens
3309 3629 3464 3698 fecit.

2201 3721 2375 3788 XXII,
2411 3723 2511 3787 30;
2547 3720 2745 3786 XXIII,
2780 3723 2895 3774 1ο5.
2951 3742 2976 3768 ‹‹
3009 3722 3252 3776 Postero
3285 3726 3483 3776 autem
3543 3720 3636 3775 die
3686 3736 3787 3774 vo-

2131 3811 2261 3866 lens
2294 3810 2600 3881 quidpiam
2633 3810 2779 3864 certi
2813 3811 3191 3879 adgnoscere,
3226 3811 3298 3864 ob
3327 3826 3504 3881 quam
3545 3825 3786 3864 causam

2131 3905 2512 3955 accusaretur
2543 3917 2576 3954 a
2604 3899 2842 3965 Judzeis,
2865 3899 3034 3952 solvit
3068 3915 3202 3953 eum
3234 3916 3268 3952 a
3295 3897 3640 3963 vinculis,et
3660 3899 3785 3968 jus-

2135 3991 2213 4045 sit
2237 3989 2538 4060 principes
2569 3988 2940 4044 sacerdotum
2955 3988 3290 4050 convenire,
3313 3992 3622 4057 totumque
3648 4003 3787 4042 con'

2135 4079 2362 4144 cilium,
2397 4095 2464 4133 ac
2491 4076 2813 4132 deductum
2844 4075 3096 4132 Paulum
3133 4076 3378 4132 sistebat
3409 4093 3608 4131 coram
3639 4076 3781 4131 illis.

2134 4169 2387 4223 Intentis
2418 4172 2617 4221 autem
2663 4165 2880 4220 Paulus
2941 4166 3001 4219 in
3051 4165 3371 4220 concilium
3431 4165 3640 4234 oculis,
3663 4166 3782 4221 ait:

2137 4258 2256 4312 Viri
2287 4256 2521 4321 fratres,
2557 4272 2660 4327 ego
2721 4255 2884 4310 omni
2932 4255 3315 4310 conscientia'
3338 4255 3496 4311 bona
3542 4273 3789 4312 conver-

2138 4352 2300 4401 satus
2333 4361 2466 4400 sum
2498 4359 2698 4399 coram
2726 4345 2847 4398 Deo
2887 4360 3075 4414 usque
3106 4343 3169 4398 in
3216 4344 3572 4399 hodiernum
3605 4344 3784 4401 diem.

2139 4435 2292 4490 174
2345 4433 2630 4503 Princeps
2679 4437 2877 4488 autem
2923 4431 3296 4487 sacerdotum
3345 4433 3599 4488 Ananiae
3633 4450 3788 4504 prm-

2138 4523 2296 4595 cepit
2341 4521 2675 4578 astantibus
2727 4521 2860 4590 sibi,
2939 4527 3004 4577 ut
3057 4527 3437 4594 percuterent
3505 4540 3570 4578 os
3632 4523 3784 4594 ejus.

376 4609 572 4685 μέλλει
607 4612 636 4666 ὁ
667 4611 821 4680 Θεὸς,
871 4615 1032 4686 τοῖχε
1077 4630 1445 4685 κεκονιαμενε.
1501 4609 1604 4668 Καὶ
1646 4609 1708 4665 σὺ
1736 4611 1874 4684 κάθῃ
1909 4609 2025 4685 κρί-

2137 4615 2296 4668 Tunc
2341 4610 2559 4667 Paulus
2618 4611 2767 4666 dixit
2805 4611 2879 4666 ad
2925 4628 3059 4666 eum
3088 4629 3100 4666 :
3131 4613 3416 4667 Futurum
3439 4616 3528 4666 est
3556 4617 3620 4667 ut
3643 4629 3787 4684 per-

301 4746 304 4748 η
369 4723 481 4757 νων
540 4723 608 4776 με
653 4701 790 4757 κατᾶ
831 4702 922 4756 τὸν
990 4702 1180 4774 νόμον,
1238 4701 1327 4756 καὶ
1383 4703 1531 4776 παρᾶ
1568 4702 1737 4774 νόμον
1788 4699 2028 4764 κελεύεις

372 4811 442 4864 με
492 4790 832 4859 τύπτεσθαι;
909 4790 971 4844 Οἱ
1047 4788 1104 4844 δὲ
1152 4795 1490 4865 παρεστῶτες
1540 4791 1709 4846 εἶπον·
1769 4790 1867 4844 Τὸν
1925 4789 2026 4862 ἀρ-

368 4879 563 4954 χιερέα
591 4885 688 4934 τοῦ
729 4884 864 4935 Θεοῦ
915 4877 1231 4953 λοιδορεῖς;
1278 4881 1418 4959 Ἔφη
1463 4901 1522 4936 τε
1569 4881 1596 4934 6
1648 4879 1882 4942 Παῦλος·
1919 4878 2030 4933 Οὐκ

366 4965 549 5043 ᾔδειν,
628 4965 880 5049 ἀδελφοὶ,
959 4969 1042 5023 δτι
1118 4966 1259 5023 ἐστὶν
1335 4968 1642 5044 ἀρχιερεύς.
1726 4970 2025 5044 Γέγραπται

366 5059 496 5138 γὰρ’
533 5059 816 5134 Ἄρχοντα
844 5062 946 5113 τοῦ
978 5056 1114 5113 λαοῦ
1141 5078 1236 5113 σου
1263 5058 1364 5114 οὐκ
1395 5057 1533 5133 ἐρεῖς
1563 5063 1762 5120 κακῶς.
1802 5083 1829 5110 ››

446 5353 473 5380 ι(
508 5327 742 5385 Τύπτειν
777 5347 833 5381 σε
867 5323 1057 5399 μὲλλει
1108 5325 1135 5379 6
1188 5326 1340 5393 Θεὸς,
1391 5329 1550 5400 τοῖχε
1593 5326 1958 5398 κεκονιαμένε.
1996 5349 2024 5376 ››

367 5419 555 5490 Ἀξιον
589 5417 824 5487 ζηθῆσαι
856 5419 973 5476 πῶς
1007 5415 1034 5469 6
1064 5414 1224 5475 αὐτὸς
1249 5412 1509 5490 ἀλλαχοῦ
1538 5414 1726 5482 εἰπὼν,
1763 5439 1790 5466 ‹‹
1836 5413 2027 5469 Λοιδο-

370 5507 642 5584 ρούμενοι
710 5503 1070 5580 εὐλογοῦμεν,
1141 5503 1634 5584 βλασφημούμενοι
1675 5503 2024 5579 παρακαλοῦ-

371 5618 499 5672 μεν,
534 5621 563 5648 ιι
593 5594 820 5660 ἐνταῦθα
847 5592 1183 5663 τούναντίον,
1217 5592 1280 5648 οὗ
1339 5595 1502 5668 μόνον
1556 5591 1821 5670 λοιδορεῖ,
1880 5592 2025 5650 ἀλλὰ

442 5726 489 5764 ³³
520 5723 702 5783 Exod.
735 5739 872 5782 nn.
910 5723 999 5779 28.

2138 4702 2322 4758 cutiat
2352 4706 2407 4757 te
2439 4702 2618 4768 Deus,
2660 4701 2855 4773 paries
2888 4701 3178 4756 dealbate.
3223 4703 3291 4756 Et
3331 4707 3395 4756 tu
3436 4700 3605 4756 sedes
3624 4701 3792 4773 judi-

2139 4809 2280 4847 cans
2314 4809 2407 4846 me
2441 4791 2770 4847 secundum
2803 4791 3015 4863 legem,
3044 4795 3102 4845 et
3127 4796 3332 4846 contra
3382 4790 3572 4864 legem
3613 4791 3792 4863 jubes

2136 4898 2231 4936 me
2253 4881 2522 4952 percuti?
2541 4881 2650 4945 Qui
2667 4885 2865 4936 autem
2893 4878 3186 4947 astabant,
3217 4881 3497 4936 dixerunt
3519 4898 3530 4935 ε
3552 4881 3791 4938 Summo

2137 4971 2428 5026 sacerdoti
2445 4970 2544 5025 Dei
2561 4969 2870 5024 maledicis
2892 4969 2920 5023 ‘2
2940 4970 3036 5024 Ait
3061 4974 3261 5024 autem
3278 4970 3497 5025 Paulus
3523 4988 3535 5026 :
3562 4971 3794 5027 Nescie-

2136 5060 2295 5123 bam,
2327 5060 2561 5125 fratres,
2605 5058 2762 5128 quod
2796 5075 3066 5113 summus
3115 5058 3390 5115 sacerdos
3425 5064 3600 5114 esset.
3632 5060 3791 5116 Scri-

2135 5155 2304 5220 ptum
2364 5154 2453 5203 est
2511 5147 2668 5202 enim
2705 5163 2716 5200 :
2751 5146 3011 5219 Principi
3069 5146 3273 5220 populi
3326 5149 3409 5203 tui
3454 5166 3572 5204 non
3601 5150 3792 5208 male-

2136 5237 2368 5292 dices”.
2405 5259 2426 5284 ι

2206 5351 2232 5376 ‹‹
2269 5329 2556 5382 Futurum
2601 5331 2690 5380 est
2725 5332 2792 5380 ut
2821 5327 3116 5397 percutiat
3145 5331 3201 5382 te
3250 5332 3424 5396 Deus,
3459 5329 3655 5400 paries
3687 5330 3788 5385 de-

2136 5419 2351 5474 albate.
2413 5442 2432 5466 -
2526 5417 2778 5490 Dignum
2861 5422 2946 5472 est
3030 5423 3095 5472 ut
3186 5419 3580 5490 inquiramus,
3640 5439 3788 5492 quo-

2136 5508 2311 5563 modo
2343 5525 2478 5563 cum
2523 5506 2663 5561 alibi
2697 5505 2914 5561 dixerit
2938 5523 2950 5560 :
2974 5529 3001 5557 «
3041 5507 3188 5563 Male
3238 5509 3569 5577 audientes,
3603 5510 3786 5567 bene—

2137 5597 2388 5653 dicimus
2442 5614 2454 5651 :
2516 5595 2797 5652 conviciis
2854 5596 3069 5666 affecti,
3139 5597 3544 5655 obseramus:
3603 5621 3632 5647 »
3687 5599 3786 5654 hic
