4150 6200
431 327 546 387 275

1428 324 1836 386 COMMENT.
1885 325 1960 384 IN
2012 326 2214 385 ACTA
2263 325 2859 390 APOSTOLORUM.

3719 323 3836 382 276

435 480 465 519 e
500 461 728 515 diverso
763 476 880 514 non
915 459 1104 514 solum
1136 460 1456 514 convitium
1491 461 1724 533 ingerit,
1767 460 1870 516 sed
1903 460 2076 515 etiam

2194 481 2276 513 και
2344 458 2625 533 ἐπαρᾶται.
2699 460 2795 513 Καὶ
2863 479 3062 538 φαμεν,
3123 456 3204 511 ὅτι
3265 459 3428 510 ταῦτα
3484 454 3551 508 τά
3617 455 3838 527 ῥήματα

435 548 873 606 maledicit?Et
921 549 1173 603 dicimus
1213 549 1372 619 quod
1409 551 1533 605 haec
1565 551 1739 606 verba
1776 551 1960 606 libere
1991 551 2075 605 lo-

433 638 668 709 quentis
697 638 892 708 potius
926 644 1276 709 sunt,quam
1307 639 1409 693 ira)
1441 640 1739 694 autanimi
1773 639 2073 694 commoti.

430 728 554 781 Non
588 725 748 780 enim
783 726 1013 780 volebat
1039 728 1693 801 tribunumintelligere
1725 728 1882 799 quod
1903 727 2076 783 facile

424 815 848 886 despiceretur.
888 818 1030 870 Nam
1078 834 1212 873 eum
1239 818 1340 872 ille
1376 819 1738 889 pepercisset
1766 835 1839 872 ne
1874 817 2076 890 ﬂagel-

421 904 665 971 laretur,
702 907 748 960 si
788 912 1104 977 postquam
1131 909 1204 962 ad
1243 908 1476 962 Judaaos
1509 908 1758 963 eductus
1787 914 1896 974 est,
1931 924 2076 962 con—

426 994 603 1066 tingit
637 1000 701 1048 ut
731 1010 763 1049 a
795 996 1080 1050 ministris
1130 997 1491 1065 verberetur,
1544 999 1763 1052 factum
1796 998 1906 1052 hoc
1951 1001 2078 1052 erat

423 1082 797 1138 redditurum
831 1084 1001 1138 illum
1033 1085 1465 1141 audentiorem.
1491 1089 1605 1142 Hoc
1633 1093 1830 1142 autem
1864 1091 2077 1152 non,ut

429 1171 671 1242 quidam
701 1173 926 1239 dicunt,
945 1174 1019 1229 ad
1037 1175 1379 1230 ministrum
1402 1176 1692 1246 dirigitur,
1712 1176 1812 1230 sed
1843 1176 1916 1231 ad
1941 1192 2073 1230 eum

428 1262 529 1332 qui
562 1270 946 1334 praeceperat,
985 1271 1227 1334 propter
1256 1265 1314 1318 id
1347 1265 1503 1335 quod
1535 1266 1805 1335 protinus
1837 1282 2077 1336 respon-

424 1350 540 1404 det.
591 1350 791 1406 Sciens
845 1353 1006 1405 enim
1047 1353 1203 1422 quod
1244 1358 1514 1423 oporteat
1557 1354 1782 1424 justam
1839 1370 2074 1424 quoque

424 1438 576 1493 iram
609 1441 1102 1510 comprimere,et
1123 1441 1345 1511 justam
1382 1442 1854 1513 indignationem
1878 1442 2073 1497 occul-

422 1531 570 1594 tare,
602 1534 889 1598 tanquam
939 1531 1287 1599 paenitentia
1329 1531 1540 1586 ductus
1572 1532 1693 1586 ait:
1726 1531 2072 1586 Nesciebam

428 1614 588 1683 quod
621 1632 890 1671 summus
913 1618 1189 1672 sacerdos
1223 1624 1395 1674 esset.
1432 1621 1608 1690 Atqui
1636 1619 2072 1675 sciebatzdixe-

426 1707 517 1756 rat
547 1703 705 1758 enim
736 1720 749 1757 :
782 1706 852 1759 Et
883 1711 943 1759 tu
977 1706 1146 1761 sedes
1168 1705 1448 1777 judicans
1498 1725 1591 1763 me
1623 1709 1951 1764 secundum
1982 1708 2071 1762 le-

425 1807 593 1863 gem:
629 1793 731 1847 sed
756 1794 1151 1866 ignorantiam
1166 1797 1407 1852 simulat
1429 1815 1558 1868 quae
1589 1798 1739 1853 nulli
1768 1797 2071 1864 nocet,sed

420 1879 860 1952 dispensatoria
893 1889 999 1938 est.
1033 1885 1334 1957 Contingit
1364 1886 1526 1940 enim
1557 1892 1624 1941 ut
1661 1887 1794 1957 quis
1821 1887 2071 1959 graviori

426 1968 873 2040 dispensatione
908 1971 1110 2027 liberae
1161 1973 1480 2029 locutionis
1522 1981 1741 2030 utatur.
1776 1977 2074 2046 Frequen-

421 2063 512 2112 ter
542 2059 702 2113 enim
753 2061 1168 2132 intempestiva
1216 2064 1499 2135 loquendi
1551 2064 1794 2119 libertas
1842 2065 2075 2120 veritati

424 2149 652 2213 nocuit,
690 2152 1073 2222 tempestivus
1101 2160 1299 2209 autem
1333 2154 1460 2226 ejus
1493 2172 1658 2221 usus,
1682 2156 1837 2227 quod
1868 2174 2082 2229 propo.

427 2238 608 2292 situm
669 2247 814 2307 erat,
877 2242 1132 2297 correxit
1201 2266 1228 2293 ‹‹
1283 2244 1650 2313 Nesciebam,
1692 2246 1925 2311 fratres,
1959 2271 1981 2300 ι
2021 2256 2080 2305 et

429 2329 924 2393 caetera.Quidam
960 2331 1318 2388 dicunteum
1351 2334 1410 2388 id
1441 2351 1562 2390 non
1594 2335 1835 2390 scivisse
1861 2336 1933 2391 ob
1955 2337 2080 2391 lon-

429 2432 571 2488 gum
596 2421 882 2490 temporis
913 2420 1312 2488 intervallum,
1366 2440 1480 2494 quo
1512 2424 1668 2495 apud
1692 2424 1925 2480 Judmos
1956 2443 2077 2480 non

428 2505 826 2572 fuerat.Quod
855 2515 1053 2563 autem
1072 2527 1207 2565 eum
1233 2511 1295 2565 in
1335 2511 1530 2567 medio
1562 2529 1696 2568 cum
1721 2513 1925 2569 multis
1946 2515 2080 2570 aliis

427 2598 672 2670 videret,
706 2617 825 2655 non
880 2601 1078 2655 statim
1111 2619 1178 2656 ex
1228 2603 1338 2658 hoc
1364 2605 1746 2659 manifestum
1771 2611 1897 2660 erat
1919 2624 2078 2662 sum-

2185 548 2492 624 παρῥησίας
2533 547 2745 622 μᾶλλόν
2793 547 2933 602 ἐστιν
2993 547 3026 616 ἢ
3087 547 3282 617 θυμοῦ.
3330 544 3409 602 Οὐ
3442 544 3546 620 γάρ
3579 538 3835 598 ἐϐούλετο

2186 637 2653 714 εὐκαταφρόνητος
2687 644 2917 715 φανῆναι
2971 639 3050 707 τῷ
3099 632 3408 712 χιλιάρχῳ.
3444 633 3507 688 Et
3539 631 3646 708 γὰρ
3676 630 3834 694 αὐτὸς

2190 728 2282 799 μὲν
2318 725 2565 805 ἐφείσατο
2600 725 2868 798 μαστίξαι,
2903 725 2978 787 ὡς
3031 720 3098 791 δὴ
3155 728 3270 784 τοῖς
3304 718 3589 781 Ἰουδαίοις
3621 719 3836 775 ἐκδίδο-

2187 827 2306 879 σθαι
2343 815 2616 888 μέλλοντα
2648 816 2750 871 ὑπὸ
2780 819 2889 870 τῶν
2923 813 3144 868 οἰκετῶν
3174 812 3484 877 τύπτεσθαι,
3521 809 3737 882 μᾶλλον
3771 810 3832 865 ἂν

2185 904 2382 959 ἐκεῖνον
2417 905 2737 980 θρασύτερον
2788 903 3093 980 εἰργάσατο.
3145 903 3322 958 Τοῦτο
3349 896 3405 954 δὲ
3438 898 3566 972 οὐχ,
3599 897 3672 960 ὥς
3704 899 3831 976 φασί

2183 1015 2324 1056 τινες
2358 995 2491 1069 πρὸς
2522 995 2611 1049 τὸν
2643 990 2809 1048 παῖδα
2841 993 3199 1060 ἀποτείνεται,
3224 987 3369 1044 ἀλλά
3389 989 3526 1063 πρὸς
3557 986 3719 1042 αὐτὸν
3742 988 3832 1042 τὸν

2183 1083 2520 1156 ἐπιτάξαντα,
2555 1081 2624 1139 δι’
2663 1083 2693 1138 ὅ
2751 1081 3104 1157 ἀπολογεῖται
3158 1076 3373 1141 εὺθὲως.
3411 1074 3588 1138 Εἰδὼς
3618 1077 3724 1152 γάρ
3753 1079 3836 1132 ὅτι

2187 1173 2268 1230 δεῖ
2296 1175 2385 1230 καὶ
2419 1175 2589 1248 Θυμὸν
2624 1171 2829 1228 δίκαιον
2870 1170 3268 1248 περιστέλλειν,
3329 1168 3415 1224 καὶ
3472 1168 3837 1244 ἂγανάκτησιν

2186 1264 2396 1322 δικαίαν
2448 1264 2760 1334 καλύπτειν,
2819 1263 3004 1339 ὥσπερ
3064 1259 3464 1336 μεταμεληθείς
3518 1257 3686 1334 λέγει·
3721 1258 3839 1316 Οὐκ

2185 1353 2332 1430 ᾔδειν
2368 1355 2453 1410 ὅτι
2486 1354 2628 1410 ἐστὶν
2659 1355 2967 1430 ἀρχιερεὺς,
3021 1351 3198 1407 καίτοι
3255 1347 3432 1411 εἰδώς.
3474 1347 3673 1422 Ἔλεγε
3710 1348 3833 1424 γὰρ,

2186 1447 2279 1500 Καὶ
2317 1447 2378 1498 σὺ
2408 1446 2546 1520 κάθῃ
2581 1446 2776 1520 κρίνων
2811 1465 2879 1517 με
2925 1443 3060 1497 κατὰ
3107 1443 3199 1497 τὸν
3230 1439 3422 1512 νόμον.
3458 1437 3634 1496 Ἀλλά
3663 1457 3834 1513 προσ-

2184 1541 2418 1590 ποιεῖται
2450 1533 2672 1610 ἅγνοιαν
2729 1534 2790 1589 ού
2852 1533 3224 1609 βλάπτουσαν,
3254 1528 3380 1584 ἀλλ’
3411 1527 3830 1600 οἷκονομοῦσαν.

2183 1625 2333 1680 Ἐστι
2366 1624 2470 1699 γάρ
2522 1624 2613 1679 καὶ
2668 1625 3083 1698 μεταχειρισμῷ
3142 1619 3454 1693 χρήσασθαι
3487 1612 3832 1693 ἰσχυροτέρῳ

2181 1711 2510 1787 παῤῥησίας.
2582 1711 2860 1774 Πολλάκις
2930 1711 3035 1787 γάρ
3102 1707 3382 1784 παρῥησία
3451 1707 3545 1779 μὲν
3613 1703 3837 1780 ἄκαιρος

2107 1845 2150 1909 Β
2184 1799 2389 1875 ἔϐλαψε
2443 1805 2542 1873 τὴν
2602 1801 2886 1874 ἀλήθείαν,
2977 1797 3407 1877 μεταχειρισμὸς
3471 1793 3528 1850 δὲ
3587 1791 3833 1870 εὔκαιρος

2310 1894 2320 1909 ν
2375 1894 2397 1909 Α
2596 1893 2608 1909 ε
2853 1890 2864 1909 ο
3179 1886 3247 1909 In
3330 1884 3412 1909 μδ-
3463 1907 3467 1909 .
3528 1881 3747 1909 λιεΑμΑ
3810 1907 3830 1909 ,_

2183 1894 2512 1969 κατώρθωσε
2557 1893 2619 1948 τὸ
2678 1890 3058 1968 προκείμενον.
3119 1914 3144 1941 α
3178 1886 3293 1945 υύκ
3320 1884 3492 1961 ᾔδειν,
3522 1881 3772 1962 ἀδελφοὶ,
3809 1907 3834 1934 ι)

2185 1982 2368 2038 καὶτά
2399 1984 2540 2056 ἑξῆς.
2601 1982 2749 2044 Τινές
2807 2002 2932 2043 φασι
2996 1981 3072 2052 μὴ
3133 1974 3328 2032 εἰδέναι
3387 1976 3551 2031 αὐτὸν
3583 1975 3667 2030 ’ὁτι
3698 1972 3838 2028 ἐστὶν

2185 2072 2497 2148 ἀρχιερεὺς,
2529 2069 2617 2126 διὰ
2678 2075 2887 2145 μακροῦ
2946 2069 3040 2143 μὲν
3104 2063 3467 2129 ἐπανελθόντα
3500 2063 3723 2138 χρόνου,
3760 2063 3834 2134 μὴ

2189 2151 2588 2237 συγγενόμενον
2623 2157 2680 2214 δὲ
2739 2155 3047 2226 Ἰουδαίοις,
3103 2156 3317 2229 ὁρῶντα
3376 2150 3433 2206 δὲ
3483 2151 3643 2205 αὐτὸν
3674 2148 3725 2204 ἐν
3758 2152 3838 2220 τῷ

2192 2249 2339 2322 μέσῳ
2374 2250 2508 2322 μετά
2558 2247 2789 2305 πολλῶν
2844 2246 3057 2322 ἑτέρων·
3109 2243 3209 2298 οὐκ
3265 2240 3345 2298 ἔτι
3375 2242 3480 2316 γὰρ
3511 2237 3684 2309 δῆλος
3713 2239 3780 2308 ἦν
3810 2239 3838 2292 ὁ

2188 2338 2497 2414 ἀρχιερεὺς,
2530 2337 2755 2394 πολλῶν
2785 2335 2954 2392 ὄντων
3007 2335 3094 2390 καὶ
3150 2330 3444 2408 διαφόρων.
3477 2331 3556 2384 Δι’
3587 2349 3614 2383 ο
3647 2328 3721 2389 ὡς
3757 2329 3835 2400 μὴ

2189 2427 2346 2490 εἰδὼς
2407 2427 2651 2502 εὐλόγως
2706 2425 3061 2501 ἀπολογεῖται
3120 2423 3193 2484 ὡς
3250 2417 3582 2494 κατηγορίας
3642 2414 3835 2488 οὔσης,

2188 2517 2278 2571 καὶ
2310 2516 2513 2589 ἐπάγει’
2575 2519 2856 2594 Ἀρχοντα
2914 2517 3010 2570 τοῦ
3069 2511 3205 2568 λαοῦ
3264 2529 3359 2563 σου
3419 2507 3519 2561 οὐκ
3569 2505 3708 2580 ἐρεῖς
3736 2525 3837 2560 κα-

2188 2627 2320 2668 κως.

430 2704 595 2742 mum
623 2706 751 2745 esse
786 2691 1172 2757 sacerdotem,
1209 2709 1342 2747 cum
1403 2693 1574 2747 multi
1619 2700 1821 2748 essent
1851 2711 1918 2750 ac
1943 2697 2109 2752 varii.
2165 2697 2484 2770 Propterea
2510 2695 2966 2761 rationabiliter,
3001 2699 3064 2748 ut
3088 2692 3188 2764 qui
3245 2706 3366 2745 non
3413 2686 3673 2752 sciverit,
3728 2701 3824 2740 re-

424 2779 676 2849 spondet
707 2781 872 2850 quasi
897 2781 1123 2836 crimen
1155 2782 1250 2848 sit,
1284 2799 1351 2838 ac
1383 2783 1726 2855 subjungit:
1762 2784 2016 2857 Principi
2055 2787 2255 2860 populi
2282 2789 2365 2844 tui
2389 2805 2509 2842 non
2542 2786 2882 2843 maledices.

501 2867 653 2923 165
700 2869 898 2938 XXIII,
952 2873 1068 2924 6-7.
1097 2894 1123 2921 «
1160 2871 1363 2927 Sciens
1405 2877 1605 2928 autem
1664 2873 1881 2928 Paulus
1921 2875 2077 2945 quod

435 2972 553 3012 una
578 2973 715 3029 pars
773 2965 928 3013 esset
978 2959 1456 3026 Sadducaeorum,
1518 2967 1576 3016 et
1631 2962 1818 3017 altera
1874 2963 2079 3018 Phari-

433 3065 708 3119 saeorum,
761 3051 1101 3106 exclamavit
1143 3051 1203 3106 in
1235 3052 1525 3107 concilio:
1563 3053 1678 3107 Viri
1710 3053 1942 3123 fratres,
1967 3071 2070 3126 ego

430 3137 768 3194 Pharisaaus
800 3157 951 3207 sum,
1005 3141 1164 3195 filius
1203 3141 1483 3196 Pharisaei
1512 3142 1618 3196 :de
1653 3159 1754 3213 spe
1788 3148 1845 3196 et
1874 3159 2073 3198 resur-

426 3227 694 3282 rectione
746 3235 1115 3283 mortuorum
1167 3247 1271 3301 ego
1321 3230 1579 3302 judicor.
1642 3233 1905 3302 Cumque
1964 3232 2075 3287 hoc

428 3314 696 3386 dixisset,
745 3317 899 3372 facta
957 3325 1045 3371 est
1095 3319 1389 3375 dissensio
1439 3322 1597 3376 inter
1645 3323 1973 3379 Pharisaeos
2014 3339 2081 3379 ac

430 3405 803 3477 Sadducaaos,
839 3415 896 3463 et
926 3409 1183 3464 dissecta
1213 3417 1301 3465 est
1339 3413 1679 3469 multitudo.
1720 3440 1740 3463 -

507 3499 760 3553 Rursum
792 3499 1056 3554 humano
1089 3501 1264 3556 modo
1299 3503 1683 3571 disserit,nec
1715 3507 1934 3578 ubique
1956 3525 2082 3580 gra-

445 3588 542 3642 tim
573 3589 882 3644 commodo
912 3589 1146 3662 gaudet.
1179 3593 1248 3644 Et
1278 3592 1386 3646 hoc
1429 3599 1691 3664 tempore
1713 3612 1780 3650 ac
1809 3601 1943 3666 post
1970 3597 2084 3651 ista

443 3678 628 3735 voluit
658 3678 942 3736 dissidere
965 3680 1407 3737 multitudinem
1432 3699 1560 3753 qua)
1593 3684 1870 3740 adversus
1889 3687 2083 3756 ipsum

441 3786 691 3826 concors
723 3775 868 3826 erat.
902 3773 968 3825 Et
998 3788 1191 3842 neque
1223 3772 1334 3826 hoc
1375 3772 1505 3827 loco
1537 3775 1858 3828 mentitur:
1894 3775 2081 3845 siqui-

408 3860 576 3916 -dem
609 3878 675 3917 ex
705 3861 1181 3934 progenitoribus
1212 3862 1546 3918 Pharisaeus
1579 3870 1723 3918 erat.

505 3951 788 4018 XXIII,8,
821 3954 873 4006 9.
907 3975 932 4000 ‹‹
955 3951 1260 4007 Sadduccei
1292 3969 1551 4023 namque
1584 3953 1790 4009 dicunt
1809 3971 1930 4010 non
1953 3971 2082 4010 esse

434 4038 954 4106 resurrectionem,
1028 4057 1221 4110 neque
1279 4042 1578 4114 angelum.
1651 4059 1846 4114 neque
1907 4043 2083 4114 spiri-

431 4134 578 4182 tum.
641 4128 924 4183 Pharisaei
985 4136 1186 4185 autem
1245 4137 1495 4202 utraque
1545 4133 1924 4188 confitentur.
1983 4135 2082 4188 Fa-

429 4225 560 4273 ctus
592 4223 680 4273 est
710 4223 908 4273 autem
941 4218 1164 4274 clamor
1193 4236 1462 4292 magnus.
1495 4224 1759 4292 Cumque
1792 4222 2079 4277 surrexis-

432 4313 564 4363 sent
593 4307 810 4363 Scribis
845 4307 915 4362 de
962 4309 1221 4363 factione
1266 4309 1725 4376 Pharisaaorum,
1786 4312 2081 4384 depugna"

431 4397 595 4466 bant,
630 4397 930 4453 dicentes:
966 4397 1122 4452 Nihil
1159 4398 1298 4454 mali
1328 4399 1664 4455 invenimus
1723 4401 1782 4455 in
1839 4401 2078 4456 homine

433 4492 567 4546 isto.
606 4514 626 4541 ι

506 4581 810 4637 Sadducmi
873 4598 1008 4636 cum
1058 4581 1240 4635 crassi
1276 4582 1412 4647 sint,
1473 4582 1740 4638 fortassis
1783 4599 1861 4637 ne
1893 4583 2079 4637 Deum

433 4671 672 4741 quidem
705 4675 1086 4744 cognoscunt,
1142 4670 1297 4724 unde
1354 4688 1550 4742 neque
1609 4671 1848 4726 credere
1878 4671 2083 4727 volunt

432 4761 930 4815 resurrectionem
955 4775 1105 4814 esse.
1128 4781 1154 4808 «
1193 4759 1473 4814 Pharisaei
1506 4776 1638 4815 vero
1670 4768 1920 4831 utraque
1939 4778 2076 4816 con-

430 4847 694 4902 ﬁtentur.
723 4870 750 4896 ››
778 4849 950 4918 Atqui
996 4848 1110 4902 tria
1164 4854 1304 4903 sunt
1337 4866 1350 4903 :
1386 4851 1682 4920 quomodo
1741 4867 1877 4922 ergo
1936 4851 2079 4906 dicit

427 4937 710 5012 ἀμφότερα
727 4939 876 4993 ‘IAut
905 4938 1061 5009 quod
1091 4939 1364 5009 spiritum
1381 4945 1439 4994 et
1455 4940 1729 5012 angelum
1747 4958 1930 4996 unum
1946 4958 2074 4997 esse

424 5029 585 5098 dicit,
621 5035 723 5084 aut
767 5029 926 5098 quod
973 5027 1150 5082 dictio
1181 5026 1483 5103 ἀμφότερα,
1531 5047 1652 5086 non
1690 5031 1882 5086 solum
1920 5032 2075 5087 circa

424 5119 538 5175 duo
569 5120 830 5189 ponitur,
853 5119 991 5173 licet
1016 5118 1125 5172 hoc
1153 5119 1389 5188 proprie
1423 5119 1861 5190 significet,sed
1893 5122 2068 5177 etiam

421 5212 492 5267 de
525 5210 737 5265 tribus.
787 5212 990 5279 Itaque
1021 5224 1138 5261 non
1184 5212 1417 5278 oportet
1456 5208 1528 5262 ab
1580 5215 1823 5266 externa
1853 5219 2070 5268 exactas

423 5299 804 5371 proprietatis
876 5296 1347 5368 perscrutatione
1407 5296 1678 5368 judicare
1748 5302 2069 5372 scripturas

424 5390 784 5461 simplicium
818 5394 994 5458 atque
1028 5385 1443 5441 illiteratorum
1475 5388 1859 5459 piscatorum.

497 5479 700 5545 XXIII,
734 5478 879 5531 9-11.
907 5500 933 5526 ‹‹
983 5475 1042 5530 Si
1075 5480 1268 5530 autem
1320 5477 1563 5546 spiritus
1608 5478 1841 5535 locutus
1874 5486 1963 5536 est
2015 5482 2066 5536 ei

426 5575 528 5626 aut
556 5568 822 5641 angelus,
853 5583 926 5621 ne
973 5581 1374 5637 repugnemus
1422 5566 1562 5621 Deo.
1596 5568 1665 5620 Et
1693 5567 1833 5623 dum
1858 5586 2070 5643 magna

426 5661 639 5718 seditio
669 5663 873 5715 coorta
923 5661 1100 5723 esset,
1160 5657 1379 5711 veritus
1425 5655 1696 5713 tribunus
1739 5675 1814 5714 ne
1855 5660 2070 5716 discer-

2103 3097 2144 3162 Ο
2186 3055 2368 3130 εδρίῳ⁶

2268 2899 2288 2927 ι
2324 2875 2485 2938 Γνοὺς
2545 2873 2602 2930 δὲ
2654 2876 2681 2930 ὁ
2740 2870 2956 2933 Παῦλος
3014 2870 3099 2926 ὅτι
3154 2865 3209 2924 ’ἐν
3271 2868 3432 2941 μέρος
3461 2864 3572 2920 ἐστὶ
3605 2859 3838 2919 Σαδδου-

2187 2967 2374 3035 καίων,
2409 2967 2472 3022 τὸ
2504 2964 2561 3020 δὲ
2619 2966 2807 3040 ἀτερον
2869 2960 3199 3036 Φαρισαίων,
3261 2956 3473 3033 ἔκραξεν
3520 2954 3570 3010 ἐν
3602 2958 3684 3026 τῷ
3714 2973 3839 3007 συν-

2438 3053 2632 3131 Ἀδρες
2690 3050 2942 3130 ἀδελφοῖ,
3000 3049 3106 3126 ἐγὼ
3174 3045 3471 3123 Φαρισαῖός
3541 3043 3678 3116 εἰμι,
3723 3041 3838 3102 υἱὸς

2188 3145 2512 3222 Φαρισαίου,
2573 3144 2695 3219 περὶ
2774 3139 2995 3203 ἐλπίδος
3069 3139 3160 3194 καὶ
3236 3135 3574 3195 ἀναστάσεως
3634 3134 3838 3206 νεκρῶν

2189 3219 2294 3309 ἐγῶ
2323 3237 2599 3312 κρίνομαι.
2664 3236 2840 3290 Τοῦτο
2899 3228 2955 3286 δὲ
3012 3228 3181 3284 αὐτοῦ
3238 3225 3599 3312 λαλήσαντος,
3633 3219 3837 3312 ἐγένετο

2190 3308 2371 3388 στάσις
2438 3330 2544 3381 τῶν
2610 3322 2922 3397 Φαρισαίων
2983 3320 3072 3374 καὶ
3137 3321 3243 3373 τῶν
3303 3311 3683 3370 Σαδδουκαίων
3740 3308 3834 3365 καὶ

2190 3415 2416 3490 ἐσχίσθη
2445 3417 2507 3471 τὸ
2537 3414 2771 3484 πλῆθος.
2800 3436 2829 3465 ››

2262 3504 2430 3560 Πάλιν
2491 3503 2843 3579 ἀνθρωπίνως
2901 3498 3231 3575 διαλέγεται,
3285 3493 3375 3549 καὶ
3433 3491 3496 3549 ού
3552 3491 3837 3579 πανταχοῦ

2188 3602 2288 3664 τῆς
2358 3595 2583 3670 χάριτος
2651 3592 2940 3649 ἀπολαύει.
2995 3589 3103 3646 Καὶ
3160 3585 3212 3642 ἐν
3275 3585 3478 3656 τούτῳ,
3545 3580 3635 3636 καὶ
3705 3577 3840 3681 μετά

2188 3690 2352 3741 ταῦτα
2384 3681 2661 3755 ἐϐουλήθη
2697 3683 2883 3758 σχίσαι
2912 3683 2974 3736 τὸ
3014 3679 3230 3748 πλῆθος
3261 3677 3322 3731 τὸ
3354 3677 3534 3733 κακῶς
3566 3672 3834 3744 ὁμονοοῦν

2188 3778 2305 3830 κατ’
2362 3774 2544 3830 αὐτοῦ.
2600 3773 2697 3828 Καὶ
2757 3773 2818 3827 ού
2876 3767 3128 3845 ψεύδεται
3185 3764 3312 3822 οὐδὲ
3371 3760 3611 3826 ἐνταῦθα·
3663 3765 3834 3833 Φαρι-

2192 3871 2342 3927 σαῖος
2373 3865 2474 3941 γὰρ
2503 3866 2568 3932 ἧν
2599 3863 2659 3918 ἐκ
2687 3862 2988 3938 προγόνων.

2267 3982 2287 4006 ι
2327 3939 2692 4010 Σαδδουκαῖοι
2729 3952 2821 4025 μὶν
2876 3950 2978 4026 γάρ
3038 3947 3284 4024 λέγουσι,
3333 3945 3409 4018 μή
3441 3944 3579 3998 εἶναι
3610 3939 3837 3994 ἀνάστα-

2191 4071 2291 4120 σιν,
2326 4045 2468 4122 μηδέ
2518 4043 2774 4122 ἄγγελον,
2837 4045 2976 4115 μήτε
3025 4043 3258 4112 πνεῦμα.
3293 4040 3582 4112 Φαρισαῖοι
3617 4029 3673 4086 δὲ
3699 4031 3838 4122 δμο-

2190 4118 2420 4212 λογοῦσι
2465 4136 2533 4190 τά
2565 4118 2883 4214 ⁷ἀμφότερα.
2940 4131 3183 4206 Ἐγένετο
3243 4124 3300 4182 δὲ
3355 4123 3563 4214 κραυγὴ
3599 4118 3836 4195 μεγάλη,

2189 4228 2278 4282 καὶ
2338 4225 2657 4287 ἀναστάντες
2729 4224 3072 4298 γραμματεῖς
3142 4221 3240 4274 τοῦ
3303 4213 3499 4290 μέρους
3558 4216 3668 4267 τῶν
3723 4215 3836 4264 Φαο

2193 4316 2435 4392 ρισαίων,
2496 4313 2830 4389 διεμάχοντο
2888 4309 3157 4385 λέγοντες’
3217 4303 3391 4364 Οὐδὲν
3457 4302 3617 4358 κακὸν
3685 4298 3833 4372 εὑρί-

2189 4428 2386 4481 σκομεν
2419 4404 2472 4459 ἐν
2506 4404 2583 4477 τῷ
2610 4403 2877 4478 ἀνθρώπῳ
2906 4397 3102 4472 τούτῳ.
3141 4422 3161 4450 ι

2263 4582 2622 4641 Σαδδοοκαῖοι
2652 4601 2849 4657 παχεις
2881 4582 3022 4640 τινες
3051 4573 3224 4641 ὄντες,
3245 4574 3392 4651 τάχα
3421 4567 3552 4625 οὐδὲ
3578 4565 3670 4657 τὸν
3702 4561 3829 4657 Θεδν

2192 4672 2387 4732 ἴσασιν.
2415 4675 2572 4730 ’Ὁθεν
2635 4668 2759 4726 οὐδὲ
2812 4670 3096 4724 ἀνάστασιν
3132 4663 3429 4742 βούλονται
3459 4656 3726 4715 πιστεύειν
3761 4652 3832 4708 εί·

2186 4785 2297 4820 ναι.
2327 4789 2353 4815 ‹‹
2388 4768 2678 4837 Φαρισαῖοι
2711 4757 2769 4815 δέ
2826 4757 3165 4834 ὁμολογοῦσι
3221 4754 3286 4808 τὰ
3340 4749 3640 4825 ἀμφότερα.
3670 4767 3708 4837 ι.
3735 4742 3830 4837 Καὶ

2190 4856 2296 4929 μὴν
2325 4854 2448 4930 τρία
2477 4834 2610 4910 ἐστί.
2644 4856 2765 4913 Πῶς
2826 4848 2915 4906 οῦν
2975 4848 3142 4924 λέγει,
3238 4840 3584 4940 ﬁne-6138?;
3621 4835 3714 4940 ››’ἢ
3747 4834 3828 4940 ὅτι

2184 4925 2398 5018 πνεῦμα
2427 4944 2514 4998 καὶ
2549 4941 2780 5019 ἄγγελον
2813 4939 2864 4996 ἕν
2925 4960 3110 5016 φησιν,
3166 4933 3202 5005 ἤ
3261 4933 3342 4989 ὅτι
3376 4933 3411 5000 ἡ
3447 4929 3588 5002 λέξις
3619 4925 3682 5019 οὗ
3719 4925 3827 5019 μό.-

2183 5055 2272 5088 νον
2303 5012 2425 5107 περὶ
2459 5029 2554 5086 δύο
2587 5012 2763 5107 λέγει,
2817 5012 2951 5102 ὅπερ
3007 5025 3208 5102 κυρίως
3241 5020 3408 5091 δηλοῖ
3435 5020 3583 5107 τδ,-‹‹
3619 5012 3828 5107 ’ᾼμφό-

2180 5143 2328 5198 τερα,
2362 5103 2508 5177 ἀλλά
2558 5103 2678 5175 καὶ*
2706 5118 2827 5194 περὶ
2883 5121 3070 5191 τριῶν.
3128 5117 3288 5168 Ὥστε
3320 5111 3410 5165 οῦν
3443 5106 3504 5162 ού
3536 5104 3617 5160 δεῖ
3643 5103 3702 5159 ἐκ
3729 5109 3828 5170 τῆς

2181 5195 2370 5282 ἔξωθεν
2447 5205 2839 5286 ἀκριϐολὲκτοῦ
2901 5207 3224 5282 κυριότητος
3292 5200 3494 5276 κρίνειν
3559 5195 3655 5256 τὰς
3721 5195 3827 5247 τῶν

2180 5301 2369 5358 ἁπλῶν
2403 5302 2492 5357 καὶ
2523 5299 2899 5377 ἀγραμμάτων
2934 5295 3131 5353 ἁλιέων
3162 5291 3486 5368 συγγραφάς.

2252 5507 2278 5533 α
2317 5482 2373 5537 Et
2435 5475 2492 5534 δὲ
2551 5485 2758 5554 πνεῦμα
2817 5476 3082 5547 ἐλάλησεν
3141 5473 3314 5545 αὐτῷ,
3346 5471 3380 5540 ἢ
3425 5459 3824 5554 ἄγγελοςη-μῆ

2178 5574 2566 5645 τεομαχῶμεν.
2622 5550 2852 5638 Πολλῆς
2911 5563 2966 5622 δὲ
3020 5561 3318 5642 γενομένης
3351 5557 3613 5645 στάσεως,
3660 5550 3825 5645 εὐλαί

2180 5640 2460 5730 ﬁdele-'6'
2527 5657 2828 5735 χιλίαρχος
2898 5657 2974 5731 μὴ
3037 5640 3346 5724 διασπασθῇ
3415 5649 3443 5704 ὁ
3483 5643 3700 5706 Παῦλος
3735 5640 3824 5699 ὑπ’
