4176 6200
317 308 427 368 277

325 435 512 503 αὐτῶν,
589 433 842 492 έκέλευσε
917 438 980 492 τὸ
1067 435 1373 510 στράτευμα

327 525 554 599 ἁρπάσαι
614 525 779 581 αὐτὸν
841 527 899 581 ἐκ
932 525 1098 599 μέσου
1157 525 1356 597 αὐτῶν,
1410 526 1553 603 ἃγειν
1599 548 1657 582 τε
1739 527 1817 589 είς
1870 530 1970 596 τήν

324 609 706 688 παρεμϐολήν.
739 618 816 690 Τῇ
861 613 918 670 δὶ
970 615 1195 686 ἐπιούσῃ
1249 614 1402 670 νυκτῖ
1459 615 1680 678 έπιστάς
1736 616 1886 688 αῦτῷ
1943 618 1970 671 ὁ

319 701 538 777 Κύριος,
575 703 715 758 εἶπε’
776 704 992 780 Θάρσει,
1050 705 1258 761 Παῦλε.
1317 705 1408 766 Ὠς
1464 705 1568 780 γὰρ
1624 702 1971 780 διεμαρτύρω

313 790 374 846 τὰ
399 792 522 866 περὶ
555 793 691 866 ἑμοῦ
727 793 803 856 εἰς
834 792 1222 868 Ἰερουσαλήμ,
1254 794 1430 856 οὕτως
1491 815 1548 849 σε
1603 792 1686 850 δεῖ
1742 795 1831 849 καὶ
1891 797 1968 858 εἷς

311 881 524 954 Ῥώμην
562 885 922 957 μαρτυρῆσαι.
958 908 986 934 ››

379 993 405 1020 ‹‹
437 969 499 1026 Εἰ
536 967 594 1025 δὲ
624 975 838 1046 πνεῦμα
869 971 1136 1041 ἐλάλησεν
1170 972 1338 1043 αὐτῷ.
1363 997 1390 1024 ››
1423 977 1607 1052 Διχῶς
1639 971 1751 1028 ἔστι
1773 980 1968 1042 νοῆσαι

309 1060 368 1113 τὸ
397 1059 714 1134 εἰρημένον.
745 1067 811 1116 ‘II
871 1062 974 1138 γὰρ
1027 1060 1204 1118 λείπει
1248 1084 1300 1117 τι
1354 1062 1499 1134 αῦτῷ
1553 1063 1688 1138 πρὸς
1721 1062 1966 1133 ἀναπλή-

313 1168 474 1223 ρωσιν
507 1154 606 1205 τοῦ
637 1153 940 1224 νοήματος,
967 1150 1061 1207 ’ίνα
1169 1152 1364 1214 οὕτως’
1427 1152 1492 1209 Εἰ
1551 1150 1608 1207 δὶ
1661 1157 1873 1226 πνεῦμα
1928 1153 1963 1223 ἢ

309 1234 540 1310 ἄγγελος
572 1236 844 1308 ἐλάλησεν
891 1240 1064 1312 αὐτῷ,
1121 1237 1353 1309 ἄδηλον,
1389 1239 1573 1316 φησίν·
1637 1241 1671 1310 ἢ
1725 1241 1798 1303 ὡς
1859 1243 1964 1298 ἀπὸ

306 1330 406 1380 τῶν
440 1329 757 1403 Φαρισαίων
785 1330 847 1384 τὸ
879 1330 1032 1404 ῥῆμα
1085 1329 1326 1385 λεκτέον·
1363 1328 1419 1385 Εἰ
1471 1327 1527 1385 δὲ
1582 1335 1800 1402 πνεῦμα
1832 1330 1961 1386 ἐλά-

305 1412 464 1485 λησεν
496 1416 644 1490 αὐτῷ
677 1417 712 1487 ἤ
747 1416 1001 1494 ἄγγελος,
1037 1419 1150 1473 ἀντὶ
1183 1423 1300 1484 τοῦ,
1353 1418 1491 1474 Ἰδοὺ
1547 1419 1613 1473 τὰ
1660 1420 1783 1494 περὶ
1839 1420 1958 1474 ἀνα.

304 1505 531 1567 στάσεως
567 1505 776 1575 λαλῶν,
803 1503 976 1574 δῆλός
1009 1506 1152 1563 ἐστιν
1193 1509 1228 1578 ἢ
1282 1505 1372 1562 διὰ
1431 1508 1743 1580 Πνεύματος
1775 1509 1956 1584 ἁγίου,

300 1590 424 1664 ἤδι³
469 1594 713 1671 ἀγγέλου
768 1597 1115 1676 κατηχηθεῖς
1172 1598 1264 1653 τὸν
1323 1605 1423 1668 τῆς
1483 1597 1827 1660 ἀναστάσεως
1859 1596 1955 1653 λό-

300 1703 412 1758 γον.

903 1869 1162 1926 ΚΕΦᾹΛ.
1224 1868 1342 1925 ΛΔ’.

304 1953 426 2027 Περὶ
471 1950 794 2028 *ἐπιϐουλῆς
877 1953 1266 2028 μελετωμένης
1326 1957 1429 2012 ὑπὸ
1490 1955 1765 2013 Ἰουδαίων
1815 1959 1951 2012 κατὰ

371 2025 614 2105 Παξλρυ,
683 2029 773 2082 καὶ
856 2025 1143 2105 μηνύσεως
1224 2025 1394 2105 αῦτῆς
1481 2031 1646 2105 ’πρὸς
1732 2029 1946 2105 ᾼυσίαγ

366 2095 613 2180 ξνῷςότι
672 2095 1035 2180 παρεπέμφθη
1099 2101 1128 2154 6
1186 2095 1400 2180 Παῦλος
1455 2095 1812 2180 τῷίὴγεμόνι
1873 2101 1948 2163 εἷς

365 2169 688 2296 Κῗισάρειαν
753 2169 950 2246 ’μετ’ἀ’
1026 2169 1385 2248 στρατιωτῶν
1488 2169 1574 2227 καὶ
1609 2169 1646 2178 -’
1689 2169 1952 2249 ’γραμμα-

365 2261 392 2296 τ
423 2263 525 2296 ων.

363 2261 525 2297 τεων.

358 2354 385 2382 ι(
445 2331 760 2405 Γένομενης
816 2329 873 2388 δὶ
939 2334 1148 2408 ἡμέρας
1183 2380 1196 2401 ,
1255 2334 1580 2404 ποιήσαντες
1645 2355 1782 2396 τινες
1839 2337 1946 2388 τῶν

289 2416 567 2475 Ἰουδαίων
639 2423 967 2502 συστροφήν,
1051 2423 1437 2496 ἀνεθεμάτισαν
1525 2423 1769 2493 ἑαυτοὺς,
1858 2422 1950 2477 λε-

295 2528 505 2582 γοντες,
540 2512 684 2584 μήτε
739 2517 958 2586 φαγεῖν,
1021 2514 1159 2585 μήτε
1218 2518 1380 2581 πιεῖν,
1432 2507 1535 2574 ἓως
1586 2510 1648 2567 οῦ
1704 2511 1953 2568 ἀποκτεί-

290 2618 416 2653 νωσι
447 2599 548 2654 τὸν
581 2597 822 2655 Παῦλον.
856 2602 1026 2658 Ἦσαν
1059 2600 1115 2656 δὶ
1165 2601 1392 2664 πλείους
1444 2602 1841 2674 τεσσαράκοντα
1897 2603 1948 2657 οἱ

296 2689 501 2760 ταύτην
605 2690 704 2758 τήν
813 2692 1156 2764 συνωμοσίαν
1266 2692 1648 2760 πεποιηκότες.
1740 2691 1948 2754 Οἲτινες

297 2777 695 2851 προσελθόντες
781 2785 899 2842 τοῖς
977 2780 1287 2855 ἀρχιερεῦσι
1337 2780 1428 2835 καὶ
1479 2785 1593 2842 τοῖς
1652 2777 1948 2852 πρεσϐυτέ-

298 2884 405 2940 ροις
514 2867 687 2922 εἶπον·
778 2868 1102 2942 Ἀναθέματι
1191 2870 1646 2944 ἀνεθεματίσαμεν
1726 2870 1947 2932 ἑαυτοὺς

303 2953 540 3027 μηδενὸς
591 2958 882 3033 γεύσασθαι
941 2955 1044 3021 ἕως
1105 2959 1168 3014 οῦ
1206 2958 1613 3033 ἀποκτείνωμεν
1657 2959 1749 3014 τὸν
1813 2964 1952 3014 Παῦ-

299 3042 413 3104 λον.
471 3047 589 3106 Νῦν
646 3048 736 3102 οὗν
788 3049 942 3122 ὑμεῖς
992 3047 1317 3127 ἐμφανίσατε
1368 3055 1448 3122 τῷ
1505 3049 1794 3129 χιλιάρχῳ
1857 3049 1946 3104 καὶ

291 3137 364 3206 τῷ
421 3133 719 3211 συνεδρίῳ,
786 3139 936 3201 ’ὁπως
999 3139 1184 3214 αὔριον
1255 3139 1412 3194 αὐτὸν
1471 3139 1747 3215 καταγάγῃ
1809 3139 1946 3213 πρὸς

291 3225 454 3296 ἡμᾶς,
514 3224 589 3286 ὡς
645 3224 946 3298 μέλλοντας
1004 3225 1378 3304 διαγινώσκειν
1435 3223 1814 3304 ἀκριϐέστερον
1881 3227 1948 3282 τά

289 3313 406 3388 περὶ
469 3313 666 3370 αὐτοῦ.
736 3316 929 3390 Ἡμεῖς
1003 3313 1060 3372 δὲ
1128 3318 1232 3391 πρὸ
1314 3321 1410 3372 τοῦ
1494 3315 1702 3392 ἐγγίσαι
1761 3316 1946 3385 αὐτὸν,

285 3399 502 3476 ’ἕτοιμοί
570 3401 730 3477 ἐσμεν
787 3409 881 3460 τοῦ
940 3403 1150 3461 ἀνελεῖν
1201 3406 1386 3464 αὐτόν.
1472 3405 1734 3468 Ἀκούσας
1795 3401 1851 3460 δὲ
1917 3406 1945 3460 6

289 3491 400 3554 υἱὸς
433 3499 543 3562 τῆς
574 3490 822 3574 ἀδελφῆς
881 3493 1103 3550 Παύλου
1159 3495 1223 3549 τὸ
1279 3489 1511 3569 ἕνεδρον,
1567 3495 1947 3570 παραγενόμε-

289 3604 377 3646 νος
438 3585 540 3640 γαὶ
610 3584 867 3642 εῗσελθὼν
917 3585 991 3647 ε’ς
1048 3586 1147 3654 τήν
1204 3579 1587 3659 παρεμϐολὴν,
1636 3582 1948 3658 ἀπήγγειλε

292 3675 1186 3752 τῷιῐαύλῳ.11ροσκαλεσάμενος
1228 3673 1284 3730 δὶ
1343 3676 1370 3730 6
1420 3673 1637 3738 Παῦλος
1692 3672 1784 3730 ἕνα
1840 3680 1948 3731 τῶν

287 3765 737 3841 ἑκατοντάρχων,
807 3761 931 3844 ἔφη·
994 3767 1102 3824 Τὸν
1166 3765 1373 3820 νεανίαν
1454 3762 1646 3820 τοῦτον
1706 3764 1947 3840 ἀπάγαγε

287 3857 425 3929 πρὸς
453 3857 554 3912 τὸν
589 3853 908 3932 χιλίαρχον·
972 3849 1087 3910 ἔχει
1154 3852 1259 3930 γάρ
1303 3875 1354 3908 τι
1399 3851 1729 3928 ἀπαγγεῖλαι
1778 3853 1944 3927 αὐτῷ.

290 3943 347 4000 ὐ
382 3945 479 4017 μὲν
546 3945 639 3999 οὗν
687 3941 1016 4019 παραλαϐὼν
1067 3943 1230 3999 αὐτὸν
1291 3943 1464 4019 ἤγαγε
1519 3942 1656 4017 πρὸς
1703 3944 1796 3998 τὸν
1855 3963 1948 4018 χι-

289 4029 554 4111 λίαρχον,
615 4033 706 4088 καί
757 4053 942 4112 φησιν’
1013 4033 1075 4090 ’0
1147 4030 1370 4104 δέσμιος
1435 4031 1648 4094 Παῦλος
1705 4051 1947 4106 προσκα-

291 4118 598 4196 λεσάμενός
662 4143 749 4195 με,
800 4123 1057 4198 ἠρώτησε
1129 4125 1320 4176 τοῦτον
1380 4121 1470 4175 τὸν
1547 4123 1758 4176 νεανίαν
1818 4121 1945 4197 ἀγα-

286 4218 400 4284 γεῖν
435 4212 583 4286 πρὸς
615 4213 672 4266 σε
702 4209 903 4288 ἔχοντά
941 4232 993 4266 τι
1059 4209 1298 4279 λαλῆσαί
1360 4231 1466 4265 σοι.
1513 4205 1948 4282 Ἐπιλαϐόμενος

285 4295 337 4355 δέ
362 4308 466 4372 τῆς
501 4301 698 4376 χειρὸς
749 4300 912 4357 αὐτοῦ
971 4301 999 4355 6
1058 4299 1384 4376 χιλίαρχος,
1446 4299 1536 4355 καὶ
1587 4299 1948 4374 ἀναχωρήσας

284 4393 400 4444 κατ’
434 4390 603 4462 ἰδίαν,
647 4390 996 4458 ιπυνθάνετο,
1057 4389 1126 4447 Τί
1186 4388 1327 4444 ἐστιν
1385 4391 1412 4444 6
1443 4385 1591 4464 ἔχεις
1623 4387 1951 4464 ἀπαγγεῖλαί

290 4497 404 4550 μοι.
438 4481 590 4538 Εἶπε
622 4477 701 4550 δὲ,
733 4481 815 4534 ’ὁτι
849 4479 901 4532 οἱ
941 4475 1196 4534 Ἰουδαῖοι
1257 4479 1529 4534 συνέθεντο
1586 4476 1682 4532 τοῦ
1739 4477 1950 4552 ἐρωτῆ-

1383 305 1572 366 ωῧῐ]
1585 307 1633 366 Μ
1647 307 1749 366 EN
1764 307 1816 367 ll
1865 306 2169 367 ἸῚΙΙΟΟᾸΞ
2211 309 2589 371 EPISCOPI.

3602 315 3721 374 278

1481 430 1781 506 καταϐῆναι
1861 437 1950 492 καὶ

2068 446 2308 510 peretur
2339 444 2556 498 Paulus
2589 444 2660 499 ab
2691 444 2858 515 ipsis,
2883 444 3067 515 jussit
3097 443 3320 500 milites
3346 444 3710 503 descendere

2080 535 2137 582 et
2163 546 2368 601 rapere
2403 549 2537 587 eum
2571 533 2641 587 de
2661 533 2856 587 medio
2891 549 3116 603 eorum,
3151 550 3217 588 ac
3257 533 3548 590 deducere
3579 553 3717 593 eum

2078 618 2137 672 in
2183 627 2393 676 castra.
2445 622 2727 692 Sequenti
2764 640 2897 677 vero
2952 628 3122 678 nocte
3173 623 3457 678 assistens
3490 624 3543 678 ei
3601 625 3718 680 Do-

2077 709 2275 765 minus
2323 712 2406 765 ait
2453 728 2465 764 ε
2519 714 2677 767 Bono
2726 713 2925 767 animo
2972 718 3120 777 esto,
3172 712 3390 768 Paule:
3444 720 3508 768 ut
3558 715 3719 770 enim

2079 798 2425 855 testiﬁcatus
2458 817 2519 856 es
2569 801 2640 856 de
2689 819 2783 856 me
2825 800 3233 873 Jerosolymis,
3280 803 3363 858 sic
3398 809 3452 856 te
3485 808 3719 874 oportet

2076 893 2133 940 et
2162 889 2360 944 Romaa
2395 891 2720 946 testiﬁcari.
2756 912 2782 940 n

2148 997 2175 1024 ‹‹
2227 977 2282 1031 Si
2327 985 2520 1034 autem
2570 979 2812 1050 spiritus
2850 980 3081 1034 locutus
3129 985 3218 1034 est
3265 980 3338 1036 ei.
3392 1002 3418 1030 »
3481 981 3712 1052 Duplici

2071 1065 2248 1120 modo
2281 1067 2533 1140 intelligi
2577 1074 2767 1139 potest
2807 1068 2963 1138 quod
3013 1068 3236 1122 dictum
3270 1074 3376 1122 est.
3411 1072 3525 1122 Aut
3553 1071 3712 1124 enim

2071 1153 2238 1208 deest
2266 1157 2571 1227 quidpiam
2595 1157 2668 1212 ad
2701 1157 3011 1212 sententias
3065 1156 3482 1227 expletionem,
3535 1163 3600 1211 ut
3630 1159 3712 1213 ita

2071 1242 2336 1298 dicatur:
2374 1247 2525 1300 166
2565 1247 2618 1300 Si
2651 1252 2848 1301 autem
2877 1247 3131 1317 Spiritus
3155 1251 3256 1300 aut
3284 1245 3529 1316 angelus
3552 1245 3713 1301 locu-

2071 1337 2164 1385 tus
2193 1339 2283 1387 est
2325 1335 2397 1398 ei,
2445 1334 2738 1389 incertum
2784 1341 2892 1402 est,
2947 1335 3160 1406 inquit.
3214 1337 3329 1388 Aut
3375 1340 3714 1405 tanquama

2069 1421 2381 1478 Pharisaais
2433 1423 2752 1478 dicendum
2804 1431 2893 1478 est
2927 1441 3054 1478 esse
3094 1423 3378 1478 verbum:
3427 1425 3482 1477 Si
3514 1430 3711 1479 autem

2066 1513 2310 1585 spiritus
2342 1513 2429 1568 vel
2461 1513 2727 1584 angelus,
2762 1512 2995 1568 locutus
3023 1518 3113 1568 est
3143 1513 3196 1568 ei
3226 1529 3237 1565 :
3272 1513 3381 1566 hoc
3417 1519 3527 1577 est,
3560 1515 3707 1569 Ecce

2063 1619 2197 1673 quas
2247 1601 2317 1655 de
2360 1602 2797 1657 resurrectione
2848 1602 3112 1672 loquitur
3159 1601 3541 1656 manifestum
3592 1609 3702 1670 est,

2061 1693 2218 1763 quod
2242 1697 2344 1746 aut
2364 1708 2469 1763 per
2499 1693 2782 1763 Spiritum
2815 1697 3109 1758 sanctum,
3143 1697 3244 1746 aut
3273 1707 3379 1762 per
3420 1690 3698 1762 angelum

1981 1807 2027 1874 Β
2061 1782 2329 1837 eruditus
2360 1782 2436 1836 sit
2464 1782 2916 1837 resurrectionis
2949 1797 3306 1836 sermonem.

2635 1872 2868 1926 CAPUT
2897 1869 3134 1926 XXXIV.

2058 1963 2133 2015 De
2163 1960 2384 2015 insidiis
2415 1961 2592 2015 Paulo
2625 1960 2912 2015 intentatis
2943 1977 2976 2014 a
3005 1961 3235 2020 Iudaeis.
3266 1967 3317 2014 et
3341 1959 3493 2029 quod
3535 1961 3708 2028 Lysia

2128 2034 2384 2086 iudicatae
2416 2035 2528 2087 sint
2553 2049 2572 2091 ,·
2617 2035 2674 2086 in
2708 2048 2817 2101 quo
2853 2039 3126 2086 narratur
3168 2031 3315 2100 quod
3363 2033 3708 2086 transmissus

2125 2107 2197 2158 sit
2225 2104 2434 2230 {gaulus
2456 2105 2752 2159 Caesaream
2788 2105 2861 2159 ad
2883 2103 3171 2174 president
3193 2119 3313 2158 cum
3335 2102 3607 2158 militibus
3653 2109 3708 2158 et

2127 2191 2234 2231 scr:
2273 2191 2339 2230 is.

2127 2337 2334 2404 XXIII,
2366 2339 2556 2394 12-35.
2593 2361 2621 2390 «
2652 2340 2824 2394 Facto
2855 2343 3054 2395 autem
3089 2339 3206 2406 die,
3239 2338 3609 2411 collegerunt
3639 2355 3701 2393 se

2057 2426 2300 2496 quidam
2351 2444 2421 2483 ex
2467 2427 2705 2497 Judmis,
2754 2433 2812 2484 et
2857 2428 3218 2484 devoverunt
3276 2445 3359 2497 se,
3414 2427 3704 2495 dicentes,

2056 2531 2251 2587 neque
2283 2533 2488 2572 esuros
2521 2535 2604 2583 se,
2638 2535 2831 2589 neque
2865 2518 3180 2582 bibituros,
3229 2517 3420 2573 donec
3473 2517 3708 2573 occide-

2056 2610 2192 2660 rent
2221 2606 2492 2662 Paulum.
2529 2609 2708 2662 Erant
2737 2613 2935 2662 autem
2989 2607 3190 2679 plures
3243 2623 3422 2677 quam
3455 2605 3707 2678 quadra-

2056 2695 2218 2766 ginta
2248 2695 2354 2749 viri
2387 2696 2487 2766 qui
2532 2696 2686 2751 hanc
2733 2697 3207 2768 conjurationem
3250 2695 3554 2750 fecerant:
3609 2696 3709 2765 qui

2055 2790 2438 2840 accesserunt
2467 2785 2541 2840 ad
2571 2785 2872 2856 principes
2904 2784 3281 2840 sacerdotum
3313 2800 3379 2839 ac
3411 2784 3702 2851 seniores,

2058 2880 2115 2929 et
2179 2875 2496 2932 dixerunt:
2569 2877 2888 2931 Devotione
2955 2875 3292 2930 devovimus
3377 2891 3485 2931 nos
3553 2873 3704 2928 nihil

2054 2970 2391 3034 gustaturos
2441 2965 2630 3021 donec
2680 2967 3020 3021 occidamus
3053 2965 3321 3020 Paulum.
3355 2965 3518 3018 Nunc
3566 2979 3703 3033 ergo

2054 3071 2154 3108 vos
2203 3055 2533 3127 significate
2582 3056 2821 3110 tribuno
2871 3059 2930 3110 et
2968 3054 3243 3118 concilio,
3295 3059 3360 3108 ut
3389 3069 3520 3107 cras
3566 3067 3709 3122 pro-

2063 3144 2242 3199 ducat
2271 3144 2437 3200 illum
2467 3145 2540 3200 ad
2571 3162 2702 3213 nos,
2753 3151 3035 3215 tanquam
3086 3143 3314 3214 aliquid
3359 3142 3578 3197 certius
3607 3158 3704 3197 co-

2061 3232 2328 3302 gnituros
2376 3233 2447 3289 de
2497 3251 2586 3289 eo.
2634 3237 2746 3288 Nos
2793 3250 2928 3288 vero
2987 3230 3703 3309 priusquamappropin-

2053 3325 2216 3392 quet,
2247 3323 2436 3392 parati
2471 3339 2674 3378 sumus
2705 3323 3041 3377 interﬁcere
3073 3321 3263 3376 illum.
3298 3321 3562 3390 Cumque
3595 3334 3703 3374 au-

2053 3409 2238 3465 disset
2287 3411 2444 3467 filius
2494 3413 2714 3467 sororis
2763 3411 2929 3466 Pauli
2981 3410 3252 3474 insidias,
3305 3409 3469 3464 venit
3518 3413 3575 3462 et
3600 3407 3695 3462 in-

2055 3501 2228 3554 travit
2297 3506 2511 3568 castra,
2608 3501 3017 3571 nuntiavitque
3097 3499 3301 3554 Paulo.
3395 3497 3694 3552 Accersito

2054 3595 2253 3644 autem
2311 3590 2525 3646 Paulus
2570 3591 2643 3646 ad
2675 3608 2736 3647 se
2777 3607 2894 3645 uno
2949 3606 3018 3644 ex
3068 3587 3521 3644 centurionibus
3579 3586 3699 3642 ait:

2053 3678 2501 3736 Adolescentem
2573 3681 2729 3736 hunc
2773 3679 2966 3736 abduc
3014 3679 3088 3735 ad
3143 3679 3470 3745 tribunum,
3523 3677 3704 3732 habet

2057 3768 2217 3822 enim
2245 3768 2404 3840 quod
2435 3769 2863 3825 renuntietilli.
2898 3768 3080 3822 Etille
3113 3767 3354 3838 quidem
3388 3781 3700 3822 assumens

2058 3874 2192 3912 eum
2240 3859 2407 3914 duxit
2455 3859 2528 3914 ad
2588 3859 2912 3924 tribunum,
2942 3864 3000 3912 et
3045 3857 3158 3911 ait:
3212 3857 3451 3910 Vinctus
3483 3851 3702 3908 Paulus

2055 3949 2410 4004 accersitum
2444 3966 2536 4003 me
2567 3949 2808 4020 rogavit,
2828 3951 2894 4001 ut
2924 3947 3082 4001 hunc
3100 3945 3540 4000 adolescentem
3569 3957 3704 4014 per-

2057 4036 2337 4092 ducerem
2368 4038 2441 4093 ad
2474 4043 2528 4092 te
2561 4037 2877 4092 habentem
2927 4035 3156 4106 aliquid
3210 4034 3368 4106 quod
3420 4033 3703 4105 loquatur

2059 4127 2185 4180 tibi.
2255 4128 2638 4198 Apprehensa
2671 4132 2869 4182 autem
2937 4126 3212 4180 tribunus
3273 4141 3453 4180 manu
3516 4123 3703 4190 illius,

2059 4216 2304 4270 secessit
2330 4232 2464 4270 cum
2497 4233 2564 4270 eo
2597 4216 2846 4270 seorsim
2878 4219 2938 4269 et
2965 4218 3345 4285 percontatus
3375 4218 3463 4267 est
3492 4211 3702 4266 illum:

2059 4302 2206 4368 Quid
2237 4309 2327 4358 est
2355 4303 2512 4374 quod
2542 4302 2723 4357 habes
2755 4302 3210 4374 significandum
3244 4301 3388 4356 mihi
3433 4299 3460 4353 Τ
3492 4302 3565 4353 At
3598 4297 3702 4352 ille

2060 4390 2245 4458 dixit;
2279 4393 2425 4446 161
2461 4392 2646 4446 Judaei
2685 4392 3124 4447 constituerunt
3175 4391 3256 4445 uti
3308 4393 3586 4462 rogarent
3617 4393 3699 4454 te,

2061 4485 2126 4534 ut
2190 4483 2449 4537 crastino
2517 4481 2611 4537 die
2661 4481 2877 4538 educas
2945 4481 3190 4536 Paulum
3247 4481 3306 4534 in
3354 4478 3698 4547 concilium,

287 4566 370 4620 σαί
421 4589 502 4640 σε,
567 4569 718 4630 ὅπως
779 4565 964 4642 αὔριον
1024 4567 1099 4629 εἷς
1160 4567 1222 4622 τὸ
1282 4565 1557 4641 συνέδριον
1642 4566 1948 4642 καταγάγῃς

2064 4571 2225 4641 quasi
2259 4571 2486 4644 aliquid
2537 4573 2755 4628 certius
2806 4571 3149 4643 inquisituri
3205 4569 3326 4625 sint
3351 4569 3423 4623 de
3456 4567 3580 4621 illo.
3615 4568 3699 4622 Tu

285 4657 374 4710 τὸν
437 4657 683 4725 Παῦλον,
744 4658 817 4720 ὡς
881 4655 1174 4730 μέλλοντές
1252 4679 1304 4712 τι

299 4745 558 4807 θάνεσθαι
602 4746 724 4821 περί
785 4747 971 4802 αὐτοῦ.
1030 4745 1106 4800 Σὺ
1168 4745 1260 4801 οὗν
1319 4748 1394 4820 μὴ
1453 4747 1678 4820 πεισθῇς
1737 4746 1944 4808 αὐτοῖς⁹

291 4833 676 4912 Ἐνεδρεύουσι
742 4836 849 4912 γὰρ
906 4836 1068 4890 αὐτὸν
1127 4833 1180 4906 ἐξ
1245 4837 1426 4892 αὐτῶν
1484 4833 1668 4910 ἄνδρες
1725 4833 1950 4890 πλείους

281 4925 710 5001 τεσσαράκοντα,
781 4923 974 4988 οἵτινες
1051 4924 1438 4998 ἀνεθεμάτισαν
1502 4924 1725 4986 ἑαυτοὺς
1807 4926 1945 4997 μήτε

286 5021 476 5092 φαγεῖν
541 5017 680 5088 μήτε
753 5021 896 5070 πιεῖν
968 5011 1070 5076 ἕως
1149 5014 1210 5069 οῦ
1291 5014 1552 5070 ἀνέλωσιν
1613 5013 1795 5070 αὐτόν’
1854 5015 1941 5069 καὶ

281 5109 368 5159 νῦν
395 5103 620 5176 ἕτοιμοί
672 5103 772 5159 εἰσι
835 5101 1268 5180 προσδεχόμενοι
1319 5105 1418 5172 τήν
1475 5105 1580 5159 ἀπὸ
1627 5107 1724 5158 σοῦ
1780 5101 1943 5178 ἔπαγ-

281 5193 580 5268 γελίαν.’0
632 5195 727 5266 μὶν
762 5195 858 5248 οὖν
909 5193 1209 5270 χιλίαρχος
1277 5193 1513 5250 ἀπέλυσε
1569 5195 1660 5248 τὸν
1713 5192 1943 5262 νεανίαν,

287 5281 663 5358 παραγγείλας
726 5279 920 5356 μηδενὶ
982 5280 1307 5352 ἐκλαλῆσαι,
1371 5282 1454 5338 ὅτι
1537 5286 1702 5337 ταῦτα
1759 5280 1946 5356 ἐνεφά-

1388 4651 1764 4734 ἀκριϐἐστερον
1821 4675 1944 4710 πυν·

285 5393 436 5435 νισας
499 5373 640 5447 πρός
699 5394 786 5447 με.
875 5371 972 5428 Καὶ
1058 5371 1575 5446 προσκαλεσάμενος
1643 5369 1738 5426 δύο
1793 5371 1943 5433 τινὰς

285 5465 391 5516 τῶν
460 5463 911 5538 ἑκατοντάρχων,
963 5463 1130 5517 εἶπεν·
1197 5463 1555 5536 Ἑτοιμάσατε
1613 5462 1944 5535 στρατιώτας

293 5546 640 5621 διακοσίους,
696 5550 848 5610 ὅπως
915 5553 1250 5624 πορευθῶσιν
1307 5548 1411 5612 ἓως
1472 5549 1810 5624 Καισαρείας,
1854 5549 1944 5604 καὶ

288 5639 482 5702 ἱππεῖς
549 5635 951 5715 ἱϐδομήκοντα,
1011 5640 1098 5694 καὶ
1189 5633 1538 5710 δεξιολάϐους
1616 5637 1944 5712 διακοσίους,

2061 4677 2194 4715 vero
2261 4679 2335 4717 ne
2405 4661 2817 4734 persuadearis
2857 4660 2928 4715 ab
2981 4661 3085 4715 eis.
3138 4658 3502 4714 Insidiantur
3539 4656 3701 4712 enim

2061 4748 2146 4803 illi
2191 4767 2256 4804 ex
2308 4751 2394 4806 eis
2440 4752 2544 4805 viri
2598 4751 2797 4822 plures
2846 4748 3258 4821 quadraginta,
3315 4745 3415 4818 qui
3472 4746 3698 4817 seipsos

2059 4834 2415 4892 devoverunt
2462 4855 2534 4893 ne
2584 4839 2672 4894 vel
2721 4839 2918 4905 edant,
2971 4838 3054 4892 vel
3106 4837 3312 4892 bibant
3369 4834 3556 4890 donec
3606 4835 3702 4890 in-

2059 4928 2358 4983 terﬁciant
2417 4929 2607 4983 illunt:
2678 4934 2736 4982 et
2791 4945 2949 4983 nunc
3014 4928 3206 5001 parati
3278 4932 3417 4983 sunt
3483 4943 3691 4998 exspe-

2060 5020 2286 5071 ctantes
2319 5023 2383 5071 ut
2414 5017 2744 5088 promittas.
2778 5017 3070 5074 Tribunus
3097 5019 3276 5092 igitur
3315 5017 3535 5072 dimisit
3556 5015 3697 5071 ado-

2057 5104 2403 5172 lescentem,
2476 5105 2875 5178 praecepitque
2970 5108 3061 5161 ei:
3131 5109 3210 5162 Ne
3279 5107 3372 5162 cui
3443 5106 3698 5171 eﬂ‘utias,

2057 5195 2356 5266 inquiens,
2386 5195 2544 5266 quod
2576 5195 2700 5250 haac
2745 5195 3102 5252 iudicaveris
3162 5197 3328 5252 mihi.
3380 5197 3450 5250 Et
3497 5210 3700 5250 accer-

2058 5285 2186 5339 sitis
2255 5283 2485 5340 duobus
2545 5285 2900 5356 quibusdam
2973 5285 3441 5352 centurionibus,
3510 5283 3698 5338 dixit:

2055 5375 2265 5428 Parate
2313 5374 2533 5430 milites
2588 5373 2873 5431 ducentos
2943 5381 3007 5430 ut
3063 5381 3201 5431 eant
3251 5378 3601 5440 Caesaream,
3645 5379 3704 5428 et

2057 5463 2287 5534 equites
2359 5466 2753 5537 septuaginta,
2818 5469 2875 5519 et
2943 5465 3276 5521 lancearios
3331 5465 3618 5519 ducentos
3667 5480 3702 5518 a

2061 5552 2236 5608 tertia
2275 5553 2420 5608 hora
2460 5554 2689 5609 noctis:
2758 5555 3115 5626 etjumenta
3184 5555 3464 5626 praebete,
3491 5559 3556 5608 ut
3587 5553 3701 5604 im-

2058 5641 2316 5712 positum
2375 5641 2623 5698 Paulum
2673 5642 2898 5698 salvum
2947 5643 3276 5714 perducant
3321 5641 3394 5695 ad
3440 5639 3692 5695 Felicem
