4150 6200
410 355 530 416 2'19

1409 351 1814 414 COWMEN'I‘.
1863 355 1940 414 ΙΝ
1993 353 2191 414 ACTA
2239 359 2855 423 APOSTOLORUM.

3702 357 3821 417 280

417 493 752 565 praesidem,
825 490 1058 561 scriptis
1129 489 1346 544 litteris
1417 490 1478 544 in
1541 489 1830 544 formam:
1883 481 2056 544 Clau-

2198 489 2275 545 ιπὸ
2304 491 2492 566 τρίτης
2532 491 2675 569 ὥρας
2715 504 2814 565 τῆς
2858 496 3074 565 νυκτός,
3129 497 3299 566 κτήνη
3358 515 3416 552 τι
3447 501 3820 570 παραστῆσαι,

420 583 550 638 dius
589 581 786 650 Lysias
821 580 1074 635 maxime
1127 585 1366 634 strenuo
1391 579 1626 650 praesidi
1677 579 1853 636 Felici
1901 580 2054 635 salu-

419 675 556 725 tem.
593 670 794 723 Virum
827 669 986 723 hunc
1030 669 1525 741 comprehensum
1555 686 1586 724 a
1637 669 1874 736 Iudaeis,
1925 686 2060 726 cum

412 761 538 832 jam
598 765 756 815 esset
821 761 893 815 ab
953 761 1036 814 eis
1097 759 1568 828 interﬁciendus,
1634 761 2061 832 superveniens

420 866 552 906 cum
621 851 882 904 exercitu
951 851 1162 922 eripui,
1231 851 1464 923 cognito
1525 849 1682 922 quod
1761 851 2062 906 Romanus

419 945 608 994 esset:
641 939 964 1010 volensque
1005 941 1156 994 scire
1183 957 1418 995 causam
1470 940 1542 994 ob
1593 957 1770 1011 quam
1821 956 2058 994 accusa-

419 1033 553 1083 rent
608 1027 801 1096 illum,
849 1029 1064 1084 deduxi
1123 1047 1256 1084 eum
1307 1031 1367 1084 in
1415 1029 1734 1084 concilium
1776 1029 2059 1100 ipsorum.

421 1119 605 1184 Quem
655 1119 917 1190 comperi
979 1119 1244 1174 accusari
1295 1119 1366 1174 de
1437 1119 1866 1190 quaestionibus
1919 1117 2065 1191 legis

422 1225 648 1278 eorum,
683 1209 914 1263 nullum
947 1215 1144 1263 autem
1179 1209 1422 1281 dignum
1459 1215 1645 1264 morte
1680 1213 1780 1263 aut
1815 1207 2067 1262 vinculis

422 1298 650 1353 crimen
735 1299 1072 1353 habentem.
1151 1297 1414 1369 Cumque
1500 1297 1824 1353 indicatum
1912 1301 2068 1353 esset

423 1387 570 1442 mihi
605 1387 677 1442 de
709 1387 944 1444 insidiis
977 1405 1122 1458 quas
1153 1387 1240 1441 illi
1275 1393 1628 1458 paraverant
1674 1385 1879 1455 Judaei,
1931 1404 2066 1458 pro-

425 1479 587 1532 tinus
613 1477 748 1531 misi
780 1475 950 1531 illum
991 1477 1064 1531 ad
1110 1481 1188 1538 te.
1239 1483 1532 1548 prwccpto
1577 1475 1710 1532 dato
1761 1477 1938 1531 etiam
1969 1493 2066 1531 ac-

428 1565 820 1626 cusatoribus,
849 1571 914 1619 ut
943 1582 1071 1636 qum
1103 1565 1324 1620 habent
1363 1565 1643 1621 adversus
1693 1583 1827 1620 eum
1873 1566 2072 1621 dicant

429 1653 585 1726 apud
637 1659 712 1708 te.
763 1653 919 1709 Vale.
970 1653 1182 1708 Milites
1233 1672 1390 1718 vero,
1433 1656 1606 1728 juxta
1644 1655 1801 1725 quod
1833 1655 1944 1709 sibi
1985 1653 2071 1708 in-

423 1741 698 1814 junctum
771 1748 916 1812 erat,
971 1749 1274 1814 receptum
1327 1744 1573 1798 Paulum
1620 1743 1916 1798 duxerunt
1967 1761 2072 1814 per

431 1837 664 1887 noctem
697 1832 1152 1904 Antipatridem.
1187 1835 1429 1888 l’ostero
1459 1839 1654 1888 autem
1681 1831 1777 1886 die
1809 1831 2070 1886 dimissis

431 1922 732 1994 equitibus
763 1928 828 1977 ut
858 1939 992 1978 cum
1026 1941 1093 1978 eo
1127 1923 1302 1992 irent,
1335 1923 1554 1978 reversi
1589 1928 1728 1978 sunt
1761 1922 1822 1976 in
1863 1929 2073 1977 castra.

430 2011 536 2076 Qui
605 2029 740 2067 cum
808 2012 1114 2066 venissent
1171 2013 1498 2067 Cmsaream
1558 2029 1624 2066 ac
1693 2011 2081 2067 tradidissent

431 2102 670 2172 praesidi
719 2102 1054 2174 epistolam,
1107 2108 1443 2158 statuerunt
1493 2118 1691 2158 coram
1745 2119 1811 2158 eo
1839 2107 1898 2158 et
1928 2104 2076 2158 Pau-

431 2192 576 2248 lum.
609 2193 873 2264 Cumque
916 2193 1157 2265 legisset
1207 2210 1426 2264 prmses
1461 2199 1520 2248 et
1567 2193 1990 2265 interrogasset
2013 2210 2080 2248 ex

436 2297 552 2352 qua
599 2281 902 2350 provincia
951 2287 1128 2349 esset,
1189 2281 1288 2336 ubi
1353 2281 1723 2354 cognovisset
1788 2282 1946 2352 quod
2013 2298 2083 2336 ex

437 2370 678 2426 Cilicia:
757 2371 1006 2426 Audiam
1071 2377 1148 2438 te,
1225 2372 1440 2442 inquit,
1518 2387 1646 2426 cum
1712 2377 2083 2426 accusatores

441 2475 678 2532 quoque
707 2461 794 2516 tui
825 2461 1193 2532 advenerint,
1220 2462 1521 2534 jussitque
1573 2463 1634 2516 in
1671 2461 1946 2533 praetorio
1975 2461 2084 2516 He-

442 2549 602 2605 rodis
634 2551 918 2606 custodiri
951 2567 1107 2607 eum.
1135 2579 1158 2602 υ

2171 577 2256 632 ἳνα
2285 575 2693 647 ἐπιϐιϐάσαντες
2721 585 2815 640 τὸν
2875 587 3087 640 Παῦλον
3143 581 3454 640 διασώσωσι
3505 582 3642 658 πρὸς
3701 583 3820 652 Φή-

2177 665 2304 723 λικα
2361 671 2451 725 τὸν
2511 675 2779 749 ἡγεμόνα,
2835 676 3043 750 γράψας
3106 671 3404 741 ἐπιστολήν
3455 673 3820 749 περιέχουσαν

2171 756 2263 810 τὸν
2322 759 2489 814 τύπον
2546 766 2760 817 τοῦτον
2821 761 3093 826 Κλαύδιος
3147 762 3347 826 Λυσίας
3402 765 3483 834 τῷ
3552 761 3820 836 κρατίστῳ

2173 847 2412 922 ἡγεμόνι
2447 850 2656 921 Φήλικι
2713 853 2948 926 χαίρειν.
3007 852 3109 909 Τὸν
3171 849 3333 927 ἃνδρα
3387 855 3579 905 τοῦτον
3609 847 3820 920 συλλη-

2174 933 2368 1011 φθέντα
2426 939 2528 994 ὑπὸ
2587 945 2694 994 τῶν
2754 941 3051 1009 Ἰουδαίων,
3115 940 3204 996 καὶ
3257 938 3534 1012 μέλλοντα
3589 938 3824 1013 ἀναιρεῖ-

2175 1027 2292 1079 σθαι
2327 1027 2418 1081 ὑπ’
2466 1029 2666 1098 αὐτῶν,
2725 1027 2942 1092 ἐπιστὰς
3007 1027 3099 1084 σὺν
3159 1034 3236 1102 τῷ
3283 1027 3642 1104 στρατεύματι
3701 1027 3828 1098 ἐξει-

2177 1111 2381 1186 λόμην,
2447 1119 2630 1190 μαθὼν
2711 1119 2792 1173 ὅτι
2843 1119 3100 1192 Ρωμαῖός
3156 1117 3287 1175 ἐστι.
3367 1117 3712 1191 Βουλόμενος
3770 1114 3828 1171 δὶ

2175 1207 2375 1278 γνῶναι
2435 1208 2535 1276 τήν
2594 1208 2796 1278 αἰτίαν,
2858 1205 2929 1264 δι’
2987 1207 3052 1279 ἢν
3102 1207 3388 1264 ἐνεκάλουν
3465 1207 3631 1280 αύτῷ,
3699 1229 3826 1262 κατ-

2180 1295 2383 1368 ήγαγον
2443 1295 2601 1351 αὑτὸν
2663 1296 2740 1360 εἷς
2820 1299 2882 1353 τὸ
2941 1295 3218 1373 συνέδριον
3277 1299 3470 1354 αὐτῶν.
3519 1299 3619 1354 ’Ὀν
3678 1295 3828 1372 εὗρον

2179 1382 2578 1459 ἐγκαλούμενον
2633 1389 2756 1463 περὶ
2817 1389 3148 1464 ζητημάτων
3229 1393 3326 1445 τοῦ
3383 1388 3557 1462 νόμου
3629 1387 3828 1458 αὑτῶν,

2184 1471 2354 1546 μηδὲν
2387 1473 2444 1530 δὶ
2472 1475 2621 1548 ἄξιον
2655 1479 2882 1534 θανάτου
2939 1477 2974 1548 ἤ
3026 1477 3239 1554 δεσμῶν
3297 1477 3554 1554 ἔγκλημα
3609 1473 3827 1554 ἔχοντα.

2183 1563 2535 1636 Μηνυθείσης
2594 1561 2652 1620 δέ
2705 1588 2799 1642 μοι
2833 1563 3136 1637 ἐπιϐουλῆς
3193 1567 3268 1628 εἷς
3322 1567 3412 1622 τὸν
3470 1562 3632 1642 ἄνδρα
3693 1563 3830 1638 μὲλ-

2182 1650 2296 1706 λειν
2359 1649 2568 1709 ἔσεσθαι
2622 1655 2728 1710 ἀπὸ
2775 1662 2880 1711 τῶν
2943 1653 3245 1729 Ἰουδαίων,
3306 1654 3531 1727 ἐξαυτῆς
3613 1647 3830 1728 ἔπεμψα

2181 1743 2318 1816 πρὸς
2353 1743 2430 1812 σὲ,
2489 1743 2867 1822 παραγγείλας
2935 1745 3026 1802 καὶ
3081 1751 3198 1811 τοῖς
3255 1743 3590 1822 κατηγόροις
3647 1741 3830 1821 λέγειν

2183 1831 2248 1886 τὰ
2277 1832 2416 1906 πρὸς
2447 1832 2610 1889 αὑτὸν
2641 1832 2730 1889 ἐπὶ
2787 1839 2906 1894 σοῦ.
2966 1834 3239 1910 Ἐῥρωσο.
3273 1836 3339 1892 Οἱ
3394 1835 3487 1908 μὲν
3519 1835 3608 1889 οὗν
3667 1853 3831 1909 στρα-

2185 1925 2379 1975 τιῶται
2419 1921 2554 1978 κατᾶ
2604 1923 2666 1977 τὸ
2725 1921 3144 2000 διατεταγμένον
3206 1924 3416 1994 αὐτοῖς,
3473 1917 3833 1984 ἀναλαϐόντες

2186 2009 2275 2063 τὸν
2317 2007 2552 2080 Παῦλον,
2612 2011 2816 2088 ἤγαγον
2887 2009 2974 2066 διὰ
3031 2019 3133 2082 τῆς
3185 2013 3375 2074 νυκτὸς
3424 2013 3499 2075 εἰς
3557 2015 3656 2083 τήν
3713 2013 3836 2070 Ἀν-

2189 2096 2502 2170 τιπατρίδα.
2561 2103 2642 2174 Τῇ
2727 2098 2783 2156 δὲ
2839 2101 3094 2176 ἐπαύριον
3171 2100 3415 2164 ἐάσαντες
3473 2101 3598 2164 τοὺς
3652 2104 3838 2163 ἱππεῖς

2189 2187 2510 2261 πορεύεσθαι
2560 2189 2654 2243 σὺν
2709 2188 2876 2260 αὐτῷ,
2939 2187 3270 2264 ὑπέστρεψαν
3355 2189 3430 2252 εἷς
3511 2192 3612 2260 τὴν
3699 2209 3840 2264 παρ-

2193 2272 2463 2350 εμϐολήν,
2526 2279 2720 2340 οἳτινες
2779 2276 3110 2339 εἰσελθόντες
3195 2279 3270 2340 εἷς
3337 2279 3438 2348 τήν
3493 2280 3833 2354 Καισάρειαν,

2191 2367 2281 2420 καὶ
2313 2363 2596 2430 ἀναδόντες
2625 2370 2726 2438 τήν
2782 2365 3080 2438 ἐπιστολὴν
3137 2373 3216 2440 τῷ
3275 2368 3536 2445 ἡγεμόνι,
3563 2369 3839 2444 παρέστη-

2195 2477 2286 2510 σαν
2341 2457 2432 2511 καὶ
2487 2458 2577 2512 τὸν
2637 2455 2858 2514 Παῦλον
2943 2458 3112 2530 αὐτῷ.
3177 2459 3466 2532 Ἀναγνοὺς
3515 2455 3572 2513 δὲ
3625 2460 3652 2512 ὁ
3709 2461 3840 2535 ἠγε-

2201 2545 2336 2618 μὼν,
2411 2547 2500 2601 καὶ
2589 2545 2935 2622 ἐπερωτήσας
2993 2545 3054 2600 ἐκ
3134 2547 3296 2608 ποίας
3373 2547 3642 2626 ἐπαρχίας
3703 2548 3840 2620 ἐστὶ,

441 2639 532 2693 καὶ
563 2639 870 2712 πυθόμενος
899 2641 984 2694 δτι
1010 2639 1116 2695 ἀπὸ
1151 2639 1424 2710 Κιλικίας,
1459 2637 1828 2710 Διακούσομαί
1854 2657 1970 2710 σου,
2005 2633 2130 2715 ἔφη,
2163 2637 2287 2691 ὅταν
2317 2637 2406 2690 καὶ
2439 2638 2490 2691 οἱ
2529 2637 2826 2712 κατήγοροί
2879 2659 2975 2692 σου
3021 2637 3450 2713 παραγένωνται·
3510 2637 3757 2694 ἐκέλευσέ
3782 2657 3842 2695 τε

443 2728 603 2784 αὐτὸν
637 2727 690 2783 ἐν
714 2734 793 2800 τῷ
827 2729 1146 2803 πραιτωρίῳ
1172 2725 1421 2802 Ἡρώδου
1454 2725 1838 2806 φυλάσσεσθαι.
1875 2751 1901 2778 ››

513 2819 668 2877 188
721 2842 748 2870 ‹‹
801 2819 1220 2891 Ἀνεοεμάτισαν
1265 2817 1508 2890 ἑαυτούς,
1561 2839 1586 2870 ιι
1639 2819 1680 2873 i.
1735 2819 2098 2874 devoverunt

445 2913 692 2984 seipsos,
711 2913 820 2968 hoc
846 2918 954 2982 est,
989 2917 1156 2967 extra
1170 2911 1272 2966 Dei
1296 2911 1472 2966 ﬁdem
1503 2927 1634 2966 sese
1659 2927 1787 2966 esse
1814 2909 2096 2965 dixerunt

443 3001 558 3056 nisi
590 3001 886 3068 {facerent
917 3017 1047 3072 qua:
1111 3000 1542 3072 judicaverant.
1595 2999 1722 3054 Sive
1777 3013 1909 3071 ergo
1955 3015 2096 3070 pro-

446 3091 730 3146 missione
757 3091 1210 3156 frustrarentur,
1247 3089 1400 3144 sicut
1431 3089 1609 3144 etiam
1643 3088 1908 3144 frustrati
1931 3093 2093 3152 sunt,

447 3180 765 3235 anathema
798 3185 968 3234 erant
997 3197 1008 3233 :
1047 3179 1164 3234 sive
1198 3179 1375 3234 etiam
1403 3175 1889 3250 contigissetillis
1920 3181 2096 3231 utoc-

2279 2839 2306 2868 ι(
2341 2816 2757 2888 ’Δνεθεμάτισαν
2816 2817 3058 2886 ἑαυτοὺς,
3115 2841 3136 2868 ι
3197 2817 3472 2873 τουτέστιν
3547 2811 3648 2889 ἔξω
3707 2819 3845 2872 εἶναι

2201 2911 2303 2974 τῆς
2332 2906 2469 2960 κατά
2499 2904 2630 2960 Θεὸν
2683 2925 2920 2968 πιστιως
2979 2907 3126 2961 εἶπον
3184 2905 3432 2976 ἑαυτοὺς,
3465 2906 3511 2961 εί
3547 2907 3621 2980 μή
3681 2909 3848 2978 ποιή-

2205 3015 2350 3050 σειαν
2377 2995 2442 3050 τὰ
2463 2992 2711 3065 δόξαντα.
2745 2993 2872 3053 Εἴτε
2925 2995 3021 3051 οὗν
3077 2995 3366 3072 ἐψεύσαντο
3416 2999 3516 3067 τήν
3553 2997 3846 3076 ὑπόσχεσιν

2206 3085 2279 3147 ὡς
2333 3085 2422 3140 καὶ
2475 3084 2790 3160 ἐψεύσαντο,
2847 3085 3090 3161 ἀνάθεμα
3149 3087 3302 3142 εἰσιν·
3363 3085 3470 3142 εἷ’τε
3526 3087 3618 3142 καὶ
3677 3086 3851 3164 ἐξεγε-

2201 3175 2346 3250 γόνει
2397 3175 2581 3238 αὐτοῖς
2640 3180 2919 3256 φονεῦσαι,
2978 3174 3142 3230 πάλιν
3197 3176 3271 3236 ὡς
3349 3182 3530 3256 φονεῖς
3610 3175 3851 3250 ἀνάθεμα

450 3269 740 3336 ciderent,
775 3285 980 3324 rursus
1008 3275 1108 3322 aut
1142 3269 1252 3339 ipsi
1285 3273 1568 3338 tanquam
1600 3265 1914 3321 homicidae
1945 3281 2086 3321 ana-

2203 3264 2428 3328 ὲαυτοὺς
2485 3263 2724 3334 ἐποίουν,
2781 3265 2907 3335 ἢτοι
2961 3266 2988 3320 ὁ
3045 3266 3196 3336 Θεὸς,
3252 3265 3297 3320 εἰ
3347 3265 3438 3320 καὶ
3487 3266 3851 3342 παρεσιώπων

455 3359 656 3414 thema
692 3375 821 3415 sese
848 3357 1208 3422 efficiebant,
1243 3363 1346 3410 aut
1375 3357 1530 3410 Deus
1559 3356 1708 3426 ipse,
1751 3371 2094 3426 quanquam

453 3445 1244 3522 pontiﬁcesdissimularent.
1265 3445 1465 3515 Itaque
1488 3445 1707 3516 duplex
1739 3451 1828 3500 est
1855 3445 2097 3500 anathe-

457 3556 590 3595 ma:
623 3557 808 3595 unum
842 3537 1082 3608 quidem
1117 3543 1398 3606 tanquam
1425 3535 1702 3588 omnibus
1751 3541 1853 3589 aut
1891 3535 2096 3588 multis

453 3633 823 3686 inaccessum
849 3628 1080 3698 solique
1113 3627 1228 3680 Deo
1251 3625 1577 3696 repositum
1601 3641 1614 3676 :
1639 3623 1893 3679 alterum
1925 3621 2096 3694 quasi

455 3723 528 3780 ab
550 3723 711 3778 omni
731 3725 1000 3776 creatura
1014 3717 1355 3788 sanctisque
1371 3715 1762 3788 potestatibus
1781 3715 2094 3782 intactum,

457 3819 514 3868 ct
544 3829 578 3868 a
621 3814 738 3868 Deo
799 3811 1084 3874 alienum,
1141 3813 1426 3877 tanquam
1477 3805 1714 3860 diabolo
1745 3803 2096 3876 repositum,

455 3909 696 3976 propter
726 3899 1150 3956 alienationem
1191 3897 1346 3952 bono
1395 3895 1828 3967 impermistam
1858 3909 1870 3946 :
1905 3899 1964 3946 et
1991 3893 2098 3947 hu-

449 3990 714 4065 jusmodi
743 4007 904 4044 nunc
936 3985 1300 4043 anathemati
1337 3986 1394 4039 hi
1427 4001 1556 4040 sese
1590 3983 1934 4056 subjiciunt.
1977 3982 2096 4036 Hoc

456 4085 654 4134 autem
687 4078 902 4148 saepius
950 4093 1056 4148 per
1105 4073 1484 4148 epitasim,id
1528 4079 1636 4140 est,
1691 4071 2096 4127 intensionem

456 4169 571 4225 dici
599 4168 962 4224 arbitramur
979 4165 1277 4238 κατάθεμα,
1313 4165 1422 4219 hoc
1455 4169 1543 4220 est
1575 4163 1862 4234 rejectum
1891 4178 1902 4214 :
1937 4158 2098 4232 quod

459 4258 616 4316 enim
644 4257 984 4330 hujusmodi
1019 4261 1109 4312 est
1135 4271 1258 4310 non
1280 4253 1590 4326 reponitur
1620 4257 1722 4307 aut
1757 4251 2095 4322 deponitur,

458 4351 562 4408 sed
593 4347 880 4422 rejicitur,
905 4347 1141 4402 diabolo
1173 4344 1510 4416 subjectum
1542 4341 1740 4410 simul,
1777 4347 1834 4398 et
1863 4357 1996 4397 cum
2030 4357 2098 4396 eo

457 4441 943 4500 condemnatum.

1021 4527 1269 4592 .CAPUT
1297 4523 1516 4580 XXXV.

2203 3355 2254 3407 οἱ
2287 3354 2580 3429 ἂρχιερεῖς.
2615 3357 2728 3412 Τοῦ
2780 3354 3110 3428 ἀναθέματος
3161 3355 3252 3410 οὗν
3311 3351 3499 3410 δισσοῦ
3527 3353 3851 3430 νοουμένου,

2201 3448 2298 3498 τοῦ
2333 3443 2448 3516 μὲν,
2479 3444 2556 3507 ὡς
2581 3449 2697 3505 τοῖς
2751 3449 2912 3500 πᾶσιν
2969 3444 3004 3514 ἢ
3057 3441 3298 3509 πολλοῖς
3343 3444 3654 3524 ἀνεφίκτου,
3731 3447 3850 3517 Θεῷ

2203 3529 2258 3586 δὲ
2291 3533 2444 3604 μόνῳ
2501 3532 2904 3608 ἀνατιθεμένου,
2955 3538 3054 3588 τοῦ
3111 3531 3168 3588 δὲ
3215 3533 3290 3596 ὡς
3347 3533 3492 3610 πασῃ
3551 3537 3619 3609 τῇ
3677 3535 3850 3590 κτίσει

2201 3621 2291 3676 καὶ
2367 3627 2484 3682 ταῖς
2571 3621 2746 3696 ἁγίαις
2823 3619 3112 3696 δυνάμεσιν
3179 3622 3477 3698 ἀψαύστου,
3556 3623 3646 3679 καὶ
3731 3629 3848 3697 Θεῷ

2201 3708 2522 3784 ἀλλοτρίου,
2579 3711 2654 3772 ὡς
2699 3715 2780 3782 τῷ
2829 3705 3077 3784 διαϐόλῳ
3157 3712 3536 3785 ἀνακειμένου,
3603 3710 3693 3768 διὰ
3748 3715 3848 3784 τήν

2201 3799 2379 3876 ἀμιγῆ
2409 3803 2506 3854 τοῦ
2537 3797 2709 3854 καλοῦ
2740 3797 3132 3876 ἁλλοτριωσιν,
3155 3801 3390 3875 τοιούτῳ
3420 3807 3512 3856 νῦν
3553 3803 3644 3859 καὶ
3700 3807 3852 3858 οὗτοι

2204 3884 2610 3944 ὑποϐάλλουσιν
2643 3889 2866 3951 ἑαυτοὺς
2925 3888 3240 3964 ἀναθέματι.
3287 3891 3452 3948 Τοῦτ’
3481 3889 3574 3947 οὖν
3629 3889 3852 3948 πολλά-

2201 3995 2285 4037 κις
2369 3976 2488 4030 κατ’
2569 3973 2810 4030 ἐπίτασιν
2883 3975 3130 4050 εἰρῆσθαι
3185 3978 3480 4053 νομίζομεν
3554 3980 3847 4053 καταθεμα.

2201 4070 2292 4138 Τῷ
2323 4065 2428 4140 γὰρ
2459 4063 2572 4120 ὅντε
2601 4065 2664 4120 τὸ
2714 4068 2962 4120 τοιοῦτον
3024 4065 3124 4121 οὐκ
3175 4067 3502 4139 ἀνατίθεται,
3559 4068 3706 4124 ἀλλὰ
3763 4087 3853 4123 κα-

2201 4154 2470 4211 τατίθεται
2521 4159 2600 4227 τῷ
2629 4148 2874 4227 διαϐόλῳ
2941 4155 3378 4230 ὑποταττόμενον
3431 4157 3522 4212 καὶ
3581 4179 3849 4236 συγκατα-

2202 4243 2572 4320 δικαζόμενον.

2813 4541 3071 4596 ΚΕΦΑΛ.
3127 4539 3252 4596 ΛΕ“.

459 4627 691 4682 Tertulli
720 4623 998 4680 accusatio
1027 4617 1286 4673 adversus
1313 4614 1567 4679 Paulum,
1601 4619 1654 4666 et
1666 4611 1838 4682 ipsius
1859 4611 1934 4664 ad
1955 4623 2086 4679 praei

2281 4627 2602 4704 Τερτύλλου
2633 4627 2755 4704 περὶ
2791 4625 3034 4704 ’Παύλου
3067 4648 3423 4704 *κατηγορια,
3453 4631 3544 4685 καὶ
3603 4631 3767 4686 αὑτοῦ

1053 4723 1222 4776 sidem
1248 4721 1513 4787 defensio.

527 4819 718 4885 XXIV,
753 4819 906 4870 1-21.
949 4833 968 4860 ι
1005 4813 1142 4866 Post
1170 4807 1436 4879 quinque
1474 4811 1674 4860 autem
1707 4805 1832 4859 dies
1862 4803 2106 4858 descen-

458 4909 544 4964 dit
573 4907 852 4980 princeps
884 4899 1256 4957 sacerdotum
1297 4896 1555 4951 Ananias
1585 4909 1720 4950 cum
1767 4891 2103 4948 senioribus

463 5007 522 5056 et
566 4997 826 5054 Tertullo
882 4989 1138 5065 quodam
1188 4993 1442 5056 oratore,
1497 4987 1596 5058 qui
1639 4987 2106 5056 comparuerunt

459 5107 658 5148 coram
689 5085 942 5160 praeside
976 5083 1255 5138 adversus
1287 5078 1558 5144 Paulum,
1592 5077 1886 5146 citatoque
1919 5073 2102 5129 Paulo

463 5182 639 5254 cmpit
668 5176 965 5234 Tertullus
997 5187 1297 5238 accusare,
1332 5169 1537 5224 dicens
1573 5185 1586 5224 :
1615 5167 1759 5223 Cum
1807 5165 1868 5220 in
1917 5164 2106 5220 multa

459 5291 602 5346 pace
647 5285 890 5344 agamus
943 5283 1048 5338 per
1117 5269 1192 5324 te,
1249 5266 1307 5314 et
1363 5259 1552 5314 multa
1617 5261 1776 5311 recte
1824 5259 2106 5328 gerantur

461 5366 520 5418 in
552 5361 771 5434 populo
803 5359 914 5413 hoc
945 5373 1050 5426 per
1081 5359 1239 5408 tuam
1271 5347 1725 5421 providentiam,
1757 5351 1814 5399 et
1844 5361 2101 5434 semper,

463 5461 520 5509 et
556 5433 784 5521 ubique
841 5443 1318 5516 comprobamus,
1381 5433 1871 5509 prmstantissime
1919 5433 2103 5502 Felix,

463 5559 596 5598 cum
628 5537 792 5595 omni
823 5535 1146 5610 gratiarum
1201 5527 1454 5583 actione.
1511 5523 1624 5580 Sed
1665 5541 1738 5578 ne
1793 5523 2016 5577 diutius
2047 5527 2104 5576 te

472 5633 794 5692 detineam,
847 5642 949 5682 oro
1010 5629 1065 5678 te
1114 5625 1180 5676 ut
1210 5617 1418 5674 audias
1465 5632 1573 5670 nos
1603 5613 1808 5687 paucis
1851 5629 1956 5686 pro
2009 5617 2110 5668 tua

466 5722 858 5783 humanitate.
911 5711 1072 5769 Nacti
1121 5710 1278 5765 enim
1330 5722 1538 5762 sumus
1585 5705 1744 5760 hunc
1781 5703 1968 5758 virum
2001 5717 2110 5774 pe-

2562 4697 2836 4774 ἀπολόγία
2884 4697 2970 4754 ἐπὶ
3001 4697 3097 4754 τοῦ
3129 4697 3425 4776 ἡγεμόνοςζ

2282 4790 2502 4848 «Μετᾶ
2559 4785 2616 4842 δέ
2698 4785 2855 4842 πέντε
2938 4785 3149 4862 ἡμέρας
3221 4784 3422 4860 κατέϐη
3483 4791 3512 4844 ὁ
3567 4791 3852 4871 ἀρχιερεὺς

2211 4879 2452 4940 Ἀνανίας
2539 4877 2670 4951 μετὰ
2729 4881 2835 4931 τῶν
2951 4871 3350 4952 πρεσϐυτέρων,
3436 4879 3526 4934 καὶ
3621 4881 3854 4955 ῥήτορος

2214 4967 2532 5046 Τερτύλλου
2579 4967 2748 5030 τινός.
2835 4965 3046 5028 Οῗτινες
3101 4967 3406 5047 ἐνεφάνισαν
3465 4973 3543 5042 τῷ
3616 4971 3853 5048 ἡγεμόνι

2213 5061 2348 5117 κατὰ
2404 5063 2500 5114 τοῦ
2553 5057 2793 5114 Παύλου.
2855 5055 3162 5128 Κληθέντος
3244 5055 3302 5112 δὲ
3375 5058 3564 5130 αὐτοῦ,
3649 5061 3852 5134 ἤρξατο

2213 5155 2532 5227 κατηγορεῖν
2588 5149 2616 5203 ὁ
2677 5145 3011 5224 Τέρτυλλος,
3073 5145 3268 5222 λέγων’
3323 5145 3550 5218 Πολλῆς
3629 5149 3856 5226 εἰρήνης

2214 5259 2575 5320 τυγχανοντες
2635 5235 2723 5292 διὰ
2795 5241 2912 5304 σοῦ,
2961 5237 3048 5292 καὶ
3103 5237 3549 5310 κατορθωμάτων
3635 5239 3860 5318 γινομέ-

2213 5356 2318 5388 νων
2346 5337 2426 5404 τῷ
2469 5327 2608 5395 ἔθνει
2653 5327 2832 5400 τούτῳ
2888 5323 2976 5380 διὰ
3037 5333 3138 5395 τῆς
3189 5333 3288 5396 σῆς
3349 5329 3624 5400 προνοίας,
3679 5329 3854 5399 πάντη

2213 5445 2271 5480 τε
2325 5421 2414 5477 καὶ
2473 5417 2753 5474 πανταχοῦ
2837 5411 3246 5493 ἀποδεχόμεθα,
3332 5419 3584 5492 κράτιστε
3649 5415 3852 5488 Φῆλιξ,

2220 5513 2352 5588 μετὰ
2409 5509 2586 5580 πάσης
2647 5503 3017 5582 εὐχαριστίας.
3083 5505 3196 5560 Ἵνα
3247 5503 3304 5560 δὲ
3394 5508 3469 5581 μή
3521 5507 3609 5562 ἐπὶ
3659 5504 3852 5564 πλεῖόν

2217 5627 2274 5661 σε
2303 5602 2575 5678 ἐγκόπτω,
2605 5593 2908 5674 παρακαλῶ
2955 5593 3184 5650 ἀκοῦσαί
3241 5617 3298 5650 σε
3353 5597 3514 5668 ἡμῶν
3567 5597 3854 5673 συντόμως

2219 5697 2288 5769 τῇ
2343 5695 2410 5766 σῇ
2468 5689 2750 5746 ἰπιεικεία’
2811 5684 3072 5760 Εὑρόντες
3124 5685 3228 5760 γὰρ
3291 5685 3384 5742 τὸν
3437 5683 3604 5762 ἄνδρα
3659 5693 3852 5746 τοῦτον
