4150 6200
320 364 436 424 281

1449 363 1873 426 (ΕΟΠΜΕΝΙΙ
1921 363 2223 424 ΤΙὶῙΟΕΕ
2269 364 2638 426 EPlSCOPI.

3610 363 3730 422 282

323 493 546 566 Λοιμὸν,
605 493 692 549 καὶ
745 498 998 549 κινοῦντα
1054 495 1264 556 στάσεις
1317 500 1446 549 πᾶσι
1505 499 1619 556 τοῖς
1679 490 1962 555 Ἰουδαέοις

2085 495 2344 551 stiterum
2415 504 2474 550 et
2546 498 2942 552 concitantem
3005 496 3364 550 seditionem
3443 494 3724 550 omnibus

319 587 439 644 τοτς
515 581 651 636 κατά
722 582 824 649 τήν
901 581 1250 655 οἰκουμένην,
1319 583 1708 657 πρωτοστάτην
1757 600 1817 635 τε
1872 587 1971 648 τῆς

318 675 428 726 τῶν
492 671 823 742 Ναζωραίων
901 671 1176 746 αἱρέσεως,
1239 670 1296 734 ὅς
1357 671 1448 726 καὶ
1505 671 1568 726 τὸ
1623 671 1768 743 ἱερὸν
1829 668 1974 724 ἐπεί-

319 779 454 835 ρασε
532 755 870 834 βεϐηλῶσαι,
949 759 1318 835 ἐκρατήσαμεν
1412 761 1600 826 αὐτὸν,
1675 760 1765 815 καὶ
1839 760 1974 814 κατά

321 848 414 903 τὸν
446 847 712 921 ἡμέτερον
770 848 943 920 νόμον
1002 848 1348 920 ἠθελήσαμεν
1407 848 1629 924 κρίνειν.
1682 845 1973 921 Παρελθὼν

321 934 379 992 δὲ
441 937 638 998 Λυσίας
698 939 726 992 ὁ
789 937 1093 1015 χιλίαρχος
1149 938 1283 1011 μετά
1334 936 1555 1008 πολλῆς
1615 935 1735 1012 βίας
1776 935 1968 991 ἐκτῶν

320 1032 528 1104 χειρῶν
579 1030 743 1100 ἡμῶν
799 1028 1106 1104 ἀπήγαγεν,
1162 1028 1400 1084 κελεύων
1449 1026 1575 1089 τοὺς
1633 1026 1972 1101 κατηγόρους

319 1117 488 1173 αὐτοῦ
554 1112 809 1193 ἔρχεσθαι
887 1115 975 1172 ἐπί
1051 1115 1128 1172 σέο
1205 1119 1330 1193 παρ’
1408 1117 1469 1172 οὗ
1537 1114 1757 1171 δύνασαι
1813 1114 1971 1177 αὐτὸς

320 1208 608 1281 ἀνακρίνας
682 1207 804 1280 περὶ
880 1209 1096 1263 πάντων
1181 1207 1387 1263 τούτων
1492 1205 1804 1280 ἐπιγνῶναι,
1900 1207 1973 1259 ὧν

317 1299 487 1370 ἡμεῖς
552 1301 962 1372 κατηγοροῦμεν
1042 1297 1228 1355 αὐτοῦ.
1295 1296 1576 1352 Συνέθεντο
1644 1293 1701 1350 δὲ
1764 1294 1852 1350 καὶ
1921 1295 1972 1349 οἱ

317 1384 583 1443 Ἰουδαῖοι
649 1390 942 1462 φάσκοντες
997 1391 1163 1443 ταῦτα
1220 1386 1392 1449 οὕτως
1449 1381 1621 1464 ἔχειν.
1671 1384 1969 1459 Ἀπεκρίθη

319 1471 378 1529 δὲ
446 1476 476 1530 ὁ
542 1473 779 1544 Παῦλος,
847 1475 1131 1536 νεύσαντος
1195 1473 1358 1530 αὐτοῦ
1424 1477 1519 1528 τοῦ
1577 1471 1844 1547 ἡγεμόνος
1879 1469 1974 1524 λέ-

319 1586 460 1640 γειν’
525 1566 618 1622 Ἐκ
679 1565 908 1622 πολλῶν
974 1567 1108 1621 ἐτῶν
1169 1562 1293 1620 ὄντα
1347 1586 1404 1619 σε
1458 1565 1650 1639 κριτήν
1707 1560 1787 1634 τῷ
1838 1560 1970 1616 ἔθνει

318 1655 507 1727 τούτῳ
563 1654 941 1728 ἐπιστάμενος,
1002 1654 1371 1730 εύθημότερον
1432 1654 1499 1708 τὰ
1555 1652 1679 1726 περὶ
1735 1651 1970 1724 ἐμαυτοῦ

235 1819 244 1826 θ
317 1743 728 1818 ἀπολογοῦμαι,
835 1742 1138 1817 δυναμένου
1243 1764 1338 1799 σου
1429 1746 1648 1816 γνῶναι,
1741 1740 1822 1795 ὅτι
1909 1740 1968 1794 οὑ

319 1833 550 1928 πλείους
609 1833 740 1888 εἰσίν
806 1854 902 1906 μοι
959 1832 1160 1906 ἡμέραι
1219 1831 1254 1902 ἤ
1315 1831 1563 1898 δεκαδύο,
1621 1832 1709 1905 ἀφ’
1760 1831 1824 1898 ῆς
1873 1829 1969 1883 ἀν-
2004 1863 2050 1928 Β

321 1918 456 1992 έόην
488 1925 880 1998 προσκυνήσων
933 1922 984 1977 ἐν
1046 1920 1434 1997 Ἰερουσαλὴμ,
1490 1921 1581 1975 καὶ
1639 1918 1764 1975 οὕτε
1812 1920 1862 1973 ἐν
1894 1923 1973 1990 τῷ

319 2014 454 2087 ἱερῷ
495 2013 648 2088 εὗρόν
713 2035 780 2086 με
834 2012 969 2088 πρός
1027 2034 1149 2068 τινα
1207 2009 1622 2088 διαλεγόμενον,
1691 2009 1725 2079 ἢ
1792 2008 1974 2063 ἐπισύ-

317 2124 508 2160 στασιν
554 2108 815 2159 ποιοῦντα
887 2100 1088 2179 ὄχλου,
1149 2103 1272 2158 οὔτε
1331 2103 1382 2158 ἐν
1436 2107 1556 2163 ταῖς
1615 2104 1975 2176 συναγωγαῖς,

321 2193 447 2251 οὔτε
512 2196 648 2251 κατὰ
712 2195 895 2249 πόλιν·
968 2190 1090 2250 οὔτε
1157 2192 1493 2268 παραστῆναι
1569 2212 1635 2263 με
1701 2187 1976 2259 δύνανται,

319 2287 445 2361 περί
478 2287 552 2340 ὧν
607 2284 970 2361 κατηγοροῦσί
1025 2305 1151 2356 μου.
1208 2280 1504 2357 Ὀμοῖιογῶ
1566 2278 1624 2336 δὲ
1674 2280 1834 2336 τοῦτό
1867 2301 1973 2349 σοι,

320 2376 406 2431 ὅτι
474 2377 611 2431 κατὰ
678 2377 779 2445 τήν
845 2372 994 2440 ὁδὸν,
1061 2375 1127 2443 ἢν
1196 2371 1447 2448 λέγουσιν
1516 2368 1736 2444 αἵρεσιν,
1803 2368 1974 2431 οὕτως

321 2463 578 2540 λατρεύω
643 2469 722 2535 τῷ
782 2464 1023 2538 πατρῴῳ
1106 2466 1242 2534 Θεῷ,
1333 2459 1600 2515 πιστεύων
1665 2465 1794 2513 πᾶσι
1859 2463 1975 2519 τοῖς

318 2555 460 2610 κατᾶ
507 2554 600 2610 τὸν
645 2555 813 2626 νόμον
873 2553 960 2607 καὶ
1019 2558 1136 2613 τοῖς
1195 2553 1504 2630 προφήταις
1553 2546 1974 2625 γεγραμμένοις,

322 2642 522 2698 ἐλπίδα
585 2638 731 2719 ἔχων
798 2641 874 2704 εἷς
939 2642 1030 2696 τὸν
1099 2641 1247 2710 Θεὸν,
1323 2641 1384 2708 ἣν
1446 2639 1536 2693 καὶ
1602 2637 1756 2692 αὐτοὶ
1824 2636 1974 2691 οὗτοι

321 2729 750 2807 προσδέχονται,
814 2730 1102 2786 ἀνάστασιν
1184 2727 1406 2801 μέλλειν
1474 2725 1683 2791 ἔσεσθαι
1747 2730 1975 2801 νεκρῶν,

324 2819 557 2878 δικαίων
590 2842 650 2877 τε
702 2820 794 2878 καὶ
852 2819 1078 2876 ἀδίκων.
1141 2823 1230 2878 Ἐν
1289 2819 1468 2890 τούτῳ
1525 2815 1582 2872 δὲ
1611 2815 1773 2879 αὐτὸς
1805 2817 1976 2888 ἀσκῶ,

322 2912 676 2984 ἀπρόσκοπον
747 2907 1049 2981 συνείδησιν
1117 2903 1264 2984 ἔχειν
1331 2907 1468 2983 πρὸς
1530 2909 1623 2962 τὸν
1692 2907 1818 2961 Θεὸν
1885 2905 1976 2960 καὶ

321 3001 452 3062 τοὺς
515 3000 834 3075 ἀνθρώπους
896 2995 1211 3058 διαπαντός.
1269 2998 1346 3050 Δι’
1402 2994 1535 3050 ἐτῶν
1594 2993 1650 3050 δέ
1710 2992 1978 3048 πλειόνων

322 3091 728 3166 παρεγενόμην,
796 3085 1169 3161 ἐλεημοσύνας
1243 3087 1490 3156 ποιήσων
1557 3084 1632 3146 εἰς
1701 3082 1762 3138 τὸ
1827 3077 1978 3146 ἔθνος

324 3201 436 3252 μου
493 3178 582 3234 καὶ
640 3177 974 3254 προσφορὰς,
1035 3176 1086 3231 ἐν
1165 3177 1248 3238 οἷς
1302 3174 1458 3249 εὗρόν
1519 3194 1585 3246 με
1640 3169 1969 3248 ἡγνισμένον

318 3268 374 3324 ἐν
427 3273 508 3340 τῷ
563 3268 716 3343 ἱερῷ,
775 3265 836 3323 ού
894 3267 1029 3338 μετά
1084 3265 1287 3340 οχλου,
1345 3261 1473 3319 οὐδὲ
1534 3264 1668 3336 μετὰ
1713 3256 1970 3336 θορύϐου.

321 3359 482 3422 Τινὲς
547 3355 605 3413 δὶ
671 3358 777 3414 ἀπὸ
841 3363 941 3426 τῆς
984 3355 1169 3418 Ἀσίας
1235 3351 1518 3424 Ἰουδαῖοι,
1580 3351 1671 3414 οῦς
1739 3348 1821 3406 δεῖ
1887 3348 1973 3404 ἐπὶ

325 3453 425 3504 σοῦ
484 3453 734 3523 παρεῖναι
792 3445 884 3502 καὶ
940 3449 1293 3521 κατηγορεῖν,
1360 3443 1408 3499 εἳ
1471 3464 1521 3498 τι
1590 3435 1770 3516 ἔχοιεν
1837 3440 1976 3516 πρός

330 3559 422 3612 με,
454 3536 491 3606 ἤ
531 3536 687 3592 αὐτοὶ
741 3537 894 3592 οὗτοι
949 3535 1274 3602 εἰπάτωσαν,
1327 3534 1372 3588 εἲ
1424 3554 1478 3588 τι
1531 3532 1686 3606 εὗρον
1736 3531 1786 3584 ἐν
1849 3527 1972 3602 ἐμοὶ

325 3625 597 3700 ἀδίκημα,
659 3623 880 3690 στάντος
938 3645 1042 3698 μου
1099 3623 1190 3680 ἐπὶ
1247 3627 1344 3678 τοῦ
1401 3618 1701 3696 συνεδρίου,
1757 3621 1792 3691 ἢ
1852 3620 1973 3695 περὶ

331 3721 461 3790 μιᾶς
561 3715 762 3786 ταύτης
861 3721 1070 3793 φωνῆς,
1146 3715 1212 3782 ἧς
1296 3711 1551 3786 ἐκέκραξα
1651 3710 1817 3771 ἐστὼς
1923 3708 1975 3763 ἐν

325 3807 543 3873 αὐτοῖς,
599 3805 684 3860 ὅτι
749 3804 872 3879 περὶ
938 3803 1275 3865 ἀναστάσεως
1343 3805 1543 3876 νεκρῶν
1615 3799 1724 3875 ἐγὼ
1788 3799 1976 3873 κρίνο-

329 3917 429 3972 μαι
462 3897 701 3971 σήμερον
735 3897 909 3968 ὑμῶν⁸
945 3919 974 3946 »

400 4013 427 4039 κ
462 3988 581 4042 Ὀτι
611 3987 748 4042 κατὰ
803 3986 902 4054 τὴν
965 3981 1116 4055 ὁδὸν,
1171 3985 1233 4052 ἣν
1298 3981 1543 4056 λέγουσιν
1575 3982 1801 4056 αἳρεσιν,
1837 3981 1978 4035 οὕτω

326 4075 579 4151 λατρεύω
617 4080 697 4148 τῷ
754 4077 996 4150 πατρῴῳ
1052 4077 1193 4145 Θεῷ.
1226 4096 1256 4124 ››
1317 4073 1470 4129 Μετά
1523 4074 1623 4140 τήν
1658 4070 1855 4140 κλῆσιν
1883 4073 1979 4124 τοῦ

324 4165 466 4220 εἶναι
521 4161 833 4226 ἀπόστολος
905 4165 1147 4238 Χριστοῦ
1221 4159 1401 4236 λέγων
1463 4159 1740 4234 λατρεύειν
1796 4158 1978 4233 Κυρίῳ

323 4257 570 4332 πατρῴῳ
600 4259 714 4326 Θεῷ
745 4251 1006 4308 δείκνυσιν
1054 4247 1142 4307 ἕνα
1191 4247 1319 4306 ὄντα
1367 4251 1495 4306 Θεὸν
1529 4250 1776 4313 Παλαιᾶς
1804 4268 1860 4303 τε
1889 4248 1978 4302 καὶ

328 4343 494 4415 Νέας,
544 4345 602 4400 ’ὸν
655 4345 708 4399 οἱ
765 4349 1042 4420 προφῆται
1102 4342 1191 4396 καὶ
1231 4342 1260 4396 ὁ
1300 4339 1467 4413 νόμος
1499 4336 1890 4415 κατήγγειλαν,
1923 4339 1980 4392 ὅν

323 4437 356 4489 ὁ
422 4433 639 4496 Παῦλος
699 4431 991 4506 ἐκήρυσσεν
1057 4430 1247 4501 εἰπὼν,
1324 4430 1590 4485 πιστεύων
1666 4433 1796 4482 πᾶσι
1861 4432 1980 4490 τοῖς

319 4525 465 4581 κατὰ
539 4524 708 4596 νόμον
783 4522 873 4578 καὶ
951 4525 1067 4582 τοῖς
1163 4521 1476 4596 προφήταις
1550 4518 1976 4594 γεγραμμένοις.

2080 585 2296 639 Judzeis
2351 587 2411 640 in
2464 586 2738 641 universo
2800 587 2962 655 orbe,
3031 592 3088 640 et
3143 590 3445 641 auctorem
3480 583 3724 638 haeresis

2084 675 2536 741 Nazarenorum,
2605 676 2704 746 qui
2778 675 2952 730 etiam
3042 675 3327 744 templum
3411 671 3724 744 profanare

2083 764 2366 818 tentavit:
2411 781 2588 835 quem
2633 772 2689 819 et
2737 765 3173 836 apprehensum
3221 762 3514 817 voluimus
3551 762 3726 832 juxta

2082 852 2271 925 legem
2322 861 2586 909 nostram
2639 855 2927 926 judicare.
2982 853 3093 908 Sed
3157 853 3581 924 superveniens
3629 851 3726 905 tri-

2082 942 2279 998 bunus
2311 944 2509 1014 Lysias
2539 961 2671 999 cum
2714 961 2926 1017 magna
2974 944 3024 996 vi
3058 943 3207 997 169
3250 942 3466 1014 eripuit
3509 958 3642 996 eum
3689 957 3724 995 a

2083 1033 2360 1088 manibus
2404 1034 2645 1098 nostris,
2689 1033 2910 1105 jubens
2960 1038 3333 1088 accusatores
3383 1031 3511 1101 ejus
3552 1032 3625 1084 ad
3669 1035 3724 1084 te

2083 1123 2302 1190 venire,
2339 1141 2408 1178 ex
2439 1141 2555 1195 quo
2598 1124 2818 1196 poteris
2858 1124 2983 1194 ipse
3017 1121 3169 1177 facta
3218 1119 3606 1191 inquisitione
3653 1117 3724 1174 de

2083 1211 2362 1266 omnibus
2401 1213 2531 1267 istis
2580 1230 2954 1285 cognoscere,
3016 1211 3088 1266 de
3127 1211 3341 1282 quibus
3396 1227 3504 1263 nos
3562 1222 3728 1262 accu-

2085 1318 2282 1357 samus
2314 1319 2470 1357 eum.
2514 1303 2874 1373 Adjecerunt
2905 1307 3102 1358 autem
3137 1307 3195 1356 et
3223 1299 3427 1364 Judaei,
3461 1298 3726 1352 dicentes

2073 1391 2207 1450 haec
2239 1392 2320 1446 ita
2351 1409 2412 1446 se
2446 1391 2681 1447 habere.
2725 1391 3051 1462 Respondit
3079 1397 3278 1445 autem
3320 1388 3556 1455 Paulus,
3589 1403 3727 1441 cum

2081 1481 2392 1535 annuisset
2421 1481 2544 1551 ipse
2577 1498 2796 1552 praeses
2826 1487 2888 1535 ut
2919 1481 3177 1534 diceret:
3212 1478 3486 1549 AEquiore
3525 1477 3724 1531 animo

2081 1588 2184 1642 pro
2215 1571 2441 1641 meipso
2477 1571 2829 1642 respondeo,
2864 1587 2996 1625 cum
3039 1569 3221 1624 sciam
3266 1575 3321 1622 te
3371 1567 3576 1621 multis
3600 1568 3725 1635 jam

2082 1661 2259 1715 annis
2308 1659 2574 1732 judicem
2622 1661 2801 1715 fuisse
2850 1659 3007 1730 genti
3064 1658 3238 1713 huic:
3301 1657 3398 1726 qui
3447 1661 3613 1727 potes
3637 1671 3728 1708 co-

2081 1767 2384 1822 gnoscere,
2433 1750 2589 1822 quod
2622 1768 2736 1805 non
2783 1751 2982 1821 plures
3023 1754 3159 1804 sunt
3192 1747 3336 1801 mihi
3364 1747 3514 1811 dies,
3548 1761 3725 1816 quam

2082 1841 2414 1907 duodecim,
2468 1858 2538 1895 ex
2581 1858 2696 1912 quo
2751 1840 2988 1895 ascendi
3033 1839 3383 1894 adoraturus
3431 1835 3728 1905 Jerosoly-

2083 1947 2240 1985 mam
2270 1947 2282 1983 :
2316 1936 2374 1984 et
2404 1947 2597 2000 neque
2644 1929 2708 1984 in
2739 1929 2961 2000 templo
3002 1931 3420 1998 compererunt
3464 1940 3558 1978 me
3592 1939 3725 1977 cum

2081 2021 2279 2091 aliquo
2340 2020 2764 2091 disputantem,
2831 2025 2933 2074 aut
2994 2033 3346 2073 concursum
3405 2015 3722 2070 facientem

2084 2109 2290 2178 turbae,
2349 2126 2544 2181 neque
2591 2111 2654 2164 in
2706 2107 3036 2180 synagogis,
3090 2122 3283 2176 neque
3344 2105 3403 2158 in
3466 2103 3722 2169 civitate,

2082 2216 2274 2271 neque
2328 2200 2578 2272 probare
2631 2205 2883 2272 possunt
2911 2215 2981 2253 ea
3024 2197 3094 2252 de
3146 2196 3360 2267 quibus
3409 2211 3502 2249 me
3552 2209 3723 2249 accu-

2082 2294 2232 2343 sant.
2280 2291 2580 2346 Conﬁteor
2626 2296 2824 2345 autem
2872 2289 2984 2343 hoc
3025 2286 3128 2340 tibi
3155 2284 3312 2357 quod
3355 2285 3526 2356 juxta
3572 2283 3725 2336 viam

2081 2395 2260 2448 quam
2300 2384 2510 2435 vocant
2556 2379 2830 2433 haeresim
2891 2379 2974 2432 sic
3023 2376 3152 2432 colo
3208 2375 3465 2446 patrium
3520 2373 3724 2438 Deum,

2083 2469 2332 2525 credens
2361 2469 2640 2524 omnibus
2670 2485 2800 2540 qua)
2834 2469 2894 2522 in
2924 2467 3050 2539 lege
3082 2471 3140 2520 et
3170 2463 3477 2536 prophetis
3507 2462 3729 2532 scripta

2083 2564 2258 2614 sunt:
2303 2575 2467 2631 spem
2517 2559 2744 2614 habens
2793 2559 2852 2612 in
2893 2559 3075 2612 Deum
3127 2555 3273 2619 fore,
3329 2568 3510 2624 quam
3560 2557 3615 2606 et
3665 2550 3725 2604 hi

2083 2654 2448 2720 exspectant,
2490 2649 2988 2705 resurrectionem
3019 2651 3388 2700 mortuorum
3421 2642 3726 2714 justorum

2085 2738 2262 2793 simul
2291 2745 2349 2793 et
2393 2739 2774 2810 injustorum.
2827 2739 2891 2790 In
2935 2736 3044 2790 hoc
3093 2740 3291 2790 autem
3341 2734 3466 2803 ipse
3516 2728 3725 2784 studeo

2084 2827 2212 2882 sine
2243 2827 2604 2882 ot‘t‘endiculo
2652 2824 3077 2881 conscientiam
3124 2823 3341 2877 habere
3373 2835 3511 2890 erga
3543 2819 3727 2871 Deum

2083 2921 2142 2970 et
2170 2917 2443 2972 homines
2477 2932 2730 2988 semper.
2767 2917 2906 2969 Post
2935 2929 3124 2968 annos
3167 2916 3364 2964 autem
3397 2908 3599 2979 plures
3629 2921 3729 2958 ac-

2083 3005 2232 3060 cessi
2282 3005 2690 3076 eleemosynas
2735 3002 3107 3058 exhibiturus
3141 3000 3200 3052 in
3246 3003 3480 3069 gentem
3532 3009 3727 3048 meam

2084 3099 2139 3148 et
2163 3093 2518 3159 oblationes,
2571 3092 2632 3146 in
2663 3091 2880 3162 quibus
2937 3091 3358 3160 compererunt
3406 3101 3501 3138 me
3551 3082 3723 3154 puri-

2084 3185 2325 3241 ﬁcatum
2357 3187 2417 3240 in
2476 3184 2722 3255 templo,
2763 3181 2921 3237 haud
2958 3197 3092 3236 cum
3151 3177 3323 3234 turba
3367 3190 3561 3245 neque
3593 3189 3728 3227 cum

2084 3275 2362 3331 tumultu.
2415 3275 2664 3340 Quidam
2740 3278 2938 3328 autem
2996 3287 3066 3324 ex
3123 3267 3259 3322 Asia
3325 3263 3530 3333 Judaei,
3579 3279 3726 3334 quos

2083 3364 2392 3436 oportebat
2445 3362 2602 3436 apud
2655 3367 2710 3417 te
2759 3366 2973 3434 prmsto
3041 3373 3168 3413 esse
3235 3361 3294 3410 et
3349 3367 3648 3417 accusare,
3678 3351 3726 3404 si

2085 3454 2225 3525 quid
2284 3453 2574 3509 haberent
2627 3452 2938 3508 adversum
2998 3465 3091 3503 me
3133 3463 3146 3501 :
3197 3451 3298 3501 aut
3351 3444 3411 3498 hi
3473 3442 3585 3513 ipsi
3635 3439 3726 3495 di-

2085 3551 2240 3612 cant,
2275 3544 2496 3616 siquid
2541 3541 3062 3615 deprehenderunt
3109 3539 3170 3592 in
3223 3553 3316 3592 me
3375 3531 3730 3604 iniquitatis,

2084 3651 2219 3689 cum
2271 3639 2419 3689 stem
2473 3634 2534 3687 in
2584 3632 2836 3688 concilio
2881 3629 3044 3684 :nisi
3095 3627 3166 3682 de
3224 3642 3343 3682 una
3402 3624 3510 3678 hac
3568 3636 3728 3686 voce,

2086 3741 2204 3794 qua
2259 3724 2504 3779 clamavi
2556 3723 2712 3778 inter
2763 3739 2829 3778 eo
2886 3726 3069 3776 stans.
3139 3718 3218 3771 De
3291 3712 3726 3770 resurrectione

2087 3819 2455 3869 mortuorum
2490 3829 2593 3884 ego
2617 3812 2857 3884 judicor
2896 3807 3070 3864 hodie
3101 3804 3339 3860 avobis.
3373 3823 3400 3852 »

2164 4013 2190 4045 α
2217 3994 2388 4048 Juxta
2417 3992 2570 4047 viam
2607 4007 2785 4062 quam
2818 3991 3030 4042 vocant
3049 3982 3323 4038 haeresim
3347 3979 3431 4036 sic
3462 3977 3591 4034 colo
3621 3993 3729 4048 pa-

2085 4082 2266 4136 trium
2296 4086 2496 4136 Deum.
2532 4102 2558 4128 »
2611 4080 2822 4135 Dicens
2872 4093 2933 4132 se
2983 4077 3165 4129 Deum
3218 4071 3474 4144 patrium
3535 4067 3730 4123 colere

2086 4176 2220 4242 post
2249 4171 2462 4225 factam
2493 4170 2858 4224 vocationem
2891 4171 2957 4220 ut
2986 4169 3184 4220 essent
3231 4159 3504 4232 apostoli,
3531 4163 3732 4212 osten-

2087 4259 2175 4314 dit
2204 4259 2479 4314 eumdem
2521 4275 2649 4312 esse
2699 4263 2884 4313 Deum
2944 4254 3170 4309 Veteris
3223 4268 3289 4306 ac
3338 4249 3476 4304 Novi
3528 4249 3728 4301 Testa-

2086 4350 2293 4417 menti,
2335 4365 2513 4420 quem
2569 4347 2665 4402 lex
2714 4353 2772 4401 et
2819 4345 3122 4416 prophetae
3182 4339 3726 4396 annuntiaveruut:

2087 4455 2263 4510 quem
2321 4437 2538 4493 Paulus
2615 4435 2991 4509 praedicabat,
3050 4433 3255 4488 dicens
3313 4446 3373 4483 se
3434 4423 3729 4480 universis

2088 4529 2328 4585 credere
2378 4545 2510 4600 quze
2552 4529 2613 4582 in
2658 4528 2785 4600 lege
2823 4543 2890 4582 ac
2949 4521 3254 4596 praphetis
3296 4517 3518 4588 scripta
3567 4517 3726 4568 sunt.

325 4614 477 4672 Κατὰ
521 4613 586 4668 τὸ
644 4611 1003 4684 σιωπώμενον
1066 4607 1123 4664 δὲ
1176 4610 1447 4665 κάνταῦθα
1475 4608 1564 4664 τὸν
1599 4606 1832 4681 Χριστὸν
1862 4605 1970 4661 εἴσ-

2088 4620 2362 4676 Latenter
2390 4591 2590 4675 autem
2623 4591 2919 4674 Chrvistum
2949 4591 3128 4670 etiam
3159 4611 3254 4666 hic
3285 4606 3538 4668 induxit,
3573 4605 3728 4658 110

321 4705 558 4778 ἤγαγεν,
589 4699 734 4757 άλλά
789 4703 924 4761 τέως
979 4703 1060 4772 τῷ
1114 4705 1212 4768 τῆς
1270 4696 1601 4758 ἀναστάσεως
1658 4689 1976 4769 ἐνδιατρίϐει

325 4793 506 4867 λόγῳ,
561 4791 618 4845 δν
678 4791 828 4846 οὗτοι
889 4789 938 4858 ἐξ
997 4789 1177 4862 ἀρχῆς
1235 4785 1606 4842 διεπονοῦντο.
1637 4783 1840 4839 Τούτου
1869 4785 1974 4860 γὰρ

322 4879 631 4961 δειχθέντος
658 4877 900 4940 εὐκόλως
952 4877 1043 4932 καὶ
1100 4877 1168 4931 τὰ
1220 4877 1320 4932 τοῦ
1360 4879 1600 4949 Χριστοῦ
1631 4875 1973 4948 ἐπεισήγετο,

320 4971 408 5026 ὅτι
443 4971 656 5040 ἀνέστη.

397 5085 425 5112 «
459 5052 724 5120 Ἀκούσας
783 5055 841 5112 δὶ
890 5059 1056 5112 ταῦτα
1113 5056 1141 5110 ὁ
1209 5055 1388 5126 Φήλιξ
1450 5048 1702 5109 πέόαλεν
1753 5050 1972 5120 αὐτοὺς,

321 5144 702 5227 ἀκριϐέστερον
753 5144 910 5208 εἰδὼς
942 5145 1006 5200 τὰ
1035 5145 1156 5219 περὶ
1213 5150 1313 5214 τῆς
1363 5140 1514 5212 ὁδοῦ,
1565 5141 1752 5196 εἰπών·
1805 5143 1973 5196 ’Όταν

322 5239 523 5302 Λυσίας
581 5239 610 5293 ὁ
669 5235 970 5312 χιλίαρχος
1027 5228 1260 5307 καταϐῇ,
1321 5230 1695 5307 διαγνώσομαι
1739 5232 1807 5286 τὰ
1852 5231 1970 5293 καθ’

322 5330 487 5402 ὑμᾶς.
545 5323 942 5397 Διαταξάμενός
1000 5344 1057 5379 τε
1109 5327 1190 5395 τῷ
1249 5321 1634 5397 ἐκατοντάρχῳ
1689 5321 1969 5395 τηρεῖσθαι

318 5421 413 5476 τὸν
475 5416 712 5485 Παῦλον,
769 5408 916 5490 ἔχειν
973 5435 1032 5470 τε
1089 5409 1282 5483 ἄνεσιν,
1336 5413 1426 5466 καί
1490 5410 1696 5485 μηδένα
1734 5409 1966 5468 κωλύειν

317 5514 431 5566 τῶν
461 5508 616 5564 ἰδίων
677 5506 846 5563 αὐτοῦ
907 5505 1191 5575 ὑπηρετεῖν
1252 5503 1287 5573 ἢ
1348 5503 1743 5580 προσέρχεσθαι
1792 5506 1962 5578 αὐτῷ.

319 5601 477 5659 Μετά
534 5595 594 5654 δε
641 5592 852 5671 ἡμέρας
911 5594 1063 5658 τινὰς
1116 5593 1554 5670 παραγενόμενος
1595 5595 1624 5650 ὁ
1662 5592 1840 5665 Φῆλιξ
1871 5595 1963 5652 σὺν

317 5686 634 5768 Δρουσίλλῃ
685 5689 756 5760 τῇ
812 5683 1022 5760 γυναικὶ
1089 5682 1254 5740 αὐτοῦ
1319 5678 1453 5768 οὔσῃ
1520 5680 1772 5757 Ἰούδαίᾳ,
1843 5705 1965 5758 μετ-

2087 4708 2190 4764 sed
2221 4710 2462 4764 interim
2494 4708 2555 4763 in
2584 4724 2859 4764 sermone
2889 4706 2961 4761 de
2985 4699 3420 4758 resurrectione
3441 4699 3727 4762 versatur,

2085 4815 2263 4869 quem
2314 4798 2372 4854 hi
2428 4799 2500 4854 ab
2561 4797 2800 4864 exordio
2860 4791 3334 4866 oppugnabant:
3395 4787 3509 4840 hoc
3566 4783 3728 4838 enim

2085 4893 2345 4955 ostenso,
2369 4887 2543 4943 facile
2575 4888 2753 4943 etiam
2777 4901 2906 4956 qua:
2940 4883 3010 4937 de
3041 4880 3270 4936 Christo
3306 4880 3446 4930 sunt
3464 4871 3730 4944 superin-

2082 4973 2343 5042 duceret,
2385 4991 2598 5046 nempe
2633 4971 2790 5045 quod
2815 4967 3223 5026 resurrexerit.

2153 5064 2345 5128 XXIV,
2371 5065 2559 5118 22~27.
2586 5086 2614 5113 «
2664 5060 2888 5117 Auditis
2917 5065 3114 5115 autem
3146 5058 3260 5123 his,
3293 5053 3456 5110 Felix
3494 5048 3728 5106 distulit

2083 5151 2237 5220 illos,
2271 5169 2405 5207 cum
2463 5156 2622 5206 certo
2656 5149 2833 5205 sciret
2862 5166 2993 5220 quae
3025 5147 3098 5202 ad
3129 5162 3257 5200 eam
3289 5144 3441 5197 viam
3500 5139 3723 5195 attine-

2079 5243 2240 5306 bant,
2285 5242 2487 5297 dicens
2524 5243 2706 5296 :Cum
2755 5239 3028 5294 tribunus
3078 5237 3277 5309 Lysias
3329 5229 3725 5296 descenderit,

2078 5348 2430 5404 pernoscam
2508 5347 2746 5386 causam
2806 5336 3062 5384 vestram
3134 5323 3498 5397 :jussitque
3584 5334 3724 5373 cen-

2078 5419 2297 5474 turioni
2356 5424 2423 5473 ut
2487 5418 2811 5472 custodiret
2864 5416 3132 5480 Paulum,
3193 5414 3536 5480 sineretque
3584 5421 3718 5460 eum

2076 5508 2350 5577 relaxari,
2382 5513 2439 5562 et
2483 5525 2556 5563 ne
2603 5524 2781 5578 quem
2824 5523 2894 5562 ex
2950 5505 3115 5560 illius
3171 5500 3565 5558 familiaribus
3615 5512 3716 5551 ve-

2073 5603 2226 5653 taret
2281 5597 2737 5653 subministrare
2768 5597 2844 5666 ei,
2890 5601 2993 5652 aut
3032 5595 3196 5650 adire
3247 5609 3403 5648 eum.
3439 5592 3578 5645 Post
3604 5587 3715 5642 ali-

2076 5694 2219 5758 quot
2247 5693 2446 5744 autem
2478 5687 2603 5743 dies
2651 5703 2783 5743 cum
2814 5685 3154 5742 advenisset
3175 5683 3334 5738 Felix
3391 5697 3524 5737 cum
3556 5678 3713 5729 Dru-
