4176 6200
428 328 548 387 283

1436 325 1839 388 COMMENT.
1891 321 1975 380 IN
2023 315 2218 378 ACTA
2265 319 2864 386 APOSTOLORUM.

3719 334 3834 392 εει

434 460 568 514 silla
640 475 821 513 uxore
885 475 1009 526 sua,
1087 475 1218 530 quas
1278 463 1405 514 erat
1481 458 1702 524 Iudaea,
1771 454 2048 512 accersivi

2190 449 2444 523 πέμψατο
2474 452 2566 506 τὸν
2625 454 2860 513 Παῦλον.
2927 459 3025 514 Καὶ
3075 455 3306 528 ἤκουσεν
3360 459 3525 516 αὐτοῦ
3569 460 3692 537 περὶ
3733 465 3834 527 τῆς

425 548 696 616 Paulum,
728 553 786 602 et
824 547 1044 602 audivit
1074 548 1145 602 ab
1179 565 1246 603 eo
1299 549 1497 612 ﬁdem,
1533 565 1663 618 quae
1689 551 1780 602 est
1807 546 1868 600 in
1899 543 2067 599 Chri-

424 643 598 690 stum.
629 636 972 707 Disputante
1022 645 1217 694 autem
1258 639 1361 692 illo
1413 639 1483 692 de
1522 637 1756 708 justitia
1802 641 1860 689 et
1917 639 2066 688 tem-

421 725 712 794 perantia,
751 731 809 779 et
835 725 907 781 de
947 727 1176 798 judicio
1225 727 1443 793 futuro,
1481 725 1860 781 tremefactus
1905 721 2064 776 Felix

420 813 766 883 respondit:
799 816 865 870 In
897 817 1216 888 praesentia
1261 817 1378 880 abi,
1413 821 1688 872 caaterum
1721 818 1930 868 nactus
1960 827 2065 880 op-

419 903 844 972 portunitatem
899 922 1196 961 accersam
1257 913 1312 961 te
1355 905 1570 960 :simul
1620 909 1677 958 et
1733 901 1882 956 illud
1931 915 2059 970 spe-

417 1007 558 1046 rans
585 993 710 1048 fore
764 999 828 1048 ut
867 997 1120 1066 pecunia
1173 996 1282 1051 sibi
1344 995 1585 1050 daretur
1623 1010 1657 1048 a
1705 991 1886 1046 Paulo
1945 1004 2061 1060 quo

419 1081 677 1136 solveret
731 1084 946 1155 ipsum,
1007 1091 1246 1158 pr0pter
1277 1085 1436 1156 quod
1485 1084 1660 1139 etiam
1720 1081 2064 1150 frequenter

415 1186 728 1227 accersens
760 1189 918 1242 eum,
950 1175 1307 1246 loquebatur
1338 1192 1472 1230 cum
1507 1192 1595 1229 eo.
1642 1194 1666 1222 ι)

488 1284 514 1310 ‹‹
541 1261 772 1317 Auditis
804 1264 896 1318 his
929 1265 1108 1319 Felix.
1139 1286 1166 1316 η
1219 1263 1656 1320 Advertendum
1692 1260 1852 1333 quod
1898 1259 2062 1313 Felix

414 1357 658 1407 noverat
689 1353 1213 1426 ﬁdem,diligenter
1235 1355 1559 1410 instructus
1576 1371 1646 1408 ex
1673 1352 1848 1408 veteri
1869 1352 2064 1405 Testa-

417 1447 619 1495 mento
652 1443 710 1496 in
737 1443 827 1497 his
859 1461 988 1514 quas
1041 1445 1249 1500 Christi
1303 1451 1478 1500 sunt:
1506 1449 1564 1500 et
1592 1445 1666 1500 ad
1723 1443 2060 1498 Iudaeorum

414 1530 662 1600 gratiam
695 1547 814 1586 non
834 1533 1368 1600 absolvitPaulum,
1397 1539 1496 1590 aut
1518 1534 1694 1589 etiam
1727 1537 1792 1586 ut
1812 1545 2062 1586 munera

411 1619 724 1689 acciperet,
767 1622 1268 1692 quemadmodum
1329 1623 1698 1695 subsequens
1739 1638 1934 1678 sermo
1965 1621 2061 1676 de-

412 1715 725 1764 monstrat.
761 1711 1012 1768 Noverat
1042 1729 1276 1784 quoque
1331 1715 1464 1778 ista,
1495 1731 1561 1768 eo
1623 1711 1781 1784 quod
1815 1727 2058 1766 uxorem

2182 538 2258 599 εἰς
2315 541 2551 614 Χριστὸν
2613 544 2869 607 πίστεως.
2931 545 3338 624 Διαλεγομένου
3397 546 3454 604 δὶ
3511 548 3674 606 αὐτοῦ
3703 550 3828 626 περὶ

2179 624 2530 700 δικαιοσύνης
2605 633 2695 686 καὶ
2770 635 3084 712 ἐγκρατείας
3184 637 3271 692 καὶ
3359 643 3457 694 τοῦ
3558 639 3824 714 κρίματος

2174 720 2271 769 τοῦ
2319 716 2624 789 μέλλοντος
2681 720 2913 788 ἔσεσθαι,
2973 719 3217 799 ἔμφοϐος
3267 727 3613 802 γενόμενοςδ
3645 727 3822 799 Φῆλιξ

2177 804 2462 879 ἀπεκρίθη·
2524 809 2599 864 Τὸ
2655 814 2744 865 νῦν
2803 805 2933 887 ἔχον
2997 813 3251 888 πορεύου,
3309 818 3498 891 καιρὸν
3551 815 3608 872 δὲ
3658 838 3826 890 μετα-

2177 891 2361 967 λαβὼν
2432 897 2873 972 μετακαλέσομαί
2947 923 3025 970 σε,
3103 903 3216 976 ἃμα
3283 902 3341 959 δὲ
3404 907 3494 960 καί
3561 905 3824 976 ἐλπίζων,

2174 983 2256 1037 ὅτι
2327 987 2588 1058 χρήματα
2661 985 2944 1060 δοθήσεται
3023 991 3168 1065 αὐτῷ
3245 994 3346 1048 ὑπὸ
3411 999 3508 1049 τοῦ
3583 994 3826 1066 ΠαύΛου,

2173 1071 2320 1134 ὅπως
2354 1072 2490 1150 λύσῃ
2546 1077 2725 1134 αὐτόν.
2788 1084 2867 1134 Δι’
2923 1081 2952 1134 ὃ
3003 1083 3092 1136 καὶ
3153 1083 3479 1159 πυκνότερον
3535 1083 3696 1140 αὐτὸν
3730 1107 3822 1158 με·

2169 1163 2594 1236 ταπεμπόμενος
2624 1165 2828 1240 ὡμίλει
2857 1171 3027 1242 αὐτῷ.
3058 1195 3086 1223 ››

2248 1277 2267 1302 ι
2301 1253 2566 1316 Ἀκούσας
2596 1259 2762 1311 ταῦτα
2821 1259 2849 1312 ὁ
2907 1259 3108 1330 Φῆλιξ.
3145 1285 3173 1312 ››
3215 1261 3562 1336 Σημειωτέον
3592 1265 3676 1320 ὅτι
3701 1263 3821 1340 ᾔδει

2172 1341 2200 1394 ὁ
2256 1340 2445 1430 ,Φῆλιξ
2507 1345 2609 1412 τήν
2668 1347 2871 1416 πίστιν,
2931 1344 3170 1422 ἀκριϐῶς
3227 1353 3563 1430 κατηχηθεὶς
3615 1353 3673 1408 έκ
3719 1359 3821 1423 τῆς

2173 1428 2411 1492 Παλαιᾶς
2450 1432 2517 1486 τὰ
2545 1435 2667 1510 περὶ
2699 1441 2794 1490 τοῦ
2826 1439 3088 1512 Χριστοῦ,
3143 1440 3233 1494 καὶ
3291 1428 3428 1515 πρὸς
3481 1442 3645 1517 χάριν
3677 1443 3814 1498 Ἰου-

2171 1515 2339 1574 δαίων
2371 1520 2470 1576 οὐκ
2497 1521 2733 1579 ἀπέλυσε
2783 1525 2875 1580 τὸν
2941 1527 3176 1598 Παῦλον,
3228 1529 3262 1598 ἢ
3313 1531 3404 1585 καὶ
3444 1515 3534 1586 διά
3561 1530 3818 1606 δωρολη-

2168 1611 2318 1682 ψίαν,
2379 1611 2454 1673 ὡς
2512 1616 2856 1688 παρακατιὼν
2914 1618 2941 1672 ὁ
2996 1616 3160 1694 λόγος
3220 1618 3698 1692 ἔδειξεν.’Έδειδὶ
3725 1623 3816 1678 καὶ

2169 1699 2243 1762 ὡς
2275 1698 2420 1775 ἔχων
2446 1709 2670 1779 γυναῖκα
2726 1703 3010 1776 Ἰουδαίαν,
3067 1712 3194 1785 παρ’
3249 1713 3315 1779 ἧς
3377 1716 3622 1786 συνεχῶς
3649 1713 3818 1781 ἤκουε

412 1797 659 1853 haberet
713 1800 995 1869 Judaiam,
1056 1819 1090 1858 a
1141 1820 1258 1875 qua
1295 1803 1421 1858 haac
1443 1803 1724 1858 continue
1757 1800 2052 1856 audiebat.

2165 1792 2376 1886 ταῦτα..
2418 1789 2567 1886 Αῦτη
2638 1790 2696 1848 δέ
2761 1795 2906 1868 παρὰ
2969 1797 3062 1852 τὸν
3124 1797 3296 1872 νόμον
3363 1801 3606 1876 συνήφθη
3653 1800 3820 1870 αὐτῷ,

416 1885 550 1940 Haec
609 1892 808 1942 autem
869 1896 1084 1960 praeter
1139 1891 1326 1964 legem
1369 1891 1480 1962 ipsi
1541 1891 1860 1961 conjuncta
1913 1893 2060 1954 erat,

419 1991 636 2046 nempe
665 1977 866 2032 Judaea
899 1980 1115 2034 Graaco.
1151 1983 1265 2034 Aut
1292 1980 1562 2034 fortassis
1595 1979 1796 2034 Judaea
1823 1977 2064 2048 quidem

421 2069 566 2130 erat,
595 2071 880 2136 nupserat
912 2071 1109 2123 tamen
1142 2069 1230 2122 illi
1277 2073 1400 2124 tum
1433 2085 1568 2124 cum
1611 2070 1810 2123 Graeca
1867 2071 2060 2121 esset:

417 2159 661 2224 prOpter
681 2155 838 2224 quod
871 2157 1048 2212 etiam
1081 2157 1316 2213 dicebat
1341 2158 1454 2230 ipsi
1483 2174 1648 2213 suam
1697 2157 1899 2221 ﬁdem,
1929 2171 2066 2210 sua-

417 2243 563 2298 dens
589 2250 653 2298 ut
683 2245 770 2298 vir
798 2263 1035 2318 quoque
1069 2248 1142 2303 ad
1173 2265 1302 2304 eam
1331 2249 1613 2305 transiret
1641 2248 1850 2303 relicta
1879 2247 2072 2302 idolo‘

413 2332 605 2392 latria.

983 2426 1215 2481 CAPUT
1247 2425 1491 2480 XXXVI.

413 2513 450 2565 1
471 2513 560 2586 τι
602 2513 671 2586 De
693 2512 891 2586 Felicis
940 2515 1316 2582 defunctione,
1342 2518 1595 2586 Festique
1628 2517 1979 2582 successione,
2014 2521 2066 2570 et

484 2584 650 2638 Pauli
679 2585 746 2638 ab
773 2601 834 2639 eo
863 2588 1307 2656 interroyatione
1355 2595 1409 2642 et
1433 2584 1843 2657 provocatione.

483 2783 674 2849 XXlV,
707 2785 812 2849 27;
846 2785 1019 2846 XXV,
1054 2786 1204 2838 1-12.
1239 2807 1266 2835 ‹‹
1313 2785 1558 2840 Biennio
1605 2791 1802 2840 autem
1828 2785 2058 2856 expleto

412 2872 641 2942 accepit
699 2889 1102 2929 successorem
1161 2873 1322 2930 Felix
1353 2875 1616 2929 Portium
1659 2876 1916 2929 Festum.
1951 2875 2062 2930 Vo-

407 2959 540 3014 lens
569 2965 766 3017 autem
823 2964 1070 3034 gratiam
1123 2970 1406 3036 praestare
1431 2965 1648 3020 Judaeis
1697 2965 1878 3034 Felix,
1915 2965 2058 3020 reli-

411 3051 540 3120 quit
587 3052 832 3108 Paulum
883 3054 1144 3108 vinctum
1193 3055 1397 3109 Festus
1439 3071 1573 3126 ergo
1607 3061 1882 3125 suscepta
1928 3071 2059 3126 pro-

409 3140 622 3206 vincia,
657 3148 789 3212 post
827 3143 1090 3196 triduum
1117 3143 1388 3198 ascendit
1413 3143 1776 3215 Jerosolyma
1805 3143 1877 3198 ab
1909 3143 2053 3198 urbe

2177 1875 2412 1932 Ἰουδαία
2441 1877 2604 1942 οὗσας
2661 1880 2919 1954 Ἕλληνι.
2988 1885 3057 1941 Ἤ
3113 1887 3258 1961 τάχα
3315 1888 3382 1956 ἦν
3439 1875 3532 1960 μὲν
3562 1886 3825 1959 Ἰουδαία,

2173 1973 2480 2040 γαμηθεῖσα
2533 1967 2589 2023 δὲ
2632 1971 2780 2044 αὐτῷ
2833 1971 3040 2048 ἐγένετο
3089 1971 3370 2044 Ἑλληνίς·
3428 1975 3501 2031 δι’
3529 1977 3674 2032 δκαῖ
3706 1975 3825 2032 ἕλε-

2173 2075 2262 2130 γεν
2294 2057 2440 2130 αὑτῷ
2475 2059 2574 2128 τήν
2607 2060 2800 2132 ἑαυτῆς
2855 2063 3057 2136 πίστιν,
3117 2064 3374 2120 πείθουσα
3415 2065 3505 2121 καὶ
3535 2069 3624 2122 τὸν
3657 2065 3824 2142 ἄνδρα

2173 2141 2493 2220 παραϐάτην
2522 2150 2784 2224 γενέσθαι.

2778 2424 3042 2477 ΚΕΦΑΛ.
3102 2423 3212 2490 AC.

2173 2503 2305 2578 Περὶ
2393 2507 2816 2598 τῆςΨΦήλέκος
2891 2507 3200 2606 διανδοχιῆςζ
3246 2514 3348 2606 ’καὶ
3411 2520 3522 2606 ’τῆς
3599 2516 3818 2606 Sig-Iron

2243 2583 2597 2704 πρριέγωγῆς,
2645 2588 2744 2650 τῆς
2794 2603 2854 2637 τε
2903 2582 2985 2638 ἐπ’
3035 2582 3204 2640 αὑτοῦ
3233 2582 3565 2660 ἀνακρίσεως
3599 2582 3818 2644 Παύλου

2243 2670 2329 2703 και
2388 2671 2610 2704 ωεσεως.

2241 2670 2329 2703 και
2360 2670 2610 2729 εφεσεως.

2244 2799 2271 2827 ιι
2303 2775 2510 2840 Διετίας
2555 2774 2612 2831 8t
2657 2775 3053 2852 πληρωθείσης
3111 2775 3274 2836 ἔλαϐε
3327 2779 3590 2858 διάδοχον
3639 2784 3668 2837 ὁ
3699 2789 3821 2853 Φῆ-

2169 2861 2254 2934 λιξ
2322 2865 2556 2938 Πόρκιον
2619 2869 2858 2931 Φῆστον.
2927 2867 3110 2924 θέλων
3177 2891 3235 2925 τε
3299 2873 3528 2945 χάριτας
3589 2873 3814 2936 καταθέ-

2167 2956 2284 3008 σθαι
2314 2960 2431 3016 τοῖς
2490 2955 2775 3020 Ἰουδαίοις
2835 2961 2864 3012 ὁ
2923 2957 3126 3030 Φῆλιξ,
3179 2961 3438 3017 κατέλιπε
3481 2963 3572 3017 τὸν
3601 2961 3814 3018 Ηαῦλον

2166 3041 2472 3117 δεδεμένον.
2534 3052 2752 3115 Φῆστος
2809 3047 2906 3102 οῦν
2971 3043 3164 3111 ἐπιϐὰς
3217 3054 3286 3124 τῇ
3359 3051 3618 3127 ἐπαρχία,
3681 3051 3816 3124 μετὰ

2161 3139 2308 3207 τρεῖς
2357 3135 2572 3210 ἡμέρας
2637 3131 2798 3206 ἀνέϐη
2861 3136 2938 3198 ε”ς
3009 3138 3363 3212 Ἱεροσόλυμα
3437 3140 3544 3195 ἀπὸ
3612 3147 3814 3196 Καισα-

657 3193 681 3212 ικ
835 3193 1090 3196 ηη--η-
1119 3193 1385 3198 -η---ηυ
1415 3193 1776 3215 -ς-νη-,----
1807 3193 1871 3198 ς-
1916 3193 2050 3198 πη

411 3227 659 3283 Caesare.
715 3229 1322 3302 Signiﬁcaveruntque
1376 3233 1464 3286 illi
1520 3235 1821 3304 principes
1861 3251 2052 3290 sacer-

2165 3193 2332 3295 ρείας.
2382 3193 2762 3301 ἾΕνεφνάνησάν
2788 3193 2798 3206 Ι
2825 3246 2884 3281 τε
2925 3193 3100 3299 circa.)
3169 3193 3552 3304 ὁάρχιερεὺς

411 3315 616 3370 dotum
648 3334 714 3372 ac
755 3320 1046 3388 primores
1093 3321 1422 3376 Judaeorum
1472 3322 1544 3376 de
1604 3323 1821 3378 Paulo:
1856 3329 1912 3378 et
1961 3341 2058 3378 ro-

409 3402 630 3475 gabant
673 3421 830 3470 eum,
889 3407 1258 3476 postulantes
1311 3409 1568 3464 favorem
1629 3411 1908 3467 adversus
1966 3413 2056 3482 ip-

412 3507 560 3548 sum.
613 3497 680 3546 ut
754 3501 1086 3549 accerseret
1157 3497 1324 3551 illum
1383 3498 1730 3564 Jerusalem,
1807 3501 2054 3554 insidias

410 3580 745 3646 tendentes,
801 3588 865 3636 ut
913 3583 1321 3639 interﬁcerent
1369 3603 1502 3640 eum
1563 3587 1623 3642 in
1685 3589 1792 3642 via.
1847 3589 2053 3643 Festus

411 3676 608 3725 autem
660 3673 969 3744 respondit
1034 3679 1100 3728 ut
1157 3682 1488 3730 servaretur
1543 3676 1781 3746 quidem
1835 3678 2053 3733 Paulus

411 3761 691 3816 Cwsarem
736 3777 840 3816 :se
897 3778 1031 3816 vero
1089 3763 1248 3818 brevi
1307 3764 1409 3818 illo
1454 3764 1880 3835 profecturum.
1944 3767 2053 3830 Qui

413 3864 570 3921 ergo,
632 3851 850 3922 inquit,
929 3853 1084 3908 inter
1139 3869 1239 3907 vos
1313 3859 1585 3924 potentes
1642 3859 1799 3920 sunt,
1875 3855 2054 3910 simul

409 3940 860 4006 descendentes,
907 3943 954 3998 si
1015 3943 1190 4014 quod,
1231 3949 1319 3999 est
1357 3944 1416 3997 in
1445 3944 1568 3998 viro
1600 3945 1848 4010 crimen,
1880 3961 2053 4000 accu-

407 4036 542 4084 sent
570 4047 726 4085 eum.
763 4033 1112 4088 Demoratus
1143 4037 1338 4088 autem
1373 4033 1528 4088 inter
1555 4049 1655 4088 eos
1686 4033 1896 4089 diebus
1927 4051 2049 4089 am-

403 4121 563 4192 plius
602 4129 780 4192 quam
825 4123 1050 4190 decem,
1101 4123 1411 4178 descendit
1458 4125 1804 4184 Caesaream.
1858 4133 1916 4180 et
1945 4143 2046 4196 po-

405 4217 560 4267 stero
594 4213 688 4267 die
735 4213 887 4267 sedit
939 4231 1043 4284 pro
1101 4213 1404 4276 tribunali,
1443 4213 1742 4285 jussitque
1797 4216 2046 4270 Paulum

401 4299 636 4355 adduci.
669 4300 776 4364 Qui
811 4317 938 4356 cum
971 4301 1289 4372 perductus
1321 4307 1493 4369 esset,
1528 4304 2050 4358 circumsteterunt

401 4405 536 4444 eum
568 4389 756 4460 quiab
776 4389 1158 4461 Jerosolymis
1177 4389 1826 4458 descenderantJudmi,
1861 4391 2048 4447 multa

401 4484 460 4532 et
487 4480 685 4550 gravia
714 4480 967 4534 crimina
1013 4479 1392 4534 intendentes
1435 4480 1715 4535 adversus
1773 4480 2042 4548 Paulum,

399 4585 529 4638 quas
563 4586 678 4624 non
711 4573 984 4640 poterant
1028 4568 1300 4640 probare,
1349 4568 1530 4624 Paulo
1563 4586 1668 4639 pro
1703 4586 1763 4624 se
1793 4587 2036 4640 respon-
2070 4560 2115 4623 D
2148 4563 2390 4634 Παύλου,

395 4655 594 4726 dente,
635 4659 794 4729 quod
829 4675 1024 4729 neque
1071 4658 1128 4712 in
1181 4657 1371 4730 legem
1428 4657 1786 4726 Iudaeorum,
1845 4675 2038 4730 neque

396 4748 458 4800 in
501 4748 809 4819 templum,
863 4765 1056 4818 neque
1088 4749 1150 4802 in
1196 4749 1486 4803 Cmsarem
1520 4748 1844 4819 quidquam
1897 4765 2036 4820 pec-

397 4842 606 4891 casset.
657 4837 864 4892 Festus
920 4843 1118 4892 autem
1170 4837 1372 4892 volens
1425 4837 1742 4909 gratiﬁcari
1797 4839 2036 4906 Judmis,

395 4925 764 4996 respondens
845 4927 1048 4992 Paulo,
1132 4927 1345 4981 dixit:
1437 4928 1529 4982 Vis
1611 4928 2036 5000 Jerosolymam

396 5015 738 5080 ascendere,
792 5021 849 5069 et
905 5015 983 5068 ibi
1015 5015 1086 5070 de
1119 5016 1208 5069 his
1242 5016 1498 5086 judicari
1531 5017 1686 5088 apud
1721 5019 1856 5072 me?
1885 5019 2039 5072 Dixit

396 5111 592 5160 autem
627 5105 881 5158 Paulus:
935 5105 1020 5158 Ad
1075 5103 1328 5159 tribunal
1377 5107 1622 5161 Caesaris
1653 5112 1760 5172 sto,
1796 5106 1894 5161 ubi
1943 5125 2035 5161 me

393 5201 628 5266 oportet
666 5193 945 5266 judicari.
1005 5193 1220 5248 Judznis
1277 5195 1500 5250 nullam
1559 5195 1672 5251 feci
1731 5197 2033 5267 injuriam,

394 5285 548 5338 sicut
578 5289 637 5338 et
695 5289 758 5337 tu
791 5281 1003 5337 melius
1062 5283 1236 5337 nosti.
1273 5283 1326 5336 Si
1389 5285 1546 5338 enim
1581 5285 1858 5356 injuriam
1901 5285 2036 5352 feci,

395 5381 495 5430 aut
525 5373 829 5446 quidpiam
876 5371 1118 5445 dignum
1164 5381 1353 5428 morte
1399 5377 1748 5446 perpetravi,
1801 5391 1918 5430 non
1951 5391 2038 5430 re-

392 5483 534 5522 cuso
579 5467 747 5520 mori.
811 5465 868 5519 Si
919 5481 1053 5519 vero
1103 5465 1254 5518 nihil
1293 5469 1381 5518 est
1426 5481 1630 5520 eorum
1689 5467 1760 5520 de
1821 5465 2036 5536 quibus

389 5557 544 5612 ιη
576 5555 636 5610 hi
669 5559 948 5610 accusant
995 5570 1110 5620 me,
1165 5568 1339 5607 nemo
1389 5559 1584 5623 potest
1641 5570 1734 5608 me
1766 5553 1886 5608 illis
1942 5552 2038 5608 do-

389 5663 558 5705 nare.
591 5645 888 5702 Cesarem
920 5642 1177 5714 appello.
1210 5645 1368 5696 Tunc
1385 5643 1591 5697 Festus
1621 5658 1756 5697 cum
1788 5641 2038 5698 consilio

2161 3313 2371 3387 πρῶτοι
2445 3319 2552 3368 τῶν
2627 3312 2903 3370 Ἰουδαίων
2974 3317 3110 3370 κατὰ
3207 3321 3302 3373 τοῦ
3404 3317 3646 3388 Παύλου,
3721 3318 3814 3374 καὶ

2160 3403 2502 3476 παρεκάλουν
2556 3404 2744 3473 αὐτὸν,
2820 3404 3130 3479 αἰτούμενοι
3211 3427 3373 3482 χάριν
3445 3409 3560 3464 κατ’
3619 3407 3808 3479 αὐτοῦ,

2161 3489 2310 3554 ὅπως
2387 3490 2804 3566 μεταπέμψηται
2880 3493 3039 3549 αὐτὸν
3115 3494 3190 3557 εἷς
3267 3496 3652 3571 Ἰερουσαλὴμ,
3729 3495 3812 3552 ἔν-

2161 3577 2316 3650 εδραν
2343 3585 2650 3648 ποιοῦντες,
2717 3581 2924 3638 ἀνελεῖν
2989 3584 3151 3640 αὐτὸν
3209 3587 3344 3640 κατὰ
3411 3589 3507 3657 τήν
3565 3585 3708 3644 ὀδόν.
3741 3588 3803 3644 Ὁ

2165 3669 2258 3742 μὶν
2323 3669 2415 3724 οὖν
2479 3676 2699 3740 Φῆστος
2761 3673 3025 3745 ἀπεκρίθη
3092 3677 3371 3748 τηρεῖσθαι
3435 3678 3528 3732 τὸν
3585 3674 3797 3733 Παῦλον

2159 3757 2211 3812 έν
2277 3761 2595 3834 Καισαρείᾳ,
2651 3761 2836 3816 ἑαυτὸν
2891 3759 2947 3817 δὲ
3008 3761 3230 3833 μέλλειν
3298 3765 3350 3819 έν
3417 3765 3572 3840 τάχει
3637 3764 3807 3818 έκπο-

2161 3847 2427 3922 ρεύεσθαι.
2487 3850 2554 3906 Οἱ
2603 3848 2695 3903 οὖν
2746 3847 2956 3904 δυνατοὶ
3009 3851 3061 3906 έν
3123 3853 3269 3924 ὑμῖν,
3329 3853 3482 3928 φησί,
3530 3872 3800 3929 συγκατα-

2159 3931 2369 4006 ϐάντες,
2403 3937 2455 3993 εἷ’
2507 3960 2560 3993 τι
2619 3938 2760 3994 ἐστὶν
2818 3937 2870 3992 ἐν
2923 3944 3002 4012 τῷ
3059 3938 3210 4016 ἀνδρὶ
3261 3941 3438 4013 τούτῳ
3465 3940 3797 4018 κατηγορεί-

2154 4047 2330 4082 τωσαν
2405 4028 2590 4082 αὐτοῦ’
2669 4029 2961 4102 Διατρίψας
3061 4026 3120 4084 δὲ
3193 4029 3246 4085 έν
3323 4031 3510 4092 αὐτοῖς
3585 4031 3798 4103 ἡμέρας

2155 4118 2380 4178 πλείους
2431 4117 2464 4186 ἢ
2517 4114 2664 4184 δέκα,
2721 4112 2960 4179 καταϐὰς
3017 4118 3093 4179 εἰς
3155 4120 3498 4194 Καισάρειαν,
3527 4123 3596 4194 τῇ
3627 4117 3797 4175 ἐπαύ-

2157 4227 2272 4280 ριον
2326 4207 2548 4270 καθίσας
2605 4205 2692 4260 ἐπὶ
2748 4210 2844 4260 τοῦ
2899 4208 3165 4281 βήματος,
3217 4207 3466 4265 ἐκέλευσε
3511 4210 3602 4265 τὸν
3653 4213 3798 4265 Παῦ-

2155 4294 2250 4350 λον
2310 4296 2569 4371 ἀχθῆναι.
2625 4293 3066 4370 Παραγενομένου
3131 4293 3188 4351 δὲ
3255 4297 3442 4366 αὐτοῦ,
3511 4297 3797 4374 περιέστη-

2154 4405 2247 4439 σαν
2290 4385 2340 4439 οἱ
2405 4383 2512 4439 ἀπὸ
2577 4381 2978 4458 Ἱεροσολύμων
3037 4381 3470 4458 καταϐεϐηκότες
3531 4385 3794 4457 Ιουδαῖοι,

2151 4473 2336 4529 πολλὰ
2401 4473 2492 4528 καὶ
2563 4473 2727 4549 βαρέα
2803 4473 3098 4547 αἶτιάματα
3172 4473 3424 4552 φέροντες
3499 4477 3634 4532 κατᾶ
3695 4481 3794 4532 τοῦ
3875 4489 3878 4492 ’

2489 4562 2522 4618 ἃ
2621 4565 2723 4618 οὐκ
2821 4563 3012 4640 ξ’σχυον
3105 4564 3408 4639 ἀποδεῖξαι,
3483 4566 3792 4643 ἀπολογου-

2152 4653 2314 4727 μένου
2345 4653 2528 4722 αὐτοῦ,
2563 4653 2648 4708 ὅτι
2679 4651 2816 4710 Οὔτε
2877 4653 2954 4716 εἷς
3007 4655 3100 4709 τὸν
3158 4657 3328 4728 νόμον
3354 4661 3460 4711 τῶν
3489 4653 3791 4726 Ἰουδαίων,

2148 4743 2271 4800 οὔτε
2311 4743 2389 4804 εἰς
2452 4744 2515 4799 τὸ
2583 4745 2750 4818 ἱερὸν,
2819 4741 2940 4799 οὕτε
3009 4744 3086 4808 εἷς
3153 4746 3390 4820 Καίσαρά
3427 4767 3481 4801 τι
3517 4745 3794 4821 ἥμαρτον.

2145 4835 2208 4891 Ὁ
2237 4841 2454 4904 Φῆστος
2512 4833 2568 4890 δὲ
2622 4840 2738 4894 τοῖς
2800 4831 3082 4897 Ἰουδαίοις
3139 4833 3311 4899 θέλων
3367 4835 3529 4912 χάριν
3567 4835 3797 4892 καταθέ-

2148 4925 2289 4993 σθαι,
2324 4923 2638 4996 ἀποκριθεὶς
2697 4927 2778 4995 τῷ
2835 4922 3059 4995 Παύλῳ,
3119 4923 3253 4978 εἶπε·
3313 4924 3500 4988 Θέλεις
3529 4925 3798 4999 είςἹερο-

2147 5010 2365 5084 σόλυμα
2456 5005 2677 5078 ἀναϐὰς,
2739 5009 2848 5066 ἐκεῖ
2903 5012 3028 5080 περὶ
3111 5012 3318 5067 ¹ιούτων
3377 5013 3647 5087 κρίνεσθαι
3711 5014 3794 5068 ἐπ’

2145 5099 2280 5173 ἐμοῦ
2307 5121 2320 5170 ;
2353 5101 2485 5158 Eine
2519 5099 2576 5155 δὲ
2607 5103 2635 5156 ὁ
2671 5100 2905 5163 Παῦλος·
2957 5102 3078 5158 Ἐπὶ
3111 5106 3208 5156 τοῦ
3241 5102 3490 5175 βήματος
3520 5104 3792 5178 Καίσαρος

2145 5191 2311 5252 ἑστώς
2369 5191 2504 5265 εἰμι,
2565 5193 2625 5246 οὗ
2689 5211 2755 5264 με
2821 5188 2904 5245 δεῖ
2955 5191 3246 5265 κρίνεσθαι’
3298 5189 3589 5256 Ἰουδαίους
3641 5191 3796 5248 ούδὶν

2145 5279 2402 5352 ἠδίκησα,
2467 5283 2540 5342 ὡς
2606 5281 2696 5335 καὶ
2757 5303 2819 5335 συ
2885 5278 3116 5336 κάλλιον
3173 5281 3664 5356 έπιγινώσκεις.Εἰ
3699 5285 3795 5357 μὲν

2145 5372 2246 5446 γὰρ
2322 5371 2512 5439 ἀδικῶ,
2589 5370 2678 5426 καὶ
2756 5368 2900 5439 ἄξιον
2979 5373 3209 5432 θανάτου
3285 5371 3545 5452 πέπραχά
3597 5394 3668 5438 τι,
3727 5373 3792 5428 ού

2145 5465 2516 5535 παραιτοῦμαι
2571 5461 2632 5516 τὸ
2687 5461 2988 5515 ἀποθανεῖν.
3053 5459 3115 5516 Εἰ
3171 5457 3228 5514 δὲ
3295 5459 3452 5517 οὐδέν
3517 5461 3660 5518 έστιν
3715 5465 3790 5518 ὧν

2145 5551 2296 5604 οὗτοι
2364 5549 2726 5625 κατηγοροῦσί
2783 5571 2908 5622 μου,
2967 5545 3146 5611 οὐδείς
3207 5570 3274 5622 με
3333 5548 3552 5606 δύναται
3607 5552 3796 5617 αὐτοῖς

2119 5640 2492 5715 χαρίσασθαι.
2569 5639 2816 5712 Καίσαρα
2889 5636 3280 5712 έπικαλοῦμαι·
3355 5639 3494 5696 Τότε
3564 5642 3592 5695 ὁ
3669 5649 3798 5714 Φῆ-
