4176 6200
347 363 462 423 285

1453 361 1709 422 (ΕΟοΜ
1723 359 1876 420 ENll
1923 356 2230 418 TllICCIE
2277 356 2648 417 EPISCUPI.

3633 353 3752 412 286

349 512 473 552 στος
514 489 873 561 συλλαλήσας
933 490 1067 564 μετὰ
1122 495 1220 545 τοῦ
1280 486 1644 562 συμϐουλίου,
1704 489 1988 562 ἀπεκρίθη.

2114 490 2458 556 collocutus,
2513 487 2856 559 respondit:
2917 490 3207 541 Caesarem
3265 484 3628 556 appellasti?
3676 487 3749 541 ad

351 582 600 654 Καίσαρα
628 577 987 649 ἐπικέκλησαι
1031 597 1044 646 ;
1077 578 1165 634 ἐπὶ
1223 581 1469 655 Καίσαρα
1499 581 1757 655 πορεύσῃ.
1792 604 1819 630 ››

425 669 524 731 Τὸ,
559 694 585 719 ι(
621 668 745 724 Ἐπῖ
778 671 876 722 τοῦ
911 669 1164 741 βήματος
1195 668 1467 743 Καίσαρος
1497 669 1665 729 ἑστώς
1699 666 1874 741 sint,»
1897 664 1995 745 ἔφη

355 759 384 814 6
415 755 649 822 Παῦλος,
682 753 1025 830 βουλόμενος
1055 755 1151 815 τὰς
1184 761 1292 809 τῶν
1351 752 1626 812 Ἰουδαίων
1685 760 1871 830 χεῖρας
1922 753 2002 808 ἐκ-

354 852 568 926 φυγεῖν,
599 845 872 900 τουτέστιν
908 844 957 899 ἐν
997 848 1066 918 τῇ
1098 845 1284 918 Ῥώμῃ
1343 844 1486 908 θέλω
1544 841 1798 907 ἀπελθεῖν
1857 844 2001 917 παρά

351 943 432 1010 τῷ
461 934 698 1012 βασιλεῖ,
731 934 886 990 κάκεῖ
913 932 1248 990 δικάσασθαι.
1307 933 1681 1006 Ἐκκαλοῦμαί
1735 954 1812 1002 σε,
1845 934 1997 1010 φησί.

351 1029 422 1083 Τὸ
454 1027 577 1103 γὰρ,
620 1028 842 1098 Καῖσαρ,
906 1019 1100 1096 ὄνομα,
1149 1021 1472 1096 Ῥωμαϊστί,
1529 1020 1756 1098 βασιλέα
1810 1022 2004 1094 σημαί-

349 1138 450 1182 νει,
511 1116 584 1177 ὡς
642 1119 812 1184 κοινῷ
861 1112 1085 1186 ὀνόματι
1145 1113 1346 1176 πάντας
1411 1111 1656 1187 βασιλεῖς
1712 1112 1998 1184 Ῥωμαίων

350 1207 622 1279 Καίσαρας
655 1205 749 1277 μὲν
777 1201 1084 1271 καλεῖσθαι,
1115 1201 1246 1256 καθὸ
1310 1200 1374 1271 δή
1441 1199 1710 1276 βασιλεῖς,
1765 1201 1828 1256 οὐ
1891 1202 1998 1275 μὴν

348 1295 440 1350 καὶ
476 1291 624 1349 ἱδικὰ
657 1291 831 1347 αὐτῶν
863 1292 1105 1366 ὀνόματα
1145 1293 1281 1347 εἶναι
1313 1295 1500 1347 ταῦτα.
1561 1291 1681 1348 Ἐπὶ
1745 1290 1837 1364 μὲν
1897 1291 2001 1366 γὰρ

348 1391 450 1452 τῆς
481 1385 577 1436 τοῦ
604 1385 835 1457 Χριστοῦ
865 1382 1164 1456 γεννήσεως
1197 1383 1224 1435 6
1254 1380 1376 1435 τότε
1437 1377 1737 1455 βασιλεύων
1796 1381 2002 1454 Καῖσαρ

350 1473 663 1546 Αὔγουστος
691 1467 965 1525 ἐκαλεῖτο·
1009 1464 1171 1533 ἔπαθε
1229 1467 1286 1524 δὲ
1335 1469 1420 1524 ἐπὶ
1485 1463 1742 1543 Τιϐερίου
1800 1469 1999 1524 Καίσα·

355 1581 470 1636 ρος.
503 1560 565 1616 Ὀ
597 1556 656 1614 δὲ
691 1557 960 1632 μακάριος
1023 1556 1236 1619 υαῦλος
1284 1556 1369 1612 ἐπὶ
1434 1557 1684 1632 Νέρωνος
1738 1555 1998 1631 Καίσαρος

353 1652 654 1725 ἀναιρεῖται
684 1649 738 1704 ἐν
768 1648 970 1723 Ῥώμῃ.

970 1741 1234 1796 ΚΕΦΑΛ.
1270 1738 1384 1792 AZ‘.

353 1828 626 1903 Ἀγρίππα
681 1827 1157 1903 καὶαΒερνίκηςη
1210 1826 1548 1903 παρουσίαημ
1609 1827 1697 1881 καὶ

586 1900 726 1989 κατά
787 1895 1022 1990 Παῦλον.
1071 1895 1188 1991 ”Εν
1269 1895 1319 1991 ᾧ
1414 1897 1638 1953 Παύλου
1723 1895 2002 1986 ἀπολογία

674 1975 698 1986 υ
1050 1977 1076 1988 ο
1461 1972 1487 1991 Α
1674 1970 1684 1990 Ι
1846 1990 1850 1991 ,
1915 1973 2000 1991 με-

423 1971 510 2061 ἐπξ
566 1971 741 2063 αὐτων
817 1971 940 2044 περὶ
969 2041 982 2059 ,
1011 1977 1144 2060 tﬁc‘
1170 1967 1397 2063 ἐννόμου
1461 1970 1748 2044 Θρησκείας
1838 1967 2004 2022 αὐτοῦ

755 2061 764 2063 -
1244 2051 1276 2063 ιι
1438 2043 1448 2060 ι
1468 2053 1474 2063 .
1587 2060 1597 2063 ,
1705 2041 1717 2061 ι
1855 2062 1862 2063 ,
1890 2040 1901 2056 ν
1920 2039 1966 2063 3‘.
1995 2062 1998 2063 ,

421 2043 512 2133 καὶ
597 2039 896 2134 κλήσεως’
940 2041 1028 2134 εῗς(
1091 2043 1154 2098 τὸ
1221 2039 1598 2134 ΧΕὖαγγέλῖοψ
1689 2041 1790 2128 ὡς,
1843 2039 2001 2094 οὐδὲν

579 2121 600 2130 υ
654 2116 687 2134 τι
1102 2120 1141 2134 ιν.
1185 2119 1210 2129 ~
1378 2116 1424 2134 ’_
1523 2114 1533 2132 Ι
1767 2113 1779 2131 ν
1969 2116 1993 2126 ⁴⁹

422 2113 600 2192 ἀδικεῖ
654 2110 948 2176 Ἰουδαίους
1009 2115 1036 2168 ὁ
1102 2113 1318 2178 Ιιαῦλος
1364 2110 1704 2189 ”Ᾰγρίππας,
1765 2110 1866 2192 ἔφη
1927 2116 2006 2184 τῷ

425 2189 650 2259 Φήστῳ.

425 2301 451 2326 α
476 2276 728 2349 Ἡμερῶν
762 2271 818 2329 δὲ
849 2271 1244 2348 διαγενομένων
1273 2281 1436 2331 τινῶν
1467 2275 1766 2348 ’Δγρίππας
1813 2275 1840 2328 6
1907 2274 2004 2348 βα-

354 2363 534 2425 σιλεὺς
608 2365 696 2418 καὶ
764 2363 1016 2439 Βερενίκη
1099 2366 1444 2435 κατήντησαι
1532 2363 1607 2425 εἷς
1667 2363 2004 2436 Καισάρειαν,

352 2454 723 2526 ἀσπασόμενοι
778 2453 870 2508 τὸν
930 2460 1166 2523 Φῆστον.
1221 2455 1308 2516 Ὠς
1369 2451 1425 2509 δὲ
1500 2453 1724 2514 πλείους
1793 2452 2002 2526 ἡμέρας

356 2538 621 2618 διέτριϐεν
677 2541 808 2612 ἐκεῖ,
871 2544 898 2597 ὁ
958 2549 1175 2613 Φῆστος
1232 2549 1311 2616 τῷ
1393 2541 1611 2619 βασιλεῖ
1667 2542 1880 2597 ἀνέθετο
1938 2540 2004 2595 τά

349 2635 492 2688 κατά
572 2633 662 2688 τὸν
743 2630 980 2700 Παῦλον,
1069 2632 1262 2709 λέγων·
1326 2634 1488 2707 Ἀνήρ
1540 2633 1623 2694 τίς
1681 2631 1792 2686 ἐστι
1844 2651 2004 2686 κατα-

358 2719 731 2795 λελειμμένος
767 2722 870 2776 ὑπὸ
903 2720 1156 2792 Φήλικος
1188 2720 1430 2796 δέσμιος,
1477 2723 1600 2797 περὶ
1655 2720 1717 2776 οὗ
1773 2721 1995 2796 γενομέο

350 2832 448 2866 νου
503 2833 608 2884 μου
671 2811 746 2874 εῗς
805 2810 1182 2886 Ἱεροσόλυμα,
1243 2811 1566 2890 ἐνεφάνησαν
1619 2813 1668 2866 οἱ
1727 2811 2000 2889 ἀρχιερεῖς

346 2901 446 2956 καὶ
513 2903 564 2956 οἱ
642 2897 1003 2977 πρεσϐύτεροι
1087 2906 1192 2956 τῶν
1294 2899 1589 2970 Ἰουδαίων,
1690 2901 2000 2973 αἰτούμενοι

345 2993 470 3046 κατ’
528 2991 694 3046 αὐτοῦ
755 2988 935 3062 δίκην.
1012 2993 1152 3067 Πρὸς
1210 2993 1303 3053 οὓς
1360 2992 1676 3067 ἀπεκρίθην,
1736 2990 1818 3045 ὅτι
1905 2987 2004 3045 οὒκ

585 3079 700 3145 ἔθος
785 3081 1080 3153 Ῥωμαίοις
1156 3081 1474 3161 χαρίζεσθαί
1539 3101 1658 3136 τινα
1712 3079 1999 3155 ἄνθρωπον

346 3171 430 3234 εἷς
521 3169 824 3240 ἀπώλειαν,
882 3171 1010 3246 πρὶν
1096 3171 1130 3240 ἢ
1193 3173 1220 3226 6
1306 3171 1781 3246 κατηγορούμενος
1864 3169 1999 3222 κατὰ

349 3261 648 3334 πρόσωπον
694 3259 816 3336 ἔχοι
873 3260 1000 3321 τους
1057 3261 1415 3334 κατηγόρους,
1473 3260 1638 3314 τόπον
1697 3279 1756 3314 τε
1804 3257 2004 3313 ἀπολο-

350 3349 474 3423 γίας
502 3344 664 3403 λάϐοι
699 3350 820 3424 περῖ
885 3353 982 3404 τοῦ
1039 3347 1408 3422 ἐγκλήματος.
1471 3347 1852 3412 Συνελθόντων
1910 3346 2002 3402 οὖν

355 3437 538 3493 αὐτῶν
618 3436 822 3508 ἐνθάδε,
889 3435 1166 3509 ἀναϐολήν
1253 3437 1527 3514 μηδεμίαν
1608 3439 2001 3510 ποιησάμενος,

355 3531 428 3600 τῇ
463 3528 586 3598 ἑξῆς
619 3528 839 3592 καθίσας
885 3527 972 3584 ἐπὶ
1029 3533 1124 3584 τοῦ
1182 3531 1456 3604 βήματος,
1516 3528 1769 3584 ἐκέλευσα
1825 3528 2005 3596 ἀχθῆ-

354 3638 445 3671 ναι
503 3617 597 3672 τὸν
651 3615 838 3690 ἄνδρα.
901 3619 1029 3694 Περὶ
1097 3617 1162 3673 οὗ
1220 3619 1496 3684 σταθέντες
1577 3620 1628 3674 οἱ
1685 3619 2004 3694 κατήγοροι,

357 3705 623 3779 οὐδεμίαν
684 3707 857 3763 αἰτίαν
921 3707 1176 3787 ἐπέφερον
1236 3709 1311 3763 ὧν
1394 3709 1652 3763 ὑπενόουν
1713 3706 1839 3780 ἐγώ.
1901 3713 2005 3777 Ζη-

353 3798 578 3868 τήματα
666 3793 724 3852 δέ
792 3819 912 3852 τινα
994 3797 1117 3872 περὶ
1200 3805 1300 3868 τῆς
1384 3796 1521 3861 ἰδίας
1581 3794 2004 3870 δεισιδαιμονίας

356 3890 514 3962 εἶχον
574 3888 710 3962 πρὸς
789 3887 970 3957 αὐτὸν,
1025 3888 1115 3942 καὶ
1181 3887 1304 3962 περί
1361 3909 1507 3950 τινος
1584 3886 1761 3958 Ἰησοῦ
1813 3898 2006 3957 τεθνη-

354 3975 536 4042 κότος,
599 3978 660 4031 ὅν
716 3975 942 4051 ἔφασκεν
999 3979 1027 4031 6
1089 3977 1304 4040 Παῦλος
1363 3977 1917 4051 ζῇν.Ἀπορούμενος
1950 3973 2007 4030 δὲ

359 4064 471 4138 ἐγὼ
501 4086 602 4134 την
651 4067 774 4140 περὶ
823 4067 1018 4122 τούτου
1073 4069 1320 4137 ζήτησιν,
1369 4065 1577 4141 ἔλεγον,
1639 4066 1683 4120 εἰ
1746 4064 2006 4140 βούλοιτο

356 4175 431 4209 πο
443 4155 685 4229 ρεύεσθαι
747 4155 823 4218 ei;

1786 1824 1999 1887 πεύσεις

1294 2899 1589 2970 Ἰουδαίων,

347 3079 496 3136 ἔστιν

907 4155 1295 4232 Ἰερουσαλὴμ,
1355 4157 1506 4212 κάκεῖ
1563 4157 1831 4232 κρίνεσθαι
1882 4155 2006 4232 περὶ

351 4245 592 4302 τούτων.
651 4251 760 4302 Τοῦ
837 4245 894 4303 δὶ
979 4247 1200 4305 Παύλου
1272 4247 1755 4322 ἐπικαλεσαμένου,
1840 4266 2008 4322 τηρη-

354 4336 516 4404 θῆναι
584 4335 743 4391 αὐτὸν
819 4337 893 4399 εἷς
974 4341 1072 4408 την
1155 4343 1253 4394 τοῦ
1338 4334 1610 4395 Σεϐαστοῦ
1693 4337 2007 4412 διάγνωσιν,

350 4421 614 4480 ἐκέλευσα
691 4432 974 4502 τηρεῖσθαι
1060 4429 1221 4484 αὐτὸν
1298 4426 1402 4492 ἓως
1469 4430 1530 4483 ού
1589 4427 1791 4501 πέμψω
1848 4425 2008 4480 αὐτὸν

348 4514 490 4588 πρὸς
553 4515 810 4590 Καίσαρα.
891 4516 1202 4592 Ἀγρίππας
1275 4515 1331 4572 δὲ
1416 4518 1551 4593 πρὸς
1637 4517 1729 4572 τὸν
1789 4523 2007 4586 Φῆστον

2105 589 2393 643 Caesarem
2418 585 2551 639 ibis.
2586 608 2606 636 ι

2179 698 2207 726 ‹‹
2233 675 2319 731 Ad
2345 674 2607 729 tribunal
2639 673 2884 728 Caesaris
2926 678 3034 737 sto,
3072 693 3098 720 ››
3133 671 3216 725 ait
3264 669 3499 732 Paulus,
3533 667 3744 722 volens

2103 767 2440 821 Judaaorum
2475 779 2682 819 manus
2714 764 2991 833 effugere,
3026 761 3136 815 hoc
3168 764 3275 825 est,
3326 757 3452 812 volo
3495 758 3739 812 Romam

2106 856 2401 927 proficisci
2434 855 2508 910 ad
2531 855 2972 924 imperatorem,
2998 855 3054 904 et
3084 847 3459 920 ibijudicari.
3488 848 3745 900 Provoco

2108 953 2183 1012 te,
2218 946 2430 1016 inquit.
2466 946 2689 999 Nomen
2740 945 2930 997 Ctesar
2989 940 3252 994 ltomana
3300 937 3503 1008 lingua
3541 951 3741 1008 regem

2107 1053 2210 1091 seu
2256 1035 2677 1106 imperatorem
2727 1033 3053 1104 significat:
3120 1027 3267 1083 adeo
3319 1032 3382 1080 ut
3431 1025 3743 1080 communi

2107 1126 2350 1180 nomine
2382 1140 2590 1179 omnes
2622 1123 3011 1194 imperatores
3047 1121 3444 1173 Romanorum
3482 1119 3744 1171 Caesares

2109 1220 2407 1283 vocentur,
2459 1220 2742 1284 tanquam
2773 1211 2936 1266 dicas
2993 1225 3161 1281 reges
3193 1207 3280 1261 vel
3333 1206 3748 1274 imperatores.

2105 1305 2279 1375 Atqui
2315 1304 2442 1359 haec
2472 1319 2593 1358 non
2626 1306 2795 1357 erant
2825 1299 3064 1372 propria
3093 1313 3296 1353 eorum
3329 1293 3592 1349 nomina.
3634 1290 3749 1345 Sub

2105 1394 2320 1449 Christi
2367 1393 2528 1448 enim
2554 1392 2879 1456 nativitate,
2905 1389 3004 1459 qui
3038 1394 3175 1442 tunc
3201 1383 3533 1456 imperabat
3557 1383 3755 1437 Caesar

2106 1487 2401 1555 Augustus
2433 1481 2752 1538 vocabatur
2781 1497 2792 1534 :
2829 1495 3036 1550 passus
3071 1481 3159 1530 est
3203 1481 3401 1529 autem
3447 1471 3555 1527 sub
3587 1470 3758 1525 Tibe-

2104 1575 2193 1628 rio
2221 1575 2468 1629 Caesare.
2494 1572 2713 1627 Paulus
2737 1585 2869 1625 vero
2893 1567 3000 1623 sub
3026 1568 3255 1620 Nerone
3287 1563 3516 1618 Caesare
3549 1560 3748 1614 Romae

2103 1664 2479 1719 interﬁcitur.

2659 1752 2891 1807 CAPUT
2924 1747 3200 1804 XXXVII.

2038 1860 2084 1925 Β
2117 1847 2382 1925 Agrippae
2414 1851 2464 1898 et
2495 1844 2746 1925 Be-rnices
2777 1840 3058 1903 adventus,
3087 1854 3149 1925 ac
3195 1835 3665 1925 interrogationes
3689 1829 3753 1882 de

2187 1903 2344 1970 rebus
2393 1931 2514 1985 qua:
2559 1915 2793 1968 Paulum
2842 1909 3242 1985 concernebant
3271 1923 3288 1959 :
3326 1907 3387 1985 in
3421 1919 3551 1984 .quo
3592 1903 3757 1985 etiam

2189 1972 2457 2042 narratur
2486 1987 2648 2040 Pauli
2687 1987 2759 2040 ad
2789 2001 2850 2037 ea
2875 1982 3176 2052 responsio,
3209 1977 3274 2032 de
3321 1974 3568 2052 legitimo
3600 1972 3752 2052 cultu

2185 2075 2282 2113 suo
2314 2066 2365 2113 et
2386 2059 2668 2113 vocatione
2719 2057 2791 2111 ad
2817 2045 3233 2124 Euan-getiam;
3272 2047 3439 2124 ιιιιοοίΔ
3492 2045 3752 2124 fAgrippa

2190 2133 2398 2184 dixerit
2440 2133 2594 2184 Festo
2641 2129 2876 2184 Paulum
2907 2115 3146 2180 in'nullo
3174 2115 3390 2176 Judaeos
3421 2117 3634 2186 injuria
3672 2115 3757 2182 af-

2184 2205 2396 2270 fecisse.

2188 2292 2354 2359 XXV,
2397 2294 2584 2348 13-27.
2641 2313 2662 2341 ι
2716 2293 2783 2346 Et
2835 2306 2970 2346 cum
3019 2287 3145 2342 dies
3195 2283 3424 2353 aliquot
3467 2275 3750 2334 transacti

2114 2386 2314 2434 essent
2351 2397 2364 2434 :
2408 2382 2665 2453 Agrippa
2729 2397 2832 2435 rex
2898 2384 2957 2433 et
3009 2374 3250 2430 Bernice
3317 2366 3758 2426 descenderunt

2114 2469 2466 2536 Caesaream,
2516 2470 2828 2526 salutaturi
2874 2470 3132 2523 Festum.
3184 2467 3450 2531 Cumque
3480 2455 3752 2528 pluribus

2113 2557 2324 2614 diebus
2381 2561 2460 2614 ibi
2510 2564 3040 2616 commorarentur.
3090 2557 3296 2610 Festus
3344 2550 3464 2621 regi
3514 2560 3754 2602 causam

2113 2649 2279 2704 Pauli
2311 2651 2536 2717 retulit,
2583 2652 2830 2706 dicens:
2885 2650 2981 2702 Vir
3032 2645 3276 2717 quidam
3329 2646 3418 2696 est
3448 2638 3690 2693 relictus
3721 2650 3756 2687 a

2112 2737 2304 2794 Felice
2344 2742 2593 2806 vinctus,
2648 2741 2719 2795 de
2768 2757 2906 2810 quo,
2959 2753 3094 2792 cum
3144 2733 3436 2787 venissem
3459 2724 3754 2794 Jerosoly-

2113 2845 2291 2893 mam,
2327 2831 2810 2902 signiﬁcaverunt
2838 2828 2983 2883 mihi
3027 2823 3326 2896 principes
3377 2817 3750 2873 sacerdotum

2111 2935 2178 2974 ac
2219 2901 2485 2974 seniores
2529 2920 2888 2982 Judzeorum,
2940 2913 3309 2986 postulantes
3363 2907 3642 2962 adversus
3675 2901 3746 2954 il-

2110 3007 2232 3062 lum
2300 3009 2679 3064 sententiam.
2749 3006 2970 3072 Quibus
3032 2999 3334 3072 respondi,
3427 3011 3549 3049 non
3618 3006 3744 3045 esse

2112 3098 2392 3152 Romanis
2424 3096 2918 3152 consuetudinem
2973 3092 3046 3148 ob
3094 3090 3342 3163 gratiam
3391 3086 3611 3140 donare
3639 3079 3747 3134 ali-

2117 3203 2291 3258 quem
2327 3188 2626 3241 hominem
2681 3187 2828 3241 173
2883 3190 2948 3237 ut
2996 3187 3216 3254 pereat,
3252 3178 3415 3250 prius
3465 3189 3641 3245 quam
3680 3171 3750 3235 is,

2117 3277 2216 3348 qui
2285 3284 2616 3342 accusatur,
2684 3279 3010 3348 praisentes
3080 3270 3294 3325 habeat
3359 3268 3752 3326 accusatores,

2117 3366 2431 3437 locumque
2462 3365 2821 3421 defendendi
2867 3362 3117 3434 accipiat
3168 3359 3239 3414 de
3285 3355 3556 3412 crimine.
3609 3351 3755 3404 Cum

2117 3473 2252 3528 ergo
2307 3457 2422 3511 huc
2487 3456 2923 3521 convenissent,
2961 3453 3089 3508 sine
3122 3449 3246 3505 ulla
3311 3443 3594 3500 dilatione
3663 3453 3758 3492 se-

2115 3549 2317 3618 quenti
2351 3548 2445 3603 die
2479 3547 2692 3602 sedens
2723 3564 2828 3618 pro
2881 3542 3183 3608 tribunali,
3226 3538 3380 3610 jussi
3430 3531 3641 3590 adduci
3672 3528 3754 3581 vi-

2115 3655 2268 3695 rum.
2305 3640 2384 3694 De
2416 3656 2531 3710 quo
2559 3655 2692 3694 cum
2743 3637 3048 3693 stetissent
3095 3637 3489 3692 accusatores,
3522 3621 3755 3678 nullum

2116 3730 2342 3784 crimen
2377 3727 2769 3784 intendebant
2799 3742 2977 3797 super
3007 3724 3167 3778 hisce
3201 3720 3396 3780 rebus,
3431 3715 3502 3770 de
3535 3711 3752 3782 quibus

2118 3836 2222 3888 ego
2257 3818 2638 3890 suspicabar:
2674 3817 2777 3872 sed
2809 3815 3172 3887 quastiones
3222 3805 3508 3878 quasdam
3540 3801 3612 3854 de
3647 3814 3755 3852 sua

2117 3909 2539 3980 superstitione
2561 3906 2858 3963 habebant
2884 3903 3162 3959 adversus
3193 3913 3348 3961 eum,
3395 3899 3453 3948 et
3481 3890 3559 3980 de
3598 3905 3754 3980 quo--

2117 3976 2251 4053 dam
2283 3999 2418 4053 Jesu
2461 3998 2761 4061 deluncto,
2813 4009 2992 4065 quem
3035 3985 3370 4044 afﬁrmabat
3423 3979 3640 4036 Paulus
3672 3976 3759 4029 vi-

2117 4104 2270 4143 vere.
2317 4089 2606 4142 Hmsitans
2663 4091 2860 4141 autem
2912 4098 3015 4153 ego
3077 4079 3148 4132 de
3194 4071 3536 4146 hujusmodi
3583 4085 3754 4140 quaa—

2117 4177 2330 4236 stione.
2369 4177 2661 4236 dicebam.
2711 4189 2856 4228 num
2906 4169 3082 4224 vellet
3130 4167 3214 4220 ire
3263 4161 3650 4231 Jerosolyma,
3701 4161 3759 4210 et

2117 4265 2196 4318 ibi
2257 4281 2436 4335 super
2483 4265 2574 4318 his
2619 4260 2894 4334 judicari.
2946 4260 3090 4313 Cum
3138 4259 3337 4310 autem
3386 4249 3603 4304 Paulus
3650 4261 3756 4335 αρτ

2116 4333 2400 4425 pellasset
2431 4359 2493 4408 ut
2525 4333 2856 4407 servaretur
2903 4347 3140 4419 Augusti
3192 4337 3554 4414 cogitationi.
3599 4333 3752 4404 jussi

2117 4443 2335 4498 servari
2367 4460 2525 4508 eum,
2559 4441 2746 4497 donec
2778 4439 3073 4494 mitterem
3115 4435 3308 4505 ipsum
3337 4429 3409 4485 ad
3440 4433 3750 4482 Caesarem.

2113 4533 2372 4605 Agrippa
2413 4539 2610 4588 autem
2659 4530 2806 4586 dixit
2851 4528 2924 4584 ad
2944 4519 3520 4582 Festum:Volebam
3549 4514 3756 4585 etipse

349 4601 483 4681 ἔφη·
517 4599 874 4679 Ἐϐουλόμην
907 4607 996 4662 καὶ
1051 4609 1214 4670 αὐτὸς
1267 4613 1364 4662 τοῦ
1420 4608 1707 4684 ἀνθρώπου
1757 4606 2001 4664 ἀκοῦσαι.

2114 4584 2370 4605 ﬂown“
2417 4584 2608 4588 ﬂ---"
2669 4584 2678 4586 -
3660 4584 3664 4585 ,

2115 4622 2419 4678 hominem
2446 4621 2671 4677 audire.
2718 4620 2878 4684 Cras,
2933 4615 3129 4686 inquit
3176 4609 3381 4666 audies
3433 4621 3587 4661 eum.
3641 4605 3755 4657 Po-

345 4693 412 4751 Ὀ
443 4690 526 4761 δὲ,
560 4695 790 4769 Αὔριον,
825 4698 1014 4774 φησὶν,
1066 4697 1272 4772 ἀκούσῃ
1330 4697 1514 4754 αὐτοῦ.
1568 4701 1645 4771 Τῇ
1703 4697 1792 4751 οῦν
1841 4696 2003 4750 ἐπαύ-

351 4803 472 4858 ριον
559 4781 815 4847 ἐλθόντος
892 4791 990 4841 τοῦ
1074 4787 1353 4862 Ἀγρίππα
1405 4787 1493 4842 καὶ
1563 4793 1662 4856 τῆς
1718 4784 2002 4861 Βερενίκης

351 4872 492 4946 μετὰ
549 4870 773 4944 πολλῆς
863 4875 1174 4948 φαντασίας,
1255 4877 1342 4931 καὶ
1406 4873 1760 4939 εἰσελθόντων
1812 4874 1886 4936 είς
1940 4875 2003 4929 τὸ

345 4959 719 5036 ἀκροατήριον
796 4964 891 5018 σύν
977 4985 1037 5019 τε
1085 4970 1203 5027 τοῖς
1256 4963 1583 5039 χιλιάρχοις
1633 4963 1721 5020 καὶ
1777 4961 2001 5038 ἀνδράσι

342 5054 464 5112 τοῖς
521 5055 640 5105 κατ’
703 5049 906 5131 ἐξοχὴν
966 5053 1085 5108 οὖσι
1143 5061 1243 5123 τῆς
1275 5052 1514 5124 πόλεως,
1571 5055 1662 5109 καὶ
1721 5053 2003 5108 κελεύσανο

339 5159 438 5200 τος
499 5143 596 5194 τοῦ
683 5143 928 5210 Φήστου,
987 5143 1139 5221 ἢχθη
1202 5145 1229 5198 6
1304 5142 1542 5206 Παῦλος.
1598 5143 1695 5200 Καί
1753 5164 1913 5220 φησιν
1971 5141 1998 5196 6

343 5234 595 5297 Φῆστος·
681 5230 962 5305 Ἀγρίππα
1047 5232 1296 5306 βασιλεῦ,
1357 5233 1445 5288 καὶ
1497 5233 1688 5293 πάντες
1741 5233 1791 5286 οἱ
1860 5253 1999 5304 συμ-

342 5321 619 5395 παρόντες
651 5323 786 5394 ἡμῖν
834 5319 1044 5398 ἄνδρες,
1104 5325 1354 5400 Θεωρεῖτε
1409 5330 1650 5394 τοῦτον,
1698 5323 1820 5398 περὶ
1879 5321 1999 5378 τού·

336 5430 443 5465 του
505 5414 608 5464 πᾶν
663 5410 727 5465 τὸ
775 5408 990 5482 πλῆθος
1050 5418 1158 5469 τῶν
1220 5412 1496 5472 Ἰουδαίων
1554 5413 1802 5488 ἐνέτυχόν
1879 5433 1996 5486 μοι,

337 5494 396 5553 ἔν
448 5520 509 5554 τε
566 5497 972 5575 Ἰεροσολύμοις
1056 5503 1146 5558 καὶ
1225 5501 1430 5572 ἐνθάδε,
1509 5498 1831 5562 ἐπιϐοῶντες
1915 5503 1990 5574 μὴ

338 5582 457 5642 δεῖν
509 5591 608 5661 ζῇν
690 5588 854 5644 αὐτὸν
935 5591 1152 5664 μηκέτι.
1215 5593 1358 5666 Ἐγὼ
1416 5589 1474 5646 δὲ
1548 5586 1994 5663 καταλαϐόμενος

340 5674 523 5750 μηδὶν
556 5675 700 5746 ἄξιον
765 5679 992 5743 θανάτου
1052 5679 1211 5737 αὐτὸν
1265 5681 1626 5760 πεπραχέναι,
1685 5681 1771 5735 καὶ
1825 5677 1991 5733 αὐτοῦ

2117 4719 2272 4767 stero
2304 4730 2438 4768 vero
2489 4711 2582 4766 die
2623 4727 2758 4765 cum
2825 4707 3082 4762 venisset
3122 4701 3378 4771 Agrippa
3409 4701 3467 4751 et
3510 4692 3754 4749 Bernice

2117 4818 2252 4856 cum
2295 4801 2482 4857 multo
2533 4805 2840 4872 apparatu,
2892 4801 2950 4851 et
3001 4793 3352 4849 introissent
3407 4788 3469 4841 in
3518 4783 3752 4839 audito-

2113 4892 2268 4946 rium
2333 4908 2464 4946 cum
2521 4889 2779 4944 tribunis
2830 4894 2886 4942 et
2929 4881 3246 4958 praecipuis
3294 4872 3745 4958 viris'civitatis,

2103 4972 2359 5043 jubente
2390 4973 2581 5036 Festo,
2634 4954 2946 5024 adductus‘
2967 4972 3057 5021 est
3103 4961 3341 5018 Paulus.
3393 4960 3459 5012 Et
3511 4955 3594 5010 ait
3641 4954 3746 5043 Fe-

2111 5041 2276 5116 stus:
2325 5060 2580 5133 Agrippa
2610 5076 2711 5112 rex
2774 5070 3100 5126 omnesque
3147 5052 3247 5123 qui
3297 5047 3476 5104 simul
3530 5041 3750 5099 adestis

2111 5149 2422 5204 nobiscum
2456 5149 2584 5211 viri,
2618 5146 2827 5201 videtis
2859 5145 3017 5200 hunc
3048 5141 3373 5201 hominem,
3403 5137 3606 5204 dequo
3623 5149 3752 5186 om-

2112 5237 2206 5291 nis
2239 5237 2557 5292 multitudo
2587 5236 2923 5291 Judaaorum
2955 5229 3355 5302 interpellavit
3385 5243 3478 5280 me
3511 5231 3634 5278 tum
3659 5222 3748 5275 Je-

2109 5326 2425 5398 rosolymis
2449 5333 2572 5381 tum
2597 5326 2713 5388 hic,
2741 5323 3157 5389 acclamantes,
3184 5335 3302 5375 non
3322 5320 3593 5388 oportere
3614 5327 3748 5365 eum

2107 5417 2298 5470 vivere
2331 5416 2609 5487 amplius.
2654 5417 2768 5486 Ego
2809 5432 2944 5470 vero
2990 5409 3251 5482 comperi
3300 5405 3451 5462 nihil
3500 5403 3745 5474 dignum

2104 5510 2293 5558 morte
2326 5521 2461 5559 eum
2491 5504 2825 5560 admisisse.
2878 5508 3166 5558 Cmterum
3214 5514 3348 5553 cum
3381 5497 3431 5549 is
3481 5494 3606 5564 ipse
3638 5509 3744 5561 ap-

2100 5593 2383 5664 pellasset
2412 5597 2759 5666 Augustum,
2793 5592 2968 5648 statui
3013 5593 3244 5646 mittere
3276 5602 3450 5641 eum:
3509 5583 3581 5637 de
3625 5591 3738 5648 quo

2101 5684 2259 5754 quod
2282 5691 2443 5742 certo
2507 5684 2763 5741 scribam
2831 5683 3096 5756 domino,
3155 5701 3279 5740 non
3346 5680 3552 5736 habeo.
3617 5671 3739 5732 Qua
