4150 6200
427 344 543 403 287

1414 346 1812 406 COMMENT.
1865 345 1938 402 IN
1986 341 2193 402 AGTA
2237 338 2839 401 APOSTOLORUM.

428 481 672 548 propter
715 475 964 547 produxi
1035 491 1170 532 eum
1199 475 1272 532 ad
1303 494 1424 548 vos,
1455 483 1513 533 et
1577 479 1831 532 maxime
1891 477 1964 531 ad
1987 483 2063 540 te,

2185 469 2236 526 δὲ
2318 470 2514 527 τούτου
2601 466 3065 542 ἐπικαλεσαμένου
3144 467 3239 522 τὸν
3293 456 3589 533 Σεϐαστὸν,
3643 455 3833 538 ἔκρινα

431 583 534 620 rex
554 567 830 638 Agrippa,
869 572 954 633 ut,
980 569 1417 624 examinatione
1439 569 1610 635 facta,
1643 567 1893 623 habeam
1913 565 2074 638 quod

429 653 707 709 scribam.
750 655 1025 726 Iniquum
1095 657 1254 711 enim
1335 658 1479 712 mihi
1538 657 1768 713 videtur
1835 657 2069 712 mittere

428 743 709 811 vinctum,
735 749 792 798 et
821 743 1078 800 crimina
1109 746 1178 800 de
1229 746 1444 816 quibus
1495 753 1808 802 accusatur
1838 763 1958 801 non
1990 745 2071 800 si-

428 832 730 904 gnificare.
767 853 795 882 »

502 1125 520 1147 ιι
558 1098 809 1171 Agrippa
844 1117 966 1155 rex.
1005 1122 1032 1149 »
1065 1103 1180 1155 Aut
1211 1103 1364 1173 regis
1394 1103 1637 1158 nomine
1684 1103 2073 1159 descenderat

426 1188 682 1260 Agrippa
713 1189 773 1242 in
825 1190 1178 1260 provincias,
1221 1195 1280 1245 et
1321 1199 1634 1264 propterea
1688 1210 1787 1248 rex
1834 1210 2070 1264 quoque

425 1276 873 1347 appellabatur:
903 1285 1006 1333 aut
1033 1280 1300 1335 fortassis
1327 1281 1451 1352 ipse
1504 1299 1739 1352 quoque
1788 1299 1888 1337 rex
1937 1289 2063 1338 erat

424 1367 684 1437 partium
739 1369 1143 1431 orientalium,
1199 1388 1334 1426 cum
1392 1373 1540 1428 Nero
1597 1372 2070 1428 occidentalibus

423 1455 762 1527 imperaret,
791 1474 858 1512 ac
891 1460 1167 1514 Romanas
1199 1461 1505 1515 resideret.
1546 1485 1564 1509 -
1629 1463 1699 1517 Ut
1742 1468 2073 1517 servaretur

426 1546 672 1617 Augusti
693 1547 1035 1617 cognitioni.
1062 1570 1082 1597 ι
1113 1551 1149 1602 1
1170 1550 1265 1603 74
1286 1542 1555 1603 Σεϐαστὸν
1578 1552 1901 1623 improprie
1929 1553 2073 1606 dicit

425 1650 623 1706 regem
667 1652 770 1690 seu
826 1637 1269 1708 imperatorem,
1336 1641 1838 1710 quemadmodum
1892 1641 2070 1697 etiam

430 1725 762 1779 Caesarem:
814 1743 991 1795 quem
1037 1727 1191 1782 infra
1240 1728 1549 1784 dominum
1601 1748 1838 1802 quoque
1883 1738 2066 1798 vocat,

428 1814 670 1869 dicens:
704 1838 729 1865 «
763 1817 842 1871 De
878 1834 994 1888 quo
1027 1818 1185 1889 quod
1209 1827 1368 1874 certo
1401 1821 1655 1877 scribam
1676 1821 1916 1877 domino
1949 1840 2069 1878 non

390 1954 392 1958 ,
428 1904 638 1961 habeo.
675 1929 702 1955 »

497 1995 841 2061 ΧΧνΙ,1.11.
896 2020 922 2045 ιι
975 1997 1229 2068 Agrippa
1279 2015 1415 2054 vero
1468 2000 1541 2054 ad
1609 2001 1859 2056 Paulum
1929 2001 2007 2056 ait
2053 2017 2066 2056 :

421 2085 796 2140 Permittitur
829 2085 933 2140 tibi
969 2086 1132 2157 loqui
1166 2105 1270 2158 pro
1327 2091 1655 2160 temetipso.
1708 2092 1867 2146 Tunc
1918 2093 2071 2146 Pau-

427 2172 521 2228 lus
549 2180 786 2230 extenta
820 2192 996 2230 manu
1029 2193 1136 2246 pro
1163 2193 1225 2230 se
1247 2177 1518 2233 dicebat:
1555 2179 1744 2251 Super
1793 2180 2072 2235 omnibus

427 2262 500 2318 de
548 2264 764 2334 quibus
811 2282 844 2320 a
885 2265 1105 2320 Judmis
1153 2282 1418 2335 accusor,
1475 2283 1578 2322 rex
1627 2269 1905 2341 Agrippa,
1953 2270 2072 2325 exi-

426 2353 602 2407 stimo
636 2370 729 2408 me
760 2353 1020 2421 beatum,
1055 2354 1155 2424 qui
1188 2371 1428 2411 causam
1468 2356 1734 2413 dicturus
1773 2359 1884 2414 sim
1918 2359 2073 2429 apud

433 2447 489 2497 te
519 2441 716 2509 hodie,
745 2460 878 2498 cum
913 2449 974 2498 tu
1005 2444 1260 2500 maxime
1307 2445 1388 2499 sis
1434 2462 1652 2518 gnarus
1689 2464 1893 2503 earum
1943 2465 2075 2518 quas

435 2532 592 2604 apud
655 2533 887 2588 Judaaos
942 2540 1081 2589 sunt
1143 2540 1201 2590 et
1256 2537 1754 2593 consuetudinum
1801 2545 1859 2593 et
1913 2556 2078 2609 quae-

440 2619 721 2676 stionum.
755 2622 1124 2692 Quapropter
1153 2622 1396 2678 obsecro
1425 2629 1480 2680 te
1537 2630 1603 2679 ut
1658 2627 1955 2697 patienter
1980 2645 2074 2684 me

434 2708 662 2766 audias.
695 2711 899 2781 Itaque
927 2711 1104 2766 vitam
1137 2711 1377 2782 quidem
1409 2730 1602 2769 meam
1652 2733 1829 2786 quam
1863 2718 1953 2790 egi
2001 2718 2074 2773 ab

433 2798 854 2870 adolescentia,
906 2817 1037 2872 quae
1083 2801 1196 2856 fuit
1233 2801 1304 2857 ab
1371 2803 1542 2858 initio
1602 2805 1663 2860 in
1719 2812 1894 2878 gente
1943 2823 2077 2863 mea

430 2889 834 2962 Jerosolymis,
877 2895 1169 2946 noverunt
1215 2907 1423 2947 omnes
1469 2893 1674 2962 Judaii,
1745 2897 1846 2966 qui
1911 2898 2074 2968 prius

436 2986 723 3034 noverant
754 2995 847 3036 me
866 2980 938 3035 ab
971 2980 1165 3048 initio,
1185 2981 1234 3035 si
1253 2981 1439 3036 velint
1462 2984 1865 3040 testimonium
1896 2986 2073 3060 ferre,

433 3069 592 3138 quod
627 3069 953 3124 secundum
1002 3071 1528 3141 exquisitissimam
1579 3080 1796 3129 sectam
1857 3082 2075 3132 nostras

433 3157 739 3229 religionis
788 3158 1027 3214 vixerim
1072 3160 1427 3216 Pharisaaus.
1479 3164 1549 3217 Et
1595 3181 1754 3219 nunc
1780 3164 1852 3219 ob
1907 3183 2069 3238 spem

433 3247 939 3315 repromissionis,
991 3265 1120 3318 quae
1169 3249 1243 3304 ad
1287 3256 1483 3322 patres
1534 3260 1769 3309 nostros
1801 3254 1955 3311 facta
1986 3262 2075 3313 est
2104 3221 2146 3288 Ο

430 3351 465 3388 a
495 3338 635 3399 Deo,
675 3341 765 3390 sto
790 3335 1018 3406 judicio
1050 3337 1373 3408 subjectus,
1405 3341 1478 3396 ad
1533 3359 1709 3413 quam
1759 3343 2074 3402 duodecim

434 3422 623 3477 tribus
675 3429 893 3478 nostrm
945 3425 1237 3482 instanter
1319 3428 1414 3483 die
1462 3447 1528 3484 ac
1597 3437 1772 3487 nocte
1812 3434 2074 3490 colentes

435 3513 644 3578 Deum,
680 3518 924 3583 sperant
953 3529 1014 3567 se
1065 3522 1488 3586 perventuras:
1539 3519 1610 3574 de
1663 3538 1780 3592 qua
1821 3541 1923 3594 spe
1977 3541 2075 3580 ac-

431 3619 624 3666 cusor,
659 3618 759 3657 rex
782 3603 1354 3674 Agrippa,aJudaais.
1393 3607 1540 3672 Quid
1563 3608 1590 3663 ‘I
1618 3627 1692 3665 an
1724 3611 2073 3669 incredibile

427 3691 736 3764 judicatur
766 3709 800 3748 a
845 3691 1007 3747 vobis
1066 3692 1224 3764 quod
1260 3695 1413 3750 Deus
1468 3703 1732 3754 mortuos
1790 3703 2076 3758 suscitet?

433 3784 504 3839 Et
551 3798 654 3852 ego
687 3781 930 3854 quidem
990 3783 1401 3840 existimabam
1471 3786 1780 3843 adversum
1849 3807 2070 3846 nomen

431 3875 570 3929 Jesu
608 3874 889 3928 Nazareni
930 3879 1206 3945 oportere
1236 3881 1300 3930 ut
1330 3877 1518 3933 multa
1556 3879 1941 3951 repugnando
1985 3882 2075 3937 fa-

437 3978 657 4024 cerem.
691 3962 848 4032 quod
881 3969 941 4018 et
967 3963 1081 4018 feci
1123 3965 1544 4036 Jerosolymis:
1579 3973 1637 4022 et
1687 3967 1904 4024 multos
1937 3986 2074 4024 san-

436 4057 665 4106 ctorum
725 4068 830 4122 ego
891 4053 1230 4109 carceribus
1297 4055 1536 4123 inclusi,
1605 4073 1639 4112 a
1705 4058 2072 4129 principibus

433 4139 806 4195 sacerdotum
839 4146 1126 4212 potestate
1157 4151 1399 4214 accepta
1427 4162 1713 4217 :cumque
1732 4148 2069 4204 occideren-

435 4237 553 4298 tur,
585 4229 772 4285 detuli
805 4233 1183 4288 sententiam.
1238 4235 1307 4288 Et
1345 4251 1453 4305 per
1493 4253 1700 4292 omnes
1750 4256 2074 4313 synagogas

430 4319 774 4391 frequenter
833 4320 1088 4392 puniens
1155 4337 1276 4386 eos,
1326 4324 1755 4394 compellebam
1794 4326 2071 4399 blasphe-

441 4425 646 4466 mare:
682 4416 740 4466 et
778 4411 1036 4482 amplius
1068 4411 1380 4468 insaniens
1413 4413 1474 4468 in
1517 4430 1636 4484 eos,
1675 4416 2079 4488 persequebar

430 4501 608 4556 etiam
641 4501 701 4556 in
734 4508 963 4558 exteras
993 4519 1181 4574 usque
1212 4503 1496 4560 civitates.
1531 4528 1558 4554 »

496 4592 666 4661 Quid,
701 4608 776 4648 an
810 4592 1156 4648 incredibile
1179 4593 1530 4666 judicaturga
1558 4595 1722 4650 vobis
1743 4595 1901 4667 quod
1925 4597 2076 4652 Deu's
2108 4577 2153 4641 Ῑ)

427 4687 692 4737 mortuos
735 4683 983 4739 suscitet
1018 4681 1045 4735 ?
1077 4705 1104 4733 «
1151 4689 1311 4738 Duas
1363 4685 1534 4755 ponit
1578 4685 1738 4740 circa
1803 4701 2072 4741 resurre-

426 4770 650 4828 tionem
723 4774 1237 4830 ratiocinationes:
1309 4792 1489 4832 unam
1558 4777 1800 4847 quidem
1869 4794 2072 4848 apro-

425 4859 661 4930 phetis:
711 4877 821 4917 nec
865 4868 1065 4917 tamen
1115 4862 1358 4919 adducit
1415 4865 1790 4936 prophetam,
1835 4865 1938 4920 sed
1982 4866 2069 4937 ip—

425 4964 548 5005 sam
563 4947 898 5005 Judaaorum
917 4967 1298 5008 communem
1313 4954 1659 5025 opinionem
1685 4972 1697 5009 :
1721 4955 1902 5011 aliam
1935 4972 2070 5012 vero

423 5037 754 5101 fortiorem.
781 5056 912 5111 quaa
945 5041 1118 5096 estab
1147 5042 1294 5113 ipsis
1316 5042 1515 5108 rebus,
1540 5045 1823 5115 quoniam
1854 5045 2070 5116 proba-

427 5132 553 5182 tum
577 5134 665 5183 est
688 5128 760 5184 ab
775 5146 844 5184 eo
860 5130 1017 5200 quod
1031 5129 1298 5187 Christus
1313 5135 1698 5189 resurrexerit
1721 5151 1756 5189 a
1783 5135 2068 5190 mortuis:

433 5223 490 5271 et
519 5217 672 5273 hanc
704 5235 942 5290 quoque
961 5221 1290 5277 rationibus
1323 5224 1650 5279 conﬁrmat.
1672 5224 2030 5280 Primaratio
2055 5241 2068 5279 :

413 5329 441 5356 ‹‹
497 5308 668 5376 Quid,
703 5309 1057 5365 incredibile
1089 5318 1174 5366 sst
1211 5313 1352 5369 I75
1390 5313 1548 5383 quod
1596 5313 1750 5369 Deus
1805 5319 2068 5370 mortuos

423 5398 714 5454 suscitet?
729 5423 755 5448 ››
769 5401 915 5454 Item
930 5400 1046 5455 alia
1060 5419 1073 5456 ε
1091 5403 1258 5456 Anne
1272 5402 1615 5472 hujusmodi
1630 5403 1899 5464 doctrina
1921 5412 2066 5474 erat,

433 5503 619 5558 eaque
651 5489 998 5563 dogmatain
1011 5491 1229 5562 quibus
1241 5491 1475 5547 educati
1490 5496 1688 5550 erant?
1713 5497 1851 5562 Quis
1869 5503 2065 5553 autem

434 5592 556 5634 non
587 5578 850 5650 suscepit
865 5594 1201 5635 sermonem
1219 5595 1395 5650 quem
1413 5581 1752 5639 inmedium
1781 5584 2069 5642 adduxit?

421 5665 608 5740 Super
631 5668 764 5740 hoc,
793 5667 1008 5740 inquit,
1045 5668 1280 5726 decreto
1312 5674 1596 5741 tanquam
1620 5672 1693 5728 de
1723 5673 1935 5730 heresi
1968 5689 2066 5732 ac-

2183 564 2414 635 πέμπειν
2471 561 2656 616 αὐτόν·
2707 559 2831 635 περὶ
2904 559 2966 613 οὗ
3047 555 3283 635 ἀσφαλές
3360 577 3412 611 τι
3498 555 3702 628 γράψαι
3763 556 3841 626 τῷ

2182 651 2356 727 κυρίῳ
2404 650 2508 705 οὐκ
2561 645 2696 724 ἔχω.
2734 651 2811 703 Δι’
2871 650 2899 702 6
2951 649 3268 724 προήγαγον
3323 644 3485 700 αὐτὸν
3517 643 3598 720 ἐφ’
3659 644 3836 716 ὑμῶν,

2180 739 2270 794 καὶ
2309 739 2547 813 μαλιστα
2605 738 2692 792 ἐπὶ
2751 741 2867 805 σοῦ,
2919 734 3145 812 βασιλεῦ
3178 735 3469 810 Ἀγρίππα,
3529 733 3681 793 ’ὁπως
3740 737 3842 800 τῆς

2185 830 2516 901 ἀνακρίσεως
2545 826 2861 904 γενομένης,
2897 827 3018 882 σχῶ
3058 846 3106 880 τι
3166 826 3390 900 γράψαι.
3460 821 3700 896 ’Άλογον
3733 821 3838 895 γάρ

2188 940 2278 991 μοι
2313 915 2462 972 δοκεῖ
2492 915 2776 988 πέμποντα
2807 913 3055 989 δέσμιον,
3091 914 3167 988 μὴ
3201 913 3290 968 καὶ
3347 911 3444 974 τὰς
3499 911 3619 966 κατ’
3675 908 3838 964 αὐτοῦ

2183 1007 2356 1068 αἰτίας
2405 1029 2471 1076 ση
2483 1012 2666 1086 μᾷναι,
2696 1029 2723 1057 ››

2255 1124 2282 1150 ‹‹
2326 1099 2636 1173 Ἀγρίππας
2667 1095 2998 1172 ὁβασιλεύς.
3036 1120 3063 1146 ιι
3125 1096 3283 1152 ἸῙτοι
3335 1093 3411 1154 εἷς
3465 1092 3612 1161 τάξιν
3679 1091 3838 1166 βασι-

2182 1187 2323 1252 λέως
2382 1189 2572 1264 κατῄει
2625 1187 2679 1244 ἐν
2731 1193 2852 1250 ταῖς
2912 1186 3203 1262 ἐπαρχίαις
3278 1186 3306 1238 6
3367 1183 3690 1259 Ἀγρίππας,
3748 1179 3843 1235 καὶ

2184 1278 2273 1335 διὰ
2300 1285 2462 1334 τοῦτο
2494 1280 2584 1334 καὶ
2637 1277 2895 1353 βασιλεὺς
2947 1276 3336 1352 ἐχρημάτιζεν·
3397 1275 3432 1345 ἢ
3482 1273 3624 1348 τάχα
3687 1272 3843 1348 βασι-

2182 1369 2307 1431 λεὺς
2339 1369 2404 1438 ἦν
2438 1368 2527 1424 καὶ
2560 1369 2720 1430 αὐτὸς
2751 1372 2861 1422 τῶν
2919 1366 3257 1437 ἀνατολικῶν
3325 1367 3526 1438 μερῶν,
3579 1366 3677 1417 τοῦ
3735 1359 3838 1416 N6-

2184 1478 2357 1534 ρωνος
2386 1463 2494 1512 τῶν
2551 1454 2782 1511 δυτικῶν
2850 1458 3138 1530 ἄρχοντος,
3192 1454 3282 1508 καὶ
3339 1449 3493 1514 ὄντος
3542 1450 3594 1506 ἐν
3624 1451 3838 1525 Ῥώμῃ.

2187 1571 2210 1601 ε
2247 1547 2337 1609 Είς
2367 1549 2468 1615 τὴν
2498 1552 2594 1602 τοῦ
2629 1541 2901 1601 Σεϐαστοῦ
2945 1543 3261 1620 διάγνωσιν.
3337 1566 3363 1594 ι)
3417 1536 3688 1600 Σεϐαστὸν
3739 1561 3836 1595 κα-

2181 1640 2564 1712 ταχρηστικῶς
2593 1635 2685 1690 τὸν
2727 1633 2964 1691 Βασιλέα
3005 1631 3186 1699 καλεῖ,
3244 1632 3425 1706 ὥσπερ
3480 1631 3572 1686 καὶ
3625 1629 3836 1688 Καίσα-

2185 1747 2269 1803 ρα·
2303 1726 2360 1781 ὅν
2393 1727 2744 1801 παρακατιὼν
2770 1724 2862 1780 καὶ
2893 1724 3095 1798 Κύριον
3138 1721 3322 1789 καλεῖ,
3382 1722 3583 1797 λέγων·
3643 1746 3670 1772 ι(
3709 1718 3840 1794 Περὶ

2184 1818 2246 1872 οὗ
2279 1815 2515 1894 ἀσφαλὲς
2546 1838 2600 1872 τι
2626 1816 2832 1892 γράψαι
2862 1819 2942 1886 τῷ
2964 1813 3138 1888 κυρίῳ
3167 1812 3268 1868 οὐκ
3296 1806 3432 1888 ἔχω.
3467 1836 3494 1865 η

2253 1929 2281 1957 ‹‹
2316 1904 2621 1979 Ἀγρίππας
2681 1902 2739 1958 δὶ
2796 1903 2933 1978 πρὸς
2976 1903 3068 1958 τὸν
3129 1899 3344 1956 Παῦλον
3405 1899 3530 1978 ἔφη·
3589 1897 3838 1974 Ἐπιτρέ-

2180 1994 2339 2050 πεταί
2370 2016 2453 2049 σοι
2489 1995 2621 2069 ὑπὲρ
2683 1997 2909 2048 σεαυτοῦ
2966 1991 3167 2069 λέγειν,
3202 1991 3335 2047 Τότε
3367 1992 3395 2045 6
3428 1989 3643 2051 Παῦλος
3699 1991 3828 2044 ἁπε-

2182 2085 2400 2159 λογεῖτο
2441 2082 2677 2145 ἐκτείνας
2731 2083 2832 2150 τήν
2885 2086 3064 2157 χεῖρα·
3129 2080 3260 2154 Περὶ
3319 2081 3534 2135 παντων
3593 2080 3668 2133 ὧν
3738 2079 3832 2154 ἐγ-

2181 2174 2457 2238 καλοῦμαι
2488 2173 2591 2228 ὑπὸ
2622 2168 2924 2236 Ἰουδαίων,
2968 2170 3193 2247 βασιλεῦ
3252 2169 3553 2244 Ἀγρίππα,
3612 2170 3831 2244 ἥγημαι

2185 2264 2416 2337 ἐμαυτὸν
2449 2263 2740 2337 μακάριον,
2777 2259 2998 2334 μέλλων
3029 2259 3416 2336 ἀπολογεῖσθαι
3449 2257 3536 2313 ἐπὶ
3596 2261 3693 2314 σοῦ
3723 2260 3832 2328 σή-

2189 2373 2374 2428 μερον,
2407 2351 2642 2424 μάλιστα
2671 2352 2916 2427 γνώστην
2969 2347 3097 2406 ὅντα
3152 2371 3210 2405 σε
3264 2349 3476 2405 πάντων
3536 2353 3643 2403 τῶν
3701 2347 3835 2403 κατὰ

2186 2439 2481 2506 Ἰουδαίους
2503 2443 2650 2511 ἠθῶν
2679 2461 2739 2495 τε
2781 2440 2873 2495 καὶ
2933 2441 3263 2513 ζητημάτων
3321 2438 3700 2511 ἐπιστάμενος.
3759 2437 3837 2491 Δι’

2187 2529 2442 2604 δδέομαί
2500 2552 2618 2599 σου,
2682 2529 3050 2604 μακροθύμως
3109 2530 3330 2584 ἀκοῦσαί
3394 2549 3519 2602 μου.
3554 2527 3670 2595 Τὴν
3741 2527 3836 2600 μὲν

2187 2622 2280 2676 οῦν
2325 2619 2514 2696 βίωσίν
2580 2641 2684 2692 μου
2741 2620 2843 2688 τήν
2901 2618 2960 2674 ἐκ
3015 2619 3296 2688 νεότητος,
3343 2617 3442 2687 τὴν
3508 2617 3596 2671 ἀπ’
3658 2618 3838 2694 αρχῆς

2186 2709 2485 2786 γενομένην
2529 2710 2580 2764 ἐν
2614 2714 2694 2782 τῷ
2738 2703 2874 2764 ἔθνει
2935 2729 3039 2782 μου
3096 2707 3146 2763 ἐν
3205 2706 3634 2782 Ἱεροσολύμοις,
3683 2705 3834 2760 ’ἰσασι

2185 2799 2380 2862 πάντες
2413 2800 2466 2854 οἱ
2499 2796 2774 2866 Ἰουδαῖοι,
2832 2797 3302 2874 προγινώσκοντες
3363 2817 3430 2869 με
3482 2793 3702 2864 ἂνιυθεν,
3743 2794 3829 2849 ἐὰν

2185 2887 2385 2944 θέλωσι
2421 2893 2727 2964 μαρτυρεῖν,
2760 2888 2845 2944 ’ὀτι
2892 2887 3028 2943 κατᾶ
3079 2889 3179 2957 τὴν
3230 2881 3622 2960 ἀκριϐεστάτην
3679 2881 3831 2958 ατίρε-

2186 3003 2267 3036 σιν
2298 2988 2398 3050 τῆς
2443 2979 2711 3056 ἡμετέρας
2770 2974 3282 3055 Θρησκείας,’έζησα
3344 2981 3666 3053 Φαρισαῖος.
3729 2974 3828 3033 Καὶ

2184 3075 2275 3124 νῦν
2301 3068 2382 3126 ἐπ’
2442 3066 2628 3124 ἐλπίδι
2682 3075 2782 3138 τῆς
2838 3068 2974 3143 πρὸς
3029 3065 3156 3129 τοὺς
3216 3062 3448 3142 πατέρας
3510 3063 3831 3141 ἐπαγγελίας

2184 3161 2482 3237 γενομένης
2518 3161 2620 3216 ὑπὸ
2649 3164 2746 3215 τοῦ
2776 3164 2932 3229 Θεοῦ,
2963 3154 3162 3228 ἕστηκα
3189 3157 3512 3235 κρινόμενος
3556 3155 3633 3219 εἷς
3673 3155 3739 3225 ἢν
3766 3153 3828 3208 τὸ

2187 3247 2569 3328 δωδεκάφυλον
2628 3252 2786 3322 ἡμῶν
2847 3248 2898 3304 ἐν
2968 3246 3200 3320 ἐκτενείᾳ
3256 3247 3420 3302 νύκτα
3473 3245 3565 3301 καὶ
3623 3243 3831 3320 ἡμέραν

2180 3339 2439 3415 λατρεῦον
2526 3337 2737 3409 ἐλπίζει
2834 3345 3186 3407 καταντῆσαι·
3268 3335 3392 3410 περὶ
3479 3337 3548 3406 ἧς
3605 3330 3829 3396 ἐλπίδος

2178 3427 2534 3504 ἐγκαλοῦμαι,
2571 3426 2797 3504 βασιλεῦ
2855 3428 3156 3504 Ἀγρίππα,
3218 3427 3321 3482 ὑπὸ
3361 3431 3470 3482 τῶν
3531 3422 3828 3481 Ἰουδαίων.

2177 3518 2242 3572 Τί
2277 3537 2289 3585 ;
2321 3517 2546 3573 ἄπιστον
2592 3517 2832 3592 κρίνεται
2893 3517 3021 3592 παρ’
3079 3516 3230 3591 ὑμῖν,
3267 3515 3316 3570 εἴ
3357 3515 3385 3570 6
3445 3514 3577 3578 Θεὸς
3607 3513 3830 3588 νεκροὺς

2179 3604 2419 3681 ἐγείρει;
2465 3607 2608 3680 Ἐγὼ
2643 3607 2737 3679 μὲν
2792 3607 2884 3661 οὗν
2940 3604 3102 3680 ἔδοξα
3133 3605 3354 3679 ἐμαυτῷ
3392 3605 3527 3681 πρὸς
3585 3605 3646 3660 τὸ
3704 3598 3830 3658 ὅνο-

2184 3716 2259 3768 μα
2289 3697 2471 3764 Ἰησοῦ
2502 3700 2599 3750 τοῦ
2645 3695 2970 3766 Ναζωραίου
3027 3693 3135 3750 δεῖν
3195 3694 3380 3752 πολλὰ
3438 3693 3649 3749 ἐναντία
3692 3698 3829 3767 πρᾶ-

2177 3784 2282 3852 ξαι,
2317 3782 2347 3837 6'
2399 3783 2490 3838 καὶ
2546 3783 2781 3854 ἐποίησα
2841 3782 2892 3838 ἐν
2952 3781 3386 3858 Ἱεροσολύμοις.
3447 3782 3547 3840 Καὶ
3578 3779 3828 3842 πολλοὺς

2175 3877 2283 3927 τῶν
2318 3871 2479 3947 ἁγίων
2510 3870 2614 3948 ἐγὼ
2654 3870 2922 3949 φυλακαῖς
2979 3872 3317 3930 κατέκλεισα.
3367 3873 3464 3941 τήν
3527 3872 3674 3947 παρὰ
3719 3875 3828 3926 τῶν

2178 3962 2477 4036 ἀρχιερέων
2508 3960 2751 4031 ἐξουσίαν
2780 3956 2987 4017 λαϐών.
3025 3962 3455 4037 ’Δναιρουμένων
3514 3982 3573 4016 τε
3627 3961 3825 4031 αὐτῶν,

2177 4052 2486 4124 κατήνεγκα
2513 4053 2717 4127 ψῆφον.
2779 4051 2882 4108 Καὶ
2939 4053 3076 4107 κατὰ
3134 4053 3302 4115 πάσας
3357 4051 3451 4114 τὰς
3509 4051 3828 4126 συναγωγάς

2176 4139 2450 4204 πολλάκις
2483 4146 2744 4217 τιμωρῶν
2792 4142 3014 4212 αὐτοὺς,
3091 4143 3396 4216 ἠνάγκαζον
3457 4141 3828 4218 βλασφημεῖν·

2175 4239 2446 4310 περισσῶς
2478 4257 2537 4291 τε
2567 4235 2970 4310 ἐμμαινόμενος
3003 4236 3208 4303 αὐτοῖς,
3242 4232 3468 4290 ἐδίωκον
3497 4231 3601 4298 ἕως
3631 4233 3723 4290 καὶ
3755 4231 3831 4296 είς

2177 4325 2272 4387 τὰς
2299 4320 2401 4396 ἔξω
2433 4324 2644 4390 πόλεις.
2685 4350 2711 4378 ››

2257 4620 2285 4648 ιι
2319 4595 2388 4652 Τί
2425 4614 2437 4663 ;
2471 4597 2694 4651 ἄπιστον
2718 4595 2954 4666 κρίνεται
3025 4597 3150 4670 παρ’
3210 4595 3362 4668 ὑμῖν,
3395 4594 3439 4650 εί
3473 4597 3501 4650 6
3559 4596 3688 4657 Θεὸς
3740 4615 3827 4650 νε-

2180 4685 2345 4761 κροὺς
2379 4683 2576 4760 ἐγείρει
2612 4704 2625 4754 ;
2669 4685 2834 4740 »Δύο
2889 4685 3075 4756 τίθησι
3132 4685 3258 4759 περὶ
3317 4686 3657 4748 ἀναστάσεως
3679 4684 3829 4762 λογι-

2182 4774 2374 4847 σμοὸς,
2407 4770 2498 4829 ἕνα
2530 4774 2624 4847 μὲν
2655 4773 2746 4828 τὸν
2774 4773 2880 4829 ἀπὸ
2914 4778 3021 4829 τῶν
3074 4779 3391 4852 προφητῶν·
3424 4776 3512 4830 καὶ
3575 4774 3636 4830 οὐ
3696 4795 3828 4850 παρ-

2180 4865 2294 4938 άγει
2327 4865 2635 4942 προφήτην,
2667 4861 2795 4918 ἀλλ’
2825 4861 2994 4934 αὐτὴν
3047 4868 3154 4919 τῶν
3215 4860 3488 4920 Ἰουδαίων
3516 4866 3615 4934 τήν
3647 4862 3823 4934 δόξαν·

2181 4950 2351 5008 ἃλλον
2374 4949 2431 5006 δὲ
2460 4953 2549 5008 τὸν
2580 4951 2959 5028 ἰσχυρότερον,
3012 4954 3103 5008 τὸν
3163 4952 3270 5008 ἀπὸ
3327 4954 3682 5028 πραγμάτων,
3743 4956 3828 5010 ὅτι

2180 5040 2442 5122 διελέχθη
2479 5042 2624 5115 αὐτῷ
2675 5044 2702 5098 6
2760 5043 2992 5118 Χριστὸς
3053 5042 3283 5106 ἀναστὰς
3333 5043 3392 5100 ἐκ
3448 5049 3673 5120 νεκρῶν.
3725 5043 3828 5103 Καὶ

2175 5132 2561 5202 κατασκευάζει
2601 5131 2691 5187 καὶ
2723 5135 2915 5187 τοῦτον
2967 5131 3071 5188 ἀπὸ
3104 5130 3415 5210 λογισμῶν,
3473 5134 3573 5202 τήν
3631 5131 3828 5208 προτὲο

2179 5243 2272 5298 ραν
2324 5223 2490 5277 αὐτοῦ
2542 5220 2729 5294 μανίαν
2790 5218 3183 5299 διηγούμενος.
3249 5228 3473 5298 Πρῶτος
3533 5221 3825 5299 λογισμός·

2178 5336 2204 5364 (ι
2234 5311 2323 5380 Τί,
2356 5308 2582 5367 ἄπιστον
2613 5309 2657 5366 εί
2692 5311 2720 5365 6
2749 5311 2880 5374 Θεὸς
2909 5312 3129 5384 νεκροὺς
3164 5311 3359 5387 ἐγείρει
3406 5332 3418 5382 ;
3451 5336 3478 5364 ››
3511 5312 3600 5368 καὶ
3632 5310 3826 5374 ἄλλος·

2175 5400 2266 5469 Μὴ
2299 5400 2522 5470 τοιαύτη
2557 5397 2684 5470 δόξα
2740 5399 2830 5468 ἦν,
2891 5397 3002 5476 εἶ’γε
3059 5401 3136 5472 μὴ
3171 5401 3637 5476 ἀνατεθραμμένοι
3692 5402 3828 5471 ἦσαν

2176 5488 2230 5544 ἐν
2261 5490 2476 5552 τούτοις
2504 5495 2624 5552 τοῖς
2658 5486 2890 5563 δόγμασι
2923 5507 2936 5557 ;
2969 5490 3069 5546 "0v
3101 5484 3159 5543 δὲ
3180 5489 3511 5568 εἰσεφέρετο,
3541 5492 3623 5555 τίς
3646 5491 3744 5548 οὐκ
3765 5489 3825 5548 ἄν

2176 5575 2388 5649 ἐδέξατο
2443 5580 2535 5635 τὸν
2589 5577 2753 5654 λόγον
2813 5597 2830 5649 ;
2883 5578 3040 5653 Ὑπὲρ
3126 5584 3226 5650 τῆς
3287 5581 3543 5657 αἱρέσεως
3597 5583 3822 5657 ταύτης,

2176 5669 2364 5749 φησίν,
2394 5668 2752 5755 ἐγκαλοῦμαι·
2798 5669 2889 5726 καὶ
2948 5667 3084 5742 αὕτη
3116 5676 3240 5747 παρ’
3295 5671 3480 5737 αὐτοῖς
3527 5669 3822 5753 πρεσϐεύε-
