  <div class='ocr_page' id='page_1' title='image "/cluster/home/n/w/nwhite01/storage/ocr_20150623/118/hvd.32044073502247/150.png"; bbox 0 0 4176 6200; ppageno 0'>
   <div class='ocr_carea' id='block_1_1' title="bbox 1482 382 2639 448">
    <p class='ocr_par' dir='ltr' id='par_1_1' title="bbox 1482 382 2639 448">
     <span class='ocr_line' id='line_1_1' title="bbox 1482 382 2639 448; baseline -0.003 0"><span class='ocrx_word' id='word_1_1' title='bbox 1482 385 1892 448; x_wconf 76' lang='lat' dir='ltr'><strong>(ECUMENII</strong></span> <span class='ocrx_word' id='word_1_2' title='bbox 1930 384 2243 447; x_wconf 64' lang='lat' dir='ltr'><strong>TRICCA!</strong></span> <span class='ocrx_word' id='word_1_3' title='bbox 2286 382 2639 444; x_wconf 85' lang='lat' dir='ltr'><strong>EPISCOPI</strong></span> 
     </span>
    </p>
   </div>
   <div class='ocr_carea' id='block_1_2' title="bbox 3652 382 3771 447">
    <p class='ocr_par' dir='ltr' id='par_1_2' title="bbox 3652 382 3771 447">
     <span class='ocr_line' id='line_1_2' title="bbox 3652 382 3771 447; baseline 0 0"><span class='ocrx_word' id='word_1_4' title='bbox 3652 382 3771 447; x_wconf 74' lang='lat'><strong>290</strong></span> 
     </span>
    </p>
   </div>
   <div class='ocr_carea' id='block_1_3' title="bbox 359 518 2020 602">
    <p class='ocr_par' dir='ltr' id='par_1_3' title="bbox 359 520 2009 602">
     <span class='ocr_line' id='line_1_3' title="bbox 359 520 2009 602; baseline -0.008 -13"><span class='ocrx_word' id='word_1_5' title='bbox 359 551 470 590; x_wconf 87' lang='grc' dir='ltr'>ται.</span> <span class='ocrx_word' id='word_1_6' title='bbox 498 529 598 586; x_wconf 80' lang='grc' dir='ltr'>Διά</span> <span class='ocrx_word' id='word_1_7' title='bbox 635 526 837 599; x_wconf 69' lang='grc' dir='ltr'>ταύτην</span> <span class='ocrx_word' id='word_1_8' title='bbox 893 525 1171 602; x_wconf 77' lang='grc' dir='ltr'>εὔχονται,</span> <span class='ocrx_word' id='word_1_9' title='bbox 1228 520 1317 579; x_wconf 81' lang='grc' dir='ltr'><strong>διὰ</strong></span> <span class='ocrx_word' id='word_1_10' title='bbox 1377 520 1577 592; x_wconf 82' lang='grc' dir='ltr'>ταύτην</span> <span class='ocrx_word' id='word_1_11' title='bbox 1637 520 2009 595; x_wconf 67' lang='grc' dir='ltr'><strong>λατρεύουσιν,</strong></span> 
     </span>
    </p>
   </div>
   <div class='ocr_carea' id='block_1_4' title="bbox 2136 518 3771 602">
    <p class='ocr_par' dir='ltr' id='par_1_4' title="bbox 2136 518 3771 592">
     <span class='ocr_line' id='line_1_4' title="bbox 2136 518 3771 592; baseline 0.003 -16"><span class='ocrx_word' id='word_1_12' title='bbox 2136 535 2319 577; x_wconf 82' lang='lat' dir='ltr'><strong>:usor:</strong></span> <span class='ocrx_word' id='word_1_13' title='bbox 2337 535 2467 575; x_wconf 92' lang='lat' dir='ltr'><strong>cum</strong></span> <span class='ocrx_word' id='word_1_14' title='bbox 2483 518 2639 592; x_wconf 88' lang='lat' dir='ltr'><strong>apud</strong></span> <span class='ocrx_word' id='word_1_15' title='bbox 2653 535 2751 575; x_wconf 94' lang='lat' dir='ltr'><strong>eos</strong></span> <span class='ocrx_word' id='word_1_16' title='bbox 2766 519 2913 575; x_wconf 86' lang='lat' dir='ltr'>nihil</span> <span class='ocrx_word' id='word_1_17' title='bbox 2930 519 3041 575; x_wconf 89' lang='lat' dir='ltr'><strong>hac</strong></span> <span class='ocrx_word' id='word_1_18' title='bbox 3060 519 3341 592; x_wconf 84' lang='lat' dir='ltr'><strong>Opinione</strong></span> <span class='ocrx_word' id='word_1_19' title='bbox 3354 521 3656 592; x_wconf 81' lang='lat' dir='ltr'><strong>antiquius</strong></span> <span class='ocrx_word' id='word_1_20' title='bbox 3669 522 3771 582; x_wconf 83' lang='lat' dir='ltr'><strong>ha-</strong></span> 
     </span>
    </p>
   </div>
   <div class='ocr_carea' id='block_1_5' title="bbox 354 610 1841 694">
    <p class='ocr_par' dir='ltr' id='par_1_5' title="bbox 354 610 1841 694">
     <span class='ocr_line' id='line_1_5' title="bbox 354 610 1841 694; baseline -0.008 -16"><span class='ocrx_word' id='word_1_21' title='bbox 354 620 448 678; x_wconf 72' lang='lat' dir='ltr'><strong>‘lva</strong></span> <span class='ocrx_word' id='word_1_22' title='bbox 472 620 674 691; x_wconf 71' lang='grc' dir='ltr'>ταύτην</span> <span class='ocrx_word' id='word_1_23' title='bbox 705 617 940 694; x_wconf 76' lang='grc' dir='ltr'>τύχωσι.</span> <span class='ocrx_word' id='word_1_24' title='bbox 968 614 1066 672; x_wconf 84' lang='grc' dir='ltr'><strong>Καὶ</strong></span> <span class='ocrx_word' id='word_1_25' title='bbox 1093 614 1294 685; x_wconf 76' lang='grc' dir='ltr'>ταύτην</span> <span class='ocrx_word' id='word_1_26' title='bbox 1318 611 1427 689; x_wconf 73' lang='grc' dir='ltr'>ἐγὼ</span> <span class='ocrx_word' id='word_1_27' title='bbox 1457 610 1841 689; x_wconf 69' lang='grc' dir='ltr'><strong>καταγγέλλω·</strong></span> 
     </span>
    </p>
   </div>
   <div class='ocr_carea' id='block_1_6' title="bbox 437 789 2014 871">
    <p class='ocr_par' dir='ltr' id='par_1_6' title="bbox 437 789 2014 871">
     <span class='ocr_line' id='line_1_6' title="bbox 437 789 2014 871; baseline -0.006 -18"><span class='ocrx_word' id='word_1_28' title='bbox 437 825 466 853; x_wconf 76' lang='grc' dir='ltr'><strong>κ</strong></span> <span class='ocrx_word' id='word_1_29' title='bbox 497 801 584 857; x_wconf 86' lang='grc' dir='ltr'>Ἐν</span> <span class='ocrx_word' id='word_1_30' title='bbox 616 798 700 860; x_wconf 81' lang='grc' dir='ltr'>οἶς</span> <span class='ocrx_word' id='word_1_31' title='bbox 731 796 820 852; x_wconf 84' lang='grc' dir='ltr'><strong>καὶ</strong></span> <span class='ocrx_word' id='word_1_32' title='bbox 870 794 1237 871; x_wconf 87' lang='grc' dir='ltr'>πορευόμενος</span> <span class='ocrx_word' id='word_1_33' title='bbox 1269 791 1346 855; x_wconf 80' lang='grc' dir='ltr'>εἷς</span> <span class='ocrx_word' id='word_1_34' title='bbox 1403 791 1500 860; x_wconf 76' lang='grc' dir='ltr'>τήν</span> <span class='ocrx_word' id='word_1_35' title='bbox 1550 791 1835 864; x_wconf 86' lang='grc' dir='ltr'>Δαμασκὸν</span> <span class='ocrx_word' id='word_1_36' title='bbox 1898 789 2014 864; x_wconf 85' lang='grc' dir='ltr'>μετ’</span> 
     </span>
    </p>
   </div>
   <div class='ocr_carea' id='block_1_7' title="bbox 366 881 2010 963">
    <p class='ocr_par' dir='ltr' id='par_1_7' title="bbox 366 881 2010 963">
     <span class='ocr_line' id='line_1_7' title="bbox 366 881 2010 963; baseline -0.006 -16"><span class='ocrx_word' id='word_1_37' title='bbox 366 889 611 963; x_wconf 73' lang='grc' dir='ltr'>ἰξουσίας</span> <span class='ocrx_word' id='word_1_38' title='bbox 655 886 745 943; x_wconf 80' lang='grc' dir='ltr'><strong>καὶ</strong></span> <span class='ocrx_word' id='word_1_39' title='bbox 803 884 1105 961; x_wconf 73' lang='grc' dir='ltr'><strong>ἐπιτροπῆς</strong></span> <span class='ocrx_word' id='word_1_40' title='bbox 1157 890 1259 953; x_wconf 88' lang='grc' dir='ltr'><strong>τῆς</strong></span> <span class='ocrx_word' id='word_1_41' title='bbox 1324 881 1472 957; x_wconf 87' lang='grc' dir='ltr'><strong>παρά</strong></span> <span class='ocrx_word' id='word_1_42' title='bbox 1526 885 1634 936; x_wconf 91' lang='grc' dir='ltr'><strong>τῶν</strong></span> <span class='ocrx_word' id='word_1_43' title='bbox 1686 881 2010 958; x_wconf 85' lang='grc' dir='ltr'>ἀρχιερέων,</span> 
     </span>
    </p>
   </div>
   <div class='ocr_carea' id='block_1_8' title="bbox 362 969 2014 1057">
    <p class='ocr_par' dir='ltr' id='par_1_8' title="bbox 362 969 2014 1057">
     <span class='ocr_line' id='line_1_8' title="bbox 362 969 2014 1057; baseline -0.005 -21"><span class='ocrx_word' id='word_1_44' title='bbox 362 981 575 1057; x_wconf 72' lang='grc' dir='ltr'>ἡμέρας</span> <span class='ocrx_word' id='word_1_45' title='bbox 609 974 797 1051; x_wconf 75' lang='grc' dir='ltr'>μέσης,</span> <span class='ocrx_word' id='word_1_46' title='bbox 849 973 1096 1052; x_wconf 75' lang='grc' dir='ltr'>βασιλεῦ,</span> <span class='ocrx_word' id='word_1_47' title='bbox 1148 972 1284 1028; x_wconf 85' lang='grc' dir='ltr'><strong>κατά</strong></span> <span class='ocrx_word' id='word_1_48' title='bbox 1311 974 1410 1042; x_wconf 78' lang='grc' dir='ltr'><strong>τῆν</strong></span> <span class='ocrx_word' id='word_1_49' title='bbox 1467 969 1591 1028; x_wconf 83' lang='grc' dir='ltr'>ὁδὸν</span> <span class='ocrx_word' id='word_1_50' title='bbox 1650 969 1791 1027; x_wconf 72' lang='grc' dir='ltr'>εἶδον</span> <span class='ocrx_word' id='word_1_51' title='bbox 1849 973 2014 1046; x_wconf 83' lang='grc' dir='ltr'>οὐρα-</span> 
     </span>
    </p>
   </div>
   <div class='ocr_carea' id='block_1_9' title="bbox 364 1059 2011 1142">
    <p class='ocr_par' dir='ltr' id='par_1_9' title="bbox 364 1059 2011 1142">
     <span class='ocr_line' id='line_1_9' title="bbox 364 1059 2011 1142; baseline -0.007 -16"><span class='ocrx_word' id='word_1_52' title='bbox 364 1071 537 1142; x_wconf 84' lang='grc' dir='ltr'>νόθεν,</span> <span class='ocrx_word' id='word_1_53' title='bbox 594 1068 728 1142; x_wconf 83' lang='grc' dir='ltr'>ὑπὶρ</span> <span class='ocrx_word' id='word_1_54' title='bbox 785 1067 884 1135; x_wconf 78' lang='grc' dir='ltr'><strong>τήν</strong></span> <span class='ocrx_word' id='word_1_55' title='bbox 939 1062 1306 1139; x_wconf 81' lang='grc' dir='ltr'><strong>λαμπρότητα</strong></span> <span class='ocrx_word' id='word_1_56' title='bbox 1362 1065 1457 1117; x_wconf 78' lang='grc' dir='ltr'><strong>τοῦ</strong></span> <span class='ocrx_word' id='word_1_57' title='bbox 1513 1059 1679 1131; x_wconf 77' lang='grc' dir='ltr'>ἡλίου</span> <span class='ocrx_word' id='word_1_58' title='bbox 1734 1059 2011 1137; x_wconf 73' lang='grc' dir='ltr'>περιλᾶμο</span> 
     </span>
    </p>
   </div>
   <div class='ocr_carea' id='block_1_10' title="bbox 367 1148 2010 1236">
    <p class='ocr_par' dir='ltr' id='par_1_10' title="bbox 367 1148 2010 1236">
     <span class='ocr_line' id='line_1_10' title="bbox 367 1148 2010 1236; baseline -0.005 -21"><span class='ocrx_word' id='word_1_59' title='bbox 367 1164 471 1236; x_wconf 82' lang='grc' dir='ltr'><strong>ψαν</strong></span> <span class='ocrx_word' id='word_1_60' title='bbox 535 1179 603 1231; x_wconf 89' lang='grc' dir='ltr'><strong>με</strong></span> <span class='ocrx_word' id='word_1_61' title='bbox 658 1161 796 1235; x_wconf 71' lang='grc' dir='ltr'>φῶς,</span> <span class='ocrx_word' id='word_1_62' title='bbox 850 1155 936 1209; x_wconf 82' lang='grc' dir='ltr'><strong>καὶ</strong></span> <span class='ocrx_word' id='word_1_63' title='bbox 990 1154 1116 1215; x_wconf 73' lang='grc' dir='ltr'>τοὺς</span> <span class='ocrx_word' id='word_1_64' title='bbox 1202 1152 1295 1208; x_wconf 78' lang='grc' dir='ltr'><strong>σὺν</strong></span> <span class='ocrx_word' id='word_1_65' title='bbox 1375 1150 1504 1224; x_wconf 75' lang='grc' dir='ltr'>ἐμοὶ</span> <span class='ocrx_word' id='word_1_66' title='bbox 1589 1148 2010 1228; x_wconf 86' lang='grc' dir='ltr'>πορευομένους.</span> 
     </span>
    </p>
   </div>
   <div class='ocr_carea' id='block_1_11' title="bbox 364 1239 2013 1316">
    <p class='ocr_par' dir='ltr' id='par_1_11' title="bbox 364 1239 2013 1316">
     <span class='ocr_line' id='line_1_11' title="bbox 364 1239 2013 1316; baseline -0.007 -10"><span class='ocrx_word' id='word_1_67' title='bbox 364 1250 591 1306; x_wconf 77' lang='grc' dir='ltr'><strong>Πάντων</strong></span> <span class='ocrx_word' id='word_1_68' title='bbox 624 1243 682 1301; x_wconf 64' lang='grc' dir='ltr'>δέ</span> <span class='ocrx_word' id='word_1_69' title='bbox 738 1243 1146 1300; x_wconf 72' lang='grc' dir='ltr'><strong>καταπεσόντων</strong></span> <span class='ocrx_word' id='word_1_70' title='bbox 1204 1245 1367 1316; x_wconf 78' lang='grc' dir='ltr'>ἡμῶν</span> <span class='ocrx_word' id='word_1_71' title='bbox 1402 1240 1480 1303; x_wconf 64' lang='grc' dir='ltr'>εἷς</span> <span class='ocrx_word' id='word_1_72' title='bbox 1509 1242 1609 1311; x_wconf 79' lang='grc' dir='ltr'>τήν</span> <span class='ocrx_word' id='word_1_73' title='bbox 1663 1240 1788 1316; x_wconf 81' lang='grc' dir='ltr'>γῆν,</span> <span class='ocrx_word' id='word_1_74' title='bbox 1841 1239 2013 1311; x_wconf 74' lang='grc' dir='ltr'>ἤκου-</span> 
     </span>
    </p>
   </div>
   <div class='ocr_carea' id='block_1_12' title="bbox 366 1326 2008 1411">
    <p class='ocr_par' dir='ltr' id='par_1_12' title="bbox 366 1326 2008 1411">
     <span class='ocr_line' id='line_1_12' title="bbox 366 1326 2008 1411; baseline -0.007 -17"><span class='ocrx_word' id='word_1_75' title='bbox 366 1360 432 1394; x_wconf 90' lang='grc' dir='ltr'><strong>σα</strong></span> <span class='ocrx_word' id='word_1_76' title='bbox 490 1338 681 1411; x_wconf 75' lang='grc' dir='ltr'>φωνὴν</span> <span class='ocrx_word' id='word_1_77' title='bbox 761 1332 1036 1389; x_wconf 72' lang='grc' dir='ltr'>λαλοῦσαν</span> <span class='ocrx_word' id='word_1_78' title='bbox 1119 1331 1254 1405; x_wconf 87' lang='grc' dir='ltr'>πρός</span> <span class='ocrx_word' id='word_1_79' title='bbox 1323 1351 1411 1404; x_wconf 81' lang='grc' dir='ltr'><strong>με,</strong></span> <span class='ocrx_word' id='word_1_80' title='bbox 1469 1331 1558 1385; x_wconf 77' lang='grc' dir='ltr'><strong>καῖ</strong></span> <span class='ocrx_word' id='word_1_81' title='bbox 1619 1326 1885 1404; x_wconf 81' lang='grc' dir='ltr'>λέγουσαν</span> <span class='ocrx_word' id='word_1_82' title='bbox 1941 1332 2008 1404; x_wconf 80' lang='grc' dir='ltr'>τῇ</span> 
     </span>
    </p>
   </div>
   <div class='ocr_carea' id='block_1_13' title="bbox 367 1416 2010 1501">
    <p class='ocr_par' dir='ltr' id='par_1_13' title="bbox 367 1416 2010 1501">
     <span class='ocr_line' id='line_1_13' title="bbox 367 1416 2010 1501; baseline -0.009 -16"><span class='ocrx_word' id='word_1_83' title='bbox 367 1422 661 1501; x_wconf 70' lang='grc' dir='ltr'>Ἐμϐραὶδι</span> <span class='ocrx_word' id='word_1_84' title='bbox 693 1420 983 1495; x_wconf 79' lang='grc' dir='ltr'>διαλέκτῳ·</span> <span class='ocrx_word' id='word_1_85' title='bbox 1021 1418 1227 1490; x_wconf 68' lang='grc' dir='ltr'>Σαοὺλ,</span> <span class='ocrx_word' id='word_1_86' title='bbox 1271 1419 1475 1491; x_wconf 80' lang='grc' dir='ltr'>Σαοὺλ,</span> <span class='ocrx_word' id='word_1_87' title='bbox 1507 1418 1559 1473; x_wconf 77' lang='grc' dir='ltr'>τί</span> <span class='ocrx_word' id='word_1_88' title='bbox 1620 1441 1686 1493; x_wconf 91' lang='grc' dir='ltr'><strong>με</strong></span> <span class='ocrx_word' id='word_1_89' title='bbox 1744 1416 1960 1483; x_wconf 82' lang='grc' dir='ltr'>διώκεις</span> <span class='ocrx_word' id='word_1_90' title='bbox 1996 1440 2010 1488; x_wconf 89' lang='lat'><strong>;</strong></span> 
     </span>
    </p>
   </div>
   <div class='ocr_carea' id='block_1_14' title="bbox 364 1507 2010 1591">
    <p class='ocr_par' dir='ltr' id='par_1_14' title="bbox 364 1507 2010 1591">
     <span class='ocr_line' id='line_1_14' title="bbox 364 1507 2010 1591; baseline -0.013 -15"><span class='ocrx_word' id='word_1_91' title='bbox 364 1517 607 1591; x_wconf 85' lang='grc' dir='ltr'>σκληρόν</span> <span class='ocrx_word' id='word_1_92' title='bbox 667 1535 752 1570; x_wconf 88' lang='grc' dir='ltr'><strong>σοι</strong></span> <span class='ocrx_word' id='word_1_93' title='bbox 809 1514 947 1589; x_wconf 89' lang='grc' dir='ltr'>πρὸς</span> <span class='ocrx_word' id='word_1_94' title='bbox 1006 1513 1201 1586; x_wconf 86' lang='grc' dir='ltr'>κέντρα</span> <span class='ocrx_word' id='word_1_95' title='bbox 1271 1509 1564 1579; x_wconf 80' lang='grc' dir='ltr'>λακτίζειν,</span> <span class='ocrx_word' id='word_1_96' title='bbox 1629 1511 1767 1587; x_wconf 84' lang='grc' dir='ltr'><strong>Ἐγὼ</strong></span> <span class='ocrx_word' id='word_1_97' title='bbox 1828 1507 1884 1566; x_wconf 71' lang='grc' dir='ltr'><strong>δὲ</strong></span> <span class='ocrx_word' id='word_1_98' title='bbox 1934 1510 2010 1565; x_wconf 75' lang='grc' dir='ltr'>εἴ-</span> 
     </span>
    </p>
   </div>
   <div class='ocr_carea' id='block_1_15' title="bbox 362 1597 2013 1678">
    <p class='ocr_par' dir='ltr' id='par_1_15' title="bbox 362 1597 2013 1678">
     <span class='ocr_line' id='line_1_15' title="bbox 362 1597 2013 1678; baseline -0.007 -14"><span class='ocrx_word' id='word_1_99' title='bbox 362 1626 484 1664; x_wconf 86' lang='grc' dir='ltr'>πον·</span> <span class='ocrx_word' id='word_1_100' title='bbox 509 1604 605 1667; x_wconf 77' lang='grc' dir='ltr'><strong>Τίς</strong></span> <span class='ocrx_word' id='word_1_101' title='bbox 636 1607 705 1673; x_wconf 88' lang='grc' dir='ltr'><strong>εἷ,</strong></span> <span class='ocrx_word' id='word_1_102' title='bbox 737 1602 900 1678; x_wconf 77' lang='grc' dir='ltr'>Κύριέ</span> <span class='ocrx_word' id='word_1_103' title='bbox 931 1622 946 1671; x_wconf 89' lang='lat'><strong>;</strong></span> <span class='ocrx_word' id='word_1_104' title='bbox 982 1602 1043 1659; x_wconf 75' lang='grc' dir='ltr'><strong>Ὀ</strong></span> <span class='ocrx_word' id='word_1_105' title='bbox 1103 1598 1159 1655; x_wconf 77' lang='grc' dir='ltr'><strong>δὶ</strong></span> <span class='ocrx_word' id='word_1_106' title='bbox 1213 1601 1376 1655; x_wconf 71' lang='grc' dir='ltr'>εἶπεν·</span> <span class='ocrx_word' id='word_1_107' title='bbox 1429 1600 1575 1675; x_wconf 80' lang='grc' dir='ltr'>Ἐγώ</span> <span class='ocrx_word' id='word_1_108' title='bbox 1631 1600 1746 1672; x_wconf 81' lang='grc' dir='ltr'>εἰμι</span> <span class='ocrx_word' id='word_1_109' title='bbox 1805 1597 2013 1671; x_wconf 78' lang='grc' dir='ltr'>’[ησοῦς</span> 
     </span>
    </p>
   </div>
   <div class='ocr_carea' id='block_1_16' title="bbox 362 1688 2012 1761">
    <p class='ocr_par' dir='ltr' id='par_1_16' title="bbox 362 1688 2012 1761">
     <span class='ocr_line' id='line_1_16' title="bbox 362 1688 2012 1761; baseline -0.006 -7"><span class='ocrx_word' id='word_1_110' title='bbox 362 1699 423 1754; x_wconf 84' lang='grc' dir='ltr'>’ὸν</span> <span class='ocrx_word' id='word_1_111' title='bbox 455 1696 518 1752; x_wconf 71' lang='grc' dir='ltr'><strong>σὺ</strong></span> <span class='ocrx_word' id='word_1_112' title='bbox 551 1693 789 1757; x_wconf 78' lang='grc' dir='ltr'><strong>διώκεις.</strong></span> <span class='ocrx_word' id='word_1_113' title='bbox 815 1690 993 1749; x_wconf 84' lang='grc' dir='ltr'><strong>Ἀλλά</strong></span> <span class='ocrx_word' id='word_1_114' title='bbox 1021 1692 1305 1761; x_wconf 71' lang='grc' dir='ltr'>ἀνάστηθι,</span> <span class='ocrx_word' id='word_1_115' title='bbox 1345 1691 1435 1745; x_wconf 87' lang='grc' dir='ltr'><strong>καὶ</strong></span> <span class='ocrx_word' id='word_1_116' title='bbox 1458 1697 1617 1760; x_wconf 81' lang='grc' dir='ltr'>στῆθι</span> <span class='ocrx_word' id='word_1_117' title='bbox 1646 1688 1734 1744; x_wconf 85' lang='grc' dir='ltr'><strong>ἐπὶ</strong></span> <span class='ocrx_word' id='word_1_118' title='bbox 1763 1689 1889 1753; x_wconf 74' lang='grc' dir='ltr'>τοὺς</span> <span class='ocrx_word' id='word_1_119' title='bbox 1918 1690 2012 1745; x_wconf 89' lang='grc' dir='ltr'>πό-</span> 
     </span>
    </p>
   </div>
   <div class='ocr_carea' id='block_1_17' title="bbox 365 1775 2012 1860">
    <p class='ocr_par' dir='ltr' id='par_1_17' title="bbox 365 1775 2012 1860">
     <span class='ocr_line' id='line_1_17' title="bbox 365 1775 2012 1860; baseline -0.005 -17"><span class='ocrx_word' id='word_1_120' title='bbox 365 1785 461 1849; x_wconf 82' lang='grc' dir='ltr'>δας</span> <span class='ocrx_word' id='word_1_121' title='bbox 484 1808 600 1844; x_wconf 91' lang='grc' dir='ltr'>σου.</span> <span class='ocrx_word' id='word_1_122' title='bbox 663 1784 756 1848; x_wconf 77' lang='grc' dir='ltr'><strong>Εἰς</strong></span> <span class='ocrx_word' id='word_1_123' title='bbox 803 1786 966 1838; x_wconf 80' lang='grc' dir='ltr'>τοῦτο</span> <span class='ocrx_word' id='word_1_124' title='bbox 1010 1780 1115 1857; x_wconf 73' lang='grc' dir='ltr'>γὰρ</span> <span class='ocrx_word' id='word_1_125' title='bbox 1172 1775 1360 1860; x_wconf 71' lang='grc' dir='ltr'>ὤφθην</span> <span class='ocrx_word' id='word_1_126' title='bbox 1413 1800 1501 1835; x_wconf 91' lang='grc' dir='ltr'><strong>σοι</strong></span> <span class='ocrx_word' id='word_1_127' title='bbox 1556 1778 2012 1856; x_wconf 76' lang='grc' dir='ltr'>προχειρίσασθαί</span> 
     </span>
    </p>
   </div>
   <div class='ocr_carea' id='block_1_18' title="bbox 367 1867 2089 1970">
    <p class='ocr_par' dir='ltr' id='par_1_18' title="bbox 367 1867 2089 1970">
     <span class='ocr_line' id='line_1_18' title="bbox 367 1867 2089 1970; baseline -0.005 -37"><span class='ocrx_word' id='word_1_128' title='bbox 367 1898 426 1934; x_wconf 85' lang='grc' dir='ltr'><strong>σε</strong></span> <span class='ocrx_word' id='word_1_129' title='bbox 459 1875 732 1947; x_wconf 77' lang='grc' dir='ltr'>ὑπηρέτην</span> <span class='ocrx_word' id='word_1_130' title='bbox 777 1874 867 1929; x_wconf 85' lang='grc' dir='ltr'><strong>καὶ</strong></span> <span class='ocrx_word' id='word_1_131' title='bbox 931 1871 1196 1948; x_wconf 77' lang='grc' dir='ltr'>μάρτυρα,</span> <span class='ocrx_word' id='word_1_132' title='bbox 1250 1871 1324 1925; x_wconf 82' lang='grc' dir='ltr'>ὧν</span> <span class='ocrx_word' id='word_1_133' title='bbox 1377 1891 1436 1926; x_wconf 91' lang='grc' dir='ltr'><strong>τε</strong></span> <span class='ocrx_word' id='word_1_134' title='bbox 1493 1867 1652 1940; x_wconf 78' lang='grc' dir='ltr'>εἶδες,</span> <span class='ocrx_word' id='word_1_135' title='bbox 1712 1872 1788 1926; x_wconf 83' lang='grc' dir='ltr'>ὧν</span> <span class='ocrx_word' id='word_1_136' title='bbox 1840 1892 1896 1926; x_wconf 86' lang='grc' dir='ltr'><strong>τε</strong></span> <span class='ocrx_word' id='word_1_137' title='bbox 1953 1872 2012 1926; x_wconf 87' lang='grc' dir='ltr'><strong>ὁ-</strong></span> <span class='ocrx_word' id='word_1_138' title='bbox 2043 1907 2089 1970; x_wconf 75' lang='grc' dir='ltr'>Β</span> 
     </span>
    </p>
   </div>
   <div class='ocr_carea' id='block_1_19' title="bbox 366 1958 2008 2045">
    <p class='ocr_par' dir='ltr' id='par_1_19' title="bbox 366 1958 2008 2045">
     <span class='ocr_line' id='line_1_19' title="bbox 366 1958 2008 2045; baseline -0.004 -23"><span class='ocrx_word' id='word_1_139' title='bbox 366 1965 650 2045; x_wconf 64' lang='grc' dir='ltr'>φθήσομαί</span> <span class='ocrx_word' id='word_1_140' title='bbox 683 1985 790 2034; x_wconf 90' lang='grc' dir='ltr'>σοι,</span> <span class='ocrx_word' id='word_1_141' title='bbox 822 1961 1197 2039; x_wconf 74' lang='grc' dir='ltr'>έξαιρουμενὸς</span> <span class='ocrx_word' id='word_1_142' title='bbox 1236 1981 1293 2016; x_wconf 89' lang='grc' dir='ltr'><strong>σε</strong></span> <span class='ocrx_word' id='word_1_143' title='bbox 1356 1959 1415 2015; x_wconf 82' lang='grc' dir='ltr'>ἑκ</span> <span class='ocrx_word' id='word_1_144' title='bbox 1442 1963 1538 2014; x_wconf 83' lang='grc' dir='ltr'><strong>τοὺ</strong></span> <span class='ocrx_word' id='word_1_145' title='bbox 1570 1958 1704 2015; x_wconf 86' lang='grc' dir='ltr'>λαοῦ</span> <span class='ocrx_word' id='word_1_146' title='bbox 1762 1961 1848 2016; x_wconf 74' lang='grc' dir='ltr'><strong>καὶ</strong></span> <span class='ocrx_word' id='word_1_147' title='bbox 1900 1965 2008 2015; x_wconf 88' lang='grc' dir='ltr'><strong>τῶν</strong></span> 
     </span>
    </p>
   </div>
   <div class='ocr_carea' id='block_1_20' title="bbox 367 2047 2010 2129">
    <p class='ocr_par' dir='ltr' id='par_1_20' title="bbox 367 2047 2010 2129">
     <span class='ocr_line' id='line_1_20' title="bbox 367 2047 2010 2129; baseline -0.005 -16"><span class='ocrx_word' id='word_1_148' title='bbox 367 2056 560 2126; x_wconf 71' lang='grc' dir='ltr'>ὶθνῶν,</span> <span class='ocrx_word' id='word_1_149' title='bbox 593 2053 668 2118; x_wconf 69' lang='grc' dir='ltr'>εἷς</span> <span class='ocrx_word' id='word_1_150' title='bbox 698 2055 791 2117; x_wconf 76' lang='grc' dir='ltr'><strong>οὓς</strong></span> <span class='ocrx_word' id='word_1_151' title='bbox 823 2058 914 2109; x_wconf 81' lang='grc' dir='ltr'>νῦν</span> <span class='ocrx_word' id='word_1_152' title='bbox 944 2073 1002 2108; x_wconf 90' lang='grc' dir='ltr'><strong>σε</strong></span> <span class='ocrx_word' id='word_1_153' title='bbox 1028 2047 1375 2118; x_wconf 81' lang='grc' dir='ltr'>ἀποστέλλω,</span> <span class='ocrx_word' id='word_1_154' title='bbox 1424 2049 1628 2121; x_wconf 79' lang='grc' dir='ltr'>ἀνοῖξαι</span> <span class='ocrx_word' id='word_1_155' title='bbox 1690 2049 2010 2129; x_wconf 71' lang='grc' dir='ltr'>ὀφθαλμοὺς</span> 
     </span>
    </p>
   </div>
   <div class='ocr_carea' id='block_1_21' title="bbox 366 2138 2010 2218">
    <p class='ocr_par' dir='ltr' id='par_1_21' title="bbox 366 2138 2010 2218">
     <span class='ocr_line' id='line_1_21' title="bbox 366 2138 2010 2218; baseline -0.006 -15"><span class='ocrx_word' id='word_1_156' title='bbox 366 2146 568 2218; x_wconf 82' lang='grc' dir='ltr'>αὑτῶν,</span> <span class='ocrx_word' id='word_1_157' title='bbox 618 2147 715 2199; x_wconf 78' lang='grc' dir='ltr'><strong>τοὺ</strong></span> <span class='ocrx_word' id='word_1_158' title='bbox 761 2138 1093 2217; x_wconf 77' lang='grc' dir='ltr'>ὑποστρέψαι</span> <span class='ocrx_word' id='word_1_159' title='bbox 1145 2139 1252 2196; x_wconf 83' lang='grc' dir='ltr'><strong>ἀπὸ</strong></span> <span class='ocrx_word' id='word_1_160' title='bbox 1312 2139 1538 2201; x_wconf 81' lang='grc' dir='ltr'>σκότους</span> <span class='ocrx_word' id='word_1_161' title='bbox 1591 2138 1667 2202; x_wconf 81' lang='grc' dir='ltr'>εἴς</span> <span class='ocrx_word' id='word_1_162' title='bbox 1726 2144 1863 2216; x_wconf 78' lang='grc' dir='ltr'>φῶς.</span> <span class='ocrx_word' id='word_1_163' title='bbox 1921 2138 2010 2195; x_wconf 82' lang='grc' dir='ltr'><strong>καὶ</strong></span> 
     </span>
    </p>
   </div>
   <div class='ocr_carea' id='block_1_22' title="bbox 364 2223 2008 2306">
    <p class='ocr_par' dir='ltr' id='par_1_22' title="bbox 364 2223 2008 2306">
     <span class='ocr_line' id='line_1_22' title="bbox 364 2223 2008 2306; baseline -0.008 -13"><span class='ocrx_word' id='word_1_164' title='bbox 364 2243 466 2306; x_wconf 82' lang='grc' dir='ltr'><strong>τῆς</strong></span> <span class='ocrx_word' id='word_1_165' title='bbox 495 2233 736 2306; x_wconf 72' lang='grc' dir='ltr'>ἰξουσιας</span> <span class='ocrx_word' id='word_1_166' title='bbox 766 2235 868 2287; x_wconf 76' lang='grc' dir='ltr'>τοῦ</span> <span class='ocrx_word' id='word_1_167' title='bbox 907 2233 1116 2288; x_wconf 80' lang='grc' dir='ltr'>Σατανᾶ</span> <span class='ocrx_word' id='word_1_168' title='bbox 1162 2228 1249 2284; x_wconf 75' lang='grc' dir='ltr'><strong>ἐπὶ</strong></span> <span class='ocrx_word' id='word_1_169' title='bbox 1304 2228 1395 2283; x_wconf 72' lang='grc' dir='ltr'><strong>τὸν</strong></span> <span class='ocrx_word' id='word_1_170' title='bbox 1458 2228 1611 2297; x_wconf 84' lang='grc' dir='ltr'>Θεὸν,</span> <span class='ocrx_word' id='word_1_171' title='bbox 1668 2231 1765 2283; x_wconf 80' lang='grc' dir='ltr'>τοῦ</span> <span class='ocrx_word' id='word_1_172' title='bbox 1823 2223 2008 2283; x_wconf 75' lang='grc' dir='ltr'>λαϐεῖν</span> 
     </span>
    </p>
   </div>
   <div class='ocr_carea' id='block_1_23' title="bbox 364 2313 2013 2399">
    <p class='ocr_par' dir='ltr' id='par_1_23' title="bbox 364 2313 2013 2399">
     <span class='ocr_line' id='line_1_23' title="bbox 364 2313 2013 2399; baseline -0.005 -21"><span class='ocrx_word' id='word_1_173' title='bbox 364 2321 562 2384; x_wconf 70' lang='grc' dir='ltr'>αὑτοὺς</span> <span class='ocrx_word' id='word_1_174' title='bbox 619 2318 802 2399; x_wconf 73' lang='grc' dir='ltr'>ἄφεσιν</span> <span class='ocrx_word' id='word_1_175' title='bbox 882 2319 1161 2391; x_wconf 72' lang='grc' dir='ltr'>ἁμαρτιῶν</span> <span class='ocrx_word' id='word_1_176' title='bbox 1199 2362 1213 2384; x_wconf 88' lang='grc'><strong>,</strong></span> <span class='ocrx_word' id='word_1_177' title='bbox 1302 2314 1391 2369; x_wconf 84' lang='grc' dir='ltr'><strong>καὶ</strong></span> <span class='ocrx_word' id='word_1_178' title='bbox 1472 2313 1679 2389; x_wconf 85' lang='grc' dir='ltr'>κλῆρον</span> <span class='ocrx_word' id='word_1_179' title='bbox 1761 2313 1813 2370; x_wconf 84' lang='grc' dir='ltr'><strong>έν</strong></span> <span class='ocrx_word' id='word_1_180' title='bbox 1895 2320 2013 2377; x_wconf 83' lang='grc' dir='ltr'>τοῖς</span> 
     </span>
    </p>
   </div>
   <div class='ocr_carea' id='block_1_24' title="bbox 364 2402 1297 2488">
    <p class='ocr_par' dir='ltr' id='par_1_24' title="bbox 364 2402 1297 2488">
     <span class='ocr_line' id='line_1_24' title="bbox 364 2402 1297 2488; baseline -0.006 -21"><span class='ocrx_word' id='word_1_181' title='bbox 364 2408 728 2488; x_wconf 66' lang='grc' dir='ltr'>ἡγιασμένοις</span> <span class='ocrx_word' id='word_1_182' title='bbox 758 2407 936 2463; x_wconf 81' lang='grc' dir='ltr'>πίστει</span> <span class='ocrx_word' id='word_1_183' title='bbox 959 2409 1028 2481; x_wconf 78' lang='grc' dir='ltr'>τῇ</span> <span class='ocrx_word' id='word_1_184' title='bbox 1071 2405 1145 2468; x_wconf 73' lang='grc' dir='ltr'>εἷς</span> <span class='ocrx_word' id='word_1_185' title='bbox 1178 2402 1297 2477; x_wconf 72' lang='grc' dir='ltr'>ἔμέ.</span> 
     </span>
    </p>
   </div>
   <div class='ocr_carea' id='block_1_25' title="bbox 441 2580 2011 2664">
    <p class='ocr_par' dir='ltr' id='par_1_25' title="bbox 441 2580 2011 2664">
     <span class='ocr_line' id='line_1_25' title="bbox 441 2580 2011 2664; baseline -0.003 -22"><span class='ocrx_word' id='word_1_186' title='bbox 441 2616 467 2642; x_wconf 88' lang='lat'><strong>«</strong></span> <span class='ocrx_word' id='word_1_187' title='bbox 503 2589 661 2664; x_wconf 72' lang='grc' dir='ltr'>’Υπὶρ</span> <span class='ocrx_word' id='word_1_188' title='bbox 690 2589 792 2657; x_wconf 79' lang='grc' dir='ltr'>τὴν</span> <span class='ocrx_word' id='word_1_189' title='bbox 820 2584 1188 2661; x_wconf 84' lang='grc' dir='ltr'>λαμπρότητα</span> <span class='ocrx_word' id='word_1_190' title='bbox 1214 2580 1311 2639; x_wconf 78' lang='grc' dir='ltr'>τοῖ’)</span> <span class='ocrx_word' id='word_1_191' title='bbox 1342 2581 1528 2654; x_wconf 74' lang='grc' dir='ltr'>ἡλίου.</span> <span class='ocrx_word' id='word_1_192' title='bbox 1566 2608 1593 2635; x_wconf 86' lang='grc'><strong>››</strong></span> <span class='ocrx_word' id='word_1_193' title='bbox 1651 2588 1766 2639; x_wconf 90' lang='grc' dir='ltr'>Τῶν</span> <span class='ocrx_word' id='word_1_194' title='bbox 1822 2582 2011 2655; x_wconf 76' lang='grc' dir='ltr'>αἰσθη-</span> 
     </span>
    </p>
   </div>
   <div class='ocr_carea' id='block_1_26' title="bbox 362 2666 2011 2753">
    <p class='ocr_par' dir='ltr' id='par_1_26' title="bbox 362 2666 2011 2753">
     <span class='ocr_line' id='line_1_26' title="bbox 362 2666 2011 2753; baseline -0.004 -21"><span class='ocrx_word' id='word_1_195' title='bbox 362 2680 476 2732; x_wconf 92' lang='grc' dir='ltr'><strong>τῶν</strong></span> <span class='ocrx_word' id='word_1_196' title='bbox 514 2676 577 2731; x_wconf 92' lang='grc' dir='ltr'><strong>τὸ</strong></span> <span class='ocrx_word' id='word_1_197' title='bbox 635 2673 1027 2753; x_wconf 72' lang='grc' dir='ltr'>φωτεινότατον</span> <span class='ocrx_word' id='word_1_198' title='bbox 1081 2671 1365 2746; x_wconf 81' lang='grc' dir='ltr'>παράγων,</span> <span class='ocrx_word' id='word_1_199' title='bbox 1424 2670 1512 2725; x_wconf 75' lang='grc' dir='ltr'><strong>καὶ</strong></span> <span class='ocrx_word' id='word_1_200' title='bbox 1576 2671 1654 2744; x_wconf 75' lang='grc' dir='ltr'>μὴ</span> <span class='ocrx_word' id='word_1_201' title='bbox 1715 2666 2011 2744; x_wconf 83' lang='grc' dir='ltr'>δυνάμενος</span> 
     </span>
    </p>
   </div>
   <div class='ocr_carea' id='block_1_27' title="bbox 363 2760 2012 2840">
    <p class='ocr_par' dir='ltr' id='par_1_27' title="bbox 363 2760 2012 2840">
     <span class='ocr_line' id='line_1_27' title="bbox 363 2760 2012 2840; baseline -0.004 -20"><span class='ocrx_word' id='word_1_202' title='bbox 363 2764 660 2821; x_wconf 76' lang='grc' dir='ltr'>ἀντισῶσαι</span> <span class='ocrx_word' id='word_1_203' title='bbox 692 2767 772 2836; x_wconf 82' lang='grc' dir='ltr'>τῷ</span> <span class='ocrx_word' id='word_1_204' title='bbox 802 2762 938 2840; x_wconf 76' lang='grc' dir='ltr'>φωτὶ</span> <span class='ocrx_word' id='word_1_205' title='bbox 969 2760 1155 2833; x_wconf 77' lang='grc' dir='ltr'>ἐκείνῳ</span> <span class='ocrx_word' id='word_1_206' title='bbox 1183 2761 1245 2815; x_wconf 91' lang='grc' dir='ltr'><strong>τὸ</strong></span> <span class='ocrx_word' id='word_1_207' title='bbox 1290 2764 1387 2814; x_wconf 75' lang='grc' dir='ltr'>τοῦ</span> <span class='ocrx_word' id='word_1_208' title='bbox 1417 2761 1600 2829; x_wconf 83' lang='grc' dir='ltr'>Ἰησοῦ</span> <span class='ocrx_word' id='word_1_209' title='bbox 1659 2764 1791 2837; x_wconf 78' lang='grc' dir='ltr'>φῶς,</span> <span class='ocrx_word' id='word_1_210' title='bbox 1832 2760 2012 2823; x_wconf 85' lang='grc' dir='ltr'>καθὼς</span> 
     </span>
    </p>
   </div>
   <div class='ocr_carea' id='block_1_28' title="bbox 366 2846 2013 2926">
    <p class='ocr_par' dir='ltr' id='par_1_28' title="bbox 366 2846 2013 2926">
     <span class='ocr_line' id='line_1_28' title="bbox 366 2846 2013 2926; baseline -0.004 -16"><span class='ocrx_word' id='word_1_211' title='bbox 366 2853 585 2911; x_wconf 67' lang='grc' dir='ltr'>δύναται</span> <span class='ocrx_word' id='word_1_212' title='bbox 618 2849 1011 2926; x_wconf 71' lang='grc' dir='ltr'>παραδέξασθαι</span> <span class='ocrx_word' id='word_1_213' title='bbox 1052 2849 1193 2917; x_wconf 81' lang='grc' dir='ltr'>ἀκοὴ</span> <span class='ocrx_word' id='word_1_214' title='bbox 1226 2849 1510 2925; x_wconf 83' lang='grc' dir='ltr'>ἀνθρώπου</span> <span class='ocrx_word' id='word_1_215' title='bbox 1570 2846 1781 2919; x_wconf 83' lang='grc' dir='ltr'>λαλεῖν,</span> <span class='ocrx_word' id='word_1_216' title='bbox 1843 2850 2013 2925; x_wconf 89' lang='grc' dir='ltr'>ὑπερ-</span> 
     </span>
    </p>
   </div>
   <div class='ocr_carea' id='block_1_29' title="bbox 373 2939 1407 3019">
    <p class='ocr_par' dir='ltr' id='par_1_29' title="bbox 373 2939 1407 3019">
     <span class='ocr_line' id='line_1_29' title="bbox 373 2939 1407 3019; baseline -0.004 -22"><span class='ocrx_word' id='word_1_217' title='bbox 373 2947 524 3014; x_wconf 83' lang='grc' dir='ltr'>νικᾷν</span> <span class='ocrx_word' id='word_1_218' title='bbox 555 2942 619 2997; x_wconf 91' lang='grc' dir='ltr'><strong>τὸ</strong></span> <span class='ocrx_word' id='word_1_219' title='bbox 648 2939 879 3011; x_wconf 75' lang='grc' dir='ltr'>ἡλιακὸν</span> <span class='ocrx_word' id='word_1_220' title='bbox 909 2943 1025 3019; x_wconf 71' lang='grc' dir='ltr'>φῶς</span> <span class='ocrx_word' id='word_1_221' title='bbox 1055 2939 1223 2994; x_wconf 78' lang='grc' dir='ltr'>ἐκεῖνό</span> <span class='ocrx_word' id='word_1_222' title='bbox 1254 2959 1407 3013; x_wconf 76' lang='grc' dir='ltr'>φησι.</span> 
     </span>
    </p>
   </div>
   <div class='ocr_carea' id='block_1_30' title="bbox 442 3113 2014 3195">
    <p class='ocr_par' dir='ltr' id='par_1_30' title="bbox 442 3113 2014 3195">
     <span class='ocr_line' id='line_1_30' title="bbox 442 3113 2014 3195; baseline -0.002 -22"><span class='ocrx_word' id='word_1_223' title='bbox 442 3146 468 3173; x_wconf 72' lang='grc' dir='ltr'><strong>κ</strong></span> <span class='ocrx_word' id='word_1_224' title='bbox 497 3122 683 3190; x_wconf 81' lang='grc' dir='ltr'>”Οθεν,</span> <span class='ocrx_word' id='word_1_225' title='bbox 736 3115 963 3195; x_wconf 77' lang='grc' dir='ltr'>βασιλεῦ</span> <span class='ocrx_word' id='word_1_226' title='bbox 1014 3115 1314 3193; x_wconf 75' lang='grc' dir='ltr'>’Δγρίππα,</span> <span class='ocrx_word' id='word_1_227' title='bbox 1338 3115 1437 3171; x_wconf 85' lang='grc' dir='ltr'><strong>οὑκ</strong></span> <span class='ocrx_word' id='word_1_228' title='bbox 1464 3113 1726 3193; x_wconf 71' lang='grc' dir='ltr'>ἐγενόμην</span> <span class='ocrx_word' id='word_1_229' title='bbox 1787 3115 2014 3185; x_wconf 73' lang='grc' dir='ltr'>ἀπειθὴς</span> 
     </span>
    </p>
   </div>
   <div class='ocr_carea' id='block_1_31' title="bbox 361 3206 1051 3284">
    <p class='ocr_par' dir='ltr' id='par_1_31' title="bbox 361 3206 1051 3284">
     <span class='ocr_line' id='line_1_31' title="bbox 361 3206 1051 3284; baseline -0.01 -19"><span class='ocrx_word' id='word_1_230' title='bbox 361 3214 436 3284; x_wconf 77' lang='grc' dir='ltr'>τῇ</span> <span class='ocrx_word' id='word_1_231' title='bbox 468 3208 710 3284; x_wconf 78' lang='grc' dir='ltr'>οὐρανίῳ</span> <span class='ocrx_word' id='word_1_232' title='bbox 732 3206 987 3280; x_wconf 77' lang='grc' dir='ltr'>ὀπτασίᾳ.</span> <span class='ocrx_word' id='word_1_233' title='bbox 1023 3231 1051 3259; x_wconf 83' lang='grc'><strong>››</strong></span> 
     </span>
    </p>
   </div>
   <div class='ocr_carea' id='block_1_32' title="bbox 439 3272 2091 3372">
    <p class='ocr_par' dir='ltr' id='par_1_32' title="bbox 439 3272 2091 3372">
     <span class='ocr_line' id='line_1_32' title="bbox 439 3272 2091 3372; baseline -0.005 -16"><span class='ocrx_word' id='word_1_234' title='bbox 439 3272 705 3356; x_wconf 33' lang='grc' dir='ltr'>Ὀπθτασίά</span> <span class='ocrx_word' id='word_1_235' title='bbox 735 3296 878 3354; x_wconf 72' lang='grc' dir='ltr'>ἔστὶν</span> <span class='ocrx_word' id='word_1_236' title='bbox 1016 3296 1225 3372; x_wconf 79' lang='grc' dir='ltr'>καθαρά</span> <span class='ocrx_word' id='word_1_237' title='bbox 1281 3295 1374 3359; x_wconf 74' lang='grc' dir='ltr'><strong>θέα</strong></span> <span class='ocrx_word' id='word_1_238' title='bbox 1406 3297 1440 3366; x_wconf 84' lang='grc' dir='ltr'>ἡ</span> <span class='ocrx_word' id='word_1_239' title='bbox 1470 3289 1867 3371; x_wconf 74' lang='grc' dir='ltr'>ὑπερϐαίνουσα</span> <span class='ocrx_word' id='word_1_240' title='bbox 1925 3295 2017 3350; x_wconf 81' lang='grc' dir='ltr'>ἀν·</span> <span class='ocrx_word' id='word_1_241' title='bbox 2047 3272 2091 3338; x_wconf 74' lang='lat' dir='ltr'><strong>C</strong></span> 
     </span>
    </p>
   </div>
   <div class='ocr_carea' id='block_1_33' title="bbox 362 3381 2017 3465">
    <p class='ocr_par' dir='ltr' id='par_1_33' title="bbox 362 3381 2017 3465">
     <span class='ocr_line' id='line_1_33' title="bbox 362 3381 2017 3465; baseline -0.003 -23"><span class='ocrx_word' id='word_1_242' title='bbox 362 3389 607 3464; x_wconf 86' lang='grc' dir='ltr'>θρωπον.</span> <span class='ocrx_word' id='word_1_243' title='bbox 639 3391 810 3461; x_wconf 85' lang='grc' dir='ltr'>Ὅπερ</span> <span class='ocrx_word' id='word_1_244' title='bbox 841 3408 925 3448; x_wconf 87' lang='grc' dir='ltr'><strong>τις</strong></span> <span class='ocrx_word' id='word_1_245' title='bbox 958 3385 1011 3441; x_wconf 74' lang='grc' dir='ltr'>ἐν</span> <span class='ocrx_word' id='word_1_246' title='bbox 1042 3386 1198 3461; x_wconf 82' lang='grc' dir='ltr'>σαρκὶ</span> <span class='ocrx_word' id='word_1_247' title='bbox 1256 3382 1350 3455; x_wconf 79' lang='grc' dir='ltr'>ὢν,</span> <span class='ocrx_word' id='word_1_248' title='bbox 1409 3381 1545 3465; x_wconf 77' lang='grc' dir='ltr'>δίχα</span> <span class='ocrx_word' id='word_1_249' title='bbox 1598 3388 1699 3440; x_wconf 81' lang='grc' dir='ltr'><strong>τοῦ</strong></span> <span class='ocrx_word' id='word_1_250' title='bbox 1740 3381 2017 3440; x_wconf 79' lang='grc' dir='ltr'>ἀποκαλυο</span> 
     </span>
    </p>
   </div>
   <div class='ocr_carea' id='block_1_34' title="bbox 362 3470 2020 3556">
    <p class='ocr_par' dir='ltr' id='par_1_34' title="bbox 362 3470 2020 3556">
     <span class='ocr_line' id='line_1_34' title="bbox 362 3470 2020 3556; baseline -0.001 -28"><span class='ocrx_word' id='word_1_251' title='bbox 362 3478 564 3556; x_wconf 68' lang='grc' dir='ltr'>φθῆναι</span> <span class='ocrx_word' id='word_1_252' title='bbox 596 3477 760 3532; x_wconf 82' lang='grc' dir='ltr'><strong>αὑτοῦ</strong></span> <span class='ocrx_word' id='word_1_253' title='bbox 790 3475 915 3537; x_wconf 81' lang='grc' dir='ltr'>τοὺς</span> <span class='ocrx_word' id='word_1_254' title='bbox 938 3475 1277 3553; x_wconf 79' lang='grc' dir='ltr'>ὀφθαλμοὺς,</span> <span class='ocrx_word' id='word_1_255' title='bbox 1327 3473 1427 3530; x_wconf 80' lang='grc' dir='ltr'><strong>οὐκ</strong></span> <span class='ocrx_word' id='word_1_256' title='bbox 1483 3473 1623 3530; x_wconf 83' lang='grc' dir='ltr'>ἔστιν</span> <span class='ocrx_word' id='word_1_257' title='bbox 1684 3471 1815 3529; x_wconf 74' lang='grc' dir='ltr'>ἰδεῖν</span> <span class='ocrx_word' id='word_1_258' title='bbox 1867 3470 2020 3527; x_wconf 83' lang='grc' dir='ltr'>δυνα-</span> 
     </span>
    </p>
   </div>
   <div class='ocr_carea' id='block_1_35' title="bbox 366 3566 483 3628">
    <p class='ocr_par' dir='ltr' id='par_1_35' title="bbox 366 3566 483 3628">
     <span class='ocr_line' id='line_1_35' title="bbox 366 3566 483 3628; baseline -0.009 -5"><span class='ocrx_word' id='word_1_259' title='bbox 366 3566 483 3628; x_wconf 87' lang='grc' dir='ltr'>τός.</span> 
     </span>
    </p>
   </div>
   <div class='ocr_carea' id='block_1_36' title="bbox 450 3651 2018 3729">
    <p class='ocr_par' dir='ltr' id='par_1_36' title="bbox 450 3651 2018 3729">
     <span class='ocr_line' id='line_1_36' title="bbox 450 3651 2018 3729; baseline 0.001 -23"><span class='ocrx_word' id='word_1_260' title='bbox 450 3680 471 3706; x_wconf 77' lang='grc' dir='ltr'><strong>ι</strong></span> <span class='ocrx_word' id='word_1_261' title='bbox 508 3652 687 3714; x_wconf 79' lang='grc' dir='ltr'>Ἀλλά</span> <span class='ocrx_word' id='word_1_262' title='bbox 711 3659 829 3717; x_wconf 86' lang='grc' dir='ltr'>τοῖς</span> <span class='ocrx_word' id='word_1_263' title='bbox 861 3651 914 3709; x_wconf 66' lang='grc' dir='ltr'>ἂν</span> <span class='ocrx_word' id='word_1_264' title='bbox 977 3657 1248 3727; x_wconf 78' lang='grc' dir='ltr'>Δαμασκῷ</span> <span class='ocrx_word' id='word_1_265' title='bbox 1304 3657 1522 3729; x_wconf 88' lang='grc' dir='ltr'>πρῶτον</span> <span class='ocrx_word' id='word_1_266' title='bbox 1568 3652 1657 3709; x_wconf 85' lang='grc' dir='ltr'><strong>καὶ</strong></span> <span class='ocrx_word' id='word_1_267' title='bbox 1714 3652 2018 3729; x_wconf 83' lang='grc' dir='ltr'>Ἱεροσολὺ-</span> 
     </span>
    </p>
   </div>
   <div class='ocr_carea' id='block_1_37' title="bbox 376 3739 2021 3820">
    <p class='ocr_par' dir='ltr' id='par_1_37' title="bbox 376 3739 2021 3820">
     <span class='ocr_line' id='line_1_37' title="bbox 376 3739 2021 3820; baseline -0.001 -21"><span class='ocrx_word' id='word_1_268' title='bbox 376 3765 526 3818; x_wconf 91' lang='grc' dir='ltr'>μοις,</span> <span class='ocrx_word' id='word_1_269' title='bbox 558 3745 632 3806; x_wconf 84' lang='grc' dir='ltr'>εἰς</span> <span class='ocrx_word' id='word_1_270' title='bbox 682 3744 854 3800; x_wconf 72' lang='grc' dir='ltr'>πᾶσαν</span> <span class='ocrx_word' id='word_1_271' title='bbox 912 3764 971 3798; x_wconf 94' lang='grc' dir='ltr'><strong>τε</strong></span> <span class='ocrx_word' id='word_1_272' title='bbox 1026 3742 1124 3811; x_wconf 68' lang='grc' dir='ltr'>τήν</span> <span class='ocrx_word' id='word_1_273' title='bbox 1180 3742 1366 3820; x_wconf 75' lang='grc' dir='ltr'>χώραν</span> <span class='ocrx_word' id='word_1_274' title='bbox 1427 3745 1524 3812; x_wconf 78' lang='grc' dir='ltr'><strong>τῆς</strong></span> <span class='ocrx_word' id='word_1_275' title='bbox 1584 3739 1870 3814; x_wconf 78' lang='grc' dir='ltr'>Ἰουδαίας,</span> <span class='ocrx_word' id='word_1_276' title='bbox 1930 3744 2021 3799; x_wconf 80' lang='grc' dir='ltr'><strong>καὶ</strong></span> 
     </span>
    </p>
   </div>
   <div class='ocr_carea' id='block_1_38' title="bbox 372 3829 2023 3910">
    <p class='ocr_par' dir='ltr' id='par_1_38' title="bbox 372 3829 2023 3910">
     <span class='ocr_line' id='line_1_38' title="bbox 372 3829 2023 3910; baseline 0 -21"><span class='ocrx_word' id='word_1_277' title='bbox 372 3839 490 3895; x_wconf 91' lang='grc' dir='ltr'>τοῖς</span> <span class='ocrx_word' id='word_1_278' title='bbox 544 3829 747 3898; x_wconf 84' lang='grc' dir='ltr'>ἔθνεσιν</span> <span class='ocrx_word' id='word_1_279' title='bbox 835 3830 1200 3910; x_wconf 86' lang='grc' dir='ltr'>ἀπαγγέλλων</span> <span class='ocrx_word' id='word_1_280' title='bbox 1262 3837 1561 3905; x_wconf 75' lang='grc' dir='ltr'>μετανοεῖν,</span> <span class='ocrx_word' id='word_1_281' title='bbox 1626 3831 1713 3888; x_wconf 82' lang='grc' dir='ltr'><strong>καὶ</strong></span> <span class='ocrx_word' id='word_1_282' title='bbox 1784 3831 2023 3906; x_wconf 72' lang='grc' dir='ltr'>ἐπιστρέ-</span> 
     </span>
    </p>
   </div>
   <div class='ocr_carea' id='block_1_39' title="bbox 371 3919 2022 4003">
    <p class='ocr_par' dir='ltr' id='par_1_39' title="bbox 371 3919 2022 4003">
     <span class='ocr_line' id='line_1_39' title="bbox 371 3919 2022 4003; baseline -0.001 -24"><span class='ocrx_word' id='word_1_283' title='bbox 371 3945 488 4003; x_wconf 77' lang='grc' dir='ltr'>ιρειν</span> <span class='ocrx_word' id='word_1_284' title='bbox 524 3922 611 3978; x_wconf 78' lang='grc' dir='ltr'>ἐπὶ</span> <span class='ocrx_word' id='word_1_285' title='bbox 636 3921 729 3978; x_wconf 89' lang='grc' dir='ltr'><strong>τὸν</strong></span> <span class='ocrx_word' id='word_1_286' title='bbox 781 3921 934 3992; x_wconf 87' lang='grc' dir='ltr'>Θεὸν,</span> <span class='ocrx_word' id='word_1_287' title='bbox 990 3919 1110 3992; x_wconf 79' lang='grc' dir='ltr'>ἄξια</span> <span class='ocrx_word' id='word_1_288' title='bbox 1164 3928 1263 3991; x_wconf 85' lang='grc' dir='ltr'><strong>τῆς</strong></span> <span class='ocrx_word' id='word_1_289' title='bbox 1324 3921 1610 3997; x_wconf 82' lang='grc' dir='ltr'>μετανοίας</span> <span class='ocrx_word' id='word_1_290' title='bbox 1664 3920 1795 3997; x_wconf 81' lang='grc' dir='ltr'>ἔργα</span> <span class='ocrx_word' id='word_1_291' title='bbox 1847 3924 2022 3998; x_wconf 88' lang='grc' dir='ltr'>πράσ-</span> 
     </span>
    </p>
   </div>
   <div class='ocr_carea' id='block_1_40' title="bbox 375 4006 2022 4083">
    <p class='ocr_par' dir='ltr' id='par_1_40' title="bbox 375 4006 2022 4083">
     <span class='ocr_line' id='line_1_40' title="bbox 375 4006 2022 4083; baseline 0.001 -17"><span class='ocrx_word' id='word_1_292' title='bbox 375 4032 590 4073; x_wconf 84' lang='grc' dir='ltr'>σοντας.</span> <span class='ocrx_word' id='word_1_293' title='bbox 659 4012 853 4069; x_wconf 78' lang='grc' dir='ltr'>Ἕνεκα</span> <span class='ocrx_word' id='word_1_294' title='bbox 910 4011 1116 4066; x_wconf 74' lang='grc' dir='ltr'>τούτων</span> <span class='ocrx_word' id='word_1_295' title='bbox 1180 4030 1247 4083; x_wconf 88' lang='grc' dir='ltr'><strong>με</strong></span> <span class='ocrx_word' id='word_1_296' title='bbox 1307 4011 1360 4064; x_wconf 82' lang='grc' dir='ltr'>οἱ</span> <span class='ocrx_word' id='word_1_297' title='bbox 1421 4008 1676 4066; x_wconf 82' lang='grc' dir='ltr'>Ἰουδαῖοι</span> <span class='ocrx_word' id='word_1_298' title='bbox 1746 4006 2022 4067; x_wconf 74' lang='grc' dir='ltr'>συλλαϐό-</span> 
     </span>
    </p>
   </div>
   <div class='ocr_carea' id='block_1_41' title="bbox 377 4095 2021 4176">
    <p class='ocr_par' dir='ltr' id='par_1_41' title="bbox 377 4095 2021 4176">
     <span class='ocr_line' id='line_1_41' title="bbox 377 4095 2021 4176; baseline 0.002 -21"><span class='ocrx_word' id='word_1_299' title='bbox 377 4122 523 4173; x_wconf 85' lang='grc' dir='ltr'>μενοι</span> <span class='ocrx_word' id='word_1_300' title='bbox 558 4122 612 4156; x_wconf 85' lang='grc' dir='ltr'><strong>εν</strong></span> <span class='ocrx_word' id='word_1_301' title='bbox 664 4105 746 4173; x_wconf 83' lang='grc' dir='ltr'>τῷ</span> <span class='ocrx_word' id='word_1_302' title='bbox 803 4101 960 4176; x_wconf 76' lang='grc' dir='ltr'>ἱερῷ,</span> <span class='ocrx_word' id='word_1_303' title='bbox 1013 4097 1311 4170; x_wconf 68' lang='grc' dir='ltr'>ἐπειρῶντο</span> <span class='ocrx_word' id='word_1_304' title='bbox 1355 4095 1808 4175; x_wconf 79' lang='grc' dir='ltr'>διαχειρίσασθαι.</span> <span class='ocrx_word' id='word_1_305' title='bbox 1870 4105 2021 4158; x_wconf 83' lang='grc' dir='ltr'>Ἐπι-</span> 
     </span>
    </p>
   </div>
   <div class='ocr_carea' id='block_1_42' title="bbox 371 4190 2021 4271">
    <p class='ocr_par' dir='ltr' id='par_1_42' title="bbox 371 4190 2021 4271">
     <span class='ocr_line' id='line_1_42' title="bbox 371 4190 2021 4271; baseline 0.002 -24"><span class='ocrx_word' id='word_1_306' title='bbox 371 4190 598 4268; x_wconf 80' lang='grc' dir='ltr'>κουρίας</span> <span class='ocrx_word' id='word_1_307' title='bbox 637 4191 732 4248; x_wconf 84' lang='grc' dir='ltr'><strong>οὑν</strong></span> <span class='ocrx_word' id='word_1_308' title='bbox 764 4191 950 4271; x_wconf 81' lang='grc' dir='ltr'>τυχὼν</span> <span class='ocrx_word' id='word_1_309' title='bbox 1008 4198 1108 4260; x_wconf 84' lang='grc' dir='ltr'><strong>τῆς</strong></span> <span class='ocrx_word' id='word_1_310' title='bbox 1167 4192 1314 4268; x_wconf 84' lang='grc' dir='ltr'><strong>παρά</strong></span> <span class='ocrx_word' id='word_1_311' title='bbox 1368 4196 1464 4246; x_wconf 76' lang='grc' dir='ltr'>τοῦ</span> <span class='ocrx_word' id='word_1_312' title='bbox 1517 4197 1671 4258; x_wconf 74' lang='grc' dir='ltr'>Θεοῦ,</span> <span class='ocrx_word' id='word_1_313' title='bbox 1732 4190 1861 4269; x_wconf 78' lang='grc' dir='ltr'>ἄχρι</span> <span class='ocrx_word' id='word_1_314' title='bbox 1918 4202 2021 4266; x_wconf 85' lang='grc' dir='ltr'><strong>τῆς</strong></span> 
     </span>
    </p>
   </div>
   <div class='ocr_carea' id='block_1_43' title="bbox 372 4276 2024 4359">
    <p class='ocr_par' dir='ltr' id='par_1_43' title="bbox 372 4276 2024 4359">
     <span class='ocr_line' id='line_1_43' title="bbox 372 4276 2024 4359; baseline 0.001 -23"><span class='ocrx_word' id='word_1_315' title='bbox 372 4280 582 4355; x_wconf 70' lang='grc' dir='ltr'>ἡμέρας</span> <span class='ocrx_word' id='word_1_316' title='bbox 662 4280 867 4350; x_wconf 72' lang='grc' dir='ltr'>ταύτης</span> <span class='ocrx_word' id='word_1_317' title='bbox 929 4276 1150 4350; x_wconf 79' lang='grc' dir='ltr'>ἕστηκα,</span> <span class='ocrx_word' id='word_1_318' title='bbox 1223 4282 1669 4357; x_wconf 77' lang='grc' dir='ltr'>μαρτυρούμενος</span> <span class='ocrx_word' id='word_1_319' title='bbox 1728 4288 1911 4359; x_wconf 85' lang='grc' dir='ltr'>μικρῷ</span> <span class='ocrx_word' id='word_1_320' title='bbox 1964 4304 2024 4338; x_wconf 80' lang='grc' dir='ltr'><strong>τε</strong></span> 
     </span>
    </p>
   </div>
   <div class='ocr_carea' id='block_1_44' title="bbox 373 4366 2022 4451">
    <p class='ocr_par' dir='ltr' id='par_1_44' title="bbox 373 4366 2022 4451">
     <span class='ocr_line' id='line_1_44' title="bbox 373 4366 2022 4451; baseline 0.001 -27"><span class='ocrx_word' id='word_1_321' title='bbox 373 4369 460 4424; x_wconf 74' lang='grc' dir='ltr'><strong>καὶ</strong></span> <span class='ocrx_word' id='word_1_322' title='bbox 499 4368 744 4446; x_wconf 68' lang='grc' dir='ltr'>μεγάλῳ.</span> <span class='ocrx_word' id='word_1_323' title='bbox 780 4366 932 4425; x_wconf 67' lang='grc' dir='ltr'>οὐδέν</span> <span class='ocrx_word' id='word_1_324' title='bbox 962 4368 1113 4431; x_wconf 83' lang='grc' dir='ltr'>ἐκτὸς</span> <span class='ocrx_word' id='word_1_325' title='bbox 1172 4368 1368 4446; x_wconf 88' lang='grc' dir='ltr'>λέγων,</span> <span class='ocrx_word' id='word_1_326' title='bbox 1399 4370 1472 4424; x_wconf 84' lang='grc' dir='ltr'>ὧν</span> <span class='ocrx_word' id='word_1_327' title='bbox 1527 4391 1585 4426; x_wconf 89' lang='grc' dir='ltr'><strong>τε</strong></span> <span class='ocrx_word' id='word_1_328' title='bbox 1636 4370 1686 4425; x_wconf 69' lang='grc' dir='ltr'>οἱ</span> <span class='ocrx_word' id='word_1_329' title='bbox 1744 4379 2022 4451; x_wconf 74' lang='grc' dir='ltr'>προφῆται</span> 
     </span>
    </p>
   </div>
   <div class='ocr_carea' id='block_1_45' title="bbox 374 4455 2025 4534">
    <p class='ocr_par' dir='ltr' id='par_1_45' title="bbox 374 4455 2025 4534">
     <span class='ocr_line' id='line_1_45' title="bbox 374 4455 2025 4534; baseline 0.001 -21"><span class='ocrx_word' id='word_1_330' title='bbox 374 4455 648 4529; x_wconf 64' lang='grc' dir='ltr'>ἐλάλησαν</span> <span class='ocrx_word' id='word_1_331' title='bbox 683 4456 1003 4531; x_wconf 85' lang='grc' dir='ltr'>μελλόντων</span> <span class='ocrx_word' id='word_1_332' title='bbox 1034 4457 1293 4534; x_wconf 78' lang='grc' dir='ltr'>γίνεσθαι,</span> <span class='ocrx_word' id='word_1_333' title='bbox 1336 4457 1428 4511; x_wconf 83' lang='grc' dir='ltr'><strong>καὶ</strong></span> <span class='ocrx_word' id='word_1_334' title='bbox 1494 4461 1752 4528; x_wconf 68' lang='grc' dir='ltr'>Μιιϋσῖλς,</span> <span class='ocrx_word' id='word_1_335' title='bbox 1814 4462 1859 4513; x_wconf 74' lang='grc' dir='ltr'>εἱ</span> <span class='ocrx_word' id='word_1_336' title='bbox 1919 4481 2025 4514; x_wconf 88' lang='grc' dir='ltr'>πα-</span> 
     </span>
    </p>
   </div>
   <div class='ocr_carea' id='block_1_46' title="bbox 377 4546 2023 4627">
    <p class='ocr_par' dir='ltr' id='par_1_46' title="bbox 377 4546 2023 4627">
     <span class='ocr_line' id='line_1_46' title="bbox 377 4546 2023 4627; baseline 0.002 -27"><span class='ocrx_word' id='word_1_337' title='bbox 377 4550 539 4618; x_wconf 72' lang='grc' dir='ltr'>θητὸς</span> <span class='ocrx_word' id='word_1_338' title='bbox 571 4550 885 4623; x_wconf 80' lang='grc' dir='ltr'>ὸΧρισ-εὸς,</span> <span class='ocrx_word' id='word_1_339' title='bbox 947 4547 992 4602; x_wconf 82' lang='grc' dir='ltr'>εἰ</span> <span class='ocrx_word' id='word_1_340' title='bbox 1046 4552 1263 4622; x_wconf 88' lang='grc' dir='ltr'>πρῶτος</span> <span class='ocrx_word' id='word_1_341' title='bbox 1321 4546 1373 4619; x_wconf 75' lang='grc' dir='ltr'>ἐξ</span> <span class='ocrx_word' id='word_1_342' title='bbox 1431 4547 1772 4613; x_wconf 77' lang='grc' dir='ltr'>ἀναστάσεως</span> <span class='ocrx_word' id='word_1_343' title='bbox 1820 4554 2023 4627; x_wconf 90' lang='grc' dir='ltr'>νεκρῶν</span> 
     </span>
    </p>
   </div>
   <div class='ocr_carea' id='block_1_47' title="bbox 2123 609 3763 682">
    <p class='ocr_par' dir='ltr' id='par_1_47' title="bbox 2123 609 3763 682">
     <span class='ocr_line' id='line_1_47' title="bbox 2123 609 3763 682; baseline 0.002 -17"><span class='ocrx_word' id='word_1_344' title='bbox 2123 609 2356 677; x_wconf 88' lang='lat' dir='ltr'><strong>beatur,</strong></span> <span class='ocrx_word' id='word_1_345' title='bbox 2413 614 2655 681; x_wconf 82' lang='lat' dir='ltr'><strong>propter</strong></span> <span class='ocrx_word' id='word_1_346' title='bbox 2678 609 2829 664; x_wconf 88' lang='lat' dir='ltr'><strong>hanc</strong></span> <span class='ocrx_word' id='word_1_347' title='bbox 2885 609 3235 682; x_wconf 84' lang='lat' dir='ltr'><strong>gloriantur,</strong></span> <span class='ocrx_word' id='word_1_348' title='bbox 3268 610 3342 664; x_wconf 87' lang='lat' dir='ltr'><strong>ob</strong></span> <span class='ocrx_word' id='word_1_349' title='bbox 3370 610 3522 666; x_wconf 89' lang='lat' dir='ltr'><strong>hanc</strong></span> <span class='ocrx_word' id='word_1_350' title='bbox 3576 612 3763 670; x_wconf 91' lang='lat' dir='ltr'><strong>Deum</strong></span> 
     </span>
    </p>
   </div>
   <div class='ocr_carea' id='block_1_48' title="bbox 2124 700 3764 773">
    <p class='ocr_par' dir='ltr' id='par_1_48' title="bbox 2124 700 3764 773">
     <span class='ocr_line' id='line_1_48' title="bbox 2124 700 3764 773; baseline 0.003 -18"><span class='ocrx_word' id='word_1_351' title='bbox 2124 700 2330 755; x_wconf 91' lang='lat' dir='ltr'><strong>colunt</strong></span> <span class='ocrx_word' id='word_1_352' title='bbox 2349 704 2414 754; x_wconf 92' lang='lat' dir='ltr'><strong>ut</strong></span> <span class='ocrx_word' id='word_1_353' title='bbox 2434 715 2562 755; x_wconf 90' lang='lat' dir='ltr'><strong>eam</strong></span> <span class='ocrx_word' id='word_1_354' title='bbox 2586 705 3047 770; x_wconf 83' lang='lat' dir='ltr'><strong>consequantur.</strong></span> <span class='ocrx_word' id='word_1_355' title='bbox 3069 700 3137 754; x_wconf 88' lang='lat' dir='ltr'><strong>Et</strong></span> <span class='ocrx_word' id='word_1_356' title='bbox 3155 701 3308 755; x_wconf 87' lang='lat' dir='ltr'><strong>hanc</strong></span> <span class='ocrx_word' id='word_1_357' title='bbox 3327 717 3430 773; x_wconf 89' lang='lat' dir='ltr'><strong>ego</strong></span> <span class='ocrx_word' id='word_1_358' title='bbox 3454 706 3764 763; x_wconf 80' lang='lat' dir='ltr'><strong>annuntio.</strong></span> 
     </span>
    </p>
   </div>
   <div class='ocr_carea' id='block_1_49' title="bbox 2196 790 3766 864">
    <p class='ocr_par' dir='ltr' id='par_1_49' title="bbox 2196 790 3766 864">
     <span class='ocr_line' id='line_1_49' title="bbox 2196 790 3766 864; baseline 0.003 -19"><span class='ocrx_word' id='word_1_359' title='bbox 2196 791 2391 852; x_wconf 75' lang='lat' dir='ltr'><strong>XXVI.</strong></span> <span class='ocrx_word' id='word_1_360' title='bbox 2430 792 2595 845; x_wconf 79' lang='grc'><strong>12-18</strong></span> <span class='ocrx_word' id='word_1_361' title='bbox 2656 813 2684 839; x_wconf 76' lang='grc' dir='ltr'>ι(</span> <span class='ocrx_word' id='word_1_362' title='bbox 2716 791 2814 845; x_wconf 88' lang='lat' dir='ltr'><strong>His</strong></span> <span class='ocrx_word' id='word_1_363' title='bbox 2839 791 3015 845; x_wconf 86' lang='lat' dir='ltr'><strong>rebus</strong></span> <span class='ocrx_word' id='word_1_364' title='bbox 3047 790 3336 856; x_wconf 87' lang='lat' dir='ltr'><strong>intentus,</strong></span> <span class='ocrx_word' id='word_1_365' title='bbox 3360 808 3494 847; x_wconf 88' lang='lat' dir='ltr'><strong>cum</strong></span> <span class='ocrx_word' id='word_1_366' title='bbox 3525 795 3766 864; x_wconf 80' lang='lat' dir='ltr'><strong>profici-</strong></span> 
     </span>
    </p>
   </div>
   <div class='ocr_carea' id='block_1_50' title="bbox 2124 880 3763 955">
    <p class='ocr_par' dir='ltr' id='par_1_50' title="bbox 2124 880 3763 955">
     <span class='ocr_line' id='line_1_50' title="bbox 2124 880 3763 955; baseline 0.003 -20"><span class='ocrx_word' id='word_1_367' title='bbox 2124 896 2322 935; x_wconf 90' lang='lat' dir='ltr'><strong>scerer</strong></span> <span class='ocrx_word' id='word_1_368' title='bbox 2368 881 2720 935; x_wconf 82' lang='lat' dir='ltr'><strong>Damascum</strong></span> <span class='ocrx_word' id='word_1_369' title='bbox 2773 895 2907 933; x_wconf 84' lang='lat' dir='ltr'><strong>cum</strong></span> <span class='ocrx_word' id='word_1_370' title='bbox 2961 880 3307 935; x_wconf 79' lang='lat' dir='ltr'><strong>auctoritate</strong></span> <span class='ocrx_word' id='word_1_371' title='bbox 3352 882 3763 955; x_wconf 74' lang='lat' dir='ltr'><strong>permiSsuque</strong></span> 
     </span>
    </p>
   </div>
   <div class='ocr_carea' id='block_1_51' title="bbox 2122 966 3763 1041">
    <p class='ocr_par' dir='ltr' id='par_1_51' title="bbox 2122 966 3763 1041">
     <span class='ocr_line' id='line_1_51' title="bbox 2122 966 3763 1041; baseline 0.002 -17"><span class='ocrx_word' id='word_1_372' title='bbox 2122 968 2462 1041; x_wconf 84' lang='lat' dir='ltr'><strong>principum</strong></span> <span class='ocrx_word' id='word_1_373' title='bbox 2513 968 2909 1034; x_wconf 80' lang='lat' dir='ltr'><strong>sacerdotum,</strong></span> <span class='ocrx_word' id='word_1_374' title='bbox 2978 966 3073 1021; x_wconf 92' lang='lat' dir='ltr'><strong>die</strong></span> <span class='ocrx_word' id='word_1_375' title='bbox 3129 968 3348 1033; x_wconf 89' lang='lat' dir='ltr'><strong>medio,</strong></span> <span class='ocrx_word' id='word_1_376' title='bbox 3408 987 3509 1025; x_wconf 88' lang='lat' dir='ltr'><strong>rex</strong></span> <span class='ocrx_word' id='word_1_377' title='bbox 3556 972 3674 1028; x_wconf 82' lang='lat' dir='ltr'><strong>vidi</strong></span> <span class='ocrx_word' id='word_1_378' title='bbox 3733 990 3763 1029; x_wconf 91' lang='lat' dir='ltr'><strong>e</strong></span> 
     </span>
    </p>
   </div>
   <div class='ocr_carea' id='block_1_52' title="bbox 2123 1056 3764 1131">
    <p class='ocr_par' dir='ltr' id='par_1_52' title="bbox 2123 1056 3764 1131">
     <span class='ocr_line' id='line_1_52' title="bbox 2123 1056 3764 1131; baseline 0.004 -18"><span class='ocrx_word' id='word_1_379' title='bbox 2123 1059 2269 1114; x_wconf 66' lang='lat' dir='ltr'><strong>caelo</strong></span> <span class='ocrx_word' id='word_1_380' title='bbox 2318 1075 2497 1131; x_wconf 84' lang='lat' dir='ltr'><strong>supra</strong></span> <span class='ocrx_word' id='word_1_381' title='bbox 2544 1058 2686 1113; x_wconf 89' lang='lat' dir='ltr'><strong>solis</strong></span> <span class='ocrx_word' id='word_1_382' title='bbox 2734 1056 3114 1127; x_wconf 82' lang='lat' dir='ltr'><strong>splendorem</strong></span> <span class='ocrx_word' id='word_1_383' title='bbox 3166 1057 3630 1116; x_wconf 80' lang='lat' dir='ltr'><strong>circumfulsisse</strong></span> <span class='ocrx_word' id='word_1_384' title='bbox 3671 1080 3764 1120; x_wconf 88' lang='lat' dir='ltr'><strong>me</strong></span> 
     </span>
    </p>
   </div>
   <div class='ocr_carea' id='block_1_53' title="bbox 2122 1145 3763 1222">
    <p class='ocr_par' dir='ltr' id='par_1_53' title="bbox 2122 1145 3763 1222">
     <span class='ocr_line' id='line_1_53' title="bbox 2122 1145 3763 1222; baseline 0.002 -19"><span class='ocrx_word' id='word_1_385' title='bbox 2122 1148 2349 1213; x_wconf 86' lang='lat' dir='ltr'><strong>lumen,</strong></span> <span class='ocrx_word' id='word_1_386' title='bbox 2381 1154 2439 1203; x_wconf 90' lang='lat' dir='ltr'><strong>et</strong></span> <span class='ocrx_word' id='word_1_387' title='bbox 2465 1165 2565 1203; x_wconf 90' lang='lat' dir='ltr'><strong>eos</strong></span> <span class='ocrx_word' id='word_1_388' title='bbox 2596 1148 2695 1218; x_wconf 87' lang='lat' dir='ltr'><strong>qui</strong></span> <span class='ocrx_word' id='word_1_389' title='bbox 2731 1162 2960 1201; x_wconf 88' lang='lat' dir='ltr'><strong>mecum</strong></span> <span class='ocrx_word' id='word_1_390' title='bbox 2995 1145 3293 1201; x_wconf 79' lang='lat' dir='ltr'><strong>faciebant</strong></span> <span class='ocrx_word' id='word_1_391' title='bbox 3323 1147 3454 1202; x_wconf 92' lang='lat' dir='ltr'><strong>iter.</strong></span> <span class='ocrx_word' id='word_1_392' title='bbox 3504 1151 3763 1222; x_wconf 86' lang='lat' dir='ltr'><strong>Cumque</strong></span> 
     </span>
    </p>
   </div>
   <div class='ocr_carea' id='block_1_54' title="bbox 2124 1237 3757 1304">
    <p class='ocr_par' dir='ltr' id='par_1_54' title="bbox 2124 1237 3757 1304">
     <span class='ocr_line' id='line_1_54' title="bbox 2124 1237 3757 1304; baseline 0.002 -10"><span class='ocrx_word' id='word_1_393' title='bbox 2124 1255 2332 1294; x_wconf 88' lang='lat' dir='ltr'><strong>omnes</strong></span> <span class='ocrx_word' id='word_1_394' title='bbox 2362 1256 2471 1294; x_wconf 90' lang='lat' dir='ltr'><strong>nos</strong></span> <span class='ocrx_word' id='word_1_395' title='bbox 2502 1237 2929 1293; x_wconf 87' lang='lat' dir='ltr'><strong>decidissemus</strong></span> <span class='ocrx_word' id='word_1_396' title='bbox 2962 1237 3023 1291; x_wconf 92' lang='lat' dir='ltr'><strong>in</strong></span> <span class='ocrx_word' id='word_1_397' title='bbox 3054 1241 3297 1304; x_wconf 86' lang='lat' dir='ltr'><strong>terram,</strong></span> <span class='ocrx_word' id='word_1_398' title='bbox 3329 1238 3521 1292; x_wconf 87' lang='lat' dir='ltr'><strong>audivi</strong></span> <span class='ocrx_word' id='word_1_399' title='bbox 3556 1257 3757 1297; x_wconf 89' lang='lat' dir='ltr'><strong>vocem</strong></span> 
     </span>
    </p>
   </div>
   <div class='ocr_carea' id='block_1_55' title="bbox 2123 1325 3767 1400">
    <p class='ocr_par' dir='ltr' id='par_1_55' title="bbox 2123 1325 3767 1400">
     <span class='ocr_line' id='line_1_55' title="bbox 2123 1325 3767 1400; baseline 0.002 -16"><span class='ocrx_word' id='word_1_400' title='bbox 2123 1329 2471 1400; x_wconf 82' lang='lat' dir='ltr'><strong>loquentem</strong></span> <span class='ocrx_word' id='word_1_401' title='bbox 2503 1328 2576 1382; x_wconf 89' lang='lat' dir='ltr'><strong>ad</strong></span> <span class='ocrx_word' id='word_1_402' title='bbox 2610 1345 2724 1393; x_wconf 90' lang='lat' dir='ltr'><strong>me,</strong></span> <span class='ocrx_word' id='word_1_403' title='bbox 2758 1344 2825 1382; x_wconf 90' lang='lat' dir='ltr'><strong>ac</strong></span> <span class='ocrx_word' id='word_1_404' title='bbox 2856 1325 3153 1381; x_wconf 86' lang='lat' dir='ltr'><strong>dicentem</strong></span> <span class='ocrx_word' id='word_1_405' title='bbox 3196 1326 3399 1398; x_wconf 84' lang='lat' dir='ltr'><strong>lingua</strong></span> <span class='ocrx_word' id='word_1_406' title='bbox 3435 1328 3723 1386; x_wconf 82' lang='lat' dir='ltr'><strong>Hebraica</strong></span> <span class='ocrx_word' id='word_1_407' title='bbox 3754 1349 3767 1388; x_wconf 87' lang='lat'><strong>:</strong></span> 
     </span>
    </p>
   </div>
   <div class='ocr_carea' id='block_1_56' title="bbox 2123 1415 3769 1488">
    <p class='ocr_par' dir='ltr' id='par_1_56' title="bbox 2123 1415 3769 1488">
     <span class='ocr_line' id='line_1_56' title="bbox 2123 1415 3769 1488; baseline 0.001 -15"><span class='ocrx_word' id='word_1_408' title='bbox 2123 1418 2282 1487; x_wconf 88' lang='lat' dir='ltr'><strong>Saul,</strong></span> <span class='ocrx_word' id='word_1_409' title='bbox 2317 1418 2472 1484; x_wconf 90' lang='lat' dir='ltr'><strong>Saul,</strong></span> <span class='ocrx_word' id='word_1_410' title='bbox 2502 1417 2643 1488; x_wconf 91' lang='lat' dir='ltr'><strong>quid</strong></span> <span class='ocrx_word' id='word_1_411' title='bbox 2675 1433 2769 1472; x_wconf 90' lang='lat' dir='ltr'><strong>me</strong></span> <span class='ocrx_word' id='word_1_412' title='bbox 2788 1415 3212 1487; x_wconf 85' lang='lat' dir='ltr'><strong>persequeris?</strong></span> <span class='ocrx_word' id='word_1_413' title='bbox 3258 1416 3474 1472; x_wconf 89' lang='lat' dir='ltr'><strong>durum</strong></span> <span class='ocrx_word' id='word_1_414' title='bbox 3525 1424 3612 1474; x_wconf 91' lang='lat' dir='ltr'><strong>est</strong></span> <span class='ocrx_word' id='word_1_415' title='bbox 3661 1419 3769 1476; x_wconf 84' lang='lat' dir='ltr'><strong>tibi</strong></span> 
     </span>
    </p>
   </div>
   <div class='ocr_carea' id='block_1_57' title="bbox 2123 1505 3768 1579">
    <p class='ocr_par' dir='ltr' id='par_1_57' title="bbox 2123 1505 3768 1579">
     <span class='ocr_line' id='line_1_57' title="bbox 2123 1505 3768 1579; baseline 0.002 -16"><span class='ocrx_word' id='word_1_416' title='bbox 2123 1514 2329 1563; x_wconf 90' lang='lat' dir='ltr'><strong>contra</strong></span> <span class='ocrx_word' id='word_1_417' title='bbox 2376 1507 2647 1562; x_wconf 88' lang='lat' dir='ltr'><strong>stimulos</strong></span> <span class='ocrx_word' id='word_1_418' title='bbox 2706 1505 3031 1561; x_wconf 82' lang='lat' dir='ltr'><strong>calcitrare.</strong></span> <span class='ocrx_word' id='word_1_419' title='bbox 3102 1506 3219 1579; x_wconf 91' lang='lat' dir='ltr'><strong>Ego</strong></span> <span class='ocrx_word' id='word_1_420' title='bbox 3292 1512 3491 1561; x_wconf 88' lang='lat' dir='ltr'><strong>autem</strong></span> <span class='ocrx_word' id='word_1_421' title='bbox 3562 1508 3681 1563; x_wconf 86' lang='lat' dir='ltr'><strong>dixi</strong></span> <span class='ocrx_word' id='word_1_422' title='bbox 3750 1524 3768 1566; x_wconf 89' lang='lat'><strong>:</strong></span> 
     </span>
    </p>
   </div>
   <div class='ocr_carea' id='block_1_58' title="bbox 2123 1594 3767 1667">
    <p class='ocr_par' dir='ltr' id='par_1_58' title="bbox 2123 1594 3767 1667">
     <span class='ocr_line' id='line_1_58' title="bbox 2123 1594 3767 1667; baseline 0.001 -15"><span class='ocrx_word' id='word_1_423' title='bbox 2123 1598 2263 1664; x_wconf 89' lang='lat' dir='ltr'><strong>Quis</strong></span> <span class='ocrx_word' id='word_1_424' title='bbox 2296 1614 2379 1662; x_wconf 90' lang='lat' dir='ltr'><strong>es,</strong></span> <span class='ocrx_word' id='word_1_425' title='bbox 2406 1594 2696 1651; x_wconf 86' lang='lat' dir='ltr'><strong>Domine?</strong></span> <span class='ocrx_word' id='word_1_426' title='bbox 2723 1594 2920 1651; x_wconf 85' lang='lat' dir='ltr'><strong>Atille</strong></span> <span class='ocrx_word' id='word_1_427' title='bbox 2967 1594 3116 1649; x_wconf 84' lang='lat' dir='ltr'><strong>dixit</strong></span> <span class='ocrx_word' id='word_1_428' title='bbox 3167 1610 3179 1648; x_wconf 89' lang='lat'><strong>:</strong></span> <span class='ocrx_word' id='word_1_429' title='bbox 3231 1596 3347 1667; x_wconf 90' lang='lat' dir='ltr'><strong>Ego</strong></span> <span class='ocrx_word' id='word_1_430' title='bbox 3393 1612 3525 1651; x_wconf 91' lang='lat' dir='ltr'><strong>sum</strong></span> <span class='ocrx_word' id='word_1_431' title='bbox 3574 1599 3767 1666; x_wconf 80' lang='lat' dir='ltr'><strong>Iesus,</strong></span> 
     </span>
    </p>
   </div>
   <div class='ocr_carea' id='block_1_59' title="bbox 2125 1684 3770 1760">
    <p class='ocr_par' dir='ltr' id='par_1_59' title="bbox 2125 1684 3770 1760">
     <span class='ocr_line' id='line_1_59' title="bbox 2125 1684 3770 1760; baseline 0.001 -18"><span class='ocrx_word' id='word_1_432' title='bbox 2125 1704 2302 1760; x_wconf 88' lang='lat' dir='ltr'><strong>quem</strong></span> <span class='ocrx_word' id='word_1_433' title='bbox 2346 1693 2408 1741; x_wconf 89' lang='lat' dir='ltr'><strong>tu</strong></span> <span class='ocrx_word' id='word_1_434' title='bbox 2454 1685 2851 1758; x_wconf 89' lang='lat' dir='ltr'><strong>persequeris.</strong></span> <span class='ocrx_word' id='word_1_435' title='bbox 2905 1684 3015 1739; x_wconf 89' lang='lat' dir='ltr'><strong>Sed</strong></span> <span class='ocrx_word' id='word_1_436' title='bbox 3067 1700 3312 1757; x_wconf 81' lang='lat' dir='ltr'><strong>exsurge</strong></span> <span class='ocrx_word' id='word_1_437' title='bbox 3357 1689 3415 1739; x_wconf 91' lang='lat' dir='ltr'><strong>et</strong></span> <span class='ocrx_word' id='word_1_438' title='bbox 3454 1691 3543 1741; x_wconf 90' lang='lat' dir='ltr'><strong>sta</strong></span> <span class='ocrx_word' id='word_1_439' title='bbox 3590 1705 3770 1759; x_wconf 88' lang='lat' dir='ltr'><strong>super</strong></span> 
     </span>
    </p>
   </div>
   <div class='ocr_carea' id='block_1_60' title="bbox 2122 1773 3769 1850">
    <p class='ocr_par' dir='ltr' id='par_1_60' title="bbox 2122 1773 3769 1850">
     <span class='ocr_line' id='line_1_60' title="bbox 2122 1773 3769 1850; baseline 0.001 -17"><span class='ocrx_word' id='word_1_440' title='bbox 2122 1776 2305 1850; x_wconf 89' lang='lat' dir='ltr'><strong>pedes</strong></span> <span class='ocrx_word' id='word_1_441' title='bbox 2335 1781 2490 1832; x_wconf 90' lang='lat' dir='ltr'><strong>tuos.</strong></span> <span class='ocrx_word' id='word_1_442' title='bbox 2518 1775 2603 1830; x_wconf 81' lang='lat' dir='ltr'><strong>Ad</strong></span> <span class='ocrx_word' id='word_1_443' title='bbox 2630 1776 2741 1830; x_wconf 91' lang='lat' dir='ltr'><strong>hoc</strong></span> <span class='ocrx_word' id='word_1_444' title='bbox 2797 1774 2956 1829; x_wconf 92' lang='lat' dir='ltr'><strong>enim</strong></span> <span class='ocrx_word' id='word_1_445' title='bbox 3015 1775 3261 1845; x_wconf 88' lang='lat' dir='ltr'><strong>apparui</strong></span> <span class='ocrx_word' id='word_1_446' title='bbox 3320 1773 3449 1844; x_wconf 87' lang='lat' dir='ltr'><strong>tibi,</strong></span> <span class='ocrx_word' id='word_1_447' title='bbox 3508 1781 3574 1831; x_wconf 94' lang='lat' dir='ltr'><strong>ut</strong></span> <span class='ocrx_word' id='word_1_448' title='bbox 3630 1794 3769 1835; x_wconf 85' lang='lat' dir='ltr'><strong>con-</strong></span> 
     </span>
    </p>
   </div>
   <div class='ocr_carea' id='block_1_61' title="bbox 2124 1864 3769 1938">
    <p class='ocr_par' dir='ltr' id='par_1_61' title="bbox 2124 1864 3769 1938">
     <span class='ocr_line' id='line_1_61' title="bbox 2124 1864 3769 1938; baseline 0.001 -17"><span class='ocrx_word' id='word_1_449' title='bbox 2124 1866 2363 1922; x_wconf 89' lang='lat' dir='ltr'><strong>stituam</strong></span> <span class='ocrx_word' id='word_1_450' title='bbox 2400 1871 2453 1920; x_wconf 89' lang='lat' dir='ltr'><strong>te</strong></span> <span class='ocrx_word' id='word_1_451' title='bbox 2479 1864 2818 1920; x_wconf 90' lang='lat' dir='ltr'><strong>ministrum</strong></span> <span class='ocrx_word' id='word_1_452' title='bbox 2863 1880 2930 1918; x_wconf 90' lang='lat' dir='ltr'><strong>ac</strong></span> <span class='ocrx_word' id='word_1_453' title='bbox 2978 1868 3211 1925; x_wconf 83' lang='lat' dir='ltr'><strong>testem,</strong></span> <span class='ocrx_word' id='word_1_454' title='bbox 3280 1868 3338 1918; x_wconf 90' lang='lat' dir='ltr'><strong>et</strong></span> <span class='ocrx_word' id='word_1_455' title='bbox 3385 1881 3591 1920; x_wconf 85' lang='lat' dir='ltr'><strong>eorum</strong></span> <span class='ocrx_word' id='word_1_456' title='bbox 3639 1884 3769 1938; x_wconf 68' lang='lat' dir='ltr'><strong>quae</strong></span> 
     </span>
    </p>
   </div>
   <div class='ocr_carea' id='block_1_62' title="bbox 2120 1953 3767 2027">
    <p class='ocr_par' dir='ltr' id='par_1_62' title="bbox 2120 1953 3767 2027">
     <span class='ocr_line' id='line_1_62' title="bbox 2120 1953 3767 2027; baseline 0 -15"><span class='ocrx_word' id='word_1_457' title='bbox 2120 1956 2338 2024; x_wconf 83' lang='lat' dir='ltr'><strong>vidisti,</strong></span> <span class='ocrx_word' id='word_1_458' title='bbox 2374 1961 2429 2010; x_wconf 90' lang='lat' dir='ltr'><strong>et</strong></span> <span class='ocrx_word' id='word_1_459' title='bbox 2462 1971 2668 2010; x_wconf 91' lang='lat' dir='ltr'><strong>eorum</strong></span> <span class='ocrx_word' id='word_1_460' title='bbox 2716 1955 2779 2009; x_wconf 92' lang='lat' dir='ltr'><strong>in</strong></span> <span class='ocrx_word' id='word_1_461' title='bbox 2841 1953 3059 2024; x_wconf 90' lang='lat' dir='ltr'><strong>quibus</strong></span> <span class='ocrx_word' id='word_1_462' title='bbox 3114 1970 3219 2026; x_wconf 88' lang='lat' dir='ltr'><strong>ego</strong></span> <span class='ocrx_word' id='word_1_463' title='bbox 3279 1955 3577 2026; x_wconf 87' lang='lat' dir='ltr'><strong>apparebo</strong></span> <span class='ocrx_word' id='word_1_464' title='bbox 3637 1956 3767 2027; x_wconf 89' lang='lat' dir='ltr'><strong>tibi,</strong></span> 
     </span>
    </p>
   </div>
   <div class='ocr_carea' id='block_1_63' title="bbox 2119 2043 3767 2119">
    <p class='ocr_par' dir='ltr' id='par_1_63' title="bbox 2119 2043 3767 2119">
     <span class='ocr_line' id='line_1_63' title="bbox 2119 2043 3767 2119; baseline 0.002 -17"><span class='ocrx_word' id='word_1_465' title='bbox 2119 2047 2380 2119; x_wconf 87' lang='lat' dir='ltr'><strong>eripiens</strong></span> <span class='ocrx_word' id='word_1_466' title='bbox 2411 2051 2467 2101; x_wconf 90' lang='lat' dir='ltr'><strong>te</strong></span> <span class='ocrx_word' id='word_1_467' title='bbox 2491 2063 2526 2102; x_wconf 92' lang='lat' dir='ltr'><strong>a</strong></span> <span class='ocrx_word' id='word_1_468' title='bbox 2554 2044 2773 2118; x_wconf 87' lang='lat' dir='ltr'><strong>p0pulo</strong></span> <span class='ocrx_word' id='word_1_469' title='bbox 2806 2049 2863 2100; x_wconf 91' lang='lat' dir='ltr'><strong>et</strong></span> <span class='ocrx_word' id='word_1_470' title='bbox 2892 2043 3188 2118; x_wconf 80' lang='lat' dir='ltr'><strong>gentibus,</strong></span> <span class='ocrx_word' id='word_1_471' title='bbox 3221 2044 3282 2100; x_wconf 92' lang='lat' dir='ltr'><strong>in</strong></span> <span class='ocrx_word' id='word_1_472' title='bbox 3314 2061 3460 2116; x_wconf 90' lang='lat' dir='ltr'><strong>quas</strong></span> <span class='ocrx_word' id='word_1_473' title='bbox 3502 2062 3663 2103; x_wconf 88' lang='lat' dir='ltr'><strong>nunc</strong></span> <span class='ocrx_word' id='word_1_474' title='bbox 3712 2054 3767 2106; x_wconf 91' lang='lat' dir='ltr'><strong>te</strong></span> 
     </span>
    </p>
   </div>
   <div class='ocr_carea' id='block_1_64' title="bbox 2119 2134 3765 2209">
    <p class='ocr_par' dir='ltr' id='par_1_64' title="bbox 2119 2134 3765 2209">
     <span class='ocr_line' id='line_1_64' title="bbox 2119 2134 3765 2209; baseline 0.002 -17"><span class='ocrx_word' id='word_1_475' title='bbox 2119 2137 2311 2204; x_wconf 88' lang='lat' dir='ltr'><strong>mitto,</strong></span> <span class='ocrx_word' id='word_1_476' title='bbox 2345 2142 2409 2192; x_wconf 89' lang='lat' dir='ltr'><strong>ut</strong></span> <span class='ocrx_word' id='word_1_477' title='bbox 2453 2136 2687 2209; x_wconf 90' lang='lat' dir='ltr'><strong>aperias</strong></span> <span class='ocrx_word' id='word_1_478' title='bbox 2731 2134 2934 2191; x_wconf 92' lang='lat' dir='ltr'><strong>oculos</strong></span> <span class='ocrx_word' id='word_1_479' title='bbox 2976 2152 3200 2200; x_wconf 90' lang='lat' dir='ltr'><strong>eorum,</strong></span> <span class='ocrx_word' id='word_1_480' title='bbox 3235 2139 3300 2189; x_wconf 91' lang='lat' dir='ltr'><strong>ut</strong></span> <span class='ocrx_word' id='word_1_481' title='bbox 3345 2142 3765 2195; x_wconf 89' lang='lat' dir='ltr'><strong>convertantur</strong></span> 
     </span>
    </p>
   </div>
   <div class='ocr_carea' id='block_1_65' title="bbox 2120 2225 3758 2296">
    <p class='ocr_par' dir='ltr' id='par_1_65' title="bbox 2120 2225 3758 2296">
     <span class='ocr_line' id='line_1_65' title="bbox 2120 2225 3758 2296; baseline 0.002 -15"><span class='ocrx_word' id='word_1_482' title='bbox 2120 2243 2154 2281; x_wconf 93' lang='lat' dir='ltr'><strong>a</strong></span> <span class='ocrx_word' id='word_1_483' title='bbox 2185 2225 2449 2282; x_wconf 89' lang='lat' dir='ltr'><strong>tenebris</strong></span> <span class='ocrx_word' id='word_1_484' title='bbox 2494 2226 2566 2282; x_wconf 90' lang='lat' dir='ltr'><strong>ad</strong></span> <span class='ocrx_word' id='word_1_485' title='bbox 2608 2226 2827 2293; x_wconf 90' lang='lat' dir='ltr'><strong>lucem,</strong></span> <span class='ocrx_word' id='word_1_486' title='bbox 2879 2230 2938 2280; x_wconf 92' lang='lat' dir='ltr'><strong>et</strong></span> <span class='ocrx_word' id='word_1_487' title='bbox 2983 2241 3017 2280; x_wconf 89' lang='lat' dir='ltr'><strong>a</strong></span> <span class='ocrx_word' id='word_1_488' title='bbox 3074 2229 3363 2296; x_wconf 90' lang='lat' dir='ltr'><strong>potestate</strong></span> <span class='ocrx_word' id='word_1_489' title='bbox 3409 2226 3640 2283; x_wconf 63' lang='lat' dir='ltr'><strong>Satanas</strong></span> <span class='ocrx_word' id='word_1_490' title='bbox 3684 2228 3758 2285; x_wconf 88' lang='lat' dir='ltr'><strong>ad</strong></span> 
     </span>
    </p>
   </div>
   <div class='ocr_carea' id='block_1_66' title="bbox 2121 2314 3771 2387">
    <p class='ocr_par' dir='ltr' id='par_1_66' title="bbox 2121 2314 3771 2387">
     <span class='ocr_line' id='line_1_66' title="bbox 2121 2314 3771 2387; baseline 0.002 -15"><span class='ocrx_word' id='word_1_491' title='bbox 2121 2318 2326 2383; x_wconf 90' lang='lat' dir='ltr'><strong>Deum,</strong></span> <span class='ocrx_word' id='word_1_492' title='bbox 2359 2321 2425 2371; x_wconf 93' lang='lat' dir='ltr'><strong>ut</strong></span> <span class='ocrx_word' id='word_1_493' title='bbox 2471 2315 2764 2387; x_wconf 88' lang='lat' dir='ltr'><strong>accipiant</strong></span> <span class='ocrx_word' id='word_1_494' title='bbox 2801 2314 3217 2370; x_wconf 84' lang='lat' dir='ltr'><strong>remissionem</strong></span> <span class='ocrx_word' id='word_1_495' title='bbox 3262 2320 3666 2386; x_wconf 73' lang='lat' dir='ltr'><strong>peccatorum,</strong></span> <span class='ocrx_word' id='word_1_496' title='bbox 3712 2325 3771 2376; x_wconf 88' lang='lat' dir='ltr'><strong>et</strong></span> 
     </span>
    </p>
   </div>
   <div class='ocr_carea' id='block_1_67' title="bbox 2121 2404 3768 2478">
    <p class='ocr_par' dir='ltr' id='par_1_67' title="bbox 2121 2404 3768 2478">
     <span class='ocr_line' id='line_1_67' title="bbox 2121 2404 3768 2478; baseline 0.002 -17"><span class='ocrx_word' id='word_1_497' title='bbox 2121 2411 2342 2461; x_wconf 88' lang='lat' dir='ltr'><strong>sortem</strong></span> <span class='ocrx_word' id='word_1_498' title='bbox 2370 2406 2526 2460; x_wconf 89' lang='lat' dir='ltr'><strong>inter</strong></span> <span class='ocrx_word' id='word_1_499' title='bbox 2556 2422 2655 2460; x_wconf 93' lang='lat' dir='ltr'><strong>eos</strong></span> <span class='ocrx_word' id='word_1_500' title='bbox 2678 2404 2778 2476; x_wconf 89' lang='lat' dir='ltr'><strong>qui</strong></span> <span class='ocrx_word' id='word_1_501' title='bbox 2824 2404 3175 2461; x_wconf 77' lang='lat' dir='ltr'><strong>sanctificali</strong></span> <span class='ocrx_word' id='word_1_502' title='bbox 3229 2409 3389 2471; x_wconf 88' lang='lat' dir='ltr'><strong>sunt,</strong></span> <span class='ocrx_word' id='word_1_503' title='bbox 3439 2423 3547 2478; x_wconf 91' lang='lat' dir='ltr'><strong>per</strong></span> <span class='ocrx_word' id='word_1_504' title='bbox 3590 2408 3768 2464; x_wconf 78' lang='lat' dir='ltr'><strong>ﬁdem</strong></span> 
     </span>
    </p>
   </div>
   <div class='ocr_carea' id='block_1_68' title="bbox 2121 2499 2740 2569">
    <p class='ocr_par' dir='ltr' id='par_1_68' title="bbox 2121 2499 2740 2569">
     <span class='ocr_line' id='line_1_68' title="bbox 2121 2499 2740 2569; baseline -0.005 -20"><span class='ocrx_word' id='word_1_505' title='bbox 2121 2512 2253 2567; x_wconf 71' lang='lat' dir='ltr'><strong>qum</strong></span> <span class='ocrx_word' id='word_1_506' title='bbox 2283 2499 2374 2550; x_wconf 88' lang='lat' dir='ltr'><strong>est</strong></span> <span class='ocrx_word' id='word_1_507' title='bbox 2401 2511 2538 2569; x_wconf 89' lang='lat' dir='ltr'><strong>erga</strong></span> <span class='ocrx_word' id='word_1_508' title='bbox 2562 2511 2677 2550; x_wconf 90' lang='lat' dir='ltr'><strong>me.</strong></span> <span class='ocrx_word' id='word_1_509' title='bbox 2711 2516 2740 2545; x_wconf 89' lang='lat'>»</span> 
     </span>
    </p>
   </div>
   <div class='ocr_carea' id='block_1_69' title="bbox 2194 2583 3772 2656">
    <p class='ocr_par' dir='ltr' id='par_1_69' title="bbox 2194 2583 3772 2656">
     <span class='ocr_line' id='line_1_69' title="bbox 2194 2583 3772 2656; baseline 0.006 -22"><span class='ocrx_word' id='word_1_510' title='bbox 2194 2608 2221 2634; x_wconf 84' lang='lat'><strong>«</strong></span> <span class='ocrx_word' id='word_1_511' title='bbox 2245 2585 2434 2656; x_wconf 91' lang='lat' dir='ltr'><strong>Supra</strong></span> <span class='ocrx_word' id='word_1_512' title='bbox 2455 2584 2597 2639; x_wconf 90' lang='lat' dir='ltr'><strong>solis</strong></span> <span class='ocrx_word' id='word_1_513' title='bbox 2612 2583 3013 2656; x_wconf 89' lang='lat' dir='ltr'><strong>splendorem.</strong></span> <span class='ocrx_word' id='word_1_514' title='bbox 3032 2605 3060 2633; x_wconf 88' lang='lat'>»</span> <span class='ocrx_word' id='word_1_515' title='bbox 3074 2584 3415 2640; x_wconf 80' lang='lat' dir='ltr'><strong>Aﬂ&#39;erensin</strong></span> <span class='ocrx_word' id='word_1_516' title='bbox 3432 2585 3692 2643; x_wconf 91' lang='lat' dir='ltr'><strong>medium</strong></span> <span class='ocrx_word' id='word_1_517' title='bbox 3711 2587 3772 2644; x_wconf 91' lang='lat' dir='ltr'><strong>id</strong></span> 
     </span>
    </p>
   </div>
   <div class='ocr_carea' id='block_1_70' title="bbox 2122 2672 3769 2747">
    <p class='ocr_par' dir='ltr' id='par_1_70' title="bbox 2122 2672 3769 2747">
     <span class='ocr_line' id='line_1_70' title="bbox 2122 2672 3769 2747; baseline 0.002 -18"><span class='ocrx_word' id='word_1_518' title='bbox 2122 2674 2280 2747; x_wconf 85' lang='lat' dir='ltr'><strong>quod</strong></span> <span class='ocrx_word' id='word_1_519' title='bbox 2313 2675 2469 2729; x_wconf 88' lang='lat' dir='ltr'><strong>inter</strong></span> <span class='ocrx_word' id='word_1_520' title='bbox 2498 2673 2805 2729; x_wconf 83' lang='lat' dir='ltr'><strong>sensibilia</strong></span> <span class='ocrx_word' id='word_1_521' title='bbox 2834 2672 3270 2729; x_wconf 89' lang='lat' dir='ltr'><strong>lucidissimum</strong></span> <span class='ocrx_word' id='word_1_522' title='bbox 3312 2679 3420 2742; x_wconf 88' lang='lat' dir='ltr'><strong>est,</strong></span> <span class='ocrx_word' id='word_1_523' title='bbox 3464 2692 3598 2731; x_wconf 91' lang='lat' dir='ltr'><strong>cum</strong></span> <span class='ocrx_word' id='word_1_524' title='bbox 3647 2694 3769 2734; x_wconf 88' lang='lat' dir='ltr'><strong>non</strong></span> 
     </span>
    </p>
   </div>
   <div class='ocr_carea' id='block_1_71' title="bbox 2120 2761 3772 2837">
    <p class='ocr_par' dir='ltr' id='par_1_71' title="bbox 2120 2761 3772 2837">
     <span class='ocr_line' id='line_1_71' title="bbox 2120 2761 3772 2837; baseline 0.001 -18"><span class='ocrx_word' id='word_1_525' title='bbox 2120 2770 2322 2837; x_wconf 89' lang='lat' dir='ltr'><strong>posset</strong></span> <span class='ocrx_word' id='word_1_526' title='bbox 2343 2764 2428 2819; x_wconf 91' lang='lat' dir='ltr'><strong>illi</strong></span> <span class='ocrx_word' id='word_1_527' title='bbox 2450 2766 2586 2819; x_wconf 84' lang='lat' dir='ltr'><strong>Jesu</strong></span> <span class='ocrx_word' id='word_1_528' title='bbox 2610 2763 2799 2818; x_wconf 92' lang='lat' dir='ltr'><strong>lucem</strong></span> <span class='ocrx_word' id='word_1_529' title='bbox 2823 2779 3082 2833; x_wconf 66' lang='lat' dir='ltr'><strong>aequare,</strong></span> <span class='ocrx_word' id='word_1_530' title='bbox 3109 2779 3239 2834; x_wconf 70' lang='lat' dir='ltr'><strong>quas</strong></span> <span class='ocrx_word' id='word_1_531' title='bbox 3264 2761 3435 2836; x_wconf 90' lang='lat' dir='ltr'><strong>longe</strong></span> <span class='ocrx_word' id='word_1_532' title='bbox 3455 2765 3772 2835; x_wconf 86' lang='lat' dir='ltr'><strong>majorest,</strong></span> 
     </span>
    </p>
   </div>
   <div class='ocr_carea' id='block_1_72' title="bbox 2121 2851 3771 2923">
    <p class='ocr_par' dir='ltr' id='par_1_72' title="bbox 2121 2851 3771 2923">
     <span class='ocr_line' id='line_1_72' title="bbox 2121 2851 3771 2923; baseline -0.001 -13"><span class='ocrx_word' id='word_1_533' title='bbox 2121 2861 2187 2911; x_wconf 94' lang='lat' dir='ltr'><strong>ut</strong></span> <span class='ocrx_word' id='word_1_534' title='bbox 2214 2872 2283 2909; x_wconf 94' lang='lat' dir='ltr'><strong>eo</strong></span> <span class='ocrx_word' id='word_1_535' title='bbox 2316 2852 2490 2908; x_wconf 89' lang='lat' dir='ltr'><strong>modo</strong></span> <span class='ocrx_word' id='word_1_536' title='bbox 2511 2853 2804 2923; x_wconf 86' lang='lat' dir='ltr'><strong>loquatur,</strong></span> <span class='ocrx_word' id='word_1_537' title='bbox 2839 2869 2954 2922; x_wconf 87' lang='lat' dir='ltr'><strong>quo</strong></span> <span class='ocrx_word' id='word_1_538' title='bbox 2988 2851 3176 2922; x_wconf 89' lang='lat' dir='ltr'><strong>possit</strong></span> <span class='ocrx_word' id='word_1_539' title='bbox 3227 2851 3487 2907; x_wconf 87' lang='lat' dir='ltr'><strong>hominis</strong></span> <span class='ocrx_word' id='word_1_540' title='bbox 3535 2853 3771 2909; x_wconf 91' lang='lat' dir='ltr'><strong>auditus</strong></span> 
     </span>
    </p>
   </div>
   <div class='ocr_carea' id='block_1_73' title="bbox 2124 2940 3769 3016">
    <p class='ocr_par' dir='ltr' id='par_1_73' title="bbox 2124 2940 3769 3016">
     <span class='ocr_line' id='line_1_73' title="bbox 2124 2940 3769 3016; baseline -0.001 -17"><span class='ocrx_word' id='word_1_541' title='bbox 2124 2944 2446 3016; x_wconf 88' lang='lat' dir='ltr'><strong>suscipere,</strong></span> <span class='ocrx_word' id='word_1_542' title='bbox 2474 2943 2559 2997; x_wconf 88' lang='lat' dir='ltr'><strong>ait</strong></span> <span class='ocrx_word' id='word_1_543' title='bbox 2587 2941 2780 2996; x_wconf 90' lang='lat' dir='ltr'><strong>lucem</strong></span> <span class='ocrx_word' id='word_1_544' title='bbox 2813 2940 2977 2995; x_wconf 88' lang='lat' dir='ltr'><strong>illam</strong></span> <span class='ocrx_word' id='word_1_545' title='bbox 3020 2954 3300 3011; x_wconf 81' lang='lat' dir='ltr'><strong>superare</strong></span> <span class='ocrx_word' id='word_1_546' title='bbox 3323 2940 3469 2995; x_wconf 91' lang='lat' dir='ltr'><strong>solis</strong></span> <span class='ocrx_word' id='word_1_547' title='bbox 3494 2941 3769 3014; x_wconf 89' lang='lat' dir='ltr'><strong>splendo-</strong></span> 
     </span>
    </p>
   </div>
   <div class='ocr_carea' id='block_1_74' title="bbox 2124 3049 2272 3089">
    <p class='ocr_par' dir='ltr' id='par_1_74' title="bbox 2124 3049 2272 3089">
     <span class='ocr_line' id='line_1_74' title="bbox 2124 3049 2272 3089; baseline 0.02 -3"><span class='ocrx_word' id='word_1_548' title='bbox 2124 3049 2272 3089; x_wconf 90' lang='lat' dir='ltr'><strong>rem.</strong></span> 
     </span>
    </p>
   </div>
   <div class='ocr_carea' id='block_1_75' title="bbox 2195 3117 3768 3189">
    <p class='ocr_par' dir='ltr' id='par_1_75' title="bbox 2195 3117 3768 3189">
     <span class='ocr_line' id='line_1_75' title="bbox 2195 3117 3768 3189; baseline 0.002 -14"><span class='ocrx_word' id='word_1_549' title='bbox 2195 3120 2397 3187; x_wconf 79' lang='lat' dir='ltr'><strong>XXVI,</strong></span> <span class='ocrx_word' id='word_1_550' title='bbox 2417 3123 2494 3175; x_wconf 85' lang='grc'><strong>19.</strong></span> <span class='ocrx_word' id='word_1_551' title='bbox 2519 3143 2544 3169; x_wconf 88' lang='grc'><strong>‹‹</strong></span> <span class='ocrx_word' id='word_1_552' title='bbox 2564 3117 2857 3184; x_wconf 86' lang='lat' dir='ltr'><strong>Unde,rex</strong></span> <span class='ocrx_word' id='word_1_553' title='bbox 2871 3117 3149 3189; x_wconf 80' lang='lat' dir='ltr'><strong>Agrippa,</strong></span> <span class='ocrx_word' id='word_1_554' title='bbox 3174 3118 3393 3173; x_wconf 84' lang='lat' dir='ltr'><strong>nonfui</strong></span> <span class='ocrx_word' id='word_1_555' title='bbox 3414 3118 3768 3178; x_wconf 88' lang='lat' dir='ltr'><strong>inobediens</strong></span> 
     </span>
    </p>
   </div>
   <div class='ocr_carea' id='block_1_76' title="bbox 2128 3208 2737 3265">
    <p class='ocr_par' dir='ltr' id='par_1_76' title="bbox 2128 3208 2737 3265">
     <span class='ocr_line' id='line_1_76' title="bbox 2128 3208 2737 3265; baseline 0.011 -6"><span class='ocrx_word' id='word_1_556' title='bbox 2128 3234 2153 3259; x_wconf 80' lang='grc' dir='ltr'><strong>(ι</strong></span> <span class='ocrx_word' id='word_1_557' title='bbox 2190 3209 2415 3265; x_wconf 71' lang='grc' dir='ltr'>οωιθεῑί</span> <span class='ocrx_word' id='word_1_558' title='bbox 2448 3208 2679 3265; x_wconf 86' lang='lat' dir='ltr'><strong>visioni.</strong></span> <span class='ocrx_word' id='word_1_559' title='bbox 2710 3230 2737 3256; x_wconf 81' lang='grc'><strong>››</strong></span> 
     </span>
    </p>
   </div>
   <div class='ocr_carea' id='block_1_77' title="bbox 2202 3296 3774 3373">
    <p class='ocr_par' dir='ltr' id='par_1_77' title="bbox 2202 3296 3774 3373">
     <span class='ocr_line' id='line_1_77' title="bbox 2202 3296 3774 3373; baseline 0.001 -19"><span class='ocrx_word' id='word_1_560' title='bbox 2202 3296 2460 3354; x_wconf 78' lang='grc' dir='ltr'>Ὀπτασία</span> <span class='ocrx_word' id='word_1_561' title='bbox 2492 3314 2640 3370; x_wconf 88' lang='lat' dir='ltr'><strong>pura</strong></span> <span class='ocrx_word' id='word_1_562' title='bbox 2683 3296 2826 3352; x_wconf 88' lang='lat' dir='ltr'><strong>visio</strong></span> <span class='ocrx_word' id='word_1_563' title='bbox 2886 3301 2975 3351; x_wconf 90' lang='lat' dir='ltr'><strong>est</strong></span> <span class='ocrx_word' id='word_1_564' title='bbox 3020 3296 3346 3353; x_wconf 88' lang='lat' dir='ltr'><strong>humanam</strong></span> <span class='ocrx_word' id='word_1_565' title='bbox 3405 3300 3774 3373; x_wconf 88' lang='lat' dir='ltr'><strong>supergredi-</strong></span> 
     </span>
    </p>
   </div>
   <div class='ocr_carea' id='block_1_78' title="bbox 2128 3387 3770 3461">
    <p class='ocr_par' dir='ltr' id='par_1_78' title="bbox 2128 3387 3770 3461">
     <span class='ocr_line' id='line_1_78' title="bbox 2128 3387 3770 3461; baseline 0.001 -17"><span class='ocrx_word' id='word_1_566' title='bbox 2128 3396 2225 3444; x_wconf 93' lang='lat' dir='ltr'><strong>tur</strong></span> <span class='ocrx_word' id='word_1_567' title='bbox 2254 3394 2527 3443; x_wconf 88' lang='lat' dir='ltr'><strong>naturam</strong></span> <span class='ocrx_word' id='word_1_568' title='bbox 2558 3387 2720 3442; x_wconf 89' lang='lat' dir='ltr'><strong>illius</strong></span> <span class='ocrx_word' id='word_1_569' title='bbox 2752 3387 2836 3441; x_wconf 90' lang='lat' dir='ltr'><strong>rei</strong></span> <span class='ocrx_word' id='word_1_570' title='bbox 2867 3402 3043 3457; x_wconf 88' lang='lat' dir='ltr'><strong>quam</strong></span> <span class='ocrx_word' id='word_1_571' title='bbox 3076 3403 3195 3442; x_wconf 89' lang='lat' dir='ltr'><strong>non</strong></span> <span class='ocrx_word' id='word_1_572' title='bbox 3227 3393 3422 3459; x_wconf 89' lang='lat' dir='ltr'><strong>potest</strong></span> <span class='ocrx_word' id='word_1_573' title='bbox 3450 3389 3770 3461; x_wconf 90' lang='lat' dir='ltr'><strong>quispiam,</strong></span> 
     </span>
    </p>
   </div>
   <div class='ocr_carea' id='block_1_79' title="bbox 2129 3476 3773 3549">
    <p class='ocr_par' dir='ltr' id='par_1_79' title="bbox 2129 3476 3773 3549">
     <span class='ocr_line' id='line_1_79' title="bbox 2129 3476 3773 3549; baseline 0.003 -15"><span class='ocrx_word' id='word_1_574' title='bbox 2129 3479 2344 3535; x_wconf 88' lang='lat' dir='ltr'><strong>dumin</strong></span> <span class='ocrx_word' id='word_1_575' title='bbox 2360 3494 2539 3533; x_wconf 91' lang='lat' dir='ltr'><strong>carne</strong></span> <span class='ocrx_word' id='word_1_576' title='bbox 2564 3484 2672 3543; x_wconf 91' lang='lat' dir='ltr'><strong>est,</strong></span> <span class='ocrx_word' id='word_1_577' title='bbox 2690 3477 2909 3544; x_wconf 82' lang='lat' dir='ltr'><strong>videre,</strong></span> <span class='ocrx_word' id='word_1_578' title='bbox 2944 3476 3061 3531; x_wconf 91' lang='lat' dir='ltr'><strong>nisi</strong></span> <span class='ocrx_word' id='word_1_579' title='bbox 3096 3477 3283 3549; x_wconf 91' lang='lat' dir='ltr'><strong>ipsius</strong></span> <span class='ocrx_word' id='word_1_580' title='bbox 3305 3478 3462 3534; x_wconf 91' lang='lat' dir='ltr'><strong>oculi</strong></span> <span class='ocrx_word' id='word_1_581' title='bbox 3491 3480 3773 3539; x_wconf 86' lang='lat' dir='ltr'><strong>divinitus</strong></span> 
     </span>
    </p>
   </div>
   <div class='ocr_carea' id='block_1_80' title="bbox 2130 3569 2486 3624">
    <p class='ocr_par' dir='ltr' id='par_1_80' title="bbox 2130 3569 2486 3624">
     <span class='ocr_line' id='line_1_80' title="bbox 2130 3569 2486 3624; baseline -0.006 0"><span class='ocrx_word' id='word_1_582' title='bbox 2130 3569 2486 3624; x_wconf 90' lang='lat' dir='ltr'><strong>revelentur.</strong></span> 
     </span>
    </p>
   </div>
   <div class='ocr_carea' id='block_1_81' title="bbox 2201 3656 3776 3732">
    <p class='ocr_par' dir='ltr' id='par_1_81' title="bbox 2201 3656 3776 3732">
     <span class='ocr_line' id='line_1_81' title="bbox 2201 3656 3776 3732; baseline 0.003 -18"><span class='ocrx_word' id='word_1_583' title='bbox 2201 3658 2402 3725; x_wconf 82' lang='lat' dir='ltr'><strong>XXVI,</strong></span> <span class='ocrx_word' id='word_1_584' title='bbox 2435 3660 2625 3712; x_wconf 85' lang='lat'><strong>20-23.</strong></span> <span class='ocrx_word' id='word_1_585' title='bbox 2651 3680 2677 3706; x_wconf 91' lang='grc'><strong>‹‹</strong></span> <span class='ocrx_word' id='word_1_586' title='bbox 2701 3656 2809 3711; x_wconf 89' lang='lat' dir='ltr'><strong>Sed</strong></span> <span class='ocrx_word' id='word_1_587' title='bbox 2827 3656 2918 3711; x_wconf 91' lang='lat' dir='ltr'><strong>his</strong></span> <span class='ocrx_word' id='word_1_588' title='bbox 2942 3656 3042 3728; x_wconf 90' lang='lat' dir='ltr'><strong>qui</strong></span> <span class='ocrx_word' id='word_1_589' title='bbox 3067 3661 3204 3713; x_wconf 90' lang='lat' dir='ltr'><strong>sunt</strong></span> <span class='ocrx_word' id='word_1_590' title='bbox 3226 3658 3492 3715; x_wconf 86' lang='lat' dir='ltr'><strong>Damasci</strong></span> <span class='ocrx_word' id='word_1_591' title='bbox 3515 3662 3776 3732; x_wconf 90' lang='lat' dir='ltr'><strong>primum</strong></span> 
     </span>
    </p>
   </div>
   <div class='ocr_carea' id='block_1_82' title="bbox 2130 3747 3750 3820">
    <p class='ocr_par' dir='ltr' id='par_1_82' title="bbox 2130 3747 3750 3820">
     <span class='ocr_line' id='line_1_82' title="bbox 2130 3747 3750 3820; baseline 0.001 -15"><span class='ocrx_word' id='word_1_592' title='bbox 2130 3755 2188 3805; x_wconf 93' lang='lat' dir='ltr'><strong>et</strong></span> <span class='ocrx_word' id='word_1_593' title='bbox 2215 3748 2614 3818; x_wconf 83' lang='lat' dir='ltr'><strong>Jerosolymis,</strong></span> <span class='ocrx_word' id='word_1_594' title='bbox 2649 3764 2716 3802; x_wconf 91' lang='lat' dir='ltr'><strong>ac</strong></span> <span class='ocrx_word' id='word_1_595' title='bbox 2747 3764 2852 3818; x_wconf 85' lang='lat' dir='ltr'><strong>per</strong></span> <span class='ocrx_word' id='word_1_596' title='bbox 2891 3763 3129 3801; x_wconf 90' lang='lat' dir='ltr'><strong>omnem</strong></span> <span class='ocrx_word' id='word_1_597' title='bbox 3183 3747 3399 3803; x_wconf 67' lang='lat' dir='ltr'><strong>Iudaea;</strong></span> <span class='ocrx_word' id='word_1_598' title='bbox 3448 3749 3750 3820; x_wconf 79' lang='lat' dir='ltr'><strong>regionem</strong></span> 
     </span>
    </p>
   </div>
   <div class='ocr_carea' id='block_1_83' title="bbox 2130 3816 3779 3907">
    <p class='ocr_par' dir='ltr' id='par_1_83' title="bbox 2130 3816 3779 3907">
     <span class='ocr_line' id='line_1_83' title="bbox 2130 3816 3779 3907; baseline 0.001 -14"><span class='ocrx_word' id='word_1_599' title='bbox 2130 3839 2285 3893; x_wconf 75' lang='lat' dir='ltr'><strong>I76</strong></span> <span class='ocrx_word' id='word_1_600' title='bbox 2336 3816 2550 3892; x_wconf 82' lang='lat' dir='ltr'><strong>deinde</strong></span> <span class='ocrx_word' id='word_1_601' title='bbox 2604 3816 2840 3907; x_wconf 78' lang='lat' dir='ltr'><strong>quoque</strong></span> <span class='ocrx_word' id='word_1_602' title='bbox 2896 3835 3171 3907; x_wconf 89' lang='lat' dir='ltr'><strong>gentibus</strong></span> <span class='ocrx_word' id='word_1_603' title='bbox 3224 3816 3653 3893; x_wconf 82' lang='lat' dir='ltr'><strong>annuutiabam</strong></span> <span class='ocrx_word' id='word_1_604' title='bbox 3711 3816 3779 3899; x_wconf 59' lang='lat' dir='ltr'><strong>ut</strong></span> 
     </span>
    </p>
   </div>
   <div class='ocr_carea' id='block_1_84' title="bbox 2130 3924 3776 3999">
    <p class='ocr_par' dir='ltr' id='par_1_84' title="bbox 2130 3924 3776 3999">
     <span class='ocr_line' id='line_1_84' title="bbox 2130 3924 3776 3999; baseline 0.001 -17"><span class='ocrx_word' id='word_1_605' title='bbox 2130 3927 2554 3999; x_wconf 83' lang='lat' dir='ltr'><strong>resipiscerent</strong></span> <span class='ocrx_word' id='word_1_606' title='bbox 2582 3931 2637 3980; x_wconf 88' lang='lat' dir='ltr'><strong>et</strong></span> <span class='ocrx_word' id='word_1_607' title='bbox 2682 3930 3167 3979; x_wconf 87' lang='lat' dir='ltr'><strong>converterentur</strong></span> <span class='ocrx_word' id='word_1_608' title='bbox 3219 3924 3293 3979; x_wconf 90' lang='lat' dir='ltr'><strong>ad</strong></span> <span class='ocrx_word' id='word_1_609' title='bbox 3346 3925 3549 3987; x_wconf 88' lang='lat' dir='ltr'><strong>Deum.</strong></span> <span class='ocrx_word' id='word_1_610' title='bbox 3596 3944 3776 3998; x_wconf 89' lang='lat' dir='ltr'><strong>opera</strong></span> 
     </span>
    </p>
   </div>
   <div class='ocr_carea' id='block_1_85' title="bbox 2130 4012 3773 4088">
    <p class='ocr_par' dir='ltr' id='par_1_85' title="bbox 2130 4012 3773 4088">
     <span class='ocr_line' id='line_1_85' title="bbox 2130 4012 3773 4088; baseline 0.001 -17"><span class='ocrx_word' id='word_1_611' title='bbox 2130 4016 2416 4072; x_wconf 88' lang='lat' dir='ltr'><strong>facientes</strong></span> <span class='ocrx_word' id='word_1_612' title='bbox 2447 4015 2626 4088; x_wconf 89' lang='lat' dir='ltr'><strong>digna</strong></span> <span class='ocrx_word' id='word_1_613' title='bbox 2656 4012 3105 4085; x_wconf 75' lang='lat' dir='ltr'><strong>resipiscentiae.</strong></span> <span class='ocrx_word' id='word_1_614' title='bbox 3141 4013 3274 4068; x_wconf 63' lang='lat' dir='ltr'><strong>Haec</strong></span> <span class='ocrx_word' id='word_1_615' title='bbox 3305 4029 3375 4068; x_wconf 85' lang='lat' dir='ltr'><strong>ex</strong></span> <span class='ocrx_word' id='word_1_616' title='bbox 3393 4031 3567 4071; x_wconf 89' lang='lat' dir='ltr'><strong>causa</strong></span> <span class='ocrx_word' id='word_1_617' title='bbox 3588 4016 3773 4073; x_wconf 74' lang='grc' dir='ltr'><strong>,ἰυᾱωί</strong></span> 
     </span>
    </p>
   </div>
   <div class='ocr_carea' id='block_1_86' title="bbox 2130 4102 3774 4176">
    <p class='ocr_par' dir='ltr' id='par_1_86' title="bbox 2130 4102 3774 4176">
     <span class='ocr_line' id='line_1_86' title="bbox 2130 4102 3774 4176; baseline 0.002 -15"><span class='ocrx_word' id='word_1_618' title='bbox 2130 4123 2225 4162; x_wconf 89' lang='lat' dir='ltr'><strong>me</strong></span> <span class='ocrx_word' id='word_1_619' title='bbox 2249 4107 2308 4160; x_wconf 90' lang='lat' dir='ltr'><strong>in</strong></span> <span class='ocrx_word' id='word_1_620' title='bbox 2356 4103 2577 4176; x_wconf 88' lang='lat' dir='ltr'><strong>templo</strong></span> <span class='ocrx_word' id='word_1_621' title='bbox 2619 4102 3117 4173; x_wconf 90' lang='lat' dir='ltr'><strong>comprehensum</strong></span> <span class='ocrx_word' id='word_1_622' title='bbox 3168 4107 3546 4161; x_wconf 79' lang='lat' dir='ltr'><strong>tentaverunt</strong></span> <span class='ocrx_word' id='word_1_623' title='bbox 3586 4108 3774 4164; x_wconf 89' lang='lat' dir='ltr'><strong>inter-</strong></span> 
     </span>
    </p>
   </div>
   <div class='ocr_carea' id='block_1_87' title="bbox 2133 4191 3784 4267">
    <p class='ocr_par' dir='ltr' id='par_1_87' title="bbox 2133 4191 3784 4267">
     <span class='ocr_line' id='line_1_87' title="bbox 2133 4191 3784 4267; baseline -0.004 -17"><span class='ocrx_word' id='word_1_624' title='bbox 2133 4197 2328 4251; x_wconf 81' lang='lat' dir='ltr'><strong>ficere.</strong></span> <span class='ocrx_word' id='word_1_625' title='bbox 2365 4195 2463 4249; x_wconf 91' lang='lat' dir='ltr'><strong>Dei</strong></span> <span class='ocrx_word' id='word_1_626' title='bbox 2497 4194 2693 4265; x_wconf 89' lang='lat' dir='ltr'><strong>itaque</strong></span> <span class='ocrx_word' id='word_1_627' title='bbox 2726 4196 2934 4246; x_wconf 87' lang='lat' dir='ltr'><strong>nactus</strong></span> <span class='ocrx_word' id='word_1_628' title='bbox 2965 4191 3275 4255; x_wconf 70' lang='lat' dir='ltr'><strong>auxilium,</strong></span> <span class='ocrx_word' id='word_1_629' title='bbox 3322 4212 3510 4267; x_wconf 91' lang='lat' dir='ltr'><strong>usque</strong></span> <span class='ocrx_word' id='word_1_630' title='bbox 3559 4199 3621 4253; x_wconf 87' lang='lat' dir='ltr'><strong>in</strong></span> <span class='ocrx_word' id='word_1_631' title='bbox 3673 4200 3784 4253; x_wconf 82' lang='lat' dir='ltr'><strong>ho-</strong></span> 
     </span>
    </p>
   </div>
   <div class='ocr_carea' id='block_1_88' title="bbox 2133 4280 3780 4355">
    <p class='ocr_par' dir='ltr' id='par_1_88' title="bbox 2133 4280 3780 4355">
     <span class='ocr_line' id='line_1_88' title="bbox 2133 4280 3780 4355; baseline 0.002 -17"><span class='ocrx_word' id='word_1_632' title='bbox 2133 4283 2407 4339; x_wconf 87' lang='lat' dir='ltr'><strong>diernum</strong></span> <span class='ocrx_word' id='word_1_633' title='bbox 2461 4282 2616 4337; x_wconf 88' lang='lat' dir='ltr'><strong>diem</strong></span> <span class='ocrx_word' id='word_1_634' title='bbox 2668 4288 2779 4347; x_wconf 87' lang='lat' dir='ltr'><strong>sto,</strong></span> <span class='ocrx_word' id='word_1_635' title='bbox 2837 4280 3166 4335; x_wconf 78' lang='lat' dir='ltr'><strong>testificaris</strong></span> <span class='ocrx_word' id='word_1_636' title='bbox 3223 4288 3348 4337; x_wconf 91' lang='lat' dir='ltr'><strong>tum</strong></span> <span class='ocrx_word' id='word_1_637' title='bbox 3408 4301 3603 4355; x_wconf 79' lang='lat' dir='ltr'><strong>parvo,</strong></span> <span class='ocrx_word' id='word_1_638' title='bbox 3651 4292 3780 4345; x_wconf 87' lang='lat' dir='ltr'><strong>tum</strong></span> 
     </span>
    </p>
   </div>
   <div class='ocr_carea' id='block_1_89' title="bbox 2135 4369 3782 4446">
    <p class='ocr_par' dir='ltr' id='par_1_89' title="bbox 2135 4369 3782 4446">
     <span class='ocr_line' id='line_1_89' title="bbox 2135 4369 3782 4446; baseline 0.002 -19"><span class='ocrx_word' id='word_1_639' title='bbox 2135 4388 2368 4445; x_wconf 84' lang='lat' dir='ltr'><strong>magno,</strong></span> <span class='ocrx_word' id='word_1_640' title='bbox 2400 4370 2551 4427; x_wconf 85' lang='lat' dir='ltr'><strong>nihil</strong></span> <span class='ocrx_word' id='word_1_641' title='bbox 2582 4369 2742 4425; x_wconf 91' lang='lat' dir='ltr'><strong>aliud</strong></span> <span class='ocrx_word' id='word_1_642' title='bbox 2774 4369 2978 4425; x_wconf 74' lang='lat' dir='ltr'><strong>dicens</strong></span> <span class='ocrx_word' id='word_1_643' title='bbox 3010 4386 3187 4441; x_wconf 88' lang='lat' dir='ltr'><strong>quam</strong></span> <span class='ocrx_word' id='word_1_644' title='bbox 3221 4388 3290 4426; x_wconf 90' lang='lat' dir='ltr'><strong>ea</strong></span> <span class='ocrx_word' id='word_1_645' title='bbox 3311 4388 3441 4444; x_wconf 76' lang='lat' dir='ltr'><strong>quae</strong></span> <span class='ocrx_word' id='word_1_646' title='bbox 3476 4375 3782 4446; x_wconf 62' lang='lat' dir='ltr'><strong>prophetas</strong></span> 
     </span>
    </p>
   </div>
   <div class='ocr_carea' id='block_1_90' title="bbox 2134 4459 3781 4533">
    <p class='ocr_par' dir='ltr' id='par_1_90' title="bbox 2134 4459 3781 4533">
     <span class='ocr_line' id='line_1_90' title="bbox 2134 4459 3781 4533; baseline 0.003 -17"><span class='ocrx_word' id='word_1_647' title='bbox 2134 4461 2406 4517; x_wconf 81' lang='lat' dir='ltr'><strong>dixerant</strong></span> <span class='ocrx_word' id='word_1_648' title='bbox 2427 4459 2626 4514; x_wconf 84' lang='lat' dir='ltr'><strong>futura</strong></span> <span class='ocrx_word' id='word_1_649' title='bbox 2654 4476 2805 4523; x_wconf 87' lang='lat' dir='ltr'><strong>esse,</strong></span> <span class='ocrx_word' id='word_1_650' title='bbox 2839 4464 2897 4514; x_wconf 91' lang='lat' dir='ltr'><strong>et</strong></span> <span class='ocrx_word' id='word_1_651' title='bbox 2929 4460 3137 4525; x_wconf 84' lang='lat' dir='ltr'><strong>Moses,</strong></span> <span class='ocrx_word' id='word_1_652' title='bbox 3170 4476 3244 4516; x_wconf 90' lang='lat' dir='ltr'><strong>an</strong></span> <span class='ocrx_word' id='word_1_653' title='bbox 3278 4477 3559 4533; x_wconf 87' lang='lat' dir='ltr'><strong>passurus</strong></span> <span class='ocrx_word' id='word_1_654' title='bbox 3600 4464 3781 4523; x_wconf 83' lang='lat' dir='ltr'><strong>fuerit</strong></span> 
     </span>
    </p>
   </div>
   <div class='ocr_carea' id='block_1_91' title="bbox 2132 4548 3781 4620">
    <p class='ocr_par' dir='ltr' id='par_1_91' title="bbox 2132 4548 3781 4620">
     <span class='ocr_line' id='line_1_91' title="bbox 2132 4548 3781 4620; baseline 0.003 -15"><span class='ocrx_word' id='word_1_655' title='bbox 2132 4550 2418 4615; x_wconf 88' lang='lat' dir='ltr'><strong>Christus,</strong></span> <span class='ocrx_word' id='word_1_656' title='bbox 2446 4564 2518 4603; x_wconf 90' lang='lat' dir='ltr'><strong>an</strong></span> <span class='ocrx_word' id='word_1_657' title='bbox 2549 4548 2780 4620; x_wconf 90' lang='lat' dir='ltr'><strong>primus</strong></span> <span class='ocrx_word' id='word_1_658' title='bbox 2812 4564 2883 4602; x_wconf 89' lang='lat' dir='ltr'><strong>ex</strong></span> <span class='ocrx_word' id='word_1_659' title='bbox 2927 4551 3362 4606; x_wconf 90' lang='lat' dir='ltr'><strong>resurrectione</strong></span> <span class='ocrx_word' id='word_1_660' title='bbox 3411 4558 3781 4610; x_wconf 84' lang='lat' dir='ltr'><strong>mortuorum</strong></span> 
     </span>
    </p>
   </div>
   <div class='ocr_carea' id='block_1_92' title="bbox 376 4633 2020 4716">
    <p class='ocr_par' dir='ltr' id='par_1_92' title="bbox 376 4633 2020 4716">
     <span class='ocr_line' id='line_1_92' title="bbox 376 4633 2020 4716; baseline 0.002 -25"><span class='ocrx_word' id='word_1_661' title='bbox 376 4642 487 4716; x_wconf 70' lang='grc' dir='ltr'>φῶς</span> <span class='ocrx_word' id='word_1_662' title='bbox 545 4635 741 4710; x_wconf 77' lang='grc' dir='ltr'>μέλλει</span> <span class='ocrx_word' id='word_1_663' title='bbox 798 4635 1195 4713; x_wconf 80' lang='grc' dir='ltr'>καταγγέλλειν</span> <span class='ocrx_word' id='word_1_664' title='bbox 1277 4641 1356 4711; x_wconf 78' lang='grc' dir='ltr'>τῷ</span> <span class='ocrx_word' id='word_1_665' title='bbox 1442 4635 1560 4710; x_wconf 82' lang='grc' dir='ltr'>λαῷ</span> <span class='ocrx_word' id='word_1_666' title='bbox 1614 4638 1705 4693; x_wconf 84' lang='grc' dir='ltr'><strong>καὶ</strong></span> <span class='ocrx_word' id='word_1_667' title='bbox 1751 4644 1870 4701; x_wconf 84' lang='grc' dir='ltr'>τοῖς</span> <span class='ocrx_word' id='word_1_668' title='bbox 1938 4633 2020 4695; x_wconf 79' lang='grc' dir='ltr'><strong>ἔθ-</strong></span> 
     </span>
    </p>
   </div>
   <div class='ocr_carea' id='block_1_93' title="bbox 2136 4633 3670 4716">
    <p class='ocr_par' dir='ltr' id='par_1_93' title="bbox 2138 4636 3670 4713">
     <span class='ocr_line' id='line_1_93' title="bbox 2138 4636 3670 4713; baseline 0.001 -17"><span class='ocrx_word' id='word_1_669' title='bbox 2138 4640 2343 4696; x_wconf 90' lang='lat' dir='ltr'><strong>lumen</strong></span> <span class='ocrx_word' id='word_1_670' title='bbox 2376 4636 2841 4695; x_wconf 87' lang='lat' dir='ltr'><strong>annuntiaturus</strong></span> <span class='ocrx_word' id='word_1_671' title='bbox 2874 4638 2952 4692; x_wconf 89' lang='lat' dir='ltr'><strong>sit</strong></span> <span class='ocrx_word' id='word_1_672' title='bbox 2982 4639 3201 4710; x_wconf 89' lang='lat' dir='ltr'><strong>populo</strong></span> <span class='ocrx_word' id='word_1_673' title='bbox 3233 4645 3290 4695; x_wconf 91' lang='lat' dir='ltr'><strong>et</strong></span> <span class='ocrx_word' id='word_1_674' title='bbox 3314 4641 3610 4713; x_wconf 89' lang='lat' dir='ltr'><strong>gentibus.</strong></span> <span class='ocrx_word' id='word_1_675' title='bbox 3642 4664 3670 4697; x_wconf 77' lang='grc' dir='ltr'>ι</span> 
     </span>
    </p>
   </div>
   <div class='ocr_carea' id='block_1_94' title="bbox 372 4747 576 4782">
    <p class='ocr_par' dir='ltr' id='par_1_94' title="bbox 372 4747 576 4782">
     <span class='ocr_line' id='line_1_94' title="bbox 372 4747 576 4782; baseline -0.01 -2"><span class='ocrx_word' id='word_1_676' title='bbox 372 4747 505 4782; x_wconf 86' lang='grc' dir='ltr'>νεσι.</span> <span class='ocrx_word' id='word_1_677' title='bbox 546 4750 576 4778; x_wconf 72' lang='grc' dir='ltr'><strong>ιο</strong></span> 
     </span>
    </p>
   </div>
   <div class='ocr_carea' id='block_1_95' title="bbox 441 4812 2025 4893">
    <p class='ocr_par' dir='ltr' id='par_1_95' title="bbox 441 4812 2025 4893">
     <span class='ocr_line' id='line_1_95' title="bbox 441 4812 2025 4893; baseline 0.004 -26"><span class='ocrx_word' id='word_1_678' title='bbox 441 4838 470 4867; x_wconf 80' lang='grc'><strong>‹‹</strong></span> <span class='ocrx_word' id='word_1_679' title='bbox 504 4816 595 4871; x_wconf 79' lang='grc' dir='ltr'>’Θν</span> <span class='ocrx_word' id='word_1_680' title='bbox 622 4836 683 4871; x_wconf 85' lang='grc' dir='ltr'><strong>τε</strong></span> <span class='ocrx_word' id='word_1_681' title='bbox 739 4815 791 4869; x_wconf 76' lang='grc' dir='ltr'>οἱ</span> <span class='ocrx_word' id='word_1_682' title='bbox 850 4816 1128 4893; x_wconf 73' lang='grc' dir='ltr'>προφῆται</span> <span class='ocrx_word' id='word_1_683' title='bbox 1187 4812 1489 4887; x_wconf 71' lang='grc' dir='ltr'>έλάλησαν.</span> <span class='ocrx_word' id='word_1_684' title='bbox 1523 4839 1549 4866; x_wconf 82' lang='grc'><strong>››</strong></span> <span class='ocrx_word' id='word_1_685' title='bbox 1600 4818 1717 4873; x_wconf 86' lang='grc' dir='ltr'>Ἵνα</span> <span class='ocrx_word' id='word_1_686' title='bbox 1777 4820 1852 4890; x_wconf 82' lang='grc' dir='ltr'>μή</span> <span class='ocrx_word' id='word_1_687' title='bbox 1897 4815 2025 4893; x_wconf 78' lang='grc' dir='ltr'><strong>δόξῃ</strong></span> 
     </span>
    </p>
   </div>
   <div class='ocr_carea' id='block_1_96' title="bbox 370 4900 2027 4986">
    <p class='ocr_par' dir='ltr' id='par_1_96' title="bbox 370 4900 2027 4986">
     <span class='ocr_line' id='line_1_96' title="bbox 370 4900 2027 4986; baseline 0.003 -27"><span class='ocrx_word' id='word_1_688' title='bbox 370 4903 531 4969; x_wconf 75' lang='grc' dir='ltr'>αὐτὸς</span> <span class='ocrx_word' id='word_1_689' title='bbox 561 4900 894 4966; x_wconf 84' lang='grc' dir='ltr'>διδάσκαλος</span> <span class='ocrx_word' id='word_1_690' title='bbox 926 4905 1061 4959; x_wconf 82' lang='grc' dir='ltr'>εἶναι</span> <span class='ocrx_word' id='word_1_691' title='bbox 1110 4904 1330 4972; x_wconf 77' lang='grc' dir='ltr'>τούτου,</span> <span class='ocrx_word' id='word_1_692' title='bbox 1388 4902 1573 4979; x_wconf 69' lang='grc' dir='ltr'>ἐπάγει</span> <span class='ocrx_word' id='word_1_693' title='bbox 1627 4906 1752 4970; x_wconf 71' lang='grc' dir='ltr'>τοὺς</span> <span class='ocrx_word' id='word_1_694' title='bbox 1810 4910 2027 4986; x_wconf 73' lang='grc' dir='ltr'>προφή-</span> 
     </span>
    </p>
   </div>
   <div class='ocr_carea' id='block_1_97' title="bbox 367 4989 2025 5069">
    <p class='ocr_par' dir='ltr' id='par_1_97' title="bbox 367 4989 2025 5069">
     <span class='ocr_line' id='line_1_97' title="bbox 367 4989 2025 5069; baseline 0.002 -22"><span class='ocrx_word' id='word_1_695' title='bbox 367 5012 467 5054; x_wconf 88' lang='grc' dir='ltr'><strong>τας</strong></span> <span class='ocrx_word' id='word_1_696' title='bbox 497 4992 706 5048; x_wconf 85' lang='grc' dir='ltr'>καὶτὸν</span> <span class='ocrx_word' id='word_1_697' title='bbox 737 4991 931 5049; x_wconf 72' lang='grc' dir='ltr'>Μωσέα</span> <span class='ocrx_word' id='word_1_698' title='bbox 986 4989 1219 5068; x_wconf 86' lang='grc' dir='ltr'>λέγοντα</span> <span class='ocrx_word' id='word_1_699' title='bbox 1250 5017 1277 5045; x_wconf 76' lang='grc' dir='ltr'><strong>ιι</strong></span> <span class='ocrx_word' id='word_1_700' title='bbox 1339 4992 1387 5048; x_wconf 75' lang='grc' dir='ltr'>εἲ</span> <span class='ocrx_word' id='word_1_701' title='bbox 1442 4993 1683 5064; x_wconf 81' lang='grc' dir='ltr'>παθητὸς</span> <span class='ocrx_word' id='word_1_702' title='bbox 1713 4996 1742 5049; x_wconf 86' lang='grc' dir='ltr'><strong>ὁ</strong></span> <span class='ocrx_word' id='word_1_703' title='bbox 1772 4997 2025 5069; x_wconf 86' lang='grc' dir='ltr'>Χριστὸς,</span> 
     </span>
    </p>
   </div>
   <div class='ocr_carea' id='block_1_98' title="bbox 373 5080 2026 5158">
    <p class='ocr_par' dir='ltr' id='par_1_98' title="bbox 373 5080 2026 5158">
     <span class='ocr_line' id='line_1_98' title="bbox 373 5080 2026 5158; baseline 0.003 -21"><span class='ocrx_word' id='word_1_704' title='bbox 373 5083 419 5137; x_wconf 76' lang='grc' dir='ltr'><strong>εἰ</strong></span> <span class='ocrx_word' id='word_1_705' title='bbox 452 5086 675 5157; x_wconf 87' lang='grc' dir='ltr'>πρῶτος</span> <span class='ocrx_word' id='word_1_706' title='bbox 733 5080 783 5154; x_wconf 72' lang='grc' dir='ltr'><strong>ἐξ</strong></span> <span class='ocrx_word' id='word_1_707' title='bbox 834 5082 1169 5144; x_wconf 79' lang='grc' dir='ltr'>ἀναστάσεως</span> <span class='ocrx_word' id='word_1_708' title='bbox 1228 5085 1453 5158; x_wconf 86' lang='grc' dir='ltr'>νεκρῶν,</span> <span class='ocrx_word' id='word_1_709' title='bbox 1480 5106 1507 5133; x_wconf 76' lang='grc' dir='ltr'>»ι</span> <span class='ocrx_word' id='word_1_710' title='bbox 1565 5084 1653 5138; x_wconf 80' lang='grc' dir='ltr'><strong>καὶ</strong></span> <span class='ocrx_word' id='word_1_711' title='bbox 1683 5083 1750 5139; x_wconf 74' lang='grc' dir='ltr'>τὰ</span> <span class='ocrx_word' id='word_1_712' title='bbox 1780 5085 1921 5158; x_wconf 71' lang='grc' dir='ltr'>ἑξῆς.</span> <span class='ocrx_word' id='word_1_713' title='bbox 1952 5087 2026 5141; x_wconf 93' lang='grc' dir='ltr'>Τὸ</span> 
     </span>
    </p>
   </div>
   <div class='ocr_carea' id='block_1_99' title="bbox 371 5169 2027 5253">
    <p class='ocr_par' dir='ltr' id='par_1_99' title="bbox 371 5169 2027 5253">
     <span class='ocr_line' id='line_1_99' title="bbox 371 5169 2027 5253; baseline 0.002 -26"><span class='ocrx_word' id='word_1_714' title='bbox 371 5169 451 5240; x_wconf 72' lang='grc' dir='ltr'>δί,</span> <span class='ocrx_word' id='word_1_715' title='bbox 475 5172 544 5240; x_wconf 81' lang='grc' dir='ltr'>εἶ,</span> <span class='ocrx_word' id='word_1_716' title='bbox 577 5171 697 5228; x_wconf 76' lang='grc' dir='ltr'>ἀντὶ</span> <span class='ocrx_word' id='word_1_717' title='bbox 752 5175 872 5242; x_wconf 77' lang='grc' dir='ltr'>τοῦ,</span> <span class='ocrx_word' id='word_1_718' title='bbox 931 5171 1037 5243; x_wconf 75' lang='grc' dir='ltr'>ὅτι,</span> <span class='ocrx_word' id='word_1_719' title='bbox 1071 5172 1203 5232; x_wconf 76' lang='grc' dir='ltr'>ἐστί.</span> <span class='ocrx_word' id='word_1_720' title='bbox 1236 5178 1463 5242; x_wconf 82' lang='grc' dir='ltr'>Μωσῆς,</span> <span class='ocrx_word' id='word_1_721' title='bbox 1497 5173 1680 5253; x_wconf 75' lang='grc' dir='ltr'>φησὶν,</span> <span class='ocrx_word' id='word_1_722' title='bbox 1741 5177 1886 5230; x_wconf 80' lang='grc' dir='ltr'>εἶπεν</span> <span class='ocrx_word' id='word_1_723' title='bbox 1943 5175 2027 5231; x_wconf 59' lang='grc' dir='ltr'>*ἔτι</span> 
     </span>
    </p>
   </div>
   <div class='ocr_carea' id='block_1_100' title="bbox 370 5262 2027 5343">
    <p class='ocr_par' dir='ltr' id='par_1_100' title="bbox 370 5262 2027 5343">
     <span class='ocr_line' id='line_1_100' title="bbox 370 5262 2027 5343; baseline 0.001 -24"><span class='ocrx_word' id='word_1_724' title='bbox 370 5262 620 5335; x_wconf 78' lang='grc' dir='ltr'>παθητὸς</span> <span class='ocrx_word' id='word_1_725' title='bbox 650 5263 679 5317; x_wconf 82' lang='grc' dir='ltr'>ὁ</span> <span class='ocrx_word' id='word_1_726' title='bbox 707 5262 962 5336; x_wconf 85' lang='grc' dir='ltr'>Χριστὸς,</span> <span class='ocrx_word' id='word_1_727' title='bbox 994 5267 1213 5337; x_wconf 89' lang='grc' dir='ltr'>πρῶτος</span> <span class='ocrx_word' id='word_1_728' title='bbox 1271 5262 1321 5336; x_wconf 76' lang='grc' dir='ltr'><strong>ἐξ</strong></span> <span class='ocrx_word' id='word_1_729' title='bbox 1375 5262 1737 5327; x_wconf 81' lang='grc' dir='ltr'>ἀναστάσεως.</span> <span class='ocrx_word' id='word_1_730' title='bbox 1800 5269 2027 5343; x_wconf 83' lang='grc' dir='ltr'>Ηρῶτος</span> 
     </span>
    </p>
   </div>
   <div class='ocr_carea' id='block_1_101' title="bbox 368 5348 2027 5434">
    <p class='ocr_par' dir='ltr' id='par_1_101' title="bbox 368 5348 2027 5434">
     <span class='ocr_line' id='line_1_101' title="bbox 368 5348 2027 5434; baseline 0.002 -27"><span class='ocrx_word' id='word_1_731' title='bbox 368 5354 476 5430; x_wconf 77' lang='grc' dir='ltr'><strong>γάρ</strong></span> <span class='ocrx_word' id='word_1_732' title='bbox 498 5348 660 5414; x_wconf 73' lang='grc' dir='ltr'>οὗτος</span> <span class='ocrx_word' id='word_1_733' title='bbox 686 5350 906 5423; x_wconf 80' lang='grc' dir='ltr'>ἀνέστη,</span> <span class='ocrx_word' id='word_1_734' title='bbox 950 5353 1042 5408; x_wconf 87' lang='grc' dir='ltr'><strong>καὶ</strong></span> <span class='ocrx_word' id='word_1_735' title='bbox 1101 5354 1203 5408; x_wconf 85' lang='grc' dir='ltr'><strong>οὑκ</strong></span> <span class='ocrx_word' id='word_1_736' title='bbox 1260 5352 1337 5408; x_wconf 79' lang='grc' dir='ltr'>ἔτι</span> <span class='ocrx_word' id='word_1_737' title='bbox 1392 5354 1743 5426; x_wconf 72' lang='grc' dir='ltr'>ἀποθνήσκει.</span> <span class='ocrx_word' id='word_1_738' title='bbox 1804 5356 1867 5409; x_wconf 75' lang='grc' dir='ltr'><strong>Οἱ</strong></span> <span class='ocrx_word' id='word_1_739' title='bbox 1923 5357 2027 5434; x_wconf 73' lang='grc' dir='ltr'>γὰρ</span> 
     </span>
    </p>
   </div>
   <div class='ocr_carea' id='block_1_102' title="bbox 370 5437 2027 5518">
    <p class='ocr_par' dir='ltr' id='par_1_102' title="bbox 370 5437 2027 5518">
     <span class='ocr_line' id='line_1_102' title="bbox 370 5437 2027 5518; baseline 0.002 -20"><span class='ocrx_word' id='word_1_740' title='bbox 370 5443 698 5503; x_wconf 79' lang='grc' dir='ltr'>ἀναστάντες</span> <span class='ocrx_word' id='word_1_741' title='bbox 731 5437 803 5496; x_wconf 84' lang='grc' dir='ltr'><strong>δι’</strong></span> <span class='ocrx_word' id='word_1_742' title='bbox 828 5442 994 5498; x_wconf 81' lang='grc' dir='ltr'>αὑτοῦ</span> <span class='ocrx_word' id='word_1_743' title='bbox 1025 5442 1060 5513; x_wconf 77' lang='grc' dir='ltr'>ἢ</span> <span class='ocrx_word' id='word_1_744' title='bbox 1084 5446 1192 5497; x_wconf 91' lang='grc' dir='ltr'><strong>τῶν</strong></span> <span class='ocrx_word' id='word_1_745' title='bbox 1224 5445 1503 5518; x_wconf 87' lang='grc' dir='ltr'>μαθητῶν,</span> <span class='ocrx_word' id='word_1_746' title='bbox 1542 5442 1630 5499; x_wconf 76' lang='grc' dir='ltr'>καὶ</span> <span class='ocrx_word' id='word_1_747' title='bbox 1692 5446 1744 5499; x_wconf 79' lang='grc' dir='ltr'>οἱ</span> <span class='ocrx_word' id='word_1_748' title='bbox 1801 5442 1892 5501; x_wconf 84' lang='grc' dir='ltr'>διά</span> <span class='ocrx_word' id='word_1_749' title='bbox 1918 5451 2027 5502; x_wconf 88' lang='grc' dir='ltr'><strong>τῶν</strong></span> 
     </span>
    </p>
   </div>
   <div class='ocr_carea' id='block_1_103' title="bbox 363 5528 2029 5609">
    <p class='ocr_par' dir='ltr' id='par_1_103' title="bbox 363 5528 2029 5609">
     <span class='ocr_line' id='line_1_103' title="bbox 363 5528 2029 5609; baseline 0.004 -22"><span class='ocrx_word' id='word_1_750' title='bbox 363 5535 691 5609; x_wconf 75' lang='grc' dir='ltr'>προφητῶν,</span> <span class='ocrx_word' id='word_1_751' title='bbox 724 5529 891 5586; x_wconf 73' lang='grc' dir='ltr'>πάλιν</span> <span class='ocrx_word' id='word_1_752' title='bbox 924 5530 1205 5599; x_wconf 82' lang='grc' dir='ltr'>ἀπέθανον,</span> <span class='ocrx_word' id='word_1_753' title='bbox 1246 5528 1351 5597; x_wconf 70' lang='grc' dir='ltr'>ἕως</span> <span class='ocrx_word' id='word_1_754' title='bbox 1379 5540 1479 5605; x_wconf 88' lang='grc' dir='ltr'><strong>τῆς</strong></span> <span class='ocrx_word' id='word_1_755' title='bbox 1528 5534 1769 5600; x_wconf 81' lang='grc' dir='ltr'>καθόλου</span> <span class='ocrx_word' id='word_1_756' title='bbox 1797 5536 2029 5593; x_wconf 82' lang='grc' dir='ltr'>ἀναστά-</span> 
     </span>
    </p>
   </div>
   <div class='ocr_carea' id='block_1_104' title="bbox 366 5621 817 5698">
    <p class='ocr_par' dir='ltr' id='par_1_104' title="bbox 366 5621 817 5698">
     <span class='ocr_line' id='line_1_104' title="bbox 366 5621 817 5698; baseline 0.004 -23"><span class='ocrx_word' id='word_1_757' title='bbox 366 5645 503 5686; x_wconf 65' lang='lat' dir='ltr'><strong>om);</strong></span> <span class='ocrx_word' id='word_1_758' title='bbox 539 5621 817 5698; x_wconf 72' lang='grc' dir='ltr'>μένοντες.</span> 
     </span>
    </p>
   </div>
   <div class='ocr_carea' id='block_1_105' title="bbox 2209 4817 3787 4894">
    <p class='ocr_par' dir='ltr' id='par_1_105' title="bbox 2209 4817 3787 4894">
     <span class='ocr_line' id='line_1_105' title="bbox 2209 4817 3787 4894; baseline 0.006 -22"><span class='ocrx_word' id='word_1_759' title='bbox 2209 4844 2237 4872; x_wconf 77' lang='grc' dir='ltr'>ι(</span> <span class='ocrx_word' id='word_1_760' title='bbox 2273 4820 2430 4875; x_wconf 86' lang='lat' dir='ltr'><strong>Nihil</strong></span> <span class='ocrx_word' id='word_1_761' title='bbox 2460 4817 2621 4874; x_wconf 91' lang='lat' dir='ltr'><strong>aliud</strong></span> <span class='ocrx_word' id='word_1_762' title='bbox 2653 4817 2857 4873; x_wconf 88' lang='lat' dir='ltr'><strong>dicens</strong></span> <span class='ocrx_word' id='word_1_763' title='bbox 2888 4833 3069 4890; x_wconf 90' lang='lat' dir='ltr'><strong>quam</strong></span> <span class='ocrx_word' id='word_1_764' title='bbox 3099 4834 3169 4873; x_wconf 92' lang='lat' dir='ltr'><strong>ea</strong></span> <span class='ocrx_word' id='word_1_765' title='bbox 3200 4836 3331 4890; x_wconf 65' lang='lat' dir='ltr'><strong>quas</strong></span> <span class='ocrx_word' id='word_1_766' title='bbox 3363 4821 3667 4894; x_wconf 59' lang='lat' dir='ltr'><strong>propheta</strong></span> <span class='ocrx_word' id='word_1_767' title='bbox 3701 4824 3787 4880; x_wconf 81' lang='lat' dir='ltr'><strong>di-</strong></span> 
     </span>
    </p>
   </div>
   <div class='ocr_carea' id='block_1_106' title="bbox 2135 4905 3783 4985">
    <p class='ocr_par' dir='ltr' id='par_1_106' title="bbox 2135 4905 3783 4985">
     <span class='ocr_line' id='line_1_106' title="bbox 2135 4905 3783 4985; baseline 0.003 -19"><span class='ocrx_word' id='word_1_768' title='bbox 2135 4914 2368 4966; x_wconf 88' lang='lat' dir='ltr'><strong>xerunt.</strong></span> <span class='ocrx_word' id='word_1_769' title='bbox 2407 4930 2433 4958; x_wconf 89' lang='grc'><strong>››</strong></span> <span class='ocrx_word' id='word_1_770' title='bbox 2465 4908 2545 4961; x_wconf 90' lang='lat' dir='ltr'><strong>Ne</strong></span> <span class='ocrx_word' id='word_1_771' title='bbox 2576 4907 2754 4978; x_wconf 87' lang='lat' dir='ltr'><strong>hujus</strong></span> <span class='ocrx_word' id='word_1_772' title='bbox 2787 4907 2870 4961; x_wconf 91' lang='lat' dir='ltr'><strong>rei</strong></span> <span class='ocrx_word' id='word_1_773' title='bbox 2902 4905 3110 4962; x_wconf 90' lang='lat' dir='ltr'><strong>doctor</strong></span> <span class='ocrx_word' id='word_1_774' title='bbox 3130 4907 3437 4978; x_wconf 84' lang='lat' dir='ltr'><strong>habeatur,</strong></span> <span class='ocrx_word' id='word_1_775' title='bbox 3462 4914 3783 4985; x_wconf 88' lang='lat' dir='ltr'><strong>prophetas</strong></span> 
     </span>
    </p>
   </div>
   <div class='ocr_carea' id='block_1_107' title="bbox 2137 4995 3785 5070">
    <p class='ocr_par' dir='ltr' id='par_1_107' title="bbox 2137 4995 3785 5070">
     <span class='ocr_line' id='line_1_107' title="bbox 2137 4995 3785 5070; baseline 0.004 -17"><span class='ocrx_word' id='word_1_776' title='bbox 2137 4998 2380 5054; x_wconf 91' lang='lat' dir='ltr'><strong>adducit</strong></span> <span class='ocrx_word' id='word_1_777' title='bbox 2432 5012 2499 5051; x_wconf 90' lang='lat' dir='ltr'><strong>ac</strong></span> <span class='ocrx_word' id='word_1_778' title='bbox 2558 4996 2755 5049; x_wconf 87' lang='lat' dir='ltr'><strong>Mosen</strong></span> <span class='ocrx_word' id='word_1_779' title='bbox 2805 4995 3127 5062; x_wconf 90' lang='lat' dir='ltr'><strong>dicentem,</strong></span> <span class='ocrx_word' id='word_1_780' title='bbox 3161 5012 3236 5052; x_wconf 88' lang='lat' dir='ltr'><strong>an</strong></span> <span class='ocrx_word' id='word_1_781' title='bbox 3294 5016 3577 5070; x_wconf 87' lang='lat' dir='ltr'><strong>passurus</strong></span> <span class='ocrx_word' id='word_1_782' title='bbox 3603 5002 3785 5059; x_wconf 85' lang='lat' dir='ltr'><strong>fuerit</strong></span> 
     </span>
    </p>
   </div>
   <div class='ocr_carea' id='block_1_108' title="bbox 2140 5082 3785 5163">
    <p class='ocr_par' dir='ltr' id='par_1_108' title="bbox 2140 5082 3785 5163">
     <span class='ocr_line' id='line_1_108' title="bbox 2140 5082 3785 5163; baseline 0.003 -20"><span class='ocrx_word' id='word_1_783' title='bbox 2140 5086 2428 5153; x_wconf 89' lang='lat' dir='ltr'><strong>Christus,</strong></span> <span class='ocrx_word' id='word_1_784' title='bbox 2461 5100 2535 5140; x_wconf 91' lang='lat' dir='ltr'><strong>an</strong></span> <span class='ocrx_word' id='word_1_785' title='bbox 2566 5082 2794 5155; x_wconf 89' lang='lat' dir='ltr'><strong>primus</strong></span> <span class='ocrx_word' id='word_1_786' title='bbox 2825 5098 2892 5137; x_wconf 86' lang='lat' dir='ltr'><strong>ex</strong></span> <span class='ocrx_word' id='word_1_787' title='bbox 2926 5086 3360 5143; x_wconf 91' lang='lat' dir='ltr'><strong>resurrectione</strong></span> <span class='ocrx_word' id='word_1_788' title='bbox 3391 5096 3785 5163; x_wconf 89' lang='lat' dir='ltr'><strong>mortuorum,</strong></span> 
     </span>
    </p>
   </div>
   <div class='ocr_carea' id='block_1_109' title="bbox 2138 5171 3785 5254">
    <p class='ocr_par' dir='ltr' id='par_1_109' title="bbox 2138 5171 3785 5254">
     <span class='ocr_line' id='line_1_109' title="bbox 2138 5171 3785 5254; baseline 0.005 -22"><span class='ocrx_word' id='word_1_789' title='bbox 2138 5183 2284 5243; x_wconf 85' lang='lat' dir='ltr'><strong>etc.;</strong></span> <span class='ocrx_word' id='word_1_790' title='bbox 2317 5172 2362 5228; x_wconf 79' lang='grc' dir='ltr'>εἶ</span> <span class='ocrx_word' id='word_1_791' title='bbox 2394 5190 2551 5239; x_wconf 92' lang='lat' dir='ltr'><strong>vero,</strong></span> <span class='ocrx_word' id='word_1_792' title='bbox 2585 5171 2644 5226; x_wconf 88' lang='lat' dir='ltr'><strong>id</strong></span> <span class='ocrx_word' id='word_1_793' title='bbox 2677 5176 2767 5226; x_wconf 86' lang='lat' dir='ltr'><strong>est</strong></span> <span class='ocrx_word' id='word_1_794' title='bbox 2794 5188 2893 5241; x_wconf 89' lang='lat' dir='ltr'><strong>an,</strong></span> <span class='ocrx_word' id='word_1_795' title='bbox 2926 5173 3161 5245; x_wconf 90' lang='lat' dir='ltr'><strong>capitur</strong></span> <span class='ocrx_word' id='word_1_796' title='bbox 3184 5192 3290 5247; x_wconf 92' lang='lat' dir='ltr'><strong>pro</strong></span> <span class='ocrx_word' id='word_1_797' title='bbox 3311 5174 3469 5234; x_wconf 77' lang='grc' dir='ltr'><strong>ὅτιὶά</strong></span> <span class='ocrx_word' id='word_1_798' title='bbox 3493 5182 3785 5254; x_wconf 89' lang='lat' dir='ltr'><strong>estquod.</strong></span> 
     </span>
    </p>
   </div>
   <div class='ocr_carea' id='block_1_110' title="bbox 2138 5258 3785 5341">
    <p class='ocr_par' dir='ltr' id='par_1_110' title="bbox 2138 5258 3785 5341">
     <span class='ocr_line' id='line_1_110' title="bbox 2138 5258 3785 5341; baseline 0.004 -22"><span class='ocrx_word' id='word_1_799' title='bbox 2138 5266 2348 5330; x_wconf 82' lang='lat' dir='ltr'><strong>Moses,</strong></span> <span class='ocrx_word' id='word_1_800' title='bbox 2381 5260 2596 5333; x_wconf 87' lang='lat' dir='ltr'><strong>inquit,</strong></span> <span class='ocrx_word' id='word_1_801' title='bbox 2631 5258 2777 5314; x_wconf 84' lang='lat' dir='ltr'><strong>dixit</strong></span> <span class='ocrx_word' id='word_1_802' title='bbox 2806 5260 2966 5331; x_wconf 87' lang='lat' dir='ltr'><strong>quod</strong></span> <span class='ocrx_word' id='word_1_803' title='bbox 2996 5278 3279 5333; x_wconf 89' lang='lat' dir='ltr'><strong>passurus</strong></span> <span class='ocrx_word' id='word_1_804' title='bbox 3312 5271 3469 5322; x_wconf 89' lang='lat' dir='ltr'><strong>esset</strong></span> <span class='ocrx_word' id='word_1_805' title='bbox 3496 5270 3785 5341; x_wconf 87' lang='lat' dir='ltr'><strong>Christus,</strong></span> 
     </span>
    </p>
   </div>
   <div class='ocr_carea' id='block_1_111' title="bbox 2137 5350 3787 5426">
    <p class='ocr_par' dir='ltr' id='par_1_111' title="bbox 2137 5350 3787 5426">
     <span class='ocr_line' id='line_1_111' title="bbox 2137 5350 3787 5426; baseline 0.005 -19"><span class='ocrx_word' id='word_1_806' title='bbox 2137 5354 2369 5426; x_wconf 88' lang='lat' dir='ltr'><strong>primus</strong></span> <span class='ocrx_word' id='word_1_807' title='bbox 2399 5367 2468 5405; x_wconf 81' lang='lat' dir='ltr'><strong>ex</strong></span> <span class='ocrx_word' id='word_1_808' title='bbox 2496 5350 2952 5405; x_wconf 89' lang='lat' dir='ltr'><strong>resurrectione.</strong></span> <span class='ocrx_word' id='word_1_809' title='bbox 2987 5351 3220 5407; x_wconf 89' lang='lat' dir='ltr'><strong>Primus</strong></span> <span class='ocrx_word' id='word_1_810' title='bbox 3250 5354 3546 5426; x_wconf 90' lang='lat' dir='ltr'><strong>siquidem</strong></span> <span class='ocrx_word' id='word_1_811' title='bbox 3567 5357 3666 5413; x_wconf 89' lang='lat' dir='ltr'><strong>hic</strong></span> <span class='ocrx_word' id='word_1_812' title='bbox 3694 5377 3787 5416; x_wconf 82' lang='lat' dir='ltr'><strong>re-</strong></span> 
     </span>
    </p>
   </div>
   <div class='ocr_carea' id='block_1_112' title="bbox 2140 5437 3789 5522">
    <p class='ocr_par' dir='ltr' id='par_1_112' title="bbox 2140 5437 3789 5522">
     <span class='ocr_line' id='line_1_112' title="bbox 2140 5437 3789 5522; baseline 0.004 -22"><span class='ocrx_word' id='word_1_813' title='bbox 2140 5441 2398 5500; x_wconf 81' lang='lat' dir='ltr'><strong>surrexit</strong></span> <span class='ocrx_word' id='word_1_814' title='bbox 2425 5455 2536 5495; x_wconf 91' lang='lat' dir='ltr'><strong>nec</strong></span> <span class='ocrx_word' id='word_1_815' title='bbox 2569 5437 2823 5510; x_wconf 89' lang='lat' dir='ltr'><strong>amplius</strong></span> <span class='ocrx_word' id='word_1_816' title='bbox 2855 5440 3110 5496; x_wconf 89' lang='lat' dir='ltr'><strong>moritur</strong></span> <span class='ocrx_word' id='word_1_817' title='bbox 3146 5459 3159 5497; x_wconf 87' lang='lat'><strong>:</strong></span> <span class='ocrx_word' id='word_1_818' title='bbox 3196 5459 3330 5499; x_wconf 91' lang='lat' dir='ltr'><strong>cum</strong></span> <span class='ocrx_word' id='word_1_819' title='bbox 3357 5446 3517 5502; x_wconf 90' lang='lat' dir='ltr'><strong>enim</strong></span> <span class='ocrx_word' id='word_1_820' title='bbox 3550 5454 3654 5505; x_wconf 89' lang='lat' dir='ltr'><strong>aut</strong></span> <span class='ocrx_word' id='word_1_821' title='bbox 3683 5468 3789 5522; x_wconf 90' lang='lat' dir='ltr'><strong>per</strong></span> 
     </span>
    </p>
   </div>
   <div class='ocr_carea' id='block_1_113' title="bbox 2138 5526 3781 5608">
    <p class='ocr_par' dir='ltr' id='par_1_113' title="bbox 2138 5526 3781 5608">
     <span class='ocr_line' id='line_1_113' title="bbox 2138 5526 3781 5608; baseline 0.003 -19"><span class='ocrx_word' id='word_1_822' title='bbox 2138 5548 2293 5599; x_wconf 89' lang='lat' dir='ltr'><strong>eum,</strong></span> <span class='ocrx_word' id='word_1_823' title='bbox 2325 5535 2427 5587; x_wconf 91' lang='lat' dir='ltr'><strong>aut</strong></span> <span class='ocrx_word' id='word_1_824' title='bbox 2444 5547 2549 5602; x_wconf 92' lang='lat' dir='ltr'><strong>per</strong></span> <span class='ocrx_word' id='word_1_825' title='bbox 2571 5526 2915 5600; x_wconf 90' lang='lat' dir='ltr'><strong>discipulos,</strong></span> <span class='ocrx_word' id='word_1_826' title='bbox 2942 5530 3217 5585; x_wconf 90' lang='lat' dir='ltr'><strong>similiter</strong></span> <span class='ocrx_word' id='word_1_827' title='bbox 3238 5537 3296 5586; x_wconf 91' lang='lat' dir='ltr'><strong>et</strong></span> <span class='ocrx_word' id='word_1_828' title='bbox 3316 5549 3422 5605; x_wconf 88' lang='lat' dir='ltr'><strong>per</strong></span> <span class='ocrx_word' id='word_1_829' title='bbox 3439 5537 3781 5608; x_wconf 88' lang='lat' dir='ltr'><strong>prophetas,</strong></span> 
     </span>
    </p>
   </div>
   <div class='ocr_carea' id='block_1_114' title="bbox 2139 5624 3776 5700">
    <p class='ocr_par' dir='ltr' id='par_1_114' title="bbox 2139 5624 3776 5700">
     <span class='ocr_line' id='line_1_114' title="bbox 2139 5624 3776 5700; baseline 0 -17"><span class='ocrx_word' id='word_1_830' title='bbox 2139 5626 2238 5684; x_wconf 86' lang='lat' dir='ltr'><strong>alii</strong></span> <span class='ocrx_word' id='word_1_831' title='bbox 2272 5624 2516 5700; x_wconf 87' lang='lat' dir='ltr'><strong>quidam</strong></span> <span class='ocrx_word' id='word_1_832' title='bbox 2560 5628 3032 5692; x_wconf 83' lang='lat' dir='ltr'><strong>resurrexerant,</strong></span> <span class='ocrx_word' id='word_1_833' title='bbox 3078 5640 3315 5681; x_wconf 88' lang='lat' dir='ltr'><strong>rursum</strong></span> <span class='ocrx_word' id='word_1_834' title='bbox 3360 5628 3576 5683; x_wconf 88' lang='lat' dir='ltr'><strong>mortui</strong></span> <span class='ocrx_word' id='word_1_835' title='bbox 3619 5634 3776 5697; x_wconf 85' lang='lat' dir='ltr'><strong>sunt,</strong></span> 
     </span>
    </p>
   </div>
   <div class='ocr_carea' id='block_1_115' title="bbox 2135 5710 3530 5789">
    <p class='ocr_par' dir='ltr' id='par_1_115' title="bbox 2135 5710 3530 5789">
     <span class='ocr_line' id='line_1_115' title="bbox 2135 5710 3530 5789; baseline -0.005 -14"><span class='ocrx_word' id='word_1_836' title='bbox 2135 5718 2545 5789; x_wconf 81' lang='lat' dir='ltr'><strong>exspectantes</strong></span> <span class='ocrx_word' id='word_1_837' title='bbox 2577 5710 2976 5769; x_wconf 82' lang='lat' dir='ltr'><strong>universalem</strong></span> <span class='ocrx_word' id='word_1_838' title='bbox 3007 5713 3530 5770; x_wconf 84' lang='lat' dir='ltr'><strong>resurrectionem.</strong></span> 
     </span>
    </p>
   </div>
  </div>
