4176 6200
391 359 498 418 291

1374 337 1777 402 COMMENT.
1829 337 1908 396 IN
1955 336 2164 398 ACTA
2205 337 2816 403 APOSTOLORUM.

3673 348 3792 408 9.92

460 495 654 558 XXVI,
692 489 872 544 24-52.
909 505 937 533 ‹‹
965 484 1098 536 Ηωο
1129 483 1328 534 autem
1359 493 1492 533 cum
1523 493 1630 548 pro
1683 492 1746 531 se
1788 474 2023 546 diceret=

2149 492 2178 560 rc
2211 474 2392 528 Ταῦτα
2423 470 2479 527 δὲ
2507 474 2672 560 αὐτοῦ
2731 475 3199 552 ἀπολογουμένου,
3259 481 3288 534 6
3349 485 3567 550 Φῆστος
3625 481 3796 560 μεγά-

389 585 593 640 Festus
617 593 828 647 magna
859 589 994 627 voce
1022 571 1144 626 ait:
1179 567 1431 631 Insanis,
1481 565 1680 633 Paule,
1729 565 1929 620 multae
1979 571 2031 622 te

388 673 599 726 litterae
629 667 702 722 ad
734 663 1028 719 insaniam
1060 663 1428 714 convertunt.
1481 658 1549 710 Et
1596 655 1810 710 Paulus
1844 673 1854 709 :
1907 658 2032 710 Non

385 758 644 822 insanio,
697 753 914 824 inquit,
957 747 1445 821 praestantissime
1497 746 1683 810 Feste,
1737 744 1839 798 sed
1887 745 2032 798 veri-

389 851 524 904 tatis
560 855 617 902 et
649 843 986 900 sobrietatis
1033 841 1206 895 verba
1251 839 1515 908 eloquor.
1571 837 1690 890 Scit
1752 837 1912 890 enim
1959 837 2030 893 de

387 930 482 982 his
514 945 635 991 rex,
683 925 757 980 ad
788 940 966 994 quem
1015 927 1073 975 et
1112 919 1298 974 libere
1359 917 1590 987 loquor.
1646 917 1845 970 Latere
1897 933 2031 972 eum

387 1019 539 1072 nihil
597 1018 808 1071 horum
859 1012 1134 1068 arbitror.
1209 1007 1510 1078 Siquidem
1560 1022 1752 1075 neque
1799 1006 1908 1060 hoc
1971 1005 2030 1060 in

386 1107 602 1176 angulo
663 1109 892 1178 gestum
950 1107 1056 1156 est.
1119 1097 1343 1164 Credis,
1403 1113 1506 1150 rex
1561 1096 1834 1168 Agrippa,
1895 1112 2032 1166 pro—

385 1197 630 1270 phetis?
662 1196 790 1250 Scio
824 1192 980 1264 quod
1012 1190 1235 1246 credas.
1267 1187 1522 1258 Agrippa
1551 1193 1746 1240 autem
1773 1184 1844 1239 ad
1877 1187 2029 1240 Pau-

387 1288 512 1341 lum
544 1287 660 1341 ait:
697 1283 904 1339 Paucis
932 1279 1145 1335 suades
1177 1278 1320 1331 mihi
1355 1281 1418 1330 ut
1469 1275 1837 1329 Christianus
1897 1273 2030 1330 effi-

387 1377 528 1432 ciar.
566 1375 780 1430 Paulus
829 1387 964 1424 vero
1023 1368 1206 1422 dixit:
1266 1365 1526 1436 Optarim
1589 1379 1730 1418 sane
1762 1381 1796 1418 a
1823 1365 1941 1418 Deo
1973 1369 2038 1419 et

387 1465 592 1539 paucis
617 1470 674 1518 et
707 1461 930 1524 multis,
967 1475 1084 1512 non
1123 1462 1174 1509 te
1205 1454 1420 1520 solum,
1451 1452 1554 1507 sed
1585 1452 1765 1507 etiam
1823 1469 2030 1507 omnes

389 1554 486 1625 qui
522 1553 772 1608 audiunt
819 1548 1014 1610 hodie,
1077 1562 1204 1600 esse
1251 1543 1398 1598 tales
1457 1542 1650 1613 qualis
1710 1559 1814 1614 ego
1873 1560 2028 1610 sum,

387 1641 646 1712 exceptis
675 1638 924 1694 vinculis
955 1637 1066 1690 his.
1104 1637 1365 1704 Cumque
1419 1633 1541 1686 haec
1587 1631 1819 1686 locutus
1852 1637 2026 1698 esset,

385 1730 645 1786 surrexit
675 1746 776 1782 rex
799 1745 866 1782 ac
896 1741 1119 1798 praeses
1153 1731 1210 1777 et
1241 1721 1483 1778 Bernice
1541 1721 1760 1792 quique
1801 1721 2026 1776 asside-

383 1821 545 1876 bant.
579 1822 648 1873 Et
677 1835 810 1874 cum
843 1815 1246 1872 secessissent.
1305 1811 1702 1882 loquebantur
1733 1811 1886 1864 inter
1944 1828 2025 1865 se.

387 1909 692 1964 dicentes:
725 1906 878 1962 Nihil
913 1911 1098 1960 morte
1131 1909 1233 1958 aut
1279 1900 1530 1955 vinculis
1592 1898 1833 1972 dignum
1887 1900 2028 1954 facit

385 1997 562 2052 homo
590 1998 720 2052 iste.
759 1995 1013 2068 Agrippa
1059 2008 1194 2046 vero
1253 1991 1421 2044 Festo
1455 1988 1641 2042 dixit:
1677 1988 1902 2042 Dimitti
1933 2006 2029 2060 po-

381 2093 534 2140 terat
560 2087 654 2141 hic
687 2087 884 2153 homo,
921 2083 968 2137 si
1001 2098 1118 2136 non
1154 2078 1514 2150 appellasset
1544 2079 1854 2134 Cmsarem.
1893 2099 1919 2126 ››

2145 559 2216 634 λῃ
2248 564 2316 632 τῇ
2349 563 2502 638 φωνῇ
2536 555 2660 636 ἔφη·
2693 563 2895 638 Μαίνῃ.
2925 563 3125 635 Παῦλε,
3168 568 3235 620 τά
3287 565 3473 622 πολλά
3527 589 3582 622 σε
3613 555 3788 644 γράμ-

2145 671 2288 722 ματα
2337 650 2412 714 εἷς
2470 652 2662 724 μανίαν
2721 654 3050 727 περιτρέπει.
3109 656 3171 714 Ὀ
3229 652 3310 724 δὲ,
3363 656 3441 712 Οὐ
3497 657 3784 731 μαίνομαι,

2142 739 2297 816 φησί,
2355 739 2606 814 κράτιστε
2688 749 2892 812 Φῆστε,
2941 741 3086 798 ἀλλὰ
3135 743 3391 814 ἀληθείας
3437 745 3526 800 καὶ
3579 767 3793 822 σωφρο-

2143 827 2306 898 σύνης
2350 830 2566 902 ῥήματα
2627 829 3067 909 ἀποφθεγγομαί.
3128 834 3444 890 Ἐπίσταται
3509 834 3613 912 γὰρ
3661 837 3786 911 περῖ

2136 917 2347 973 τούτων
2399 921 2426 974 6
2483 919 2777 994 βασιλεὺς,
2832 923 2965 996 πρὸς
3025 923 3083 976 ὃν
3127 923 3217 977 καὶ
3277 922 3786 998 παρῥησιαζόμενος

2141 1007 2318 1065 λαλῶ.
2379 1011 2671 1066 Λανθανειν
2744 1012 2845 1088 γάρ
2920 1013 3083 1067 αὐτόν
3155 1035 3208 1068 τι
3265 1013 3496 1082 τούτων,
3556 1015 3617 1071 οὐ
3678 1016 3792 1072 πεί-

2140 1109 2307 1171 θομαι
2374 1096 2549 1154 οὐδὲν.
2625 1101 2702 1158 Οὐ
2791 1102 2893 1178 γάρ
2971 1099 3112 1158 ἐστιν
3199 1102 3252 1158 ἐν
3311 1105 3487 1179 γωνίᾳ
3543 1125 3782 1180 πεπραγ-

2141 1188 2298 1258 μένον
2349 1192 2529 1244 τοῦτο.
2603 1190 2895 1258 Πιστεύεις,
2981 1191 3206 1266 βασιλεῦ
3291 1194 3585 1267 Ἀγριππα,
3668 1199 3786 1256 τοῖς

2136 1279 2488 1356 προφήταις
2550 1276 2688 1335 Οἶδα
2744 1279 2827 1335 ὅτι
2903 1280 3191 1342 πιστεύεις.
3243 1283 3304 1339 Ὀ
3363 1278 3420 1336 δὲ
3473 1282 3782 1358 Ἀγρίππας

2135 1365 2270 1440 πρὸς
2300 1367 2391 1420 τὸν
2425 1366 2640 1422 Παῦλον
2697 1363 2828 1442 ἔφη·
2887 1369 2974 1424 Ἐν
3035 1367 3212 1446 ὀλίγῳ
3271 1391 3339 1444 με
3396 1370 3598 1432 πείθεις
3653 1373 3785 1445 Χρι-

2137 1456 2349 1509 στιανὸν
2405 1453 2670 1530 γενέσθαι.
2757 1459 2817 1514 Ὀ
2895 1454 2952 1512 ’ὀὶ
3039 1457 3253 1521 Παῦλος
3339 1459 3507 1514 εἶπενο
3583 1459 3782 1530 Εὐξαί-

2140 1565 2249 1617 μην
2281 1544 2342 1598 ἂν
2399 1551 2480 1618 τῷ
2537 1549 2654 1618 Θεῷ
2711 1547 2798 1600 καὶ
2861 1545 2916 1600 ἂν
2971 1545 3143 1623 ὀλίγῳ
3199 1549 3290 1603 καί
3349 1548 3404 1602 ὲν
3462 1547 3660 1620 πολλῷ
3719 1549 3782 1604 οὐ

2137 1633 2304 1706 μόνον
2359 1634 2415 1687 σὲ
2449 1678 2462 1704 ,
2521 1632 2665 1688 ἀλλὰ
2731 1633 2821 1688 καὶ
2880 1634 3082 1697 πάντας
3135 1636 3266 1698 τοὺς
3319 1635 3616 1697 ἀκούοντας
3679 1657 3784 1712 μου

2137 1725 2428 1796 σήμερον,
2499 1725 2738 1800 γενέσθαι
2822 1727 3124 1794 τοιούτους,
3207 1728 3401 1789 ὁποῖος
3485 1727 3634 1802 κάγώ
3713 1747 3784 1782 ει-

2140 1835 2223 1886 μι,
2273 1813 2535 1889 παρεκτὸς
2596 1819 2705 1868 τῶν
2757 1811 2970 1887 δεσμῶν
3028 1815 3258 1873 τούτων.
3321 1816 3424 1874 Καὶ
3481 1820 3647 1872 ταῦτα
3696 1815 3780 1870 εί-

2135 1901 2331 1964 πὸντος
2417 1901 2599 1975 αὐτοῦ,
2679 1903 2874 1974 ἀνέστη
2933 1906 2960 1958 6
3005 1904 3262 1980 βασιλεὺς
3315 1905 3408 1961 καὶ
3461 1907 3487 1961 ὁ
3537 1905 3786 1982 ἡγεμὼν,

2138 1991 2173 2060 ἢ
2231 2012 2289 2044 τε
2347 1991 2602 2066 Βερενίκη
2683 1994 2774 2047 καὶ
2823 1994 2875 2047 οἳ
2946 1997 3344 2070 συγκαθήμενοι
3426 1993 3630 2059 αὐτοῖς.
3691 1995 3792 2050 Καὶ

2139 2078 2640 2154 ἀναχωρήσαντες,
2699 2079 2932 2137 ἐλάλουν
2985 2083 3122 2158 πρὸς
3181 2083 3466 2155 ἀλλήλους
3518 2083 3786 2158 λέγοντες,

383 2174 466 2228 ὅτι
499 2171 664 2232 Οὐδὲν
690 2173 920 2227 θανάτου
954 2167 1098 2240 ἄξιον
1202 2165 1412 2240 δεσμῶν
1447 2167 1670 2240 πράσσει
1703 2167 1730 2220 ὁ
1755 2165 2045 2241 ἅνθρωπος
2095 2168 2271 2226 οὗτος.
2335 2170 2636 2245 Ἀγρίππας
2693 2167 2749 2228 δὲ
2805 2177 2885 2244 τῷ
2941 2175 3147 2246 Φήστῳ
3205 2169 3330 2247 ἔφη’
3387 2173 3790 2230 Ἀπολελύσθαι

377 2263 600 2319 ἐδύνατο
623 2264 650 2316 6
681 2261 959 2336 ἅνθρωπος
993 2261 1172 2326 οὗτος,
1197 2257 1240 2312 εἶ
1277 2260 1352 2330 μὴ
1387 2257 1716 2326 ἐπεκέκλητο
1747 2258 2010 2332 Καίσαρα.
2047 2281 2074 2307 ιι

381 2358 526 2412 177
567 2355 854 2420 Quoniam
887 2353 960 2408 ad
991 2367 1188 2424 regem
1223 2366 1457 2420 semper
1507 2349 1686 2404 verba
1718 2347 2023 2420 dirigebat,

379 2451 710 2501 commotus
743 2449 832 2498 est
862 2442 1234 2512 aliquantum
1266 2441 1494 2504 Festus,
1555 2445 1612 2492 et
1669 2437 2026 2492 Libertatem

379 2536 652 2596 intuitus,
685 2551 754 2588 ex
786 2532 969 2586 animi
1001 2528 1446 2602 perturbatione
1479 2532 1538 2581 et
1584 2527 1706 2581 ira:
1773 2528 1882 2581 lns
1909 2527 2025 2594 nis,

380 2625 592 2695 inquit.
630 2621 846 2676 Paulus
880 2636 1014 2674 vero
1043 2633 1280 2673 causam
1333 2616 1523 2680 docet,
1565 2632 1669 2670 cur
1698 2615 1772 2669 ad
1828 2632 2026 2688 regem

377 2713 620 2768 verbum
671 2714 993 2767 convertat.
1057 2707 1278 2761 Deinde
1337 2704 1655 2759 ostendens
1689 2703 1848 2775 quod
1907 2711 2025 2759 toto

377 2811 669 2859 terrarum
693 2801 832 2855 orbe
847 2800 956 2854 hoc
975 2798 1188 2870 dogma
1210 2797 1286 2850 sit
1310 2795 1666 2866 dispersum,
1691 2794 2023 2866 subjungit:

381 2917 401 2942 ι
441 2892 742 2964 Siquidem
793 2905 988 2960 neque
1033 2888 1143 2942 hoc
1195 2887 1256 2940 in
1317 2884 1532 2956 angulo
1563 2889 1793 2954 gestum
1826 2889 1917 2938 est
1949 2900 1961 2938 :
1996 2906 2025 2932 ››

380 2983 450 3038 de
473 2999 646 3038 cruce
669 2998 736 3036 ac
754 2976 1190 3034 resurrectione
1209 2973 1420 3030 Christi
1441 2973 1712 3044 loquens.
1735 2971 1824 3026 Ἐν
1848 2970 2025 3047 ὀλιγῳ

378 3073 490 3128 hoc
545 3077 634 3127 est
690 3069 1003 3142 perpaucis
1058 3065 1270 3130 verbis,
1305 3063 1581 3118 brevibus
1627 3063 2024 3132 sermonibus,

379 3162 611 3217 modica
633 3157 1152 3227 doctrina,absque
1170 3171 1380 3226 magno
1401 3153 1599 3208 labore
1623 3153 2022 3224 continuaque

379 3251 801 3320 disputatione.
835 3249 1082 3318 Propter
1111 3244 1271 3316 quod
1303 3244 1480 3298 etiam
1515 3242 1732 3298 Paulus
1765 3242 2022 3298 vicissim

379 3355 446 3393 ac
468 3337 889 3390 convenienter
909 3336 992 3389 ait
1021 3334 1094 3388 ad
1123 3333 1294 3386 illum
1316 3349 1327 3386 :
1347 3356 1374 3382 «
1395 3333 1658 3402 Optarim
1691 3348 1832 3387 sane
1851 3348 1884 3386 a
1905 3333 2022 3388 Deo

381 3430 438 3478 et
466 3425 670 3496 paucis
693 3431 752 3478 et
781 3423 1022 3488 multis;
1049 3444 1070 3471 υ
1091 3438 1159 3476 ac
1191 3421 1240 3474 si
1271 3421 1462 3476 dicat:
1495 3421 1612 3475 Hoc
1634 3437 1848 3492 nempe
1879 3421 2021 3474 mihi

377 3513 572 3568 studio
608 3517 716 3578 est,
749 3516 814 3564 ut
845 3527 1055 3564 omnes
1085 3509 1422 3563 efficiantur
1455 3509 1791 3577 Christiani,
1825 3513 1883 3564 et
1909 3511 2021 3564 hoc

376 3607 523 3662 mihi
551 3607 612 3660 in
631 3605 780 3659 votis
795 3609 1078 3674 esteaque
1097 3601 1354 3673 precatio
1369 3617 1568 3655 coram
1587 3602 1704 3656 Deo
1721 3617 1733 3654 :
1751 3601 2017 3671 quando-

377 3695 620 3768 quidem
643 3697 881 3766 paratus
897 3688 2020 3760 sum,etmultissermonibus,etpaucis

373 3785 926 3857 Christipraedicare
949 3784 1148 3850 iidem,
1171 3781 1357 3836 multo
1382 3781 1558 3835 etiam
1582 3796 1714 3834 cum
1735 3779 1937 3834 labore
1954 3797 2022 3835 ac

371 3875 856 3946 molestiaidque
871 3874 1161 3946 protinus.
1184 3873 1564 3942 Nequaquam
1585 3886 1742 3924 enim
1757 3869 2018 3924 laborem

373 3973 475 4022 aut
503 3966 838 4022 molestiam
861 3965 920 4018 in
953 3963 1224 4018 doctrina
1245 3979 1311 4017 ac
1355 3959 1774 4032 praedicatione
1823 3961 2020 4014 inesse

369 4055 726 4110 arbitrarer:
752 4054 854 4110 sed
869 4053 1112 4125 perinde
1132 4052 1275 4106 mihi
1291 4049 1786 4122 essetdefatigari,
1811 4066 1876 4104 ac
1897 4066 2020 4104 non

373 4143 702 4216 defatigari,
735 4143 988 4198 multum
1015 4148 1246 4214 tempus
1277 4141 1577 4194 insumere
1611 4139 1762 4194 sicut
1786 4155 2016 4210 parum,

369 4233 549 4290 modo
564 4233 888 4288 nonnullos
911 4233 1138 4287 videam
1162 4231 1262 4302 qui
1286 4230 1359 4285 ad
1374 4231 1558 4284 Deum
1576 4233 2015 4284 convertantur.

375 4324 507 4378 Haec
521 4329 716 4378 autem
732 4321 1155 4378 dicebatsimul
1169 4321 1409 4392 quidem
1426 4336 1590 4375 suam
1608 4318 2018 4392 promptitudi—

368 4429 506 4467 nem
522 4413 998 4484 atquefervorem
1013 4408 1636 4476 demonstrans,simul
1655 4409 2015 4464 etiamillum

373 4519 719 4573 provocans,
745 4509 802 4557 ut
830 4503 878 4557 si
905 4501 1082 4556 vellet
1108 4501 1276 4572 plura
1303 4499 1508 4554 audire
1533 4505 1592 4552 et
1612 4499 1884 4570 ampliori
1901 4498 2014 4551 frui

372 4589 662 4658 doctrina,
685 4607 804 4646 non
823 4591 998 4646 modo
1022 4589 1174 4644 nihil
1195 4593 1594 4654 cunctaretur,
1619 4602 1820 4640 verum
1837 4585 2014 4639 etiam

371 4679 516 4734 adeo
537 4685 844 4751 promptus
873 4685 1031 4735 esset
1059 4679 1134 4734 ad
1180 4677 1578 4732 exhibendum
1633 4693 1694 4730 se
1745 4681 2016 4746 paratum

375 4783 442 4822 ac
473 4769 749 4836 alacrem,
773 4777 837 4824 ut
858 4770 1034 4824 etiam
1077 4784 1224 4840 opus
1245 4765 1394 4820 illud
1424 4765 1534 4819 sibi
1569 4765 1628 4818 in
1658 4765 1806 4818 votis
1839 4769 2016 4830 esset,

373 4856 689 4912 dummodo
724 4875 964 4930 scopum
997 4861 1434 4928 assequeretur.
1481 4855 1736 4926 Agrippa
1777 4853 2016 4924 quidem

371 4953 682 5017 acceperat
711 4946 762 5000 ἐν
789 4943 984 5020 ὀλιγῳ,
1017 4953 1081 5002 ut
1101 4947 1463 5018 signiﬁcaret
1483 4945 1686 5018 paucis
1708 4961 1854 5015 opus
1888 4959 2015 4998 esse

380 5043 482 5092 aut
506 5052 712 5107 parum
747 5035 972 5092 abesse.
1009 5037 1224 5092 Paulus
1243 5053 1376 5091 vero
1409 5042 1532 5090 tum
1565 5035 1624 5088 in
1649 5033 2016 5096 divinis,tum

369 5128 430 5180 in
481 5125 781 5188 humanis,
829 5125 1328 5196 prudentissimus
1377 5140 1444 5180 ac
1485 5123 1904 5188 astutissimus,
1967 5121 2016 5175 si

372 5214 667 5286 quispiam
729 5214 903 5280 alius,
937 5219 1038 5268 aut
1093 5213 1290 5269 oblata
1319 5231 1461 5268 usus
1493 5213 1772 5276 dictione,
1807 5217 1908 5266 aut
1940 5210 2013 5265 si-

372 5305 650 5376 gniﬁcato
665 5304 736 5358 ad
751 5303 810 5358 id
829 5303 989 5376 quod
1006 5303 1130 5359 suis
1149 5304 1524 5358 sermonibus
1547 5307 1673 5358 erat
1696 5299 2017 5373 expediens

375 5394 666 5464 adjunxit,
691 5393 741 5446 ἐν
759 5391 936 5471 ὀλίγῳ
949 5394 1038 5448 καὶ
1056 5392 1106 5448 ἐν
1122 5390 1343 5465 πολλῷ,
1367 5411 1434 5449 ac
1465 5395 1513 5449 si
1533 5393 1810 5448 dixisset:
1837 5393 2018 5446 Parvo

376 5500 718 5540 sermonum
753 5501 959 5558 agone,
989 5491 1092 5540 aut
1121 5486 1170 5540 si
1205 5502 1352 5556 opus
1375 5489 1533 5539 esset
1563 5483 1742 5538 etiam
1783 5477 2018 5552 majori,

371 5575 630 5647 optarim
663 5581 720 5630 te.
750 5575 1149 5632 Christianum
1194 5575 1345 5630 ﬁeri.
1415 5573 1670 5629 Omnino
1712 5575 2019 5645 promptus

369 5680 504 5720 sum
535 5665 738 5722 omnia
764 5664 957 5722 facere
1005 5681 1111 5736 pro
1145 5665 1356 5730 salute,
1388 5679 1509 5719 non
1543 5667 1642 5718 tua
1673 5660 1889 5724 solum,
1921 5674 2019 5714 ve-

2139 2345 2358 2418 Ἐπειδὴ
2442 2348 2522 2404 ἀεὶ
2605 2351 2742 2422 πρὸς
2812 2351 2904 2406 τὸν
2963 2351 3189 2425 βασιλέα
3245 2349 3541 2430 διελέγετο,
3601 2353 3782 2431 ὥσπερ

2137 2435 2300 2501 ἔπαθὲ
2327 2439 2435 2494 τιὸ
2495 2445 2733 2508 Φῆστος,
2793 2440 2880 2494 καὶ
2941 2439 3073 2495 ἰδὼν
3129 2444 3228 2510 τήν
3285 2441 3613 2520 παρρησίαν,
3675 2444 3783 2499 ἀπὸ

2137 2532 2313 2600 θυμοῦ
2343 2529 2430 2582 καί
2463 2527 2650 2602 ὀργῆς,
2685 2529 2883 2604 Μαίνῃ,
2937 2529 3122 2607 φησίν.
3173 2531 3234 2587 Ὀ
3293 2528 3350 2586 δὲ
3405 2533 3623 2596 Παῦλος
3683 2535 3783 2603 τήν

2137 2617 2310 2672 αἰτίαν
2337 2615 2600 2690 διδάσκει,
2632 2617 2699 2673 δι’
2731 2621 2798 2688 ἢν
2850 2619 2986 2684 πρὸς
3033 2621 3125 2676 τὸν
3185 2621 3418 2696 βασιλέα
3473 2623 3566 2678 τὸν
3619 2622 3782 2698 λόγον

2137 2707 2482 2782 ἀπέστρεψεν.
2519 2711 2654 2764 Εἶτα
2713 2708 2921 2772 δεικνὺς
2973 2709 3054 2764 ὅτι
3113 2715 3392 2787 πανταχοῦ
3448 2714 3548 2781 τῆς
3605 2714 3786 2767 οἰκου-

2140 2797 2301 2867 μένης
2331 2802 2494 2852 τοῦτο
2527 2798 2717 2875 γέγονε
2773 2801 2834 2853 τὸ
2904 2797 3106 2874 δόγμα,
3159 2799 3442 2877 ἐπήγαγεν·
3507 2828 3534 2854 ι(
3569 2803 3644 2860 Οὑ
3677 2805 3780 2878 γάρ

2134 2883 2188 2939 ἐν
2220 2886 2391 2962 γωνίᾳ
2417 2887 2756 2964 περαγμένον
2785 2893 2970 2958 τοῦτο,
3008 2913 3034 2939 ››
3087 2890 3149 2944 τὸ
3209 2890 3333 2964 περὶ
3385 2896 3620 2966 συαυροῦ
3679 2889 3781 2946 λέ-

2135 2995 2271 3048 γων,
2303 2976 2522 3046 καὶτῆς
2572 2977 2909 3040 ἀναστάσεως
2965 2983 3062 3032 τοῦ
3122 2981 3382 3053 Χριστοῦ.
3448 2982 3536 3038 Ἐν
3583 2979 3783 3058 ὀλίγῳ·

2057 3100 2099 3166 C
2137 3062 2482 3166 1pu1écftft'
2515 3065 2719 3166 ὀλίγων
2779 3068 3066 3142 ρημάτων,
3099 3067 3151 3122 ἐν
3183 3069 3412 3144 βραχέσι
3471 3069 3680 3147 λόγοις,
3729 3069 3782 3125 ἐν

2138 3151 2298 3229 ὀλίγῃ
2324 3151 2668 3226 διδασκαλίᾳ,
2703 3157 2878 3235 χωρὶς
2909 3155 3127 3213 πολλοῦ
3159 3157 3327 3213 πόνου
3384 3160 3472 3213 καὶ
3509 3165 3778 3236 συνεχοῦς

2133 3239 2442 3314 διαλέξεως.
2487 3250 2564 3300 Δι’
2589 3245 2618 3300 ’ὀ
2643 3245 2732 3300 καὶ
2761 3246 2896 3322 πρὸς
2955 3245 3115 3301 αὐτὸν
3168 3245 3536 3318 καταλλήλως
3569 3249 3597 3304 6
3629 3254 3775 3306 Παῦ-

2134 3330 2228 3394 λός
2261 3353 2442 3409 φησιν·
2475 3359 2502 3385 ιι
2537 3333 2814 3406 Εὐξαίμην
2848 3335 2907 3388 ἂν
2958 3341 3038 3408 τῷ
3069 3340 3188 3408 Θεῷ
3242 3337 3332 3390 καὶ
3399 3335 3454 3391 ἐν
3517 3336 3712 3415 ὀλίγῳ,
3748 3361 3774 3388 n

2129 3422 2220 3474 καὶ
2247 3421 2314 3475 τὰ
2335 3422 2477 3494 ἑξῆς.
2511 3423 2664 3492 Οἶον,
2698 3422 2781 3478 ὅτι
2815 3423 2973 3496 Ἐμοὶ
3027 3429 3194 3479 τοῦτο
3252 3421 3460 3494 σπουδὴ
3517 3427 3580 3481 τὸ
3631 3425 3778 3501 γενέ-

2132 3513 2250 3564 σθαι
2281 3511 2482 3573 πάντας
2536 3513 2893 3584 Χριστιανοὺς
2937 3513 3026 3567 καὶ
3057 3509 3218 3568 τοῦτό
3275 3516 3368 3586 μοί
3433 3513 3576 3570 ἐστιν
3633 3516 3773 3585 εὐχῆ

2129 3599 2265 3674 πρὸς
2297 3600 2446 3656 Θεόν.
2485 3601 2632 3656 Ἐπεὶ
2662 3600 2885 3672 ἕτοιμός
2919 3601 3032 3676 εἶ’μι
3087 3603 3178 3658 καὶ
3235 3600 3324 3658 διὰ
3383 3603 3612 3660 πολλῶν
3671 3603 3776 3660 λό-

2129 3708 2266 3761 γων,
2300 3687 2386 3742 καί
2413 3684 2482 3742 δι’
2515 3687 2722 3764 ὀλίγων
2753 3691 2852 3758 τήν
2895 3689 2946 3746 ἐν
2981 3691 3203 3766 Χριστῷ
3249 3695 3516 3769 κηρύσσεν
3573 3695 3777 3762 πίστιν,

2130 3776 2218 3830 καὶ
2256 3778 2388 3848 μετᾶ
2417 3777 2590 3832 κόπου
2620 3779 2711 3832 καὶ
2753 3778 2948 3849 πόνου,
3001 3781 3092 3836 καὶ
3152 3779 3211 3836 ἐκ
3264 3787 3362 3837 τοῦ
3411 3789 3775 3858 παραχρῆμα.

2131 3867 2313 3928 Κὸπος
2341 3867 2442 3944 γὰρ
2470 3867 2560 3921 καὶ
2614 3868 2778 3930 πόνος
2837 3867 2889 3923 ἓν
2947 3873 3015 3943 τῇ
3067 3867 3392 3942 διδασκαλίᾳ
3442 3872 3530 3925 καὶ
3563 3875 3640 3942 τῷ
3670 3891 3777 3941 κη-

2132 3954 2362 4031 ρύγματι
2420 3955 2672 4029 οὐδαμῶς
2757 3957 3030 4032 λογίζεταί
3086 3981 3218 4034 μοι,
3271 3958 3395 4015 ἀλλ’
3479 3958 3594 4014 ἴσον
3660 3959 3776 4015 ἐστὶ

2127 4049 2321 4114 κοπιᾷν
2381 4046 2470 4100 καὶ
2521 4047 2621 4119 μὴ,
2681 4048 2770 4102 καὶ
2827 4046 3003 4103 πολὺν
3057 4051 3257 4126 χρόνον
3309 4043 3510 4124 τρίϐειν
3571 4050 3776 4126 κηρύτ-

2127 4154 2288 4190 τοντα
2317 4135 2407 4189 καὶ
2441 4134 2653 4209 ὀλίγον,
2689 4138 2855 4210 μόνον
2885 4137 2938 4192 εἷ’
2959 4159 3112 4202 τινας
3157 4141 3271 4213 ὁρῶ
3327 4140 3462 4215 πρὸς
3490 4139 3582 4194 τὸν
3635 4145 3773 4215 Χρι-

2131 4225 2254 4280 στὸν
2313 4225 2748 4305 ἐπιστρέφοντας.
2819 4229 3001 4284 Ταῦτα
3058 4225 3115 4283 δὶ
3172 4227 3351 4306 ἔλεγεν
3411 4231 3526 4304 ἅμα
3585 4229 3682 4304 μὶν
3711 4233 3774 4286 τὸ

2127 4315 2292 4370 αὐτοῦ
2323 4314 2605 4390 πρόθυμον
2662 4315 2750 4370 καί
2813 4313 3072 4393 διάπυρον
3103 4316 3530 4392 ἐνδεικνύμενος,
3574 4320 3685 4393 ἇίμα
3718 4317 3776 4376 δὲ

2125 4408 2369 4460 κάκεῖνον
2405 4403 2829 4477 ἐκκαλούμενος,
2873 4407 2945 4469 ὠς
2978 4407 3024 4462 εἰ
3083 4406 3349 4482 βούλοιτο
3407 4409 3498 4464 καὶ
3549 4407 3779 4464 πλείονα

2126 4495 2372 4564 ἀκοῦσαι,
2426 4495 2515 4548 καὶ
2573 4494 2895 4572 πλειοτέρας
2947 4493 3302 4559 διδασκαλίας
3351 4497 3682 4564 ἆπολαύσαι,
3713 4498 3776 4552 οὐ

2128 4583 2295 4656 μόνον
2329 4579 2487 4638 οὐδὲν
2517 4582 2836 4656 ἀποκνήσει,
2868 4583 2998 4640 ἀλλ’
3057 4586 3237 4648 οὓτως
3294 4583 3404 4642 ἐστῖ
3465 4587 3776 4662 πρόθυμος,

2122 4670 2344 4746 ἕτοιμον
2377 4671 2466 4727 καὶ
2498 4673 2559 4727 τὸ
2592 4672 2870 4748 πρόθυμον
2927 4674 3212 4753 παρέχων,
3259 4673 3399 4731 ὥστε
3453 4675 3542 4732 καὶ
3603 4676 3774 4752 εὐχῆς

2125 4756 2278 4834 ἔργον
2307 4760 2435 4815 αὐτὸ
2467 4763 2764 4826 ποιεῖσθαι,
2797 4760 2858 4816 ἂν
2893 4763 3058 4836 μόνον
3116 4765 3368 4842 τυγχάνῃ
3417 4768 3512 4820 τοῦ
3545 4769 3772 4824 σκοποῦ,

2125 4851 2221 4916 Τὸ,
2247 4849 2298 4903 ἐν
2325 4847 2522 4925 ὀλίγῳ,
2557 4850 2866 4926 Ἀγρίππας
2903 4851 2995 4923 μὲν
3015 4851 3131 4907 ἀντὶ
3154 4856 3280 4922 τοῦ,
3299 4855 3428 4920 παρ’
3455 4851 3662 4926 ὀλίγον,
3692 4875 3778 4927 μι-

2125 4943 2258 5012 κροῦ
2281 4935 2520 5005 δέοντος,
2565 4935 2810 5004 εἴληφεν.
2871 4939 2932 4995 Ὀ
2995 4935 3051 4994 δὲ
3103 4937 3252 5014 εἶ’περ
3299 4961 3382 5001 τις
3435 4937 3608 5002 ἄλλος
3677 4962 3772 4996 σο-

2126 5028 2223 5103 φὸς
2253 5026 2320 5082 τὰ
2376 5031 2491 5089 θεῖα
2549 5025 2765 5087 Παῦλος
2795 5027 2978 5082 καὶτὰ
3032 5027 3365 5103 ἀνθρώπινα,
3397 5033 3465 5101 τῇ
3515 5034 3776 5104 προφορᾷ

2131 5113 2341 5190 μᾶλλον
2373 5121 2472 5184 τῆς
2493 5113 2686 5186 λέξεως
2717 5113 2753 5184 ἢ
2784 5122 2862 5189 τῷ
2923 5118 3317 5192 σημαινομένῳ
3375 5119 3510 5193 πρὸς
3567 5119 3631 5173 τὸ
3660 5123 3770 5174 τῶν

2125 5205 2305 5282 λόγων
2339 5203 2610 5282 συμφέρον
2640 5203 3006 5280 χρησάμενος,
3033 5207 3096 5262 τὸ
3125 5205 3180 5261 ἐν
3203 5206 3382 5284 ὀλίγῳ
3424 5207 3513 5263 καὶ
3547 5207 3598 5264 ἐν
3633 5205 3774 5263 πολ-

2125 5295 2230 5368 λῴ,
2266 5296 2380 5351 ἀντὶ
2410 5298 2526 5364 τοῦ,
2553 5296 2638 5350 Ἐν
2669 5294 2845 5370 ὀλίγῳ
2878 5298 3056 5373 Λόγων
3089 5297 3282 5372 ἀγῶνι,
3312 5298 3357 5352 εἶ
3381 5295 3491 5354 δέοι
3524 5295 3582 5353 δὶ
3609 5298 3697 5353 καὶ
3721 5297 3775 5352 ἐν

2127 5385 2362 5450 πλείονι,
2398 5383 2656 5455 εὐξαίμην
2691 5383 2748 5438 ἂν
2802 5405 2860 5440 σε
2914 5385 3241 5460 Χριστιανὸν
3301 5387 3570 5464 γενέσθαι,
3627 5406 3775 5460 προ-

2127 5475 2374 5548 ήνεγκεν.
2399 5469 2494 5524 Ἰν’
2527 5465 2674 5542 εἶ’πῃ,
2705 5471 2801 5524 Καὶ
2834 5467 2903 5525 δι’
2936 5469 3134 5548 ὀλίγων
3159 5469 3362 5547 λόγων,
3387 5471 3497 5540 καὶ,
3533 5469 3623 5527 διὰ
3641 5469 3778 5526 πολ-

2127 5562 2241 5618 λῶν
2303 5557 2565 5631 εὐξαίμην
2661 5556 2725 5612 ἄν
2789 5561 3108 5634 Χριστιανὸν
3169 5561 3436 5636 γενέσθάι.
3503 5561 3598 5618 Διὰ
3647 5559 3781 5615 πάνυ

2127 5671 2235 5706 των
2265 5645 2553 5718 πρόθυμός
2585 5645 2698 5718 εἶμι
2733 5649 2905 5702 πάντα
2937 5646 3190 5722 πράττειν
3221 5647 3308 5704 ἐπὶ
3367 5653 3434 5722 τῇ
3491 5651 3560 5723 σῇ
3595 5669 3778 5720 σωτη-
