4150 6200
326 308 445 369 293

1414 311 1833 375 manus:er
1876 314 2184 377 'I‘RIGCJE
2228 317 2601 381 EPISCOPI.

3611 342 3730 405 294

322 438 433 512 ρίᾳ,
465 435 528 491 οῦ
558 441 629 513 τῇ
675 442 743 513 σῇ
805 435 864 495 δὲ
922 439 1109 514 μόνον,
1166 438 1313 497 ἀλλὰ
1366 442 1456 497 καὶ
1511 447 1621 497 τῶν
1674 442 1962 548 συνόντων.

2084 464 2217 504 rum
2247 451 2427 506 etiam
2455 468 2662 510 eorum
2693 459 2795 528 qui
2826 467 3153 531 praesentes
3191 471 3348 522 sunt.
3398 491 3427 520 «
3457 472 3729 548 Exceptis

318 551 347 579 κ
383 528 655 602 Παρεκτὸς
682 534 792 585 τῶν
826 525 1037 603 δεσμῶν
1069 529 1299 586 τούτων·
1338 554 1366 582 ››
1426 531 1541 589 Οὐκ
1588 532 1970 609 ἀπευχόμενος

316 617 496 689 ἑαυτῷ
529 617 595 672 τὰ
658 615 855 692 δεσμὰ,
915 616 1043 674 οὐδὲ
1099 619 1524 695 αἰσχυνόμενος,
1579 626 1740 678 τοῦτο
1798 621 1970 699 ἔλεγε.

315 711 491 764 Τοῦτο
520 710 625 785 γὰρ
653 709 722 777 ἦν
752 709 926 783 αὐτῷ,
960 708 1113 785 εἷ’περ
1143 709 1287 766 ἀλλο
1343 733 1420 782 τι,
1470 712 1615 786 ἄξιον
1675 711 1834 787 δόξης
1881 716 1972 769 καὶ

316 795 612 873 καύχημα,
642 797 789 853 ἀλλὰ
827 800 963 874 πρὸς
992 806 1091 868 τήν
1142 800 1357 857 ἐκείνων
1410 801 1689 877 ὑπόληψιν
1734 804 1971 882 ἀφορῶν,

315 888 409 941 καὶ
459 890 528 960 τῇ
586 887 801 943 ἐκείνων
880 888 1122 960 ἀσθενείᾳ
1197 886 1661 968 συγκαταϐαίνων·
1755 893 1972 949 Γένοιτό

323 997 444 1048 μοι,
478 976 635 1052 φησὶ,
665 977 867 1040 πάντας
898 976 1125 1042 τούτους
1174 982 1444 1053 γενέσθαι,
1497 983 1672 1057 χωρὶς
1720 986 1828 1037 τῶν
1884 980 1970 1038 δε-

326 1069 485 1137 σμῶν

940 1163 1202 1216 ΚΕΦΑΛ.
1245 1160 1353 1216 AH‘

319 1244 507 1306 ΙΙλοῦς
554 1245 769 1320 Παύλου
828 1247 915 1320 ἐπὶ
973 1248 1225 1320 Ῥώμην,
1270 1245 1536 1304 κινδύνων
1584 1272 1643 1306 τε
1699 1249 1971 1308 πλείστων

391 1316 483 1371 καὶ
547 1316 825 1399 μεγίστων.
877 1316 1166 1399 ἔμπλεωςί
1207 1321 1297 1399 ’ξίν
1351 1321 1396 1393 ᾧ
1442 1324 1766 1399 ⁸παραίνεσις
1830 1325 1975 1381 Ηαύ-

390 1387 712 1467 λου-πρὸς-
747 1389 873 1467 τοῦς
909 1387 919 1392 ’
957 1392 1051 1467 σῦν
1095 1390 1256 1467 -αῦτῷ
1305 1387 1458 1467 Δπερὶ
1530 1387 1786 1467 ’ἐλπίδος
1876 1418 1979 1451 σω-

385 1460 605 1535 τῃρῖας,
638 1461 936 1535 ’Νανάγιον
997 1460 1240 1529 Ηαύλου,
1291 1460 1443 1525 ὃπως
1507 1486 1567 1520 τε
1642 1464 1977 1535 διεσώθησαν

422 1531 445 1551 λ
468 1530 477 1535 ‘
821 1530 841 1549 ς’
970 1541 993 1552 η
1217 1536 1231 1553 ι
1280 1538 1299 1554 ﬂ
1421 1536 1439 1577 Ξ
1571 1536 1584 1555 ν
1632 1542 1657 1553 ι-
1820 1530 1825 1531 r
1842 1530 1872 1555 -

388 1551 472 1593 εις
505 1530 749 1613 Μελίτην
775 1554 877 1601 την
930 1554 1094 1603 νησον
1143 1556 1233 1590 και
1280 1557 1379 1592 οσα
1420 1558 1470 1591 ..ν
1526 1559 1662 1613 αυτῃ
1695 1539 1723 1593 ὁ
1758 1539 1973 1601 ΙΙαυλος

389 1603 921 1680 ὲθαυματούργησεν.

397 1716 428 1744 (ι
460 1693 552 1754 Ὠς
584 1690 643 1748 δὲ
670 1692 883 1767 ἐκρίθη,
913 1698 1011 1750 τοῦ
1058 1694 1324 1752 ἀποπλεῖν
1372 1700 1519 1772 ἡμᾶς
1569 1699 1645 1761 εἷς
1689 1700 1788 1769 τήν
1837 1701 1975 1757 Ἰτα-

317 1778 469 1849 λίαν,
512 1778 829 1857 καρεδίδουν
885 1782 978 1838 τόν
1028 1804 1088 1839 τε
1149 1783 1360 1841 Παῦλον
1414 1788 1506 1842 καί
1556 1809 1705 1851 τινας
1761 1791 1975 1865 ἑτέρους

320 1867 611 1944 δεσμώτας
665 1870 1057 1952 ἱκατοντάρχῳ
1115 1874 1343 1948 ὀνόματι
1435 1876 1669 1951 Ἰουλίῳ,
1749 1880 1976 1955 σπείρης

322 1955 634 2030 Σεϐαστῆς.
721 1959 1032 2026 Ἐπιϐαντες
1117 1962 1174 2021 δὲ
1256 1964 1441 2041 πλοίῳ
1548 1966 1974 2045 Ἀδραμυττηνῷ

320 2049 628 2123 μέλλοντες
660 2048 818 2107 πλεῖν
859 2052 987 2113 τοὺς
1047 2055 1183 2110 κατά
1239 2057 1339 2125 τήν
1389 2057 1569 2114 Ἀσίαν
1621 2060 1822 2122 τόπους
1880 2061 1973 2115 ἀν-

321 2139 608 2218 ήχθημεν,
666 2138 819 2202 ὄντος
877 2142 969 2197 σὺν
1017 2144 1152 2217 ἡμῖν
1236 2146 1605 2222 ’Δριστάρχου
1664 2145 1971 2213 Μακεδόνος

321 2226 785 2291 Θεσσαλονικέως.
843 2234 921 2305 Τῇ
980 2252 1037 2288 τε
1113 2233 1270 2309 ἑτέρᾳ
1323 2236 1683 2312 κατήχθημεν
1742 2238 1816 2301 εἰς
1875 2245 1972 2294 Σι..

318 2314 489 2376 δῶνα.
582 2316 1002 2394 Φιλανθρώπως
1086 2342 1147 2377 τε
1216 2324 1243 2377 ὁ
1300 2322 1524 2388 Ἰιύλιος
1604 2325 1684 2399 τῷ
1769 2326 1971 2402 Παύλῳ

325 2408 706 2484 χρησάμενος,
795 2406 1052 2485 ἐπέτρεψε
1132 2410 1269 2487 πρὸς
1323 2414 1451 2476 τοὺς
1523 2413 1717 2495 φὶΛτυς
1771 2438 1971 2493 πορευ-

314 2495 468 2560 θέντα
556 2494 875 2570 ἐπιμελείας
965 2506 1175 2577 τυχεῖν.
1293 2502 1549 2559 Κάκεῖθεν
1649 2505 1969 2585 ἀναχθέντες

316 2592 741 2667 ὑπεπλεύσαμεν
806 2597 905 2664 τὴν
965 2597 1179 2673 Κύπρον
1267 2597 1356 2655 δια
1436 2603 1500 2658 τὸ
1553 2601 1678 2665 τοὺς
1737 2605 1967 2678 ἀνέμους

314 2683 461 2739 εἶναι
497 2683 788 2747 ἐναντίους.
822 2686 900 2743 Τό
931 2708 989 2742 τε
1014 2685 1257 2767 πέλαγος
1301 2690 1363 2745 τὸ
1411 2692 1550 2748 κατα
1597 2694 1694 2761 τὴν
1748 2693 1967 2751 Κιλικί-

316 2794 381 2828 αν
441 2773 534 2828 καὶ
595 2773 921 2852 Παμφυλίαν
976 2774 1415 2850 διαπλεῦσαντες,
1494 2785 1822 2861 κατήχημεν
1889 2784 1964 2847 εἰς

316 2862 482 2935 Μύρα
539 2883 639 2931 της
718 2865 943 2926 Λυκίας’
1003 2865 1158 2923 κάκεῖ
1240 2869 1414 2943 εὑρὼν
1482 2870 1510 2924 ὁ
1564 2870 1966 2948 ἑκατόνταρχος

307 2951 515 3007 πλοῖον
567 2951 980 3031 Ἀλεξανδρινὸν
1034 2954 1202 3012 πλέον
1262 2959 1340 3021 εἰς
1396 2961 1497 3029 τήν
1567 2959 1822 3030 Ἰταλίαν,
1883 2964 1963 3018 ἐν-

310 3033 569 3096 εϐίϐασεν
630 3041 781 3115 ἡμᾶς
836 3044 915 3106 εἱς
973 3043 1124 3100 αὐτό.
1185 3047 1274 3104 Ἐν
1348 3047 1559 3111 ἱκαναῖς
1617 3046 1674 3106 δὲ
1730 3051 1965 3126 ἡμέραις

307 3126 817 3204 βραδυπλοοῦντες,
902 3132 993 3188 καὶ
1054 3132 1219 3207 μόλις
1298 3138 1587 3214 γενόμενοι
1670 3140 1807 3196 κατά
1864 3143 1963 3210 τήν

302 3216 537 3288 Κνίδον,
612 3222 689 3293 μή
771 3227 1118 3298 προσεῶντος
1206 3228 1355 3301 ἡμᾶς
1427 3233 1523 3284 τοῦ
1575 3228 1800 3302 ἀνέμου,
1862 3233 1963 3287 ὑπ·-

304 3310 651 3385 επλεύσαμεν
679 3313 784 3382 τὴν
828 3316 1053 3389 Κρήτην
1104 3316 1241 3372 κατά
1289 3315 1628 3391 Σαλμώνην.
1681 3319 1855 3383 Μόλις
1905 3344 1963 3378 τε

303 3399 748 3475 παραλεγόμενοι
777 3401 974 3472 αὐτὴν,
1018 3402 1266 3478 ἠλθομεν
1321 3407 1397 3469 εἰς
1454 3408 1627 3464 τόπον
1682 3411 1805 3465 τινὰ
1863 3431 1960 3466 κα-

306 3483 587 3559 λούμενον
634 3485 853 3552 Καλοὺς
898 3490 1152 3564 λιμένας,
1202 3493 1248 3565 ᾧ
1308 3491 1468 3569 ἐγγὺς
1522 3496 1592 3565 ἦν
1644 3496 1810 3560 πόλις
1851 3506 1958 3553 Λα-

306 3574 456 3634 σαία.
492 3577 701 3632 Ἱκανοῦ
734 3576 797 3639 δὶ
820 3580 1024 3654 χρόνου
1058 3577 1465 3657 διαγενομένου,
1509 3586 1599 3640 καὶ
1649 3584 1806 3650 ὄντος
1848 3584 1957 3659 ἤδη

310 3662 652 3742 ἐπισφαλοῦς
680 3671 779 3722 τοῦ
799 3668 973 3731 πλοὸς
1006 3667 1095 3726 διά
1150 3672 1213 3726 τὸ
1255 3671 1347 3728 καί
1393 3674 1494 3742 τήν
1549 3677 1800 3744 νηστείαν
1848 3674 1957 3749 ἤδη

307 3753 777 3826 παρεληλυθέναι,
836 3758 1070 3833 παρῄνει
1126 3761 1155 3815 ὁ
1215 3759 1429 3825 Παῦλος
1507 3762 1687 3838 λέγων
1754 3765 1955 3829 αὐτοῖς.

298 3838 551 3915 Ἄνδρες,
585 3844 776 3920 θεωρῶ
807 3845 892 3901 ’ὁτι
927 3848 1064 3919 μετὰ
1092 3844 1300 3924 ὕϐρεως
1349 3851 1437 3905 καὶ
1486 3851 1704 3922 πολλῆς
1755 3854 1957 3929 ζημίας

305 3930 374 3984 οῦ
404 3930 577 4003 μόνον
616 3936 713 3987 τοῦ
743 3932 945 4012 φόρτου
977 3936 1067 3990 καὶ
1096 3941 1193 3992 τοῦ
1216 3935 1437 4009 πλοίου,
1459 3939 1604 3995 ἀλλά
1622 3941 1840 3997 καὶτῶν
1863 3947 1959 4018 ψυ-

305 4023 429 4093 χῶν
447 4022 483 4089 ἡ
493 4025 610 4092 μῶν
640 4020 834 4094 μέλλει
860 4020 1070 4089 ἔσεσθαι
1089 4027 1183 4081 τὸν
1212 4026 1411 4086 πλοῦν.
1433 4029 1494 4086 Ὀ
1526 4026 1583 4084 δὲ
1607 4030 1797 4087 ἑκατόν
1828 4054 1956 4109 ταρ-

296 4129 407 4185 χος
433 4114 516 4182 τῷ
547 4107 852 4188 κυϐερνήτῃ
902 4114 993 4170 καὶ
1042 4120 1121 4188 τῷ
1176 4117 1472 4194 ναυκλήρῳ
1528 4119 1770 4177 ἐπείθετο
1821 4107 1958 4196 μᾶλο

294 4198 425 4269 λον,
456 4199 493 4269 ἢ
515 4206 633 4262 τοῖς
668 4202 772 4257 ὑπὸ
802 4202 898 4258 τοῦ
929 4202 1153 4261 Ηαύλου
1175 4204 1521 4283 λεφομένοις.
1555 4211 1866 4266 Ἀνευθὲτου
1897 4209 1955 4267 δὶ

293 4293 398 4345 τοῦ
458 4287 687 4362 λιμένος
752 4292 1096 4369 ὑπάρχοντος
1172 4280 1309 4371 πρδς
1366 4300 1836 4373 παραχειμασίαν,
1899 4280 1981 4356 οἱ.

294 4375 529 4442 πλείους
588 4373 769 4435 ἔθεντο
823 4381 1031 4455 βουλήν
1093 4384 1400 4463 ἀναχθῆναι
1461 4386 1728 4455 κάκεῖθεν,
1783 4387 1948 4453 εἷ’πως

296 4463 576 4537 δύναιντο,
619 4472 1047 4540 καταντήσαντες
1103 4471 1179 4535 είς
1240 4473 1470 4530 Φοίνικα
1512 4478 1946 4552 παραχειμάσαι,

2079 537 2333 594 vinculis
2364 541 2476 596 his.
2516 563 2537 593 ι
2574 545 2700 600 Non
2733 547 2844 602 sibi
2882 551 3111 608 vincula
3141 570 3478 627 exsecrans,
3521 537 3629 619 aut
3652 566 3726 621 ob

2083 643 2152 682 ea
2180 628 2407 699 pudore
2440 634 2698 689 suffusus
2731 636 2841 692 hoc
2872 639 3141 697 dicebat:
3174 661 3313 701 nam
3344 647 3476 715 hoc,
3512 652 3560 706 si
3584 655 3726 724 quid

2082 716 2265 781 aliud,
2299 719 2485 789 gloria
2516 728 2575 776 et
2605 726 2999 785 exsultatione
3028 732 3271 805 dignum
3314 739 3471 809 apud
3525 716 3722 813 ipsum

2081 802 2430 873 habebatur,
2466 810 2617 864 1:8
2650 812 2752 866 sed
2802 814 2876 869 ad
2934 802 3172 874 illorum
3222 802 3724 885 existimationem

2080 893 2430 963 respiciens,
2465 903 2521 951 et
2542 899 2615 953 ad
2646 916 2850 957 eorum
2874 903 3341 966 imbecillitatem
3370 929 3498 970 esse
3519 917 3728 974 demit-

2083 984 2232 1036 tens.
2267 983 2580 1059 Contingat
2607 989 2777 1059 mihi,
2810 992 3024 1064 inquit,
3061 1002 3124 1051 ut
3152 1015 3359 1056 omnes
3391 1004 3727 1064 efﬁciantur

2083 1070 2230 1125 mihi
2262 1072 2509 1141 similes,
2541 1084 2937 1149 praeterquam
2969 1083 3030 1138 in
3062 1085 3153 1140 his
3184 1087 3454 1146 vinculis.

2620 1170 2849 1224 CAPUT
2886 1172 3192 1231 XXXVIII.

2082 1250 2249 1343 Pau'li
2278 1253 2503 1338 Romam
2538 1272 2720 1343 uersus
2747 1261 3039 1329 navigatio
3058 1265 3319 1343 plurimis
3366 1274 3730 1343 maximisque

2146 1324 2317 1400 plena
2343 1327 2644 1400 periculis:
2671 1329 2729 1383 in
2759 1347 2869 1400 quo
2884 1324 3164 1389 narratur
3208 1340 3374 1393 etiam
3422 1324 3731 1400 Ραάιῖἒω-

2155 1394 2501 1483 Iiortatio‘ad
2533 1415 2622 1483 eos
2673 1394 2787 1483 qui—
2820 1420 2997 1458 secum
3047 1415 3223 1483 erant
3264 1394 3495 1483 despicit
3510 1394 3722 1471 salutis.

2157 1467 2529 1544 Naufragium
2557 1467 2736 1535 Pauli,
2761 1481 2813 1526 et
2843 1492 2949 1544 quo
2996 1478 3155 1532 modo
3202 1467 3525 1539 incolumes?

2152 1543 2284 1616 runt
2312 1540 2370 1592 in
2400 1541 2624 1595 Meliten
2664 1540 2920 1612 insulam,
2978 1563 3163 1616 quaeve
3210 1556 3480 1611 miracula
3528 1540 3731 1615 Pauius

2156 1609 2215 1661 in
2245 1625 2307 1663 ea
2331 1619 2588 1680 operatus
2616 1617 2687 1669 sit

2156 1699 2376 1765 XXVII,
2414 1704 2564 1757 1-20.
2606 1723 2628 1752 ι
2662 1707 2981 1778 Postquam
3003 1718 3201 1767 autem
3222 1714 3525 1773 decretum
3549 1726 3640 1774 est
3664 1725 3730 1775 ut

2085 1804 2194 1842 nos
2243 1790 2656 1861 navigaremus
2685 1796 2746 1849 in
2781 1797 3029 1865 italiam,
3065 1802 3440 1860 tradiderunt
3469 1812 3526 1862 et
3574 1810 3726 1865 Pau-

2084 1877 2209 1933 lum
2240 1886 2299 1935 et
2330 1883 2619 1953 quosdam
2650 1886 2799 1943 alios
2822 1888 3046 1944 vinctos
3091 1896 3447 1963 centurioni,
3481 1900 3723 1957 nomine

2081 1969 2258 2039 Julio,
2302 1973 2560 2029 cohortis
2592 1979 2888 2049 Augustae.
2940 1980 3277 2039 Conscensa
3329 1993 3527 2043 autem
3579 2007 3725 2047 nave

2083 2061 2490 2135 Adramyttina
2532 2067 2859 2139 navigaturi
2875 2069 3048 2141 juxta
3064 2074 3215 2129 Asia:
3238 2075 3387 2144 loca,
3420 2079 3724 2151 solvimus,

2080 2159 2495 2221 perseverante
2582 2155 2890 2212 nobiscum
2977 2161 3316 2219 Aristarcho
3410 2168 3725 2227 Macedone

2078 2238 2614 2297 Thessalonicensi.
2650 2244 2930 2316 Sequenti
2985 2254 3181 2305 autem
3232 2252 3328 2308 die
3385 2256 3725 2328 appulimus

2078 2327 2378 2385 Sidonem.
2444 2332 2513 2385 Et
2565 2333 2757 2389 Julius
2810 2335 3154 2394 humaniter
3209 2327 3479 2400 tractato,
3515 2349 3722 2419 Paulo,

2078 2418 2351 2488 permisit
2372 2425 2437 2474 ut
2458 2420 2531 2476 ad
2552 2422 2776 2478 amicos
2796 2426 3117 2496 profectus,
3142 2431 3215 2486 ab
3241 2431 3360 2487 illis
3390 2443 3722 2509 curaretur,

2076 2507 2340 2579 Cumque
2370 2509 2507 2565 inde
2530 2511 2935 2584 solvissemus,
2996 2517 3512 2595 subnavigavimus
3553 2526 3726 2599 juxta

2075 2597 2352 2668 Cyprum,
2394 2608 2708 2673 propterea
2764 2605 2920 2675 quod
2966 2616 3169 2665 essent
3212 2614 3368 2668 venti
3417 2597 3725 2676 contrarii.

2075 2685 2146 2738 Et
2184 2689 2409 2743 emensi
2440 2690 2704 2761 pelagus,
2754 2696 2913 2764 quod
2972 2703 3062 2752 est
3109 2707 3315 2756 contra
3371 2703 3633 2760 Ciliciam
3668 2714 3728 2762 et

2075 2776 2506 2849 Pamphyliam.
2531 2783 2910 2852 pervenimus
2942 2785 3166 2859 Myram
3200 2806 3332 2860 qua)
3365 2799 3453 2846 est
3496 2794 3679 2866 Lyciae
3706 2812 3720 2849 :

2076 2870 2134 2918 et
2174 2865 2256 2919 ibi
2288 2873 2496 2924 nactus
2541 2873 2808 2927 centurio
2857 2890 3066 2929 navem
3114 2878 3575 2937 Alexandrinam
3615 2900 3724 2939 na—

2074 2953 2370 3025 vigantem
2402 2956 2463 3011 in
2498 2958 2747 3024 italiam,
2782 2961 3066 3033 imposuit
3095 2982 3203 3019 nos
3234 2968 3295 3021 in
3347 2985 3498 3024 eam.
3545 2970 3719 3027 Cum-

2075 3058 2187 3110 que
2221 3042 2425 3097 multis
2458 3044 2668 3101 diebus
2696 3049 2859 3103 tarde
2910 3053 3341 3124 navigaremus,
3380 3063 3438 3111 et
3485 3060 3577 3113 vix
3619 3060 3721 3116 de-

2077 3130 2447 3188 venissemus
2480 3150 2687 3191 versus
2717 3138 2988 3208 Cnidum,
3026 3143 3378 3213 prohibente
3409 3163 3518 3204 nos
3550 3156 3721 3206 vento

2075 3219 2555 3294 adnavigavimus
2605 3226 2788 3282 Cretm
2838 3229 3011 3300 juxta
3061 3232 3422 3291 Salmonem.
3498 3239 3721 3311 Vixque

2072 3310 2238 3366 illam
2270 3313 3164 3389 prmterlegentes,pervenimus
3186 3323 3246 3379 in
3281 3325 3489 3382 locum
3509 3310 3720 3400 quem-

2072 3399 2228 3461 dam,
2264 3402 2363 3472 qui
2407 3410 2651 3458 vocatur
2680 3406 3152 3481 Pulchriportus,
3214 3414 3307 3468 cui
3354 3399 3544 3473 vicina
3595 3425 3722 3475 erat

2070 3489 2273 3544 civitas
2296 3491 2512 3547 Lasaaa.
2539 3494 2717 3550 Multo
2739 3502 2938 3553 autem
2973 3504 3238 3573 tempore
3271 3512 3529 3575 peracto,
3565 3510 3602 3563 ‘I
3622 3511 3718 3566 ’10

2071 3584 2130 3633 et
2167 3594 2303 3634 cum
2328 3580 2456 3652 jam
2487 3588 2643 3639 esset
2672 3586 3007 3655 periculosa
3053 3592 3364 3664 navigatio,
3398 3596 3556 3667 quod
3588 3598 3717 3669 jam

2062 3669 2286 3743 jejunii
2332 3687 2567 3743 quoque
2626 3679 2860 3746 tempus
2916 3680 3298 3750 praeterisset,
3357 3684 3719 3744 admonebat

2070 3776 2171 3813 eos
2197 3760 2435 3829 Paulus,
2464 3761 2671 3819 dicens
2697 3782 2708 3818 :
2746 3767 2889 3832 Viri,
2920 3769 3088 3824 video
3120 3772 3279 3842 quod
3329 3790 3464 3829 cum
3496 3776 3717 3848 injuria

2070 3848 2377 3920 multoque
2403 3849 2644 3922 damno,
2678 3871 2797 3909 non
2829 3857 3021 3912 solum
3054 3861 3253 3915 oneris
3286 3868 3346 3916 et
3372 3864 3557 3931 navis,
3608 3868 3712 3923 sed

2069 3938 2247 3993 etiam
2279 3940 2611 3997 animarum
2657 3950 2996 4001 nostrarum
3027 3947 3224 4004 futura
3274 3951 3351 4006 sit
3396 3954 3711 4026 navigatio.

2066 4026 2342 4082 Centurio
2399 4046 2535 4084 vero
2581 4031 2958 4103 gubernatori
3048 4042 3107 4091 et
3162 4039 3443 4096 nauclero
3526 4045 3713 4118 magis

2065 4116 2362 4187 credebat,
2424 4136 2601 4190 quam
2659 4122 2751 4177 his
2809 4140 2940 4194 quas
2998 4143 3033 4181 a
3090 4128 3272 4184 Paulo
3336 4116 3711 4191 dicebantur.

2064 4208 2326 4277 Cumque
2358 4214 2531 4279 aptus
2557 4217 2762 4282 portus
2793 4230 2911 4269 non
2945 4222 3102 4271 esset
3131 4218 3205 4273 ad
3247 4219 3709 4291 hibernandum,

2063 4295 2401 4367 complures
2457 4306 2765 4371 coeperunt
2818 4305 3138 4361 consilium
3199 4308 3463 4365 solvendi
3520 4313 3708 4382 illinc,

2062 4386 2109 4440 si
2156 4402 2272 4456 quo
2333 4386 2508 4441 modo
2558 4397 2804 4460 possent
2860 4397 3114 4465 pervecti
3185 4398 3524 4457 Phcenicem
3585 4402 3710 4458 illic

2058 4473 2395 4531 hibernare.
2434 4475 2489 4530 Is
2520 4482 2610 4532 est
2640 4485 2847 4549 portus
2878 4483 3063 4540 Creta)
3098 4492 3375 4557 spectans
3403 4488 3475 4544 ad
3494 4490 3711 4561 Aphri-

295 4555 503 4628 λιμένα
530 4563 631 4627 τῆς
686 4560 909 4633 Κρήτης
968 4559 1241 4635 βλέποντα
1292 4564 1428 4618 κατὰ
1487 4559 1627 4620 Λίϐα
1673 4565 1763 4621 καὶ
1817 4569 1954 4623 κατά

2078 4581 2197 4620 :um
2257 4571 2314 4619 et
2371 4566 2445 4620 ad
2494 4568 2770 4624 Chorum.
2848 4555 3165 4645 Aspirante
3226 4582 3425 4633 autem
3482 4555 3706 4649 austro,

284 4649 517 4721 Χῶρον.
544 4647 1003 4713 Ὑποπνεύσαντος
1036 4647 1094 4705 δὲ
1126 4650 1324 4722 Νότου,
1371 4649 1618 4722 δόξαντες
1665 4655 1767 4725 τῆς
1819 4676 1947 4730 προσ

286 4736 496 4797 θέσεως
550 4737 965 4811 κεκρατηκέναι,
1022 4736 1241 4814 ἄραντες
1295 4746 1489 4797 Ἄσσον
1569 4742 1949 4821 παραλέγοντο

288 4826 400 4890 κήν
460 4827 704 4899 Κρήτηνι
755 4828 887 4885 Μετ’
944 4826 1006 4883 οῦ
1062 4827 1206 4884 πολὺ
1258 4827 1317 4884 δὶ
1374 4825 1538 4886 ἔϐαλε
1591 4834 1708 4887 κατ’
1782 4832 1946 4906 αὐτῆς

284 4914 496 4987 ἄνεμος
524 4916 864 4989 Τυφωνικὸς,
918 4918 947 4972 δ
976 4915 1317 4991 καλούμενος
1362 4919 1748 4997 Εὐροκλύδων,
1808 4931 1947 4979 Συνι

290 4998 663 5077 αρπασθέντος
695 5002 752 5060 δὶ
775 5009 871 5060 τοῦ
927 5004 1151 5078 πλοίυυ,
1203 5008 1293 5064 καὶ
1355 5011 1429 5082 μή
1478 5007 1780 5084 δυναμένου
1822 5012 1945 5068 ἀντ-

289 5088 602 5169 οφθαλμεῖν
657 5097 738 5167 τῷ
818 5093 1026 5168 ἀνέμῳ,
1108 5093 1385 5159 ἐπιδόντες
1462 5097 1781 5176 ἐφερόμεθα.
1841 5108 1948 5174 Νη-

277 5179 407 5234 σίον
440 5176 499 5235 δέ
545 5201 597 5236 τι
659 5179 1069 5257 ὑποδραμόντες
1108 5183 1450 5259 καλούμενον
1501 5185 1780 5259 Κλαύδην,
1842 5189 1944 5263 μό-

284 5266 384 5328 λις
446 5268 743 5345 ἶσχύσαλεν
821 5279 1165 5349 περικρατεῖς
1245 5276 1485 5351 γενέσθαι
1543 5284 1642 5347 τῆς
1712 5282 1941 5358 σκάφης.

282 5358 394 5413 Ἦν
451 5355 675 5433 ἄραντες
724 5360 1004 5436 βοηθείαις
1084 5362 1355 5438 ἐχρῶντο,
1418 5355 1837 5436 ὑποζωννύντες
1881 5369 1943 5423 τὸ

278 5446 510 5517 πλοῖον,
544 5444 879 5528 φοϐούμενοί
914 5470 974 5505 τε
1032 5451 1109 5523 μὴ
1170 5453 1247 5515 εἷς
1301 5455 1401 5523 τήν
1457 5454 1653 5531 Σύρτιν
1705 5455 1946 5512 έκπέσω-

278 5556 365 5605 σε,
426 5536 766 5613 χαλάσαντες
823 5541 886 5597 τὸ
941 5545 1128 5604 σκεῦος
1220 5540 1393 5608 οὕτως
1449 5545 1725 5625 ἐφέροντο.
1798 5556 1941 5624 Σφο-

2062 4653 2173 4707 rati
2206 4670 2268 4708 se
2296 4656 2584 4727 propositi
2616 4666 2942 4732 compotes,
2975 4680 3110 4719 cum
3142 4665 3456 4722 solvissent
3490 4671 3704 4724 Asson.

2061 4742 2554 4813 prazterlegebant
2584 4748 2833 4804 Cretam.
2869 4752 3084 4807 Verum
3142 4754 3299 4810 haud
3347 4756 3536 4812 multo
3576 4764 3712 4831 post

2061 4836 2298 4886 coortus
2360 4840 2449 4888 est
2496 4842 2701 4891 contra
2759 4838 2947 4910 ipsam
3006 4847 3215 4899 ventus
3308 4846 3704 4917 Typhonicus,

2063 4921 2160 4992 qui
2221 4928 2460 4977 vocatur
2497 4923 2873 4997 Euroaquilo.
2914 4930 3177 5003 Cumque
3229 4941 3501 5007 correpta
3550 4943 3710 4994 esset

2059 5009 2245 5072 navis,
2280 5027 2388 5065 nec
2420 5019 2623 5082 posset
2669 5015 2856 5072 obniti
2905 5026 3102 5088 vento,
3162 5024 3299 5080 data
3355 5042 3500 5082 nave
3552 5027 3708 5082 ﬂati-

2058 5100 2191 5163 bus,
2254 5100 2609 5156 ferebamur.
2670 5105 2736 5159 In
2794 5107 3054 5164 insulam
3130 5119 3326 5169 autem
3386 5117 3706 5187 quamdam

2059 5189 2305 5257 devecti,
2339 5206 2470 5259 qua:
2494 5200 2741 5248 vocntur
2771 5197 3011 5265 Clauda,
3059 5202 3151 5256 vix
3200 5204 3501 5275 potuimus
3550 5207 3706 5262 obti-

2058 5294 2200 5332 nere
2225 5278 2525 5349 scapham.
2558 5282 2682 5346 Qua
2731 5285 2964 5343 sublata
3003 5289 3318 5361 adjutoriis
3358 5295 3701 5366 utebantur,

2056 5368 2472 5441 succingentes
2505 5387 2739 5437 navem,
2796 5383 2855 5431 et
2905 5378 3184 5436 timentes
3234 5399 3307 5438 ne
3369 5385 3431 5439 in
3491 5387 3706 5458 Syrtim

2055 5458 2407 5525 inciderent,
2440 5457 2698 5517 demisso
2733 5481 2865 5521 vase
2895 5468 2979 5523 sic
3027 5469 3394 5529 ferebantur.
3453 5457 3540 5530 Et?
3570 5492 3705 5532 cum

2054 5547 2389 5602 vehementi
2431 5553 2783 5622 tempestate
2838 5556 3223 5630 jactaremur,
3285 5566 3558 5635 sequenti
3606 5565 3703 5619 die

273 5623 430 5700 δρῶς
489 5624 548 5683 δὶ
633 5630 1058 5705 χειμαζομένων
1117 5634 1304 5705 ἡμῶν,
1380 5639 1450 5711 τῇ
1489 5623 1637 5709 νδξῆς
1695 5623 1936 5710 ἐκϐολὴν

2079 5643 2273 5693 actum
2308 5636 2598 5705 fecerunt,
2640 5657 2707 5696 ac
2763 5646 2941 5703 tertio
2992 5649 3087 5705 die
3148 5653 3369 5708 nostris
3422 5652 3700 5709 manibus
