4176 6200
459 282 575 342 298

1425 281 1841 342 COMMENT.
1888 279 1976 339 IN
2021 273 2228 337 ACTA
2283 274 2887 340 APOSTOLORUM.

457 439 826 490 armamenta
856 434 1020 488 navis
1069 433 1448 504 projecimus.
1499 437 1678 491 Porro
1727 449 1921 504 neque
1971 430 2056 486 sol

2174 406 2651 504 ,évatnoBVtoLKal
2682 415 2750 486 τῇ
2781 413 2936 491 τρίτῃ
2995 417 3316 498 αὐτόχειρες
3357 424 3459 493 τήν
3514 428 3712 497 σκευὴν
3762 433 3850 485 τοῦ

456 543 647 596 neque
688 526 982 580 Sideribus
1013 526 1436 596 apparentibus
1466 527 1538 580 ad
1571 524 1904 596 complures
1953 521 2098 584 dies,

455 622 513 669 et
545 622 889 686 tempestate
922 633 1038 669 non
1075 618 1282 688 exigua
1309 616 1678 680 imminente,
1733 615 1858 685 jam
1904 610 2101 665 ablata

454 711 581 760 erat
612 707 807 760 omnis
843 724 974 778 spes
1007 706 1213 760 salutis
1245 713 1483 760 nostrae.
1523 731 1541 755 η

518 907 544 932 ‹‹
583 886 1124 958 Quodjamjejunii
1151 903 1386 958 quoque
1411 892 1644 957 tempus
1668 884 2047 957 praeterisset.
2065 903 2093 932 ››

449 975 750 1046 Jejunium
783 976 928 1030 dicit
971 977 1065 1031 hic
1093 977 1450 1030 Judaeorum.
1513 978 1653 1031 Nam
1703 981 1837 1045 post
1888 976 2094 1028 Pente-

449 1072 649 1120 costen
684 1066 854 1138 longo
889 1073 1153 1137 tempore
1185 1066 1321 1120 inde
1375 1082 1652 1138 egressus
1687 1070 1794 1130 est,
1854 1063 1996 1117 adeo
2031 1067 2093 1116 ut

450 1155 642 1209 ferme
673 1156 849 1210 fuerit
882 1157 1092 1221 hiems,
1126 1173 1258 1210 cum
1292 1156 1364 1210 ad
1397 1161 1592 1226 partes
1622 1155 1805 1208 Cretaa
1855 1151 2091 1207 accede—

450 1255 556 1299 ret.
592 1247 736 1299 Ecce
771 1262 930 1300 nunc
963 1261 1196 1315 quoque
1227 1245 1581 1299 vaticinatur
1613 1243 1852 1308 Paulus,
1885 1243 2088 1295 dicens

450 1335 535 1388 eis
567 1334 722 1405 quod
757 1334 1126 1404 naufragium
1159 1333 1441 1388 facerent.
1477 1337 1542 1386 Et
1570 1332 1708 1386 licet
1737 1347 1854 1385 non
1887 1330 2084 1384 conti-

444 1425 594 1493 gerit
624 1423 708 1476 eis
737 1423 1109 1494 naufragium
1142 1438 1270 1476 cum
1309 1422 1527 1476 damno
1561 1422 1893 1476 animarum
1916 1421 2088 1488 juxta

447 1511 634 1582 ipsius
659 1528 1026 1565 sermonem:
1061 1513 1170 1565 hoc
1198 1517 1395 1565 tamen
1419 1518 1645 1566 natura:
1664 1527 1841 1565 cursu
1861 1509 2082 1564 evenis-

437 1604 546 1665 set,
583 1600 695 1653 nisi
727 1601 880 1654 Deus
910 1606 1364 1670 prazservasset:
1419 1606 1656 1671 pr0pter
1695 1601 1887 1670 ipsum
1921 1598 2080 1653 enim

431 1687 572 1742 fecit
604 1693 665 1742 ut
687 1688 774 1742 illi
807 1705 1044 1758 quoque
1079 1689 1218 1742 salvi
1239 1695 1455 1743 essent.
1483 1689 1636 1743 180
1660 1693 1700 1740 A
1732 1693 2079 1758 tempestate

2204 495 2407 590 πλοίου
2491 497 2805 574 ἐρῥίψαμεν.
2889 506 3046 576 Μήτε
3103 495 3171 563 δὲ’
3216 508 3380 577 ἡλίου
3442 515 3582 585 μήτε
3638 495 3845 590 ἇίστρων

2202 583 2628 666 ἐπιφαίνομένων
2685 590 2773 647 ἐπὶ
2822 592 3077 656 πλείονας
3163 599 3396 672 ἡμέρας,
3455 583 3750 676 χειμῶνός.
3789 627 3844 662 τε

2202 676 2302 730 οὐκ
2357 676 2550 755 ὀλίγου
2611 679 2977 756 ἐπικειμένου,
3036 684 3230 744 λοιπὸν
3310 698 3629 767 περιῃρεῖτο
3703 702 3845 751 πᾶσα

2200 762 2357 828 ἐλπίς
2387 773 2482 823 τοῦ
2513 771 2776 838 σώζεσθαι
2805 775 2973 845 ἡμᾶς.
3009 798 3036 826 >›

2271 901 2297 927 ‹‹
2333 879 2428 931 Διὰ
2458 879 2519 932 τὸ
2550 881 2640 934 καὶ
2686 882 2783 949 τήν
2841 882 3090 951 νηστείαν
3147 882 3254 955 ἤδη
3314 887 3774 962 παρεληλυθέναι.
3813 917 3839 944 ››

2197 967 2463 1035 Νηστείαν
2497 967 2720 1024 ἐνταῦθα
2753 971 2851 1036 τήν
2878 976 2986 1026 τῶν
3022 971 3296 1029 Ἰουδαίων
3328 975 3498 1054 λέγει.
3560 981 3707 1036 Μετᾶ
3738 982 3839 1058 γὰρ

2195 1055 2293 1122 τήν
2327 1059 2702 1127 Πεντηκοστήν
2735 1057 2957 1129 ἐξῆλθεν
2994 1060 3191 1117 ἐκεῖθεν
3227 1065 3362 1137 μετά
3391 1065 3564 1122 πολὺν
3616 1055 3833 1144 χρόνον,

2194 1142 2269 1204 ὡς
2301 1143 2352 1198 ἐν
2385 1145 2532 1219 αὐτῷ
2563 1144 2757 1220 σχεδὸν
2810 1153 2888 1220 τῷ
2917 1156 3156 1224 χειμῶνι
3204 1153 3594 1230 παραγενέσθαι
3645 1142 3723 1220 εἰς
3773 1160 3837 1214 τὰ

2195 1231 2332 1305 μέρη
2361 1240 2460 1303 τῆς
2494 1236 2735 1308 Κρήτης.
2766 1232 2903 1290 Ἰδοὺ
2934 1239 3263 1315 προφητεύει
3321 1242 3413 1295 καὶ
3473 1247 3562 1297 νῦν
3615 1245 3643 1299 ὁ
3693 1250 3837 1300 Παῦ-

2195 1321 2309 1389 λος,
2344 1331 2643 1400 ναυαγῆσαι
2677 1323 2847 1400 λέγων
2882 1327 3089 1389 αὺτοῖς.
3121 1329 3189 1386 Εἴ
3217 1331 3308 1385 καὶ
3354 1333 3418 1387 ού
3468 1335 3690 1411 γέγονεν
3742 1335 3835 1391 αὖ·

2189 1417 2308 1472 τοῖς
2340 1413 2472 1482 μετὰ
2504 1415 2707 1487 ζημίας
2740 1419 2932 1490 ψυχῶν
2963 1418 3026 1471 τὸ
3047 1420 3300 1493 ναυάγιον
3329 1442 3467 1477 κατα
3519 1423 3614 1478 τὸν
3667 1423 3828 1500 λόγον

2188 1499 2370 1555 αὐτοῦ.
2405 1504 2578 1556 Τοῦτο
2610 1505 2702 1575 μὲν
2733 1505 2834 1580 γὰρ
2865 1504 2991 1560 ὅσον
3021 1510 3158 1562 γατὰ
3193 1510 3293 1578 τήν
3340 1511 3496 1590 φύσιν
3549 1516 3645 1566 τοῦ
3695 1499 3832 1589 πρά-

2187 1611 2401 1665 γματος
2433 1589 2635 1664 ἐγένετο
2670 1593 2748 1662 ἄν,
2781 1594 2828 1648 εἷ’
2881 1596 2956 1667 μὴ
2993 1597 3020 1650 ὁ
3052 1598 3181 1659 Θεὸς
3232 1596 3475 1658 διέσωσε.
3541 1603 3618 1657 Δι’
3671 1601 3830 1658 αὐτὸν

2183 1679 2283 1752 γάρ
2315 1679 2403 1733 καὶ
2446 1679 2682 1745 ἐκείνους
2739 1680 3079 1754 διασωθῆναι
3129 1687 3400 1758 ἐποίησεν.
3448 1692 3526 1747 Τὸ
3580 1692 3673 1764 μὶν
3735 1693 3828 1747 οῦν

440 1777 640 1846 itaque
670 1777 888 1832 factum
923 1783 1011 1832 est
1033 1778 1425 1849 naufragium,
1451 1778 1731 1848 quoniam
1762 1777 2062 1832 vehemens

2187 1768 2472 1842 γενόμενον
2507 1773 2756 1846 ναυάγιον
2813 1771 2919 1827 ἀπὸ
2960 1778 3056 1828 τοῦ
3112 1782 3304 1851 καιροῦ
3353 1777 3584 1854 ἐγένετο,
3638 1779 3827 1850 ἐπειδὴ

429 1873 557 1921 erat
587 1867 866 1938 procella.
903 1868 1085 1936 Majus
1116 1872 1315 1921 autem
1369 1866 1482 1922 fuit
1512 1866 1886 1929 miraculum,
1920 1865 2079 1936 quod

437 1956 539 2010 tali
572 1961 837 2026 tempore
872 1973 901 2010 e
933 1956 1144 2010 mediis
1176 1957 1386 2010 servati
1411 1956 1529 2010 sint
1547 1955 1926 2027 periculis,et
1955 1955 2080 2025 ipse

431 2045 750 2116 Apostolus
781 2052 839 2100 et
870 2051 1112 2116 propter
1142 2061 1277 2099 eum
1309 2045 1527 2100 caeteri.
1557 2047 1681 2100 Non
1705 2061 1840 2116 ergo
1863 2044 2081 2098 menti-

434 2140 527 2188 tus
553 2142 659 2189 est.
703 2155 724 2182 ι
759 2135 1038 2190 Centurio
1071 2151 1204 2188 vero
1261 2133 1640 2207 gubernatori
1694 2139 1751 2188 et
1795 2133 2076 2189 nauclero

433 2225 620 2296 magis
653 2224 997 2280 credebat.»
1033 2225 1159 2279 Non
1203 2223 1447 2278 adhibet
1491 2225 1757 2279 animum
1808 2223 2074 2278 centurio

429 2313 524 2369 bis
551 2331 682 2385 qua:
717 2331 751 2369 a
780 2314 964 2370 Paulo
987 2313 1358 2382 dicebantur,
1395 2313 1644 2368 credens
1685 2313 1770 2369 eis
1801 2313 1899 2384 qui
1931 2313 2075 2367 artis

429 2403 742 2476 navigandi
757 2404 929 2475 periti
950 2410 1149 2459 essent
1164 2404 1348 2476 magis
1361 2419 1524 2474 quam
1536 2404 1751 2458 vectori
1766 2404 2072 2473 inexperto

429 2494 514 2548 rei
548 2494 827 2560 nauticae,
862 2499 919 2547 et
949 2510 1017 2548 ex
1048 2493 1159 2547 hoc
1190 2492 1363 2548 docet
1409 2492 1566 2562 quod
1612 2490 1830 2565 mentis
1876 2491 2070 2562 potius

423 2599 588 2638 error
621 2589 775 2638 esset
817 2599 994 2653 quam
1053 2581 1327 2637 fortunae.
1381 2583 1522 2637 Cum
1584 2581 1742 2636 enim
1800 2580 2070 2636 naturale

423 2677 638 2748 cuique
661 2677 738 2731 sit
756 2677 1015 2731 devitare
1038 2674 1322 2746 pericula,
1355 2673 1527 2729 docet
1547 2673 1676 2744 ipsa
1705 2671 2072 2744 experientia

420 2784 493 2822 ne
528 2767 788 2838 seipsum
825 2766 1118 2837 quispiam
1145 2763 1494 2836 prwcipitet,
1526 2779 1656 2816 cum
1681 2778 1774 2815 res
1797 2767 2066 2832 apertum

420 2858 593 2912 affert
621 2855 978 2927 periculum,
1010 2861 1068 2910 et
1097 2854 1334 2909 fortuna
1363 2869 1429 2907 ac
1460 2852 1645 2906 fatum
1699 2849 1774 2904 ad
1821 2850 1879 2904 id
1911 2849 2067 2920 quod

418 2947 730 3019 prwvisum
760 2952 849 3001 est
880 2944 1261 3000 obdormiat:
1313 2942 1471 3012 quod
1521 2941 1569 2996 si
1618 2940 1797 2995 etiam
1845 2938 2063 3011 vigilet,

414 3037 569 3092 nihil
604 3044 803 3091 tamen
834 3035 1066 3107 operari
1088 3037 1284 3105 potest
1315 3031 1595 3086 adversus
1627 3029 1936 3084 hominum
1969 3045 2064 3082 vo-

2190 1857 2356 1930 μὲγας
2383 1860 2451 1927 ἦν
2485 1860 2512 1914 ὁ
2545 1862 2780 1934 χειμών
2815 1864 2892 1918 Τὸ
2925 1859 2981 1917 δὲ
3011 1867 3188 1937 θαῦμα
3224 1873 3430 1939 μεῖζον,
3462 1868 3546 1924 ὅτι
3577 1869 3628 1925 ἐν
3656 1875 3828 1946 καιρῷ

2183 1947 2420 2019 τοιούτῳ
2451 1947 2509 2003 ἐκ
2543 1948 2718 2022 μέσων
2755 1949 3036 2022 ἐσώθησαν
3066 1957 3173 2008 τῶν
3230 1953 3518 2030 κινδύνων,
3567 1958 3730 2021 αὑτός
3772 1980 3828 2016 τε

2185 2037 2212 2091 ὁ
2247 2037 2601 2107 Ἀπόστολος,
2636 2040 2724 2094 καὶ
2758 2038 2828 2095 δι’
2868 2041 3028 2096 αὐτὸν
3077 2045 3130 2097 οἱ
3179 2044 3388 2102 λοιποί.
3423 2049 3582 2102 Ὥστε
3634 2050 3694 2105 οὐ
3755 2051 3830 2107 δι·

2183 2126 2453 2200 ἔψευσται.
2489 2155 2514 2181 ι(
2551 2131 2612 2187 Ὁ
2645 2128 2700 2184 δὲ
2733 2132 3137 2212 ἑκατοντάρχης
3167 2141 3246 2208 τῷ
3275 2133 3581 2213 κυϐέρνήτῇ
3627 2142 3715 2196 καὶ
3748 2148 3826 2217 τῷ

2180 2215 2475 2292 ναυκλήρῳ
2508 2219 2773 2275 ἐπείθετο.
2816 2247 2834 2271 ι
2873 2220 2949 2279 Οὐ
2983 2220 3243 2298 προσέχει
3275 2232 3392 2288 τοῖς
3425 2227 3527 2282 ὑπὸ
3556 2233 3653 2284 τοῦ
3685 2215 3825 2287 Hari-

2181 2305 2280 2360 λου
2313 2305 2631 2384 λεγομένοις
2664 2311 2692 2363 ὁ
2726 2310 3154 2391 ἑκατοντάρχης,
3187 2316 3508 2388 πειθόμενος
3548 2324 3668 2381 τοῖς
3721 2319 3818 2394 ἐμ-

2179 2397 2381 2471 πείρως
2412 2394 2603 2473 ἔχουσι
2655 2398 2870 2471 μᾶλλον
2937 2402 3074 2475 πρὸς
3131 2403 3194 2457 τὸ
3251 2402 3433 2474 πλεῖν,
3494 2409 3528 2477 ἢ
3589 2405 3820 2485 ἐπιϐάτῃ

2177 2486 2386 2561 ἀπείρῳ
2416 2495 2696 2557 ναυτικῆς,
2731 2489 2832 2546 Καὶ
2883 2489 2941 2545 ἐκ
2977 2490 3172 2547 τούτου
3227 2491 3488 2564 διδάσκει,
3548 2497 3631 2552 ὅτι
3679 2501 3821 2574 γνώο

2180 2599 2288 2649 μης
2318 2576 2431 2632 ἐστὶ
2461 2577 2550 2631 καὶ
2583 2577 2644 2632 οὐ
2675 2577 2856 2658 τύχης
2885 2581 2946 2634 τὸ
3007 2581 3326 2655 ἁμάρτημα.
3384 2585 3504 2642 Ὀτι
3554 2587 3660 2662 γὰρ
3709 2584 3819 2643 ἔστι

2174 2669 2314 2722 πατὰ
2371 2669 2526 2747 φύσιν
2588 2667 2833 2746 ἐκφυγεῖν
2889 2668 3155 2742 κίνδυνον,
3216 2673 3351 2744 αῦτή
3385 2678 3420 2744 ἡ
3453 2682 3613 2752 πεῖρα
3674 2675 3822 2733 διδά-

2175 2776 2284 2810 σκει
2321 2758 2396 2828 μή
2429 2759 2882 2831 κατακρημνίζειν
2938 2761 3124 2816 ἑαυτόν
3180 2782 3316 2830 τινα,
3377 2764 3452 2825 ὡς
3518 2761 3820 2842 ἀναμφιϐό-

2174 2845 2285 2907 λως
2343 2851 2440 2901 τοῦ
2494 2849 2810 2923 πράγματος
2851 2846 3094 2904 κίνδυνον
3151 2851 3427 2928 φέροντος,
3485 2861 3584 2923 τῆς
3641 2854 3820 2931 τύχης

2171 2936 2259 2990 καὶ
2318 2935 2655 3010 εἱμαρμένης
2711 2935 2797 2992 ἐπὶ
2853 2942 2961 2992 τῶν
3015 2938 3307 3014 προῦπτων
3372 2942 3819 3018 κοιμωμένης,ἢ

2169 3027 2550 3103 γρηγορούσης
2605 3027 2723 3099 μὲν,
2784 3025 2955 3100 μηδὲν
3016 3025 3073 3084 δὲ
3132 3027 3436 3104 δυναμένης
3492 3033 3819 3108 ἀντιπράεα-

413 3126 707 3181 luntatem
743 3132 800 3180 et
826 3125 1180 3180 electionem
1214 3140 1226 3178 :
1272 3139 1390 3194 qua
1418 3137 1618 3193 opera,
1650 3137 1781 3190 quas
1830 3135 1890 3174 se
1923 3135 2062 3173 con-

2175 3119 2293 3171 σθαι
2323 3117 2460 3171 κατὰ
2489 3123 2588 3184 τῆς
2643 3119 3008 3193 προαιρέσεως
3063 3125 3172 3174 τῶν
3221 3119 3545 3195 ἀνθρώπων,
3602 3124 3720 3177 καθ’
3748 3124 3818 3192 ἣν

413 3219 687 3279 cernunt,
749 3215 1286 3284 quomodocumque
1361 3209 1656 3266 voluerint
1713 3209 1939 3263 ducunt
1994 3224 2062 3263 ac

417 3303 694 3373 rapiunt:
731 3301 1230 3372 quemadmodum
1267 3300 1444 3354 etiam
1481 3299 1518 3352 ii
1562 3299 1662 3369 qui
1697 3314 1829 3352 cum
1878 3296 2058 3351 Paulo

411 3407 660 3465 peregre
689 3391 959 3457 agebant.
997 3389 1156 3444 Adeo
1189 3389 1350 3442 enim
1381 3388 1468 3442 illi
1497 3404 1564 3442 ex
1597 3386 1898 3441 voluntate
1926 3401 2060 3456 ope-

409 3482 717 3546 rabantur,
751 3487 816 3535 ut
843 3480 1156 3535 confestim
1189 3484 1431 3533 ventum
1471 3477 1627 3530 nacti
1681 3492 2053 3547 prosperum,

406 3571 733 3645 gaudentes
765 3567 1065 3640 prosecuti
1101 3567 1221 3621 sint
1251 3565 1708 3637 navigationem.
1737 3563 2053 3618 Sciendum

403 3667 602 3717 autem
661 3658 818 3730 quod
877 3657 1117 3711 verbum
1171 3651 1572 3730 ἀντοφθαλμεῖν
1629 3651 1806 3722 (quod
1865 3659 2050 3706 meta-

402 3751 646 3824 phorice
675 3749 958 3804 vertimus
989 3745 1199 3804 obniti,
1226 3744 1465 3816 proprie
1506 3747 1703 3796 autem
1759 3741 2055 3811 significat

395 3858 466 3896 ex
504 3839 750 3896 adverso
785 3836 1051 3905 intueri),
1090 3851 1158 3890 ex
1190 3833 1468 3889 dictionis
1513 3831 1895 3902 proprietate,
1931 3847 2051 3885 non

2173 3205 2246 3267 ὡς
2270 3203 2329 3259 ἄν
2362 3205 2668 3280 βούλωνται
2724 3206 2789 3260 τὰ
2847 3205 2928 3286 ἐφ’
2985 3209 3197 3268 ἑαυτοῖς
3249 3210 3546 3284 πράγματα
3605 3209 3816 3285 ἃγουσι,

2167 3295 2256 3349 καὶ
2289 3294 2560 3372 φέρουσιν,
2595 3296 2669 3357 ὡς
2696 3295 2784 3349 καὶ
2817 3296 2869 3350 οἱ
2898 3295 2988 3350 σῦν
3047 3301 3127 3368 τῷ
3177 3295 3380 3370 Παύλῳ
3427 3296 3814 3372 ἐκδημοῦντες.

2169 3384 2326 3440 Οὖτω
2381 3385 2484 3459 γὰρ
2531 3387 2667 3440 κατὰ
2725 3385 3038 3462 προαίρεσιν
3095 3381 3380 3461 ἔπραττον,
3463 3387 3548 3442 ὅτι
3618 3389 3815 3452 εὐθέως

2167 3471 2479 3544 ἐπιτηδείου
2519 3475 2780 3555 τυχόντες
2822 3473 3027 3550 ἀνέμου
3089 3476 3377 3556 χαίροντες
3437 3475 3658 3548 διήνυον
3717 3479 3812 3534 τὸν

2165 3561 2357 3618 πλοῦν·
2393 3561 2584 3620 Ἰστέον
2625 3564 2682 3620 δὲ
2741 3565 2823 3620 ὅτι
2875 3567 2939 3621 τὸ
2995 3567 3397 3646 ἀντοφθαλμεῖν
3455 3567 3546 3622 ἐπὶ
3605 3567 3813 3624 πλοίου

2165 3650 2344 3727 λέγειν
2381 3675 2479 3708 ουκ
2517 3649 2625 3709 ἔστι
2676 3653 3039 3731 κυριολεξίας.
3073 3661 3242 3711 Τοῦτο
3297 3658 3399 3732 γάρ
3459 3656 3546 3712 ἐπὶ
3601 3658 3812 3732 ἀνθρὼ-

2162 3763 2270 3796 που
2307 3743 2475 3814 μόνον
2509 3744 2758 3818 ἁρμόζει.
2792 3745 2949 3799 Ὥστε
2981 3745 3048 3800 οὗ
3093 3743 3176 3800 δεῖ
3225 3745 3592 3821 κυριολεκτεῖν
3645 3745 3808 3799 ἀπαι-

2157 3836 2269 3885 τεῖν
2297 3831 2379 3887 ἀεὶ
2408 3834 2508 3902 τήν
2542 3835 2779 3908 Γραφήν.

397 3931 614 3985 dicitur
639 3928 709 3982 de
743 3927 995 3998 navigio,
1028 3924 1131 3979 sed
1163 3923 1391 3979 homini
1423 3926 1651 3976 tantum
1682 3921 1973 3990 congruit.
2005 3922 2210 3994 Itaque
2239 3939 2362 3978 non
2391 3930 2623 3996 oportet
2652 3930 2937 3998 perpetuo
2971 3925 3327 3998 Scripturam
3353 3941 3420 3981 ex
3440 3923 3803 3998 proprietate

401 4036 609 4074 vocum
638 4017 996 4072 examinare.

472 4108 688 4172 XXVII,
723 4108 905 4161 21-41.
967 4126 994 4153 ‹‹
1029 4103 1172 4158 Cum
1235 4107 1432 4156 autem
1489 4099 1676 4154 multa
1716 4099 1844 4170 jam
1901 4104 2057 4153 esset

399 4198 620 4254 inedia.
682 4202 822 4250 tunc
878 4199 1041 4248 stans
1126 4190 1344 4246 Paulus
1420 4189 1479 4242 in
1568 4185 1762 4242 medio
1822 4204 2051 4257 eorum,

399 4288 583 4343 dixit:
617 4284 937 4357 Oportebat
987 4281 1249 4352 quidem,
1284 4296 1315 4333 ο
1348 4278 1477 4345 viri,
1537 4277 1739 4331 audito
1791 4293 1884 4331 me
1933 4293 2050 4330 non

393 4379 618 4433 solvere
661 4392 695 4430 a
753 4375 945 4438 Creta,
1006 4389 1114 4426 nec
1172 4383 1473 4424 accersere
1535 4366 1707 4420 nobis
1766 4365 2048 4437 injuriam

2237 4123 2262 4150 ‹‹
2299 4098 2523 4170 Πολλῆς
2554 4098 2608 4156 δὲ
2659 4100 2869 4163 ἀσιτίας
2925 4101 3297 4178 ὑραρχούσης,
3352 4099 3476 4157 τότε
3531 4096 3807 4162 σταϐεὶςὸ

2167 4186 2384 4252 Παῦλος
2413 4188 2463 4244 ἐν
2496 4189 2644 4262 μέσῳ
2672 4191 2872 4258 αὐτῶν,
2923 4192 3088 4246 εἶπενο
3121 4187 3272 4247 Ἔδει
3331 4191 3449 4262 μὶν,
3503 4190 3548 4242 ὦ
3594 4186 3806 4264 ἂνδρες,

2161 4279 2632 4352 πειθαρχήσαντάς
2685 4301 2783 4352 μοι
2844 4281 2920 4352 μή
2982 4279 3269 4356 ἀνάγεσθαι
3333 4279 3438 4334 ἀπὸ
3502 4285 3602 4347 τῆς
3660 4281 3810 4352 Κρή-

2159 4387 2279 4436 της,
2311 4364 2570 4441 κερδῆσαί
2602 4388 2660 4422 τε
2688 4369 2785 4436 τήν
2828 4363 2981 4442 ὕϐριν
3036 4369 3240 4438 ταύτην
3286 4369 3374 4422 καὶ
3422 4368 3520 4436 τήν
3579 4367 3804 4441 ζημίαν.

400 4469 553 4522 hanc
585 4472 644 4521 et
667 4467 989 4536 jacturam.
1046 4463 1114 4514 Et
1147 4475 1303 4513 nunc
1334 4458 1541 4511 hortor
1570 4462 1632 4509 ut
1663 4455 1817 4508 bono
1849 4455 2048 4508 animo

2174 4456 2260 4511 Καὶ
2313 4459 2379 4512 τά
2463 4462 2554 4512 νῦν
2632 4463 2880 4532 παραινῶ
2966 4459 3104 4532 ὑμᾶς
3183 4457 3450 4530 εὐθυμεῖν.
3510 4452 3802 4525 Ἀποϐολή

400 4557 568 4611 sitis:
597 4556 832 4625 jactura
865 4552 1022 4607 enim
1057 4548 1282 4604 nullius
1314 4546 1527 4600 animae
1573 4544 1686 4598 erit
1734 4559 1802 4597 ex
1855 4543 2042 4611 vobis,

399 4645 502 4699 sed
535 4649 766 4699 tantum
819 4641 1002 4697 navis.
1054 4637 1252 4693 Astitit
1297 4635 1454 4689 enim
1500 4633 1642 4686 mihi
1705 4631 1813 4686 hac
1871 4637 2041 4686 nocte

397 4732 645 4803 angelus
676 4731 799 4797 Dei,
834 4730 1005 4800 cujus
1063 4742 1194 4781 sum
1256 4740 1359 4795 ego
1411 4727 1469 4776 et
1516 4737 1694 4791 quem
1752 4720 1903 4787 colo,
1954 4720 2040 4774 di-

393 4837 568 4877 cens:
606 4822 684 4874 Ne
719 4820 948 4888 timeas,
992 4815 1194 4878 Paule,
1242 4811 1454 4867 Caesari
1507 4816 1560 4863 te
1609 4810 1736 4864 sisti
1787 4813 2037 4881 oportet.

391 4912 461 4965 Et
490 4923 628 4964 ecce
686 4906 927 4961 donavit
978 4905 1085 4958 tibi
1136 4905 1287 4958 Deus
1343 4915 1550 4955 omnes
1607 4898 1704 4969 qui
1766 4898 2042 4969 navigant

388 5006 624 5054 tecum:
680 5001 924 5067 propter
970 4993 1128 5064 quod
1174 4993 1328 5047 bono
1387 4989 1587 5045 animo
1646 4991 1851 5055 estote,
1910 4987 2037 5042 viri.

390 5088 577 5144 Credo
609 5087 770 5142 enim
808 5086 923 5138 Deo
980 5081 1136 5153 quod
1194 5083 1276 5136 sic
1335 5079 1466 5144 erit,
1535 5075 2037 5148 quemadmodum

393 5178 616 5232 dictum
675 5180 765 5230 est
804 5173 969 5229 mihi.
1029 5173 1095 5225 In
1147 5170 1464 5242 quemdam
1521 5173 1716 5222 autem
1777 5166 2036 5221 insulam

389 5273 621 5339 oportet
678 5283 785 5322 nos
846 5265 1002 5336 ejici.
1064 5263 1174 5318 Sed
1259 5266 1644 5332 posteaquam
1719 5257 2034 5327 quartade-

389 5357 545 5412 cima
601 5373 715 5410 nox
779 5352 1135 5425 supervenit,
1223 5346 1634 5421 navigantibus
1718 5345 1891 5400 nobis
1973 5345 2033 5400 in

386 5446 566 5504 Adria
598 5445 756 5500 circa
787 5442 1049 5498 medium
1081 5440 1293 5508 noctis,
1345 5435 1800 5508 suspicabantur
1837 5439 2032 5489 nautaa

387 5537 532 5594 181
592 5551 876 5608 apparere
930 5531 1041 5587 sibi
1102 5531 1363 5603 aliquam
1407 5527 1757 5598 regionem:
1817 5525 1915 5597 qui
1976 5531 2035 5580 et

385 5627 646 5683 demissa
707 5622 906 5680 bolide
967 5623 1318 5691 repererunt
1388 5631 1599 5688 passus
1654 5613 1908 5685 viginti:
1962 5631 2029 5669 ac

2155 4545 2252 4621 γὰρ
2285 4549 2472 4623 ψυχῆς
2505 4545 2632 4602 οὐδὲ
2668 4547 2763 4620 μία
2795 4546 2941 4602 ἔσται
2973 4546 3024 4618 ἐξ
3058 4549 3231 4621 ὑμῶν,
3263 4545 3410 4616 πλὴν
3437 4551 3534 4602 τοῦ
3577 4546 3802 4602 πλοίου.

2154 4639 2397 4709 Παρὲστη
2471 4637 2576 4711 γάρ
2663 4658 2756 4709 μοι
2837 4641 2905 4709 τῇ
2983 4636 3133 4692 νυκτῖ
3189 4637 3357 4712 ταύτῃ
3419 4637 3645 4711 ἄγγελος
3701 4633 3801 4690 τοῦ

2151 4728 2307 4791 Θεοῦ,
2343 4724 2404 4778 οὗ
2435 4725 2571 4796 εἰμι,
2623 4726 2668 4798 ᾦ
2723 4725 2812 4781 καὶ
2872 4725 3138 4801 λατρεύω,
3201 4725 3397 4803 λέγων’
3457 4727 3546 4794 Mi;
3597 4720 3797 4803 φοϐοῦ,

2152 4814 2354 4885 Ηαῦλε,
2418 4814 2646 4890 Καίσαρί
2704 4837 2760 4870 σε
2817 4813 2898 4870 δεῖ
2955 4823 3311 4892 παραστῆναι.
3367 4814 3470 4873 Καὶ
3532 4812 3650 4870 ἰδοὺ
3707 4834 3800 4868 κε-

2153 4901 2406 4978 χάρισταί
2466 4925 2553 4958 σοι
2619 4906 2647 4959 ὁ
2705 4906 2833 4967 Θεὸς
2893 4905 3093 4967 πάντας
3145 4908 3272 4967 τοὺς
3332 4903 3602 4966 πλέοντας
3659 4903 3799 4976 μετὰ

2149 4995 2263 5045 σοῦ,
2301 4993 2394 5046 Διὸ
2444 4991 2746 5066 εὐθυμεῖτε,
2805 4991 3012 5068 ἄνδρες.
3067 4993 3311 5050 Πιστεύω
3369 4993 3470 5070 γὰρ
3515 4999 3595 5066 τῷ
3651 4999 3792 5066 Θεῷ,

2147 5081 2230 5135 ὃτι
2290 5082 2462 5142 οὓτως
2516 5076 2684 5150 ἔσται,
2738 5087 2859 5146 καθ’
2924 5081 2983 5137 ὅν
3035 5084 3238 5158 τρόπον
3299 5083 3605 5150 λελάληταί
3665 5104 3783 5155 μοι.

2146 5169 2238 5231 Εἲς
2263 5177 2424 5237 νῆσον
2451 5167 2506 5225 δέ
2535 5192 2654 5225 τινα
2688 5169 2769 5226 δεῖ
2817 5174 2965 5244 ἡμᾶς
3023 5170 3286 5227 ἐκπεσεῖν.
3341 5173 3430 5236 Ὧς
3485 5169 3541 5227 δε
3597 5191 3786 5226 τεσσαο

2148 5257 2531 5334 ρεσκαιδεκάτη
2593 5261 2684 5332 νὺξ
2743 5259 2972 5337 ἐγένετο,
3032 5259 3443 5341 διαφερομένων
3514 5263 3674 5333 ἡμων
3731 5261 3785 5314 ἐν

2141 5353 2218 5420 τῷ
2271 5346 2461 5425 Ἀδρίᾳ
2518 5351 2654 5404 κατᾶ
2717 5353 2876 5424 μέσον
2939 5358 3040 5420 τῆς
3126 5353 3340 5420 νυκτὸς,
3423 5349 3683 5406 ὑπενόουν
3734 5349 3789 5403 οἱ

2141 5441 2329 5493 ναῦται
2389 5443 2687 5516 προσάγειν
2771 5440 2892 5496 τινὰ
2950 5439 3136 5504 αὐτοῖς
3195 5443 3402 5516 χώραν.
3464 5439 3566 5498 Καὶ
3624 5435 3792 5513 βολί-

2141 5547 2346 5596 σαντες,
2408 5528 2562 5600 εὗρον
2621 5530 2839 5605 ὀργυιὰς
2928 5527 3120 5586 εἴκοσι.
3209 5530 3394 5606 Βραχὺ
3453 5527 3510 5584 δὲ
3566 5524 3792 5598 διαστή-

2142 5636 2347 5688 σαντες,
2408 5615 2498 5670 καὶ
2557 5615 2724 5673 πάλιν
2783 5615 3102 5692 βολίσαντες
3153 5619 3306 5696 εὗρον
3378 5616 3603 5696 ὀργυιὰς
3637 5613 3795 5674 δικα-
