4176 6200
1254 375 1663 440 COMMENT.
1710 374 1787 435 IN
1835 371 2036 433 ACTA
2079 374 2677 444 APOSTOLORUM.

269 378 375 439 197

3552 388 3671 448 298

272 510 442 568 πέντε.
494 503 842 583 Φοϐούμενοί
886 530 946 565 τε
999 508 1077 583 μή
1135 528 1252 571 πως
1311 507 1387 571 είς
1443 509 1669 582 τραχεῖς
1715 501 1919 564 τόπους

2040 514 2169 581 post
2197 511 2484 583 pusillum
2514 514 2653 572 inde
2700 515 2969 590 digressi,
3002 533 3361 589 rursumque
3417 518 3677 576 demissa

277 600 570 656 ἐκπέσωσιν
607 646 621 668 ,
679 597 740 655 ἐκ
822 598 1078 674 πρύμνης
1158 597 1409 675 ρίψαντες
1493 595 1731 673 ἀγκύρας
1815 591 1928 647 τέσο

284 711 435 766 σαρα,
496 708 743 765 ηυχοντο
817 688 1029 765 ἡμέραν
1104 687 1368 763 γενέσθαι.
1430 689 1551 745 Τῶν
1613 682 1671 739 δί
1723 686 1928 739 ναυτῶν

286 779 590 853 ζητούντων
648 786 833 860 φυγεῖν
868 778 928 834 ἐκ
980 783 1077 835 τοῦ
1133 777 1356 844 πλοίου,
1410 779 1501 833 καὶ
1557 774 1920 851 χαλασάντων

290 874 388 941 τήν
446 872 656 950 σκάφην
744 871 819 933 εἷς
863 872 961 941 τὴν
1038 869 1330 939 θάλασσαν,
1397 869 1666 945 προφάσει
1727 866 1802 927 ὡς
1869 862 1929 918 ἐκ

282 964 499 1037 πρώρας
587 959 904 1035 μελλόντων
993 960 1230 1037 ἀγκύρας
1313 958 1564 1015 ἐκτείνειν
1601 1001 1615 1027 ,
1684 955 1825 1010 εἶπεν
1898 954 1927 1007 6

283 1049 497 1112 Παῦλος
552 1055 637 1123 τῷ
715 1049 1088 1124 ἑκατοντάρχῃ
1176 1048 1266 1103 καὶ
1350 1052 1466 1109 τοῖς
1548 1063 1923 1121 στρατιώταις.

286 1140 397 1195 Ἐὰν
434 1140 512 1212 μὴ
547 1140 698 1194 οὗτοι
735 1136 991 1212 μείνωσιν
1024 1137 1077 1193 ἐν
1107 1142 1188 1210 τῷ
1244 1134 1447 1210 πλοίῳ,
1503 1136 1683 1208 ὑμεῖς,
1744 1137 1929 1200 σωθῆ-

285 1250 364 1284 ναι
409 1228 472 1282 ού
543 1224 788 1292 δύνασθε.
847 1228 978 1282 Τότε
1034 1228 1090 1281 οἱ
1142 1231 1469 1301 στρατιῶται
1528 1224 1801 1297 ἀπέκοψαν
1859 1220 1927 1276 τὰ

288 1316 501 1393 σχοινία
574 1323 677 1387 τῆς
760 1317 993 1393 σκάφης,
1055 1316 1144 1371 καὶ
1201 1314 1380 1370 εἶάσαν
1437 1313 1603 1383 αὐτὴν
1661 1310 1924 1367 ἐκπεσεῖν.

280 1409 446 1482 Ἄχρι
477 1403 536 1461 δὲ
581 1405 643 1461 οὗ
701 1402 935 1479 ἔμελλεν
987 1406 1167 1480 ἡμέρα
1223 1406 1485 1482 γίνεσθαι,
1543 1398 1840 1479 παρεκάλει
1898 1399 1926 1453 6

279 1496 492 1555 Παῦλος
553 1492 791 1559 ἅπαντας
856 1489 1182 1568 μεταλαϐεῖν
1240 1500 1474 1571 τροφῆς,
1534 1492 1733 1567 λέγων·
1791 1491 1925 1547 Τεσ-

281 1584 763 1663 σαρεσκαιδεκάτην
852 1588 1094 1660 σήμερον
1197 1583 1409 1658 ἡμέραν
1518 1578 1925 1657 προσδοκῶντες

282 1678 451 1732 ἄσιτοι
493 1673 815 1743 διατελεῖτε,
851 1671 1020 1749 μηδὲν
1070 1668 1539 1750 προσλαϐόμενοι.
1599 1673 1678 1726 Δι’
1706 1671 1736 1725 ’ὁ
1760 1690 1928 1743 παρα-

278 1771 431 1823 καΛῶ
463 1766 597 1840 ὑμὲς
626 1760 960 1841 προσλαϐεῖν
990 1771 1220 1839 τροφῆς.
1265 1767 1440 1818 Τοῦτο
1497 1762 1603 1838 γάρ
1658 1761 1797 1833 πρὸς
1826 1766 1925 1830 τῆς

2024 1676 2157 1748 juni
2235 1682 2596 1750 permanetis
2672 1682 2823 1738 nihil
2908 1684 3270 1755 accipientes
3332 1700 3347 1739 :

2030 598 2252 667 bolide,
2286 610 2639 674 repererunt
2666 622 2875 677 passus
2933 607 3309 678 quindecim:
3371 610 3675 665 timentes-

2033 705 2146 759 que
2205 707 2279 745 ne
2364 693 2426 748 in
2503 711 2714 766 aspera
2763 695 2894 751 loca
2949 697 3303 765 inciderent,
3366 697 3436 753 de
3492 700 3677 770 puppi

2025 778 2207 849 jactis
2264 782 2543 838 anchoris
2602 790 2893 855 quatuor,
2950 786 3234 858 optabant
3292 787 3451 842 diem
3511 788 3673 841 oriri.

2033 868 2237 923 Nautis
2286 887 2423 925 vero
2484 874 2888 944 qumrentibus
2943 875 3143 949 fugere
3202 892 3271 931 ex
3329 878 3483 944 navi,
3540 893 3675 931 cum

2033 956 2416 1016 demisissent
2444 964 2722 1034 scapham
2763 963 2823 1018 in
2856 980 3040 1031 mare,
3074 965 3181 1021 sub
3210 972 3499 1037 prmtextu
3522 967 3683 1021 velut

2034 1064 2065 1102 e
2094 1065 2272 1119 prora
2305 1052 2596 1109 anchoras
2655 1055 2976 1121 extensuri,
3012 1054 3162 1109 dixit
3200 1057 3417 1111 Paulus
3472 1063 3678 1112 centu-

2032 1137 2189 1193 rioni
2222 1145 2281 1195 et
2319 1142 2658 1198 militibus:
2721 1145 2841 1199 Nisi
2901 1146 2963 1199 hi
3017 1146 3077 1199 in
3136 1146 3267 1199 navi
3328 1147 3680 1214 manserint,

2030 1244 2134 1283 vos
2184 1229 2326 1285 salvi
2406 1232 2533 1287 fieri
2607 1249 2729 1288 non
2787 1234 3056 1306 potestis.
3108 1236 3269 1289 Tunc
3325 1234 3677 1290 abciderunt

2032 1318 2254 1374 milites
2283 1320 2458 1377 funes
2509 1323 2764 1394 scaphas,
2824 1324 3101 1395 passique
3163 1328 3301 1379 sunt
3342 1340 3473 1380 eam
3522 1324 3680 1379 exci-

2031 1406 2192 1464 dere.
2225 1410 2489 1482 Cumque
2530 1412 2656 1467 dies
2705 1412 2994 1485 inciperet
3041 1430 3346 1486 apparere,
3403 1413 3679 1470 hortaba-

2031 1500 2127 1552 tur
2156 1499 2373 1555 Paulus
2405 1517 2613 1557 omnes
2663 1518 2899 1558 sumere
2956 1503 3175 1568 cibum,
3236 1504 3488 1560 dicens:
3542 1504 3680 1559 Dies

2032 1586 2127 1642 hic
2167 1587 2431 1644 decimus
2462 1596 2708 1661 quartus
2749 1596 2857 1659 est,
2918 1592 3075 1663 quod
3126 1598 3536 1664 exspectantes
3584 1593 3683 1665 je-

3429 1689 3674 1755 propter

2032 1767 2191 1838 quod
2222 1769 2425 1825 hortor
2452 1788 2573 1839 vos,
2606 1776 2672 1827 ut
2702 1773 2953 1828 sumatis
2983 1773 3179 1828 cibum
3207 1790 3220 1827 :
3255 1773 3364 1828 hoc
3414 1775 3572 1828 enim
3605 1772 3682 1828 ad

282 1855 540 1931 ὑμετὲρας
571 1855 849 1929 σωνηρίας
900 1851 1156 1929 ὑπάρχει,
1199 1849 1431 1915 Οὐδενὸς
1463 1852 1567 1929 γὰρ
1598 1851 1750 1926 ὑμῶν
1807 1851 1922 1925 θρὶξ

2040 1856 2285 1912 salutem
2315 1863 2569 1915 vestram
2611 1861 2870 1931 pertinet
2902 1878 2914 1915 :
2970 1855 3119 1933 quia'
3164 1861 3391 1917 nullius
3421 1867 3680 1917 vestrum

281 1946 336 2001 ἐκ
360 1952 467 2017 τῆς
493 1944 738 2025 κεφαλῆς
793 1949 1058 2002 πεσεῖται.
1112 1942 1291 1999 δῖπὼν
1353 1940 1412 1998 δὲ
1463 1945 1632 1997 ταῦτα
1685 1940 1776 1997 καὶ
1824 1940 1925 1997 λα-

281 2030 386 2091 ϐὼν
442 2037 625 2110 ἄρτον,
687 2033 1046 2110 εὖχαρίστησε
1093 2037 1174 2105 τῷ
1232 2030 1349 2105 Θεῷ
1400 2031 1629 2087 ἐνώπιον
1685 2032 1924 2087 πάντων⁸

277 2126 358 2183 καὶ
418 2124 651 2192 κλάσας,
732 2122 932 2199 ἤρξατο
1015 2121 1232 2187 ἐσθίειν
1289 2118 1531 2196 Εὕθυμοι
1586 2118 1644 2177 δὲ
1697 2120 1927 2198 γενόμε-

280 2237 356 2271 νοι
390 2216 613 2287 πάντες,
664 2214 756 2270 καὶ
812 2211 965 2269 αὑτοὶ
1022 2206 1428 2284 προσελάϐοντο
1465 2218 1695 2289 τροφῆς.
1750 2212 1923 2284 Ἦμεν

282 2302 332 2361 δὲ
358 2305 413 2361 ἐν
446 2309 527 2377 τῷ
571 2303 756 2376 πλοίῳ
813 2305 869 2358 αἱ
925 2306 1091 2358 πᾶσαι
1149 2302 1323 2377 ψυχαὶ
1371 2299 1643 2357 διακόσιαι
1692 2295 1930 2374 ἑϐδομή-

277 2415 437 2450 κοντα
490 2392 566 2463 ἔξ.
606 2468 621 2471 ᾼ
652 2392 1010 2468 Κορεσθέντες
1094 2388 1153 2447 δὲ
1233 2398 1443 2471 τροφῆς
1515 2391 1800 2467 ἐκούφιζον
1860 2390 1923 2445 τὸ

278 2473 496 2546 πλοῖον,
528 2468 933 2547 ἐκϐαλλόμενοι
987 2474 1079 2529 τὸν
1141 2478 1287 2529 σῖτον
1348 2468 1423 2535 εἰς
1473 2473 1573 2541 τήν
1628 2471 1923 2530 θάλασσαν.

279 2567 392 2621 Ὅτε
439 2561 500 2620 δὲ
558 2562 739 2638 ἡμέρα
794 2561 1029 2641 ἐγένετο,
1087 2564 1186 2631 τήν
1225 2564 1325 2637 γῆν
1382 2563 1482 2617 οὑκ
1537 2561 1922 2639 ἐπεγίνωσκονο

277 2654 483 2710 κόλπον
544 2650 601 2708 δέ
652 2674 772 2709 τινα
828 2653 1112 2709 κατενόουν
1170 2651 1369 2728 ἔχοντα
1420 2649 1698 2729 αἰγιαλὸν,
1758 2650 1834 2713 εἷς
1865 2650 1924 2707 ὃν

280 2740 677 2800 ἐϐουλεύσαντο
713 2787 727 2812 ,
796 2742 841 2798 εἰ
892 2741 1138 2812 δυνατὸν,
1201 2742 1393 2811 ἐξῶσαι
1436 2741 1499 2796 τὸ
1557 2739 1775 2797 πλοῖον.
1829 2740 1927 2795 Καὶ

277 2834 365 2895 τὰς
424 2832 666 2907 ἀγκύρας
723 2830 1085 2906 περιελόντες,
1145 2830 1271 2887 εῗων
1318 2831 1394 2893 εἷς
1448 2832 1549 2900 τὴν
1628 2828 1925 2900 θάλασσαν,

280 2923 386 2995 ἅμα
457 2923 671 2983 ἀνέντες
728 2921 823 2984 τὰς
883 2920 1202 2996 ζευκτηρίας
1282 2925 1390 2975 τῶν
1475 2916 1788 2993 πηδαλίων,
1836 2918 1927 2975 καὶ

278 3010 567 3086 ἰπάραντες
605 3012 695 3065 τὸν
754 3010 1028 3084 ἀρτέμονα
1082 3015 1152 3085 τῇ
1208 3010 1471 3084 πνεούσῃ,
1534 3015 1793 3085 κατεῖχον
1853 3008 1929 3071 εἰς

274 3102 360 3156 τὸν
415 3099 700 3176 αίγίαλόν.
752 3099 1143 3175 Περιπεσόντες
1199 3096 1257 3155 δὲ
1313 3100 1389 3162 εἷς
1441 3100 1611 3155 τόπον
1666 3097 1926 3164 διθάλασ-

279 3211 386 3258 σον,
436 3190 747 3247 ἐπώκειλαν
801 3192 903 3261 τὴν
962 3196 1109 3250 ναῦν.
1167 3191 1273 3247 Καὶ
1305 3192 1340 3261 ἡ
1377 3191 1473 3263 μὶν
1532 3190 1727 3265 πρώρα
1782 3188 1925 3263 ἐρεί-

277 3301 423 3351 σαςα,
467 3276 680 3354 ἔμεινεν
711 3258 1032 3352 ἀσάλευτος,
1086 3281 1122 3351 ἠ
1179 3277 1236 3336 δὲ
1291 3258 1513 3357 πρύμνα
1570 3258 1758 3335 ἐλύετο
1812 3258 1924 3334 ,ὑπὸ
1955 3258 1998 3325 C

276 3375 369 3439 τῆς
404 3369 529 3446 βίας
556 3370 665 3424 τῶν
697 3370 977 3444 κυμάτων.
1012 3393 1041 3423 η

340 3457 508 3515 «Kal
568 3454 691 3512 ἰδοῦ
769 3456 1091 3534 κεχάρισταί
1150 3478 1235 3513 σοι
1298 3458 1327 3512 6
1383 3455 1538 3519 Θεός.
1575 3479 1604 3509 »
1651 3456 1924 3512 Ἐντεῦθεν

280 3542 547 3602 δείκνυται
590 3543 795 3621 ψευδὴς
851 3548 880 3603 6
927 3547 1050 3612 περὶ
1109 3553 1209 3616 τῆς
1270 3546 1608 3621 εἱμαρμένης
1662 3544 1698 3616 ἢ
1750 3544 1929 3621 τύχης

276 3634 461 3712 λόγος.
493 3634 640 3693 Ἰδοὺ
668 3638 773 3713 γάρ
805 3636 850 3693 εί
880 3639 957 3710 μὴ
982 3634 1070 3692 διὰ
1102 3635 1322 3692 Παύλου
1371 3636 1670 3709 ἐσώθησαν,
1731 3636 1925 3698 πάντες

283 3725 338 3780 ἂν
380 3730 541 3803 εἶχον
599 3724 650 3781 ἐν
707 3731 786 3799 τῷ
831 3726 1016 3800 πλοίῳ
1072 3725 1392 3796 ἀπολέσθαι,
1422 3731 1518 3781 τοῦ
1575 3730 1709 3782 Θεοῦ
1764 3729 1926 3781 τοῦτο

279 3816 676 3895 δωρησαμὲνόυ
732 3824 871 3896 τιμῇ
926 3825 1025 3876 τοῦ
1074 3817 1305 3876 δικαίου.
1370 3820 1472 3877 Καὶ
1530 3817 1637 3875 ὦδε
1685 3821 1780 3894 μὲν
1840 3819 1928 3875 διὰ

276 3912 364 3966 τὸν
397 3908 615 3967 δίκαιον
650 3916 812 3980 ζῶσιν
847 3911 898 3965 οἱ
930 3906 1137 3973 ἀσεϐεῖς
1163 3906 1274 3966 ἔστι
1326 3909 1384 3966 δὲ
1415 3910 1504 3965 ὅτε
1552 3912 1615 3965 τὸ
1658 3911 1933 3981 ἒναντίον,

277 4002 362 4056 καὶ
411 4004 524 4079 πρὸ
581 4001 728 4076 ὥρας
779 3996 1037 4070 ὁάσεϐἡς
1093 3999 1404 4056 ἀπόλλυται
1435 3998 1524 4055 διὰ
1579 4001 1678 4068 τήν
1738 4001 1929 4056 ἑαυτοῦ

276 4093 489 4159 κακίαν,
553 4092 691 4148 κατά
745 4093 807 4148 τὸ
855 4087 1163 4167 εἰρημένον·
1236 4094 1324 4162 Μὴ
1398 4086 1598 4161 ἀσεϐὴς
1652 4093 1719 4164 ἧς
1763 4090 1928 4163 πολὺ,

283 4179 423 4255 μηδὲ
451 4187 613 4258 γίνου
646 4182 906 4259 σκληρὸς,
933 4179 1025 4237 τίνα
1073 4184 1146 4255 μὴ
1210 4182 1486 4255 ἀποθάνῃς
1540 4179 1590 4235 ἐν
1648 4180 1709 4235 ού
1760 4186 1933 4254 καιρῷ

281 4292 393 4328 σου.
421 4274 498 4328 Τὸ
538 4269 617 4341 δὲ,
657 4292 679 4322 ι
713 4272 833 4327 Ἐὰν
869 4273 945 4346 μὴ
997 4269 1146 4326 οὗτοι
1209 4268 1467 4345 μείνωσιν
1516 4268 1569 4325 ἐν
1618 4274 1699 4343 τῷ
1727 4267 1933 4344 πλοίῳ,

283 4362 441 4435 ὑμεῖς
490 4361 557 4417 οὖ
616 4358 840 4416 δύνασθε
883 4360 1146 4431 σὼθῆναι,
1187 4385 1206 4411 ι
1272 4360 1640 4432 οἰκονομικῶς
1690 4356 1873 4434 ἔλεγεν
1907 4360 1936 4414 6

277 4449 503 4515 Παῦλος
548 4449 647 4505 ’ίνα
729 4451 981 4527 κατάσχῃ
1041 4450 1260 4519 αὐτοὺς,
1320 4449 1411 4505 καὶ
1472 4449 1548 4523 μή
1611 4445 1838 4523 διαπέσῃ
1900 4449 1935 4517 ἡ

279 4539 614 4615 προφητεία.
649 4541 809 4598 Ὄστε
839 4540 929 4596 οὖν
955 4539 1121 4608 εἶδον,
1153 4539 1235 4595 ὅτι
1293 4541 1328 4608 ἡ
1388 4533 1624 4593 ἀϐουλία
1673 4536 1848 4592 αὐτῶν
1885 4535 1937 4591 ἐς

2032 1946 2284 2019 capillus
2310 1948 2382 2003 de
2414 1949 2605 2021 capite
2659 1950 2848 2007 cadet.
2913 1953 2983 2005 Et
3029 1950 3169 2006 dum
3228 1951 3354 2007 haec
3410 1951 3677 2018 dixisset,

2032 2043 2268 2111 sumpto
2298 2056 2453 2112 pane
2477 2041 2695 2113 gratias
2726 2042 2846 2115 egit
2874 2041 2993 2098 Deo
3054 2042 3114 2097 in
3164 2047 3487 2113 conspectu
3545 2058 3679 2096 om-

2030 2128 2219 2197 nium,
2279 2146 2534 2202 cumque
2613 2130 2905 2203 fregisset,
2991 2131 3168 2204 cmpit
3240 2130 3436 2185 edere.
3497 2131 3678 2185 Porro

2031 2219 2248 2274 animis
2270 2219 2400 2293 jam
2431 2221 2703 2276 omnium
2733 2221 3036 2288 recreatis,
3062 2224 3447 2292 sumpserunt
3477 2225 3534 2274 et
3565 2218 3679 2290 ipsi

2032 2306 2251 2363 cibum.
2313 2310 2560 2365 Eramus
2625 2328 2762 2366 vero
2814 2311 3104 2366 universas
3157 2310 3374 2366 animas
3425 2310 3486 2363 in
3551 2308 3683 2363 navi

2032 2395 2302 2453 ducentae
2355 2399 2731 2473 septuaginta
2788 2416 2909 2455 sex.
2965 2398 3228 2470 Ciboque
3287 2399 3483 2453 satiati
3534 2397 3683 2453 alle-

2030 2486 2248 2543 vabant
2274 2503 2505 2557 navem,
2536 2489 2846 2561 ejicientes
2887 2488 3150 2544 triticum
3203 2488 3265 2543 in
3319 2504 3500 2544 mare.
3535 2488 3680 2542 Cum

2030 2582 2231 2632 autem
2262 2577 2389 2633 dies
2418 2583 2595 2647 esset,
2627 2584 2848 2635 terram
2873 2595 2994 2634 non
3014 2577 3417 2650 agnoscebant
3444 2595 3456 2632 :
3486 2578 3684 2632 sinum

2030 2682 2165 2721 vero
2197 2666 2514 2739 quemdam
2547 2667 3017 2741 conspiciebant,
3042 2668 3103 2722 in
3127 2666 3286 2739 quod
3306 2668 3689 2723 decreverant

2033 2756 2082 2812 si
2117 2756 2246 2812 fieri
2306 2764 2527 2829 posset,
2588 2758 2919 2831 impingere
2968 2774 3197 2813 navem.
3257 2757 3521 2827 Cumque
3579 2772 3686 2810 an-

2032 2849 2243 2905 choras
2275 2850 2679 2917 sustulissent,
2711 2850 3165 2906 committebant
3195 2865 3256 2903 se
3285 2848 3457 2912 mari,
3505 2845 3688 2901 simul

2032 2937 2242 2993 laxatis
2299 2939 2605 3010 juncturis
2685 2938 3280 3011 gubernaculorum:
3336 2942 3395 2991 et
3452 2934 3684 2990 sublato

2033 3034 2341 3084 artemone
2372 3028 2447 3083 ad
2494 3045 2653 3084 auras
2712 3028 2944 3093 ﬂatum,
2980 3026 3307 3083 tendebant
3364 3025 3439 3081 ad
3493 3024 3681 3079 littus.

2033 3118 2269 3172 Etcum
2299 3117 2655 3173 incidissent
2693 3118 2755 3173 in
2795 3117 2993 3173 locum
3051 3116 3363 3181 bimarem,
3420 3115 3683 3186 impege-

2034 3210 2176 3260 runt
2205 3220 2436 3262 navem.
2496 3210 2580 3261 Ac
2627 3222 2805 3278 prora
2832 3204 3074 3276 quidem
3131 3204 3412 3260 manebat
3466 3203 3686 3257 immo-

2033 3293 2199 3366 bilis,
2231 3294 2446 3367 puppis
2475 3310 2613 3351 vero
2654 3294 2992 3352 solvebatur
3020 3311 3054 3351 a
3082 3294 3137 3349 vi
3167 3293 3484 3349 undarum.
3519 3314 3549 3342 ι)

2106 3497 2135 3526 ‹‹
2169 3476 2239 3529 Et
2264 3490 2399 3531 ecce
2426 3473 2665 3531 donavit
2693 3473 2799 3529 tibi
2820 3475 2994 3531 Deus.
3032 3494 3054 3524 ι
3114 3473 3262 3528 Hinc
3310 3471 3498 3528 falsus
3555 3484 3685 3527 esse

2036 3562 2372 3619 ostenditur
2393 3580 2588 3620 sermo
2620 3563 2721 3635 qui
2752 3563 2825 3619 de
2855 3562 2975 3619 fato
3008 3561 3125 3617 dici
3158 3561 3337 3617 solet:
3364 3576 3499 3616 ecce
3523 3560 3684 3615 enim

2035 3652 2151 3708 nisi
2184 3669 2289 3725 per
2313 3653 2563 3710 Paulum
2612 3652 2824 3710 servati
2881 3651 3155 3717 fuissent,
3207 3667 3416 3706 omnes
3469 3650 3571 3721 qui
3624 3650 3689 3705 in

2035 3743 2168 3798 navi
2191 3749 2361 3798 erant
2390 3744 2583 3815 perire
2632 3742 2914 3815 oportuit,
2972 3747 3034 3797 at
3087 3742 3324 3796 donavit
3371 3742 3481 3794 hoc
3535 3740 3686 3793 Deus

2037 3835 2074 3887 ‘l
2090 3833 2189 3889 82
2207 3832 2593 3904 honorijusti.
2620 3833 2689 3887 Et
2706 3832 2802 3887 hic
2824 3830 3065 3902 quidem
3089 3830 3425 3900 perjustum
3448 3842 3685 3880 servan-

2038 3928 2133 3978 tur
2162 3927 2217 3978 et
2248 3922 2415 3994 impii
2433 3939 2444 3976 :
2461 3920 2818 3994 quandoque
2841 3936 2975 3975 vero
3000 3934 3030 3973 e
3057 3918 3287 3973 diverso
3311 3915 3688 3986 contingitet

2037 4018 2174 4069 ante
2206 4012 2566 4084 praefinitum
2590 4016 2822 4081 tempus
2844 4006 3231 4080 peritimpius
3261 4010 3502 4078 propter
3522 4018 3693 4058 suam

2040 4100 2541 4171 malitiam,juxta
2567 4098 2623 4153 id
2654 4097 2812 4169 quod
2845 4096 3067 4152 dictum
3096 4102 3219 4151 est:
3249 4096 3327 4151 Ne
3361 4094 3441 4150 sis
3472 4092 3694 4165 impius

2040 4189 2297 4245 multum
2325 4203 2519 4260 neque
2535 4187 2717 4243 durus
2740 4185 3040 4251 efﬂeiaris,
3066 4202 3141 4240 ne
3160 4184 3437 4240 moriaris
3456 4183 3516 4238 in
3545 4189 3698 4237 tem-

2042 4294 2186 4352 pore
2242 4294 2364 4333 non
2422 4282 2524 4332 tuo
2547 4275 2615 4332 ’3.
2666 4274 2833 4341 Quod
2889 4281 3089 4331 autem
3139 4274 3335 4329 dixit:
3386 4272 3571 4326 «Nisi
3631 4270 3694 4324 hi

2044 4369 2107 4424 in
2140 4368 2271 4424 navi
2302 4367 2654 4431 manserint,
2690 4382 2796 4421 vos
2828 4365 2971 4421 salvi
3026 4364 3154 4420 ﬁeri
3186 4379 3306 4419 non
3365 4360 3631 4433 potestis,
3668 4379 3697 4407 »

2046 4455 2481 4529 dispensatorie
2512 4454 2660 4510 dixit
2696 4453 2937 4521 Paulus,
2968 4459 3034 4509 ut
3067 4451 3461 4509 confunderet
3483 4464 3605 4518 eos,
3639 4452 3699 4501 et

2047 4561 2123 4601 ne
2154 4543 2455 4601 excideret
2474 4542 2805 4616 prophetia.
2836 4541 2981 4598 Cum
3026 4557 3163 4613 ergo
3218 4538 3512 4602 viderunt,
3537 4532 3700 4607 quod

278 4632 514 4700 ποίησεν
579 4628 779 4693 αὐτοὺς
853 4627 1244 4699 κινδυνεῦσαι,
1301 4628 1426 4683 τότε
1502 4625 1740 4702 ἤρξαντο
1796 4625 1932 4700 αύτᾷ

2053 4636 2321 4707 ineptum
2344 4633 2661 4690 consilium
2693 4648 2866 4688 suum
2894 4630 3167 4703 exposuit
3195 4630 3355 4700 ipsos
3406 4624 3698 4698 periculo,

282 4719 589 4785 πείθεσθαι.
624 4719 686 4775 Εἰ
722 4719 826 4795 γάρ
880 4718 1184 4794 εἱμαρμένῃ
1217 4716 1524 4787 ἐπείθοντο,
1555 4716 1736 4771 καίτοι
1794 4710 1944 4779 ὄντες

280 4805 491 4865 ἐθνικοὶ
528 4853 542 4877 ,
596 4806 914 4883 παριδόντες
964 4806 1026 4863 ἂν
1090 4809 1192 4877 τὴν
1238 4811 1335 4863 τοῦ
1386 4804 1540 4883 ἁγίου
1600 4800 1946 4879 συμϐουλὴν,

286 4895 415 4954 εἴων
449 4896 711 4963 ἀπελθεῖν
762 4898 890 4964 τοὺς
933 4896 1146 4960 ναύτας.
1185 4921 1210 4953 α
1257 4897 1336 4952 Δι’
1367 4896 1397 4951 ’ὀ
1446 4894 1749 4971 παρακαλῶ
1810 4896 1948 4969 ὑμᾶς

288 4983 624 5061 μεταλαϐεῖν
655 4990 878 5068 τροφῆς.
913 5012 941 5041 ››
988 4989 1249 5063 Ιίαραινεῖ
1279 4988 1307 5043 6
1353 4984 1568 5048 Παῦλος
1619 4981 1945 5060 μεταλαϐεῖν

281 5084 525 5157 τροφῆς,
558 5077 649 5132 καὶ
706 5077 867 5140 αὐτὸς
898 5082 1116 5141 πρῶτος
1180 5070 1617 5151 μεταλαμϐάνει,
1679 5075 1739 5132 ού
1801 5074 1949 5152 λόγῳ

283 5166 413 5222 ἀλλ’
444 5165 600 5242 ἔργῳ
630 5165 854 5224 πείθων.
889 5192 916 5220 ‹‹
938 5171 1107 5223 Τοῦτο
1136 5167 1264 5243 γάρ,
1297 5165 1453 5245 φησὶ,
1503 5164 1640 5240 πρὸς
1670 5171 1771 5236 τῆς
1807 5166 1948 5238 ὑμε-

283 5256 443 5331 τέρας
479 5255 759 5330 σῶτηρίας
792 5255 925 5326 ἐστὶ,
960 5282 988 5309 ››
1014 5256 1260 5313 τουτέστι
1308 5256 1372 5311 τὸ
1424 5259 1640 5332 φαγεῖν,
1692 5256 1770 5329 μή
1820 5275 1952 5311 ποτε

286 5348 364 5416 τῷ
395 5344 563 5420 λιμῷ
596 5343 948 5423 διαφθαρῆτε.
998 5347 1074 5406 05
1103 5346 1206 5423 γάρ
1236 5346 1303 5416 ἦν
1340 5344 1526 5406 αὐτοῖς
1556 5343 1776 5415 φροντὶς
1822 5366 1952 5422 τρο-

291 5440 423 5511 φῆς,
458 5436 560 5490 ἅτε
589 5433 650 5490 ού
684 5436 945 5506 περὶτῶν
1003 5435 1289 5511 τυχόντων
1349 5430 1506 5498 ὄντος
1533 5436 1632 5489 τοῦ
1677 5430 1950 5495 κινδύνου.

289 5522 463 5581 Πάθεν
501 5520 565 5580 δὶ
599 5522 817 5599 γέγονεν
862 5524 1049 5589 αὐτοῖς
1102 5522 1276 5595 δῆλος
1323 5527 1435 5579 τῶν
1492 5522 1883 5595 συμπλεόντων
1926 5526 1955 5581 6

355 5704 405 5741 ⁸³
440 5704 644 5764 Ecele.
679 5723 756 5777 iv,
791 5708 884 5777 16,

627 5835 897 5896 Pnaot.
944 5833 1056 5896 Gn.
1102 5833 1359 5923 CXVlll.

2056 4730 2196 4780 tunc
2228 4725 2281 4780 ei
2315 4722 2556 4780 credere
2588 4725 2897 4794 coeperunt
2951 4719 3007 4776 Si
3033 4719 3193 4774 enim
3237 4717 3356 4772 fato
3412 4714 3704 4771 credidis-

2057 4820 2209 4881 sent,
2244 4831 2379 4870 cum
2407 4818 2607 4868 essent
2637 4811 2879 4877 ethnici,
2913 4809 3276 4881 sprevissent
3304 4806 3507 4877 utique
3535 4802 3705 4859 Pauli

2052 4904 2392 4972 consilium,
2458 4919 2527 4958 ac
2585 4907 2797 4956 nautas
2873 4897 3179 4954 discedere
3260 4895 3694 4969 permisissent.

2060 5019 2087 5046 ‹‹
2119 4997 2368 5066 Propter
2397 4991 2553 5063 quod
2580 4991 2786 5046 hortor
2833 5005 2933 5045 vos
2991 4995 3057 5044 ut
3112 4987 3361 5043 sumatis
3419 4983 3638 5048 cibum,
3675 5003 3704 5031 ››

2060 5084 2304 5157 ipseque
2334 5083 2562 5154 primus
2583 5080 2783 5149 sumit,
2817 5096 2939 5135 non
2967 5078 3144 5134 verbo
3206 5084 3457 5137 tantum.
3513 5073 3619 5130 sed
3650 5077 3709 5127 et

2062 5189 2238 5245 opere
2270 5170 2547 5227 suadens.
2598 5171 2742 5225 Nam
2800 5167 2949 5223 illud
3007 5174 3097 5223 est
3141 5167 3298 5238 quod
3346 5166 3469 5221 ait:
3525 5184 3557 5217 ι(
3589 5164 3709 5218 Hoc

2063 5261 2224 5318 enim
2246 5260 2321 5316 ad
2347 5260 2600 5316 salutem
2623 5264 2876 5314 vestram
2895 5258 3176 5331 pertinet,
3204 5281 3225 5306 ι
3260 5272 3477 5327 nempe
3511 5253 3710 5318 edere,

2064 5368 2139 5407 ne
2169 5350 2406 5422 quando
2438 5348 2594 5405 fame
2625 5348 3044 5405 consumanini
3077 5364 3089 5402 :
3124 5363 3319 5418 neque
3374 5345 3533 5401 enim
3592 5342 3715 5397 illis

2063 5440 2181 5498 cibi
2212 5457 2353 5496 cura
2376 5445 2522 5507 erat,
2555 5444 2759 5511 utpote
2789 5455 2909 5494 non
2942 5438 3176 5494 sinente
3225 5434 3489 5508 periculo
3534 5448 3716 5488 occu-

2063 5531 2191 5605 pari
2225 5531 2382 5586 circa
2409 5547 2506 5586 res
2529 5529 2817 5603 vulgares.
2881 5528 3047 5584 Unde
3100 5532 3302 5583 autem
3360 5524 3716 5582 manifestus

2064 5622 2255 5680 factus
2287 5624 2378 5678 est
2405 5634 2691 5678 numerus
2716 5634 2942 5687 eorum,
2967 5617 3068 5690 qui
3093 5616 3274 5675 simul
3305 5614 3664 5690 navigabant
3689 5606 3719 5661 τ

3375 5832 3451 5890 10
