4150 6200
413 373 530 436 299

1534 352 1942 420 (ΕΟΗΜΕΝΙΙ
1986 347 2292 410 ΤΒΙΟΟᾹΕ
2341 351 2682 414 EPISCOPI

3706 354 3824 416 300

425 505 759 564 Verisimile
790 507 880 560 est
911 518 1011 557 eos
1042 514 1280 556 causam
1328 497 1723 569 interrogasse
1756 508 1862 548 cur
1907 487 2067 544 navi-

2189 481 2414 559 ἀριθμός
2448 502 2462 554 ;
2495 485 2656 548 Εἰκὸς
2684 487 2752 556 ἦν
2787 486 2982 551 αὐτοὺς
3013 488 3222 563 ἐρωτᾷν
3276 488 3378 556 τὴν
3429 487 3604 543 αίτίαν
3659 484 3730 543 δι’
3759 490 3826 558 ἢν

421 604 644 673 gerent,
681 601 737 651 et
761 596 844 651 ita
874 594 1074 651 omnia
1102 592 1400 648 didicisse.

495 730 895 793 ΧΧνΙΙ,42-44
909 747 922 796 ;
938 727 1391 796 ΧΧΧν11[,ι-ίο.
1417 749 1438 774 ι
1458 725 1710 779 Militum
1727 726 1921 777 autem
1938 733 2074 774 con-

431 821 630 877 silium
659 825 808 887 erat,
842 825 910 874 ut
936 819 1164 873 vinctos
1213 816 1571 880 occiderent,
1619 831 1694 869 ne
1739 811 1893 882 quis,
1939 823 2073 863 cum

426 915 744 978 enatasset,
806 910 1110 980 effugeret.
1157 909 1230 960 At
1274 909 1544 960 centurto
1594 903 1796 958 volens
1841 911 2074 954 servare

429 997 701 1068 Paulum,
725 997 1251 1070 compescuiteosa
1266 994 1545 1050 consilio:
1567 991 1864 1064 jussitque
1886 993 1951 1043 ut
1972 984 2072 1056 qui

430 1094 676 1161 possent
697 1094 923 1155 natare,
947 1086 1279 1157 abjicerent
1309 1101 1369 1139 se
1401 1083 1647 1155 primos,
1677 1086 1735 1136 et
1760 1080 1821 1134 in
1853 1083 2076 1132 terram

433 1177 764 1243 evaderent,
800 1176 1116 1246 caeterique
1148 1174 1361 1246 partim
1396 1174 1456 1226 in
1490 1171 1727 1236 tabulis,
1768 1166 1982 1240 partim
2016 1165 2077 1218 in

430 1267 787 1338 quibusdam
819 1265 983 1321 navis
1013 1263 1381 1336 fragmentis.
1415 1264 1484 1315 Et
1515 1261 1598 1315 sic
1629 1260 1848 1314 factum
1880 1260 1990 1322 est,
2013 1258 2080 1309 ut

432 1374 640 1414 omnes
679 1355 1010 1410 incolumes
1042 1353 1358 1408 evaderent
1405 1351 1468 1404 in
1518 1355 1758 1404 terram.
1810 1345 2076 1414 Cumque

434 1448 779 1514 evasissent,
812 1449 954 1498 tunc
986 1447 1386 1514 cognoverunt
1431 1438 1588 1510 quod
1639 1437 1832 1491 Melite
1885 1431 2080 1488 insula

433 1541 759 1592 vocaretur.
795 1533 1038 1588 Barbari
1069 1548 1203 1587 vero
1236 1529 1596 1601 praestabant
1625 1542 1745 1581 non
1777 1524 2080 1595 vulgarem

435 1626 868 1682 humanitatem
901 1621 1096 1676 nobis.
1130 1623 1393 1675 Accensa
1423 1633 1682 1688 namque
1742 1630 1884 1686 pyra
1931 1611 2082 1667 reci-

433 1714 679 1787 piebant
706 1730 814 1768 nos
843 1728 1070 1776 omnes,
1104 1715 1344 1781 propter
1372 1708 1624 1762 imbrem
1683 1704 1782 1776 qui
1832 1703 2084 1773 impres-

436 1809 594 1861 serat
623 1821 754 1871 nos,
789 1808 846 1856 et
875 1806 1117 1872 propter
1145 1799 1349 1870 frigus.
1374 1805 1634 1866 Cumque
1667 1795 2084 1866 congregasset

2179 569 2429 645 πλέουσι,
2456 575 2545 630 καὶ
2581 581 2770 648 μαθεῖν
2801 576 2992 634 πάντα.

2253 732 2281 760 ‹‹
2313 710 2435 765 Τῶν
2467 707 2525 766 δὲ
2553 715 2900 785 στρατιωτῶν
2935 710 3113 786 βουλή
3166 710 3400 788 ἐγενετο,
3456 708 3551 766 ’ίνα
3575 709 3703 773 τοὺς
3739 709 3834 769 δι-

2183 800 2404 872 σμώτας
2462 801 2845 870 ἀποκτείνωσι,
2911 804 2985 874 μή
3019 822 3100 863 τις
3160 797 3581 874 ἐκκολυμϐήσας
3642 800 3834 881 διαφύ-

2182 912 2294 967 γοι.
2354 891 2414 948 Ὀ
2465 888 2520 946 δὲ
2578 893 2975 966 ἑκατόνταρχος
3035 890 3374 967 βουλόμενος
3433 889 3694 947 διασῶσαι
3743 892 3835 946 τὸν

2183 979 2425 1049 Παῦλον,
2486 980 2756 1037 ἐκώλυσεν
2843 981 3037 1042 αὐτοὺς
3093 985 3190 1035 τοῦ
3251 981 3630 1057 βουλήματος.
3688 984 3837 1038 Ἐπιε-

2186 1069 2344 1125 λευσέ
2398 1091 2456 1125 τε
2504 1070 2632 1132 τοὺς
2689 1069 3020 1143 δυναμένους
3082 1066 3368 1145 κολυμϐᾷν
3423 1070 3832 1146 ἀπορρίψαντας

2185 1160 2434 1234 πρώτους
2492 1159 2578 1214 ἐπὶ
2653 1161 2753 1229 τὴν
2820 1164 2922 1237 γῆν
2981 1158 3197 1231 ἐξιέναι,
3247 1161 3333 1215 καὶ
3389 1159 3518 1223 τοὺς
3577 1157 3832 1228 λοιποὺς,

2187 1249 2280 1309 οὓς
2350 1249 2446 1319 μὶν
2507 1248 2593 1303 ἐπὶ
2654 1249 2881 1319 σανίσιν,
2936 1250 3028 1314 οῦς
3087 1247 3144 1304 δὲ
3192 1247 3280 1304 ἐπί
3336 1271 3500 1304 τινων
3560 1254 3670 1304 τῶν
3730 1249 3834 1304 ἀπὸ

2185 1335 2280 1393 τοῦ
2302 1336 2520 1397 πλοίου.
2583 1339 2683 1395 Καὶ
2743 1338 2914 1402 οὕτως
2973 1338 3184 1415 ἐγένετο
3237 1340 3440 1403 πάντας
3499 1336 3835 1409 διασωθῆναι

2186 1424 2273 1481 ἐπὶ
2330 1429 2431 1496 τὴν
2485 1434 2611 1502 γῆν.
2672 1428 2768 1482 Καὶ
2851 1424 3202 1492 διασωθέντες
3239 1472 3252 1498 ,
3308 1427 3431 1483 τότε
3507 1429 3838 1504 ἐπέγνωσαν,

2189 1515 2270 1570 ὅτι
2303 1515 2516 1586 Μελίτη
2549 1519 2584 1586 ἡ
2617 1523 2781 1586 νῆσος
2827 1515 3095 1574 καλεῖται.
3129 1517 3190 1571 Ol
3248 1514 3305 1571 at
3363 1512 3639 1593 Βάρϐαροι
3699 1538 3837 1591 παρ-

2190 1611 2343 1680 εῖχον
2421 1606 2486 1660 οὐ
2532 1607 2633 1676 τήν
2688 1609 2962 1681 τυχοῦσαν
3021 1606 3437 1683 φιλανθρωπίαν
3499 1609 3656 1679 ἡμῖν.
3712 1613 3842 1663 Ἀν-

2189 1699 2418 1772 ἀψαντες
2496 1700 2599 1773 γὰρ
2674 1699 2869 1774 πυράν,
2941 1693 3348 1774 προσελάϐοντο
3407 1700 3612 1761 πάντας
3659 1701 3833 1774 ἡμᾶς,

2192 1785 2280 1841 διὰ
2334 1787 2428 1842 τὸν
2479 1788 2628 1842 ὑετὸν
2684 1785 2956 1866 ἐφεστῶτα
2990 1831 3003 1858 ,
3070 1791 3159 1843 καὶ
3219 1786 3308 1843 διὰ
3361 1790 3422 1844 τὸ
3475 1788 3676 1864 ψύχος.
3734 1795 3840 1844 Συ-

434 1893 652 1948 Paulus
711 1896 1149 1947 sarmentorum
1235 1885 1702 1948 multitudinem,
1775 1889 1833 1936 et
1890 1883 2079 1951 impo-

2191 1877 2518 1951 στρέψαντος
2579 1874 2636 1932 δὲ
2691 1881 2788 1932 τοῦ
2834 1877 3052 1932 Παύλου
3111 1879 3396 1955 φρυγάνων
3457 1877 3692 1946 πλῆθος,
3743 1877 3836 1932 καὶ

438 1982 656 2038 suisset
685 1981 746 2036 in
779 1981 996 2053 ignem,
1030 1978 1228 2050 vipera
1284 1994 1318 2034 θ.
1367 1975 1560 2031 calore
1609 1989 1932 2045 prorepens
1991 1971 2082 2024 in-

437 2072 587 2126 vasit
625 2087 869 2125 manum
927 2071 1076 2140 ejus.
1139 2069 1212 2122 Ut
1261 2071 1455 2122 autem
1514 2064 1788 2118 viderunt
1844 2059 2083 2115 Barbari

438 2160 798 2232 pendentem
848 2159 1099 2213 bestiam
1157 2157 1228 2211 de
1286 2173 1470 2210 manu
1532 2154 1681 2224 ejus,
1741 2152 1897 2205 inter
1955 2165 2083 2204 sese

439 2249 743 2304 dicebant:
770 2248 1022 2303 Omnino
1059 2245 1356 2300 homicida
1388 2249 1476 2300 est
1506 2244 1681 2297 homo
1734 2241 1849 2307 hic,
1905 2255 2082 2310 quem

441 2345 738 2396 servatum
773 2355 801 2394 e
835 2338 984 2394 mari
1017 2337 1164 2391 ultio
1188 2353 1307 2390 non
1355 2335 1500 2390 sinit
1546 2334 1761 2388 vivere.
1820 2330 1973 2385 183
2017 2331 2087 2383 Et

439 2427 541 2483 ille
595 2428 831 2499 quidem
913 2442 1128 2482 excusa
1200 2426 1259 2479 in
1347 2424 1543 2495 ignem
1633 2422 1848 2492 vipera,
1935 2417 2084 2473 nihil

436 2518 578 2574 mali
622 2534 832 2589 passus
872 2522 979 2572 est.
1041 2519 1112 2570 At
1169 2515 1255 2569 illi
1315 2511 1738 2569 existimabant
1795 2509 2082 2572 futurum,

437 2613 505 2664 ut
535 2607 910 2662 incederetur
952 2611 1051 2660 aut
1103 2604 1443 2660 concideret
1488 2607 1732 2673 repente
1795 2604 2081 2654 mortuus.

440 2700 548 2754 Diu
606 2705 802 2753 autem
863 2698 982 2751 illis
1041 2694 1524 2768 exspectantibus
1595 2710 1661 2748 ac
1717 2690 2086 2746 intuentibus

440 2789 590 2844 nihil
625 2790 767 2844 mali
794 2788 882 2842 illi
928 2789 1214 2855 accidere,
1275 2792 1502 2842 mutata
1557 2789 1756 2839 mente
1813 2782 2090 2837 dicebant

439 2879 638 2950 ipsum
671 2895 797 2933 esse
830 2880 1037 2933 Deum.
1073 2880 1136 2932 In
1184 2877 1330 2931 locis
1361 2881 1556 2930 autem
1585 2873 1704 2928 illis
1737 2877 1908 2926 erant
1936 2889 2089 2942 prm-

441 2967 541 3022 dia
570 2968 809 3038 primati
845 2967 1056 3022 insula:
1089 2967 1328 3020 nomine
1364 2964 1592 3024 Publio.
1647 2963 1747 3032 qui
1779 2978 1888 3015 nos
1919 2976 2086 3015 exce-

443 3064 574 3128 ptos
610 3057 802 3111 triduo
862 3056 1114 3123 benigne
1175 3053 1443 3108 tractavit
1499 3051 1774 3122 hospitio.
1835 3049 2092 3120 Contigit

446 3153 644 3201 autem
727 3151 957 3216 patrem
1043 3143 1236 3198 Publii
1294 3142 1557 3198 febribus
1607 3157 1675 3195 ac
1731 3138 2089 3211 dysenteriis

2190 1967 2464 2032 ἐπιθέντος
2520 1966 2607 2023 ἐπὶ
2660 1969 2760 2037 τήν
2841 1970 3036 2040 πυρὰν,
3097 1965 3288 2044 ἔχιδνα
3352 1967 3410 2023 ἐκ
3465 1976 3566 2039 τῆς
3627 1972 3833 2044 θέρμης

2190 2055 2498 2127 ἐξελθοῦσα,
2537 2060 2747 2133 καθῆψε
2798 2065 2896 2128 τῆς
2940 2059 3126 2134 χειρὸς
3181 2059 3369 2116 αὐτοῦ.
3427 2058 3516 2120 Ὠς
3575 2055 3632 2112 δὲ
3689 2056 3831 2113 εἶδον

2192 2147 2242 2200 οἳ
2273 2141 2549 2221 Βάρϐαροι
2605 2148 2948 2223 κρεμάμενον
3005 2149 3066 2202 τὸ
3123 2148 3312 2222 θηρίον
3371 2145 3432 2203 ἐκ
3487 2155 3588 2216 τῆς
3646 2148 3836 2223 χειρὸς

2190 2235 2354 2291 αὐτοῦ
2398 2280 2410 2304 ,
2484 2232 2672 2312 ἔλεγον
2753 2237 2879 2312 θρὸς
2962 2235 3250 2308 ἀλλήλους
3371 2239 3590 2298 Πάντως
3649 2237 3840 2317 φονεύς

2193 2325 2334 2380 ἐστιν
2369 2326 2396 2379 ὁ
2428 2324 2713 2400 ἄνθρωπος
2773 2327 2958 2395 οὗτος,
3013 2327 3072 2381 ’ὸν
3106 2325 3435 2391 διασωθέντα
3486 2325 3546 2381 ἐκ
3600 2331 3702 2392 τῆς
3752 2328 3840 2381 θα-

2193 2413 2398 2484 λάσσης
2500 2412 2621 2484 δίκὴ
2680 2419 2776 2489 ζῇν
2837 2415 2934 2470 οὐκ
2999 2414 3192 2472 εἴασεν.
3259 2417 3320 2472 Ὁ
3392 2417 3488 2490 μὲν
3546 2415 3643 2470 οὖν
3697 2414 3837 2470 ἀπο-

2189 2504 2403 2575 τινάξας
2432 2504 2495 2558 τὸ
2527 2504 2718 2577 θηρίον
2761 2503 2836 2565 είς
2890 2504 2954 2560 τὸ
3001 2509 3131 2576 πῦρ,
3189 2503 3379 2568 ἔπαθεν
3436 2501 3590 2559 οὐδὲν
3650 2503 3837 2568 κακόν,

2193 2593 2260 2649 Οἱ
2344 2590 2401 2646 δὲ
2479 2590 2826 2668 προσεδόκων
2911 2592 3072 2648 αὐτὸν
3132 2591 3356 2666 μέλλειν
3419 2593 3741 2667 πίπρασθαι,
3801 2593 3836 2661 ἢ

2191 2685 2545 2738 καταπίπτειν
2596 2682 2746 2762 ἄφνω
2830 2686 3041 2760 νεκρόν.
3115 2685 3240 2740 Ἐπὶ
3327 2683 3470 2740 πολὺ
3544 2681 3602 2738 δὲ
3660 2682 3836 2738 αὐτῶν

2192 2771 2659 2848 προσδοκώντων,
2718 2773 2806 2828 καὶ
2867 2773 3214 2848 θεωρούντων
3279 2771 3448 2846 μηδὲν
3504 2773 3704 2828 ἄτοπον
3764 2771 3838 2834 εἷς

2195 2863 2355 2917 αὐτὸν
2413 2864 2720 2936 γινόμενον,
2777 2858 3253 2937 μεταϐαλλόμενοι
3312 2861 3498 2937 ἔλεγον
3553 2862 3683 2917 Θεὸν
3741 2861 3838 2916 αὖ-

2193 2951 2286 3006 τὸν
2373 2953 2525 3006 εἶναι.
2595 2953 2682 3008 Ἐν
2743 2948 2801 3005 δὲ
2878 2956 2994 3014 τοῖς
3052 2955 3174 3026 περί
3224 2952 3314 3008 τὸν
3373 2953 3545 3007 τόπον
3601 2953 3836 3018 ἓκεῖνον,

2196 3040 2414 3115 ὑπῆρχε
2473 3041 2652 3115 χωρία
2695 3046 2774 3112 τῷ
2821 3043 3025 3115 πρώτῳ
3070 3049 3171 3111 τῆς
3220 3045 3412 3113 νήσου,
3468 3043 3696 3114 ὀνόματι
3730 3047 3838 3096 llo-

2193 3126 2343 3200 πλίῳ
2375 3175 2389 3196 ,
2446 3128 2504 3189 ὅς
2549 3125 2946 3201 ἀναδεξάμενος
3001 3132 3148 3202 ἡμᾶς
3206 3135 3350 3204 τρεῖς
3407 3129 3636 3205 ἡμέρας,
3679 3129 3839 3204 φιλο-

438 3240 709 3288 vexatum
730 3213 1118 3287 decumbere.
1174 3231 1253 3285 Ad
1311 3248 1487 3302 quem
1549 3228 1762 3284 Paulus
1821 3227 2079 3286 intravit.

2198 3217 2411 3290 φρόνως
2448 3213 2698 3287 ἓξένισεν.
2759 3218 3006 3294 Ἐγένετο
3061 3216 3118 3273 δὲ
3172 3219 3265 3273 τὸν
3313 3216 3517 3293 πατέρα
3564 3222 3660 3273 τοῦ
3724 3221 3846 3275 llo--

442 3337 695 3390 cumque
720 3328 965 3383 orasset,
994 3327 1052 3374 et
1083 3337 1295 3374 manus
1328 3321 1378 3372 ei
1424 3318 1825 3390 imposuisset,
1859 3317 2086 3372 sanavit

443 3425 598 3463 eum.
627 3409 744 3463 lloc
767 3409 944 3479 igitur
973 3407 1124 3462 facto
1161 3408 1358 3461 cuateri
1386 3425 1621 3478 quoque
1654 3407 1754 3478 qui
1790 3406 2086 3461 habebant

440 3497 820 3552 infirmitates
851 3497 911 3550 in
943 3496 1161 3561 insula,
1196 3495 1558 3550 accedebant
1587 3501 1646 3551 et
1699 3496 2082 3560 sanabantur,

445 3587 546 3657 qui
592 3586 769 3641 etiam
815 3584 1029 3639 multis
1087 3584 1414 3638 honoribus
1473 3601 1580 3638 nos
1646 3585 2086 3640 honoraverunt

441 3681 500 3731 et
583 3674 943 3731 solventibus
1031 3672 1446 3743 imposuerunt
1530 3690 1662 3744 quas
1747 3673 2086 3729 necessaria

441 3770 628 3822 erant.
665 3787 693 3816 »

506 4007 532 4031 α
571 3982 826 4037 Militum
858 3986 1057 4036 autem
1091 3979 1406 4035 eonsilium
1442 3984 1587 4045 erat,
1624 4000 1651 4027 »
1685 3983 1795 4034 etc.
1829 3980 2082 4033 Rursum

438 4090 506 4128 ex
530 4072 640 4126 hoc
665 4070 997 4126 ostenditur
1026 4070 1184 4140 quod
1218 4069 1398 4124 Paulo
1431 4069 1628 4123 donati
1653 4068 2081 4138 sint,quoniam

437 4162 545 4218 etsi
562 4161 849 4232 quosdam
864 4160 1082 4213 vellent
1101 4159 1548 4223 interimere,ne
1563 4157 1727 4212 Pauli
1741 4157 2082 4212 vaticinium

433 4250 750 4315 excideret,
785 4266 903 4304 non
936 4249 1205 4320 permisit
1237 4265 1338 4303 eos
1381 4247 1568 4302 occidi
1619 4247 1908 4315 centurio,
1966 4264 2082 4318 quo

428 4341 678 4397 Paulum
713 4345 991 4395 servaret.
1059 4360 1081 4389 α
1119 4339 1333 4409 Vipera
1363 4354 1397 4392 a
1425 4336 1620 4392 calore
1671 4353 2016 4409 prorepens.
2056 4359 2080 4381 η

429 4432 642 4504 Vipera
699 4429 936 4502 injectis
1000 4429 1203 4483 manui
1253 4426 1507 4498 apostoli
1585 4426 1883 4495 dentibus,
1946 4444 2082 4482 cum

428 4521 650 4593 peccati
685 4519 999 4574 mollitiem
1031 4534 1150 4572 non
1174 4516 1516 4587 reperisset,
1540 4515 1811 4585 protinus
1835 4515 2084 4570 resilivit

2196 3306 2361 3362 πλίου
2413 3313 2665 3382 πυρετοῖς
2717 3308 2805 3362 καὶ
2864 3305 3175 3383 δυσεντερίᾳ
3254 3309 3620 3383 συνεχόμενον
3677 3328 3845 3363 κατα-

2189 3397 2418 3451 κεῖσθαι.
2506 3397 2646 3468 Πρὸς
2730 3398 2788 3452 ’ὸν
2879 3397 3100 3459 Παῦλος
3149 3396 3404 3452 εἰσελθών
3461 3397 3552 3451 καὶ
3605 3417 3834 3472 προσευ-

2189 3485 2437 3555 ξάμενος,
2489 3485 2697 3549 ἓπιθεὶς
2768 3487 2865 3548 τὰς
2922 3492 3112 3562 χεῖρας
3170 3485 3338 3556 αὐτῷ,
3394 3487 3582 3541 ἰάσατο
3646 3485 3839 3541 αὐτόν.

2189 3572 2391 3628 Τούτου
2451 3575 2542 3628 οὗν
2595 3574 2891 3649 γενομένου
2965 3575 3054 3630 καὶ
3123 3577 3173 3630 οἳ
3261 3575 3446 3630 λοιποὶ
3506 3576 3558 3629 οἱ
3615 3570 3839 3649 ἔχοντες

2190 3661 2461 3724 ἀσθενείας
2538 3665 2594 3717 ‘ev
2671 3667 2740 3736 τῇ
2828 3665 2978 3736 νήσῳ
3062 3665 3421 3738 πρσήρχοντο
3473 3662 3563 3718 καὶ
3649 3661 3837 3737 ἔθερα-

2188 3751 2440 3819 πεῦοντο,
2501 3751 2552 3806 οἳ
2634 3751 2723 3806 καὶ
2797 3750 3035 3814 πολλαῖς
3107 3757 3297 3825 τιμαῖς
3354 3751 3614 3825 ἐτίμησαν
3668 3754 3835 3827 ἡμᾶς.

2192 3843 2287 3897 Καὶ
2319 3843 2677 3918 ἀναγομένοις
2705 3839 2956 3897 ἐπέθεντο
2976 3843 3043 3898 τὰ
3071 3844 3207 3918 πρὸς
3235 3844 3337 3913 τὴν
3371 3841 3581 3918 χρείαν.
3616 3866 3644 3893 ››

2261 3985 2376 4034 Τῶν
2419 3977 2476 4034 δὲ
2551 3983 2898 4056 στρατιωτῶν
2973 3978 3148 4055 βουλή
3204 3977 3434 4057 ἔγένετο.
3470 4003 3496 4030 ››
3558 3978 3729 4034 Πάλιν
3778 3978 3840 4034 ἐκ

2188 4070 2382 4124 τούτου
2441 4067 2731 4141 δείκνυται,
2786 4068 2868 4123 ὅτι
2919 4075 2998 4143 τῷ
3059 4069 3261 4142 Παύλῳ
3319 4068 3703 4144 ἐχαρίσθησαν,
3754 4067 3837 4122 ὅτι

2189 4158 2364 4213 καίτοι
2421 4158 2773 4234 βουλομένων
2825 4159 2970 4221 τινὰς
3010 4159 3269 4235 ἀναιρεῖν,
3326 4159 3418 4212 ἳνα
3479 4159 3553 4230 μὴ
3611 4154 3838 4230 διαπέσῃ

2188 4251 2224 4318 ἡ
2256 4249 2560 4326 προσητεία
2591 4249 2832 4316 Παύλου,
2874 4249 2977 4304 οὐκ
3005 4247 3174 4304 εἷάσεν
3234 4247 3428 4310 αὐτοὺς
3483 4247 3833 4319 ἀναιρεθῆναι

2188 4338 2216 4390 ὁ
2247 4336 2666 4413 ἑκατόνταρχος,
2701 4336 2789 4392 ἵνα
2815 4338 2907 4393 τὸν
2951 4337 3165 4393 Παῦλον
3225 4337 3397 4412 σώσῃ.
3433 4362 3460 4390 ‹‹
3494 4333 3731 4412 ’Έχιδνα
3766 4334 3826 4390 ἐκ

2185 4431 2286 4494 τῆς
2315 4430 2519 4502 θέρμης
2551 4427 2857 4501 ἐξελθοῦσα.
2895 4453 2922 4480 ››
2953 4429 3015 4486 Ἡ
3074 4421 3193 4503 ἔχις
3239 4431 3308 4501 τῇ
3363 4431 3461 4483 τοῦ
3513 4424 3826 4481 ἀποστόλου

2189 4518 2337 4596 χειρὶ
2384 4518 2511 4579 τοὺς
2572 4517 2792 4582 ὀδόντας
2847 4512 3164 4591 ἐμϐαλοῦσα
3209 4517 3298 4572 καὶ
3344 4518 3407 4571 τὸ
3473 4519 3679 4592 χαῦνον
3723 4521 3833 4584 τῆς

429 4625 497 4663 ac
528 4609 589 4663 in
620 4609 815 4682 ignem
849 4608 1028 4675 saliit,
1066 4613 1346 4676 tanquam
1380 4603 1490 4658 sibi
1523 4604 1635 4674 ipsi
1699 4620 1931 4674 pcenam
1983 4606 2076 4659 in-

2189 4607 2451 4682 άμαρτίας
2533 4606 2640 4682 οὐχ
2687 4607 2938 4680 εὑροῦσα,
2993 4603 3312 4677 ἀπεπήδησε
3371 4605 3682 4679 παραυτίκα
3737 4604 3828 4658 καὶ

429 4696 660 4768 ﬂigens,
695 4698 852 4770 quod
883 4714 1096 4768 corpus
1131 4695 1242 4751 sibi
1283 4693 1449 4749 nullo
1495 4692 1672 4747 modo
1716 4693 2074 4749 conveniens

426 4787 695 4859 petiisset
724 4805 790 4842 ac
823 4791 1282 4860 oppugnassent.
1308 4785 1421 4839 Nos
1455 4788 1654 4837 autem
1685 4782 1837 4837 feras
1861 4784 2071 4838 metui-

425 4891 580 4938 mus,
613 4877 900 4944 quonium
931 4877 1209 4931 virtutum
1244 4873 1585 4946 panopliam
1619 4888 1734 4926 non
1759 4872 2070 4928 habemus.

425 4965 545 5019 Hoc
571 4964 766 5034 itaque
799 4965 994 5018 intuiti
1027 4965 1284 5032 Barbari,
1312 4981 1445 5018 eum
1474 4979 1709 5034 quoque
1733 4962 1831 5032 qui
1852 4968 2071 5017 certam

427 5060 679 5111 mortem
713 5062 994 5119 evaserat,
1030 5057 1215 5110 Deum
1247 5073 1376 5110 esse
1407 5054 1723 5114 ducebant.
1765 5060 1829 5108 ut
1857 5054 2072 5124 quibus

427 5143 611 5200 moris
643 5150 768 5198 erat
813 5160 1072 5207 omnem,
1125 5145 1223 5214 qui
1255 5145 1578 5215 gloriosum
1628 5143 1868 5214 aliquod
1923 5161 2072 5215 opus

421 5239 752 5307 praestaret,
772 5234 950 5288 Deum
974 5233 1310 5287 existimare
1338 5250 1349 5286 :
1376 5233 1878 5303 quemadmodum
1893 5235 2070 5289 etiam

419 5329 647 5380 veteres
679 5324 820 5378 deos
845 5321 1254 5388 nominabant,
1288 5328 1386 5375 aut
1417 5339 1516 5377 eos
1549 5323 1648 5393 qui
1681 5323 1906 5394 aliquid
1930 5341 2071 5396 ope-

422 5420 717 5479 rarentur,
757 5411 914 5484 quod
946 5411 1096 5464 vires
1128 5411 1390 5481 ipserum
1422 5429 1784 5482 suorumque
1843 5430 2065 5468 coaevo-

419 5519 551 5560 rum
587 5503 916 5567 excederet,
952 5500 1144 5572 qualis
1176 5505 1301 5554 erat
1332 5501 1611 5555 Hercules
1637 5518 1649 5555 :
1675 5508 1776 5556 aut
1806 5504 2070 5574 quiprae-

418 5594 729 5668 stigiatura
785 5593 1086 5647 intuentes
1129 5589 1188 5644 in
1249 5587 1708 5646 admirationem
1765 5599 2062 5664 raperent,

424 5683 622 5762 qualis
651 5683 759 5740 fuit
790 5683 992 5740 Simon
1023 5681 1085 5737 in
1117 5678 1398 5735 Samaria.

2182 4697 2316 4750 κατᾶ
2346 4699 2443 4766 τῆς
2475 4701 2645 4770 πυρᾶς
2666 4696 2865 4765 ἥλατο,
2907 4694 3088 4770 ὥσπερ
3146 4692 3298 4756 δίκας
3330 4696 3523 4763 ἑαυτὴν
3581 4693 3833 4767 εἰσπρατ-

2179 4789 2410 4858 τομένη,
2471 4786 2553 4840 ὁτι
2627 4790 2704 4858 τῷ
2762 4783 3078 4860 μηδαμόθεν
3128 4786 3460 4861 προσήκοντι
3516 4777 3836 4858 προσέϐαλε

2183 4879 2418 4949 σῶματι.
2479 4876 2666 4946 Ἡμεῖς
2728 4872 2785 4929 δὲ
2840 4877 2906 4930 τά
2963 4875 3125 4951 θηρία
3210 4871 3527 4948 δεδοίκαμεν
3565 4917 3578 4940 ,
3639 4868 3826 4938 ἐπειδή

2179 4966 2279 5033 τῆς
2312 4967 2508 5039 αρετῆς
2534 4966 2632 5033 τὴν
2663 4964 2969 5021 πανοπλίαν
3029 4965 3127 5020 οὐκ
3184 4962 3407 5039 ἔχομεν.
3471 4960 3698 5023 ’ἰδόντες
3733 4959 3824 5014 οὗν

2179 5058 2339 5109 τοῦτο
2372 5054 2422 5108 ol
2463 5049 2759 5129 Βάρϐαροι,
2791 5055 2879 5110 καὶ
2935 5055 3235 5130 ἔκφυγόντα
3297 5055 3381 5106 τὸν
3444 5045 3822 5129 ἁναμφίϐολον

2181 5141 2430 5210 θάνατον,
2464 5144 2590 5196 Θεὸν
2625 5140 2786 5196 αὖτὸν
2817 5140 3071 5214 ἐνόμισαν
3105 5142 3267 5209 εἶναι,
3299 5141 3373 5201 ὡς
3412 5136 3638 5217 ἔχοντες
3686 5137 3823 5206 ἔθος,

2178 5232 2352 5286 πάντα
2382 5232 2644 5286 ποιοῦντά
2672 5253 2723 5286 τι
2756 5228 3078 5306 παράδοξον,
3141 5231 3272 5285 Θεὸν
3313 5230 3578 5304 νομίζεινο
3642 5228 3823 5301 ὥσπερ

2175 5318 2422 5382 καὶτοὺς
2473 5319 2741 5383 παλαιοὺς
2801 5322 2952 5386 θεοὺς
2999 5319 3306 5392 ὠνόμαζον,
3361 5319 3395 5388 ἢ
3439 5317 3510 5372 δι’
3543 5319 3697 5393 ἰσχὺν
3724 5338 3820 5373 πε-

2178 5409 2359 5483 ρισσόν
2415 5431 2468 5465 τι
2517 5411 2626 5464 τῶν
2685 5412 2807 5465 καθ’
2862 5408 3085 5470 ἑαυτοὺς
3139 5413 3454 5478 ποιοῦντας,
3513 5409 3624 5469 οἶος
3677 5409 3745 5476 ἧν
3796 5406 3824 5460 ὁ

2173 5497 2472 5573 ιΗρακλῆς·
2540 5498 2575 5568 ἢ
2627 5498 2716 5554 διὰ
2769 5499 2994 5576 μαγείας
3041 5496 3410 5568 έξιστανοντας
3471 5495 3598 5560 τοὺς
3647 5499 3828 5573 ὁρῶνο

2172 5609 2288 5661 τας,
2323 5591 2439 5652 οῖος
2463 5588 2530 5658 ἦν
2565 5589 2592 5646 ὁ
2624 5587 2677 5644 ἐν
2703 5589 2986 5664 Σαμαρείᾳ
3007 5589 3216 5666 Σίμων.
