4150 6200
299 321 411 380 301

915 454 1172 508 ΚΕΦΔΛ.
1226 449 1349 506 AO‘.

300 547 471 605 Οπως
547 541 655 596 ἀπὸ
729 540 974 610 Μελίτης
1050 538 1126 602 εἰς
1201 537 1422 612 Ῥώμην

1015 632 1256 690 Παῦλος.

371 746 400 773 ι(
437 721 588 778 Μετά
619 717 676 774 δὲ
694 723 838 794 τρεῖς
876 721 1075 791 μῆνας,
1138 718 1466 795 ἀνήχθημεν
1500 715 1551 769 ἐν
1596 711 1798 786 πλοίῳ,
1850 732 1958 767 πα-

307 811 738 890 ρακεχειμακότι
824 806 876 862 ἐν
929 811 998 881 τῇ
1055 808 1226 880 νήσῳ,
1290 801 1709 878 Ἀλεξανδρίνῳ,
1787 822 1958 874 παρα-

303 905 480 973 σήμῳ
539 897 939 974 Διοσκούροις.
1008 895 1112 952 Καὶ
1185 897 1545 970 καταχθέντες
1628 892 1702 954 εἷς
1787 899 1960 966 Συρα-

298 991 529 1058 κούσας,
589 987 942 1061 ἐπεμείναμεν
1029 985 1240 1062 ἡμέρας
1307 990 1472 1060 τρεῖς.
1533 984 1685 1038 Ὅθεν
1736 979 1960 1056 περιελ-

302 1081 493 1145 θόντες
550 1080 962 1151 κατηντήσαμεν
1023 1076 1100 1139 εἷς
1157 1077 1405 1152 Ῥήγιον.
1467 1071 1572 1130 Καί
1642 1073 1778 1146 μετά
1833 1071 1959 1144 μίαν

302 1170 521 1243 ἡμέραν
573 1165 954 1242 ἐπιγενομένου
1039 1165 1244 1235 Νότου,
1333 1162 1636 1238 δευτεραῖοι
1713 1159 1958 1233 ἤλθομεν

301 1259 377 1320 εἰς
475 1257 801 1326 Ποτιόλους,
889 1254 952 1310 οὗ
1008 1256 1254 1330 εὑρόντες
1316 1251 1608 1331 ἀδελφοὺς,
1665 1249 1953 1326 παρεκλή-

300 1351 476 1420 θημεν
507 1347 588 1402 ἐπ’
649 1346 832 1408 αὐτοῖς
891 1344 1167 1419 ἐπιμεῖναι
1225 1341 1436 1418 ἡμέρας
1495 1341 1651 1412 ἔπτὰ,
1709 1340 1797 1395 καὶ
1858 1336 1950 1420 ob:

443 1443 518 1505 εἷς
552 1443 650 1512 τήν
682 1442 906 1515 Ῥώμην
969 1413 1240 1511 ὖίλθομεν.
1272 1413 1550 1501 *Κάκεῖθεν
1611 1436 1662 1490 οἱ
1719 1413 1957 1509 ἀδελφοἱ

298 1533 626 1594 ἀκούσαντες
682 1532 752 1586 τὰ
807 1529 928 1605 περὶ
986 1533 1172 1604 ἡμῶν,
1241 1527 1468 1598 ἐξῆλθον
1528 1525 1604 1587 εἷς
1662 1525 1957 1593 ἀπάντησιν

294 1627 462 1696 ἡμῖν,
523 1622 687 1700 ἄχρις
746 1621 982 1678 Ἀππίου
1036 1619 1205 1698 φόρου
1263 1619 1350 1672 καὶ
1410 1619 1592 1691 Τριῶν
1647 1609 1952 1700 Ταϐερνῶν.

293 1713 407 1772 Οὓς
468 1697 599 1765 ἰδὼν
644 1711 673 1766 ὁ
706 1708 946 1775 Παῦλος,
1003 1697 1408 1784 εὐχαριστήσας
1460 1710 1540 1777 τῷ
1597 1708 1736 1775 Θεῷ,
1792 1697 1955 1757 ἔλαϐε

1523 539 1854 608 κατήντησεν
1929 535 1958 588 ὁ

1280 313 1694 378 OOMMENT.
1744 313 1833 372 IN
1878 312 2081 374 ACTA
2127 314 2738 384 APOSTOLORUM.

1989 453 2041 517 A

3601 334 3720 394 80?

2536 458 2576 511 1
2589 455 2692 514 84
2737 458 2967 519 CAPUT
3004 461 3255 522 XXXIX.

2211 545 2488 607 Quomodo
2517 563 2550 600 a
2580 549 2764 604 Melite
2813 555 3040 608 Romam
3061 558 3316 625 pervenit
3345 557 3572 613 Paulus.

2139 720 2390 792 XXVIII,
2425 727 2602 782 11-17.
2638 751 2666 778 ‹‹
2700 733 2834 785 Post
2880 749 3121 788 menses
3168 741 3364 790 autem
3399 741 3516 792 tres
3548 738 3714 792 navi-

2068 810 2332 881 gavimus
2360 813 2420 869 in
2469 817 2601 870 navi
2659 819 3080 888 Alexandrina,
3139 841 3269 894 quas
3296 823 3358 878 in
3391 825 3587 880 insula
3625 826 3720 880 hi-

2067 898 2436 973 bernaverat,
2471 905 2563 959 cui
2599 914 2725 962 erat
2773 909 3003 981 insigne
3063 912 3392 970 Castorum.
3452 916 3717 986 Cumque

2069 991 2438 1049 venissemus
2468 995 2807 1066 Syracusas,
2842 1001 3172 1056 mansimus
3205 1003 3284 1056 ibi
3325 1003 3542 1060 triduo.
3575 1005 3720 1062 Inde

2067 1080 2560 1156 circumlegentes
2639 1086 2988 1145 devenimus
3072 1091 3381 1164 Rhegium,
3461 1099 3519 1148 et
3587 1099 3722 1165 post

2068 1185 2254 1224 unum
2299 1171 2456 1228 diem
2511 1175 2750 1232 aftlante
2808 1179 3051 1242 Austro,
3110 1181 3395 1251 postridie
3451 1182 3719 1238 venimus

2067 1258 2365 1330 Puteolos,
2412 1263 2509 1316 ubi
2571 1266 2820 1336 repertis
2876 1268 3184 1339 fratribus,
3244 1271 3432 1343 rogati
3491 1288 3717 1340 sumus,

2066 1354 2133 1401 ut
2159 1364 2538 1407 maneremus
2570 1355 2725 1425 apud
2782 1372 2884 1411 eos
2942 1357 3152 1413 diebus
3203 1365 3453 1431 septem,
3515 1367 3575 1416 et
3630 1361 3716 1416 sic

2065 1437 2333 1494 venimus
2364 1442 2629 1499 Romam.
2665 1445 2734 1498 Et
2761 1445 2900 1500 inde
2959 1463 3094 1502 cum
3154 1449 3463 1505 audissent
3503 1451 3718 1506 fratres

2065 1523 2136 1580 de
2169 1528 2361 1596 nobis,
2396 1533 2616 1602 egressi
2650 1539 2789 1588 sunt
2819 1535 2880 1588 in
2937 1552 3252 1591 occursum
3301 1537 3474 1593 nobis
3526 1556 3716 1610 usque

2064 1617 2139 1672 ad
2187 1620 2358 1690 Appii
2438 1621 2629 1677 forum
2717 1641 2784 1680 ac
2845 1627 2984 1681 Tres
3031 1627 3348 1684 Tabernas.
3405 1629 3561 1694 Quos
3610 1630 3710 1685 ubi

2062 1707 2306 1764 vidisset
2335 1712 2576 1777 Paulus,
2620 1714 2766 1768 actis
2821 1715 2939 1770 Deo
2987 1717 3191 1787 gratiis
3249 1719 3503 1790 sumpsit
3555 1719 3711 1774 fidu—

289 1799 512 1876 Θάρσος.
544 1801 672 1858 ⁶Οτε
731 1796 788 1854 δὲ
843 1795 1086 1870 ἤλθομεν
1152 1795 1230 1859 εἷς
1289 1795 1537 1868 Ῥώμην,
1571 1791 1945 1866 ὁέκατόνταρ-

2061 1793 2233 1850 ciam.
2269 1795 2411 1852 Cum
2438 1807 2636 1856 autem
2694 1804 3061 1860 venissemus
3121 1808 3388 1873 Romam,
3439 1809 3709 1864 centurio

285 1915 400 1972 χος
456 1890 743 1966 παρέδωκε
825 1889 951 1952 τοὺς
1011 1887 1267 1962 δεσμίους
1323 1892 1402 1958 τῷ
1461 1883 1938 1960 στρατοπεδάρχῃ.

288 1985 386 2052 Τῷ
422 1980 478 2036 δὲ
512 1979 720 2052 Παύλῳ
750 1979 1025 2054 ἐπετράπη
1090 1977 1264 2051 μένειν
1322 1977 1441 2032 καθ’
1497 1975 1682 2030 ἑαυτὸν
1739 1974 1831 2028 σὺν
1861 1977 1941 2045 τῷ

287 2070 625 2149 φυλάσσοντι
655 2071 816 2125 αὐτὸν
851 2067 1179 2143 στρατιώτῃ.
1209 2089 1234 2120 ι

368 2186 390 2212 ι
432 2162 649 2235 Παρασή
665 2183 751 2233 μῳ
805 2157 1177 2233 Διοσκούροις.
1213 2180 1240 2208 ››
1301 2157 1458 2217 Ἕθος
1486 2154 1566 2210 ἀεί
1599 2175 1715 2215 πως
1747 2151 1797 2208 ἐν
1823 2157 1939 2214 ταῖς

282 2246 682 2323 Ἀλεξανδρέων
715 2246 950 2320 μάλιστα
979 2245 1130 2300 ναυσί
1187 2244 1322 2319 πρός
1382 2264 1445 2317 γε
1474 2247 1541 2316 τῇ
1574 2242 1766 2316 πρώρᾳ
1799 2237 1941 2309 δεξιά

279 2361 342 2395 τε
375 2342 468 2394 καὶ
511 2339 768 2411 εὐώνυμα
817 2337 1027 2416 γραφὰς
1081 2339 1217 2392 εἶναι
1271 2334 1545 2397 τοιαύτας.
1604 2330 1827 2400 Ἐπειδή
1884 2329 1940 2386 δὲ

280 2433 350 2501 ἦν
408 2431 555 2493 εἰκὸς
639 2428 1092 2504 είδωλολατρείας
1166 2427 1468 2502 κρατούσης
1522 2424 1692 2480 ἐκεῖνο
1748 2427 1940 2498 καιροῦ

282 2523 689 2601 γεγράφθαιτῇ
721 2519 815 2591 νηί
868 2521 997 2580 τοὺς
1065 2516 1450 2593 Διοσκούρους,
1506 2517 1594 2570 καὶ
1657 2514 1717 2569 ἐκ
1742 2513 1938 2568 τούτου

286 2599 431 2666 νοεῖν
468 2599 795 2678 ἀκόλουθον,
830 2606 1149 2688 ἀλλόφυλον
1181 2610 1339 2674 εἶναι,
1382 2604 1654 2661 τουτέστιν
1708 2599 1938 2658 εἶ’δωλοο

285 2701 506 2775 λάτριν.
539 2698 667 2774 Περὶ
699 2699 896 2754 τούτου
947 2698 1037 2753 καὶ
1095 2694 1312 2757 Ἠσαίας
1375 2690 1498 2772 ἔφη’
1563 2694 1940 2762 Πετασθήσον-

279 2812 373 2845 ται
407 2790 460 2843 ἐν
513 2787 698 2860 πλοίῳ
756 2786 1082 2866 ἀλλοφύλῳ,
1139 2783 1408 2850 θάλασσαν
1459 2783 1571 2853 ἅμα
1630 2780 1941 2856 προνομεύ-

280 2901 494 2936 σουσιν.
530 2903 557 2930 ‹‹
592 2881 794 2956 Ἀχρις
834 2876 1070 2934 Ἀππίου
1129 2875 1298 2952 φόρου
1347 2875 1433 2928 καὶ
1495 2875 1670 2947 Τριῶν
1729 2866 1938 2947 Ταϐερ-

277 2975 406 3024 νῶν.
445 2993 474 3020 ››
505 2969 722 3031 Τόπους
749 2968 896 3027 nvi:
929 2963 1346 3037 ἐπισημαίνεται
1405 2963 1510 3037 πρὸ
1541 2969 1638 3030 τῆς
1689 2962 1935 3034 Ῥώμης,

275 3061 371 3115 τὸν
409 3059 502 3133 μὲν
536 3058 710 3112 εἰκόνα
753 3057 872 3112 τινὰ
934 3055 1173 3112 Ἀππίου
1234 3048 1456 3128 ἔχοντα,
1492 3052 1565 3112 ὡς
1625 3049 1788 3121 εἰκὸς,
1848 3050 1936 3104 καὶ

277 3153 451 3230 φόρον
514 3149 722 3204 ἐκείνου
773 3145 1142 3220 καλουμένην,
1203 3145 1277 3206 ὡς
1328 3142 1492 3217 μέχρι
1551 3146 1642 3196 νῦν
1711 3141 1765 3195 αἱ
1824 3144 1933 3195 τῶν

281 3241 559 3319 βασιλέων
616 3241 815 3302 εἰκόνες
869 3240 1014 3308 παρὰ
1055 3237 1357 3311 Ῥωμαίοις
1415 3234 1575 3313 φόροι
1651 3254 1929 3309 προσαγο-

282 3334 559 3409 ρεύονται,
589 3332 655 3386 τὰ
687 3329 743 3386 δὲ
771 3335 877 3384 τῶν
925 3323 1220 3402 ταϐερνῶν,
1279 3323 1621 3399 πανδοχείων
1678 3327 1864 3391 τινῶν,
1898 3322 1933 3391 ἢ

280 3419 610 3491 καπηλείων
655 3426 852 3494 χρῆσιν
908 3417 1256 3484 αἰνίσσονται,
1311 3417 1382 3487 τῇ
1440 3411 1723 3486 Ῥωμαίων
1778 3409 1933 3490 φωνῇ

281 3511 463 3573 οὕτως
496 3509 894 3583 ὀνομαζόμενα.

921 3690 1180 3741 ΚΕΦΑΛ.
1217 3683 1304 3740 Μ’·

280 3779 419 3854 Περὶ
479 3775 770 3848 διαλέξεως
827 3774 1050 3852 Παύλου
1114 3779 1214 3842 τῆς
1268 3772 1404 3846 πρὸς
1461 3767 1588 3833 τοὺς
1644 3769 1694 3824 ἐν
1750 3770 1939 3844 Ῥώμῃ

977 3860 1267 3925 Ῑουδαίους.

363 3984 392 4011 «ι
430 3960 671 4032 Ἐγένετο
722 3954 779 4011 δὲ
840 3954 972 4029 μετά
1028 3954 1240 4028 ἡμέρας
1306 3957 1453 4027 τρεῖς
1513 3950 1938 4026 συγκαλέσασθαι

284 4049 380 4103 τὸν
442 4047 656 4103 Παῦλον
709 4045 836 4106 τοὺς
896 4040 1048 4104 ὄντας
1125 4045 1233 4096 τῶν
1309 4037 1589 4095 Ἰουδαίων
1667 4040 1939 4114 πρώτους.

288 4135 667 4193 συνελθόντων
698 4132 754 4190 δὲ
809 4133 1006 4200 αὐτῶν,
1065 4126 1222 4205 ἔλεγε
1271 4131 1406 4206 πρὸς
1438 4129 1652 4194 αὐτοὺς⁸
1714 4126 1940 4202 ’Ἄνδρες

286 4223 546 4306 ἀδελφοὶ,
616 4224 722 4300 ἐγὼ
807 4218 960 4278 οὐδὲν
1041 4220 1271 4306 ἐναντίον
1341 4219 1574 4288 ποιήσας
1630 4222 1709 4288 τῷ
1763 4215 1940 4306 λαῷἣ

281 4323 406 4378 τοῖς
446 4305 609 4380 ἔθεσι
693 4318 811 4375 τοῖς
865 4311 1188 4386 πατρῴοις,
1251 4305 1469 4381 δέσμιος
1530 4305 1577 4376 ἐξ
1637 4305 1942 4382 Ἰεροσολύ-

287 4429 413 4479 μων
494 4400 800 4479 παρεδόθην
881 4401 956 4464 εἰς
1034 4400 1128 4463 τὰς
1213 4403 1405 4473 χεῖρας
1461 4401 1566 4451 τῶν
1625 4398 1940 4470 Ῥωμαίων.

285 4494 501 4556 Οἶτινες
558 4489 928 4564 ἀνακρίναντές
1008 4511 1095 4563 με,
1155 4483 1448 4543 ἐϐούλοντο
1509 4483 1803 4555 ἀπολῦσαι,
1858 4483 1946 4540 διὰ

2053 1883 2294 1940 tradidit
2324 1888 2552 1944 vinctos
2580 1891 2835 1963 principi
2869 1895 3186 1951 exercitus.
3220 1895 3586 1950 Permissum
3617 1895 3708 1950 est

2048 1978 2247 2026 autem
2279 1977 2482 2045 Paulo,
2513 1984 2579 2032 ut
2609 1979 2770 2034 solus
2820 1987 3091 2037 maneret
3146 1999 3281 2038 cum
3333 1983 3704 2038 custodiente

2049 2061 2245 2132 ipsum
2278 2065 2487 2121 milite.
2523 2090 2549 2116 ››

2122 2174 2149 2201 ‹‹
2186 2152 2422 2226 Insigne
2453 2157 2779 2214 Castorum.
2816 2183 2841 2210 »
2875 2162 3164 2232 Perpetuo
3197 2162 3378 2217 moris
3407 2167 3497 2217 est
3524 2163 3690 2218 navi-

2048 2239 2159 2294 bus
2181 2242 2551 2310 potissimum
2581 2247 3023 2315 Alexandrinis,
3047 2249 3121 2304 ad
3136 2267 3374 2320 proram
3399 2251 3604 2306 dextra
3625 2267 3692 2306 ac

2049 2331 2290 2388 sinistra
2316 2335 2658 2407 hujusmodi
2683 2356 2812 2395 esse
2840 2341 3124 2412 picturas.
3157 2343 3450 2407 Quoniam
3470 2349 3691 2410 autem,

2047 2425 2113 2474 ut
2144 2423 2458 2481 verisimile
2491 2434 2580 2483 est
2611 2428 2885 2486 idolatria
2915 2449 2984 2487 eo
3035 2438 3300 2504 tempore
3359 2433 3691 2488 dominium

2047 2511 2373 2582 obtinente,
2409 2516 2625 2589 depicti
2658 2527 2829 2576 erant
2858 2523 2918 2576 in
2952 2524 3082 2578 navi
3109 2524 3316 2579 Castor
3363 2540 3431 2579 ac
3463 2524 3692 2591 Pollux,

2047 2617 2418 2673 consequens
2433 2606 2610 2662 etiam
2626 2615 2790 2664 estut
2803 2610 3207 2682 intelligamus
3223 2613 3696 2685 alienigenarum

2045 2689 2226 2747 fuisse
2255 2709 2484 2762 navem,
2531 2697 2642 2754 hoc
2701 2705 2790 2754 est
2836 2700 3244 2769 idolatrarum,
3276 2701 3346 2756 de
3380 2719 3497 2771 qua
3551 2701 3698 2755 dicit

2047 2779 2258 2838 Isaias:
2329 2784 2624 2841 Volabunt
2693 2789 2754 2843 in
2820 2790 2953 2844 navi
2995 2791 3484 2862 alienigenarum,
3535 2805 3696 2844 mare

2049 2870 2230 2926 simul
2257 2873 2682 2942 praedabuntur
2712 2877 2776 2929 9‘.
2829 2879 3086 2948 «Usque
3145 2879 3216 2933 ad
3273 2878 3444 2949 Appii
3501 2878 3696 2932 forum

2047 2976 2114 3014 ac
2141 2962 2278 3015 Tres
2305 2963 2621 3018 Tabernas.
2658 2986 2685 3013 ››
2721 2967 2870 3020 Loca
2912 2966 3184 3036 quaedam
3245 2967 3514 3038 designat
3556 2972 3694 3020 ante

2047 3052 2244 3105 Romae
2260 3051 2593 3122 ingressum
2610 3070 2622 3108 :
2642 3053 2898 3124 priorem
2917 3055 3156 3126 quidem
3177 3055 3494 3110 habentem
3519 3057 3691 3128 Appii

2048 3146 2323 3206 statuam,
2357 3147 2422 3195 ut
2452 3141 2748 3198 versimile
2782 3150 2889 3211 est,
2923 3151 2982 3200 et
3007 3145 3230 3200 dictum
3262 3146 3422 3200 illius
3447 3145 3641 3201 forum
3677 3165 3690 3202 :

2049 3230 2552 3300 quemadmodum
2585 3233 2657 3287 ad
2689 3233 2798 3289 hoc
2825 3252 3011 3306 usque
3043 3241 3278 3307 tempus
3309 3252 3556 3308 regnum
3589 3242 3693 3292 aut

2047 3323 2472 3393 imperatorum
2504 3324 2793 3397 imagines
2817 3327 2972 3397 apud
2996 3329 3292 3383 Romanos
3310 3326 3468 3404 φόροι
3492 3327 3693 3399 appel-

2049 3410 2263 3466 lantur.
2291 3413 2439 3468 Loca
2460 3430 2595 3468 vero
2617 3415 3018 3482 tabernarum,
3040 3433 3212 3472 usum
3232 3417 3696 3489 insinuantquo-

2048 3501 2322 3556 rumdam
2354 3503 2811 3560 diversoriorum
2843 3511 2945 3560 aut
2973 3523 3399 3578 cauponarum,
3425 3523 3556 3579 quas
3587 3508 3697 3562 Ro-

2047 3607 2361 3646 manorum
2393 3591 2596 3665 lingua
2625 3595 2707 3649 ita
2735 3594 3134 3666 appellantur.

2574 3684 2724 3742 185
2782 3687 3013 3741 CAPUT
3050 3686 3162 3743 XL.

2051 3771 2122 3826 De
2151 3772 2316 3826 Pauli
2344 3775 2602 3829 concione
2630 3774 2704 3828 ad
2757 3774 2993 3841 Judwos,
3052 3776 3149 3844 qui
3196 3777 3379 3828 Romae
3409 3773 3696 3842 degebant.

2123 3952 2372 4020 XXVIII,
2437 3957 2624 4010 17-24.
2692 3977 2718 4008 α
2750 3955 3004 4028 Contigit
3056 3961 3255 4010 autem
3285 3960 3351 4010 ut
3388 3959 3520 4024 post
3577 3958 3700 4006 tres

2053 4041 2180 4096 dies
2212 4050 2563 4100 convocaret
2585 4046 3156 4101 PaulusJudaeorum
3189 4047 3515 4118 primores:
3550 4059 3704 4099 cum-

2053 4147 2166 4201 que
2197 4133 2516 4198 venissent,
2552 4134 2700 4189 dixit
2723 4135 2797 4190 ad
2829 4152 2966 4191 eos:
3003 4138 3139 4208 Ego,
3173 4136 3283 4190 viri
3315 4134 3548 4200 fratres,
3577 4148 3708 4189 cum

2053 4220 2202 4275 nihil
2233 4222 2473 4277 fecerim
2506 4222 2786 4280 adversus
2828 4225 3065 4296 plebem
3122 4231 3225 4280 aut
3257 4225 3537 4279 instituta
3576 4239 3704 4276 ma-

2047 4312 2296 4381 jorum,
2354 4312 2580 4367 vinctus
2643 4313 2716 4368 ab
2767 4315 3203 4387 Hierosolymis
3256 4313 3513 4369 traditus
3572 4326 3704 4366 sum

2055 4401 2116 4455 in
2158 4417 2370 4456 manus
2428 4404 2865 4459 Romanorum:
2922 4407 3024 4476 qui
3076 4422 3209 4460 cum
3263 4401 3705 4458 examinassent

2055 4507 2170 4559 me,
2240 4491 2552 4547 voluerunt
2604 4493 2925 4561 dimittere,
2978 4512 3047 4552 eo
3107 4494 3264 4566 quod
3320 4491 3486 4548 nulla
3526 4503 3706 4545 causa

284 4587 350 4640 τὸ
445 4580 717 4657 μηδεμίαν
793 4581 968 4636 αἷτίαν
1056 4577 1280 4634 θανάτου
1368 4577 1631 4651 ὑπάρχειν
1689 4575 1742 4631 ἐν
1800 4575 1942 4649 ἐμοί.

2061 4580 2263 4634 mortis
2296 4587 2452 4636 esset
2483 4580 2543 4636 in
2571 4599 2684 4640 me.
2722 4584 2831 4640 Sed
2886 4582 3434 4641 contradicentibus
3488 4577 3705 4635 Iudaeis

288 4673 711 4748 Ἀντιλεγόντων
797 4668 854 4726 δὲ
909 4673 1016 4724 τῶν
1074 4664 1373 4734 Ἰουδαίων,
1433 4666 1781 4741 ἠναγκάσθην
1834 4662 1948 4720 ἐπι-

288 4762 620 4819 καλέσασθαι
655 4760 914 4834 Καίσαρα,
956 4759 1069 4833 οὐχ
1127 4757 1200 4818 ὡς
1248 4760 1345 4811 τοῦ
1394 4753 1576 4817 ἔθνους
1637 4776 1742 4827 μου
1800 4749 1944 4830 ἔχων

289 4875 343 4909 τι
407 4858 804 4927 κατηγορῆσοι.
867 4848 963 4903 Διά
1022 4846 1223 4916 ταύτην
1285 4845 1376 4899 οὗν
1427 4844 1525 4912 τὴν
1577 4843 1751 4898 αἰτίαν
1810 4865 1950 4917 παρ-

293 4942 529 5000 εκάλεσα
561 4942 718 5013 ὑμᾶς,
768 4937 900 4994 ἰδεῖν
961 4937 1049 4993 καὶ
1107 4935 1513 5010 προσλαῆῆσαι.
1576 4937 1791 4990 Ἕνεκεν
1850 4935 1948 5009 γὰρ

291 5039 398 5101 τῆς
429 5027 660 5090 ἐλπίδος
715 5033 812 5084 τοῦ
869 5025 1093 5102 Ἰσραήλ
1141 5027 1240 5094 τήν
1298 5021 1488 5078 ἅλυσιν
1547 5021 1747 5094 ταύτην
1807 5023 1953 5099 περί·

293 5141 510 5192 κειμαι.
542 5120 609 5177 Οἱ
641 5116 697 5173 δὲ
728 5117 863 5192 πρὸς
895 5116 1058 5171 αὐτὸν
1116 5115 1290 5170 εἶπον·
1352 5114 1542 5185 Ἠμεῖς
1599 5108 1723 5167 οὔτε
1778 5114 1954 5187 γράμ-

303 5231 454 5285 ματα
524 5209 647 5283 περὶ
737 5210 832 5262 σοῦ
919 5203 1210 5279 ἐδεξάμεθα
1296 5203 1400 5258 ἀπὸ
1484 5203 1580 5269 τῆς
1669 5198 1956 5274 Ἰουδαίας,

301 5298 432 5356 οὔτε
489 5295 928 5374 παραγενόμενός
1003 5315 1085 5357 τις
1148 5297 1255 5348 τῶν
1315 5288 1564 5366 ἀδελφῶν
1626 5289 1958 5366 ἀπήγγειλεν

297 5391 338 5460 ἢ
373 5387 616 5458 ἐλάλησέ
645 5409 696 5442 τι
729 5387 849 5460 περὶ
887 5388 982 5441 σοῦ
1039 5382 1302 5456 πονηρόν.
1367 5381 1654 5452 Ἀξιοῦμεν
1704 5375 1760 5434 δὲ
1813 5381 1961 5456 παρά

299 5483 401 5538 σοῦ
426 5479 654 5534 ἂκοῦσαι
685 5476 719 5532 ἅ
760 5479 995 5555 φρονεῖς.
1054 5472 1186 5549 Περὶ
1238 5471 1332 5546 μὲν
1382 5469 1482 5547 γὰρ
1541 5474 1641 5538 τῆς
1702 5467 1959 5545 αἱρέσεως

382 5661 430 5696 ’⁸
471 5660 581 5716 lsa.
615 5675 696 5725 xx,
728 5658 817 5712 24.

2057 4675 2296 4724 coactus
2329 4687 2458 4726 sum
2508 4673 2808 4744 appellare
2865 4675 3179 4741 Caesarem,
3238 4689 3359 4728 non
3399 4669 3569 4742 quasi
3600 4668 3708 4724 ha-

2059 4758 2232 4814 beam
2265 4760 2335 4814 de
2379 4777 2495 4830 quo
2554 4769 2790 4832 gentem
2849 4779 3042 4816 meam
3102 4779 3397 4818 accusem.
3461 4762 3709 4830 Propter

2062 4848 2215 4904 hanc
2251 4849 2428 4921 igitur
2483 4866 2721 4904 causam
2776 4848 3046 4904 advocavi
3080 4867 3202 4913 vos,
3262 4855 3326 4903 ut
3360 4848 3621 4902 viderem
3655 4850 3713 4901 et

2064 4939 2453 5008 colloquerer.
2479 4939 2726 5008 Propter
2753 4953 2916 5006 spem
2951 4937 3109 4990 enim
3136 4936 3317 4991 Israel
3357 4941 3564 4990 catena
3594 4936 3704 4988 hac

2065 5026 2466 5082 circumdatus
2497 5043 2646 5080 sum.
2683 5028 2754 5079 At
2783 5023 2868 5076 illi
2912 5023 3188 5078 dixerunt
3243 5021 3318 5076 ad
3365 5037 3540 5074 eum:
3588 5022 3702 5072 Nos

2068 5131 2262 5185 neque
2310 5114 2534 5168 litteras
2592 5113 2932 5185 accepimus
2991 5111 3061 5167 de
3095 5109 3460 5172 teaJudaaa,
3520 5119 3715 5173 neque

2067 5202 2388 5257 adveniens
2421 5202 2638 5272 aliquis
2697 5204 2945 5258 fratrum
2977 5200 3271 5257 nuntiavit
3326 5201 3426 5252 aut
3481 5194 3714 5248 locutus

2071 5297 2160 5346 est
2189 5291 2416 5362 aliquid
2449 5291 2520 5346 de
2560 5298 2616 5346 te
2670 5293 2831 5348 mali.
2871 5291 3154 5348 Volumus
3185 5295 3378 5347 autem
3405 5302 3474 5340 ex
3525 5289 3579 5339 te
3611 5297 3714 5336 au-

2071 5379 2196 5436 dire
2230 5397 2360 5452 quae
2392 5381 2634 5436 sentias.
2682 5384 2824 5438 Nam
2879 5381 2952 5437 de
3011 5387 3172 5438 secta
3203 5381 3316 5435 ista
3369 5380 3576 5433 notum
3622 5377 3712 5428 est

2071 5469 2243 5526 nobis
2303 5469 2461 5541 quod
2544 5469 2764 5544 ubique
2823 5472 2876 5527 ei
2925 5469 3390 5528 contradicatur.
3446 5468 3711 5536 Cumque
