4150 6200
458 313 576 376 303
634 374 640 379 ,

1579 307 1985 371 OECUMENII
2028 308 2339 370 TRICCz‘E
2382 310 2734 376 EPISCOPI

3749 321 3867 380 304

459 444 912 505 constituissent
939 440 1024 497 illi
1055 439 1236 508 diem,
1268 446 1561 498 venerunt
1583 441 1659 498 ad
1689 458 1827 499 eum
1857 442 1919 498 in
1960 442 2084 498 hos-

2210 440 2436 514 ταύτης,
2470 467 2712 522 γνωστον
2743 446 2885 505 ἐστιν
2918 449 3074 524 ἡμῖν,
3116 449 3200 507 ὅτι
3243 454 3530 526 πανταχοῦ
3586 448 3865 528 ἀντιλέγει

456 538 675 609 pitium
712 532 1085 606 complures:
1118 531 1334 605 quibus
1391 532 1725 605 exponebat
1777 534 2103 589 testiﬁcans

451 640 699 697 regnum
732 624 856 688 Dei,
891 623 1265 696 suadensque
1296 623 1381 678 eis
1414 622 1485 678 de
1515 624 1652 679 Jesu
1684 640 1754 679 ex
1801 623 1930 696 lege
1962 623 2101 678 Mosi

454 719 512 771 et
549 713 856 786 prophetis
888 730 922 769 a
950 730 1125 770 mane
1164 729 1353 786 usque
1384 713 1458 769 ad
1484 729 1815 786 vesperam.
1850 715 1921 768 Et
1968 712 2104 784 qui-

452 803 590 860 dam
616 804 940 861 credebant
969 806 1062 862 his
1093 820 1224 878 quae
1269 804 1639 877 dicebantur,
1673 803 1916 877 quidam
1966 819 2103 859 vero

450 910 575 951 non
607 894 949 952 credebant.
987 917 1016 945 ››

526 1079 728 1135 Sciens
760 1079 979 1135 Paulus
1009 1077 1252 1135 omnino
1302 1076 1627 1134 absurdum
1684 1091 1813 1132 esse
1863 1073 2103 1148 judicio

452 1168 835 1234 contendere,
860 1169 1038 1241 idque
1064 1169 1321 1224 maxime
1348 1164 1818 1239 apudinﬁdeles,
1845 1163 1917 1219 de
1938 1169 2104 1218 utro-

453 1278 571 1332 que
599 1260 1013 1317 det‘ensionem
1042 1265 1232 1333 parat,
1265 1276 1340 1314 ne
1371 1274 1576 1314 eorum
1598 1272 1772 1313 aures
1802 1270 2101 1328 praeoccu-

452 1357 694 1424 pentur.
729 1352 976 1424 PrOpter
1004 1351 1179 1419 hanc,
1212 1350 1427 1421 inquit,
1452 1364 1690 1404 causam
1711 1345 1979 1402 volebam
2001 1360 2103 1399 vos

450 1442 669 1509 videre,
698 1459 775 1498 ne
806 1444 899 1498 cui
922 1443 1129 1498 liceret
1153 1458 1248 1497 me
1269 1457 1570 1497 accusare.
1604 1441 1675 1493 Et
1705 1454 1773 1494 ea
1804 1436 1949 1492 dicit
1970 1452 2101 1507 qua)

457 1529 569 1584 sibi
602 1536 809 1586 mutuo
831 1535 1349 1603 constant,nempe
1373 1546 1386 1584 :
1413 1531 1615 1584 Manus
1637 1526 1878 1582 illorum
1899 1524 2102 1581 volens

449 1618 728 1690 effugere,
761 1623 1000 1675 coactus
1046 1637 1180 1676 sum
1237 1618 1530 1675 Caesarem
1589 1615 1914 1689 appellare,
1944 1613 2098 1670 186

447 1724 567 1763 non
592 1724 707 1780 quo
729 1708 863 1765 aliis
897 1710 1054 1766 mala
1083 1711 1382 1780 afferrem,
1416 1708 1519 1764 sed
1549 1712 1616 1763 ut
1644 1707 1771 1779 ipse
1802 1704 1961 1761 mala
1995 1702 2099 1759 de-

2213 552 2321 589 ται.
2372 534 2669 609 Ταξάμενοι
2727 535 2784 594 δὲ
2840 540 2991 613 αὐτῷ
3039 542 3275 615 ἡμέραν,
3324 544 3458 611 ἧκον
3513 541 3648 617 πρὸς
3705 540 3864 598 αὐτὸν

2215 621 2292 685 εἷς
2327 625 2425 693 τῆν
2484 625 2654 699 ξενίαν
2710 627 2982 699 πλείονες,
3029 630 3110 694 οἶς
3170 631 3428 702 ἐξετίθετο
3496 629 3863 709 διαμαρτυρό-

2219 731 2378 785 μενος
2447 716 2547 784 τὴν
2606 718 2886 793 βασιλείαν
2944 724 3041 776 τοῦ
3090 724 3246 792 Θεοῦ,
3302 722 3499 777 πείθῶν
3556 743 3616 778 τε
3670 720 3865 784 αὐτοὺς

2213 801 2281 856 τά
2311 803 2435 879 περὶ
2461 809 2558 860 τοῦ
2586 808 2770 879 Ἰησοῦ
2825 804 2933 864 ἀπό
2974 829 3032 865 τε
3085 815 3182 866 τοῦ
3240 810 3411 886 νόμου
3470 810 3714 875 Μωσέως
3766 811 3859 867 καὶ

2212 895 2320 946 τῶν
2351 899 2673 973 προφητῶν,
2704 896 2812 953 ἀπό
2857 897 3005 975 πρωΐ
3053 895 3157 963 ἓως
3214 899 3463 976 ἑσπέρας.
3511 900 3616 958 Καὶ
3674 901 3728 955 οἱ
3764 901 3859 976 μὶν

2215 977 2490 1038 ἐπείθοντο
2519 990 2637 1048 τοῖς
2672 984 3019 1064 λεγομένοις,
3061 988 3114 1043 οἱ
3144 985 3203 1044 δὲ
3228 988 3513 1060 ἠπίστουν.
3549 1013 3578 1041 ι)

2287 1069 2462 1136 Εἰδὼς
2495 1075 2522 1129 ὁ
2554 1074 2769 1139 Παῦλος
2795 1075 2879 1132 ὅτι
2927 1077 3129 1135 ἄτοπον
3188 1080 3254 1149 ἦν
3314 1080 3463 1143 ὅλως
3518 1080 3581 1135 τὸ
3640 1076 3863 1136 δικάσα-

2215 1161 2357 1232 σθαι,
2389 1163 2480 1218 καὶ
2523 1165 2763 1239 μάλιστα
2824 1169 2971 1243 παρὰ
3024 1168 3302 1242 ἀπίστοις,
3356 1169 3482 1245 περὶ
3537 1169 3861 1249 ἀμφοτέρων

2215 1252 2592 1331 ἀπολογεῖται,
2627 1256 2765 1313 ὥστε
2799 1260 2874 1333 μή
2907 1257 3298 1340 προληφθῆναι
3329 1263 3507 1317 αὐτῶν
3543 1262 3638 1324 τὰς
3667 1261 3858 1324 ἀκοάς.

2190 1341 2314 1411 ,Διὰ
2344 1343 2549 1416 ταύτην
2593 1345 2722 1422 γὰρ,
2781 1348 2936 1427 φησὶ,
2991 1350 3092 1419 τῆν
3138 1349 3311 1406 αἰτίαν
3374 1345 3688 1424 ἐϐουλόμην
3723 1351 3860 1424 ὑμᾶς

2213 1427 2366 1503 ἰδεῖν,
2393 1431 2531 1490 ὥστε
2563 1437 2639 1508 μή
2675 1435 2866 1507 ἐξεῖντί
2896 1460 2999 1495 τινι
3056 1445 3398 1517 κατηγορεῖν.
3456 1441 3554 1495 Καὶ
3612 1440 3682 1495 τὰ
3723 1460 3863 1515 παρ·

2216 1520 2473 1596 ιστάμενα
2503 1524 2671 1601 Λέγει,
2704 1524 2789 1582 ὅτι
2822 1524 2912 1599 δὴ⁸
2960 1529 3067 1593 Τάς
3098 1535 3289 1609 χεῖρας
3344 1531 3522 1585 αὐτῶν
3581 1526 3860 1608 διαφυγεῖν

2212 1607 2552 1685 βουλόμενος
2585 1657 2601 1686 ,
2654 1616 3002 1692 ἠναγκάσθην
3055 1607 3476 1675 ἐπικαλέσασθαι
3559 1607 3806 1694 Καισαρα
3836 1662 3851 1691 ,

2209 1697 2317 1774 οὐχ
2338 1700 2415 1764 ὡς
2446 1701 2649 1779 ἑτέροις
2680 1701 2864 1770 διδοὺς
2890 1708 3052 1783 κακὰ,
3085 1709 3234 1766 ἀλλὰ
3261 1708 3421 1774 αὐτὸς
3452 1708 3662 1789 φεύγων
3691 1710 3851 1767 κακά.

446 1799 717 1855 vitarem.
753 1821 782 1850 «
823 1801 967 1855 Nam
998 1799 1069 1855 de
1102 1805 1261 1855 secta
1319 1799 1454 1868 ista,
1486 1819 1515 1848 »
1570 1802 1681 1853 etc.
1742 1794 2084 1865 Priusquam

2209 1814 2237 1843 ‹‹
2271 1791 2400 1895 Περί
2434 1801 2530 1895 μὲν
2563 1796 2668 1873 γὰρ
2695 1803 2797 1868 τῆς
2827 1799 3084 1873 αἱρέσεως
3114 1799 3339 1872 ταύτης,
3367 1825 3397 1853 ι»
3437 1800 3528 1857 καί
3584 1800 3651 1857 τὰ
3707 1801 3853 1871 ἑξῆς.

448 1887 667 1943 Paulus
696 1890 943 1944 Romam
975 1888 1303 1957 accederet,
1330 1886 1620 1943 admoniti
1666 1890 1837 1941 erant
1885 1882 2092 1948 Judzei,

448 1992 523 2033 ne
554 1978 1044 2049 praedicationem
1070 1977 1142 2033 de
1170 1977 1400 2033 Christo
1425 1975 1818 2047 susciperent,
1841 1987 1951 2028 nec
1981 1971 2094 2044 ipsi

448 2067 580 2134 soli,
605 2067 709 2123 sed
738 2068 1076 2140 ubicunque
1102 2073 1395 2125 terrarum
1426 2065 1680 2138 dispersi
1709 2069 1893 2121 erant.
1931 2060 2097 2117 Unde

448 2161 644 2210 autem
673 2156 733 2210 id
755 2158 1137 2213 manifestum
1169 2174 1296 2213 esse
1319 2155 1586 2229 poterit?
1602 2154 1765 2210 Nacti
1786 2169 1992 2208 sumus
2013 2151 2099 2206 in-

450 2248 537 2298 ter
566 2252 829 2302 veterum
889 2246 1337 2311 commentaria,
1372 2261 1636 2317 quonam
1670 2249 1840 2316 pacto
1900 2256 2096 2296 sacer-

444 2334 611 2389 dotes
643 2336 743 2406 qui
787 2337 1250 2408 Hierosolymam
1280 2335 1617 2390 inhabitant
1645 2348 1765 2389 una
1789 2347 1925 2386 cum
1957 2329 2094 2384 scri-

443 2422 533 2477 bis
564 2440 631 2479 ac
664 2425 996 2480 senioribus
1030 2426 1256 2480 litteras
1289 2424 1678 2491 exaraverint,
1711 2437 1859 2491 quas
1881 2420 1942 2473 in
1972 2435 2095 2473 σω·-

446 2528 554 2567 nes
596 2520 803 2585 gentes
856 2514 929 2569 ad
986 2515 1217 2570 Judmos
1258 2512 1720 2575 transmiserint,
1750 2509 2092 2579 ubicunque

444 2602 694 2673 dispersi
727 2609 944 2670 essent,
978 2604 1190 2659 Christi
1252 2604 1582 2658 doctrinam
1636 2598 2090 2667 calumniantes,

444 2697 729 2762 tanquam
760 2710 794 2748 a
823 2694 938 2748 Deo
970 2694 1224 2749 alienam
1251 2709 1264 2747 :
1289 2694 1731 2748 admonuerunt
1759 2694 1957 2744 autem
1988 2703 2095 2759 per

442 2781 747 2852 epistolas,
782 2799 856 2837 ne
889 2800 1016 2838 eam
1038 2783 1427 2854 susciperent.
1452 2788 1641 2852 Atque
1664 2780 1919 2850 idipsum
1948 2792 2091 2831 sane

439 2871 672 2926 videtur
704 2872 870 2927 Isaia:
919 2873 1233 2944 prophetia
1274 2872 1536 2927 indicare
1581 2886 1716 2925 cum
1766 2868 1848 2923 ait
1888 2885 1958 2923 :«
1998 2867 2090 2920 Va)

440 2965 635 3029 terrae,
668 2963 905 3017 navium
927 2962 1057 3030 alae,
1092 2968 1253 3017 trans
1285 2961 1535 3016 ﬂumina
1566 2957 1893 3028 Ethiopiiv.
1931 2953 2089 3026 (ἄηθ’

440 3047 667 3119 στέλων)
700 3053 800 3123 qui
831 3053 1015 3107 mittit
1043 3069 1151 3124 per
1178 3069 1341 3107 mare
1399 3049 1637 3106 obsides
1695 3052 1755 3102 et
1805 3043 2090 3117 epistolas

435 3155 802 3211 papyraceas
834 3159 1012 3212 super
1041 3158 1257 3213 aquam
1288 3141 1353 3197 ³⁵.
1393 3161 1420 3190 ››
1469 3143 1573 3194 Per
1603 3136 1761 3209 quod
1793 3132 2089 3207 significat

2209 1880 2346 1967 Πρὶν
2377 1879 2720 1957 ἐπιδημῆσαι
2748 1888 2967 1943 Παῦλον
3022 1887 3075 1944 ἐν
3131 1893 3199 1965 τῇ
3261 1891 3473 1965 Ῥώμῃ,
3532 1889 3854 1967 παρηγγελ-

2210 1964 2360 2040 μένοι
2389 1969 2525 2040 ἦσαν
2587 1974 2639 2028 οἱ
2684 1972 2961 2050 Ἰουδαῖοι,
3022 1979 3100 2053 μή
3160 1977 3555 2056 παραδέξασθαι
3613 1964 3856 2053 τὸήπερὶ

2204 2057 2442 2132 Χριστοῦ
2491 2063 2774 2138 κήρυγμα,
2834 2065 2933 2122 οὐκ
2963 2067 3120 2123 αὐτοὶ
3152 2065 3210 2124 δὲ
3241 2070 3421 2144 μόνοι,
3475 2068 3622 2125 ἀλλὰ
3673 2069 3764 2125 καὶ
3795 2070 3852 2125 οἱ

2204 2155 2487 2228 πανταχοῦ
2528 2159 2650 2229 γῆς.
2713 2155 2880 2211 Πόθεν
2937 2153 2995 2211 δὲ
3047 2154 3266 2228 δῆλονς
3328 2158 3573 2235 Εῦρομεν
3632 2158 3684 2214 ἐν
3739 2164 3855 2223 τοῖς

2201 2240 2309 2326 τῷν
2339 2237 2586 2297 παλαιῶν
2616 2244 3060 2321 συγγράμμασιν,
3095 2248 3171 2311 ὡς
3209 2248 3262 2303 οἱ
3325 2250 3426 2319 τήν
3488 2248 3853 2326 Ἰερουσαλὴμ

2205 2325 2477 2391 οἰκοῦντες
2562 2330 2725 2406 ἱερεῖς
2798 2333 2887 2389 καὶ
2953 2341 3297 2412 γραμματεῖς
3349 2337 3440 2392 καὶ
3494 2333 3851 2414 πρεσϐύτεροι

2201 2416 2497 2489 γράμματα
2529 2416 2972 2497 διαχαράξαντες,
3006 2424 3083 2488 εἷς
3131 2425 3302 2482 πάντα
3359 2423 3728 2501 διεπέμψαντο
3784 2427 3849 2482 τὰ

2202 2500 2325 2575 ἔθνη
2378 2511 2494 2570 τοῖς
2554 2511 2867 2588 ἁπανταχοῦ
2928 2512 3234 2587 Ἰουδαίοις,
3304 2511 3695 2578 διαϐάλλοντες
3752 2517 3852 2586 τὴν

2201 2598 2296 2649 τοῦ
2327 2598 2562 2672 Χριστοῦ
2622 2597 2994 2674 διδασκαλίαν,
3053 2605 3127 2666 ὡς
3180 2603 3478 2681 ἀλλοτρίαν
3535 2611 3633 2661 τοῦ
3691 2610 3848 2675 Θεοῦ,

2200 2684 2583 2761 παρήγγελλόν
2613 2709 2671 2744 τε
2720 2686 2792 2745 δι’
2837 2690 3140 2748 ἐπιστολῶν
3192 2695 3268 2768 μὴ
3327 2691 3720 2770 παραδέξασθαι
3752 2694 3845 2750 αύ-

2198 2775 2318 2843 τὴν.
2351 2777 2527 2832 Τοῦτο
2569 2774 2635 2848 δὴ
2668 2778 2800 2836 αὐτὸ
2848 2782 3129 2855 σημαίνειν
3192 2782 3335 2839 ἔοικε
3391 2785 3483 2839 καὶ
3538 2786 3574 2855 ἡ
3618 2783 3848 2860 λέγουσα

2199 2865 2505 2943 προφητεία
2533 2865 2780 2923 Ἡσαΐου·
2845 2894 2874 2923 ιι
2907 2871 3043 2928 Οὐαὶ
3100 2879 3229 2950 γῆς,
3286 2870 3503 2929 πλοίων
3560 2876 3843 2950 πτέρυγες,

2201 2951 2440 3009 ἐπέκεινα
2465 2960 2726 3030 ποταμῶν
2759 2958 3064 3031 Αἰθιοπίας,
3096 2961 3452 3019 ἀποστέλλων
3505 2962 3556 3018 ἐν
3604 2961 3844 3039 θαλάσσῃ

2199 3042 2406 3119 ὅμηρα,
2437 3046 2529 3100 καὶ
2572 3044 2867 3113 ἐπιστολὰς
2904 3046 3166 3126 βυϐλίνας
3194 3050 3373 3109 ἐπάνω
3428 3057 3526 3109 τοῦ
3578 3050 3790 3115 ὕδατος.
3818 3077 3846 3106 υ

2201 3134 2279 3188 Δι’
2311 3132 2373 3188 οῦ
2400 3136 2654 3210 σημαίνει
2687 3138 2762 3201 ὡς
2802 3139 2892 3194 καὶ
2948 3145 3112 3218 πέραν
3170 3149 3272 3213 τῆς
3329 3142 3604 3207 Αἰθιόπων
3655 3143 3845 3218 χώρας

436 3228 596 3297 quod
628 3228 785 3283 ultra
813 3231 1151 3300 Ethiopum
1182 3246 1418 3300 quoque
1450 3229 1721 3300 regiones
1773 3242 1841 3282 ac
1875 3223 2084 3280 novis-

2200 3218 2291 3274 καὶ
2320 3224 2428 3275 τῶν
2461 3221 2729 3300 ἐσχατιῶν
2785 3228 2884 3296 τῆς
2934 3195 3037 3304 γῆξ
3086 3229 3113 3283 ὁ
3141 3195 3241 3294 τῆς
3272 3230 3542 3307 πονηρίας
3570 3195 3715 3307 ἦχδς
3739 3195 3847 3285 τῶν

442 3317 596 3371 sima
626 3323 799 3373 terra;
812 3319 959 3387 loca,
978 3336 1158 3374 sonus
1180 3319 1423 3374 malitiae
1444 3335 1671 3386 eorum,
1701 3317 1802 3388 qui
1827 3314 2091 3371 Judazam

434 3404 778 3461 inhabitant
808 3425 912 3479 per
951 3408 1221 3479 quaedam
1279 3407 1441 3463 velut
1494 3405 1806 3462 volitantia
1861 3403 2091 3476 navigia

435 3496 789 3567 processerit
816 3513 829 3550 :
862 3502 921 3551 et
952 3514 1158 3552 eorum
1191 3497 1443 3568 apestoli
1496 3496 1777 3568 epistolas
1832 3508 2090 3569 papyra-

443 3601 578 3641 ceas
605 3585 959 3656 deferentes,
995 3593 1053 3643 et
1082 3604 1261 3660 super
1289 3606 1473 3660 aquas
1500 3589 1863 3662 navigantes,
1896 3606 2086 3645 mare-

437 3691 552 3746 que
584 3675 780 3747 ipsum
804 3677 1141 3748 implentes,
1184 3678 1402 3748 ubique
1436 3684 1727 3734 terrarum
1786 3678 2087 3733 discurre-

441 3766 608 3827 bant.
641 3781 945 3822 sermones
976 3766 1048 3823 de
1079 3767 1375 3823 Salvatore
1405 3772 1606 3824 nostro
1628 3767 2084 3825 calumniantes.

439 3855 659 3910 Iudaeis
689 3873 824 3911 vero
856 3873 1016 3912 nunc
1063 3874 1298 3929 quoque
1355 3859 1537 3913 moris
1596 3864 1705 3925 est,
1759 3874 1860 3913 eos
1918 3857 2085 3929 quia

438 3945 811 4015 principibus
843 3947 1190 4017 quotidiana
1215 3947 1490 4004 deferunt
1519 3947 1812 4020 epistolia,
1845 3953 2084 4018 aposto-

435 4033 528 4089 los
553 4035 874 4106 appellare.

504 4123 758 4189 XXVIII,
800 4126 989 4181 25-31.
1050 4128 1372 4200 «Cumque
1424 4129 1581 4184 inter
1636 4144 1699 4184 se
1755 4127 2078 4185 concordes

434 4229 559 4269 non
593 4220 810 4285 essent,
846 4217 1251 4289 discedebant,
1301 4237 1489 4276 unum
1538 4220 1783 4277 verbum
1843 4220 2076 4277 dicente

430 4305 635 4361 Paulo.
698 4308 853 4364 Bene
913 4309 1165 4381 Spiritus
1226 4316 1464 4367 sanctus
1534 4310 1768 4368 locutus
1827 4315 1917 4367 est
1969 4327 2077 4382 per

424 4394 640 4452 Isaiam
699 4398 1050 4470 prophetam
1135 4399 1209 4455 ad
1268 4405 1465 4471 patres
1523 4406 1759 4456 nostros
1817 4400 2071 4456 dicens:

422 4485 581 4542 Vade
613 4486 687 4542 ad
719 4487 1005 4560 populum
1035 4489 1239 4555 istum,
1268 4495 1326 4543 et
1349 4488 1443 4543 dic
1474 4506 1487 4544 :
1531 4489 1788 4544 Auribus
1817 4488 2071 4546 audietis

2195 3310 2295 3379 τήν
2327 3307 2593 3368 Ἰουδαίαν
2615 3314 2912 3372 οἰκούντων
2943 3315 3033 3373 διά
3076 3340 3237 3375 τινων
3298 3321 3486 3401 ὥφπερ
3542 3321 3850 3394 ἱπταμὲνων

2195 3396 2407 3453 πλοίων
2439 3401 2738 3477 προῆλθεν,
2769 3404 2822 3460 ο¹ί
2856 3427 2914 3462 τε
2970 3406 3272 3465 ἀπόστολοι
3330 3396 3508 3466 αὐτῶν
3553 3408 3849 3472 ἐπιστολὰς

2200 3483 2462 3562 βυϐλίνας
2518 3490 2952 3568 ἐπικομιζόνενοι
2986 3543 3002 3570 ,
3061 3498 3309 3575 ὑπεράνω
3356 3521 3413 3555 τε
3463 3504 3571 3555 τῶν
3635 3497 3846 3555 ὑδάτων

2194 3576 2656 3655 ναυτιλλόμενοι,
2706 3585 2795 3639 καὶ
2850 3588 2918 3656 τὴ
2999 3585 3268 3644 θάλασσαν
3316 3588 3663 3663 ἐμπλέοντες,
3714 3610 3843 3644 παν-

2190 3671 2367 3753 Ῥαχρῦ
2397 3672 2501 3744 γῆς
2536 3667 2839 3748 διέτρεχον,
2871 3676 2961 3730 τὸν
3021 3677 3146 3753 περὶ
3203 3682 3301 3733 τοῦ
3357 3684 3620 3753 Σωτῆρος
3680 3679 3841 3750 ἡμῶν

2193 3750 2583 3822 διαϐάλλοντες
2641 3758 2829 3837 λόγον.
2863 3750 3232 3829 Ἀποστόλους
3266 3764 3322 3822 δὲ
3376 3750 3537 3822 είσέτι
3596 3768 3684 3822 καὶ
3741 3771 3837 3821 νῦν

2190 3838 2309 3909 ἔθος
2343 3845 2484 3902 ἐστὶν
2542 3847 2825 3914 Ἰουδαίοις
2866 3853 3146 3927 ὀνομάζειν
3207 3854 3335 3918 τοὺς
3384 3855 3611 3933 ἐγκύλια
3666 3856 3837 3933 γράμ-

2192 3956 2336 4009 ματα
2366 3938 2513 4011 παρά
2539 3943 2647 3994 τῶν
2672 3939 2954 4017 ἀρχόντων
2988 3944 3161 3999 αὐτῶν
3195 3943 3712 4020 ἐπικομιζομένους.

2258 4140 2286 4167 ‹‹
2321 4116 2675 4197 ’Δσύμφωνοι
2707 4117 2764 4175 δὲ
2792 4115 2943 4185 ὄντες
2974 4125 3113 4200 πρὸς
3160 4123 3468 4198 ἀλλήλους,
3502 4124 3827 4196 ἀπελύοντο,

2186 4204 2433 4272 εἰπόντος
2500 4213 2597 4265 τοῦ
2672 4209 2823 4267 Παύλ
2862 4234 2892 4268 υ
2977 4221 3128 4290 ρῆμα
3209 4212 3283 4272 ἓν.
3341 4218 3464 4275 ’Ότι
3524 4216 3708 4280 καλῶς
3761 4217 3826 4272 τὸ

2183 4300 2402 4371 Πνεῦμα
2438 4300 2500 4355 τὸ
2556 4300 2708 4377 ἅγιον
2758 4300 2995 4375 ἐλάλησε
3051 4302 3140 4360 διὰ
3177 4306 3399 4362 Ἠσαίου
3456 4312 3554 4363 τοῦ
3614 4307 3833 4384 προφή-

2188 4390 2287 4442 τοῦ
2342 4388 2481 4462 πρὸς
2559 4390 2688 4453 τοὺς
2741 4391 2977 4467 πατέρας
3034 4396 3220 4466 ἡμῶν,
3271 4394 3453 4470 λέγον⁶
3513 4396 3825 4471 Πορεύθητι

2178 4478 2314 4553 πρὸς
2343 4478 2435 4533 τὸν
2459 4476 2590 4534 λαὸν
2621 4484 2836 4556 τοῦτον,
2858 4484 2949 4538 καὶ
3004 4482 3139 4539 εἰπέ·
3203 4486 3368 4560 Ἀκοῇ
3417 4485 3674 4543 ἀκούσετε
3728 4486 3822 4541 καὶ

419 4583 479 4633 et
517 4596 639 4635 non
692 4580 1061 4655 intelligatis,
1115 4586 1172 4636 et
1218 4580 1486 4637 videntes
1540 4581 1816 4637 videbitis
1861 4586 2070 4638 etnon

2197 4566 2241 4622 ιύ
2275 4569 2352 4642 μῆ
2402 4577 2621 4642 συνῆτε,
2680 4572 2772 4628 καὶ
2832 4572 3126 4650 βλέποντες
3179 4573 3409 4652 βλέψετε
3464 4576 3555 4632 καὶ
3611 4575 3679 4631 ού
3739 4578 3815 4651 μὴ

413 4669 776 4738 perpiciatis.
865 4673 1262 4727 lncrassatum
1346 4676 1437 4726 est
1485 4670 1644 4727 enim
1692 4687 1794 4726 cor
1857 4671 2060 4744 p0puli

412 4752 609 4828 hujus,
655 4764 714 4813 et
760 4760 1005 4817 auribus
1062 4762 1315 4834 graviter
1372 4759 1738 4829 audierunt,
1804 4777 2058 4834 suosque

408 4845 613 4901 oculos
673 4847 1036 4915 clauserunt,
1087 4867 1161 4905 ne
1192 4849 1429 4922 quando
1485 4849 1726 4905 videant
1780 4850 1969 4906 oculis
2000 4855 2059 4906 et

411 4934 660 4991 auribus
720 4937 985 5005 audiant,
1049 4944 1106 4994 et
1161 4940 1337 4995 corde
1394 4938 1753 5012 intelligant,
1805 4944 1864 4995 et
1914 4956 2055 4996 con-

403 5029 715 5080 vertantur
746 5032 803 5080 et
832 5042 1038 5082 sanem
1097 5044 1216 5084 eos.
1274 5031 1485 5085 Notum
1539 5045 1676 5101 ergo
1733 5029 1811 5084 sit
1865 5028 2050 5097 vobis,

406 5113 566 5183 quod
599 5115 875 5184 gentibus
916 5116 1166 5171 missum
1219 5122 1309 5171 est
1364 5117 1476 5173 hoc
1529 5117 1788 5174 salutare
1839 5118 1963 5186 Dei,
1996 5123 2054 5174 et

399 5201 513 5273 ipsi
538 5204 803 5260 audient.
831 5204 1096 5276 Cumque
1126 5205 1251 5261 haec
1281 5206 1547 5277 dixisset,
1572 5207 1792 5281 egressi
1816 5212 1955 5263 sunt
1977 5206 2049 5264 ab

398 5306 467 5347 eo
497 5293 705 5361 Judaei,
740 5294 990 5350 multam
1022 5293 1308 5352 habentes
1338 5297 1496 5352 inter
1553 5313 1614 5353 se
1665 5297 2048 5370 disceptatio-

393 5395 553 5437 nem.
589 5382 737 5439 187
773 5384 1202 5441 Mansitautem
1252 5386 1472 5443 Paulus
1522 5386 1767 5444 biennio
1800 5392 1922 5445 toto
1981 5387 2044 5443 in

389 5486 497 5527 suo
529 5471 823 5531 conducto
849 5492 862 5534 :
887 5481 948 5533 et
985 5476 1348 5550 suscipiebat
1375 5491 1584 5535 omnes
1614 5477 1715 5548 qui
1739 5476 2039 5551 ingredie-

456 5654 503 5695 ¹⁹
531 5656 639 5714 lar.
674 5672 836 5729 xvm,
870 5657 923 5728 l,
944 5660 998 5715 2.

2172 4655 2342 4729 ἴδητε.
2378 4658 2691 4735 Ἐπαχύνθη
2752 4662 2857 4739 γὰρ
2904 4666 2939 4735 ἡ
2997 4662 3195 4742 καρδία
3249 4670 3345 4721 τοῦ
3403 4664 3542 4722 λαοῦ
3589 4667 3813 4737 τούτου,

2168 4747 2399 4811 καὶτοῖς
2441 4749 2543 4805 ὠσὶ
2604 4751 2813 4828 βαρέως
2863 4750 3123 4825 ἤκουσαν
3166 4756 3292 4818 τοὺς
3344 4755 3662 4834 ὀφθαλμοὺς
3716 4756 3820 4812 αύ-

2165 4841 2272 4892 τῶν
2329 4837 2646 4914 ἐκάμμυσαν
2681 4884 2696 4911 ,
2758 4844 2834 4915 μή
2917 4865 3048 4901 ποτε
3095 4842 3254 4901 ἷ¹δωσι
3311 4851 3427 4907 τοῖς
3478 4844 3815 4922 ὀφθαλμοῖς,

2164 4926 2255 4981 καὶ
2299 4932 2417 4991 τοῖς
2475 4928 2609 4986 ὠσὶν
2657 4930 2978 5006 ἀκούσωσι,
3059 4934 3150 4989 καὶ
3206 4937 3275 5009 τῇ
3334 4931 3531 5012 καρδία
3588 4955 3810 5005 συνωσι,

2162 5017 2254 5073 καὶ
2284 5016 2668 5095 ἐπιστρέψωσι,
2708 5023 2798 5078 καὶ
2858 5021 3097 5098 ἶάσωμαι
3145 5022 3362 5089 αὐτούς’
3423 5026 3666 5081 Γνωστὸν
3715 5024 3808 5080 οῦν

2162 5103 2298 5162 ἔστω
2318 5108 2468 5181 ὑμῖν,
2500 5109 2585 5166 ὅτι
2638 5109 2767 5174 τοὺς
2828 5108 3031 5176 ἔθνεσιν
3087 5113 3365 5186 ἀπεστάλη
3421 5115 3484 5170 τὸ
3534 5117 3807 5190 σωτήριον

2158 5200 2255 5252 τοῦ
2297 5202 2456 5269 Θεοῦ,
2514 5199 2671 5255 αὐτοὶ
2713 5202 2805 5257 καί
2863 5201 3202 5261 ἀκούσονται.
3263 5204 3363 5260 Καὶ
3418 5209 3587 5260 ταῦτα
3640 5203 3808 5260 αὐτοῦ

2157 5283 2424 5356 εἰπόντος,
2483 5286 2732 5359 ἀπῆλθον
2782 5290 2834 5345 οἱ
2881 5288 3137 5348 Ἰουδαῖοι
3184 5292 3409 5364 πολλὴν
3467 5292 3691 5370 ἔχοντες
3743 5291 3802 5348 έν

2153 5374 2364 5438 ἑαυτοῖς
2421 5378 2625 5449 συζήτη
2634 5398 2716 5434 σιν
2752 5421 2767 5437 .

2148 5462 2286 5537 ὅλην
2345 5463 2398 5522 ἐν
2474 5463 2598 5542 ἰδίῳ
2685 5471 3021 5547 μιστώματι.
3064 5472 3170 5531 Καὶ
3227 5469 3530 5556 ἀπεδέχετο
3584 5472 3794 5538 πάντας

2834 5382 3058 5455 Ἔμεινε
3133 5379 3191 5439 δὶ
3238 5385 3266 5439 ὁ
3324 5383 3541 5447 Παῦλος
3602 5380 3806 5438 διετίαν
