4150 6200
312 359 418 421 305

1302 359 1712 424 COMMENT.
1760 363 1836 425 IN
1887 363 2089 427 ACTA
2134 363 2745 430 APOSTOLORUM.

3590 380 3710 440 306

310 490 429 556 τοὺς
455 488 945 566 είσπορεύομένους
975 493 1113 568 πρὸς
1144 491 1328 565 αὐτὸν,
1368 494 1658 570 κηρύσσων
1708 495 1807 565 τὴν
1846 497 1938 572 βα·

2064 497 2284 555 bantur
2312 499 2386 555 ad
2415 499 2612 572 ipsum
2640 517 2653 557 :
2684 502 3018 574 praedicans
3048 520 3301 578 regnum
3333 507 3459 579 Dei,
3506 525 3574 567 ac
3605 511 3710 568 do-

231 636 235 642 .
314 582 509 639 σιλείαν
534 586 632 637 τοῦ
661 580 817 652 Θεοῦ,
848 584 937 639 καὶ
973 580 1240 639 διδάσκων
1296 584 1365 640 τά
1420 585 1545 662 περὶ
1600 590 1702 641 τοῦ
1749 586 1949 663 Κυρίου

317 674 488 744 Ἰησοῦ
522 673 657 745 μετά
688 674 868 742 πάσης
899 670 1207 748 παρρησίας
1247 674 1569 737 ἀκωλύτως.
1603 698 1632 727 ››

379 761 521 820 «Τὸ
555 767 772 837 Πνεῦμα
796 762 858 818 τὸ
905 762 1063 837 ἅγιον
1121 761 1360 834 έλάλησε
1417 761 1506 819 διὰ
1559 765 1793 821 Ἠσαίου
1851 770 1948 821 τοῦ

312 857 616 932 προιρήτου,
656 880 676 906 ι
713 854 804 910 καὶ
833 856 900 909 τὰ
931 856 1071 924 ἑξῆς.
1115 857 1251 919 Τοῖς
1297 855 1569 930 ὑπουργὸν
1602 854 1823 930 λέγουσι
1852 862 1950 913 τοῦ

314 945 515 1019 Πατρὸς
542 945 605 999 τὸ
639 949 858 1017 Πνεῦμα
886 945 948 999 τὸ
980 944 1135 1021 ἆγιον
1187 945 1215 1000 ὁ
1276 943 1489 1008 Παῦλος
1545 944 1772 1011 ἐνταῦθα
1828 968 1949 1002 και-

313 1034 422 1111 ρίαν
450 1029 639 1088 δίδωσι
673 1031 922 1108 πληγήν.
955 1033 1061 1090 Τὸν
1117 1035 1221 1109 γὰρ
1281 1032 1475 1110 Κύριον
1504 1034 1594 1090 τὸν
1638 1037 1945 1108 καθήμενον

310 1122 392 1178 ἐπὶ
417 1122 611 1197 θρόνου
645 1121 867 1196 ὑψηλοῦ
892 1123 982 1178 καὶ
1032 1122 1365 1197 ἐπηρμένου,
1424 1124 1482 1179 δν
1539 1122 1674 1180 εἶδεν
1707 1126 1946 1199 Ἠσαἰας,

304 1209 402 1268 ὧδε
432 1210 575 1286 λέγει
617 1212 679 1267 τὸ
707 1216 923 1284 Πνεῦμα
973 1212 1035 1267 τὸ
1093 1213 1263 1286 ἅγιον.
1322 1212 1645 1286 Ὠμοούσιον
1678 1213 1780 1290 γάρ
1834 1213 1947 1272 ἐστι

300 1307 371 1374 τῷ
399 1301 571 1374 Πατρὶ
601 1300 689 1356 καὶ
718 1306 798 1374 τῷ
829 1302 961 1374 rm),
992 1300 1081 1356 καὶ
1110 1304 1208 1371 τῆς
1242 1300 1366 1373 ἴσης
1416 1302 1654 1373 ἐξουσίας
1704 1305 1943 1380 μετέχει.

303 1390 396 1449 Καὶ
448 1395 610 1446 τοῦτο
668 1390 732 1445 τὸ
827 1391 992 1465 ῥητὸν
1072 1392 1162 1447 τὸν
1247 1395 1537 1468 προφήτην
1621 1394 1697 1458 ὡς
1764 1395 1943 1451 θεόθεν

305 1482 776 1560 ἄποιρθεγγόμενον
826 1480 950 1555 περὶ
1007 1485 1115 1536 τῶν
1181 1483 1318 1538 κατὰ
1360 1484 1450 1538 τὸν
1508 1484 1718 1555 Ἰησοῦν
1768 1482 1942 1560 λέγειν

303 1571 713 1647 παρασκευάζει,
774 1569 997 1646 ἐπείπερ
1053 1570 1283 1642 ἤκουσεν
1344 1574 1372 1628 ὁ
1430 1570 1567 1635 λαὸς
1621 1578 1727 1628 τῶν
1763 1575 1944 1645 Ἰησοῦ

306 1659 504 1736 λόγων,
538 1661 629 1715 καὶ
660 1660 725 1716 οὐ
758 1667 975 1730 συνῆκε,
1007 1660 1096 1715 καὶ
1152 1661 1369 1737 βλέπων
1426 1664 1493 1718 τὰ
1548 1662 1636 1717 ὐπ’
1668 1663 1835 1719 αὐτοῦ
1864 1686 1947 1738 γι-

304 1751 502 1822 νόμενα
529 1750 807 1826 τεράστια,
842 1748 950 1829 οὐχ
979 1749 1148 1825 ἑώρα,
1183 1750 1282 1813 Εἷς
1307 1750 1582 1824 μέλλοντα
1611 1752 1715 1829 γὰρ
1747 1752 1945 1829 χρόνον

301 1838 557 1914 ἐγκλίνων
585 1839 648 1895 τὸ
680 1838 870 1915 ῥητὸν,
904 1839 1151 1915 ἐμφαίνει
1179 1842 1280 1910 τὴν
1312 1840 1389 1903 εἰς
1425 1842 1680 1917 ὑστέρους
1707 1843 1942 1918 χρόνους

297 1933 398 1985 τῶν
416 1927 914 2008 προφητευομένων
966 1928 1257 2009 ἀναφοράν.
1318 1929 1521 1986 Σκόπει
1580 1928 1638 1986 δὲ
1690 1932 1791 2000 τήν
1844 1935 1941 1987 τοῦ

296 2019 603 2092 Πνεύματος
632 2013 933 2093 ἀκρίϐειαν.
972 2016 1086 2076 Οὐκ
1111 2018 1250 2089 εἶπε,
1303 2020 1400 2076 Καὶ
1461 2019 1522 2075 οὐ
1552 2021 1629 2093 μή
1692 2018 1939 2097 βλέψετε,

297 2107 438 2179 ἀλλ’,
471 2107 556 2163 ὅτι
588 2107 862 2183 Βλέψητε,
890 2107 981 2163 καὶ
1015 2108 1079 2163 οὐ
1115 2110 1191 2181 μὴ
1234 2106 1408 2179 ἴδητε.
1460 2107 1625 2181 Οὐδὲ,
1685 2110 1769 2166 ὃτι
1828 2110 1942 2168 Οὐκ

296 2198 602 2267 ἀκούσεσθε,
636 2194 765 2251 ἀλλ’
813 2195 898 2252 ὅτι
951 2196 1252 2270 ’Λκούσετε,
1306 2199 1396 2254 καὶ
1453 2198 1520 2253 οὐ
1590 2201 1666 2273 μὴ
1722 2207 1983 2271 συνῆτε.,

292 2289 455 2347 Αὐτοὶ
488 2286 711 2348 ἑαυτοὺς
731 2285 958 2368 ἀφεῖλον
985 2291 1229 2363 πρῶτον,
1260 2288 1327 2344 τὰ
1350 2289 1463 2344 ὦτα
1497 2289 1774 2365 βύσαντες,
1811 2291 1941 2355 τοὺς

293 2380 609 2462 ὀφθαλμοὺς
664 2380 1065 2453 καμμύσαντες,
1132 2381 1233 2450 τήν
1297 2377 1522 2457 καρδίαν
1586 2381 1935 2457 βαρύναντες.

292 2473 365 2531 Οὐ
394 2472 501 2550 γὰρ
536 2471 702 2544 μόνον
735 2469 837 2525 οὐκ
865 2467 1091 2541 ⁴ἒςκουον,
1123 2468 1270 2526 ἀλλά
1316 2470 1407 2527 καὶ
1469 2470 1680 2546 βαρέως
1708 2471 1933 2541 ἤκουον.

295 2560 586 2633 Ἐποίησαν
630 2557 688 2615 δὲ
715 2563 900 2631 τοῦτο,
931 2559 1088 2639 φησὶ,
1125 2560 1201 2634 μή
1233 2581 1366 2616 ποτε
1423 2560 1787 2636 ἐπιστρέψωσι
1843 2561 1933 2617 καὶ

292 2650 533 2725 ἱάσωμαι
562 2650 780 2719 αὐτοὺς,
810 2649 1198 2723 ἐπιτεταμένην
1258 2649 1433 2706 αὐτῶν
1485 2649 1659 2726 λέγων
1698 2652 1798 2719 τήν
1829 2672 1931 2707 πο-

287 2741 479 2815 νηρίαν
511 2740 601 2796 καὶ
635 2741 769 2813 μετά
791 2736 1034 2809 σπουδῆς
1061 2739 1445 2817 ἀποστροφήν.
1498 2739 1601 2798 Καὶ
1647 2744 1810 2796 τοῦτο
1841 2737 1931 2797 λέ-

285 2849 361 2906 γει
394 2827 764 2910 ἐφελκόμενος
793 2828 884 2883 καὶ
916 2827 1192 2903 ἐρεθίζων,
1213 2828 1304 2885 καὶ
1337 2826 1569 2898 δεικνὺς,
1601 2829 1687 2885 ’ὁτι
1716 2829 1776 2885 ἂν
1809 2828 1929 2887 ἐπι-

283 2919 608 2994 στρέψωσιν,
635 2918 841 2973 ἴάσεται
872 2915 1094 2980 αὐτούς.
1126 2917 1322 2974 Ἰστέον
1355 2915 1411 2974 δὶ
1436 2919 1520 2974 ’ὁτι
1547 2918 1714 2999 μέχρι
1733 2919 1929 2975 τούτου

286 3008 493 3083 ἱστορεῖ
511 3011 723 3071 Λουκᾶς
750 3006 818 3062 τά
845 3007 967 3078 περὶ
999 3007 1092 3062 τὸν
1146 3008 1406 3082 μακάριον
1466 3006 1681 3064 Παῦλον
1714 3008 1766 3063 έν
1810 3013 1929 3072 ταῖς

288 3098 654 3171 Πράξεσιτῶν
686 3095 1029 3167 ἀποστόλων,
1070 3100 1188 3151 κατ’
1243 3095 1416 3152 έκεῖνο
1467 3101 1660 3173 καιροῦ
1715 3098 1778 3153 τὸ
1838 3099 1929 3172 βι-

283 3182 437 3243 ϐλίον
500 3188 976 3263 συγγραψάμενος,
1026 3186 1117 3241 καὶ
1188 3185 1258 3242 τὰ
1308 3188 1537 3260 καθεξῆς
1592 3188 1783 3257 ἣκιστα
1838 3207 1929 3263 γι-

2060 605 2202 644 cens
2233 588 2305 643 de
2341 590 2589 645 Domino
2621 592 2756 647 Jesu
2788 609 2923 647 cum
2965 595 3127 650 omni
3178 596 3416 665 ﬁducia,
3466 601 3709 658 nemine

2059 676 2442 747 prohibente.
2478 700 2505 727 n

2134 787 2162 815 «
2189 766 2442 838 Spiritus
2473 774 2715 824 sanctus
2744 768 2977 825 locutus
3026 778 3115 827 est
3161 790 3267 845 per
3315 774 3531 831 Isaiam
3563 793 3700 847 pro-

2058 855 2322 927 phetam,
2355 877 2384 907 ››
2420 863 2531 913 etc.
2574 860 2685 913 Eos
2716 860 2816 930 qui
2868 861 3147 931 Spiritum
3198 870 3468 919 sanctum
3514 867 3703 922 Patris

2059 945 2266 1000 dicunt
2288 962 2416 1001 esse
2445 947 2785 1003 ministrum
2806 950 3025 1004 Paulus
3048 952 3291 1007 vulnere
3316 953 3452 1008 ferit
3474 955 3699 1011 lethali.

2060 1034 2364 1105 Siquidem
2395 1052 2529 1091 eum
2553 1054 2732 1108 quem
2764 1038 2908 1092 vidit
2938 1041 3118 1095 Isaias
3152 1042 3467 1098 Dominum
3498 1045 3704 1101 seden-

2059 1129 2178 1180 tem
2202 1142 2381 1197 super
2411 1126 2693 1183 thronum
2736 1127 3037 1184 excelsum
3090 1136 3149 1185 et
3179 1130 3491 1200 elevatum,
3540 1140 3708 1191 vocat

2057 1214 2170 1270 hoc
2195 1215 2325 1271 loco
2348 1215 2631 1287 Spiritum
2663 1222 2935 1273 sanctum
2984 1220 3263 1289 Ejusdem
3293 1238 3550 1292 namque
3572 1224 3705 1278 sub-

2058 1307 2290 1363 stantias
2323 1313 2413 1362 est
2440 1325 2576 1364 cum
2606 1311 2777 1364 Patre
2808 1315 2866 1364 et
2896 1311 3064 1377 Filio,
3099 1317 3158 1367 et
3187 1313 3479 1383 aequalem
3524 1313 3706 1369 simul

2054 1394 2323 1467 possidet
2351 1402 2727 1468 potestatem.
2763 1400 2833 1452 Et
2883 1398 2993 1454 hoc
3040 1399 3263 1455 dictum
3313 1402 3528 1457 asserit
3559 1420 3704 1474 pro-

2054 1485 2295 1556 phetam
2327 1484 2609 1540 divinitus
2625 1486 2887 1541 locutum
2903 1488 3125 1543 deJesu
3139 1489 3358 1546 dixisse
3380 1507 3392 1544 :
3421 1492 3701 1562 quando-

2054 1573 2298 1644 quidem
2327 1572 2551 1629 audivit
2579 1575 2834 1647 populus
2866 1593 3172 1632 sermones
3201 1579 3359 1643 Jesu,
3381 1586 3575 1636 etnon
3606 1582 3700 1638 in-

2053 1662 2316 1717 tellexit:
2350 1679 2603 1735 cumque
2636 1664 2858 1719 videret
2879 1665 3166 1738 prodigia,
3198 1685 3329 1738 qua)
3360 1668 3433 1723 ab
3466 1686 3533 1724 eo
3558 1671 3689 1725 ede-

2054 1751 2290 1821 bantur,
2342 1769 2461 1807 non
2512 1753 2924 1823 perspiciebat.
2962 1756 3105 1810 Nam
3155 1757 3378 1812 dictum
3419 1757 3571 1812 illud
3613 1760 3685 1814 ad

1975 1865 2021 1929 B
2052 1841 2316 1897 futurum
2348 1846 2581 1913 tempus
2599 1842 2926 1911 declinans,
2963 1845 3304 1900 manifestat
3321 1864 3523 1902 eorum
3561 1866 3691 1919 qua:

2051 1932 2328 1988 vaticinio
2360 1932 2641 1987 dicuntur
2668 1934 3020 1989 relationem
3054 1935 3127 1990 ad
3160 1938 3691 2008 tempusfuturum.

2050 2020 2375 2077 Considera
2390 2038 2525 2076 vero
2553 2027 2815 2077 exactam
2842 2023 3094 2094 Spiritus
3116 2041 3339 2081 curam.
3374 2029 3499 2082 Non
3530 2030 3690 2083 enim

2052 2109 2219 2173 dixit,
2248 2106 2429 2163 καὶού
2462 2109 2538 2181 μὴ
2580 2107 2843 2184 βλέψητε,
2894 2111 2951 2165 id
2986 2118 3094 2184 est,
3148 2119 3206 2168 et
3255 2130 3374 2169 non
3419 2115 3694 2172 videbitis

2048 2200 2231 2272 (quod
2258 2200 2500 2256 verbum
2530 2203 2978 2272 praaposuerat),
3012 2203 3115 2257 sed
3146 2204 3438 2274 videbitis,
3472 2212 3531 2261 et
3571 2224 3691 2263 non

2046 2286 2227 2359 ἳδητε,
2258 2289 2317 2345 id
2348 2296 2454 2360 est,
2488 2291 2883 2362 perspiciatis.
2904 2293 3102 2363 Neque
3126 2292 3313 2349 dixit:
3348 2297 3556 2351 Nonne
3588 2314 3696 2353 au-

2048 2378 2224 2435 dietis
2252 2396 2265 2433 :
2300 2379 2424 2445 sed,
2450 2379 2717 2435 Audietis
2750 2385 2807 2435 et
2837 2397 2959 2437 non
2991 2381 3359 2455 intelligetis.
3400 2386 3520 2457 Ipsi
3554 2387 3695 2442 sibi-

2047 2468 2635 2541 ipsisimpedimento
2654 2468 2896 2526 fuerunt
2931 2470 3220 2528 obturatis
3246 2474 3504 2545 primum
3538 2478 3692 2532 auri-

2044 2558 2179 2627 bus,
2208 2559 2396 2615 oculis
2428 2558 2669 2619 clausis.
2704 2560 2879 2615 corde
2921 2568 3251 2635 aggravato.
3298 2565 3499 2635 Neque
3532 2567 3692 2623 enim

2044 2648 2239 2706 solum
2269 2666 2391 2705 non
2435 2648 2778 2718 audiebant,
2831 2650 2934 2706 sed
2987 2653 3317 2725 etgraviter
3345 2655 3685 2712 audiebant.

2044 2741 2164 2796 Hoc
2181 2745 2379 2795 autem
2396 2738 2680 2805 fecerunt,
2696 2740 2911 2811 inquit,
2933 2742 3250 2812 nequando
3269 2751 3691 2801 convertantur

2044 2838 2104 2888 et
2122 2834 2889 2901 sanemeos,exaggeratam
2920 2830 3291 2887 etintensam
3324 2832 3527 2889 dicens
3559 2849 3688 2890 esse

2048 2938 2255 2979 eorum
2286 2921 2577 2976 malitiam
2605 2925 2665 2975 et
2705 2922 3071 2977 aversionem
3106 2923 3303 2978 studio
3346 2925 3682 2995 quassitam.

2042 3012 2227 3081 ldque
2259 3009 2404 3065 dicit
2449 3009 2755 3065 attrahens
2802 3015 2862 3064 et
2908 3011 3195 3079 excitans,
3243 3028 3312 3067 ac
3360 3014 3681 3070 ostendens

2042 3103 2197 3176 quod
2233 3104 2279 3158 si
2313 3106 2934 3168 converterentur,eos
2952 3101 3146 3158 adhuc
3176 3110 3331 3159 esset
3348 3110 3684 3162 sanaturus.

2043 3190 2360 3249 Sciendum
2382 3195 2581 3246 autem
2613 3189 2773 3262 quod
2803 3191 2919 3246 huc
2948 3207 3138 3263 usque
3169 3193 3391 3249 scribat
3410 3194 3593 3251 Lucas
3623 3195 3686 3252 in

578 3245 650 3263 ..ι
725 3245 734 3261 ι
791 3245 801 3261 ι
937 3245 975 3258 -ι
1388 3245 1406 3251 ν
1445 3245 1534 3260 νι-
1617 3245 1627 3257 ι
1852 3245 1863 3263 .

282 3277 532 3333 νώσκων.
594 3273 736 3334 Οὐδὲ
787 3276 850 3331 τὸ
910 3274 1206 3352 μαρτύριον
1260 3275 1456 3332 τούτου
1495 3272 1809 3352 ἐγκατέθετο
1861 3277 1933 3348 τῇ

2047 3283 2201 3340 Actis
2231 3281 2808 3355 apostolorum,quaa
2826 3282 2983 3337 circa
3011 3282 3251 3339 beatum
3264 3284 3510 3340 Paulum
3545 3303 3689 3342 con-

282 3363 486 3443 βίϐλῳ.
537 3366 943 3431 Καταλιπόντες
1002 3369 1105 3443 γὰρ
1163 3365 1324 3422 αὐτὸν
1394 3365 1564 3423 ἐκεῖσε
1619 3372 1831 3430 Λουκᾶς
1875 3388 1935 3423 τε

278 3459 362 3512 καὶ
408 3458 778 3532 Ἀρίσταρχος
813 3456 1063 3529 ἐξῆλθον.
1100 3451 1361 3520 Εὐσέϐιος
1393 3454 1450 3513 δὲ
1477 3457 1608 3520 τοὺς
1652 3456 1937 3531 μετέπειτα

282 3547 525 3623 χρόνους
560 3546 844 3622 ἱστόρησεν
899 3541 1162 3622 ἀκριϐῶς,
1222 3546 1343 3602 τότε
1395 3546 1491 3621 μὶν
1541 3546 1627 3602 ἐπὶ
1685 3546 1938 3622 Νέρωνος

282 3637 782 3715 ἀπολογησάμενον
813 3638 908 3693 τὸν
943 3636 1160 3694 ΙΙαῦλον
1193 3637 1346 3701 αὖθις
1403 3637 1491 3693 ἐπὶ
1546 3640 1650 3709 τήν
1705 3643 1802 3694 τοῦ
1832 3660 1935 3710 κη-

286 3728 573 3806 ρύγματος
660 3725 933 3782 διακονίαν
1041 3725 1378 3799 στείλασθαι,
1454 3728 1593 3800 πρὸς
1670 3728 1940 3805 Καίσαρος

280 3818 651 3883 ἀπολυθέντα,
710 3820 799 3873 καὶ
881 3816 1329 3897 εὐαγγελίσασθαι
1395 3818 1477 3893 ἐφ’
1547 3818 1754 3889 ἑτέροις
1812 3819 1940 3878 δέκα

277 3906 474 3965 ἔτεσιν.
530 3907 628 3971 Εἷς
691 3905 857 3983 ἀκρον
919 3905 977 3962 δὲ
1031 3907 1223 3980 μανίας
1280 3908 1308 3965 ὁ
1361 3906 1573 3983 Νέρων’
1608 3908 1939 3988 ἀφικόμενος

275 3998 364 4055 ἐπὶ
395 3999 499 4062 τὰς
544 4002 653 4053 τῶν
710 3996 1029 4052 ἀποστόλων
1085 3998 1231 4073 ἤρθη
1293 3998 1523 4078 σφαγάς.
1573 3998 1940 4055 Μεταστειλά-

284 4110 442 4161 μενος
476 4087 582 4167 γὰρ
612 4088 704 4143 τὸν
730 4084 949 4144 Παῦλον
982 4086 1291 4162 τριακοστῷ
1332 4085 1476 4161 έκτῳ
1525 4082 1629 4144 ἔτει
1685 4093 1783 4145 τοῦ
1840 4111 1942 4145 σω-

271 4180 473 4254 τηρίου
529 4178 761 4244 πάθους,
822 4173 1252 4252 τρισκαιδεκάτῳ
1328 4174 1386 4234 δὶ
1437 4178 1658 4249 ἑαυτοῦ,
1714 4176 1941 4248 ἐποίησε

279 4274 633 4344 μαρτυρῆσαι
667 4265 805 4345 ξίφει
861 4266 961 4336 τήν
1019 4263 1265 4347 κεφαλὴν
1327 4266 1733 4341 ἀποτμηθέντα.
1785 4269 1939 4326 Ἔστι

274 4360 459 4415 τοίνυν
491 4357 602 4413 ἀπὸ
626 4360 723 4414 τοῦ
752 4353 1231 4412 ἐννεακαιδεκάτου
1283 4354 1436 4421 ἔτους
1494 4352 1754 4434 Τιϐερίου
1810 4356 1942 4415 Καί-

274 4468 462 4524 σαρος,
496 4445 751 4520 δευτέρου
806 4442 863 4500 δὲ
920 4442 1074 4508 ἔτους
1110 4450 1209 4501 τοῦ
1257 4445 1533 4522 σωτηρίου
1565 4447 1767 4511 πάθους
1796 4446 1847 4518 ἐξ
1878 4447 1940 4502 οὗ

271 4539 571 4615 κηρύσσειν
599 4537 662 4592 τὸ
702 4534 1030 4610 Εὐαγγέλιω
1088 4537 1316 4609 ἤρξατο,
1365 4533 1471 4598 ’έως
1503 4536 1754 4594 εἰκοστοῦ
1815 4533 1937 4593 δευ-

2037 3374 2319 3447 tigerunt,
2351 3388 2485 3428 cum
2518 3388 2587 3427 eo
2619 3376 2884 3444 tempore
2909 3371 3128 3428 librum
3148 3375 3603 3447 conscripsisset
3631 3381 3691 3432 et

2041 3479 2173 3536 qua:
2216 3462 2497 3533 deinceps
2542 3460 2741 3517 futura
2785 3467 2955 3517 erant
3000 3463 3249 3518 minime
3297 3481 3683 3538 cognoscens,

2040 3569 2237 3625 neque
2268 3550 2456 3624 ipsius
2492 3552 2843 3623 martyrium
2894 3552 3007 3607 hoc
3048 3552 3199 3607 libro
3252 3571 3569 3626 reponens.
3605 3558 3683 3612 Eo

2044 3643 2203 3697 enim
2235 3641 2457 3697 ibidem
2480 3640 2688 3696 relicto
2723 3642 2905 3697 Lucas
2934 3648 2994 3696 et
3032 3643 3409 3700 Aristarchus
3459 3647 3682 3717 egressi

2046 3738 2202 3789 sunt.
2238 3730 2526 3787 Eusebius
2552 3747 2687 3786 vero
2720 3731 2780 3786 in
2806 3732 3117 3801 sequentia
3165 3738 3431 3802 tempora
3480 3743 3684 3790 exacte

2045 3821 2401 3893 conscripsit
2432 3837 2446 3876 :
2482 3827 2620 3875 tunc
2653 3820 2891 3891 quidem
2924 3821 3146 3892 ubipro
3180 3838 3241 3875 se
3259 3822 3507 3876 dixisset
3540 3823 3686 3878 Pau-

2045 3913 2160 3978 lus,
2196 3928 2403 3968 rursus
2418 3911 2491 3967 ad
2508 3910 2948 3982 praedicationis
2961 3909 3365 3965 ministerium
3386 3926 3514 3966 esse
3546 3912 3691 3967 mis-

2046 4018 2201 4069 sum,
2235 4016 2369 4057 cum
2400 4016 2435 4055 a
2463 3999 2691 4054 Caesare
2722 3997 3029 4053 absolutus
3061 4004 3255 4054 esset:
3299 3999 3551 4071 aliisque
3584 4000 3689 4056 de-

2044 4108 2175 4148 cem
2205 4090 2379 4147 annis
2411 4088 2795 4161 Evangelium
2824 4087 3200 4160 praedicasse.
3251 4090 3513 4146 Tandem
3549 4107 3684 4148 vero

2044 4181 2146 4237 ubi
2175 4182 2323 4235 Nero
2377 4178 2451 4234 ad
2496 4183 2824 4233 extremum
2874 4177 3124 4233 insaniae
3169 4180 3554 4250 pervenisset,
3612 4180 3684 4236 ad

2046 4270 2237 4328 caedes
2267 4269 2670 4343 apostolorum
2702 4269 3011 4341 processit.
3040 4269 3196 4326 188
3246 4271 3550 4342 Siquidem
3582 4288 3676 4327 ac-

2047 4364 2260 4423 cersito
2294 4363 2474 4420 Paulo
2504 4378 2662 4418 anno
2694 4379 2915 4434 apasso
2929 4362 3161 4418 Christo
3185 4363 3482 4419 tricesimo
3498 4368 3684 4431 sexto,

2049 4457 2139 4513 sui
2163 4472 2297 4511 vero
2315 4454 2548 4526 imperii
2570 4454 2739 4509 tertio
2761 4453 3014 4522 decimo,
3034 4454 3228 4525 ipsum
3245 4454 3318 4510 ad
3337 4455 3685 4526 martyrium

2050 4545 2266 4619 adegit,
2293 4545 2483 4617 capite
2514 4542 2709 4617 gladio
2740 4548 3066 4614 amputato.
3098 4543 3247 4599 Sunt
3286 4543 3484 4614 itaque
3517 4561 3550 4598 a
3580 4543 3687 4601 de-

270 4630 436 4707 τέρου
469 4634 576 4686 τοῦ
607 4628 773 4685 αὐτοῦ
803 4623 1085 4704 Τιϐερίου,
1116 4624 1210 4701 ἔτη
1242 4631 1491 4705 τέσσαρα.
1536 4630 1639 4688 Καὶ
1674 4629 1742 4685 τά
1772 4629 1936 4685 Γαίου

2047 4638 2200 4693 cimo
2231 4651 2389 4692 nono
2419 4633 2636 4690 Tiberii
2669 4633 2916 4689 Caesaris
2964 4649 3144 4701 anno,
3194 4632 3455 4688 secundo
3487 4650 3621 4689 vero
3650 4651 3686 4690 a

273 4719 330 4777 δὲ
361 4721 632 4782 ὡσαύτως
664 4716 757 4790 ἔτη
788 4719 1037 4795 τέσσαρα.
1097 4720 1264 4782 Αῦθις
1323 4718 1380 4777 δὲ
1404 4722 1495 4776 καὶ
1553 4722 1620 4778 τὰ
1650 4718 1929 4777 Κλαυδίου

272 4808 366 4884 ἔτη
428 4806 934 4886 τεσσαρεσκαίδεκα,
1008 4808 1068 4865 ὅν
1126 4807 1505 4883 διαδεξάμενος
1585 4811 1772 4885 Νέρων
1852 4814 1931 4883 τῷ

274 4898 715 4977 τρισκαιδεκάτῳ
753 4896 858 4954 ἒτει
889 4905 990 4968 τῆς
1022 4897 1186 4955 αὐτοῦ
1216 4900 1415 4975 ἀρχῆς,
1470 4899 1561 4954 τὸν
1590 4899 1928 4957 ’Λπόστολον

276 4988 517 5047 ἀνεῖλεν.
540 4991 696 5045 Ἐστι
723 4987 901 5044 τοίνυν
936 4989 965 5044 ὁ
1004 4994 1107 5051 πᾶς
1164 4990 1366 5065 χρόνος
1423 4994 1521 5044 τοῦ
1576 4988 1931 5066 κηρύγματος

279 5079 511 5136 Παύλου
542 5079 715 5133 ε’ἰκοσι
766 5077 857 5133 καί
902 5077 958 5135 ’έν
1016 5074 1155 5141 ἔτος
1213 5079 1304 5134 καὶ
1350 5074 1506 5154 ἕτερα
1562 5075 1658 5133 δύο
1724 5074 1842 5150 ἔτη,
1899 5079 1933 5134 ’ἀ

279 5167 584 5227 διετέλεσεν
617 5166 669 5223 ἐν
698 5172 777 5240 τῷ
805 5169 941 5224 κατά
991 5167 1309 5244 Καισάρειαν
1368 5164 1754 5245 δεσμωτηρίῳ.
1788 5168 1932 5243 Πρὸς

276 5257 335 5315 δὲ
361 5258 586 5319 τούτοις
615 5255 805 5330 πάλιν,
835 5258 903 5313 τὰ
932 5255 985 5313 ἐν
1016 5256 1208 5332 Ῥώμῃ
1249 5258 1486 5334 πρότερα
1542 5253 1640 5313 δύο
1668 5252 1785 5330 ἔτη,
1842 5258 1933 5313 καὶ

273 5351 342 5407 τά
369 5348 671 5405 τελευταῖα
714 5345 772 5403 δὶ
801 5342 895 5419 ἔτη
956 5344 1104 5418 δέκα,
1137 5346 1275 5403 ὥστε
1307 5347 1443 5403 εἶναι
1476 5350 1644 5402 πάντα
1675 5342 1768 5420 ἔτη
1828 5347 1934 5403 ἀπὸ

273 5447 378 5509 τῆς
428 5439 688 5509 κλήσεως
741 5436 907 5491 αὐτοῦ
971 5438 1137 5512 μέχρι
1193 5443 1295 5505 τῆς
1355 5436 1692 5500 τελειώσεως
1748 5437 1934 5508 αὐτοῦ,

276 5530 584 5605 τριάκοντα
672 5526 760 5582 καὶ
845 5525 1030 5584 πέντε.
1117 5526 1254 5584 Ἀπὸ
1337 5522 1395 5583 δὲ
1476 5527 1572 5584 τοῦ
1661 5529 1936 5604 σωτηρίου

608 5617 897 5693 τριάκοντα
978 5616 1053 5688 ἓξ.
1141 5616 1286 5673 Μετά
1342 5619 1446 5693 γὰρ
1505 5618 1605 5686 τήν
1664 5621 1766 5672 τοῦ
1841 5624 1941 5673 Κυ-

844 5706 960 5781 μεθ’
1030 5704 1241 5783 ἡμέρας
1317 5707 1463 5771 τινάς
1529 5705 1746 5785 ὀλίγας,
1802 5728 1937 5785 προ-

281 5622 498 5681 πάθους
512 5665 524 5685 ,

280 5710 403 5787 ρίου
461 5707 755 5784 ἀνάληψιν,

2042 4726 2273 4782 Christo
2312 4742 2508 4796 passo,
2542 4740 2678 4779 cum
2728 4721 3105 4795 Evangelium
3158 4720 3481 4794 praedicare
3512 4725 3689 4796 coepit

2040 4832 2233 4887 usque
2263 4814 2337 4870 ad
2378 4813 2724 4869 vicesimum
2776 4811 3105 4867 secundum
3166 4811 3434 4884 ejusdem
3465 4813 3683 4870 Tiberii

2037 4904 2180 4962 anni
2212 4908 2499 4975 quatuor:
2534 4906 2592 4957 et
2617 4901 2757 4956 anni
2787 4900 2907 4956 Caii
2939 4899 3217 4956 similiter
3236 4906 3522 4972 quatuor:
3555 4920 3681 4959 rur-

2040 5010 2172 5050 sum
2195 4994 2337 5049 anni
2360 4991 2585 5047 Claudii
2618 4989 3089 5062 quatuordecim,
3140 5007 3317 5061 quem
3372 4992 3677 5049 insecutus

2041 5084 2193 5139 Nero
2208 5082 2383 5137 tertio
2398 5080 2627 5137 decimo
2643 5079 2733 5134 sui
2755 5078 3122 5151 principatus
3143 5096 3322 5147 anno,
3348 5082 3680 5152 apostolum

2043 5170 2367 5229 interemit.
2446 5172 2549 5225 Est
2624 5170 2804 5242 igitur
2890 5185 3065 5225 omne
3154 5173 3387 5241 tempus
3468 5171 3683 5243 prioris

2046 5261 2208 5318 Pauli
2243 5259 2688 5333 praedicationis
2718 5275 2873 5314 unus
2904 5264 2963 5314 et
3008 5258 3211 5332 viginti
3251 5259 3393 5315 anni
3422 5277 3435 5315 :
3486 5266 3543 5316 et
3580 5259 3683 5315 alii

2048 5351 2162 5406 duo
2193 5350 2358 5415 anni,
2392 5365 2541 5421 quos
2573 5349 2635 5403 in
2666 5364 2900 5403 carcere
2928 5347 3082 5419 apud
3096 5349 3423 5404 Caesaream
3456 5354 3687 5407 transe-

2047 5439 2130 5514 git
2155 5457 2167 5495 :
2204 5439 2278 5494 ad
2308 5440 2434 5494 haec
2463 5455 2697 5493 rursum
2718 5437 2833 5493 duo
2866 5438 3092 5509 priores
3110 5438 3461 5495 anniRomm
3496 5445 3689 5496 trans-

2048 5529 2202 5586 acti:
2237 5534 2295 5584 et
2324 5528 2630 5584 novissimi
2660 5528 2864 5584 decem
2895 5529 3059 5583 anni.
3092 5528 3179 5582 Ita
3220 5534 3284 5583 ut
3326 5529 3447 5584 sint
3484 5547 3689 5587 omnes

2050 5619 2193 5676 anni
2222 5618 2295 5675 ab
2328 5619 2457 5691 ejus
2476 5618 2780 5675 vocatione
2797 5616 2872 5673 ad
2899 5622 3146 5672 mortem
3168 5634 3355 5688 usque
3376 5619 3561 5689 ipsius
3584 5619 3686 5672 tri-

2050 5710 2214 5785 ginta
2243 5711 2505 5784 quinque
2531 5727 2545 5779 ;
2582 5724 2616 5765 a
2643 5709 2915 5782 passione
2948 5712 3146 5765 autem
3180 5708 3422 5766 salutari
3452 5707 3690 5780 triginta
