4176 6200
379 383 496 446 307

1499 367 1922 435 (ECUMENII
1971 366 2272 429 TRlCCIE
2316 367 2672 428 El’ISCOPI

3677 365 3795 428 308

383 537 504 576 sex.
537 513 841 586 Siquidem
873 527 906 565 a
935 508 1151 564 Christi
1183 506 1592 578 assumptione
1623 507 1757 575 post
1804 519 2025 572 paucos
2056 551 2062 569 Α

2152 500 2479 574 χειρίζονται
2538 501 2594 554 οἳ
2653 497 2954 556 ἀπόστολοι
3033 497 3110 562 είς
3179 495 3453 553 διακονίαν
3524 497 3793 578 Στέφανον

385 608 612 675 aliquot
639 603 766 657 dies
795 603 998 654 creant
1037 597 1290 669 apostoli
1324 595 1686 666 Stephanum
1719 598 1776 648 et
1806 609 1906 646 eos
1937 591 2038 662 qui

386 711 520 751 cum
553 709 619 746 eo
643 695 814 746 erant
842 689 903 742 in
933 687 1350 742 ministerium.
1388 683 1604 739 Deinde
1637 683 1834 738 statim
1867 697 2036 752 repe-

385 784 571 838 rimus
604 778 968 850 Stephanum
1001 775 1298 847 lapidibus
1349 773 1628 828 obrutum
1679 778 1736 826 et
1785 770 2031 825 Paulum

389 870 534 925 credi
553 867 1034 924 consentientem
1067 882 1078 920 :
1117 865 1216 936 qui
1239 863 1612 936 postmodum
1641 860 2036 932 proﬁciscitur

387 961 762 1022 Damascum,
797 964 1076 1027 tanquam
1111 960 1346 1009 sanctos
1365 953 1464 1023 qui
1489 951 1709 1006 ibidem
1741 949 2033 1022 degebant

385 1050 874 1119 interempturus.
909 1045 1096 1101 Medio
1125 1050 1322 1098 autem
1351 1043 1562 1096 itinere
1592 1041 1819 1094 vocatio
1851 1041 1980 1106 ejus
1999 1056 2032 1093 a

385 1141 502 1196 Deo
525 1139 680 1194 facta
701 1144 808 1202 est,
825 1143 892 1191 ut
911 1137 1004 1190 vix
1023 1136 1201 1190 fuerit
1222 1149 1414 1189 annus
1437 1133 1538 1187 ille
1562 1132 1850 1202 expletus.
1881 1131 2032 1184 Con-

383 1230 582 1286 festim
610 1234 808 1284 autem
841 1226 1162 1300 praedicare
1193 1225 1370 1295 C(Bpit
1416 1223 1868 1293 superveniente
1928 1221 2032 1275 de—

385 1321 538 1375 cimo
570 1335 728 1374 nono
760 1317 977 1371 Tiberii
1004 1315 1250 1369 Cmsaris
1267 1329 1424 1368 anno
1450 1328 1462 1364 :
1491 1329 1559 1366 ac
1591 1312 1764 1366 tertio
1797 1310 2028 1365 decimo

391 1407 640 1464 Neronis
673 1421 828 1461 anno
845 1403 1230 1467 interimitur,
1265 1401 1459 1471 capite
1480 1399 1674 1470 gladio
1699 1403 2025 1471 amputato.

2147 589 2237 644 καὶ
2276 590 2402 652 τοὺς
2431 589 2570 666 ἀμφὶ
2602 589 2783 645 αὐτόν.
2843 589 3066 646 Ἔπειτα
3118 587 3207 642 τὸν
3269 589 3538 667 Στέφανον
3599 589 3795 651 εὐθέως

2149 679 2468 754 εὑρίσκομεν
2528 679 2914 751 λιθαζόμενον,
2969 678 3060 732 καὶ
3115 679 3208 732 τὸν
3265 677 3480 735 Παῦλον
3539 677 3792 734 συνευδο-

2145 776 2346 828 κοῦντα
2367 773 2446 845 τῷ
2477 774 2647 847 φόνῳ.
2692 773 2792 833 "Oc
2856 772 3048 844 μικρὸν
3103 770 3322 845 ὕστερον
3381 771 3455 832 είς
3510 773 3789 844 Δαμασκὸν

2147 865 2314 938 ὁρμᾷ,
2348 863 2422 927 ὡς
2455 862 2584 923 τοὺς
2616 862 2789 916 ἐκεῖσε
2819 860 2978 922 ὄντας
3023 860 3208 935 ἁγίους
3255 863 3582 936 ἀναιρήσων,
3645 863 3796 918 Κατᾶ

2148 954 2316 1025 μέσην
2351 950 2409 1006 δὲ
2436 953 2534 1021 τήν
2567 948 2690 1006 ὁδὸν
2759 953 2794 1019 ἠ
2854 948 3053 1017 κλῆσις
3112 950 3258 1022 αὐτῷ
3309 951 3594 1026 γεγένηται
3653 952 3798 1022 παρὰ

2142 1046 2297 1110 Θεοῦ,
2359 1041 2434 1100 ὡς
2499 1045 2678 1113 μικρῷ
2735 1037 3224 1115 προσαναλωθῆναι
3291 1041 3354 1094 τὸ
3428 1037 3545 1103 ἔτος
3601 1038 3791 1096 ἐκεῖνο.

2144 1129 2361 1194 Εὐθέως
2394 1127 2452 1184 δὲ
2482 1130 2682 1203 ἤρξατο
2731 1126 3020 1199 κηρύσσειν
3082 1123 3488 1203 ἐπιλαϐομένου
3527 1129 3797 1184 ἐννεακαιο

2143 1215 2367 1273 δεκάτου
2427 1213 2580 1280 ἔτους
2639 1215 2893 1292 Τιϐερίου
2953 1215 3240 1291 Καίσαρος,
3303 1217 3392 1272 καὶ
3449 1223 3527 1289 τῷ
3582 1239 3798 1290 τρισκαι

2143 1304 2348 1362 δεκάτω
2380 1307 2486 1363 ἔτει
2521 1309 2770 1381 Νέρωνος
2813 1304 3142 1373 τελειοῦται,
3201 1307 3336 1385 ξίφει
3394 1307 3494 1377 τὴν
3549 1307 3790 1387 κεφαλήν

2135 1396 2496 1470 ἀποτμηθείς.

2757 1477 2785 1496 il

1551 1737 2632 1866 ΔΙΗΓΗΣΙΣ

2013 1935 2176 1990 ΠΕΡΙ

1030 2080 1278 2177 ΤΟΥ
1356 2077 1736 2175 ΑΓΙΟΥ
1815 2077 2578 2177 ΑΠΟΣΤΟΛΟΥ
2659 2079 3166 2176 ΙΙΑΥΛΟΥ

1660 2439 2548 2564 NARRATH)

1242 2689 1406 2782 DE
1453 2687 1750 2782 DIVO
1803 2687 2211 2783 PAULO
2265 2687 2950 2784 APOSTOLO.

557 3101 712 3156 189
742 3097 1070 3156 EUTHALll
1103 3096 1390 3152 DIACONI
1415 3095 1783 3150 PROLOGUS
1816 3095 1886 3164 (1)

463 3191 682 3247 Paulus
704 3187 1008 3260 apostolus
1041 3185 1322 3240 Hebraeus
1356 3184 1596 3255 quidem
1649 3191 1776 3240 erat
1804 3201 2042 3256 genere,

392 3299 460 3338 ex
493 3277 652 3334 tribu
701 3277 1033 3346 Benjamin,
1091 3274 1462 3344 professione
1521 3273 1883 3340 Pharisaaus,
1937 3274 2046 3328 sub

394 3371 757 3441 prmoeptore
785 3364 948 3418 ﬁdeli
977 3363 1298 3418 Gamaliele
1333 3363 1514 3433 Moysi
1549 3363 1742 3436 legem
1779 3364 2046 3420 edoctus.

400 3455 485 3509 Ad
537 3455 663 3506 hanc
707 3455 952 3506 Tarsum
1013 3467 1142 3520 quas
1194 3450 1412 3504 Cilicia:
1461 3450 1668 3506 oculus
1721 3457 1810 3506 est
1865 3453 2046 3524 (quod

399 3545 588 3604 aiunt)
621 3540 982 3596 inhabitans.
1017 3539 1494 3608 Persequebalur
1523 3545 1722 3594 autem
1762 3545 1819 3595 et
1850 3542 2048 3612 impu-

393 3633 611 3707 gnabat
641 3629 744 3685 Dei
776 3627 1100 3684 Ecclesiam
1130 3643 1141 3680 :
1179 3627 1432 3697 ideoque
1464 3628 1744 3699 Stephani
1792 3631 2045 3699 apostoli

396 3729 455 3778 et
483 3719 756 3792 martyris
789 3717 935 3774 caedi
967 3717 1276 3782 intererat,
1291 3733 1358 3771 ac
1373 3716 1676 3771 homicidii
1697 3723 1837 3772 tunc
1869 3719 2044 3788 parti-

395 3827 536 3882 ceps
563 3815 707 3878 erat,
737 3805 1029 3878 susceptis
1061 3805 1123 3860 in
1155 3805 1484 3860 custodiam
1505 3807 1732 3860 cunctis
1765 3805 1934 3862 illum
1960 3807 2044 3864 la'

399 3900 736 3974 pidantium
787 3896 1178 3964 indumentis,
1227 3901 1294 3950 ut
1322 3896 1588 3950 omnium
1637 3897 1914 3953 manibus
1971 3899 2045 3954 ad

393 3991 615 4046 caedem
637 3993 904 4044 uteretur
941 4003 952 4040 :
975 3985 1319 4056 primusque
1348 4001 1478 4040 cum
1495 3985 1586 4040 his
1606 3987 1704 4056 qui
1721 3988 2044 4044 seditiones

397 4077 714 4136 movebant
743 4075 1240 4148 conspiciebatur,
1280 4076 1528 4147 perdere
1573 4075 1795 4147 ubique
1841 4077 2042 4134 nitens

403 4168 664 4224 delectos
707 4165 945 4238 pietatis
983 4164 1258 4220 cultores.
1306 4164 1488 4220 Multa
1537 4165 1738 4236 itaque
1788 4171 1927 4221 sunt
1975 4183 2042 4222 ac

397 4274 612 4332 magna
641 4273 771 4327 quae
800 4255 1081 4311 adversus
1109 4255 1432 4310 Ecclesiam
1465 4253 1536 4309 ab
1579 4270 1644 4310 eo
1695 4262 2035 4326 perpetrata

399 4353 580 4404 sunt:
617 4345 888 4415 nihilque
923 4343 995 4398 ad
1035 4343 1452 4398 incredibilem
1507 4361 1696 4415 usque
1741 4345 2036 4400 insaniam

398 4435 798 4508 praetermisit.
835 4435 978 4488 Nam
1011 4432 1071 4486 in
1103 4433 1212 4487 hoc
1229 4449 1289 4487 se
1310 4434 1494 4487 Deum
1517 4433 1712 4488 colere
1741 4450 1809 4488 ac
1837 4435 2040 4488 rectis-

396 4529 542 4582 sime
573 4542 744 4598 agere
764 4522 1186 4586 arbitrabatur,
1209 4521 1362 4576 sicut
1383 4523 1508 4592 ipse
1531 4521 1592 4576 in
1611 4522 1879 4593 epistolis
1898 4539 2040 4578 con-

395 4618 616 4682 ﬁtetur,
648 4619 705 4669 et
735 4616 918 4668 Lucas
964 4610 1224 4668 secundo
1259 4627 1364 4664 suo
1398 4609 1549 4665 libro
1583 4611 1805 4664 scribit.
1840 4614 2038 4682 Neque

397 4705 554 4760 enim
589 4703 780 4759 solum
813 4703 930 4766 hic,
964 4707 1030 4757 ut
1077 4699 1320 4772 plurimi
1367 4699 1728 4762 Judaeorum,
1779 4702 2040 4756 veritatis

395 4792 872 4863 praedicationem
901 4789 1258 4861 jamdudum
1293 4788 1502 4844 oderat
1531 4793 1588 4844 et
1637 4789 2038 4859 aversabatur,

397 4897 597 4936 verum
631 4881 816 4934 etiam
843 4879 1134 4949 majorem
1167 4876 1396 4932 ferebat
1423 4878 1568 4932 iram
1607 4894 1784 4948 quam
1818 4880 2040 4949 quaevis

398 4986 543 5044 gens
575 4969 966 5022 ethnicorum.
1003 4969 1222 5037 Utergo
1255 4965 1804 5036 viditspendentem
1829 4967 2039 5038 praedi-

400 5059 714 5120 cationem,
749 5073 816 5112 ac
837 5055 1116 5111 ﬂoridum
1134 5056 1395 5110 veritatis
1417 5071 1753 5110 sermonem
1785 5056 2040 5126 majores

399 5148 698 5218 suscipere
749 5145 919 5210 vires,
989 5145 1142 5198 I90
1191 5161 1369 5214 quam
1419 5145 1696 5200 doctrina
1759 5145 2038 5202 Iudaica:

395 5239 727 5294 commotus
777 5234 836 5286 in
887 5233 1018 5296 hoc,
1074 5249 1142 5288 ac
1199 5233 1488 5302 injuriam
1543 5235 1864 5289 arbitratus
1915 5234 2040 5290 ﬁeri

395 5327 736 5393 maximam,
771 5321 928 5394 quod
958 5321 1196 5378 illorum
1232 5323 1506 5379 doctrina
1537 5325 1762 5380 veniret
1799 5324 1860 5378 in
1899 5341 2040 5380 con-

397 5421 710 5487 temptum,
746 5413 908 5468 omni
939 5412 1404 5484 promptitudine
1438 5431 1504 5470 ac
1535 5413 1729 5469 studio
1763 5414 2041 5468 adversus

2073 3095 2120 3160 B

2404 3095 2751 3152 ΕΥΘΑΛῘΟΥ
2799 3098 3145 3156 ΔΙΑΚΟΝΟΥ
3192 3099 3563 3156 ΙΙΡΟΛΟΓΟΣ

2229 3181 2503 3246 Παῦλοςὸ
2535 3182 2863 3254 ἀπόστολος,
2924 3181 3178 3260 Ἑϐραῖος
3241 3189 3334 3259 μὶν
3385 3191 3451 3258 ἦν
3505 3188 3568 3243 τὸ
3622 3189 3808 3263 γένος,

2156 3272 2216 3326 ἐκ
2247 3271 2426 3350 φυλῆς
2455 3273 2738 3346 Βενιαμὶν,
2795 3280 3092 3350 Φαρισαῖος
3145 3273 3204 3332 δὲ
3258 3279 3358 3346 τὴν
3421 3275 3643 3354 α’ίρεσιν,
3706 3278 3808 3336 ὑπὸ

2157 3356 2474 3432 διδασκάλῳ
2531 3383 2588 3417 τε
2636 3367 2814 3435 πιστῷ
2861 3367 2941 3436 τῷ
2997 3364 3324 3437 Γαμαλιήλ,
3381 3365 3474 3421 τὸν
3531 3365 3810 3432 Μωϋσὲως

2155 3450 2326 3522 νόμον
2387 3450 2899 3525 ἐκπεπαιδευμὲνος.
2958 3453 3101 3528 Πρὸς
3159 3452 3214 3509 δὲ
3264 3455 3502 3524 τούτοις,
3557 3457 3650 3511 τὸν
3709 3464 3806 3524 τῆς

2156 3537 2408 3600 Κιλικίας
2438 3538 2718 3616 ὀφθαλμὸν
2780 3541 2967 3608 οἰκῶν,
3026 3547 3124 3610 τήν
3180 3543 3414 3618 Ταρσὸν,
3475 3543 3689 3600 διώκων
3749 3543 3806 3602 δὲ

2153 3627 2242 3680 καὶ
2273 3629 2490 3700 πορθῶν
2547 3630 2648 3697 τὴν
2705 3630 3029 3700 Ἐκκλησίαν
3079 3635 3176 3688 τοῦ
3233 3637 3386 3688 Θεοῦ.
3441 3633 3536 3690 Διό
3585 3632 3649 3702 δὴ
3709 3635 3798 3690 καὶ

2155 3721 2444 3790 συμπαρῆν
2476 3719 2544 3788 τῇ
2577 3715 2844 3790 ἀναιρέσει
2873 3717 3145 3795 Στεφάνου
3191 3723 3286 3775 τοῦ
3343 3721 3654 3777 ἀποστόλου
3711 3721 3801 3778 καὶ

2159 3802 2450 3878 μάρτυρος,
2485 3807 2748 3868 κοινωνός
2779 3827 2836 3862 τε
2884 3809 2951 3876 ἦν
3005 3808 3130 3864 τότε
3159 3815 3255 3865 τοῦ
3287 3812 3474 3886 φόνου.
3503 3811 3568 3866 τὰ
3625 3809 3800 3867 πάντα

2153 3891 2346 3959 ἱμάτια
2373 3898 2478 3947 τῶν
2531 3889 2971 3958 λιθοϐολούντων
3023 3897 3186 3954 αὐτὸν
3218 3897 3641 3972 καταδεξάμενος
3699 3922 3798 3976 φυ-

2153 3979 2393 4052 λάττειν,
2425 3981 2518 4038 ’ίνα
2563 3989 2682 4048 ταῖς
2710 3985 2922 4040 πάντων
2974 3988 3132 4062 χερσὶ
3193 3991 3464 4063 χρήσηται
3515 3989 3652 4064 πρὸς
3705 3990 3796 4045 τὸν

2150 4065 2338 4146 φὸνον.
2371 4071 2472 4128 Καὶ
2507 4077 2724 4146 πρῶτος
2774 4071 2832 4128 δὲ
2893 4076 3027 4148 μετά
3082 4081 3188 4130 τῶν
3247 4077 3638 4146 στασιαζόντων
3699 4079 3801 4134 ἓω-

2151 4165 2306 4234 ρᾶτο,
2340 4165 2624 4239 πανταχοῦ
2683 4160 3002 4231 σπουδάζων
3056 4171 3328 4235 καθαιρεῖν
3387 4164 3512 4227 τοὺς
3559 4174 3661 4236 τῆς
3718 4166 3800 4222 εὖ·

2148 4243 2355 4309 σεϐείας
2401 4249 2657 4324 λογάδας.
2695 4250 2886 4308 Πολλά
2915 4273 2972 4307 τε
3027 4255 3092 4322 ἦν
3124 4255 3212 4310 καὶ
3277 4253 3487 4329 μεγάλα
3535 4257 3604 4310 τὰ
3663 4259 3786 4332 παρ’

2147 4336 2312 4392 αὐτοῦ
2343 4338 2477 4392 κατὰ
2507 4346 2606 4409 τῆς
2653 4339 2980 4410 Ἑκκλησίας
3036 4342 3314 4415 γινόμενα,
3373 4343 3462 4399 καὶ
3519 4343 3674 4400 οὐδὲν
3719 4346 3794 4410 είς

2152 4423 2463 4499 ὑπερϐολὴν
2502 4429 2692 4498 μανίας
2735 4428 2998 4485 ἐνέλιπεν.
3062 4432 3150 4486 Ἐν
3197 4431 3378 4504 τούτῳ
3416 4433 3517 4508 γάρ
3559 4430 3799 4490 εὐσεϐεῖν

2151 4517 2240 4570 καὶ
2275 4517 2338 4571 τὰ
2365 4517 2599 4591 μέγεστα
2629 4523 2929 4592 κατορθοῦν
2989 4518 3227 4593 ἐνόμιζε,
3287 4524 3462 4584 καθὼς
3521 4523 3684 4588 αὐτός
3743 4544 3802 4578 τε

2151 4607 2201 4661 ἐν
2231 4611 2350 4667 ταῖς
2379 4605 2696 4670 ἐπιστολαῖς
2725 4607 3016 4684 ὁμολογεῖ,
3074 4609 3163 4664 καὶ
3223 4617 3433 4673 Λουκᾶς
3491 4613 3698 4688 ἰστορεῖ
3747 4611 3796 4666 ἒν

2145 4700 2214 4770 τῇ
2250 4694 2472 4770 δευτέρᾳ
2505 4692 2686 4768 βίϐλῳ
2732 4697 2947 4756 ἑαυτοῦ.
2995 4697 3071 4755 Οὐ
3107 4699 3269 4771 μόνον
3301 4699 3406 4776 γὰρ
3439 4701 3599 4763 οὗτος
3631 4699 3802 4757 πάλαι

2147 4785 2282 4840 κατά
2309 4783 2435 4844 τοὺς
2467 4781 2712 4846 πολλοὺς
2744 4790 2852 4840 τῶν
2888 4783 3166 4843 Ἰουδαίων
3225 4788 3398 4862 ἐμίσει
3443 4811 3503 4844 τε
3556 4791 3644 4845 καὶ
3707 4792 3804 4846 ἀπ-

2150 4874 2432 4948 εστρέφετο
2455 4872 2518 4926 τὸ
2561 4879 2660 4942 τῆς
2722 4870 2988 4943 ἀληθείας
3043 4879 3325 4951 κηρυγμα,
3383 4877 3528 4933 ἀλλά
3582 4880 3649 4948 τὴ
3710 4880 3800 4935 καὶ

2151 4965 2372 5038 μείζονα
2399 4963 2598 5025 παντὸς
2621 4967 2717 5020 τοῦ
2772 4961 2957 5027 ἔθνους
3015 4965 3182 5042 ὀργὴν
3239 4966 3496 5024 ἐποιεῖτο.
3555 4970 3642 5030 Ὡς
3697 4971 3799 5044 γὰρ

2151 5053 2256 5110 εἶδε
2285 5055 2346 5108 τὸ
2377 5056 2637 5128 κήρυγμα
2696 5052 3036 5130 διαλάμψαν,
3097 5057 3187 5112 καὶ
3243 5057 3334 5112 τὸν
3385 5064 3483 5126 τῆς
3540 5056 3802 5128 ἀληθείας

2151 5141 2350 5212 εὐθαλῆ
2407 5143 2566 5217 λόγον
2635 5142 3084 5220 ὲπικρατέστερον
3139 5152 3240 5215 τῆς
3289 5144 3592 5216 Ἰουδαϊκῆς
3649 5146 3803 5204 διδα-

2151 5231 2376 5293 σκαλίας
2407 5232 2722 5309 γινόμενον,
2781 5236 2970 5299 παθὼν
3031 5235 3167 5308 πρὸς
3191 5239 3376 5304 τοῦτο,
3428 5237 3520 5290 καὶ
3575 5237 3802 5310 νομίσας

2151 5319 2546 5386 ἀδικεῖσθαιτὰ
2581 5323 2828 5396 μέγιστα,
2880 5329 2979 5392 τῆς
3039 5319 3394 5386 διδασκαλίας
3454 5323 3631 5380 αὐτῶν
3675 5327 3805 5380 ἀνα-

2149 5410 2522 5484 τρεπομένης,
2589 5417 2761 5466 πᾶσαν
2839 5411 3146 5488 προθυμίαν
3207 5412 3296 5468 καὶ
3364 5410 3605 5484 σπουδὴν
3665 5415 3805 5470 κατὰ

476 5597 550 5667 (1)
583 5599 780 5668 Exstat
809 5593 966 5668 apud
993 5592 1333 5668 Euthalium
1365 5593 1712 5658 Diaconum,
1745 5593 1964 5668 in_ejus
2007 5593 2352 5648 recensione
2395 5591 2794 5664 Epistolarum
2828 5591 2882 5650 S.
2937 5593 3126 5660 Pauli,
3171 5593 3422 5668 hujusce
3469 5596 3802 5668 Patrologiae

405 5663 545 5726 tom,
581 5663 984 5732 LXXXVfcol.
1015 5665 1136 5733 693,
1173 5663 1276 5718 sed
1307 5679 1440 5718 cum
1471 5680 1684 5736 magna
1713 5665 2010 5720 varietate.
