4176 6200
357 317 476 378 309

1439 328 1849 390 COMMENT.
1894 326 1970 384 ΙΝ
2018 324 2264 386 EPIST.
2310 325 2421 386 AD
2471 330 2665 391 ltOM.

3648 334 3767 394 310

357 452 468 507 τῶν
496 455 597 520 τῆς
624 450 955 523 Ἐκκλησίας
988 455 1318 530 θρεμμάτων
1354 458 1613 534 ἐποιεῖτο,
1646 461 1795 521 ’ὁπως
1825 457 1887 515 ἅν
1909 456 1987 514 αὖη

2123 458 2400 516 Ecclesiae
2424 460 2700 518 alumnos
2723 464 3275 537 concitabatur,quo
3296 467 3388 522 vel
3412 466 3549 524 illos
3570 483 3605 524 ο,
3628 483 3770 527 vera

358 539 487 602 τοῦς
517 542 551 610 ἢ
585 548 685 611 τῆς
716 541 959 614 ἀληθοῦς
1010 542 1365 614 διδασκαλίας
1409 551 1786 622 ἀποστήσειεν,
1836 546 1874 620 ἥ
1929 547 2012 604 δί-

358 651 463 701 κην
496 630 639 704 ὀξίαν
685 638 786 701 τῆς
827 632 902 696 εἷς
951 634 1046 689 τὸν
1096 637 1328 711 Χριστὸν
1372 638 1607 703 πίστεως
1656 640 2010 717 εἰσπράξειεν,

358 720 740 793 Κομισάμενος
796 718 853 777 δὲ
912 723 940 777 6
1000 723 1215 788 Παῦλος
1301 728 1445 804 παρᾶ
1499 734 1607 785 τῶν
1685 730 1869 805 ἱερέων
1921 731 2012 785 καὶ

357 807 702 866 διδασκάλων
734 810 1027 875 ἐπιστολὰς
1083 816 1202 872 κατ’
1248 816 1416 874 έκεῖνο
1445 819 1580 894 πρὸς
1626 818 1753 882 τοὺς
1806 818 1858 875 ἐν
1910 828 2010 875 Δα-

358 905 554 989 μασκῷ
588 897 908 989 νίουᾼδαίους,
941 901 1171 978 ὥρμησε
1200 908 1502 984 μορμύρων
1533 907 1717 985 ὥσπερ
1756 929 1840 970 τις
1888 910 2007 989 χεί-

358 988 568 1066 μαρρος
599 985 825 1065 λάϐρος,
856 991 1202 1068 περικλύσειν
1242 992 1417 1052 δοκῶν
1455 997 1583 1061 τοὺς
1634 996 1686 1053 ἐν
1737 985 2009 1073 Δαμασκῷ

356 1078 627 1152 μαθητὰς,
660 1079 749 1134 καὶ
782 1080 858 1145 εἰς
901 1082 963 1136 τὸ
1012 1089 1110 1153 τῆς
1162 1083 1439 1148 ἀπωλείας
1492 1086 1686 1151 αὐτοὺς
1738 1090 2011 1165 βάραθρον

356 1168 675 1243 ἐκπέμψειν.
711 1170 876 1233 Γνοὺς
908 1168 964 1227 δὲ
1003 1173 1031 1227 6
1065 1173 1260 1249 Κύριος
1304 1176 1387 1230 ὅτι
1435 1173 1622 1233 ἄδικον
1681 1178 1899 1251 μανίαν,
1949 1178 2002 1234 ἐν

359 1255 545 1329 δικαίᾳ
575 1255 736 1329 δῆθεν
762 1261 1096 1335 προαιρέσει,
1148 1260 1427 1335 ἐκέκτητο,
1486 1265 1537 1321 ἐν
1589 1269 1726 1344 μέσῃ
1774 1272 1843 1342 τῇ
1895 1265 2010 1341 ὁδῷ

360 1345 660 1426 ἐπιφανεῖς,
694 1348 1025 1426 ἀπεστέρησε
1059 1352 1152 1425 μὶν
1190 1349 1348 1408 αὸτὸν
1405 1362 1504 1425 τῆς
1554 1352 1730 1431 ὅψεως
1778 1362 1858 1430 τῷ
1913 1378 2010 1431 με-

359 1436 504 1515 γέθει
540 1442 637 1493 τοῦ
666 1438 868 1519 φωτός.
902 1441 1003 1497 Καὶ
1030 1445 1289 1497 τοσοῦτον
1320 1440 1378 1499 δὲ
1405 1445 1672 1517 μέτοισιν,
1715 1446 1853 1502 ὥστε
1909 1448 2002 1503 τὸν

355 1526 530 1583 πάλαι
559 1525 715 1584 οὐδὲν
753 1528 781 1585 ὃ
812 1552 865 1586 τι
893 1534 1000 1585 τῶν
1035 1529 1224 1588 δεινῶν
1253 1534 1387 1589 κατᾶ
1414 1543 1514 1606 τῆς
1551 1538 1880 1609 Ἐκκλησίας
1913 1534 2012 1593 οὸκ

353 1616 695 1685 ἐπινοοῦντα,
726 1619 817 1674 καὶ
855 1620 1057 1684 πάντας
1114 1624 1243 1686 τοὺς
1299 1626 1544 1696 μαθητὰς
1599 1626 1859 1682 ἀπολέσει
1911 1625 2002 1704 ἅρ-

351 1703 450 1778 δην
481 1705 906 1783 προσδοκοῦντα,
939 1710 1131 1766 αὐτίκα
1164 1709 1229 1781 δὴ
1261 1717 1452 1769 τοῦτον
1494 1716 1582 1770 καὶ
1631 1703 2000 1792 παραχρῆμα,

2121 548 2389 604 doctrina
2414 558 2736 619 revocaret,
2769 554 2857 607 vel
2888 553 2959 607 ab
2992 555 3076 609 eis
3108 555 3351 610 meritas
3381 555 3454 609 ob
3494 557 3670 612 ﬁdem
3703 559 3766 614 in

2118 637 2414 693 Christum
2430 656 2632 711 poenas
2646 642 2921 714 exigeret.
2946 644 3089 697 Cum
3106 661 3241 715 ergo
3259 645 3587 716 accepisset
3615 649 3735 702 Pau
3748 679 3764 689 -

2118 726 2211 781 lus
2226 744 2293 782 eo
2311 734 2574 800 tempore
2589 731 2866 802 epistolas
2889 748 2921 786 a
2944 733 3347 789 sacerdotibus
3370 741 3428 789 et
3447 736 3766 807 magistris,

2118 816 2191 871 ad
2211 817 2442 874 Judaeos
2474 820 2573 891 qui
2606 819 2954 876 habitabant
2982 823 3271 891 Damasci,
3305 841 3516 896 magno
3538 826 3763 897 impetu

2117 922 2184 962 ac
2205 906 2432 963 fervore
2457 908 2759 964 ferebatur
2783 911 2843 964 in
2872 911 3112 966 modum
3136 912 3619 984 plenicujusdam
3644 922 3762 970 tor-

2118 995 2433 1069 rentis,qui
2457 997 2795 1055 habitantes
2816 1001 3085 1056 Damasci
3110 1000 3434 1073 discipulos
3465 1003 3768 1060 demersu-

2117 1102 2219 1141 rus
2235 1086 2564 1155 videbatur,
2584 1093 2760 1159 atque
2789 1089 2850 1143 in
2872 1090 3222 1160 perditionis
3253 1091 3599 1147 barathrum
3630 1094 3766 1151 illos

2117 1173 2494 1230 dimissurus.
2528 1176 2671 1231 Cum
2704 1182 2903 1232 autem
2932 1178 3157 1233 viderat
3185 1179 3472 1234 Dominus
3497 1181 3655 1250 quod
3676 1182 3763 1237 in-

2109 1263 2336 1335 justam
2367 1265 2686 1332 insaniam,
2722 1267 2782 1320 in
2804 1268 2970 1337 justa
3000 1268 3273 1323 videlicet
3302 1267 3759 1337 voluntate,ser-

2120 1358 2298 1419 varet,
2334 1354 2395 1408 in
2426 1355 2623 1410 medio
2654 1356 2759 1409 via:
2787 1373 3103 1428 apparens,
3134 1375 3255 1429 praa
3287 1358 3436 1414 lucis
3466 1360 3765 1429 magnitu-

2118 1442 2279 1511 dine,
2323 1443 2632 1499 oculorum
2672 1452 2917 1516 aspectu
2969 1446 3231 1516 privavit,
3286 1453 3345 1501 et
3390 1453 3555 1502 tanto
3603 1448 3762 1504 hunc

2116 1531 2453 1605 aggreditur
2477 1532 2724 1604 impetu,
2757 1540 2823 1589 ut
2852 1550 3008 1597 eum,
3044 1535 3144 1605 qui
3176 1536 3341 1606 prius
3366 1535 3649 1591 adversus
3664 1540 3769 1594 Eo—

2117 1621 2356 1677 clesiam
2381 1623 2704 1694 grassando
2729 1622 2959 1677 nullum
2980 1623 3314 1679 adverteret
3341 1629 3443 1678 aut
3472 1624 3766 1680 detrecta-

2116 1716 2208 1766 ret
2237 1712 2590 1783 periculum,
2652 1729 2977 1783 omnesque
3044 1713 3258 1767 Christi
3320 1712 3645 1785 discipulos
3701 1731 3767 1770 se

350 1795 626 1872 ἀγαπητὸν
700 1798 892 1854 ἑαυτοῦ
978 1802 1301 1857 πιστότατον
1373 1805 1704 1879 ἡγήσασθαι.
1794 1807 1987 1877 Ἱκέτης

2120 1801 2389 1857 funditus
2402 1802 2568 1873 perdi
2579 1807 2773 1858 turum
2789 1809 3073 1874 speraret,
3074 1804 3096 1875 j
3107 1820 3202 1858 am
3226 1805 3424 1859 statim
3438 1820 3506 1858 ac
3519 1807 3767 1875 repente

348 1886 455 1962 γὰρ
483 1887 638 1950 εὐθὺς
666 1892 763 1943 τοῦ
816 1894 972 1960 Θεοῦ,
1025 1890 1053 1945 6
1090 1888 1361 1965 πολέμιος
1419 1894 1648 1971 γίνεται,
1700 1896 2003 1971 παραυτίκα

351 1974 417 2030 τὸ
476 1977 754 2051 σύνταγμα
808 1985 910 2048 τῆς
973 1978 1163 2052 μανίας
1221 1980 1693 2057 ἆποῤῥιψάμενος,
1753 1984 1827 2049 εἷς
1869 2005 2002 2061 πρε-

345 2061 529 2120 σϐείαν
565 2064 788 2142 ἐχώρει,
821 2068 911 2123 καὶ
956 2071 1057 2139 τήν
1117 2069 1194 2133 είς
1253 2073 1481 2147 Χριστὸν
1526 2069 1799 2130 εὐσέϐειαν
1860 2076 2006 2150 ὁμο-

343 2153 529 2231 λογεῖ,
561 2155 653 2211 καὶ
682 2158 954 2229 πέμπεται
1010 2160 1147 2235 πρὸς
1191 2160 1439 2218 ’Δνανίαν
1483 2163 1599 2218 τινὰ
1653 2166 1903 2236 μαθητὴν
1947 2164 1999 2220 ἐν

349 2251 644 2319 Δαμασκῷ.
679 2243 831 2303 Ἰδὼν
893 2244 949 2304 δέ
984 2249 1012 2303 6
1056 2251 1155 2318 τῆς
1217 2249 1480 2321 ἀληθείας
1541 2251 1823 2325 ἐξεταστὴς
1877 2255 2005 2318 Θεὸς

349 2336 789 2410 σωφρονισθέντα
818 2337 909 2392 τὸν
940 2335 1129 2413 ἄνδρα,
1160 2339 1252 2394 καὶ
1304 2339 1509 2414 βελτίω
1561 2340 1621 2396 ἐκ
1666 2346 1772 2397 τῶν
1822 2347 2003 2398 κακῶν

346 2424 632 2499 γεγονότα,
664 2426 773 2501 οὐχ
813 2426 1011 2497 ἑτέρως
1064 2425 1222 2483 αὐτὸν
1277 2428 1313 2498 ἢ
1372 2428 1550 2492 οὕτως
1609 2429 2000 2508 ἀπαλλαγήσε-

349 2523 475 2576 σθαι
507 2519 604 2581 τῆς
659 2513 930 2587 τιμωρίας
974 2512 1099 2593 ἔφη.
1156 2515 1476 2585 Βαπτίζεται
1532 2521 1661 2593 γοῦν
1720 2515 1994 2590 ἀπελθὼν,

346 2601 438 2658 καὶ
496 2608 606 2657 τῶν
666 2604 993 2683 ἀπορῥήτων
1051 2605 1363 2682 μυστηρίων
1430 2607 1630 2681 γίνεται
1715 2609 1998 2677 κοινωνὸς,

342 2692 438 2748 καὶ
472 2692 767 2770 σύμμαχος
793 2694 1095 2774 ἀξιόχρεως
1153 2699 1251 2752 τοῦ
1305 2696 1681 2775 κηρύγματος.
1731 2699 1826 2754 Καὶ
1881 2720 2000 2755 και-

340 2782 436 2836 νὸν
469 2786 728 2859 κηρυγμα
767 2782 1143 2856 ἐμπιπευθεὶς
1200 2786 1346 2862 παρὰ
1400 2791 1497 2842 τοῦ
1553 2791 1709 2858 Θεοῦ,
1757 2790 1999 2844 καινοτέ-

339 2893 436 2948 ραν
476 2874 723 2947 εἶχετῆς
775 2872 1047 2950 σωτηρίας
1092 2874 1190 2942 τήν
1248 2874 1521 2954 ὀφορμήν.
1567 2877 1852 2947 Τοσαῦτην
1903 2877 1995 2933 οὖν

340 2957 660 3035 μεταϐολὴν
703 2964 730 3018 6
792 2965 1057 3040 μακάριος
1109 2964 1324 3027 Παῦλος
1369 2964 1646 3040 ἐσχηκὼς,
1679 2965 1758 3021 ἔτι
1803 2965 1859 3023 δὲ
1905 2969 1991 3023 καὶ

330 3056 433 3108 τοῦ
463 3053 638 3126 νόμου
675 3048 906 3127 μεταϐα)
922 3055 1021 3120 ὼν,
1048 3054 1137 3109 καὶ
1170 3053 1343 3119 οῦνως
1390 3055 1465 3118 εἷς
1522 3055 1686 3132 ἂκρον
1726 3053 1994 3121 εὐσεϐείας

2123 1890 2539 1946 fidelissimum
2572 1892 2661 1946 sui
2716 1897 3039 1946 amatorem
3088 1893 3433 1947 instrueret.
3489 1892 3768 1947 Protinus

2123 1981 2281 2036 enim
2312 1998 2383 2036 ex
2412 1981 2581 2035 hoste
2611 1981 2800 2037 factus
2833 1988 2923 2037 est
2948 1983 3049 2037 Dei
3080 1983 3373 2049 minister,
3398 1986 3456 2036 et
3477 1981 3636 2037 illico
3667 1981 3772 2037 ab-

2112 2073 2275 2143 jecta
2304 2070 2620 2127 dementias
2651 2072 2822 2144 copia
2853 2072 3120 2140 militari,
3151 2072 3225 2128 ad
3256 2072 3613 2145 legationem
3639 2089 3770 2144 pro-

2120 2161 2295 2228 cedit,
2327 2161 2665 2232 Christique
2695 2162 3007 2233 proﬁtetur
3036 2162 3284 2231 cultum,
3316 2178 3385 2217 ac
3411 2162 3669 2217 mittitur
3695 2162 3769 2218 ad

2118 2249 2411 2305 Ananiam
2440 2249 2756 2321 quemdam
2792 2251 3223 2306 Damascenum
3255 2250 3639 2322 discipulum.
3674 2252 3767 2306 In-

2118 2340 2302 2394 tuitus
2332 2345 2531 2394 autem
2562 2339 2825 2394 veritatis
2866 2339 3177 2411 indagator
3224 2339 3380 2395 Deus
3429 2340 3764 2397 modestum

2110 2429 2238 2500 jam
2277 2428 2576 2484 redditum
2608 2429 2818 2494 virum,
2851 2429 3195 2501 relictisque
3228 2429 3399 2486 malis
3450 2430 3762 2486 meliorem

2117 2518 2414 2586 effectum,
2449 2535 2573 2574 non
2604 2519 2778 2575 aliter
2807 2519 2975 2575 illum
3009 2537 3186 2592 quam
3221 2520 3330 2575 hoc
3353 2520 3529 2575 modo
3552 2521 3759 2592 utipse

2115 2609 2475 2682 supplicium
2534 2609 2806 2665 evaderet
2861 2610 3140 2666 decrevit.
3217 2612 3502 2683 Egressus
3559 2611 3758 2683 itaque

2111 2697 2443 2770 baptizatur
2458 2715 2526 2754 ac
2541 2697 2934 2753 ineffabilium
2946 2698 3365 2771 mysteriorum
3385 2699 3758 2771 tltparticeps

2112 2792 2170 2842 et
2199 2786 2449 2842 idoneus
2480 2787 2830 2855 commilito,
2855 2804 2921 2843 ac
2953 2792 3355 2859 pr0pugnator
3382 2786 3758 2858 praedicatio-

2108 2875 2238 2931 nis:
2273 2892 2527 2947 cumque
2585 2892 2803 2931 novum
2855 2891 3043 2948 genus
3095 2874 3536 2947 praedicationis
3574 2891 3608 2930 a
3637 2877 3756 2930 Deo

2107 2966 2219 3038 ipsi
2242 2967 2630 3021 commissum
2656 2970 2834 3033 esset,
2856 2982 3071 3021 novum
3094 2964 3349 3020 habebat
3368 2964 3577 3020 salutis
3589 2981 3758 3036 argu-

2105 3062 2395 3114 mentum.
2427 3059 2795 3128 QuaprOpter
2825 3061 2988 3112 tanta
3016 3056 3077 3110 in
3099 3056 3280 3111 Paulo
3304 3055 3459 3111 facta
3479 3056 3753 3112 immuta-

331 3142 503 3212 ξῆλον
566 3144 891 3215 μετατεθεὶς,
933 3141 1073 3199 ὥστε
1108 3143 1236 3206 τοὺς
1277 3143 1538 3215 ἂληθείας
1591 3147 1857 3221 μαθητὰς,
1912 3145 1987 3202 εἷ’-

2106 3146 2287 3211 tione,
2320 3147 2477 3201 circa
2506 3145 2696 3219 legem
2727 3162 2964 3216 quoque
3016 3145 3363 3200 immutatus
3413 3150 3522 3209 est,
3571 3152 3749 3218 atque

332 3251 469 3286 ποτε
526 3226 721 3303 συνέϐη
783 3232 942 3286 αὐτὸν
1007 3230 1426 3309 ἀπτλειφθῆναι,
1506 3232 1594 3290 διὰ
1644 3234 1985 3311 γραμμάτων

331 3313 609 3387 ἱϐεϐαῗου,
637 3319 727 3375 ἳνα
760 3322 835 3392 μή
874 3320 1037 3395 μόνον
1059 3322 1160 3390 τὴν
1194 3319 1284 3377 διὰ
1308 3327 1415 3378 τῶν
1457 3320 1655 3402 ἔργων,
1703 3324 1851 3380 ἀλλᾶ
1896 3326 1986 3381 καὶ

332 3412 435 3477 τήν
470 3409 530 3465 ἐκ
556 3413 663 3464 τῶν
693 3408 879 3488 λόγων
910 3410 986 3474 εἰς
1037 3411 1100 3466 τὸ
1144 3411 1429 3483 μετέπειτα
1478 3415 1784 3483 κτήσωνται
1834 3412 1988 3470 διδα-

336 3496 594 3567 σκαλίαν,
667 3499 757 3555 καὶ
838 3499 1224 3576 ἀμφοτέρωθεν
1284 3500 1682 3581 ὀχυρωθέντες,
1740 3502 1983 3562 ἂσειστον

328 3590 398 3644 τὸ
446 3596 546 3660 τῆς
621 3585 889 3654 εὐσεϐείας
942 3585 1116 3668 ἔρυμα
1167 3590 1220 3647 έν
1272 3596 1340 3665 τῇ
1398 3596 1553 3669 ψυχῇ
1621 3597 1982 3673 περιφέροιεν.

329 3681 483 3735 Μετᾶ
513 3677 570 3735 δέ
600 3702 721 3737 τινα
753 3680 953 3756 χρόνον
984 3681 1060 3745 εἷς
1082 3680 1446 3757 Ἰερουσαλὴμ
1492 3681 1656 3738 πάλιν
1688 3685 1715 3739 6
1764 3685 1981 3750 Παῦλος

330 3769 605 3846 ἐκτρέχει,
637 3770 904 3845 ὀψόμενος
952 3773 1043 3827 τὸν
1105 3762 1329 3846 Πέτρον,
1384 3768 1508 3837 ἔνθα
1566 3770 1632 3844 δὴ
1692 3774 1781 3829 καὶ
1841 3773 1978 3832 διαιο

328 3863 554 3936 ροῦνται
584 3860 721 3936 πρὸς
751 3859 1038 3930 ἀλλήλους
1068 3862 1275 3917 ἅπασαν
1307 3863 1407 3930 τήν
1459 3862 1814 3936 οἰκουμένην,
1875 3866 1979 3923 Καὶ

322 3950 569 4019 τὴντῶν
610 3947 777 4012 ἐθνῶν
843 3946 1036 4025 μερίδα
1094 3947 1307 4012 Παῦλος
1361 3945 1569 4017 λαϐὼν,
1625 3952 1700 4016 ὡς
1758 3950 1824 4023 δὴ
1883 3958 1978 4010 τοῦ

323 4039 538 4115 Πέτρου
565 4038 628 4094 τὸ
660 4036 958 4096 Ἰουδαϊκὸν
992 4037 1265 4102 λαχόντος
1297 4036 1590 4109 διδάσκειν,
1628 4040 1844 4105 πολλὰς
1880 4044 1975 4116 μὲν

320 4128 539 4198 πόλεις,
584 4128 799 4191 πολλὰς
857 4127 915 4185 δὶ
961 4130 1151 4205 χώρας
1209 4131 1612 4206 περιενόστησε.
1656 4134 1871 4209 Μικροῦ
1920 4131 1977 4189 δὲ

318 4220 382 4275 τὸ
417 4218 725 4293 Ἰλλυρικὸν
768 4217 904 4274 ἂπαν
949 4223 1059 4275 τῶν
1114 4220 1216 4290 τῆς
1277 4220 1355 4282 εἷς
1411 4222 1638 4296 Χριστὸν
1699 4218 1975 4288 εὐσεϐείας

323 4307 613 4384 δογμάτων
666 4303 949 4379 ἐνέπλησε.
1011 4307 1196 4381 Μυρία
1250 4312 1381 4383 γοῦν
1456 4307 1711 4366 πάνδεινα
1787 4312 1973 4368 παθὼν

321 4398 412 4454 καὶ
446 4398 684 4459 ὑποστὰς
716 4398 848 4473 ὑπὲρ
876 4404 978 4467 τῆς
1009 4397 1084 4460 είς
1144 4398 1378 4469 Χριστὸν
1429 4397 1685 4470 πίστεως,
1726 4399 1972 4464 πολλούς

319 4509 379 4545 τε
409 4488 501 4544 καὶ
532 4486 824 4563 διαφόρους
863 4485 1171 4558 κινδύνους,
1229 4489 1391 4551 ’ὀσους
1450 4489 1610 4552 αὐτὸς
1670 4491 1973 4571 ἀναγράφε-

319 4600 432 4649 ται,
463 4578 596 4654 ὑπὲρ
625 4582 721 4633 τοῦ
754 4575 1115 4652 Εὗαγγελίου,
1146 4577 1236 4633 καὶ
1285 4575 1451 4642 ὅλους
1502 4578 1703 4642 αὐτοὺς
1748 4581 1971 4649 νικήσας

319 4667 413 4722 καὶ
443 4665 943 4745 έξαγκωνισάμενος
980 4665 1157 4722 πίστει
1189 4665 1290 4738 (εἷς
1340 4667 1431 4722 ’ὸτε
1481 4666 1582 4743 γὰρ
1628 4667 1754 4724 τότε
1800 4665 1968 4739 ἤθελε

319 4754 561 4825 Παῦλος,
596 4756 624 4811 6
654 4756 783 4815 Θεὸς
835 4754 923 4811 καὶ
951 4757 987 4825 ἡ
1021 4756 1328 4830 προθεσμία
1379 4757 1547 4812 αὐτοῦ
1602 4760 1793 4813 τοῦτον
1847 4778 1969 4812 κατ-

317 4850 441 4924 εῖχε
489 4842 689 4919 διάγειν
753 4843 888 4917 μετὰ
959 4843 1278 4916 ἀνθρώπων,
1339 4844 1414 4906 είς
1473 4844 1565 4900 ὅτε
1619 4864 1679 4900 τε
1731 4844 1965 4922 Εὐαγγέ-

313 4932 439 4991 λιον
480 4933 646 4989 ἆπασι
702 4939 818 4995 τοῖς
867 4931 1040 4988 ἔθνεσι
1096 4931 1361 5009 κηρύξει),
1421 4934 1519 5007 ὀψὲ
1579 4931 1645 5005 δή
1706 4955 1812 4989 που
1864 4940 1966 5005 τῆς

312 5021 482 5100 ὥρας,
543 5023 698 5086 αὖθις
752 5023 780 5077 6
838 5020 1057 5085 Παῦλος
1108 5020 1382 5076 ἒπάνεισιν
1441 5021 1519 5085 εἷς
1577 5024 1958 5097 Ἱεροσόλυμα,

307 5113 439 5175 τοῦς
498 5112 669 5168 ἐκεῖσε
726 5111 910 5187 ἅγίους
994 5110 1443 5187 ἐπισκεψόμενος,
1500 5112 1587 5169 καὶ
1657 5117 1774 5175 τοῖς
1828 5111 1962 5187 τῇδε

308 5206 563 5279 πτωχοῖς
595 5200 992 5274 ἐπικουρήσων.
1026 5201 1113 5258 Ἑν
1147 5199 1205 5256 δὲ
1244 5205 1326 5271 τῷ
1378 5201 1596 5275 μεταξὺ,
1655 5202 1839 5266 στάσις
1875 5223 1959 5266 τις

308 5289 632 5363 κατειλήφει
662 5291 762 5359 τὴν
808 5288 993 5360 πόλιν,
1040 5290 1131 5345 καὶ
1189 5292 1216 5344 6
1268 5286 1447 5363 δῆμος
1505 5291 1572 5360 ἦν
1630 5290 1681 5345 έν
1740 5285 1957 5367 θορύϐῳ

308 5380 533 5452 πολλῷ,
567 5376 848 5434 Ἰουδαίων
879 5377 1251 5454 ταραττόντων
1282 5376 1345 5432 τὸ
1374 5377 1579 5436 κοινόν.
1628 5379 1810 5434 Δεινὸν
1857 5377 1961 5454 γὰρ

308 5470 401 5527 καὶ
437 5468 576 5545 βαρὺ
606 5469 889 5543 ἡγήσαντο
926 5469 1227 5543 κατήγορον
1275 5461 1424 5544 ἔχειν
1472 5467 1563 5523 τὸν
1611 5466 1780 5524 πάλαι
1825 5488 1958 5545 προ·

310 5557 512 5630 πάτην
540 5558 631 5614 καὶ
658 5557 923 5612 κοινωνὸν
950 5555 1128 5612 αὐτῶν
1173 5562 1274 5625 τῆς
1332 5558 1547 5630 μανίας,
1600 5559 1691 5615 καὶ
1728 5556 1957 5614 κτείνειν

311 5647 470 5707 αὐτὸν
506 5643 860 5716 ἑσποῦδαζον.
891 5643 1051 5716 Ἀλλ,
1110 5643 1262 5707 εὐθὺς
1316 5647 1344 5702 6
1397 5645 1699 5723 χιλίαρχος
1760 5652 1957 5705 τοῦτον

2100 3236 2245 3292 adeo
2270 3236 2332 3290 in
2351 3243 2681 3291 extremum
2705 3234 2945 3307 pietatis
2974 3235 3162 3290 zelum
3194 3234 3521 3302 traductus,
3554 3239 3621 3290 ut
3650 3252 3745 3291 ve-

2093 3325 2287 3381 ritatis
2301 3324 2701 3396 discipulos,si
2720 3324 2956 3397 quando
2971 3341 3106 3380 eum
3119 3323 3325 3379 abesse
3350 3324 3747 3397 contingeret,

2094 3414 2311 3470 litteris
2336 3415 2741 3479 conﬁrmaret,
2762 3430 2838 3469 ne
2859 3414 2932 3469 ab
2952 3413 3235 3486 operibus
3261 3413 3476 3475 solum,
3492 3412 3596 3469 sed
3622 3430 3744 3468 ser-

2090 3503 2369 3561 monibus
2392 3520 2628 3576 quoque
2652 3505 2712 3559 in
2746 3510 3052 3575 posterum
3079 3502 3410 3558 doctrinam
3443 3502 3555 3558 sibi
3579 3502 3651 3559 ab
3670 3520 3739 3559 eo

2091 3600 2545 3665 compararent:
2597 3610 2665 3649 ae
2704 3594 2987 3665 utrinque
3043 3593 3257 3647 muniti
3316 3592 3738 3648 inconcussum

2088 3683 2326 3755 pietatis
2355 3683 2867 3757 propugnaculum
2898 3683 2961 3738 in
3019 3682 3219 3738 anima
3264 3681 3735 3740 circumferrent.

2088 3774 2228 3828 Post
2251 3773 2624 3845 aliquantum
2650 3789 2785 3829 vero
2806 3771 3094 3844 temporis
3124 3787 3361 3826 rursum
3391 3770 3609 3826 Paulus
3640 3772 3733 3826 Je-

2085 3864 2343 3919 rusalem
2358 3864 2691 3931 revertitur,
2722 3864 2955 3918 visurus
2968 3860 3345 3929 Petrum,ubi
3368 3861 3545 3916 etiam
3574 3861 3735 3917 inter

2087 3970 2150 4009 se
2181 3955 2327 4009 191
2383 3955 2722 4025 partiuntur
2778 3953 3121 4008 universum
3177 3952 3401 4008 orbem.
3462 3952 3728 4023 Cumque

2085 4048 2313 4115 partem
2343 4043 2608 4115 gentium
2640 4041 2858 4098 Paulus
2884 4044 3230 4114 accepisset,
3263 4043 3436 4096 Petro
3469 4057 3610 4097 sane
3629 4043 3731 4099 Ju-

2084 4131 2319 4188 daicum
2349 4131 2635 4204 populum
2659 4131 2865 4186 sortito
2896 4131 3253 4195 docendum.
3287 4131 3576 4203 plurimas
3598 4139 3725 4188 tum

2083 4220 2350 4276 civitates
2374 4226 2498 4275 tum
2523 4221 2796 4293 regiones
2818 4220 3182 4293 peragravit:
3216 4220 3496 4289 brevique
3538 4227 3727 4276 totum

2080 4309 2383 4383 Illyricum
2415 4309 2706 4382 dogmatis
2738 4308 2809 4364 de
2841 4309 3056 4363 Christi
3086 4309 3250 4363 cultu
3281 4310 3728 4380 replevit.Innu-

2079 4415 2245 4455 mera
2274 4399 2452 4472 igitur
2472 4416 2681 4471 passus
2699 4397 3048 4463 certamina,
3073 4414 3141 4453 ac
3163 4397 3465 4452 sustinens
3478 4414 3583 4468 pro
3606 4398 3723 4453 fide

2082 4488 2297 4546 Christi
2327 4494 2386 4544 et
2414 4505 2519 4561 pro
2551 4487 2864 4561 Evangelia
2898 4486 3086 4542 multa
3114 4487 3389 4557 variaque
3439 4485 3723 4557 pericula,

2002 4567 2048 4631 D
2079 4595 2211 4650 quas
2241 4577 2368 4651 ipse
2399 4577 2718 4634 describit:
2751 4594 2886 4633 cum
2917 4577 3197 4632 universa
3228 4574 3558 4641 devicisset,
3574 4574 3722 4630 fide-

2080 4683 2193 4738 que
2220 4672 2563 4739 superasset
2618 4667 2911 4739 (quandiu
2971 4666 3133 4722 enim
3186 4663 3424 4721 volebat
3479 4664 3719 4733 Paulus,

2077 4755 2232 4810 Deus
2261 4755 2336 4811 ad
2367 4755 2678 4811 definitum
2709 4755 2823 4828 ipsi
2860 4761 3110 4827 tempus,
3142 4759 3207 4809 ut
3235 4754 3393 4809 inter
3449 4753 3721 4810 homines

2075 4843 2334 4918 degeret,
2366 4845 2525 4900 hunc
2550 4844 2865 4911 retinebat,
2899 4843 3090 4900 donec
3116 4843 3410 4900 universis
3446 4842 3723 4917 gentibus

2072 4933 2454 5007 Evangelium
2484 4934 2875 5008 praedicaret),
2909 4933 3243 4990 declinante
3264 4932 3552 4989 nimirum
3571 4939 3717 4990 tem-

2072 5038 2235 5095 pore,
2266 5041 2503 5080 rursum
2536 5024 2754 5079 Paulus
2804 5022 3211 5096 Hierosolyma
3258 5010 3607 5088 revertitur;
3658 5028 3723 5078 ut

2074 5116 2309 5168 sanctos
2341 5113 2441 5183 qui
2474 5112 2694 5169 ibidem
2738 5112 2992 5185 agebant
3042 5112 3343 5180 inviseret,
3396 5111 3717 5184 egenisque

2072 5201 2359 5257 auxilium
2389 5201 2589 5255 ferret.
2622 5202 2863 5256 Interim
2898 5216 3031 5256 vero
3066 5200 3278 5256 seditio
3311 5199 3583 5272 quaedam
3616 5217 3718 5256 oc-

2072 5290 2307 5362 cupavit
2334 5289 2654 5359 civitatem,
2690 5296 2747 5345 et
2777 5291 3031 5362 populus
3064 5290 3122 5345 in
3166 5291 3486 5345 tumultum
3539 5289 3718 5345 vehe-

2072 5383 2333 5435 mentem
2365 5395 2564 5434 versus
2592 5386 2735 5444 erat,
2759 5379 2977 5435 Judmis
2996 5379 3229 5451 plebem
3253 5378 3710 5436 concitantibus.

2069 5467 2384 5540 Indignum
2403 5468 2563 5523 enim
2586 5474 2644 5523 et
2672 5485 2842 5542 grave
2866 5468 3162 5524 ducebant
3181 5474 3587 5523 accusatorem
3611 5467 3713 5522 ha-

2068 5556 2208 5613 bere
2240 5573 2398 5625 eum,
2431 5557 2533 5629 qui
2566 5557 2705 5613 olim
2738 5558 2854 5613 dux
2884 5557 3029 5629 ipsis
3061 5563 3189 5613 erat
3215 5574 3282 5613 ac
3308 5557 3605 5628 particeps
3627 5557 3713 5612 in-

2070 5649 2253 5706 sania:
2310 5650 2601 5723 ipsorum,
2659 5666 2916 5722 cumque
2973 5649 3244 5707 occidere
3324 5647 3708 5706 festinabant.
