4150 6200
411 385 520 448 311

1534 377 1960 442 mCUMENII
2004 373 2311 435 ΤΙΝΕοΕ
2355 375 2702 438 EPISCOPI

3708 379 3828 437 312

407 519 624 574 Verum
649 517 925 572 tribunus
950 518 1152 573 statim
1176 531 1310 572 eum
1335 514 1635 586 eripuit,et
1655 529 1787 568 cum
1813 509 2056 566 militari
2090 565 2093 574 ,

2204 507 2486 584 ξαιρεῖται,
2517 508 2605 564 καὶ
2641 508 2775 582 μετᾶ
2833 515 3233 584 στρατιωτικῆς
3295 505 3550 584 βοηθείας
3602 507 3678 571 είς
3725 513 3826 582 τήν

416 609 636 665 auxilio
661 608 860 678 ipsum
887 607 1214 662 Cmsaream
1237 605 1309 659 ad
1331 604 1644 674 prauide
1672 602 1874 658 mittit.
1893 604 2076 656 Acce—

416 703 635 770 perunt
663 715 798 770 ergo
833 699 1028 768 ipsum
1062 703 1119 750 et
1149 695 1220 750 ad
1253 696 1460 750 ducem
1485 693 1748 766 gentium
1779 692 2080 747 duxerunt

425 789 526 860 qui
559 790 765 842 Festus
797 785 1122 841 dicebatur.
1159 785 1300 839 Cum
1337 789 1534 838 autem
1581 783 1830 838 sentiret
1859 783 2078 838 Paulus

423 883 784 950 praeparatas
799 877 1080 930 adversus
1101 873 1422 929 seinsidias
1441 889 1474 927 a
1495 873 1736 938 Judaeis,
1767 873 1972 928 statim
2005 873 2078 928 ad

2181 599 2502 675 Καισάρειαν
2561 603 2697 674 πρῦς
2748 598 2840 653 τὸν
2895 599 3137 673 ἡγεμόνα
3213 597 3437 672 πέμπει.

2181 685 2274 742 οὖν
2306 688 2488 757 αὐτὸν,
2520 688 2611 743 καὶ
2641 687 2776 762 πρὸς
2806 687 2896 742 τὸν
2927 687 3200 767 ἐθνάρχην
3233 690 3391 763 ἦγον,
3423 694 3642 757 Φῆστος
3704 685 3829 745 ὅνο-

429 967 690 1023 tribunal
721 971 884 1020 stans
917 965 1205 1017 Caesarem
1239 963 1534 1033 appellat:
1569 972 1628 1018 et
1657 961 1928 1018 redditur
1947 963 2080 1034 qui-

431 1058 566 1112 dem
593 1054 830 1108 interim
853 1052 980 1106 foro
997 1051 1738 1122 judicia.li,quievittamen
1759 1053 2080 1121 accusatio,

437 1162 565 1216 qua:
594 1143 875 1196 adversus
906 1142 1102 1210 ipsum
1135 1158 1170 1196 a
1196 1141 1414 1197 Judmzs
1445 1143 1776 1214 excogitata
1816 1149 1979 1199 erat:
2015 1160 2082 1200 ac

433 1229 810 1304 postmodum
863 1231 1110 1284 Romam
1145 1247 1178 1285 a
1207 1231 1654 1304 magistratibus
1703 1233 1960 1288 mittitur
2010 1233 2084 1289 ad

435 1321 722 1374 Caesarem
754 1336 766 1371 :
800 1318 902 1373 ubi
935 1335 1066 1373 cum
1104 1320 1310 1375 eadem
1344 1321 1673 1378 certamina
1705 1323 2084 1395 suscepisset,

436 1425 504 1464 ac
533 1426 640 1480 pro
672 1408 896 1464 eisdem
931 1410 1194 1481 praemiis
1227 1409 1576 1478 laborasset,
1637 1412 1878 1467 tandem
1913 1429 1942 1467 e
1974 1413 2090 1467 vita

442 1517 678 1572 quoque
703 1517 807 1572 pro
841 1501 1109 1556 veritatis
1140 1502 1514 1574 dogmatibus
1545 1505 1836 1559 excessit:
1878 1504 2086 1560 melio-

439 1607 566 1647 rem
600 1607 728 1646 esse
751 1590 1054 1662 judicans,
1089 1609 1220 1662 qum
1253 1609 1386 1648 cum
1418 1593 1648 1648 Christo
1677 1599 2088 1648 essetconver-

450 1683 764 1747 sationem,
797 1682 1036 1737 mortali
1067 1683 1177 1736 hac
1207 1687 1265 1734 et
1303 1682 1494 1753 fragili
1545 1683 1679 1737 vita.
1723 1684 1864 1736 Nam
1913 1681 2090 1753 paulo

449 1777 584 1844 post
611 1771 818 1824 volens
848 1771 1018 1824 illum
1041 1771 1234 1823 Caesar
1263 1771 1411 1822 Nero
1433 1770 1506 1823 ab
1537 1769 1646 1824 hac
1676 1770 1796 1824 vita
1817 1770 2090 1839 educere,

3519 595 3826 655 Συνὲλαϐον

2189 799 2261 852 μα
2291 776 2462 850 αὐτῷ.
2495 777 2827 850 Αἱσθόμενος
2875 775 2952 844 δὲ,
3011 779 3271 846 σοσκευην
3323 779 3439 832 κατ’
3489 777 3654 833 αὐτοῦ
3709 799 3832 833 τινα

2355 867 2373 900 ι
2516 868 2529 884 .
2591 868 2604 884 .
2647 870 2656 888 ,
2764 865 2782 884 ε
2832 867 2842 884 ι
3035 871 3060 882 ..
3268 867 3280 884 ν
3328 869 3339 884 ι
3510 869 3524 888 .
3655 872 3677 883 ..

2183 889 2475 944 γινομενην
2511 889 2614 922 uno
2664 870 2918 924 Ιουοαιων
2953 866 3190 935 Παυλος,
3232 871 3385 929 ευθυς
3437 867 3526 922 ἐπι
3584 889 3681 924 του
3735 869 3835 942 βή-

2189 978 2356 1032 ματος
2415 956 2753 1014 ἐπικαλεῖται
2809 961 2899 1012 τὸν
2985 957 3241 1032 Καίσαρα.
3309 958 3414 1014 Καὶ
3479 957 3680 1012 ἀνίεται
3742 958 3836 1030 μὲν

2183 1047 2445 1110 τέωςτοῦ
2471 1047 2785 1122 κριτηρίου,
2820 1049 2978 1124 ἀργεῖ
3008 1045 3064 1101 δὲ
3097 1048 3130 1115 ἡ
3164 1047 3280 1100 κατ’
3313 1045 3478 1102 αὐτοῦ
3524 1051 3642 1110 τοῖς
3697 1048 3836 1102 Ἰου-

2189 1135 2366 1199 δαίοις
2429 1135 2780 1211 μελετωμένη
2841 1130 3136 1206 ἐπιϐουλὴ,
3195 1136 3282 1190 καὶ
3347 1135 3542 1190 λοιπὸν
3609 1136 3684 1198 εἷς
3740 1137 3837 1205 τήν

2189 1227 2415 1300 Ῥώμην
2446 1226 2549 1280 ὑπὸ
2570 1231 2676 1280 τῶν
2715 1224 2995 1301 ἀρχόντων
3031 1223 3361 1298 ἐκπέμπεται
3392 1225 3527 1300 πρὸς
3568 1227 3831 1302 Καίσαρα.

2191 1315 2423 1372 Κάκεῖσε
2449 1315 2576 1377 τοὺς
2610 1315 2804 1376 αὐτοὺς
2836 1315 3046 1388 ἀγῶνας
3079 1311 3230 1369 ἔπιδε
3259 1315 3510 1388 ξάμενος,
3560 1316 3652 1370 καὶ
3701 1316 3832 1388 ὑπὲρ

2187 1409 2295 1459 τῶν
2326 1404 2502 1458 αὐτῶν
2536 1402 2718 1467 ἄθλων
2753 1402 2999 1471 πονέσας,
3033 1399 3192 1466 τὲλυς
3221 1405 3310 1460 καὶ
3341 1404 3510 1476 αὐτῆς
3541 1412 3642 1476 τῆς
3682 1411 3832 1476 ζωῆς

2193 1495 2326 1568 ὑπὲρ
2354 1497 2461 1548 τῶν
2485 1501 2586 1564 τῆς
2618 1491 2880 1564 ἀληθείας
2913 1490 3202 1568 δογμάτων
3223 1491 3428 1568 ἐξέστη,
3458 1493 3675 1570 βέλτιον
3699 1497 3838 1550 εἶναι

2191 1583 2372 1658 κρίνας
2402 1584 2500 1652 τὴν
2536 1584 2668 1656 μετὰ
2699 1587 2932 1658 Χριστοῦ
2959 1579 3257 1660 διαγωγὴν,
3277 1591 3377 1653 τῆς
3409 1585 3612 1654 θνητῆς
3637 1583 3838 1654 ταύτης

2191 1675 2282 1728 καὶ
2314 1674 2578 1747 ἐπικήρου
2607 1677 2774 1743 ζωῆς.
2811 1673 3016 1748 Μικρὸν
3053 1674 3156 1748 γὰρ
3195 1675 3415 1749 ὕστερον
3446 1675 3473 1728 ὁ
3509 1677 3711 1748 Καῖσαρ
3741 1672 3841 1728 Νέ-

2198 1781 2304 1836 ρων
2347 1760 2642 1837 βουληθεὶς
2702 1760 2863 1815 αὐτὸν
2919 1767 3020 1830 τῆς
3081 1766 3229 1831 ζωῆς
3285 1761 3486 1833 ταύτης
3546 1761 3840 1838 ἐξαγαγεῖν,

437 1876 636 1913 veram
667 1859 800 1928 ipsi,
827 1874 1075 1928 quaeque
1099 1858 1224 1912 sola
1249 1873 1382 1912 vera
1399 1859 1514 1912 vita
1545 1863 1652 1925 est,
1677 1857 1934 1928 donavit,
1969 1879 2082 1917 cm-

2204 1851 2296 1919 τ-ἓ,ν
2327 1847 2594 1921 ἀληθινὴν
2625 1849 2768 1923 αὐτῷ
2800 1851 2887 1905 καὶ
2951 1846 3120 1913 ὅντως
3178 1851 3322 1920 ζωὴν
3377 1850 3693 1930 ἐχαρίσατο,
3755 1852 3848 1908 καὶ

446 1948 608 2017 lique
640 1945 938 2000 hmrcdem
985 1945 1314 2010 constituit,
1377 1963 1554 2016 quem
1615 1953 1772 2003 terra
1829 1952 2095 2022 privavit}.

451 2036 594 2089 Sunt
627 2035 826 2105 itaque
861 2035 1146 2101 civitates,
1186 2050 1332 2105 quas
1365 2052 1470 2091 sua
1499 2037 1921 2108 praedicatione
1955 2061 2094 2115 per-

450 2123 724 2178 lustravit
753 2122 1193 2177 illustrissimus
1223 2123 1440 2178 Christi
1465 2126 1767 2196 apostolus
1789 2130 2102 2202 Paulus,ut

451 2213 514 2268 in
545 2212 962 2284 compendium
993 2211 1320 2268 referamus
1352 2229 1482 2284 quae
1515 2222 1865 2287 sequuntur.

599 2304 752 2358 192
785 2303 1308 2358 PEREGRINATIO
1340 2305 1553 2360 PAULI
1584 2308 1948 2368 APOSTOIJ.

517 2395 562 2447 Α
586 2393 869 2447 Damasco
893 2391 1487 2464 cmpit,ascenditque
1503 2395 1933 2470 Hierosolyma,
1959 2401 2098 2460 inde

447 2482 710 2538 Tarsum.
747 2487 806 2535 et
834 2481 905 2536 ab
941 2496 1009 2535 eo
1042 2480 1169 2536 loco
1204 2483 1603 2546 Antiochiam,
1627 2503 1988 2561 rursumque
2009 2507 2098 2548 se-

447 2571 640 2626 cundo
669 2570 1097 2641 Hierosolyma,
1132 2587 1199 2626 ac
1232 2572 1428 2627 denuo
1455 2573 1854 2644 Antiochiam,
1883 2579 2098 2636 etinde

446 2677 582 2718 cum
615 2659 884 2716 Barnaba
907 2665 1212 2731 separatus
1244 2660 1303 2714 in
1335 2661 1731 2732 apostolatum
1789 2665 2104 2724 descendit

446 2750 800 2810 Seleuciam,
837 2748 1051 2803 deinde
1101 2755 1374 2821 Cyprum,
1435 2751 1536 2805 ubi
1589 2758 1648 2807 et
1701 2754 1922 2811 Paulus
1983 2757 2099 2813 dici

445 2845 672 2910 cceptus
700 2838 1192 2910 est.postmodum
1217 2841 1462 2911 Pergen,
1485 2841 1700 2898 deinde
1722 2845 2101 2902 Antiochiam

450 2928 710 2994 Pisidia),
743 2927 882 2981 inde
919 2927 1203 2994 lconium,
1247 2927 1386 2982 hinc
1433 2929 1696 3000 Lystram
1753 2950 1819 2989 ac
1867 2935 2100 2992 Derben

453 3018 779 3087 Lycaoniae.
815 3017 1196 3072 Postmodum
1219 3018 1278 3072 in
1304 3019 1944 3090 Pamphiliam,deinde
1967 3027 2101 3079 Per-

445 3123 580 3179 gen,
613 3107 752 3162 hinc
783 3107 1083 3169 Attaliam,
1117 3124 1355 3162 rursum
1389 3109 1560 3164 tertio
1591 3111 1972 3168 Antiochiam
1996 3114 2102 3186 Sy-

449 3197 575 3252 riae.
609 3196 994 3251 Postmodum
1029 3196 1201 3251 tertio
1241 3214 1478 3252 rursum
1534 3200 1940 3273 Hierosolyma
1987 3203 2092 3257 cir-

451 3285 837 3342 cumcisionis
871 3301 1049 3340 causa
1080 3302 1092 3338 :
1139 3285 1356 3340 deinde
1389 3287 1604 3342 iterum
1636 3297 1844 3360 quarto
1895 3293 2100 3348 Antio-

450 3376 668 3430 chiam.
720 3376 865 3429 Tum
924 3375 1306 3444 pertransivit
1389 3376 1618 3448 Syriam
1678 3395 1744 3435 ac
1809 3379 2094 3437 Ciliciam.

447 3469 703 3521 Rursum
738 3463 1000 3518 secundo
1033 3463 1264 3518 Derben
1296 3480 1363 3520 ac
1413 3466 1702 3537 Lystram,
1750 3470 1851 3524 ubi
1903 3472 2095 3526 Timo-

449 3556 655 3610 theum
687 3553 1080 3608 circumcidit.
1113 3555 1179 3608 In
1239 3555 1577 3627 Phrygiam,
1633 3560 2010 3629 postmodum
2042 3565 2101 3618 et

449 3643 770 3698 Galaticam
803 3642 1127 3714 regionem,
1162 3643 1384 3697 indein
1411 3645 1674 3714 Mysiam,
1705 3651 2096 3719 posteaTroa-

448 3734 604 3798 dem,
641 3731 853 3786 etinde
875 3731 1199 3802 Neapolim.
1223 3731 1368 3786 Hinc
1395 3733 1718 3805 Philippos,
1745 3737 2097 3792 Macedoniae

449 3822 680 3888 urbem,
713 3819 929 3874 deinde
961 3819 1364 3892 Amphipolim
1417 3821 1915 3896 Apolloniamque
1965 3843 2097 3897 per-

451 3911 748 3966 transiens
805 3909 964 3964 venit
1015 3910 1542 3967 Thessalonicam:
1591 3913 1750 3968 unde
1813 3915 2096 3972 Beroeam.

453 4001 596 4054 l-linc
620 3999 880 4054 secundo
913 3999 1284 4054 Antiochiam
1308 4000 1828 4058 PisidiaeRursum
1855 4005 1914 4059 in
1930 4005 2097 4060 Gala-

449 4091 626 4144 ticam
657 4089 957 4156 regionem
992 4105 1058 4143 ac
1089 4089 1402 4161 Phrygiam
1430 4106 1443 4144 :
1505 4090 1718 4148 deinde
1757 4094 1972 4148 iterum
2003 4111 2096 4149 se-

450 4181 642 4236 cundo
675 4179 974 4250 Ephesum
1009 4195 1021 4232 :
1055 4179 1212 4234 unde
1245 4181 1651 4250 pertransiens
1695 4183 2098 4240 Macedoniam

450 4272 609 4326 venit
637 4271 698 4324 in
737 4270 1014 4324 Graeciam
1051 4285 1062 4322 :
1099 4274 1156 4323 et
1208 4269 1346 4324 inde
1403 4273 1703 4342 praeterita
1759 4273 2100 4330 Macedonia

451 4377 688 4417 rursum
713 4358 1040 4429 Philippos,
1066 4363 1124 4411 et
1146 4373 1180 4412 a
1200 4357 1490 4430 Philippis
1512 4363 1821 4430 Troadem,
1852 4363 1954 4419 ubi
1985 4363 2098 4419 Eu-

453 4452 717 4524 tychum,
744 4449 842 4520 qui
870 4465 904 4503 a
925 4447 1227 4504 caenaculo
1253 4449 1568 4518 ceciderat,
1597 4454 1916 4508 suscitavit.
1953 4454 2098 4509 Hinc

453 4550 667 4602 Asson.
702 4545 758 4593 et
781 4535 1160 4610 postmodum
1185 4537 1548 4608 Mytilenem,
1575 4541 1791 4596 deinde
1815 4543 1874 4597 in
1901 4549 2099 4614 partes

451 4651 582 4705 quae
613 4631 739 4686 sita:
766 4633 906 4683 sunt
927 4631 1133 4682 contra
1154 4627 1387 4692 Chium,
1412 4629 1569 4683 unde
1593 4630 1862 4686 Samum:
1891 4639 2098 4704 postea

449 4723 734 4783 Miletum,
769 4717 926 4773 unde
957 4716 1254 4771 advocatis
1281 4717 1374 4771 his
1406 4718 1504 4788 qui
1535 4719 1750 4790 Ephesi
1785 4721 2092 4794 degebant,

447 4813 680 4866 locutus
701 4814 789 4863 est
818 4824 954 4862 cum
987 4806 1101 4860 eis:
1130 4805 1270 4860 hinc
1301 4806 1505 4872 Coum,
1539 4809 1915 4880 postmodum
1941 4812 2094 4868 Rho-

449 4903 628 4957 dum:
689 4905 748 4954 et
804 4898 942 4954 inde
999 4899 1293 4964 Pataram,
1353 4897 1513 4952 unde
1577 4901 1810 4969 Tyrum.
1875 4902 2094 4958 Deinde

449 4988 903 5052 Ptolemaidem,
931 4987 1189 5056 indeque
1227 4993 1572 5043 ('msaream.
1615 4989 1684 5043 Et
1713 4989 1853 5046 hinc
1885 4997 2094 5062 quarto

451 5097 688 5138 rursum
721 5077 990 5132 ascendit
1047 5077 1474 5148 Hierosolyma,
1525 5077 1682 5132 unde
1738 5080 1956 5136 missus
2006 5086 2097 5138 est

451 5175 778 5228 Caesaream
806 5185 817 5222 :
853 5184 920 5223 ac
951 5165 1328 5238 postmodum
1361 5167 1590 5223 vinctus
1621 5171 1885 5226 Romam.
1937 5171 2022 5226 Ita
2061 5187 2095 5228 a

449 5263 717 5317 Caesarea
747 5256 906 5312 venit
933 5255 1214 5310 Sidonem
1245 5261 1304 5310 et
1335 5256 1473 5312 inde
1501 5259 2095 5332 MyraLyciae,postea

448 5351 742 5407 Cnidum:
776 5353 831 5402 et
861 5346 999 5400 hinc
1031 5343 1220 5399 multa
1257 5360 1466 5416 passus
1497 5346 1559 5402 in
1611 5348 1868 5404 insulam
1913 5351 2092 5416 venit,

445 5442 548 5498 ubi
581 5441 781 5512 vipera
822 5452 1064 5492 manum
1096 5434 1224 5508 ejus
1282 5437 1695 5508 apprehendit,
1756 5440 2092 5512 mansitque

452 5532 700 5590 illaasus.

2207 1943 2431 2010 καθιστᾷ
2487 1939 2719 2015 οὐρανοῦ
2769 1938 3138 2016 κληρόνόμον,
3209 1941 3265 1994 ’ὸν
3326 1948 3426 2010 τῆς
3476 1947 3578 2016 γῆς
3637 1941 3851 1996 ἀπεστέ-

2211 2051 2388 2106 ρησεν.
2451 2027 2597 2085 Εἰσὶν
2651 2028 2741 2084 οὗν
2803 2030 2857 2084 αἱ
2913 2027 3213 2099 πολιτεῖαι,
3270 2025 3330 2093 εἷς
3389 2034 3468 2102 τῷ
3539 2031 3850 2106 κηρύγματι

2207 2117 2499 2194 περιῆλθεν
2559 2118 2586 2174 ὁ
2639 2117 2994 2196 πανεύφημος
3073 2123 3168 2174 τοῦ
3240 2121 3470 2194 Χριστοῦ
3545 2119 3850 2183 ἀπόστολος

2210 2207 2449 2276 Παῦλος,
2481 2208 2555 2271 ὡς
2587 2207 2637 2262 ἐν
2676 2209 2925 2281 συντόμῳ
2951 2207 3140 2276 εἷπεῖν,
3173 2209 3349 2263 αὗται·
3531 2222 3536 2228 “

2344 2301 2740 2357 ΑΠΟΔΗΜΙΑΙ
2783 2299 3061 2356 ΗΑΥΛΟΥ
3097 2299 3228 2356 ΤΟΥ
3265 2300 3713 2359 ΑῐΙΟΣἸῸΛΟΥ.

2281 2389 2417 2446 Ἀπὸ
2451 2392 2738 2460 Δαμασκοῦ
2767 2385 2991 2463 ἤρξατο,
3023 2387 3113 2442 καὶ
3171 2386 3401 2458 ἀνῆλθεν
3451 2389 3528 2451 εἷς
3582 2391 3853 2462 Ἰερουσα-

2211 2477 2353 2551 λήμ.
2387 2480 2622 2542 Ἐκεῖθεν
2657 2477 2732 2540 εἷς
2773 2478 3000 2553 Ταρσόν.
3064 2479 3314 2533 Κάκεῖθεν
3367 2477 3444 2542 εῖς
3497 2477 3852 2554 Ἀντιόχειαν.

2210 2569 2309 2624 Καὶ
2355 2567 2520 2625 πάλιν
2552 2567 3038 2643 είςἹερουσαλὴμ,
3091 2568 3182 2623 καὶ
3240 2567 3406 2625 πάλιν
3467 2567 3711 2646 δεύτερον
3773 2569 3852 2634 εἷς

2209 2657 2574 2732 Ἀντιόχειαν.
2663 2659 2920 2721 Κάκεῖθεν
3000 2657 3310 2737 ἀφορισθεῖς
3399 2657 3532 2732 μετᾶ
3614 2655 3858 2734 Βαρνάϐα

2210 2746 2286 2809 εἷς
2333 2748 2432 2816 τὴν
2485 2745 2801 2813 ἀποστολῆν
2857 2745 3124 2810 κατῆλθεν
3182 2749 3259 2810 εἷς
3320 2747 3662 2806 Σελεύκειαν.
3723 2751 3857 2808 Εἶτα

2211 2835 2285 2897 εἰς
2319 2834 2553 2910 Κύπρον,
2587 2831 2706 2899 ἔνθα
2730 2837 2820 2890 καὶ
2851 2835 3066 2898 Ηαῦλος
3114 2835 3314 2911 ἤρξατο
3371 2837 3678 2904 καλεῖσθαι.
3723 2843 3856 2896 Εἶτα

2238 2926 2252 2948 ν
2372 2926 2382 2946 ν
2615 2927 2643 2948 τι
2768 2927 2786 2944 ι
2847 2928 2859 2948 s
3017 2927 3052 2960 ος
3289 2935 3314 2945 υ
3532 2927 3580 2950 ιη
3761 2933 3788 2952 ν

2209 2948 2284 2988 εις
2319 2933 2555 3000 Περ-(ην,
2589 2947 2706 2980 ειτα
2737 2948 2814 2990 ες
2864 2937 3192 3000 Αντιολειαν
3248 2950 3346 2998 της
3402 2935 3666 2994 Πισιοιας.
3719 2933 3854 2988 Em:

2210 3016 2284 3079 εἷς
2342 3018 2586 3073 Ἰκόνιον.
2649 3017 2784 3073 Εἶτα
2853 3017 2928 3080 εἷς
2993 3019 3258 3093 Λύστραν,
3342 3021 3428 3074 καὶ
3492 3017 3696 3094 Δέρϐην
3755 3029 3856 3092 τῆς

2207 3107 2532 3169 Λυκαονίας.
2567 3106 2702 3164 Εἶτα
2751 3109 2828 3169 είς
2889 3106 3238 3186 Παμφυλίαν.
3299 3109 3433 3164 Εἶτα
3487 3110 3562 3173 εἰς
3621 3112 3857 3187 Πέργην.

2211 3199 2346 3254 Εἶτα
2377 3197 2451 3260 εἷς
2483 3197 2821 3258 Ἀττάλειαν,
2882 3199 3016 3254 Εἶτα
3072 3198 3235 3255 πάλιν
3292 3200 3474 3275 τρίτον
3527 3201 3604 3264 εἷς
3660 3201 3860 3258 Ἀντιό-

2211 3307 2368 3363 χειαν
2392 3295 2492 3358 τῆς
2523 3287 2741 3364 Συρίας.
2801 3289 2936 3344 Εἶτα
2991 3288 3157 3344 πάλιν
3216 3288 3398 3365 τρίτον
3459 3288 3534 3354 εἷς
3591 3291 3858 3366 Ἰερουσα-

2205 3373 2466 3450 λὴμ,διὰ
2516 3378 2618 3446 τὴν
2678 3379 3006 3453 περιτομήν.
3061 3379 3195 3434 Εἶτα
3249 3377 3415 3435 πάλιν
3472 3381 3726 3456 τέταρτον
3777 3381 3854 3444 εἷς

2206 3467 2573 3546 Ἀντιόχειαν.
2607 3467 2744 3524 Εἶτα
2776 3463 2972 3538 διῆλθε
2999 3469 3099 3538 τήν
3149 3468 3347 3544 Συρίαν
3402 3469 3492 3524 καὶ
3541 3472 3642 3540 τὴν
3690 3469 3852 3528 Κιλι-

2205 3554 2346 3614 κίαν.
2379 3556 2515 3611 Εἶτα
2543 3555 2708 3611 πάλιν
2743 3553 2990 3631 δεύτερον
3043 3558 3118 3620 εἷς
3177 3553 3382 3634 Δέρϐην
3441 3557 3532 3614 καὶ
3587 3561 3848 3637 Λύστραν,

2205 3640 2330 3699 ἔνθα
2385 3645 2650 3716 Τιμόθεον
2719 3645 3048 3721 περιέτεμεν.
3129 3648 3267 3704 Εἶτα
3323 3647 3400 3710 εἷς
3459 3649 3703 3724 Φρυγίαν
3758 3651 3848 3706 καὶ

2205 3734 2306 3802 τήν
2339 3733 2642 3804 Γαλατικὴν
2701 3736 2908 3811 χώραν.
2979 3737 3112 3792 Εἶτα
3181 3737 3255 3799 εἰς
3293 3737 3525 3796 Μυσίαν.
3586 3739 3715 3795 Εἶτα
3773 3739 3850 3802 είς

2205 3821 2458 3898 Τρωάδα.
2521 3823 2776 3887 Κάκεῖθεν
2833 3824 2908 3887 εἷς
2965 3825 3263 3884 Νεάπολιν.
3324 3828 3457 3884 Εἶτα
3513 3829 3588 3890 είς
3649 3827 3848 3884 Φιλίπ-

2203 3929 2339 3972 πους
2403 3917 2503 3980 τῆς
2571 3908 2922 3974 Μακεδονίας.
2996 3913 3130 3970 Εἶτα
3179 3911 3377 3971 διελθὼ
3429 3918 3525 3984 τὴν
3579 3917 3847 3995 ’Λμφίπο-

2205 3997 2290 4056 λιν
2315 3999 2403 4054 καὶ
2435 3999 2844 4070 ’Λπολλωνίαη
2875 4001 3044 4071 ἦλθεν
3105 4003 3180 4065 είς
3237 4003 3656 4077 Θεσσαλονίκην.
3719 4008 3850 4064 Εἶτα

2205 4088 2282 4152 εἷς
2317 4091 2560 4163 Βέροιαν.
2596 4090 2732 4147 Εἶτα
2774 4088 3021 4166 δεύτερον
3083 4091 3157 4156 εἰς
3211 4095 3540 4170 Ἀντιόχειαν
3595 4099 3694 4162 τῆς
3753 4098 3851 4154 Πι-

2207 4176 2401 4242 σιδίας.
2437 4179 2566 4236 Εἶτα
2597 4179 2673 4242 είς
2703 4181 2803 4248 τήν
2853 4180 3162 4252 Γαλατικὴν
3209 4185 3394 4260 χώραν
3439 4186 3529 4241 καὶ
3589 4187 3849 4262 Φρυγίαν.

2205 4269 2340 4326 Εἶτα
2363 4268 2527 4324 πάλιν
2559 4266 2806 4346 δεύτερον
2860 4269 2936 4333 ε”ς
2986 4273 3232 4345 Ἔφεσον.
3287 4274 3422 4330 Εἶτα
3471 4273 3702 4340 διελθὼν
3751 4279 3852 4347 τήν

2205 4356 2566 4430 Μακεδονίαν,
2610 4358 2775 4430 ἦλθεν
2839 4359 2915 4422 εἰς
2974 4359 3237 4417 Ἐλλάδα.
3303 4363 3558 4420 Κάκεῖθεν
3620 4363 3848 4430 διελθὼν

2202 4450 2301 4517 τὴν
2334 4447 2694 4518 Μακεδονίαν,
2725 4449 2864 4520 ἦλθε
2893 4451 3058 4506 πάλιν
3090 4449 3336 4528 δεύτερον
3379 4455 3453 4514 είς
3509 4455 3850 4521 Φιλίππους.

2205 4537 2308 4596 Καὶ
2339 4537 2442 4594 ἀπὸ
2485 4537 2765 4595 Φιλίππον
2819 4539 2898 4601 εἷς
2957 4539 3212 4616 Τρωάδα,
3267 4539 3394 4607 ἔνθα
3451 4546 3543 4600 τὸν
3603 4543 3882 4623 Εὔτυχον,

2209 4627 2392 4704 ἤγειρε
2423 4629 2674 4685 πεσόντα.
2707 4629 2842 4683 Εἶτα
2871 4629 2946 4690 εἷς
3003 4631 3104 4700 τήν
3159 4631 3379 4688 Ἄσσον.
3443 4635 3578 4689 Εἶτα
3632 4635 3707 4698 εἰς
3757 4641 3857 4692 Μι-

2207 4717 2473 4790 τυλήνην.
2510 4719 2639 4774 Εἶτα
2671 4717 2744 4782 εἷς
2775 4723 2841 4774 τα
2868 4717 3085 4794 ἀντικρὺ
3115 4721 3274 4780 Χίου.
3327 4722 3460 4777 Εἶτα
3519 4723 3596 4785 είς
3644 4724 3853 4797 Σάμον.

2209 4806 2458 4863 Κάκεῖθεν
2518 4807 2593 4870 εἷς
2679 4807 2947 4878 Μίλητον.
3037 4809 3271 4874 Ἐκεῖθεν
3362 4815 3854 4888 μεταπεμψάμενος

2205 4897 2332 4959 τοὺς
2383 4897 2434 4952 ἐν
2481 4897 2711 4976 Ἐφέσῳ,
2771 4898 3055 4972 ὡμίλησεν
3119 4899 3320 4965 αὐτοῖς.
3381 4903 3516 4960 Εἶτα
3571 4903 3648 4966 είς
3711 4911 3854 4966 Κῶν.

2207 4987 2344 5045 Εἶτα
2376 4986 2450 5049 εἰς
2482 4988 2688 5044 Ῥοόον.
2725 4987 2983 5044 Κάκεῖθεν
3033 4989 3107 5050 είς
3165 4991 3406 5066 Πάταραο
3468 4993 3718 5050 Κάκεῖθεν
3777 4997 3854 5060 εἷς

2207 5076 2406 5152 Τύρον.
2459 5075 2594 5131 Εἶτα
2653 5076 2731 5140 εἷς
2785 5075 3157 5149 Πτολεμαΐδα.
3221 5079 3477 5145 Κάκεῖθεν
3531 5082 3607 5148 εἷς
3667 5085 3881 5142 Καισάισ

2215 5185 2379 5240 ρειαν.
2412 5165 2667 5223 Κάκεῖθεν
2700 5163 2903 5234 ἀνῆλθε
2941 5166 3192 5242 τέταρτον
3241 5169 3406 5224 πάλιν
3459 5171 3535 5235 εἷς
3591 5174 3858 5252 Ἰερουσα-

2212 5253 2354 5328 λήμ.
2436 5255 2686 5310 Κάκεῖθεν
2764 5255 3127 5333 παρεπέμφθη
3216 5257 3292 5320 εἷς
3365 5263 3710 5337 Καισάρειαν,
3757 5263 3857 5320 Καὶ

2211 5343 2404 5400 λοιπὸν
2439 5339 2661 5416 δὲσμιος
2691 5341 2778 5398 ἐπὶ
2825 5341 3070 5416 Ῥώμην,
3118 5343 3292 5409 οὕτως
3343 5347 3451 5404 ἀπὸ
3509 5351 3854 5426 Καισαρείας,

2209 5435 2377 5506 ἦλθεν
2409 5436 2485 5498 είς
2519 5433 2748 5506 Σιδῶνα,
2809 5437 3064 5493 Κάκεῖθεν
3125 5439 3202 5502 εἷς
3261 5441 3418 5517 Μύρα
3475 5450 3577 5512 τῆς
3628 5444 3853 5510 Λυκίας.

2212 5527 2344 5583 Εἶτα
2375 5527 2451 5589 εἷς
2484 5525 2703 5584 Κνίδον.
2755 5527 3007 5583 Κάκεῖθεν
3057 5527 3244 5586 πολλά
3285 5533 3494 5602 παθὼν,
3551 5529 3718 5602 ἦλθεν
3779 5537 3858 5605 είς

2209 5617 2308 5686 τήν
2343 5623 2529 5686 νῆσον,
2563 5615 2687 5680 ἔνθα
2783 5613 2976 5694 ἔχιδνα
3005 5620 3288 5694 καθήψατο
3317 5621 3414 5691 τῆς
3445 5621 3634 5701 χειρὸς
3663 5624 3856 5700 αὐτοῦ,

2211 5704 2300 5763 καί
2328 5703 2536 5782 ἔμεινεν
2569 5699 2838 5777 ἀϐλαϐής.
