4150 6200
393 368 514 430 313

1508 359 1923 422 COMMENT.
1974 357 2050 419 IN
2092 358 2338 421 EPIST.
2383 361 2487 421 AD
2521 362 2708 424 ROM.

3691 361 3811 420 314

479 498 615 558 Εἶτα
663 497 741 559 εἶς
789 494 1158 571 Συρακούσας.
1194 492 1328 552 Εἶτα
1390 492 1467 554 εἷς
1525 492 1768 571 Ῥήγιον.
1802 489 2057 555 Κάκεῖθεν

2243 494 2396 549 198
2421 493 2643 551 Dehinc
2671 495 3011 567 Syracusas,
3052 494 3191 552 inde
3222 493 3544 567 Rhegium:
3576 500 3635 553 et
3671 496 3815 554 hinc

406 591 484 654 είς
508 586 831 651 Ποτιόλους.
892 586 1146 643 Κάκεῖθεν
1206 584 1369 654 πεζὸς
1421 581 1653 652 ἀνῆλθεν
1703 581 1780 646 εἷς
1807 583 2051 654 Ῥώμην,

400 678 826 748 ἀπαντησάντων
879 677 1029 748 αὐτῷ
1077 679 1186 730 τῶν
1231 671 1505 750 ἀδελφῶν,
1553 671 1629 734 είς
1680 671 1913 728 Ἀππίου
1945 671 2053 749 φό-

405 792 500 845 ρον
548 768 638 823 καὶ
684 772 844 841 Τρεῖς
901 760 1199 841 Ταόέρνας,
1257 763 1347 818 καὶ
1405 760 1602 818 λοιπὸν
1658 760 1919 816 εἰσελθὼν
1978 760 2054 824 είς

400 860 649 931 Ῥώμην,
680 856 771 910 καὶ
831 853 1047 927 διδάξας
1104 852 1329 928 χρόνον,
1384 850 1593 917 ὕκανὸν,
1626 850 1846 926 ὕστερον
1877 851 1928 905 ἐν
1957 849 2055 904 αὐ-

394 953 472 1023 τῇ
504 951 574 1021 τῇ
605 947 792 1019 Ῥώμῃ
850 943 1243 1019 ἐμαρτύρησεν,
1302 940 1492 996 αὐτόθι
1549 941 1639 994 τὸν
1672 938 1840 995 καλὸν
1873 940 2057 1015 ἀγῶνα

408 1035 837 1113 ἀγωνισάμενος.
888 1034 1157 1105 Ῥωμαῖοι
1206 1029 1264 1087 δὲ
1313 1028 1701 1104 περικαλλέσιν
1751 1028 1927 1091 οῗκοις
1965 1029 2055 1084 καὶ

405 1124 711 1204 βασιλείοις
757 1124 825 1179 τά
861 1123 1094 1198 λείψανα
1137 1120 1334 1177 τούτου
1390 1119 1784 1194 καθείρξαντες,
1815 1117 2054 1174 ἐπέτειον

404 1217 557 1286 αὐτῷ
618 1215 842 1287 μνήμης
880 1210 1090 1287 ἡμέραν
1141 1209 1594 1288 πανηγυρίζουσι,
1624 1212 1694 1282 τῇ
1751 1210 1859 1282 πρὸ
1888 1214 2054 1284 τριῶν

402 1302 688 1362 καλανδῶν
722 1299 970 1360 Ἰουλίων
1000 1301 1168 1356 αὐτοῦ
1222 1300 1285 1356 τὸ
1337 1298 1637 1374 μαρτύριον
1668 1300 2047 1375 ἑορτάζοντες.

398 1393 623 1458 Πολλὰς
666 1392 723 1450 δὲ
764 1392 855 1449 καὶ
910 1393 1018 1468 πρὸ
1069 1391 1266 1447 τούτου
1314 1388 1422 1461 ἢδη
1470 1390 1810 1465 παραινέσεις
1841 1390 1971 1460 ὑπὲρ
1998 1410 2057 1445 τε

406 1485 533 1562 βίου
563 1484 651 1539 καὶ
685 1485 903 1559 ἀρετῆς,
963 1482 991 1537 6
1054 1481 1320 1555 μακάριος
1375 1480 1695 1549 ἐποιήσατο,
1749 1477 2056 1535 καὶπολλὰ

404 1575 532 1649 περὶ
590 1578 696 1629 τῶν
784 1571 1065 1644 πρακτέων
1142 1575 1258 1631 τοῖς
1338 1568 1645 1640 ἀνθρώποις
1701 1567 2053 1645 εἰσηγήσατο.

401 1660 526 1717 Ἔτι
576 1655 634 1713 δὲ
679 1657 768 1713 καὶ
831 1654 981 1719 ὅλως
1035 1652 1124 1709 διὰ
1177 1661 1279 1725 τῆς
1340 1654 1480 1732 ὑφῆς
1510 1657 1618 1711 τῶν
1652 1650 2053 1729 δεκατεσσάρων

398 1748 707 1805 ἐπιστολῶν
770 1745 1004 1816 τούτων,
1062 1745 1165 1814 τήν
1220 1742 1357 1815 ὅλην
1424 1744 1734 1815 ἀνθρώποις
1801 1740 2057 1818 διέγραψε

2164 584 2627 651 Puteolos,unde
2668 585 2848 656 pedes
2870 587 3141 642 ascendit
3168 587 3814 651 Romam,occurrenti-

2164 672 2273 728 bus
2348 673 2436 728 illi
2493 673 2775 729 fratribus
2828 675 2902 730 ad
2956 676 3125 746 Appii
3167 674 3362 729 forum
3421 690 3488 728 ac
3535 675 3673 729 Tres
3703 677 3812 732 Ta-

2165 762 2405 830 bernas,
2451 769 2510 817 et
2567 770 2769 835 postea
2826 767 3073 819 Romam
3149 766 3450 836 ingressus
3508 764 3814 835 multoque

2169 858 2434 920 tempore
2466 853 2706 916 docens,
2731 854 2968 908 tandem
2992 854 3193 925 inipsa
3219 854 3364 908 urbe
3389 854 3572 909 Roma
3602 860 3816 924 marty-

2167 942 2254 996 rio
2286 941 2463 996 vitam
2497 941 2857 1002 ﬁnivit.cum
2881 941 3102 997 ibidem
3126 941 3348 997 bonum
3380 948 3815 997 catamencer-

2168 1031 2626 1087 tassetﬂomani
2653 1048 2784 1086 vero
2817 1031 3066 1086 inclusis
3089 1032 3221 1102 ejus
3244 1031 3513 1101 reliquiis
3545 1031 3810 1102 pulchris

2167 1137 2234 1177 ac
2264 1122 2562 1192 argenteis
2593 1121 2802 1186 thecis,
2834 1136 3060 1176 annum
3109 1121 3162 1177 ei
3200 1120 3502 1175 memorias
3533 1121 3691 1176 diem
3720 1137 3815 1176 co-

2166 1210 2318 1277 lunt,
2380 1210 2454 1265 IlI
2506 1209 2803 1265 Kalendas
2859 1209 2998 1265 Julii
3056 1209 3409 1281 martyrium
3470 1209 3599 1280 ejus
3657 1209 3817 1265 cele-

2166 1299 2428 1355 brantes.
2460 1299 2657 1354 Multis
2686 1304 2885 1354 autem
2916 1305 3093 1354 antea
3119 1298 3286 1354 divus
3320 1298 3539 1354 Paulus
3562 1314 3697 1353 cum
3742 1298 3814 1354 de

2163 1389 2280 1444 vita
2314 1394 2439 1444 tum
2470 1388 2542 1444 de
2568 1389 2778 1443 virtute
2828 1388 3176 1444 adhortatus
3225 1394 3369 1457 erat,
3406 1388 3711 1459 multaque
3747 1389 3819 1444 de

2165 1479 2258 1534 his
2282 1495 2415 1549 quas
2440 1476 2670 1549 agenda
2700 1482 2858 1545 sunt,
2889 1478 3160 1533 homines
3192 1477 3496 1533 docuerat.
3523 1480 3817 1534 Praeterea

2165 1574 2363 1624 autem
2413 1572 2471 1622 et
2516 1583 2621 1638 per
2671 1567 2883 1622 harum
2924 1566 3372 1638 quatuordecim
3428 1567 3814 1638 epistolarum

2166 1662 2506 1713 contextum
2538 1657 2784 1711 omnino
2814 1657 3179 1727 praescripsit
3203 1655 3547 1711 hominibus
3577 1657 3819 1711 univer-

2167 1763 2294 1802 sam
2325 1745 2853 1801 conversationem.
2889 1746 3301 1800 Necessarium
3332 1752 3531 1799 autem
3563 1745 3726 1813 duxi,
3752 1749 3819 1800 ut

394 1837 699 1895 πολιτείαν.
762 1836 1090 1913 Ἀναγκαῖον
1149 1830 1207 1889 δὲ
1260 1833 1562 1908 ἡγησάμην
1614 1831 1667 1888 έν
1724 1833 1927 1908 βραχεῖ
1963 1832 2053 1888 καὶ

2167 1836 2371 1908 paucis
2391 1834 2584 1890 verbis
2606 1840 2838 1905 tempus
2869 1834 3306 1905 prmdicalionis
3329 1834 3495 1889 Pauli
3521 1834 3811 1907 signiﬁca-

395 1928 493 1983 τὸν
552 1926 755 2002 χρόνον
811 1922 1315 1996 ἰπισημειώσασθαι
1369 1925 1468 1976 τοῦ
1506 1921 1863 1999 κηρὺγματος
1913 1920 2057 1976 H06-

397 2017 533 2087 λου,
565 2017 624 2073 ἐκ
675 2021 784 2072 τῶν
833 2019 1111 2091 χρονικῶν
1166 2011 1403 2069 κανόνων
1458 2007 1724 2069 Εὖσεϐίου
1772 2017 1869 2069 τοῦ
1900 2018 2059 2085 Παμ-

406 2107 576 2189 ιριλου
646 2108 747 2177 τὴν
806 2102 1274 2182 ἀνακεφαλαίωσιν
1335 2102 1686 2176 ποιούμενος.
1754 2103 1922 2159 Ἔνθα
1987 2099 2054 2173 δή

403 2199 506 2267 τὴν
541 2192 736 2273 βίϐλον
774 2194 909 2269 μετά
966 2199 1159 2269 χεῖρας
1214 2191 1479 2263 είληοὼς,
1537 2192 1628 2247 καὶ
1679 2194 1884 2259 ταύτην
1934 2193 2057 2247 ἀναο

407 2288 633 2359 πτύξας,
692 2286 925 2359 εὑρίσκω
983 2286 1046 2341 τὸ
1100 2286 1274 2348 πάθος
1328 2287 1426 2339 τοῦ
1477 2289 1739 2354 Σωτῆρος
1776 2286 1937 2357 ἡμῶν
1968 2284 2058 2339 καὶ

408 2382 616 2458 Κυρίου
668 2365 853 2451 Ἰησοῦ
903 2375 1141 2442 Χριστοῦ
1198 2376 1250 2431 ἐν
1313 2374 1762 2451 ὀκτωκαιδεκάτῳ
1819 2376 1926 2433 ἔτει
1964 2383 2060 2434 Τι-

405 2467 595 2544 ϐερίου
629 2469 891 2542 Καίσαρος
944 2465 1335 2546 γεγενημένον,
1386 2466 1477 2521 καὶ
1525 2468 1625 2537 τήν
1671 2469 1969 2541 τρι-ἥμερον
2004 2464 2062 2522 δὲ

401 2560 563 2625 εὐθὺς
594 2560 900 2628 ἀνάστασιν,
958 2556 1049 2612 καὶ
1109 2554 1278 2612 πάλιν
1334 2556 1437 2625 τήν
1494 2556 1570 2618 εἰς
1627 2556 1888 2629 οὐρανοὺς
1931 2555 2063 2612 ἀνά-

409 2653 583 2728 ληψιν
627 2655 724 2707 τοῦ
775 2653 1040 2724 Χριστοῦ.
1093 2646 1191 2703 Καὶ
1245 2648 1361 2722 μεθ’
1404 2647 1615 2722 ἡμέρας
1661 2649 1813 2711 τινάς
1843 2646 2062 2727 ὀλίγας,

408 2739 556 2799 εἶδον
626 2740 736 2797 ἐκεῖ
800 2740 928 2800 τοὺς
992 2736 1336 2799 ἀποστόλους
1402 2736 1930 2813 προχείριζομένους
1988 2739 2064 2801 εἰς

407 2829 684 2888 διακονίαν
747 2829 840 2886 τὸν
909 2826 1372 2905 αὖτοφερώνυμον
1436 2825 1730 2901 Στέφανον,
1797 2827 1887 2883 καί
1934 2826 2062 2891 τοὺς

411 2921 551 2998 ἀμφ’
580 2918 760 2977 αὐτόν,
821 2917 928 2975 Καὶ
988 2914 1274 2990 μετέπειτα
1330 2920 1513 2971 σαάσιν
1574 2913 1849 2973 Ἰουδαίων
1894 2916 2060 2973 πάλιν

412 3002 848 3080 καταλαμϐάνω,
896 3008 1074 3066 καθὼς
1121 3002 1231 3076 ἤδη
1277 3005 1633 3080 προείπομεν,
1664 3005 1754 3061 καὶ
1803 3007 1894 3061 τὸν
1929 3005 2061 3063 Στέο

409 3119 580 3181 φανον
638 3095 1037 3173 ἀγωνιζόμενον
1104 3092 1295 3163 ἐκεῖσε,
1362 3093 1452 3149 καὶ
1517 3094 1609 3150 τὸν
1662 3094 1884 3150 Παῦλον
1944 3117 2063 3152 συν-

405 3184 737 3244 εὖδοκοῦντα
768 3185 908 3240 πάνυ
955 3188 1036 3255 τῷ
1082 3184 1248 3263 φόνῳ.
1309 3188 1407 3245 Ὅς
1469 3184 1661 3259 μικρὸν
1694 3184 1913 3259 ὕστερον
1942 3191 2061 3247 τοῖς

403 3275 640 3353 ἄρχουσι
688 3280 797 3330 τῶν
851 3270 1126 3329 Ἰουδαίων
1179 3274 1482 3349 παραστὰς,
1535 3272 1826 3335 ἐπιστολὰς
1866 3272 2060 3346 ἐκομί-

410 3373 536 3436 ζετο
592 3364 731 3439 πρὸς
786 3361 914 3425 τοὺς
967 3360 1020 3418 ἐν
1073 3367 1343 3436 Δαμασκῷ
1402 3359 1697 3425 Ἰουδαίους
1751 3364 1889 3419 κατά
1951 3368 2060 3419 τῶν

420 3455 699 3528 μαθητῶν.
734 3451 887 3507 Κατά
919 3447 977 3505 δὲ
1009 3448 1178 3523 μέσην
1236 3452 1336 3519 τὴν
1391 3447 1535 3517 ὁδὸν,
1592 3453 1628 3521 ἡ
1680 3452 1878 3520 κλῆσις
1913 3453 2063 3524 αὐτῷ
2100 3496 2104 3499 Α

414 3542 706 3621 γεγένηται
734 3541 883 3616 παρά
918 3544 1015 3595 τοῦ
1071 3543 1226 3609 Θεοῦ,
1283 3540 1360 3604 ὡς
1412 3544 1593 3616 μικρῷ
1620 3539 2059 3615 προσαναλωθῆ-

412 3653 503 3688 ναι
559 3633 621 3687 τὸ
678 3629 799 3693 ἔτος
856 3629 1049 3685 έκεῖνο.
1109 3625 1543 3702 Ἐπιλαόομένου
1590 3627 1730 3700 δῆτα
1755 3634 1853 3685 τοῦ
1884 3629 2059 3686 ἐννεα-

412 3719 735 3779 καιδεκάτου
801 3717 952 3783 ἔτους
1019 3714 1275 3792 Τιϐερίου
1350 3720 1633 3794 Καίσαρος,
1700 3721 2061 3792 κατάρξασθαι

412 3812 509 3869 τὸν
544 3809 759 3867 Παῦλον
795 3812 893 3866 τοῦ
948 3809 1322 3885 κηρύγματος,
1377 3810 1539 3888 φησὶν
1598 3811 1634 3880 ἡ
1692 3809 1921 3885 ἱστορία
1970 3811 2059 3866 καὶ

414 3904 516 3972 τὴν
578 3903 783 3957 ἅπασαν
845 3897 1167 3974 οἷκουμένην
1233 3896 1568 3974 διαδραμεῖν,
1636 3899 2060 3978 εὐαγγελιζόμε-

407 4012 500 4047 νον
542 3991 642 4059 τήν
697 3989 771 4051 εἷς
827 3988 1059 4064 Χριστὸν
1118 3982 1407 4059 εὐσέϐειαν,
1470 3987 1635 4064 μέχρι
1684 3987 2059 4061 τρισκαιδεκά-

410 4103 510 4137 του
569 4076 721 4141 ἔτους
781 4075 1059 4136 Κλαυδίου
1119 4078 1405 4150 Καίσαρος,
1466 4079 1882 4153 ἢγεμονεύοντες
1938 4080 2062 4137 τότε

414 4176 515 4242 τῆς
570 4168 835 4232 Ἰουδαίας
896 4169 1166 4241 Φήλικος
1227 4169 1307 4248 ἐφ’
1366 4171 1428 4226 οὗ
1486 4172 1887 4246 κατηγορηθεὶς
1956 4173 2059 4230 ὑπὸ

409 4260 711 4327 Ἰουδαίων,
754 4262 853 4328 τήν
904 4258 1207 4334 ἀπολογίαν
1264 4258 1562 4330 ἐποιήσατο
1597 4257 1830 4324 Παῦλος.
1862 4264 1959 4325 Ὅς
1990 4261 2057 4335 δὴ

406 4357 501 4407 τὸν
530 4348 835 4406 ἀπόστολον
878 4347 955 4410 είς
995 4347 1059 4403 τὸ
1116 4349 1252 4403 κατά
1305 4348 1624 4421 Καισάρειαν
1681 4347 2058 4427 δεσμωτήριον

410 4441 683 4514 καθεῖρξεν
742 4437 830 4495 ἐπὶ
888 4434 1038 4493 δυσὶν
1117 4432 1277 4495 ἔτεσι.
1353 4440 1487 4496 Μεθ’
1563 4440 1623 4496 ὃν
1682 4435 2062 4514 διαδεξαμενος

405 4532 509 4601 τὴν
564 4530 744 4605 ἀρχὴν
805 4527 1039 4602 Πόρκιος
1097 4533 1334 4597 Φῆστος,
1394 4527 1549 4593 εὐθὺς
1607 4528 1908 4602 ἀνακρίνειν
1949 4529 2059 4606 ὥρ-

2165 1943 2294 1981 rem
2327 1942 2397 1981 ex
2420 1923 2753 1980 canonibus
2787 1929 3124 1995 temporum
3145 1923 3384 1978 Eusebii
3413 1923 3708 1995 Pamphili
3752 1924 3815 1980 in

2162 2013 2586 2087 compendium
2642 2013 2920 2080 redactis,
2971 2013 3073 2069 ubi
3113 2019 3270 2069 certe
3317 2012 3471 2068 libro
3502 2014 3566 2067 in
3598 2029 3812 2069 manus

2167 2112 2403 2179 sumpto
2444 2122 2633 2177 eoque
2666 2111 2870 2178 aperto
2903 2106 3241 2176 passionem
3274 2104 3470 2159 inveni
3494 2103 3812 2159 Salvatoris

2162 2198 2352 2253 nostri
2385 2201 2444 2252 et
2465 2195 2698 2251 Domini
2737 2196 2873 2250 Jesu
2905 2194 3121 2249 Christi
3152 2194 3382 2249 decimo
3416 2198 3617 2249 octavo
3640 2193 3817 2248 Tibe-

2162 2287 2237 2342 rii
2268 2286 2514 2341 Caesaris
2544 2301 2704 2341 anno
2743 2284 3051 2350 accidisse,
3096 2285 3417 2356 statimque
3444 2284 3615 2340 tertio
3647 2288 3813 2354 post-

2164 2376 2404 2432 modum
2433 2376 2527 2431 die
2565 2376 3085 2442 resurrectionem,
3121 2391 3189 2429 ac
3219 2390 3456 2429 rursum
3506 2372 3721 2428 Christi
3749 2372 3811 2429 in

2162 2465 2342 2522 caslos
2372 2466 2864 2537 assumptionem.
2884 2466 3179 2520 Praeterea
3200 2464 3394 2519 inveni
3427 2462 3650 2519 ibidem
3671 2479 3816 2533 apo-

2168 2558 2353 2614 stolos
2382 2562 2518 2630 post
2540 2574 2759 2628 paucos
2780 2557 3011 2628 aliquot
3041 2557 3168 2612 dies
3191 2557 3253 2612 in
3287 2556 3689 2612 ministerium
3721 2555 3820 2611 de-

2164 2648 2380 2721 legisse
2397 2646 2784 2718 Stephanum,
2818 2647 2919 2718 qui
2951 2646 3260 2718 proprium
3283 2646 3395 2701 sibi
3428 2662 3649 2701 nomen
3666 2645 3819 2701 fere-

2165 2737 2320 2793 bat:
2382 2754 2451 2793 ac
2504 2736 2720 2792 deinde
2766 2736 3105 2792 Iudaeorum
3166 2735 3521 2791 seditionem
3577 2750 3817 2789 rursum

2168 2827 2570 2899 deprehendo,
2604 2828 2760 2882 sicut
2781 2828 2908 2896 jam
2932 2825 3342 2897 praediximus,
3366 2839 3729 2897 passumque
3751 2824 3818 2878 in

2166 2934 2236 2973 ea
2265 2916 2648 2989 Stephanum,
2667 2931 2734 2970 ac
2755 2915 3007 2970 Paulum
3031 2915 3092 2969 in
3116 2920 3368 2969 mortem
3400 2915 3530 2983 ejus
3562 2927 3819 2967 consen-

2167 3005 2557 3071 tientem.Qui
2581 3004 2758 3075 paulo
2781 3009 2916 3075 post
2944 3004 3019 3058 ad
3044 3003 3382 3059 Judaaorum
3414 3002 3821 3074 principesac-

2167 3096 2408 3162 cedens,
2469 3096 2698 3150 litteras
2742 3095 2971 3165 accepit
3017 3094 3091 3148 ad
3124 3093 3378 3158 Judwos,
3414 3092 3516 3163 qui
3548 3090 3819 3148 Damasci

2173 3185 2481 3258 degebant,
2492 3184 2802 3239 adversum
2817 3181 3609 3253 discipulosJuxtamedium
3623 3185 3823 3236 autem

2173 3278 2408 3334 itineris
2437 3278 2591 3333 facta
2619 3281 2708 3331 est
2738 3276 2926 3347 ipsius
2957 3292 2990 3331 a
3032 3276 3150 3331 Deo
3188 3274 3435 3341 vocatio,
3478 3273 3653 3346 paulo
3684 3279 3823 3329 ante

2168 3368 2350 3424 ﬁnem
2380 3365 2540 3421 illius
2570 3365 2910 3421 anni.Certe
2937 3380 3073 3420 cum
3105 3370 3332 3436 cceptus
3363 3370 3520 3419 esset
3550 3363 3819 3422 decimus

2166 3470 2363 3510 nonus
2410 3452 2627 3508 Tiberii
2675 3452 2923 3507 Caesaris
2983 3468 3197 3517 annus,
3228 3452 3480 3508 Paulum
3504 3452 3816 3510 inchoasse

2166 3543 2647 3617 praedicationem
2702 3542 2912 3597 scribit
2966 3542 3219 3597 historia
3268 3558 3281 3596 :
3350 3559 3419 3598 ac
3475 3542 3818 3600 universum

2166 3633 2532 3706 percurrisse
2581 3632 2785 3687 orbem
2828 3632 3275 3688 disseminando
3322 3632 3541 3687 Christi
3571 3633 3819 3704 cultum,

2165 3740 2356 3794 usque
2382 3722 2456 3778 ad
2478 3722 2718 3777 tertium
2739 3722 3039 3777 decimum
3065 3722 3533 3778 ClaudiCaasaris
3568 3738 3817 3791 annum,

2166 3813 2644 3887 prmsideJudwaa
2675 3812 2867 3868 Felice
2896 3812 3037 3868 :sub
3072 3829 3188 3883 quo
3206 3828 3241 3868 a
3268 3812 3485 3866 Judaais
3506 3819 3817 3868 accusatus

2166 3920 2273 3976 pro
2323 3920 2385 3959 se
2428 3902 2737 3974 respondit
2789 3902 3029 3967 Paulus,
3062 3902 3163 3972 qui
3210 3917 3351 3956 sane
3384 3900 3717 3972 apostolum
3752 3902 3815 3956 in

2167 4009 2403 4049 carcere
2424 3993 2579 4048 I94
2601 3991 2833 4047 duobus
2863 3991 3036 4046 annis
3067 3989 3306 4045 inclusit
3338 3990 3640 4045 Cmsareaa.
3672 3992 3813 4047 Post

2166 4100 2346 4155 quem
2377 4089 2650 4155 suscepto
2699 4082 2932 4136 Portius
2977 4082 3182 4136 Festus
3224 4082 3562 4154 principatu
3613 4082 3811 4138 statim

2166 4173 2500 4246 apostolum
2514 4172 2788 4245 judicare
2810 4188 3119 4244 aggressus
3142 4177 3251 4237 est,
3274 4179 3339 4229 ut
3360 4190 3678 4229 maxumam
3703 4175 3816 4228 hoc

2165 4263 2318 4319 facto
2348 4262 2597 4335 gratiam
2624 4260 2779 4332 apud
2810 4261 3041 4316 Iudaeos
3072 4262 3269 4317 iniret.
3303 4264 3463 4317 Tunc
3494 4279 3630 4334 ergo
3664 4262 3819 4317 arbi-

2166 4358 2356 4407 tratus
2385 4351 2593 4407 beatus
2631 4350 2851 4406 Paulus
2882 4350 3040 4422 quod
3072 4351 3189 4407 alio
3222 4352 3398 4407 modo
3439 4351 3687 4406 insidias
3708 4351 3815 4406 de-

2167 4443 2391 4500 clinare
2422 4458 2541 4497 non
2574 4447 2774 4513 posset
2798 4442 2914 4496 nisi
2945 4442 3237 4497 Caesarem
3268 4441 3615 4513 appellaret,
3649 4447 3815 4498 stans

2165 4532 2240 4589 ad
2264 4530 2521 4587 tribunal
2554 4530 2845 4585 Caesarem
2873 4530 3211 4602 appellavit,
3243 4535 3302 4585 et
3331 4532 3575 4586 Romam
3605 4529 3678 4584 ad
3702 4530 3819 4585 Cae-

424 4640 566 4694 μησε
589 4619 683 4675 τὸν
711 4615 1075 4687 Ἀπόστολον,
1116 4623 1234 4679 τοῖς
1293 4614 1578 4681 Ἰουδαίοις
1611 4619 1867 4695 μεγίστην
1898 4622 2059 4697 χάριν

2168 4638 2361 4677 sarem
2392 4622 2683 4675 Neronem
2715 4619 3055 4675 dimittitur.
3079 4622 3218 4675 Erat
3246 4624 3445 4675 autem
3477 4619 3656 4674 simul
3678 4635 3814 4675 cum

412 4709 466 4766 έν
496 4708 675 4781 τούτῳ
702 4705 1140 4779 κατατιθέμενος.
1174 4707 1311 4765 Τότε
1358 4706 1449 4762 οὖν
1501 4709 1529 4763 ὁ
1574 4709 1841 4785 μακάριος
1895 4711 2057 4785 νομί-

415 4820 510 4861 σας
570 4798 672 4853 οὖκ
708 4794 897 4858 ἄλλως
954 4794 1441 4874 ἀπαλλαγήσεσθαι
1497 4804 1597 4867 τῆς
1653 4794 1975 4868 ἐπιϐουλῆς,
2020 4802 2056 4872 ἢ

409 4890 655 4962 Καίσαρα
708 4886 1189 4958 ἐπικαλεσάμενος,
1242 4887 1411 4947 ἑστὼς
1468 4886 1557 4943 ἐπὶ
1630 4887 1727 4944 τοῦ
1806 4891 2057 4965 βήματος

412 4977 731 5036 Ξπεκαλεῖτο
790 4976 1050 5052 Καίσαρα,
1106 4976 1196 5031 καὶ
1266 4976 1345 5039 εἷς
1428 4977 1647 5050 Ῥώμην
1701 4977 2058 5052 ἐκπέμπεται,

407 5069 546 5145 πρὸς
604 5067 846 5141 Καίσαρα
903 5064 1150 5138 Νέρωνα.
1208 5072 1378 5135 Συνῆν
1434 5063 1491 5122 δὲ
1542 5067 1804 5140 αὐτῷκαὶ
1841 5070 2062 5144 Ἀρίστ-

408 5177 605 5234 αρχος,
655 5154 712 5211 ὅν
756 5153 848 5210 καὶ
901 5153 1127 5219 εἰκότως
1173 5153 1633 5231 συναιχμάλωτόν
1666 5179 1771 5213 που
1801 5163 1911 5216 τῶν
1942 5159 2059 5216 έπι-

412 5245 626 5303 στολῶν
681 5240 972 5311 ἀποκαλεῖ,
1025 5243 1116 5298 καὶ
1169 5249 1379 5309 Λουκᾶς
1435 5246 1464 5301 ὁ
1520 5246 1615 5309 τὰς
1673 5249 1902 5323 Ηράξεις
1953 5253 2062 5306 τῶν

412 5334 734 5393 ἀποστόλων
768 5336 951 5412 γραφῇ
1000 5330 1296 5408 παραδοὺς.
1342 5334 1569 5391 Κάκεῗσε
1615 5336 1709 5392 οὗν
1760 5338 1788 5392 6
1838 5336 2061 5401 Παῦλος

413 5426 505 5484 ἐπὶ
554 5427 652 5494 τῆς
684 5422 979 5497 Ῥωμαίων
1040 5419 1240 5479 διετίαν
1298 5421 1435 5494 ὅλην
1492 5422 1843 5505 ἐφυλάττετο.
1877 5430 2063 5485 Ταῦτα

408 5516 514 5592 γὰρ
558 5514 648 5571 καὶ
710 5511 877 5588 μέχρι
928 5509 1138 5568 τούτων
1185 5512 1393 5583 ἱστορεῖ
1436 5520 1647 5576 Λουκᾶς
1678 5514 1732 5571 ἐν
1762 5521 1880 5579 ταῖς
1916 5518 2059 5591 Πρά-

411 5606 524 5677 ξεσι
554 5604 663 5659 τῶν
720 5596 1068 5669 ἀποστόλων,
1124 5602 1241 5657 κατ’
1299 5600 1471 5658 έκεῖνο
1523 5608 1716 5679 καιροῦ
1744 5606 1807 5661 τὸ
1842 5602 2063 5681 βιϐλίον

418 5692 887 5774 συγγραψάμνος,
935 5689 1025 5747 καὶ
1073 5690 1140 5747 τὰ
1193 5693 1421 5765 καθεξῆς
1468 5692 1666 5765 ἥκιστα
1715 5696 1836 5753 τότε
1901 5698 2066 5774 γινώ-

2169 4728 2238 4768 eo
2270 4717 2329 4767 et
2358 4710 2945 4779 Aristarchus(quem
2977 4710 3380 4766 etiammerito
3404 4711 3814 4782 concaptivum

2169 4801 2427 4875 quodam
2451 4800 2839 4872 epistolarum
2858 4800 2985 4855 loco
3008 4800 3313 4873 appellat),
3329 4805 3388 4855 et
3413 4800 3690 4855 similiter
3711 4801 3817 4856 Lu-

2170 4910 2289 4957 cas,
2342 4893 2443 4965 qui
2484 4895 2628 4948 Acta
2648 4891 3058 4965 apostolorum
3089 4893 3399 4964 scriptura)
3431 4892 3695 4948 tradidit.
3734 4892 3818 4947 lbi

2171 5001 2307 5057 ergo
2338 4983 2555 5039 Paulus
2587 4982 2694 5038 sub
2710 4984 3113 5038 Romanorum
3139 4983 3410 5039 custodia
3435 4988 3624 5039 totum
3655 4982 3822 5039 bien-

2169 5074 2337 5130 nium
2384 5079 2717 5129 asservatus
2764 5078 2874 5127 est.
2920 5074 3057 5129 Nam
3089 5074 3216 5129 haec
3265 5069 3557 5146 et'usque
3601 5073 3676 5129 ad
3708 5074 3823 5130 ista

2173 5166 2380 5222 scribit
2411 5166 2593 5221 Lucas
2622 5165 2685 5221 in
2712 5166 2872 5221 Actis
2902 5167 3331 5237 apostolorum,
3351 5167 3451 5239 qui
3483 5167 3640 5223 circa
3667 5165 3820 5223 illud

2172 5260 2406 5327 tempus
2437 5255 2656 5310 librum
2694 5255 3067 5328 conscripsit,
3108 5273 3363 5328 cumque
3415 5263 3554 5313 tunc
3584 5273 3653 5313 ea
3682 5273 3813 5328 qum

2172 5347 2371 5404 futura
2422 5353 2623 5404 essent
2668 5348 2916 5403 minime
2984 5354 3383 5421 cognosceret,
3434 5366 3813 5421 nequaquam

2171 5438 2521 5510 martyrium
2556 5438 2682 5507 ejus
2713 5438 3005 5509 ascripsit.
3040 5438 3147 5492 lllo
3181 5438 3337 5493 enim
3365 5438 3583 5493 ibidem
3606 5439 3812 5494 relicto

2174 5529 2357 5584 Lucas
2407 5532 2466 5583 et
2505 5526 2880 5583 Aristarchus
2929 5528 3256 5583 redierunt.
3307 5528 3593 5583 Eusebius
3616 5535 3815 5583 autem

2176 5618 2485 5688 sequentia
2518 5621 2785 5689 tempora
2815 5617 3131 5687 diligenter
3170 5619 3543 5691 perquirens,
3580 5617 3817 5687 scripsit

2173 5706 2347 5765 nobis
2390 5707 2648 5765 secundo
2689 5708 3107 5765 ecclesiasticae
3156 5708 3602 5767 Historiaelibro
3630 5707 3810 5778 hujus
