4150 6200
389 349 506 409 315

1395 345 1798 409 ΟΟΜΜΕΝΤ.
1841 348 1920 408 ΙΝ
1963 347 2171 408 ACTA.
2216 341 2824 411 APOSTULORU‘M.

3685 348 3801 410 316

387 481 565 537 etiam
596 479 968 550 martyrium,
1004 480 1326 535 ostendens
1378 485 1437 535 et
1467 481 1715 536 Paulum
1748 480 1810 535 in
1843 481 2008 552 quiet

2118 499 2300 546 _axwv
2357 476 2480 534 οὐδὲ
2545 480 2607 534 τὸ
2667 479 2967 555 μαρτύριον
3023 480 3189 536 αὐτοῦ
3230 478 3543 558 ἐγκατέθετο
3589 483 3659 553 τῇ
3692 481 3806 554 ,βί-

388 571 876 643 permansisse,et
905 569 1006 624 Dei
1055 569 1299 625 verbum
1330 569 1495 625 nullo
1542 569 1892 642 prohibente
1922 569 2042 626 dis-

389 661 737 715 seminasse.
775 659 1270 730 Siquidemhabet
1296 660 1567 726 historia,
1602 660 1759 730 quod
1786 659 2042 714 ubitunc

397 750 504 805 sub
535 752 762 804 Nerone
792 749 1546 821 respondissetl‘auluseta
1575 751 1803 805 Czesare
1835 750 2044 805 fuisset

389 839 715 904 absolutus,
764 839 837 894 ad
889 839 1335 910 praedicationis
1389 839 1789 894 ministerium
1835 857 2040 894 rursus

390 929 676 984 emissum
692 928 891 995 fuisse,
913 929 1165 999 aliisque
1196 930 1401 984 decem
1416 931 1587 984 annis
1603 930 1894 1002 Evangelii
1918 946 2040 985 ver-

385 1019 525 1074 bum
559 1018 1000 1073 disseminasse.
1023 1020 1165 1073 Cum
1196 1026 1395 1074 autem
1427 1023 1500 1074 ad
1533 1020 2037 1075 extremuminsa-

385 1110 499 1164 nia:
554 1110 701 1162 Nero
733 1109 1122 1178 pervenisset,
1174 1109 1429 1178 primum
1465 1108 1706 1179 quidem
1738 1108 2038 1164 interfecit

381 1198 767 1267 Agrippinam
793 1198 1096 1268 propriam
1134 1203 1409 1264 matrem,
1446 1204 1731 1269 praeterea
1755 1203 1812 1251 et
1850 1199 2032 1270 patris

383 1303 670 1352 sororem,
691 1287 986 1341 Octaviam
1020 1303 1256 1358 quoque
1280 1304 1446 1342 suam
1479 1303 1745 1354 uxorem,
1766 1287 2031 1358 aliosque

378 1377 726 1431 innumeros
779 1393 994 1448 genere
1028 1377 1220 1448 ipsum
1255 1378 1702 1449 contingentes:
1731 1377 1943 1433 deinde
1975 1384 2032 1432 et

378 1466 773 1522 universalem
815 1466 995 1521 movit
1016 1467 1328 1521 adversum
1361 1467 1725 1522 Christianos
1747 1484 2028 1538 persecu-

381 1556 627 1620 tionem,
662 1560 719 1610 et
776 1555 857 1609 ita
887 1556 1293 1626 apostolorum
1353 1555 1544 1610 caades
1583 1556 1867 1626 pervenit.
1904 1557 2026 1612 Sta-

383 1645 488 1698 tim
521 1644 681 1698 enim
713 1645 1068 1699 accersitum
1094 1645 1340 1699 Paulum
1370 1645 1518 1700 stitit
1548 1645 1850 1700 tribunali.
1879 1648 2024 1702 Rur-

380 1751 509 1788 sum
526 1739 724 1789 autem
739 1734 791 1788 ei
808 1734 990 1790 Lucas
1004 1735 1359 1804 conjunctus
1372 1740 1462 1789 est
1477 1735 1594 1789 :ubi
1610 1739 1767 1789 certe
1780 1735 2027 1808 contigit

377 1822 624 1877 Paulum
655 1839 811 1878 anno
858 1824 1158 1878 tricesimo
1189 1829 1351 1878 sexto
1401 1841 1434 1879 a
1480 1823 1775 1879 Salvatore
1826 1841 2008 1895 passo.

2132 1821 2534 1893 προσήκοντας.

376 1913 551 1967 tertio
566 1912 795 1968 decimo
811 1918 1008 1968 autem
1022 1913 1256 1985 imperii
1274 1913 1833 1985 Neronis,martyrio
1847 1914 2020 1970 vitam

378 2002 608 2067 ﬁnisse,
623 2003 813 2073 capite
832 2003 1106 2058 videlicet
1132 2002 1325 2075 gladio
1346 2008 1669 2074 amputato.
1687 2004 2024 2073 Suntigitur

376 2091 448 2146 ab
481 2108 636 2146 anno
667 2092 883 2147 Tiberii
916 2093 1161 2148 Caesaris
1194 2093 1422 2148 decimo
1472 2110 1652 2159 nono,
1679 2109 1794 2164 quo
1826 2095 2020 2149 Evan-

372 2181 592 2253 gelium
609 2181 1143 2253 caepitpraedicare,
1160 2199 1346 2253 usque
1362 2183 1434 2238 ad
1461 2199 1688 2237 annum
1713 2182 1842 2254 ejus
1864 2184 2017 2240 vice-

372 2271 587 2326 simum
622 2271 972 2337 secundum,
1009 2273 1149 2326 anni
1197 2279 1471 2343 quatuor,
1507 2278 1564 2327 et
1593 2272 1711 2328 Caii
1744 2273 2021 2328 similiter

369 2361 509 2415 anni
543 2365 834 2430 quatuor:
869 2378 1104 2416 rursum
1152 2379 1286 2416 vero
1315 2368 1373 2416 et
1402 2362 1630 2417 Claudii
1675 2362 1816 2418 anni
1839 2362 2014 2434 paulo

368 2450 568 2504 minus
611 2451 1082 2521 quatuordecim,
1116 2467 1292 2522 quem
1325 2451 1629 2507 insecutus
1661 2453 1808 2506 Nero
1842 2453 2012 2507 tertio

360 2539 591 2594 decimo
615 2540 705 2595 sui
740 2541 888 2596 195
934 2540 1302 2611 principatus
1351 2557 1508 2595 anno
1540 2541 1875 2611 apostolum
1910 2542 2008 2595 in-

355 2631 609 2686 teremit.
646 2632 778 2687 Haec
839 2636 1035 2685 autem
1072 2630 1143 2686 de
1204 2631 1397 2702 prima
1457 2647 1563 2686 sua
1618 2631 2008 2702 responsione

359 2721 566 2776 scribit
594 2721 720 2791 ipse
754 2720 972 2776 Paulus
999 2719 1305 2791 apostolus
1321 2719 1627 2774 Timotheo
1655 2736 1708 2773 ει
1728 2721 1795 2775 In
1818 2721 2009 2791 prima

355 2827 490 2866 mea
519 2811 910 2882 responsione
928 2809 1132 2864 nullus
1149 2809 1294 2864 mihi
1327 2809 1534 2874 adfuit,
1552 2808 1655 2864 sed
1678 2825 1886 2864 omnes
1909 2827 2004 2866 me

357 2900 847 2971 dereliquerunt:
882 2916 1000 2955 non
1034 2898 1153 2954 illis
1185 2899 1548 2969 imputetur:
1585 2899 1867 2954 Dominus
1889 2917 2000 2955 au-

354 2996 475 3046 tem
507 2990 696 3046 adfuit
724 2990 870 3045 mihi
905 2995 962 3044 et
982 2990 1355 3045 conﬁrmavit
1385 2995 1582 3056 me,ut
1610 3007 1716 3061 per
1744 3007 1838 3045 me
1858 3007 2001 3061 prae-

353 3078 571 3136 dicatio
605 3080 840 3135 certiori
877 3079 991 3135 ﬁde
1045 3079 1555 3151 comprobaretur,
1601 3079 1997 3151 audirentque

347 3185 556 3223 omnes
587 3175 791 3240 gentes
820 3187 832 3223 :
869 3175 924 3223 et
975 3169 1257 3225 liberatus
1290 3186 1420 3224 sum
1463 3168 1534 3224 de
1567 3186 1667 3224 ore
1706 3169 1945 3236 leonis',
1970 3191 1990 3218 ι)

347 3257 458 3312 hoc
489 3257 731 3312 nomine
751 3260 1040 3312 Neronem
1067 3259 1523 3329 signiﬁcans.De
1557 3259 1819 3315 secunda
1837 3277 1993 3325 vero,

345 3345 409 3399 in
443 3361 559 3414 qua
591 3350 650 3398 et
675 3347 957 3416 martyrio
988 3362 1155 3400 suam
1188 3347 1378 3401 ﬁnivit
1407 3348 1738 3413 vitam,ait:
1782 3370 1801 3396 ε
1829 3349 1998 3404 Mini-

350 3434 594 3488 sterium
629 3438 795 3487 tuum
833 3433 1052 3488 bonum
1103 3435 1320 3489 certius
1372 3435 1653 3507 adimple.
1687 3439 1802 3510 Ego
1835 3440 1995 3494 enim

343 3521 472 3592 jam
490 3521 739 3582 delibor,
757 3527 1058 3592 ettempus
1074 3539 1218 3578 meae
1243 3523 1652 3580 dissolutionis
1668 3526 1867 3581 instat.
1888 3551 1914 3574 ››
1929 3529 1998 3582 Et

353 3611 492 3680 quia
526 3611 707 3664 Lucas
740 3627 976 3664 rursum
1009 3617 1134 3665 erat
1164 3628 1296 3665 cum
1316 3620 1545 3683 eo,post
1575 3631 1761 3684 pauca
1784 3617 1997 3686 episto-

345 3698 420 3755 lae
448 3700 656 3754 verba:
692 3723 718 3750 ‹‹
753 3699 980 3754 Salutat
1031 3705 1108 3767 te,
1150 3700 1364 3771 inquit,
1390 3702 1592 3765 Lucas,
1626 3703 1727 3773 qui
1762 3720 1993 3759 mecum

353 3795 460 3844 est.
497 3811 524 3838 »
556 3789 756 3844 Totius
805 3789 984 3861 igitur
1009 3789 1224 3860 prioris
1262 3790 1702 3861 prmdicationis
1741 3794 1993 3863 apostoli

350 3885 583 3952 tempus
617 3885 707 3934 est
735 3879 914 3934 unius
953 3885 1012 3933 et
1044 3879 1246 3947 viginti
1279 3895 1574 3936 annorum
1607 3887 1823 3952 praeter
1843 3883 1992 3940 alios

349 3969 499 4023 duos
531 3985 719 4023 annos
751 3968 1069 4040 quosapud
1100 3972 1425 4024 Caesaream
1455 3970 1517 4025 in
1547 3986 1782 4026 carcere
1807 3977 1991 4028 trans-

347 4059 481 4130 egit.
511 4059 610 4112 His
632 4076 866 4114 rursum
882 4059 1303 4115 addanturduo
1319 4059 1650 4131 primianni
1680 4067 1990 4133 postquam

343 4149 592 4204 Romam
622 4155 988 4219 pervenarat,
1033 4149 1356 4220 decemque
1404 4149 1633 4205 ultimi:
1666 4151 1748 4206 ita
1772 4157 1837 4207 ut
1864 4152 1988 4207 fue-

340 4237 466 4293 rint
495 4254 702 4292 omnes
732 4239 872 4293 anni
895 4239 967 4293 ab
999 4239 1126 4310 ejus
1150 4240 1451 4294 vocatione
1483 4256 1670 4312 usque
1700 4241 1771 4295 ad
1803 4242 1989 4313 ipsius

341 4332 594 4382 mortem
629 4328 867 4400 triginta
892 4329 1176 4399 quinque.

2155 563 2294 640 ὅλῳ.
2328 569 2734 630 Καταλιπόντες
2791 570 2893 648 γὰρ
2945 569 3103 625 αὐτὸν
3160 570 3330 625 ἐκεῖσε
3381 576 3588 631 Λουκᾶς
3620 591 3678 625 τε
3717 569 3804 624 καὶ

2155 654 2536 734 Ἀρίσταρχος,
2596 658 2785 726 ἦλθον.
2875 654 3133 720 Εὐσέϐιος
3195 656 3250 712 δὲ
3314 659 3442 719 τοὺς
3510 660 3800 731 μετέπειτα

2151 745 2389 818 χρόνους
2445 741 2687 820 ἀκριϐῶς
2745 749 3261 824 περιεργασάμενος,
3321 746 3603 822 ἱστόρησεν
3663 750 3798 820 ἡμῖν

2151 831 2201 887 ἐν
2229 838 2305 906 τῷ
2363 831 2595 909 δευτέρῳ
2653 836 2812 909 τόμῳ
2866 843 2966 905 τῆς
3023 837 3516 906 Ἐκκλησιαστικῆς
3561 837 3802 908 ἱστορίας

2145 922 2346 977 τούτου
2402 924 2493 978 καὶ
2549 925 2612 978 τὸ
2674 925 2994 1000 μαρτύριον,
3049 926 3140 980 καὶ
3197 927 3286 980 τὸν
3343 925 3560 981 Παῦλον
3613 925 3797 980 ἄνετον

2148 1007 2446 1087 διατρίψαι,
2477 1013 2566 1067 καὶ
2616 1013 2707 1069 τὸν
2755 1019 2851 1068 τοῦ
2905 1017 3037 1068 Θεοῦ
3090 1012 3258 1090 λόγον
3291 1013 3592 1076 ἀκωλύτως
3623 1016 3798 1088 κηρύ-

2144 1103 2227 1172 ξαι
2293 1102 2796 1176 ἐπισημηνάμενος.
2868 1105 3008 1162 Τότε
3080 1106 3173 1178 μὲν
3241 1105 3332 1160 οῦν
3399 1105 3487 1160 ἐπὶ
3555 1105 3800 1182 Νέρωνος

2145 1191 2638 1269 ἀπολογησάμενον
2698 1194 2790 1248 τὸν
2846 1193 3085 1264 Παῦλον,
3142 1195 3293 1256 αὖθις
3327 1194 3413 1250 ἐπὶ
3445 1197 3543 1264 τὴν
3577 1199 3670 1250 τοῦ
3699 1217 3801 1267 κη-

2143 1282 2420 1356 ρύγματος
2455 1281 2725 1338 διακονίαν
2783 1281 2949 1361 λόγος
3007 1282 3124 1359 ἔχει
3183 1283 3496 1339 στείλασθαι
3533 1285 3634 1339 ὑπὸ
3671 1284 3798 1341 Καί-

2140 1391 2303 1446 σαρος
2355 1370 2714 1442 ἀπολυθέντα,
2767 1372 3214 1450 εὐαγγελίσασθαι
3269 1373 3350 1454 ἐφ’
3407 1373 3606 1450 έτέροις
3665 1371 3793 1430 δέκα

2138 1457 2328 1517 ἔτεσιν,
2363 1461 2456 1521 Εἰς
2507 1459 2667 1537 ἄκρον
2726 1459 2782 1517 δὲ
2841 1465 3036 1536 μανίας
3097 1464 3124 1518 6
3187 1465 3374 1539 Νέρων
3438 1464 3789 1542 ἀφικόμενος,

2139 1549 2320 1604 ἀνεῖλε
2379 1549 2473 1623 μὶν
2530 1552 2886 1626 Ἀγριππίναν
2947 1556 3136 1625 πρῶτα
3191 1555 3292 1622 τὴν
3353 1549 3493 1607 ἲδίαν
3557 1555 3788 1627 μητέρα,

2135 1632 2212 1692 ἔτι
2245 1635 2300 1694 δέ
2356 1639 2445 1694 καὶ
2503 1642 2603 1708 τὴν
2662 1638 2902 1717 ἀδελφὴν
2962 1645 3058 1695 τοῦ
3115 1643 3338 1713 πατρὸς,
3382 1642 3473 1697 καὶ
3505 1642 3788 1700 Ὀκταυΐαν

2132 1728 2230 1796 τήν
2302 1729 2494 1784 ἑαυτοῦ
2550 1735 2799 1804 γυναῖκα,
2859 1730 2950 1784 καὶ
3007 1728 3214 1792 ἄλλους
3254 1731 3478 1805 μυρίους
3525 1737 3604 1802 τῷ
3644 1733 3788 1806 γένει

2639 1821 2937 1875 Μετέπειτα
3040 1817 3097 1875 δὲ
3196 1819 3489 1876 καθολικὸν
3573 1820 3789 1894 ἐκίνησε

2133 1904 2374 1982 διωγμὸν
2423 1908 2558 1963 κατά
2608 1913 2716 1963 τῶν
2778 1912 3138 1984 Χριστιανῶν,
3198 1909 3288 1964 καὶ
3345 1909 3519 1972 οὕτως
3571 1909 3658 1965 ἐπὶ
3689 1912 3784 1974 τὰς

2127 2000 2235 2050 τῶν
2269 1995 2591 2052 ἀποστόλων
2652 1996 2793 2066 ἦλθε
2851 1997 3077 2075 σφαγάς.
3137 1995 3645 2071 Μεταστειλάμενος
3678 2002 3780 2076 γὰρ

2126 2084 2215 2138 τὸν
2251 2083 2466 2140 Παῦλον
2527 2085 2681 2147 αῦθις
2739 2091 2816 2158 τῷ
2877 2087 3086 2160 βήματι
3147 2090 3400 2162 παριστᾷ.
3449 2085 3694 2152 Συνῆλθε
3729 2086 3785 2144 δὲ

2125 2173 2289 2230 πάλιν
2321 2177 2348 2229 ὁ
2382 2181 2594 2237 Λουκᾶς
2633 2175 2804 2248 αὐτῷ.
2855 2178 3020 2240 Ἔνθα
3065 2173 3130 2247 δὴ
3188 2172 3379 2248 συνέϐη
3412 2175 3504 2232 τὸν
3540 2176 3780 2251 Παῦλον,

2124 2266 2430 2338 τριακοστῷ
2477 2262 2620 2338 ἕκτῳ
2675 2261 2782 2321 ἔτει
2837 2270 2935 2320 τοῦ
3009 2266 3285 2340 σωτηρίου
3343 2267 3568 2336 πάθους,
3625 2287 3776 2342 τρισ-

2119 2351 2422 2428 καιδεκάτῳ
2479 2352 2536 2410 δὲ
2593 2355 2839 2431 Νέρωνος
2913 2363 3278 2432 μαρτυρῆσαί,
3333 2357 3472 2434 ξίφει
3528 2358 3628 2426 τήν
3683 2377 3774 2412 κε-

2121 2447 2299 2521 φαλήν
2355 2449 2757 2520 ἀποτμηθέντα.
2817 2454 2969 2503 Ἔστι
3027 2449 3206 2505 τοίνυν
3266 2449 3374 2504 ἀπὸ
3431 2452 3527 2504 τοῦ
3585 2448 3763 2505 ἐννεα-

2117 2534 2439 2594 καιδεκάτου
2508 2535 2661 2600 ἔτους
2719 2532 2979 2613 Τιϐερίου
3035 2538 3328 2609 Καίσαρος,
3361 2535 3413 2609 ἐξ
3445 2539 3507 2594 οῦ
3561 2539 3771 2613 κηρύσ-

2123 2649 2230 2684 σειν
2263 2629 2325 2684 τὸ
2360 2628 2690 2706 Εὐαγγέλιον
2723 2626 2946 2702 ἤρξατο,
3001 2626 3108 2691 ἕως
3164 2633 3260 2684 τοῦ
3314 2628 3560 2684 εἰκοστοῦ
3593 2628 3768 2686 δευτέ-

2119 2738 2214 2793 ρου
2242 2711 2414 2788 ἔτους,
2449 2711 2542 2788 ἔτη
2583 2719 2831 2792 τέσσαρα’
2891 2717 2980 2772 καὶ
3033 2718 3101 2772 τὰ
3155 2715 3315 2772 Γαίου
3377 2715 3434 2772 δὲ
3483 2719 3766 2786 ὡσαύτως,

2115 2803 2208 2879 ἔτη
2241 2806 2491 2882 τέσσαρα.
2525 2806 2695 2872 Αὖθις
2755 2805 2812 2862 δὲ
2869 2806 2958 2861 καὶ
3013 2807 3081 2863 τὰ
3109 2803 3386 2864 Κλαυδίου
3415 2799 3532 2877 ἔτη,
3569 2807 3764 2882 μικρὸν

2109 2895 2342 2964 ἐλάττω,
2421 2894 2798 2972 δεκατέσσαρα.
2875 2898 3001 2973 ’Όν
3067 2893 3446 2969 διαδεξάμενος
3551 2896 3758 2970 Νέρων,

2104 2983 2532 3060 τρισκαιδεκάτῳ
2565 2985 2669 3042 ἔτει
2700 2993 2800 3056 τῆς
2849 2986 3039 3041 ἑαυτοῦ
3069 2987 3270 3062 ἀρχῆς,
3303 2987 3394 3041 τὸν
3425 2985 3764 3043 Ἀπόστολον

2105 3072 2330 3130 ἀνεῖλεν.
2373 3076 2572 3152 Γράφει
2622 3078 2751 3151 γοῦν
2800 3075 2828 3128 6
2879 3073 3038 3136 αὐτὸς
3087 3073 3393 3136 ἀπόστολος
3427 3074 3645 3139 Παῦλος
3671 3083 3768 3130 Τι-

2112 3165 2313 3236 μοθέῳ,
2347 3163 2470 3239 περὶ
2503 3164 2598 3237 μὲν
2641 3171 2742 3233 τῆς
2796 3165 3021 3238 πρώτης
3075 3165 3243 3220 αὐτοῦ
3273 3163 3578 3241 ἀπολογίας
3608 3163 3757 3222 τάδε·

2110 3279 2138 3306 ‹‹
2173 3256 2260 3310 Ἑν
2289 3255 2360 3326 τῇ
2388 3253 2580 3328 πρώτῃ
2618 3273 2722 3326 μου
2772 3254 3048 3328 ἀπολογίᾳ
3080 3251 3257 3317 οὐδείς
3289 3274 3384 3326 μοι
3414 3255 3756 3331 συμπαρεγέ-

2104 3364 2245 3410 νετο,
2300 3341 2446 3398 ἀλλὰ
2503 3345 2696 3403 πάντες
2739 3363 2804 3414 με
2854 3340 3230 3421 ἐγκατέλιπον.
3292 3344 3378 3412 Μὴ
3442 3342 3623 3405 αὐτοῖς
3659 3342 3759 3400 λο-

2107 3432 2344 3509 γισθείη.
2371 3433 2431 3488 Ὀ
2465 3430 2521 3486 δὲ
2574 3430 2773 3506 Κύριός
2834 3453 2928 3505 μοι
2984 3434 3223 3508 παρέστη
3257 3432 3347 3487 καὶ
3376 3431 3749 3506 ἐνεδυνάμωσέ

2110 3543 2196 3594 με,
2262 3518 2356 3575 ’ίνα
2421 3517 2490 3575 δι’
2557 3521 2692 3594 ἐμοῦ
2759 3522 2821 3577 τὸ
2887 3523 3146 3596 κήρυγμα
3183 3519 3618 3600 πληροφορηθῇ,
3660 3524 3752 3580 καὶ

2107 3609 2380 3664 ἀκούσωσι
2438 3610 2612 3666 πάντα
2665 3611 2732 3665 τὰ
2789 3608 2932 3681 ἔθνη.
2995 3612 3100 3666 Καὶ
3157 3610 3422 3687 ἐρῥύσθην
3456 3611 3514 3668 ἐκ
3546 3615 3755 3686 στόμα-

2103 3721 2194 3761 τος
2234 3697 2478 3761 λέοντοςο
2514 3725 2540 3751 ‹‹
2573 3698 2763 3755 τοῦτον
2821 3697 2995 3774 λέγων
3049 3699 3185 3755 εἶναι
3215 3701 3307 3756 τὸν
3343 3700 3587 3774 Νέρωνα.
3625 3705 3754 3779 Περί

2106 3786 2163 3844 δὲ
2191 3796 2291 3858 τῆς
2322 3785 2572 3859 δευτέρας
2628 3787 2681 3844 ἐν
2741 3791 2778 3860 ἦ
2828 3789 2916 3843 καὶ
2971 3788 3274 3845 τελειοῦται
3329 3795 3406 3861 τῷ
3444 3793 3561 3846 κατ’
3592 3782 3751 3847 αὐτὸν

2110 3878 2413 3954 μαρτυρίῳ,
2449 3878 2601 3956 φησί·
2648 3901 2674 3929 ››
2729 3879 2844 3946 Τήν
2895 3877 3068 3946 καλήν
3103 3875 3376 3932 διακονίαν
3411 3900 3505 3933 σου
3537 3879 3752 3954 πληρο-

2103 3970 2362 4050 φόρησον.
2399 3969 2540 4045 Ἐγὼ
2589 3968 2693 4046 γὰρ
2741 3965 2851 4038 ἤδη
2903 3966 3224 4041 σπένδομαι,
3256 3969 3346 4023 καὶ
3373 3970 3400 4024 6
3432 3970 3620 4040 καιρὸς
3649 3977 3749 4040 τῆς

2102 4057 2412 4120 ἀναλύσεώς
2451 4080 2554 4131 μου
2581 4058 2865 4130 ἐφέστηκε.
2922 4082 2949 4109 ‹‹
2984 4059 3085 4115 Καὶ
3126 4058 3209 4114 ὅτι
3241 4065 3451 4122 Λουκᾶς
3479 4060 3545 4130 ἦν
3581 4060 3746 4116 πάλιν

2102 4152 2193 4206 σὺν
2252 4149 2421 4220 αυτῷ,
2487 4149 2599 4211 μετ’
2659 4147 2820 4222 ὀλίγα
2877 4145 3196 4220 ἐπιστολῆς,
3232 4171 3259 4199 ››
3319 4150 3641 4218 Ἀσπάζεταί
3673 4172 3752 4222 σε,

2099 4240 2312 4317 γράφει,
2343 4239 2370 4294 6
2404 4242 2613 4299 Λουκᾶς
2645 4238 2673 4292 6
2707 4235 2798 4291 σῦν
2829 4235 2977 4308 ἐμοί.
3012 4261 3039 4290 »
3084 4240 3267 4294 Ἔστιν
3297 4237 3386 4293 οῦν
3422 4240 3449 4293 6
3480 4245 3582 4302 πᾶς
3614 4240 3751 4315 χρό-

2097 4350 2188 4391 νος
2216 4333 2312 4384 τοῦ
2359 4326 2716 4402 κηρύγματος
2767 4322 3013 4395 Παύλου,
3059 4324 3230 4381 εἷ’κοσι
3270 4327 3359 4381 καὶ
3390 4321 3442 4383 ἔν
3474 4322 3611 4392 ἔτος.
3646 4329 3749 4386 Καὶ

339 4412 494 4489 ἕτερα
529 4413 623 4469 δύο
654 4409 770 4485 ἔτη,
807 4415 840 4470 ἄ
866 4413 1158 4471 διετέλεσεν
1189 4415 1240 4470 ἐν
1270 4421 1350 4486 τῷ
1397 4417 1533 4470 κατά
1581 4416 1895 4494 Καισᾶρειαν
1947 4417 2330 4491 δεσμωτηρίῳ.
2384 4417 2525 4490 Πρὸς
2559 4414 2616 4470 δὲ
2644 4417 2860 4478 τούτοις
2895 4414 3082 4486 πάλιν,
3113 4417 3180 4472 τὰ
3212 4415 3261 4470 ἐν
3293 4418 3484 4492 Ῥώμῃ
3512 4418 3748 4494 πρότερα

335 4500 433 4558 δύο
467 4498 584 4575 ἔτη,
617 4505 708 4560 καὶ
738 4506 804 4559 τὰ
832 4503 1118 4562 τελευταῖα
1148 4503 1204 4560 δὲ
1233 4499 1325 4575 ἔτη
1361 4502 1653 4561 δέκα·ὥστε
1684 4507 1819 4562 εἶναι
1851 4509 2023 4564 πάντα
2051 4510 2117 4562 τὰ
2144 4502 2236 4578 ἔτη
2291 4507 2398 4562 ἀπὸ
2447 4507 2546 4575 τῆς
2599 4505 2850 4576 κλήσεως
2881 4505 3047 4562 αὐτοῦ
3082 4505 3250 4582 μέχρι
3279 4513 3378 4577 τῆς
3406 4507 3743 4576 τελειώσεως

337 4592 526 4662 αὐτοῦ,
557 4595 843 4668 τριάκοντα
873 4596 964 4649 καὶ
991 4593 1165 4650 πέντε.

639 4695 1059 4751 MARTYBIUM
1086 4693 1294 4750 PAULI
1327 4694 1683 4752 APOSTOLI.

411 4784 526 4837 Sub
558 4787 787 4839 Nerone
827 4787 1229 4841 Romanorum
1269 4785 1646 4857 imperatore,
1695 4788 1976 4860 martyrio

334 4873 511 4928 vitam
540 4872 759 4927 ibidem
792 4874 981 4929 finivit
1027 4875 1244 4930 Paulus
1283 4875 1606 4946 apostolus,
1641 4877 1832 4948 capite
1852 4877 1973 4950 gla--

334 4962 431 5018 dio
482 4968 806 5033 amputato,
847 4980 1000 5017 anno
1032 4980 1066 5019 a
1096 4964 1340 5020 salutari
1372 4965 1648 5036 passione
1676 4967 1974 5023 tricesimo

334 5057 496 5107 sexto
529 5056 840 5122 postquam
858 5057 1058 5107 Romae
1075 5053 1298 5110 bonum
1312 5061 1636 5112 certaverat
1655 5062 1978 5128 certamen,

333 5141 542 5212 quinto
571 5141 666 5196 die
693 5142 918 5196 mensis
941 5143 1322 5215 Panemi.qui
1350 5145 1476 5201 dies
1506 5146 1664 5218 apud
1681 5149 1980 5204 Romanos

335 5230 553 5286 dicitur
590 5231 798 5287 tertius
844 5231 1243 5288 Kalendarum
1284 5235 1444 5304 Julii,
1495 5253 1611 5307 quo
1668 5238 1982 5310 complevit

333 5318 502 5376 divus
536 5321 851 5392 Apostolus
867 5337 1039 5376 suum
1054 5324 1423 5394 martyrium,
1441 5327 1806 5398 sexagesimo
1819 5343 1978 5382 nono

332 5425 487 5466 anno
519 5410 806 5466 adventus
839 5410 1155 5468 Salvatoris
1193 5414 1378 5469 nostri
1411 5415 1549 5471 Iesu
1579 5416 1814 5471 Christi.

400 5672 416 5706 ¹
450 5671 493 5728 Η
527 5671 672 5730 Tim.
705 5687 775 5740 1v,
814 5672 898 5739 16,
933 5670 1015 5728 17.

2221 4695 2621 4753 ΜΑΡΤΥΡΙΟΝ
2661 4694 2940 4752 ΠΔΥΛΟΥ
2976 4694 3111 4752 ΤΟΥ
3147 4696 3592 4754 ΑΠΟΣΤΟΑΟΥ.

2155 4785 2279 4842 Ἐπὶ
2339 4784 2594 4858 Νέρωνος
2651 4785 2746 4836 τοῦ
2802 4781 3072 4855 Καίσαρος
3124 4781 3438 4857 Ῥωμαίων,
3507 4783 3738 4861 ἐμαρτύ.

2088 4895 2248 4952 ρησεν
2303 4872 2489 4937 αὐτόθι
2550 4868 2766 4934 Παῦλος
2821 4873 2850 4926 ὁ
2904 4870 3238 4943 ἀποστολος,
3272 4871 3408 4952 ξίφει
3440 4875 3537 4943 τήν
3565 4896 3736 4956 κεφα-

2086 4960 2189 5033 λὴν
2223 4960 2582 5034 ἀποτμηθεὶς,
2614 4958 2666 5015 ἐν
2717 4958 2798 5033 τῷ
2852 4964 3161 5032 τριακοστῷ
3209 4960 3300 5015 καὶ
3329 4958 3472 5034 ἕκτῳ
3504 4959 3607 5018 ἔτει
3642 4969 3740 5021 τοῦ

2089 5051 2362 5127 σωτηρίου
2392 5050 2618 5119 πάθους,
2663 5052 2754 5106 τὸν
2812 5049 2982 5105 καλὸν
3040 5049 3224 5124 ἀγῶνα
3254 5049 3656 5124 ἀγωνισάμενος
3686 5052 3738 5110 ἐν

2088 5140 2303 5215 Ῥώμῃ,
2336 5140 2557 5214 πέμπτῃ
2591 5137 2773 5213 ἡμέρα
2829 5135 3075 5211 Πανέμου
3138 5139 3334 5210 μηνὸς,
3363 5139 3486 5208 ἥτις
3517 5139 3734 5216 λέγεται

2088 5231 2235 5304 παρά
2263 5229 2581 5303 Ῥωμαίοις,
2623 5232 2692 5302 τῇ
2750 5228 2856 5303 πρὸ
2909 5231 3076 5301 τριῶν
3133 5224 3430 5283 Καλανδῶν
3465 5231 3740 5302 Ἰουλίων,

2086 5321 2202 5376 καθ’
2251 5321 2316 5390 ἣν
2367 5317 2662 5387 ἐτελειώθη
2715 5319 2742 5372 ὁ
2796 5318 2952 5392 ἅγιος
3007 5314 3343 5379 ’Λπόστολος
3374 5322 3453 5391 τῷ
3494 5322 3611 5375 κατ’
3645 5322 3741 5377 αὖ.

2085 5409 2178 5465 τὸν
2224 5409 2528 5484 μαρτυρίῳ,
2589 5409 2862 5480 ἑξηκοστῷ
2917 5405 3008 5460 καὶ
3062 5405 3262 5478 ἐννάτῳ
3321 5405 3426 5462 ἔτει
3485 5416 3586 5479 τῆς
3643 5416 3740 5465 τοῦ

2090 5504 2350 5572 Σωτῆρος
2381 5499 2542 5571 ἡμῶν
2577 5499 2761 5568 Ἰησοῦ
2791 5498 3033 5572 Χριστοῦ
3063 5498 3387 5570 παρουσίας.
