4176 6200
369 334 491 396 317

370 467 719 525 ΥΠΟΘΕΣΙΣ
766 468 899 526 τΗΣ
962 469 1139 526 ΠΡΟΣ
1194 468 1554 526 ΡΩΜΑΙΟΥΣ
1603 468 2021 525 ΕΙῙΙΣΤΟΛΠΣ.
2057 468 2105 532 Α

447 556 512 613 Ἡ
572 551 628 610 δὲ
693 557 829 633 πρὸς
884 557 1200 630 Ῥωμαίους
1274 555 1542 627 ἐπιστολὴ
1601 556 1847 631 περιέχει
1927 557 2025 624 τὴν

378 646 519 720 πρὸς
548 645 638 700 τὸν
667 646 898 720 Χριστὸν
955 648 1321 721 παρασκευὴν,
1382 646 1625 720 μάλιστα
1677 651 1794 706 τοῖς
1826 644 1886 701 ἐκ
1927 644 2028 723 φύ-

386 755 525 797 σεως
553 736 844 811 λογισμοῖς
873 734 1246 812 ἐλεγχθεῖσαν,
1300 736 1390 793 καὶ
1450 736 1540 793 διὰ
1592 740 1756 793 τοῦτο
1787 735 2025 811 προτάτ-

374 845 526 880 τεται
560 824 759 889 ἄλλαις
793 825 1046 894 άπάσαις,
1100 826 1176 888 ὡς
1231 823 1297 894 δή
1360 826 1494 900 πρὸς
1542 823 1738 888 αὐτοὺς
1788 843 2027 900 γεγραμ-

388 915 521 986 μένη
553 915 681 977 τοὺς
713 913 822 986 ἤδη
874 915 941 971 τὰ
994 918 1113 971 θεῖα
1155 916 1592 992 προμυηθέντας.
1651 913 1864 985 Ταύτην
1907 912 2030 967 ἐπι-

380 1000 599 1058 στέλλει
655 1004 762 1057 ἀπὸ
820 1005 1110 1081 Κορίνθου,
1173 1008 1342 1077 μήπω
1402 1006 1496 1078 μὶν
1575 1003 1833 1075 ἑωρακὼς
1891 1002 2026 1056 Ῥω-

380 1091 596 1166 μαίους,
671 1091 883 1147 ἀκούων
964 1089 1020 1148 δὲ
1095 1093 1220 1168 περὶ
1306 1093 1504 1166 αὐτῶν,
1590 1093 1681 1149 καὶ
1755 1092 2028 1147 ἐπιποθῶν

372 1179 575 1242 αὐτοὺς
626 1177 779 1237 ἰδεῖν.
869 1180 971 1238 Καὶ
1046 1186 1265 1257 πρῶτον
1321 1183 1418 1256 μὶν
1476 1179 1839 1245 ἀποδέχεσθαί
1895 1200 2027 1260 φησι

375 1270 477 1339 τὴν
533 1267 717 1325 πίστιν
780 1271 982 1343 αὐτῶν,
1032 1270 1549 1347 καταγγελλομένην
1608 1271 1748 1347 ὁρῶν
1826 1289 2026 1325 παντα-

381 1361 509 1433 χοῦ.
535 1358 764 1415 Ἔπειτα
819 1359 1069 1434 σημαίνει
1117 1358 1391 1423 πολλάκις
1449 1361 1636 1417 ἑαυτὸν
1695 1357 2026 1435 προθέμενον

366 1445 571 1516 ἐλθεῖν,
603 1444 694 1503 διὰ
720 1448 813 1504 τὸν
858 1448 936 1513 εἶς
990 1447 1186 1511 αὐτοὺς
1250 1450 1446 1522 πόθον,
1504 1448 1640 1506 τέως
1672 1450 1749 1522 μὴ
1808 1444 2029 1517 δεδυνῆ-

374 1538 519 1595 σθαι.
552 1536 659 1593 Καὶ
692 1534 889 1593 λοιπὸν
923 1534 1320 1609 διδασκαλικὴν
1373 1540 1474 1608 τήν
1530 1537 1826 1608 ἐπιστολὴν
1853 1542 2030 1595 ποιεῖ-

366 1646 480 1697 ται,
512 1626 639 1700 περὶ
664 1624 920 1696 κλήσεως
974 1625 1166 1684 ἐθνῶν.
1228 1627 1333 1687 Καὶ
1390 1629 1475 1687 δτι
1532 1630 1569 1699 ἢ
1618 1629 1893 1703 περιτομὴ
1922 1623 2029 1690 ἕως

367 1720 565 1793 καιροῦ
595 1717 688 1787 ἦν,
718 1716 811 1772 καὶ
872 1718 964 1774 νῦν
1018 1719 1310 1777 πέπαυται.
1374 1721 1474 1778 Καὶ
1505 1719 1591 1776 ὅτι
1643 1716 1733 1776 διὰ
1767 1723 1865 1776 τοῦ
1896 1719 2027 1793 Χρι-

368 1808 502 1862 στοῦ
531 1803 760 1864 λέλυται
788 1806 853 1864 τὸ
883 1809 1236 1885 παράπτωμα
1290 1814 1388 1866 τοῦ
1446 1808 1648 1884 Ἀδὰμ,
1684 1810 1775 1865 καὶ
1809 1810 1844 1878 ἡ
1899 1805 2025 1862 σκιὰ

366 1900 468 1952 τοῦ
489 1894 665 1971 νόμου
712 1897 984 1974 παρῆλθε.
1019 1901 1133 1970 Τήν
1191 1900 1284 1973 μὶν
1319 1901 1411 1957 οὗν
1441 1897 1640 1970 κλῆσιν
1684 1904 1794 1955 τῶν
1857 1896 2018 1954 ἐθνῶν

367 1984 693 2050 ἀκολούθως
763 1989 1149 2059 κατασκευάζει
1231 1989 1430 2061 οὕτως,
1487 1986 1807 2053 ἀποδεικνὺς
1861 1991 2019 2043 πᾶσιν

364 2077 682 2153 ἀνθρώποις
740 2076 981 2159 ἔμφυτον
1037 2082 1175 2138 εἶναι
1231 2082 1323 2138 τὸν
1369 2081 1568 2156 νόμον,
1641 2080 1732 2136 καὶ
1809 2080 2018 2143 πάντας

364 2164 645 2243 ἆδιδάκτῳ
674 2190 735 2226 τε
772 2173 842 2245 τῇ
888 2170 1065 2249 φύσει,
1113 2172 1205 2228 καὶ
1263 2170 1354 2227 ἀπ’
1411 2172 1584 2241 αὐτῆς
1636 2176 1738 2241 τῆς
1790 2168 2018 2234 κτίσεως

362 2252 623 2322 δύνασθαι
664 2260 954 2335 γινώσκειν
1009 2262 1102 2317 τὸν
1155 2262 1310 2318 Θεόν.
1368 2261 1464 2317 Διὸ
1516 2260 1610 2316 καὶ
1667 2258 1892 2324 εἲκότως
1940 2258 2019 2315 αἶ’-

356 2351 541 2402 τιᾶται
572 2351 790 2422 πρῶτον
819 2347 1122 2421 Ἕλληνας,
1179 2349 1256 2413 ὡς
1312 2350 1410 2422 μὶν
1465 2352 1564 2405 τοῦ
1592 2351 1729 2406 Θεοῦ
1782 2348 2021 2427 φανερώ-

367 2454 562 2498 σαντος
592 2436 785 2496 αὐτοῖς
858 2436 919 2492 ἐκ
963 2442 1071 2493 τῶν
1128 2436 1456 2511 ποιημάτων
1508 2440 1608 2494 τοῦ
1652 2434 1864 2510 κόσμου
1915 2437 2016 2506 τὴν

363 2524 494 2600 περῖ
524 2525 719 2581 ἱαυτὸῦ
748 2529 949 2602 γνῶσιν
975 2528 1068 2582 καὶ
1114 2533 1215 2597 τῆς
1274 2524 1454 2583 ἀϊδίου
1487 2524 1773 2601 δυνάμεως
1829 2524 2019 2595 αὐτοῦ,

365 2614 497 2686 ἥτις
528 2615 671 2672 ἱστὶν
699 2617 729 2673 ὁ
759 2615 925 2694 λόγος
953 2616 1142 2691 αὐτοῦ,
1168 2617 1219 2674 ἐν
1280 2618 1327 2693 ᾦ
1378 2620 1468 2674 καὶ
1526 2615 1596 2674 δι’
1638 2619 1700 2673 οὗ
1727 2616 1793 2673 τὰ
1849 2615 2017 2672 πάντα

367 2705 694 2776 πεποίηκεν,
752 2705 949 2770 αὐτοὺς
1015 2704 1094 2777 δὶ,
1155 2708 1231 2782 μὴ
1287 2705 1570 2784 ἐγνωκέναι
1632 2707 1728 2782 μὶν
1786 2705 1848 2764 ἐκ
1911 2710 2019 2763 τῶν

365 2795 683 2868 κτισμάτων
713 2795 850 2852 εἶναι
881 2794 1010 2853 Θεδν
1045 2797 1136 2852 τὸν
1168 2798 1378 2854 τούτων
1434 2797 1806 2876 Δημιουργὸν,
1837 2796 1904 2854 τὰ
1961 2793 2020 2852 δε

368 2887 660 2959 ποιήματα
702 2887 1152 2958 θεοποιήσαντας,
1213 2886 1303 2942 καὶ
1358 2890 1426 2961 τῇ
1481 2885 1650 2943 κτίσει
1711 2884 1925 2960 μᾶλλον
1980 2884 2016 2955 ἧ

370 2972 525 3045 αὖτῷ
552 2970 969 3048 λατρεῦσαντας.
1002 2972 1250 3031 Atriam
1308 2971 1366 3029 δὶ
1426 2974 1517 3029 καὶ
1566 2970 1884 3040 Ἰουδαίους,
1943 2974 2019 3036 ὡς

376 3062 456 3134 μή
491 3060 823 3142 φυλάξαντας
848 3062 941 3118 τὸν
976 3061 1168 3136 νόμον,
1200 3060 1348 3118 ἀλλὰ
1399 3064 1490 3119 καὶ
1546 3062 1762 3118 πᾶλλον
1802 3059 1891 3118 διὰ
1918 3069 2019 3133 τῆς

369 3146 733 3228 παραϐάσεως
763 3156 860 3210 τοῦ
889 3154 1083 3227 νόμου,
1138 3153 1231 3209 τὸν
1292 3154 1421 3209 Θεὸν
1471 3152 1857 3227 ἀτιμάσαντας.
1908 3151 2012 3210 Καὶ

1454 333 1864 397 COMMENT.
1910 333 1992 397 IN
2041 328 2286 394 EPIST.
2332 331 2433 391 AD
2481 330 2669 393 ΗΘΜ.

2268 464 2758 521 ARGUMENTUM
2787 463 3143 521 EPISTOLE
3175 463 3269 519 AD
3300 462 3652 519 ROMANOS.

2135 557 2396 628 Epistola
2426 556 2500 612 ad
2553 559 2850 613 Romanos
2883 555 3296 628 complectitur
3331 555 3783 612 instructionem

2135 646 2209 702 ad
2240 647 2558 713 Christum,
2582 652 2640 703 et
2669 647 2923 703 maxime
2956 664 3060 719 per
3091 646 3452 703 naturalium
3483 646 3782 700 rationum

2135 736 2704 794 demonstrationem
2730 739 2915 793 :196
2946 738 3196 808 ideoque
3223 736 3783 807 caaterisprazposita

2135 832 2244 888 est.
2269 834 2549 899 tanquam
2582 833 2739 883 certe
2770 827 2844 883 ad
2891 844 2992 882 eos
3033 827 3253 897 scripta
3283 827 3383 897 qui
3407 826 3481 881 ad
3514 825 3780 880 divinum

2135 916 2358 974 cultum
2381 918 2510 989 jam
2540 916 2843 973 habebant
2891 916 3270 988 principium.
3308 917 3466 970 Hanc
3517 922 3716 970 autem
3746 931 3780 969 a

2134 1007 2417 1062 Corintho
2450 1007 2654 1075 mittit,
2708 1023 2845 1062 cum
2888 1006 3144 1061 necdum
3193 1007 3489 1061 Romanos
3514 1004 3776 1069 vidisset,

2136 1096 2241 1152 sed
2270 1097 2344 1153 de
2374 1096 3045 1169 ipsisaudisset.eosque
3075 1094 3310 1149 videndi
3334 1094 3583 1165 cupidus
3602 1099 3777 1150 esset.

2135 1187 2205 1241 Et
2233 1187 2490 1256 primum
2542 1185 2784 1257 quidem
2836 1186 2919 1240 ait
2947 1184 3059 1240 sibi
3098 1191 3324 1256 gratam
3357 1200 3486 1239 esse
3535 1183 3776 1238 illorum

2136 1275 2314 1331 ﬁdem
2372 1292 2550 1346 quam
2624 1275 2843 1346 ubique
2916 1274 3185 1330 locorum
3249 1271 3536 1346 divulgari
3588 1272 3770 1328 videt.

2136 1367 2356 1425 Deinde
2390 1367 2684 1439 significat
2721 1366 2880 1436 quod
2910 1365 3257 1437 frequenter
3287 1363 3663 1436 proposuerit
3704 1362 3780 1418 ad

2134 1459 2297 1531 ipsos
2339 1455 2558 1523 venire,
2606 1471 2892 1511 accensus
2952 1442 3168 1510 eorum.
3212 1453 3529 1521 desiderio,
3583 1452 3782 1509 adhuc

2133 1554 2333 1605 tamen
2365 1562 2486 1600 non
2519 1545 2797 1617 potuerit.
2831 1546 2899 1599 Et
2947 1544 3228 1614 deinceps
3268 1542 3620 1598 eruditionis
3651 1542 3781 1612 ple-

2133 1652 2275 1694 nam
2318 1634 2640 1691 conscribit
2692 1633 3020 1706 epistolam,
3063 1635 3135 1689 de
3182 1633 3484 1689 vocatione
3513 1633 3780 1706 gentium

2135 1724 2413 1798 quodque
2444 1723 2820 1779 circumcisio
2841 1722 3034 1778 solum
3052 1723 3126 1778 ad
3156 1726 3389 1793 tempus
3421 1721 3613 1792 posita
3628 1725 3776 1789 erat,

2134 1819 2276 1870 tunc
2306 1817 2506 1869 autem
2538 1817 2888 1880 cessaverat,
2922 1816 2980 1867 et
3009 1811 3166 1884 quod
3197 1828 3304 1883 per
3332 1810 3627 1866 Christum
3652 1815 3778 1866 erat

2127 1905 2390 1962 deletum
2406 1903 2548 1959 Adae
2565 1909 2873 1975 peccatum
2886 1945 2899 1972 ,
2919 1902 3251 1973 umbraque
3272 1901 3418 1973 legis
3436 1901 3776 1957 transierat.

2123 1996 2503 2053 Vocationem
2534 1995 2735 2067 itaque
2766 1994 3034 2067 gentium
3065 1996 3502 2063 consequenter
3534 1990 3620 2046 ita
3641 2006 3778 2046 con-

2123 2087 2340 2153 ﬁrmat,
2366 2083 2691 2141 ostendens
2709 2083 2939 2140 cunctis
2959 2081 3300 2138 hominibus
3333 2080 3624 2136 consitam
3648 2096 3777 2135 esse

2122 2175 2334 2249 legem,
2384 2190 2714 2246 omnesque
2759 2178 2819 2229 et
2849 2178 3064 2229 natura
3092 2170 3272 2227 rudes
3303 2187 3454 2238 esse,
3488 2175 3545 2225 et
3575 2175 3776 2226 tamen

2123 2266 2194 2323 ab
2209 2265 2357 2338 ipsis
2369 2265 2657 2322 creaturis
2669 2280 2843 2336 posse
2856 2264 3040 2320 Deum
3065 2278 3439 2335 cognoscere.
3455 2262 3776 2332 Propterea

2122 2356 2334 2412 merito
2364 2354 2576 2427 arguit,
2611 2354 2871 2426 primum
2904 2352 3145 2424 quidem
3172 2353 3427 2414 Graecos,
3458 2349 3615 2421 quod
3639 2366 3774 2407 cum

2123 2444 2243 2501 illis
2274 2446 2426 2500 Deus
2460 2460 2530 2499 ex
2557 2443 2845 2499 creaturis
2872 2442 3099 2509 mundi,
3143 2440 3233 2496 sui
3266 2440 3452 2513 ipsius
3482 2438 3773 2512 cognitio-

2123 2549 2262 2589 nem
2291 2531 2753 2597 manifestasset,
2798 2546 3085 2602 suamque
3130 2529 3407 2583 virtutem
3463 2533 3770 2594 aeternam,

2124 2640 2253 2696 quas
2285 2628 2376 2679 est
2407 2622 2663 2678 Verbum
2709 2621 2863 2695 ejus,
2914 2622 2975 2676 in
3007 2637 3123 2692 quo
3146 2624 3205 2675 et
3233 2636 3340 2692 per
3369 2635 3547 2690 quem
3574 2619 3775 2674 omnia

2123 2713 2361 2782 creavit,
2406 2712 2495 2768 illi
2542 2718 2742 2769 tamen
2786 2728 2821 2767 a
2871 2710 3159 2767 creaturis
3216 2726 3336 2765 non
3381 2714 3793 2779 cognoverant,

2123 2803 2331 2870 Deum,
2383 2801 2486 2873 qui
2535 2802 2650 2857 ista
2695 2800 3052 2856 formaverat
3093 2799 3197 2854 sed
3254 2799 3413 2869 ipsas
3472 2802 3772 2852 creaturas

2124 2890 2267 2948 deos
2286 2890 2573 2957 fecerant,
2597 2906 2665 2945 ac
2686 2889 3353 2954 coluerant,creaturam
3367 2885 3562 2957 potius
3592 2900 3769 2955 quam

2124 2981 2480 3036 Creatorem.
2514 2978 2724 3051 Arguit
2757 2983 2957 3033 autem
2988 2981 3048 3030 et
3093 2975 3325 3031 Judaeos
3356 2980 3420 3029 ut
3453 2974 3554 3044 qui
3578 2973 3766 3044 legem

2124 3085 2245 3126 non
2259 3072 2611 3133 servassent,
2628 3067 2731 3121 sed
2746 3065 3009 3138 perlegis
3024 3064 3557 3136 transgressionem
3580 3063 3764 3118 Deum

2124 3157 2585 3213 inhonorassent
2600 3171 2612 3209 :
2629 3160 2688 3209 et
2704 3154 3081 3224 itautrosqne
3096 3158 3219 3207 tum
3231 3150 3464 3207 Iudaeos
3480 3156 3604 3206 tum
3619 3151 3770 3206 Grai-

363 3218 539 3303 οίίτως
568 3240 850 3321 ἀμφότερα
877 3218 1206 3316 τὰμέγιστα
1239 3238 1540 3304 Ἰουδαίους
1566 3218 1687 3297 ’καὶ
1733 3239 2010 3311 Ἕλληνας

2124 3263 2224 3302 cos
2253 3246 2506 3301 maxime
2550 3245 2804 3301 convicit
2850 3260 2918 3299 ac
2967 3241 3453 3316 transgressionis
3491 3245 3766 3297 accusat:

363 3327 635 3404 συγκλείει
686 3328 777 3383 καὶ
827 3326 1050 3408 ἐλέγχει
1108 3328 1195 3384 ἐπὶ
1223 3328 1557 3405 παρανομίᾳ,
1581 3326 1674 3383 ’ίνα
1722 3325 1870 3404 δείξῃ
1930 3330 2013 3383 δτι

361 3415 489 3471 ὅσοι
514 3416 798 3491 γενόμενοι
830 3416 883 3472 οἷ
912 3418 1129 3488 πάντες,
1177 3416 1372 3488 ἐπίσης
1417 3418 1492 3482 ὡς
1551 3418 1861 3487 ὑπεύθυνοι,
1916 3421 2014 3472 τοῦ

362 3505 744 3581 λυτρουμένου
776 3503 1003 3563 δέονται.
1036 3511 1149 3578 Τῆς
1179 3504 1237 3564 δὲ
1264 3515 1490 3583 χάριτος
1548 3506 1637 3562 καὶ
1687 3505 2014 3580 λυτρώσεως

359 3594 560 3667 ἐπίσης
590 3601 707 3658 τοῖς
755 3594 1042 3659 Ἰουδαίοις
1098 3597 1399 3673 γενομένης
1456 3598 1546 3652 καὶ
1595 3595 1682 3653 ἐπὶ
1737 3596 1804 3652 τὰ
1859 3594 2011 3667 ἔθνη,

358 3683 589 3747 εἰκότως
621 3685 708 3740 καὶ
769 3686 805 3755 ἡ
863 3682 1061 3755 κλῆσις
1117 3684 1305 3761 γέγονε
1359 3689 1466 3740 τῶν
1527 3684 1709 3749 ἐθνῶν.
1788 3687 1904 3755 Τῆς
1956 3681 2014 3741 δὲ

360 3772 618 3845 κλήσεως
672 3777 782 3830 τῶν
828 3774 994 3839 ἰθνῶν
1053 3774 1368 3851 γενομένης,
1431 3774 1480 3847 ἐξ
1540 3775 1778 3851 ἀνάγκης
1814 3776 2013 3830 πέπαυ-

360 3866 511 3934 ταιὴ
575 3866 874 3939 περιτομὴ,
933 3864 1023 3920 καὶ
1076 3867 1110 3935 ἠ
1161 3863 1214 3920 ἒν
1270 3869 1350 3938 τῷ
1404 3864 1563 3938 νόμῳ
1617 3865 1759 3921 σκιά.
1792 3865 1848 3918 Ὀ
1905 3866 2011 3939 γὰρ

359 3947 613 4027 ⁹Ἀϐραμ,
647 3952 831 4029 φησὶν,
867 3952 967 4010 οὐκ
991 3953 1043 4009 ἐν
1067 3958 1364 4029 περιτομῇ,
1391 3952 1537 4010 ἀλλᾶ
1566 3955 1672 4030 πρὸ
1699 3956 1798 4020 τῆς
1858 3974 2010 4029 περι.

357 4047 542 4114 τομῆς
596 4039 929 4112 δικαιωθεὶς,
989 4042 1386 4115 μετωνομάσθη
1450 4042 1545 4115 μὶν
1603 4037 1876 4116 Ἀϐραὰμ,
1926 4042 2009 4099 ὅτι

357 4130 543 4206 πατὴρ
562 4129 791 4187 πολλῶν
825 4131 986 4187 ἐθνῶν
1014 4127 1246 4206 ἔμελλεν
1302 4130 1465 4198 εἶναι,
1520 4131 1656 4186 κατὰ
1698 4133 1795 4201 τὴν
1830 4131 1881 4187 ἐν
1939 4135 2009 4206 τῇ

356 4214 701 4293 ἀκροϐυστίᾳ
731 4222 937 4279 πίστιν.
984 4216 1191 4278 Ἕλαϐε
1248 4218 1304 4277 δὲ
1369 4220 1505 4295 μετὰ
1557 4220 1621 4275 τὸ
1653 4217 2008 4291 δικαιωθῆναι

287 4301 297 4310 ’
359 4311 454 4366 καὶ
506 4310 604 4377 τήν
672 4312 980 4386 περιτομὴν
1030 4308 1083 4366 ἐν
1144 4309 1323 4385 σαρκὶ,
1383 4310 1476 4364 ἳνα
1534 4313 1762 4380 σημεῖον
1892 4315 2007 4374 τοῖς

361 4401 501 4455 κατὰ
532 4401 705 4476 σάρκα
756 4398 1120 4475 γεννωμένοις
1176 4401 1226 4472 ἐξ
1284 4399 1470 4467 αὐτοῦ,
1528 4397 1821 4462 παύσεσθαί
1874 4420 2012 4456 ποτε

358 4491 460 4558 τήν
522 4491 855 4564 περιτομὴν,
916 4488 1041 4545 ὅταν
1095 4490 1161 4544 τὰ
1224 4486 1345 4560 ἔθνη
1428 4487 1651 4565 γένηται
1707 4488 1860 4543 τέκνα
1913 4491 2010 4545 τοῦ

2117 3341 2185 3391 ut
2211 3335 2485 3391 ostendat
2528 3334 2689 3407 quod
2722 3334 3064 3406 quicunque
3112 3332 3234 3388 nati
3268 3336 3425 3397 sunt,
3461 3347 3667 3386 omnes
3698 3346 3770 3386 ex

2119 3442 2288 3496 aequo
2321 3429 2533 3497 egeant
2574 3423 2990 3495 Redemptore,
3041 3426 3244 3493 utpote
3279 3420 3517 3476 obnoxii
3543 3435 3555 3473 :
3581 3419 3769 3487 gratia

2115 3531 2250 3571 vero
2281 3519 2341 3570 et
2360 3514 2770 3585 redemptione
2790 3512 3007 3568 Iudaeis
3021 3528 3088 3567 ac
3099 3510 3372 3584 gentibus
3398 3526 3467 3565 ex
3486 3526 3655 3581 aequo
3676 3509 3765 3565 fa-

2117 3610 2229 3674 cta,
2260 3604 2472 3659 merito
2504 3603 2681 3658 etiam
2731 3602 2998 3675 gentium
3036 3600 3190 3657 facta
3238 3600 3314 3656 sit
3340 3598 3766 3654 vocatiozfacta

2116 3699 2313 3750 autem
2342 3692 2607 3766 gentium
2635 3691 2963 3755 vocatione,
3008 3691 3343 3746 necessario
3371 3688 3624 3744 cessavit
3648 3689 3763 3743 cir-

2116 3781 2399 3838 cumcisio
2430 3798 2498 3837 ac
2529 3780 2741 3836 umbra
2771 3797 2903 3852 qua:
2937 3781 2997 3835 in
3026 3780 3155 3851 lege
3187 3783 3329 3833 erat.
3364 3777 3583 3831 Abram
3602 3776 3761 3830 enim

2116 3889 2235 3927 non
2259 3872 2321 3926 in
2351 3867 3167 3940 circumcisione,inquit,sed
3197 3871 3331 3921 ante
3365 3864 3762 3920 circumcisio-

2115 3976 2253 4016 nem
2277 3958 2936 4032 justiﬂcatus,nominis
2955 3955 3446 4012 transmutatione
3465 3954 3658 4009 dictus
3676 3957 3765 4007 est

2115 4051 2434 4113 Abraham,
2467 4050 2626 4121 quod
2657 4054 2827 4120 pater
2864 4047 3184 4103 multarum
3216 4046 3480 4120 gentium
3527 4045 3763 4100 futurus

2116 4145 2294 4206 esset,
2313 4139 2639 4196 secundum
2653 4138 2831 4193 fidem
2858 4152 3035 4207 quam
3058 4136 3117 4190 in
3132 4135 3419 4208 praeputio
3448 4135 3758 4189 habuerat.

2114 4228 2377 4299 Sumpsit
2404 4232 2603 4283 autem
2635 4225 3323 4299 postquamjustiﬁcatus
3337 4230 3428 4280 est
3456 4223 3762 4278 circumci-

2115 4318 2345 4373 sionem
2397 4316 2460 4370 in
2492 4332 2690 4383 carne,
2732 4321 2797 4369 ut
2840 4315 3077 4383 signum
3105 4319 3262 4369 esset
3294 4313 3388 4368 his
3418 4313 3519 4381 qui
3546 4327 3757 4367 secun-

2115 4406 2259 4463 dum
2290 4421 2528 4462 carnem
2563 4404 2636 4461 ab
2669 4421 2736 4460 eo
2768 4407 3642 4477 propagarentur.Cessaturum
3658 4416 3765 4455 au-

2116 4502 2236 4553 tem
2268 4501 2409 4551 tunc
2454 4495 2600 4551 dicit
2653 4495 3191 4559 circumcisionem,
3244 4509 3377 4549 cum
3407 4496 3615 4565 gentes
3658 4490 3767 4546 ﬁlii

362 4573 638 4652 Ἀϐραὰμ,
695 4577 964 4654 ἀρξάμενα
1029 4576 1412 4642 πολιτεύεσθαι
1465 4577 1603 4633 κατὰ
1678 4578 1778 4647 τήν
1828 4579 2007 4634 πίστιν

2123 4585 2340 4641 fuerint
2370 4584 2641 4651 Abrahaa,
2664 4600 2919 4655 quorum
2952 4584 3079 4655 jam
3110 4587 3369 4654 coeperat
3397 4580 3765 4636 conversatio

359 4671 459 4724 τοῦ
488 4662 767 4742 Ἀϐραὰμ,
802 4666 854 4723 ὲν
886 4668 924 4740 ᾗ
953 4665 1248 4738 ἐδικαιώθη
1302 4665 1390 4722 ὅτε
1447 4669 1512 4738 ἦν
1542 4667 1598 4722 ἐν
1654 4662 2004 4744 ἀκροϐυστίᾳ.

358 4755 579 4813 Τούτων
609 4757 711 4833 γὰρ
745 4756 906 4834 χάριν
949 4755 1347 4831 μετωνομάσθη
1380 4751 1656 4832 ’Δϐραὰμ.

435 4935 668 5012 Ἀνάγκη
703 4933 780 5005 δί,
812 4932 1085 4998 ἐλθόντων
1141 4937 1250 4991 τῶν
1312 4934 1749 5009 σημαινομένων,
1794 4933 2004 4990 παύσα-

360 5026 551 5081 σασθαι
604 5025 666 5080 τὸ
720 5029 1006 5099 σημαῖνον.
1068 5023 1129 5081 Εί
1192 5024 1287 5097 μὶν
1347 5023 1439 5078 οὖν
1476 5023 1544 5078 τὰ
1591 5020 1714 5092 ἔθνη
1772 5023 2006 5100 ἀναγκά-

360 5120 515 5186 ζουσι
548 5113 983 5191 περιτέμνεσθαι,
1035 5114 1351 5170 παυέτωσαν
1412 5113 1501 5168 καὶ
1553 5112 1618 5169 τὸ
1677 5108 1854 5184 ὄνομα
1907 5116 2006 5168 τοῦ

356 5200 639 5280 Ἀϐραὰμ,
699 5202 787 5258 καὶ
844 5202 1114 5259 καλείσθω
1181 5198 1422 5276 Ἀϐραμ.
1486 5200 1552 5259 Εἰ
1639 5199 1697 5257 δὲ
1754 5199 2005 5278 Ἀϐραὰμ

359 5296 508 5373 παρὰ
540 5299 673 5352 Θεοῦ
730 5293 1152 5368 μετωνομάσθη,
1213 5294 1277 5348 οὗ
1337 5291 1419 5349 δεῖ
1465 5294 1881 5369 περιτέμνεσθαι
1938 5293 2005 5349 τὰ

356 5385 511 5456 ἔθνη,
544 5382 671 5441 ἀλλ’
710 5380 834 5437 οὐδὲ
893 5381 1086 5445 αὐτοὺς
1134 5375 1213 5438 ἔτι
1261 5382 1388 5444 τοὺς
1446 5383 1580 5438 κατά
1634 5384 1805 5458 σάρκα
1862 5384 2003 5440 Ἰου-

355 5474 565 5540 δαίους,
598 5471 751 5545 ἴναῇ
803 5471 866 5527 τὸ
918 5467 1091 5546 ὄνομα
1141 5465 1385 5548 βέϐαιον,
1444 5471 1533 5527 καὶ
1590 5473 1771 5547 πατὴρ
1831 5471 1999 5538 ἐθνῶν

348 5563 581 5621 πολλῶν
630 5560 884 5631 καλῆται.
915 5561 1018 5618 Καὶ
1042 5560 1145 5638 γὰρ
1200 5559 1261 5617 οὗ
1295 5561 1485 5637 χρείαν
1516 5557 1634 5637 ἔχει
1659 5560 1856 5618 λοιπόν
1917 5584 1999 5625 τις

348 5653 786 5726 περιτέμνεσθαι,
818 5649 1155 5725 ἀρκούμενος
1203 5652 1273 5725 τῇ
1332 5649 1509 5706 πίστει
1568 5654 1662 5705 τοῦ
1722 5645 1995 5725 Ἀϐραάμ,

354 5739 481 5801 οὐδὲ
509 5747 610 5812 τῆς
642 5738 821 5813 ἄλλης
878 5735 935 5795 δὶ
989 5745 1092 5809 τῆς
1149 5736 1202 5795 ἦν
1257 5739 1411 5816 νόμῳ
1454 5742 1626 5804 σκιᾶς.
1659 5739 1735 5796 Οὐ
1791 5741 1893 5819 γὰρ
1936 5740 1998 5797 ἔκ

2119 4675 2181 4732 in
2214 4675 2328 4731 ﬂde
2359 4675 2508 4730 I97
2546 4673 2867 4737 Abraham,
2902 4673 2964 4728 in
2995 4671 3494 4745 quajustiticatus
3523 4674 3613 4725 est
3630 4686 3764 4724 cum

2118 4770 2277 4820 esset
2300 4765 2361 4820 in
2392 4765 2719 4837 praeputio:
2752 4763 2886 4819 ideo
2913 4762 3072 4818 enim
3104 4765 3497 4817 transmutato
3520 4760 3763 4817 nomine

2117 4854 2310 4911 dictus
2341 4861 2431 4911 est
2464 4854 2782 4911 Abraham.

2188 4945 2437 5000 Necesse
2468 4949 2559 4999 est
2586 4947 2786 4998 autem
2800 4940 3255 4998 succedentibus
3277 4942 3763 5016 signiﬁcatisces-

2115 5048 2247 5087 sare
2280 5031 2599 5105 signum.Si
2633 5047 2769 5103 ergo
2801 5029 3268 5101 gentdsnecesse
3290 5029 3765 5095 estcircumcidi,

2115 5126 2307 5177 cesset
2335 5126 2395 5177 et
2421 5136 2641 5177 nomen
2673 5120 2992 5187 Abraham,
3046 5126 3401 5191 voceturque
3446 5120 3765 5178 Abram:si

2112 5225 2247 5264 vero
2277 5209 2571 5264 Abraham
2601 5225 2636 5265 a
2667 5211 2786 5265 Deo
2813 5210 3075 5265 nominis
3106 5210 3433 5266 mutatione
3449 5210 3641 5265 dictus
3656 5214 3764 5277 est,

2114 5315 2234 5355 non
2266 5315 2414 5371 opus
2446 5303 2536 5355 est
2579 5304 2753 5372 gente
2799 5298 3144 5355 circumcidi
3172 5318 3184 5355 :
3218 5300 3335 5356 imo
3367 5317 3560 5371 neque
3592 5300 3764 5355 dein-

2113 5404 2256 5459 ceps
2287 5402 2388 5443 eos
2419 5387 2520 5459 qui
2549 5388 2735 5443 Judaei
2766 5393 2906 5443 sunt
2922 5387 3249 5443 secundum
3282 5404 3521 5444 carnem
3550 5405 3563 5442 :
3592 5394 3658 5442 ut
3687 5389 3765 5443 sit

2112 5493 2335 5532 nomen
2362 5477 2602 5532 ﬁrmum
2625 5481 2684 5533 et
2710 5478 3213 5549 patermultarum
3244 5478 3509 5552 gentium
3537 5494 3759 5533 nuncu-

2110 5572 2302 5639 petur.
2337 5566 2571 5621 Etenim
2602 5583 2723 5622 non
2770 5583 3015 5623 necesse
3065 5572 3174 5635 est,
3204 5574 3272 5623 ut
3302 5568 3434 5639 quis
3474 5566 3757 5637 deinceps

2109 5655 2587 5723 circumcidatur,
2604 5655 2872 5712 cumillis
2898 5656 3316 5713 sufficiatﬂdes
3340 5656 3617 5713 Abrahae:
3644 5668 3755 5708 nec

2108 5748 2177 5802 ut
2210 5743 2485 5802 observet
2510 5743 2689 5802 aliam
2715 5743 2864 5818 legis
2907 5745 3201 5804 umbram.
3225 5748 3350 5802 Non
3377 5744 3535 5798 enim
3566 5756 3641 5795 ex
3660 5738 3757 5798 hi-
