4150 6200
386 357 502 418 319

1278 393 1284 400 .
1367 344 1778 407 ΟΟΜΜΕΝΤ.
1827 345 1909 405 ΙΝ
1954 343 2163 405 ACTA
2205 343 2816 410 APOSTOLORUM.

3681 349 3798 410 320

389 488 494 547 sed
507 506 576 544 ex
590 487 706 544 ﬁde
719 484 1084 556 justiﬂcatur
1112 480 1431 554 quispiam,
1457 477 1962 551 quemadmodum
1981 482 2040 534 et

2164 476 2384 545 τούτων,
2453 475 2580 534 ἀλλ’
2636 477 2696 534 ἐκ
2741 477 2976 542 πίστεως
3035 477 3340 536 δικαιοῦταί
3395 499 3500 550 τις,
3558 478 3799 556 καθάπερ

390 578 820 638 Abraham.His
841 577 924 630 ita
947 571 1604 630 conﬁrmatis.ostendit
1627 585 1860 624 rursum
1885 567 2042 639 quod

395 671 566 725 aliler
599 667 725 722 ﬁeri
761 669 1019 735 nequeat
1039 660 1368 732 redemptio
1399 665 1501 714 aut
1529 659 1717 731 gratia
1733 657 2044 713 Israelivel

396 757 692 831 gentibus,
727 755 839 810 nisi
877 754 1136 809 solvatur
1155 765 1318 806 vetus
1353 749 1483 804 Δάαι
1524 753 1851 819 peccatum,
1887 747 2045 818 quod

396 849 472 906 ad
493 864 701 902 omnes
751 845 1098 900 dimanavit.
1136 845 1248 897 Per
1277 840 1452 896 alium
1482 844 1679 894 autem
1711 855 1831 892 non
1871 853 2045 909 posse

396 938 584 994 deleri
609 936 754 991 dicit
770 935 884 990 nisi
905 951 1012 1006 per
1031 932 1330 988 Christum
1345 931 1662 1000 Deum,per
1675 943 1852 998 quem
1868 927 2046 981 etiam

399 1047 434 1086 a
465 1025 924 1100 principiofacta
939 1029 1028 1080 est
1054 1022 1392 1078 maledictio
1419 1038 1432 1074 :
1466 1034 1660 1090 neque
1675 1017 1832 1073 enim
1849 1022 2052 1088 posset

406 1119 559 1175 alius
593 1115 818 1171 solvere
851 1119 1180 1186 peccatum.
1237 1109 1459 1166 Deinde
1505 1107 1713 1164 scribit
1751 1106 1908 1178 quod
1937 1107 2050 1162 hoc

406 1209 579 1264 aliter
611 1223 729 1261 non
765 1205 867 1260 fiat
895 1204 1008 1259 nisi
1043 1202 1226 1258 Filius
1261 1201 1358 1255 Dei
1382 1216 1596 1271 corpus
1628 1198 1931 1258 induat.ac
1950 1196 2054 1251 fiat

403 1297 582 1353 homo
611 1313 623 1350 :
664 1301 730 1350 ut
750 1311 884 1350 cum
917 1292 1068 1347 illud
1099 1309 1203 1364 pro
1235 1289 1512 1345 omnibus
1535 1287 2052 1352 obtulerit,omnes

405 1404 440 1443 ει
470 1391 657 1442 morte
688 1384 902 1439 liberet
927 1400 940 1436 :
974 1383 1201 1437 etsicut
1231 1397 1336 1451 per
1365 1395 1500 1435 eum
1518 1378 1822 1433 hominem
1853 1392 2054 1448 pecca-

405 1482 530 1531 tum
555 1476 615 1529 in
639 1469 1317 1535 mundumintroivit,ita
1345 1474 1522 1540 etper
1541 1484 1728 1524 unum
1749 1467 2053 1522 hominem

405 1565 592 1636 gratia
623 1561 918 1617 succedat.
951 1558 1212 1614 Tandem
1235 1575 1398 1613 more
1446 1557 1616 1629 probi
1642 1556 2052 1612 (BconomiJu-

407 1652 566 1706 dmos
598 1649 838 1721 quidem
871 1647 1232 1714 consolatur,
1261 1647 1496 1702 dicens:
1541 1648 1710 1701 cNon
1743 1645 1886 1700 estis
1908 1645 2052 1718 legis

410 1745 882 1812 transgressores
914 1737 962 1791 si
994 1738 1056 1792 in
1105 1736 1402 1791 Christum
1435 1735 1806 1791 credideritis
1845 1751 1858 1802 ;
1887 1754 1914 1782 ι
1953 1750 2054 1790 eos

2151 567 2241 622 καὶ
2299 569 2327 623 ὁ
2377 563 2648 643 Ἀϐραάμ.
2705 573 2890 627 Ταῦτα
2947 569 3122 630 οὕτως
3171 571 3602 642 κατασκευάσας,
3661 571 3800 628 ἀπο-

2153 655 2384 714 δείκνυσι
2404 657 2568 714 πάλιν
2609 659 2695 714 δτι
2745 658 2934 722 ἄλλῶς
2993 661 3092 715 οὐκ
3148 660 3208 716 ἄν
3267 658 3476 737 γένοιτο
3533 659 3806 737 λύτρωσις

2151 747 2241 802 καὶ
2273 749 2439 827 χάρις
2464 752 2562 803 τοῦ
2590 747 2812 823 Ἰσραὴλ
2833 749 2923 803 καὶ
2956 754 3072 811 τοῖς
3132 746 3356 818 ἔθνεσιν,
3413 749 3456 804 εἰ
3521 753 3596 825 μὴ
3623 747 3628 752 ’
3654 749 3794 826 λυθῇ

2153 837 2421 918 ἡάρχαία
2453 837 2692 914 ἁμαρτία
2748 843 2843 894 τοῦ
2902 836 3098 914 Ἀδὰμ,
3157 842 3192 908 ἡ
3255 839 3333 903 εἷς
3383 841 3586 904 πάντας
3644 863 3804 919 γενο-

2159 927 2318 1003 μένη.
2349 934 2425 982 Δι’
2455 927 2630 984 ἄλλου
2668 925 2724 982 δὲ
2776 929 2977 998 ταύτην
3038 932 3110 1001 μή
3171 927 3427 994 δύνασθαι
3485 929 3802 1011 ἐξαλειφθῆο

2153 1017 2240 1071 ναί
2267 1037 2454 1096 φησιν,
2487 1014 2613 1071 ἀλλ’
2641 1014 2678 1086 ἤ
2721 1013 2809 1070 διὰ
2846 1017 3082 1090 Χριστοῦ
3129 1017 3224 1072 τοῦ
3281 1019 3435 1087 Θεοῦ,
3492 1016 3561 1072 δι’
3593 1018 3655 1073 οὗ
3713 1020 3807 1074 καὶ

2157 1104 2207 1176 ἒξ
2239 1105 2420 1180 ἀρχῆς
2445 1106 2652 1180 κατάρα
2682 1105 2914 1181 γὲγονεν.
2943 1106 3020 1163 Οὐ
3061 1106 3164 1183 γὰρ
3226 1105 3444 1162 δυνατὸν
3503 1107 3593 1177 ἧν,
3626 1105 3800 1163 ἄλλον

2156 1193 2315 1250 λῦσαι
2345 1193 2408 1250 τό
2438 1197 2809 1269 παράπτωμα.
2845 1195 2980 1251 Εἶτα
3009 1196 3201 1271 γράφει
3255 1194 3338 1250 ὅτι
3398 1194 3586 1258 ἄλλως
3639 1202 3802 1253 τοῦτο

2159 1286 2220 1341 οὗ
2254 1287 2328 1360 μή
2364 1284 2606 1362 γένηται,
2639 1285 2684 1339 εἷ
2720 1287 2794 1358 μὴ
2832 1289 2992 1357 σῶμα
3022 1285 3223 1360 φορέσῃ
3259 1286 3286 1340 ὁ
3337 1286 3458 1348 Υἱὸς
3487 1291 3584 1341 τοῦ
3641 1291 3804 1358 Θεοῦ,

2156 1375 2246 1432 καὶ
2275 1374 2492 1450 γένητᾶι
2521 1371 2824 1448 ἅνθρωπος,
2881 1373 2974 1429 τίνα
3029 1379 3190 1430 τοῦτο
3252 1377 3611 1452 προσενέγκας
3671 1378 3801 1454 ὑπὲρ

2157 1465 2398 1533 πάντων,
2428 1464 2557 1526 τοὺς
2613 1465 2813 1526 πάντας
2866 1461 3204 1539 ἐλευθερώσῃ
3265 1465 3370 1520 ἀπὸ
3423 1469 3522 1520 τοῦ
3555 1467 3802 1530 θανάτου.

2159 1555 2263 1614 Καὶ
2296 1553 2480 1628 ὥσπερ
2511 1552 2580 1610 δι’
2612 1553 2730 1614 ἑνὸς
2761 1553 3048 1628 ἀνθρώπου
3081 1555 3116 1621 ἡ
3150 1553 3388 1628 ἁμαρτία
3433 1554 3508 1616 εἷς
3577 1555 3667 1610 τὸν
3719 1561 3810 1611 κο-

2162 1665 2298 1720 σμον
2330 1643 2603 1714 εἰσῆλθεν,
2629 1641 2802 1704 οὕτως
2823 1641 2912 1698 καὶ
2947 1639 3017 1696 δι’
3049 1642 3166 1704 ἑνὸς
3197 1642 3483 1717 ἀνθρώπου
3541 1648 3576 1714 ἡ
3641 1647 3804 1721 χάρις

2161 1732 2402 1811 γένηται.
2438 1731 2540 1788 Καὶ
2572 1729 2767 1786 λοιπὸν
2817 1731 2892 1792 ὡς
2923 1727 3094 1791 καλὸς
3153 1729 3466 1802 οἰκονόμος,
3520 1733 3646 1794 τοὺς
3709 1735 3804 1807 μὶν

406 1848 542 1886 vero
576 1832 676 1902 qui
709 1848 743 1886 ει
771 1829 1045 1902 gentibus
1093 1828 1496 1894 crediderunt,
1529 1827 1812 1884 admonet
1839 1844 1912 1882 ne
1945 1844 2053 1882 ex-

2164 1820 2461 1884 Ἰουδαίους
2522 1822 2945 1895 παραμυθεῖται,
2985 1821 3068 1874 ὅτι
3125 1843 3154 1871 ‹‹
3215 1821 3292 1878 Οὐ
3351 1816 3663 1896 παραϐάται
3719 1823 3806 1898 γίο

402 1921 691 1976 tollantur
719 1919 1000 1975 adversus
1021 1918 1435 1984 Israelem,sed
1463 1922 1785 1990 agnoscant
1805 1915 1964 1988 quod
1985 1921 2052 1970 ut

402 2011 556 2066 rami
592 2027 770 2082 super
807 2008 1092 2078 radicem,
1127 2009 1209 2064 ita
1239 2008 1430 2078 etipsi
1467 2025 1645 2079 super
1672 2007 1808 2062 illos
1838 2006 2048 2061 inserti

406 2099 544 2154 sint.
569 2100 709 2154 Post
737 2099 864 2154 haec
894 2103 1092 2154 autem
1122 2097 1223 2152 ubi
1255 2098 1592 2153 monitoriis
1621 2097 1813 2152 verbis
1843 2113 1944 2153 eos
1977 2096 2050 2153 de

403 2189 668 2245 moribus
693 2189 944 2258 edocuit,
980 2189 1290 2261 epistolam
1333 2187 1656 2245 concludit.

493 2761 646 2818 198
684 2761 1045 2818 EPISTULA?
1082 2763 1184 2818 AD
1223 2760 1558 2818 ROMANOS
1598 2759 1954 2816 CAPITULA

418 2927 464 2978 1.
501 2923 837 2994 Evangelica
866 2923 1124 2978 doctrina
1152 2924 1218 2978 de
1249 2923 1333 2977 his
1377 2923 1476 2993 qui
1505 2927 1666 2977 extra
1697 2921 1900 2977 Christi
1927 2938 2060 2992 gra-

547 3016 681 3069 tiam
723 3015 934 3080 vivunt,
968 3019 1019 3068 et
1067 3014 1134 3067 de
1189 3013 1274 3068 his
1316 3014 1416 3084 qui
1442 3014 1500 3067 in
1528 3014 1746 3083 gratia:
1779 3028 1843 3067 ac
1873 3011 1940 3068 de
1970 3027 2065 3083 spe

554 3105 944 3175 spiritualique
974 3106 1399 3160 conversatione.

409 3196 466 3248 2.
509 3195 586 3248 De
633 3194 874 3263 judicio,
935 3193 1084 3263 quod
1137 3195 1321 3262 fertur
1376 3193 1630 3249 adversus
1686 3197 1891 3262 gentes,
1949 3208 2058 3247 non

557 3289 833 3337 servantes
861 3298 926 3336 ea
955 3297 1076 3352 quae
1103 3299 1136 3336 a
1167 3289 1374 3336 natura
1412 3288 1558 3338 sunt.

2157 1923 2310 1976 νεσθε
2337 1915 2434 1966 τοῦ
2459 1911 2655 1982 νόμου,
2687 1908 2774 1964 ἐὰν
2836 1908 2910 1970 εἷς
2959 1909 3050 1964 τὸν
3109 1909 3340 1983 Χριστὸν
3393 1909 3736 1981 πιστεύσητε.
3773 1934 3797 1964 ι)

2157 2004 2289 2064 Τοῖς
2336 1997 2392 2056 δὲ
2441 1999 2545 2054 ἀπὸ
2599 2002 2708 2054 τῶν
2763 1996 2930 2062 ἐθνῶν
2993 2004 3298 2074 παρεγγυᾷ,
3360 2002 3435 2071 μή
3497 1998 3808 2072 ἐπαίρεσθαι

2159 2090 2295 2147 κατὰ
2351 2093 2446 2145 τοῦ
2505 2088 2751 2164 Ἰσραὴλ,
2801 2085 2946 2143 ἀλλὰ
3005 2088 3290 2164 γινώσκειν
3345 2088 3429 2144 ὅτι
3488 2090 3564 2153 ὡς
3610 2086 3814 2153 κλάδος

2162 2180 2252 2236 ἐπὶ
2301 2181 2400 2249 τὴν
2436 2177 2604 2255 ῥίξαν,
2649 2175 2824 2239 οὕτως
2889 2175 2971 2232 ἐπ’
3025 2175 3262 2242 ἐκείνους
3319 2176 3808 2253 ἐνεκεντρίσθησαν.

2163 2269 2313 2328 Μετὰ
2339 2266 2396 2324 δὲ
2419 2271 2587 2325 ταῦτα
2617 2266 3029 2342 παραινετικοὺς
3062 2265 3262 2342 λόγους
3301 2271 3377 2328 εἰς
3441 2268 3508 2322 τὰ
3561 2267 3668 2338 ἢθη
3725 2264 3806 2322 δι-

2167 2357 2349 2434 δάξας,
2377 2357 2585 2415 τελειοῖ
2618 2357 2718 2426 τήν
2747 2354 3064 2427 ἐπιστολήν.

2379 2759 2743 2816 ΚΕΦΑΛΑΙᾹ
2803 2761 2940 2816 ΤΗΣ
2995 2760 3180 2816 ΠΡΟΣ
3231 2761 3595 2820 ΡΩΜΑΙΟΥΣ

2774 2832 3196 2889 ΕΙΙΙΣΤΟΛΙΙΣ.

2171 2921 2238 2979 α’.
2271 2917 2618 2998 Εὖαγγελική
2653 2917 2977 2976 διδασκαλία
3015 2922 3139 2997 περί
3167 2943 3226 2995 γε
3277 2925 3383 2976 τῶν
3427 2919 3527 2992 ἔξω
3587 2923 3817 2998 χάριτος

2277 3009 2532 3082 Χριστοῦ,
2565 3009 2654 3063 καὶ
2684 3009 2790 3063 τῶν
2825 3007 2875 3063 ἐν
2909 3010 3122 3086 χάριτι,
3153 3011 3242 3066 καὶ
3283 3009 3409 3086 περὶ
3466 3009 3689 3076 ἐλπίδος
3725 3011 3816 3068 καὶ

2275 3097 2562 3163 πολιτείας
2591 3102 2980 3170 πνευματικῆς.

2171 3191 2236 3264 β’.
2274 3189 2404 3264 Περὶ
2435 3187 2663 3262 κρίσεως
2686 3195 2787 3259 τῆς
2817 3190 2953 3244 κατᾶ
2985 3188 3168 3263 ἐθνῶν,
3197 3195 3306 3246 τῶν
3341 3189 3403 3245 οὐ
3432 3188 3819 3266 φυλασσόντων

2273 3280 2343 3334 τὰ
2372 3279 2590 3354 φυσικά.

412 3374 463 3426 3.
509 3372 583 3426 De
616 3371 858 3440 judicio,
910 3373 1060 3441 quod
1101 3375 1285 3439 fertur
1332 3373 1588 3429 adversus
1643 3373 1932 3429 Israelitas
1979 3373 2055 3428 le-

2164 3368 2228 3444 γ’.
2264 3369 2392 3444 Περῖ
2419 3368 2645 3443 κρίσεως
2673 3375 2773 3438 τῆς
2801 3371 2936 3425 κατὰ
2962 3373 3059 3425 τοῦ
3085 3367 3328 3444 Ἰσραὴλ,
3360 3373 3457 3425 τοῦ
3493 3371 3568 3443 μὴ
3601 3369 3822 3452 φυλάσ-

561 3459 714 3530 galia
741 3476 853 3514 non
876 3467 1171 3516 servantes.

410 3551 462 3607 4.
492 3551 561 3605 De
609 3549 989 3605 Israelitarum
1036 3550 1430 3622 prwrogativa,
1503 3554 1601 3622 qui
1639 3554 2060 3624 promissionem

556 3642 836 3695 consecuti
862 3646 1012 3696 sunt.

417 3733 468 3784 5·
506 3731 578 3784 De
626 3731 820 3798 gratia
869 3745 981 3800 qua
1023 3729 1142 3786 sola
1189 3730 1430 3785 homines
1476 3729 1887 3802 justi/iocatur,
1933 3732 2062 3786 nut-

558 3817 671 3873 lum
725 3817 1082 3874 discernenda
1132 3835 1322 3888 genus,
1371 3819 1468 3874 sed
1536 3820 1632 3875 Dei
1699 3819 1843 3875 dono
1888 3821 2064 3892 juxta

558 3908 811 3965 Abrahae
840 3914 1028 3980 typum
1055 3912 1354 3982 aequaliter
1383 3910 1750 3967 honorantur.

419 4090 470 4141 6.
507 4087 579 4142 De
607 4085 852 4157 reposita
879 4103 994 4158 spe.

421 4180 473 4232 7.
509 4177 786 4242 Quomodo
816 4193 912 4234 nos
955 4176 1337 4234 introduxerit
1381 4177 1455 4233 ad
1479 4179 1708 4234 salutem
1728 4179 1878 4234 Iesus
1903 4177 2064 4235 Chri-

562 4273 674 4322 stus
721 4269 903 4336 factus
952 4267 1114 4323 homo
1139 4285 1248 4341 pro
1297 4271 1580 4339 terrigena
1623 4267 1824 4336 Adam,
1870 4269 1968 4340 qui
1996 4267 2064 4323 ab

561 4355 728 4410 initio
750 4357 1039 4412 ceciderat.

416 4448 467 4502 8.
503 4447 575 4501 De
606 4445 872 4500 bonorum
922 4462 1151 4517 operum
1207 4449 1441 4516 actione,
1491 4462 1612 4520 qua
1658 4447 1820 4519 fidem
1873 4446 2066 4503 debent

559 4534 838 4591 comitari.

420 4628 474 4680 9.
507 4627 778 4695 Repetitio
808 4625 872 4680 de
901 4626 1038 4693 vita,
1069 4639 1196 4696 quae
1226 4631 1303 4682 est
1331 4627 1390 4680 in
1419 4625 1709 4681 charitate.

2277 3478 2466 3520 σοντος
2497 3457 2567 3513 τὰ
2597 3456 2829 3531 νὸμιμα.

2171 3543 2232 3603 δ’.
2277 3546 2408 3621 Περὶ
2464 3547 2744 3622 ὑπεροχῆς
2803 3545 3046 3624 Ἰσραὴλ,
3103 3553 3201 3604 τοῦ
3281 3546 3649 3628 τυγχᾶνοντος
3721 3553 3822 3620 τῆς

2276 3633 2601 3710 ἐπαγγελίας

2171 3731 2226 3783 ε’.
2315 3727 2445 3782 llcai
2525 3727 2778 3806 χάριτος,
2865 3724 2936 3782 δι’
2981 3728 3050 3796 ἧς
3128 3725 3409 3802 ἅνθρωποι
3495 3729 3660 3802 μόνον
3745 3727 3822 3784 δι-

2275 3819 2602 3885 καιοῦνται,
2707 3816 2770 3872 οὗ
2871 3816 3006 3871 κατᾶ
3104 3815 3260 3891 γένος
3361 3815 3817 3893 διακεκριμένως,

2277 3904 2424 3962 ἀλλὰ
2453 3905 2589 3961 κατᾶ
2612 3910 2746 3962 Θεοῦ
2776 3903 2924 3963 δόσιν
2955 3905 3221 3982 ἰσοτίμως
3250 3907 3388 3965 κατὰ
3417 3908 3508 3964 τὸν
3566 3903 3816 3986 ’Λϐραᾶμ

2276 4017 2467 4052 τυπον.

2174 4091 2236 4151 ς’.
2273 4085 2401 4160 Περῖ
2431 4089 2531 4149 τῆς
2560 4085 2928 4161 ἀποκειμένης
2961 4083 3211 4148 ἐλπίδος.

2175 4176 2237 4248 ζ’.
2271 4175 2399 4251 Περῖ
2431 4175 2742 4254 εἰσαγωγῆς
2772 4180 2868 4232 τοῦ
2896 4177 3032 4252 πρὸς
3047 4175 3319 4252 σωτηρίαν
3343 4178 3505 4251 ἡμῶν
3530 4177 3820 4254 ἀνθρώπου

2277 4267 2462 4338 Ἰησοῦ
2543 4267 2803 4342 Χριστοῦ,
2861 4265 2974 4322 ἀντὶ
3041 4268 3138 4321 τοῦ
3191 4265 3448 4329 πεσόντος
3507 4265 3558 4342 ἐξ
3640 4267 3820 4346 ἀρχῆς

2278 4358 2545 4432 γηγενοῦς
2577 4351 2777 4428 Ἀδάμ.

2175 4445 2410 4522 η’..ίΙερὶ
2470 4453 2572 4515 τῆς
2629 4444 2996 4524 ὀφειλομένης
3073 4445 3162 4502 ἐπὶ
3213 4451 3280 4521 τῇ
3339 4447 3519 4504 πίστει
3576 4449 3822 4525 πράξεως

2281 4534 2510 4611 ἀγαθῆς.

2176 4627 2240 4692 θ’.
2273 4624 2650 4700 Ἐπανάληψις
2679 4627 2922 4701 περὶτῆς
2955 4623 3007 4682 ἐν
3037 4625 3225 4703 χάριτι
3253 4633 3426 4700 ζωῆς.

423 4715 510 4769 10.
543 4717 620 4769 De
649 4715 1118 4782 condemnatione,
1152 4729 1280 4786 qua
1326 4719 1561 4787 propter
1605 4719 1892 4786 peccatum
1947 4723 2055 4771 erat

2177 4717 2229 4773 ι’.
2258 4715 2384 4792 Περὶ
2458 4722 2560 4786 τῆς
2639 4716 2742 4772 ὑπὸ
2815 4715 2989 4789 νόμου
3063 4719 3428 4795 κατακρίσεως
3531 4713 3620 4773 διὰ
3719 4717 3817 4788 τὴν

564 4805 660 4858 sub
694 4805 828 4874 lege.

427 4893 513 4949 11.
539 4895 612 4948 De
641 4895 932 4964 affectibus
963 4896 1226 4954 humanae
1253 4901 1487 4964 natura,
1530 4909 1657 4967 qua
1685 4894 2069 4967 impossibilem

567 4983 808 5040 reddunt
833 4988 1272 5055 conformitatem
1309 4985 1383 5043 ad
1413 4985 1604 5058 legem.

423 5163 578 5220 199
633 5166 718 5218 12.
769 5165 847 5220 De
895 5169 1309 5236 permutatione
1363 5165 1718 5222 naturalium
1773 5167 2072 5238 aﬂ’ectuum

558 5270 664 5326 per
695 5257 1183 5324 conformationem
1213 5257 1288 5312 ad
1324 5258 1606 5327 spiritum.

425 5345 512 5400 13.
545 5345 818 5416 Repetitio
847 5345 914 5401 de
942 5347 1144 5416 gloria,
1175 5361 1301 5418 qua:
1324 5349 1528 5403 sanctis
1560 5347 1800 5418 reposita
1829 5352 1926 5403 est.

424 5525 510 5580 14.
547 5524 620 5580 De
649 5541 835 5582 amore
853 5529 952 5600 qui
985 5525 1207 5583 Christo
1237 5527 1482 5582 debetur.

425 5614 512 5672 15.
537 5615 615 5671 De
662 5631 791 5672 casu
827 5617 1192 5688 qadjectorum
1245 5616 1640 5686 Israelitarum,
1701 5632 1764 5674 ac
1822 5632 2074 5674 verorum

578 5710 945 5779 revocatione,
972 5708 1074 5780 qui
1091 5725 1214 5766 cum
1241 5708 1501 5783 gentibus
1525 5708 1830 5767 introducti
1853 5711 1999 5765 sunt.

2281 4805 2572 4880 ἁμαρτίαν.

2183 4897 2267 4952 ια’.
2328 4895 2461 4971 Περὶ
2527 4899 2633 4952 τῶν
2657 4895 2708 4951 ἐν
2749 4893 3059 4972 ἀνθρωπίνῃ
3149 4895 3304 4975 φῦσει
3407 4897 3613 4965 παθῶν,
3688 4895 3820 4952 ἀδό-

2285 5005 2442 5041 νατον
2544 4985 2848 5041 ποιούντων
2945 4988 3044 5056 τὴν
3139 4987 3276 5062 πρὸς
3348 4986 3518 5061 νόμον
3605 5007 3824 5068 συμφυ-

2287 5077 2423 5132 νίαν.

2183 5167 2274 5242 ιβ’.
2307 5165 2438 5240 Ηερὶ
2469 5161 2782 5227 ἀποδόσεως
2813 5169 2921 5222 τῶν
2953 5169 3192 5241 φυσικῶν
3221 5165 3583 5241 παθημάτων,
3618 5163 3707 5222 διὰ
3725 5173 3827 5236 τῆς

2227 5259 2230 5262 ί
2287 5257 2423 5330 πρὸς
2451 5257 2514 5312 τὸ
2543 5259 2753 5331 πνεῦμα
2791 5257 3128 5337 συμφωνίας.

2185 5345 2674 5422 ιγ’.Ἐπανάληψις
2705 5345 2828 5420 περὶ
2895 5352 2997 5416 τῆς
3047 5344 3424 5421 ἀποκειμένης
3475 5351 3591 5409 τοῖς
3642 5345 3823 5422 ἁγίοις

2290 5432 2472 5506 δόξης.

2187 5521 2269 5581 ιδ’.
2297 5523 2426 5600 Περὶ
2457 5531 2558 5592 τῆς
2581 5521 2946 5602 ὀφειλομένης
2977 5521 3194 5600 ἀγάπης
3223 5525 3481 5600 Χριστοῦ.

2186 5621 2258 5672 ts‘.
2293 5614 2424 5687 Περὶ
2463 5611 2784 5676 ἐκπτώσεως
2814 5611 3037 5690 Ἰσραήλ
3094 5617 3189 5669 τοῦ
3241 5609 3674 5686 ἀποϐληθέντος,
3736 5615 3826 5670 καὶ

2287 5701 2539 5776 κλήσεως
2595 5709 2691 5760 τοῦ
2748 5705 3014 5776 ἀληθοῦς,
3093 5708 3190 5761 τοῦ
3273 5703 3616 5781 εἰσαχθέντος
3693 5703 3828 5777 μετὰ

2287 5792 2478 5860 ἆθνῶν.
2789 5807 2792 5816 '
