4150 6200
353 337 466 396 321

1463 337 1879 400 ΟΟΜΜΕΝΤ.
1920 334 1997 395 ΙΝ
2045 335 2296 397 EPIST.
2343 336 2447 395 AD
2494 336 2674 398 ROM.

3654 347 3772 406 322

357 468 441 531 ις’.
498 469 627 527 Ὅτε
690 465 829 525 κατά
889 465 1144 525 ἀπιστίαν
1211 470 1247 539 ἡ
1312 466 1579 532 ἔκπτωσις
1610 466 1701 525 διὰ
1763 473 1866 538 τῆς
1923 464 2001 531 είς

2113 470 2200 524 l6.
2230 468 2461 534 Quando
2481 469 2656 539 juxta
2704 469 3154 527 incredulitatem
3195 473 3310 542 fuit
3352 489 3506 532 casus
3542 477 3770 535 Judwo-

499 557 722 634 ἄγνοιαν
778 556 1140 634 καταλήψεως
1196 559 1288 613 καὶ
1346 563 1444 614 τοῦ
1502 561 1578 633 μή
1655 557 2001 634 ἁρμόζοντος

499 648 690 712 αὐτοῖς
716 648 1093 725 κηρύγματος.

2255 576 2377 614 rum
2401 576 2507 630 per
2551 558 2838 615 scientiam
2882 578 3188 631 erroneam,
3220 566 3271 617 et
3309 565 3768 635 praedicationem

2261 662 2384 717 quae
2413 647 2529 703 illis
2556 663 2666 702 non
2692 649 3064 704 conveniebat.

363 739 455 808 ιζ’.
510 738 645 811 Περὶ
701 742 799 793 τοῦ
852 742 1059 794 σκοποῦ
1114 739 1234 804 καθ’
1300 736 1359 794 δν
1415 733 1807 810 ἐξεϐλήθησαν,
1870 735 2001 793 ὥστε

2118 736 2207 793 17.
2248 739 2327 793 De
2371 753 2536 808 scopo
2582 739 2876 794 secundum
2934 756 3092 810 quem
3142 742 3301 813 ejecti
3320 748 3466 810 sunt,
3514 750 3574 799 ut
3612 753 3770 815 post-

502 823 753 903 δεύτερον
842 826 1153 883 ἐπανελθεῖν
1261 826 1414 903 ζῆλῳ
1485 831 1594 883 τῶν
1665 827 2009 902 τιμηθέντων

496 914 659 981 ἐθνῶν
688 917 1089 996 συναχθέντων.

349 1006 449 1079 ιη’.
489 1005 808 1082 Παραίνεσις
881 1008 1006 1086 περὶ
1080 1008 1278 1084 ἀρετῆς
1351 1013 1455 1079 τῆς
1526 1008 1664 1086 πρὸς
1737 1008 1867 1065 Θεὸν
1912 1005 2004 1063 καὶ

493 1096 831 1173 ἀνθρώπους.

345 1273 435 1331 ιθ“.
492 1275 620 1350 Περὶ
655 1276 952 1350 μυμήσεως
980 1282 1081 1346 τῆς
1114 1273 1355 1351 Χριστοῦ
1395 1276 1752 1347 ἀνεξικακιας.

374 1364 444 1421 κ’.
488 1366 619 1442 Περὶ
685 1365 1036 1445 λειτουργίας
1101 1365 1288 1441 αὐτοῦ,
1350 1369 1453 1433 τῆς
1520 1365 1572 1421 έν
1631 1363 1870 1441 ἀνατολῇ
1909 1366 2000 1421 καὶ

487 1474 658 1515 ουσει.

1003 1805 1340 1866 ΣΧΟΛΙΟΝ.

419 1892 554 1969 Ηρῖν
611 1890 954 1969 ἐπιδημῆσαι
1007 1893 1225 1952 Παῦλον
1290 1894 1344 1950 έν
1399 1896 1469 1969 τῇ
1526 1894 1738 1969 Ῥώμῃ,
1780 1912 2001 1972 παρηγ-

346 1983 609 2061 γελμένοι
666 1985 801 2055 ἦσαν
861 1986 912 2040 οἱ
972 1982 1253 2056 Ἰουδαῖοι,
1315 1987 1391 2061 μὴ
1478 1982 1873 2060 παραδέξασθαι
1936 1984 2001 2039 τὸ

349 2074 480 2150 περὶ
528 2078 627 2130 τοῦ
685 2078 922 2152 Χριστοῦ
975 2077 1255 2154 κήρυγμα.
1317 2075 1427 2131 Οὐκ
1479 2074 1635 2131 αὐτοὶ
1706 2072 1764 2130 δὲ
1822 2075 2002 2147 μόνοι,

350 2162 502 2219 ἀλιΑά
531 2165 623 2220 καὶ
655 2165 707 2220 οἱ
739 2169 1025 2245 πανταχοῦ
1077 2173 1203 2244 γῆς.
1264 2164 1431 2221 Πόθεν
1464 2162 1633 2236 δῆλον
1667 2168 1870 2234 ταῦτο;
1903 2164 2006 2221 Εὕ-

355 2271 525 2326 ρομεν
560 2252 613 2307 έν
644 2258 760 2315 τοῖς
792 2258 902 2308 τῶν
946 2250 1196 2309 παλαιῶν
1252 2255 1689 2331 συγγράμμασιν,
1721 2252 1797 2314 ὡς
1827 2251 1880 2307 οἱ
1903 2252 2004 2321 τήν

344 2342 721 2418 Ἰερουσαλήμ
776 2342 1046 2407 οἰκοῦντες
1130 2344 1295 2419 ἱερεῖς
1348 2343 1437 2398 καὶ
1500 2345 1845 2419 γραμματεῖς
1909 2339 2000 2396 καὶ

348 2427 734 2508 πρεσϐύτεροι,
801 2433 1101 2511 γράμματα
1159 2430 1606 2509 διαχαράξαντες,
1676 2430 1752 2494 εἷς
1828 2431 2003 2486 πάντα

344 2516 716 2596 διεπέμψαντο
772 2524 842 2579 τα
900 2522 1048 2596 ἔθνη,
1122 2529 1238 2586 τοῖς
1315 2524 1634 2599 ἁπανταχοῦ
1697 2517 2000 2590 Ἰουδαίοις,

343 2605 742 2675 διαϐάλλοντες
771 2614 871 2683 τήν
905 2618 1003 2669 τοῦ
1029 2616 1261 2690 Χριστοῦ
1314 2609 1687 2681 διδασκαλίαν,
1719 2610 1792 2672 ὡς
1822 2607 2002 2665 ἀλλο-

348 2700 507 2774 τρίαν
531 2697 628 2755 τοῦ
684 2701 839 2759 Θεοῦ.
901 2699 1290 2777 Παρήγγελλόν
1341 2720 1401 2757 τε
1458 2698 1528 2756 δι’
1558 2696 1888 2766 ἐπιστολῶν,
1921 2698 1997 2772 μή

346 2785 746 2863 παραδέξασθαι
804 2789 994 2861 αὐτήν.
1054 2792 1232 2846 Τοῦτο
1291 2787 1357 2860 δὴ
1417 2788 1549 2845 αὐτὸ
1588 2793 1829 2862 σημᾶναι
1859 2784 2003 2842 ἔοικε

347 2878 440 2932 καὶ
511 2880 547 2947 ἡ
613 2877 847 2955 λέγουσα
906 2880 1212 2959 προφητεία
1293 2880 1541 2936 Ἡσαΐου·
1614 2905 1634 2930 ι
1671 2878 1812 2936 Οὑαὶ
1876 2883 2000 2953 γῆς,

347 2964 566 3023 πλοίων
626 2967 912 3045 πτέρυγες.
970 2968 1213 3024 ἐπέκεινα
1268 2972 1531 3042 ποταμῶν
1595 2967 1899 3032 Αἰθιοπίας,
1967 2966 1997 3020 ὁ

351 3055 711 3113 ἀποστέλλων
770 3057 821 3113 ἐν
883 3057 1129 3135 θαλάσσῃ
1186 3060 1394 3134 ὅμηρα,
1450 3058 1542 3113 καὶ
1581 3054 1873 3118 ἐπιστολὰς
1905 3056 1999 3131 βυ-

348 3143 545 3211 ὅλίνας
577 3149 757 3205 ἐπάνω
787 3155 883 3207 τοῦ
916 3149 1133 3214 ὓδατος.
1165 3173 1194 3205 ι
1260 3152 1338 3207 Δι’
1386 3152 1459 3207 ὧν
1497 3150 1771 3225 σομαίνει,
1803 3147 1879 3210 ὡς
1910 3146 2001 3202 καὶ
2035 3194 2079 3262 C

349 3237 471 3262 _!__
570 3247 626 3262 γα
733 3239 817 3262 nm
862 3241 873 3258 ν
1118 3242 1130 3260 1
1389 3241 1405 3262 \
1468 3244 1523 3262 ,~
1609 3237 1870 3262 SA-_____:‘-__
1904 3243 2002 3262 -2-

345 3237 514 3311 πέραν
559 3247 660 3310 τῆς
719 3239 995 3298 Δῖθιὸπων
1051 3242 1264 3321 χώρας,
1319 3241 1406 3297 καὶ
1457 3244 1565 3295 τῶν
1605 3237 1872 3315 ἑσχατιῶν
1902 3243 2003 3307 τῆς

346 3334 476 3402 γῆς,
536 3330 564 3383 ὁ
624 3335 724 3401 τῆς
781 3329 1045 3404 πονηρίας
1102 3333 1247 3407 ἦχος
1305 3334 1413 3386 τῶν
1465 3330 1567 3400 τήν
1615 3324 1882 3386 Ἰουδαίαν
1920 3325 2006 3381 οἷ-

342 3419 610 3490 κούντων,
643 3418 731 3476 διά
760 3444 919 3477 τινων
968 3421 1150 3498 ὥσπερ
1201 3420 1515 3496 ἱπταμένων
1547 3418 1756 3477 πλοίων
1787 3416 2005 3494 προῆλ-

345 3511 453 3565 θεν.
482 3508 546 3565 Οἶ
576 3531 633 3566 τε
661 3510 963 3568 ἀποστολοι
1011 3511 1210 3581 αὐτῶν,
1255 3508 1549 3575 ἐπιστολὰς
1583 3504 1849 3587 βυϐλίνας
1882 3510 2000 3563 ἑπι-

345 3600 732 3674 κομιζόμενοι,
768 3601 1012 3677 ὑπεράνω
1059 3622 1120 3657 τε
1173 3606 1282 3658 τῶν
1340 3599 1547 3657 ὑδάτων
1578 3597 2001 3673 ναυτιλλόμενοι

346 3686 441 3743 καί
474 3690 572 3758 τὴν
605 3691 876 3746 θάλασσαν
921 3691 1200 3762 πλέοντες,
1251 3694 1535 3767 πανταχοῦ
1565 3696 1671 3767 γῆς
1701 3686 2000 3764 διέτρεχον,

346 3778 443 3833 τὸν
497 3779 622 3855 περὶ
678 3784 778 3835 τοῦ
836 3788 1103 3857 Σωτῆρος
1152 3785 1313 3857 ἡμῶν
1370 3776 1767 3843 διαϐάλλοντες
1808 3779 1998 3857 λόγον.

347 3866 721 3932 Ἀποστόλους
756 3867 812 3926 δὲ
847 3870 925 3934 εἷς
984 3869 1060 3926 ἔτι
1116 3872 1206 3928 καὶ
1262 3876 1350 3927 νῦν
1380 3865 1498 3937 ἔθος
1529 3869 1673 3926 ἐστὶν
1712 3866 2003 3931 Ἰουδαίοις

353 3956 664 4030 ὁνομᾶζειν,
720 3959 845 4021 τοὺς
899 3958 1163 4038 ἐγκύκλια
1219 3961 1518 4038 γράμματα
1574 3960 1721 4035 παρα
1774 3963 1881 4014 τῶν
1912 3957 2002 4033 ἀρ-

351 4047 571 4122 χόντων
636 4048 811 4103 αὐτῶν
875 4046 1384 4123 ἐπικομιζομένους.
1453 4050 1532 4107 Τὸ
1598 4046 1655 4104 δὲ
1720 4048 1843 4119 ἑξῆς
1899 4053 2002 4117 τῆς

350 4138 711 4215 προφητείας,
770 4139 896 4213 περὶ
950 4144 1058 4194 τῶν
1116 4140 1372 4213 μαθητῶν
1430 4142 1529 4194 τοῦ
1577 4137 1778 4213 Κυρίου
1841 4139 2004 4211 ἡμῶν

346 4226 443 4282 καὶ
502 4231 767 4304 Σωτῆρος
823 4230 1003 4300 Ἰησοῦ
1060 4230 1303 4305 Χριστοῦ
1359 4227 1628 4300 εἰρῆσθαι.
1686 4226 1793 4289 Οὕς
1823 4223 1913 4282 διὰ
1938 4225 2002 4281 τὸ

346 4320 511 4372 πᾶσιν
579 4317 886 4395 ἀνθρώποις
955 4320 1166 4397 ἀγαθῶν
1233 4316 1620 4397 εὖαγγελιστᾶς
1686 4316 1845 4389 εἶναι,
1903 4316 2005 4391 ἀγ-

346 4405 550 4481 γέλους
604 4409 844 4484 κούφους
904 4409 1180 4483 ὠνόμασε,
1248 4411 1383 4485 πρὸς
1448 4405 1863 4478 ἆντιδιαστολὴν
1928 4405 2003 4463 ὧν

348 4491 630 4565 ἐδήλωσεν
663 4493 976 4553 Ἰουδαϊκῶν
1007 4495 1351 4556 ἀποστόλων.

425 4625 448 4660 ³
476 4623 590 4681 Isa.
623 4640 777 4698 xvm,
811 4627 863 4695 1,
890 4628 942 4680 2.

2023 1823 2072 1888 B

2258 828 2481 883 modum
2511 834 2877 884 reverteretur
2905 828 3219 886 imitatione
3250 835 3499 902 gentium
3526 834 3769 891 honora-

2261 923 2468 986 tarum,
2518 916 2618 974 hoc
2656 925 2734 975 est
2778 919 3044 989 ﬁdelium,
3097 935 3226 992 quae
3263 923 3322 976 in
3350 923 3456 991 ﬁde
3502 940 3768 982 convene-

2254 1014 2406 1063 runt.

2117 1099 2203 1153 18.
2235 1096 2570 1154 Adhortatio
2598 1098 2673 1154 ad
2727 1100 3011 1169 virtutem,
3060 1115 3189 1171 qua?
3232 1118 3363 1172 erga
3406 1104 3574 1159 Deum
3604 1111 3683 1161 est
3710 1111 3765 1160 et

2254 1187 2517 1244 homines.

2117 1282 2205 1335 19.
2235 1280 2314 1334 De
2340 1280 2651 1335 imitatione
2681 1279 2985 1338 clementiae
3015 1282 3236 1340 Christi.

2111 1371 2200 1425 20.
2234 1370 2313 1424 De
2341 1370 2645 1424 ministerio
2677 1369 2848 1440 ipsius
2876 1372 3042 1427 Pauli
3071 1374 3129 1429 in
3153 1374 3414 1444 partibus
3445 1376 3682 1431 Orientis
3711 1383 3763 1431 et

2253 1458 2587 1515 Occidentis.

2636 1806 2799 1864 200
2839 1807 3220 1867 SCHOLIUM.

2181 1894 2535 1967 Priusquam
2556 1897 2775 1953 Paulus
2824 1899 3070 1954 Romam
3108 1897 3436 1962 accederet,
3468 1897 3757 1955 admoniti

2112 1990 2282 2041 erant
2309 1985 2519 2054 Judaei,
2548 2003 2623 2043 ne
2650 1988 3140 2059 praedicationem
3154 1987 3225 2044 de
3239 1987 3470 2043 Christo
3504 1988 3761 2061 suscipe-

2108 2080 2279 2131 rent:
2313 2092 2423 2132 nec
2454 2076 2565 2132 soli
2596 2077 2730 2149 ipsi,
2763 2078 2867 2134 sed
2902 2084 2960 2133 et
2988 2094 3199 2134 omnes
3230 2078 3331 2150 qui
3356 2077 3580 2149 ubique
3606 2077 3762 2134 loco-

2108 2181 2243 2220 rum
2274 2166 2544 2239 agebant.
2600 2169 2815 2223 Verum
2861 2168 3021 2224 unde
3080 2168 3139 2223 id
3187 2168 3573 2224 manifestum
3623 2168 3759 2224 est?

2107 2255 2445 2312 Invenimus
2476 2257 2539 2313 in
2581 2262 2843 2314 veterum
2894 2259 3338 2314 commentariis
3369 2258 3527 2329 quod
3558 2275 3755 2315 sacer-

2108 2344 2275 2401 dotes
2343 2353 2402 2402 et
2470 2347 2678 2403 scribae
2736 2365 2803 2405 ac
2862 2349 3127 2404 seniores
3186 2349 3287 2420 qui
3345 2348 3758 2420 Hierosolyma

2108 2434 2541 2505 inhabitabant,
2574 2443 2845 2494 exaratas
2877 2438 3106 2494 litteras
3136 2438 3211 2493 ad
3239 2455 3449 2493 omnes
3479 2439 3754 2494 nationes
3826 2444 3831 2453 ‘

2108 2526 2814 2594 transmiserantludasis,
2837 2528 3178 2600 ubicunque
3194 2534 3484 2584 terrarum
3501 2527 3754 2600 dispersi

2109 2620 2329 2683 essent,
2345 2616 2560 2671 Christi
2592 2616 2924 2673 doctrinam
2946 2618 3402 2683 calumniantes,
3420 2623 3703 2688 tanquam
3720 2632 3755 2671 a

2108 2704 2225 2759 Deo
2255 2704 2728 2778 alienam,atque
2759 2707 3025 2780 epistolis
3054 2706 3475 2772 admonebant,
3499 2706 3751 2760 ncillam

2108 2795 2497 2866 susciperent.
2554 2797 2671 2851 Hoc
2731 2797 2926 2869 ipsum
2970 2803 3128 2853 certe
3159 2796 3389 2852 videtur
3420 2795 3585 2850 Isaia)
3615 2810 3751 2864 pro-

2107 2882 2310 2954 phetia
2349 2884 2682 2957 signiﬁcare
2734 2902 2866 2957 quas
2898 2886 2981 2940 sic
3025 2884 3316 2940 habebat:
3351 2905 3379 2932 ‹‹
3429 2884 3524 2936 Vas
3557 2889 3752 2946 terrai,

2108 2972 2346 3028 navium
2378 2973 2511 3039 alte,
2556 2980 2721 3029 trans
2764 2973 3014 3029 ﬂumina
3057 2972 3389 3044 Aithiopim,
3432 2972 3484 3043 (ὁ
3517 2967 3758 3024 emax-

2110 3058 2248 3131 λων)
2278 3063 2378 3133 qui
2394 3063 2575 3118 mittit
2602 3081 2709 3136 per
2722 3080 2884 3120 mare
2903 3064 3140 3120 obsides
3155 3080 3221 3119 ac
3251 3064 3480 3118 litteras
3502 3076 3759 3133 papyru-

2115 3166 2247 3206 ceas
2304 3168 2483 3223 super
2529 3154 2790 3224 aquam”.
2826 3178 2848 3206 ι
2886 3154 2987 3209 His
3045 3152 3340 3226 signiﬁcat
3393 3152 3552 3223 quod
3602 3151 3761 3206 ultra

2114 3242 2453 3314 Ethiopum
2486 3261 2722 3316 quoque
2777 3246 3051 3318 regiones
3086 3250 3145 3300 et
3199 3243 3555 3301 novissimos
3586 3247 3757 3297 terra)

2116 3330 2288 3398 ﬁnes,
2321 3349 2503 3389 sonus
2533 3333 2778 3390 malitia)
2810 3351 3014 3390 eorum
3039 3334 3140 3406 qui
3170 3333 3434 3389 Judaaam
3460 3331 3761 3386 inhabita-

2116 3420 2394 3494 bant.per
2422 3422 2696 3494 quaedam
2727 3423 2907 3480 veluti
2930 3423 3088 3480 alata
3116 3423 3347 3496 navigia
3367 3420 3761 3494 processerit:

2114 3515 2172 3565 et
2199 3510 2439 3566 illorum
2463 3512 2715 3584 apostoli
2746 3513 2976 3569 litteras
3012 3528 3374 3586 papyraceas
3402 3510 3761 3574 deferentes,

2112 3616 2291 3672 super
2318 3616 2503 3672 aquas
2533 3602 2898 3672 navigantes,
2938 3619 3219 3674 mareque
3242 3605 3617 3657 transeuntes
3635 3596 3763 3654 ubi.

2112 3706 2227 3761 que
2258 3695 2553 3746 terrarum
2586 3690 3016 3762 discurrebant,
3031 3707 3368 3748 sermonem
3396 3690 3496 3760 qui
3532 3687 3604 3742 de
3637 3686 3762 3741 Sal-

2109 3786 2308 3835 vatore
2330 3787 2533 3836 nostro
2565 3787 2693 3837 erat
2722 3781 3178 3837 calumniantes.
3211 3782 3391 3834 Porro
3424 3777 3500 3831 ad
3526 3776 3637 3830 hoc
3660 3791 3761 3828 us-

2115 3886 2230 3941 que
2262 3877 2494 3942 tempus
2525 3872 2707 3927 moris
2756 3878 2843 3927 est
2870 3871 3087 3926 Iudaeis
3127 3867 3427 3941 apostolos
3458 3864 3760 3936 appellare

2114 3959 2379 4032 illos,qui
2411 3959 3129 4032 quotidianaepistoliaab
3159 3958 3423 4029 ipsorum
3445 3954 3760 4027 magistra-

2115 4049 2274 4106 tibus
2302 4049 2597 4105 deferunt.
2614 4049 2778 4116 Quod
2810 4054 3011 4105 autem
3042 4047 3103 4103 in
3132 4046 3446 4121 prophetia
3471 4043 3765 4116 sequitur,

2113 4139 2186 4195 de
2215 4138 2524 4211 discipulis
2541 4139 2776 4194 Domini
2808 4154 2875 4194 ac
2888 4137 3204 4193 Salvatoris
3234 4136 3421 4193 nostri
3444 4136 3581 4191 Jesu
3598 4131 3767 4189 Chri-

2114 4226 2189 4282 sti
2219 4226 2615 4297 dicitur.quos
2637 4242 2707 4282 eo
2736 4225 2893 4297 quod
2910 4226 3189 4282 omnibus
3219 4223 3565 4280 hominibus
3587 4221 3769 4275 bono-

2111 4331 2245 4371 rum
2275 4315 2771 4388 evangelizatores
2804 4316 2923 4372 sive
2953 4316 3149 4371 nuntii
3183 4312 3585 4385 sint,angelos
3606 4309 3765 4363 leves

2110 4404 2446 4478 appellavit,
2480 4402 2555 4461 ad
2586 4420 2791 4461 eorum
2818 4405 3268 4462 distinctionem
3301 4419 3448 4475 quos
3478 4398 3757 4455 Iudaicos

2115 4492 2414 4568 apostolos
2454 4493 2908 4568 significaverat.
