4176 6200
420 361 536 421 3ἓ3

1536 351 1947 415 (ῈΟΠΜΕΝΙΙ
1991 351 2300 415 TRICCJE
2343 352 2687 415 EPISCOPI

3711 359 3829 418 324

440 480 3833 529 ww“

1260 656 1971 790 ΠΑΥΛΟΥ
2078 660 2993 794 ΕΠΙΣΤΟΛΗ

1585 890 1911 987 ΠΡΟΣ
1996 890 2645 991 ΡΩΜΑΙΟΥΣ

1117 1318 1484 1411 PAULI
1544 1316 2150 1412 EPISTOLA
2245 1319 2409 1412 AD
2481 1317 3110 1415 BOMANOS.

862 1699 962 1754 20
976 1700 1008 1753 ι
1045 1698 1273 1752 CAPUT
1302 1698 1601 1753 PRIMUM.

409 1789 739 1857 Evangelica
769 1789 1023 1842 doctrina
1052 1788 1117 1842 de
1148 1786 1230 1842 his
1258 1789 1358 1858 qui
1386 1793 1546 1842 extra
1576 1786 1781 1842 Christi
1808 1787 2051 1855 gratiam

478 1879 691 1943 vivunt,
725 1883 774 1932 et
804 1877 871 1931 de
901 1877 986 1931 his
1013 1878 1111 1947 qui
1160 1878 1217 1930 in
1247 1875 1435 1946 gratia
1457 1892 1476 1930 :
1496 1882 1546 1931 et
1575 1875 1642 1931 de
1669 1890 1762 1945 spe
1791 1877 2052 1945 Spiritua-

481 1967 634 2037 lique
662 1968 1071 2022 conversatione

478 2058 521 2123 Ι,
559 2060 605 2110 1.
642 2057 847 2111 Paulus
873 2072 1057 2111 servus
1084 2058 1211 2111 Iesu
1243 2056 1467 2111 Christi.

477 2145 665 2200 Simul
694 2163 827 2201 cum
843 2163 910 2201 eo
930 2146 1088 2217 quod
1120 2146 1389 2217 sequitur
1416 2163 1429 2200 :
1461 2168 1489 2195 ‹‹
1507 2144 1726 2200 Paulus
1746 2142 2051 2215 apostolus

405 2235 681 2290 omnibus
696 2236 794 2306 qui
812 2236 954 2290 estis
967 2234 1428 2297 Romaa.dilectis
1443 2234 1791 2297 Dei.vocatis
1804 2232 2048 2301 sanctis,

404 2325 592 2397 gratia
622 2324 783 2380 vobis
816 2332 874 2379 et
916 2342 1050 2396 pax,
1077 2348 1105 2374 ››
1143 2324 1512 2381 tantumdem
1562 2330 1651 2379 est
1679 2340 1748 2379 ac
1778 2323 1826 2379 si
1878 2322 2047 2377 dica-

404 2419 534 2469 tur:
566 2414 818 2479 Quidam
850 2414 1086 2470 cuidam
1118 2414 1392 2469 salutem.
1416 2414 1659 2468 Interim
1689 2419 1888 2468 autem
1906 2427 2050 2466 con-

404 2504 676 2575 spicuum
707 2504 849 2559 facit
878 2510 937 2560 et
977 2505 1379 2574 evangelicum
1416 2519 1755 2559 sermonem
1786 2508 1845 2558 et
1874 2516 2048 2556 suum

401 2593 779 2665 Evangelium
839 2594 1081 2664 quidem
1127 2610 1247 2648 non
1296 2593 1491 2664 quoad
1557 2598 1788 2664 tempus
1832 2606 2048 2646 novum

400 2699 553 2750 esse,
588 2684 691 2739 sed
725 2700 831 2755 per
870 2683 1187 2754 prophetas
1236 2683 1712 2754 pronuntiatum,
1744 2697 1903 2736 nunc
1933 2696 2047 2735 au-

398 2776 516 2827 tem
536 2772 978 2828 manifestatum
997 2778 1290 2828 astruens.
1310 2772 1786 2828 Meminitautem
1810 2768 2047 2825 Davidis

394 2862 469 2916 ad
501 2879 677 2933 quem
712 2861 865 2917 facta
896 2867 986 2916 est
1033 2861 1372 2933 promissio,
1425 2861 1686 2932 seipsum
1737 2876 1872 2915 vero
1904 2858 2049 2913 dicit

394 2949 573 3021 hujus
606 2966 940 3021 praeconem
973 2949 1345 3022 designatum
1379 2966 1528 3013 esse,
1553 2966 1627 3004 ne
1660 2954 1883 3004 temere
1917 2952 2049 3019 post

390 3040 545 3094 Petri
575 3040 906 3094 doctrinam
929 3040 1001 3094 ad
1017 3039 1483 3112 praecipiendum
1513 3039 1742 3094 venisse
1756 3037 2043 3105 videatur,

390 3128 493 3182 sed
524 3128 789 3183 divinum
824 3128 1020 3200 potius
1051 3128 1286 3200 explere
1319 3134 1700 3201 prmceptum.
1726 3127 2039 3198 Proprium

390 3222 589 3271 autem
612 3234 833 3271 nomen
882 3218 1062 3271 veteri
1114 3234 1276 3272 more
1322 3218 1617 3289 przeponit
1674 3215 1852 3271 veluti
1901 3230 2037 3270 cum

391 3304 676 3373 dicitur,«
710 3306 988 3360 Claudius
1021 3305 1220 3377 Lysias
1252 3306 1506 3361 maxime
1530 3310 1771 3360 strenuo
1801 3302 2037 3375 praesidi

391 3394 572 3451 Felici
613 3394 912 3459 salutem“,
938 3416 965 3443 ››
1016 3400 1118 3449 aut
1160 3410 1379 3450 nomen
1422 3394 1639 3450 Paulus
1691 3393 2034 3465 praeposuit.

394 3502 470 3541 ne
501 3503 566 3541 os
579 3486 817 3557 quidem
836 3485 1065 3555 aperire
1081 3485 1305 3552 volens,
1330 3486 1474 3555 quin
1499 3484 1773 3540 beneﬁcii
1798 3482 2034 3538 Domini

384 3575 758 3630 meminisset
780 3592 792 3629 :
814 3590 879 3629 ac
903 3574 951 3628 si
975 3573 1158 3629 dicat:
1185 3562 1546 3644 Paulus,qui
1564 3579 1623 3628 et
1648 3573 1838 3644 ipsam
1861 3588 2031 3626 voca-

381 3665 601 3720 tionem
628 3682 663 3719 a
705 3665 940 3719 Domini
973 3664 1370 3719 beneficentia
1400 3669 1458 3719 et
1490 3663 1844 3719 liberalitate
1866 3662 2021 3718 202

380 3755 594 3810 habet:
621 3753 860 3821 Paulus,
891 3754 993 3824 qui
1035 3753 1238 3809 omnia
1286 3753 1468 3808 sumit
1495 3769 1530 3808 a
1574 3752 1827 3816 Christo,
1857 3767 2027 3806 voca-

381 3843 976 3914 cationem,gratiam,
999 3842 1654 3897 conversationem.Aut
1682 3840 2027 3897 absentibus

382 3932 648 3987 scribens
681 3946 851 3984 suum
872 3946 1088 3984 nomen
1111 3931 1321 3985 merito
1355 3930 1692 4002 praeposuit.
1710 3930 2030 4000 PrOpterea

370 4025 563 4073 autem
601 4023 825 4072 mutato
878 4019 1170 4075 nominee
1213 4020 1385 4075 Saulo
1418 4020 1612 4075 dictus
1666 4025 1757 4074 est
1784 4018 2022 4087 Paulus,

368 4121 443 4161 ne
473 4105 640 4160 veliu
657 4106 766 4161 hoc
793 4107 1079 4178 apostolis
1114 4115 1217 4164 aut
1237 4108 1366 4181 ipso
1394 4108 1569 4164 etiam
1588 4107 1900 4179 coryphmo
1916 4109 2025 4163 Pe-

368 4201 458 4252 tro
490 4195 739 4251 inferior
769 4213 898 4252 esse
942 4197 1260 4264 videretur,
1296 4203 1398 4253 aut
1431 4198 1629 4253 minus
1660 4195 1888 4268 aliquid
1920 4196 2024 4252 ha-

371 4286 536 4343 bere.
568 4310 596 4337 ‹‹
627 4287 862 4343 Servus.
900 4307 923 4338 υ
959 4287 1122 4343 Multi
1147 4293 1285 4344 sunt
1318 4287 1619 4344 servitutis
1653 4286 1811 4343 modi
1840 4302 2028 4341 :unus

2089 1704 2136 1770 A

2653 1694 3064 1753 ΚΕΦΔΛΑΙΟΝ
3104 1698 3339 1753 ΠΡΩΤΟ.

2154 1800 2497 1877 Εὑαγγελική
2555 1798 2881 1877 διδασκαλία
2945 1800 3069 1877 περὶ
3127 1822 3187 1877 γε
3234 1805 3341 1877 τᾶιν
3409 1796 3511 1877 ἔξω
3580 1799 3809 1877 χάριτος

2226 1818 2497 1877 μαγγεΛικη
2555 1818 2881 1858 οιοασκαΑια
2945 1818 3069 1928 mf!
3127 1822 3187 1877 γε
3234 1821 3341 1856 των
3409 1818 3511 1871 εζω
3580 1818 3805 1927 ἔαριτος

2226 1877 2459 1949 Χριστοῦ
2522 1873 2613 1949 καὶ
2672 1877 2780 1929 τῶν
2848 1873 2898 1929 ἐν
2955 1892 2998 1949 χ
3035 1893 3168 1948 ριτι,
3234 1872 3325 1929 καὶ
3393 1872 3516 1946 περὶ
3608 1862 3805 1935 λπίδος

2222 1942 2311 2001 καὶ
2342 1942 2620 2007 πολιτείας
2651 1942 3040 2019 πνευματικῆς.

2226 2056 2444 2119 Παῦλος
2476 2053 2673 2120 δοῦλος
2702 2058 2880 2127 Ἰησοῦ
2913 2061 3171 2132 Χριστοῦ.

2222 2147 2292 2200 Τὸ
2326 2147 2471 2218 ἑξῆς,
2503 2170 2530 2197 (ι
2567 2144 2781 2208 ΙΙαῦλος
2838 2145 3169 2215 ἀπόστολός,
3229 2150 3357 2200 πᾶσι
3412 2151 3531 2208 τοῖς
3577 2144 3629 2200 ἐν
3667 2145 3808 2200 Ῥώ-

2158 2250 2234 2309 μῃ
2268 2235 2570 2310 ἀγαπητοῖς
2628 2239 2761 2290 Θεοῦ
2816 2233 3049 2306 κλητοῖς
3107 2234 3307 2310 ἁγίοις,
3357 2235 3520 2310 χάρις
3557 2235 3683 2309 ὑμῖν
3711 2235 3801 2290 καὶ

2155 2320 2372 2397 εἰρήνη,
2407 2348 2435 2374 ››
2468 2323 2580 2378 οἷον
2610 2324 2672 2380 Ὁ
2710 2319 2853 2378 δεῖνα
2906 2327 2985 2393 τῷ
3042 2322 3172 2378 δεῖνι
3232 2322 3466 2399 χαίρειν.
3502 2323 3800 2400 Συμφαίνει

2156 2406 2212 2465 δὲ
2245 2411 2466 2484 μεταξὺ,
2496 2412 2587 2466 τὸν
2634 2411 2757 2486 περὶ
2812 2415 2909 2466 τοῦ
2970 2411 3307 2489 Εὐαγγελίου
3338 2409 3526 2487 λόγον,
3556 2412 3648 2467 καὶ
3679 2411 3800 2465 ἑαυ-

2152 2499 2248 2554 τοῦ
2312 2499 2375 2555 τὸ
2445 2500 2539 2573 μὲν
2605 2498 2955 2577 Εὖαγγέλιον,
3027 2499 3168 2574 μηδὲ
3231 2501 3367 2556 κατὰ
3431 2501 3629 2577 χρόνον
3668 2500 3800 2555 εἶναι

2152 2590 2435 2663 νεώτερον,
2493 2586 2640 2644 ἀλλά
2686 2589 3159 2667 προκατηγγέλθαι
3213 2591 3306 2663 μὲν
3346 2588 3435 2646 διὰ
3481 2594 3800 2669 προφητῶν,

2150 2681 2240 2732 νῦν
2299 2675 2355 2733 δὲ
2420 2680 2827 2756 πεφανερῶσθαι
2889 2679 3130 2757 φάσκων.
3191 2680 3544 2751 Ἐπεμνήσθη
3605 2677 3662 2734 δί
3711 2676 3803 2733 καὶ

2150 2772 2248 2823 τοῦ
2279 2765 2441 2824 Δαυῗδ
2471 2769 2606 2844 πρὸς
2636 2770 2693 2824 ὃν
2727 2771 2761 2839 ἡ
2795 2769 3112 2847 ὑπόσχεσις,
3162 2769 3253 2825 καὶ
3307 2770 3495 2826 ἑαυτὸν
3529 2770 3645 2825 εἶπε
3674 2769 3799 2824 τοῦ-

2148 2877 2246 2912 του
2271 2859 2485 2932 κήρυκα
2513 2852 2950 2934 προϐεϐλῆσθαι,
3009 2859 3083 2921 ὡς
3142 2858 3201 2915 ἃν
3261 2861 3337 2933 μή
3390 2865 3677 2933 προπετῶς
3712 2879 3804 2933 με-

2147 2946 2214 3001 τὰ
2268 2948 2367 3017 τήν
2426 2951 2523 3002 τοῦ
2580 2944 2782 3023 Πέτρου
2841 2945 3215 3015 διδασκαλίαν,
3274 2950 3411 3025 πρὸς
3458 2950 3521 3005 τὸ
3553 2946 3803 3005 ἐπιστέλ-

2151 3033 2265 3091 λειν
2296 3033 2619 3108 ἐληλυθέναι
2680 3034 2893 3109 δοκοίη,
2948 3039 3089 3093 θεῖον
3146 3035 3204 3094 δὲ
3264 3037 3479 3112 μᾶλλον
3525 3037 3805 3113 ἐπίταγμα

2150 3124 2464 3201 ἐκπληρῶν.
2527 3128 2711 3201 [ΦΩΤ]
2776 3126 3070 3204 Προτάττει
3129 3123 3187 3183 δὲ
3241 3128 3305 3184 τὸ
3363 3128 3564 3184 οἰκεῖον
3604 3124 3801 3202 ὄνομα,

2143 3213 2178 3286 ἥ
2212 3216 2348 3270 κατά
2377 3217 2661 3287 συνήθειαν
2722 3214 2976 3295 ἀρχαίαν,
3035 3218 3177 3274 οἷον.
3239 3240 3264 3272 ι
3300 3214 3567 3280 Κλαῦδιος
3600 3216 3798 3282 Λυσίας

2143 3309 2224 3376 τῷ
2275 3304 2548 3379 κρατίστῳ
2605 3305 2838 3380 ἡγεμόνι
2897 3304 3106 3377 Φήλικι
3153 3305 3389 3383 χαίρειν
3428 3332 3448 3357 ι
3498 3308 3532 3378 ἢ
3566 3304 3800 3381 προέτα-

2142 3393 2199 3462 ξε
2243 3393 2328 3462 τὸ,
2382 3391 2621 3464 Παῦλος,
2683 3389 2824 3466 μηδὲ
2882 3391 3104 3470 διαίρειν
3140 3394 3317 3469 στόμα
3372 3396 3497 3451 ἄνευ
3551 3400 3649 3452 τοῦ
3710 3418 3802 3471 με·

2147 3482 2385 3555 μνῆσθαι
2459 3482 2559 3551 τῆς
2635 3489 2969 3553 Δεσποτικῆς
3064 3483 3369 3559 εὐεργεσίας
3447 3484 3803 3561 βουλόμενος,

2142 3574 2281 3642 οἷον,
2315 3570 2553 3644 Παῦλος,
2586 3571 2772 3651 φησὶν,
2806 3575 2835 3629 6
2864 3574 2953 3629 καὶ
3005 3575 3172 3644 αὐτὴν
3211 3576 3309 3644 τὴν
3339 3575 3532 3645 κλῆσιν
3566 3575 3617 3650 ἐξ
3649 3576 3797 3652 εὐερ-

2141 3660 2325 3736 γεσίας
2379 3662 2469 3717 καὶ
2538 3659 2858 3738 φιλοτιμίας
2912 3658 3059 3740 ἔχων
3115 3672 3469 3736 Δεσποτικῆς·
3519 3664 3735 3728 Παῦλος
3767 3667 3796 3721 6

2139 3750 2315 3805 πάντα
2344 3750 2522 3829 φέρων
2584 3750 2691 3807 ἀπὸ
2747 3753 3013 3827 Χριστοῦ,
3066 3754 3164 3823 τὴν
3222 3753 3439 3826 κλῆσιν,
3475 3756 3577 3824 τήν
3606 3754 3793 3829 χάριν,

2139 3840 2237 3909 τὴν
2286 3837 2595 3895 πολιτείαν·
2652 3842 2722 3898 "ﬂ
2786 3842 2984 3898 ἀποῦσι
3047 3843 3290 3922 γράφων,
3348 3844 3570 3906 εἰκότως
3627 3843 3795 3899 αὐτοῦ

2137 3929 2200 3983 τὸ
2231 3923 2407 4001 ὄνομα
2463 3927 2741 4005 προέταξε.
2802 3932 2899 3987 Διὰ
2957 3936 3121 3989 τοῦτο
3176 3930 3237 3988 δὲ
3286 3932 3390 3987 ἀπὸ
3443 3930 3657 3987 Σαύλου
3715 3931 3792 3994 είς

2137 4017 2357 4102 Παῦλον
2387 4018 2665 4092 μετετέθη,
2711 4018 2803 4075 ’ίνα
2863 4019 2993 4095 μηδ’
3052 4020 3104 4077 ἐν
3162 4021 3342 4095 τούτῳ
3393 4043 3532 4102 φανη
3565 4020 3791 4077 ἔλαττον

2137 4100 2285 4186 ἔχων
2339 4111 2449 4162 τῶν
2507 4107 2859 4175 ἀποστόλων,
2921 4107 3050 4184 μηδ’
3113 4111 3277 4167 αὐτοῦ
3336 4100 3433 4167 τοῦ
3498 4110 3797 4190 κορυφαίου

2138 4198 2363 4274 Πέτρου.
2412 4223 2441 4252 ‹‹
2476 4198 2709 4263 Δοῦλος.
2744 4223 2772 4253 ››
2835 4198 3045 4257 Πολλοὶ
3107 4197 3359 4265 δουλείας
3409 4202 3630 4278 τρόποι,
3661 4201 3736 4264 εἷς
3769 4203 3797 4257 6

2135 4294 2238 4357 τῆς
2295 4284 2689 4365 δημιουργίας,
2746 4290 2828 4352 εἷς
2885 4290 2914 4344 6
2965 4296 3066 4361 τῆς
3124 4290 3383 4361 πίστεως,
3432 4289 3607 4354 ἄλλος
3639 4292 3799 4361 ὁτῆς

374 4377 714 4445 creatiouis,
740 4376 893 4434 alius
927 4377 1086 4443 fidei,
1121 4378 1329 4434 tertius
1360 4376 1747 4450 apostolatus,
1782 4381 2028 4447 quartus

2147 4374 2474 4447 Ξιποστολῆς,
2526 4375 2710 4451 ἕτερος
2738 4378 2766 4432 6
2799 4377 2904 4432 ἀπὸ
2959 4384 3059 4448 τῆς
3118 4376 3427 4442 πολιτείας.
3462 4379 3565 4436 Καὶ
3595 4383 3796 4441 πάντας

371 4468 857 4523 conversationis.
893 4468 1110 4523 Omnes
1134 4472 1331 4523 autem
1360 4466 1566 4523 habuit
1600 4465 2021 4521 Paulus.Porro

2147 4459 2299 4538 ἔσχεν
2360 4466 2388 4520 6
2448 4446 2685 4528 Παῦλος.
2747 4465 2974 4530 Είιυθὼς
3018 4446 3091 4523 δὲ
3146 4468 3433 4524 συνάπτειν
3483 4473 3562 4542 τῷ
3610 4468 3798 4542 οίκείῳ

367 4556 578 4613 solitus
611 4563 701 4612 est
730 4556 966 4629 proprio
983 4555 1546 4629 nominiadjungere
1573 4578 1599 4603 ‹‹
1630 4553 1969 4626 Apostolus,
1994 4577 2021 4602 «ι

369 4661 532 4700 nunc
580 4651 779 4701 autem
836 4646 1162 4718 praeposuit
1210 4668 1236 4695 ιι
1293 4645 1570 4711 Servus,»
1608 4645 1905 4699 Romanos
1952 4641 2027 4697 ad

370 4733 651 4804 pietatem
669 4752 736 4790 ac
761 4736 1112 4791 modestiam
1129 4734 1438 4790 inducens.
1458 4735 1597 4788 Nam
1624 4731 1770 4788 adeo
1793 4731 2020 4803 magni-

371 4820 481 4875 fice
513 4821 585 4876 de
602 4840 664 4876 se
696 4824 1126 4890 sentiebant,ut
1153 4840 1300 4896 quos
1323 4823 1752 4878 videretur.suo
1776 4820 2013 4876 decreto

373 4908 516 4963 deos
545 4915 833 4964 crearent.
870 4912 1033 4967 Unde
1084 4913 1259 4982 (sicut
1283 4911 1493 4982 fertur)
1522 4927 1656 4966 cum
1678 4909 1824 4981 ipsis
1855 4908 2020 4964 indi-

374 5004 569 5051 casset
599 4998 698 5067 qui
732 4998 793 5052 in
818 4999 1034 5054 Judaza:
1065 5001 1332 5070 partibus
1364 4999 1679 5072 praesidem
1716 4997 1926 5071 agebat
1949 4997 2022 5054 de

374 5088 643 5143 Christo:
678 5089 836 5160 quod
889 5091 1089 5145 Iesum
1140 5092 1457 5163 quemdam
1517 5091 1739 5147 ibidem
1788 5096 2021 5158 natum,

371 5178 858 5235 admirandorum
892 5186 1253 5253 patratorem
1271 5201 1517 5256 operum
1549 5200 1584 5239 a
1612 5183 1862 5239 mortuis
1893 5199 2021 5237 sur-

369 5268 592 5325 rexisse
624 5270 912 5336 dicerent,
957 5272 1258 5343 Deumque
1297 5273 1689 5344 [rmdicarent
1734 5290 1747 5327 :
1780 5271 2018 5328 decreto

366 5359 661 5430 repulisse
711 5360 901 5431 aiunt,
969 5361 1127 5433 quod
1187 5361 1247 5417 id
1321 5370 1537 5435 preter
1595 5362 1860 5434 ipsorum
1914 5378 2018 5417 vo-

358 5454 654 5517 luntatem
686 5466 865 5507 ausus
895 5451 1124 5510 fuisset.
1160 5453 1292 5509 Fuit
1312 5458 1511 5510 autem
1541 5452 1752 5508 divinas
1782 5451 2015 5525 dispen-

442 5627 463 5668 ί
491 5628 619 5684 Act.
653 5647 812 5702 χχιιι,
845 5632 934 5686 26.

2140 4554 2371 4627 ὀνόματι
2401 4553 2488 4623 τὸ,
2516 4577 2544 4606 ‹‹
2569 4552 2929 4625 Ἀπόστολος,
2956 4579 2985 4607 n
3015 4560 3105 4611 νῦν
3134 4557 3218 4626 τὸ,
3249 4581 3271 4611 ι
3299 4554 3519 4625 δοῦλος,
3549 4582 3574 4607 n
3601 4554 3798 4634 προτέ-

2136 4663 2328 4719 ταχεν,
2362 4642 2440 4705 εἷς
2497 4637 2783 4699 εὐλάϐειαν
2843 4644 3154 4719 Ῥωμαίους
3203 4644 3432 4723 ἕνάγων.
3466 4645 3656 4709 Οὕτως
3688 4646 3793 4722 γὰρ

2139 4732 2273 4801 ἦσαν
2331 4731 2932 4810 πεφρονηματισμένοι,
2991 4733 3066 4797 ὡς
3123 4735 3433 4812 ψηφίσματι
3477 4734 3631 4800 θεοὺς
3663 4736 3794 4789 ἀνα-

2137 4821 2379 4897 γορεύειν
2439 4820 2532 4883 οὕς
2595 4821 2932 4897 βουληθεῖεν.
2993 4824 3170 4889 Ὅθεν,
3226 4824 3300 4886 ὡς
3361 4823 3549 4899 λόγος,
3589 4824 3790 4900 γνωρί-

2143 4931 2335 4973 σαντος
2392 4910 2575 4972 αὐτοῖς
2637 4915 2735 4965 τοῦ
2800 4912 2936 4967 κατὰ
3002 4910 3263 4971 Ἰουδαίαν
3332 4912 3600 4989 ἄρχοντος
3663 4914 3789 4988 περί

2142 5003 2397 5074 Χριστοῦ,
2457 5000 2543 5054 ὅτι
2602 5000 2813 5070 Ἰησοῦν
2866 5021 2987 5056 τινα
3038 5002 3329 5077 γενόμενον
3385 5002 3608 5058 ἐνταῦθα
3663 5015 3792 5068 θαυ-

2146 5090 2479 5165 ματοποιὸν,
2549 5089 2684 5162 μετά
2750 5090 2971 5146 θάνατον
3037 5090 3328 5167 ἓγηγὲρθαι
3405 5091 3628 5169 λέγουσι
3703 5094 3794 5149 καὶ

2141 5180 2271 5234 θεὸν
2363 5177 2660 5252 κηρύττου,
2754 5177 3197 5259 ἀποψηφίσασθαι
3290 5184 3474 5249 τοῦτο,
3569 5179 3660 5237 διὰ
3730 5183 3794 5238 τὸ

2138 5268 2285 5345 παρὰ
2331 5268 2555 5344 γνώμην
2605 5266 2780 5323 αὐτων
2829 5270 3226 5343 τετολμῆσθαι.
3277 5272 3379 5327 Ἦν
3414 5268 3471 5327 δὶ
3515 5272 3671 5336 θαίας
3699 5272 3788 5325 υί-

2136 5355 2424 5431 κονομίας,
2456 5355 2530 5418 ὡς
2562 5355 2622 5411 ἂν
2658 5357 2735 5430 μὴ
2796 5354 2924 5434 δόξῃ
2983 5359 3099 5415 κατ’
3129 5358 3477 5435 ἀνθρωπίνην
3505 5360 3595 5416 καὶ
3623 5363 3784 5414 τοῦτο

2127 5446 2524 5523 κεκρατηκέναι
2557 5443 2826 5519 σπουδήν.
2876 5472 2905 5501 ι(
2939 5449 3113 5516 Ἰησοῦ
3181 5454 3445 5527 Χριστοῦ.
3475 5474 3503 5504 ›ι
3564 5450 3637 5507 Τὸ
3677 5451 3786 5519 ἰη.
