4150 6200
321 370 438 433 325

1426 356 1835 423 COMMENT.
1882 356 1960 418 lN
2008 357 2255 421 EPIST.
2304 362 2408 422 AD
2457 360 2639 422 ROM.

3618 367 3740 429 326

324 506 475 572 σοῦς,
519 499 581 555 τὸ
613 494 922 573 ἀνθρώπιον
983 491 1176 567 δηλοῖ,
1231 493 1331 561 τὴν
1388 488 1445 546 δὶ
1502 494 1601 547 τοῦ
1658 488 1972 564 Πνεῦματος

2090 491 2337 547 sationis
2359 497 2426 548 ut
2456 493 2539 549 ita
2560 493 2749 561 ﬁeret,
2782 509 2857 549 ne
2879 492 3180 549 videretur
3200 500 3257 550 et
3277 494 3389 552 hoc
3407 497 3737 558 obtinuisse

318 591 504 673 χρίσιν
530 590 595 646 τὸ
623 587 878 663 Χριστός.

402 861 626 932 Κλητὸς
714 856 1045 930 ἀπόστολος,
1128 857 1506 940 ἀφωρισμένος
1593 856 1669 919 εἰς
1752 855 1982 931 Εὐαγγέ-

322 951 451 1008 λιον
510 954 666 1019 Θεοῦ,
726 948 756 1005 ὅ
813 949 1294 1027 προεπηγγείλατο
1346 946 1437 1003 διὰ
1517 951 1625 1002 τῶν
1679 949 1982 1026 προφητῶν

326 1041 501 1096 αὐτοῦ
550 1039 602 1094 ἐν
657 1044 894 1118 Γραφαῖς
990 1037 1189 1114 ἁγίαις,
1237 1038 1362 1112 περὶ
1446 1040 1543 1092 τοῦ
1598 1035 1729 1090 Υίοῦ
1813 1035 1981 1089 αὐτοῦ

335 1136 443 1186 τοῦ
477 1130 781 1207 γενομένου
811 1128 870 1184 ἐκ
893 1124 1202 1204 σπέρματος
1234 1124 1398 1183 Δαυῒδ
1452 1127 1587 1182 κατὰ
1640 1126 1829 1201 σάρκα’
1886 1126 1981 1181 τοῦ

328 1217 640 1294 ὁρισθέντος
698 1218 827 1273 Υἱοῦ
906 1219 1040 1272 Θεοῦ
1095 1213 1148 1270 ἐν
1236 1212 1478 1287 δυνάμει,
1544 1213 1680 1269 κατὰ
1766 1216 1984 1287 Πνεῦμα

338 1306 672 1382 ἁγιωσύνης,
699 1304 752 1377 ἐξ
782 1304 1120 1368 ἀναστάσεως
1144 1308 1345 1381 νεκρῶν
1378 1305 1561 1374 Ἰησοῦ
1600 1305 1836 1378 Χριστοῦ
1886 1305 1983 1357 τοῦ

330 1395 537 1470 Κυρίου
569 1398 756 1469 ἡμῶν.

403 1485 779 1562 Εῦγνωμόνως
812 1482 1104 1560 ὁμολογεῖ,
1147 1483 1231 1539 δτι
1288 1482 1400 1559 οὐχ
1453 1481 1590 1537 ἑκὼν
1647 1480 1980 1557 προσῆλθεν,

322 1575 476 1631 ἀλλὰ
530 1575 770 1643 κληθείς.
833 1575 1068 1646 Κληθείς
1126 1572 1203 1644 δὲ,
1261 1573 1360 1629 οὐκ
1416 1572 1492 1635 εἲς
1553 1573 1734 1627 πίστιν
1795 1570 1978 1645 μόνον,

322 1664 477 1724 ἀλλὰ
503 1669 591 1723 καὶ
627 1668 703 1730 εἰς
744 1666 1081 1737 ἀποστολήν.
1145 1663 1550 1744 Ἀιρωρισμένος
1609 1663 1685 1725 είς
1742 1660 1981 1738 Εὐαγγέ-

329 1758 455 1811 λιον
479 1761 634 1815 Θεοῦ.
666 1782 687 1810 ι
723 1756 932 1819 Ἀλλος
967 1757 1085 1830 μὲν,
1111 1756 1296 1835 φησὶν,
1329 1755 1381 1810 ἐν
1414 1753 1635 1823 ἃλΛοις,
1668 1752 1778 1828 ἐγὼ
1809 1748 1866 1807 δὲ
1903 1750 1980 1812 εἷς

2088 579 2355 637 humana
2376 581 2705 655 diligentia.
2729 604 2756 634 «
2781 584 2918 639 Jesu
2941 584 3175 640 Christi.
3203 606 3232 635 »
3261 586 3430 642 Jesus
3459 588 3740 646 humani-

2086 672 2272 727 tatem
2323 671 2662 745 signiﬁcat:
2714 672 2980 729 Christus
3028 690 3165 730 vero
3212 674 3464 747 Spiritus
3508 681 3738 736 unctio-
3814 678 3817 679 ⁷

2089 775 2228 814 nem
2239 802 2249 814 .

2086 847 2129 914 l,
2170 851 2286 907 1-4.
2344 852 2579 907 Vocatus
2629 852 2947 923 Apostolus,
2998 862 3312 925 segregatus
3367 858 3427 912 in
3480 860 3737 930 Evange-

2088 937 2223 993 lium
2272 940 2393 1007 Dei,
2443 941 2591 1011 quod
2636 948 2762 996 ante
2801 945 3134 1013 promiserat
3179 961 3287 1015 per
3323 947 3627 1017 prophetas
3675 952 3735 1003 in

2086 1027 2391 1098 Scripturis
2419 1033 2624 1086 sanctis
2646 1031 2715 1085 de
2752 1032 2869 1102 ipso
2898 1031 3043 1087 Filio
3071 1049 3210 1088 suo:
3241 1034 3343 1104 qui
3367 1038 3549 1104 factus
3579 1045 3654 1093 est
3683 1040 3734 1094 ei

2090 1134 2159 1173 ea:
2186 1120 2390 1173 semine
2422 1120 2614 1187 David,
2645 1121 2946 1176 secundum
2985 1138 3228 1178 carnem.
3264 1125 3370 1189 Qui
3416 1125 3735 1185 declaratus

2088 1213 2165 1262 est
2217 1208 2366 1276 ﬁlius
2432 1209 2527 1264 Dei
2582 1226 2689 1280 per
2751 1212 3028 1279 virtutem,
3094 1213 3396 1269 secundum
3459 1215 3731 1286 Spiritum

2084 1299 2560 1366 sanctiﬁcationis,
2614 1316 2684 1353 ea:
2737 1303 3135 1357 resurrectione
3190 1310 3539 1359 mortuorum
3602 1287 3731 1361 Iesu

2092 1386 2298 1442 Christi
2326 1389 2549 1443 Domini
2572 1392 2768 1445 nostri.

2163 1492 2420 1550 Modeste
2444 1494 2762 1551 conﬁtetur
2779 1497 2937 1567 quod
2954 1514 3074 1554 non
3094 1499 3406 1556 ultroneus
3428 1503 3735 1573 acceserit,

2089 1579 2193 1635 sed
2222 1586 2481 1637 vocatus.
2514 1583 2765 1638 Vocatus
2789 1590 2987 1639 autem
3013 1601 3132 1640 non
3163 1591 3395 1641 tantum
3427 1586 3501 1642 ad
3528 1588 3728 1652 ﬁdem,

2089 1669 2192 1725 sed
2221 1670 2402 1727 etiam
2432 1670 2508 1726 ad
2552 1671 2971 1743 apostolatum.
3007 1693 3039 1727 ‹‹
3073 1673 3419 1749 Segregatus
3450 1676 3512 1730 in
3542 1677 3731 1732 Evan-

2084 1759 2304 1831 gelium
2331 1759 2455 1814 Dei.
2490 1782 2519 1809 ››
2552 1760 2722 1815 Alius
2767 1762 3014 1832 quidem
3048 1764 3122 1819 ad
3171 1764 3310 1832 alia,
3357 1781 3461 1837 ego
3493 1782 3625 1821 vero
3658 1766 3733 1821 ad

320 1848 657 1925 Εὖαγγέλιον
713 1848 1071 1928 ἀφώρισμαι,
1126 1846 1256 1921 ὅπερ
1311 1846 1441 1901 Θεὸν
1502 1840 1630 1899 ὄντα
1683 1844 1773 1899 τὸν
1846 1843 1972 1918 Χρι-

2084 1848 2481 1921 Evangelium,
2515 1849 2732 1920 inquit,
2767 1859 3109 1923 segregatus
3140 1870 3292 1922 sum,
3326 1860 3394 1908 ut
3410 1855 3731 1924 Christum,

321 1940 475 2009 στὸν,
509 1936 916 2016 εὐηγγελίζετο.
957 1938 1064 1994 Τὸν
1126 1936 1229 2011 γὰρ
1286 1936 1498 2011 Πατέρα
1545 1930 1849 2010 προῄδεσαν
1916 1931 1975 1988 ἐκ

316 2030 424 2092 τῆς
458 2026 721 2087 Παλαιᾶς.
755 2024 927 2084 Οὐδὲν
962 2023 1042 2095 δὲ,
1074 2026 1262 2103 φησὶν,
1294 2023 1400 2101 ἐρῶ
1432 2025 1774 2099 σκυθρωπὸν,
1818 2022 1891 2084 ὡς
1922 2022 1976 2076 οἱ

319 2120 629 2194 προφῆται,
660 2114 786 2171 ἀλλ’
820 2115 1243 2192 εὐαγγελίζομαι
1300 2116 1430 2171 Θεὸν
1489 2113 1969 2189 ἐνηνθρωπηκότα.

319 2208 450 2263 «⁸⁵0
480 2204 981 2282 προεπηγγείλατο.
1042 2229 1069 2257 ››
1125 2201 1355 2275 Μηδεὶς,
1414 2204 1571 2281 φησὶ,
1623 2206 1973 2276 καινοτομεῖν

320 2318 392 2371 με
420 2297 653 2373 νομίσῃ,
681 2296 851 2352 πάλαι
910 2295 1220 2373 ἐπήγγελτο
1278 2300 1439 2352 τοῦτο
1494 2296 1557 2351 τὸ
1610 2292 1973 2371 Εὐαγγέλιον.

319 2387 397 2444 Τὸ
429 2385 507 2457 δὲ,
540 2411 567 2439 ιι
602 2386 655 2442 ἐν
690 2392 949 2467 Γραφαῖς,
987 2410 1009 2439 ι
1041 2384 1229 2458 δηλοῖ,
1262 2386 1347 2441 ’ὁτι
1378 2386 1439 2441 οὗ
1475 2385 1641 2460 μόνον
1703 2383 1888 2458 ἔλεγον
1921 2383 1975 2437 οἱ

316 2482 624 2553 προφῆται,
675 2475 821 2530 ἀλλᾶ
873 2475 963 2530 καὶ
1007 2469 1261 2551 ἔγραφον.
1324 2473 1439 2532 Οὐκ
1494 2473 1633 2543 εἷπε,
1692 2472 1815 2548 περὶ
1846 2472 1973 2526 Υίοῦ

316 2564 511 2638 αὐτοῦ,
546 2563 714 2633 ἀλλὰ,
770 2566 882 2621 Τοῦ
938 2565 1068 2619 Υἱοῦ
1126 2564 1314 2633 αὐτοῦ,
1373 2564 1465 2619 τὸν
1522 2562 1677 2636 φύσει
1734 2561 1826 2617 καὶ
1881 2557 1974 2616 ἕνα

316 2658 412 2708 καί
448 2654 652 2730 κυρίως
684 2654 806 2709 Υἱὸν
839 2655 929 2709 καὶ
990 2656 1277 2730 Μονογενῆ
1332 2651 1543 2724 δηλῶν.
1576 2677 1603 2704 ‹‹
1638 2651 1788 2710 Κατὰ
1845 2650 1976 2726 σάρ-

318 2764 415 2799 κα.
450 2767 479 2796 »
512 2744 663 2801 Κατᾶ
693 2745 797 2820 γὰρ
845 2748 1076 2818 πνεῦμα,
1137 2744 1262 2805 Υἱὸς
1320 2748 1453 2799 Θεοῦ
1500 2746 1589 2813 ἦν.
1628 2767 1649 2793 ι
1687 2745 1800 2799 Τοῦ
1857 2742 1970 2816 ὁριο

327 2834 541 2891 σθέντο.
583 2857 612 2886 ››
642 2835 755 2891 Τοῦ
797 2830 1221 2909 ἀποδειχθέντος
1278 2834 1367 2889 καὶ
1428 2832 1828 2909 ἁποφανθέντος
1886 2827 1973 2886 διά

315 2945 379 2979 τε
405 2929 515 2979 τῶν
540 2929 865 3002 προφητῶν,
899 2921 988 2980 διά
1025 2946 1082 2981 τε
1139 2930 1247 2980 τῶν
1299 2924 1575 2980 τοσούτων
1610 2928 1969 2997 θεοσι,μειῶν,

320 3010 414 3068 διὰ
442 3035 501 3069 τε
528 3020 627 3083 τῆς
658 3016 1018 3076 ἀναστάσεως.
1043 3014 1265 3072 Τούτων
1296 3014 1398 3092 γὰρ
1425 3015 1459 3085 ἠ
1516 3010 1823 3087 συνδρομὴ,
1878 3010 1970 3066 δι-

318 3103 492 3176 ορίζει
528 3104 686 3159 αὐτὸν
721 3104 781 3159 ἐκ
808 3109 917 3159 τῶν
946 3101 1134 3160 ἃΛλων
1174 3103 1420 3159 ἁπάντων
1451 3106 1557 3157 τῶν
1616 3104 1753 3158 κατὰ
1811 3105 1972 3177 χάριν

316 3190 639 3262 κληθέντων
670 3195 825 3251 υἱῶν.
886 3194 979 3249 Διὸ
1035 3195 1125 3249 καί
1181 3215 1286 3265 τις,
1346 3197 1443 3248 τοῦ
1488 3192 1814 3267 ὁρισθέντος,
1871 3196 1970 3247 τοῦ

316 3280 773 3356 ἑπιγνωσθέντος,
805 3283 962 3363 φησί,
1011 3284 1101 3339 καὶ
1142 3282 1221 3345 εἷς
1272 3288 1471 3359 γνῶσιν
1518 3283 1827 3356 ἀνθρώποις
1876 3279 1971 3335 ἐλ-

315 3371 529 3434 θόντος.
594 3374 875 3449 Εἶώθαμεν
939 3374 1039 3449 γὰρ
1110 3370 1179 3428 δι’
1264 3374 1509 3449 ὁρισμῶν
1578 3393 1740 3428 τινων
1785 3370 1968 3449 ἐπιγι-

318 3462 574 3535 νώσκειν,
633 3462 667 3518 ἅ
724 3458 960 3539 βεϐαίως
988 3464 1075 3518 καὶ
1136 3463 1240 3518 οὐκ
1296 3460 1348 3516 ἐν
1408 3458 1691 3538 δισταγμῴ
1749 3458 1970 3516 ἐπιστί-

320 3554 481 3626 μεθα.
516 3577 544 3603 ‹‹
575 3553 662 3610 Ἐν
692 3550 935 3626 δυνάμει.
972 3576 1001 3604 ››
1031 3554 1343 3622 Τουτέστιν,
1403 3551 1467 3606 οὐ
1518 3552 1728 3626 χάριτι,
1787 3551 1862 3615 ὡς
1918 3549 1971 3604 οὶ

318 3640 554 3708 πολλοὶ,
584 3640 730 3697 ἀλλᾶ
751 3639 979 3715 δυνάμει
1011 3640 1210 3714 οἴκείᾳ,
1239 3641 1304 3712 ἢν
1336 3640 1549 3717 ἐνήργει
1597 3639 1651 3695 ἐν
1701 3644 1819 3701 ταῖς
1850 3640 1972 3695 θεο-

322 3731 608 3804 σημείαις.
642 3762 669 3783 ιι
707 3731 856 3788 Κατὰ
886 3735 1104 3805 Πνεῦμα
1134 3731 1470 3809 ἁγιωσύνης.
1530 3756 1553 3786 ι
1612 3729 1715 3816 Ιςαὶ
1763 3727 1815 3784 ἐν
1873 3733 1971 3784 τοῦ

319 3820 488 3895 ἁγίου
521 3819 855 3894 Ηνεύματος,
888 3820 1076 3899 φησὶν,
1139 3821 1169 3874 ὅ
1201 3820 1435 3899 παρέχει
1491 3824 1607 3881 τοῖς
1674 3818 1751 3884 είς
1808 3817 1968 3874 αὐτὸν

310 3910 682 3967 πιστεύουσιν.
718 3934 745 3961 ‹‹
779 3911 865 3983 Ἐξ
899 3909 1260 3971 ἀναστάσεως.
1298 3934 1326 3961 ››
1350 3910 1452 3967 Καὶ
1501 3908 1561 3964 ἐκ
1616 3916 1719 3979 τῆς
1752 3908 1974 3964 ἀναστά-

314 4020 478 4070 σεως,
511 4000 667 4077 φησὶ,
696 3999 788 4054 καὶ
821 4007 922 4069 τῆς
950 4004 1048 4056 τοῦ
1107 3998 1333 4054 Θανάτου
1381 3998 1749 4061 καταλύσεως.
1813 3999 1969 4056 Ἀνα-

319 4090 558 4150 στὰσεως
592 4085 669 4159 ὃὶ,
702 4088 772 4157 ἧς
800 4089 960 4151 αὐτὸς
995 4089 1184 4159 ἀνέστη
1228 4089 1256 4144 ὁ
1290 4089 1491 4163 Κύριος
1538 4090 1700 4163 ἡμῶν
1758 4089 1969 4160 Ἰησοῦς

321 4179 586 4254 Χριστός.

384 4450 466 4503 Δι’
518 4450 579 4504 05
634 4444 905 4524 ἐλάϐομεν
955 4452 1117 4528 χάριν
1177 4451 1267 4506 καὶ
1335 4451 1648 4521 ἀποστολήν
1707 4449 1784 4513 είς
1868 4449 1970 4505 ὑπ-

313 4540 487 4608 ακοὴν
560 4539 794 4603 πίστεως
865 4540 916 4595 ἐν
1004 4546 1136 4596 πᾶσι
1210 4546 1327 4603 τοῖς
1391 4540 1619 4612 ἓθνεσιν,
1681 4540 1812 4615 ὑπὲρ
1868 4546 1967 4596 τοῦ

315 4627 589 4702 ὀνόματος
646 4628 835 4689 αὐτοῦ,
888 4631 975 4687 ’Ev
1050 4630 1133 4691 οἷς
1197 4629 1314 4686 ἐστε
1374 4631 1466 4686 καὶ
1536 4630 1693 4705 ὑμεῖς
1768 4627 1970 4702 κλητοὶ

309 4716 498 4788 Ἰησοῦ
542 4718 801 4792 Χριστοῦ.
869 4721 1003 4775 Πᾶσι
1052 4724 1167 4781 τοῖς
1251 4719 1399 4774 οὖσιν
1469 4718 1522 4774 ἐν
1579 4719 1772 4793 Ῥώμῃ
1828 4718 1967 4793 ἀγα-

306 4811 513 4876 πητοῖς
602 4812 736 4864 Θεοῦ
815 4806 1044 4880 κλητοῖς
1124 4809 1323 4885 ἁγίοις·
1427 4807 1588 4884 χάρις
1677 4807 1804 4880 ὑμῖν
1879 4808 1970 4863 καὶ

308 4894 502 4969 εἰρήνη
564 4896 671 4952 ἀπὸ
728 4903 863 4954 Θεοῦ
923 4896 1132 4974 Πατρὸς
1167 4899 1327 4973 ἡμῶν
1385 4898 1474 4953 καὶ
1537 4896 1742 4972 Κυρίου
1788 4897 1968 4969 Ἰησοῦ

316 4986 583 5060 Χριστοῦ.

389 5073 502 5127 Οὐκ
524 5072 573 5147 ἐξ
608 5073 844 5145 οἰκείων,
879 5076 1033 5153 φησὶ,
1093 5076 1494 5150 κατορθώματα
1533 5068 1807 5147 ἐλάϐομεν
1866 5075 1968 5144 τήν

313 5161 657 5233 ἀποστολήν,
688 5166 833 5221 ἀλλᾶ
889 5167 952 5222 τὸ
1009 5170 1112 5221 πᾶν
1165 5166 1395 5241 χάριτος
1449 5164 1539 5220 καὶ
1571 5162 1776 5238 δωρεᾶς
1833 5163 1965 5222 ἐστι.

307 5274 337 5303 α
373 5252 548 5327 Χάριν
577 5254 670 5308 καὶ
702 5254 1039 5325 ἀποστολήν,
1074 5279 1102 5305 ››
1147 5253 1266 5309 ἀντὶ
1296 5258 1415 5322 τοῦ,
1474 5254 1639 5330 χάριν
1697 5252 1773 5315 εἰς
1830 5254 1968 5310 ἀπο-

314 5339 549 5411 στολήν.
580 5341 772 5400 Καίτοι
813 5344 909 5398 τοῦ
969 5343 1283 5418 Πνεῦματος
1354 5345 1382 5414 ἢ
1440 5343 1722 5412 ἀποστολὴ
1779 5340 1965 5413 αὐτοῦ,

308 5429 389 5492 ὡς
422 5428 475 5484 ἐν
504 5436 627 5494 ταῖς
665 5432 891 5508 Πράξεσι
921 5438 1114 5491 κεῖται.
1175 5432 1354 5490 Ἀλλὰ
1410 5434 1586 5489 πάντα
1640 5431 1798 5488 κοινᾶ
1854 5429 1969 5488 οἶδε

306 5519 378 5574 τὰ
407 5525 510 5589 τῆς
540 5521 694 5596 ἁγίας
714 5518 959 5598 Τριάδος.
995 5546 1023 5576 »
1057 5521 1157 5585 Εἷς
1215 5522 1459 5592 ὑπακοὴν
1510 5521 1769 5585 πίστεως.
1802 5544 1829 5575 ››
1862 5521 1967 5578 Καὶ

304 5606 415 5685 γὰρ
448 5606 511 5664 οὗ
543 5605 625 5666 δεῖ
648 5609 1133 5692 πολυπραγμονεῖν
1164 5611 1413 5690 γέννησιν
1471 5610 1563 5666 καὶ
1597 5608 1778 5666 οὐσίαν
1812 5613 1967 5680 Θεοῦ,

304 5694 458 5754 ἀλλὰ
491 5700 660 5775 μόνον
693 5702 1008 5762 ὑπακούειν.
1054 5726 1075 5755 ι
1110 5704 1196 5760 Ἐν
1255 5706 1387 5757 πᾶσι
1436 5704 1555 5764 τοῖς
1587 5697 1811 5765 ἔθνεσιν.
1841 5722 1872 5753 ››
1902 5697 1970 5756 Ei’

2081 1939 2181 2009 qui
2210 1939 2364 1993 Deus
2397 1944 2504 2002 est,
2537 1941 2978 1996 annuntiarem.
3005 1943 3240 1998 Patrem
3271 1959 3529 2015 namque
3562 1961 3597 1999 a
3634 1960 3735 1999 ve-

2079 2029 2190 2082 teri
2221 2028 2349 2100 lege
2380 2037 2921 2101 praecognoverant.
2965 2032 3121 2087 Nihil
3169 2038 3367 2088 autem
3401 2034 3569 2089 triste
3598 2033 3731 2088 dico

2078 2136 2244 2175 more
2275 2120 2721 2192 prophetarum,
2755 2122 2859 2177 sed
2902 2123 3086 2178 Deum
3122 2124 3347 2179 factum
3387 2141 3515 2181 esse
3548 2124 3735 2180 homi-

2082 2226 2222 2264 nem
2255 2211 2565 2265 annuntio.
2601 2234 2628 2261 «
2663 2211 2827 2277 Quod
2859 2219 2996 2267 ante
3030 2215 3403 2285 promiserat.
3439 2237 3468 2264 »
3500 2214 3729 2283 Nullus,

2084 2298 2302 2370 inquit,
2336 2316 2432 2355 me
2481 2316 2576 2355 res
2615 2317 2797 2355 novas
2829 2300 3026 2356 moliri
3058 2302 3397 2359 arbitretur.
3432 2303 3585 2359 Olim
3616 2320 3729 2358 an-

2080 2388 2422 2443 nuntiatum
2445 2395 2535 2443 est
2553 2390 2954 2461 Evangelium.
2981 2392 3144 2457 Quod
3165 2398 3364 2447 autem
3394 2392 3579 2462 addit,
3612 2416 3637 2444 ι
3657 2394 3725 2447 In

2082 2476 2420 2549 Scripturis,
2456 2500 2483 2529 ι›
2516 2479 2814 2551 signiﬁcat
2845 2481 3004 2552 quod
3051 2498 3171 2537 non
3202 2482 3396 2538 solum
3450 2482 3729 2538 dicebant

2079 2566 2406 2638 prophetas,
2442 2567 2547 2623 sed
2577 2573 2635 2623 et
2663 2569 3022 2625 scribebant.
3048 2573 3164 2626 Nec
3187 2571 3541 2643 simpliciter
3562 2571 3732 2636 dixit,

2079 2655 2159 2710 De
2192 2656 2337 2711 ﬁlio.
2373 2656 2477 2712 sed
2507 2655 2631 2729 περὶ
2661 2659 2757 2711 τοῦ
2800 2658 2920 2712 r105
2950 2657 3144 2727 αὐτοῦ,
3188 2660 3388 2716 addito
3438 2661 3729 2728 articulo;

2077 2742 2139 2798 id
2162 2750 2273 2815 est,
2306 2745 2378 2800 de
2410 2745 2538 2817 ipso
2570 2746 2716 2801 Filio
2751 2765 2881 2815 suo,
2916 2766 3054 2804 eum
3070 2749 3344 2805 videlicet
3360 2750 3726 2822 signiﬁcans,

2082 2835 2182 2905 qui
2216 2842 2433 2890 natura
2466 2840 2525 2889 et
2563 2837 2716 2891 203
2749 2854 2925 2906 unus,
2971 2840 3327 2911 proprieque
3381 2838 3565 2893 Filius
3597 2853 3726 2891 esse
3784 2876 3785 2879 η

2081 2923 2451 2996 Unigenitus.
2478 2946 2506 2974 ι(
2525 2924 2864 2981 Secundum
2888 2944 3148 2982 carnem.
3168 2950 3195 2977 υ
3222 2930 3367 2982 Nam
3400 2926 3729 2982 secundum

2079 3012 2357 3082 spiritum
2382 3013 2565 3067 Filius
2593 3014 2691 3068 Dei
2715 3020 2860 3069 erat.
2884 3038 2911 3064 «
2933 3016 3040 3081 Qui
3060 3015 3393 3071 declaratus
3424 3023 3529 3071 esl.
3568 3038 3596 3065 ››
3619 3013 3730 3080 Qui

2078 3100 2525 3157 demonstratus
2556 3108 2647 3157 est
2687 3119 2794 3174 per
2823 3105 3164 3176 prophetas,
3187 3110 3247 3161 et
3275 3122 3381 3177 per
3420 3111 3504 3160 tot
3530 3105 3730 3159 divina

2082 3191 2270 3262 signa,
2317 3197 2376 3246 et
2420 3208 2528 3263 per
2570 3194 3090 3249 resurrectionem.
3126 3196 3346 3250 Horum
3392 3194 3551 3250 enim
3596 3211 3732 3249 con-

2082 3295 2289 3334 cursus
2323 3286 2589 3353 segregat
2631 3280 2824 3353 ipsum
2863 3283 2936 3338 ab
2986 3284 3119 3339 aliis
3160 3284 3459 3353 omnibus,
3490 3284 3591 3355 qui
3623 3300 3730 3354 per

2079 3370 2330 3441 gratiam
2361 3371 2550 3426 vocati
2588 3376 2747 3426 sunt.
2799 3372 2934 3428 ldeo
2975 3373 3156 3428 etiam
3199 3374 3440 3445 quidam
3487 3368 3729 3445 ὁρισθέν-

2076 3478 2167 3519 τος
2200 3460 2420 3533 cogniti
2451 3460 2899 3532 interpretatur,
2926 3468 2985 3518 et
3016 3463 3080 3518 in
3103 3464 3419 3519 hominum
3453 3463 3729 3518 notitiam

2077 3549 2389 3606 venientis.
2426 3549 2695 3605 Solemus
2719 3551 2879 3606 enim
2911 3547 2980 3604 δι’
3012 3550 3257 3625 ὁρισμῶν
3289 3572 3471 3621 τινων,
3506 3554 3619 3608 hoc
3640 3557 3731 3607 est

2080 3655 2188 3710 per
2207 3638 2588 3695 deﬁnitiones
2607 3640 2917 3711 quasdam,
2941 3658 3297 3715 cognoscere
3317 3660 3448 3713 quas
3473 3642 3727 3697 ﬁrmiter

2082 3733 2140 3783 et
2166 3744 2288 3783 non
2324 3728 2678 3800 ambigendo
2723 3731 3121 3804 cognovimus.
3161 3752 3189 3783 ‹‹
3222 3731 3331 3785 Per
3360 3732 3661 3785 virtutem.
3699 3752 3729 3780 »

2081 3818 2202 3873 Hoc
2233 3822 2341 3886 est,
2375 3834 2496 3873 non
2531 3819 2740 3891 gratia,
2772 3826 2838 3875 ut
2865 3820 3060 3889 multi,
3093 3820 3197 3875 sed
3230 3820 3443 3874 virtute
3492 3820 3730 3891 propria

2081 3923 2261 3979 quam
2283 3906 2345 3960 in
2373 3905 2589 3962 divinis
2612 3907 2796 3980 signis
2823 3908 3149 3963 exserebat.
3181 3931 3208 3958 ‹‹
3233 3907 3569 3963 Secundum
3602 3908 3729 3978 Spi-

2080 3996 2261 4050 ritum
2280 3995 2786 4051 sanctificationis.
2811 4021 2829 4044 ι
2852 3998 2923 4050 Ει
2940 4013 3009 4051 ex
3027 3996 3268 4069 Spiritu,
3300 3997 3401 4065 ait,
3435 4012 3614 4067 quem
3631 3995 3733 4052 dat

2079 4084 2142 4139 in
2177 4101 2240 4140 se
2271 4084 2671 4140 credentibus.
2706 4112 2732 4142 α
2762 4086 2843 4139 Ex
2872 4086 3330 4141 resurrectione.
3369 4112 3392 4136 ι(
3427 4086 3497 4140 Et
3532 4102 3604 4140 ex
3636 4102 3729 4140 re-

2082 4176 2473 4243 surrectione,
2494 4176 2709 4246 inquit,
2736 4176 3064 4247 mortisque
3089 4176 3492 4233 destructione
3520 4196 3532 4233 :
3570 4193 3730 4231 resu-

2080 4265 2343 4321 rectione
2373 4269 2572 4320 autem
2603 4281 2721 4336 qua
2760 4267 3018 4322 surrexit
3047 4267 3174 4339 ipse
3206 4268 3491 4323 Dominus
3524 4273 3731 4321 noster

2080 4356 2249 4410 Jesus
2282 4353 2572 4408 Christus.

2083 4448 2125 4512 Ι,
2159 4445 2281 4499 5-7.
2311 4443 2417 4498 Per
2465 4458 2626 4512 quem
2681 4447 2990 4522 accepimus
3042 4448 3281 4516 gratiam
3340 4454 3393 4502 et
3442 4444 3728 4516 apostola-

2083 4538 2197 4589 tum
2227 4532 2301 4587 ad
2327 4532 2690 4588 obediendum
2712 4534 2845 4603 ﬁdei
2865 4551 2972 4605 per
3002 4551 3181 4591 omnes
3206 4542 3410 4607 gentes,
3440 4550 3606 4604 super
3623 4549 3727 4588 no-

2083 4625 2228 4678 mine
2258 4622 2398 4693 ejus,
2426 4624 2578 4679 intcr
2605 4639 2744 4694 quas
2773 4628 2899 4681 estis
2930 4633 2980 4681 et
3010 4643 3100 4681 vos
3130 4629 3309 4682 vocati
3336 4629 3463 4682 Jesu
3495 4624 3720 4682 Christi.

2083 4713 2343 4768 Omnibus
2368 4714 2473 4784 qui
2501 4715 2628 4769 estis
2651 4716 2854 4783 Romae,
2879 4716 3093 4771 dilectis
3113 4717 3232 4785 Dei,
3263 4718 3470 4772 vocatis
3497 4717 3728 4781 sanctis,

2079 4805 2275 4873 gratia
2303 4805 2452 4858 vobis
2502 4811 2553 4859 et
2583 4821 2705 4875 pax
2733 4822 2767 4859 a
2816 4805 2921 4861 Deo
2964 4809 3130 4861 Patre
3172 4813 3361 4862 nostro
3388 4813 3440 4862 et
3488 4806 3728 4861 Domino

2076 4892 2207 4946 Jesu
2236 4892 2473 4946 Christo.

2150 5071 2276 5125 Non
2299 5086 2369 5125 ex
2388 5069 2661 5142 propriis,
2682 5070 2894 5142 inquit,
2918 5072 3093 5128 bonis
3115 5075 3395 5146 operibus
3426 5076 3727 5149 apostola-

2078 5163 2206 5214 tum
2227 5158 2584 5230 accepimus,
2618 5159 2722 5214 sed
2753 5161 3040 5234 quidquid
3067 5163 3124 5219 id
3157 5171 3265 5233 est,
3297 5166 3486 5238 gratia
3522 5172 3637 5231 est,
3671 5171 3731 5221 et

2078 5248 2324 5304 donum.
2361 5269 2387 5298 «
2422 5248 2678 5303 Gratiam
2712 5255 2769 5304 et
2806 5253 3226 5322 apostolatum.
3268 5276 3295 5303 ››
3337 5255 3448 5311 hoc
3484 5261 3577 5310 est
3606 5270 3732 5328 gra-

2078 5338 2221 5393 tiam
2252 5336 2326 5392 ad
2343 5337 2760 5408 apostolatum.
2786 5342 2961 5413 Atqui
2992 5344 3359 5414 apostolatus
3382 5346 3510 5417 ejus
3541 5344 3731 5417 Spiri-

2076 5434 2174 5484 tus
2204 5426 2394 5482 sancti
2426 5431 2535 5497 est,
2571 5428 2725 5484 sicut
2752 5431 2815 5486 in
2853 5431 3010 5487 Actis
3055 5432 3343 5489 habetur:
3386 5434 3490 5490 sed
3522 5434 3722 5490 omnia

2078 5521 2297 5574 sancta
2322 5514 2626 5573 Trinitatis
2657 5535 2839 5591 opera
2859 5521 3167 5578 novitesse
3188 5523 3549 5579 communia.
3585 5545 3612 5576 ιι
3636 5521 3725 5578 Ad

2078 5602 2480 5662 obediendum
2500 5605 2659 5663 ﬁdei.
2680 5629 2703 5660 ι
2726 5609 2925 5682 Neque
2938 5610 3100 5667 enim
3111 5617 3344 5685 oportet
3358 5613 3729 5685 Deigenera-

2076 5695 2306 5754 tionem
2338 5694 2432 5753 vel
2463 5694 2858 5757 substantiam
2890 5700 3126 5758 curiose
3164 5701 3435 5769 scrutari,
3468 5700 3571 5755 sed
3603 5703 3733 5753 tan-
