4176 6200
403 331 520 394 327

1521 319 1947 384 (ΕΟΠΜΕΝΙῙ
1991 312 2299 377 TRlCC/E
2343 313 2695 375 EPISCOPI

3687 319 3821 379 328

407 470 534 521 tum
565 460 824 518 obedire.
858 479 887 508 ‹‹
920 458 1031 512 Per
1060 458 1511 528 omnesgentes.
1546 476 1574 505 »
1607 455 1752 509 Nam
1783 451 1893 507 etsi
1925 450 2051 521 ipse

2177 444 2258 518 (dp
2297 443 2387 497 καὶ
2424 443 2500 517 μὴ
2532 442 2695 505 αὐτὸς
2726 443 2898 499 πάντα
2939 442 3259 521 περιῆλθεν,
3314 443 3458 501 ἀλλά
3513 445 3605 501 καὶ
3658 445 3802 502 οὕτω

414 570 533 609 non
546 551 739 606 omnis
756 547 1075 614 circuierit,
1097 545 1493 600 nihilominus
1509 543 1795 599 omnibus
1818 555 2054 596 annun-

411 643 618 696 tiatum
641 643 730 695 est
762 636 1158 709 Evangelium,
1194 651 1298 707 per
1328 641 1576 691 cmteros
1609 632 1889 687 videlicet
1919 646 2054 700 apo-

408 727 610 784 stolos.
645 749 673 777 ‹‹
707 728 892 799 Super
934 726 1175 781 nomine
1208 726 1356 797 ejus.
1394 748 1421 775 »
1453 724 1624 779 Fides
1656 722 1814 776 enim
1848 720 1910 774 in
1940 734 2054 773 no-

409 834 548 874 men
572 818 701 888 ejus
719 816 848 871 fuit.
871 818 1014 871 Nam
1037 816 1232 887 ipsum
1247 819 1460 888 gentes
1482 830 1603 869 non
1632 812 1926 875 viderunt,
1954 805 2057 862 sed

412 906 538 963 solo
571 908 702 978 ejus
750 906 993 961 nomine
1045 904 1339 977 divulgato
1384 903 1786 959 crediderunt.
1820 901 1889 953 Et
1918 911 2054 953 vere

414 998 602 1070 gratia
636 996 814 1069 plena
844 1001 971 1051 erat
999 994 1326 1068 apostolica
1352 993 1576 1049 functio
1609 990 2056 1062 discipulorum,

419 1088 562 1158 quia
627 1092 1054 1157 persuaserunt
1131 1084 1425 1158 gentibus,
1493 1089 1559 1138 ut
1625 1080 1937 1138 obedirent
1991 1093 2060 1132 ac

421 1176 735 1231 crederent
807 1175 869 1229 in
919 1175 1239 1242 Christum,
1300 1173 1478 1244 idque
1534 1189 1669 1227 cum
1736 1170 2061 1241 piscatores

421 1271 622 1322 essent
674 1280 742 1319 ac
786 1264 1120 1319 litterarum
1170 1263 1381 1335 ignari.
1432 1263 1654 1316 «Inter
1698 1275 1846 1330 quas
1893 1256 2057 1312 estis.

418 1361 479 1411 et
507 1372 626 1411 vos.
661 1375 688 1405 »
724 1354 842 1408 Hoc
869 1359 979 1422 est,
1011 1368 1145 1408 cum
1179 1351 1395 1422 quibus
1442 1349 1719 1423 gentibus
1753 1353 1810 1404 et
1838 1364 1939 1401 vos
1968 1363 2062 1400 vo-

422 1445 535 1501 cati
569 1443 730 1499 estis.
760 1444 958 1512 Neque
992 1441 1148 1495 enim
1174 1458 1206 1494 a
1236 1440 1399 1495 vobis
1421 1440 1565 1511 ipsis
1596 1438 1858 1493 venistis.
1891 1438 2062 1492 Com-

417 1534 625 1605 primit
655 1532 806 1587 20.]
840 1536 1034 1585 autem
1069 1530 1288 1584 fastum
1318 1528 1579 1596 illorum,
1614 1545 1682 1584 ac
1725 1527 1772 1582 si
1800 1526 2056 1582 diceret:

420 1625 502 1678 Ne
533 1620 752 1693 putetis
783 1620 1006 1689 regiam
1040 1635 1107 1674 ac
1135 1619 1564 1675 dominandum
1608 1617 1904 1673 civitatem
1932 1632 2061 1670 am-

421 1710 578 1782 plius
612 1709 917 1781 quidpiam
949 1708 1058 1764 hac
1090 1708 1151 1763 in
1182 1725 1244 1764 re
1270 1708 1488 1764 habere
1522 1726 1640 1780 pra)
1671 1707 1923 1769 caeteris.
1958 1702 2061 1760 sed

2163 534 2356 594 πάντες
2390 529 2857 609 εὑηγγελίσθησαν
2918 530 3007 588 διὰ
3056 539 3164 590 τῶν
3209 534 3419 591 λοιπῶν
3452 534 3799 593 ἀποστόλων.

2170 625 2386 696 ιὙπὲρ
2424 627 2520 678 τοῦ
2563 624 2829 697 ὀνόματος
2887 625 3074 681 αὐτοῦ.
3139 649 3168 677 ››
3225 626 3288 683 Ἠ
3335 626 3435 702 γάρ
3492 625 3671 690 πίστις
3732 627 3812 689 εἷς

2163 713 2227 768 τὸ
2254 711 2425 786 ὄνομα
2465 714 2632 769 αὐτοῦ
2696 716 2938 792 γέγονεν.
3001 715 3169 773 Αὐτὸν
3217 717 3317 792 γάρ
3372 717 3440 771 τά
3494 714 3620 787 ἔθνη
3710 718 3813 772 οὐκ

2164 802 2442 871 ἐθεάσατο,
2489 802 2638 860 ἀλλά
2690 807 2857 878 μόνου
2912 805 3319 882 κηρυττομένου
3375 811 3472 863 τοῦ
3530 807 3817 881 ὀνόματος,

2166 893 2365 950 ἐκεῖνοι
2418 893 2721 951 ἐπίστευον.
2778 895 2989 958 Ὄντως
3049 893 3274 967 πλήρης
3360 896 3426 965 ἦν
3483 899 3715 977 χάριτος
3772 900 3808 967 ἡ

2167 982 2450 1052 ἀποστολή
2474 988 2580 1038 τῶν
2629 988 2905 1058 μαθητῶν,
2965 985 3049 1040 δτι
3107 978 3319 1041 ἔπεισαν
3377 986 3678 1042 ὑπακοῦσαι
3728 984 3822 1042 καὶ

2165 1079 2445 1129 πιστεῦσαι
2474 1076 2542 1129 τά
2572 1071 2698 1145 ἔθνη
2745 1078 2825 1147 τῷ
2873 1077 3118 1151 Χριστῷ,
3168 1077 3259 1131 καὶ
3316 1081 3485 1132 ταῦτα
3542 1076 3820 1150 ἅνθρωποι

2167 1162 2341 1225 ἁλιεῖς
2374 1162 2463 1218 καὶ
2495 1163 2871 1239 ἀγράμματοι,
2914 1187 2940 1219 ι
2989 1165 3074 1221 Ἑν
3125 1167 3211 1228 οῖς
3264 1165 3379 1222 ἔστε
3431 1167 3521 1221 καὶ
3583 1168 3756 1241 ὑμεῖς.
3792 1190 3820 1220 ››

2166 1255 2420 1309 Τουτέστι
2454 1255 2570 1326 μεθ’
2602 1254 2675 1307 ὧν
2706 1252 2869 1308 ἐθνῶν
2897 1254 2987 1309 καὶ
3021 1254 3176 1328 ὑμεῖς
3236 1254 3528 1327 ἐκλήθητεο
3607 1256 3683 1314 Οὐ
3717 1256 3821 1333 γὰρ

2169 1343 2259 1421 ἀφ’
2289 1343 2491 1399 ἑαυτῶν
2542 1343 2722 1411 ἥκετε.
2783 1340 3152 1401 Καταστὲλλει
3212 1342 3269 1399 δὲ
3328 1345 3507 1401 αὐτῶν
3565 1346 3627 1401 τὸ
3685 1347 3818 1423 φρό-

2166 1453 2340 1504 νημα,
2384 1432 2509 1486 ὡσεὶ
2566 1428 2770 1508 ἔλεγεν·
2831 1434 2924 1503 Μή
2981 1433 3265 1508 νομίσητε,
3323 1434 3399 1497 ὡς
3460 1433 3824 1510 βασιλεύουσα

2168 1520 2356 1590 πόλις,
2379 1519 2545 1576 πλέον
2599 1543 2654 1577 τι
2704 1527 2813 1576 τῶν
2872 1519 3061 1578 ἄλλων
3118 1517 3287 1599 ἔχειν,
3345 1522 3492 1579 ἀλλὰ
3527 1524 3662 1598 μετά
3717 1529 3824 1582 τῶν

2172 1612 2383 1668 λοιπῶν
2421 1610 2588 1676 ἐθνῶν
2621 1610 2915 1684 ἐκλήθητε.
2946 1636 2974 1667 ‹‹
3019 1617 3156 1670 llam
3211 1619 3331 1677 τοῖς
3391 1615 3541 1669 οὖσιν
3597 1612 3649 1669 ἐν
3681 1615 3821 1674 Ῥώ-

2174 1725 2249 1778 μῃ
2281 1703 2588 1779 ἀγαπητοῖς
2620 1708 2774 1760 Θεοῦ.
2809 1728 2835 1751 η
2869 1704 2945 1763 Οὐ
2978 1705 3081 1781 γάρ
3140 1705 3250 1761 ἐστι
3301 1707 3429 1781 παρ’
3488 1709 3637 1779 αὐτῷ
3695 1703 3823 1761 δια-

419 1816 553 1856 cum
587 1799 833 1870 reliquis
863 1798 1138 1871 gentibus
1168 1798 1358 1853 vocati
1392 1799 1553 1853 estis.
1589 1820 1616 1847 «
1642 1795 1928 1852 Omnibus
1959 1793 2062 1866 qui

2177 1790 2344 1862 στολὴ
2378 1792 2647 1849 πλουσίου
2678 1794 2766 1849 καὶ
2796 1793 3053 1863 πένητος.
3084 1795 3217 1852 Εἶτα
3248 1793 3436 1866 ἐπειδὴ
3471 1796 3609 1852 εἶπε.
3642 1821 3672 1849 ‹‹
3713 1797 3828 1854 1Ῑᾶ-

421 1890 565 1945 estis
589 1891 809 1955 Romae,
845 1887 1082 1943 dilectis
1104 1888 1228 1943 Dei.
1253 1913 1274 1940 ι
1311 1887 1614 1958 Siquidem
1647 1904 1769 1941 non
1799 1892 1888 1941 est
1909 1883 2065 1956 apud

426 1980 610 2034 Deum
629 1978 908 2033 discretio
928 1977 1123 2032 divitis
1154 1994 1189 2032 a
1205 1994 1484 2049 paupere.
1506 1974 1729 2032 Deinde
1751 1980 2067 2047 postquam

427 2066 593 2133 dixit,
633 2085 652 2113 ι
688 2065 995 2132 Omnibus,
1033 2089 1053 2113 ι
1090 2081 1165 2119 ne
1196 2064 1435 2119 dicant:
1468 2063 1617 2129 Quid
1647 2062 1832 2136 ergo?
1861 2077 2069 2117 omnes

434 2154 648 2225 aequali
682 2154 859 2209 habet
878 2154 936 2208 in
962 2154 1207 2216 honore,
1230 2153 1418 2208 bonos
1446 2168 1512 2207 ac
1537 2152 1744 2221 malos,
1766 2150 1973 2205 fideles
2003 2166 2069 2205 ac

425 2243 700 2298 infideles
714 2242 741 2297 ?
754 2243 880 2315 subj
894 2243 1077 2311 unxit,
1101 2265 1128 2292 ‹‹
1154 2243 1386 2298 Vocatis
1402 2241 1640 2297 sanctis.
1661 2264 1688 2292 ››
1705 2241 1849 2295 Nam
1863 2255 2071 2294 omnes

429 2332 617 2387 sancti
645 2332 858 2402 aequali
884 2338 1021 2386 sunt
1043 2331 1103 2385 in
1128 2331 1353 2386 honore
1379 2330 1535 2402 apud
1559 2330 1752 2391 illum,
1784 2345 1893 2384 nec
1916 2329 2072 2382 inter

424 2420 587 2493 ipsos
619 2427 706 2477 est
738 2420 1064 2476 distinctio.
1100 2421 1360 2476 Primum
1382 2427 1579 2475 autem
1603 2444 1628 2468 α
1652 2418 1891 2474 Dilectis
1920 2418 2022 2472 Dei
2041 2438 2069 2466 »

434 2511 652 2582 posuit,
670 2510 883 2565 deinde
908 2534 934 2559 ‹‹
955 2508 1183 2565 Vocatis
1206 2510 1426 2564 sanctis
1451 2525 1464 2563 :
1503 2532 1527 2556 ››
1544 2507 1730 2574 Unde,
1746 2507 1961 2577 inquit,
1980 2523 2074 2560 vo-

433 2601 544 2655 cati
577 2600 720 2655 estis
741 2599 768 2655 ?
820 2616 888 2654 ex
937 2599 1152 2668 quibus
1200 2596 1550 2653 laboribus?
1580 2613 1686 2668 per
1732 2613 1863 2666 qua!
1895 2611 2069 2667 egre-

422 2690 516 2761 gia
544 2688 853 2744 facinora?
899 2687 1055 2743 unde
1096 2688 1286 2742 sancti
1332 2686 1473 2741 estis
1505 2685 1533 2740 ‘I
1579 2688 1800 2756 Nempe
1844 2701 1910 2739 ex
1945 2683 2074 2739 sola

428 2779 533 2834 Dei
565 2779 884 2834 dilectione
930 2793 1111 2832 :cum
1160 2777 1321 2832 enim
1370 2775 1552 2848 gratis
1606 2774 1911 2829 dilexisset
1940 2789 2070 2839 nos,

427 2886 717 2940 suumque
752 2868 1101 2941 sanguinem
1134 2884 1240 2938 pro
1270 2866 1442 2921 nobis
1473 2864 1831 2928 fudisset,ad
1851 2864 2073 2920 sancti-

427 2959 768 3014 ficationem
788 2975 895 3012 nos
916 2957 1155 3021 vocavit,
1183 2957 1424 3026 suisque
1446 2956 1611 3028 regni
1633 2953 2072 3009 haereditariam

422 3048 895 3121 possessionem?
918 3047 1173 3118 Ideoque
1192 3045 1415 3116 ubique
1433 3044 1699 3100 locorum
1724 3068 1750 3093 «
1789 3043 2020 3099 Vocatis
2043 3065 2071 3093 ››

422 3137 585 3207 dicit,
614 3137 890 3193 beneficii
922 3136 1024 3191 Dei
1060 3136 1314 3191 reddens
1335 3152 1443 3189 nos
1472 3150 1788 3190 memores.
1811 3156 1838 3183 «
1874 3133 2071 3189 Gratia

423 3228 607 3283 vobis.
678 3250 704 3277 ‹‹
742 3228 923 3282 Nemo
992 3226 1151 3281 enim
1197 3243 1267 3280 ex
1333 3224 1612 3296 operibus
1679 3222 1873 3279 salvus
1940 3223 2068 3278 fieri

424 3323 637 3389 potest,
706 3316 918 3388 inquit.
988 3318 1083 3369 «Α
1151 3315 1268 3369 Deo
1326 3315 1519 3369 Patre.
1588 3336 1616 3364 »
1677 3314 1821 3367 Nam
1881 3313 2070 3384 gratia

2178 1904 2283 1955 σιν,
2316 1909 2335 1934 ι
2361 1882 2447 1937 ἳνα
2481 1884 2556 1956 μὴ
2590 1880 2805 1940 εἷ’πωσι.
2837 1883 2897 1937 Τί
2928 1885 3019 1939 οῦν
3057 1904 3071 1954 ;
3102 1886 3301 1950 πάντας
3342 1886 3647 1959 ὁμοτίμους
3683 1888 3822 1961 ἡγῇ,

2178 1971 2265 2028 καὶ
2297 1974 2527 2049 ἀγαθοὺς
2557 1973 2646 2028 καὶ
2677 1974 2943 2051 φαύλους,
2973 1975 3065 2031 καὶ
3109 1974 3338 2039 πιστοὺς
3397 1977 3488 2032 καὶ
3520 1975 3781 2041 ἀπίστους
3811 1994 3826 2045 ;

2178 2062 2494 2136 ὲπισυνῆψεο
2528 2087 2554 2114 ‹‹
2594 2060 2839 2133 Κλητοῖς
2901 2064 3097 2140 ἁγίοις.
3130 2090 3158 2119 ››
3219 2067 3485 2128 ’Λπαντες
3515 2067 3619 2142 γάρ
3680 2066 3827 2138 αὐτῷ

2179 2152 2230 2207 οῖ
2261 2152 2406 2225 ἅγιοι
2440 2151 2727 2226 ὁμότιμοι,
2760 2153 2854 2207 καῖ
2888 2150 3152 2222 διαστολή
3185 2154 3286 2210 οὐκ
3332 2149 3474 2210 ἔστιν
3509 2155 3562 2210 ἐν
3614 2155 3825 2217 αὐτοῖς,

2179 2244 2401 2313 Πρῶτον
2443 2236 2613 2310 δὲτὸ,
2648 2264 2676 2292 ‹‹
2709 2242 3047 2316 Ἀγαπητοῖς
3103 2247 3258 2315 Θεοῦ,
3316 2268 3344 2294 ‹‹
3402 2242 3653 2309 τέθεικεν,
3712 2242 3826 2298 εἶτα

2178 2329 2262 2398 τὸ,
2310 2352 2335 2382 ιι
2367 2326 2616 2398 Κλητοῖς
2647 2329 2849 2406 ἁγίοις.
2887 2354 2915 2383 ››
2950 2332 3117 2386 Πόθεν
3169 2330 3462 2403 ἐκλήθητε,
3494 2332 3655 2402 φησίν
3691 2352 3706 2401 ς
3769 2329 3829 2386 ἐκ

2179 2418 2351 2474 ποίων
2382 2419 2559 2475 πόνων
2595 2439 2610 2489 ;
2659 2419 2719 2475 ἐκ
2775 2419 2945 2476 ποίων
3005 2421 3450 2497 κατορθωμάτων
3482 2421 3684 2492 ;πόθεν
3714 2420 3830 2476 ἐστὶ

2181 2508 2354 2584 ἅγιοι,
2396 2507 2525 2564 ἀλλ’
2557 2506 2593 2577 ἤ
2620 2529 2680 2564 εκ
2726 2509 2899 2582 μόνης
2932 2517 3033 2579 τῆς
3064 2511 3275 2585 ἀγάπης
3309 2515 3443 2566 Θεοῦ
3474 2529 3488 2580 ;
3523 2511 3698 2574 Αὐτὸς
3726 2511 3827 2587 γὰρ

2184 2594 2387 2674 δωρεάν
2420 2598 2705 2672 ἀγαπήσας
2765 2602 2932 2671 ἡμᾶς,
2993 2600 3082 2654 καὶ
3140 2600 3204 2655 τὸ
3258 2601 3400 2675 αἷμα
3478 2601 3642 2655 αὐτοῦ
3693 2600 3823 2674 ὗπὶρ

2181 2688 2341 2759 ἡμῶν
2365 2686 2580 2766 ἐκχέας,
2614 2686 2861 2743 ἐκάλεσεν
2889 2691 3036 2761 ἡμᾶς
3069 2688 3146 2751 είς
3182 2690 3449 2766 άγιασμὸν
3508 2690 3596 2744 καὶ
3672 2687 3825 2761 κλη-

2183 2773 2445 2850 ρονομίαν
2478 2778 2579 2840 τῆς
2639 2772 2919 2849 βασιλείας
2978 2775 3162 2832 αὐτοῦ.
3220 2778 3316 2831 Διὸ
3372 2778 3463 2832 καὶ
3520 2781 3826 2855 πανταχοῦ,

2183 2888 2210 2915 ‹‹
2245 2861 2515 2934 Κλητοῖς,
2551 2892 2574 2919 ι
2613 2862 2816 2940 λέγων,
2848 2872 2948 2935 τῆς
3005 2870 3103 2921 τοῦ
3136 2870 3272 2921 Θεοῦ
3335 2868 3479 2940 ἡμᾶς
3527 2866 3831 2944 εὐεργεσίας

2183 2951 2598 3028 ἂναμιμνήσκει.
2626 2978 2653 3008 ‹‹
2688 2956 2856 3031 Χάρις
2889 2957 3036 3029 ὑμῖν.
3073 2981 3096 3007 ιε
3131 2953 3323 3018 υύδεὶς
3375 2957 3501 3034 γάρ,
3534 2955 3720 3035 φησὶν,
3779 2954 3828 3024 ἐξ

2183 3039 2353 3119 ἔργων
2387 3041 2603 3100 δύναται
2636 3051 2897 3114 σωθῆναι.
2955 3070 2983 3097 ‹‹
3044 3047 3180 3103 Ἀπὸ
3247 3050 3381 3101 Θεοῦ
3439 3047 3671 3119 Πατρός.
3708 3072 3729 3100 ι
3764 3046 3829 3103 Ἠ

2182 3132 2286 3207 γάρ
2326 3132 2433 3187 ἀπὸ
2490 3137 2623 3189 Θεοῦ
2682 3133 2845 3209 χάρις
2896 3133 2988 3189 καὶ
3046 3134 3234 3210 εἶργςνη
3274 3136 3336 3191 τὸ
3408 3130 3628 3211 βέϐαιον
3686 3129 3829 3214 ἔχει.

2178 3220 2249 3278 Τὸ
2308 3217 2386 3292 δὲ,
2445 3246 2474 3274 ιι
2506 3222 2646 3281 Ἀπὸ
2707 3222 2933 3298 Πατρὸς,
2970 3247 2997 3275 ››
3076 3225 3176 3294 τὴν
3235 3224 3506 3290 υἱοθεσίαν
3565 3221 3832 3279 ἐνδείκνυ-

2177 3331 2287 3369 ται.

422 3414 481 3463 et
545 3424 657 3480 pax
726 3422 856 3477 qua:
925 3421 959 3459 a
1024 3405 1140 3458 Deo
1210 3408 1300 3457 est
1373 3402 1759 3458 stabilitatem
1824 3401 2021 3457 habet.
2088 3401 2254 3467 Quod
2304 3407 2503 3458 autem
2570 3403 2809 3460 additur
2872 3427 2901 3455 «
2954 3407 3146 3474 Patre,
3197 3427 3224 3455 »
3282 3405 3664 3479 adoptionem
3726 3404 3825 3462 de-

423 3501 740 3552 monstrat.

495 3589 539 3656 ῐ,
591 3587 745 3642 8ο10.
802 3587 1047 3640 Primum
1110 3582 1332 3653 quidem
1374 3583 1587 3650 gratias
1629 3597 1734 3651 ago
1774 3582 1884 3636 Deo
1928 3596 2064 3648 meo,

415 3694 521 3748 per
567 3678 755 3731 Jesum
799 3675 1075 3731 Christum
1115 3687 1221 3742 pro
1262 3671 1411 3725 vobis
1451 3672 1720 3739 omnibus,
1770 3672 1904 3740 quia
1936 3669 2069 3738 ﬁdes

421 3773 608 3822 vestra
638 3763 1007 3820 annuntiatur
1036 3764 1094 3816 in
1135 3763 1393 3815 um’verso
1438 3760 1662 3814 mundo.
1724 3760 1891 3814 Testis
1923 3761 2066 3814 enim

420 3857 562 3910 mihi
593 3862 671 3909 est
700 3857 860 3921 Deus,
894 3870 1049 3922 quem
1075 3851 1194 3906 colo
1226 3852 1281 3904 in
1311 3851 1515 3919 spiritu
1554 3864 1692 3914 meo,
1732 3850 1791 3902 in
1814 3850 2063 3918 Evange-

422 3944 497 3997 lio
530 3943 663 3996 Filii
692 3942 830 4010 ejus,
863 3941 1010 4009 quod
1040 3940 1410 3993 indesinenter
1438 3939 1770 3991 mentionem
1801 3939 1965 3991 vestri
1982 3939 2069 4006 fa-

423 4034 606 4086 ciam:
657 4044 868 4099 semper
905 4031 963 4082 in
995 4029 1252 4099 precibus
1300 4029 1431 4082 meis
1481 4042 1644 4081 omns
1680 4029 1730 4081 si
1763 4042 1869 4096 quo
1907 4027 2064 4081 modo

412 4119 544 4189 jam
578 4117 793 4173 tandem
820 4134 1144 4189 prosperum
1173 4117 1610 4186 mihicontingat
1630 4117 1735 4170 iter
1741 4132 1847 4186 per
1865 4115 2064 4170 volun-

428 4215 595 4267 tatem
616 4211 717 4266 Dei
744 4210 999 4265 veniendi
1024 4210 1098 4265 ad
1124 4225 1236 4264 vos.

491 4389 765 4462 Oportuit
797 4388 1014 4445 enima
1056 4387 1381 4461 gratiarum
1429 4386 1662 4442 actione
1710 4385 2065 4458 procemium

425 4496 753 4547 assumere,
784 4485 840 4534 et
870 4478 1088 4551 gratias
1119 4493 1312 4549 agere,
1348 4492 1469 4532 non
1502 4492 1607 4547 pro
1653 4475 1776 4530 suis
1836 4480 2065 4530 tantum

419 4569 758 4633 virtutibus,
790 4583 992 4622 verum
1028 4566 1207 4621 etiam
1238 4582 1342 4637 pro
1369 4565 1462 4620 his
1500 4580 1631 4635 quae
1657 4564 2064 4635 proximorum

2248 3584 2470 3653 Πρῶτον
2531 3581 2627 3655 μὶν
2688 3579 2996 3657 εὖχαριστῶ
3047 3587 3127 3656 τῷ
3183 3587 3296 3656 Θεῷ
3357 3604 3461 3657 μου
3520 3580 3609 3638 διὰ
3648 3584 3828 3654 Ἰησοῦ

2176 3675 2417 3743 Χριστοῦ
2473 3671 2602 3744 ὑπὲρ
2659 3672 2875 3726 πάντων
2936 3672 3108 3746 ὑμῶν,
3169 3674 3254 3728 ὅτι
3334 3674 3369 3741 ἡ
3430 3675 3614 3736 πίστις
3675 3674 3827 3747 ὑμῶν

2173 3757 2605 3836 καταγγέλλεται
2666 3759 2719 3814 ἐν
2808 3758 2926 3834 ὅλῳ
3003 3765 3084 3835 τῷ
3166 3762 3378 3835 κόσμῳ.
3441 3763 3657 3837 Μάρτυς
3718 3761 3821 3837 γάρ

2177 3848 2283 3921 μού
2340 3847 2482 3903 ἐστιν
2541 3848 2569 3902 6
2627 3848 2780 3913 Θεὸς,
2856 3849 2901 3921 ᾧ
2986 3846 3236 3924 λατρεύω
3317 3849 3366 3905 ἐν
3420 3853 3498 3921 τῷ
3556 3848 3822 3922 πνεύματί

2178 3958 2304 4009 μου,
2352 3936 2403 3991 ἐν
2458 3941 2535 4008 τῷ
2565 3936 2895 4012 Εὐαγγελίῳ
2955 3943 3052 3994 τοῦ
3103 3941 3231 3994 Υἱοῦ
3282 3939 3471 4008 αὐτοῦ,
3531 3937 3606 3998 ὡς
3666 3936 3822 3994 ἀδια-

2176 4024 2412 4087 λείπτως
2470 4026 2651 4100 μνείαν
2714 4027 2866 4100 ὑμῶν
2936 4033 3225 4102 ποιοῦμαι’
3282 4028 3510 4083 πάντοτε
3574 4025 3662 4082 ἐπὶ
3713 4031 3821 4083 τῶν

2175 4120 2497 4192 προσευχῶν
2549 4138 2656 4191 μου
2716 4113 2973 4190 δεόμενος
3031 4116 3198 4180 εῗπως
3250 4114 3359 4188 ἤδη
3409 4117 3543 4173 ποτε
3616 4114 3823 4172 εὐοδω-

2176 4207 2418 4279 Θήσομαι
2476 4204 2530 4261 ἐν
2613 4210 2692 4279 τῷ
2777 4206 3048 4280 θελήματι
3104 4211 3203 4263 τοῦ
3258 4210 3394 4263 Θεοῦ
3449 4205 3626 4271 ἐλθεῖν
3684 4207 3822 4282 πρὸς

2178 4297 2336 4369 ὑμᾶς.

2242 4382 2386 4443 Ἑδει
2436 4386 2538 4463 γὰρ
2624 4385 2673 4456 ἐξ
2752 4385 3102 4462 εὐχαριστίας
3183 4388 3672 4465 προοιμιάσασθαι,
3730 4387 3825 4442 εὗ-

2176 4480 2458 4553 χαριστεῖν
2492 4472 2570 4542 δὲ,
2612 4475 2675 4530 οὗ
2735 4475 2899 4549 μόνον
2935 4476 3067 4552 ὑπὲρ
3097 4480 3204 4532 τῶν
3240 4473 3391 4531 ἰδίων
3452 4476 3826 4552 κατορθωμά-

2172 4586 2306 4635 των,
2340 4561 2602 4619 ἀλλὰκαὶ
2662 4564 2793 4639 ὑπὲρ
2850 4569 2957 4620 τῶν
3017 4569 3115 4621 τοῦ
3170 4564 3430 4636 πλησίον.
3493 4569 3664 4621 Τοῦτο
3722 4564 3825 4640 γάρ

421 4663 598 4713 sunt:
631 4674 771 4713 nam
802 4656 861 4711 id
893 4654 1200 4711 charitatis
1232 4654 1520 4709 est.«Deo
1544 4669 1696 4707 meo.
1736 4673 1758 4702 ι
1786 4652 2063 4707 ΒὶΙεοῑίω

2179 4653 2414 4729 ἀγάπης.
2452 4679 2479 4707 ‹‹
2512 4656 2599 4726 Τῷ
2654 4658 2770 4728 Θεῷ
2831 4675 2957 4727 μου.
3017 4677 3044 4709 ιι
3106 4656 3353 4731 Ἀγάπης
3404 4659 3656 4727 σημεῖον.
3716 4653 3824 4712 Τὸν

425 4745 522 4799 nis
554 4751 613 4799 et
642 4745 862 4800 amoris
894 4743 1185 4798 indicium
1217 4747 1344 4809 est,
1379 4757 1516 4797 nam
1550 4757 1683 4796 eum
1711 4739 2067 4811 quicuncto-

429 4849 565 4887 rum
600 4840 783 4888 Ueum
815 4839 904 4887 est
935 4833 1045 4888 sibi
1072 4831 1379 4904 proprium
1399 4829 1562 4886 facit.
1597 4860 1621 4882 ιι
1652 4831 1761 4884 Per
1789 4830 2009 4885 Jesum.
2035 4850 2063 4879 ››

427 4923 558 4993 Ipse
589 4920 830 4991 quidem
861 4921 1034 4976 nobis
1081 4937 1262 4978 causa
1309 4926 1399 4975 est
1441 4919 1764 4992 gratiarum
1813 4917 2066 4974 actionis

427 5025 564 5083 erga
594 5012 862 5065 Patrem:
897 5010 996 5080 qui
1030 5015 1089 5065 et
1139 5026 1247 5064 nos
1295 5009 1619 5081 assumpsit
1666 5014 1724 5064 et
1772 5025 1878 5063 suo
1926 5024 2064 5064 san-

425 5099 604 5173 guine
635 5115 744 5154 nos
770 5099 859 5153 illi
890 5099 1312 5154 reconciliavit.
1347 5122 1374 5149 ‹‹
1408 5099 1556 5165 Quia
1593 5097 1739 5153 fides
1785 5103 2000 5153 vestra.
2036 5119 2064 5149 »

422 5188 756 5244 Verisimile
780 5188 938 5243 enim
968 5192 1090 5243 errt
1119 5187 1274 5260 apud
1289 5203 1496 5242 omnes
1527 5187 1749 5258 passim
1781 5186 2067 5261 divulgari

420 5277 599 5333 fidem
620 5280 1043 5334 Romanorum.
1070 5298 1095 5329 ε
1117 5277 1305 5333 Testis
1328 5277 1508 5332 enim.
1530 5299 1557 5327 ››
1578 5276 1787 5331 Merito
1805 5277 1986 5332 Deum
2003 5278 2065 5333 in

420 5371 633 5423 testem
665 5366 930 5436 adducit,
964 5383 1098 5423 cum
1128 5366 1486 5439 persuadere
1518 5365 1696 5420 vellet
1724 5366 2065 5423 hominibus

418 5457 636 5528 quibus
680 5457 925 5514 difficile
976 5463 1132 5513 esset
1180 5456 1330 5514 205
1383 5454 1763 5528 persuadere.
1816 5473 1843 5504 α
1880 5456 2065 5523 Quem

423 5546 573 5604 colo.
609 5568 638 5598 »
666 5547 785 5604 Hoc
817 5553 927 5616 est,
961 5547 1054 5604 cui
1086 5546 1296 5603 servio.
1325 5545 1519 5601 Multae
1553 5549 1692 5600 sunt
1721 5550 1920 5601 autem
1940 5545 2062 5602 cul-

417 5642 515 5697 tus
545 5638 794 5712 species.
827 5636 1133 5711 Siquidem
1157 5640 1216 5693 et
1244 5635 1343 5708 qui
1369 5638 1665 5707 precatur,
1694 5639 1752 5693 et
1781 5633 1882 5706 qui
1906 5634 2066 5707 jeju-

2173 4745 2275 4820 γάρ
2308 4744 2561 4804 ἁπάντων
2589 4743 2715 4799 Θεὸν
2776 4740 3146 4801 ἰδιοποιεῖται.
3186 4765 3209 4794 ι
3252 4746 3351 4799 Διὰ
3389 4745 3594 4814 Ἰησοῦ.
3632 4766 3659 4796 ι)
3716 4741 3828 4798 Αὖ-

2175 4833 2268 4895 τὸς
2301 4833 2404 4910 γὰρ
2437 4835 2571 4907 ἡμῖν
2604 4830 2779 4894 αἶ’τιος
2808 4840 2910 4903 τῆς
2943 4834 3019 4898 είς
3047 4833 3138 4889 τὸν
3198 4830 3407 4909 Πατέρα
3455 4830 3827 4907 εὐχαριστίας,

2177 4922 2205 4976 6
2235 4922 2327 4977 καὶ
2356 4916 2809 4997 προσλαϐόμενος
2841 4924 3013 4995 ἡμᾶς,
3045 4923 3134 4977 καὶ
3164 4926 3243 4994 τῷ
3306 4920 3431 4995 ἰδίῳ
3461 4919 3656 4995 αἵματι
3688 4920 3829 4997 πρὸς

2176 5010 2349 5067 ἐκεῖνο
2380 5009 2743 5081 καταλλάξας.
2778 5035 2808 5065 «
2845 5013 2964 5068 Ὂτι
2993 5015 3029 5082 ἡ
3060 5012 3240 5073 πίστις
3278 5010 3454 5086 ὑμῶν.
3490 5035 3519 5064 ››
3577 5012 3691 5081 Τὴν
3723 5010 3828 5087 γὰρ

2175 5105 2282 5157 τῶν
2336 5100 2629 5174 Ῥωμαίων
2689 5101 2867 5156 πίστιν
2928 5101 3030 5156 οὐκ
3110 5101 3333 5163 ἀπεικὸς
3390 5101 3457 5171 ἦν
3541 5099 3828 5165 Λαλεῖσθαι

2172 5189 2320 5266 παρᾶ
2348 5190 2587 5246 πάντων.
2622 5215 2649 5242 ‹‹
2702 5189 2925 5266 Μάρτυς
2955 5189 3085 5266 γάρ,
3154 5214 3183 5243 ››
3242 5189 3484 5253 Εἰκότως
3540 5191 3633 5246 τὸν
3696 5188 3827 5246 Θεὸν

2175 5278 2288 5355 ἄγει
2324 5281 2593 5357 μάρτυρα,
2625 5279 2942 5355 ἆγνώστους
2997 5280 3311 5356 ἀνθρώπους
3364 5279 3567 5344 πείθειν
3632 5275 3829 5348 βουλό-

2180 5389 2357 5444 μενος.
2391 5395 2419 5420 «
2452 5370 2519 5446 ᾯ
2553 5368 2822 5446 λατρεύω.
2859 5393 2887 5421 ››
2944 5370 3108 5437 Οἷον,
3164 5366 3432 5425 δουλεύω.
3478 5366 3669 5424 Πολλὰ
3721 5365 3825 5442 γάρ

2176 5456 2600 5534 εῖδηλατρείας.
2635 5458 2736 5516 Καὶ
2764 5459 2869 5535 γάρ
2927 5457 3019 5514 καὶ
3071 5458 3100 5513 ὁ
3156 5458 3625 5535 προσευχόμενος,
3673 5452 3763 5510 καὶ
3794 5453 3824 5511 6

2172 5547 2396 5620 νηστείᾳ
2423 5547 2739 5624 χρώμενος,
2770 5547 2860 5605 καὶ
2893 5548 2921 5604 6
2945 5552 3062 5610 τοῖς
3094 5549 3263 5613 θείοις
3295 5544 3483 5626 λόγοις
3510 5543 3824 5623 προσέχων,

2170 5638 2261 5695 καὶ
2295 5637 2478 5713 μεντοι
2508 5637 2599 5693 καί
2657 5639 2687 5694 6
2740 5644 2841 5710 τῆς
2891 5642 3000 5695 τῶν
3066 5637 3228 5709 εὲνων
3288 5636 3570 5716 θεραπείας
3628 5633 3827 5711 ἐπιμε-
