4150 6200
284 303 404 365 329

1365 307 1772 372 COMMENT.
1819 312 1894 372 IN
1939 312 2189 378 EPIST.
2233 316 2339 377 AD
2385 317 2577 380 ROM.

3580 321 3699 385 330

284 434 577 526 λούμενος,
597 441 729 526 ,θεῷ
754 435 1027 514 λατρεύει.
1062 440 1125 498 ⁸0
1177 438 1235 497 δι
1290 462 1354 517 γε
1400 445 1543 504 θεῖος
1596 443 1918 503 Ἀπύστολοι

2048 451 2149 507 nio
2180 467 2398 523 corpus
2426 451 2657 526 afﬂigit,
2691 458 2749 509 et
2776 452 2878 525 qui
2910 453 3127 510 divinis
3156 458 3421 511 mentem
3451 455 3701 513 adhibet

282 522 563 600 λατρεύειν
592 522 757 604 ἔφησε
784 532 922 600 Θεῷ,
979 529 1043 585 τὸ
1106 535 1203 585 τοῦ
1261 532 1389 586 Υῖοῦ
1440 530 1760 612 προσφέρων
1815 541 1932 596 τοῖς

279 613 480 671 ἔθνεσιν
512 615 867 694 Εύαγγὲλιον.
912 618 1016 675 Καὶ
1067 617 1349 694 λατρεύειν
1397 620 1452 676 ἐν
1499 608 1607 694 τῷ-
1639 608 1931 697 πνεύματῆι,

275 706 558 761 τουτέστιν
592 706 644 762 ἐν
674 712 755 780 τῷ
786 705 1058 781 διδομένῳ
1098 710 1425 788 χαρίσματι.
1474 712 1568 778 Ἥ,
1602 711 1686 767 ὅτι
1736 711 1813 769 Οὑ
1862 717 1930 786 τῇ

276 793 390 869 ἐμῇ
422 793 635 868 σπουδῇ
670 797 875 872 ὑπῆρξέ
908 819 1004 872 μοι
1030 799 1093 854 τὸ
1135 797 1414 874 λατρεύειν
1479 805 1618 874 Θεῷ,
1683 799 1831 859 ἀλλὰ
1860 807 1929 877 τῇ

274 888 379 939 τοῦ
410 884 721 959 Ιινεύματος
752 888 962 961 χάριτι.
996 889 1088 956 Ἥ,
1121 887 1206 943 ὅτι
1232 887 1309 945 Ού
1342 890 1573 962 σαρκική
1638 889 1745 963 μού
1788 888 1931 946 ἐστιν

273 974 310 1042 ἡ
356 972 603 1045 λατρεία,
664 971 813 1029 ἀλλὰ
867 978 1235 1049 πνευματική.
1290 977 1384 1033 Ἐκ
1439 976 1636 1033 τούτου
1691 975 1927 1034 δείκνυσι

273 1064 414 1117 κατὰ
445 1063 508 1118 τὸ
569 1064 861 1141 ἀναγκαῖον
922 1072 1199 1140 μεριμνῶν
1265 1068 1399 1141 ὑπὲρ
1448 1066 1650 1137 αὑτῶν,
1706 1069 1781 1130 ὡς
1836 1070 1927 1125 τὸν

277 1150 450 1228 λόγον
482 1150 804 1228 δεξαμένων,
836 1155 924 1210 καὶ
957 1153 1209 1233 δέχεσθαι
1262 1155 1600 1230 μελλόντων.
1650 1182 1679 1211 ιι
1713 1159 1799 1215 Ἐν
1846 1163 1926 1232 τῷ

274 1241 609 1321 Εὑαγγελίῳ
632 1249 731 1299 τοῦ
764 1246 891 1301 Υἱοῦ
922 1247 1113 1303 αὐτοῦ.
1153 1271 1179 1299 v
1221 1248 1383 1321 Ὁρᾷς
1433 1246 1516 1303 ὅτι
1568 1247 1679 1304 ἂνω
1729 1250 1922 1319 εἰπὼν,

270 1331 353 1392 εἰς
412 1333 756 1411 Εύαγγξλιον
809 1340 968 1407 Θεοῦ,
1021 1341 1120 1392 τοῦ
1178 1338 1414 1411 Χριστοῦ
1471 1332 1692 1412 ἔλεγενς
1757 1362 1787 1392 ιι
1835 1345 1923 1403 Ὦς

267 1418 667 1489 ἀδιαλείπτως,
727 1449 756 1478 ››
810 1426 901 1481 καὶ
960 1428 1027 1482 τὰ
1082 1427 1225 1500 ἑξῆς.
1285 1427 1531 1503 Ἀγάπης
1590 1426 1922 1502 εἰλικρινοῦς

265 1512 332 1566 τὸ
373 1514 464 1568 καὶ
531 1517 863 1588 μεμνῆσθαι,
921 1516 1011 1571 καὶ
1068 1513 1441 1579 ἀδιαλείπτως
1497 1521 1660 1573 τοῦτο
1724 1525 1922 1588 ποιεῖν,

265 1603 364 1657 καὶ
391 1601 633 1676 μάλιστα
663 1603 715 1660 ἐν
745 1611 1106 1685 προσευχαῖς.
1140 1631 1168 1659 «ι
1203 1607 1464 1679 Δεόμενος
1495 1606 1544 1661 εἲ
1587 1628 1724 1669 πως.
1758 1631 1786 1659 ι)
1819 1608 1922 1666 Καὶ

267 1692 378 1766 γὰρ
407 1692 586 1748 ἐλθεῖν
609 1695 888 1770 ἠπείγετο,
922 1695 1012 1751 καὶ
1062 1695 1208 1769 παρᾶ
1250 1695 1312 1751 τὸ
1366 1694 1583 1769 θέλημα
1635 1700 1733 1752 τοῦ
1788 1698 1922 1753 Θεοῦ

2040 540 2439 607 sermonibus,
2471 548 2759 613 praeterea
2790 548 2848 598 et
2878 543 2978 615 qui
3009 543 3329 599 ministerii
3352 545 3692 618 peregrino-

2037 645 2171 684 rum
2201 646 2405 686 curam
2435 630 2605 702 gerit,
2641 632 2737 687 hic
2791 634 2978 689 Deum
3036 632 3197 689 colit.
3264 633 3440 689 Divus
3490 641 3691 693 autem

2036 720 2355 790 Apostolus
2381 721 2567 776 Deum
2597 738 2659 776 se
2699 721 2894 777 colere
2916 722 3084 788 dixit,
3120 721 3279 794 quod
3310 724 3689 797 Evangelium

2036 808 2166 863 Filii
2197 809 2385 881 ipsius
2413 810 2689 881 gentibus
2720 810 3105 882 praedicaret:
3139 818 3198 867 et
3243 812 3438 868 colere
3471 813 3533 868 in
3565 813 3690 885 spi-

2032 896 2173 965 ritu,
2206 898 2319 954 hoc
2350 904 2441 955 est
2469 899 2533 954 in
2563 898 2697 955 dato
2731 900 2845 955 sibi
2878 900 3056 956 dono.
3090 901 3213 970 Vel,
3248 903 3373 956 Non
3404 918 3559 968 meo,
3593 902 3689 959 in-

2033 988 2182 1056 quit,
2218 993 2434 1043 conatu
2467 988 2717 1061 contigit
2742 989 2893 1044 mihi
2938 990 3126 1045 Deum
3172 989 3392 1057 colere,
3444 991 3548 1046 sed
3586 1007 3693 1062 per

2030 1077 2281 1148 gratiam
2303 1077 2580 1149 Spiritus.
2606 1081 2722 1133 Aut
2745 1078 2857 1134 hoc
2887 1077 3067 1132 dicit:
3103 1080 3228 1134 Non
3259 1079 3407 1133 mihi
3437 1080 3692 1135 carnalis

2032 1165 2227 1220 cultus
2257 1172 2367 1236 est,
2402 1167 2505 1223 sed
2536 1167 2888 1239 spiritualis.
2926 1169 2997 1221 Et
3021 1183 3092 1223 ex
3122 1167 3234 1222 hoc
3252 1168 3515 1223 ostendit
3533 1167 3691 1239 quod

2030 1256 2368 1311 necessario
2397 1272 2603 1312 curam
2630 1256 2875 1312 illorum
2914 1255 3150 1319 habeat,
3182 1261 3247 1311 ut
3276 1257 3377 1327 qui
3435 1256 3680 1312 verbum

2031 1345 2434 1415 suscepissent
2459 1346 2912 1418 suscepturique
2946 1351 3164 1401 essent.
3199 1368 3227 1396 ιι
3260 1346 3327 1401 In
3366 1346 3684 1418 Evangelia

2029 1433 2161 1488 Filii
2194 1435 2394 1505 ejus.»
2426 1434 2599 1490 Vides
2624 1434 2779 1505 quod
2798 1435 2857 1489 in
2880 1434 3358 1506 prmcedentibus
3379 1451 3517 1491 cum
3534 1434 3689 1492 dice-

2026 1527 2159 1577 ret:
2193 1544 2222 1571 «
2253 1523 2320 1577 In
2377 1523 2758 1592 Evangelium
2819 1524 2941 1591 Dei,
2994 1544 3022 1573 η
3070 1522 3287 1578 dixerit
3331 1524 3633 1580 Christum
3660 1524 3690 1580 ‘P

2030 1611 2248 1676 «Quod
2282 1612 2713 1675 indesinenter,
2741 1633 2769 1663 »
2798 1616 2911 1668 etc.
2942 1612 3198 1667 Sincera
3229 1612 3536 1668 charitatis
3576 1618 3686 1680 est,

2029 1704 2088 1754 et
2119 1700 2494 1756 mentionem
2525 1701 2744 1764 facere,
2778 1705 2836 1756 et
2866 1717 3101 1771 semper
3129 1700 3241 1755 hoc
3258 1700 3472 1767 facere,
3506 1700 3687 1772 idque

267 1783 439 1836 10610
470 1783 669 1856 πρᾶξαι
701 1784 801 1839 οὑκ
854 1779 1135 1842 ἐϐούλετο.
1189 1785 1266 1841 Τὸ
1298 1781 1376 1849 δὶ,
1434 1782 1543 1856 ἤδη
1597 1787 1752 1859 ποτε,
1812 1786 1918 1843 ἀντῖ

2036 1789 2293 1844 maxime
2322 1790 2384 1844 in
2418 1789 2883 1861 precationibus.
2917 1811 2945 1839 «
2980 1790 3167 1846 Orans
3198 1790 3247 1845 si
3279 1806 3395 1861 quo
3421 1790 3619 1846 modo.
3654 1810 3680 1843 ι

263 1874 391 1938 τοῦ,
457 1870 556 1945 ὀψὲ
609 1892 761 1928 ποτε.
819 1873 986 1949 Ὀπερ
1040 1872 1156 1929 ἐστὶ
1254 1871 1462 1953 σφόδρα
1544 1874 1920 1951 ἐπειγομένου.

270 1983 296 2014 ι
330 1957 814 2035 Εύωδωθησομαι.
852 1987 880 2014 »
909 1961 1200 2035 Εὐκολίαν,
1233 1964 1391 2044 φησὶ,
1419 1965 1641 2043 σχοίην,
1689 1965 1779 2020 καὶ
1833 1964 1923 2021 ἐπὶ

262 2048 425 2122 καλῷ
453 2052 554 2120 τὴν
581 2052 719 2126 πρὸς
750 2051 892 2127 ὑμᾶς
914 2049 1059 2109 ὁδόν.

2032 1879 2266 1935 Etenim
2296 1880 2592 1951 proﬁcisci
2625 1879 3002 1952 properabat,
3037 1885 3095 1935 et
3114 1884 3331 1951 prater
3353 1880 3452 1935 Dei
3475 1879 3681 1935 volun-

2034 1973 2216 2024 tatem
2247 1968 2306 2024 id
2338 1968 2532 2025 facere
2563 1968 2821 2025 nolebat.
2856 1968 3012 2025 Illud
3039 1985 3200 2037 vero,
3228 1970 3356 2024 Jam
3415 1968 3683 2035 tandem,

2032 2059 2143 2113 hoc
2169 2064 2260 2113 est
2289 2075 2421 2114 sero
2472 2059 2734 2126 tandem,
2783 2059 3167 2114 vehementer
3214 2058 3592 2130 pr0perantis
3622 2062 3682 2113 et

261 2140 530 2211 optantis
562 2147 669 2198 est.
706 2165 735 2193 ‹‹
769 2144 1127 2215 Prosperum
1153 2145 1299 2201 mihi
1328 2145 1631 2219 contingat
1660 2146 1791 2203 iter.
1828 2168 1856 2198 ››
1886 2146 2275 2217 Facilitatem,
2308 2150 2522 2221 inquit,
2555 2149 2829 2219 habeam,
2889 2154 2949 2204 et
3004 2149 3077 2204 ad
3132 2149 3314 2204 ﬂnem
3365 2148 3682 2204 honestum

261 2231 380 2286 iter
407 2231 483 2286 ad
511 2247 633 2288 vos.

341 2318 627 2373 Ἐπιποθῶ
659 2318 764 2394 γὰρ
825 2316 955 2375 ἰδεῖν
1019 2320 1185 2394 ὑμᾶς,
1237 2318 1326 2375 *ἕνα
1375 2342 1428 2376 τι
1485 2320 1699 2395 μεταδω
1757 2323 1923 2397 χάρι-

264 2427 381 2480 σμα
430 2407 562 2480 ὑμῖν
619 2409 1010 2482 πνευματικὸν,
1070 2410 1147 2473 εἰς
1199 2411 1262 2466 τὸ
1338 2413 1701 2486 στηριχθῆναι
1756 2411 1918 2485 ὑμᾶς’

261 2497 429 2550 τοῦτο
511 2492 570 2551 δέ
621 2494 757 2564 ἐστι,
847 2496 1384 2573 συμπαρακληθῆναι
1468 2497 1520 2554 ἐν
1618 2499 1748 2573 ὑμῖν
1830 2496 1921 2554 διὰ

261 2593 368 2656 τῆς
427 2585 482 2641 ἐν
537 2585 812 2658 ἀλλήλοις
897 2588 1152 2657 πίστεως,
1246 2589 1399 2663 ὑμῶν
1475 2610 1533 2645 τε
1616 2588 1706 2646 καὶ
1760 2589 1917 2663 ἐμοῦ.

336 2676 465 2750 Ούχ
491 2674 683 2740 ἅπλῶς
706 2674 783 2748 δὲ,
807 2678 964 2756 φησὶ,
995 2679 1083 2734 καὶ
1113 2680 1390 2750 ἀνονήτως
1416 2678 1551 2735 ἰδεῖν
1589 2680 1728 2754 ὑμᾶς
1748 2701 1916 2736 σπου-

263 2762 439 2836 δάζω,
471 2763 600 2820 ἀλλ’
637 2763 776 2822 ὥστε
806 2767 1054 2843 χάρισμα
1106 2766 1449 2841 μεταδοῦναι.
1511 2772 1664 2843 Λέγει
1714 2766 1772 2825 δὲ
1818 2771 1918 2840 τήν

264 2852 505 2930 διδαχὴν
541 2856 631 2910 καὶ
663 2858 762 2925 τήν
790 2859 1121 2933 κατήχησιν.
1157 2861 1335 2915 Τοῦτο
1363 2859 1469 2933 γὰρ
1498 2859 1561 2913 τὸ
1607 2866 1917 2935 στηριχθῆ-

262 2965 374 3010 ναι,
418 2944 495 3006 ὡς
526 2944 693 3013 εἰκὸς,
725 2948 907 3018 ακμήν
938 2948 1323 3021 σαλευομένων
1351 2947 1548 3004 αὐτῶν.
1579 2949 1655 3003 Τὸ
1686 2945 1743 3003 δὲ
1765 2972 1794 3000 ι(
1824 2948 1917 3003 ἳνα

261 3055 340 3103 τι,
378 3060 406 3085 ››
441 3034 823 3110 μετρτιίζοντός
856 3034 1019 3105 ἐστιν,
1053 3036 1180 3093 ὡσεὶ
1211 3037 1376 3104 εἶπεν,
1434 3041 1550 3094 Ἳνα
1602 3037 1794 3111 μικρόν
1837 3058 1914 3094 τι.

261 3125 343 3181 Τὸ
371 3121 429 3178 δὲ
462 3148 489 3175 κ
527 3126 580 3181 Μ
593 3123 764 3180 εταδῶ
797 3150 822 3176 n
859 3122 1045 3196 δηλοῖ,
1078 3127 1163 3181 ὃτι
1186 3126 1303 3183 Ούκ
1332 3126 1465 3200 ἐμόν
1494 3148 1547 3183 τι
1575 3124 1757 3195 δώσω,
1779 3124 1913 3196 ἀλλ,

2105 2329 2150 2393 1,
2186 2332 2271 2396 ll,
2297 2329 2647 2385 l2.Desidero
2667 2327 2813 2383 enim
2837 2327 3024 2384 videre
3042 2333 3216 2394 vos,ut
3230 2325 3453 2398 aliquid
3465 2326 3683 2382 tradam

2030 2421 2180 2476 vobis
2192 2422 2396 2490 gratia
2414 2418 2829 2489 spiritualis,ad
2850 2417 3289 2487 conﬁrmandum
3306 2433 3398 2473 vos
3420 2434 3433 2471 :
3459 2417 3560 2472 hoc
3577 2424 3678 2484 est,

2028 2516 2095 2564 ut
2120 2511 2288 2565 simul
2336 2510 2761 2566 consolationem
2804 2510 3078 2580 accipiam
3102 2510 3163 2563 in
3213 2508 3362 2563 vobis
3404 2524 3511 2579 per
3556 2524 3674 2563 mu-

2030 2604 2182 2654 tuam
2210 2599 2372 2667 ﬁdem
2398 2605 2636 2654 vestram
2665 2598 2829 2654 simul
2860 2604 2911 2653 et
2934 2614 3131 2653 meam.

2099 2689 2225 2744 Non
2254 2688 2502 2761 vulgari,
2538 2688 2756 2758 inquit.
2789 2687 2965 2743 modo
2998 2691 3057 2742 et
3087 2687 3213 2742 sine
3252 2686 3447 2743 fructu
3478 2685 3679 2742 videre

2026 2792 2127 2832 vos
2156 2778 2352 2849 cupio,
2385 2776 2490 2833 sed
2544 2784 2613 2832 ut
2663 2777 2913 2850 gratiam
2964 2774 3215 2831 tradam.
3267 2775 3419 2830 Dicit
3473 2780 3677 2830 autem

2027 2866 2356 2922 doctrinam
2381 2872 2437 2921 et
2459 2865 3069 2921 institutionem.Nam
3084 2864 3196 2917 hoc
3209 2861 3677 2931 estconﬂrmari,

2025 2961 2093 3011 ut
2121 2956 2444 3011 verisimile
2482 2955 2663 3010 fuerit
2716 2955 2878 3026 ipsos
2925 2954 3309 3008 vehementer
3364 2951 3674 3006 ﬂuctuare.

2028 3043 2182 3098 Illud
2210 3059 2367 3107 vero,
2408 3068 2428 3092 -
2464 3048 2531 3098 ut
2559 3042 2807 3114 aliquid,
2838 3064 2863 3090 »ι
2899 3041 3152 3097 modesti
3185 3040 3368 3095 animi
3400 3045 3509 3107 est,
3534 3055 3601 3093 ac
3625 3036 3676 3092 si

2025 3133 2218 3187 dicat:
2255 3134 2325 3187 Ut
2354 3131 2652 3187 modicum
2685 3130 3011 3202 quippiam.
3045 3128 3211 3194 Quod
3269 3134 3467 3183 autem
3509 3125 3677 3182 addit

265 3215 400 3285 ὅπερ
432 3212 521 3268 καὶ
553 3212 660 3290 ἐγὼ
691 3209 907 3271 ἔλαϐον.
950 3239 978 3267 ι(
1015 3214 1106 3277 Εἰς
1162 3216 1225 3271 τὸ
1274 3196 1641 3294 στηριχθῆναι
1689 3216 1850 3289 ὑμᾶς.
1884 3238 1909 3268 ι

2031 3216 2267 3293 μεταδῶ,
2300 3245 2328 3272 ‹‹
2362 3221 2633 3287 Tradam,
2679 3196 3051 3292 n-signiﬂcat.
3087 3217 3245 3274 Nihil
3276 3217 3434 3288 quod
3468 3232 3676 3272 meum

264 3303 346 3361 Οὐ
384 3305 489 3379 γὰρ
522 3325 717 3379 μικρον
773 3305 1043 3380 χάρισμα,
1098 3306 1162 3360 τὸ
1211 3306 1287 3379 μή
1330 3305 1645 3361 σαλεύεσθαι
1694 3309 1762 3379 τῇ
1819 3307 1914 3362 πί-

263 3412 403 3447 στει.
468 3417 496 3446 ‹‹
565 3391 1129 3468 Συμπαρακληθῆναι.
1181 3418 1209 3448 ιι
1308 3391 1533 3463 Ἐπειδὴ
1603 3401 1916 3472 στηριγμοῦ

263 3482 543 3555 ἐμνήσθη,
582 3482 675 3538 ἳνα
709 3485 785 3557 μή
819 3482 1041 3559 λυπήσῃ
1076 3482 1271 3545 αὑτοὺς
1303 3484 1378 3545 ὡς
1435 3484 1517 3538 ὅτι
1573 3482 1913 3550 σαλεύονται,

262 3571 457 3649 ἐπάγει
489 3573 571 3628 16'
613 3596 641 3627 α
679 3572 1244 3649 Συμπαρακληθῆναι,
1290 3597 1319 3626 ››
1365 3570 1641 3630 τουτέστιν
1694 3574 1782 3629 ἳνα
1824 3575 1916 3630 καὶ

263 3659 383 3738 ἐγὼ
416 3661 579 3733 ὑμᾶς,
626 3662 717 3717 καὶ
775 3662 931 3735 ὑμεῖς
990 3660 1089 3735 ἐμὲ
1142 3660 1581 3736 παρακαλέσητε.
1640 3665 1755 3734 Τῆς
1810 3664 1914 3741 γὰρ

262 3748 561 3822 ἀλλήλων,
595 3752 753 3829 φησὶ,
786 3750 1016 3826 δεύμεθα
1046 3751 1462 3826 παρακλήσεως,
1505 3748 1594 3807 διὰ
1623 3760 1726 3822 τῆς
1756 3753 1914 3809 ἐνού-

261 3861 369 3912 σης
400 3843 537 3915 ἡμῖν
566 3841 820 3906 πίστεως.
856 3838 1075 3917 Σφόδρα
1106 3840 1163 3897 δὲ
1194 3843 1489 3917 μετριάζει.
1552 3843 1673 3898 Ἕνι
1724 3839 1780 3897 δὲ
1823 3843 1914 3898 καὶ

265 3928 448 3991 οὕτως
479 3937 672 4000 νοῆσαι
708 3931 808 4000 τήν
836 3928 1202 4004 παράκλησιν,
1234 3933 1367 4000 Ἵνα,
1402 3930 1589 4005 φησὶν,
1632 3931 1789 4005 ὑμεῖς
1821 3933 1915 4006 μὲν

260 4019 396 4093 παρ’
421 4018 558 4092 ἐμοῦ
588 4019 664 4082 εἰς
695 4021 794 4088 τὴν
851 4021 1032 4075 πίστιν
1089 4017 1505 4094 παρακληθῆτε,
1563 4018 1671 4097 ἐγὼ
1721 4019 1779 4076 δὲ
1836 4021 1912 4083 εἷς

263 4106 624 4186 εὐφροσύνην,
656 4109 800 4185 ὁρῶν
831 4109 972 4181 ὑμᾶς
1000 4107 1450 4172 πεπιστευκότας.
1483 4110 1551 4165 Ἦ
1593 4109 1788 4171 οὕτως’
1840 4110 1913 4167 Τὸ

270 4194 596 4271 μεταδοῦναι
626 4199 754 4271 ὑμῖν
782 4199 1049 4278 χάρισμα,
1082 4200 1185 4255 οὐκ
1215 4195 1357 4255 ἔστιν
1389 4198 1521 4273 ἐμὸν
1558 4200 1721 4273 μόνον
1751 4201 1786 4269 ἢ
1814 4206 1912 4270 τῆς

263 4286 411 4360 ἄμῆς
439 4288 807 4363 προαιρέσεως
833 4288 925 4344 καὶ
958 4286 1253 4358 διακονίας,
1285 4286 1433 4344 ἀλλα
1460 4290 1644 4344 κοινὸν
1690 4288 1826 4362 ἐμοῦ
1853 4309 1914 4345 τε

260 4377 355 4431 καῖ
387 4376 539 4451 ὑμῶν
596 4380 710 4443 Τῆς
743 4376 1019 4433 διακονίας
1057 4378 1152 4452 μὲν
1180 4384 1281 4448 τῆς
1310 4375 1471 4451 ἐμῆς,
1498 4385 1600 4447 τῆς
1620 4375 1677 4433 δὲ
1708 4377 1913 4454 ὑπουρ-

258 4468 388 4541 γίας
416 4475 516 4536 τῆς
549 4469 835 4543 ὑμετέρας.
877 4468 978 4522 Καὶ
1002 4465 1129 4523 οὐδὲ
1148 4467 1274 4525 τότε
1295 4467 1510 4539 ἁπλῶς,
1532 4465 1681 4523 ἀλλὰ
1702 4465 1791 4522 δια
1814 4475 1914 4537 τῆς

2027 3311 2101 3366 sit
2126 3310 2301 3377 dabo,
2337 3309 2439 3366 sed
2473 3308 2629 3381 quod
2659 3316 2719 3365 et
2747 3325 2851 3382 ego
2878 3308 3105 3380 accepi.
3137 3330 3164 3358 ι(
3203 3306 3286 3362 Ad
3310 3305 3674 3362 conﬁrman-

2026 3398 2167 3456 dum
2197 3417 2317 3456 vos.
2358 3424 2379 3449 ι
2409 3402 2610 3471 Neque
2644 3399 2803 3454 enim
2846 3413 3093 3471 parvum
3145 3396 3366 3452 donum
3412 3400 3503 3451 est
3550 3410 3675 3451 non

2022 3490 2310 3547 ﬂuctuare
2340 3491 2403 3545 in
2436 3489 2573 3546 ﬂde.
2611 3511 2639 3539 ‹‹
2670 3490 2744 3544 Ut
2774 3488 2955 3545 simul
2984 3487 3455 3544 consolationem
3515 3486 3676 3542 acci-

2021 3582 2203 3652 piam.
2252 3605 2273 3630 ι
2334 3583 2657 3652 Postquam
2712 3577 3184 3635 confirmationis
3231 3575 3524 3641 meminit,
3584 3590 3660 3631 ne

2023 3670 2336 3726 contristet
2363 3685 2464 3725 eos
2508 3668 2680 3740 quasi
2734 3667 3023 3724 ﬂuctuare
3070 3665 3366 3734 dicantur,
3426 3663 3677 3720 subdit:

2027 3778 2050 3810 ι
2084 3760 2157 3815 Ut
2186 3758 2366 3814 simul
2395 3757 2865 3813 consolationem
2895 3755 3208 3827 accipiam,
3233 3775 3261 3803 »
3280 3754 3393 3808 hoc
3411 3756 3591 3819 est,ut
3611 3756 3671 3807 et

2021 3864 2127 3914 ego
2147 3864 2270 3915 vos,
2304 3853 2365 3902 et
2388 3863 2487 3902 vos
2513 3863 2608 3902 me
2640 3844 3041 3901 consolemini
3067 3860 3080 3909 ;
3114 3846 3324 3897 mutua
3353 3839 3515 3894 enim
3537 3853 3675 3910 ege-

2022 3955 2155 3993 mus
2186 3937 2618 4002 consolatione,
2651 3953 2784 4007 quas
2831 3934 2936 3989 fiat
2964 3949 3069 4004 per
3125 3930 3579 3986 inexsistentem
3609 3928 3674 3983 in

2021 4028 2194 4083 nobis
2226 4027 2428 4083 fidem.
2462 4028 2729 4098 Magnam
2759 4028 2959 4079 autem
2993 4020 3253 4076 ostendit
3295 4018 3671 4074 modestiam.

2019 4118 2221 4172 Potest
2248 4116 2360 4171 hoc
2390 4130 2626 4186 quoque
2655 4112 2829 4168 modo
2859 4110 3188 4167 consolatio
3210 4109 3337 4163 haec
3370 4105 3624 4179 intelligi
3652 4122 3666 4160 :

2020 4206 2091 4261 Ut
2105 4222 2206 4261 vos
2219 4204 2458 4276 quidem
2473 4219 2612 4259 ame
2625 4201 2698 4257 ad
2714 4202 2892 4257 fidem
2906 4199 3312 4255 consolatione
3337 4195 3637 4253 ducamini
3648 4235 3665 4263 ,

2019 4295 2172 4351 206
2200 4310 2304 4365 ego
2334 4309 2468 4347 vero
2499 4291 2574 4347 ad
2604 4290 3063 4346 oblectationem
3097 4288 3347 4353 alliciar,
3394 4302 3530 4341 cum
3560 4299 3661 4338 vos

2019 4382 2330 4437 credentes
2362 4380 2613 4437 videam.
2647 4379 2750 4434 Vel
2780 4378 2863 4434 ita
2891 4394 2903 4433 :
2936 4376 3190 4433 Tradere
3220 4374 3386 4430 vobis
3415 4372 3665 4446 gratiam

2018 4486 2139 4525 non
2171 4484 2369 4524 meum
2401 4467 2594 4523 solum
2628 4470 2720 4522 est
2747 4471 2850 4521 aut
2880 4481 3025 4521 meae
3050 4462 3375 4520 voluntatis
3408 4477 3476 4515 ac
3498 4457 3674 4515 mini-

262 4557 322 4613 ἒν
352 4554 630 4627 ἀλλήλοις
660 4557 916 4619 πίστεως.
953 4559 1075 4619 Πώς
1102 4558 1193 4614 καὶ
1220 4559 1343 4613 τίνα
1362 4556 1561 4632 τρόπον
1583 4575 1596 4626 ;
1618 4558 1743 4615 Ἐὰν
1756 4556 1911 4612 αὐτοὶ

2029 4558 2210 4628 sterii,
2244 4557 2349 4614 sed
2372 4557 2520 4613 mihi
2551 4555 2832 4627 vobisque
2864 4570 3181 4611 commune
3213 4557 3338 4608 est:
3373 4549 3490 4606 mei
3527 4548 3670 4620 qui-

263 4643 457 4721 ἔχητε,
489 4647 642 4724 φησὶ,
674 4647 856 4703 πίστιν
889 4650 986 4703 τοῦ
1017 4642 1205 4702 λαϐεῖν
1263 4646 1326 4701 τὸ
1380 4645 1647 4722 χάρισμα,
1700 4645 1805 4720 ἐγώ
1850 4666 1911 4701 τε

262 4731 435 4789 πάλιν
468 4734 647 4790 πίστιν
702 4740 802 4791 τοῦ
855 4732 1038 4790 δοῦναι
1110 4735 1258 4808 ὑμῖν.
1312 4735 1437 4791 Ἐὰν
1489 4733 1590 4809 γὰρ
1648 4735 1753 4808 ἐγὼ
1815 4735 1909 4809 μὶν

262 4824 447 4878 πίστιν
479 4818 595 4900 ἔχω
623 4828 719 4879 τοῦ
749 4822 956 4894 δοῦναι,
987 4826 1078 4880 καὶ
1123 4822 1298 4879 πολὺν
1351 4822 1540 4901 ἀγῶνα
1590 4822 1682 4879 καί
1739 4845 1912 4879 σπου-

263 4910 391 4983 δὴν,
428 4914 579 4985 ὑμεῖς
610 4912 666 4969 δὲ
698 4914 799 4969 οὑκ
824 4907 993 4989 ἔχητε
1020 4915 1200 4969 πίστιν
1233 4916 1329 4968 τοῦ
1371 4907 1577 4980 λαϐεῖν,
1638 4910 1751 4968 οὐδ’
1796 4913 1913 4969 ὲπι-

264 5003 470 5075 θυμίαν
499 5003 588 5058 καὶ
619 5001 935 5076 ἐπιμέλειαν
970 5002 1093 5080 περὶ
1136 5003 1200 5059 τὸ
1249 4997 1461 5072 λαϐεῖν,
1507 5002 1569 5057 ού
1621 5002 1913 5078 παραγίνε-

260 5112 353 5147 ται
389 5092 539 5165 ὑμῖν,
570 5090 667 5148 κᾶν
699 5093 808 5167 ἐγὼ
842 5092 1156 5169 βούλωμαι,
1183 5093 1248 5148 τὸ
1277 5093 1523 5168 χάρισμα
1549 5092 1612 5148 τὸ
1669 5114 1912 5168 πνευμα-

261 5181 439 5236 τικόν.
475 5186 565 5237 Δεῖ
592 5182 685 5237 οὗν
707 5182 991 5262 ἀμφότερα
1020 5179 1369 5257 συνδραμεῖν,
1412 5181 1502 5237 καὶ
1558 5182 1623 5237 τὸ
1654 5182 1706 5252 ἐξ
1755 5180 1912 5256 ἐμοῦ,

260 5272 351 5327 καὶ
388 5272 451 5326 τὸ
482 5270 531 5341 ἐξ
592 5272 769 5345 ὑμῶν.
822 5272 958 5328 Τότε
1009 5273 1114 5347 γὰρ
1169 5270 1324 5326 αὑτοὶ
1381 5269 1560 5327 πίστιν
1618 5267 1763 5340 ἕξετε
1817 5274 1915 5326 τοῦ

264 5355 460 5416 λαϐεῖν
519 5361 610 5417 καὶ
670 5360 984 5433 ἐπιθυμίαν,
1040 5360 1131 5417 ὅτε
1215 5359 1398 5431 ἅξίους
1456 5359 1678 5422 ἑαυτοὺς
1743 5380 1916 5434 παρα-

265 5447 554 5507 αευᾶσετε
606 5457 707 5521 τῆς
765 5447 969 5526 δωρεᾶς
1029 5447 1100 5505 δι’
1154 5444 1325 5525 ἔργων
1381 5451 1616 5523 ἀγαθῶν.
1686 5444 1917 5523 Λαμϐα-

260 5542 474 5598 νόντων
505 5536 565 5596 δὲ
596 5539 749 5615 ὑμῶν
776 5541 840 5596 τὸ
880 5540 1146 5615 χάρισμα,
1208 5536 1381 5609 δῆλον
1432 5539 1518 5594 ὃτι
1562 5537 1917 5615 παρακαλού-

263 5641 402 5707 μεθα
432 5630 525 5686 καὶ
550 5629 948 5708 εὐφραινόμεθα
1002 5628 1057 5685 ἕν
1111 5626 1410 5700 ἀλλήλοις·
1462 5630 1647 5686 κοινὸν
1693 5629 1796 5707 γὰρ
1852 5631 1916 5687 τὸ

582 5761 862 5823 ΡΑτιιοιι.
906 5761 1024 5820 Gs.
1069 5757 1339 5821 CXVIII.

2022 4649 2157 4704 dem
2190 4646 2529 4714 ministerii,
2560 4646 2741 4702 vestri
2774 4651 2972 4700 autem
3007 4640 3297 4706 subsidii;
3330 4645 3389 4694 et
3426 4654 3500 4693 ne
3534 4644 3675 4693 tunc

2022 4737 2265 4809 quidem
2296 4743 2620 4807 utcunque,
2658 4733 2763 4790 sed
2820 4749 2926 4804 per
2970 4738 3240 4787 mutuam
3291 4727 3493 4784 ﬁdem.
3544 4726 3668 4791 Quo

2024 4827 2200 4883 modo
2218 4826 2430 4899 ergoid
2451 4823 2591 4881 ﬂet?
2612 4824 2668 4879 Si
2700 4823 2833 4895 ipsi,
2858 4822 3075 4892 inquit,
3101 4819 3279 4875 fidem
3310 4816 3579 4873 habeatis
3596 4813 3671 4872 ad

2023 4917 2427 4988 accipiendam
2458 4915 2731 4987 gratiam,
2764 4928 2868 4983 ego
2909 4927 3043 4965 vero
3076 4909 3255 4965 fidem
3296 4923 3531 4963 rursum
3565 4906 3675 4961 ha-

2022 5006 2195 5062 beam
2227 5005 2298 5061 ad
2324 5004 2490 5059 illam
2520 5002 2682 5057 vobis
2713 4998 3086 5055 tradendam.
3139 4999 3284 5053 Nam
3324 4997 3375 5053 si
3401 5012 3505 5068 ego
3538 4994 3673 5066 qui-

2025 5094 2160 5150 dem
2222 5093 2400 5148 ﬂdem
2458 5091 2711 5147 habeam
2764 5087 2839 5144 ad
2896 5088 3183 5156 dandum,
3276 5098 3678 5157 magnumque

2025 5184 2290 5240 laborem
2320 5199 2388 5237 ac
2443 5180 2727 5246 studium,
2778 5194 2877 5233 vos
2932 5183 3131 5234 autem
3180 5191 3301 5231 non
3353 5172 3683 5230 habueritis

2027 5272 2206 5329 fidem
2228 5272 2299 5327 ad
2333 5269 2787 5342 accipiendum:
2822 5284 2945 5323 non
2979 5266 3286 5339 continget
3304 5264 3466 5319 vobis
3495 5261 3684 5335 gratia

2027 5362 2378 5434 spiritualis,
2401 5360 2579 5415 etiam
2602 5360 2650 5415 si
2675 5375 2780 5432 ego
2796 5358 2996 5414 velim.
3028 5358 3355 5427 Utrumque
3379 5370 3516 5427 ergo
3534 5367 3679 5408 con-

2026 5466 2265 5507 currere
2294 5455 2544 5521 oportet,
2577 5453 2636 5504 et
2665 5448 2820 5521 quod
2853 5463 2888 5502 a
2921 5462 3021 5511 me
3047 5445 3346 5517 praebetur
3362 5449 3423 5498 et
3450 5440 3609 5513 quod
3641 5455 3677 5496 a

2026 5541 2215 5597 vobis.
2258 5542 2420 5596 Tunc
2445 5540 2607 5596 enim
2638 5537 2819 5595 fidem
2860 5554 2927 5594 ac
2987 5534 3351 5592 desiderium
3410 5532 3679 5604 accipere

2026 5630 2318 5705 poteritis,
2352 5629 2593 5702 quando
2624 5628 2798 5686 bonis
2831 5626 3115 5703 operibus
3136 5624 3348 5699 dignos
3377 5622 3491 5681 hoc
3519 5620 3677 5679 dono

3286 5752 3354 5811 il
