4176 6200
463 306 578 367 331

1585 301 2005 364 (ECUMENII
2048 297 2358 362 TRICME
2400 297 2756 358 EPiSCOPI

3755 299 3873 360 332

474 455 576 495 vos
607 435 999 510 prmbueritis.
1026 436 1171 490 Cum
1195 440 1394 492 autem
1440 453 1541 492 vos
1572 436 1795 492 donum
1826 434 2121 507 acceperi~

2237 427 2449 505 κέρδος.
2484 426 2718 486 Πολλῶν
2748 431 2853 506 γὰρ
2908 432 3115 487 πιστῶν
3175 427 3417 501 σύνοδος,
3478 429 3727 505 μεγίστην
3787 413 3872 508 ἐρέ

474 528 571 594 tis,
612 525 991 581 manifestum
1018 530 1126 586 est,
1152 524 1312 595 quod
1336 524 2128 595 consolabimur,mutuoque

478 613 927 686 gratulabimur.
964 630 1099 668 cum
1132 614 1207 668 sit
1258 631 1574 670 commune
1619 615 1871 671 lucrum.
1928 614 2127 669 Diver-

478 718 677 757 sorum
703 701 861 755 enim
880 702 1146 757 ﬁdelium
1172 719 1497 758 concursus
1512 704 1831 759 maximam
1850 707 2129 774 operatur

475 791 968 846 consolationem.
996 791 1122 860 Vel,
1146 791 1245 847 ubi
1279 810 1379 848 vos
1403 792 1640 863 quidem
1668 810 1765 848 me
1796 790 2129 863 susceperi-

472 880 547 934 tis
570 896 676 950 pro
705 879 820 934 ﬁde
841 881 1109 951 dignum,
1134 881 1233 952 qui
1250 881 1566 953 praedicem
1600 888 1702 937 aut
1720 881 1986 945 doceam,
2021 895 2127 951 ego

472 984 609 1023 vero
634 986 871 1024 rursum
896 969 1109 1041 dignos
1133 988 1230 1025 vos
1256 970 1752 1043 habeam,quibus
1783 971 1883 1026 Dei
1914 985 2128 1026 conce-

476 1057 695 1113 dantur
724 1059 986 1127 oracula,
1023 1060 1386 1131 solidiorque
1419 1060 1709 1116 doctrina.
1745 1061 1869 1127 Vel,
1896 1060 1998 1116 ubi
2020 1074 2125 1131 ego

475 1147 716 1219 quidem
748 1165 849 1203 vos
878 1154 1153 1220 prompto
1189 1151 1389 1204 animo
1408 1148 1652 1205 verbum
1675 1149 1775 1204 Dei
1801 1148 2127 1220 suscipien-

475 1242 565 1292 tes
594 1238 816 1305 videro,
843 1255 945 1294 vos
969 1244 1167 1294 autem
1197 1256 1227 1295 e
1259 1239 1489 1294 diverso
1515 1238 1782 1294 videritis
1810 1254 2005 1294 meam
2025 1253 2128 1292 cu-

474 1342 604 1381 ram
634 1344 701 1382 ac
728 1326 1097 1400 diligentiam
1128 1329 1287 1383 circa
1316 1345 1442 1383 vos.
1478 1331 1621 1383 Nam
1647 1327 1709 1382 id
1737 1328 1809 1383 ad
1833 1328 2124 1399 majorem

478 1415 618 1471 ﬁdei
642 1416 1058 1472 certitudinem
1083 1418 1351 1488 utrisque
1382 1416 1645 1488 prodest,
1670 1416 1907 1488 quando
1941 1415 1989 1470 is
2025 1414 2125 1487 qui

476 1506 720 1561 verbum
754 1505 1125 1573 disseminat,
1158 1505 1316 1560 videt
1344 1507 1656 1562 hominum
1689 1506 1917 1561 animos
1952 1520 2131 1577 supra

478 1610 655 1665 quam
688 1594 847 1649 credi
883 1601 1077 1665 potest
1107 1594 1180 1651 ad
1220 1594 1619 1651 obedientiam
1660 1596 1913 1661 attrahi;
1948 1595 2127 1650 robu-

478 1683 626 1738 stior
655 1684 818 1738 enim
849 1683 923 1738 ad
946 1683 1391 1756 prmdicandum
1420 1685 1972 1741 redditur.Rursum
1995 1700 2130 1739 cum

476 1772 737 1827 viderint
766 1773 1042 1845 discipuli
1067 1775 1549 1829 eoncionatorem
1580 1791 1681 1846 spe
1706 1775 1878 1829 ﬁrma
1897 1773 2129 1829 traden-
2160 1805 2206 1870 Β

482 1867 603 1918 tem
637 1863 838 1929 ﬁdem,
873 1863 1058 1935 magis
1089 1863 1242 1918 hanc
1273 1863 1640 1934 suscipiunt;
1702 1869 1763 1919 et
1800 1862 1885 1917 ita
1922 1878 2028 1934 per
2058 1861 2124 1916 ﬁ-

483 1952 619 2007 dem
650 1958 916 2007 mutuam
950 1952 1184 2023 utrique
1217 1951 1682 2007 consolationem
1718 1951 2036 2022 accipiunt.

553 2042 596 2108 Ι,
635 2043 812 2095 1346.
848 2041 983 2096 Nolo
1014 2047 1192 2096 autem
1222 2057 1313 2096 vos
1371 2044 1652 2110 ignorare,
1706 2044 1932 2108 fratres,
1982 2041 2128 2110 quod

473 2132 674 2201 sapius
698 2133 1088 2201 proposuerim
1128 2133 1316 2185 venire
1346 2132 1420 2185 ad
1445 2147 1561 2197 ros,
1591 2138 1641 2185 et
1664 2129 1985 2201 prohibitus
2008 2145 2127 2185 sum

477 2218 758 2281 hactenus,
790 2227 854 2274 ut
883 2220 1122 2290 aliquem
1181 2222 1425 2288 fructum
1476 2219 1705 2274 habeam
1753 2226 1804 2274 et
1844 2222 1904 2274 in
1955 2220 2124 2285 vobis,

473 2312 615 2366 sicut
650 2315 704 2366 et
734 2309 791 2364 in
822 2312 1028 2365 caeteris
1057 2310 1328 2379 gentibus.
1372 2311 1441 2363 Et
1490 2310 1695 2366 Grazcis
1741 2316 1793 2363 et
1842 2309 2125 2376 Barbaris,

477 2406 528 2454 et
546 2400 885 2470 sapientibus
911 2405 963 2454 et
992 2398 1383 2469 insipientibus
1412 2399 1627 2453 debitor
1655 2415 1793 2453 sum.
1826 2399 1916 2453 Sic
1946 2414 2128 2468 quan-

478 2496 593 2543 tum
623 2490 682 2542 in
710 2505 793 2543 me
821 2494 918 2553 est,
955 2493 1239 2558 promptus
1268 2504 1387 2542 sum
1419 2490 1586 2542 etiam
1614 2488 1782 2554 vobis,
1817 2489 1915 2556 qui
1948 2490 2127 2541 Rome

476 2578 620 2645 estis,
656 2578 1017 2647 Evangelium
1059 2578 1386 2647 prmdicare.
1448 2580 1566 2632 Non
1627 2579 1769 2631 enim
1819 2577 1993 2647 pudet
2045 2593 2129 2631 me

485 2667 772 2737 Evangelii
804 2667 1026 2732 Christi,
1049 2666 1322 2737 siquidem
1345 2666 1603 2736 potentia
1634 2669 1732 2722 Dei
1763 2672 1837 2722 est
1873 2668 1947 2721 ad
1975 2667 2129 2721 salu—

478 2762 584 2811 tem
615 2756 765 2811 omni
788 2757 1072 2811 credenti:
1104 2756 1295 2811 Judaeo
1316 2754 1565 2825 primum
1595 2762 1644 2810 et
1678 2755 1883 2811 Graeco.

551 2935 698 2990 ‘20?
730 2934 785 2989 Si
816 2951 951 3007 ergo
982 2934 1181 2989 venire
1231 2938 1419 3005 optas,
1474 2938 1532 2988 et
1576 2932 1850 2988 utilitatis
1908 2936 2126 2986 nostras

479 3025 666 3098 gratia
693 3026 806 3080 iter
825 3026 1136 3094 institutis,
1165 3041 1270 3079 cur
1292 3041 1411 3079 non
1434 3022 1716 3078 advenis?
1741 3022 2127 3093 Sum,inquit,

478 3115 851 3187 prohibitus;
890 3133 998 3171 nec
1031 3122 1227 3171 tamen
1261 3114 1684 3186 prohibitionis
1708 3129 1947 3169 causam
1970 3127 2129 3167 scru-

478 3210 637 3260 tatur
668 3226 683 3271 ;
716 3221 910 3276 neque
943 3206 1102 3261 enim
1140 3212 1411 3259 nostrum
1443 3208 1532 3258 est
1561 3220 1766 3259 eorum
1800 3220 1931 3274 quas
1955 3201 2128 3273 jubet
2157 3174 2199 3240 C

470 3294 635 3350 Deus
666 3311 877 3350 causas
911 3300 1207 3366 expetere,
1257 3292 1360 3349 sed
1412 3298 1639 3347 tantum
1690 3291 1951 3347 obedire.
1990 3314 2009 3339 ιι
2059 3290 2131 3345 Ut

484 3384 744 3456 aliquem
775 3385 1055 3440 fructum.
1093 3405 1120 3433 υ
1146 3384 1400 3440 Omnino
1432 3382 1658 3438 diceret
1686 3383 2015 3454 quispiam:
2042 3382 2130 3437 Id-

482 3476 640 3531 circo
675 3475 1008 3547 prohibitus
1059 3491 1142 3534 es.
1192 3474 1333 3545 quia
1381 3490 1500 3527 non
1564 3472 1893 3528 secundum
1944 3473 2127 3526 Deum

480 3566 679 3620 venire
711 3564 1074 3619 decreveras.
1112 3556 1519 3632 Nequaquam,
1542 3562 1641 3615 ait.
1669 3563 1945 3615 Fructum
1968 3559 2129 3614 enim

484 3654 661 3709 etiam
697 3653 757 3707 in
788 3652 950 3706 vobis
983 3650 1200 3705 habere
1237 3648 1569 3719 cupiebam,
1603 3648 1860 3702 fructum
1893 3664 2127 3715 vocans,

486 3743 663 3798 ﬁdem
695 3742 755 3797 in
779 3758 984 3798 eorum
1013 3740 1193 3794 corda
1224 3736 1617 3797 introducere.
1658 3738 1758 3791 Vel
1789 3743 1853 3791 ut
1883 3754 1989 3808 per
2024 3738 2131 3809 hy-

468 3831 765 3902 perbaton
790 3830 933 3884 illud
958 3829 1177 3883 dictum
1206 3827 1310 3882 sit:
1338 3827 1408 3881 Ut
1440 3826 1700 3896 aliquem
1732 3826 1986 3881 fructum
2024 3826 2126 3882 ha-

474 3920 678 3984 beam;
700 3942 726 3968 »
747 3921 830 3974 ita
843 3935 976 3973 vero
997 3933 1373 3987 consequens
1388 3916 1499 3970 erit
1524 3933 1536 3969 :
1562 3939 1588 3965 ‹‹
1606 3916 1830 3988 Saepius
1850 3917 2131 3988 praposui

479 4009 677 4061 venire
709 4008 781 4062 ad
814 4025 938 4071 vos,
971 4013 1038 4061 ut
1068 4007 1327 4078 aliquem
1376 4006 1634 4061 fructum
1688 4007 1939 4063 habeam
1981 4014 2039 4063 et
2069 4008 2130 4063 in

478 4095 666 4163 vobis,
701 4096 805 4151 sed
835 4097 1122 4152 hactenus
1156 4096 1490 4167 prohibitus
1523 4112 1674 4150 sum.
1711 4118 1738 4144 ››
1773 4098 1985 4151 Verum
2041 4096 2132 4152 di-

480 4184 631 4240 xerit
663 4185 879 4257 aliquis
915 4202 928 4239 :
971 4186 1026 4240 Si
1091 4185 1237 4241 ﬁdes
1299 4202 1502 4240 eorum
1553 4185 2020 4241 annuntiabatur
2069 4187 2131 4241 in

484 4275 759 4333 universo
787 4277 1359 4353 mundoquemnam
1381 4276 1639 4331 fructum
1666 4276 1791 4348 ipse
1809 4276 2133 4333 adveniens

482 4367 751 4438 praebere
783 4366 1107 4439 cupiebat?
1162 4366 1273 4421 Sed
1325 4382 1604 4439 magnum
1658 4366 1850 4422 adhuc
1904 4364 2131 4437 aliquid

479 4458 869 4513 inveniemus.
904 4458 1046 4511 Nam
1082 4457 1192 4511 etsi
1241 4455 1636 4520 crediderant,
1688 4455 1882 4511 adhuc
1929 4461 2129 4511 tamen

477 4547 685 4602 multis
698 4547 966 4621 egebant.
996 4546 1174 4616 [dque
1201 4552 1260 4600 et
1281 4550 1403 4600 tota
1428 4543 2128 4616 manifestaturepistola,

2240 4544 2499 4618 ριχθῆναι
2562 4543 2723 4617 ὑμᾶς,
2804 4543 2890 4598 καὶ

482 4641 539 4692 et
570 4637 747 4709 paulo
797 4641 933 4692 ante
993 4651 1127 4690 cum
1188 4633 1447 4689 diceret:
1514 4632 1599 4687 Ad
1649 4633 2125 4688 conﬁrmandum

475 4740 583 4779 vos
616 4743 628 4780 :
663 4730 722 4780 et
752 4743 885 4781 cum
915 4725 1216 4789 admonet,
1252 4739 1327 4779 ne
1361 4723 1430 4777 de
1464 4738 1524 4776 se
1577 4727 1780 4777 mutuo
1830 4722 2127 4793 judicium

479 4812 691 4879 ferant,
724 4814 974 4884 aliisque
1000 4814 1146 4869 locis
1168 4811 1601 4868 innumeris.Ut
1621 4810 2126 4883 aliquem,inquit,

482 4899 740 4955 fructum
765 4902 1035 4965 habeam,
1088 4904 1198 4957 hoc
1240 4917 1380 4956 sane
1431 4899 1752 4954 ostendens
1801 4900 1959 4971 quod
2004 4901 2127 4956 fru-

482 4994 642 5043 ctum
668 4989 905 5044 illorum
940 5008 1113 5044 suum
1146 5007 1272 5045 esse
1304 4989 1560 5044 fructum
1593 4988 1835 5043 duceret
1889 4989 2122 5047 Paulus.

480 5080 640 5134 Adeo
681 5080 837 5134 enim
899 5080 959 5133 in
1010 5080 1262 5150 proximi
1321 5079 1634 5133 virtutibus
1691 5078 2001 5149 gaudebat,
2062 5084 2127 5134 ut

479 5167 736 5223 fructum
774 5168 909 5223 inde
942 5169 1135 5223 redire
1157 5168 1228 5223 ad
1254 5185 1314 5223 se
1337 5168 1762 5232 arbitraretur;
1799 5167 1955 5238 quod
1986 5168 2124 5224 hinc

482 5256 952 5329 colligereﬁlicct.
990 5259 1133 5312 Nam
1165 5256 1441 5311 utilitatis
1480 5256 1718 5310 illorum
1776 5256 1964 5327 gratia
2014 5258 2127 5313 iter

484 5348 558 5404 ad
589 5349 724 5403 illos
755 5364 1059 5404 assumere
1091 5347 1426 5402 festinabat.
1478 5346 1713 5417 Alioqui
1762 5362 1895 5401 vere
1946 5349 2122 5404 etiam

477 5437 707 5493 fructus
741 5438 980 5493 illorum
1012 5437 1178 5492 Pauli
1209 5437 1434 5491 fructus
1466 5441 1608 5490 erat.
1644 5436 1788 5489 Nam
1813 5435 1953 5505 quia
1976 5454 2122 5508 opus

461 5543 547 5583 'ac
580 5528 841 5584 studium
867 5528 1028 5583 illius
1054 5531 1181 5583 erat
1205 5532 1271 5581 ut
1308 5529 1513 5599 gentes
1542 5524 1798 5579 fructum
1831 5525 2117 5596 produce-

478 5621 633 5687 rent,
666 5623 824 5673 recte
870 5618 931 5672 in
966 5632 1171 5674 earum
1200 5612 1659 5670 fructiﬁcatione
1706 5612 1872 5669 Pauli
1913 5613 2117 5672 fructi-

2229 519 2450 596 γάζεται
2508 518 2871 595 παράκλησιν.
2930 522 2998 576 Ἢ
3061 521 3212 594 ὑμῶν
3278 521 3370 593 μὲν
3424 520 3736 591 ἀξιόπιστον
3802 522 3875 585 είς

2229 608 2293 664 τὸ
2320 609 2549 684 κηρύξαι
2608 610 2697 664 καὶ
2753 606 2963 683 διδάξαι
3009 605 3511 684 ὑπολαμϐανόντων
3565 609 3682 683 ἐμὲ,
3742 611 3879 685 ἐμοῦ

2233 696 2291 754 δὲ
2320 698 2512 769 πάλιν,
2544 699 2888 770 ἀξιοπίστους
2919 699 2995 761 εἷς
3026 701 3089 756 τὸ
3132 698 3549 774 ἐμπιστευθῆναι
3598 701 3666 756 τὰ
3715 700 3879 776 λόγια

2229 792 2325 843 τοῦ
2366 793 2522 856 Θεοῦ,
2583 789 2674 844 καὶ
2730 791 2829 860 τὴν
2891 788 3229 865 τελειοτέραν
3287 789 3570 864 κρίναντος
3623 787 3879 849 διδασκα-

2232 876 2376 936 λίαν.
2411 880 2483 935 Ἢ
2513 878 2648 952 ἐμοῦ
2683 880 2778 952 μὲν
2803 878 3040 953 ὁρῶντος
3074 879 3371 951 προθύμως
3436 876 3877 955 ὑποδεχομένους

2234 969 2373 1042 ὑμᾶς
2431 969 2494 1024 τὸ
2550 971 2833 1046 κήρυγμα,
2907 968 3059 1043 ὐμῶν
3119 967 3176 1024 δὲ
3232 967 3398 1024 πάλιν
3460 970 3714 1045 ὁρώντων
3774 971 3876 1039 τήν

2231 1057 2370 1132 ἐμὴν
2401 1060 2523 1135 περὲ
2582 1058 2711 1114 αὐτὸ
2769 1055 3085 1132 ἐπιμέλειαν
3143 1058 3235 1115 καὶ
3292 1056 3555 1130 σπουδήν.
3619 1058 3880 1116 Συντελεῖ

2234 1146 2292 1204 δὲ
2320 1152 2483 1204 τοῦτο
2514 1149 2590 1210 εἷς
2620 1147 2844 1222 μείζονα
2890 1146 3271 1226 πληροφορίαν
3321 1154 3423 1217 τῆς
3471 1148 3705 1212 πίστεως
3755 1149 3876 1204 ἐκα-

2229 1233 2435 1308 τέροις,
2467 1232 2594 1290 ὅταν
2624 1234 2652 1288 ὁ
2687 1233 2781 1307 μὲν
2812 1232 3098 1309 κηρύσσων
3130 1234 3230 1307 ὁρᾷ
3273 1233 3369 1294 τὰς
3417 1236 3527 1287 τῶν
3575 1231 3874 1308 ἀνθρώπων

2233 1323 2415 1398 ψυχὰς
2465 1319 2785 1395 παραδόξως
2840 1321 2918 1384 εἰς
2967 1322 3209 1392 ὑπακοήν
3269 1319 3589 1394 ἐλκομὲνας.
3646 1321 3878 1381 Μᾶλλον

2233 1413 2339 1488 γὰρ
2397 1413 2666 1487 ῥώννυται
2723 1412 2799 1474 είς
2850 1414 2914 1468 τὸ
2996 1412 3306 1485 κηρύσσειν.
3370 1413 3473 1469 Καὶ
3529 1412 3654 1468 ὅταν
3710 1412 3878 1469 πάλιν

2236 1504 2433 1577 ὁρῶσιν
2466 1502 2519 1556 οἱ
2553 1502 2814 1577 μαθηταὶ,
2873 1501 2964 1556 σὺν
3034 1499 3217 1557 ἐλπίδι
3281 1498 3475 1578 βεϐαίᾳ
3529 1504 3622 1560 τὸν
3669 1505 3882 1576 κήρυκα

2232 1595 2332 1662 τήν
2363 1594 2547 1650 πίστιν
2570 1590 2960 1668 παραδιδόντα,
2996 1591 3210 1661 μᾶλλον
3264 1592 3627 1670 ὕποδέχονται
3657 1594 3880 1666 ταύτην,

2234 1683 2325 1739 καὶ
2367 1682 2510 1738 οὕτω
2542 1681 2630 1737 διά
2656 1689 2758 1754 τῆς
2789 1682 2839 1737 ἐν
2867 1681 3145 1753 ἀλλήλοις
3174 1681 3409 1746 πίστεως
3441 1684 3684 1759 ἑκάτεροι
3709 1703 3879 1758 παραυ

2234 1772 2546 1829 καλοῦνται.

2311 2039 2387 2097 Ού
2419 2038 2562 2096 θέλω
2603 2037 2659 2095 δὲ
2720 2041 2856 2112 ὑμᾶς
2910 2041 3146 2116 ἀγνοεῖν,
3206 2038 3457 2120 ἀδελφοί,
3517 2035 3599 2095 ὅτι
3658 2038 3877 2096 πολλά-

2237 2151 2322 2192 κις
2377 2131 2686 2205 προεθέμην
2742 2128 2918 2186 ἐλθεῖν
2977 2131 3114 2207 πρὸς
3195 2131 3357 2205 ὑμᾶς,
3448 2130 3535 2184 καὶ
3598 2129 3881 2200 ἐκωλύθην

2240 2217 2372 2295 ἄχρι
2428 2224 2525 2275 τοῦ
2607 2217 2784 2296 δεῦρο,
2863 2217 2951 2275 ’ίνα
3029 2219 3236 2295 καρπόν
3320 2241 3437 2276 τινα
3488 2223 3610 2295 σχῶ
3678 2219 3768 2274 καὶ
3825 2217 3876 2273 ἐν

2240 2309 2391 2382 ύμῖν,
2450 2310 2632 2374 καθὼς
2719 2310 2808 2365 καὶ
2866 2309 2920 2365 ἐν
2974 2315 3091 2371 τοῖς
3170 2308 3390 2373 λοιποῖς
3458 2307 3674 2379 ἔθνεσιν,
3754 2306 3882 2363 Ἕλ-

2240 2397 2373 2470 λησί
2426 2421 2485 2455 τε
2540 2400 2629 2454 καὶ
2682 2394 3003 2475 βρρϐάροις,
3061 2405 3251 2478 σοφοῖς
3314 2421 3373 2455 τε
3452 2399 3544 2454 καὶ
3628 2399 3880 2469 ἀνοήτοις

2243 2485 2270 2541 ὀ
2317 2485 2459 2543 ..λι-
2617 2488 2633 2542 ἷ
2692 2488 2703 2507 1
2833 2485 2859 2506 Ἰ
3030 2490 3045 2510 \
3215 2491 3226 2510 τ
3355 2489 3371 2507 ς
3531 2488 3543 2509 Ι
3586 2511 3594 2525 1
3864 2486 3879 2505 \

2275 2510 2358 2567 (ρει
2406 2510 2530 2557 ιιης
2588 2510 2722 2562 εμι.
2785 2494 2940 2544 Ουτω
2991 2511 3053 2544 το
3109 2510 3208 2544 κατ
3284 2489 3383 2562 ἐμε
3440 2500 3722 2561 προθομον
3792 2509 3882 2543 και

2241 2577 2367 2650 ύμῖν
2434 2583 2548 2640 τοῖς
2635 2577 2686 2632 ἐν
2768 2580 2955 2654 Ῥώμῃ
3046 2576 3519 2656 εὐαγγελίσασθαι·
3608 2576 3684 2634 Ού
3777 2578 3882 2653 γὰρ

2238 2666 2643 2745 ἐπαισχύνομαι
2693 2668 2757 2722 τὸ
2828 2665 3160 2742 Εὖαγγέλιον
3240 2670 3338 2723 τοῦ
3395 2671 3662 2741 Χριστοῦ·
3722 2662 3886 2720 δύνα-

2242 2777 2333 2828 μις
2390 2756 2491 2832 γὰρ
2553 2760 2688 2811 Θεοῦ
2745 2755 2887 2811 ἐστιν
2946 2755 3022 2818 εἷς
3081 2756 3357 2832 σωτηρίαν
3443 2755 3605 2811 παντὶ
3660 2760 3735 2828 τῷ
3791 2777 3888 2811 πι-

2237 2844 2501 2912 στεύοντι,
2530 2842 2780 2918 Ἰουδαίῳ
2807 2867 2867 2901 τε
2895 2850 3110 2921 πρῶτον
3142 2846 3233 2902 καὶ
3264 2844 3525 2916 Ἕλληνι.

2309 2933 2372 2990 Εἰ
2405 2934 2496 2989 οὗν
2532 2935 2673 3010 εὔχῃ
2703 2934 2901 3006 ἐλθεῖν,
2934 2935 3024 2991 καὶ
3065 2933 3153 2991 ἐπὶ
3213 2931 3424 3009 ὠφελίᾳ
3470 2928 3636 3010 ἔρχῃ,
3690 2934 3743 2988 τί
3804 2936 3879 3007 μὴ

2236 3025 2511 3099 παραγένῃ
2540 3042 2553 3092 ;
2587 3023 2926 3095 Έκωλύθην,
2968 3024 3152 3102 φησίν.
3208 3024 3317 3079 Ούκ
3361 3020 3442 3079 ἔτι
3493 3021 3549 3079 δέ
3596 3025 3886 3098 περιεργά-

2238 3118 2378 3182 ζιτάι
2416 3116 2516 3184 τὴν
2549 3112 2722 3169 αἶ’τίαν
2774 3115 2873 3183 τῆς
2930 3112 3246 3176 κωλύσεως
3314 3114 3379 3168 ού
3436 3112 3538 3190 γάρ
3596 3115 3758 3186 ἡμῶν
3817 3112 3879 3166 τὸ

2237 3202 2479 3256 ἀπαιτεῖν
2531 3200 2749 3264 εὐθύνας
2807 3202 2959 3270 Θεὸν,
3020 3199 3092 3255 ὧν
3173 3199 3405 3272 κελεύει,
3491 3199 3639 3255 ἀλλά
3713 3201 3877 3272 μόνον

2235 3290 2542 3348 ὑπακούειν.
2576 3315 2603 3343 ‹‹
2634 3294 2746 3347 Ἰνα
2784 3290 2902 3346 τινὰ
2958 3290 3187 3366 καρπόν·
3220 3314 3249 3342 ››
3312 3288 3532 3351 Πάντως
3592 3287 3735 3343 εἲποι
3792 3309 3876 3350 τις

2233 3379 2314 3436 ἄν’
2351 3380 2446 3436 Διά
2486 3385 2647 3436 τοῦτο
2700 3380 3004 3452 ἐκωλύθης,
3063 3379 3146 3435 ὅτι
3205 3378 3267 3435 ού
3322 3380 3462 3435 κατά
3515 3385 3647 3435 Θεὸν
3698 3378 3878 3435 ἐλθεῖν

2232 3466 2465 3526 ἐϐούλου
2517 3470 2800 3544 Ούμενεῦν,
2863 3470 3016 3547 φησί.
3077 3471 3294 3545 Καρπὸν
3340 3469 3441 3544 γὰρ
3488 3474 3641 3543 σχεῖν
3686 3467 3777 3523 καὶ
3829 3465 3881 3522 ἐν

2238 3561 2366 3632 ὑμῖν
2395 3559 2621 3630 ἢθελου,
2671 3560 2876 3635 καρπὸν
2938 3556 3140 3633 λέγων,
3197 3560 3260 3614 τὸ
3316 3558 3391 3620 εἷς
3444 3559 3627 3613 πίστιν
3686 3556 3878 3619 αὐτοὺς

2231 3646 2528 3724 ἐναγαγεῖν.
2563 3651 2630 3705 Ἥ
2665 3650 2860 3713 οὓτως·
2894 3648 2990 3719 Τὸ,
3024 3673 3053 3700 ‹‹
3086 3649 3198 3705 "Iv:
3235 3649 3357 3703 τινὰ
3415 3648 3619 3722 καρπὸν
3675 3651 3817 3722 σχῶ,
3854 3670 3880 3697 n

2232 3739 2349 3792 καθ’
2411 3734 2710 3813 ὑπερϐατὸν
2798 3736 3032 3812 εἷ’ρηται.
3119 3738 3195 3794 Τὸ
3247 3738 3349 3813 γὰρ
3434 3736 3735 3791 ἀκόλουθον
3792 3733 3877 3805 εἴη

2234 3826 2316 3881 liv;
2356 3854 2375 3879 ι
2414 3825 2691 3889 Πολλὲίκις
2721 3829 3032 3903 προεθέμην
3066 3826 3240 3890 ἐλθεῖν
3276 3827 3408 3902 πρὸς
3445 3827 3605 3898 ὑμᾶς,
3637 3824 3728 3878 ἳνα
3756 3845 3883 3897 καρ-

2232 3917 2333 3973 πόν
2352 3939 2471 3972 τινα
2502 3922 2622 3992 σχῶ
2651 3920 2743 3972 καὶ
2775 3917 2827 3971 ἐν
2862 3918 3012 3990 ὑμῖν,
3074 3915 3198 3973 ἀλλ’
3257 3913 3535 3985 ἐκωλύθην
3592 3912 3726 3988 ἄχρι
3782 3917 3879 3967 τοῦ

2235 4004 2411 4081 δεῦρο.
2450 4031 2477 4059 ››
2507 4003 2667 4063 Ἀλλ’
2718 4005 2861 4062 εἴποι
2908 4027 3015 4076 τις,
3067 4007 3150 4060 ὅτι
3196 4005 3259 4063 Εἰ
3307 4007 3341 4074 ἡ
3380 4004 3559 4065 πίστις
3602 4002 3780 4057 αὐτῶν
3830 4000 3882 4055 ἐν

2236 4094 2350 4168 ὅλῳ
2406 4100 2486 4167 τῷ
2543 4095 2735 4169 κόσμῳ
2792 4092 3226 4173 κατηγγέλλετο,
3294 4094 3410 4150 τίνα
3455 4092 3660 4168 καρπὸν
3718 4090 3880 4153 αὐτὸς

2233 4184 2395 4254 ἤθελε
2443 4185 2883 4261 παραγενόμενος
2938 4189 3290 4260 παρασχεῖν,
3351 4181 3530 4239 Ἀλλά
3583 4179 3728 4236 πολὺ
3784 4179 3877 4253 μὶν

2234 4273 2348 4343 οὖν,
2382 4271 2628 4348 ἐροῦμεν.
2666 4273 2728 4328 Εἰ
2759 4274 2864 4350 γὰρ
2919 4273 3010 4328 καὶ
3059 4271 3547 4338 ἐπεπιστεύκεισαν,
3612 4268 3879 4342 παμπόλ-

2234 4361 2345 4418 λων
2371 4360 2523 4438 ὄμως
2555 4360 2787 4419 ἐδέοντο.
2819 4366 2925 4419 Καῖ
2951 4366 3112 4418 τοῦτο
3144 4359 3431 4432 δηλοῦται,
3471 4360 3559 4414 καὶ
3615 4355 3686 4413 δι’
3741 4358 3879 4427 ὅλης

2233 4460 2334 4523 τῆς
2365 4452 2685 4522 ἐπιστολῆς,
2716 4452 2805 4508 καὶ
2837 4453 2942 4527 πρὸ
2969 4450 3164 4527 ὀλίγου
3195 4450 3466 4526 λέγοντος·
3501 4448 3592 4510 Εἷς
3623 4447 3683 4503 τὸ
3743 4467 3879 4518 στη-

2973 4542 3137 4612 ἡνίκα
3193 4544 3268 4616 μὴ
3335 4541 3534 4617 κρίνειν
3592 4538 3879 4611 ἀλλήλους

2235 4638 2506 4709 παραινεῖ,
2548 4634 2638 4689 καὶ
2684 4631 2832 4689 ἀλλα
2893 4633 3079 4708 μυρία·
3146 4631 3240 4688 ’ίνα
3296 4633 3415 4688 τινὰ
3471 4632 3682 4707 καρπὸν
3735 4633 3879 4708 σχῶ,

2235 4724 2390 4801 φησὶ,
2423 4728 2582 4778 τοῦτο
2616 4723 2709 4795 μὲν
2739 4720 2969 4791 δεικνὺς,
3024 4722 3108 4777 ’ὀτι
3166 4723 3193 4776 ὁ
3260 4722 3477 4777 ἐκείνων
3538 4720 3746 4795 καρπὸς
3806 4720 3885 4774 οἱ·

2234 4817 2379 4874 κεῖος
2409 4809 2682 4886 ἐλογίζετο
2714 4810 2921 4887 καρπὸς
2949 4815 3029 4883 τῷ
3063 4809 3288 4883 Παύλῳ.
3330 4810 3520 4872 Οὕτως
3569 4811 3674 4884 γαρ
3723 4805 3883 4883 ἔχαι-

2240 4920 2324 4975 ρεν
2350 4901 2400 4958 ἐν
2428 4907 2543 4964 τοῖς
2584 4906 2682 4958 τοῦ
2738 4900 2974 4971 πλησίον
3030 4901 3469 4975 κατορθώμασιν,
3529 4898 3670 4954 ὥστε
3724 4899 3884 4960 αὐτὸς

2235 4990 2383 5071 ἔχειν
2413 4996 2604 5067 ἡγεῖτο
2633 4992 2724 5047 τὸν
2761 4992 2989 5065 καρπόν.
3050 4993 3224 5048 Τοῦτο
3283 4987 3361 5059 δὲ,
3409 4987 3490 5043 ὅτι
3548 4986 3722 5044 ἕνεκεν
3782 4994 3881 5057 τῆς

2234 5086 2410 5141 αὐτῶν
2470 5080 2709 5159 ὠφελίας
2765 5082 2864 5148 τήν
2923 5081 3058 5154 πρὸς
3116 5080 3315 5141 αὐτοὺς
3387 5073 3609 5133 ἔσπευδε
3666 5075 3881 5133 στείλα-

2235 5186 2356 5239 σθαι
2382 5172 2624 5248 πορείαν.
2658 5166 2887 5230 Ἄλλως
2915 5189 2973 5224 τε
2999 5168 3090 5223 καὶ
3124 5168 3345 5223 Παύλου
3397 5168 3602 5241 καρπὸς
3641 5165 3709 5234 ἦν
3740 5162 3882 5235 ἀλη-

2234 5266 2343 5326 θῶς
2376 5264 2404 5318 ὁ
2431 5260 2648 5317 ἐκείνων
2681 5258 2908 5331 καρπός.
2941 5257 3089 5314 Ἐπεὶ
3144 5258 3249 5334 γὰρ
3303 5251 3461 5334 ἔργον
3490 5259 3554 5325 ἦν
3586 5255 3733 5327 αὐτῷ
3786 5255 3871 5308 καὶ

2233 5349 2442 5420 σπουδή
2472 5350 2535 5405 τὸ
2562 5346 2926 5427 καρποφορεῖν
2956 5346 3022 5401 τὰ
3062 5340 3209 5416 ἔθνη,
3268 5346 3455 5408 καλῶς
3513 5344 3565 5401 ἐν
3623 5347 3689 5417 τῇ
3750 5340 3881 5397 ἐκεί-

2230 5462 2336 5496 νων
2367 5436 2713 5520 καρποφορίᾳ
2743 5439 2778 5506 ἡ
2809 5441 2904 5490 τοῦ
2937 5434 3156 5490 Παύλου
3195 5435 3465 5491 ἐδείκνυτο
3510 5431 3874 5509 καρποφορίαο

2233 5527 2394 5586 Ἀλλ’
2427 5519 2602 5591 οὕτως
2638 5528 2731 5602 μὲν
2761 5522 2947 5580 ταῦτα.
2980 5526 3134 5583 Ἔστι
3166 5520 3224 5579 δέ
3272 5526 3362 5580 καὶ
3419 5524 3496 5597 μή
3551 5521 3666 5577 καθ’
3715 5519 3883 5596 ὑπερ-

2230 5613 2394 5675 ϐατὸν
2417 5618 2479 5675 τὸ
2508 5616 2715 5694 χωρίον
2749 5609 3180 5689 ἐκλαϐομένους,
3224 5612 3349 5670 ἀλλ’
3401 5613 3476 5676 ὡς
3527 5605 3646 5687 ἔχει
3677 5608 3883 5684 τάξεως
