4176 6200
300 321 418 379 3³3

1383 316 1802 381 COMMENT.
1854 319 1928 379 lN
1973 319 2213 381 EPIST.
2261 321 2363 380 AD
2410 322 2604 384 ROM.

3598 321 3715 382 334

297 453 736 533 παρειληφότας,
778 457 1028 510 τοιοότον
1060 454 1112 508 ἐν
1146 454 1298 525 αὐτῷ
1359 456 1621 528 θηρᾶσθαι
1660 455 1754 507 τὸν
1819 456 1962 508 νοῦν.

2077 456 2318 511 tiﬁcatio
2347 456 3002 512 ostendebaturEthaec
3019 457 3260 528 quidem
3280 457 3362 512 ita
3388 473 3449 513 se
3473 458 3713 516 habent.

304 542 623 611 Ἐκωλύθην
658 542 792 618 ἃχρι
852 548 950 599 τοῦ
1011 541 1190 617 δεῦρο.
1251 544 1451 610 Διατί;
1493 544 1678 621 φησίν.
1710 545 1822 597 *Ινα
1885 543 1960 614 μὴ

305 633 496 686 θᾶττον
525 630 725 700 ἐλθὼν,
763 634 1039 707 ἀκάρπους
1071 633 1208 704 ὑμᾶς
1248 628 1328 686 ἔτι
1375 627 1690 687 καταλάϐω.
1727 631 1818 686 Διὸ
1873 630 1963 684 καὶ

302 717 654 793 ἀνεϐαλόμην
689 723 787 790 τήν
817 722 1140 795 παρουσίαν,
1170 721 1274 784 ἓως
1309 723 1371 776 οὗ
1403 721 1493 775 καὶ
1554 720 1605 774 ἐν
1649 721 1776 792 ὑμῖν
1833 740 1967 793 καρ-

303 811 404 865 πόν
435 833 561 866 τινα
596 809 965 885 βλαστάνοντα
1005 818 1105 879 τῆς
1155 811 1392 871 πίστεως
1448 808 1594 879 ἄξιον
1653 810 1739 863 καὶ
1775 807 1963 876 τελεσέ

306 901 646 975 (ξυρούμενον
715 902 893 972 μάθω.
953 903 1107 958 Ἐστι
1160 897 1218 954 δὲ
1275 900 1365 954 καὶ
1422 897 1608 960 ἄλλως
1665 899 1726 952 τὸ
1783 898 1966 968 νόημα

307 987 560 1044 συνιδεῖν.
596 989 926 1060 Ἐκωλύθην
955 988 1085 1065 ἄχρι
1116 994 1213 1044 τοῦ
1237 987 1415 1063 δεῦρο.
1450 988 1600 1042 Διατί
1639 1006 1651 1055 ;
1682 989 1802 1043 “Ott
1833 1007 1966 1061 καρ-

302 1079 403 1132 πόν
461 1099 580 1132 τινα
638 1076 715 1132 ἔτι
781 1099 875 1150 μοι
926 1078 1216 1152 συνέλεγον
1274 1075 1552 1131 λείποντα.
1618 1077 1721 1130 Καὶ
1761 1075 1964 1144 ταύτην

299 1169 401 1237 τὴν
434 1167 644 1222 ἔννοιαν
679 1167 769 1222 ἐπὶ
820 1168 966 1223 τὲλει
1025 1175 1123 1236 τῆς
1181 1167 1479 1234 ἐπιστολῆς
1539 1163 1650 1220 ἔστι
1712 1158 1966 1237 βεϐαιου-

307 1257 474 1330 μὲνην
510 1253 666 1324 ἰδεῖν,
714 1254 896 1330 ὥσπερ
957 1254 1414 1332 ὶπιλογιζομένου
1467 1258 1566 1309 τοῦ
1625 1251 1964 1310 Ἀποστόλου

298 1347 368 1401 τὰ
406 1348 874 1419 προοιμιασθὲντα
944 1347 1045 1402 Καὶ
1079 1348 1182 1420 γάρ
1217 1365 1372 1422 φησι·
1417 1346 1510 1399 Διὸ
1549 1343 1638 1398 καὶ
1675 1341 1964 1397 ἐνεκοπτό-

309 1457 418 1507 μην
453 1433 633 1498 ἐλθεῖν
665 1434 801 1506 πρὸς
854 1435 1014 1506 ὑμᾶς,
1047 1435 1157 1488 νυνῖ
1218 1431 1275 1488 δὲ
1328 1434 1523 1507 μηκέτι
1571 1429 1715 1506 ἔχων
1801 1430 1968 1484 τόπον

300 1519 355 1575 ἐν
385 1527 501 1584 τοῖς
534 1523 765 1596 κλίμασι
797 1523 1038 1592 τούτοις,
1070 1522 1365 1596 ἐλεύσομαι
1422 1523 1560 1597 πρὸς
1613 1522 1773 1593 ὑμᾶς·
1806 1521 1966 1574 Ὥστε

303 1608 458 1674 ὁὲως
489 1618 587 1668 τοῦ
617 1619 709 1667 νῦν
755 1614 1118 1687 ἐλπιζόμενος
1180 1614 1254 1675 εἷς
1306 1611 1586 1686 συλλογὴν
1641 1611 1847 1684 καρπὸς
1911 1608 1964 1663 ἐν

299 1707 420 1762 τοῖς
449 1699 643 1764 ἄλλοις
702 1701 993 1776 κλίμασιν,
1053 1701 1325 1757 ἐκώλυσεν
1384 1701 1547 1756 αὐτὸν
1609 1699 1697 1754 ἐπὶ
1741 1700 1966 1771 Ῥώμην

300 1787 561 1863 δραμεῖν,
641 1789 929 1846 ἀτέλεστον
989 1791 1041 1846 ἐν
1119 1790 1338 1851 ἐκείνοις
1398 1790 1458 1844 τὸ
1516 1785 1674 1863 ἔργον
1733 1786 1965 1842 καταλι-
2004 1825 2040 1887 Ρ

2021 1874 2038 1886 ’
2077 1885 2333 1955 amplius
2366 1883 2616 1938 habeam
2669 1883 2863 1937 locum
2913 1882 2974 1936 in
3028 1881 3120 1937 his
3177 1882 3537 1954 regionibus,
3571 1881 3722 1937 208

300 1877 493 1933 πάντα.
536 1880 660 1935 Εἶτα
687 1881 771 1934 τό’
800 1906 826 1931 α
862 1879 962 1936 Κα“.
999 1878 1050 1933 ἐν
1083 1880 1236 1951 ὑμῖν,
1273 1900 1296 1931 ι
1329 1879 1422 1932 καὶ
1485 1878 1552 1932 τὰ
1601 1878 1745 1947 ἑξῆς,
1781 1876 1962 1949 ὥσπερ

303 1966 723 2031 ἀντιπίπτοντος
757 1968 912 2030 λύσις
934 1967 1100 2024 ἐστίν.
1135 1967 1283 2032 Οἶον,
1327 1967 1408 2033 Τί,
1451 1969 1632 2044 φησῖν,
1664 1965 1715 2020 ἐν
1737 1967 1870 2038 ἡμῖν
1901 1964 1962 2018 οὐ

299 2055 501 2128 μέλλει
535 2078 617 2112 σοι
649 2059 854 2132 καρπὸν
891 2065 1074 2133 σχεῖν;
1114 2059 1410 2135 Ναὶ,φησὶ,
1442 2057 1532 2110 καὶ
1565 2055 1616 2110 ἐν
1653 2056 1779 2127 ὑμῖν
1802 2053 1962 2108 τοῦτο

303 2143 545 2218 σπεύδω,
571 2151 738 2201 τοῦτο
761 2145 1025 2216 ἐπιζητῶ,
1058 2145 1348 2221 ὀφειλέτης
1381 2145 1518 2217 εἰμὶ,
1572 2147 1834 2218 χρεωστῶ
1864 2148 1962 2196 πᾶ-

300 2255 407 2292 σιν.
440 2258 463 2288 ι
501 2235 691 2297 Καθὼς
723 2237 812 2290 καὶ
836 2235 890 2290 ἐν
915 2241 1032 2297 τοῖς
1066 2237 1284 2296 λοιποῖς
1336 2233 1558 2290 ἔθνεσιν.
1623 2258 1648 2284 ››
1707 2236 1799 2304 Tt];
1839 2253 1960 2287 συν-

304 2325 497 2379 άπτειν
529 2325 722 2387 αὐτοὺς
753 2331 868 2387 τοῖς
901 2323 1520 2387 λοιποῖς,καταστέλλει
1550 2324 1730 2378 αὐτῶν
1751 2324 1814 2378 τὸ
1835 2324 1962 2402 φρό-

296 2434 364 2482 νη
378 2435 512 2486 μα.‹ι
538 2413 780 2485 Ἕλλησί
810 2436 865 2469 τε
895 2415 982 2470 καὶ
1017 2409 1380 2490 Βαρϐαροις.»
1407 2411 1958 2490 Ὦσπερ,φησὶν,Ἒλ-

305 2518 440 2571 Λησι
474 2503 564 2557 καὶ
602 2498 928 2576 Βαρὸἀροις,
961 2504 1104 2558 οὕτω
1152 2503 1241 2558 καὶ
1277 2503 1406 2576 ὑμῖν
1473 2501 1758 2579 ὀφειλέτης
1818 2500 1954 2573 εἶμί.

296 2616 324 2643 ιι
360 2591 687 2671 Ὁφειλέτης
717 2592 852 2666 εἰμί,
877 2618 903 2643 ››
932 2590 1100 2650 Οόδὲν
1135 2591 1296 2660 ἴδιον,
1327 2592 1484 2670 φησί,
1517 2588 1738 2664 δίδωμι.
1771 2592 1956 2667 Ὀφει-

291 2678 464 2750 λέτης
498 2681 613 2752 εἰμί
638 2687 799 2736 niam
817 2679 1389 2758 εὐαγγελίσασθαι,καὶ
1423 2678 1716 2754 πληρῶσαι
1745 2681 1844 2748 τὴν
1865 2675 1958 2732 δο-⁸

291 2772 476 2825 Θεῖσάν
510 2791 604 2843 μοι
638 2768 890 2841 ἐντολήν.
925 2797 950 2822 ι(
988 2771 1149 2826 Οὕτω
1177 2771 1278 2844 γὰρ
1337 2771 1457 2824 κατ’
1508 2767 1626 2840 ἐμέ.
1672 2793 1699 2819 ››
1731 2770 1956 2842 Ὠσπερ,

295 2859 491 2932 φησὶν,
525 2859 763 2929 Ἕλλησι
795 2861 884 2914 καὶ
917 2854 1245 2934 Βαρϐαροις,
1279 2864 1468 2934 σοφοῖς
1497 2879 1555 2912 τε
1584 2859 1672 2912 καὶ
1705 2857 1958 2927 ἀνοήτοις

297 2946 597 3028 ὀφειλέτης
627 2949 765 3021 εἰμὶ,
800 2949 994 3011 οὕτως,
1013 2951 1136 3003 ὅσον
1171 2949 1299 3017 ἧκεν
1320 2948 1396 3009 εἷς
1427 2950 1526 3016 τήν
1557 2948 1694 3020 ἐμὴν
1715 2945 1956 3016 σπουδὴν

300 3037 395 3092 καὶ
427 3039 760 3113 προθυμίαν,
790 3041 883 3093 καὶ
918 3039 1046 3110 ὑμῖν
1080 3035 1536 3112 εὐαγγελίσασθαι
1570 3036 1854 3111 χρεωστῶ.
1882 3035 1958 3092 Τὸ

293 3128 425 3204 γὰρ,
461 3151 487 3179 α
523 3125 842 3206 Ὀφειλετης
874 3127 1011 3200 εἰμὶ,
1033 3155 1050 3176 ι
1079 3127 1184 3182 ἀπὸ
1215 3131 1402 3182 κοινοῖ)
1435 3123 1666 3181 δεκτέον.
1705 3151 1730 3176 (ι
1763 3125 1836 3178 Οὐ
1853 3125 1956 3200 γὰρ

293 3217 729 3292 ἐπαισχύνομαι.
774 3241 800 3268 ››
835 3219 984 3274 Ἐπεὶ
1019 3215 1074 3272 δὲ
1119 3223 1234 3278 τοῖς
1291 3216 1537 3278 ἀπίστοις
1569 3214 1758 3270 πολλᾶ
1789 3211 1976 3283 ἄδοξα

296 3304 449 3362 δοκεῖ
480 3308 615 3362 εἶναι
648 3306 698 3361 ἐν
731 3312 808 3378 τῷ
867 3305 1209 3384 Εὐαγγελίῳ,
1244 3307 1357 3361 οἷον
1411 3307 1438 3359 6
1473 3305 1725 3379 σταυρὸς,
1784 3305 1811 3358 6
1859 3304 1950 3358 θά-

293 3417 476 3463 νατος,
508 3399 543 3465 ἡ
572 3401 680 3450 τῶν
727 3392 1006 3452 Ἰουδαίων
1036 3395 1312 3470 παροινία,
1342 3393 1479 3455 τὲως
1534 3392 1731 3455 αὐτοὺς
1786 3397 1952 3448 τοῦτο

299 3482 568 3553 διδάσκει,
605 3483 774 3558 μηδὲν
823 3483 875 3538 ἐν
932 3486 1082 3556 αὐτῷ
1139 3483 1329 3554 ἄδοξον
1390 3483 1662 3550 ὑπονοεῖν,
1717 3483 1808 3537 καὶ
1868 3479 1957 3537 διὰ

295 3579 466 3629 τοῦτο
497 3573 871 3637 αἶσἈύνεσθαι·
923 3575 1037 3628 εἶτα
1105 3573 1300 3628 λοιπὸν
1359 3567 1668 3647 προϐαίνων
1727 3573 1816 3626 καὶ
1874 3571 1955 3643 ἐξ-

293 3663 442 3737 αἴρει
472 3663 534 3716 τὸ
583 3661 948 3738 Εύαγγέλιον.
1008 3663 1103 3716 Καὶ
1163 3660 1372 3722 ἄλλως.
1435 3657 1655 3730 Ἐπειδή
1715 3658 1956 3722 πολλοῖς

296 3754 713 3827 προτερήμασιν
804 3753 857 3807 οἱ
942 3753 1213 3824 Ῥωμαῖοι
1273 3753 1409 3826 μέγα
1466 3749 1750 3825 ἐφρόνουν,
1836 3752 1954 3804 οἷον

291 3841 548 3913 πλούτῳ,
579 3839 880 3914 δυναστείᾳ,
917 3843 1098 3918 σοφίᾳ.
1130 3846 1309 3913 Ὑμεῖς
1345 3841 1464 3911 μὲν,
1499 3841 1688 3915 φησὶν,
1714 3838 1800 3894 ἐπί
1830 3840 1954 3894 τού-

291 3951 410 3992 τοις
448 3933 587 4004 μὲγα
619 3935 883 4007 φρονεῖτε.⁹
940 3930 1054 4005 ἐγὼ
1110 3927 1166 3983 δὲ
1222 3929 1352 3982 Θεὸν
1406 3929 1657 4001 κηρύξων
1718 3923 1958 4006 ἔρχομαι

290 4017 342 4074 ἐν
377 4017 528 4092 μέσῳ
562 4019 750 4092 ὑμῶν,
781 4019 871 4073 καὶ
926 4019 1026 4073 οὐκ
1084 4017 1442 4091 αἰσχύνομαι.
1477 4017 1627 4072 Διατί
1665 4037 1677 4085 ;
1721 4019 1958 4089 Δύναμις

289 4110 390 4182 γὰρ
424 4113 563 4164 Θεοῦ
589 4107 755 4175 ἐστιν,
795 4107 872 4168 εἰς
906 4105 1180 4182 σωτηρίαν
1213 4110 1322 4160 τῶν
1382 4103 1719 4184 δεχομένων.
1759 4105 1960 4168 Καλῶς

297 4195 354 4252 δὲ
381 4198 471 4266 τὸ,
513 4221 540 4252 α
575 4195 668 4259 Εἲς
694 4196 970 4272 σωτηρίαν
1037 4221 1062 4247 υ
1095 4198 1213 4253 Ἐνι
1245 4196 1346 4271 γὰρ
1405 4195 1482 4256 εἷς
1539 4194 1809 4270 τιμωρίαν
1867 4193 1962 4249 δύ-

299 4308 462 4360 ναμις
494 4291 651 4342 Θεοῦ.
700 4286 793 4346 Εἰς
852 4287 1128 4360 σωτηρίαν
1181 4283 1261 4350 δὲ,
1319 4285 1383 4338 οὐ
1441 4284 1623 4352 παντὶ,
1685 4283 1830 4339 ἀλλὰ
1884 4289 1964 4355 τῷ

311 4374 643 4430 πιστεύοντι.
677 4377 808 4436 Τοῖς
859 4375 962 4451 γὰρ
1019 4376 1300 4436 ἀπειθοῦσι
1358 4371 1583 4428 κόλασιν
1639 4373 1854 4428 ἀπειλεῖ
1902 4372 1964 4427 τὸ

304 4463 670 4540 Εύαγγέλιον.
719 4490 739 4515 ι
777 4463 1052 4521 Ἰουδαίων
1083 4484 1142 4519 τε
1169 4469 1406 4537 πρῶτον.
1448 4487 1475 4514 ››
1526 4464 1801 4536 Ῥήματος
1863 4462 1965 4534 μό-

297 4575 385 4610 νον
417 4555 556 4628 τιμή
592 4554 654 4607 τὸ
700 4577 727 4604 ‹‹
793 4554 1042 4627 Πρῶτον,
1110 4579 1128 4603 ι
1195 4553 1258 4607 οὐ
1316 4554 1542 4627 χάριτος
1593 4550 1958 4622 πλεονασμός,

2076 4559 2417 4630 his,inquit,
2453 4558 2770 4614 efferimini
2808 4575 2820 4613 :

297 4650 356 4702 Ὀ
407 4645 514 4718 γὰρ
571 4642 833 4706 Ἰουδαῖος
883 4645 1190 4700 ἀπαιτεῖται
1249 4649 1469 4718 πρῶτον
1527 4641 1818 4710 πιστεύειν,
1876 4642 1968 4696 an

308 4731 374 4802 δή
405 4732 800 4809 κατηχημένος
825 4735 892 4788 τα
923 4733 1044 4808 περὶ
1094 4738 1191 4788 τοῦ
1252 4734 1487 4806 Χριστοῦ
1535 4731 1595 4785 ἐκ
1648 4731 1822 4804 νόμου
1877 4731 1966 4785 καὶ

306 4829 408 4878 τῶν
443 4828 768 4900 προφητῶν,
818 4821 1030 4895 μᾶλλον
1079 4828 1186 4877 τῶν
1247 4821 1432 4876 ἐθνῶν.
1470 4821 1572 4877 Καὶ
1633 4820 1717 4874 ὅτι
1776 4821 1822 4874 εί
1880 4823 1970 4877 καὶ

314 4912 405 4967 ἐπὶ
438 4916 602 4985 κοινῇ
631 4918 728 4967 τοῦ
758 4911 943 4987 γένους
977 4908 1600 4986 σωτηρίᾳέπεδγςμησεν
1636 4911 1663 4964 ὁ
1720 4911 1971 4984 Χριστὸς,

317 5001 442 5056 ἀλλ’
481 5003 576 5055 οὖν
618 5001 670 5056 ἐν
703 5007 819 5065 τοῖς
851 4998 1133 5062 Ἰουδαίοις
1163 5002 1250 5054 καὶ
1313 4998 1575 5075 ἐγεννήθη
1635 4997 1725 5053 καὶ
1783 4997 1974 5054 ἐπολι-

315 5091 567 5162 τεύσατο,
600 5091 690 5144 καὶ
725 5088 950 5161 ἐδίδαξε,
994 5090 1084 5144 καῖ
1143 5091 1240 5150 τας
1290 5088 1615 5160 θεοσημείας
1676 5087 1728 5141 ἐν
1790 5088 1976 5150 αὐτοῖς

319 5179 627 5253 εἰργάσατο,
662 5176 732 5233 δι’
765 5177 798 5233 ἄ
826 5181 994 5234 πάντα
1026 5178 1307 5255 ὀφειλέται
1338 5175 1471 5232 εἰσὶν
1533 5173 1790 5233 Ἰουδαῖοι
1823 5181 1974 5250 πρῶ-

317 5291 401 5326 τοι
431 5270 705 5325 πιστεύειν
736 5270 812 5332 εἷς
841 5271 1092 5343 Χριστὸν,
1130 5267 1272 5342 ἤπερ
1303 5268 1372 5322 τὰ
1401 5261 1549 5336 ἔθνη.

2071 547 2388 600 Possumus
2419 552 2617 601 autem
2651 553 2708 602 et
2739 547 2933 602 locum
2966 547 3124 602 hunc
3142 564 3263 602 non
3286 563 3393 618 per
3423 547 3716 618 hyperba-

2071 639 2171 689 ton
2203 637 2491 706 accipere,
2528 636 2631 690 sed
2664 636 2870 690 ordine
2899 654 3013 706 quo
3034 637 3259 706 positus
3292 641 3381 691 est
3410 653 3722 690 assumen—

2071 729 2178 784 tes,
2208 722 2385 778 talem
2410 741 2475 778 ex
2509 742 2576 778 eo
2610 741 2848 779 sensum
2871 725 3221 780 venabimur
3245 743 3257 779 :
3277 726 3568 780 Hactenus
3588 742 3722 796 pro»

2070 811 2293 866 hibitus
2321 830 2471 868 sum.
2507 814 2973 884 Quare,inquit?
3001 817 3081 869 Ne
3112 816 3284 869 citius
3311 815 3725 880 accedens,vos

2072 899 2266 956 adhuc
2299 901 2699 957 infructuosos
2730 903 3240 973 deprelienderem
3270 920 3283 969 ;
3334 902 3588 974 ideoque
3620 903 3725 958 ad-

2072 996 2309 1044 ventum
2343 989 2571 1055 distuli,
2605 1006 2914 1060 quousque
2948 991 3122 1045 etiam
3175 991 3235 1045 in
3270 991 3435 1045 vobis
3467 993 3724 1046 fructum

2071 1078 2333 1149 aliquem
2368 1081 2801 1151 germinantem
2835 1079 2992 1150 quod
3024 1080 3139 1134 {lde
3173 1081 3435 1151 dignum,
3460 1087 3636 1146 esset,
3668 1086 3726 1134 et

2062 1168 2188 1240 jam
2222 1169 2575 1239 productum
2632 1172 3021 1241 perciperem.
3057 1171 3256 1223 Potest
3295 1175 3493 1224 autem
3524 1175 3583 1224 et
3607 1169 3723 1223 alio

2072 1257 2247 1312 modo
2281 1275 2492 1312 sensus
2521 1259 2774 1329 concipi.
2829 1262 3124 1313 Hactenus
3181 1258 3513 1329 prohibitus
3566 1273 3719 1312 sum.

2072 1349 2262 1412 Quare
2286 1349 2313 1402 ‘I
2337 1349 2482 1413 Quia
2513 1349 2767 1403 fructum
2783 1349 3042 1419 aliquem
3058 1349 3202 1402 mihi
3235 1349 3427 1403 adhuc
3449 1347 3723 1403 relictum

2071 1437 2437 1509 colligebam.
2474 1439 2541 1490 Et
2572 1437 2723 1492 hanc
2785 1438 3140 1492 sententiam
3168 1439 3226 1491 in
3280 1438 3396 1492 fine
3456 1437 3722 1508 epistolas

2071 1527 2482 1581 confirmatam
2514 1527 2714 1581 videre
2745 1526 2884 1581 licet
2917 1541 2929 1581 :
2964 1528 3130 1596 quasi
3191 1526 3491 1582 reminisci
3524 1525 3724 1581 videa-

2071 1622 2168 1671 tur
2197 1617 2514 1688 Apostolus
2572 1632 2800 1683 eorum,
2862 1633 2993 1686 quas
3021 1615 3301 1686 praefatus
3350 1615 3562 1670 fuerat.
3623 1615 3721 1669 Ait

2073 1707 2228 1760 enim
2269 1721 2280 1758 :
2314 1707 2682 1775 Quapropter
2716 1704 2893 1758 etiam
2927 1704 3298 1774 impediebar
3354 1704 3716 1775 frequenter,

2073 1795 2393 1866 quominus
2424 1794 2685 1848 venirem
2736 1794 2808 1848 ad
2868 1811 2986 1848 vos.
3049 1795 3211 1848 Nunc
3269 1811 3402 1848 vero
3434 1811 3568 1849 cum
3604 1811 3722 1848 non

2076 1975 2308 2029 veniam
2337 1973 2409 2029 ad
2442 1990 2560 2028 vos.
2597 1973 2740 2044 Spes
2772 1972 2970 2042 itaque
3002 1971 3260 2026 fructum
3294 1971 3368 2026 ad
3396 1971 3507 2026 hoc
3539 1988 3726 2042 usque

2075 2070 2312 2134 tempus
2344 2061 2661 2133 colligendi
2696 2062 2756 2115 in
2815 2061 2948 2116 aliis
3007 2060 3369 2133 regionibus,
3421 2060 3728 2133 prohibuit

2075 2171 2206 2209 eum
2241 2156 2487 2209 Romam
2514 2168 2774 2219 currere,
2805 2167 2934 2206 cum
2972 2151 3097 2205 fieri
3141 2168 3259 2206 non
3291 2157 3490 2222 posset
3520 2157 3584 2205 ut
3612 2167 3728 2206 cce-

2073 2249 2238 2314 ptum
2269 2242 2425 2313 apud
2457 2241 2591 2296 illos
2621 2256 2770 2311 opus
2801 2240 3121 2296 desereret.
3156 2239 3377 2294 Deinde
3427 2239 3584 2310 quod
3629 2239 3725 2294 ad-

2073 2333 2196 2387 dit:
2231 2357 2258 2383 ‹‹
2293 2333 2480 2387 Etiam
2514 2332 2574 2386 in
2607 2330 2771 2385 vobis
2802 2353 2828 2379 ››
2863 2336 2998 2397 etc.,
3032 2336 3313 2401 tanquam
3373 2330 3722 2401 objectionis

2073 2422 2290 2477 solutio
2323 2426 2432 2475 est.
2465 2420 2636 2487 Quid,
2670 2419 2963 2490 inquient,
2998 2419 3058 2473 in
3090 2419 3263 2475 nobis
3307 2420 3566 2474 fructum
3599 2437 3719 2474 non

2073 2528 2134 2566 es
2163 2511 2476 2566 habiturus
2495 2509 2522 2564 ?
2555 2508 2903 2580 Utique,ait,
2933 2509 3106 2564 etiam
3134 2509 3194 2563 in
3218 2508 3380 2564 vobis
3400 2509 3508 2564 hoc
3540 2509 3717 2574 nitor,

2072 2601 2180 2656 hoc
2215 2601 2475 2670 requiro,
2509 2599 2742 2653 debitor
2801 2614 2954 2666 sum,
3016 2598 3114 2668 qui
3171 2598 3450 2654 omnibus
3509 2598 3716 2653 debeo.

2073 2713 2099 2742 ‹‹
2133 2689 2296 2744 Sicut
2325 2690 2502 2744 etiam
2536 2688 2595 2742 in
2615 2688 2843 2743 czeteris
2861 2687 3154 2759 gentibus.
3169 2708 3194 2738 ι
3217 2687 3453 2742 Caeteris
3471 2704 3570 2740 eos
3588 2703 3721 2741 con-

2061 2778 2321 2850 jungens
2334 2777 2610 2849 gentibus
2623 2777 2839 2832 fastum
2856 2775 3399 2846 reprimitillorum:
3418 2775 3720 2845 magisque

2068 2867 2129 2921 in
2150 2883 2217 2920 eo
2249 2866 2407 2937 quod
2445 2866 2716 2935 sequitur
2751 2881 2763 2917 :
2798 2888 2824 2912 ‹‹
2883 2866 2951 2917 Et
2981 2863 3196 2918 Graecis
3255 2869 3313 2917 et
3358 2862 3628 2916 Barbaris
3686 2885 3713 2912 »

2073 2956 2190 3009 lloc
2221 2961 2329 3012 est.
2364 2953 2518 3008 sicut
2549 2953 2765 3007 Graecis
2788 2969 2854 3006 ac
2887 2951 3179 3015 Barbaris,
3215 2951 3296 3005 ita
3327 2957 3384 3004 et
3420 2950 3581 3004 vobis
3613 2949 3714 3005 de-

2070 3041 2229 3096 bitor
2260 3057 2409 3096 sum.
2451 3063 2477 3089 ‹‹
2512 3039 2752 3095 Debitor
2782 3055 2932 3093 sum.
2970 3062 2994 3087 υ
3028 3038 3511 3109 Nihilproprium
3530 3037 3718 3104 trado,

2071 3132 2306 3186 debitor
2331 3129 2948 3201 sum,utEvangelium
2969 3127 3244 3182 omnibus
3259 3129 3633 3196 annuntiem,
3663 3135 3722 3183 et

2071 3219 2400 3290 compleam
2443 3217 2647 3272 datum
2680 3217 2824 3272 mihi
2844 3222 3227 3288 praeceptum.
3248 3238 3274 3266 «
3305 3215 3398 3270 Sic
3430 3223 3718 3287 quantum

2061 3310 2120 3364 in
2151 3325 2246 3363 me
2277 3313 2385 3362 est.
2421 3329 2448 3357 ››
2501 3305 3036 3372 Quemadmodum,
3099 3306 3315 3376 inquit,
3376 3305 3592 3360 Graecis
3650 3320 3717 3360 ac

2060 3398 2352 3465 Barbaris,
2425 3395 2794 3468 sapientibus
2853 3411 2920 3450 ac
2981 3395 3420 3466 insipientibus,
3483 3394 3718 3450 debitor

2059 3506 2210 3555 sum,
2244 3489 2326 3542 ita
2355 3493 2643 3558 quantum
2674 3486 2748 3542 ad
2781 3502 2982 3540 meum
3015 3485 3275 3540 studium
3310 3501 3377 3540 ac
3424 3484 3712 3556 prompti-

2061 3579 2328 3634 tudinem
2359 3577 2792 3649 spectat,etiam
2817 3575 2978 3630 vobis
3001 3575 3374 3648 Evangelium
3390 3575 3714 3646 prmdicare

2061 3669 2270 3724 debeo.
2293 3667 2378 3722 Ab
2410 3667 2501 3722 his
2526 3667 2685 3721 enim
2717 3684 2847 3737 quas
2868 3672 3305 3738 praecesserunt
3324 3666 3711 3737 repetendum

2064 3758 2422 3822 est,Debitor
2446 3758 2767 3812 sum.«Non
2784 3757 2941 3810 enim
2960 3755 3266 3826 pudetme.
3282 3755 3460 3819 sQuia
3481 3755 3714 3808 veroin-

2065 3846 2324 3902 credulis
2346 3845 2533 3900 multa
2553 3845 2613 3898 in
2633 3843 2942 3912 Evangelio
2962 3843 3196 3915 abjecta
3219 3858 3344 3896 esse
3368 3847 3709 3902 censentur,

2064 3941 2207 4006 puta
2227 3932 2924 3998 crux,mors,Juda30rum
2939 3929 3461 3985 debacchatiozboc
3475 3929 3716 3984 interim

2067 4025 2204 4078 illos
2234 4023 2428 4088 docet,
2461 4038 2536 4076 ne
2568 4021 2891 4091 quidquam
2925 4037 3052 4075 esse
3086 4020 3145 4073 in
3181 4036 3247 4073 eo
3280 4018 3390 4074 vile
3417 4019 3725 4091 suspicen-

2067 4119 2184 4175 tur,
2217 4118 2397 4183 atque
2430 4111 2648 4165 idcirco
2682 4109 3066 4180 pudeatillud
3099 4108 3400 4180 suscipere
3431 4125 3444 4162 :
3470 4126 3536 4163 ac
3556 4109 3726 4163 dein-

2069 4220 2210 4273 ceps
2243 4200 2626 4273 progrediens
2660 4199 3038 4271 Evangelium
3072 4200 3249 4254 etiam
3283 4199 3534 4254 extollit.
3571 4201 3724 4253 Pros-

2071 4293 2234 4346 terea
2263 4297 2322 4344 et
2351 4289 2542 4344 aliter.
2570 4289 2716 4353 Quia
2747 4294 2954 4344 cristas
2987 4288 3292 4360 erigebant
3344 4288 3591 4343 Romani
3653 4286 3726 4341 ob

2071 4381 2261 4438 multa
2291 4380 2506 4451 quibus
2539 4380 2769 4435 cmteris
2801 4380 3245 4451 prmstantiores
3272 4385 3612 4450 erant,puta
3641 4378 3728 4432 di-

2074 4471 2265 4531 vitias,
2296 4470 2650 4541 potentiam,
2702 4476 2761 4524 et
2791 4469 3144 4541 sapientiam
3179 4486 3191 4522 :
3241 4487 3340 4524 vos
3399 4468 3637 4538 quidem
3669 4468 3731 4523 in

2864 4575 2969 4632 ego
3003 4565 3201 4615 autem
3226 4558 3410 4613 Deum
3443 4557 3504 4611 in
3537 4555 3732 4611 medio

2079 4655 2336 4704 vestrum
2392 4648 2822 4720 praedicaturus
2882 4648 3156 4704 accedam
3194 4665 3207 4703 :
3242 4664 3350 4702 nec
3401 4663 3493 4701 me
3554 4647 3732 4717 hujus

2080 4738 2280 4810 pudet.
2317 4739 2708 4802 Quamobrem
2737 4738 2765 4792 ?
2793 4738 2939 4804 Quia
2971 4737 3236 4809 potentia
3289 4737 3388 4792 Dei
3423 4742 3510 4791 est
3540 4736 3610 4790 ad
3641 4751 3735 4790 sa-

2079 4828 2266 4883 lutem
2327 4827 2804 4898 suscipientium.
2840 4827 3093 4881 Pulchre
3125 4833 3322 4880 autem
3356 4825 3556 4880 addit:
3593 4847 3618 4873 ‹‹
3657 4823 3736 4879 Ad

2082 4916 2355 4971 salutem.
2393 4939 2420 4963 ››
2455 4917 2596 4970 Nam
2632 4922 2719 4969 est
2752 4921 2809 4968 et
2857 4914 2930 4968 ad
2964 4914 3255 4968 ultionem
3314 4913 3581 4985 potentia
3613 4912 3736 4971 Dei.

2084 5005 2168 5059 Ad
2202 5005 2453 5060 salutem
2486 5004 2685 5072 itaque
2717 5020 2836 5056 non
2869 5003 3138 5063 cuilibet,
3161 5003 3264 5058 sed
3297 5002 3580 5058 credenti.
3616 5003 3740 5056 Non

2085 5093 2462 5148 credentibus
2499 5093 2658 5146 enim
2692 5091 3053 5162 supplicium
3088 5093 3511 5147 interminatur
3541 5093 3737 5145 Evan-

2087 5183 2326 5255 gelium.
2359 5205 2386 5232 ‹‹
2420 5182 2755 5236 Judzeorum
2785 5181 3112 5252 primum.»
3138 5183 3324 5237 Dictio
3357 5203 3382 5233 α
3415 5182 3734 5247 Primum,-

2085 5272 2246 5327 verbi
2280 5271 2471 5326 solum
2505 5271 2792 5326 honorem
2812 5271 3189 5339 confertnon
3212 5271 3414 5343 gratia:
3432 5269 3709 5326 abundan
3726 5301 3741 5311 ο

312 5361 480 5430 tiam.
517 5362 780 5416 Primum
813 5363 970 5416 enim
1003 5378 1036 5416 a
1075 5361 1277 5416 Judazo
1311 5359 1644 5430 postulatur
1674 5363 1738 5412 ut
1769 5360 1991 5430 credat,
2023 5368 2226 5433 utpote
2270 5361 2370 5432 qui
2407 5361 2532 5431 jam
2566 5377 2635 5415 ea
2665 5377 2797 5431 quas
2845 5361 2917 5415 de
2947 5361 3176 5415 Christo
3209 5367 3367 5423 sunt,
3401 5377 3468 5414 ex
3500 5360 3626 5431 lege
3661 5365 3740 5412 et-

315 5451 620 5523 prophetis
652 5450 894 5506 edoctus
928 5452 1004 5505 sit
1033 5451 1218 5523 magis
1251 5465 1428 5520 quam
1460 5453 1682 5519 gentes.
1723 5449 2015 5508 Prmterea
2046 5453 2185 5507 licet
2214 5449 2286 5505 ad
2319 5466 2696 5504 communem
2728 5451 2962 5517 generis
2990 5451 3235 5506 humani
3269 5449 3524 5504 salutem
3555 5463 3740 5502 vene-

310 5548 397 5594 rat
447 5539 743 5608 Christus,
801 5546 999 5595 tamen
1059 5540 1217 5594 inter
1272 5537 1506 5592 Judmos
1564 5541 1622 5590 et
1680 5544 1854 5594 natus
1908 5547 1966 5596 et
2020 5545 2398 5597 conversatus
2446 5539 2658 5602 fuerat,
2711 5539 3014 5603 docuerat,
3065 5540 3380 5610 divinaque
3433 5537 3590 5592 inter
3622 5552 3741 5597 eos

310 5628 473 5703 signa
503 5637 788 5702 operatus
817 5635 973 5686 erat:
1002 5636 1244 5701 propter
1261 5644 1393 5698 quae
1415 5625 1617 5682 omnia
1643 5625 1941 5687 debitores
1972 5638 2143 5689 erant
2166 5629 2375 5698 Judaei,
2431 5635 2497 5685 ut
2532 5629 2708 5700 primi
2753 5630 2816 5686 in
2860 5630 3161 5686 Christum
3205 5626 3516 5684 crederent
3557 5629 3745 5694 supra

307 5726 545 5778 crateras
577 5725 808 5791 gentes.
