4176 6200
411 309 528 387 335

1531 290 1944 357 OECUMENII
1989 287 2297 349 TRICCAT.
2342 287 2616 351 EPISCO
2630 292 2696 352 PI

3709 300 3832 360 336

484 439 636 498 209
671 440 713 504 Ι,
744 437 798 492 7.
840 431 1070 489 Iustitia
1100 432 1244 487 enim
1277 429 1374 487 Dei
1426 431 1485 486 in
1536 432 1658 502 ipso
1688 427 1963 484 revelatur
1992 438 2061 478 ea:

2246 420 2567 493 Δικαιοσύνη
2601 423 2706 500 γάρ
2757 428 2892 482 Θεοῦ
2945 421 2997 479 ἐν
3055 425 3206 500 αύτῷ
3263 424 3704 485 ἀποκαλύπτεται
3754 428 3814 486 ἐκ

411 531 513 604 ﬁde
539 529 599 584 in
625 528 809 597 ﬁdem,
842 524 984 578 sicut
1015 522 1282 592 scriptum
1317 526 1394 576 est
1418 521 1642 575 :Justus
1672 524 1852 573 autem
1877 531 1945 570 ex
1966 512 2069 583 ﬁde

416 623 579 676 viret.

486 710 568 764 Ne
601 723 735 763 cum
765 705 1020 762 salutem
1056 721 1123 761 ac
1170 702 1467 775 justitiam
1529 700 1721 762 audis.
1782 713 1915 752 eam
1974 694 2072 750 hic

418 796 611 854 solum
643 795 986 866 contingere
1017 793 1340 860 existimes,
1375 790 1610 846 subdit:
1637 810 1660 839 ιι
1696 787 2070 850 Revelatur,»

417 885 578 958 quod
608 902 738 940 eam
771 884 1067 953 signiﬁcat
1096 900 1228 955 quas
1260 887 1351 937 est
1381 881 1443 935 in
1464 879 1660 934 futuro
1693 874 2073 937 smculo,tan-

420 989 601 1044 quam
633 988 793 1028 nunc
820 988 940 1027 non
974 977 1097 1027 tota
1139 970 1519 1028 manifestata
1542 968 1636 1025 sit.
1673 989 1700 1016 ι(
1733 967 1799 1019 In
1828 963 1957 1036 ipso
1980 978 2076 1018 re-

419 1063 667 1124 relatur.
706 1085 733 1111 »
766 1065 913 1117 Puta
948 1061 1283 1135 Evangelio.
1318 1062 1463 1115 Nam
1497 1058 1620 1125 Dei,
1655 1054 1868 1127 inquit,
1895 1051 2078 1125 justi-

421 1153 505 1208 tia
533 1152 594 1206 in
626 1151 937 1225 Evangelio
972 1152 1268 1206 revelatur
1300 1165 1313 1204 :
1347 1149 1459 1204 hoc
1512 1151 1618 1215 est,
1666 1144 1864 1200 omnis
1892 1142 2076 1224 virtus

423 1258 531 1315 per
575 1221 960 1315 Evangelium
1017 1240 1343 1314 perficitur.
1404 1240 1547 1293 Nam
1597 1235 1833 1309 justitia
1861 1221 2077 1305 smpius

426 1347 667 1388 omnem
697 1331 970 1387 virtutem
1004 1330 1337 1403 signiﬁcare
1351 1327 1521 1384 solet.
1553 1322 1857 1391 Quomodo
1879 1326 2078 1378 autem

429 1427 487 1479 et
516 1438 822 1494 quousque
855 1420 1148 1476 revelatur
1168 1418 1195 1473 ?
1214 1419 1312 1472 [iis
1345 1417 1444 1488 qui
1478 1433 1547 1472 ex
1567 1414 1681 1470 fide
1713 1411 1787 1469 ad
1809 1415 2077 1483 Evange-

427 1511 577 1565 lium
610 1509 918 1565 accedunt.
956 1506 1335 1580 Evangelium
1387 1506 1546 1560 enim
1579 1504 1851 1559 virtutem
1884 1499 2080 1556 omni-

429 1602 539 1656 bus
571 1599 876 1671 prmdicat,
910 1616 1237 1670 omnesque
1270 1598 1617 1653 adhortatur
1645 1597 1919 1651 virtutem
1951 1608 2078 1648 am-

430 1690 629 1763 plecti.
662 1689 787 1743 Illis
817 1694 1015 1745 autem
1046 1688 1283 1744 virtutis
1314 1685 1819 1760 pulchritudinem
1837 1682 2076 1747 revelat,

2180 508 2413 572 πίστεως
2444 511 2521 574 εἷς
2552 512 2751 585 πίστιν,
2789 517 2969 580 καθὼς
3000 514 3318 594 γέγραπται·
3351 518 3413 577 Ὀ
3440 513 3496 574 δὲ
3528 514 3734 582 δίκαιος
3766 520 3828 576 ἐκ

2183 597 2417 663 πίστεως
2452 604 2694 673 ζήσεται.

2253 688 2364 746 Ἵνα
2412 691 2514 768 γὰρ
2576 694 2652 766 μὴ
2714 695 2983 771 σωτηρίαν
3041 696 3134 752 καὶ
3189 693 3538 767 δικαιοσύνην
3595 698 3832 770 ἀκούων,

2185 776 2411 846 ἐνταῦθα
2471 783 2633 857 μόνον
2692 784 2859 856 αὐτὴν
2934 783 3247 861 συμϐαίνειν
3334 789 3588 865 νομίσῃς,
3649 790 3836 867 ἐπάγει

2185 870 2269 939 τὸ,
2305 871 2819 943 «ἀποκαλύπτεται,
2846 903 2866 932 ι
2905 876 3038 952 ὅπερ
3068 879 3167 946 τήν
3219 877 3332 933 ἐκεῖ
3382 876 3569 949 δηλοῖ,
3616 879 3691 942 ὡς
3746 884 3837 936 νῦν

2188 959 2355 1030 αὐτῆς
2390 963 2467 1035 μὴ
2516 968 2692 1036 πάσης
2741 966 3216 1042 πεφανερωμένης.
3256 993 3283 1020 ‹‹
3343 969 3434 1025 Ἐν
3493 968 3642 1041 αὐτῷ
3698 970 3833 1025 ἀπο-

2186 1047 2542 1111 καλύπτεται.
2578 1077 2606 1105 ι)
2664 1056 2760 1127 Τῷ
2814 1055 3139 1135 Εὐαγγελίῳ
3186 1054 3466 1129 δηλονότι.
3507 1060 3832 1130 Δικαιοσύνη

2185 1139 2285 1215 γὰρ
2316 1145 2470 1213 Θεοῦ,
2504 1143 2686 1220 φησὶν,
2715 1141 2767 1199 ἐν
2820 1149 2901 1218 τῷ
2980 1146 3300 1225 Εὐαγγελίῳ
3367 1147 3835 1210 ἀποκαλύπτεται.

2188 1230 2499 1302 Τουτέστιν,
2532 1231 2773 1303 ἃπασαὴ
2834 1235 2997 1309 ἀρετὴ
3060 1236 3149 1291 διὰ
3202 1240 3300 1292 τοῦ
3351 1236 3696 1313 Εὐαγγελίου
3747 1259 3840 1294 τε·-

2186 1316 2449 1377 λειοῦται.
2554 1323 2874 1395 Δικαιοσύνη
2977 1325 3078 1401 γάρ
3171 1324 3444 1389 πολλάκις
3520 1324 3677 1383 εἷ’ωθε
3733 1334 3839 1383 πᾶ-

2189 1429 2285 1464 σαν
2344 1407 2525 1487 λέγειν
2591 1413 2690 1482 τήν
2776 1412 2996 1488 ἀρετήν.
3074 1421 3198 1478 Πῶς
3256 1414 3314 1472 δὲ
3369 1416 3836 1488 ἀποκαλύπτεται,

2187 1498 2278 1553 καὶ
2308 1498 2418 1554 τίσι
2453 1502 2629 1569 ;Τοῖς
2660 1500 2720 1556 ἐκ
2744 1501 2981 1565 πίστεως
3033 1505 3114 1577 τῷ
3149 1504 3467 1580 Εὐαγγελίῳ
3523 1512 3832 1580 προσιοῦσι.

2188 1592 2325 1644 Ilio:
2363 1589 2457 1662 μὶν
2513 1589 2615 1666 γὰρ
2665 1592 2925 1668 κηρύττει
2963 1596 3063 1664 τήν
3116 1594 3311 1669 ἀρετὴν
3371 1598 3434 1651 τὸ
3487 1596 3835 1672 Εὖαγγέλιον,

2187 1678 2278 1733 καὶ
2304 1683 2435 1734 πᾶσι
2465 1686 2714 1755 παραινεῖ
2768 1681 3086 1762 ἀντέχεσθαι
3138 1692 3242 1755 τῆς
3298 1685 3519 1761 ἀρετῆς.
3583 1686 3840 1749 Ἐκείνοις

435 1781 683 1851 ejusque
749 1778 889 1834 facit
939 1784 1255 1845 amatores,
1289 1777 1390 1849 qui
1421 1793 1527 1849 per
1558 1774 1735 1831 fidem
1766 1772 2075 1829 accedunt.

2198 1765 2248 1822 δὲ
2281 1768 2662 1865 ἀποκαλύπτει
2691 1772 2753 1826 τὸ
2804 1772 3015 1835 κάλλος
3072 1781 3173 1843 τῆς
3223 1774 3444 1849 ἀρετῆς,
3482 1776 3573 1831 καὶ
3607 1775 3847 1838 ἐκείνους

436 1869 584 1935 Quid
618 1885 754 1942 ergo
779 1868 1024 1924 ?Cessat
1054 1868 1239 1923 virtus
1264 1866 1362 1922 ubi
1396 1867 1531 1938 quis
1562 1865 1790 1938 egregie
1815 1867 2088 1918 virtutem

438 1964 744 2015 assecutus
769 1957 905 2013 est?
934 1959 1319 2029 Nequaquam
1344 1974 1357 2012 :
1383 1957 1525 2029 quin
1554 1956 1748 2027 potius
1778 1954 1840 2008 in
1859 1952 2087 2024 perfec—

439 2049 594 2104 ctius
624 2064 691 2104 ac
723 2047 1039 2103 sublimius
1070 2047 1520 2104 tendit.Etenim
1552 2045 1740 2117 prima
1767 2044 1913 2099 fides
1930 2058 2089 2097 com-

442 2138 685 2211 punctio
714 2137 983 2209 quaedam
1017 2142 1143 2192 erat
1163 2137 1496 2207 animmque
1522 2132 2091 2207 promptitudo.Qum

442 2245 578 2284 vero
611 2244 745 2284 cum
777 2227 1119 2299 operatione
1150 2226 1430 2281 virtutum
1465 2230 1711 2279 coaucta
1736 2229 1795 2279 et
1833 2222 2094 2294 perfecta

444 2319 594 2374 fides
624 2323 732 2386 est,
766 2316 1140 2372 conﬁrmatio
1171 2313 1562 2370 immutabilis
1595 2320 1703 2381 est,
1756 2311 2093 2382 mentisque

442 2407 753 2464 certitudo.
783 2407 853 2461 Et
882 2406 987 2460 illa
1018 2404 1259 2476 quidem
1288 2402 1533 2459 seminis
1564 2401 1849 2457 decisioni
1880 2399 2094 2456 similis

444 2504 553 2564 est,
578 2496 860 2551 virtutum
909 2498 1108 2550 autem
1140 2493 1426 2565 Operatio,
1486 2489 1926 2545 fructiﬁcationi
1961 2505 1975 2543 :
2038 2492 2094 2543 et

441 2586 549 2642 illa
581 2602 712 2657 quae
744 2601 843 2656 per
882 2600 980 2639 eas
1022 2582 1330 2654 perﬁcitur
1357 2580 1527 2647 ﬁdes,
1560 2579 1827 2635 fruitioni
1860 2595 1927 2633 ac
1954 2577 2094 2633 bea-

438 2676 795 2731 titudini.lta
827 2690 961 2747 ergo
985 2672 1222 2745 justitia
1250 2671 1351 2726 Dei
1382 2670 1678 2725 revelatur
1708 2666 2093 2740 inEvangelio

442 2782 511 2821 ex
541 2765 659 2820 fide
696 2764 756 2818 in
790 2762 992 2819 ﬁdem.
1027 2763 1207 2817 Vocat
1235 2765 1435 2816 autem
1466 2759 1567 2815 Dei
1591 2758 1886 2831 justitiam
1920 2757 2095 2811 virtu-

442 2860 583 2920 tem,
609 2853 768 2926 quod
801 2851 1067 2907 divinum
1100 2849 1383 2923 quiddam
1417 2850 1494 2904 sit
1548 2848 1755 2914 virtus,
1817 2846 2095 2919 quodque

446 2945 648 3000 omnia
681 2944 836 2998 bona
867 2958 936 2997 ex
972 2946 1085 2996 Deo
1111 2940 1232 2995 sint
1282 2962 1307 2990 (ι
1333 2941 1411 2994 Ex
1436 2938 1632 2993 ﬁdein
1661 2934 2095 2993 fidem.»Aﬁde

449 3034 675 3107 incipit,
710 3038 771 3088 et
800 3032 862 3087 in
892 3030 1129 3087 fidelem
1163 3047 1269 3085 seu
1299 3030 1639 3086 credentem
1692 3026 1932 3084 desinit.
1995 3026 2097 3081 Vel

447 3125 585 3196 quia
609 3128 665 3178 et
696 3123 757 3178 in
790 3122 902 3177 fide
934 3121 1145 3192 incipit
1176 3126 1232 3175 et
1262 3121 1324 3175 in
1349 3120 1525 3176 fidem
1560 3118 1865 3174 terminari
1888 3117 2092 3173 debet:

447 3214 605 3286 quod
635 3229 744 3268 nos
774 3229 894 3267 non
927 3216 1198 3283 oporteat
1228 3216 1444 3266 cuncta
1474 3226 1605 3280 quas
1636 3210 1697 3264 in
1749 3225 1817 3264 eo
1869 3207 2091 3263 haben-

444 3310 542 3360 tur
572 3301 804 3358 curiose
854 3301 1125 3357 scrutari.
1185 3303 1302 3354 Aut
1357 3300 1467 3355 hoc
1526 3297 1748 3353 modo:
1784 3296 2095 3368 Prophetis

444 3392 684 3449 credere
709 3395 962 3465 oportet,
997 3395 1055 3446 et
1091 3406 1196 3461 per
1242 3389 1377 3444 illos
1409 3388 1483 3443 ad
1515 3386 1890 3459 Evangelium
1914 3387 2093 3443 fidem

445 3482 599 3537 duci.
634 3484 927 3537 Praeterea
957 3484 1015 3533 et
1044 3478 1238 3534 aliter.
1279 3478 1386 3542 Qui
1432 3477 1662 3531 Christo
1689 3477 1937 3531 Domino
1962 3492 2094 3531 cre-

445 3571 532 3627 dit
562 3578 619 3628 et
647 3570 924 3643 baptismi
947 3568 1196 3641 gratiam
1227 3567 1620 3637 suscepit.per
1640 3566 1763 3621 haec
1783 3564 2096 3621 deducitur

446 3661 520 3718 ad
551 3659 913 3717 credendum
946 3659 1142 3712 futura
1172 3654 1346 3720 bona,
1392 3660 1534 3727 puta
1595 3654 2092 3710 resurrectionem

448 3767 515 3807 ex
549 3747 1019 3815 mortuis,vitam
1052 3751 1355 3807 aeternam,
1389 3759 1754 3815 regnumque
1786 3743 2090 3801 cmlorum.

445 3840 695 3897 Credere
728 3840 882 3894 enim
918 3841 1150 3908 oportet
1168 3834 1326 3906 quod
1345 3833 1607 3889 Christus
1629 3842 2092 3905 suscoptacarne

449 3931 510 3985 in
543 3936 699 3983 terra
723 3926 1015 3999 apparuit,
1050 3924 1206 3995 quod
1231 3923 1589 3995 principium
1609 3931 1694 3979 est
1721 3941 1734 3979 :
1761 3930 1818 3978 et
1855 3942 2090 3982 rursum

449 4016 605 4089 quod
630 4031 873 4086 regnum
898 4014 1179 4069 cmlorum
1203 4011 1580 4069 credentibus
1597 4012 1659 4067 in
1683 4013 2090 4071 hereditatem

450 4103 910 4174 succedet.quod
934 4103 1069 4157 finis
1091 4109 1181 4157 est
1210 4102 1369 4159 ﬁdei.
1403 4102 1557 4159 2ND
1593 4103 1687 4158 Vel
1723 4102 1833 4159 hoc
1877 4105 2088 4161 modo:

445 4192 645 4248 Judmo
678 4192 916 4264 quidem
950 4209 1020 4247 ex
1052 4190 1167 4247 fide
1197 4191 1422 4264 legisin
1445 4191 1780 4263 fidem,quae
1798 4195 2092 4264 perChri-

446 4287 601 4339 stum
635 4287 724 4337 est
756 4298 768 4337 :
805 4283 1003 4338 Graeco
1030 4297 1165 4336 vero
1198 4297 1266 4336 ex
1294 4279 1410 4335 ﬁde
1438 4281 1693 4337 naturali
1727 4281 1787 4338 in
1818 4284 2089 4340 eamdem

442 4374 577 4428 Jesu
591 4372 803 4428 Christi
832 4371 1234 4428 ﬁdem.«Sicut
1254 4370 1537 4442 scriptum
1554 4375 1660 4427 est.
1686 4393 1714 4421 ››
1737 4374 1816 4428 Ne
1830 4373 2089 4429 enimin.

443 4461 729 4518 credibile
757 4459 1211 4530 videatur,quod
1242 4458 1390 4515 fides
1421 4459 1675 4517 salutem
1708 4461 2087 4519 daturasitac

2198 1862 2348 1912 ποιεῖ
2396 1856 2617 1932 ἐραστὰς
2675 1859 2865 1933 αὐτῆς,
2919 1861 3047 1925 τοὺς
3118 1865 3254 1935 μετά
3309 1864 3543 1927 πίστεως
3589 1865 3848 1940 προσιόν-

2200 1966 2314 2009 τας.
2353 1948 2419 2003 Τί
2451 1946 2589 2018 οὗνς
2651 1950 2875 2006 παύεται
2924 1954 2959 2021 ἡ
3018 1954 3201 2014 πίστις
3247 1957 3347 2018 τῆς
3402 1955 3597 2029 ἀρετῆς
3650 1973 3847 2028 κατορο

2202 2034 2473 2107 θυυμὲνης
2506 2057 2521 2100 ς
2553 2036 2851 2111 Οῦμενοῦν.
2909 2037 3083 2096 Ἀλλᾶ
3139 2040 3227 2095 καὶ
3277 2040 3353 2102 εἰς
3403 2042 3466 2096 τὸ
3512 2040 3849 2116 τελειότερον

2199 2126 2287 2181 καὶ
2315 2124 2656 2203 ὑψηλότερον
2712 2131 2981 2204 πρόεισιν.
3042 2133 3105 2189 'H
3163 2132 3256 2205 μὲν
3315 2133 3419 2209 γάρ
3445 2134 3639 2208 πρώτη
3669 2133 3849 2195 πίστις

2202 2215 2476 2286 κατάνυείς
2504 2239 2586 2281 τις
2622 2220 2687 2287 ἦν
2719 2218 2809 2274 καὶ
2839 2222 3115 2296 προθυμία
3145 2226 3352 2298 ψυχῆς.
3409 2224 3469 2279 Ἣ
3525 2220 3582 2277 δὲ
3620 2227 3689 2297 τῇ
3741 2227 3849 2277 τῶν

2203 2304 2406 2383 ἀρετῶν
2466 2306 2689 2383 ἐργασίᾳ
2746 2312 3129 2383 συναυξηοεῖσα
3185 2314 3274 2368 καὶ
3356 2315 3707 2369 τελειωθεῖσα
3763 2311 3856 2367 πί-

2203 2416 2343 2465 στις,
2376 2391 2670 2470 βεϐαίωσίς
2701 2399 2843 2454 ἐστιν
2899 2399 3299 2472 ἀμετάπειστος
3335 2402 3426 2456 καὶ
3476 2401 3852 2479 πληροφορία.

2203 2486 2305 2542 Καὶ
2341 2488 2375 2555 ἠ
2410 2486 2505 2560 μὶν
2537 2481 2680 2542 ἔοικε
2709 2484 2996 2563 καταϐολῇ
3030 2488 3360 2565 σπέρματος,
3393 2493 3427 2560 ἡ
3464 2487 3521 2545 δὲ
3567 2510 3852 2568 καρποφοο

2203 2574 2312 2649 ρίᾳ,
2340 2578 2375 2645 ἡ
2406 2580 2515 2631 τῶν
2547 2577 2751 2653 ἀρετῶν
2798 2578 3044 2655 ἐργασία,
3103 2582 3138 2650 ἡ
3173 2577 3229 2636 δὲ
3286 2578 3356 2635 δι’
3423 2580 3600 2635 αὐτῶν
3624 2579 3853 2635 τελειω-

2204 2666 2355 2720 θεῖσα
2388 2666 2591 2738 πίστις,
2623 2664 2922 2724 ἀπολαύσει
2974 2668 3064 2723 καὶ
3097 2667 3439 2743 εὐδαιμονία.
3504 2670 3690 2730 Οὕτως
3757 2669 3848 2724 οῦν

2205 2751 2522 2826 δικαιοσύνη
2559 2761 2693 2812 Θεοῦ
2723 2757 3164 2815 ἀποκαλύπτεται
3206 2759 3258 2815 ὗν
3307 2764 3387 2832 τῷ
3437 2758 3762 2834 Εὐαγγελίῳ
3792 2757 3854 2814 ἐκ

2204 2842 2437 2906 πίστεως
2471 2845 2546 2906 εἷς
2574 2845 2771 2906 πίστιν.
2813 2849 2986 2904 Καλεῖ
3045 2845 3102 2903 δὲ
3159 2852 3296 2904 Θεοῦ
3349 2846 3699 2919 δικαιοσύνην
3756 2848 3854 2917 τήν

2205 2932 2422 3008 ἀρετὴν,
2464 2936 2547 2990 ὅτι
2588 2936 2730 2992 θεῖόν
2762 2936 2815 2992 τί
2849 2936 2989 2992 ἐστιν
3018 2940 3053 3008 ἡ
3094 2937 3282 3013 ἀρετὴ,
3314 2939 3405 2994 καὶ
3439 2938 3524 2994 ὅτι
3554 2938 3726 2993 πάντα
3780 2936 3848 2990 τὰ

2207 3023 2377 3099 ἀγαθὰ
2433 3021 2493 3079 ἐκ
2550 3029 2704 3082 Θεοῦ.
2741 3051 2770 3078 ‹‹
2831 3027 2923 3083 Ἐκ
2975 3027 3207 3091 πίστεως
3261 3028 3337 3091 εἲς
3388 3027 3590 3085 πίστιν.
3631 3052 3658 3078 n
3715 3027 3855 3085 ’Λπὸ

2205 3113 2438 3177 πίστεως
2488 3112 2737 3194 ἄρχεται,
2795 3116 2884 3173 καὶ
2945 3116 3022 3181 εἰς
3089 3118 3181 3174 τὸν
3232 3118 3591 3174 πιστεύσαντα
3666 3116 3847 3193 λήγει.

2206 3204 2275 3261 Ἤ
2309 3205 2391 3259 δτι
2419 3203 2476 3259 ἐκ
2506 3206 2738 3268 πίστεώς
2777 3227 2834 3261 τε
2863 3205 3113 3286 ἄρχεται,
3171 3209 3259 3263 καὶ
3294 3208 3371 3270 εἷς
3408 3207 3586 3263 πίστιν
3643 3205 3849 3287 ὀφείλει

2205 3292 2390 3366 λῆξαι.
2423 3294 2513 3356 Ὠς
2553 3295 2657 3349 οὐκ
2721 3294 3055 3369 ὀφειλόντων
3087 3298 3249 3369 ἡμῶν
3283 3296 3491 3352 ἅπαντα
3522 3297 3587 3353 τὰ
3621 3296 3672 3351 ὲν
3703 3297 3853 3368 αύτῷ

2206 3383 2670 3459 περιεργάζεσθαι.
2702 3385 2772 3440 Ἦ
2807 3383 2998 3448 οὕτως·
3045 3391 3134 3440 Δεῖ
3204 3388 3488 3441 πιστεῦσαι
3543 3391 3659 3446 τοῖς
3714 3403 3854 3459 προσ

2204 3472 2425 3548 φήταις,
2454 3471 2544 3526 καὶ
2577 3469 2647 3526 δι’
2676 3470 2895 3528 ἐκείνων
2927 3472 3007 3536 εἷς
3065 3476 3166 3544 τὴν
3225 3479 3322 3529 τοῦ
3363 3473 3702 3550 Εὖαγγελίου
3768 3471 3856 3527 πίε

2205 3578 2317 3614 στιν
2351 3557 2755 3635 ποδηγηθῆναι.
2786 3561 3037 3625 “ἈΑλως.
3069 3564 3132 3620 Ὁ
3161 3564 3265 3639 γὰρ
3323 3567 3403 3637 τῷ
3458 3564 3699 3637 Δεσπὸτῃ
3755 3583 3850 3617 πι-

2205 3648 2406 3704 στεύων
2456 3651 2701 3725 Χριστῷ,
2761 3651 2850 3707 καὶ
2916 3656 3011 3707 τοῦ
3077 3653 3450 3728 βαπτίσματος
3517 3654 3616 3720 τήν
3693 3653 3851 3727 χάριν

2205 3735 2508 3812 δεξάμενος,
2570 3738 2888 3815 ποδηγεῖται
2938 3738 3026 3796 διὰ
3080 3743 3287 3797 τούτων
3323 3742 3397 3801 εἰς
3462 3743 3526 3797 τὸ
3571 3747 3850 3797 πιστεῦσαι

2201 3833 2321 3889 τοῖς
2382 3828 2676 3901 μέλλουσιν
2732 3831 2980 3905 ἀγαθοῖς,
3045 3836 3114 3905 τῇ
3174 3830 3233 3886 ἐκ
3289 3837 3484 3905 νεκρῶν
3546 3831 3843 3898 ἀναστασει,

2202 3920 2270 3991 τῇ
2301 3918 2511 3991 αἰωνίῳ
2542 3923 2680 3993 ζωῇ,
2712 3920 2803 3975 καὶ
2862 3922 2931 3991 τῇ
2984 3918 3236 3997 βασιλείᾳ
3288 3926 3394 3975 τῶν
3427 3920 3688 3990 οὐρανῶν.
3741 3924 3841 3973 Πι-

2203 4008 2405 4062 στεύειν
2437 4008 2541 4083 γὰρ
2574 4006 2656 4063 δεῖ
2684 4008 2767 4065 ὅτι
2832 4009 2963 4072 Θεὸς
3025 4010 3191 4087 ἐφάνη
3248 4010 3331 4066 ἐπὶ
3389 4012 3485 4082 γῆς
3519 4009 3650 4082 μετᾶ
3709 4028 3843 4083 σαρ-

2200 4098 2312 4167 κδς,
2345 4096 2476 4171 ὅπερ
2498 4095 2639 4152 ἐστὶν
2670 4098 2841 4174 ἀρχὴ,
2898 4098 2988 4155 καὶ
3048 4099 3211 4155 πάλιν
3246 4099 3326 4155 ὅτι
3384 4093 3531 4154 ἕσται
3575 4104 3692 4160 τοῖς
3750 4119 3849 4152 πι-

2201 4186 2478 4242 στεύσασιν
2511 4185 2587 4249 είς
2628 4185 2839 4263 κλῆρον
2871 4189 2905 4258 ἡ
2967 4188 3219 4263 βασιλεία
3274 4193 3380 4243 τῶν
3414 4189 3679 4262 οὐρανῶν,
3716 4190 3847 4261 ὅπερ

2201 4276 2312 4333 ἐστὶ
2345 4275 2576 4339 πίστεως
2604 4274 2783 4339 τέλος.
2815 4278 2882 4333 Ἣ
2915 4277 3108 4341 οὕτως.
3160 4281 3528 4352 [ἈΚΑΚΙΟΥ]
3588 4279 3683 4350 Τῷ
3744 4279 3840 4351 μὶν

2200 4363 2450 4439 Ἰουδαίῳ
2507 4366 2567 4422 ἐκ
2621 4373 2720 4437 τῆς
2769 4371 2866 4422 τοῦ
2929 4367 3103 4439 νόμου
3159 4368 3410 4437 πίστεως,
3465 4366 3540 4429 εἷς
3599 4369 3698 4435 τήν
3756 4365 3844 4421 διὰ

2200 4457 2379 4527 Ἰησοῦ
2405 4459 2661 4531 Χριστοῦ,
2692 4462 2772 4528 τῷ
2803 4454 2860 4513 δὶ
2890 4456 3149 4529 Ἕλληνι,
3217 4457 3274 4513 ἐκ
3318 4465 3419 4527 τῆς
3486 4461 3581 4513 τοῦ
3613 4460 3847 4535 φυσικοῦ

434 4552 751 4624 justitiam,
769 4567 973 4606 eorum
1009 4567 1141 4622 quas
1173 4548 1329 4604 dicta
1356 4553 1497 4605 sunt
1524 4550 1929 4608 testimonium
1955 4570 2086 4624 pro-

2200 4546 2274 4608 είς
2295 4547 2394 4615 τήν
2449 4548 2614 4618 αὐτὴν
2672 4549 2853 4618 Ἰησοῦ
2911 4552 3145 4623 Χριστοῦ
3201 4548 3410 4605 πίστιν.
3451 4569 3473 4598 ι
3509 4548 3701 4612 Καθὼς
3756 4545 3848 4623 γέ-

442 4641 606 4697 ducit
633 4657 701 4697 ac
731 4640 1144 4714 probationem
1178 4638 1753 4711 evidentem,nempe
1781 4642 2089 4713 prOpheti-

443 4746 579 4786 cum
611 4730 880 4785 Habacuc
912 4729 1134 4784 dictum
1171 4744 1183 4781 :
1217 4743 1283 4783 ac
1316 4727 1362 4781 si
1411 4727 1636 4783 diceret
1675 4744 1691 4783 :
1750 4730 1907 4786 Bene
1966 4730 2085 4787 dixi

444 4819 696 4891 probum
751 4819 939 4872 virum
989 4834 1060 4872 ex
1117 4816 1231 4872 ﬁde
1300 4817 1361 4870 in
1421 4816 1600 4873 fidem
1657 4834 1763 4889 per
1810 4820 2086 4877 virtutem

445 4906 787 4978 procedere.
823 4906 1124 4977 Siquidem
1155 4905 1444 4965 Habacuc.
1478 4906 1693 4977 inquit,
1724 4908 1838 4964 hoc
1855 4911 2086 4967 coalitus

445 5012 553 5068 per
584 4996 855 5067 spiritum
889 4994 1128 5061 clamat,
1162 4994 1318 5066 quod
1361 4994 1538 5050 homo
1597 4994 1817 5066 probus
1848 5014 1916 5053 ex
1970 5000 2086 5056 fide

442 5084 601 5150 vivit,
633 5083 746 5137 hoc
777 5089 884 5139 est.
917 5098 1157 5137 omnem
1185 5098 1351 5136 suam
1386 5082 1559 5137 vitam
1595 5083 1709 5139 ﬁde
1741 5085 2085 5156 productam

440 5172 636 5227 habet.
671 5170 775 5225 Vel
802 5170 988 5241 magis
1028 5170 1264 5241 proprie
1295 5188 1306 5224 :
1339 5173 1503 5227 Justo
1528 5189 1665 5228 vera
1705 5174 1818 5230 vita
1851 5183 1937 5231 est
1957 5194 2085 5245 ger-

436 5262 666 5318 minare
708 5276 774 5316 ac
834 5260 1176 5315 reviviscere
1228 5260 1290 5316 in
1353 5261 1728 5333 possessione
1781 5265 2084 5331 virtutum.

431 5352 657 5418 Justus,
692 5350 905 5420 inquit,
933 5349 1051 5404 sive
1083 5348 1303 5420 probus
1344 5350 1519 5406 homo
1550 5366 1620 5405 ex
1651 5352 1765 5408 ﬁde
1795 5355 1944 5412 vivet
1972 5360 2089 5416 vita

430 5457 563 5512 quas
622 5438 952 5496 secundum
1011 5439 1257 5496 virtutes
1315 5445 1422 5495 est.
1472 5441 1726 5496 Rursum
1782 5445 1942 5515 quod
1979 5450 2084 5518 ait,

425 5553 455 5581 ‹‹
486 5530 685 5587 Justus
717 5547 786 5586 ex
817 5529 932 5585 ﬁde
967 5529 1135 5596 vivet,
1172 5551 1200 5579 »
1253 5527 1592 5601 appositum
1624 5545 1754 5587 esse
1785 5540 1982 5605 potest
2009 5539 2085 5596 ad

425 5616 488 5677 id
517 5620 675 5693 quod
706 5619 931 5678 dictum
958 5625 1087 5677 est:
1120 5640 1148 5669 ‹‹
1184 5618 1496 5676 Revelatur
1515 5618 1755 5691 justitia
1788 5638 1858 5680 ex
1889 5626 2026 5685 ﬁde.
2052 5652 2081 5682 »

2193 4655 2447 4711 γραπται.
2512 4662 2538 4687 ›ι
2585 4639 2699 4694 Ἰνα
2754 4638 2859 4713 γὰρ
2918 4640 2992 4711 μή
3056 4634 3182 4712 δόξῃ
3257 4636 3521 4702 ἀπίθανον
3588 4637 3722 4692 εἶναι
3781 4636 3843 4693 τὸ

2196 4723 2367 4801 ῥῆμα,
2428 4725 2511 4781 ὅτι
2577 4726 2755 4789 πίστις
2837 4725 3106 4802 σωτηρίαν
3169 4724 3425 4802 δωρεῖται
3482 4726 3574 4781 καὶ
3632 4724 3837 4781 δικαιο·

2197 4816 2384 4886 σύνην,
2419 4816 2719 4893 μαρτυρίαν
2749 4817 2980 4893 παράγει
3010 4821 3117 4872 τῶν
3170 4814 3476 4891 εἶρημὲνων
3535 4816 3622 4871 καὶ
3701 4814 3841 4870 ἀπό-

2196 4902 2379 4978 δειξιν,
2432 4906 2527 4973 τήν
2590 4906 2934 4984 προςητικήν
2992 4906 3151 4979 ῥῆσιν
3218 4908 3319 4975 τήν
3379 4910 3457 4976 τῷ
3513 4898 3840 4978 Ἀϐϐακοὺμ

2197 4994 2514 5069 εἶρημένν;·δ.
2572 4999 2826 5049 Τοιοῦτον
2892 4991 2949 5049 δὲ
3007 5012 3191 5074 φηστν⁵
3254 4991 3451 5055 Καλῶς
3533 4993 3690 5047 εἶπον
3748 4994 3839 5047 τὸν

2196 5082 2494 5140 σπουδαῖον
2524 5083 2584 5140 ἐκ
2613 5085 2845 5147 πίστεως
2897 5084 2973 5147 εῗς
3040 5084 3216 5139 πίστιν
3247 5082 3492 5157 προϊέναι
3525 5080 3592 5136 δι’
3622 5082 3841 5153 ἀρετῆς.

2196 5173 2298 5232 Καὶ
2329 5174 2436 5252 γάρ
2465 5176 2492 5229 ὁ
2533 5168 2869 5246 Ἀϐϐακοὺμ,
2925 5173 3108 5251 φησὶν,
3162 5172 3362 5228 ἄνωθεν
3408 5176 3569 5228 τοῦτο
3604 5169 3693 5227 διὰ
3747 5174 3846 5227 τοῦ

2197 5263 2359 5319 αὐτοῦ
2389 5263 2691 5338 πνεύματος
2747 5264 2871 5338 βοᾷ,
2904 5261 2986 5319 ὅτι
3021 5264 3049 5317 ὁ
3098 5259 3395 5326 σπουδαῖος
3443 5260 3728 5337 ἅνθρωπος
3788 5259 3844 5314 ἰκ

2195 5354 2428 5416 πίστεως
2459 5358 2549 5426 ζῇ,
2580 5352 2831 5410 τουτέστι
2880 5356 3050 5409 πᾶσαν
3100 5353 3198 5422 τὴν
3241 5353 3387 5421 ζωὴν
3443 5350 3606 5408 αὐτοῦ
3662 5348 3840 5404 πίστει

2194 5445 2658 5520 παρατεινομένην
2713 5437 2853 5500 ἔχει.
2920 5444 2990 5500 Ἦ
3064 5442 3414 5517 οίκειότεροψ
3505 5438 3651 5496 Ἐπεὶ
3720 5438 3834 5507 ζωὴ

2193 5535 2428 5608 ἀληθινή
2480 5541 2560 5610 τῷ
2617 5534 2814 5611 δικαίῳ
2867 5536 2932 5592 τὸ
2988 5534 3211 5601 θάλλειν
3265 5536 3356 5592 καὶ
3406 5535 3605 5609 ἇναζῇν
3667 5529 3720 5587 ἐν
3769 5533 3841 5606 τῇ

2192 5631 2381 5702 κτήσει
2414 5632 2524 5686 τῶν
2555 5628 2778 5704 ἀρετῶν,
2828 5629 2858 5685 ὁ
2896 5624 3129 5701 δίκαιος,
3189 5627 3373 5701 φησὶν,
3426 5625 3551 5699 ἢτοι
3620 5624 3649 5679 ὃ
3679 5643 3847 5680 σπου-
