4150 6200
283 405 398 467 337

1372 406 1786 469 COMMENT.
1832 410 1922 469 IN
1968 409 2219 471 EPIST.
2266 412 2370 470 AD
2418 413 2609 473 ROM.

3582 419 3701 479 338

284 536 427 609 δαῖς,
488 535 548 597 ἐκ
640 537 873 599 πίστεως
952 537 1172 609 ζήσεται
1250 538 1350 608 τὴν
1408 540 1547 596 κατᾶ
1600 538 1695 602 τὰς
1748 540 1940 616 ἀρετὰς

2051 542 2162 600 Sed
2194 543 2320 601 haec
2351 547 2593 619 quidem
2624 548 2706 604 ita
2735 545 2873 604 sint.
2909 552 3123 606 Verum
3155 548 3205 604 si
3238 548 3535 621 justitiam
3591 553 3696 609 Dei

286 635 438 699 ζωην
550 626 653 684 Καί
710 626 768 681 ἂν
827 625 912 684 τό.

286 722 356 791 ζὴ
365 738 534 785 σεται,
572 741 597 769 »τ

286 808 609 879 δικαιοσύνη
646 806 704 863 ὲκ
732 808 984 869 πίστεως.
1016 833 1044 860 ››
1086 806 1245 865 Ἀλλ’
1304 807 1446 865 οὕτω
1505 810 1600 879 μὲν
1659 814 1844 866 ταῦτα.
1880 811 1943 868 Ei

285 898 346 957 δὲ
375 902 439 954 τὸ
474 896 787 969 δικαιοσύνη
822 901 979 971 Θεοῦ⁹
1014 897 1145 973 οὐχὶ
1199 900 1299 966 τὴν
1360 897 1412 954 ἐν
1472 899 1741 973 ἀνθρώπῳ
1800 903 1944 973 παρᾶ

286 994 429 1046 Θεοῦ
462 986 752 1062 διδομένην
801 981 1024 1043 ἐπιλάϐοι
1055 1009 1164 1057 τις,
1189 986 1319 1043 ἀλλ’
1374 987 1663 1063 ἐγγύτερον
1718 992 1818 1058 τῆς
1848 986 1937 1045 λέ-

284 1080 423 1152 ξεως
453 1081 553 1148 τὴν
582 1076 799 1133 ἐνοῦσαν
828 1082 905 1149 τῷ
954 1082 1089 1149 Θεῷ,
1122 1077 1212 1132 καὶ
1272 1076 1634 1152 ἐνεργουμένη
1698 1079 1785 1134 ὑπ’
1843 1078 1942 1135 αύ-

282 1173 408 1233 τοῦ,
439 1166 693 1222 τοιοῦτόν
723 1166 844 1220 τινά
883 1188 975 1239 μοι
1028 1163 1176 1221 δοκεῖ
1230 1165 1626 1223 ἀνακαλύπτειν
1673 1173 1816 1238 νοῦν,
1857 1168 1940 1224 ὅτι

996 652 1023 679 ‹‹
1077 628 1139 685 Ὀ
1214 624 1271 683 δὲ
1323 625 1533 689 δίκαιος
1592 629 1651 684 ἐκ
1707 631 1945 693 πίστεως

682 717 1171 773 κατασκευαστικὸν
1227 723 1347 787 τοῦ,
1407 743 1434 770 ‹‹
1471 717 1943 775 Ἀποκαλύπτεται

282 1262 319 1330 ἡ
352 1262 453 1314 τοῦ
485 1263 618 1314 Θεοῦ
669 1255 1009 1326 δικαιοσύνη,
1040 1259 1106 1328 ἣν
1161 1258 1283 1331 περὶ
1344 1261 1494 1333 ἡμᾶς
1551 1257 1941 1330 ἐπιδείκνυται,

282 1346 698 1429 φιλανθρωπίας
734 1345 848 1420 ὅρῳ
879 1346 970 1400 καὶ
1002 1345 1179 1420 νόμῳ,
1211 1343 1263 1400 ἐν
1293 1350 1374 1419 τῷ
1403 1345 1733 1425 Εὐαγγελίῳ
1774 1347 1939 1404 αὐτοῦ

282 1434 578 1494 δείκνυται.
615 1441 738 1498 Πῶς
765 1436 857 1491 καὶ
885 1436 1003 1491 τίνα
1051 1435 1254 1511 τρόπον
1291 1454 1305 1505 ;
1366 1438 1489 1494 Ὃτι
1545 1435 1605 1491 ἐκ
1640 1438 1814 1510 μόνης
1846 1437 1940 1493 πί-

280 1549 456 1589 στεως
492 1529 642 1600 ἡμᾶς
697 1527 882 1596 σώζει,
940 1526 1029 1580 καὶ
1085 1527 1443 1601 νεκρωθέντας
1482 1523 1591 1597 ἤδη
1654 1533 1937 1597 ζωοποιεῖ,

280 1621 364 1692 μή
397 1613 946 1691 προεπιδειξαμένους
990 1610 1141 1691 ἔργα.
1202 1617 1304 1673 Καὶ
1362 1621 1524 1672 τοῦτο
1580 1616 1789 1692 προϊὼν
1847 1617 1938 1673 καὶ

278 1710 309 1763 ὁ
340 1704 562 1768 Παῦλος
590 1705 986 1783 ἐμφανέστερον
1030 1711 1265 1779 παριστᾷ
1293 1704 1344 1761 ἐν
1406 1707 1490 1768 οἷς
1557 1727 1739 1786 φησιν,
1778 1729 1803 1761 ι
1834 1707 1938 1764 Καὶ

278 1797 602 1855 δικαιοῦντα
632 1797 722 1852 τὸν
755 1794 817 1851 ἐκ
856 1795 1111 1858 πίστεως.
1150 1821 1178 1847 »ι
1239 1796 1335 1851 Καὶ
1393 1794 1579 1851 πάλιν·
1644 1820 1670 1851 ε
1703 1806 1936 1852 Δικαιω-

2050 639 2243 689 sumat
2277 636 2595 707 quispiam,
2629 654 2749 693 non
2808 656 2913 710 pro
2945 655 3014 695 ea
3041 656 3170 711 quav
3206 639 3430 694 homini
3459 639 3635 695 datur
3664 658 3700 697 a

2047 724 2187 789 Deo,
2219 726 2341 787 sed,
2378 727 2535 798 quod
2566 728 2639 782 ad
2670 745 2871 784 vocem
2913 730 3157 801 prepius
3212 729 3456 791 accedit.
3491 747 3596 802 pro
3629 747 3698 787 ea

2049 830 2180 884 quas
2212 814 2272 869 in
2303 816 2421 870 Deo
2452 822 2560 883 est,
2603 833 2902 889 quamque
2963 819 3089 889 ipse
3139 824 3455 889 operatur:
3516 819 3697 875 talem

2048 903 2364 972 quemdam
2391 921 2631 960 sensum
2662 906 3045 962 manifestare
3079 908 3221 961 mihi
3257 906 3505 971 videtur,
3538 907 3697 978 quod

2047 991 2147 1046 Dei
2165 992 2402 1063 justitia
2427 1010 2603 1064 quam
2627 995 2785 1050 circa
2815 1011 2923 1049 nos
2948 995 3205 1062 exhibet,
3251 995 3506 1050 termino
3538 995 3697 1068 lege-

2047 1097 2162 1151 que
2194 1081 2579 1155 benignitatis
2610 1084 2671 1139 in
2699 1086 2834 1156 ejus
2857 1084 3168 1157 Evangelio
3232 1083 3692 1140 demonstratur.

2045 1170 2308 1235 Qualiter
2337 1178 2536 1228 autem
2571 1180 2627 1228 et
2658 1173 2956 1245 quomodo
2998 1174 3058 1228 id
3116 1173 3373 1228 efﬁcitur
3397 1171 3424 1227 ?
3451 1173 3597 1239 Quia
3627 1190 3697 1229 ex

2044 1261 2171 1317 sola
2200 1262 2316 1318 ﬁde
2349 1280 2456 1318 nos
2481 1264 2673 1319 salvos
2697 1266 2856 1330 facit,
2866 1265 3116 1336 jamque
3136 1270 3403 1319 mortuos
3426 1264 3696 1331 viviﬁcat,

2044 1366 2180 1405 cum
2202 1352 2365 1423 prius
2384 1369 2501 1407 non
2528 1354 2974 1409 exhibuerimus
3005 1371 3204 1425 opera.
3236 1352 3419 1425 quue
3448 1353 3697 1408 manife-

2044 1441 2266 1496 stiusin
2291 1459 2607 1514 progressu
2627 1443 2998 1499 demonstrat
3021 1444 3239 1499 Paulus
3262 1460 3398 1498 cum
3431 1443 3542 1499 ait:
3574 1466 3601 1493 (σ
3629 1444 3700 1498 Et

2035 1530 2376 1601 justiﬁcans
2407 1533 2691 1603 eum,qui
2747 1540 2837 1587 est
2894 1550 2964 1588 ex
3014 1532 3149 1587 ﬁde.
3186 1554 3214 1581 ››
3269 1533 3691 1603 Rursumque:

2040 1619 2351 1675 Justiﬁcati
2385 1620 2564 1692 igitur
2586 1638 2657 1676 ex
2688 1621 2824 1678 ﬁde.
2857 1643 2885 1671 »
2940 1623 3009 1676 Et
3066 1621 3283 1677 iterum
3321 1639 3335 1676 :
3397 1643 3425 1671 «
3460 1621 3520 1676 Si
3553 1637 3698 1675 con-

2041 1708 2233 1765 fessus
2264 1708 2449 1764 fueris
2481 1727 2582 1766 ore
2612 1716 2712 1766 tuo
2748 1712 3062 1766 Dominum
3116 1713 3337 1777 Jesum,
3395 1710 3609 1767 deinde
3640 1714 3700 1765 et

2043 1797 2367 1854 credideris
2399 1799 2459 1853 in
2485 1799 2660 1854 corde
2699 1806 2818 1867 tuo,
2879 1800 3074 1856 salvus
3135 1801 3274 1855 eris.
3306 1822 3334 1848 ››
3394 1800 3513 1855 Ηοο
3553 1816 3692 1873 ergo

273 1889 459 1949 θέντες
489 1888 581 1943 οῦν
610 1885 671 1942 ἐκ
725 1887 979 1947 πίστεως.
1012 1907 1037 1938 ο
1104 1884 1207 1944 Καὶ
1260 1884 1446 1943 πάλινο
1510 1911 1538 1939 ‹‹
1572 1887 1694 1943 Ἐὰν
1728 1885 1934 1960 ὁμολοο

2051 1887 2146 1941 Dei
2161 1888 2309 1959 justi
2320 1888 2411 1942 tim
2431 1895 2519 1943 est
2538 1889 2859 1945 humanam
2884 1890 3310 1962 benignitatem
3328 1890 3690 1959 excedentis,

274 1982 461 2054 γτςσῃς
494 1977 547 2032 ἐν
578 1981 657 2049 τῷ
694 1976 924 2050 στόματί
982 1997 1077 2033 σου
1119 1977 1319 2052 Κύριον
1379 1977 1608 2047 Ἰησοῦν,
1670 1979 1788 2033 εἶτα
1843 1978 1933 2032 καὶ

274 2069 576 2142 πιστεύσῃς
606 2065 659 2121 ἐν
690 2070 760 2140 τῇ
818 2062 1013 2143 καρδίᾳ
1069 2088 1188 2136 σου,
1240 2068 1488 2141 σωθήσῃ.
1524 2091 1552 2119 ››
1607 2068 1783 2124 Τοῦτο
1843 2068 1935 2123 οῦν

277 2154 634 2224 δικαιοσύνης
698 2159 855 2224 Θεοῦ,
906 2154 1146 2225 νικώσης
1195 2152 1601 2234 φιλανθρωπίαν
1655 2154 1935 2230 ἀνθρωπί-

270 2268 397 2316 νην,
440 2245 503 2301 τὸ
566 2243 626 2299 ἐκ
686 2244 856 2318 μόνης
912 2244 1150 2305 πίστεως
1212 2238 1568 2319 νεκρωθέντας
1616 2245 1765 2315 ἡμᾶς
1813 2248 1932 2298 ταῖς

274 2334 577 2410 ἁμαρτίαις
640 2331 749 2405 ἤδη
836 2333 1105 2408 ἀνεγεῖραι
1161 2333 1251 2388 καὶ
1309 2334 1671 2402 ζωοποιῆσαι.
1727 2334 1824 2394 ’Ὡς
1870 2352 1927 2387 τε

277 2424 471 2486 καλῶς
499 2429 755 2499 προεῖπεν
790 2422 873 2478 ὅτι
905 2421 1132 2496 δύναμίς
1181 2421 1296 2478 ἐστι
1349 2421 1413 2478 τὸ
1468 2419 1800 2498 Εὗαγγὲλιον
1857 2421 1932 2484 εἷς

279 2516 565 2587 σωτηρίαν
597 2518 676 2586 τῷ
710 2513 1039 2569 πιστεύοντι.
1100 2512 1203 2569 Καὶ
1260 2511 1361 2587 γὰο
1417 2508 1748 2586 δυναμοῦται
1782 2512 1810 2566 ό
1840 2533 1932 2567 πι·

280 2606 532 2672 στεύσας,
566 2600 656 2658 διὰ
684 2610 786 2673 τῆς
833 2602 885 2659 ἐν
943 2601 1091 2674 αύτῷ
1136 2600 1669 2677 ἀποκαλυπτομένης
1720 2599 1931 2658 δικαιο-

2044 1994 2115 2032 ex
2140 1978 2267 2033 sola
2295 1977 2569 2034 videlicet
2610 1979 2724 2034 ﬁde
2780 1997 2887 2035 nos
2938 1980 3194 2051 peccatis
3234 1980 3363 2052 jam
3423 1985 3691 2036 mortuos

2044 2066 2337 2123 viviﬁcare
2370 2085 2436 2123 ac
2470 2069 2775 2125 suscitare.
2813 2072 2968 2124 Bene
3001 2071 3200 2141 itaque
3233 2069 3507 2141 prasdixit
3536 2068 3695 2140 quod

2043 2157 2427 2230 Evangelium
2457 2160 2724 2230 potentia
2745 2160 2822 2214 sit
2851 2159 2925 2215 ad
2954 2159 3207 2215 salutem
3231 2158 3520 2215 credenti.
3548 2160 3697 2214 Con-

2046 2246 2318 2301 ﬁrmatur
2330 2262 2588 2318 namque
2604 2247 2653 2302 is
2667 2248 2767 2319 qui
2783 2248 3034 2304 credidit
3048 2248 3620 2321 perjustitiam,quaa
3634 2248 3696 2303 in

2045 2352 2114 2390 eo
2132 2335 2446 2391 revelatur.
2463 2338 2575 2392 Per
2586 2337 2895 2394 credentes
2907 2354 2979 2393 au
2988 2344 3105 2394 tem
3120 2337 3415 2393 revelatur
3430 2342 3487 2393 et
3502 2337 3699 2394 mani-

2042 2424 2311 2482 festatur.
2331 2426 2530 2481 Verum
2542 2427 2614 2482 ad
2628 2427 2700 2482 ad
2714 2428 2856 2499 quid
2875 2428 3219 2495 viviﬁcatur,
3239 2428 3295 2483 ir
3306 2427 3565 2499 quit,qui
3582 2444 3705 2483 cre-

2044 2513 2313 2570 didit‘lAd
2328 2516 2819 2587 perfectissimam
2835 2517 3009 2572 ﬁdem
3027 2516 3673 2573 etimmutabilemhabi
3687 2548 3701 2559 -

2045 2603 2579 2661 tusfortitudinem.
2606 2608 2749 2663 Nam
2765 2624 2830 2662 ex
2848 2606 2962 2662 ﬁde
2982 2608 3043 2662 in
3065 2607 3327 2664 ﬁdemest
3359 2605 3690 2662 viviﬁcatio.

280 2695 474 2765 σύδης.
510 2695 608 2749 Δια
634 2690 692 2750 δὲ
722 2698 833 2749 τῶν
864 2692 1214 2763 πιστεόντων,
1283 2690 1730 2749 ἀποκαλύπτεται
1777 2691 1869 2749 καὶ
1928 2696 2275 2770 φανεροῦται.
2334 2690 2487 2750 Ἀλλ’
2545 2693 2620 2756 εἷς
2676 2694 2729 2749 τί
2774 2700 3145 2765 ζωοποιεῖται,
3199 2694 3385 2774 φησὶν,
3418 2694 3445 2749 ὁ
3478 2692 3697 2749 πιστεύο

279 2801 435 2855 σαῖς
487 2784 582 2846 Εἰς
640 2785 741 2854 τὴν
800 2782 1148 2855 τελειοτάτην
1230 2780 1321 2837 καὶ
1405 2782 1542 2837 κατᾶ
1597 2781 1980 2855 ἀμετάπειστον
2033 2778 2195 2854 ἕξεως
2237 2780 2395 2856 ἰσχὺν
2451 2782 2653 2841 πίστιν.
2710 2789 2788 2839 Et
2844 2784 2947 2858 γὰρ
3004 2783 3234 2846 πίστεως
3290 2780 3367 2845 εἷς
3422 2782 3601 2838 πίστιν
3662 2786 3698 2854 ἡ

286 2874 536 2946 ζωοποίη
545 2891 646 2936 σις·

364 3048 598 3105 Δυνατὸν
628 3044 685 3102 δὲ
713 3045 803 3103 καὶ
835 3044 1024 3107 ἄλλως
1050 3050 1266 3114 νοῆσαι.
1298 3046 1363 3100 Ἦ
1394 3048 1491 3101 τοῦ
1543 3044 1677 3100 Θεοῦ
1728 3040 1936 3099 δικαιο-

290 3140 425 3210 σύνη
464 3136 553 3193 διὰ
602 3142 699 3195 τοῦ
732 3134 1075 3215 Εὐαγγελίου
1130 3134 1594 3207 ἀποκαλύπτεται,
1651 3134 1733 3189 ὅτι
1792 3131 1940 3207 λαμ-

286 3223 467 3284 ϐάνων
500 3233 630 3301 παρ’
654 3229 817 3300 ἡμῶν
848 3225 1030 3300 ἀρχὴν
1063 3222 1228 3297 μόνον
1282 3223 1374 3279 καὶ
1434 3224 1652 3298 σπέρμα
1681 3221 1937 3289 πίστεως,

286 3318 458 3378 αὐτὸς
488 3316 697 3387 αὐξάνει
733 3315 825 3372 καὶ
860 3312 1072 3390 ἒδράζει
1104 3315 1210 3370 ’καὶ
1276 3311 1609 3370 τελειοποιεῖ
1654 3315 1804 3386 ἡμᾶς
1860 3312 1937 3374 εἷς

285 3407 461 3477 αὐτὴν
492 3408 712 3478 ταύτην.
773 3408 951 3463 Τοῦτο
1010 3401 1330 3474 δικαιοσύνη
1364 3402 1440 3465 ὣς
1495 3401 1722 3474 ἀληθῶς
1778 3406 1936 3472 Θεοῦ,

285 3499 353 3555 τὸ
415 3498 579 3569 μόνον
646 3496 904 3573 ἀφορμὴν
992 3494 1358 3570 προαιρέσεως
1431 3488 1670 3549 λαϐόντα
1703 3536 1717 3563 ,
1776 3491 1935 3548 αὐτὸν

284 3586 588 3663 ἀπαρτίσάι
639 3586 701 3642 τὸ
752 3589 874 3642 πᾶν.
908 3581 1194 3658 Ἀνωτέρω
1221 3583 1323 3660 γὰρ
1375 3580 1632 3662 λέγοντος
1665 3584 1761 3637 τοῦ
1796 3586 1940 3637 Βαυ-

282 3672 415 3739 λου,
447 3674 531 3728 ὅτι
559 3692 581 3722 ι
617 3670 857 3744 Δύναμις
888 3669 1004 3726 ἐστι
1031 3674 1112 3741 τῷ
1169 3666 1477 3725 πιστεύοντι
1534 3667 1611 3729 εἰς
1661 3666 1937 3740 σωτηρίαν

282 3763 353 3818 τὸ
398 3759 754 3837 Εὐαγγὲλιον,
787 3782 814 3811 ››
868 3756 965 3814 ’ίνα
1024 3760 1100 3834 μή
1157 3778 1240 3820 τις
1299 3753 1449 3833 εἴπῃ·
1511 3755 1606 3812 Καὶ
1665 3761 1781 3818 πῶς
1836 3751 1941 3811 ’ἐνει

291 3855 582 3908 πιστεῦσαι
669 3849 935 3906 ἀκούοντα
1017 3848 1246 3925 σταυρὸν
1278 3892 1294 3918 ,
1377 3846 1642 3904 ἀκούοντα
1697 3847 1939 3914 θάνατον,

293 3942 564 3998 ἂκούοντα
610 3941 809 4009 «ﬁeri;
866 3937 1057 4016 ἐπάγει
1109 3938 1196 4007 τὸ,
1254 3961 1283 3990 ‹‹
1316 3937 1637 4009 Δικαιοσύνη
1705 3941 1840 3992 Θεοῦ
1890 3933 1943 3990 ἐν

290 4030 447 4103 αὐτῷ
495 4025 956 4087 ἀποκαλύπτεται.
990 4052 1018 4080 »ι
1078 4029 1171 4099 Μή
1227 4027 1344 4096 οῦν,
1375 4027 1530 4106 φησὶ,
1581 4031 1749 4082 ταῦτα
1804 4045 1943 4100 προ-

290 4121 544 4201 ερασίζου.
578 4120 703 4177 Έὲιν
754 4119 858 4194 γὰρ
914 4117 1077 4194 μόνον
1134 4119 1489 4193 προαιρεθῇς,
1546 4117 1667 4172 τότε
1728 4112 1942 4189 μᾶλλον

292 4204 449 4289 ἔχεις
485 4210 757 4285 θαυμάσαι
783 4210 882 4279 τὴν
910 4212 1009 4265 τοῦ
1032 4210 1164 4264 Θεοῦ
1212 4206 1335 4281 περὶ
1391 4206 1448 4262 σε
1497 4203 1827 4280 κηδεμονίαν
1854 4202 1944 4259 καὶ

296 4301 586 4375 πρόνοιαν,
628 4297 712 4355 ὅτι
741 4299 841 4366 τήν
878 4297 985 4352 ἀπὸ
1014 4297 1242 4372 γνώμης
1301 4295 1481 4351 πίστιν
1536 4289 1744 4364 λαϐὼν,
1784 4292 1945 4353 αὐτός

298 4411 388 4445 σοι
422 4393 662 4464 χορηγεῖ
689 4390 788 4459 τὴν
849 4386 908 4443 ὲκ
936 4384 1320 4466 πληροφορίας
1350 4384 1528 4441 πίστιν
1573 4381 1664 4439 καί
1712 4378 1946 4458 βεϐαιώ-

296 4501 462 4537 σεως.
497 4480 634 4536 Εἶτα
655 4478 748 4533 ’ἱνα
811 4478 886 4551 μὴ
944 4477 1178 4552 νομίσῃς
1230 4475 1315 4532 ὅτι
1344 4475 1530 4530 καινόν
1566 4495 1621 4529 τι
1648 4471 1800 4551 λέγει
1854 4471 1946 4527 καὶ

294 4569 612 4650 πρόσοατον
646 4612 660 4639 ,
726 4567 819 4622 τὸν
887 4567 1177 4645 προφήτην
1236 4566 1471 4642 παράγει
1537 4564 1812 4650 μάρτυρα.
1871 4561 1946 4617 Τὸ

2122 3046 2215 3101 2|
2235 3048 2266 3101 1
2297 3048 2618 3101 Possumus
2632 3050 2827 3101 autem
2843 3047 3028 3102 etalio
3041 3046 3216 3102 modo
3230 3045 3583 3119 intelligere.
3603 3047 3698 3102 Ju-

2050 3134 2211 3190 stitia
2232 3134 2332 3189 Dei
2352 3150 2456 3205 per
2477 3134 2854 3207 Evangelium
2882 3134 3191 3191 revelatur.
3226 3135 3380 3190 Deus
3406 3135 3565 3189 enim
3595 3136 3700 3207 qui

2053 3223 2243 3278 solum
2295 3223 2533 3279 initium
2570 3224 2749 3279 sumit
2774 3241 2807 3279 a
2837 3224 3008 3280 nobis
3057 3241 3380 3296 semenque
3403 3223 3538 3280 ﬁdei
3572 3225 3699 3297 ipse

2000 3304 2013 3325 ⁴
2053 3320 2227 3385 auget
2259 3318 2316 3368 et
2332 3312 2589 3377 roborat,
2614 3331 2681 3369 ac
2703 3313 2937 3386 perﬁcit
2956 3330 3065 3369 nos
3096 3314 3169 3369 ad
3191 3314 3385 3386 ipsam
3402 3314 3692 3371 eamdem.

2047 3402 2112 3458 Id
2145 3418 2278 3458 vere
2301 3402 2539 3474 justitia
2556 3405 2657 3459 Dei
2688 3409 2798 3471 est,
2832 3403 2991 3475 quod
3023 3403 3150 3458 sola
3178 3403 3500 3459 voluntatis
3530 3420 3700 3461 occa-

2049 3491 2287 3548 casione
2314 3508 2349 3548 a
2377 3492 2550 3548 nobis
2578 3500 2835 3566 sumpta,
2864 3493 2989 3564 ipse
3011 3497 3198 3547 totum
3224 3510 3373 3564 opus
3412 3492 3699 3549 absolvat.

2050 3580 2356 3653 Siquidem
2388 3598 2522 3637 cum
2554 3583 2826 3653 superius
2860 3581 3107 3637 dixisset
3151 3582 3372 3638 Paulus
3406 3599 3419 3637 :
3458 3605 3478 3631 ι
3512 3583 3699 3638 Evan-

2047 3671 2266 3744 gelium
2291 3672 2560 3744 potentia
2590 3672 2689 3727 Dei
2723 3677 2813 3727 est
2852 3673 3118 3727 credenti
3149 3671 3224 3727 ad
3252 3672 3526 3738 salutem,
3561 3694 3589 3723 ››
3621 3688 3698 3727 ne

2051 3761 2185 3833 quis
2216 3761 2411 3817 dicat:
2446 3764 2515 3816 Et
2545 3762 2839 3833 quomodo
2891 3768 3087 3834 potest
3144 3761 3381 3816 credere
3412 3761 3514 3831 qui
3564 3777 3699 3815 cru-

2051 3867 2180 3907 cem
2212 3851 2399 3917 audit,
2427 3852 2527 3925 pui
2549 3857 2803 3907 mortem
2836 3851 3020 3915 audit,
3054 3850 3153 3921 qui
3197 3849 3550 3905 afﬁictiones
3602 3865 3702 3904 au-

2053 3941 2140 3997 dit
2167 3941 2195 3997 ?
2219 3941 2450 3997 subdit:
2480 3963 2508 3990 «
2537 3942 2772 3997 Iustitia
2801 3942 2902 3996 Dei
2954 3941 3014 3995 in
3079 3956 3146 3995 eo
3199 3938 3515 3995 revelatur.
3560 3961 3588 3988 »
3619 3940 3699 3994 Ne

2052 4048 2189 4105 ergo
2220 4036 2556 4103 praetextas,
2582 4030 2795 4103 inquit,
2827 4029 3289 4086 excusationem.
3311 4029 3454 4085 Nam
3476 4029 3523 4085 si
3549 4027 3702 4084 dun-

2053 4125 2213 4177 taxat
2243 4121 2643 4192 proposueris,
2691 4125 2831 4175 tunc
2889 4119 3177 4175 admiraai
3236 4120 3422 4189 magis
3479 4119 3703 4191 poteris

2057 4211 2158 4285 Dei
2191 4226 2329 4282 erga
2358 4216 2416 4264 te
2435 4208 2930 4281 gubernationem
2953 4224 3020 4263 ac
3046 4208 3478 4280 providentiam
3503 4226 3515 4263 :
3544 4207 3703 4278 quod

2057 4304 2294 4370 sumpta
2323 4298 2394 4352 ab
2418 4298 2616 4352 animo
2643 4297 2779 4363 ﬁde,
2814 4297 2941 4369 ipse
2965 4296 3069 4352 tibi
3096 4297 3437 4370 suppeditat
3462 4296 3702 4351 certitu-

2058 4388 2294 4445 dinisac
2316 4386 2789 4441 conﬁrmationis
2812 4386 3013 4442 ﬁdem.
3040 4387 3261 4442 Deinde
3298 4403 3372 4442 ne
3404 4385 3706 4441 existimes

2058 4476 2216 4552 quod
2237 4492 2453 4532 novum
2484 4474 2713 4547 aliquid
2741 4475 2899 4531 dicat
2927 4482 3030 4532 aut
3058 4476 3418 4535 inauditum.
3442 4475 3702 4546 prophe-

2059 4574 2177 4624 tam
2211 4567 2273 4621 in
2300 4572 2511 4622 testem
2545 4565 2840 4637 producit.
2874 4567 2992 4621 Hoc
3024 4565 3362 4637 ipsumjam
3395 4563 3537 4619 olim
3568 4568 3705 4618 ante

296 4639 437 4717 αύτό
458 4639 565 4735 ’μοι
615 4680 751 4735 φησι
808 4657 898 4714 καὶ
992 4639 1285 4734 προφήτης
1320 4639 1661 4727 νἈῦϐακοὺμ
1689 4648 1941 4722 ἔκπαλαι,

2060 4674 2152 4714 me
2172 4655 2443 4729 praedixit
2461 4656 2817 4728 etpropheta
2837 4655 3125 4720 Habacuc,
3143 4654 3329 4726 quodj
3341 4660 3507 4709 ustus
3521 4653 3703 4709 vitam

296 4751 385 4808 ὅτι
458 4752 617 4820 ἡτοῦ
670 4746 883 4804 δικαίου
938 4749 1050 4817 ζωὴ
1109 4746 1285 4801 πίστει
1335 4738 1803 4821 περιλαμϐάνεται
1858 4744 1946 4799 καὶ

298 4844 656 4918 περατοῦται,
686 4835 970 4919 ἀρχομένη
1008 4837 1101 4909 μὲν
1156 4835 1264 4891 ἀπὸ
1330 4842 1432 4905 τῆς
1491 4834 1629 4890 κατὰ
1682 4833 1948 4909 προαίρε-

300 4952 384 4986 σιν
421 4930 678 4998 πίστεως,
739 4924 1092 5000 τελειουμὲνη
1153 4921 1211 4979 δὲ
1261 4924 1351 4979 καὶ
1404 4928 1672 4999 προϊοῦσα
1724 4923 1799 4985 εἰς
1854 4924 1951 4992 τὴν

298 5019 442 5075 κατᾶ
472 5016 618 5081 θείαν
650 5035 957 5093 συνεργειαν
985 5012 1077 5069 καὶ
1101 5009 1446 5088 ἀποκάλυψιν
1504 5010 1704 5068 πίστιν.
1768 5034 1792 5063 σ
1828 5010 1947 5066 Διό-

297 5129 405 5185 περ
438 5108 521 5163 ἀεὶ
554 5108 582 5164 ὁ
615 5106 822 5168 δίκαιος
855 5105 914 5160 ἐκ
970 5104 1204 5165 πίστεως
1271 5106 1359 5177 ζῇ.
1397 5126 1425 5155 »
1479 5103 1558 5159 Ἰὸ
1616 5099 1674 5157 δὲ
1722 5125 1750 5153 ‹‹
1782 5103 1950 5171 Ζήσε-

296 5220 420 5263 ται,
454 5222 484 5250 ››
540 5196 727 5260 καλῶς
784 5194 1022 5273 εἴρηται.
1081 5192 1393 5263 Τουτέστιν,
1430 5193 1490 5250 ⁸0
1548 5188 1754 5253 δίκαιος
1789 5191 1851 5246 οὐ
1883 5192 1949 5262 ζῇ

302 5291 403 5362 μὲν
432 5286 495 5343 ἐκ
529 5288 783 5356 πίστεως,
816 5284 1043 5340 παύεται
1100 5279 1177 5351 δὲ,
1236 5280 1384 5338 ἀλλὰ
1444 5280 1735 5343 διαπαντὸς
1795 5282 1953 5352 ζήσε-

292 5402 388 5437 ται
424 5376 477 5432 ἒν
527 5376 665 5441 αύτῆ
724 5374 1051 5450 προκόπτων
1118 5372 1208 5427 καὶ
1266 5371 1679 5447 στηριζόμενος.
1722 5373 1952 5443 Ζήσεται

294 5466 375 5535 δὲ,
412 5468 550 5534 εἶπε,
582 5465 671 5519 καὶ
719 5465 820 5520 οὐκ
876 5462 1021 5519 ἄλλο
1082 5484 1156 5525 τι.
1191 5463 1305 5517 οἷον
1357 5458 1660 5537 προκόπτει
1707 5462 1743 5532 ἢ
1776 5459 1958 5536 στηρί-

296 5566 449 5629 ζεται
486 5557 521 5625 ἢ
556 5552 699 5612 ἄλλο
728 5575 806 5624 τι,
836 5555 936 5624 τὴν
960 5551 1392 5629 ἑπιτεταγμένην
1449 5548 1685 5616 διάθεσιν
1743 5547 1953 5622 δηλῶν,

300 5649 389 5706 ὁτι
445 5642 573 5701 οὐδὲ
642 5650 741 5715 ζῆν
796 5643 1104 5719 αἱρήσεται,
1166 5638 1280 5697 οὐδ’
1337 5640 1589 5698 ἀναπνεῖν
1641 5642 1821 5717 χωρὶς
1862 5640 1957 5695 πί-

298 5756 474 5799 στεως
482 5776 500 5793 σ

2061 4747 2177 4804 ﬁde
2204 4745 2584 4819 amplectitur
2598 4761 2666 4800 ac
2687 4745 2986 4810 terminat,
3012 4744 3308 4817 inceptam
3333 4742 3573 4815 quidem
3600 4759 3707 4816 per

2060 4836 2239 4893 ﬁdem
2270 4852 2401 4907 qum
2420 4852 2455 4890 a
2474 4834 2796 4902 voluntate,
2820 4833 3198 4889 terminatam
3219 4850 3355 4888 vero
3386 4850 3454 4889 ac
3496 4850 3706 4906 proce-

2061 4925 2302 4982 dentem
2334 4925 2395 4979 in
2420 4924 2620 4994 ﬁdem,
2647 4940 2776 4995 quae
2790 4923 3136 4995 producitur
3155 4941 3190 4980 a
3217 4923 3414 4979 divina
3434 4939 3710 4995 coopera-

2060 5015 2221 5070 tione
2243 5030 2310 5069 ac
2341 5012 2719 5068 revelatione.
2756 5034 2782 5061 ‹‹
2816 5011 2952 5068 Ideo
2999 5029 3235 5085 semper
3242 5012 3444 5084 justus
3494 5028 3563 5068 ex
3594 5011 3710 5068 ﬁde

2060 5104 2217 5159 vivit.
2255 5126 2282 5153 »
2312 5105 2467 5159 Bene
2502 5108 2699 5158 autem
2731 5102 2954 5159 dictum
2998 5109 3087 5158 est
3116 5126 3142 5155 ιι
3166 5104 3344 5169 Vivet,
3386 5127 3405 5152 ι
3441 5103 3553 5159 hoc
3583 5108 3709 5159 est:

2064 5195 2190 5249 Non
2221 5192 2521 5263 itajustus
2556 5208 2627 5247 ex
2678 5191 2793 5247 ﬁde
2826 5192 2961 5245 vivit
2990 5198 3055 5247 ut
3084 5192 3321 5249 desinat
3374 5198 3477 5248 aut
3501 5196 3710 5259 cesset,

2066 5281 2168 5339 sed
2194 5297 2430 5353 semper
2450 5281 2601 5338 vivet
2630 5280 2691 5336 in
2720 5296 2787 5336 ea
2837 5281 3153 5354 proﬁciens
3203 5299 3270 5339 ac
3302 5283 3710 5339 conﬁrmatus.

2066 5372 2438 5428 Dixitautem
2464 5393 2487 5422 α
2513 5372 2693 5439 Vivet,
2722 5393 2747 5420 ι)
2775 5377 2832 5426 et
2860 5387 2980 5427 non
3012 5372 3176 5428 aliud
3198 5371 3525 5445 quidpiam,
3550 5376 3717 5446 puta.

2064 5460 2302 5534 proﬁcit
2331 5466 2432 5515 aut
2488 5460 2877 5515 conﬁrmatur
2924 5476 3028 5516 seu
3071 5460 3230 5516 aliud
3263 5461 3494 5533 quidvis
3526 5478 3541 5517 :
3575 5460 3714 5517 sub-

2066 5551 2255 5606 ditum
2287 5549 2631 5621 signiﬁcans
2660 5550 2938 5605 affectum
2965 5550 3133 5622 quasi
3165 5566 3357 5622 neque
3386 5551 3576 5607 vivere
3605 5550 3711 5606 eli-

2064 5644 2181 5713 gat,
2212 5643 2316 5695 aut
2343 5639 2533 5712 possit
2562 5639 2651 5694 vel
2674 5640 2966 5712 respirare
2990 5640 3118 5696 sine
3143 5639 3278 5696 ﬁde.
