4176 6200
370 389 488 451 339

379 618 456 669 De
476 609 697 682 judicio
729 607 878 678 quod
896 609 1076 674 fertur
1105 605 1361 658 adversus
1390 610 1572 672 gentes
1616 619 1728 658 non
1757 608 2030 658 servantes

841 713 903 750 ea
936 711 1055 764 quae
1099 711 1133 748 a
1161 701 1367 748 natura
1415 701 1562 748 sunt.

448 792 493 854 Ι,
527 791 610 851 l8,
648 790 732 842 19.
771 807 798 836 ‹‹
832 785 1149 840 Revelatur
1178 785 1338 838 enim
1371 785 1460 838 ira
1491 783 1590 838 Dei
1625 782 1696 837 de
1729 782 1874 836 ca‘lo
1930 781 2031 836 ad-

380 901 404 932 ι
441 895 642 933 versus
673 892 912 930 omnem
965 875 1331 944 impietatem
1364 880 1422 928 et
1451 873 1806 945 injustitiam
1840 871 2032 926 homi-

383 991 404 1018 ι
435 983 600 1033 num,
635 967 736 1036 qui
772 965 1078 1019 veritatem
1112 964 1172 1018 in
1207 963 1502 1034 injustitia
1560 963 1848 1018 detinent.
1892 963 2035 1016 Nam

383 1078 412 1108 ι(
442 1055 504 1112 id
537 1055 696 1126 quod
729 1055 882 1110 212
916 1053 987 1108 de
1017 1054 1137 1107 Deo
1164 1053 1566 1124 cognoscibile
1613 1057 1723 1113 est,
1757 1050 2034 1105 manifes-

384 1168 412 1196 ‹ι
437 1152 562 1201 tum
582 1150 672 1200 est
701 1144 761 1198 in
791 1143 960 1214 ipsis,
1001 1143 1153 1196 Deus
1184 1143 1340 1196 enim
1367 1141 1512 1212 ipsis
1561 1140 1972 1195 manifestavit.
2005 1160 2032 1190 »

457 1259 484 1285 ‹‹
521 1234 853 1291 Revelatur.
889 1259 914 1282 ιι
954 1234 1018 1286 In
1051 1232 1145 1286 die
1171 1232 1408 1302 judicii.
1448 1252 1472 1282 ι
1495 1231 1743 1287 Omnem
1776 1230 2042 1300 impieta-

385 1331 504 1380 tem
537 1330 596 1379 et
625 1322 982 1394 injustitiam
1028 1343 1052 1368 ››
1081 1320 1316 1375 Iustitia
1341 1335 1602 1390 namque
1627 1318 2042 1374 uniformisest

386 1431 562 1487 porro
595 1413 751 1468 circa
765 1411 1039 1482 dogmata
1063 1415 1152 1465 est
1174 1409 1333 1464 varia
1385 1408 1682 1480 impietas,
1710 1409 1868 1464 circa
1896 1424 2039 1463 con-

387 1503 784 1559 versationem
810 1515 943 1554 vero
976 1498 1223 1552 malitia.
1266 1521 1284 1546 ι
1325 1497 1642 1552 Veritatem
1666 1498 1726 1552 in
1751 1496 2043 1568 iniustitia

391 1592 680 1647 detinent.
703 1614 724 1640 ι
764 1588 996 1643 Veritas
1029 1586 1269 1657 quidem
1305 1586 1404 1642 Dei
1456 1586 1710 1659 cognitio
1746 1593 1851 1651 est,
1884 1587 2043 1657 inju-

389 1680 503 1737 stia
531 1695 669 1733 vero
703 1677 998 1732 idolorum
1022 1675 1311 1748 deceptio.
1347 1675 1438 1729 Illi
1487 1675 1686 1746 itaque
1740 1675 2042 1730 veritatem

391 1771 454 1825 in
485 1767 782 1838 injustitia
813 1765 1103 1826 detinent.
1137 1765 1238 1836 qui
1291 1765 1392 1819 Dei
1443 1764 1667 1819 cultum
1720 1764 1894 1819 idolis
1942 1764 2044 1818 tri-

1495 377 1909 439 CECUMEMI
1959 375 2259 436 TliICC/E
2304 373 2648 437 EPISCOPI

1019 515 1248 570 CAPUT
1312 515 1384 568 Il.
2056 519 2106 581 Α

3665 376 3781 436 340

2778 511 3036 568 ΚΕΦΑΛ.
3073 509 3148 566 Β“.

2139 600 2268 675 Περὶ
2295 599 2526 674 κρίσεως
2557 607 2656 668 τῆς
2679 600 2814 654 κατά
2865 599 3050 666 ἐθνῶν,
3109 603 3217 654 τῶν
3277 599 3341 654 οὐ
3395 597 3779 678 φυλασσόντων

2794 690 2860 744 τὰ
2899 690 3131 762 νόμιμα.

2207 776 2688 835 Ἀποκαλῦπτεται
2761 779 2864 852 γὰρ
2949 779 3089 850 ὁργὴ

2139 867 2226 922 ἐπὶ
2285 874 2455 923 πᾶσαν
2535 863 2778 922 ἀσέϐειαν
2852 867 2941 922 καὶ
3020 864 3229 922 ἀδικίαν
3309 867 3606 943 ἀνθρώπων
3678 873 3788 923 τῶν

2140 961 2238 1029 τήν
2325 957 2587 1029 ἀλήθειαν
2665 958 2716 1014 έν
2775 955 2961 1029 ἀδικίᾳ
3041 957 3409 1036 κατεχόντων.
3499 959 3646 1013 Διότι
3721 960 3783 1014 τὸ

2140 1048 2378 1125 γνωστὸν
2437 1053 2534 1102 τοῦ
2595 1052 2728 1103 Θεοῦ
2788 1048 3012 1126 φανερόν
3068 1045 3207 1102 ἐστιν
3269 1046 3320 1100 έν
3376 1046 3581 1108 αὐτοῖς·
3625 1048 3791 1123 ὁγὰρ

2140 1138 2268 1197 Θεὸς
2299 1136 2483 1197 αὐτοῖς
2517 1136 2836 1216 ἐφανέρώσε.

2213 1251 2238 1276 ‹‹
2297 1223 2760 1283 Ἀποκαλύπεται.
2824 1250 2852 1276 ››
2940 1227 3024 1282 Ἐν
3109 1230 3208 1299 τῇς
3276 1226 3505 1299 κρίσεως
3586 1224 3788 1300 ἡμέρα.

2146 1321 2319 1372 Πᾶσαν
2394 1312 2639 1372 ἀσέϐειαν
2700 1315 2789 1370 καὶ
2848 1312 3063 1370 ἀδικίαν
3101 1361 3114 1374 .
3184 1340 3211 1366 »
3267 1315 3329 1370 ’Π
3390 1314 3482 1388 μέν
3549 1315 3650 1390 γὰρ
3709 1313 3795 1371 δι-

2140 1404 2399 1476 καιοσύνη
2468 1401 2780 1478 μόνοειδὴς,
2839 1403 3071 1472 ποικίλη
3107 1401 3163 1459 δέ
3193 1407 3226 1472 ἡ
3260 1403 3385 1478 περὶ
3442 1407 3509 1459 τὰ
3540 1401 3786 1478 δόγματα

2144 1492 2381 1562 ἀσέϐεια,
2431 1497 2520 1550 καὶ
2563 1498 2597 1564 ἡ
2629 1495 2753 1569 περὶ
2821 1496 2917 1563 τήν
2975 1493 3256 1550 πολιτείαν
3316 1494 3496 1550 κακία.
3559 1519 3587 1546 ‹‹
3621 1494 3796 1566 Ἀλή-

2145 1588 2288 1641 Θειαν
2327 1583 2379 1640 ἐν
2435 1583 2618 1654 ἀδικίᾳ
2671 1585 3039 1659 κατεχόντων.
3077 1607 3104 1635 »ι
3161 1582 3426 1653 Ἀλήθεια
3483 1583 3665 1656 μὲν,ὴ
3697 1604 3797 1640 τοσ

2145 1679 2280 1730 Θεοῦ
2332 1679 2553 1750 γνῶσις,
2611 1670 2794 1728 ἀδικία
2853 1670 2930 1743 δὲ,
2991 1676 3025 1742 ἡ
3083 1679 3188 1727 τῶν
3269 1670 3517 1728 εἰδώλων
3590 1674 3793 1744 ἀπάτη.

2148 1765 2375 1820 Ἐκεῖνοι
2443 1764 2535 1818 οὖν
2589 1763 2689 1830 τήν
2746 1759 3005 1831 ἀλήθειαν
3066 1759 3117 1816 ἐν
3178 1759 3364 1832 ἀδικίᾳ
3417 1764 3744 1838 κατέχουσιν
3777 1803 3792 1829 ,

3173 783 3306 832 Θεοῦ
3392 777 3484 832 ἀπ’
3555 777 3788 854 οὐρανοῦ

394 1859 603 1913 buunt.
637 1856 919 1910 Detinent
941 1860 1165 1920 autem,
1198 1854 1310 1909 hoc
1335 1859 1441 1916 est,
1466 1853 1811 1908 custodiunt
1840 1853 1929 1907 vel
1954 1869 2044 1908 oc-

2157 1852 2269 1909 ὅσοι
2299 1853 2360 1907 τὸ
2391 1847 2549 1916 σέϐας
2603 1855 2700 1906 τοῦ
2758 1857 2892 1907 Θεοῦ
2949 1851 3336 1916 περιάπτουσιν
3399 1849 3676 1914 εἰδώλοις.
3727 1851 3800 1909 Τὸ

395 1947 626 2004 cultant
656 1961 756 2000 seu
799 1944 985 2000 animi
1033 1944 1315 2014 pravitate
1373 1942 1789 1998 obtenebrant.
1856 1941 2047 1998 Facile

403 2037 561 2093 enim
588 2039 764 2097 esset,
792 2034 840 2088 si
863 2033 1104 2098 vellent,
1129 2031 1200 2086 ab
1233 2031 1324 2086 his
1348 2047 1477 2101 quas
1505 2031 1797 2093 videntur,
1821 2037 1879 2086 et
1900 2048 1961 2085 se
1995 2036 2053 2085 et

405 2126 556 2181 alios
585 2125 660 2179 ad
691 2123 792 2178 Dei
817 2122 1214 2195 cognitionem
1240 2121 1471 2191 juvare.
1502 2123 1569 2175 At
1622 2120 1708 2174 illi
1767 2121 1892 2176 haec
1925 2121 2052 2191 ipsa

408 2213 594 2281 magis
617 2215 1010 2266 contexerunt
1035 2226 1101 2264 ac
1129 2209 1536 2270 detinuerunt,
1559 2224 1634 2262 ne
1663 2209 1764 2262 Dei
1797 2208 2051 2281 cognitio

405 2301 776 2374 splenderet:
793 2300 920 2354 haec
938 2299 1066 2371 ipsa
1080 2315 1185 2371 pro
1200 2297 1312 2352 diis
1332 2297 1624 2352 colentes:
1646 2315 1714 2352 ac
1733 2298 1954 2368 injuria
1975 2296 2052 2351 af-

397 2391 688 2457 ﬂcientes,
713 2388 873 2461 quod
896 2389 954 2442 in
984 2388 1130 2459 ipsis
1151 2393 1281 2442 erat
1302 2387 1473 2442 etDei
1497 2387 1893 2456 cognitionem
1919 2403 2051 2457 quae

391 2481 453 2538 in
487 2481 612 2538 illis
645 2485 772 2534 erat
804 2484 863 2533 et
892 2479 1140 2549 seipsos,
1175 2484 1233 2531 et
1266 2493 1334 2532 ea
1365 2482 1524 2531 certe
1567 2493 1699 2548 quaa
1759 2477 2052 2531 honorare

399 2571 770 2627 videbantur.
796 2568 1173 2624 Manifestum
1200 2573 1289 2622 est
1311 2573 1510 2621 autem
1534 2566 1691 2636 quod
1714 2567 2050 2621 Graecorum

401 2660 698 2734 sapientes
729 2657 1092 2730 perstringit,
1127 2672 1451 2727 eorumque
1491 2655 1736 2710 similes.
1770 2679 1789 2703 α
1818 2658 1961 2711 Nam
1992 2655 2053 2710 id

397 2750 554 2823 quod
585 2749 656 2804 de
690 2749 806 2802 Deo
831 2745 1227 2818 cognoscibile
1259 2749 1368 2800 est.
1404 2765 1432 2793 »
1464 2745 1566 2799 Dei
1605 2745 1763 2799 enim
1797 2743 2051 2816 cognitio

404 2838 723 2897 manifesta
752 2841 840 2891 est
869 2835 930 2890 in
964 2834 1083 2889 illis
1117 2834 1251 2889 etin
1285 2833 1578 2888 universo.
1615 2833 1916 2904 Siquidem
1948 2849 2054 2904 per

404 2927 695 2982 visibilem
729 2929 1063 2979 creaturam
1107 2921 1423 2978 invisibilis
1455 2923 1609 2977 Deus
1649 2921 2048 2994 cognoscitur.

404 3016 573 3073 Tales
600 3016 801 3085 itaque
833 3012 1161 3068 voluntarie
1218 3011 1516 3066 aberrant.
1550 3009 1624 3066 Τὸ
1653 3009 1887 3082 γνωστὸν
1948 3026 2048 3066 au-

405 3111 546 3171 tem,
575 3106 687 3160 hoc
719 3109 827 3168 est,
861 3102 919 3156 id
953 3100 1111 3173 quod
1143 3100 1417 3173 cognosci
1476 3104 1688 3171 potest,
1724 3106 1865 3171 puta
1894 3099 2052 3170 quod

404 3200 635 3251 creator
663 3194 761 3259 sit,
793 3191 950 3262 quod
980 3190 1359 3263 gubernator,
1381 3196 1439 3244 et
1470 3189 1708 3244 similia.
1746 3211 1772 3238 α
1806 3189 2046 3243 Manife-

402 3290 559 3339 stum
591 3290 679 3338 est
710 3283 771 3337 in
803 3282 969 3353 ipsis.
1005 3303 1031 3330 ››
1066 3282 1176 3334 Per
1221 3285 1505 3335 creatura)
1537 3278 2045 3350 pulchritudinem

401 3389 469 3430 ac
509 3371 1000 3445 magnitudinem.
1065 3392 1090 3417 «
1125 3369 1278 3422 Deus
1320 3369 1480 3424 enim
1513 3368 1657 3439 ipsis
1705 3368 2049 3422 manifesta-

400 3463 498 3516 vit.
533 3481 557 3509 ιι
598 3465 936 3514 Creaturam
970 3455 1246 3510 omnibus
1278 3455 1663 3527 proponendo
1716 3474 1846 3527 qua:
1881 3473 2048 3511 suam

401 3550 642 3604 doceret
672 3545 1160 3617 magnitudinem.
1193 3546 1335 3600 Nam
1370 3569 1395 3595 ‹‹
1429 3545 1594 3612 Caeli,
1630 3545 1842 3616 inquit,
1877 3561 2051 3600 enar-

402 3645 537 3693 rant
561 3636 809 3710 gloriam
841 3635 943 3690 Dei
974 3634 1015 3688 ⁴.
1052 3655 1079 3683 ››

475 3725 517 3792 Ι,
571 3727 659 3780 20.
721 3747 748 3774 ‹‹
782 3723 1106 3778 Invisibilia
1163 3723 1325 3777 enim
1377 3723 1566 3794 ipsius
1623 3739 1692 3776 ex
1749 3723 2049 3778 crealione

401 3837 431 3865 α
466 3814 694 3883 mundi,
719 3812 1000 3886 operibus
1040 3811 1343 3867 intellecta
1391 3811 1841 3882 conspiciuntur
1873 3827 1884 3864 :
1921 3811 2049 3880 ipsa

401 3927 430 3955 ‹‹
466 3906 751 3960 nimirum
785 3903 1148 3974 sempiterna
1175 3901 1302 3972 ejus
1333 3901 1599 3973 potentia
1629 3917 1696 3956 ac
1750 3899 2045 3968 divinitas,

401 4019 430 4046 ιι
464 4002 530 4051 ut
560 3995 679 4049 sint
701 3995 811 4064 ipsi
843 3991 1296 4047 inexcusabiles.

471 4083 617 4147 Quia
645 4081 792 4136 dixit
817 4080 974 4151 quod
1001 4082 1090 4136 sui
1123 4080 1524 4153 cognitionem
1559 4078 1711 4133 Deus
1766 4077 1887 4132 illis
1919 4094 2043 4133 ma-

398 4171 720 4227 nifestavit.
756 4171 866 4242 ipsi
898 4175 1096 4224 autem
1123 4186 1228 4224 sua
1251 4175 1463 4240 sponte
1481 4185 1617 4223 eum
1649 4167 2043 4238 reliquerunt,

398 4262 458 4317 id
477 4278 634 4317 nunc
659 4260 1110 4324 demonstrat,et
1130 4258 1443 4330 dicitquod
1468 4275 1572 4330 per
1593 4273 1660 4312 ea
1683 4275 1812 4328 quae
1832 4257 2046 4312 creavit

396 4354 568 4417 Deus,
619 4356 761 4422 puta
788 4355 845 4405 et
874 4366 980 4420 per
1035 4349 1360 4404 invisibilia
1391 4353 1449 4402 et
1480 4365 1584 4418 per
1640 4348 1914 4412 visibilia,
1949 4347 2040 4400 sui

395 4441 866 4514 magnitudinem
896 4438 1158 4492 ostendit
1185 4455 1196 4492 :
1233 4454 1368 4491 nam
1403 4443 1673 4491 creatura
1704 4437 1879 4491 etiam
1911 4434 2041 4490 abs-

394 4547 507 4600 que
561 4548 730 4597 voce,
787 4545 893 4601 per
944 4534 1251 4598 aspectum
1301 4526 1637 4581 Creatorem
1687 4525 2040 4598 promulgat.

2155 1940 2231 2012 δὲ,
2262 1944 2637 2018 Κατεχόντων,
2699 1943 2809 1997 οἷον
2865 1941 3272 2019 φυλαττόντων,
3325 1944 3360 2012 ἡ
3394 1943 3801 2020 καλυπτόντων,

2154 2033 2383 2108 γνώμης
2441 2032 2680 2106 πονηρίᾳ
2732 2031 3198 2102 ἐπισκοτιζόντιυν.
3257 2037 3414 2103 Ῥᾷον
3470 2033 3593 2108 γὰρ,
3649 2034 3800 2109 εἷ’περ

2154 2117 2474 2190 ἐϐούλοντο,
2507 2121 2612 2176 ἀπὸ
2641 2127 2749 2176 τῶν
2785 2121 3101 2194 ὁρωμένωνς
3133 2121 3222 2176 καὶ
3264 2123 3488 2186 ἑαυτοὺς
3541 2124 3630 2177 καὶ
3689 2122 3801 2178 ἑτέ-

2155 2231 2280 2286 ρους
2336 2209 2619 2288 ὠφελῆσαι
2707 2211 2780 2272 εἰς
2841 2210 3186 2287 θεογνιυσίαν.
3229 2212 3295 2268 Οἱ
3359 2208 3415 2266 δὲ
3476 2211 3689 2285 μᾶλλον
3735 2201 3806 2268 δι’

2161 2300 2337 2355 αὐτῶν
2373 2301 2580 2355 τούτων
2637 2298 3004 2374 συνεκάλυψαν
3070 2300 3161 2355 καὶ
3221 2301 3512 2380 κατέσχον,
3551 2303 3624 2374 μή
3688 2298 3811 2357 δια-

2161 2387 2378 2464 λάμψαι
2409 2391 2508 2459 τήν
2553 2389 2898 2464 θεογνωσίαν⁶
2959 2389 3096 2444 αὐτά
3149 2393 3317 2445 ταῦτα
3367 2394 3806 2464 θεοποιτςσαντες,

2157 2480 2247 2533 καὶ
2275 2475 2647 2547 ἀδικήσαντες,
2689 2477 2812 2532 ὅσον
2875 2477 2958 2531 ἐπ’
3016 2473 3216 2544 αῦτὸῐς,
3266 2479 3364 2548 τήν
3419 2499 3484 2532 τε
3532 2485 3632 2547 τῆς
3687 2490 3805 2542 θεο-

2158 2567 2390 2642 γνωσίας
2421 2567 2674 2641 ἀγηθειαν
2703 2566 2792 2622 καὶ
2821 2565 3064 2634 ἑαυτοὺς,
3095 2567 3182 2621 καὶ
3216 2565 3350 2621 αὐτοὶ
3401 2589 3464 2641 γε
3520 2565 3612 2636 δὴ,
3671 2569 3804 2642 ἅπερ

2155 2661 2318 2727 τιμᾷν
2355 2653 2562 2725 ἔδοξαν.
2618 2655 2798 2724 Δῆλον
2830 2651 2889 2710 δέ
2918 2655 3003 2710 δτι
3039 2657 3167 2716 τοὺς
3222 2661 3329 2711 τῶν
3389 2655 3676 2726 Ἑλλήνων
3714 2679 3810 2712 σο-

2161 2745 2293 2823 φοὺς
2322 2742 2668 2814 ἐπιπλήττει,
2698 2745 2788 2798 καὶ
2820 2743 2946 2805 τοὺς
2995 2745 3224 2817 ὁμοίους
3283 2743 3530 2806 ἐκείνοις,
3591 2770 3621 2797 ιι
3655 2747 3806 2803 Διότι

2157 2833 2221 2888 τὸ
2279 2833 2517 2907 γνωστὸν
2573 2836 2669 2888 τοῦ
2725 2836 2943 2888 Θεοῦ.»
3003 2838 3064 2887 Ἡ
3103 2833 3205 2907 γὰρ
3261 2838 3456 2908 γνῶσις
3515 2839 3610 2890 τοῦ
3669 2839 3802 2890 Θεοῦ

2158 2922 2382 2995 φανερὰ,
2415 2921 2570 3000 φησὶ,
2609 2919 2660 2975 έν
2719 2920 2905 2983 αὐτοῖς
2954 2921 3043 2976 καὶ
3075 2925 3224 2977 πᾶσι.
3259 2922 3354 2977 Διὰ
3387 2923 3490 2998 γὰρ
3524 2930 3624 2992 τῆς
3657 2924 3806 2998 ὁρω-

2163 3010 2324 3083 μένης
2357 3010 2605 3076 κτίσεως,
2641 3010 2922 3084 ὁάόρατος
2982 3010 3112 3072 Θεὸς
3169 3011 3512 3086 γινώσκεται.
3565 3014 3805 3087 Τοιγαρο

2156 3104 2247 3154 οῦν
2287 3100 2339 3155 οἱ
2393 3103 2634 3154 τοιοῦτοι
2693 3099 2904 3160 ἑκόντες
2963 3097 3408 3155 ἀποπλανῶνται.
3471 3126 3497 3151 α
3550 3102 3628 3158 Τὸ
3658 3123 3806 3175 γνω-

2158 3189 2304 3257 στὸν,
2340 3212 2368 3240 ››
2396 3190 2529 3263 ὅπερ
2561 3186 2790 3243 δυνατόν
2843 3209 2956 3243 εστι
3004 3195 3328 3261 γνωσθῆναι.
3386 3191 3511 3245 *Οτι
3545 3192 3804 3261 ποιητὴς,

2157 3278 2239 3334 ὅτι
2299 3281 2639 3354 προνοητὴς,
2693 3279 2782 3334 καὶ
2839 3277 2906 3332 τά
2961 3280 3149 3352 ὅμοια.
3206 3305 3234 3331 ‹‹
3268 3279 3506 3354 Φανερόν
3557 3280 3695 3336 ἐστιν
3750 3279 3802 3336 ἐν

2154 3367 2364 3429 αὖτοῖς.
2401 3392 2428 3418 ››
2463 3368 2560 3422 Διά
2590 3371 2687 3423 τοῦ
2717 3365 2958 3428 κάλλους
2987 3369 3074 3422 καὶ
3111 3370 3375 3444 μεγέθους
3403 3375 3503 3438 τῆς
3553 3370 3800 3431 κτίσεως.

2155 3481 2184 3509 ι(
2215 3458 2274 3514 '0
2307 3457 2410 3533 γὰρ
2453 3457 2582 3519 Θεὸς
2641 3456 2826 3518 αὐτοῖς
2888 3455 3208 3536 ὲφανέρωσε.
3244 3481 3272 3508 ››
3330 3462 3422 3529 Τῷ
3469 3460 3570 3526 τήν
3626 3459 3801 3514 κτίσιν

2154 3552 2432 3620 προτεῖναι
2476 3549 2604 3599 πᾶσι
2668 3543 2996 3601 διδάσκαλον
3045 3553 3143 3614 τῆς
3203 3544 3406 3608 ο”κείας
3442 3546 3808 3622 μεγαλειότη-

2154 3659 2270 3699 τος.
2308 3662 2335 3689 ι(
2367 3639 2433 3696 Ol
2464 3638 2686 3712 οὐρανοὶ
2717 3639 2841 3712 γὰρ,
2875 3639 3030 3717 φησί,
3063 3635 3354 3712 διηγοῦντα
3407 3636 3560 3710 δόξαν
3586 3645 3738 3698 Θεοῦ.
3774 3663 3802 3691 ››

2225 3724 2301 3780 Τὰ
2357 3725 2460 3801 γὰρ
2547 3725 2752 3800 ἀόρατα
2811 3725 2978 3780 αὐτοῦ
3063 3725 3170 3781 ἀπὸ
3252 3735 3481 3788 κτίσεως
3565 3729 3797 3799 κόσμου,

2153 3819 2268 3875 τοῖς
2325 3815 2596 3886 ποιήμασι
2677 3813 2940 3886 νοούμενα
3023 3817 3357 3887 καθορᾶται,
3442 3813 3538 3884 ἤτε
3621 3813 3795 3876 ἀΐδιος

2153 3903 2318 3957 αὐτοῦ
2377 3899 2602 3975 δύναμις
2655 3902 2746 3957 καὶ
2835 3905 3070 3974 θειότης·
3152 3903 3228 3966 είς
3283 3905 3344 3958 τὸ
3403 3906 3536 3960 εἶναι
3592 3904 3792 3966 αὐτοὺς

2153 3990 2625 4065 ἀναπολογήτους.

2225 4078 2445 4148 Ἐπειδὴ
2478 4081 2624 4136 εἶπεν
2657 4080 2740 4136 ὅτι
2779 4083 2878 4151 τήν
2937 4078 3076 4136 tam
3127 4087 3319 4156 γνῶσιν
3355 4086 3382 4138 ὁ
3416 4082 3544 4144 Θεὸς
3613 4082 3798 4147 αὐτοῖς

2153 4169 2481 4246 ἐφανέρωσεν
2514 4213 2528 4234 ,
2600 4170 2754 4226 αὐτοὶ
2811 4169 2867 4226 δὲ
2944 4172 3107 4227 αὐτὸν
3160 4172 3370 4234 ἑκόντες
3426 4171 3798 4248 παρέδραμον,

2151 4265 2236 4315 νῦν
2263 4266 2426 4315 τοῦτο
2458 4258 2807 4316 ἀποδείκνυσι
2839 4259 2930 4316 καί
2957 4283 3137 4338 φησιν,
3177 4263 3260 4317 ὅτι
3320 4260 3391 4316 δι’
3449 4263 3522 4316 ὢν
3552 4262 3800 4332 ἐποίησεν

2152 4351 2180 4404 ὁ
2211 4350 2358 4413 Θεὸς,
2402 4349 2516 4403 οἷον
2551 4345 2638 4403 διά
2677 4369 2733 4402 τε
2775 4353 2883 4403 τῶν
2943 4349 3212 4424 ἀοράτων,
3246 4347 3336 4404 διά
3392 4371 3449 4406 τε
3492 4354 3599 4404 τῶν
3658 4352 3797 4424 ὁρα-

2149 4443 2279 4507 τῶν,
2338 4433 2529 4507 ἔδειξεν
2601 4438 2794 4494 ἑαυτοῦ
2849 4444 2911 4492 τὸ
2973 4437 3286 4512 μεγαλεῖον.
3346 4440 3408 4496 ἸΙ
3469 4439 3643 4500 κτίσις
3700 4439 3803 4514 γὰρ

2151 4529 2336 4605 φωνὴν
2369 4527 2605 4604 ἀφιεῖσα,
2645 4524 2734 4580 διὰ
2761 4533 2860 4596 τῆς
2891 4522 3066 4600 ὅψεως
3119 4529 3212 4584 τὸν
3272 4529 3623 4606 Δημιουργὸν
3669 4528 3803 4583 ἀνα·

395 4620 719 4675 lnvisibilia
749 4624 946 4674 autem
980 4622 1144 4670 vocat
1174 4614 1415 4686 angelos
1452 4631 1810 4684 omnemque
1871 4613 2044 4668 cmle-

2157 4614 2431 4690 κηρύσσει.
2493 4616 2728 4690 Ἀόρατα
2761 4613 2818 4670 δέ
2847 4639 3009 4695 φησιν
3038 4617 3309 4694 ἀγγέλους
3338 4619 3426 4672 καὶ
3478 4624 3648 4672 πᾶσαν
3699 4619 3799 4687 τὴν

395 4715 544 4762 stem
573 4710 932 4774 exercitum;
969 4705 1124 4760 facta
1148 4721 1304 4766 vero,
1340 4720 1407 4758 ea
1439 4720 1569 4774 qua}
1600 4703 1851 4757 visibilia
1881 4707 2040 4770 sunt,

394 4802 537 4867 puta
563 4797 799 4864 cmlum,
833 4803 1049 4850 terram
1083 4811 1267 4850 mare.
1310 4792 1447 4846 Vide
1499 4809 1634 4864 ergo
1666 4792 1805 4862 quid
1863 4791 2038 4846 dicat.

398 4884 738 4945 Invisibilia,
775 4885 986 4954 inquit,
1038 4884 1224 4955 ipsius
1256 4883 1408 4939 213
1460 4898 1564 4952 per
1611 4881 1862 4937 visibilia
1893 4882 2044 4936 ﬁunt

395 4974 728 5031 manifesta.
764 4975 906 5027 Nam
932 4973 1032 5043 qui
1062 4972 1274 5027 caelum
1299 4973 1582 5035 intuetur,
1614 4971 2044 5026 animadvertat

395 5064 640 5118 omnino
675 5060 830 5132 quod
855 5062 915 5114 in
949 5076 1016 5114 eo
1050 5061 1292 5130 quidam
1325 5063 1445 5116 sint
1479 5061 1886 5116 ministratorii
1919 5062 2040 5131 spi-

391 5154 560 5208 ritus.
589 5152 753 5217 Quod
775 5166 911 5222 ergo
945 5149 1108 5211 latet,
1143 5165 1249 5220 per
1273 5150 1330 5204 id
1362 5151 1519 5221 quod
1550 5151 1930 5205 manifestum
1954 5154 2043 5204 est

389 5241 742 5298 declaratur.
777 5241 857 5293 Ne
889 5238 1046 5293 enim
1084 5239 1198 5292 Deo
1234 5245 1560 5293 coseternos
1591 5239 1898 5293 arbitreris
1934 5253 2042 5293 an-

389 5332 571 5406 gelos,
597 5329 704 5385 sub
732 5330 1030 5384 creatione
1063 5328 1196 5383 illos
1221 5329 1615 5400 comprendit.

463 5420 765 5491 Siquidem
799 5419 1136 5484 invisibilia,
1163 5417 1264 5481 ait,
1290 5424 1430 5489 puta
1452 5417 1670 5489 angeli,
1694 5421 2041 5488 craterasque

391 5509 735 5568 substantias
766 5509 1130 5583 incorporeas
1157 5525 1169 5563 :
1205 5523 1478 5580 quasnam
1511 5512 1650 5562 sunt
1678 5507 1804 5563 haac
1835 5507 2040 5564 incor-

462 5767 484 5802 ⁴
516 5765 669 5824 Psal.
702 5782 857 5834 xviii,
892 5765 942 5820 1.

2917 4710 3205 4778 Ποιήματα
3265 4704 3321 4762 δὲ
3371 4708 3437 4761 τὰ
3494 4708 3750 4781 ὁρώμενα
3784 4754 3801 4778 ,

2153 4794 2268 4847 οἷον
2304 4793 2557 4869 οὐρανὸν,
2593 4801 2712 4869 γῆν,
2748 4793 3037 4858 θάλασσαν.
3093 4801 3228 4869 Ὅρα
3281 4797 3373 4850 οὗν
3435 4796 3487 4852 τί
3542 4818 3696 4876 φησι.
3729 4798 3804 4852 Τὰ

2151 4881 2353 4957 ἀόρατα
2383 4883 2570 4948 αὐτοῦ,
2603 4885 2760 4962 φησὶ,
2809 4881 2901 4939 διὰ
2955 4890 3061 4939 τῶν
3117 4887 3325 4959 ὁρατῶν
3375 4885 3580 4959 γίνεται
3634 4884 3800 4955 δῆλα.

2148 4973 2206 5028 Ὀ
2235 4971 2339 5047 γὰρ
2369 4971 2618 5044 οὐρανὸν,
2651 4974 2837 5050 φησὶν,
2888 4975 3052 5046 ὁρῶν,
3107 4973 3534 5045 ἐνθυμηθήσεται
3591 4975 3805 5038 πάντως

2151 5059 2235 5115 ὅτι
2267 5064 2354 5114 καὶ
2385 5059 2530 5122 ἐντὸς
2561 5059 2722 5116 αὐτοῦ
2754 5060 2864 5116 ἐστί
2916 5083 3037 5116 τινα
3095 5062 3442 5137 λειτουργικά
3501 5064 3804 5137 πνεύματα.

2149 5151 2308 5203 ’Ὥστε
2339 5152 2400 5204 τὸ
2453 5149 2648 5226 ἀφανὲς
2706 5150 2765 5204 ἐκ
2820 5154 2916 5205 τοῦ
2979 5156 3208 5230 φανεροῦ
3267 5153 3634 5228 σαφηνίζεται.
3696 5155 3805 5211 Ἵνα

2149 5238 2251 5312 γάρ
2285 5239 2359 5309 μὴ
2395 5235 2704 5301 συναῖδίους
2763 5246 2878 5312 Θεῷ
2937 5239 3169 5314 νομίσῃς
3218 5241 3344 5302 τοὺς
3378 5241 3665 5318 ἀγγέλους,
3700 5244 3802 5298 ὑπὸ

2149 5327 2322 5382 κτίσιν
2355 5326 2551 5390 αὐτοὺς
2585 5326 2718 5404 ἄγει.

2222 5417 2298 5469 Τὰ
2328 5415 2532 5490 ἀόρατα
2562 5419 2684 5494 γὰρ,
2720 5420 2903 5495 φησὶν,
2934 5419 3051 5473 οἷον
3085 5417 3320 5495 ἄγγελοι
3371 5419 3463 5475 καὶ
3521 5422 3575 5474 αἱ
3632 5417 3797 5474 ἄλλαι

2158 5506 2441 5578 ἀτώματοι
2477 5506 2677 5563 οὐσίαι.
2715 5513 2851 5563 [Ιοῖα
2879 5512 3047 5563 ταῦτα
3082 5525 3096 5576 ;
3127 5508 3202 5563 Τά
3257 5509 3363 5566 ἀπὸ
3422 5509 3646 5569 κτίσεως
3703 5506 3802 5561 κό-

2154 4702 2206 4758 ἐν
2267 4703 2518 4778 οὐρανοῖς
2579 4702 2804 4777 δύναμιν
2840 4751 2851 4763 ,
