4150 6200
257 382 371 443 3M

1343 379 1763 445 COMMEN'I‘.
1812 379 1891 440 IN
1937 378 2193 440 EPIST.
2240 380 2341 440 AD
2386 379 2567 441 ttOM.

3561 386 3679 449 342

257 536 407 591 σμου
440 513 518 580 εἷς
575 512 783 591 γένεσιν
834 511 1197 595 παραχθέντα.
1258 516 1331 572 Ἦ
1386 515 1493 571 ἀπὸ
1547 518 1647 581 τῆς
1694 517 1791 570 τοῦ
1814 514 1908 569 κό-

2026 531 2206 588 porea
2227 515 2254 569 ?
2283 516 2422 582 Quae
2445 533 2515 572 ex
2545 516 2753 571 mundi
2785 518 3085 575 creatione
3132 519 3207 576 ad
3237 537 3365 578 esse
3395 524 3679 595 perducta

260 626 406 678 σμου
436 604 662 665 κτίσεως
708 599 1187 678 καταλαμϐάνεται
1243 604 1334 660 καὶ
1392 605 1705 678 καθοράται.
1753 608 1917 672 Ιιῶς;

254 696 349 750 καὶ
410 694 547 750 αὐτὰ
606 693 656 749 έν
705 700 821 755 τοῖς
877 696 1152 766 ποιήμασι
1227 694 1492 768 νοούμενα
1547 695 1638 749 καὶ
1701 714 1921 769 συναρι·-

252 785 567 858 θμούμενα.
632 786 765 847 Καθ’
827 779 1130 858 ὑπερϐατὸν
1191 783 1283 839 οῦν
1316 787 1351 853 ἡ
1387 784 1649 853 σόνταξις.
1701 789 1773 839 Ἥ
1800 787 1918 845 τοῖς

247 877 534 947 ποιήμασι
562 872 852 946 νοούμενα,
884 872 998 928 ἀντὶ
1048 878 1146 929 τοῦ
1203 872 1256 928 ἐν
1307 874 1494 935 αὐτοῖς
1524 879 1639 934 τοῖς
1671 874 1919 944 ποιήμα-

249 983 336 1016 σιν
368 960 589 1027 ἐνεῖναι,
619 961 711 1015 καὶ
743 964 814 1035 τῇ
845 964 942 1016 τοῦ
975 965 1131 1029 Θεοῦ,
1192 959 1459 1037 βουλήσει
1492 961 1801 1036 ὑπηρετεῖν,
1827 959 1919 1015 καὶ

249 1049 509 1125 πληροῦν
540 1055 607 1106 τα
634 1048 992 1123 κελευόμενα.
1044 1052 1113 1107 Ἠ
1171 1049 1376 1126 ἀόρατα
1408 1049 1571 1105 αὐτοῦ
1601 1048 1752 1127 λέγει
1783 1050 1916 1104 αὐτὸ

250 1141 320 1196 τὸ
354 1140 585 1214 ἀόρατον
616 1139 781 1195 αὐτοῦ
811 1146 911 1207 τῆς
966 1138 1173 1200 οὐσίας,
1236 1138 1333 1194 Καὶ
1390 1144 1508 1202 πῶς
1536 1136 1634 1208 ἔνι,
1667 1139 1824 1218 φησὶ,
1855 1139 1917 1194 τὸ

254 1236 408 1294 θεῖον
437 1224 667 1303 ἀόρατον
719 1225 777 1283 ὅν
827 1225 1064 1283 κατιδεῖν
1114 1228 1204 1283 καὶ
1235 1232 1563 1293 κατανοῆσαι
1596 1248 1610 1298 ;
1643 1228 1747 1285 Ναὶ
1779 1223 1915 1297 ἔστι,

248 1320 415 1398 φησί,
448 1319 537 1373 καὶ
572 1318 677 1373 ἀπὸ
728 1323 836 1374 τῶν
894 1317 1207 1391 κτισμάτων
1271 1319 1439 1374 αὐτοῦ
1483 1314 1715 1372 κατιδεῖν
1748 1317 1916 1372 αὐτοῦ

249 1411 358 1478 τήν
391 1410 627 1480 θεότητα
673 1409 762 1463 καὶ
794 1410 894 1479 τὴν
953 1406 1205 1481 δύναμιν.
1274 1434 1295 1459 ι
1330 1409 1464 1465 ’Ήτε
1521 1404 1693 1469 autem;
1751 1405 1916 1461 αὐτοῦ

252 1495 489 1573 δύναμις
520 1497 611 1553 καὶ
661 1497 897 1569 θειότης.
929 1520 958 1549 υ
1007 1530 1077 1539 —
1124 1498 1321 1571 [KI’PJ
1375 1497 1512 1554 Ἀπὸ
1540 1500 1724 1551 κοινοῦ
1752 1516 1915 1549 νοου-

240 1574 425 1661 ’μένου
483 1592 581 1643 τοῦ
638 1590 959 1662 καθορᾶται.
1018 1592 1140 1648 Πῶς
1199 1582 1255 1642 δὲ
1305 1586 1627 1662 γινώσκεται
1684 1583 1773 1640 διὰ
1812 1591 1913 1654 τῆς

255 1675 629 1752 δημιουργίας
657 1679 691 1746 ἡ
725 1673 898 1739 ἀίδιος
958 1676 1122 1732 αὐτοῦ
1181 1673 1445 1749 δύναμις;
1506 1676 1632 1733 Ὅτι
1672 1674 1915 1755 φθαρτὴν

250 1764 495 1846 ἐχόντων
536 1767 637 1836 τὴν
688 1766 843 1847 φύσιν
894 1770 1001 1823 τῶν
1052 1764 1422 1842 παρηγμένων
1455 1765 1531 1827 εἷς
1561 1763 1789 1841 γένεσιν,
1820 1763 1911 1818 καὶ

2029 610 2190 670 sunt,
2234 610 2337 660 aut
2364 623 2433 660 ex
2477 605 2781 661 creatione
2822 609 3030 664 mundi
3084 612 3673 681 comprehenduntur

2028 703 2087 753 et
2117 698 2588 770 conspiciuntur.
2623 701 2890 765 Quonam
2938 702 3158 757 modo?
3182 704 3369 759 Etiam
3418 706 3547 776 ipsa
3576 708 3671 762 in-

2027 795 2117 843 ter
2145 804 2214 844 ea
2235 806 2367 860 quae
2420 788 2573 844 facta
2603 796 2742 844 sunt
2796 791 3099 846 intellecta
3128 797 3185 847 et
3223 803 3669 852 connumerata.

2024 879 2126 934 Est
2154 895 2291 950 ergo
2325 894 2429 949 per
2446 879 2813 951 hyperbaton
2836 881 3047 935 litterae
3076 881 3395 939 ordinatio.
3417 886 3512 939 Vel
3538 903 3679 958 ope-

2022 970 2188 1026 ribus
2220 971 2544 1031 intellecta.
2571 972 2682 1027 hoc
2729 978 2820 1026 est
2850 973 2910 1027 in
2962 973 3107 1045 ipsis
3137 976 3414 1046 operibus
3447 977 3673 1033 inexsi-

2024 1062 2261 1127 stentia,
2311 1068 2491 1133 utque
2541 1062 2642 1118 Dei
2686 1062 2973 1117 voluntati
3024 1064 3418 1131 subserviant,
3452 1074 3511 1121 et
3539 1085 3672 1138 qum

2014 1150 2189 1222 jubet
2218 1151 2574 1222 compleant.
2620 1152 2735 1205 Aut
2764 1151 3085 1206 invisibilia
3134 1153 3263 1223 ejus
3307 1153 3451 1208 dicit
3478 1156 3671 1226 ipsam

2023 1240 2381 1296 invisibilem
2445 1241 2573 1311 ejus
2621 1241 3035 1295 substantiam.
3072 1244 3141 1296 Et
3191 1243 3489 1313 quomodo
3530 1245 3674 1300 dicit

2021 1330 2364 1401 contingere
2396 1335 2461 1383 ut
2506 1329 2820 1384 invisibilis
2855 1330 3129 1385 divinitas
3160 1333 3555 1403 perspiciatur
3602 1351 3671 1390 ac

2023 1417 2434 1489 intelligatur?
2465 1418 2697 1489 Utique,
2718 1418 3086 1488 inquit,licet
3116 1420 3295 1475 etiam
3328 1439 3362 1476 a
3384 1423 3674 1477 creaturis

2023 1509 2150 1579 ejus
2183 1507 2517 1578 perspicere
2576 1506 2764 1577 ipsius
2818 1507 3186 1562 divinitatem
3218 1524 3285 1563 ac
3312 1511 3669 1580 potentiam.

2025 1620 2052 1648 ιι
2071 1596 2447 1667 Sempiterna
2465 1596 2594 1667 ejus
2606 1603 2780 1667 poten
2792 1596 2870 1651 tia
2882 1613 2950 1652 ac
2963 1596 3258 1651 divinitas.
3287 1618 3314 1646 ›ι
3329 1629 3395 1638 -
3414 1600 3669 1670 Repete:

2021 1688 2410 1760 Conspicitur.
2428 1686 2731 1752 Quomodo
2764 1703 2899 1759 ergo
2927 1704 3033 1758 per
3066 1689 3428 1743 creationem
3453 1690 3676 1761 sempi-

2022 1784 2190 1834 terna
2220 1778 2350 1848 ejus
2399 1777 2583 1831 virtus
2630 1776 3046 1848 cognoscitur?
3074 1777 3221 1842 Quia
3268 1794 3404 1833 cum
3437 1794 3504 1833 ea
3534 1796 3669 1850 qum

254 1854 621 1930 κεκλημένων
657 1855 708 1910 ἐν
743 1857 934 1932 χρόνῳ
989 1856 1126 1931 πρὸς
1186 1855 1431 1931 ὕπαρξιν,
1463 1849 1614 1911 ἔσται
1645 1875 1750 1909 που
1778 1854 1911 1909 πάν-

2024 1867 2096 1923 ad
2129 1883 2257 1922 esse
2314 1866 2602 1937 producta
2645 1870 2801 1933 sunt,
2846 1866 3294 1937 corruptibilem
3343 1849 3671 1924 sortiantur

251 1969 366 2011 τως
409 1949 440 2003 ὁ
489 1947 696 2003 τούτων
752 1947 1104 2025 Δημιουργὸς
1161 1946 1433 2025 ἄφθαρτος
1477 1945 1566 2001 καὶ
1611 1941 1805 2007 ἀΐδιος.
1840 1976 1910 1987 -

254 2036 473 2109 [ΦΩΤ.]
497 2035 567 2092 ’Ἡ
595 2033 788 2097 οὕτως’
825 2034 959 2091 Ἀπὸ
988 2035 1087 2104 τῆς
1112 2038 1209 2088 τοῦ
1238 2035 1416 2108 κόμου
1447 2032 1670 2095 κτίσεως
1700 2034 1735 2101 ἡ
1767 2031 1911 2087 θειό-

248 2145 352 2194 της
380 2129 479 2179 τοῦ
510 2129 645 2180 Θεοῦ
690 2124 780 2179 καὶ
825 2122 1001 2184 ἀὶδιος
1035 2122 1263 2198 δύναμις
1301 2124 1644 2202 γινώσκεται,
1675 2119 1800 2180 Εἶδέ
1828 2143 1910 2185 τις

247 2217 340 2270 τὸν
370 2216 582 2289 κόσμον
614 2215 701 2270 καὶ
733 2216 800 2270 τὰ
829 2212 880 2270 ἐν
913 2215 1083 2288 αὐτῷ,
1115 2215 1359 2290 ἀστάρων
1392 2213 1577 2285 καλλη
1620 2215 1709 2269 καὶ
1749 2212 1907 2288 μέγε-

247 2307 363 2372 θος,
426 2301 634 2380 δρόμον
696 2303 934 2376 σελήνης
990 2304 1079 2360 καὶ
1140 2305 1329 2377 ἡλίου,
1387 2305 1535 2374 τάξιν
1586 2303 1676 2358 καὶ
1719 2303 1908 2377 εἱρμὸν

245 2388 617 2467 ἀπαράϐατον.
686 2392 810 2473 Οὐχ
866 2394 1075 2469 ἡμέραν
1135 2392 1341 2464 σελήνη
1400 2397 1568 2463 ποιεῖ,
1629 2388 1754 2447 οὐδὲ
1805 2392 1904 2461 τὴν

246 2483 415 2539 vim:
447 2481 627 2552 ἣλιος.
687 2484 746 2541 Ὀ
802 2482 965 2557 αίθήρ
1023 2483 1114 2537 τὸν
1171 2482 1376 2537 οἰκεῖον
1417 2480 1584 2538 τόπον
1620 2479 1902 2557 φυλάττει,

245 2573 337 2627 καὶ
365 2574 393 2626 ὸ
425 2572 531 2646 ἀήρ
567 2571 796 2644 ὁμοίως.
857 2573 1120 2643 ’Ἑστηκεν
1182 2574 1217 2641 ἡ
1276 2578 1373 2647 γῆ,
1416 2571 1536 2639 οὐκ,
1569 2567 1774 2646 ἔχουσα
1802 2571 1895 2627 τὸν

254 2658 606 2736 ὑπερείδοντα
640 2661 808 2737 βάρος
862 2660 1108 2735 ἄπειρον,
1166 2660 1454 2737 ἐγκέχυται
1493 2661 1633 2734 αὐτῇ
1664 2661 1727 2716 τὸ
1757 2658 1904 2736 ὓδωρ

249 2753 341 2807 καὶ
373 2752 753 2827 περικέχυται,
806 2752 1008 2827 βάρους
1063 2752 1373 2827 προσθήκη,
1405 2749 1531 2807 ἀλλ’
1563 2752 1716 2823 ὅμως
1745 2748 1906 2823 ἕστη-

250 2862 340 2897 κεν
370 2840 653 2912 ἀκίνητος,
711 2843 812 2910 τὴν
861 2842 1199 2915 κατέχουσαν
1257 2838 1701 2914 ἀνακηρύττουσα
1748 2836 1905 2895 δόνα-

258 2952 371 3005 μιν.
436 2930 597 3005 Φέρει
666 2929 907 3005 καρποὺς
968 2930 1219 3004 μυρίους,
1271 2929 1361 2984 καὶ
1416 2926 1584 2990 ἰδέαις
1634 2928 1723 2984 καὶ
1756 2926 1909 2983 δυνά-

258 3041 382 3093 μεσι
419 3018 784 3099 διαφέροντας.
838 3019 953 3077 Μία
1009 3017 1166 3089 οῦσα,
1221 3021 1293 3092 γῆ
1349 3017 1503 3090 οῦσα,
1535 3016 1717 3095 τρέφει
1748 3018 1903 3087 ζώων

251 3112 382 3187 γένη
435 3108 651 3184 ἄπειρα.
704 3108 884 3167 ’Λλλὰ
928 3110 1019 3164 καὶ
1066 3114 1270 3184 καιρῶν
1330 3109 1618 3170 εὐτάκτους
1679 3102 1907 3180 μεταϐο-

2022 1964 2318 2023 naturam,
2353 1973 2419 2011 ac
2450 1956 2511 2011 in
2546 1962 2809 2028 tempore
2839 1955 2912 2011 ad
2940 1955 3117 2010 vitam
3148 1961 3352 2012 vocata
3383 1956 3521 2028 sint,
3551 1961 3673 2015 uti-

2021 2064 2136 2119 que
2168 2048 2380 2102 horum
2411 2047 2652 2101 Creator
2692 2044 3161 2117 incorruptibilis
3193 2046 3305 2101 erit
3334 2063 3402 2102 ac
3448 2048 3669 2120 sempi-

2023 2144 2248 2193 ternus.
2276 2167 2340 2176 -—
2367 2139 2483 2191 Aut
2504 2135 2615 2190 hoc
2640 2134 2815 2191 modo
2842 2150 2853 2190 :
2889 2136 2967 2190 Ex
3008 2136 3310 2190 creatione
3337 2137 3545 2192 mundi
3576 2137 3669 2192 di-

2018 2227 2231 2281 vinitas
2273 2226 2377 2280 Dei
2424 2225 2905 2295 sempiternaque
2954 2225 3219 2295 potentia
3270 2227 3666 2298 cognoscitur.

2019 2317 2187 2372 Novit
2216 2315 2349 2386 quis
2379 2313 2668 2368 mundum
2687 2319 2747 2368 et
2776 2314 3070 2384 eaquaain
3102 2331 3169 2369 eo
3205 2320 3665 2380 sunt,astrorum

2019 2403 2527 2478 pulchritudinem
2559 2419 2627 2457 ac
2670 2402 3165 2474 magnitudinem,
3200 2403 3355 2459 lunai
3405 2405 3668 2476 solisque

2018 2510 2280 2558 cursum,
2298 2492 2569 2547 ordinem
2588 2509 2654 2548 ac
2672 2493 2887 2547 seriem
2907 2492 3459 2549 incommutabilem
3481 2494 3669 2565 ;quod

2017 2584 2177 2639 diem
2192 2583 2334 2637 luna
2346 2598 2465 2637 non
2489 2582 2731 2645 ofﬁciat,
2748 2598 2943 2653 neque
2959 2582 3293 2637 solnoctem
3313 2584 3670 2654 :aetherpro-

2020 2670 2212 2743 prium
2238 2675 2429 2725 servat
2450 2670 2646 2724 locum
2680 2675 2738 2723 et
2767 2686 2869 2725 aer
2897 2670 3203 2725 similiter:
3234 2676 3348 2725 stat
3374 2671 3435 2725 in
3470 2671 3664 2726 medio

2018 2768 2177 2817 terra
2206 2761 2360 2816 nihil
2392 2760 2618 2816 habens
2659 2761 2817 2831 quod
2859 2777 3023 2816 suam
3070 2760 3424 2815 immensam
3460 2760 3668 2815 fulciat

2017 2851 2361 2922 gravitatem
2388 2865 2400 2904 :
2437 2850 2632 2904 infusa
2662 2854 2751 2903 est
2780 2866 2886 2921 per
2915 2849 3079 2903 illam
3120 2865 3295 2919 aqua,
3333 2850 3453 2904 imo
3478 2849 3538 2903 in
3561 2849 3671 2903 cir-

2018 2941 2179 2997 cuitu
2210 2938 2424 2993 diﬂ‘usa
2454 2956 2586 3009 quea
2617 2938 2963 3009 gravitatem
2986 2937 3246 3009 adjiciat,
3267 2943 3529 2993 attamen
3560 2937 3667 2993 im-

2019 3026 2257 3082 mobilis
2287 3030 2644 3096 perseverat,
2664 3041 2791 3079 eam
2822 3041 2951 3095 quas
2984 3023 3251 3079 continet
3280 3024 3663 3097 promulgans

2018 3115 2345 3189 potentiam
2378 3133 2390 3171 :
2424 3114 2540 3168 fert
2564 3113 3151 3168 fructusinnumeros
3167 3114 3290 3168 suis
3320 3114 3661 3169 differentes

252 3202 378 3271 λὰς,
438 3202 530 3256 καὶ
588 3202 774 3263 ὑετοὺς
831 3200 1105 3271 ἐτησίους,
1163 3203 1253 3255 καὶ
1309 3200 1375 3255 τὰ
1434 3198 1696 3255 δοκοῦντα
1734 3201 1903 3268 παθη,

2024 3205 2502 3271 virtutibus,cum
2534 3220 2654 3258 una
2681 3203 2776 3269 sit,
2804 3221 2936 3259 cum
2971 3210 3127 3258 terra
3152 3204 3244 3267 sit,
3272 3203 3527 3274 plurima
3548 3219 3663 3258 nu-

249 3290 535 3363 σεισμοὺς,
564 3290 873 3365 κεραυνοὺς,
923 3289 1013 3345 καὶ
1065 3288 1118 3346 εἶ’
1169 3312 1220 3346 τι
1267 3290 1475 3345 τούτων
1518 3289 1905 3360 ἐπισκοπήσεις

250 3382 330 3443 είς
360 3382 457 3436 τὸν
488 3379 843 3455 Δημιουργὸν
901 3382 1256 3456 παραπέμπει
1310 3381 1401 3435 τὸν
1450 3378 1814 3455 προσέχοντα.
1846 3377 1908 3433 Τί

246 3470 316 3526 τὸ
348 3469 685 3545 συνέχον,τῖ
744 3471 805 3525 τὸ
863 3473 1133 3545 κρατοῦνς
1194 3471 1376 3527 Ἔστιν
1432 3467 1534 3545 ἄρα
1581 3472 1781 3543 γνῶναι
1814 3488 1911 3524 σα-

253 3564 373 3639 φῶς
408 3559 518 3616 ἀπὸ
547 3567 647 3629 τῆς
679 3560 929 3625 κτίσεως,
985 3558 1070 3616 ὅτι
1122 3554 1236 3616 ἔστι
1269 3560 1635 3634 Δημιουργὸς,
1665 3556 1750 3616 ὅτι
1780 3575 1910 3634 προ“

252 3652 487 3719 νοητῆς,
563 3649 649 3705 ὅτι
725 3646 1162 3722 παντοδύναμος,
1240 3649 1322 3705 ὁτι
1407 3649 1603 3725 ἀγαθὸς
1683 3649 1909 3725 (ἀγαθοῦ

256 3741 362 3816 γὰρ
397 3741 435 3809 ἡ
470 3737 807 3816 δημιουργία
835 3744 925 3794 καὶ
957 3742 991 3807 ἡ
1025 3740 1295 3815 πρόνοια),
1330 3740 1413 3794 δτι
1452 3736 1645 3803 ἀῖδιος.
1676 3741 1772 3811 Τῷ
1803 3739 1907 3815 γὰρ

252 3825 658 3903 παντοδυνάμῳ
686 3829 769 3890 τίς
816 3823 1236 3897 ἐπιϐουλεύσας
1280 3827 1469 3891 Οὕτως
1501 3827 1593 3884 οῦν
1626 3830 1661 3899 ἡ
1694 3825 1909 3899 θειότης

256 3917 425 3973 αὐτοῦ
458 3917 549 3972 καὶ
603 3914 778 3978 ἁῖδιος
840 3914 1068 3989 δύναμις
1122 3914 1173 3970 ἐν
1232 3920 1348 3979 τοῖς
1379 3917 1650 3990 ποιήμασι
1681 3921 1911 3990 καθορᾶ⁴

254 4028 368 4076 ται,
405 4005 580 4068 οὕτως
614 4006 718 4061 ἀπὸ
749 4011 850 4067 τῖς
907 4009 1005 4060 τοῦ
1062 4005 1271 4079 κόσμου
1301 4005 1553 4072 κτίσεως,
1586 4007 1622 4074 ἡ
1652 4008 1748 4060 τοῦ
1775 4009 1910 4061 Θεοῦ

253 4100 458 4171 γνῶσις
514 4100 629 4156 τοῖς
688 4095 996 4169 ἀνθρώποις
1048 4093 1337 4168 ἐγγίνεται.
1391 4092 1548 4151 Οὖτω
1576 4094 1638 4148 τὸ
1671 4094 1906 4167 γνωστὸν

253 4186 423 4242 αὑτοῦ
490 4183 541 4240 ἐν
607 4190 766 4242 πᾶσιν
837 4183 1154 4262 ἐφανέρωσε.
1222 4183 1300 4239 Τὸ
1363 4182 1465 4259 γαρ
1529 4182 1767 4256 γνωστὸν
1815 4186 1910 4239 τοῦ

254 4278 417 4340 Θεοῦ,
478 4277 646 4330 ταῦτα
702 4272 790 4329 καὶ
848 4272 917 4328 τὰ
965 4271 1192 4327 τοιαῖτά
1260 4271 1421 4328 ἐστιν.
1474 4271 1649 4329 Οὐσία
1706 4268 1763 4326 δὲ
1816 4271 1906 4327 καὶ

250 4365 418 4446 φύσις
447 4360 725 4424 παντελῶς
778 4368 938 4419 πᾶσιν
992 4359 1233 4429 ἄληπτοι.
1294 4363 1477 4418 Ταῦτα
1522 4357 1912 4430 καίἜλληνες

253 4451 521 4531 ἔγνωσαν.
552 4450 735 4509 Ἀλλὰ
762 4453 999 4529 γνόντες,
1031 4451 1139 4526 οὐχ
1168 4451 1242 4513 ὡς
1284 4451 1412 4508 Θεὸν
1445 4448 1720 4522 ἐδόξασαν.
1754 4475 1781 4502 ‹‹
1817 4450 1911 4512 Εἰς

2018 3296 2121 3350 trit
2164 3294 2512 3350 animalium
2561 3294 2946 3366 genera:sed
2990 3299 3049 3348 et
3102 3298 3437 3365 temporum
3480 3291 3664 3365 probe

2017 3384 2346 3442 constituas
2396 3383 2777 3449 mutationes,
2837 3382 3067 3453 pluvias
3116 3398 3364 3446 annuas,
3417 3396 3669 3453 qumque

2016 3473 2430 3547 percipiuntur
2459 3473 2785 3545 passiones.
2805 3477 2947 3543 puta
2968 3478 3138 3527 terrm
3154 3470 3633 3537 motus,fulmina
3656 3486 3669 3524 :

2017 3562 2377 3634 etquidquid
2390 3563 2603 3617 horum
2617 3560 3174 3621 consideraveris.in
3196 3560 3534 3617 Creatorem
3551 3566 3666 3615 tra-

2019 3651 2327 3707 duciteum
2346 3650 2445 3721 qui
2472 3649 3066 3715 animadvertit.Quid
3082 3649 3229 3704 illud
3243 3666 3381 3720 ergo
3401 3654 3491 3703 est
3506 3648 3665 3718 quod

2017 3742 2131 3796 ista
2143 3741 2427 3807 continet,
2448 3740 2590 3810 quid
2609 3740 2765 3811 quod
2787 3739 3122 3810 gubernat?
3142 3739 3350 3809 Utique
3380 3738 3521 3792 licet
3537 3753 3665 3791 ma-

2018 3831 2231 3887 nifeste
2264 3847 2334 3886 ex
2362 3830 2663 3885 creatione
2694 3845 3049 3901 cognoscere
3095 3827 3251 3898 quod
3283 3827 3361 3881 sit
3398 3827 3658 3892 Creator,

2019 3919 2176 3993 quod
2215 3919 2598 3991 gubernator,
2639 3918 2796 3989 quod
2838 3918 3237 3988 omnipotens,
3280 3914 3439 3986 quod
3471 3915 3661 3970 bonus

2018 4009 2180 4080 (nam
2198 4009 2655 4062 boniestcreare
2669 4023 2736 4061 ac
2765 4006 3136 4078 gubernare),
3161 4004 3317 4075 quod
3351 4005 3664 4077 sempiter-

2021 4098 2207 4153 nus.2
2220 4100 2251 4150 I
2268 4101 2313 4152 Δ
2330 4096 2734 4167 Omnipotenti
2750 4095 2906 4149 enim
2922 4094 3055 4166 quis
3069 4094 3516 4150 struetinsidias
3536 4094 3564 4149 ?
3577 4096 3665 4150 Ita

2020 4203 2157 4258 ergo
2190 4185 2466 4239 divinitas
2498 4186 2625 4255 ejus
2650 4184 3130 4254 sempiternaque
3147 4185 3411 4255 potentia
3440 4183 3501 4239 in
3524 4199 3666 4254 ope-

2020 4275 2184 4331 ribus
2216 4273 2688 4345 conspicitur,ita
2717 4290 2787 4328 ex
2802 4272 3009 4328 mundi
3028 4274 3326 4328 creatione
3352 4272 3451 4327 Dei
3470 4271 3667 4343 cogni-

2020 4364 2102 4420 tio
2134 4363 2422 4435 contingit
2449 4362 2811 4417 hominibus.
2848 4362 2965 4416 Hoc
3018 4362 3192 4417 modo
3223 4361 3371 4416 illud
3403 4358 3562 4433 quod
3593 4359 3665 4415 de

2021 4454 2149 4525 ipso
2182 4451 2577 4525 cognoscibile
2598 4458 2706 4518 est,
2724 4452 2782 4506 in
2797 4451 3074 4506 omnibus
3091 4467 3219 4506 sese
3236 4448 3523 4521 prodidit:
3540 4449 3666 4504 haec

252 4544 316 4597 τὸ
349 4542 491 4598 εἶναι
518 4541 712 4605 αὐτοὺς
736 4540 1212 4616 ἀναπολογήτους.
1236 4563 1261 4593 ιο
1288 4539 1575 4597 Τοσοότων
1607 4540 1710 4616 γὰρ
1739 4535 1908 4594 ὄντων

2024 4542 2181 4599 enim
2202 4548 2341 4596 sunt
2356 4558 2487 4612 quae
2501 4541 2572 4596 de
2587 4541 2703 4596 Deo
2718 4557 2899 4615 cogno
2909 4540 3139 4596 scibilia
3150 4546 3318 4595 sunt:
3335 4538 3668 4594 substantia

256 4638 370 4692 τῶν
407 4631 728 4689 δεικνύντων
759 4634 822 4688 τὸ
874 4637 971 4688 τοῦ
1028 4635 1162 4687 Θεοῦ
1194 4629 1510 4705 μεγαλεῖον,
1538 4632 1590 4686 τί
1623 4630 1909 4706 ἀπολογή-

258 4745 444 4780 σονται
505 4724 557 4779 οἱ
614 4722 824 4785 ἑκόντες
883 4719 1408 4794 ἀποτυφλωθέντες;
1478 4720 1604 4799 Οὐχ
1660 4720 1794 4790 αὕτη
1855 4717 1912 4775 δὲ

257 4809 475 4883 σπουδή
507 4816 586 4885 τῷ
619 4811 735 4884 Θεῴ
764 4810 993 4887 γέγονεν,
1042 4808 1238 4887 ἄπαγε,
1289 4809 1334 4864 εἰ
1382 4809 1472 4864 καὶ
1520 4810 1696 4871 οὕτως
1730 4803 1908 4880 ἐξέϐη.

2020 4649 2278 4703 namque
2298 4637 2579 4688 etnatura
2600 4632 2875 4687 omnibus
2897 4631 3142 4686 omnino
3157 4635 3299 4685 sunt
3326 4630 3666 4699 incompre-

2021 4721 2365 4778 hensibiles.
2402 4721 2534 4777 Hinc
2564 4727 2624 4777 et
2652 4722 2836 4776 Graeci
2868 4725 3283 4793 cognoverant,
3307 4734 3510 4773 verum
3528 4733 3665 4773 cum

2022 4812 2454 4884 cognovissent,
2486 4826 2605 4865 non
2639 4810 2791 4865 sicut
2819 4810 3004 4864 Deum
3034 4808 3532 4881 gloriﬁcaverunt.
3550 4828 3577 4856 (ι
3594 4806 3668 4863 Ut

261 4905 387 4960 sint
414 4904 532 4976 ipsi
589 4901 1099 4958 inexcusabiles.»
1159 4902 1303 4956 Nam
1343 4916 1478 4956 cum
1532 4904 1695 4955 tanta
1743 4900 1864 4955 sint
1915 4916 2047 4971 quas
2085 4901 2180 4955 Dei
2222 4899 2694 4973 magnitudinem
2752 4898 3190 4963 demonstrent,
3223 4896 3367 4969 quid
3422 4911 3670 4968 respon-

261 4994 497 5050 debunt
527 4992 628 5064 qui
663 5007 769 5047 sua
822 4995 1031 5063 sponte
1085 4990 1359 5045 excaecati
1392 4988 1587 5045 sunt?
1618 4991 1743 5044 Non
1790 4993 1991 5046 tamen
2021 4989 2082 5045 id
2123 4989 2347 5044 curavit
2405 4990 2578 5055 Deus,
2612 4986 2800 5043 absit:
2832 5003 3173 5058 quanquam
3226 4987 3310 5041 ita
3362 4985 3666 5042 acciderit.

330 5081 486 5135 Διότι
556 5079 771 5156 γνόντες
846 5078 936 5132 τὸν
1014 5078 1165 5146 Θεὸν,
1234 5076 1344 5152 οὐχ
1409 5077 1483 5137 ὡς
1550 5076 1676 5132 Θεὸν
1729 5072 1913 5149 ἐδόξα·

257 5192 382 5237 σαν,
486 5173 521 5240 ἢ
625 5168 1043 5243 εὐχαρίστησαν
1147 5163 1275 5222 ἀλλ’
1368 5164 1787 5240 ἐματαιώθησαν
1860 5166 1914 5220 ἐν

255 5265 379 5320 τοῖς
457 5256 844 5333 διαλογισμοῖς
918 5256 1116 5323 αὐτῶν,
1190 5255 1278 5310 καὶ
1358 5253 1639 5326 ἐσκοτίσθη
1793 5254 1915 5309 aimi-

257 5368 414 5410 νετος
494 5346 669 5403 αὐτῶν
764 5342 981 5421 καρδία.
1087 5345 1394 5407 Φασκοντες
1497 5344 1629 5399 εἶναι
1734 5342 1915 5424 σοφοὶ,

258 5436 681 5509 ἱμωράνθησαν.

340 5527 563 5601 [ΦΩΤ.]
595 5525 867 5600 Ἐγνωσεν
912 5524 1017 5599 γαρ
1073 5519 1164 5577 διὰ
1205 5527 1306 5591 τῆς
1334 5520 1582 5584 κτίσεως.
1636 5545 1663 5574 ‹‹
1695 5520 1920 5585 Γνόντες

263 5619 363 5672 τὸν
418 5617 567 5674 Θεόν,
623 5612 878 5672 Τουτέστι
932 5613 986 5670 τί
1041 5612 1174 5666 ποτέ
1231 5611 1341 5666 ἐστι
1400 5611 1551 5681 Θεὸς,
1609 5609 1664 5666 τί
1710 5609 1917 5688 ὀφείλει

268 5703 759 5783 ὑπολαμϐάνεσθαι
816 5708 967 5770 Θεός.
1024 5706 1200 5761 Τοῦτο
1255 5703 1490 5777 γνόντες,
1523 5703 1729 5766 ἑκοντες
1759 5702 1918 5785 ἐσφά-

2094 5078 2137 5145 Ι,
2169 5081 2260 5144 21,
2286 5081 2374 5133 22.
2407 5079 2545 5132 Nam
2573 5093 2695 5131 cum
2750 5077 2919 5131 Deum
2957 5078 3345 5146 cognovissent,
3385 5092 3497 5131 non
3525 5078 3670 5131 sicut

2024 5168 2193 5221 Deum
2223 5168 2692 5236 gloriﬁcaverunt,
2723 5172 2821 5220 aut
2858 5168 3071 5235 gratias
3119 5171 3366 5235 egerunt,
3415 5165 3510 5219 sed
3536 5166 3671 5220 vani

2025 5258 2300 5323 factisunt
2330 5254 2389 5310 in
2438 5256 2860 5325 cogitationibus
2897 5254 3030 5320 suis,
3057 5261 3108 5309 et
3152 5254 3560 5310 obtenebratum
3589 5259 3669 5309 est

2027 5347 2291 5416 insipiens
2321 5361 2414 5401 cor
2444 5361 2650 5401 eorum.
2683 5345 2944 5400 Putantes
2972 5361 3029 5400 se
3058 5360 3168 5400 esse
3189 5347 3484 5414 sapientes,
3514 5342 3676 5399 stulti

2026 5437 2167 5504 facti
2190 5441 2338 5490 suut.

2100 5525 2511 5597 Cognoverant
2538 5526 2699 5580 enim
2734 5525 2917 5579 Deum
2950 5540 3056 5595 per
3085 5523 3514 5578 creationem.«
3531 5522 3675 5575 Cum

2031 5613 2217 5668 Deum
2248 5614 2692 5686 cognovissent:
2725 5639 2743 5661 υ
2779 5614 2889 5669 hoc
2931 5618 3041 5679 est,
3074 5612 3357 5683 quidnam
3390 5612 3467 5666 sit
3498 5611 3674 5672 Deus,

2030 5703 2173 5776 quid
2216 5721 2322 5776 pro
2379 5704 2498 5761 Deo
2528 5703 2735 5762 haberi
2788 5703 3036 5760 debeat:
3068 5717 3203 5759 cum
3234 5702 3346 5758 hoc
3373 5697 3672 5772 cognovis-
