4176 6200
441 429 556 490 343

1560 409 1746 473 CECU
1761 408 1806 466 ΝΞ
1821 409 1981 469 ENII
2029 406 2330 468 ΤΗΙΟΟίΕ
2381 403 2728 466 ΕΡΙΞΟΟΡΙ

3726 403 3844 462 1’44

445 567 597 627 sent,
631 574 737 615 sua
768 560 975 628 sponte
1006 552 1156 626 lapsi
1189 549 1462 607 sunt.Vel
1493 564 1628 604 cum
1660 548 1845 602 Deum
1868 561 2083 618 cogno-

2199 541 2396 611 λησαν.
2447 542 2515 595 Ἤ
2569 539 2785 615 γνόντες
2835 539 2925 595 τὸν
2987 539 3140 602 Θεὸν,
3170 537 3414 594 τουτέστι
3445 543 3650 612 γνῶναι
3681 536 3845 610 δονη-

444 653 686 713 vissent,
736 647 848 700 hoc
893 649 1002 708 est,
1059 655 1413 714 cognoscere
1470 637 1824 709 potuissent.
1860 640 1976 690 Aut
2024 650 2090 688 eo

443 737 599 810 quod
631 738 922 806 quantum
957 732 1029 788 ad
1061 735 1441 802 conspectam
1487 727 1850 782 creationem
1891 740 1959 780 ac
1988 723 2094 778 ad-

443 827 843 883 hortationem
903 826 1321 896 cognoverant,
1373 825 1432 873 et
1458 822 1699 888 peracta
1728 821 1854 870 erat
1885 831 2091 870 eorum

445 915 721 987 cognitio.
744 913 872 968 Sive
904 912 1061 984 quod
1093 911 1269 966 etiam
1295 910 1476 964 Deum
1495 910 2091 979 cognoverantquau-

445 1012 571 1062 tum
593 1003 938 1059 hominibus
996 1002 1066 1056 de
1100 1017 1167 1055 eo
1208 995 1604 1071 cognoscibile
1639 1001 1747 1049 est.
1783 991 1931 1058 Quid
1955 1009 2091 1064 ergo

447 1094 518 1150 de
553 1110 621 1148 eo
669 1090 1067 1164 cognoscibile
1119 1085 1449 1152 est?Quod
1507 1086 1746 1139 Creator
1793 1085 1886 1145 sit,
1934 1081 2091 1152 quod

446 1183 826 1254 gubernator,
860 1179 1016 1251 quod
1047 1179 1260 1242 bonus,
1286 1174 1445 1246 quod
1476 1172 1782 1234 Dominus,
1815 1171 2092 1242 quodque

445 1287 581 1327 eum
614 1270 726 1326 coli
758 1273 1063 1341 oporteat:
1099 1281 1234 1322 cum
1267 1266 1393 1319 haec
1424 1261 1928 1334 cognovissent.et
1949 1259 2090 1314 hac-

444 1369 620 1419 tenus
642 1363 792 1418 bene
821 1360 1118 1434 progressi
1153 1362 1371 1422 essent,
1405 1357 1687 1424 deinceps
1718 1353 1904 1408 aversi
1929 1359 2088 1408 sunt.

439 1453 671 1507 Etenim
704 1466 838 1505 cum
869 1451 995 1504 haec
1025 1448 1097 1502 de
1130 1452 1244 1501 Deo
1279 1444 1559 1500 sublimia
1588 1441 2087 1507 considerassent,

441 1538 818 1608 postmodum
841 1536 913 1590 ad
947 1537 1129 1590 Deum
1160 1551 1280 1588 non
1322 1535 1721 1596 accesserunt,
1780 1547 1975 1600 neque
2006 1531 2091 1585 sic

439 1628 625 1681 Deum
659 1631 1051 1696 susceperunt
1079 1629 1180 1679 aut
1203 1623 1698 1696 glorificaverunt.
1733 1622 1878 1676 Cum
1931 1621 2089 1675 enim

439 1715 945 1786 oportuisseteum
964 1715 1296 1787 glorificare
1318 1714 1489 1784 eique
1501 1713 1718 1784 gratias
1731 1709 2091 1784 agere,quod

441 1819 599 1868 eum,
661 1822 837 1876 quem
885 1805 1288 1876 conspicimus
1319 1803 1631 1870 mundum,
1691 1807 1932 1873 prOpter
1981 1817 2090 1856 nos

443 1893 794 1964 condiderit,
829 1895 918 1949 illi
951 1912 980 1950 e
1012 1894 1241 1949 diverso
1274 1893 1451 1948 etiam
1479 1891 1843 1946 contumelia
1872 1892 2088 1946 allece-
2120 1918 2164 1982 Β

441 1989 601 2038 runt.
659 1982 882 2039 Idcirco
934 1984 1090 2047 vani,
1140 1982 1353 2054 inquit,
1404 1981 1540 2036 facti
1577 1986 1735 2048 sunt,
1769 1986 1828 2035 et
1883 1997 1916 2036 a
1965 1985 2085 2034 toto

445 2091 621 2144 scopo
654 2079 712 2127 et
732 2074 1038 2129 intellectu
1053 2073 1631 2128 exciderunt.Utrum
1661 2071 1821 2125 enim
1852 2070 2088 2125 facilius

445 2168 571 2217 erat
600 2162 854 2218 circulos
886 2162 1239 2218 etanimalia
1267 2162 1626 2216 constituere
1658 2159 1816 2216 idola
1836 2160 1898 2214 in
1917 2159 2084 2228 ccelo,

443 2268 518 2307 an
551 2268 905 2324 cognoscere
925 2251 1082 2322 quod
1101 2251 1278 2322 hujus
1305 2255 1637 2321 conspecta:
1651 2255 1708 2304 et
1737 2255 2085 2320 supernatuo

440 2343 582 2398 ralis
614 2344 1075 2416 pulchritudinis
1106 2344 1400 2415 quispiam
1434 2343 1510 2397 sit
1538 2342 1822 2398 Conditor
1861 2348 1920 2396 et
1947 2359 2080 2413 pro-

437 2440 674 2489 curator
703 2451 769 2490 ac
798 2433 1158 2507 gubernator
1181 2433 1208 2487 ‘?
1239 2456 1265 2482 «
1292 2436 1356 2488 In
1397 2431 1854 2504 cogitationibus
1886 2431 2027 2486 suis.
2054 2456 2078 2477 οι

2199 630 2377 691 θέντες
2431 629 2581 703 ε’ἰπερ
2639 627 2938 700 ἠθέλησαν.
2995 631 3064 686 ’Ή
3127 629 3210 683 ὅτι
3269 627 3392 683 ὅσον
3443 628 3547 683 ἀπὸ
3577 635 3677 696 τῆς
3709 629 3846 702 ὁρω-

2201 718 2362 793 μένης
2423 719 2648 781 κτίσεως
2704 720 2791 774 καὶ
2863 715 3238 783 διδασκαλίας,
3271 715 3506 793 ἔγνωσαν
3542 719 3632 774 καὶ
3663 718 3845 794 ἀπήρ-

2193 830 2344 864 τιστο
2376 808 2548 864 αὐτῶν
2579 811 2614 878 ἡ
2645 813 2863 884 γνῶσις.
2925 810 2994 864 ’Ἠ
3055 808 3137 864 ὅτι
3182 808 3270 863 καὶ
3303 803 3539 883 ἔγνωσαν
3568 809 3659 864 τὸν
3689 810 3840 879 Θεὸν,

2195 900 2314 962 καθ’
2363 898 2487 954 ὅσον
2548 897 2690 952 ἐστὶν
2745 897 2909 953 αὐτοῦ
2961 903 3078 959 τοῖς
3133 898 3442 973 ἀνθρώποις
3482 898 3744 974 γνωστὸν.
3776 899 3842 953 Τί

2196 989 2289 1046 οῦν
2323 990 2432 1046 ἐστι
2463 992 2526 1046 τὸ
2553 990 2793 1068 γνωστᾶν
2855 989 3059 1059 αύτοῦ;
3115 997 3235 1048 ’Ὁτι
3297 988 3716 1066 δημιουργικὸς,
3758 991 3840 1047 δτι

2195 1082 2584 1156 προνοητικὸς,
2631 1081 2714 1136 ὅτι
2768 1081 2992 1158 ἀγαθὸς,
3053 1081 3138 1135 ὅτι
3191 1081 3484 1151 Δεσπότης,
3527 1082 3614 1136 καὶ
3647 1082 3731 1137 ὅτι
3763 1079 3846 1136 δεῖ

2197 1167 2444 1235 σέϐεσθαι
2503 1171 2682 1228 αὐτόν.
2741 1176 2915 1226 Ταῦτα
2979 1171 3215 1245 γνόντες,
3272 1171 3362 1226 καὶ
3423 1173 3592 1247 μέχρι
3648 1171 3842 1228 τούτου

2195 1261 2556 1338 προελθόντες
2625 1260 2829 1327 καλῶς,
2898 1260 3260 1335 ἐξετράπησαν
3319 1267 3416 1316 τοῦ
3484 1260 3702 1320 λοιποῦ.
3771 1264 3843 1317 Τὰ

2196 1352 2300 1428 γαρ
2335 1350 2520 1425 ὑψηλὰ
2549 1356 2716 1406 ταῦτα
2758 1351 2880 1424 περὶ
2921 1355 3054 1406 Θεοῦ
3085 1351 3485 1428 φαντασθέντες,
3518 1350 3705 1430 ἐφεξῆς
3738 1351 3846 1428 οὐχ

2195 1440 2269 1502 ὡς
2300 1452 2576 1516 προσῆκον
2606 1445 2742 1512 Θεῷ,
2775 1439 2890 1495 οὐδ’
2934 1440 3010 1501 ὡς
3059 1440 3185 1495 Θεὸν
3239 1435 3508 1495 ὑπέλαϐον
3539 1441 3629 1495 καὶ
3660 1438 3842 1511 ἐδόξα-

2195 1551 2310 1586 σαν.
2341 1533 2480 1588 Ἀνθ’
2509 1532 2584 1585 ὧν
2613 1531 2714 1605 γὰρ
2747 1528 2851 1584 ἔδει
2893 1528 3111 1600 δοξάσαι
3163 1530 3250 1584 καὶ
3311 1529 3725 1605 εὐγαριστῆσαι,
3757 1532 3878 1603 ὅτι,

2192 1621 2284 1676 τὸν
2315 1622 2589 1695 ὁρώμενον
2648 1621 2855 1692 κόσμον
2915 1616 2984 1673 δι’
3042 1621 3190 1691 ἡμᾶς
3250 1621 3630 1690 συνεστήσατο,
3661 1619 3722 1675 ἐκ
3745 1625 3839 1674 τοῦ

2193 1708 2437 1766 ἐναντίου
2495 1710 2580 1764 καὶ
2643 1709 2934 1781 ἠτίμασαν.
3009 1707 3449 1778 Ἐπλανῆθησαν,
3537 1709 3690 1785 φησὶ,
3749 1709 3838 1764 καὶ

2193 1802 2290 1854 τοῦ
2347 1799 2548 1859 παντὸς
2609 1798 2875 1868 ἐξέπεσον.
2935 1803 3096 1854 Ποῖον
3157 1796 3259 1872 γὰρ
3317 1799 3383 1867 ἦν
3444 1797 3837 1872 εὐκολώτερον,

2192 1886 2429 1950 κύκλους
2477 1887 2565 1941 καὶ
2616 1884 2784 1957 ζώδια
2836 1885 3264 1956 είδωλοποιῆσαι
3322 1886 3375 1942 ἐν
3434 1887 3673 1961 οὐρανῷ,
3705 1889 3739 1958 ἢ
3776 1887 3839 1942 τὸ

2193 1981 2396 2054 γνῶναι
2447 1977 2530 2032 ὅτι
2588 1971 2699 2033 ἔστι
2752 1976 2952 2047 ταύτης
3017 1983 3118 2046 τῆς
3173 1977 3459 2051 ὁρωμένης
3518 1977 3607 2031 καὶ
3678 1977 3839 2052 ὑπερ-

2198 2071 2364 2144 φυοῦς
2393 2065 2668 2132 καλλονῆς
2714 2068 3063 2144 Δημιουργὸς
3111 2066 3200 2123 καὶ
3247 2065 3503 2141 κηδεμὼν
3546 2069 3635 2122 καὶ
3665 2064 3844 2137 πηδα-

2197 2159 2468 2235 λιοῦχοςς
2534 2160 2680 2216 «Ἑν
2735 2165 2850 2220 τοῖς
2910 2156 3298 2236 διαλογισμοῖς
3357 2159 3554 2217 αὐτῶν.
3587 2183 3615 2212 ››
3661 2159 3839 2214 Εἰπὼν

2194 2251 2277 2306 ’ὁτι
2341 2250 2550 2312 ἑκόντες
2621 2250 3032 2328 ἐτυφλώθησαν,
3094 2249 3244 2328 λέγει
3327 2251 3416 2305 καὶ
3486 2252 3583 2320 τήν
3643 2249 3838 2309 αῗτίαν.

2189 2341 2255 2397 Ἠ
2306 2339 2363 2397 δέ
2414 2341 2525 2397 ἐστι
2579 2342 2642 2396 τὸ
2700 2343 2873 2396 πάντα
2931 2339 3220 2418 λογισμοῖς
3277 2341 3556 2417 ἐπιτρέψαι
3586 2342 3675 2398 καὶ
3707 2343 3837 2422 οὐχὶ

2187 2431 2384 2488 πίστει.

436 2522 580 2578 Cum
613 2524 860 2579 dixisset
890 2523 1047 2595 quod
1080 2522 1210 2578 vani
1271 2539 1374 2577 seu
1406 2522 1544 2576 caeci
1593 2520 1731 2575 facti
1763 2525 1923 2586 sunt,
1981 2520 2125 2576 dicit
2171 2522 2349 2578 etiam
2381 2539 2660 2580 causam:
2694 2524 2820 2580 haec
2876 2529 3075 2580 autem
3133 2529 3242 2590 est,
3276 2524 3434 2596 quod
3460 2525 3658 2583 omnia
3679 2525 3839 2598 cogi-

436 2613 761 2669 tationibus
793 2630 897 2668 seu
927 2613 1258 2668 rationibus
1287 2611 1720 2684 permitterent,
1762 2615 1821 2664 et
1840 2627 1961 2664 non
1993 2610 2151 2666 ﬁdei.

507 2758 599 2813 2|
616 2758 658 2813 ὅ
693 2757 975 2813 Volentes
1007 2757 1164 2812 enim
1191 2755 1398 2811 formis
1421 2772 1554 2812 eum
1571 2755 1672 2827 qui
1695 2755 1883 2811 forma
1903 2761 2083 2823 caret,

436 2850 494 2902 et
522 2845 827 2918 corporeis
860 2847 1217 2918 imaginibus
1243 2847 1661 2917 incorporeum
1693 2846 2082 2916 comprehen-

437 2936 598 3004 dere,
631 2937 764 2991 falsi
797 2942 1084 3003 sunt,non
1110 2941 1381 3008 potentes
1411 2935 1879 2990 ratiocinationis
1904 2936 2083 2990 finem

435 3025 723 3098 attingere
752 3043 764 3080 :
794 3032 1018 3098 utpote,
1055 3026 1217 3081 Unde
1251 3026 1631 3080 manifestum
1661 3031 1752 3081 est
1781 3025 1936 3095 quod
1969 3041 2083 3080 εαξη

436 3114 561 3170 lum
592 3115 683 3171 vel
715 3120 933 3171 terram
981 3115 1226 3172 fecerit?
1256 3115 1395 3180 Quis
1431 3121 1519 3170 est
1565 3120 1732 3186 pater
1753 3114 1898 3170 Dei?
1918 3113 2084 3180 Quod

437 3210 527 3259 est
557 3205 915 3277 principium
931 3206 1296 3260 constituens
1310 3221 1626 3277 personam
1646 3205 1673 3259 ‘I
1692 3209 1794 3260 aut
1823 3203 1973 3270 Quid
1996 3209 2085 3260 est

438 3294 568 3364 ipsa
598 3294 901 3366 persona?
924 3316 951 3343 «
979 3297 1049 3349 Et
1078 3294 1531 3349 obtenebratum
1576 3300 1684 3348 est.
1713 3316 1733 3342 ι
1762 3294 2081 3366 Cogitatio-

431 3399 540 3438 nes
562 3384 623 3438 in
642 3383 885 3440 modum
916 3383 1168 3438 nubium
1200 3383 1667 3438 obtenebrarunt
1695 3383 2075 3440 corillorum.

2268 2752 2614 2827 Βουλόμενοι
2671 2757 2772 2831 γὰρ
2830 2753 2881 2810 ἐν
2952 2758 3204 2836 σχήματι
3259 2756 3349 2811 τὸν
3405 2756 3839 2832 ἀσχημάτιστον,

2194 2843 2280 2898 καῖ
2351 2843 2401 2899 ἐν
2463 2845 2635 2900 εἰκόσι
2692 2852 3027 2919 σωματικαῖς
3101 2848 3193 2902 τὸν
3256 2847 3541 2921 ἀσώματον
3604 2849 3843 2904 καταλα-

2195 2929 2334 3003 ϐεῖν,
2394 2933 2794 3006 ἐπλανήθησαν,
2853 2937 2915 2991 ού
2997 2933 3331 3006 δυνηθέντων
3393 2938 3501 2992 τῶν
3564 2935 3843 3014 λογισμῶν

2193 3023 2331 3098 πρὸς
2359 3025 2421 3078 τὸ
2451 3023 2614 3100 πέρας
2666 3025 2949 3094 ἐξικέσθαι.
3011 3028 3160 3096 Οἷον,
3215 3027 3372 3082 πόθεν
3404 3024 3593 3094 δῆλον,
3627 3029 3710 3083 ὅτι
3741 3028 3843 3084 ού-

2195 3114 2350 3185 ρανὸν
2380 3114 2414 3182 ἢ
2446 3120 2546 3187 γῆν
2577 3111 2834 3184 Eminus;
2893 3115 2989 3177 Τίς
3049 3113 3107 3170 δὲ
3160 3115 3341 3191 πατὴρ
3389 3120 3524 3170 Θεοῦ
3551 3135 3564 3185 ;
3623 3115 3658 3186 ἢ
3688 3117 3771 3179 τίς
3804 3120 3838 3188 ἡ

2194 3199 2340 3256 αἶ’τία
2376 3209 2476 3271 τῆς
2537 3202 2926 3273 ὑποστάσεως;
2982 3201 3018 3272 ἤ
3077 3203 3213 3273 αὐτ-ἠ
3271 3206 3306 3274 ή
3367 3204 3840 3275 ὑπόστασις;Νέ-

2193 3309 2311 3344 meo:
2369 3290 2474 3364 γὰρ
2526 3291 2886 3362 ὁμοιωθέντες
2944 3292 2996 3346 οἱ
3067 3290 3349 3366 λογισμοὶ,
3408 3290 3683 3348 ἐσκύτισαν
3742 3293 3836 3349 αύ-

2188 3382 2296 3433 τῶν
2343 3380 2442 3448 τήν
2493 3378 2703 3437 καδίαν.
2759 3403 2790 3436 (ι
2819 3380 3100 3438 Ἀσύνετον
3136 3406 3162 3433 ››
3221 3379 3298 3449 δὲ,
3350 3382 3505 3458 φησὶ,
3539 3380 3630 3438 διὰ
3661 3385 3723 3440 τὸ
3757 3385 3832 3457 μή

430 3474 611 3529 Addit
665 3478 912 3526 autenm
952 3472 1300 3541 lnsipiens.»
1333 3489 1401 3527 eo
1448 3473 1605 3543 quod
1661 3472 1922 3527 noluerit
1953 3486 2074 3524 rem

2194 3464 2418 3537 θελῆσαι
2467 3469 2639 3524 πίστει
2696 3471 2758 3525 τὸ
2815 3474 2916 3524 πᾶν
2966 3465 3321 3544 παραλαϐεῖν.
3361 3495 3386 3522 ‹‹
3420 3472 3728 3538 Φάσκοντες
3759 3473 3832 3529 εἴ.

2457 3558 2467 3574 .
2584 3560 2643 3574 .--
2700 3557 2741 3574 ι..
2839 3559 2852 3574 .
2898 3558 2909 3574 .
3057 3563 3081 3574 ..
3172 3561 3183 3574 .
3288 3566 3310 3574 -
3457 3566 3481 3574 _
3542 3561 3561 3574 .
3785 3569 3807 3574 _

433 3577 674 3617 omnem
707 3559 822 3613 fide
853 3559 1320 3630 apprehendere.
1363 3580 1382 3608 ι
1417 3562 1698 3615 Putantes
1730 3578 1790 3616 se
1824 3577 1954 3616 esse
1987 3577 2082 3616 sa-

432 3650 686 3722 pientes.
717 3669 746 3696 »
781 3652 964 3702 Causa
994 3664 1128 3702 vero
1161 3648 1318 3718 quod
1343 3666 1468 3704 rem
1491 3666 1729 3705 omnem
1760 3650 2080 3705 ratiocina-

434 3741 584 3796 tioni
642 3741 1047 3813 permiserunt
1099 3747 1244 3806 erat,
1295 3742 1450 3812 quod
1499 3748 1778 3812 putarent
1836 3760 1897 3798 se
1953 3760 2081 3799 esse

437 3830 996 3902 sapientes,sibique
1011 3830 1283 3886 sufficere
1298 3831 1370 3886 ad
1402 3832 1658 3887 universi
1692 3833 2080 3904 comprehen-

438 3920 842 3978 sionem.Ideo
876 3921 1054 3977 etiam
1078 3921 1243 3976 stulti
1264 3922 1400 3976 facti
1433 3927 1589 3977 sunt.
1613 3923 1763 3987 Quid
1795 3922 1956 3978 enim
1987 3923 2082 3979 de-

436 4011 698 4066 mentius
728 4016 818 4066 est
849 4027 1025 4081 quam
1056 4028 1254 4067 coram
1276 4011 1449 4085 lignis
1480 4029 1548 4068 ac
1571 4012 1866 4083 lapidibus
1888 4013 2080 4084 proci-

437 4098 576 4153 dere
601 4099 624 4152 Ρ

506 4235 548 4302 Ι,
582 4235 670 4289 23.
716 4234 780 4290 Et
828 4242 1180 4291 mutaverunt
1209 4237 1446 4306 gloriam
1496 4237 1932 4309 incorruptibilis
1981 4240 2081 4294 Dei

430 4324 490 4380 in
520 4324 938 4380 similitudinem
995 4325 1255 4396 imaginis
1312 4328 1687 4397 corruptibilis
1730 4327 1986 4396 hominis,
2027 4334 2079 4382 et

428 4416 709 4469 volucrum
742 4415 1271 4485 quadrupedumque
1299 4432 1362 4470 ac
1401 4419 1753 4486 serpentium.

499 4503 801 4559 Habebant
828 4521 964 4577 ergo
988 4505 1087 4558 Dei
1121 4505 1623 4570 notitiam,verum
1647 4507 1801 4560 hanc
1826 4511 2079 4561 transtu-

426 4593 625 4648 lerunt
657 4594 717 4648 in
748 4593 998 4666 gloriam
1055 4593 1400 4663 cultumque
1450 4593 1765 4650 idolorum.
1820 4596 2075 4650 Gloriam

432 4690 628 4737 autem
653 4683 750 4738 Dei
775 4683 937 4751 dicit,
963 4699 1092 4738 esse
1115 4683 1452 4737 Creatorem
1479 4700 1545 4738 ac
1576 4684 2030 4756 gubernatorem
2057 4701 2070 4739 :

431 4769 586 4824 hanc
624 4787 759 4844 ergo
809 4772 985 4827 idolis
1025 4771 1470 4843 adscripserunt
1527 4773 1586 4827 in
1619 4772 2073 4829 similitudinem

2189 3577 2275 3611 ναι
2310 3558 2488 3636 σοφοί.
2527 3583 2546 3609 ι
2584 3560 2646 3614 ἸΙ
2697 3557 2752 3614 δὲ
2801 3558 2944 3615 αἰτία
2989 3563 3086 3614 τοῦ
3130 3561 3194 3614 τὸ
3240 3566 3343 3616 πᾶν
3391 3566 3508 3622 τοῖς
3542 3561 3834 3640 λογισμοῖς

2191 3645 2498 3721 ἐπιτρέψαι,
2546 3646 2608 3702 τὸ
2667 3646 2874 3712 οἳεσθαι
2931 3649 3131 3727 σοφοὺς
3187 3649 3322 3704 εἶναι
3370 3652 3459 3705 καὶ
3506 3652 3718 3714 ἑαυταῖς
3746 3655 3838 3726 ἆρ-

2189 3741 2301 3790 κεῖν
2333 3733 2474 3811 ’πρὸς
2506 3743 2678 3793 πᾶσαν
2735 3737 3064 3813 κατάληψιν·
3125 3741 3220 3794 Διὸ
3276 3741 3365 3795 καὶ
3422 3739 3835 3815 ἐμωράνθησαν.

2189 3823 2252 3880 Τί
2314 3826 2419 3900 γὰρ
2477 3827 2858 3902 ἀνοητότερον,
2915 3833 3013 3884 τοῦ
3067 3827 3243 3893 λίθοις
3300 3831 3389 3884 καὶ
3447 3829 3629 3900 ξύλοις
3669 3852 3839 3906 προσ-

2188 3932 2366 3968 κυνειν
2394 3932 2408 3984 ;

2188 4228 2284 4282 Καὶ
2385 4227 2630 4300 ἤλλαξαν
2725 4232 2824 4301 τήν
2921 4229 3077 4302 δόξαν
3153 4237 3251 4287 τοῦ
3327 4233 3602 4312 ἀφθάρτου
3706 4240 3838 4291 Θεοῦ

2257 4317 2311 4372 ὲν
2343 4319 2661 4391 ὁμοιώματι
2713 4320 2922 4383 εἰκόνος
2983 4326 3224 4396 φθαρτοῦ
3279 4321 3592 4398 ἀνθρώπου,
3623 4326 3709 4380 καὶ
3743 4347 3836 4381 πε-

2254 4413 2443 4462 τεινῶν
2475 4409 2563 4462 καὶ
2595 4408 2944 4484 τετραπόδων
2977 4411 3065 4465 καὶ
3097 4412 3358 4486 ἑρπετῶν.

2253 4497 2426 4573 Εἶχον
2463 4497 2553 4552 οῦν
2585 4501 2683 4569 τήν
2715 4498 2918 4571 {suam
2968 4505 3063 4556 τοῦ
3113 4506 3270 4567 Θεοῦ,
3311 4499 3458 4557 ἀλλᾶ
3486 4503 3687 4575 ταύτην
3719 4503 3838 4560 δόν-

2181 4610 2288 4660 τες,
2338 4585 2631 4646 ἀντέλαϐον
2691 4588 2843 4662 δόξαν
2904 4591 2993 4647 καῖ
3049 4587 3208 4657 σέϐας
3264 4591 3530 4652 εἰδώλων.
3569 4597 3729 4668 Δόξαν
3778 4594 3835 4654 δὲ

2183 4683 2336 4746 Θεοῦ,
2366 4679 2428 4733 τὸ
2461 4677 2879 4757 δημιουργικὸν,
2934 4683 2996 4736 τὸ
3053 4684 3443 4756 προνοητικόν.
3477 4684 3693 4755 Ταύτην
3723 4707 3831 4741 τοι-

2180 4773 2376 4843 γαροῦν
2409 4770 2826 4845 προσεκύρωσαν
2860 4768 3136 4840 εἰδώλοις,
3172 4771 3222 4826 ἐν
3271 4773 3589 4845 ὁμοιώματι
3621 4775 3832 4850 ἀνθρώ-

433 4859 763 4925 hominum,
801 4867 858 4916 et
886 4862 1189 4918 volucrum
1224 4879 1290 4918 ac
1331 4868 1700 4918 caaterorum.
1735 4865 1934 4935 Neque
1965 4864 2074 4920 hos

2194 4878 2294 4911 [των
2355 4859 2442 4914 καὶ
2492 4866 2750 4917 πετεινῶν
2806 4861 2896 4918 καὶ
2951 4867 3057 4917 τῶν
3091 4861 3324 4918 λοιπῶν.
3382 4863 3477 4918 Καὶ
3511 4864 3611 4919 οὒκ
3636 4866 3829 4941 αἰσχύ-

433 4947 617 5018 pudet
643 4949 740 5018 qui
801 4966 862 5004 se
922 4952 1219 5022 sapientes
1271 4951 1730 5021 arbitrabantur,
1766 4971 1895 5024 quae
1954 4955 2072 5010 Deo

433 5038 671 5109 propria
703 5044 841 5092 sunt
883 5056 949 5094 ac
998 5041 1298 5112 praecipua
1346 5041 1720 5115 serpentibus
1770 5042 2071 5115 adaptare.

430 5149 456 5176 «
490 5127 902 5198 Corruptibilis
937 5129 1216 5185 hominis.
1254 5153 1280 5180 ››
1311 5133 1429 5188 Hoc
1485 5133 1680 5204 ipsum
1714 5133 1866 5204 quod
1893 5134 2069 5190 homo

423 5215 827 5288 corruptibilis
859 5222 1034 5282 esset,
1068 5219 1210 5273 satis
1244 5225 1369 5274 erat
1397 5219 1471 5274 ad
1503 5221 1962 5277 convincendam
1985 5223 2069 5278 in-

417 5307 667 5361 saniam.
705 5307 886 5360 Porro
912 5306 1290 5362 similitudini
1323 5309 1408 5363 rei
1442 5311 1849 5383 corruptibilis
1881 5313 2060 5368 ascri-

409 5394 546 5449 bere
579 5395 680 5450 Dei
712 5395 960 5469 gloriam
993 5396 1360 5452 incredibilis
1397 5403 1485 5454 est
1517 5399 1850 5455 dementia}.

473 5531 516 5594 Ι,
545 5533 736 5599 24,25.
761 5531 968 5588 Idcirco
999 5533 1234 5588 tradidit
1265 5548 1358 5588 eos
1391 5533 1526 5588 Deus
1556 5535 1613 5589 in
1644 5535 1917 5591 desideria
1938 5552 2056 5591 cor-

402 5620 555 5673 dium
586 5636 812 5677 suorum
828 5621 901 5677 ad
930 5620 1430 5685 immunditiam,ut
1447 5623 1755 5693 ignominia
1773 5627 2052 5694 afﬁcerent

404 5726 640 5783 corpora
676 5728 815 5769 sua:
860 5715 956 5785 qui.
986 5718 1456 5768 commutaverunt
1505 5715 1786 5770 veritatem
1839 5715 1934 5770 Dei
1991 5716 2049 5770 in

2183 4967 2364 5003 νονται
2397 4951 2449 5005 οἱ
2479 4950 2635 5027 σοφοὶ
2665 4951 2734 5006 τὰ
2780 4955 2877 5006 τοῦ
2935 4955 3067 5006 Θεοῦ
3121 4949 3237 5007 ’ἰδια
3287 4953 3376 5006 καὶ
3406 4950 3648 5028 ἐξαίρετα
3679 4955 3831 5029 ἑρπε-

2180 5043 2297 5100 τοῖς
2329 5041 2723 5114 προσάψαντες,
2785 5063 2806 5090 ε
2840 5045 3092 5115 Φθαρτοῦ
3153 5041 3457 5114 ἀνθρώπου.
3496 5066 3524 5092 ››
3559 5044 3662 5100 Καὶ
3693 5045 3826 5100 αὐτὸ

2179 5131 2241 5186 τὸ
2281 5130 2412 5185 εἶναι
2445 5133 2536 5186 τὸν
2565 5129 2848 5208 ἄνθρωπον
2901 5131 3158 5209 φθαρτὸν,
3203 5129 3356 5206 ἤρκει
3408 5131 3584 5188 αὐτῶν
3612 5133 3825 5213 ἐλέγξαι

2176 5219 2272 5288 τήν
2314 5221 2514 5276 ἄνοιαν.
2575 5221 2650 5276 Τὸ
2709 5217 2766 5276 δὲ
2821 5219 2874 5275 ἐν
2931 5227 3050 5282 τοῖς
3111 5222 3424 5295 ὁμοιώμασι
3455 5227 3550 5277 τοῦ
3583 5226 3822 5301 φθαρτοῦ

2173 5313 2553 5384 προσ-κυρῶσαι
2618 5311 2718 5380 τὴν
2775 5313 2872 5364 τοῦ
2931 5314 3065 5364 Θεοῦ
3137 5307 3310 5380 δόξαν,
3367 5317 3468 5380 τῆς
3527 5311 3654 5387 ἄγαν
3709 5313 3816 5368 ἐστί

2169 5396 2550 5472 παραπληξίας
2565 5442 2576 5458 ,

2237 5534 2329 5588 Διὸ
2381 5534 2470 5589 καὶ
2523 5532 2832 5611 παρέδωκεν
2891 5534 3084 5597 αὐτοὺς
3149 5536 3176 5590 ὁ
3232 5535 3362 5596 Θεὸς
3411 5534 3464 5591 ἐν
3521 5542 3638 5599 ταῖς
3696 5536 3811 5592 ἐπι-

2163 5623 2385 5696 θυμίαις
2442 5629 2547 5680 τῶν
2625 5623 2860 5700 καρδιῶν
2933 5625 3110 5681 αὐτῶν
3167 5624 3243 5688 εἷς
3309 5625 3654 5701 ἀκαθαρσίαν,
3712 5633 3812 5686 τοῦ

2157 5712 2507 5790 ἀτιμάζεσθαι
2562 5715 2628 5772 τὰ
2686 5716 2912 5790 σώματα
2968 5715 3143 5774 αὐτῶν
3212 5715 3264 5774 ἐν
3319 5717 3554 5782 ἑαυτοῖςο
3612 5715 3811 5789 οἵτινες
