4176 6200
367 364 486 431 845

1432 359 1840 425 COMMENT.
1888 362 1963 424 ΙΝ
2010 363 2261 425 EPIST.
2313 363 2417 424 AD
2464 363 2653 427 ROM.

3654 370 3776 430 346

372 499 715 575 μετήλλαξαν
772 499 873 571 τὴν
930 492 1194 567 ἀλήθειαν
1247 500 1346 552 τοῦ
1438 499 1573 552 Θεοῦ
1619 492 1673 552 ἐν
1731 498 1811 569 τῷ
1889 494 2015 570 ψεύ-

2131 497 2435 565 mendaeio,
2467 504 2519 554 et
2554 499 2845 556 coluerunt
2871 505 2924 556 et
2950 500 3258 557 servierunt
3280 507 3556 559 creaturao
3577 504 3774 574 potius

375 587 476 661 δει,
507 591 601 647 καὶ
630 585 990 659 ἐσεϐάσθησαν
1019 588 1109 643 καὶ
1167 584 1491 663 ἐλάτρευσαν
1520 588 1589 660 τῇ
1642 585 1815 640 κτίσει
1872 584 2019 660 παρὰ

367 682 462 738 τὸν
493 681 782 752 Κτίσαντα,
830 678 890 742 ὅς
946 677 1086 735 ἐστιν
1133 675 1435 757 εὐλογητὸς
1476 675 1554 738 εἷς
1611 674 1736 737 τοὺς
1791 673 2013 735 αἰῶνας.

369 773 576 845 Ἀμήν.

442 886 464 912 ι
510 861 605 916 Διὸ
650 861 738 915 καὶ
797 856 1131 932 παρέδωκεν.
1219 881 1248 911 »
1289 855 1404 914 υύκ
1486 856 1651 917 αὐτὸς
1708 851 2015 926 παραδοὺς,

366 950 562 1026 ἄπαγε,
592 949 721 1005 ἀλλ’
757 948 919 1012 αὐτὸς
953 950 1048 1022 μὶν
1080 947 1255 1003 αὐτῶν
1292 946 1598 1022 ἠμέλησεν,
1654 945 1729 1008 ὡς
1783 944 2016 1016 ἀναξιων

371 1038 542 1096 ὄντων
575 1037 928 1114 κηδεμονίας.
962 1039 1167 1094 Λοιπὸν
1200 1035 1258 1093 δὲ
1289 1031 1475 1093 λαϐὼν
1507 1035 1706 1097 αὐτοὺς
1759 1035 1789 1089 ὸ
1845 1041 2016 1090 Σατα-

364 1134 485 1199 νᾶς,
525 1126 835 1204 παρέδωκεν
894 1127 972 1190 εἷς
1027 1129 1059 1183 ἄ
1108 1124 1438 1203 παρέδωκεν.
1494 1128 1606 1197 Τήν
1664 1125 2017 1202 συγχώρησιν

365 1220 459 1278 οὖν
490 1224 590 1277 τοῦ
620 1223 758 1276 Θεοῦ
787 1216 1084 1295 παράδοσιν
1109 1216 1275 1294 λέγει.
1306 1251 1378 1262 -
1406 1217 1617 1292 [ΦΩΤ.]
1651 1217 1729 1273 Τὸ
1767 1214 1845 1286 δί,
1877 1235 2017 1291 παρ-

361 1310 563 1369 ίδωκεν
587 1310 782 1374 αὐτοὺς
813 1311 841 1366 ὁ
873 1310 1026 1380 Θεὸς,
1056 1331 1178 1366 τουτ
1191 1309 1331 1365 ἐστιν
1362 1312 1397 1379 ἡ
1459 1307 1536 1370 είς
1576 1308 1708 1364 Θεὸν
1747 1305 1861 1378 πλη
1874 1308 2018 1380 μμὲ-

360 1401 488 1458 λεια
515 1403 606 1458 καὶ
626 1400 901 1474 παροινία,
933 1402 968 1470 ἠ
1003 1399 1174 1456 οἰκεία
1198 1399 1376 1455 αὐτῶν
1431 1399 1645 1475 πρᾶξις,
1689 1400 1725 1467 ἡ
1771 1397 2016 1457 ἑκούσιος

360 1492 649 1569 πώρωσις,
676 1489 813 1558 αύτή
846 1486 1155 1564 παρέδωκεν
1183 1488 1379 1551 αὐτοὺς
1411 1488 1487 1549 εἷς
1539 1488 1609 1544 τὰ
1666 1493 1767 1556 τῆς
1794 1485 2014 1557 ἀτιμίας

361 1583 536 1652 πάθη.
570 1580 674 1639 Καὶ
717 1578 806 1634 ἐπὶ
861 1582 959 1633 τοῦ
1016 1577 1259 1634 ἐναντίου
1312 1580 1415 1655 γαρ
1484 1576 1753 1651 εἴώθαμεν
1815 1574 2014 1651 λέγειν,

360 1673 450 1728 ὅτι
479 1670 759 1727 ἀπώλεσεν
791 1669 955 1725 αὐτὸν
988 1668 1050 1723 τὸ
1098 1667 1377 1743 ἀργύριον.
1437 1666 1634 1723 Καίτοι
1684 1665 1746 1721 οὐ
1794 1665 1858 1721 τὸ
1914 1664 2015 1741 ἀρ-

358 1764 555 1838 γύριον
586 1759 912 1827 ἀπόλλυσιν,
942 1757 1073 1815 ἀλλ’
1100 1762 1134 1814 ἦ
1169 1758 1380 1823 ἄσωτος
1408 1756 1573 1814 αὐτοῦ
1603 1758 1694 1813 καὶ
1746 1754 1834 1813 ἐπὶ
1863 1760 2015 1829 κακῷ

2128 604 2294 659 quam
2324 588 2590 658 Creatori,
2624 592 2722 661 qui
2749 597 2827 645 est
2858 591 3173 647 benedictus
3214 593 3273 646 in
3297 591 3515 647 sacuta.
3576 593 3765 649 Amen.

2195 887 2221 914 α
2255 863 2480 922 Idcirco
2513 865 2776 922 tradidit.
2815 889 2843 916 »
2865 869 2991 922 Non
3024 867 3149 939 ipse
3184 867 3449 935 tradidit,
3469 868 3644 932 absit,
3668 868 3772 925 sed

2123 954 2250 1029 ipse
2277 955 2520 1026 quidem
2580 971 2681 1011 eos
2738 954 2999 1028 neglexit
3031 962 3311 1029 tanquam
3346 975 3453 1014 sua
3482 959 3771 1026 guberna-

2124 1044 2287 1099 tione
2315 1043 2613 1117 indignos.
2653 1045 2876 1101 Deinde
2908 1062 3040 1101 vero
3071 1047 3316 1102 Satanas
3338 1055 3609 1119 acceptos
3640 1048 3775 1104 illos

2124 1133 2368 1190 tradidit
2396 1135 2457 1190 in
2488 1136 2641 1190 eain
2676 1152 2807 1206 quae
2840 1133 3037 1191 traditi
3071 1143 3228 1191 sunt.
3261 1138 3465 1206 Itaque
3507 1138 3606 1191 Dei
3641 1155 3773 1209 per-

2123 1224 2473 1282 missionem
2502 1232 2671 1283 vocat
2693 1226 3094 1281 traditionem.
3133 1227 3286 1282 ’2l6
3330 1226 3595 1282 Tradidit
3636 1227 3773 1284 illos

2126 1316 2299 1382 Deus,
2324 1316 2434 1370 hoc
2475 1320 2565 1370 est
2593 1315 2874 1371 delictum
2907 1332 2975 1371 ac
3009 1316 3390 1372 debacchatio
3440 1316 3502 1370 in
3561 1317 3771 1383 Deum,

2123 1405 2482 1476 propriaque
2513 1404 2751 1459 illorum
2786 1406 3070 1476 operatio,
3103 1412 3205 1460 aut
3233 1406 3507 1461 ultronea
3536 1407 3772 1461 caecitas

2124 1493 2229 1550 illa
2260 1493 2502 1549 tradidit
2531 1510 2632 1549 eos
2662 1495 2722 1548 in
2754 1495 2999 1549 aﬂ‘ectus
3051 1494 3413 1566 ignominiaa.
3448 1495 3680 1549 Etenim
3711 1495 3774 1548 in

2123 1582 2486 1640 contrarium
2519 1583 2714 1639 dicere
2739 1583 2997 1639 solemus
3023 1599 3035 1637 :
3068 1583 3333 1638 Perdidit
3362 1583 3529 1638 illum
3561 1600 3779 1652 argen-

2124 1678 2271 1727 tum.
2303 1672 2477 1743 Atqui
2500 1678 2809 1746 argentum
2840 1689 2959 1728 non
2993 1672 3315 1743 perdit,sed
3346 1673 3473 1744 ejus
3495 1672 3778 1745 prodigus

2124 1762 2438 1832 malusque
2468 1777 2632 1818 usus.
2668 1762 2814 1817 Item
2848 1778 2863 1817 :
2910 1761 3183 1834 Corrupit
3227 1778 3361 1817 cum
3395 1761 3769 1817 adulantium

359 1858 591 1928 χρῆσις.
625 1850 751 1921 Καὶ,
780 1849 1085 1926 Διέφθειρεν
1116 1848 1274 1905 αὐτὸν
1328 1852 1434 1904 τῶν
1465 1846 1717 1904 κολάκων
1749 1846 1814 1902 τὸ
1873 1844 2016 1915 πλῆ-

2131 1851 2463 1908 multitudo.
2525 1851 2703 1923 Atqui
2752 1868 2873 1907 non
2932 1851 3018 1905 illi
3072 1856 3480 1922 corrumpunt,
3533 1850 3636 1906 sed
3686 1851 3774 1906 eis

363 1953 481 2005 θος.
515 1940 699 1998 Καίτοι
729 1939 830 1996 οὐκ
859 1939 1052 1995 ἐκεῖνοι
1097 1936 1520 2017 διαφθείρουσιν,
1566 1935 1712 1992 ἀλλά
1764 1936 1826 1990 τὸ
1857 1954 2020 2008 προσ-

362 2029 519 2111 ἑχενν
545 2031 636 2084 καὶ
675 2028 951 2085 πείθεσθαι
1009 2027 1248 2096 τούτοις,
1308 2027 1441 2104 ὅπερ
1494 2025 1635 2082 ἐστὶν
1690 2023 1742 2081 ἐν
1769 2028 1838 2089 τῇ
1877 2025 2021 2099 γνώ-

366 2142 448 2196 μῃ
480 2123 552 2193 τῇ
583 2117 713 2192 ἐμῇ,
782 2118 843 2175 τὸ
899 2117 1171 2174 πείθεσθαι
1229 2115 1267 2186 ἤ
1325 2118 1425 2190 μή.
1484 2117 1555 2174 Ἠ
1618 2116 1764 2190 τάχα
1793 2113 2019 2176 ἑαυτοὺς

363 2206 715 2283 παρέδωκαν,
762 2205 948 2278 ἔπειδὴ
990 2212 1153 2263 τοῦτο
1206 2205 1529 2281 ἐπεθύμουν.
1591 2206 1679 2262 Ἐν
1739 2206 1843 2280 γὰρ
1898 2209 2019 2266 ταῖς

364 2299 686 2372 ἐπιθυμίαις
743 2301 849 2353 τῶν
909 2295 1148 2371 καρδιῶν
1205 2294 1403 2362 αὐτῶν,
1463 2295 1645 2373 φησίν.
1713 2319 1738 2345 ιι
1804 2292 2021 2356 Ο’ίτινες

367 2387 745 2462 μετήλλαξαν.
773 2411 800 2439 n
834 2420 899 2430 -—-
931 2385 1470 2461 [01KOI‘MENIOI‘.]
1500 2385 1660 2460 ὐρᾷς
1709 2381 1873 2439 πάλιν
1931 2384 2019 2450 τὸ,

365 2476 759 2547 Μετήλλαξαν,
787 2480 1052 2549 σημαῖνον
1095 2473 1178 2531 ὅτι
1219 2475 1335 2529 κατ’
1391 2471 1600 2546 εἷ’δησιν
1652 2470 2017 2546 μετήλλαξαν.

370 2593 402 2621 εί
439 2565 725 2638 Ἀλήθειαν
752 2571 850 2622 τοῦ
881 2570 1015 2622 Θεοῦ
1062 2564 1116 2621 ἐν
1175 2568 1257 2638 τῷ
1309 2560 1514 2639 ψεύδει.
1548 2587 1576 2615 ››
1618 2562 1900 2630 Τευτὲστι,
1953 2562 2020 2616 τὰ

368 2656 599 2729 ἀληθῶς
666 2656 754 2713 ἐπὶ
812 2660 946 2713 Θεοῦ
994 2654 1248 2733 λέγεσθαι
1304 2653 1395 2709 καὶ
1450 2656 1687 2710 νοεῖσθαι
1752 2649 2022 2725 δυνάμενα

364 2745 697 2821 περιέθηκαν
729 2746 808 2819 τῷ
866 2742 1071 2821 ψεύδει.
1130 2744 1414 2815 Τουτὲστι,
1471 2749 1589 2805 τοῖς
1645 2740 1921 2803 εἴδώλοις.
1954 2773 2021 2785 -

365 2837 869 2912 [ΘΕΟΔΩΡΙΤΟΥ.]
897 2838 974 2893 Ἥ
1001 2833 1260 2906 ἀλήθειαν
1322 2838 1456 2891 Θεοῦ
1503 2831 1686 2905 καλεῖ,
1745 2832 1831 2902 τὸ,
1865 2830 2019 2900 Θεὸς,

369 2924 569 2999 ὄνομα.
604 2922 817 2987 Ψεῦδος
847 2922 926 2992 δὲ,
953 2924 1015 2980 τὸ
1046 2922 1442 2999 χειροποίητον
1475 2920 1726 2980 εἴδωλον.
1760 2922 1887 2977 Δὲον
1936 2919 2026 2976 αύ-

370 3013 503 3076 τοὺς
529 3015 624 3071 τὸν
654 3012 838 3087 ἀληθῆ
870 3019 1241 3090 προσκυνῆσαι
1270 3013 1421 3078 Θεὸν,
1451 3015 1523 3086 τῇ
1561 3011 1732 3067 κτίσει
1762 3010 1826 3065 τὸ
1883 3014 2025 3074 θεῖον

369 3098 536 3168 σέϐας
586 3105 977 3179 προσήνεγκαν.
1040 3135 1110 3150 --
1163 3101 1662 3171 [ZETHPIAN01‘.)
1717 3100 1786 3156 Ἦ
1859 3098 1942 3154 ὅτι
1993 3097 2024 3153 ὸ

371 3194 471 3271 μὲν
501 3192 632 3256 Θεὸς
663 3192 886 3264 ἀληθῶς
914 3193 1025 3249 ἐστι
1075 3191 1229 3263 Θεὸς,
1283 3192 1349 3247 τὰ
1379 3188 1437 3246 δὲ
1468 3187 1675 3246 εἴδωλα
1707 3190 1791 3251 οἷς
1849 3207 2018 3263 προσο
2051 3225 2094 3290 C

367 3281 661 3353 εκύνησαν,
746 3280 959 3359 ψευδῶς
1043 3280 1533 3359 προσαγορεύονται
1616 3277 1750 3335 θεοί.
1809 3301 1838 3331 ι(
1915 3276 2020 3335 Καὶ

366 3366 736 3441 ἐσεϐάσθησαν
790 3373 877 3427 καὶ
935 3370 1282 3447 ἐλάτρευσαν.
1344 3393 1374 3423 »
1433 3363 1691 3431 Σὲὅοντες
1752 3365 1829 3433 δὶ,
1921 3364 2020 3421 λα-

366 3462 653 3538 τρεύοντες
680 3458 1014 3520 διετέλεσαν.
1048 3485 1076 3513 ‹‹
1107 3464 1186 3535 Τῇ
1240 3459 1411 3516 κτίσει
1461 3458 1607 3534 παρὰ
1658 3459 1749 3514 τὸν
1789 3455 2023 3515 Κτίσαν-

366 3572 461 3608 τα.
498 3573 524 3604 ι
557 3550 669 3606 Ἀεὶ
701 3554 769 3625 τῇ
810 3551 1087 3625 συγκρίσει
1144 3543 1516 3627 φοϐερώτερον
1574 3553 1724 3604 ποιεῖ
1776 3548 1868 3604 τὸν
1925 3546 2024 3603 λό-

369 3662 499 3716 γον.
534 3664 559 3695 ¢
585 3642 679 3702 Ὃς
701 3639 843 3695 ἐστιν
882 3639 1180 3715 εὐλογητὸς
1233 3638 1310 3701 εἷς
1359 3637 1488 3701 τοὺς
1546 3636 1767 3701 αἰῶνας.
1800 3662 1828 3690 ι»
1863 3635 2025 3695 ’Λλλ’

370 3731 441 3790 ού
472 3731 621 3806 παρὰ
646 3735 809 3787 τοῦτο
830 3724 1153 3805 παρεὸλάὅη
1186 3749 1238 3784 τι
1271 3729 1300 3784 ὸ
1333 3728 1487 3798 Θεὸς,
1545 3727 1732 3803 φησὶν,
1793 3727 1871 3793 εἷς
1921 3729 2019 3797 τήν

370 3819 575 3876 οἰκείαν
605 3817 785 3892 δόξαν.
811 3820 873 3878 Ὀ
907 3818 1001 3893 μὲν
1038 3819 1145 3894 γὰρ
1172 3814 1353 3891 ἔμεινε
1398 3818 1489 3873 καὶ
1547 3818 1725 3881 οὕτως
1777 3815 2022 3893 εὐλογη-

365 3911 467 3973 τὸς
494 3908 572 3972 εἲς
600 3910 729 3975 τοὺς
755 3908 975 3973 αἰῶνας
1011 3908 1187 3966 αὐτῶν
1217 3904 1275 3963 δὲ
1303 3907 1359 3962 αἱ
1404 3904 1798 3983 προλεχθεῖσαι
1855 3906 2020 3980 ἀμοι-

367 3992 486 4069 ϐαὶ,
516 3997 606 4053 καὶ
637 4000 693 4054 αἱ
723 3996 1153 4075 λεχθησόμεναι,
1210 3996 1424 4072 ἀτιμίαι
1480 4001 1578 4053 τοῦ
1634 3997 1888 4070 σώματος
1930 3995 2023 4054 καὶ

363 4083 692 4152 ἀντιδόσεις.

438 4179 538 4234 Διά
585 4182 753 4235 τοῦτο
837 4174 1151 4256 παρέδωκεν
1211 4175 1411 4242 αὐτοὺς
1466 4177 1495 4232 ὸ
1554 4175 1685 4238 Θεὸς
1739 4176 1814 4239 είς
1869 4180 2015 4248 παθη

359 4269 603 4342 ἀτιμίας
665 4270 721 4325 αἳ
792 4290 851 4325 τε
908 4269 1010 4348 γὰρ
1098 4266 1313 4340 θήλειαι
1408 4265 1582 4322 αὐτῶν
1675 4265 2014 4340 μετήλλαξαν

358 4359 465 4429 τὴν
514 4361 747 4436 φυσικὴν
802 4365 1004 4434 χρῆσιν
1064 4356 1143 4420 εἷς
1200 4357 1300 4427 τήν
1349 4354 1496 4431 παρὰ
1547 4353 1728 4431 φύσιν.
1781 4355 2018 4426 Ὁμοίως

363 4469 424 4505 τε
479 4447 571 4504 καὶ
628 4449 681 4504 οἱ
738 4447 976 4525 ἄρσενες,
1040 4446 1260 4525 ἀφέντες
1335 4447 1436 4516 τήν
1537 4444 1769 4522 φυσικὴν
1820 4450 2019 4524 χρῆσιν

361 4544 466 4607 τῆς
533 4535 779 4604 θηλείας,
855 4534 1213 4608 ἐξεκαύθησαν
1294 4533 1347 4591 ἐν
1432 4536 1502 4608 τῇ
1588 4533 1757 4608 ὀρέξει
1840 4533 2014 4588 αὐτῶν

357 4627 442 4690 εἷς
524 4623 839 4699 ἀλλήλους,
924 4625 1139 4701 ἃρσενες
1224 4621 1276 4680 ἐν
1330 4622 1518 4698 ἄρσεσι
1573 4623 1674 4692 τὴν
1757 4621 2019 4700 ἀσχημο-

363 4717 535 4785 σύνην
605 4717 1097 4791 κατεργαζόμενοι,
1181 4713 1272 4771 καὶ
1348 4715 1449 4785 τήν
1532 4710 1873 4788 ἀντιμισθίαν
1949 4708 2016 4781 ἤν

362 4803 476 4862 ἔδει
549 4808 649 4875 τῆς
730 4803 943 4876 πλάνης
1018 4802 1194 4862 αὐτῶν
1280 4801 1332 4858 ἄν
1418 4802 1630 4864 ἑαυτοῖς
1685 4796 2019 4871 ἀπολαμϐά-

359 4915 568 4957 νοντες.

433 5008 468 5039 α
499 4986 600 5043 Διά
624 4987 811 5043 τοῦτο.
842 5008 871 5037 n
899 4988 1061 5040 1ιοῖον
1098 5002 1115 5055 ;
1144 4979 1370 5050 Ἐπειδὴ
1400 4978 1721 5059 ἐλάτρευσαν
1780 4985 1849 5056 τῇ
1896 4979 2015 5037 κτί-

359 5096 449 5133 σει
478 5075 628 5153 παρὰ
656 5075 748 5133 τὸν
781 5076 1072 5133 Κτίσαντα.
1120 5094 1144 5125 α
1205 5070 1570 5147 Μετήλλαξαν
1623 5073 1722 5142 τήν
1787 5074 2017 5150 φυσικὴν

355 5172 590 5242 χρῆσιν,
650 5188 681 5217 ››
740 5168 1005 5241 Ἔχοντες
1087 5163 1194 5242 γὰρ
1274 5162 1335 5219 ἐκ
1410 5162 1623 5242 φύσεως
1701 5162 1845 5239 μῖξιν
1920 5162 2016 5218 νό-

357 5276 562 5331 μιμον,
624 5254 971 5329 μετήλλαξαν
1051 5254 1222 5322 αὐτὴν
1307 5252 1385 5317 εἷς
1470 5255 1570 5323 τήν
1629 5253 1777 5327 παρὰ
1833 5250 2011 5331 φύσιν.

351 5342 739 5421 Αίσχρότατόν
766 5365 818 5401 τι
847 5341 996 5421 λέγει
1027 5341 1578 5417 ἐπικεκαλυμμένως.
1627 5341 1897 5397 Δείκνυσιν
1928 5341 2011 5400 δτι

347 5435 418 5492 ού
450 5435 618 5511 μόνον
649 5438 769 5496 τοῖς
800 5433 967 5497 θείοις
993 5431 1210 5507 νόμοις,
1270 5431 1419 5489 ἀλλὰ
1474 5432 1561 5487 καὶ
1621 5437 1740 5495 τοῖς
1780 5434 1880 5502 τῆς
1911 5433 2012 5509 φύ-

346 5544 491 5586 σεως
529 5524 727 5597 νόμοις
780 5522 1109 5599 ἐπολέμουν.
1171 5523 1252 5582 Τὸ
1310 5519 1389 5591 δὲ,
1451 5543 1480 5573 ‹‹
1538 5521 1949 5595 Ἑξεκαύθησαν,
1984 5546 2012 5574 ››

342 5615 577 5687 πολλὴν
605 5615 798 5691 μανίαν
830 5616 923 5673 καὶ
954 5618 1168 5693 οἶστρον
1203 5612 1389 5687 δηλοῖ·
1450 5614 1540 5670 καὶ
1590 5613 1690 5671 οὐκ
1721 5616 1855 5686 εἶπε,
1897 5616 2012 5686 Τήν

348 5707 646 5786 ἱπιθυμίαν
678 5707 857 5765 αὐτῶν
888 5707 1378 5784 κατεργαζόμενοι,
1411 5701 1580 5777 ἀλλὰ,
1612 5728 1641 5757 ‹‹
1672 5706 1780 5775 ἰ’ἠν
1840 5705 2013 5781 ἀσγη-

2127 1941 2432 1997 adhaerere
2462 1946 2639 2011 atque
2672 1939 3105 2012 obtemperare,
3135 1940 3294 2010 quod
3323 1939 3385 1994 in
3431 1956 3565 1995 mea
3593 1940 3773 1994 situm

2126 2037 2218 2103 est
2246 2030 2575 2098 voluntate,
2599 2036 2665 2085 ut
2693 2030 2837 2101 ipsis
2856 2045 3095 2101 paream
3119 2035 3222 2084 aut
3248 2045 3389 2084 non.
3425 2028 3525 2083 Vel
3556 2028 3778 2083 fortas-

2128 2121 2210 2176 sis
2237 2122 2464 2191 seipsos
2495 2118 2869 2175 tradiderunt
2892 2135 2961 2173 eo
2993 2118 3150 2188 quod
3183 2118 3293 2173 hoc
3323 2117 3776 2184 desiderarunt;

2126 2211 2211 2266 ait
2265 2209 2424 2266 enim
2460 2224 2474 2263 :
2509 2210 2575 2263 In
2633 2207 2930 2263 desideria
2987 2207 3571 2265 cordiumsuorum.
3605 2229 3629 2260 ι
3673 2207 3781 2274 Qui
3870 2262 3875 2269 ,

2127 2301 2658 2355 commutaverunt.
2682 2318 2709 2346 »
2744 2297 2917 2353 Vides
2947 2313 3202 2363 rursum,
3235 2297 3778 2353 Commutaverunt.

2128 2391 2271 2446 Nam
2305 2388 2600 2460 signiﬁcat
2630 2386 2787 2458 quod
2820 2386 3076 2441 scientes
3121 2392 3578 2442 commutarunt.
3624 2406 3644 2434 ι
3667 2388 3778 2443 Ve-

2126 2479 2365 2534 ritatem
2396 2478 2495 2533 Dei
2522 2478 2582 2532 in
2616 2476 2945 2532 mendacio.
2984 2499 3010 2525 »
3044 2477 3163 2533 Hoc
3212 2483 3319 2537 est.
3350 2493 3480 2547 qua)
3522 2493 3653 2532 vere
3703 2477 3774 2533 de

2127 2569 2246 2625 Deo
2276 2567 2391 2623 dici
2422 2572 2483 2622 et
2511 2566 2671 2623 credi
2702 2570 2946 2639 possent
2975 2565 3048 2622 ad
3080 2566 3457 2622 mendacium
3489 2567 3774 2621 traduxe-

2125 2656 2353 2721 runt,id
2381 2656 2569 2719 est,ad
2587 2655 2877 2713 idola.Vel
2891 2657 3193 2712 veritatem
3213 2656 3316 2711 Dei
3348 2663 3514 2712 vocat
3541 2657 3776 2710 utDeus

2126 2763 2331 2805 verum
2357 2763 2577 2804 nomen
2608 2746 2705 2816 sit,
2738 2745 3118 2802 mendacium
3143 2762 3278 2800 vero
3308 2745 3536 2802 idolum
3559 2761 3772 2799 manu-

2127 2838 2391 2905 factum;
2418 2853 2554 2892 cum
2597 2851 2732 2908 ergo
2776 2835 2912 2892 illos
2943 2840 3245 2906 oporteret
3277 2836 3457 2890 Deum
3501 2834 3773 2901 adorare,

2129 2926 2394 2982 divinum
2424 2924 2648 2980 cultum
2681 2928 2965 2979 creaturas
2985 2922 3779 2993 obtulerunt.VelquiaDeus

2130 3013 2372 3086 quidem
2403 3023 2537 3067 v‘ere
2568 3013 2723 3067 Deus
2755 3016 2863 3079 est,
2896 3010 3056 3067 idola
3086 3027 3221 3066 vero
3268 3026 3398 3082 quas
3430 3010 3779 3076 adorarunt,

2131 3102 2500 3162 mendaciter
2529 3101 2612 3157 dii
2643 3100 3042 3172 appellantur.
3080 3124 3105 3149 α
3140 3101 3211 3155 Ει
3239 3100 3552 3155 coluerunt
3580 3106 3777 3155 etser-

2131 3193 2424 3249 vierunt.»
2446 3190 2775 3247 Coluerunt
2801 3189 3063 3262 quidem.
3093 3189 3200 3246 sed
3231 3189 3537 3245 serviendo
3566 3206 3778 3262 perse-

2133 3286 2411 3340 verarunt
2436 3296 2684 3352 remque
2715 3279 3120 3352 expleverunt.
3158 3302 3183 3329 υ
3216 3280 3510 3335 Creaturaa
3542 3279 3778 3350 (inquit)

2132 3373 2332 3446 potius
2361 3387 2539 3445 quam
2570 3370 2917 3438 Creatoris,-
2954 3374 3013 3425 et
3042 3370 3124 3424 ita
3181 3385 3417 3442 semper
3473 3385 3778 3441 compara-

2135 3464 2297 3521 tione
2325 3460 2857 3518 formidabiliorem
2912 3460 3057 3516 facit
3112 3475 3521 3517 sermonem.«
3551 3460 3659 3526 Qui
3694 3465 3785 3515 est

2134 3552 2485 3611 benedictus
2514 3551 2577 3608 in
2626 3551 2861 3608 saecula.
2900 3573 2921 3600 υ
2950 3550 3169 3607 Verum
3201 3567 3323 3606 non
3352 3549 3424 3605 ob
3459 3549 3540 3613 id,
3564 3550 3780 3620 inquit,

2140 3644 2289 3699 Deus
2337 3643 2399 3698 in
2430 3642 2672 3715 propria
2708 3641 2895 3715 gloria
2934 3641 3219 3696 damnum
3251 3640 3439 3695 ullum
3471 3639 3734 3710 suscepit
3764 3654 3779 3694 :

2136 3732 2433 3803 siquidem
2464 3732 2565 3788 ille
2596 3748 2764 3803 teque
2802 3732 3025 3786 mansit
3052 3729 3400 3786 benedictus
3426 3729 3488 3783 in
3520 3728 3737 3782 saecula
3765 3744 3778 3780 :

2132 3823 2399 3896 ipsorum
2430 3827 2627 3878 autem
2658 3838 2847 3894 poena
2878 3820 3195 3893 praedictae,
3216 3834 3467 3890 quaeque
3489 3817 3783 3885 dicentur,

2135 3920 2275 3971 sunt
2303 3914 2568 3986 corporis
2596 3913 2941 3987 ignominiae
2960 3928 3027 3968 ac
3048 3910 3493 3967 retributiones.

2200 4187 2247 4254 Ι,
2276 4187 2465 4240 24-27.
2497 4185 2797 4254 Propterea
2851 4181 3089 4239 tradidit
3144 4180 3269 4236 illos
3324 4183 3463 4237 Deus
3517 4184 3574 4235 in
3628 4183 3775 4251 αιΤε-

2130 4277 2336 4332 etiones
2359 4275 2704 4344 ignominia.
2729 4274 2863 4328 Nam
2883 4274 3112 4341 feminae
3134 4287 3321 4326 eorum
3350 4273 3778 4326 immutaverunt

2131 4362 2443 4419 naturalem
2471 4378 2629 4419 usum
2671 4364 2731 4416 in
2787 4377 2909 4415 eum
2949 4364 3048 4431 qui
3105 4366 3184 4417 est
3231 4365 3439 4429 praeter
3492 4364 3775 4413 naturam.

2128 4453 2399 4511 Similiter
2428 4463 2476 4509 et
2504 4452 2755 4515 masculi,
2809 4451 3003 4506 relicto
3054 4448 3310 4504 naturali
3366 4464 3468 4505 usu
3527 4450 3776 4515 feminae,

2130 4548 2463 4600 exarserunt
2496 4557 2599 4612 per
2654 4542 3033 4612 appetentiam
3087 4555 3241 4594 suam
3300 4540 3446 4592 inter
3482 4554 3536 4593 se
3566 4544 3777 4601 mutuo,

2128 4633 2361 4690 masculi
2389 4635 2449 4687 in
2473 4632 2738 4688 masculos
2766 4630 3072 4701 foeditatem
3093 4634 3492 4699 perpeti-antes.
3524 4634 3574 4682 et
3618 4641 3775 4698 pra?-

2125 4726 2298 4781 mium
2329 4722 2501 4796 (quod
2529 4722 2790 4795 oportuit)
2822 4719 3027 4777 erroris
3056 4721 3144 4775 sui
3182 4718 3243 4774 in
3294 4734 3403 4776 sese
3432 4719 3773 4790 recipientes.

2198 5016 2227 5042 ‹‹
2259 4993 2600 5062 Propterea.
2632 5010 2661 5040 »
2694 4989 2884 5054 Quare
2904 4988 2931 5044 ?
2959 4989 3107 5055 Quia
3138 4989 3468 5045 servierunt
3496 4994 3781 5045 creatura:

2126 5082 2323 5154 potius
2349 5095 2525 5152 quam
2547 5078 2828 5133 Creatori.
2863 5079 3425 5135 «Commutaverunt
3445 5079 3778 5136 naturalem

2121 5187 2316 5226 usum.
2342 5191 2369 5219 ››
2397 5168 2545 5224 Cum
2573 5167 2731 5223 enim
2757 5169 2850 5225 2|
2867 5169 2905 5223 τ
2930 5184 2999 5224 ex
3022 5174 3237 5225 natura
3253 5169 3515 5226 habeant
3538 5176 3776 5227 natura.

2125 5260 2244 5317 lem
2275 5258 2776 5325 commistionem,
2806 5264 3321 5315 commutaverunt
3350 5258 3515 5314 illam
3546 5260 3611 5315 in
3646 5276 3780 5315 eum

2125 5349 2226 5422 qui
2259 5352 2348 5403 est
2371 5352 2589 5419 praeter
2611 5348 3158 5406 naturam.0btecte
3182 5365 3311 5405 rem
3342 5349 3541 5405 innuit
3563 5350 3779 5422 turpis-

2125 5438 2335 5496 simam
2372 5454 2385 5491 :
2416 5441 2475 5492 et
2507 5437 2773 5493 ostendit
2802 5438 2960 5509 quod
2992 5455 3111 5494 non
3144 5439 3337 5495 solum
3367 5440 3427 5494 in
3468 5440 3566 5494 Hei
3600 5439 3780 5511 leges,

2125 5529 2229 5586 sed
2259 5528 2320 5584 in
2351 5532 2580 5584 natura:
2613 5545 2851 5600 quoque
2882 5529 3041 5601 leges
3099 5529 3569 5602 propugnabant.
3605 5528 3772 5592 Quod

2122 5623 2321 5677 autem
2371 5617 2596 5684 subdit,
2628 5640 2655 5669 «
2690 5620 3073 5687 Exarserunt,
3108 5641 3135 5668 ››
3166 5635 3441 5692 magnam
3475 5617 3768 5673 insaniam

2122 5725 2191 5766 ac
2221 5713 2466 5767 (nstrum
2496 5708 2824 5784 signiﬁcat:
2849 5726 2960 5767 nec
2991 5708 3179 5765 dixit:
3208 5701 3768 5777 Concupiscentiam
