4176 6200
333 358 452 416 ΜΠ

1453 341 1864 404 (ΕΟΗΜΕΝΙΙ
1911 342 2218 406 ΤΒΙΟΟιΕ
2267 343 2616 406 EPlSCOl’I

3627 330 3740 388 318

339 506 504 546 suam
537 476 1074 559 perpetrantes,sed
1095 499 1122 526 α
1153 475 1983 551 Turpitudinem,»designans

2109 479 2373 551 μοσύνην,
2411 501 2436 528 ››
2471 475 2657 548 δηλῶν
2687 473 2768 531 ὅτι
2824 474 2914 530 καὶ
2945 471 3112 540 αὐτὴν
3144 471 3242 538 τήν
3279 467 3435 542 φύσιν
3463 463 3747 538 κατῄσχυ-

339 579 494 652 quod
525 578 714 646 ipsam
748 584 984 641 quoque
1011 573 1284 621 naturam
1321 565 1758 636 pudefecerint.
1797 590 1824 616 «
1855 569 1992 622 Per.

339 669 660 740 petrantes.
696 683 714 707 υ
755 657 928 712 Vides
958 656 1117 727 quod
1149 672 1266 710 non
1297 655 1644 726 ignorantiae
1667 655 1993 711 fuerinthaa

340 753 702 811 affectiones.
741 747 842 802 sed
875 745 1032 816 quod
1087 744 1348 799 studium
1381 743 1762 798 adhibuerint
1815 753 1880 799 ut
1933 746 1994 800 in

341 859 488 914 opus
519 839 884 894 deducerent
914 836 940 890 ?
971 833 1275 906 Siquidem
1319 833 1658 904 praepositio
1717 832 1850 886 κατά
1884 837 1896 902 (
1933 834 1994 889 in

343 932 600 988 dictione
624 925 1104 1000 κατεργαζόμενοι)
1136 923 1532 979 intentionem
1563 923 1882 994 quamdam
1927 941 1993 980 ac

339 1020 729 1094 pertinaciam
790 1016 1125 1088 signiﬁcat,
1177 1014 1345 1084 quasi
1418 1013 1642 1068 nitatur
1696 1013 1991 1085 quispiam

341 1129 456 1182 quo
487 1109 672 1181 magis
709 1109 822 1162 Deo
857 1105 1200 1160 adversetur
1245 1125 1270 1152 «
1323 1103 1392 1156 Et
1439 1103 1752 1174 praemium
1809 1103 1992 1174 (quod

339 1199 622 1272 oportuit)
655 1196 872 1252 erroris
905 1195 1016 1250 sui.
1053 1217 1078 1242 »
1101 1192 1268 1259 Quod
1299 1193 1659 1247 conveniens
1681 1192 1993 1264 erat.quod

339 1291 459 1346 illis
493 1287 818 1344 debebatur
841 1285 941 1356 qui
967 1283 1115 1339 tales
1146 1289 1364 1350 essent,
1392 1281 1652 1337 debitum
1681 1283 1991 1354 praemium

339 1381 524 1436 errori
559 1393 780 1432 eorum.
819 1377 1094 1428 Errorem
1127 1377 1324 1426 autem
1351 1377 1518 1426 vocat
1563 1373 1810 1428 adorare
1835 1389 1993 1428 crea-

337 1481 736 1542 turam,quem
765 1470 826 1522 in
849 1467 1061 1537 seipsis
1093 1465 1390 1536 recipiunt
1411 1465 1629 1520 mulier
1650 1482 1684 1521 a
1715 1465 1986 1533 muliere,

338 1563 506 1620 etvir
536 1579 568 1615 a
615 1560 757 1624 viro,
821 1572 950 1611 cum
989 1555 1240 1626 turpiter
1272 1560 1617 1626 aperantur.
1663 1557 1806 1611 Nam
1849 1557 1988 1626 quia

339 1647 713 1706 sermonibus
745 1645 816 1700 de
845 1645 1116 1717 gelienna
1149 1644 1326 1698 ﬁdem
1359 1660 1478 1698 non
1520 1643 1840 1712 habebant,
1875 1645 1984 1701 hoc

337 1737 481 1810 ipsis
513 1735 827 1807 praemium
857 1733 1083 1805 profert
1111 1733 1351 1800 Paulus,
1387 1749 1504 1804 quo
1537 1733 1715 1788 etiam
1769 1733 1986 1789 rubore

339 1825 854 1882 suil‘undebantur.

409 1919 452 1984 1,
481 1917 571 1970 28.
607 1919 676 1970 Et
700 1917 840 1970 sicut
871 1930 978 1969 non
1007 1914 1438 1984 reprobaverunt
1483 1912 1648 1967 Deum
1703 1911 1898 1968 habere
1925 1917 1986 1968 in

339 2009 644 2078 agnitione,
678 2004 910 2060 tradidit
950 2020 1034 2059 eos
1065 2005 1122 2056 in
1152 2003 1442 2074 reproba-m
1469 2009 1718 2072 mentem,
1757 2009 1817 2058 ut
1839 2007 1988 2073 face-

339 2102 460 2151 rent
492 2111 613 2165 quae
645 2109 754 2148 non
788 2093 1130 2162 expedirent.

415 2183 586 2238 Vides
618 2182 776 2254 quod
800 2199 918 2238 non
945 2181 1293 2254 ignorantiae
1319 2197 1486 2235 error
1517 2181 1772 2248 erat,sed
1795 2183 1990 2254 cogni-

339 2274 725 2345 tionis.Magis
755 2277 954 2326 tamen
977 2269 1264 2341 quosdam
1299 2269 1540 2324 illorum
1561 2269 1790 2324 occulte
1810 2275 1986 2341 taxat,

341 2379 680 2434 quanquam
719 2377 1058 2416 sermonem
1093 2375 1263 2414 suum
1295 2359 1368 2414 ad
1399 2359 1547 2414 alios
1583 2360 1984 2432 transﬁgurat.

339 2475 366 2504 α
394 2451 660 2508 Tradidit
689 2451 748 2504 in
781 2449 1094 2521 reprobam
1127 2454 1410 2504 mentem.
1448 2469 1476 2496 »
1511 2451 1650 2504 Nam
1677 2465 1781 2520 per
1823 2465 1982 2504 aver-

332 2543 564 2600 sionem
583 2557 616 2594 a
639 2539 1038 2610 Deo,reproba
1067 2553 1235 2592 mens
1262 2554 1296 2592 a
1326 2538 1696 2592 daemonibus
1719 2537 1980 2593 inducit:

333 2635 444 2690 hoc
501 2639 696 2688 autem
757 2631 1074 2702 Scriptura:
1133 2647 1276 2684 usus
1335 2635 1424 2684 est
1481 2645 1686 2684 vocare
1715 2629 1980 2685 traditio-

331 2739 488 2778 nem.

401 2813 446 2874 l,
503 2813 572 2866 ‘29
599 2813 685 2867 31.
743 2811 957 2882 Repleti
1011 2811 1160 2865 omni
1225 2807 1529 2878 injustitia,
1585 2808 1978 2877 fornicatione,

326 2904 628 2974 pravitate,
685 2900 952 2966 avaritia,
1007 2901 1252 2962 malitia,
1305 2900 1463 2969 pleni
1521 2900 1754 2965 invidia,
1815 2899 1978 2964 cade,

331 2993 696 3057 contentione,
755 2988 906 3054 dolo,
936 2990 1128 3060 pravis
1159 2989 1399 3043 moribus
1428 3005 1448 3040 .·
1482 3004 1820 3056 susurrones,
1879 2988 1980 3044 ob—

330 3087 664 3144 trectatores,
699 3083 796 3135 Dei
853 3095 1052 3145 osores,
1105 3077 1501 3145 contumeliosi,
1535 3079 1688 3144 elati,
1729 3077 1974 3148 gloriosi,

327 3170 952 3234 inrentoresmalorum,
1005 3167 1334 3240 parentibus
1400 3167 1789 3235 inobedientes,
1837 3167 1973 3222 insi-

323 3262 560 3331 pientes.
591 3259 894 3330 f2difragi,
927 3259 1216 3313 charitatis
1237 3259 1438 3328 affectu
1468 3255 1660 3326 alieni,
1683 3258 1982 3313 irreconci-

328 3337 572 3414 liabiles,
607 3349 1088 3404 immisericordes.

393 3439 550 3495 Nihil
583 3439 883 3494 mediocre
914 3436 1077 3502 dicit,
1111 3435 1214 3490 sed
1247 3435 1454 3506 plenos
1485 3435 1569 3490 ait
1601 3437 1764 3490 omni
1825 3435 1980 3506 inju-

327 3532 506 3586 stitia.
535 3530 640 3585 Ubi
675 3529 835 3584 enim
867 3527 1096 3581 aversio
1137 3543 1172 3580 a
1201 3527 1316 3580 Deo
1347 3525 1502 3580 facta
1542 3525 1738 3590 fuerit,
1775 3529 1986 3582 merito

333 3637 402 3675 ex
432 3618 729 3676 contrario
763 3616 965 3672 omnia
995 3615 1153 3670 mala
1184 3615 1542 3670 subintrant.
1571 3615 1793 3670 Deinde
1825 3623 1988 3686 post-

331 3727 508 3782 quam
541 3707 806 3782 generali
845 3705 1097 3760 nomine
1147 3705 1504 3776 injustitiam
1563 3703 1732 3773 dixit,
1775 3721 1984 3762 conse-

337 3809 590 3874 quenter
647 3800 824 3855 etiam
885 3813 955 3852 ea
1002 3812 1132 3866 qua:
1195 3795 1386 3865 ipsius
1440 3801 1578 3850 sunt
1635 3796 1990 3866 specialiora

329 3895 622 3948 recenset.
663 3887 816 3944 218
879 3887 950 3939 Et
1014 3883 1124 3939 hac
1181 3900 1304 3940 una
1358 3885 1618 3956 generali
1678 3887 1987 3956 injustitiaa

328 3977 730 4052 appellatione
767 3980 981 4030 cuncta
1013 3973 1358 4046 complexus
1391 3973 1616 4029 scelera
1668 3991 1798 4046 qua:
1829 3977 1988 4031 inter

333 4085 462 4124 sese
497 4071 702 4120 mutuo
735 4063 1126 4124 admiserunt.
1161 4064 1222 4118 in
1255 4065 1758 4134 consequentibus
1783 4066 1987 4140 singu-

333 4156 501 4212 latim
530 4153 869 4210 dinumerat
919 4155 988 4208 Et
1017 4153 1362 4224 pravitatem
1411 4152 1648 4224 quidem
1681 4153 1826 4210 dicit
1855 4171 1985 4226 quas

335 4245 402 4302 ﬁt
431 4263 498 4300 ex
533 4243 841 4300 molitione
868 4243 1149 4298 adversus
1167 4241 1430 4313 aliquem
1453 4241 1718 4298 adhibito
1751 4243 1983 4300 labore:

334 4337 640 4392 avaritiam
701 4340 897 4389 autem
957 4332 1410 4388 abundantioris
1468 4331 1746 4388 desiderii
1797 4351 1982 4390 nocu-

333 4433 600 4483 mentum
631 4441 644 4478 :
679 4423 968 4479 malitiam
1010 4439 1146 4478 vero
1201 4423 1463 4478 studium
1495 4421 1568 4476 ad
1599 4419 1982 4494 al'ﬂigendum

329 4519 664 4592 proximum
721 4517 864 4571 Item
893 4514 1174 4570 invidiam
1224 4529 1382 4574 eum.
1443 4513 1544 4584 qui
1601 4512 1672 4568 de
1729 4515 1978 4585 proximi

325 4609 500 4664 bonis
533 4607 806 4668 sumitur,
841 4601 1440 4662 cruciatumzcmdem
1477 4618 1712 4673 quoque
1731 4619 1984 4658 commo-
2016 4587 2059 4648 Β

327 4699 548 4754 tionem
571 4696 646 4754 ad
672 4695 1192 4765 interemptionem
1223 4707 1414 4762 usque
1435 4691 1774 4747 tendentem
1800 4709 1812 4746 :
1839 4708 1978 4748 con-

335 4789 658 4842 tentionem
673 4785 818 4839 dicit
845 4780 1296 4853 vituperandam
1331 4780 1718 4852 pervicaciam
1742 4798 1754 4836 ε
1775 4779 1978 4837 dolum

333 4891 467 4930 vero
501 4875 749 4929 insidias
771 4889 838 4927 ac
869 4871 1339 4927 machinationes
1370 4869 1444 4924 ad
1501 4869 1748 4924 fratrum
1783 4871 1975 4942 perdi-

331 4963 583 5021 tionem.
603 4979 810 5034 pravos
825 4977 1016 5016 mores
1038 4959 1977 5032 conversationisjmprobitatem,

331 5053 663 5110 susurrium
695 5055 892 5106 autem
949 5050 1332 5108 tacitam.vel
1393 5049 1500 5106 sub
1559 5049 1736 5106 dente
1795 5049 1978 5122 (quod

330 5143 518 5212 aiunt)
552 5141 611 5196 in
662 5143 986 5212 praesentes
1037 5139 1516 5196 maledicentiam
1553 5155 1565 5193 :
1599 5139 1978 5194 obtrectatio-

331 5247 470 5288 nem
500 5247 633 5285 vero
667 5227 1062 5301 quorumdam
1121 5228 1192 5283 de
1238 5227 1581 5284 absentibus
1623 5229 1976 5295 convicium,

333 5323 645 5393 Θεοστυγεῖς
706 5319 845 5374 item
895 5318 998 5374 Dei
1059 5335 1280 5374 osores.
1341 5319 1644 5390 Siquidem
1699 5335 1818 5374 non
1877 5337 1978 5376 eos

332 5411 475 5467 dicit
516 5409 682 5482 quia
709 5409 826 5464 Deo
857 5407 991 5464 odio
1032 5407 1346 5472 habentur,
1397 5423 1590 5480 neque
1647 5409 1806 5464 enim
1867 5409 1976 5464 hoc

333 5501 446 5574 ipsi
475 5503 534 5556 in
569 5501 766 5556 animo
799 5499 910 5554 fuit
939 5499 1052 5554 isto
1086 5499 1212 5555 loco
1245 5499 1844 5564 commonstrare,sed
1875 5516 1976 5556 eos

334 5594 434 5668 qui
467 5593 648 5650 Deum
683 5591 958 5649 oderunt.
991 5589 1462 5647 Contumeliosos
1519 5595 1806 5662 praterea
1835 5591 1980 5647 dicit

333 5687 678 5745 temerarios
719 5701 786 5743 ac
815 5684 1241 5743 conviciatores
1275 5699 1286 5736 :
1321 5681 1507 5738 elatos
1539 5681 1680 5740 item
1735 5699 1835 5740 eos
1876 5682 1977 5755 qui

2015 1850 2063 1916 B

2097 588 2210 622 ναν.
2247 591 2273 618 ‹‹
2309 567 2802 644 Κατεργαζόμενοι.
2839 589 2866 616 ››
2901 567 3056 638 Ὁρᾷς
3119 562 3202 614 ὅτι
3263 558 3364 612 οὑκ
3421 555 3642 630 ἀγνοίας
3681 553 3747 621 ἦν

2096 656 2163 710 τὰ
2195 657 2363 726 πάθη,
2395 643 2524 710 ἀλλ’
2565 655 2648 709 ὅτι
2705 651 2945 721 σπουδήν
3004 651 3153 706 εἶχον
3189 647 3500 723 ἐργόζεσθαι
3565 643 3697 697 αὑτά
3733 661 3746 710 ;

2096 745 2158 802 Ἥ
2192 745 2317 820 γὰρ,
2369 745 2523 814 κατὰ,
2585 743 2823 800 ἐπίτασίν
2881 763 2998 796 τινα
3031 739 3120 796 καὶ
3182 735 3512 816 φιλονεικίαν
3557 731 3744 802 δηλοῖ.

2095 835 2184 895 Ὦς
2227 833 2280 889 εἷ’
2301 856 2384 895 τις
2417 832 2754 913 φιλονεικείη
2788 833 2936 892 ὅπως
2973 827 3183 902 μᾶλλον
3241 824 3574 900 προσκροὺοι
3607 825 3743 892 Θεῷ.

2099 949 2128 976 (ι
2161 927 2263 982 Καὶ
2295 926 2395 994 τὴν
2423 925 2764 998 ἀντιμισθίαν
2945 920 3052 977 ἔδει
3109 926 3208 988 τῆς
3240 917 3454 985 πλάνης
3485 913 3682 968 αὐτῶν.
3719 935 3746 962 ››

2092 1017 2191 1074 ἸΙν
2252 1025 2528 1091 προσῆκον
2578 1019 2667 1086 ἦν,
2727 1015 2849 1086 ἥτις
2902 1014 3089 1072 αὐτοῖς
3150 1007 3416 1086 ὠφείλετο
3473 1004 3743 1064 τοιούτοις

2097 1105 2239 1171 οὖσι,
2269 1105 2360 1160 τὸν
2395 1103 2748 1184 ὀφειλόμενον
2785 1104 2974 1176 μισθὸν
3027 1107 3095 1175 τῇ
3145 1098 3328 1172 πλάνῃ
3361 1097 3558 1150 αὐτῶν.
3593 1091 3744 1184 illd-

2091 1217 2186 1263 νην
2221 1192 2276 1250 δέ
2307 1217 2437 1273 φησι
2469 1195 2531 1250 τὸ
2589 1201 2960 1270 προσκυνῆσαι
3013 1197 3082 1266 τῇ
3141 1189 3334 1256 κτίσει,
3392 1187 3451 1254 ἣν
3483 1179 3740 1253 ἀπολαμ-

2093 1279 2346 1340 ϐάνουσιν
2377 1284 2427 1340 ἐν
2489 1286 2719 1352 ἑαυτοῖς,
2775 1284 2908 1358 γυνὴ
2969 1282 3074 1336 ἀπὸ
3123 1277 3397 1354 γυναικὸς,
3469 1273 3556 1328 καὶ
3611 1272 3743 1368 ἀνὴρ

2091 1373 2198 1429 ἀπὸ
2231 1370 2418 1449 ἀνδρὸς
2451 1373 2974 1449 ἐνασχημονοῦντες.
3031 1365 3256 1436 Ἐπειδή
3311 1367 3412 1440 γὰρ
3473 1367 3588 1423 τοῖς
3619 1365 3740 1434 περί

2091 1461 2311 1538 γεέννης
2347 1459 2531 1540 λόγοις
2563 1465 2666 1518 οὐκ
2695 1463 2996 1530 ἐπίστευον,
3055 1459 3253 1527 ταύτην
3293 1455 3476 1516 αὑτοῖς
3534 1453 3742 1523 ἀντιμι-

2094 1553 2241 1618 σθίαν
2275 1555 2302 1608 ὁ
2335 1551 2550 1615 Παῦλος
2573 1551 2886 1633 προσφέρει,
2917 1551 2982 1620 ἢν
3017 1551 3107 1605 καὶ
3147 1547 3449 1622 ἠρυθρίων.

2175 1915 2274 1970 Καὶ
2306 1917 2486 1980 καθὼς
2517 1918 2619 1972 οὐκ
2647 1912 2969 1988 ἐδοκίμασαν
2992 1913 3082 1967 τὸν
3135 1912 3266 1967 Θεὸν
3297 1905 3441 1984 ἔχειν
3503 1906 3553 1962 ἐν
3617 1905 3738 1961 ἑπι-

2099 2006 2318 2078 γνώσει,
2339 2003 2648 2077 παρέδωκεν
2681 2003 2882 2066 αὐτοὺς
2911 2005 2938 2058 ὁ
2970 2002 3099 2063 Θεὸς
3157 2000 3234 2062 είς
3291 1997 3555 2070 ἀδόκιμον
3589 1999 3738 2064 νοῦν,

2099 2100 2272 2150 ποιεῖν
2307 2096 2372 2150 τὰ
2407 2096 2483 2169 μή
2509 2097 2833 2165 καθήκοντα.

2169 2185 2328 2258 Ὁρᾷς
2362 2183 2445 2238 ὅτι
2478 2183 2576 2238 οὐκ
2606 2183 2824 2256 ἀγνοίας
2854 2183 2919 2251 ἦν
2953 2183 2987 2250 ἡ
3033 2181 3238 2250 πλάνη,
3271 2177 3397 2232 ἀλλ’
3455 2173 3736 2245 εἷδτξσεως.

2099 2271 2324 2330 Μᾶλλον
2351 2271 2408 2327 δὲ
2437 2272 2526 2327 καὶ
2551 2273 2758 2328 τούτων
2789 2271 2934 2332 τινὰς
2960 2269 3270 2337 αἰνίττεται,
3303 2266 3353 2321 εἷ’
3408 2265 3497 2320 καὶ
3529 2265 3602 2326 ὡς
3651 2261 3742 2318 ἐπὶ

2099 2363 2312 2440 ἑτέρους
2345 2365 2747 2440 ἐσχημάτισται
2807 2364 2835 2418 ὁ
2869 2359 3054 2439 λόγος,
3083 2385 3110 2414 ‹‹
3168 2355 3484 2431 Παρέδωκεν
3509 2356 3584 2418 εἰς
3617 2352 3746 2410 ἀδό-

2096 2477 2259 2528 κιμον
2293 2459 2438 2510 νοῦν.
2477 2479 2505 2507 ››
2538 2459 2617 2528 Τῇ
2648 2455 2749 2530 γαρ
2779 2453 3098 2531 ἀποστροφῆ
3129 2455 3225 2505 τοῦ
3277 2453 3433 2512 Θεοῦ,
3477 2447 3742 2519 εἷσαγεται

2093 2549 2218 2608 νοῦς
2247 2542 2512 2617 ἀδόκιμος
2543 2544 2688 2615 παρὰ
2707 2548 2814 2598 τῶν
2845 2539 3136 2615 δαιμόνων.
3171 2543 3344 2596 Τοῦτο
3375 2533 3737 2612 δὲπαράδοσιν

2093 2631 2210 2698 ἔθος
2235 2632 2420 2690 καλεῖν
2455 2638 2522 2707 τῇ
2555 2640 2592 2689 Γ
2599 2637 2762 2714 ραφῇ.

2161 2813 2642 2888 Πεπληρωμὲνους
2709 2813 2854 2886 πάσῃ
2941 2809 3150 2882 ἀδικίᾳ,
3237 2809 3483 2883 πορνείᾳ,
3569 2829 3746 2877 πονη-

2097 2903 2205 2978 ρίᾳ,
2293 2902 2595 2974 πλεονεξίᾳ,
2675 2903 2858 2973 κακίᾳ·
2947 2901 3175 2976 μεστοὺς
3255 2899 3476 2976 φθόνου,
3557 2897 3744 2974 φόνου,

2088 2990 2288 3068 ἴριδος,
2401 2990 2592 3058 δόλου,
2679 2991 3030 3062 κακοηθείας·
3129 2989 3487 3064 ψιθυριστάς,
3581 3009 3748 3042 κατα-

2091 3082 2315 3148 λάλους,
2448 3087 2756 3156 θεοστυγεῖς
2785 3124 2797 3147 ,
2932 3074 3206 3153 ὑϐριστὰς,
3339 3076 3735 3154 ὑπερηφάνους,

2091 3169 2384 3241 ἀλαζόνας,
2485 3169 2766 3250 ἔρευρετάς
2850 3173 3050 3232 κακῶν,
3179 3171 3422 3243 γονεῦσιν
3487 3168 3744 3233 ἀπειθεῖς,

2094 3259 2404 3326 ἀσυνέτους,
2527 3260 2872 3324 ἀσυνθέτους,
3020 3257 3338 3332 ἀστόργους,
3417 3251 3740 3322 ἀσπόνδους,

2095 3349 2489 3421 ἀνελεήμονας.

2165 3436 2332 3495 Οὐδὲν
2363 3460 2493 3512 φησι
2529 3439 2860 3512 σύμμετρον,
2925 3435 3070 3494 ἀλλὰ
3127 3433 3596 3511 πεπληρωμένους
3651 3431 3750 3488 πά-

2097 3549 2193 3596 σης
2225 3527 2453 3593 ἀδικίας.
2489 3537 2652 3587 ’Όταν
2681 3531 2784 3604 γὰρ
2841 3530 3157 3607 ἀποστροφὴ
3223 3531 3362 3584 Οεοῦ
3391 3529 3634 3602 γενηται,
3669 3525 3746 3580 εί-

2091 3619 2267 3682 κότως
2326 3621 2498 3674 πάντα
2545 3619 2952 3696 ἀντεισὲρχεται
3003 3621 3070 3674 τὰ
3128 3625 3286 3674 κακά.
3325 3617 3458 3674 Εἶτα
3513 3616 3742 3691 γενικῶς

2094 3707 2260 3764 είπὼν
2294 3711 2394 3776 τήν
2436 3706 2670 3776 ἀδικίαν,
2705 3707 2900 3764 λοιπὸν
2929 3709 3020 3764 καὶ
3068 3714 3184 3769 τοῖς
3217 3705 3585 3782 είδικωτέροις
3643 3704 3741 3758 αὑ-

2090 3799 2188 3865 τῆς
2219 3797 2584 3878 ἐπεξέρχεται.
2647 3801 3108 3874 [ΓΕΝΝΛΔῙΟΥ]
3163 3798 3262 3854 Καὶ
3296 3796 3372 3851 ἑνὶ
3425 3795 3600 3866 τούτῳ
3655 3797 3734 3864 τῷ

2091 3889 2188 3955 τῆς
2219 3887 2429 3950 ἀδικίας
2463 3891 2834 3963 προσρήματι,
2889 3892 3046 3960 κοινῇ
3079 3890 3144 3941 τὰ
3190 3885 3265 3950 ε”ς
3299 3883 3580 3954 ἀλλήλους
3637 3881 3736 3936 αὑ-

2089 3983 2196 4034 τῶν
2255 3981 2430 4036 πάντα
2489 3974 2800 4049 περιλαϐὼν
2881 3981 3273 4054 ἁμαρτήματα,
3329 3977 3378 4032 ἐν
3435 3981 3552 4036 τοῖς
3611 3973 3734 4044 ἑξῆς

2091 4069 2476 4140 ἀπαριθμεῖται
2528 4070 2646 4124 καθ’
2697 4067 2940 4126 ἕκαστον.
3001 4068 3107 4126 Καὶ
3163 4065 3428 4141 πονηρίαν
3492 4065 3584 4139 μὲν
3645 4061 3738 4118 λέ-

2087 4177 2190 4233 γει,
2227 4159 2316 4214 τὸν
2347 4157 2406 4212 ἐκ
2463 4165 2794 4226 κατασκευῆς
2831 4156 2907 4220 εἷς
2937 4179 3059 4213 τινα
3119 4158 3263 4230 ποιρά
3303 4176 3398 4209 του
3427 4155 3593 4210 πόνον
3648 4174 3736 4228 γι·-

2087 4247 2338 4320 νόμενον.
2405 4245 2726 4318 ΙΙλεονεξίαν
2779 4244 2856 4315 δὲ,
2913 4249 3012 4316 τήν
3099 4247 3232 4320 ὑπὲρ
3292 4251 3391 4314 τῆς
3449 4242 3736 4314 ἐπιθυμίας

2085 4339 2187 4392 τοῦ
2223 4336 2474 4396 πλείονος
2509 4331 2748 4412 βλάϐην.
2785 4335 2987 4392 Κακίαν
3049 4333 3126 4404 δὲ,
3183 4336 3281 4402 τήν
3341 4337 3437 4388 τοῦ
3493 4335 3737 4387 κακῶσαι

2085 4425 2176 4480 τὸν
2210 4423 2378 4488 πέλας
2435 4423 2697 4496 σπουδήν.
2761 4425 2969 4488 Φθόνον
3030 4423 3108 4493 δὲ,
3167 4425 3262 4494 τήν
3336 4421 3416 4476 ἐπὶ
3473 4427 3588 4482 τοῖς
3643 4425 3737 4476 τοῦ

2089 4514 2324 4585 πλησίον
2377 4521 2572 4580 καλοῖς
2631 4515 2940 4592 βασκανίαν·
3003 4514 3164 4593 φόνον
3227 4511 3304 4582 δὲ,
3371 4513 3470 4580 τὴν
3539 4513 3737 4584 μέχρις

2089 4603 2412 4678 ἀναιρέσεως
2449 4604 2685 4673 κίνησιν.
2745 4606 2894 4678 Ἔριν
2949 4600 3026 4672 δὲ,
3055 4605 3156 4673 τήν
3187 4601 3449 4675 ἐπίψογον
3501 4597 3736 4676 φιλονει-

2087 4693 2224 4750 κίαν.
2259 4693 2429 4750 Δόλον
2461 4693 2540 4763 δὲ,
2569 4695 2664 4755 τὰς
2693 4691 2782 4750 ἐπὶ
2833 4691 2983 4767 λύμῃ
3041 4696 3148 4747 τῶν
3197 4688 3445 4764 ἀδελφῶν
3505 4683 3732 4745 ἐπιϐουο

2089 4785 2188 4846 λάς
2219 4805 2276 4840 τε
2309 4785 2400 4839 καὶ
2455 4787 2728 4859 μηχανάς·
2789 4785 3113 4854 κακοήθειαν
3171 4779 3250 4850 δὲ,
3309 4783 3408 4849 τὴν
3467 4798 3734 4854 κακοτρο-

2087 4873 2229 4928 πίαν·
2265 4875 2595 4950 ψιθυρισμὸν
2651 4871 2726 4940 δὲ,
2785 4873 2884 4940 τὴν
2939 4873 3028 4929 ὑπ’
3061 4869 3253 4926 ὀδόντα
3283 4875 3389 4926 τῶν
3451 4871 3730 4944 παρόντων

2087 4961 2432 5039 κακολογίαν·
2464 4961 2804 5020 καταλαλιάν
2843 4959 2920 5034 δὲ,
2953 4963 3051 5030 τὴν
3107 4960 3181 5022 είς
3214 4960 3447 5020 ἀπόντας
3499 4959 3601 5013 ὑπό
3649 4979 3735 5013 τις·

2085 5074 2188 5107 νων
2227 5051 2603 5129 βλασφημίαν.
2633 5058 2948 5127 Θεοστυγεῖς
3009 5049 3083 5119 δὲ,
3141 5051 3210 5105 οὗ
3259 5051 3386 5111 τοὺς
3437 5049 3541 5104 ὑπὸ
3601 5051 3736 5103 Θεοῦ

2092 5142 2454 5214 μισουμὲνους
2503 5142 2585 5218 (οὑ
2641 5143 2747 5217 γὰρ
2804 5141 2951 5214 αὑτῷ
3007 5144 3167 5195 τοῦτο
3226 5136 3390 5210 δεῖξαι
3449 5139 3734 5210 πρόκειται

2087 5235 2220 5301 νῦν),
2253 5229 2400 5286 ἀλλᾶ
2423 5233 2549 5294 τοὺς
2607 5235 2893 5304 μισοῦντας
2941 5229 3091 5287 Θεόν·
3161 5223 3415 5302 ὑϐριστὰς
3467 5224 3544 5296 δὲ,
3605 5225 3731 5287 τοὺς

2089 5322 2300 5396 θρασεῖς
2333 5321 2421 5376 καὶ
2455 5319 2765 5398 λοιδόρους·
2813 5319 3189 5396 ὑπερηφάνους
3277 5315 3355 5387 δὲ,
3413 5315 3541 5378 τοὺς
3599 5314 3732 5370 κατά

2085 5414 2192 5464 τῶν
2225 5409 2318 5464 οὑκ
2351 5409 2592 5485 ἐχόντων
2622 5409 2703 5488 ἐφ’
2761 5412 2849 5471 οἷς
2907 5405 3094 5483 ἔχουσι
3127 5408 3503 5488 φυσωμένους·
3535 5404 3734 5471 ἀλαζό·

2087 5521 2178 5563 νας
2211 5497 2288 5566 δὲ,
2315 5501 2444 5562 τοὺς
2477 5499 2560 5574 ἐφ’
2591 5503 2676 5562 οἷς
2717 5498 2814 5556 οὑκ
2845 5498 3062 5554 Hauon:
3116 5499 3427 5572 αὐχοῦντας
3469 5497 3542 5556 ὡς
3575 5491 3737 5568 ἔχον-

2086 5611 2200 5654 τας·
2231 5589 2514 5669 ἐφευρετὰς
2559 5595 2758 5660 κακῶν,
2817 5591 2944 5652 τοὺς
3001 5588 3089 5643 ἐπὶ
3143 5594 3262 5650 τοῖς
3325 5585 3582 5646 παλαιοῖς
3640 5605 3740 5638 κα-

2085 5685 2229 5750 κοῖς,
2257 5679 2414 5756 ἕτερα
2441 5685 2898 5756 καινοτομοῦντας
2923 5677 3082 5736 κακά.
3119 5681 3336 5734 Γονεῦσι
3367 5673 3422 5732 δὲ
3469 5675 3735 5746 ἀπειθεῖς,
