4176 6200
317 371 438 434 349

1403 369 1812 434 ΟΟΜΜΕΝΤ.
1858 372 1937 433 ΙΝ
1982 374 2236 437 EPIST.
2283 378 2387 437 AD
2436 378 2621 440 80M.

3624 381 3744 443 350

319 504 451 566 τοὺς
478 502 568 559 καὶ
606 505 775 583 μέχρι
806 508 913 561 τῶν
940 504 1139 581 γονὲων
1159 504 1504 581 ἀγνώμονας.
1543 504 1863 567 Ἀσυνὲτους
1894 500 1972 575 δὲ,

2086 506 2149 564 in
2179 508 2274 565 his
2304 526 2436 582 quas
2464 510 2691 570 habent
2747 514 3074 570 efferuntur
3132 512 3412 569 adversus
3440 511 3577 570 illos
3637 514 3738 586 qui
3792 572 3813 578 _

323 594 454 655 τοὺς
482 590 994 665 ἀσυνειδήτους,ὤν
1047 592 1206 650 οὐδάν
1260 595 1670 674 ἀφρονέστερον.
1732 596 1979 657 Ἀσυνθε·

326 704 457 747 τους
485 680 560 751 δὲ,
593 684 720 746 τοὺς
778 689 895 745 ταῖς
951 686 1240 755 συνθήκαις
1301 686 1377 758 μή
1434 684 1790 758 ἰμμὲνοντας,
1820 683 1881 745 ἃς
1913 684 1973 740 ἃν

321 774 463 847 πρός
492 793 642 834 τινας
673 772 995 839 σύνθωνται,
1023 774 1323 850 ἀστόργους
1354 770 1433 843 δὲ,
1465 773 1591 834 τοὺς
1620 773 1850 842 ἀπηνεῖς
1881 774 1973 828 καὶ

320 862 578 944 ἀφίλους
611 861 909 926 ἀσπόνδους
942 861 1017 921 δὲ.
1050 865 1182 927 τοὺς
1225 862 1628 926 ἀδιαλλάκτους
1683 864 1775 920 καὶ
1837 886 1973 939 μνη-

324 955 603 1015 σικάκους’
635 952 1007 1028 ἀνελεήμονας
1049 953 1124 1019 δὲ,
1164 956 1293 1017 τοὺς
1348 955 1613 1027 ἀκαμπεῖς
1670 954 1761 1011 καὶ
1821 955 1973 1010 ἀνεν-

320 1036 514 1104 δότους
546 1043 682 1118 πρὸς
712 1037 883 1099 ἔλεον.
919 1067 947 1094 ‹‹
976 1042 1296 1114 Ἀλαζόνας.
1324 1065 1350 1097 ε
1386 1043 1450 1102 Εἰ
1479 1043 1586 1122 γάρ
1615 1045 1644 1099 6
1673 1046 1974 1118 κατορθῶν,

316 1135 388 1205 τῇ
413 1130 702 1203 ἀλαζονείᾳ
734 1133 1084 1211 χρήσάμενος
1131 1132 1356 1189 ἱκένωσε
1410 1134 1476 1189 τὰ
1528 1134 1973 1205 κατορθωθέντα,

326 1221 488 1285 ποίας
543 1221 603 1277 ἃν
665 1221 749 1293 εἴη
817 1223 1089 1297 τιμωρίας
1142 1224 1170 1277 6
1217 1220 1270 1278 ἐν
1319 1222 1586 1298 ἁμαρτίας
1647 1221 1976 1293 ἀλαζονευό-

323 1330 483 1384 μενος
520 1329 533 1378 ;
567 1333 595 1361 ››
624 1313 946 1389 Ἐφευρετάς
973 1317 1176 1368 κακῶν.
1213 1336 1241 1363 ››
1272 1314 1440 1384 Ὅπερ
1486 1310 1839 1384 μελετώντων
1884 1313 1975 1367 καὶ

311 1396 732 1469 σπουδαζόντων
794 1398 953 1471 ἴδιον,
1032 1400 1095 1457 οὐ
1175 1402 1282 1475 μὴν
1326 1402 1659 1478 ἀγνοότων.ο
1724 1426 1752 1454 ι(
1787 1402 1973 1459 Ἀσυν-

311 1486 526 1556 θὲτους,
558 1487 955 1563 ἀνελεήμονας.
989 1514 1020 1544 ››
1052 1489 1570 1569 Ἀποσχοινίζοντας
1592 1491 1700 1548 ἀπὸ
1731 1492 1973 1562 πάντων,

318 1578 592 1647 τουτέστι,
628 1578 826 1641 πάντας
859 1580 1146 1653 μισοῦντας
1174 1581 1264 1635 καὶ
1296 1578 1830 1657 ἀποστρεφομένους.

2090 615 2209 653 non
2241 600 2462 656 habent
2492 619 2505 657 :
2539 602 2828 674 gloriosos
2859 620 2993 658 vero
3055 604 3156 675 qui
3207 604 3279 658 de
3306 604 3397 658 his
3430 621 3560 674 quae
3618 621 3740 660 non

2088 688 2310 746 habent
2338 692 2672 764 gloriantur
2704 711 2771 750 ac
2804 695 2852 749 si
2885 712 2954 750 ea
2990 695 3388 767 possiderent.
3448 696 3741 751 Praeterea

2085 779 2425 836 inventores
2460 783 2753 838 malorum
2786 800 2885 839 eos
2927 785 3026 855 qui
3086 790 3303 855 pPiPteI‘
3332 790 3530 840 vetera
3558 785 3738 853 mala,

2085 869 2202 924 alia
2232 870 2479 942 insuper
2513 872 2667 927 mala
2724 872 3059 944 designant.
3114 874 3200 928 Ad
3235 874 3359 929 haec
3392 873 3738 944 parentibus

2084 958 2498 1016 inobedientes
2531 962 2631 1033 qui
2664 979 2733 1017 eo
2765 980 2955 1033 usque
2990 963 3280 1017 malorum
3307 962 3735 1034 pervenissent,

2086 1054 2150 1103 ut
2181 1049 2360 1104 etiam
2385 1067 2523 1123 erga
2555 1057 2831 1122 parentes
2859 1052 3069 1123 perfidi
3104 1058 3321 1107 essent.
3382 1052 3736 1123 Insipientes

2086 1144 2285 1193 autem
2334 1139 2740 1212 intelligentiaa
2801 1147 3105 1212 expertes,
3165 1140 3381 1211 quibus
3444 1141 3597 1195 nihil
3652 1145 3742 1195 est

2087 1227 2347 1283 stultius.
2382 1230 2740 1302 Faedifragos
2771 1247 2905 1286 vero
2964 1231 3063 1301 qui
3098 1231 3286 1301 pactis
3316 1247 3435 1285 non
3496 1234 3740 1284 manent

2087 1335 2217 1389 quas
2252 1336 2385 1374 cum
2416 1322 2726 1376 nonnullis
2759 1322 3106 1393 pepigerint.
3153 1321 3467 1376 Charitatis
3519 1321 3736 1376 affectu

2086 1406 2315 1463 alienos
2347 1415 2518 1464 vocat
2566 1426 2749 1465 saavos
2791 1410 2891 1480 qui
2952 1410 3153 1464 nullos
3206 1410 3429 1465 habent
3484 1408 3559 1464 ad
3590 1425 3740 1479 quos

2086 1495 2426 1553 afficiantur
2446 1500 2690 1555 amicos.
2716 1499 3251 1554 Irrecouciliabiles
3270 1500 3369 1569 qui
3392 1499 3610 1554 mutari
3634 1514 3744 1553 ne-

2087 1592 2317 1657 queunt
2344 1594 2403 1642 et
2433 1588 2725 1644 malorum
2757 1606 2825 1644 ac
2855 1590 3211 1659 injuriarum
3245 1604 3480 1659 semper
3520 1584 3744 1643 memi-

317 1679 560 1729 nerunt.
595 1674 842 1729 Demum
870 1671 1373 1728 immisericordes
1402 1672 1546 1727 dicit
1574 1672 1953 1739 inﬂexibiles,
2010 1674 2311 1747 durosque
2370 1677 2445 1731 ad
2505 1679 2995 1734 misericordiam.
3058 1701 3085 1727 «
3118 1677 3388 1732 Gloriosi.
3424 1700 3451 1726 ››
3501 1681 3645 1735 Nam
3675 1682 3724 1737 si

322 1763 502 1818 etiam
528 1763 578 1818 is
608 1762 709 1834 qui
741 1767 900 1818 recte
930 1761 1069 1834 agit,
1102 1777 1208 1832 per
1237 1762 1634 1834 arrogantiam
1667 1778 1796 1817 sese
1825 1763 2109 1834 jactando
2140 1764 2215 1821 ad
2246 1766 2502 1821 nihilum
2534 1767 2747 1840 redigit
2774 1784 2843 1823 ea
2873 1785 3004 1838 quas
3034 1784 3069 1822 a
3095 1783 3157 1821 se
3188 1773 3345 1822 recte
3376 1775 3504 1823 acia
3532 1776 3720 1840 erant,

326 1868 589 1924 quonam
618 1851 910 1925 supplicio
943 1850 1156 1923 dignus
1178 1850 1310 1917 erit,
1341 1850 1444 1923 qui
1474 1852 1536 1906 in
1563 1852 1821 1923 peccatis
1852 1852 2136 1926 gloriatur
2170 1855 2197 1910 ?
2225 1877 2253 1905 ‹‹
2287 1858 2628 1912 lnventores
2684 1856 2997 1912 malorum.
3026 1879 3051 1905 »ι
3121 1855 3285 1920 Quod
3344 1873 3547 1912 eorum
3607 1876 3741 1930 pro-

317 1941 519 2014 prium
554 1947 644 1996 est
672 1940 772 2012 qui
804 1957 948 1996 cura
977 1956 1045 1995 ac
1076 1939 1274 1995 studio
1305 1946 1575 2007 utuntur,
1603 1957 1724 1996 non
1756 1957 1961 1998 eorum
1992 1944 2094 2015 qui
2124 1945 2418 2017 ignorant.
2453 1970 2480 1996 ι(
2514 1946 2830 2002 Charitatis
2882 1946 3097 2000 aﬂ‘ectu
3129 1943 3376 2001 alienos.
3411 1966 3439 1994 ››
3491 1947 3610 2002 Hoc
3640 1953 3732 2004 est

313 2028 391 2085 ab
421 2029 698 2085 omnibus
725 2027 1115 2093 dissidentes,
1149 2044 1356 2084 omnes
1385 2028 1518 2083 odio
1556 2035 1981 2101 prosequentes
2012 2037 2069 2087 et
2098 2039 2456 2089 aversantes.

383 2114 592 2179 Οῗτινες
650 2116 712 2172 τὸ
795 2112 1073 2187 δικαίωμα
1150 2120 1248 2170 τοῦ
1304 2119 1438 2172 Θεοῦ
1496 2114 1804 2190 ἐπιγνόντες
1861 2116 2048 2188 (ὅτιΒ

309 2206 366 2262 οἱ
420 2206 489 2261 τά
542 2207 768 2262 τοιαῦτά
846 2206 1180 2278 πράσσοντες
1238 2204 1388 2275 ’ἄξιοι
1473 2205 1704 2260 θανάτου
1784 2205 1967 2280 εἰσὶν),

317 2300 383 2355 οὗ
417 2297 577 2371 μόνον
628 2296 761 2353 αὐτὰ
792 2301 1061 2365 ποιοῦσιν,
1095 2292 1241 2352 ἀλλά
1286 2294 1381 2350 καὶ
1443 2292 1826 2351 συνευδοκοῦσι
1858 2301 1974 2357 τοῖς

319 2408 644 2463 πρασσουσι.

391 2475 562 2534 Πάλιν
620 2473 879 2532 δείκνυσιν
924 2475 1120 2537 αὐτοσς
1178 2472 1232 2529 ἐν
1281 2472 1475 2548 γνώόει
1536 2475 1971 2549 ἁμαρτάνοντας,

323 2567 611 2641 Δικαίωμα
668 2562 725 2621 δὲ
777 2566 873 2627 τὰς
929 2562 1154 2626 ἐντολὰς
1208 2560 1377 2638 λέγει.
1436 2563 1497 2620 Ὀ
1567 2563 1667 2636 γὰρ
1727 2564 1896 2635 νόμος
1945 2565 1974 2620 ὁ

321 2661 624 2719 Μωσαϊκος
651 2659 857 2733 τρανῶς
887 2653 979 2709 καὶ
1010 2653 1316 2727 ἀποτόμοις
1364 2650 1756 2721 διακελεύεται,
1791 2654 1973 2725 ἀξίους

326 2748 558 2813 θανάτου
586 2746 786 2821 κρίνων
814 2743 940 2806 τοὺς
996 2744 1064 2799 τὰ
1109 2748 1333 2799 τοιαῦτα
1383 2744 1738 2818 πράττοντας.
1796 2747 1972 2803 Τοῦτο

323 2837 428 2914 γάρ
457 2835 574 2894 ἐστι
610 2836 673 2893 τὸ
704 2832 980 2908 δικαίωμα
1036 2833 1126 2889 καὶ
1183 2834 1217 2902 ἡ
1278 2831 1469 2903 ἐντολή
1509 2838 1607 2890 τοῦ
1651 2838 1807 2892 Θεοῦ.
1868 2833 1971 2890 Δύο

322 2926 538 2998 τίθησιν
593 2925 949 3000 ἐγκλήματα,
1002 2924 1066 2979 τὸ
1123 2930 1299 2979 ποιεῖν
1350 2946 1408 2981 τε
1465 2926 1553 2980 καὶ
1609 2924 1973 3002 συμπράττειν

321 3022 443 3079 τοῖς
474 3020 716 3084 ποιοῦσι,
746 3015 837 3070 καὶ
892 3014 969 3077 εἰς
999 3015 1062 3070 τὸ
1090 3014 1255 3071 κακὸν
1309 3012 1643 3089 παρακαλεῖν
1694 3016 1786 3071 τὸν
1814 3013 1971 3086 πλη-

328 3104 466 3163 σίον,
499 3104 864 3179 [ΙΣΙΔΩΡΟΥ.
898 3105 915 3179 ]
949 3104 1105 3165 Τινὲς
1148 3100 1205 3159 δὲ
1252 3105 1327 3176 μὴ
1384 3105 1674 3173 νοήσαντες
1724 3104 1787 3160 τὸ
1818 3104 1973 3180 εἴρη-

329 3196 514 3271 μξνον,
546 3192 692 3249 ἀλλά
725 3192 1174 3269 διαπορήσαντες,
1205 3195 1291 3248 καὶ
1344 3196 1821 3268 παραπεποιῆσθαι
1875 3194 1973 3257 τὰς

319 3282 690 3346 ἀποστολικὰς
723 3281 895 3356 λέξεις
942 3283 1288 3355 νομίσαντες,
1339 3282 1515 3345 οὓτως
1548 3283 1715 3346 αὐτὰς
1772 3286 1971 3358 ἡρμή-

321 3390 531 3429 νευσαν·
575 3373 655 3429 Οὐ
708 3373 871 3445 μόνον
916 3372 969 3427 οἱ
1023 3375 1306 3433 ποιοῦντες
1364 3370 1521 3440 αὐτά,
1571 3370 1719 3427 ἀλλὰ
1771 3372 1860 3428 καὶ
1918 3373 1969 3428 οἱ

2148 2124 2193 2187 Ι,
2226 2124 2312 2178 32.
2344 2147 2371 2173 «
2406 2124 2515 2189 Qui
2568 2125 2804 2197 cognita
2858 2124 2962 2178 Dei
3006 2123 3261 2194 justitia,
3312 2122 3472 2193 quod
3505 2124 3605 2193 qui
3640 2130 3738 2179 ta-

2088 2234 2114 2261 ‹‹
2152 2212 2233 2268 lia
2262 2220 2445 2285 agunt
2468 2214 2629 2286 digni
2663 2220 2802 2269 sunt
2849 2220 3058 2279 morte,
3093 2229 3212 2268 non
3272 2212 3464 2267 solum
3522 2230 3592 2268 ea
3639 2213 3734 2269 fa-

2094 2321 2115 2348 ι
2148 2303 2335 2365 ciunt.
2366 2320 2572 2359 verum
2631 2304 2808 2359 etiam
2865 2304 3277 2359 assentiuntur
3333 2303 3732 2374 perpetranti-

2090 2413 2116 2439 α
2146 2390 2277 2448 bus.
2315 2416 2342 2442 ››

2159 2481 2248 2536 2|
2263 2482 2310 2536 9
2326 2484 2580 2539 Rursum
2595 2483 2855 2538 ostendit
2870 2499 2971 2538 eos
2988 2483 3322 2555 cognitione
3338 2498 3582 2553 peccare
3610 2484 3736 2553 :ju-

2088 2570 2159 2625 sti
2170 2570 2309 2627 tiam
2327 2578 2525 2628 autem
2539 2579 2704 2627 vocat
2720 2573 2820 2627 Dei
2836 2580 3133 2645 prmoepta
3158 2590 3169 2627 :
3192 2573 3283 2627 lex
3302 2572 3460 2627 enim
3488 2573 3741 2629 Mosaica

2086 2662 2397 2733 perspicue
2428 2678 2495 2717 ac
2522 2662 2667 2717 dure
2691 2662 2763 2717 de
2803 2663 2897 2717 his
2944 2663 3246 2721 admonet.
3280 2661 3490 2732 dignos
3547 2668 3737 2719 morte

2077 2748 2358 2819 judicans
2384 2750 2485 2820 qui
2520 2749 2661 2804 talia
2692 2755 3056 2821 perpetrant.
3091 2750 3153 2804 1d
3185 2750 3346 2805 enim
3379 2756 3467 2804 est
3496 2750 3735 2819 justitia

2085 2837 2307 2909 Deique
2339 2845 2718 2909 praaceptum.
2755 2838 2879 2892 Duo
2912 2840 3077 2909 ponit
3107 2839 3378 2904 crimina,
3434 2843 3492 2892 et
3538 2838 3733 2893 facere

2084 2931 2143 2980 et
2172 2928 2474 2997 cooperari
2503 2926 2881 2993 facientibus,
2908 2943 2976 2981 ac
3007 2928 3343 2998 proximum
3385 2926 3457 2980 ad
3506 2926 3732 2982 malum

2085 3014 2405 3070 adhortari.
2438 3016 2687 3081 Quidam
2718 3020 2915 3071 autem
2947 3016 3006 3069 id
3031 3015 3189 3084 quod
3221 3014 3443 3069 dictum
3492 3020 3580 3070 est
3611 3031 3732 3069 non

2083 3102 2361 3170 assecuti,
2385 3109 2445 3158 et
2475 3104 2737 3174 Apostoli
2768 3104 2946 3159 verba
2968 3103 3339 3173 suspicantes
3365 3103 3545 3159 fuisse
3568 3102 3733 3158 adul-

2084 3197 2293 3258 terata,
2326 3193 2437 3247 hoc
2467 3192 2641 3247 modo
2674 3192 2777 3247 illa
2820 3193 3323 3264 interpretantur:
3356 3193 3477 3247 Non
3539 3192 3732 3247 solum

2085 3282 2186 3354 qui
2215 3281 2439 3337 faciunt
2460 3298 2547 3341 ea,
2563 3298 2764 3336 verum
2787 3282 2964 3338 etiam
2984 3282 3082 3352 qui
3103 3282 3509 3336 assentiuntur
3528 3298 3734 3353 perpe-

2084 3371 2379 3427 trautibus
2401 3388 2413 3426 :
2438 3388 2573 3425 nam
2590 3372 2673 3426 ita
2687 3371 2965 3427 habuisse
2991 3370 3199 3427 dicunt
3217 3377 3381 3426 vetus
3398 3370 3729 3443 exemplar:

323 3459 771 3523 συνευδοκοῦοοες
821 3465 937 3522 τοῖς
994 3460 1345 3534 πράττουσιν.
1409 3460 1598 3522 Οὸτῶς
1652 3461 1755 3534 γάρ
1822 3458 1967 3539 ἔχειν

2086 3467 2150 3516 ut
2172 3462 2363 3531 majus
2377 3460 2453 3516 sit
2472 3461 2687 3528 facere,
2709 3462 2905 3517 minus
2922 3478 3055 3517 vero
3080 3461 3378 3516 assentiri.
3398 3463 3511 3534 Ego
3532 3466 3731 3516 autem

323 3549 526 3631 ἔφασαν
594 3552 659 3607 τὸ
744 3548 942 3606 παλιὸν
1019 3550 1374 3628 ἀντίγραφος,
1456 3549 1548 3604 ἳνα
1617 3554 1798 3621 μεῖζον
1839 3549 1973 3624 ᾔτὸ

325 3646 527 3706 ποιεῖν,
568 3641 659 3695 καὶ
714 3638 937 3696 ἔλαττον
997 3639 1061 3695 τὸ
1128 3636 1481 3694 συνευδοκεῖν.
1542 3638 1686 3715 Ἐγὼ
1743 3634 1801 3693 δὶ
1857 3635 1984 3693 οὔτε

326 3731 682 3805 ἡμαρτῆσθαι
727 3728 778 3784 ἐν
822 3728 1002 3801 τούτῳ
1031 3729 1211 3807 φήσας
1267 3725 1335 3782 τά
1371 3724 1709 3783 ἀποστολικά
1763 3720 1979 3801 βιϐλία,

329 3816 458 3876 οὕτε
487 3815 851 3893 καταδραμεῖν
878 3822 986 3873 τῶν
1050 3819 1125 3889 μή
1184 3817 1522 3885 νενοηκότων
1579 3817 1804 3893 φράσας,
1860 3820 1979 3879 τοῖς

320 3908 725 3981 ἰντευεαμενοις
751 3905 1029 3981 ἐπιτρέψω
1058 3908 1158 3976 τήν
1207 3910 1412 3981 ψῆφον.
1469 3906 1629 3979 Φημὶ
1684 3906 1862 3962 τοίνυν
1895 3906 1980 3962 ὅτι

317 3995 513 4066 ἐπειδὴ
560 4000 657 4052 τοῦ
713 3993 1071 4070 πλημμελεῖν
1123 3995 1186 4052 τὸ
1238 3993 1476 4050 ἐπαινεῖν
1536 3994 1662 4057 τοὺς
1720 3992 1981 4070 πλημμε-

317 4086 549 4148 λοῦντας
605 4083 808 4157 πολλῷ
865 4084 1282 4159 ἀργαλεώτερόν
1358 4083 1468 4139 ἐστι
1526 4085 1618 4139 καὶ
1665 4089 1848 4156 μεῖζον
1900 4084 1979 4149 εἷς

315 4175 596 4239 κολάσεως
652 4176 844 4252 λόγον,
919 4173 1144 4237 εἰκότως
1198 4170 1423 4249 ε”ρεται,
1476 4173 1556 4231 Οὐ
1621 4174 1781 4246 μόνον
1841 4172 1977 4230 αὐτά

316 4269 595 4335 ποιοῦσιν,
654 4262 806 4321 ἀλλᾶ
860 4263 954 4318 καὶ
1011 4258 1391 4317 συνευδοκοῦσι
1457 4267 1572 4322 τοῖς
1621 4260 1973 4336 πράσσουσιν.

316 4358 383 4416 Ὀ
416 4357 512 4429 μὶν
535 4357 636 4431 γὰρ
672 4355 807 4429 μετά
832 4358 934 4409 τοῦ
988 4350 1347 4426 πλημμελεῖν
1395 4352 1814 4426 καταγινώσκων
1872 4360 1972 4421 τῆς

315 4444 585 4521 ἁμαρτίας
644 4442 932 4515 δυνήσεται
988 4437 1174 4516 χρόνω
1229 4442 1362 4497 ποτὶ
1430 4441 1614 4497 ἑαυτὸν
1669 4441 1971 4512 ἀνακτήσα-

314 4537 463 4606 σθαι,
525 4533 786 4608 μεγίστην
843 4533 1104 4607 βοήθειαν
1161 4526 1305 4609 ἔχων
1367 4530 1443 4588 εἰς
1498 4530 1561 4585 τὸ
1625 4533 1969 4604 μετανοῆσαι,

311 4625 413 4693 τὴν
475 4623 808 4697 κατάγνωσιν
863 4627 966 4690 τῆς
1000 4621 1289 4695 ἁμαρτίας.
1347 4620 1409 4676 Ὁ
1471 4616 1528 4675 δὲ
1586 4617 1820 4674 ἐπαινῶν
1873 4620 1972 4686 τὴν

312 4712 603 4784 πονηρίαν,
652 4716 753 4778 τῆς
814 4708 876 4765 ἑκ
926 4713 1023 4765 τοῦ
1084 4716 1417 4782 μετανοῆσαι
1474 4708 1731 4783 βοηθείας
1779 4708 1970 4764 ἑαυτὸν

312 4801 623 4875 ἀποστερεῖ.
657 4798 809 4857 Ἐπεὶ
869 4798 1049 4855 τοίνυν
1112 4795 1512 4876 διεφθαρμενης
1571 4796 1683 4854 ἐστὶ
1714 4798 1966 4876 γνώμης,

2085 3567 2280 3620 neque
2304 3551 2365 3606 in
2392 3551 2502 3606 hoc
2523 3551 2873 3623 depravatos
2904 3552 3083 3607 fuisse
3106 3551 3465 3623 apostolicos
3496 3551 3729 3606 codices

2085 3656 2381 3699 asserens.
2409 3656 2605 3712 neque
2637 3658 2771 3696 cum
2830 3641 2923 3696 his
2972 3642 3073 3711 qui
3127 3658 3248 3695 non
3306 3639 3732 3696 intellexerunt

2084 3729 2447 3785 contendere
2483 3729 2707 3794 volens,
2738 3730 3061 3785 lectoribus
3091 3730 3285 3784 isthuc
3332 3727 3726 3798 judicandum

2082 3818 2445 3892 permittam.
2478 3819 2619 3874 Dico
2652 3834 2788 3891 ergo
2821 3818 2979 3888 quod
3009 3834 3143 3872 cum
3174 3831 3273 3870 eos
3328 3814 3429 3884 qui
3480 3818 3729 3884 peccant

2082 3907 2423 3964 collaudare
2454 3907 2628 3981 longe
2654 3906 2963 3978 operosius
2985 3906 3080 3971 sit,
3105 3920 3172 3959 ac
3230 3902 3424 3973 majus
3466 3901 3540 3957 ad
3589 3920 3729 3974 sup-

2082 3996 2242 4068 plicii
2274 3997 2567 4052 rationem
2598 4000 2966 4051 momentum
3008 3993 3221 4048 habeat
3250 4008 3427 4063 quam
3460 4008 3725 4063 peccare,

2081 4085 2293 4141 merito
2324 4086 2481 4141 dicto
2514 4090 2641 4141 est:
2702 4086 2829 4140 Non
2874 4082 3065 4138 solum
3108 4097 3177 4137 ea
3230 4082 3474 4146 faciunt,
3522 4098 3725 4138 verum

2082 4176 2258 4230 etiam
2291 4174 2628 4230 assentiunt
2654 4171 3152 4244 perpetrantibus.
3187 4174 3328 4227 Nam
3370 4171 3419 4226 is
3451 4172 3550 4242 qui
3584 4171 3726 4227 dum

2080 4268 2331 4335 peccat,
2392 4262 2570 4318 simul
2626 4262 2806 4318 etiam
2864 4266 3172 4333 peccatum
3233 4261 3620 4327 condemnat,
3676 4262 3727 4315 is

2080 4351 2438 4423 quandoque
2463 4352 2745 4423 temporis
2768 4366 3046 4405 successu
3078 4350 3341 4420 seipsum
3371 4365 3727 4420 recuperare

2079 4442 2317 4515 poterit.
2349 4458 2484 4498 cum
2517 4441 2843 4496 maximum
2873 4438 3090 4494 habeat
3118 4437 3191 4494 ad
3249 4438 3724 4510 resipiscentiam

2078 4532 2385 4593 auxilium.
2446 4531 2672 4603 peccati
2730 4529 3005 4585 videlicet
3045 4528 3609 4585 condemnationem
3668 4536 3728 4586 et

2077 4622 2303 4679 odium.
2344 4622 2452 4689 Qui
2484 4637 2619 4676 vero
2651 4620 3000 4693 pravitatem
3061 4617 3379 4685 collaudat,
3412 4619 3462 4672 is
3492 4634 3621 4673 sese
3652 4618 3728 4674 ad

2078 4710 2551 4784 resipiscendum
2584 4709 2804 4766 auxilio
2835 4708 3044 4780 privat.
3079 4708 3223 4762 Cum
3254 4723 3390 4780 ergo
3427 4706 3725 4778 judicium

2079 4801 2189 4856 hoc
2220 4806 2511 4873 corruptae
2569 4799 2785 4855 mentis
2816 4798 2894 4853 sit
2922 4797 3258 4867 animaeque
3318 4796 3727 4852 immedicabi-

308 4892 400 4947 καὶ
433 4859 619 4967 ψυγαῆς
651 4887 839 4947 ἀνίατα
884 4888 1153 4960 νοσούσης
1203 4859 1340 4957 αὕτη
1393 4890 1428 4957 ἡ
1488 4890 1690 4966 ψῆφος,
1726 4859 1965 4952 ἐἰκότως

2086 4889 2215 4945 liter
2244 4890 2602 4962 aegrotantis.
2637 4905 2758 4944 non
2789 4887 3086 4943 immerito
3119 4886 3220 4957 qui
3250 4892 3558 4958 peccatum
3602 4888 3723 4943 col-

307 4984 408 5035 τοῦ
438 4977 912 5055 πλημμελοῦντος
943 4980 972 5034 6
1000 4979 1102 5047 τήν
1136 4975 1405 5051 ἁμαρτίαν
1454 4975 1708 5048 ἐπαινῶν,
1764 4975 1966 5051 πολλῷ

312 5073 783 5145 παρανομώτερος
802 5066 1072 5143 κέκριται.

384 5159 478 5215 Διὸ
508 5156 930 5233 ἀναπολόγητος
972 5158 1045 5221 εἴ,
1102 5158 1176 5212 ὧν
1233 5154 1485 5231 ἄνθρωπε
1535 5161 1640 5220 πᾶς
1690 5156 1963 5231 ὁκρίνων.

306 5247 396 5304 ’Ev
453 5247 499 5318 ᾧ
549 5248 654 5322 γάρ
711 5245 916 5322 κρίνεις
971 5245 1063 5300 τὸν
1128 5243 1308 5320 ἕτερον
1343 5288 1358 5313 ,
1428 5245 1646 5300 σεαυτὸν
1707 5244 1962 5317 κατακρί-

308 5355 441 5399 νεις·
530 5337 599 5391 τά
667 5335 769 5410 γὰρ
846 5333 981 5390 αὐτὰ
1052 5333 1310 5409 πράσσεις
1361 5334 1390 5389 6
1444 5334 1665 5408 κρίνων.
1726 5332 1960 5409 Οῗδαμεν

307 5422 367 5480 δί
418 5423 503 5480 ὅτι
554 5424 618 5479 τὸ
674 5429 848 5499 κρῖμα
898 5426 995 5479 τοῦ
1068 5427 1202 5478 Θεοῦ
1279 5422 1391 5478 ἐστι
1478 5424 1615 5478 κατά
1697 5421 1958 5494 ἀλήθειαν

306 5512 398 5571 ἰπὶ
480 5511 609 5573 τοὺς
685 5514 754 5568 τὰ
834 5516 1059 5568 τοιαῦτα
1141 5510 1480 5588 πράσσοντας
1517 5553 1530 5567 .
1612 5511 1816 5588 Λογίζῃ
1902 5510 1960 5569 δὲ

305 5608 475 5662 τοῦτο
511 5647 526 5673 ,
612 5603 659 5659 ὤ
714 5601 963 5678 ἄνθρωπε
1018 5603 1046 5657 6
1101 5602 1301 5678 κρίνων
1379 5600 1509 5663 τοὺς
1594 5601 1661 5657 τὰ
1733 5607 1958 5659 τοιαῦτα

309 5694 668 5767 πράσσοντας,
731 5691 820 5748 καὶ
899 5696 1075 5747 ποιῶν
1131 5691 1266 5748 αὐτὰ
1291 5734 1309 5764 ,
1363 5689 1449 5747 ὅτι
1501 5690 1563 5748 σὺ
1612 5688 1839 5772 ἐκφεύξῃ
1891 5695 1954 5751 τὸ

306 5787 482 5863 κρῖμα
509 5785 609 5841 τοῦ
638 5779 773 5842 0εοῦ
798 5796 822 5856 ε

2077 4980 2283 5036 laudat
2312 4981 2482 5053 longe
2530 4979 2793 5050 iniquior
2846 4977 3150 5050 judicatus
3180 4984 3271 5034 est
3300 4993 3368 5033 eo
3398 4978 3499 5050 qui
3530 4978 3724 5034 delin-

2076 5071 2224 5143 quit.

2143 5162 2217 5228 ΙΙ,
2251 5160 2367 5215 1-3.
2400 5162 2750 5230 Quapropter
2780 5159 3169 5215 inexcusabilis
3200 5175 3274 5226 es,
3307 5174 3338 5213 ο
3369 5158 3528 5214 homo
3552 5160 3725 5215 omnis

2072 5249 2171 5319 qui
2188 5246 2432 5318 judicas.
2471 5248 2609 5301 Nam
2635 5246 2735 5301 hoc
2767 5249 2886 5317 ipso
2915 5248 3066 5318 quod
3105 5245 3341 5301 alterum
3364 5246 3609 5317 judicas,
3643 5254 3728 5300 te-

2072 5339 2250 5407 ipsum
2280 5334 2607 5391 condemnas
2639 5352 2652 5389 :
2687 5337 2876 5390 calam
2911 5338 3054 5390 enim
3079 5343 3384 5405 perpetras
3416 5343 3472 5390 tu
3504 5335 3601 5406 qui
3620 5335 3727 5405 ju-

2070 5427 2239 5481 dicas.
2274 5425 2485 5480 Scimus
2520 5422 2669 5479 enim
2710 5426 2860 5495 quod
2881 5425 3163 5496 judicium
3197 5426 3296 5479 Dei
3322 5432 3399 5479 est
3429 5425 3722 5479 secundum

2068 5517 2356 5572 veritatem
2379 5516 2437 5569 in
2458 5530 2544 5570 eos
2569 5516 2669 5586 qui
2694 5514 2833 5570 talia
2853 5522 3050 5587 agunt.
3072 5517 3372 5571 Existimas
3391 5522 3570 5570 autem
3599 5514 3721 5577 hoc,

2066 5623 2097 5661 ο
2127 5606 2284 5661 homo
2315 5607 2414 5677 qui
2436 5604 2661 5675 judicas
2690 5622 2774 5661 eos
2796 5606 2895 5676 qui
2925 5607 3063 5661 talia
3100 5611 3451 5676 pmpetraut,
3501 5610 3553 5657 et
3578 5603 3721 5668 facis

2064 5713 2151 5769 ea,
2183 5696 2336 5769 quod
2358 5703 2417 5753 tu
2446 5698 2673 5770 effugies
2693 5695 2977 5767 judicium
3007 5697 3155 5753 Dei?
