4176 6200
378 349 490 410 351

1497 351 1907 414 (ECUMENII
1951 348 2259 412 TRICCzE
2303 345 2660 408 EPlSCOPI

3671 349 3785 408 352

453 485 698 541 Noverat
719 481 850 537 urbi
871 481 1256 540 commissum
1275 502 1404 542 esse
1421 485 1580 542 orbis
1601 486 2022 559 principatum:

2211 481 2366 552 ’ᾝδει
2413 483 2482 553 τῇ
2563 477 2723 536 πόλει
2782 479 3212 557 ἑγχειρισθεῖααν
3263 481 3362 533 τοῦ
3419 477 3628 554 κόσμου
3687 481 3783 550 τήν

378 577 624 648 posthac
657 573 836 643 igitur
864 589 1200 632 sermonem
1223 577 1296 633 ad
1328 579 1628 650 principes
1648 577 1866 651 dirigit,
1899 585 2024 650 pot-

380 667 470 718 est
493 669 690 717 tamen
727 663 880 718 idem
912 666 1156 736 privatis
1215 685 1452 740 quoque
1505 669 1842 725 convenire.
1879 669 2030 724 Dicit

382 759 578 806 autem
613 755 1104 826 transgressionis
1135 759 1629 831 magnitudinem.
1669 761 1738 814 Et
1767 759 1900 830 ipsi,
1934 759 2030 814 in-

381 844 528 914 quit,
562 845 982 915 perpetrabant
1007 849 1212 920 iniqua
1236 857 1293 906 et
1313 851 1490 906 simul
1513 867 1646 906 cum
1681 854 2028 922 perpetran-

381 931 540 986 tibus
566 933 904 990 currebant.
941 937 1045 992 Ubi
1065 939 1224 993 enim
1253 941 1550 1012 quispiam
1581 939 1652 995 ab
1685 939 1800 994 alio
1831 953 2026 992 corre-

377 1028 514 1094 ptus
531 1023 904 1093 adjuclicium
921 1027 1256 1097 duceretur,
1273 1031 1384 1102 ipsi
1411 1030 1716 1096 sedebant,
1737 1029 2024 1098 illumque

377 1113 897 1182 condemnabam;
925 1135 1056 1172 cum
1089 1119 1198 1190 ipsi
1223 1121 1477 1190 aequalia
1495 1123 1938 1192 perpetrassent
1969 1123 2027 1172 et

373 1219 506 1257 cum
543 1220 608 1258 eo
633 1204 704 1260 ad
751 1208 1212 1278 perpetrandum
1261 1210 1704 1264 concurrissent
1737 1225 1750 1262 :
1785 1207 1938 1264 2‘20
1969 1211 2028 1261 et

375 1297 574 1348 tamen
617 1295 1100 1352 condemnabant
1165 1299 1252 1352 Ita
1279 1305 1568 1353 noverant
1597 1297 1752 1368 quod
1813 1313 2023 1368 pecca-

374 1389 530 1444 rent,
560 1399 809 1454 seseque
843 1387 1028 1440 multo
1063 1387 1250 1458 magis
1279 1387 1767 1442 condemnarent.
1812 1407 1833 1436 ι
1871 1388 2022 1440 Nam

375 1471 482 1526 hoc
517 1473 643 1543 iqso
674 1473 832 1544 quod
861 1475 1114 1529 alterum
1139 1475 1394 1546 judicas.
1431 1499 1459 1527 »
1491 1477 1600 1542 Qui
1650 1475 1811 1532 enim
1870 1475 2022 1530 male

371 1561 508 1632 agit.
544 1567 602 1614 et
633 1567 828 1616 tamen
890 1563 1114 1620 similia
1171 1571 1584 1637 perpetrantes
1642 1565 2020 1634 condemnat,

369 1648 653 1704 adversus
687 1651 948 1722 seipsum
981 1652 1094 1707 fert
1125 1655 1704 1710 condemnationem.
1739 1679 1766 1704 ‹‹
1793 1655 2022 1710 Scimus

370 1739 528 1793 enim
555 1739 713 1810 quod
737 1740 1034 1810 judicium
1061 1743 1158 1798 Dei
1183 1743 1616 1800 estsecundum
1641 1744 1969 1800 veritatem.
1991 1763 2018 1792 ι)

369 1828 670 1898 Siquidem
705 1829 801 1884 hic
833 1846 953 1885 non
1012 1831 1341 1888 secundum
1373 1834 1676 1888 veritatem
1713 1839 1800 1888 est
1850 1832 2018 1904 judi-

368 1915 546 1982 cium,
581 1933 719 1972 uam
751 1923 809 1972 et
841 1919 1014 1974 multi
1077 1923 1164 1976 rei
1221 1922 1607 1978 absolvuntur
1665 1929 1722 1978 et
1751 1923 2018 1978 insontes

365 2004 882 2073 condemnentur;
917 2008 976 2063 in
1007 2007 1202 2064 futuro
1261 2017 1460 2067 autem
1509 2013 1838 2068 secundum
1869 2013 2014 2067 veri-

367 2099 547 2148 tatem
582 2095 712 2148 erit.
743 2097 866 2152 Imo
899 2103 958 2152 et
987 2098 1080 2154 hic
1115 2101 1214 2154 Dei
1249 2101 1544 2172 judicium
1600 2119 1794 2174 neque
1825 2103 2012 2174 injus-

371 2185 558 2240 titiam
591 2185 862 2254 absolvit,
896 2191 1332 2262 nequejustum
1353 2193 1733 2258 condemnat,
1766 2211 1900 2248 cum
1923 2194 2018 2249 hic

373 2274 446 2330 ad
470 2273 764 2344 judicium
801 2277 860 2331 in
895 2279 1182 2348 quosdam
1217 2281 1610 2338 descenderit.
1646 2305 1674 2333 «
1705 2283 2019 2338 Existimas

371 2367 566 2418 autem
605 2363 737 2428 hoc,
772 2381 804 2420 o
837 2367 1034 2422 homo.
1066 2390 1094 2418 ››
1129 2369 1290 2424 Multi
1341 2387 1600 2443 namque
1633 2372 2017 2428 arbitrantur.

370 2451 490 2506 Etsi
524 2467 648 2524 ego.
675 2453 975 2524 inquiunt,
1011 2475 1186 2528 pccco
1243 2476 1374 2514 cum
1408 2460 1556 2516 alios
1597 2477 1840 2532 peccare
1885 2477 2015 2532 pro-

373 2541 634 2606 hibeam,
659 2545 992 2601 mercedem
1026 2563 1096 2602 ex
1125 2549 1236 2604 hoc
1261 2551 1467 2606 habeo.
1499 2553 1714 2606 Verum
1745 2550 1896 2606 illud
1915 2567 2020 2606 au-

373 2629 498 2685 diet
527 2647 540 2686 :
571 2655 590 2680 ι
629 2633 870 2702 Modice,
903 2651 1045 2692 cura
1091 2639 1348 2709 teipsum
1378 2640 1418 2695 ⁸.
1455 2663 1474 2688 ιο
1537 2641 1803 2696 Primum
1862 2639 2020 2696 enim

377 2720 932 2780 condemnationem
965 2725 1026 2780 in
1059 2728 1314 2798 teipsum
1345 2729 1653 2784 induxisti.

447 2810 515 2878 II,
549 2814 668 2867 4-6.
697 2835 724 2862 ‹‹
759 2817 874 2870 Aut
911 2814 1146 2872 divitias
1183 2817 1568 2890 benignitatis
1627 2818 1790 2874 illius
1848 2825 1906 2874 et
1933 2823 2020 2874 to-

381 2925 402 2952 ι
439 2902 708 2958 Ierantire
739 2922 806 2960 ac
837 2905 1305 2980 longanimitatis
1325 2911 1662 2967 contemnis
1681 2911 1710 2966 ?
1737 2912 2022 2977 Ignorans

373 3015 400 3042 ‹‹
436 2993 595 3064 quod
631 2993 842 3050 lenitas
869 2997 972 3052 Dei
1002 2997 1075 3052 ad
1107 3000 1516 3071 pcenitentiam
1551 3005 1604 3056 te
1631 3001 1838 3056 invitet
1865 2999 1893 3055 ?
1921 3001 2018 3056 Se-

377 3104 404 3130 «ε
430 3083 690 3140 cundum
725 3091 878 3141 tuam
914 3093 1110 3144 autem
1162 3090 1464 3150 duritiam.
1499 3097 1556 3146 et
1585 3107 1688 3146 cor
1733 3091 2020 3163 poenitere

375 3193 402 3222 κ
435 3173 730 3238 nesciens,
765 3177 1040 3232 recondis
1071 3179 1174 3234 tibi
1233 3181 1346 3252 ipsi
1403 3182 1552 3236 iram
1603 3183 1664 3237 in
1697 3182 1792 3236 die
1823 3181 1924 3236 iraa
1957 3187 2016 3236 et

2134 573 2452 647 ἠγεμονίαν.
2485 571 2590 627 Καὶ
2622 569 2816 625 λοιπὸν
2861 570 2997 643 πρὸς
3045 567 3177 630 τοὺς
3233 567 3508 644 ἄρχοντας
3561 569 3786 625 ἀποτεί-

2132 683 2299 718 νεται.
2333 662 2396 718 Ὁ
2427 659 2484 716 δὲ
2513 660 2673 722 αὐτὸς
2705 659 2796 714 καὶ
2825 659 2962 732 πρὸς
3021 655 3240 717 ἰδιώτας
3301 659 3528 734 ἁρμόζει
3589 659 3780 734 λόγος.

2137 751 2350 825 [ΦΩΤ.]
2377 744 2718 823 Ὑπερϐολήν
2748 745 2804 803 δὲ
2835 747 3181 824 παρανομίας
3229 747 3398 825 λέγει.
3455 747 3551 802 Καέ
3585 743 3786 823 ἔπρατ-

2131 864 2248 912 τον,
2282 843 2468 919 φησὶν,
2505 841 2657 897 αὐτοὶ
2701 841 2768 896 τὰ
2795 861 3105 912 παρανομα,
3164 841 3256 894 καὶ
3313 841 3638 920 συνέτρεχον
3668 845 3786 902 τοῖς

2135 932 2454 1008 πράττουσι.
2489 933 2584 986 Καὶ
2621 927 2806 1000 ἐπειδή
2855 928 2913 984 ἄν
2973 951 3057 993 τις
3107 928 3273 993 ἁλοὺς
3331 929 3432 984 ὑπὸ
3491 951 3634 992 τινος
3695 929 3784 985 ἐπὶ

2133 1024 2308 1100 κρίσιν
2343 1021 2534 1100 ἤγετο,
2569 1021 2723 1078 αὐτοὶ
2781 1021 3092 1090 ἐκαθέζοντο
3146 1021 3236 1077 καὶ
3295 1021 3608 1094 κατὲκρινον
3642 1019 3781 1074 ἐκεῖ·

2132 1135 2242 1182 νον,
2279 1111 2342 1168 οῦ
2375 1115 2440 1166 τὰ
2471 1111 2560 1167 ἴσα
2599 1110 2752 1168 αὐτοὶ
2811 1109 3089 1186 ἔπραττον.
3153 1110 3255 1166 Καὶ
3305 1111 3350 1182 ᾦ
3381 1110 3456 1171 εἷς
3515 1111 3578 1164 τὸ
3609 1111 3784 1182 πράτ-

2131 1226 2242 1262 τειν
2271 1201 2734 1278 συνὲτρεχον,καὶ
2779 1201 2931 1274 ὅμως
2990 1203 3326 1274 κατὲκρινον.
3385 1197 3574 1258 Οὕτως
3629 1193 3782 1271 ᾔδει-

2133 1315 2226 1352 σαν
2259 1295 2344 1348 ὅτι
2377 1291 2794 1367 ἁμαρτάνουσιν,
2844 1289 2982 1345 ὥστε
3021 1287 3220 1361 πολλῷ
3285 1286 3498 1360 μᾶλλον
3555 1288 3780 1348 ἑαυτοὺς

2131 1383 2572 1458 προκατέκρινον.
2625 1403 2650 1433 α
2711 1382 2797 1436 Ἐν
2857 1380 2903 1452 ᾧ
2959 1381 3066 1453 γὰρ
3121 1377 3320 1452 κρίνεις
3370 1377 3464 1431 τὸν
3509 1373 3712 1450 ἕτερον.
3751 1399 3778 1426 ››

2129 1473 2190 1528 Ὀ
2249 1471 2352 1548 γὰρ
2401 1471 2470 1526 τὰ
2513 1469 2653 1524 κακὰ
2707 1466 2987 1544 πράσσων,
3046 1465 3382 1540 κατακρίνων
3437 1461 3496 1519 δὲ
3553 1464 3682 1525 τοὺς
3713 1465 3780 1519 τὰ

2131 1559 2298 1632 ὅμοια
2345 1560 2706 1634 πράσσοντας,
2766 1559 2880 1612 καθ’
2943 1558 3135 1612 ἑαυτοῦ
3191 1557 3414 1628 πρώτου
3462 1555 3560 1623 τὴν
3615 1553 3781 1608 κκτά-

2129 1669 2305 1724 κρισιν
2337 1648 2506 1729 φέρει.
2540 1674 2566 1700 ‹‹
2603 1645 2840 1722 Οἴδαμεν
2900 1645 2976 1718 δὲ,
3036 1645 3118 1702 ὅτι
3177 1645 3238 1700 τὸ
3290 1651 3462 1720 κρῖμα
3517 1649 3613 1698 τοῦ
3646 1647 3780 1698 Θεοῦ

2129 1739 2241 1796 ἐστι
2273 1741 2408 1796 κατὰ
2435 1739 2722 1808 ἀλήθειαν.
2765 1761 2791 1790 i:
2831 1734 2953 1793 Ὧδε
3003 1737 3096 1811 μὲν
3159 1737 3262 1812 γὰρ
3323 1736 3384 1789 οὐ
3442 1735 3576 1788 κατᾶ
3633 1731 3776 1802 ἀλή-

2050 1864 2098 1929 Β
2130 1832 2272 1886 Θειάν
2307 1829 2416 1887 ἐστι
2449 1831 2512 1886 τὸ
2541 1833 2731 1904 κρῖμα·
2775 1825 2978 1882 πολλοὶ
3011 1827 3112 1899 γὰρ
3163 1826 3253 1879 καὶ
3312 1819 3500 1903 ἔνοχοι
3557 1821 3776 1899 διαφεύ-

2463 1919 2474 1929 .
2548 1921 2638 1929 .--
3013 1915 3023 1929 .
3296 1916 3377 1929 ..η
3445 1921 3469 1929 -
3531 1911 3572 1929 δ.
3753 1910 3766 1926 ι

2127 1943 2330 1997 γουσι,
2389 1919 2478 1975 καὶ
2537 1921 2711 1974 etiam
2796 1915 3212 1990 κατακρίνονται
3248 1961 3260 1973 .
3293 1916 3469 1986 ξδἚκεῖ
3529 1911 3586 1968 δὲ
3641 1910 3778 1966 κατὰ

2127 2009 2385 2079 ἀλήθειάν
2437 2006 2546 2062 ἐστι
2583 2051 2596 2065 .
2657 2005 2762 2062 Καὶ
2821 2002 2926 2060 ὧδε
2982 2004 3044 2060 τὸ
3092 2009 3189 2060 τοῦ
3243 2007 3377 2058 Θεοῦ
3427 2007 3600 2076 κρῖμα
3653 1998 3776 2053 οὕτε

2125 2095 2314 2154 ἄδικον
2345 2097 2535 2164 ἀθωοϊ,
2571 2095 2692 2150 οὔτε
2741 2091 2948 2150 δίκαιον
3003 2092 3330 2167 κατακρίνει,
3391 2091 3518 2145 ὅταν
3551 2089 3626 2150 εἷς
3657 2087 3774 2162 κρί-

2128 2210 2210 2243 σιν
2241 2188 2328 2242 καὶ
2363 2185 2586 2249 ἐνταῦθα
2633 2188 2872 2258 καταστῇ
2929 2204 3088 2238 τισιν.
3153 2206 3178 2234 ιι
3213 2179 3412 2256 Λογίζῃ
3473 2177 3530 2236 δὲ
3587 2181 3772 2246 τοῦτο,

2128 2278 2174 2333 ὦ
2206 2275 2470 2352 ἄνθρωπε,
2509 2299 2534 2326 ››
2597 2273 2804 2330 Πολλοὶ
2859 2274 2958 2347 γὰρ
3027 2274 3308 2346 ἡγοῦνται,
3343 2269 3426 2324 δτί
3479 2267 3584 2324 Κᾶν
3643 2265 3772 2344 ἐγὼ,

2128 2367 2316 2445 φησὶν,
2377 2366 2692 2438 ἁμαρτάνω,
2771 2361 2977 2424 ἄλλους
3037 2359 3094 2416 δὲ
3150 2358 3352 2414 κωλύω
3429 2359 3775 2432 ἁμαρτάνειν,

2133 2457 2324 2529 μισθὸν
2357 2453 2417 2510 ὲκ
2445 2455 2639 2511 τούτου
2669 2449 2806 2533 ἔχω.
2869 2451 3024 2509 Ἀλλ’
3069 2450 3354 2506 ἀκούσεται
3383 2449 3468 2518 τό,
3521 2473 3546 2500 ι(
3585 2447 3774 2520 Ἰατρὶ,

2129 2547 2452 2619 θεράπευσον
2485 2543 2729 2600 σεαυτόν.
2763 2567 2790 2594 ››
2825 2545 2934 2612 Τὴν
2984 2542 3086 2617 γὰρ
3139 2537 3454 2608 καταδίκην,
3507 2537 3664 2615 φησῖ,
3715 2533 3776 2590 σὺ

2131 2634 2311 2707 σαύτῷ
2338 2634 2609 2710 ἐπήγαγες
2642 2637 2882 2709 πρῶτον.

2199 2819 2274 2874 Ἠ
2327 2820 2425 2871 τοῦ
2505 2815 2753 2872 πλούτου
2835 2821 2937 2883 τῆς
3023 2811 3404 2888 χρηστότητος
3463 2809 3628 2863 αὐτοῦ
3682 2807 3776 2864 καὶ

2129 2913 2230 2978 τῆς
2279 2907 2490 2985 ἀνοχῆς
2567 2905 2659 2959 καὶ
2743 2910 2843 2972 τῆς
2931 2902 3314 2977 μακροθυμίας
3367 2904 3774 2975 καταφρονεῖς;

2129 2999 2340 3076 ἀγνοῶν
2429 2997 2511 3052 δτι
2586 2995 2650 3050 τὸ
2707 2995 2946 3070 χρηστὸν
3007 2996 3104 3048 τοῦ
3161 2995 3294 3047 Θεοῦ
3347 2991 3423 3052 εἰς
3489 2989 3774 3062 μετάνοιάν

2131 3109 2188 3143 σε
2267 3085 2426 3164 ὄὶγεις
2503 3085 2650 3143 Κατὰ
2737 3085 2794 3140 δὲ
2879 3088 2979 3154 τὴν
3061 3083 3410 3157 σκληρότητά
3497 3103 3594 3138 σου
3680 3081 3771 3136 καὶ

2129 3177 2502 3254 ἀμετανόητον
2575 3173 2796 3250 καρδίαν
2834 3219 2847 3244 ,
2955 3173 3300 3246 Θησαυρίζεις
3393 3175 3603 3242 σεαυτῷ
3687 3171 3776 3243 ὁρ·

375 3282 402 3312 ι‹
433 3261 810 3320 revelationis
843 3273 900 3321 et
930 3267 1076 3338 justi
1103 3240 1316 3340 judicii
1349 3271 1471 3340 Dei,
1506 3272 1604 3344 qui
1637 3271 1846 3328 reddet
1873 3271 2012 3326 uni-

2133 3240 2230 3344 γὴν
2285 3266 2336 3322 ἐν
2395 3240 2596 3341 ’ἡμέρᾳ
2648 3240 2958 3342 ’ὀργῆς-καὶ
3019 3261 3414 3336 ἀποκαλύψεως
3479 3258 3774 3332 δικαιοκρι-

371 3372 400 3402 ‹‹
432 3351 646 3424 cuique
670 3354 842 3426 juxta
873 3371 1053 3431 opera
1080 3375 1204 3414 sua.
1245 3381 1271 3408 »

445 3533 824 3606 Longanimis
864 3535 1104 3605 quidem
1140 3541 1246 3598 est,
1281 3541 1544 3593 attamen
1575 3538 1694 3594 nisi
1727 3543 2022 3594 converta-

373 3639 526 3689 mur,
554 3640 754 3678 ensem
783 3641 954 3680 suum
979 3625 1246 3680 vibrabit.
1272 3649 1298 3675 α
1327 3628 1608 3700 Ignorans
1629 3629 1786 3700 quod
1806 3629 2021 3684 lenitas

377 3713 500 3768 Dei.
537 3737 561 3760 η
626 3715 910 3786 Proptera
966 3714 1119 3769 lenis
1173 3721 1281 3778 est,
1351 3732 1472 3770 non
1529 3723 1594 3770 ut
1651 3717 1895 3772 lenitate
1948 3716 2022 3772 ad

375 3803 618 3872 majoris
633 3802 946 3858 dementias
961 3804 1333 3859 occasionem
1351 3805 1552 3868 utaris,
1571 3805 1674 3860 sed
1689 3807 2022 3877 utspatium

373 3893 736 3967 poenitentiae
761 3895 1037 3964 accipias;
1057 3895 1256 3964 itaque
1276 3911 1658 3966 perseverans
1679 3896 1737 3950 in
1769 3897 2022 3968 pravita-

377 3989 432 4038 te
457 3982 942 4052 deprehenderis.
981 4004 1002 4032 ι
1037 3984 1373 4040 Secundum
1407 3991 1567 4042 tuam
1617 3993 1814 4042 autem
1861 3986 2022 4042 duri-

375 4070 606 4126 tiam.»
639 4072 782 4126 Cum
834 4073 993 4128 enim
1054 4075 1350 4146 quispiam
1410 4091 1604 4146 neque
1657 4077 2023 4148 benignitate

377 4159 635 4216 emolliri
667 4167 881 4232 potest,
913 4180 1104 4234 neque
1138 4164 1284 4219 iram
1317 4166 1508 4224 timet.
1543 4165 1685 4237 quid
1719 4183 1786 4222 eo
1817 4166 2024 4221 durius

377 4266 508 4306 esse
540 4257 708 4322 potes
733 4252 760 4308 ‘I
791 4275 817 4302 α
853 4253 1166 4309 Recondis.
1205 4277 1234 4304 »
1280 4255 1583 4328 Signiﬁcat
1611 4254 1770 4326 quod
1818 4256 2024 4312 certis-

374 4342 524 4398 simo
557 4342 904 4410 servabitur,
939 4349 998 4398 et
1028 4344 1188 4416 quod
1211 4349 1272 4398 tu
1297 4345 1400 4400 tibi
1435 4361 1612 4400 causa
1644 4346 1724 4401 sis
1751 4363 1764 4401 :
1788 4361 1926 4402 nam
1963 4353 2024 4401 tu

372 4431 480 4486 tibi
513 4433 753 4504 reponis
776 4449 844 4488 ac
865 4434 1159 4489 recondis.
1191 4459 1210 4480 -
1248 4436 1317 4488 Et
1333 4435 1730 4490 revelationis.
1759 4457 1786 4483 ››
1821 4438 1900 4490 Ne
1925 4437 2022 4490 Dei

373 4521 524 4577 iram
555 4521 806 4578 audiens
837 4525 1113 4578 affectum
1161 4522 1488 4591 arbitreris,
1551 4524 1816 4580 subdidit
1847 4541 1859 4579 :
1909 4547 1936 4572 σι
1961 4527 2026 4579 Et

2128 3356 2245 3417 σίας
2273 3359 2370 3410 τοῦ
2419 3359 2573 3426 Θεοῦ,
2634 3353 2693 3415 ’ὸς
2751 3349 3028 3408 ἀποδώσει
3085 3351 3296 3422 ἑκάστῳ
3353 3351 3486 3404 κατὰ
3544 3349 3612 3403 τὰ
3643 3344 3774 3424 ἔργα

2127 3443 2312 3502 αὐτοῦ.

2198 3535 2554 3606 Μακροθυμεῖ
2613 3533 2705 3604 μὲν
2787 3529 2934 3600 πλὴν
3017 3529 3105 3588 ἐὰν
3193 3531 3268 3604 μή
3333 3528 3776 3606 ἐπιστραφῶμεν,

2127 3625 2227 3693 τὴν
2277 3623 2548 3700 papauer.
2619 3622 2782 3678 αὐτοῦ
2839 3617 3154 3678 στιλϐώσει.
3217 3624 3516 3696 «Ἀγνοῶν
3577 3621 3658 3674 ὅτι
3711 3619 3774 3674 τό

2129 3715 2372 3792 χρηστὸν
2403 3718 2501 3766 τοῦ
2533 3717 2683 3768 Θεοῦ.
2722 3737 2750 3763 ››
2800 3713 2897 3768 Διά
2925 3717 3086 3766 τοῦτο
3135 3711 3236 3786 γὰρ
3273 3713 3634 3784 μακροθυμεῖ,
3668 3707 3775 3786 οὐχ

2123 3799 2216 3857 ’ίνα
2271 3806 2338 3876 τῇ
2424 3803 2774 3878 μακροθυμίᾳ
2837 3805 3022 3876 χρήσῃ
3076 3801 3152 3864 είς
3211 3801 3464 3878 ἀφορμὴν
3528 3798 3773 3870 μείζονος

2129 3897 2604 3968 καταφρονήσεως,
2648 3891 2777 3949 ἀλλ’
2805 3893 2892 3948 ἳνα
2937 3891 3210 3967 διάστημα
3264 3889 3538 3964 μετανοίας
3571 3883 3766 3962 λαϐῃς.

2131 3983 2440 4056 Ἐπιμένων
2471 3983 2562 4038 οὗν
2591 3981 2876 4060 ἀπολήψῃ.
2919 4009 2944 4035 ‹‹
2983 3984 3130 4040 Κατᾶ
3189 3979 3245 4038 δὲ
3291 3982 3389 4049 τήν
3421 3979 3773 4054 σκληρότητά

2131 4094 2250 4131 σου.
2279 4097 2305 4126 ››
2339 4077 2505 4132 ’Ὁταν
2533 4074 2634 4148 γὰρ
2667 4095 2752 4133 τις
2811 4076 2948 4146 μήτε
2997 4072 3338 4147 χρηστότητι
3402 4069 3770 4144 μαλάσσηται,

2137 4165 2276 4236 μήτε
2315 4162 2484 4240 ὀργὴν
2519 4159 2719 4232 δειλιᾷ,
2749 4161 2800 4216 τί
2827 4163 3023 4216 τούτου
3055 4161 3422 4236 σκληρότερον
3457 4179 3470 4228 ;
3505 4185 3530 4212 ι(
3565 4165 3776 4226 Θησαυ-

2135 4252 2322 4329 ρίζεις.
2361 4277 2380 4302 ιι
2417 4253 2492 4309 Τὸ
2518 4255 2734 4312 πάντως
2781 4251 3282 4326 φυλαχθησόμενον
3341 4248 3522 4318 δηλοῖ.
3559 4249 3660 4306 Καὶ
3693 4247 3775 4301 δτι

2135 4342 2198 4396 σὺ
2227 4343 2409 4414 σαυτῷ
2451 4341 2646 4404 αἐιιος.
2698 4342 2774 4398 Σῦ
2807 4343 2908 4418 γὰρ
2943 4342 3210 4408 ἀποτίθης
3265 4341 3356 4396 καὶ
3415 4337 3776 4413 θησαυρίζεις.

2135 4457 2162 4484 (ι
2199 4433 2292 4486 Καὶ
2323 4430 2743 4506 ἀπδκαλῦψεως.
2781 4459 2807 4485 ι»
2839 4434 2950 4489 Ἲνα
3009 4435 3085 4508 μὴ
3143 4433 3308 4506 ὀργὴν
3373 4433 3510 4485 Θεοῦ
3569 4426 3780 4480 ἀκούων

2133 4523 2301 4584 πάθος
2360 4521 2608 4597 νομίσης,
2671 4522 2962 4600 ἐπήγαγενο
3025 4547 3052 4575 ‹‹
3085 4519 3514 4594 Ἀποκαλῦψεως
3567 4516 3778 4574 δικαιο-

375 4613 757 4668 revelationis
780 4615 927 4685 justi
951 4613 1164 4686 judicii
1192 4634 1205 4676 ;
1233 4635 1258 4660 η
1277 4614 1377 4669 ubi
1400 4615 1558 4670 enim
1583 4615 1812 4685 justum
1833 4615 2022 4686 estju-

2133 4615 2367 4686 κρισίας.
2414 4637 2441 4663 δ)
2473 4614 2632 4668 Ἒνθα
2669 4615 2769 4689 γὰρ
2829 4611 3216 4688 δικαιοκρισία,
3273 4613 3376 4667 οὐκ
3423 4610 3532 4665 ἔστι
3583 4611 3776 4672 πάθος.

374 4700 615 4769 dicium,
657 4704 736 4758 ibi
769 4721 892 4759 non
925 4710 1016 4760 est
1061 4706 1328 4760 affectus.
1383 4707 1526 4761 Nam
1571 4713 1710 4762 tunc
1766 4707 2022 4763 maxime

366 4789 598 4862 justum
626 4792 921 4862 judicium
952 4795 1265 4860 revelatur,
1301 4797 1536 4866 quando
1569 4795 1764 4852 reddit
1793 4797 2024 4854 unicui-

377 4895 491 4951 que
515 4881 688 4950 juxta
719 4898 898 4953 opera
929 4901 1054 4939 sua.
1092 4905 1118 4932 ‹‹
1149 4886 1218 4939 Ει
1240 4885 1388 4955 justi
1412 4885 1623 4956 judicii
1657 4885 1779 4941 Dei.
1819 4907 1844 4934 υ
1872 4888 2023 4943 Tan-

375 4988 554 5045 quam
585 4971 657 5028 ad
689 4971 1154 5030 declarationem
1181 4975 1582 5049 interponitur
1613 4975 1726 5039 καὶ,
1757 4983 1868 5033 etc.

449 5061 520 5118 II.
556 5063 710 5116 7-H.
743 5062 842 5116 His
895 5063 1114 5132 quidem
1171 5067 1268 5134 qui
1323 5067 1619 5122 secundum
1672 5065 2025 5122 tolerantiam

378 5151 558 5221 ope-ris
591 5151 718 5205 boni
749 5149 985 5221 gloriam
1019 5157 1070 5206 et
1123 5153 1382 5210 honorem
1438 5171 1502 5210 ac
1557 5158 2024 5226 incm'ruptionem

375 5247 656 5312 quaerunt,
683 5241 838 5295 vitan
868 5247 1154 5298 aeternam.
1187 5245 1260 5299 Iis
1289 5259 1415 5299 vero
1464 5247 1564 5316 qui
1617 5251 1746 5300 sunt
1802 5253 2026 5301 conten-

377 5329 524 5392 tiosi,
559 5335 612 5384 et
641 5331 869 5384 veritati
925 5331 1144 5404 quidem
1201 5349 1312 5387 non
1373 5334 1762 5404 obtemperant,
1819 5343 2026 5405 parent

369 5425 554 5476 autem
585 5420 894 5490 injustitiae,
947 5422 1264 5492 indignatio
1301 5429 1354 5478 et
1379 5425 1485 5490 ira,
1521 5425 1807 5480 tribulatio
1837 5431 1890 5480 et
1919 5442 2024 5482 an-

372 5509 580 5582 gustia,
611 5523 778 5580 super
807 5527 1015 5568 omnem
1039 5514 1280 5568 animam
1301 5513 1447 5569 22]
1481 5513 1718 5572 hominis
1748 5518 2030 5588 operantis

443 5687 516 5762 (θ)
544 5687 688 5746 Joan
719 5689 865 5756 me.

2133 4701 2211 4759 Τό
2241 4723 2298 4757 τε
2337 4703 2440 4777 γὰρ
2503 4702 2740 4776 μάλιστα
2795 4705 2830 4772 ἡ
2891 4700 3258 4774 δικαιοκρισία
3313 4699 3776 4768 ἀποκαλύπτεται,

2133 4791 2260 4849 ὅταν
2287 4789 2621 4847 ἀποδίδωσιν
2655 4793 2862 4865 ἑκάστῳ
2889 4794 3024 4848 κατὰ
3063 4793 3129 4847 τὰ
3173 4788 3305 4868 ἔργα
3367 4793 3558 4848 αὐτοῦ.
3608 4815 3636 4841 ‹‹
3669 4789 3775 4846 Καὶ

2133 4879 2530 4960 δικαιοκρισίας
2589 4885 2686 4940 τοὺ
2735 4887 2944 4940 Θεοῦ.»
2999 4885 3088 4945 Ὠς
3143 4885 3281 4958 πρὸς
3327 4886 3426 4952 τὴν
3485 4882 3778 4958 ἑρμηνείαν

2133 4973 2196 5030 τὸ
2226 4973 2314 5028 καὶ
2343 4971 2667 5048 παρέλκεται
2678 5018 2690 5032 .

2205 5065 2336 5126 Τοῖς
2394 5063 2485 5137 μὲν
2561 5065 2678 5118 καθ’
2755 5064 3060 5140 ὑπομονὴν,
3135 5057 3294 5138 ἔργου
3357 5062 3563 5138 ἀγαθοῦ
3619 5059 3776 5132 δόξαν

2133 5151 2222 5208 καὶ
2265 5155 2436 5226 τιμὴν
2515 5155 2602 5209 καὶ
2663 5155 2920 5232 ἀφθασίαν
2977 5158 3247 5224 ζητοῦσι,
3305 5154 3452 5222 ζωήν
3507 5151 3728 5206 αἰώνιον
3765 5197 3778 5208 .

2133 5249 2262 5306 Τοῖς
2321 5242 2378 5300 δὲ
2425 5245 2474 5316 ἐξ
2531 5245 2784 5322 ἑριθείας,
2838 5246 2928 5298 καὶ
2977 5245 3259 5300 ἀπειθοῦσι
3347 5245 3439 5316 μὲν
3510 5247 3578 5316 τῇ
3639 5243 3782 5312 ἀλη-

2137 5334 2276 5404 θείᾳ,
2334 5337 2683 5407 πειθσμὲνοις
2762 5331 2819 5391 δὲ
2867 5337 2935 5408 τῇ
2974 5331 3179 5405 ἀδικίᾳ,
3235 5333 3408 5406 θυμὸς
3470 5333 3559 5387 καὶ
3613 5332 3777 5406 ὀργή,

2133 5421 2331 5496 Θλίψις
2399 5424 2488 5478 καὶ
2573 5423 2910 5500 στενοχωρία
2995 5423 3081 5478 ἐπὶ
3165 5427 3338 5479 πᾶσαν
3423 5423 3607 5499 ψυχὴν
3691 5421 3776 5474 ἀν-

2135 5514 2358 5590 θρώπου
2416 5519 2512 5570 τοῦ
2587 5515 3049 5592 κατερκαζομὲνου
3137 5514 3200 5568 τὸ
3275 5514 3461 5582 κακὸν,
3513 5507 3779 5569 Ἰουδαίου
