4176 6200
328 327 447 388 353

1410 313 1816 376 ΟΟΜΜΕΝΤ.
1863 312 1940 372 ΙΝ
1990 313 2233 375 EPIST.
2282 318 2385 378 AD
2434 321 2624 381 ΗΘΜ.

3628 331 3748 390 354

326 480 387 516 τε
468 456 689 530 πρὼτον
756 451 849 508 καὶ
903 449 1204 521 Ἕλληνος·
1262 443 1388 518 δόξα
1444 444 1501 501 δὲ
1552 443 1644 501 καὶ
1700 445 1838 517 τιμὴ
1896 444 1984 499 καὶ

2118 446 2327 516 nulum,
2359 452 2648 522 Judeeique
2668 452 2917 523 primum
2960 462 3011 512 et
3042 458 3235 515 Graeci.
3287 460 3478 517 Gloria
3529 479 3657 519 vero
3700 471 3754 519 et

330 549 527 625 εἰρήνη
587 544 742 602 παντὶ
801 548 881 616 τῷ
938 541 1287 617 ἐργαζομένῳ
1342 538 1404 594 τὸ
1459 537 1683 614 ἀγαθὸν,
1742 531 1995 605 ἰουδαίῷ

328 660 391 695 τε
454 643 673 711 πρῶτον
735 635 826 689 καὶ
891 630 1152 702 Ἕλληνι.
1222 628 1298 687 Οὐ
1358 628 1463 706 γάρ
1531 626 1642 682 ἐστι
1697 643 1996 701 προσωπο-

337 727 528 803 ληψέα
558 724 703 800 παρᾶ
733 728 813 797 τῷ
842 727 978 795 Θεῷ.

411 816 946 889 [ΟΙΚΟΥΜΕΝΙΟΥ.]
1006 837 1034 865 α
1089 815 1216 873 Τοῖς
1272 811 1365 883 μὶν
1420 810 1540 863 καθ’
1602 806 1905 880 ὑπομονήν
1966 825 1996 855 »

336 908 415 968 Οὐ
443 908 547 982 γὰρ
581 906 743 982 μόνον
773 907 808 974 ἡ
838 904 1019 966 πίστις
1051 901 1226 976 ἀρκεῖ,
1257 897 1405 954 ἀλλὰ
1442 896 1532 952 καὶ
1570 891 1772 982 ,ἔργων
1813 892 1994 982 χρεία.

343 1023 369 1050 ‹ι
425 978 732 1069 ’Ῠπομονήν
794 1018 822 1045 ››
876 989 933 1046 δὲ
996 990 1182 1061 εἰπὼν,
1234 986 1494 1061 γενναίως
1551 978 1698 1059 ἔχειν
1756 980 1997 1039 διδάσκει

341 1089 479 1163 πρὸς
539 1085 669 1147 τοὺς
754 1081 1119 1159 πειρασμοός.
1207 1079 1432 1154 [ΦΩΤ.]
1516 1077 1604 1163 Τὸ·
1674 1069 1998 1150 ὑπερϐατὸν,

340 1157 490 1233 οῧτω
547 1172 795 1231 τακτέον
854 1157 1000 1235 ήΤοις
1054 1170 1173 1226 καθ’
1238 1167 1523 1241 ὑπομονὴν
1578 1157 1736 1241 ἕργοο
1793 1164 2000 1241 ἀγαθοῦ

341 1270 567 1338 ζητοῦσι
618 1264 763 1334 ζωὴν
795 1261 1039 1330 αἰώνιον,
1101 1255 1377 1316 ἀποδώσει
1442 1254 1597 1325 δόξαν
1650 1254 1743 1310 καὶ
1799 1252 2000 1332 ἀφθαρ-

342 1355 480 1411 σίαν.
536 1378 564 1408 ‹‹
616 1353 721 1411 Καὶ
780 1350 1101 1426 ἀφθαρσίαν.
1166 1372 1193 1400 ››
1253 1347 1363 1408 Τὰς
1449 1345 1577 1419 περὶ
1656 1343 2002 1405 ἀναστάσεως

337 1444 544 1521 ἀνοίγει
611 1442 798 1517 θύρας.
869 1440 1005 1497 Ἀπὸ
1063 1441 1252 1493 κοινοῦ
1307 1437 1393 1505 τὸ,
1453 1430 1751 1504 ἀποδώσει,
1792 1431 1851 1494 ὅς
1907 1430 1999 1487 καὶ

336 1533 639 1591 ἀποδώσει.
673 1527 980 1589 Ἀποδώσει
1023 1528 1149 1605 γὰρ,
1196 1532 1315 1588 τοῖς
1373 1526 1469 1601 μὲν
1515 1526 1582 1580 τὰ
1627 1522 1826 1598 ἀγαθὰ,
1883 1528 2002 1583 τοῖς

342 1623 402 1680 δὲ
432 1621 833 1693 ἀποδοθήσεται
865 1620 1039 1693 θυμὸς
1068 1618 1160 1674 καὶ
1189 1618 1327 1693 ὀργή
1384 1615 1478 1671 καὶ
1522 1616 1593 1670 τὰ
1638 1614 1830 1687 ὃμοια.
1881 1615 2004 1667 ’Ότῖ

343 1712 405 1770 δέ
435 1712 669 1769 διπλοῦν
699 1711 763 1768 τὸ
795 1717 992 1790 σχῆμα
1015 1712 1112 1764 τοῦ
1144 1705 1317 1783 λόγου
1350 1705 1458 1780 (καὶ
1493 1705 1599 1760 ἀπὸ
1637 1706 1824 1759 κοινοῦ
1872 1704 2000 1778 γὰρ,

2104 537 2281 594 honor
2308 547 2361 595 et
2387 558 2505 612 pax
2529 545 2681 597 omni
2707 546 2964 615 aperanti
2996 549 3214 617 bonum,
3267 551 3459 607 Judaao
3505 556 3749 623 primum

2102 634 2155 683 et
2181 630 2386 686 Graeco.
2419 634 2537 689 Non
2567 637 2711 690 enim
2740 643 2817 691 est
2860 653 3223 707 personarum
3280 648 3555 719 respectus
3604 643 3757 712 apud

2102 717 2291 774 Deum.

2180 828 2206 859 α
2230 808 2336 873 Qui
2358 812 2687 868 secundum
2709 814 3107 871 tolerantiam.
3147 839 3167 866 ιο
3201 818 3402 889 Neque
3433 820 3593 875 enim
3628 819 3755 876 sola

2103 897 2255 954 ﬁdes
2287 901 2526 969 sufficit,
2562 902 2665 957 sed
2716 908 2773 959 et
2820 921 3002 975 opera
3033 911 3171 960 sunt
3219 909 3577 964 necessaria.
3611 911 3756 966 Cum

2105 994 2303 1045 autem
2334 991 2502 1059 dixit,
2538 1015 2564 1044 «
2598 994 3021 1062 Tolerantiam,
3054 1018 3081 1046 »
3138 997 3312 1055 docet
3363 1005 3428 1055 ut
3475 1001 3758 1059 adversus

2107 1081 2466 1137 tentationes
2500 1087 2739 1139 strenue
2773 1100 2833 1139 se
2861 1085 3141 1142 habeant.
3176 1088 3277 1142 Est
3306 1095 3511 1146 autem
3542 1091 3761 1164 hyper-

2105 1167 2333 1237 batum,
2367 1178 2424 1226 et
2455 1172 2538 1227 ita
2569 1172 2745 1228 debet
2774 1173 3075 1232 ordinari:
3121 1176 3222 1231 His
3282 1178 3383 1248 qui
3432 1182 3761 1239 secundum

2110 1260 2490 1316 tolerantiam
2522 1264 2719 1333 operis
2751 1263 2891 1320 boni
2924 1271 3200 1336 quaerunt
3248 1268 3422 1324 vitam
3450 1275 3765 1341 aeternam,

2108 1352 2316 1407 reddet
2335 1354 2583 1425 gloriam
2606 1362 2664 1410 et
2680 1356 2970 1413 honorem
2993 1375 3061 1413 ac
3076 1360 3609 1433 incorruptionem.
3632 1387 3659 1413 «
3683 1365 3763 1419 Ac

2108 1439 2636 1513 incorruptionem.
2671 1466 2698 1493 »
2731 1445 2811 1500 De
2845 1448 3281 1504 resurrectione
3312 1452 3463 1506 ostia
3506 1451 3761 1524 aperuit,

2109 1534 2320 1585 etcum
2342 1530 2539 1598 verbo,
2569 1532 2795 1599 reddet,
2820 1534 2978 1604 quod
3000 1553 3033 1591 a
3054 1539 3357 1592 communi
3391 1555 3569 1597 sensu
3592 1556 3762 1612 repe-

2108 1620 2355 1677 tendum
2386 1628 2496 1693 est,
2527 1623 2860 1695 completur
2890 1627 3204 1682 sententia.
3239 1629 3382 1683 Nam
3414 1629 3623 1685 reddet
3673 1631 3767 1685 his

2112 1709 2352 1779 quidem
2383 1710 2562 1771 bona.
2598 1712 2718 1767 illis
2748 1729 2883 1768 vero
2916 1714 3199 1770 reddetur
3228 1715 3562 1789 indignatio
3593 1722 3653 1772 et
3681 1719 3771 1773 ira

342 1806 439 1861 καὶ
490 1807 738 1878 ζεῦγμα),
793 1788 981 1856 σκόπει
1043 1800 1127 1854 δτι
1186 1798 1255 1853 τὰ
1314 1796 1410 1868 μὶν
1478 1793 1652 1869 ἀγαθὰ
1707 1788 2003 1892 ἀποδκώσει,

2118 1796 2349 1868 aliaque
2380 1798 2897 1870 hujusmodi.Cum
2929 1806 3128 1857 autem
3147 1788 3785 1874 duplexlsitorationis'

344 1893 505 1963 φησὶ,
537 1893 637 1959 τήν
672 1887 730 1945 δὲ
759 1889 982 1945 κόλασιν
1022 1887 1124 1943 οὐκ
1178 1883 1478 1950 ἀποδώσει,
1536 1879 1665 1938 ἀλλ’
1722 1878 2004 1951 ἀποδοθή-

348 1956 521 2041 σεται.
557 1980 655 2036 Καὶ
687 1977 1004 2036 οὐδὲτοῦτο
1041 1976 1179 2033 κατᾶ
1222 1974 1367 2045 λέξιν
1424 1974 1590 2041 εἶπεν,
1650 1969 1775 2027 ἀλλ’
1832 1971 2009 2048 ἀφῆκε

347 2072 834 2142 συνεπινοηθῆναι.
895 2069 1086 2130 Οὓτως
1141 2063 1278 2131 οἶδε,
1336 2065 1399 2121 τὸ
1457 2065 1551 2139 μὲν
1613 2060 1861 2118 δικαιοῦν
1918 2059 2008 2117 καὶ

350 2164 572 2231 σώζειν,
636 2160 837 2215 οἰκεῖον
889 2162 1046 2217 Θεοῦ.
1106 2157 1185 2214 Τὸ
1243 2153 1302 2210 δὲ
1380 2158 1646 2228 τιμωρεῖν
1703 2152 1864 2208 αὐτὸν
1919 2165 2010 2220 καὶ

356 2251 638 2320 κολάζειν,
697 2248 804 2303 ἀπὸ
857 2253 956 2316 τῆς
1009 2251 1117 2301 τῶν
1192 2243 1611 2320 ἁμαρτανόντων
1676 2241 2009 2315 πωρώσεως,

356 2340 451 2395 καὶ
488 2343 584 2395 τοῦ
619 2338 695 2410 μή
734 2341 1012 2411 μετανοεῖν
1053 2336 1144 2390 καὶ
1192 2334 1551 2411 ἐπιστρέφειν.
1588 2355 1616 2384 ››
1670 2333 1800 2391 Τοῖς
1860 2327 1917 2385 δὲ
1961 2328 2013 2401 ἐξ

345 2428 617 2504 ἐριθείας.
682 2450 711 2479 ››
769 2424 942 2482 Πάλιν
989 2421 1227 2480 δείκνυσι
1310 2420 1649 2503 φιλονεικίας
1733 2422 1867 2475 εἶναι
1923 2418 2014 2474 καὶ

348 2517 631 2595 ῥᾳθυμίας
672 2516 739 2572 τὰ
795 2517 1188 2591 ἁμαρτήματα.
1250 2538 1277 2566 ‹‹
1312 2511 1418 2569 Καὶ
1475 2510 1732 2581 ἀληθείᾳ.
1776 2533 1804 2561 ι)
1865 2512 2014 2583 Ηαρ-

356 2605 580 2664 ἕλκεται
610 2606 675 2662 τὸ
707 2604 821 2662 καί.
881 2603 1431 2676 [ΟΙΚΟΥΜΕΝΙΟΥ.]
1490 2623 1518 2653 ‹‹
1548 2597 1903 2672 Πειθομένοις
1957 2594 2015 2653 δὲ

352 2701 427 2770 τῇ
459 2694 668 2766 ἀδικίᾳ.
700 2720 728 2748 ››
779 2694 877 2757 Τίς
937 2693 1041 2770 γὰρ
1098 2690 1338 2748 πιστεύει
1397 2690 1483 2746 ὅτι
1539 2689 1708 2744 καλὸν
1740 2691 1774 2758 ἡ
1806 2685 2011 2744 ἀδικία.

354 2787 449 2841 καὶ
479 2785 648 2839 κακὸν
678 2786 713 2854 ἡ
746 2785 1013 2854 ἀλήθειας
1049 2789 1226 2852 Δῆλον
1252 2778 1370 2851 οὖν,
1413 2780 1487 2842 ὡς
1536 2777 1587 2833 ἐν
1636 2777 1830 2855 γνώσει
1871 2776 2012 2834 ἐστὶν

351 2877 389 2945 ἡ
453 2872 716 2948 ἁμαρτία.
776 2875 955 2931 Τοῦτο
1010 2872 1117 2950 γὰρ
1204 2868 1439 2944 μάλιστα
1521 2869 1585 2924 τὸ
1669 2864 2018 2941 Πειθομένοις

364 2963 557 3035 δηλοῖ·
595 2964 730 3020 έκὼν
768 2966 871 3039 γὰρ
932 2964 1171 3019 πείθεται
1203 2963 1231 3017 ὁ
1270 2961 1610 3034 πειθόμενος.
1671 2984 1691 3009 ιι
1727 2960 1852 3015 Ἑπὶ
1909 2963 2016 3013 πᾶ-

361 3076 461 3110 σαν
491 3056 705 3129 ψυχήν.
742 3078 770 3105 ››
802 3053 917 3111 Οὐκ
948 3047 1049 3121 ἔνι,
1082 3052 1239 3131 φησὶ,
1278 3046 1556 3127 βασιλεὺς,
1587 3048 1690 3103 οὐκ
1734 3041 1809 3102 ἔνι
1859 3043 2012 3102 δυνέἱο

2114 1886 2354 1941 schema
2376 1890 2538 1958 (nam
2562 1892 2621 1942 et
2642 1904 2677 1942 a
2697 1888 3000 1943 communi
3028 1907 3307 1946 sermono
3329 1893 3602 1963 repetitio
3621 1894 3765 1948 dici-

2113 1981 2210 2030 tur
2223 1977 2891 2049 etzeugma),considera
2907 1979 3064 2049 quod
3082 1980 3254 2035 dicit:
3280 2004 3301 2029 α
3336 1982 3493 2036 Bona
3522 1982 3764 2053 quidem

2114 2064 2372 2133 reddet,~
2392 2066 2684 2121 ultionem
2699 2083 2832 2121 vero
2854 2084 2973 2123 non
2997 2068 3763 2131 reddet.sedillareddetur:

2117 2159 2176 2208 et
2205 2169 2280 2209 ne
2311 2154 2422 2209 hoc
2446 2154 2684 2226 quidem
2711 2172 2988 2227 expresse
3007 2156 3173 2222 dicit,
3200 2157 3305 2213 sed
3326 2159 3775 2233 subintelligeno

2116 2242 2256 2298 dum
2305 2243 2547 2316 reliquit
2600 2260 2612 2299 :
2648 2245 2732 2300 ita
2764 2246 2958 2301 sciens
3003 2246 3055 2301 ei
3090 2248 3397 2319 praprium
3448 2265 3576 2305 esse
3609 2249 3766 2320 quod

2109 2333 2343 2405 justum
2376 2339 2467 2388 est
2491 2333 2717 2389 salvare
2743 2350 2757 2388 :
2791 2351 2966 2406 porro
3002 2336 3207 2391 ulcisci
3239 2353 3307 2393 ac
3329 2339 3539 2409 punire
3564 2354 3770 2410 prove-

2117 2422 2209 2477 nit
2236 2439 2270 2478 a
2299 2427 2677 2495 peccatorum
2699 2422 3092 2481 obduratione
3128 2442 3141 2480 :
3169 2427 3444 2498 quodque
3478 2429 3764 2498 pmnitere

2118 2510 2315 2566 nolint
2347 2528 2414 2568 ac
2445 2513 2726 2568 converti.
2754 2535 2782 2563 (ι
2809 2513 2885 2568 lis
2910 2531 3043 2569 vero
3062 2515 3161 2585 qui
3180 2522 3321 2571 sunt
3340 2518 3714 2572 contentiosi.
3736 2538 3764 2568 δ)

2120 2604 2373 2658 Rursum
2405 2609 2647 2674 peccata
2690 2619 2760 2659 ex
2815 2605 3146 2676 pertinacia
3196 2612 3256 2661 et
3313 2607 3585 2663 socordia
3642 2624 3770 2664 esse

2120 2692 2400 2747 ostendit.
2451 2715 2477 2746 ι
2516 2695 2585 2748 Et
2608 2692 2860 2748 veritati.
2898 2716 2921 2744 ι
2955 2696 3310 2767 Conjunctio
3334 2697 3444 2766 καὶ,
3479 2705 3551 2762 et,
3585 2700 3771 2754 otiose

2121 2783 2376 2839 additur.
2414 2804 2441 2832 «
2473 2785 2689 2839 Parent
2725 2790 2924 2839 autem
2978 2784 3307 2857 injustitiae.
3337 2808 3366 2837 ››
3416 2787 3556 2851 Quis
3609 2788 3771 2842 enim

2121 2872 2310 2928 credit
2341 2873 2499 2946 quod
2524 2873 2746 2928 bonum
2786 2874 2863 2927 sit
2921 2874 3237 2946 injustitla,
3294 2876 3525 2930 malum
3574 2882 3773 2932 autem

2122 2961 2199 3015 sit
2229 2961 2491 3016 veritas?
2536 2963 2740 3031 Itaque
2790 2961 3173 3018 manifestum
3220 2969 3308 3019 est
3340 2965 3503 3035 quod
3554 2982 3623 3020 ex
3671 2983 3772 3020 oo-

2120 3050 2407 3121 gnitione,
2441 3055 2500 3102 et
2527 3064 2646 3102 non
2678 3065 2748 3103 ex
2779 3049 3114 3120 ignorantia
3146 3051 3222 3105 sit
3263 3059 3595 3123 peccatum.
3629 3055 3773 3108 Nam

358 3164 499 3213 στης
531 3143 590 3205 ὅς
624 3140 988 3213 διαφεύξεται.
1039 3164 1068 3193 ‹‹
1102 3137 1367 3196 Ἰουδαίου
1413 3159 1471 3193 τε
1518 3141 1755 3212 πρῶτον.
1790 3160 1819 3187 ››
1860 3136 2010 3206 Ὄσῳ

2124 3138 2236 3192 hoc
2265 3137 2521 3192 maxime
2545 3136 2839 3209 significat
2859 3136 3038 3193 dictio
3051 3138 3773 3213 ualeopévozqﬂuiparent;

364 3198 768 3311 γὰρ-πλείονός
812 3198 1165 3290 έιδασκαλίας
1221 3228 1473 3300 ἠξίωται,
1531 3198 1779 3296 τοσούτῳ
1835 3226 2010 3299 ἀμαρο

2124 3228 2454 3284 voluutarie
2486 3244 2746 3299 namque
2777 3233 2945 3299 paret
2966 3227 3015 3284 is
3045 3231 3143 3300 qui
3168 3237 3356 3302 paret.
3384 3255 3410 3282 ‹‹
3438 3233 3625 3305 Super
3648 3251 3771 3291 om-

366 3323 518 3379 τάνω
575 3321 742 3378 πλέον
826 3322 1299 3397 τιμωρηθήσεται.
1375 3322 1652 3389 Ἐσεσθαι,
1738 3313 1921 3395 φησίν,
1980 3316 2017 3387 ἢ

368 3410 590 3485 μᾶλλον
620 3408 820 3469 ἓσεται.
881 3411 1101 3466 Ἔσεται
1140 3410 1244 3483 γὰρ
1290 3405 1429 3483 ὀργὴ
1472 3403 1560 3460 ἐπ)
1608 3408 1781 3459 πᾶσαν
1829 3404 2018 3478 ψυχὴν

364 3501 661 3577 ἄνθρώπου
690 3504 787 3556 τοῦ
837 3498 1324 3574 κατεργαζομένου.
1379 3518 1403 3550 ι
1438 3496 1573 3565 Δόξα
1623 3492 1680 3549 δὲ
1731 3493 1821 3548 καὶ
1880 3492 2017 3565 τιμὴ

362 3592 457 3646 καὶ
490 3590 704 3666 εἰρήνη.
742 3586 995 3649 »Καλῶς
1051 3587 1137 3654 τὸ,
1188 3610 1216 3638 ι(
1250 3583 1359 3641 Καὶ
1408 3583 1625 3658 εἰρήνη,
1660 3608 1682 3636 ι
1727 3582 1870 3638 Ἑκεῖ
1913 3579 2019 3655 γὰρ

365 3676 552 3740 οὐδεὶς
590 3677 679 3734 διὰ
729 3678 925 3756 φθόνον
989 3678 1300 3755 μαχήσεται
1352 3678 1432 3746 τῷ
1478 3670 1762 3744 τιμηθέντι
1793 3670 1829 3739 ἢ
1863 3667 2017 3740 δοξα-

361 3768 561 3825 σθέντι.
598 3793 625 3820 ‹‹
667 3766 920 3840 Ἰουδαίῳ
974 3787 1031 3821 τε
1080 3771 1299 3839 πρῶτον
1356 3763 1448 3819 καὶ
1502 3759 1764 3831 ’Ἑλλητμ
1830 3786 1850 3811 ι
1910 3760 2021 3816 Ἳνα

366 3861 447 3933 μη
480 3860 781 3932 νομίζωσιν
808 3853 1063 3913 Ἰουδαῖοι
1094 3855 1186 3910 τὸν
1217 3847 1569 3930 ἁκρόϐυστον,
1608 3850 1705 3906 κᾶν
1765 3843 2023 3917 θεοσεϐὴς

358 3949 418 4024 ᾖ,
454 3943 682 4004 ἔλαττον
716 3943 886 4027 ἔχειν,
947 3946 1200 4001 συνάπτει
1252 3942 1465 4003 αὐτούς.
1503 3941 1596 3997 ’Ἑλ
1613 3940 1777 4010 ληνα,
1825 3938 1886 3995 οὐ
1929 3938 2022 3994 τὸν

362 4025 787 4112 εἰδωλολάτρην
820 4035 993 4111 λέγει,
1023 4034 1169 4090 ἀλλὰ
1197 4034 1288 4088 τὸν
1329 4025 1662 4108 ἀκρόϐυστον
1727 4029 1840 4103 μὲν,
1896 4038 2022 4090 οεο-

361 4124 498 4198 σεϐἧ
530 4125 589 4183 δὲ
618 4128 709 4182 καὶ
743 4125 954 4184 πιστόν.
987 4148 1015 4176 ‹‹
1049 4123 1125 4181 Οὐ
1173 4123 1274 4199 γάρ
1326 4121 1438 4177 ἐστι
1488 4116 1952 4195 προσωποληψία.
1984 4138 2018 4170 κ

359 4218 440 4275 Οὗ
500 4218 606 4292 γὰρ
656 4217 992 4291 προσώπων,
1050 4211 1178 4270 ἀλλ’
1243 4206 1414 4288 ἔργων
1474 4208 1613 4264 ἐστὶν
1670 4209 1707 4277 ἡ
1769 4209 2017 4283 ζήτησις.

359 4309 632 4363 Ἐντεῦθεν
690 4304 823 4383 ἄχρι
883 4304 1116 4379 ψόλλων
1197 4299 1486 4366 πλειόνων,
1550 4298 1738 4374 μάχην
1813 4294 2016 4370 εἰσάγει

359 4398 584 4453 ἐθνικῶν
617 4396 708 4451 καὶ
741 4391 1041 4450 Ἰουδαίων’
1097 4391 1189 4447 καὶ
1248 4392 1545 4464 συνηγορεί
1598 4390 1722 4447 τοῖς
1783 4383 2018 4444 έθνικοῖς

364 4492 485 4562 μὲν,
518 4489 671 4566 φύσει
713 4487 771 4544 δὲ
826 4488 917 4543 καὶ
972 4487 1040 4543 τὰ
1100 4484 1283 4540 δίκαια
1338 4480 1659 4557 πράττουσι.
1719 4480 1898 4536 Τοῦτο
1959 4473 2017 4532 δέ

2126 3335 2265 3374 nem
2294 3318 2577 3374 animam.
2600 3336 2625 3367 ιι
2655 3318 2779 3372 Non
2803 3321 3018 3388 potest.
3043 3319 3259 3390 inquit,
3285 3338 3407 3387 rex,
3439 3339 3558 3378 non
3583 3330 3777 3395 potest

2126 3408 2505 3479 magistratus
2531 3406 3167 3479 eﬂ‘ugere.«Juda3ique
3190 3411 3515 3481 primum.»
3543 3415 3771 3478 Quanto

2125 3497 2286 3553 enim
2309 3496 2595 3568 majorem
2612 3494 2945 3551 doctrinam
2961 3498 3378 3570 accepit,tanto
3392 3518 3645 3572 peccans
3658 3519 3780 3559 ma-

2118 3586 2237 3658 jori
2268 3586 2550 3659 punietur
2582 3584 2893 3657 supplicio.
2927 3587 3284 3661 Intelligitur
3303 3597 3501 3647 autem
3525 3593 3766 3648 verbum

2122 3670 2320 3742 ἔσεται,
2355 3675 2486 3741 erit,
2530 3674 2648 3730 sive
2680 3674 2985 3744 Obveniet;
3018 3677 3291 3734 Obveniet
3322 3682 3480 3736 enim
3511 3682 3618 3749 ira,
3652 3689 3764 3738 etc.

2126 3783 2305 3839 super
2334 3783 2573 3823 omnem
2607 3766 2868 3821 animam
2891 3765 3151 3822 hominis
3177 3769 3277 3839 qui
3303 3770 3525 3824 malum
3559 3788 3770 3841 opera-

2126 3863 2237 3913 tur.
2274 3881 2299 3906 ‹‹
2327 3856 2528 3913 Gloria
2549 3871 2683 3910 vero
2707 3860 2765 3910 et
2785 3855 2976 3910 honor
2998 3864 3054 3910 et
3075 3873 3205 3928 pax.
3237 3877 3264 3908 ι
3284 3857 3534 3913 Pulchre
3563 3859 3727 3913 addit
3752 3877 3765 3914 :

2124 3964 2151 3991 ‹‹
2188 3942 2260 3995 Et
2300 3956 2455 4011 pax;
2490 3959 2518 3988 ››
2576 3937 2656 3991 ibi
2718 3937 2877 3992 enim
2934 3938 3136 3993 nullus
3192 3938 3411 3994 invidia
3461 3956 3767 4009 accensus,

2124 4028 2418 4101 pugnabit
2440 4026 2721 4082 adversus
2752 4024 2922 4080 illum
2954 4026 3056 4096 qui
3092 4026 3417 4083 honoratus
3445 4028 3624 4084 fuerit
3668 4034 3773 4086 aut

2130 4118 2330 4191 gloria
2357 4118 2626 4172 allectus.
2656 4136 2686 4166 »
2717 4114 2917 4169 Iudaeo
2961 4115 3218 4186 primum
3261 4122 3319 4171 et
3365 4118 3581 4174 Graeco.
3617 4142 3644 4168 ››
3693 4122 3773 4176 Ne

2129 4207 2481 4262 existiment
2502 4202 2684 4259 Judaei
2708 4219 2841 4258 eum
2872 4202 2972 4273 qui
2994 4203 3055 4257 in
3078 4206 3369 4276 prmputio
3400 4208 3571 4275 est,si
3596 4209 3774 4263 etiam

2124 4296 2233 4351 Dei
2262 4294 2455 4350 cultor
2482 4291 2681 4359 fuerit,
2715 4290 3059 4347 inferiorem
3101 4309 3251 4363 esse,
3292 4296 3604 4368 conjunxit
3631 4313 3769 4352 eos:

2124 4386 2393 4441 Graecum
2419 4388 2620 4437 autem
2643 4386 2811 4436 vocat
2835 4398 2955 4437 non
2978 4382 3375 4452 idololatram,
3396 4386 3499 4441 sed
3522 4388 3772 4458 eumqui

2121 4476 2189 4531 in
2220 4471 2512 4546 praeputio
2546 4475 2655 4537 est,
2685 4487 2888 4526 verum
2919 4472 3024 4527 Dei
3045 4472 3238 4529 cultor
3262 4491 3329 4531 ac
3369 4474 3583 4532 ﬁdelis.
3616 4476 3769 4534 222

360 4561 541 4650 ποιεῖ,⁷
568 4578 742 4644 θέλων
772 4576 864 4633 τὸν
897 4576 993 4651 μὶν
1023 4575 1191 4649 νόμον
1244 4567 1519 4640 ἐκϐαλεῖν,
1578 4568 1677 4637 τήν
1734 4564 1791 4622 δὲ
1837 4564 2010 4622 πίστιι

2134 4586 2159 4617 σ
2193 4565 2319 4620 Non
2351 4561 2511 4617 enim
2538 4566 2629 4616 est
2646 4576 3037 4634 personarum
3064 4569 3387 4635 respectus.
3417 4586 3443 4613 »
3462 4564 3771 4636 Siquidem

362 4672 722 4742 ἁντεισαγεῖν.

2116 4670 2239 4709 non
2269 4667 2675 4725 personarum.
2713 4651 2817 4707 sed
2847 4668 3096 4723 operum
3129 4652 3196 4707 fit
3254 4652 3580 4725 inquisitio.
3618 4655 3770 4709 Hinc

356 4739 796 4830 consequenter
811 4774 1069 4831 pugnam
1091 4772 1159 4812 ac
1180 4751 1625 4811 contentionem
1649 4745 1898 4815 inducit,
1923 4761 2054 4818 qua)
2078 4741 2149 4798 de
2171 4739 2443 4814 pluribus
2464 4740 2625 4812 parvi
2656 4741 2944 4795 momenti
2976 4739 3153 4796 rebus
3186 4742 3343 4797 inter
3398 4743 3649 4816 gentiles
3701 4760 3770 4799 ac

354 4849 591 4905 Iudaeos
623 4855 780 4906 erat:
815 4830 873 4904 et
902 4849 974 4904 iis
1004 4847 1410 4920 patrocinatur
1440 4840 1541 4914 qui
1585 4839 1838 4914 gentiles
1893 4834 2135 4908 quidem
2192 4836 2350 4898 sunt,
2401 4834 2955 4920 Aattamengnaturaa
3021 4830 3203 4887 ductu
3261 4839 3581 4904 Operantur
3637 4850 3768 4905 qua)

353 4939 513 4995 bona
543 4944 700 4993 sunt.
735 4938 853 4994 Hoc
881 4918 1079 4994 autem
1111 4936 1253 4991 facit
1282 4934 1483 4990 volens
1514 4933 1704 5005 legem
1733 4929 2013 5002 abjicere,
2046 4939 2115 4979 ac
2146 4921 2206 4976 in
2238 4923 2368 4993 ejus
2398 4918 2596 4974 locum
2628 4918 2806 4973 ﬁdem
2837 4920 3239 4980 introducere.

1004 5030 1258 5082 ΚΕΦΑΛ.
1302 5028 1370 5081 Ι“.

360 5116 495 5191 Περὶ
582 5114 813 5191 κρίσεως
899 5121 1006 5191 τῆς
1089 5113 1228 5169 κατὰ
1277 5115 1407 5191 ’τοῦ
1482 5108 1726 5186 Ἰσραὴλ,
1778 5111 1875 5165 τοῦ
1935 5106 2012 5181 μή

824 5186 1196 5266 φυλάσσοντος
1233 5185 1303 5240 τὰ
1328 5184 1563 5257 νόμιμα.

429 5281 587 5337 "Udo:
644 5278 750 5354 γὰρ
808 5276 1030 5351 ἀνόμως
1086 5275 1357 5351 ἥμαρτον,
1415 5274 1633 5348 ἀνόμως
1722 5272 1813 5329 καὶ
1878 5271 2014 5327 ἀπο-

360 5366 606 5423 λοῦνταιο
666 5367 759 5423 καὶ
815 5366 934 5422 ὅσοι
1000 5364 1053 5421 έν
1107 5366 1260 5439 νόμῳ
1317 5365 1586 5437 ἥμαρτον,
1671 5360 1760 5418 διὰ
1839 5356 2014 5435 νόμου

357 5459 714 5534 κριθήσονται
797 5455 877 5515 Οὐ
935 5454 1039 5530 γὰρ
1095 5454 1146 5509 οἱ
1204 5453 1467 5530 ἀκροαταὶ
1522 5457 1621 5508 τοῦ
1699 5452 1874 5526 νόμου
1930 5448 2016 5507 δί-

355 5567 508 5604 καιοι
550 5548 697 5620 παρὰ
751 5550 830 5619 τῷ
896 5549 1036 5619 Θεῷ,
1090 5543 1216 5601 ἀλλ’
1284 5545 1341 5600 οἱ
1398 5542 1627 5616 ποιηταὶ
1678 5546 1777 5599 τοῦ
1835 5542 2013 5618 νόμου

359 5632 842 5710 δικαιωθήσονται.

2765 5009 2996 5066 CAPUT
3028 5012 3128 5066 Ill.

2127 5103 2199 5157 De
2209 5100 2427 5173 judicio
2456 5099 2605 5170 quod
2630 5100 2814 5167 fertur
2842 5101 3098 5157 adversus
3126 5103 3405 5159 Israelitas
3427 5102 3630 5175 legalia
3660 5120 3770 5161 non

2798 5196 3090 5247 servantes.

2195 5281 2266 5347 II,
2301 5281 2388 5344 l2,
2425 5278 2508 5332 l3.
2543 5278 2676 5332 Nam
2707 5280 3022 5350 quicunque
3057 5280 3179 5337 sine
3227 5283 3342 5354 lege
3382 5291 3750 5355 peccaverunt

2122 5372 2237 5426 sine
2267 5367 2383 5437 lege
2403 5367 2685 5436 peribunt.
2719 5374 2771 5421 et
2799 5371 3113 5442 quicunque
3143 5373 3203 5427 in
3234 5372 3351 5444 lege
3383 5381 3768 5444 peccaverunt,

2116 5475 2220 5531 per
2254 5456 2429 5526 legem
2473 5455 2901 5524 judicabunmr.
2946 5462 3067 5517 Non
3116 5464 3260 5517 enim
3320 5464 3598 5518 auditores
3639 5462 3775 5530 legis

2111 5550 2257 5623 justi
2285 5551 2412 5602 sunt
2443 5547 2596 5616 apud
2624 5548 2812 5622 Deum,
2844 5551 2940 5607 sed
2988 5551 3087 5624 qui
3137 5552 3305 5622 legem
3359 5555 3522 5621 factis
3580 5549 3770 5618 expri-

2120 5644 2296 5709 munt,
2315 5636 2802 5711 justiﬁeabuntur.
