4176 6200
397 289 512 348 355

1512 267 1929 333 (ECUMENII
1973 266 2278 327 TRICCIE
2321 268 2666 334 EPISCOPI

3686 283 3804 344 3B6

471 421 794 479 Ostendero
817 416 938 470 vult
959 412 1119 485 quod
1139 427 1273 475 cum
1285 409 1400 465 due
1421 406 1814 480 peccaverint.
1829 417 2037 473 nempe

2231 403 2406 472 Δεῖξαι
2441 404 2594 469 θέλεῖ
2621 406 2672 462 ἐν
2721 406 2818 465 δύο
2861 409 3259 488 ἁμαρτήσασιν,
3313 410 3563 487 Ἰουδαίῳ
3608 433 3667 470 τε
3717 417 3807 470 καὶ

398 512 633 570 Ιυάωυε
665 524 730 562 ac
761 503 1178 577 prmputiatus,
1219 499 1452 573 gravius
1494 496 1740 569 punitur
1787 493 2050 568 Judaaus,

405 620 471 657 eo
505 598 685 669 quod,
718 596 898 649 etiam
934 593 1121 663 legem
1157 590 1384 645 habens
1412 589 1547 643 vitas
1579 587 1810 650 ducem,
1843 595 2054 653 pecca-

402 690 587 745 verit:
624 683 1039 756 praeputiatum
1070 696 1204 735 vero
1240 678 1471 733 inducit
1499 691 1628 731 sme
1647 675 1774 744 lege
1799 684 2052 743 peccan-

407 784 547 841 tem,
581 774 681 845 qui
709 773 836 827 sine
872 772 1019 841 lege,
1053 768 1268 838 inquit,
1305 765 1524 838 peribit
1555 780 1568 818 :
1603 765 1716 818 hoc
1773 765 1882 823 est,
1931 773 2050 813 non

397 868 571 940 juxta
598 863 745 935 legis
769 860 1160 923 exactionem,
1187 857 1345 928 quod
1369 854 1734 909 moderatam
1757 847 2055 921 signiﬁcat

405 955 844 1029 perditionem:
887 950 1155 1005 Judaeum
1204 963 1338 1001 vero
1388 961 1459 999 ex
1512 940 1856 1014 praescripto
1907 936 2055 1009 legis

404 1047 549 1102 dicit
578 1043 1109 1116 praavaricatorem,
1143 1038 1244 1108 qui
1276 1052 1382 1107 per
1410 1035 1622 1104 legem,
1650 1029 2052 1100 inquit,quam

402 1143 811 1209 transgressus
844 1136 935 1186 est
955 1128 1358 1201 judicabitur;
1390 1125 1500 1180 hoc
1531 1127 1729 1177 autem
1759 1116 2054 1189 signiﬁcat

399 1204 687 1282 acriorem
704 1218 1323 1294 perditionem.lpsum
1339 1230 1472 1269 vero
1486 1204 2047 1294 appellatjudicium

396 1332 518 1370 non
540 1291 954 1385 perditionem,
978 1323 1047 1360 eo
1070 1304 1229 1376 quod
1249 1310 1528 1372 tanquam
1552 1299 1743 1352 forum
1755 1291 2042 1366 judiciale

402 1382 789 1460 existimetur.
816 1399 1025 1451 Verum
1050 1396 1099 1448 si
1121 1392 1356 1466 gravius
1378 1382 2053 1461 puniturludaausjuxta

401 1490 932 1564 praescriptionem,
967 1481 1266 1554 quomodo
1299 1480 1371 1534 de
1401 1480 1599 1534 Graaco
1630 1473 1874 1547 quidem
1904 1469 2053 1524 dixit

407 1558 429 1631 ξι
456 1558 759 1641 Peribunt,
792 1600 817 1625 »ι
854 1573 1151 1629 deludam
1179 1576 1400 1635 autem,
1452 1590 1479 1618 «
1512 1564 1938 1623 iudicabuntur
1960 1558 1988 1614 ‘?
2019 1579 2047 1608 ι»

403 1664 823 1733 Quorumillud
842 1663 1175 1718 indubitate
1200 1660 1424 1715 malum
1456 1673 1585 1711 esse
1616 1654 1863 1717 videtur,
1892 1646 2050 1704 istud

404 1773 538 1812 vero
573 1756 632 1809 in
662 1753 910 1808 dubium
942 1750 1149 1806 referri
1190 1746 1427 1821 potest?
1455 1745 1569 1800 Sed
1621 1741 1858 1799 adverte
1890 1739 2049 1811 quod

398 1868 428 1897 ‹‹
460 1844 758 1900 Iudicium
794 1864 822 1891 »
855 1846 1023 1895 vocat
1058 1839 1155 1893 hic
1182 1834 1762 1895 condemnationem,
1793 1831 1905 1884 hoc
1962 1835 2053 1884 est

400 1934 798 1989 indubitatam
834 1929 1228 2002 perditionem
1251 1944 1265 1993 ;
1285 1931 1371 1981 est
1398 1930 1597 1979 autem
1618 1920 1848 1993 punitio
1870 1933 2050 1988 supra

399 2022 802 2094 punitionem,
855 2024 912 2073 et
978 2024 1294 2087 utrumque
1352 2012 1615 2068 indubia:
1676 2007 2046 2080 perditionis,

401 2112 735 2167 Aliter.lloc
764 2110 891 2164 loco
924 2124 1044 2162 non
1076 2105 1363 2176 aequalem
1397 2101 1659 2158 ostendit
1699 2099 2049 2171 dignitatem

397 2200 588 2256 Judaei
612 2206 669 2254 et
687 2197 893 2263 Graeci,
930 2196 1031 2250 sed
1061 2195 1327 2250 Judaeum
1352 2209 1386 2247 a
1412 2191 1558 2263 legis
1579 2189 1820 2244 datioue
1842 2185 2049 2242 admo-

395 2290 536 2345 dum
571 2305 700 2343 esse
732 2286 909 2341 etiam
940 2289 1263 2357 gravatum.
1308 2281 1460 2337 2‘23
1506 2280 1741 2334 Graecus
1789 2288 2047 2345 namque

397 2379 525 2433 sine
560 2378 686 2449 lege
711 2376 1031 2448 judicatur.
1069 2371 1234 2438 Quod
1264 2376 1463 2426 autem
1516 2368 1694 2423 habet
1742 2366 1859 2430 hic,
1916 2363 2044 2417 sine

389 2467 544 2539 lege,
588 2483 707 2521 non
738 2466 968 2538 gravius
1000 2462 1163 2529 dicit,
1195 2461 1297 2516 sed
1326 2458 1562 2514 mitius:
1595 2457 1705 2511 hoc
1763 2459 1872 2521 est,
1923 2468 2044 2507 non

384 2558 568 2613 habet
588 2561 965 2613 accusantem
989 2555 1197 2625 legem.
1226 2553 1364 2606 Nam
1393 2550 1521 2604 sine
1544 2545 1758 2619 lege.id
1783 2550 1872 2599 est
1900 2542 2042 2598 abs-

386 2664 499 2719 que
536 2646 699 2701 illius
730 2642 1249 2703 condemnatione.
1280 2657 1314 2695 a
1334 2646 1560 2694 naturae
1580 2638 1772 2692 solum
1802 2632 2044 2689 ratioci-

384 2735 729 2792 nationibus
748 2733 1183 2788 condemnatur
1209 2748 1219 2782 :
1244 2729 1479 2784 Judaaus
1502 2742 1636 2782 vero
1659 2722 2043 2780 conformiter

383 2825 457 2881 ad
485 2825 711 2896 legem:
736 2824 849 2878 hoc
874 2828 963 2877 est
985 2821 1111 2893 lege
1137 2818 1312 2874 simul
1341 2834 1475 2873 cum
1509 2822 1721 2871 natura
1747 2812 2037 2868 condem-

384 2921 604 2980 nante;
643 2913 865 2967 etenim
898 2928 1014 2981 quo
1048 2911 1239 2979 major
1268 2909 1339 2963 de
1381 2924 1450 2961 eo
1498 2921 1640 2961 cura
1688 2901 2035 2964 habebatur,

388 3010 549 3060 tanto
585 3004 842 3073 majores
878 3000 1043 3055 dabit
1072 3015 1293 3071 pmnas.
1330 3020 1357 3047 ι(
1392 2998 1516 3051 Non
1551 2995 1709 3050 enim
1735 2992 2038 3048 auditores

378 3093 544 3166 legis.
575 3114 597 3142 υ
626 3091 681 3146 Si
708 3091 950 3162 quidem
984 3088 1326 3143 hominibus
1376 3084 1643 3141 fortassis
1700 3083 2026 3153 imponunt.

2163 487 2508 596 ἀκροϐύστῳ,
2558 502 2746 575 χεῖρον
2800 500 2892 555 τὸν
2949 500 3213 558 Ἰουδαῖον
3265 508 3648 580 τιμωρεῖσθαι,
3699 503 3810 578 ὅσῳ

2163 581 2253 683 καὶ
2292 581 2468 686 νόμου
2525 584 2735 686 ὁδηγοῦ
2795 588 3100 667 εὐπορήσας
3151 592 3418 668 ἥμαρτεν
3481 592 3701 667 ἀνόμως
3757 592 3816 649 δὶ

2164 676 2543 769 αμαρτάνοντα
2580 676 2802 769 μείσάγει
2859 680 2951 734 τὸν
3025 677 3383 757 ἀκρόϐυστον,
3470 683 3550 752 ὃς,
3619 681 3806 760 φησὶν,

2162 757 2383 831 ἀνόμως
2467 762 2777 822 ἀπολεῖταιο
2852 768 3146 841 τουτέστιν,
3226 771 3289 827 οὐ
3356 772 3489 845 μετὰ
3536 757 3816 847 ἀκριϐείας

2160 846 2353 935 γόμου,
2383 849 2611 922 ὅδηλοῖ
2660 856 2759 925 τὴν
2813 858 3124 935 σύμμετρον
3180 858 3479 919 ἀπώλειαν.
3535 846 3816 933 Ἐννόμως

2162 932 2220 1031 δξ
2251 940 2558 1031 ἁμαρτόντα
2589 941 2739 1031 λ-ἐγ-ει
2766 947 2860 1002 τὸν
2900 932 3183 1019 Ἰουδαῖον,
3240 952 3318 1013 ὅς.
3368 953 3525 1031 φησὶ,
3577 948 3665 1006 διὰ
3702 932 3812 1007 τοῦ

2160 1026 2340 1100 νόμου
2370 1028 2429 1085 ὅν
2457 1029 2804 1106 παραϐέϐηκε
2851 1040 3190 1112 κριθήσεται,
3244 1026 3489 1096 τοοτέστι
3545 1061 3807 1117 κατακρι-

2159 1120 2399 1210 θήσεται.
2435 1123 2612 1195 Δηλοῖ
2640 1124 2697 1182 δὲ
2724 1132 2887 1185 τοῦτο
2915 1131 3016 1201 τήν
3046 1133 3270 1207 χείρονα
3318 1133 3617 1190 ἀπώλειαν.
3679 1135 3809 1210 Κρί-

2158 1229 2241 1263 σιν
2258 1207 2332 1299 Δδὲ
2361 1212 2528 1284 αὐτὴν
2562 1215 2742 1284 καλεῖ,
2765 1218 2856 1273 καὶ
2884 1218 2981 1275 οὐκ
3016 1220 3311 1291 ἀπώλειαν,
3355 1219 3442 1279 διά
3458 1223 3519 1278 τὸ
3551 1207 3803 1299 ἡγεῖσθαι

2159 1299 2221 1353 τὸ
2254 1295 2627 1379 δικαστήριον.
2660 1307 2727 1364 El
2758 1313 2946 1388 χεῖρον
2978 1310 3071 1365 οὗν
3104 1312 3133 1365 ὁ
3159 1308 3424 1374 Ἰουδαῖος
3479 1295 3805 1389 τιμωρεῖται

2157 1389 2294 1444 κατὰ
2323 1393 2425 1461 τήν
2473 1400 2860 1475 παραγραφὴν,
2913 1404 3031 1463 πῶς
3091 1401 3179 1456 ἐπὶ
3223 1402 3318 1476 μὲν
3370 1408 3468 1459 τοῦ
3506 1402 3805 1478 Ἕλληνος,

2163 1501 2190 1529 ι(
2215 1478 2609 1567 ῘΑπολοῦνται.
2641 1508 2670 1536 ››
2702 1487 2865 1558 εἶπεν,
2902 1487 2988 1546 ἐπὶ
3035 1487 3093 1546 δὶ
3118 1495 3216 1546 τοῦ
3274 1490 3561 1561 Ἰουδαίου,
3612 1517 3641 1544 ‹‹
3674 1496 3806 1567 Κρι-

2160 1560 2419 1652 ρήσονται
2512 1588 2541 1617 »
2592 1567 2687 1621 Ὧν
2741 1568 2804 1623 τὸ
2862 1569 2958 1642 μὶν
3013 1567 3388 1652 ἀναμφίϐολον
3445 1560 3611 1628 κακὸν
3668 1560 3808 1628 εἶναι

2160 1644 2330 1739 δοκεῖ,
2356 1653 2419 1707 τὸ
2452 1650 2509 1709 δὲ
2556 1652 2911 1728 ἆμφίϐολοδς
2974 1644 3453 1739 ’Λλλῖπρόσχεᾳ
3506 1688 3533 1714 «
3570 1668 3751 1738 Κρῖμα
3778 1687 3808 1714 ››

2159 1734 2384 1826 ἐνταῦθα
2437 1744 2500 1798 τὸ
2555 1747 2866 1823 κατάκριμα
2920 1748 3088 1824 λέγει,
3170 1734 3420 1808 τουτέστι
3477 1754 3578 1822 τήν
3617 1734 3808 1826 ’ἀναμ-

2159 1823 2388 1903 φίϐολον
2445 1833 2721 1890 ἀπώλειαν
2781 1833 2954 1907 δηλιῖ
3000 1823 3162 1895 ἀλλὰ
3217 1834 3291 1895 ἔνι
3344 1842 3587 1917 τιμωρία
3660 1823 3805 1916 παρὰ

2157 1920 2451 2009 τιμωρίαν,
2483 1924 2573 1977 καὶ
2603 1924 2670 1978 τὰ
2715 1922 2811 1980 δύο
2869 1927 2973 1982 οὐκ
3026 1924 3342 2009 ἀμφίϐολον
3400 1929 3701 1994 ἀπωλείας.
3732 1963 3803 1973 -

2156 2005 2404 2071 Ἀλλως.
2492 2012 2748 2069 Ἐνταῦθα
2819 2014 2880 2070 οὗ
2962 2005 3129 2090 μόνον
3210 2019 3480 2094 ἰσοτιμίαν
3535 2017 3797 2076 δείκνυσιν

2158 2094 2431 2154 Ἰουδαίου
2461 2121 2519 2156 τε
2547 2102 2637 2157 καὶ
2667 2102 2964 2176 Ἕλληνος,
2998 2105 3143 2163 ἀλλά
3198 2110 3289 2163 καὶ
3340 2108 3485 2165 πολύ
3521 2112 3615 2166 τὸν
3662 2111 3799 2168 Ἰου-

2157 2185 2306 2241 δαῖον
2341 2187 2672 2263 βαρούμενον
2701 2192 2809 2248 ἀπὸ
2846 2201 2947 2263 τῆς
2994 2199 3095 2250 τοῦ
3135 2199 3307 2270 νόμου
3357 2196 3579 2262 δόσεως.
3611 2200 3668 2253 Ὀ
3702 2200 3797 2273 μὶν

2155 2274 2258 2351 γὰρ
2290 2275 2504 2349 Ἕλλην
2560 2280 2782 2353 ἀνόμως
2832 2283 3093 2358 κρίνεται.
3153 2287 3228 2341 Τὸ
3287 2284 3366 2354 δὲ,
3418 2286 3655 2360 ἀνόμως,
3714 2286 3798 2342 ἐν·

2151 2366 2321 2453 ταῦθα
2371 2367 2431 2422 οὐ
2487 2371 2551 2425 τὸ
2609 2370 3023 2447 χαλεπώτερον,
3112 2374 3258 2431 ἀλλὰ
3310 2376 3373 2430 τὸ
3450 2378 3801 2453 ἡμερώτερον

2155 2451 2321 2529 λέγει,
2353 2458 2645 2528 τουτέστιν,
2692 2459 2792 2515 οὐκ
2840 2454 2958 2537 ἔχει
3016 2469 3424 2539 κατηγοροῦντα
3477 2451 3574 2520 τὸν
3605 2451 3795 2539 νόμον.

2152 2545 2227 2602 Τὸ
2255 2547 2379 2622 γὰρ,
2412 2549 2648 2621 ἀνόμως,
2677 2554 2946 2619 τουτέστι,
3007 2556 3184 2632 χωρὶς
3231 2562 3332 2625 τῆς
3374 2554 3574 2611 ἐκείνου
3631 2576 3799 2611 κατα-

2150 2634 2410 2722 κρίσεως,⁸
2432 2638 2539 2693 ἀπὸ
2576 2644 2695 2722 Δτῶν
2748 2645 2848 2711 τῆς
2902 2643 3113 2722 φύσεως
3169 2642 3453 2721 λογισμῶν
3509 2642 3800 2700 καταδικά-

2152 2720 2298 2784 ζεται
2341 2716 2528 2789 μόνον,
2564 2720 2592 2775 ὁ
2624 2720 2680 2776 δὲ
2710 2716 2974 2785 Ἰουδαῖος
3030 2716 3292 2797 ἐννόμως,
3343 2724 3609 2796 τουτέστι,
3666 2725 3798 2798 μετὰ

2150 2804 2248 2872 τῆς
2307 2805 2537 2881 φύσεως,
2597 2808 2686 2864 καὶ
2744 2815 2842 2866 τοῦ
2896 2813 3071 2885 νόμου
3126 2818 3587 2890 κατηγοροῦντος.
3645 2817 3799 2888 ’Ὀσῳ

2147 2890 2251 2968 γὰρ
2298 2895 2547 2959 πλείονος
2601 2899 2913 2969 ἀπήλαυσεν
2969 2899 3307 2974 ἐπιμελείας,
3363 2903 3610 2976 τοσούτῳ
3677 2905 3797 2976 μεί-

2150 2989 2278 3052 ζοια
2306 2982 2467 3042 δώσει
2502 2985 2680 3060 δίκην.
2714 3016 2742 3043 ‹‹
2772 2991 2854 3048 Οὐ
2882 2991 2985 3067 γὰρ
3015 2994 3067 3046 οἱ
3098 2993 3357 3066 ἀκροαταὶ
3387 2997 3485 3049 τοῦ
3536 2995 3732 3067 νόμου.
3769 3017 3791 3047 ι

2145 3074 2306 3138 Ἴσως
2392 3078 2492 3154 γὰρ
2578 3080 2897 3156 ἀνθρώπους
2972 3084 3272 3154 πλανῶσιν,
3351 3081 3481 3140 ἀλλ’
3541 3085 3608 3138 ού
3670 3085 3799 3147 τοὺς

378 3146 471 3166 με
508 3146 542 3148 η
728 3146 744 3162 ι
1784 3146 1803 3153 -

378 3198 582 3237 verum
622 3187 770 3236 Deus
800 3197 920 3235 non
952 3195 1078 3234 esse
1106 3195 1229 3247 eos,
1252 3176 1353 3248 qui
1372 3175 1562 3247 legem
1585 3171 1833 3229 audiunt
1842 3173 2037 3241 justos

2151 3164 2418 3240 ἀκροατὰς
2445 3172 2542 3223 τοῦ
2571 3170 2746 3243 νόμου
2779 3168 2985 3227 δικαιοῖ
3014 3173 3042 3227 ὁ
3074 3173 3226 3241 Θεὸς,
3260 3170 3406 3227 ἀλλά
3455 3172 3584 3236 τοὺς
3628 3193 3797 3246 ποιη-

376 3273 574 3339 habet,
607 3271 711 3326 sed
744 3270 874 3326 illos
910 3270 1009 3340 qui
1043 3270 1212 3324 factis
1247 3267 1606 3337 exprimunt.

446 3364 732 3425 Ι[,14-16.
769 3364 904 3416 Nam
952 3376 1071 3414 cum
1132 3364 1315 3427 gentes
1365 3356 1534 3425 legem
1584 3371 1696 3409 non
1748 3353 2031 3419 habentes,

375 3459 580 3507 natura
609 3451 745 3505 duce
775 3466 895 3520 quae
926 3449 1059 3517 legis
1088 3454 1234 3514 sunt,
1289 3447 1544 3515 fecerint,
1598 3444 1657 3497 hi
1711 3444 1876 3512 legem
1922 3459 2034 3498 non

380 3542 637 3597 habentes
666 3541 771 3596 sibi
802 3538 934 3607 ipsis
962 3542 1089 3591 sunt
1123 3537 1247 3589 lex:
1276 3537 1375 3604 qui
1405 3535 1701 3589 ostendunt
1734 3548 1868 3602 opus
1901 3532 2035 3599 legis

373 3634 644 3701 scriptum
676 3630 735 3685 in
767 3629 1021 3683 cordibus
1056 3627 1186 3693 suis,
1245 3624 1411 3679 simul
1465 3628 1767 3678 attestante
1813 3621 2032 3675 illorum

373 3721 735 3785 conscientia,
771 3725 822 3772 et
877 3714 1306 3786 cogitationibus
1355 3712 1505 3766 inter
1550 3727 1606 3765 se
1654 3709 2033 3765 accusantibus

381 3819 478 3866 aut
506 3812 673 3865 etiam
697 3806 1101 3869 excusantibus,
1136 3806 1197 3857 in
1227 3803 1314 3857 die
1335 3802 1557 3872 quando
1577 3800 1859 3871 judicabit
1892 3802 2032 3854 Deus

380 3902 592 3955 occulta
618 3899 901 3951 hominum
933 3894 1226 3949 secundum
1280 3890 1639 3960 Evangelium
1684 3906 1882 3953 meum,
1927 3905 2031 3960 per

374 3989 557 4041 Iesum
586 3986 879 4042 Christum.

448 4188 477 4214 ‹‹
511 4166 649 4230 Quae
682 4163 828 4237 legis
851 4169 989 4217 sunt
1016 4160 1289 4223 fecerint,
1317 4182 1346 4210 ››
1377 4162 1611 4216 Naturae
1633 4158 2030 4214 ratiocinatio-

375 4254 553 4311 nibus
577 4255 650 4310 ad
670 4254 808 4309 boni
825 4250 1268 4323 operationibus
1289 4256 1543 4305 utentes.
1558 4247 1903 4304 Admirandi
1926 4264 2028 4304 au-

373 4353 494 4403 tem
531 4352 667 4402 sunt
699 4345 759 4401 hi
792 4344 893 4416 qui
947 4342 1074 4414 lege
1133 4342 1448 4414 paedagogo
1490 4357 1609 4396 non
1667 4346 1861 4413 egent,
1920 4340 2023 4395 sed

369 4436 486 4491 sibi
522 4436 667 4508 ipsis
698 4435 888 4508 legem
919 4433 1136 4495 ferunt,
1170 4447 1237 4486 ac
1266 4430 1445 4487 latam
1474 4430 1773 4502 complent
1805 4428 2018 4501 legem.

2145 3274 2262 3316 τας.

2216 3344 2381 3401 Ὂταν
2416 3346 2521 3401 γὰο
2578 3342 2701 3401 ἕθντι
2762 3350 2825 3401 τά
2888 3352 2962 3401 irit
3022 3349 3192 3401 νόιιον
3242 3345 3269 3401 ἕ

2288 3366 2381 3400 ταν
2416 3346 2521 3423 γὰρ
2578 3346 2701 3420 ἔθνη
2762 3350 2825 3404 τά
2887 3352 2962 3423 μή
3022 3349 3192 3424 νόμον
3242 3346 3462 3425 ἔχοντα,
3516 3351 3671 3430 φύσει
3734 3351 3801 3407 τὰ

2144 3437 2247 3487 τοῦ
2274 3433 2447 3506 νόμου
2496 3440 2653 3509 ποιῇ,
2710 3438 2861 3494 οὗτοι
2917 3441 3087 3512 νόμον
3149 3440 3225 3513 μή
3283 3433 3522 3515 ἔχοντες,
3583 3441 3796 3502 ἑαυτοῖς

2145 3522 2249 3578 εἰσι
2335 3526 2528 3598 νόμος.
2602 3528 2815 3590 Οἳτινες
2902 3527 3259 3585 ἐνδείκνυνται
3338 3530 3403 3584 τὸ
3486 3523 3644 3605 ἔργον
3695 3533 3793 3585 τοῦ

2140 3611 2313 3685 νόμου
2371 3616 2615 3689 γραπτὸν
2670 3616 2721 3671 ἐν
2788 3623 2906 3679 ταῖς
2971 3616 3219 3693 καρδίαις
3288 3618 3489 3689 αὐτῶν,
3539 3639 3793 3693 συμμαρ-

2138 3702 2410 3777 τυρούσης
2496 3704 2674 3760 αὐτῶν
2759 3714 2859 3775 τῆς
2935 3705 3317 3778 συνειδήσεως,
3401 3708 3491 3763 καὶ
3601 3709 3794 3780 μεταξὺ

2139 3787 2407 3861 ἀλλήλων
2467 3798 2574 3849 τῶν
2655 3793 2940 3873 λογισμῶν
3019 3797 3492 3873 κατηγορούντων,
3576 3797 3613 3864 ἢ
3693 3795 3786 3850 καὶ

2138 3878 2596 3955 ἀπολογουμένων
2683 3883 2734 3939 ἐν
2820 3888 3001 3960 ἡμέρᾳ
3114 3887 3205 3942 ’ὀτε
3244 3940 3250 3946 ,
3288 3889 3460 3959 κρινεῖ
3540 3885 3569 3938 ὁ
3653 3883 3782 3940 Θεὸς

2137 3968 2203 4025 τὰ
2286 3972 2498 4045 κρυπτά
2579 3979 2686 4029 τῶν
2769 3974 3093 4049 ἀνθρώπων,
3143 3975 3280 4030 κατά
3330 3974 3393 4029 τὸ
3453 3971 3779 4048 Εὖαγγέλιόν

2140 4080 2270 4132 μου,
2305 4057 2395 4116 διὰ
2423 4062 2602 4131 Ἰησοῦ
2635 4065 2892 4138 Χριστοῦ.

2206 4175 2234 4203 ‹‹
2268 4152 2351 4208 Τὰ
2377 4156 2474 4206 τοῦ
2502 4153 2675 4226 νόμου
2724 4156 2878 4227 ποιῇ.
2910 4178 2939 4207 ››
3002 4157 3134 4216 Τοῖς
3187 4160 3289 4224 τῆς
3349 4153 3561 4230 φύσεως
3617 4151 3778 4227 λογι-

2136 4246 2296 4313 σμοῖς
2317 4241 2582 4316 χρώμενα
2637 4242 2774 4317 πρὸς
2833 4240 3267 4319 δικαιοπραγίαν.
3326 4242 3628 4315 Θαυμάσιοι
3686 4240 3778 4296 οῦν

2136 4327 2286 4383 οὗτοι
2316 4326 2666 4406 παιδαγωγοῦ
2700 4331 2775 4404 μὴ
2831 4328 3128 4402 δεηθέντες,
3178 4331 3335 4386 αὐτοὶ
3382 4331 3671 4404 νομοθέται
3724 4349 3782 4384 τε

2134 4418 2267 4473 εἲσὶν
2291 4420 2515 4487 ἑαυτῶν,
2546 4421 2636 4476 καὶ
2664 4420 2957 4498 πληρωταὶ
3014 4430 3114 4491 τῆς
3171 4421 3522 4496 νομοθεσίας.
3585 4444 3613 4472 ‹‹
3646 4425 3784 4494 Γρα-

372 4545 403 4578 ‹‹
466 4506 779 4596 Scriptum
818 4524 877 4577 in
945 4520 1245 4576 cordibus.
1307 4541 1335 4567 »
1394 4520 1593 4589 Neque
1678 4517 1838 4573 enim
1895 4517 2014 4572 illis

2148 4509 2254 4563 ετὸν
2307 4508 2359 4563 ἐν
2419 4515 2537 4572 ταῖς
2587 4508 2853 4584 καρδίαις.
2916 4535 2944 4563 »ι
3003 4512 3081 4570 Οὐ
3140 4513 3245 4588 γὰρ
3304 4508 3519 4567 δέονται
3568 4514 3665 4565 τοῦ
3723 4506 3779 4564 ἐν

373 4632 520 4686 opus
550 4620 661 4681 est,
694 4614 909 4684 inquit,
966 4610 1184 4665 litteris
1242 4608 1388 4681 legis
1448 4623 1700 4678 quorum
1761 4623 1863 4661 cor
1919 4606 2014 4660 in-

378 4704 663 4774 scriptum
695 4709 785 4757 est
814 4700 1191 4756 considerata
1238 4697 1387 4769 lege.
1422 4719 1449 4746 «
1502 4698 1832 4750 Attestante
1881 4695 2019 4749 illo-

376 4808 506 4846 rum
536 4791 920 4845 conscientia.
958 4810 983 4838 ιι
1018 4790 1160 4843 Nam
1213 4786 1355 4842 satis
1411 4790 1500 4839 est
1551 4784 1670 4839 illis
1729 4800 1834 4855 pro
1894 4784 2019 4855 lege

373 4879 676 4951 propriam
707 4877 924 4932 habere
956 4881 1337 4931 attestantem
1395 4872 1843 4929 conscientiam.
1893 4896 1918 4922 ‹‹
1954 4874 2023 4927 Ει

371 4964 826 5043 cogitationibus
878 4964 1035 5018 inter
1093 4980 1176 5017 se.
1248 4985 1276 5013 »
1331 4964 1395 5018 ln
1454 4978 1522 5017 eo
1582 4962 1743 5016 enim
1795 4960 2021 5031 judicio

369 5072 489 5112 non
522 5061 612 5110 est
642 5053 818 5109 nobis
859 5070 1007 5124 opus
1047 5052 1396 5107 extrinsecis
1447 5050 1538 5105 vel
1576 5050 2021 5107 accusatoribus

370 5145 466 5200 vel
498 5144 668 5199 utilia
700 5142 870 5197 nobis
910 5141 1253 5196 testimonia
1282 5139 1648 5195 ferentibus:
1683 5139 1784 5193 scd
1816 5141 2022 5210 cujus-

374 5251 488 5306 que
521 5232 907 5305 cogitationes
938 5246 1006 5285 ac
1037 5230 1403 5285 conscientia
1440 5228 1529 5283 vel
1581 5228 1886 5285 accusabit
1930 5229 2023 5285 vel

375 5322 697 5378 excusabit.
760 5352 822 5361 —
870 5318 1035 5384 Quod
1068 5325 1264 5374 autem
1314 5318 1416 5384 ait,
1477 5340 1505 5367 ‹‹
1557 5317 2022 5381 Cogitationibus

373 5411 533 5467 inter
553 5427 638 5477 se,
662 5435 683 5463 ι
714 5426 821 5482 per
842 5408 1212 5481 hyperbaton
1241 5407 1467 5461 dictum
1488 5412 1604 5460 est:
1639 5407 2024 5477 consequitur

368 5518 628 5573 namque
651 5500 724 5556 ad
744 5498 799 5554 id
818 5498 975 5570 quod
1000 5497 1331 5569 praecessit:
1354 5520 1379 5543 ‹‹
1399 5498 1523 5551 Non
1549 5496 1706 5550 enim
1722 5495 2022 5551 auditores

366 5590 515 5665 legis
539 5590 683 5664 justi
719 5595 859 5644 sunt
896 5587 1052 5659 apud
1091 5589 1292 5654 Deum,
1327 5584 1429 5639 sed
1463 5583 1560 5654 qui
1605 5583 1792 5655 legem
1851 5586 2022 5643 factis

2129 4597 2415 4673 γράμμασι
2447 4599 2639 4672 νόμου,
2672 4602 2858 4677 φησὶν,
2888 4598 3035 4657 ἀλλά
3086 4601 3304 4664 τούτοις
3334 4603 3368 4670 ἡ
3424 4596 3641 4675 καρδία,
3692 4592 3783 4675 ἔγ-

2130 4707 2369 4762 γραπτον
2397 4682 2515 4763 ἔχει
2543 4688 2973 4763 κατανοούμενον
3002 4690 3095 4745 τὸν
3126 4691 3316 4762 νόμον.
3378 4713 3407 4741 ‹‹
3443 4696 3784 4763 Συμμαρτυ-

2132 4774 2331 4850 ρούσης
2374 4777 2548 4834 αὐτῶν
2601 4786 2701 4848 τῆς
2757 4777 3133 4850 συνειδήσεως.
3170 4802 3198 4830 ››
3258 4780 3445 4853 Ἀρκεῖ
3500 4778 3605 4854 γὰρ
3663 4775 3781 4831 ἀντὶ

2128 4871 2225 4922 τοῦ
2275 4868 2451 4943 νόμου
2507 4873 2607 4941 τὴν
2664 4871 2866 4927 οἰκείαν
2913 4869 3219 4942 συνείδησιν
3271 4865 3418 4946 ἔχειν
3480 4872 3785 4945 μαρτυροῦ-

2131 4982 2243 5017 σαν.
2303 4986 2329 5012 κ
2362 4962 2457 5016 Καὶ
2520 4961 2717 5034 μεταξὺ
2779 4960 3047 5033 ἀλλήλων
3105 4966 3214 5017 τῶν
3262 4961 3567 5037 λογισμῶν⁴
3618 4985 3645 5012 ››
3690 4963 3781 5017 Ἐν

2132 5049 2319 5123 ἐκείνῳ
2356 5051 2458 5129 γὰρ
2515 5055 2595 5123 τῷ
2651 5053 2944 5126 κριτηρίῳ,
2987 5052 3050 5106 οὐ
3114 5048 3347 5124 δεόμεθα
3404 5055 3511 5106 τῶν
3567 5046 3786 5122 ἔξωθεν,

2129 5135 2166 5207 ii
2198 5139 2673 5214 κατηγορούντων,
2708 5138 2744 5209 ἤ
2783 5138 3210 5215 μαρτυρούντων
3240 5141 3376 5213 ἡμῖν
3431 5140 3497 5195 τά
3547 5139 3785 5216 γρηστά,

2131 5227 2258 5283 ἀλλ’
2289 5229 2341 5283 οἱ
2371 5228 2599 5285 ἑκάστου
2658 5229 2920 5305 λογισμοὶ
2974 5229 3065 5284 καὶ
3120 5228 3183 5284 τὸ
3239 5226 3508 5296 συνειδὸς,
3540 5228 3575 5299 ἢ
3620 5249 3785 5298 κατη-

2128 5323 2285 5392 γορεῖ
2311 5317 2346 5387 ἢ
2380 5317 2761 5396 ἀπολογεῖται.
2796 5320 3002 5392 [dull]
3038 5319 3113 5376 Τὸ
3144 5316 3222 5385 δὲ,
3266 5318 3463 5396 μεταξυ
3515 5315 3780 5386 ἀλλήλων

2129 5411 2236 5462 τῶν
2270 5392 2588 5484 λογισμῶν,
2629 5411 2748 5474 καθ’
2808 5404 3108 5484 ὑπερϐατὸν
3168 5408 3410 5481 εἲρηται.
3460 5392 3596 5483 ”Εφ⁹
3657 5405 3779 5475 ἑξῆς

2128 5499 2228 5574 γάρ
2261 5497 2373 5555 ἐστι
2401 5506 2519 5571 τοῦ,
2556 5526 2583 5554 ι(
2610 5502 2683 5557 Ού
2712 5503 2817 5578 γὰρ
2849 5502 2903 5555 οἱ
2932 5501 3190 5578 ἀκροαταῖ
3222 5506 3321 5556 τοῦ
3349 5500 3525 5574 νόμου
3574 5496 3782 5553 δίκαιοι

2129 5588 2275 5666 παρὰ
2301 5592 2379 5663 τῷ
2401 5593 2538 5664 Θεῷ,
2568 5588 2696 5644 ἀλλ’
2726 5591 2777 5645 οἳ
2827 5589 3054 5663 ποιηταὶ
3091 5594 3194 5646 τοῦ
3242 5590 3415 5666 νόμου
3464 5586 3782 5659 δικαιωθή-
