4176 6200
404 285 516 343 359

1518 267 1927 335 (ΕΟΗΜΕΝΠ
1971 263 2279 325 TRICCE
2326 265 2674 329 EPISCOPI

3692 278 3814 341 360

402 417 715 483 habentes,
747 413 1002 484 ideoque
1055 408 1279 480 majore
1308 407 1471 481 digni
1533 412 1674 464 sunt
1702 416 2044 460 remunera-

2164 415 2323 468 σεως,
2383 395 2708 457 διδάσκαλον
2764 401 2967 475 ταύτην
3024 406 3115 461 καὶ
3158 406 3406 482 μάρτυρα
3461 406 3680 484 ἔχοντες
3708 417 3811 481 τῆς

400 506 1003 576 tione,majoremque
1035 500 1331 556 inducunt
1361 498 1828 555 confutationem
1846 496 2052 552 adver-

402 616 506 654 sus
538 612 636 650 eos
670 592 768 664 qui
803 591 1004 647 habita
1058 590 1183 662 lege
1217 589 1617 661 deliquerunt.
1661 584 1883 643 Deinde
1913 583 2055 655 quia

403 705 525 743 non
557 701 762 741 omnes
797 684 898 755 qui
928 683 1053 755 lege
1087 687 1312 748 carent,
1358 680 1513 736 bene
1561 683 1902 751 operantur,
1935 674 2054 729 imo

399 782 539 832 sunt
567 775 666 846 qui
701 773 879 828 etiam
897 772 1259 843 delinquunt
1288 788 1300 825 :
1334 767 1806 838 ostenditneque
1828 765 1936 819 hos
1960 762 2054 818 fu-

399 871 561 919 turos
586 864 935 935 impunitos.
960 864 1304 933 Quanquam
1318 854 2052 930 enimlegem,inquit,non

394 954 654 1009 habeant
709 959 1115 1016 accusantem,
1164 950 1562 1006 nihilominus
1616 952 1816 1002 tamen
1848 957 2052 1016 poenas

398 1045 644 1113 dabunt,
677 1042 1134 1116 cogitationibus
1162 1042 1317 1096 inter
1347 1057 1409 1096 se
1441 1030 2053 1103 accusantibus.Quod

398 1141 595 1191 autem
628 1134 883 1200 additur,
918 1133 1007 1188 vel
1040 1133 1220 1187 etiam
1251 1128 1695 1192 excusantibus,
1720 1142 1789 1182 ex
1812 1128 2046 1180 contra-

401 1226 485 1280 rio
518 1224 697 1279 fidem
744 1223 904 1289 facit,
939 1239 1006 1277 ac
1037 1221 1085 1276 si
1125 1220 1385 1277 diceret:
1414 1212 1926 1283 Quemadmodum
1948 1228 2051 1267 ex-

396 1314 741 1370 cusantibus
774 1311 1229 1385 cogitationibus
1255 1309 1477 1380 absque
1505 1307 1631 1379 lege
1664 1302 2049 1374 consequitur

401 1404 716 1467 absolutio,
752 1418 1056 1474 pmnmque
1109 1398 1604 1464 immunitas;ita
1632 1410 1869 1450 rursum
1920 1392 2047 1448 sine

399 1494 526 1565 lege
559 1491 998 1555 accusantibus,
1049 1489 1319 1560 sequitur
1358 1485 1797 1543 condemnatio.
1834 1484 2049 1539 Verum

401 1581 637 1653 quando
671 1582 795 1636 haec
847 1580 1069 1637 erunt?
1102 1579 1165 1634 In
1216 1577 1476 1634 secundo
1521 1576 1796 1640 adventu,
1828 1572 2046 1643 inquit.

400 1693 426 1721 «
465 1668 707 1735 Quando
744 1669 1041 1741 judicabit
1083 1669 1235 1723 Deus
1267 1666 1499 1723 occulta
1528 1665 1860 1721 hominum.
1894 1680 1925 1714 ι)
1958 1661 2047 1716 Si-

2156 494 2539 570 ἆγαθοεργίας.
2600 496 2695 552 Διὸ
2749 498 2839 553 καὶ
2900 499 3148 571 μείζονος
3197 502 3341 572 ἆζιοι
3375 499 3685 580 ἀποδοχῆς,
3721 504 3811 561 καὶ

2162 583 2383 660 μείζονα
2410 584 2503 640 τὸν
2552 583 2782 664 ἔλεγχον
2840 590 2977 644 κατᾶ
3031 593 3141 645 τῶν
3196 590 3330 665 μετᾶ
3359 612 3534 665 νομου
3566 594 3813 666 ἁμαρτα-

2155 674 2358 729 νόντων
2411 674 2732 750 ἀπάγονται.
2791 677 2929 733 Εἶτα
2985 676 3175 749 ἐπειδὴ
3232 679 3295 735 ού
3326 680 3519 745 πάντες
3552 681 3602 737 οἱ
3635 681 3813 758 χωρὶς

2155 763 2331 836 νόμου
2362 762 2807 839 ἀγαθοεργοῦσιν,
2843 765 2969 822 ἀλλ’
3010 766 3145 823 εἰσίν
3173 769 3226 823 οἳ
3256 770 3348 825 καὶ
3380 769 3808 846 πλημμελοῦσι,

2159 849 2426 908 δείκνυσιν
2491 852 2605 909 οὐδ’
2671 854 2869 919 αὐτοὺς
2933 855 3222 932 ἐσομένους
3276 858 3686 935 ἀτιμωρήτους.
3737 859 3809 918 Ei’

2156 944 2259 1019 γὰρ
2289 944 2380 999 καὶ
2433 946 2509 1017 μὴ
2567 946 2735 1021 νόμον
2792 940 3005 1023 ἔχουσι,
3066 949 3220 1029 φησὶ,
3252 951 3345 1006 τὸν
3371 956 3803 1027 κατηγοροῦντα,

2157 1032 2302 1089 ἀλλὰ
2333 1033 2421 1089 καὶ
2453 1033 2628 1100 οὕτως
2656 1033 2806 1099 δίκας
2840 1037 3111 1117 ὑφέξουσι,
3159 1040 3356 1113 μεταξὺ
3387 1038 3654 1112 ἀλλήλων
3695 1044 3801 1095 τῶν

2157 1122 2440 1201 λογισμῶν
2472 1125 2946 1201 κατηγορούντων.
2986 1130 3062 1185 Τὸ
3112 1126 3188 1198 δὲ,
3222 1130 3257 1200 ἢ
3289 1131 3383 1185 καὶ
3413 1128 3806 1207 ἀπολογουμέ·

2155 1236 2283 1282 νων,
2357 1215 2621 1278 πίστωσίς
2675 1214 2818 1273 ἐστιν
2901 1217 2961 1274 ἐκ
3012 1218 3111 1274 τοῦ
3167 1218 3411 1276 ἐναντίου
3466 1220 3802 1297 ἐπαγομένη.

2154 1304 2363 1359 Ὡσανεί
2412 1302 2619 1382 ἔλεγεν,
2669 1306 2754 1363 ὅτι
2808 1308 3008 1381 Ὠσπερ
3057 1308 3512 1386 ἀπολογουμένων
3556 1315 3667 1366 τῶν
3706 1312 3804 1367 Lo-

2153 1398 2389 1470 γισμῶν,
2420 1393 2671 1460 ἆθώωσις
2700 1395 2999 1463 ἀκολουθεῖ
3045 1397 3143 1454 τοῦ
3193 1419 3368 1473 νομου
3397 1401 3596 1479 χωρίς,
3631 1401 3804 1465 οὕτως

2156 1483 2630 1559 κατηγορούντων,
2655 1485 2819 1542 πάλιν
2861 1486 3037 1564 χωρὶς
3067 1493 3165 1544 τοῦ
3194 1488 3391 1562 νόμου,
3422 1492 3457 1561 ἠ
3488 1491 3805 1566 κατάκρισις

2152 1571 2361 1633 ἕπεται.
2394 1575 2534 1632 Πότε
2584 1574 2640 1632 δὲ
2695 1577 2903 1650 ταῦτας
2969 1580 3055 1637 Ἐν
3107 1582 3177 1653 τῇ
3236 1576 3459 1655 δευτέρᾳ
3511 1580 3801 1656 παρουσίᾳ.

2157 1690 2186 1719 ‹‹
2218 1668 2347 1726 Ὅτε
2399 1674 2575 1744 κρινεῖ
2626 1670 2653 1725 ὁ
2706 1669 2835 1731 Θεὸς
2886 1670 2951 1726 τὰ
3002 1670 3213 1746 κρυπτᾶ
3262 1676 3369 1727 τῶν
3408 1669 3731 1748 ἀνθρώπων.
3773 1694 3803 1724 »

402 1760 642 1831 quidem
678 1760 950 1815 homines
981 1759 1298 1815 manifesta
1327 1757 1547 1824 vident,
1610 1756 1762 1810 Deus
1790 1768 1923 1808 vero
1946 1767 2044 1806 oc-

2157 1757 2219 1811 Οἱ
2281 1757 2375 1830 μὲν
2431 1757 2533 1835 γὰρ
2593 1756 2870 1834 ἅνθρωποι
2927 1760 2994 1815 τὰ
3048 1760 3271 1837 φανερὰ,
3330 1761 3359 1817 ὁ
3423 1758 3479 1816 δὲ
3530 1762 3657 1824 Θεὸς
3696 1766 3804 1817 τῶν

402 1850 692 1905 cultorum
727 1855 1022 1906 scrutator
1041 1855 1150 1905 est.
1185 1872 1211 1898 α
1246 1849 1358 1903 Per
1412 1848 1611 1902 Jesum
1658 1844 1977 1900 Christum.
2015 1859 2041 1890 ι

400 1972 468 1982 —-
492 1963 518 1990 «ι
554 1942 696 1995 Nam
730 1942 920 2006 Pater,
954 1940 1055 2002 ait,
1105 1956 1227 1994 non
1250 1938 1482 2010 judicat
1525 1950 1907 2009 quemquam,
1940 1931 2043 1988 sed

401 2047 575 2086 omne
600 2030 893 2100 judicium
932 2029 1098 2085 dedit
1126 2028 1345 2084 Filio“.
1384 2050 1411 2077 »

468 2121 762 2186 11,17-20.
822 2121 955 2175 Ecce
1010 2129 1073 2173 tu
1128 2118 1347 2173 Julaeus
1387 2117 1789 2187 cognominaris
1845 2122 1898 2171 et
1954 2126 2047 2169 re-

398 2213 632 2282 quiescis
657 2214 715 2265 in
750 2211 885 2280 lege,
920 2216 967 2264 et
996 2210 1260 2281 gloriaris
1308 2213 1365 2265 in
1397 2212 1523 2275 Deo,
1565 2215 1615 2263 et
1645 2209 1920 2278 cognoscis
1948 2223 2043 2263 vo-

400 2302 688 2369 luntatem,
726 2317 789 2355 ac
831 2300 1032 2371 probas
1099 2302 1306 2355 eximia
1365 2302 1646 2356 institutus
1694 2315 1799 2369 per
1852 2298 2043 2367 legem,

400 2391 737 2462 conﬁdisque
794 2393 1023 2461 teipsum
1080 2392 1269 2446 ducem
1320 2407 1429 2446 esse
1457 2406 1746 2455 amcorum,
1773 2389 1953 2444 lumen
1982 2389 2044 2441 in

400 2483 637 2537 tenebris
666 2483 1017 2543 versantium,
1059 2481 1397 2536 eruditorem
1427 2479 1829 2550 insipientium,
1857 2477 2044 2533 docto-

398 2588 516 2627 rem
532 2573 936 2642 imperitorum,
1004 2570 1286 2625 habentem
1325 2573 1563 2639 formam
1607 2569 1937 2639 cognitionis
1980 2583 2043 2624 ac

401 2663 652 2717 veritatis
682 2675 809 2732 quz
846 2662 905 2715 in
945 2660 1060 2730 lege
1089 2666 1186 2714 est.

473 2842 617 2896 Cum
644 2838 890 2895 dixisset
919 2838 1067 2894 nihil
1100 2837 1203 2893 Dei
1234 2838 1625 2905 cultori,licet
1653 2837 2041 2910 praeputiatus

398 2931 493 2995 sit,
528 2930 755 2996 deesse,
784 2946 900 3000 quo
932 2929 1130 2983 minus
1160 2928 1353 2984 salvus
1385 2929 1513 2984 fieri
1546 2927 1934 3000 possit,modo
1966 2926 2046 2982 le-

399 3037 529 3092 gem
562 3019 732 3075 factis
765 3019 1092 3090 exprimat:
1128 3019 1298 3090 ponit
1330 3018 1608 3090 deinceps
1641 3033 1709 3073 ea
1734 3017 1794 3072 in
1827 3015 2042 3088 quibus

2156 1852 2408 1923 κρυπτῶν
2466 1847 2607 1903 ἐστιν
2663 1848 2962 1922 ἐξεταστής.
3021 1874 3049 1903 «
3093 1850 3191 1906 Διᾶ
3245 1850 3427 1921 Ἰησοῦ
3480 1854 3735 1925 Χριστοῦ.
3774 1873 3803 1902 ι»

2160 1969 2224 1981 -
2258 1962 2285 1989 ‹‹
2318 1937 2378 1995 Ὁ
2410 1936 2512 2012 γὰρ
2563 1937 2771 2013 Πατήρ,
2811 1940 2967 2016 φησὶ,
3024 1944 3200 2013 κρινεῖ
3255 1936 3465 2011 οὐδένα,
3527 1936 3673 1995 ἀλλὰ
3699 1940 3800 2011 τὴν

2155 2025 2333 2101 κρίσιν
2363 2032 2534 2081 πᾶσαν
2579 2023 2780 2082 δέδωκε
2809 2032 2890 2101 τῷ
2921 2029 3049 2101 Υἱῷ.
3082 2052 3110 2081 »ι

2228 2113 2329 2173 Ἰδὲ
2403 2116 2466 2170 σὺ
2544 2114 2808 2182 Ἰουδαῖος
2881 2116 3216 2193 ἐπονομάζῃ,
3300 2120 3391 2174 καὶ
3493 2119 3806 2195 ἐπαναπαύῃ

2153 2206 2233 2279 τῷ
2305 2207 2482 2281 νόμῳ,
2557 2207 2648 2261 καὶ
2713 2212 2984 2283 καυχᾶσαι
3043 2207 3096 2263 ἐν
3161 2209 3299 2281 Θεῷ,
3366 2210 3455 2265 καὶ
3521 2210 3809 2285 γινώσκεις

2154 2298 2218 2351 τὸ
2285 2295 2523 2369 θέλημα,
2589 2297 2677 2352 καὶ
2744 2294 3059 2371 δοκιμάζεις
3134 2297 3200 2353 τὰ
3266 2294 3611 2375 διαφέροντα,
3679 2320 3807 2355 κατ·

2158 2386 2469 2461 ηχούμενος
2546 2384 2605 2442 ἐκ
2676 2389 2774 2442 τοῦ
2847 2385 3042 2460 νόμου’
3120 2386 3386 2451 πέποιθάς
3458 2407 3516 2442 τε
3582 2387 3806 2443 σεαυτὸν

2157 2472 2357 2551 ὁδηγὸν
2423 2476 2563 2530 εἶναι
2629 2473 2871 2556 τυφλῶν,
2939 2479 3056 2552 φῶς
3110 2478 3219 2530 τῶν
3289 2474 3341 2531 ἐν
3410 2476 3610 2546 σκότει,
3677 2496 3805 2531 παι-

2156 2560 2347 2637 δευτὴν
2450 2561 2717 2645 ἀφρόνων,
2834 2562 3162 2620 διδάσκαλον
3264 2564 3497 2635 νηπίων,
3599 2559 3804 2640 ἔχοντα

2152 2656 2253 2724 τήν
2331 2654 2615 2733 μόρφωσιν
2687 2661 2788 2726 τῆς
2852 2654 3103 2730 γνώσεως
3176 2654 3266 2711 καὶ
3341 2661 3440 2724 τῆς
3539 2651 3802 2726 ἀληθείας

2154 2743 2206 2800 ἐν
2235 2749 2315 2816 τῷ
2343 2745 2520 2818 νόμῳ.

2226 2834 2411 2891 Εἰπὼν
2441 2833 2523 2891 ὅτι
2556 2832 2710 2891 οὐδὲν
2767 2839 2845 2907 τῷ
2900 2830 3143 2892 θεοσεϐεῖ
3201 2835 3320 2908 μὶν,
3368 2829 3691 2909 ἀκροϐύστῳ
3722 2830 3802 2905 δὶ,

2155 2925 2330 2981 λείπει
2397 2925 2531 2999 πρὸς
2579 2926 2641 2980 τὸ
2689 2926 2954 2995 σωθῆναι,
3013 2924 3100 2979 ἐὰν
3268 2924 3433 2999 μόνον
3489 2928 3586 2979 τοῦ
3629 2923 3803 2995 νόμου

2153 3015 2413 3085 ποιητὴς,
2443 3014 2627 3082 τίθησι
2678 3011 2874 3069 λοιπὸν
2932 3014 3022 3069 καὶ
3078 3011 3161 3093 ἐφ’
3220 3015 3302 3075 οἷς
3363 3012 3497 3088 μέγο.
3548 3010 3807 3091 ἐφρόνουν

400 3108 835 3164 extollebantur
864 3108 1071 3171 Judmi,
1106 3107 1429 3163 ostendens
1460 3107 1617 3178 quod
1649 3106 1815 3161 nulla
1831 3106 1909 3161 sit
1936 3106 2041 3160 ho-

2159 3100 2440 3170 Ἰουδαῖοι,
2499 3100 2708 3165 δεικνὺς
2767 3100 2925 3158 οὐδὲν
2980 3102 3188 3159 τούτων
3246 3102 3451 3179 ὠφελεῖ
3479 3101 3571 3157 τὸν
3607 3102 3683 3171 μὴ
3718 3099 3807 3176 ὁρ-

399 3215 531 3253 rum
565 3198 790 3252 utilitas
823 3214 943 3251 non
977 3202 1132 3252 recte
1165 3197 1402 3263 viventi,
1438 3197 1817 3267 primumque
1850 3195 2045 3266 ipsum

399 3288 570 3358 ponit
601 3286 1236 3356 nomen.Ecce.inquit,
1257 3292 1314 3339 tu
1327 3285 1563 3341 Judmus
1586 3284 2046 3358 cognominaris.

398 3376 601 3446 Ipsum
635 3374 931 3445 siquidem
985 3390 1204 3428 nomen
1247 3375 1402 3430 226
1452 3390 1732 3447 magnum
1765 3373 2049 3445 quiddam

402 3480 532 3519 esse
565 3462 895 3526 videbatur,
927 3461 1107 3515 veluti
1139 3478 1300 3517 nunc
1330 3468 1420 3517 est
1449 3479 1667 3518 nomen
1692 3461 2050 3517 Christiano-

399 3567 555 3605 rum.
587 3572 614 3599 ‹‹
648 3549 1169 3617 Cognominaris.»
1206 3552 1405 3621 Neque
1456 3551 1605 3606 enim
1656 3566 1720 3606 re
1776 3567 1913 3606 vera
1962 3566 2045 3619 es,

405 3637 521 3692 nisi
554 3637 742 3711 legem
766 3636 962 3709 compl
987 3654 1121 3693 sas.«
1155 3640 1225 3693 Et
1253 3639 1580 3710 requiescis
1610 3640 1670 3694 in
1702 3639 1852 3712 lege.
1880 3662 1905 3687 »ι
1921 3640 2046 3694 Non

401 3728 561 3782 enim
592 3728 846 3792 laboras,
882 3726 1098 3799 inquit,
1131 3729 1285 3784 sicut
1313 3729 1399 3783 illi
1433 3729 1534 3800 qui
1585 3735 1725 3784 sunt
1773 3734 1938 3784 extra
1966 3728 2046 3783 le-

388 3833 541 3890 gem,
568 3816 926 3889 inquirendo
955 3818 1094 3888 quid
1130 3819 1204 3873 sit
1234 3819 1553 3889 agendum,
1586 3818 1689 3874 sed
1722 3818 1907 3889 legem
1941 3818 2045 3873 ha-

395 3907 501 3962 bes
532 3908 734 3962 omnia
766 3914 820 3961 te
863 3907 1173 3962 manifeste
1206 3907 1650 3962 docentem.Vel
1699 3908 1811 3963 hoc
1843 3908 2040 3964 modo.

389 3997 635 4050 Multum
681 3997 739 4050 in
775 3996 900 4068 lege
949 3997 1274 4061 extolleris,
1306 3997 1527 4068 illaque
1561 4004 1614 4053 te
1665 3999 1860 4063 effers,
1885 3997 2044 4069 quod

393 4101 572 4155 supra
598 4092 841 4141 cmteros
868 4085 1127 4142 divinam
1160 4088 1459 4159 acceperis
1486 4087 1919 4160 legem.Dicens
1940 4104 2042 4143 au-

391 4179 529 4241 tem,
560 4197 587 4224 ‹‹
623 4176 987 4246 Requiescis.
1023 4198 1050 4225 »
1084 4176 1381 4249 signiﬁcat
1403 4176 1562 4247 quod
1596 4194 1715 4233 non
1746 4177 1949 4234 labore
1980 4177 2045 4231 il-

387 4262 583 4319 lorum
615 4265 985 4339 egregiisque
1011 4266 1397 4322 facinioribus
1430 4266 1566 4322 data
1594 4267 1690 4332 sit,
1711 4267 1814 4323 sed
1845 4266 2044 4323 divina

390 4352 598 4425 gratia.
632 4376 657 4402 «
696 4355 765 4408 Et
793 4354 1066 4423 gloriaris
1106 4355 1167 4410 in
1222 4356 1360 4411 Deo.
1411 4379 1430 4402 ιι
1464 4357 1542 4411 Ac
1574 4355 1623 4410 si
1668 4355 1831 4412 solus
1863 4373 2044 4429 supra

389 4449 637 4498 caeteros
670 4443 945 4500 homines
976 4444 1229 4499 dilectus
1263 4445 1361 4499 sis.
1409 4445 1649 4499 Videtur
1678 4451 1876 4501 autem
1904 4447 2043 4502 illos

386 4532 621 4605 objecta
661 4551 898 4605 quoque
930 4532 1203 4588 vecordia
1262 4533 1530 4589 irridere.
1565 4553 1585 4581 ι
1611 4535 1680 4589 Et
1733 4536 2039 4608 cognoscis

390 4622 781 4678 voluntatem.
810 4646 831 4674 ι
872 4620 1049 4692 Atqui
1080 4637 1437 4690 cognoscere
1459 4639 1569 4679 nec
1584 4623 1775 4679 facere
1805 4625 2038 4697 gravius

392 4710 630 4765 advehit
660 4710 1020 4781 supplicium
1047 4727 1060 4764 :
1093 4712 1429 4767 attamenin
1463 4713 1571 4768 hoc
1604 4729 1839 4783 quoque
1855 4712 2046 4768 extol-

386 4799 857 4855 lebantur.Unde
889 4815 1010 4855 non
1033 4798 1196 4864 dicit,
1218 4800 1527 4869 facis,sed,
1561 4826 1585 4851 ‹‹
1609 4802 1924 4874 Cognoscis
1939 4801 2041 4858 Dei

388 4890 771 4947 voluntatem.
814 4916 833 4938 ι
858 4923 928 4932 -—-
954 4916 977 4942 «ι
1006 4895 1086 4947 Ac
1114 4892 1330 4964 probas
1362 4894 1577 4948 eximia
1607 4894 1914 4950 institutus
1936 4911 2043 4965 per

389 4979 602 5051 legem.
640 5004 661 5033 ι
700 4980 866 5053 Legis
916 4982 1073 5036 enim
1106 4982 1360 5038 eruditio
1408 4983 1569 5037 novit
1597 4989 1797 5037 exacte
1828 4983 2040 5039 docere

393 5070 863 5141 explorationem
888 5089 1090 5128 eorum
1130 5090 1260 5144 quas
1292 5072 1624 5128 conferunt.
1656 5073 1720 5127 Hi
1753 5090 1887 5129 vero
1903 5090 2039 5130 cum

392 5175 514 5215 non
545 5166 917 5232 prmstarent,
950 5162 1009 5216 in
1041 5162 1152 5217 hoc
1205 5162 1385 5217 etiam
1427 5163 1846 5227 efferebantur,
1882 5164 2038 5236 quod

391 5249 633 5305 utilium
684 5257 933 5307 nossent
986 5251 1475 5323 explorationem.
1519 5274 1544 5301 ‹‹
1580 5253 2033 5325 Conﬁdisque.»

387 5340 513 5395 Non
544 5356 626 5400 es.
658 5340 873 5412 inquit,
898 5340 1016 5396 dux
1046 5341 1484 5403 caacorum,sed
1508 5342 1589 5397 ita
1619 5341 1691 5398 de
1724 5344 1909 5415 teipso
1941 5360 2039 5399 ar-

385 5428 648 5486 bitraris.
684 5430 882 5487 Cmcos
941 5437 1139 5488 autem
1171 5436 1339 5487 vocat
1368 5447 1491 5499 eos,
1538 5432 1638 5503 qui
1683 5432 2034 5489 intenebris

456 5617 477 5654 ⁵
504 5616 642 5675 Luc.
666 5632 740 5685 iv,
758 5618 847 5672 23.

2158 3194 2265 3253 θῶς
2301 3192 2541 3266 βιοῦντα.
2601 3191 2703 3248 Καὶ
2761 3196 2981 3264 πρῶτον
3035 3189 3165 3247 αὐτὸ
3221 3192 3281 3246 τὸ
3341 3188 3521 3260 ὄνομα
3547 3188 3804 3253 τέθεικεν.

2154 3278 2263 3336 Ἴδε
2294 3281 2378 3349 σὺ,
2410 3281 2597 3358 φησὶν,
2652 3278 2917 3344 Ἰουδαῖος
2975 3281 3312 3354 ἐπονομάζῃ.
3345 3276 3555 3336 Ἐδόκει
3587 3279 3691 3353 γὰρ
3715 3277 3807 3332 καὶ

2157 3369 2285 3425 αὐτὸ
2316 3370 2378 3425 τὸ
2409 3368 2583 3442 ὄνομα
2615 3369 2752 3447 μέγα
2782 3370 2939 3438 εἶναι,
2989 3369 3063 3431 ὡς
3121 3373 3212 3423 νῦν
3266 3369 3329 3424 τὸ
3383 3374 3490 3424 τῶν
3542 3374 3800 3444 Χριστια-

2153 3465 2285 3518 νῶν.
2364 3484 2392 3517 α
2424 3463 2795 3537 Ἐπονομάζῃ.
2827 3485 2856 3514 ››
2911 3461 2993 3519 Ού
3051 3461 3156 3538 γὰρ
3213 3460 3264 3515 εἶ
3310 3460 3447 3515 κατᾶ
3520 3457 3804 3544 ἀληθειαν⁹

2154 3550 2200 3606 εἰ
2257 3553 2334 3625 μή
2394 3548 2639 3623 πληροῖς
2693 3552 2786 3607 τὸν
2844 3546 3032 3625 νόμον.
3106 3577 3127 3601 ι
3191 3550 3288 3605 Καὶ
3351 3547 3665 3623 ἐπαναπαύῃ
3721 3551 3805 3619 τῷ

2152 3639 2330 3713 νόμῳ.
2368 3664 2396 3691 ››
2454 3639 2532 3698 Ού
2591 3640 2696 3718 γὰρ
2748 3642 2996 3712 κάμνεις,
3046 3638 3229 3718 φησίν,
3281 3632 3382 3710 ἔξω
3430 3638 3607 3710 νόμου
3645 3638 3806 3693 πολι-

2152 3733 2460 3806 τευόμενος,
2518 3734 2582 3789 τὸ
2637 3735 2903 3809 πρακτέον
2967 3732 3262 3803 ἐπιζητῶν,
3318 3729 3445 3788 ἀλλ’
3502 3727 3649 3805 ἔχεις
3703 3731 3798 3784 τὸν

2150 3844 2344 3895 νομον,
2411 3827 2597 3900 σαφῶς
2654 3823 2861 3878 ἅπαντά
2938 3844 2995 3877 σε
3058 3818 3399 3878 διδάσκοντα.
3466 3821 3532 3877 Ἢ
3601 3817 3796 3879 οὕτως*

2155 3912 2333 3989 Μέγα,
2392 3912 2580 3988 φησίν,
2639 3910 2728 3967 ἐπὶ
2779 3915 2861 3983 τῷ
2917 3911 3075 3982 νόμῳ
3133 3915 3368 3984 φρονεῖς,
3424 3907 3512 3961 καὶ
3541 3906 3799 3985 ἐντρυφᾷς

2151 4002 2319 4072 αύτῷ,
2353 4000 2427 4059 ὡς
2459 3998 2765 4072 ἠξιωμένος
2813 3999 2985 4074 νόμου
3035 3999 3180 4064 θείου
3223 4000 3368 4074 παρά
3394 3995 3517 4059 τοὺς
3549 3992 3802 4056 λοιπούς.

2150 4091 2225 4147 Τὸ
2258 4087 2336 4157 δὲ,
2378 4115 2402 4145 ι
2432 4089 2782 4165 Ἐπαναπούῃ
2820 4115 2845 4140 n
2895 4086 3082 4160 δηλοῖ,
3136 4088 3219 4144 δτι
3271 4089 3334 4144 ού
3366 4089 3597 4160 καμάτῳ
3628 4084 3808 4140 αὐτῶν

2150 4179 2184 4249 ἢ
2216 4181 2601 4253 κατορθώματι
2634 4175 2821 4250 ἐδόθη,
2872 4178 3024 4234 ἀλλὰ
3073 4179 3263 4255 χάριτι
3312 4177 3444 4249 θείᾳ.
3476 4201 3504 4229 ‹‹
3541 4176 3637 4231 Καὶ
3667 4195 3810 4230 καυ-

2151 4274 2316 4345 χᾶσαι
2387 4268 2440 4323 ἐν
2503 4272 2645 4341 θεῷ.
2713 4269 2803 4331 Ὠς
2867 4267 3033 4341 μόνος
3098 4266 3404 4346 ἀγαπηθεὶς
3464 4265 3612 4341 παρὰ
3673 4264 3810 4328 τοὺς

2155 4358 2388 4420 λοιποὺς
2445 4359 2789 4434 ἀνθρώπους.
2852 4363 3013 4414 Δοκεῖ
3068 4355 3126 4412 δὲ
3183 4356 3381 4418 αὐτοὺς
3439 4356 3529 4411 καὶ
3562 4354 3640 4418 εἷς
3674 4355 3810 4410 ἀπό-

2150 4468 2302 4503 νοιαν
2333 4449 2620 4506 σκώπτειν,
2659 4472 2688 4501 ιι
2718 4445 2821 4503 Καὶ
2867 4447 3154 4521 γινώσκεις
3213 4445 3275 4501 τὸ
3334 4442 3575 4517 Θέλημα,
3612 4467 3641 4494 ››
3680 4443 3811 4500 Καί-

2148 4559 2234 4593 τοι
2263 4539 2325 4593 τὸ
2353 4538 2637 4613 γινώσκειν
2701 4537 2820 4611 μὲν,
2883 4538 2959 4610 μή
3018 4542 3194 4591 ποιεῖν
3251 4533 3330 4604 δέ,
3374 4532 3603 4590 πλείονα
3632 4554 3811 4609 παρα-

2159 4627 2404 4698 σκευάζει
2453 4628 2554 4696 τὴν
2614 4626 2862 4682 κόλασιν.
2922 4624 3080 4682 Ἀλλ’
3135 4627 3289 4699 ὅμως
3344 4624 3434 4680 καὶ
3493 4622 3579 4679 ἐπὶ
3627 4624 3808 4696 τούτῳ

2156 4714 2291 4792 μέγα
2320 4715 2601 4791 ἐφρόνουν.
2635 4717 2791 4774 Ὅθεν
2827 4716 2891 4771 ού
2932 4717 3101 4792 λέγει,
3134 4719 3333 4780 ποιεῖς,
3364 4712 3548 4782 ἆλλὰ;
3582 4738 3610 4766 ‹‹
3643 4713 3809 4771 Γινώ.

2151 4825 2295 4866 σκεις
2326 4805 2389 4861 τὸ
2446 4810 2542 4860 τοῦ
2599 4808 2733 4861 Θεοῦ
2790 4804 3026 4880 θέλημα.
3061 4830 3089 4857 ››
3151 4830 3178 4856 (ι
3208 4803 3311 4861 Καὶ
3370 4800 3688 4876 δοκιμάζεις
3739 4802 3809 4856 τὰ

2152 4892 2468 4972 διαφέροντα
2522 4894 2943 4970 κατηχούμενος
3000 4894 3061 4949 ἐκ.
3116 4898 3213 4949 τοῦ
3269 4894 3463 4967 νόμου.
3499 4914 3525 4946 ι
3581 4893 3646 4948 Ἡ
3701 4891 3807 4969 γὰρ

2149 4988 2246 5038 τοῦ
2275 4986 2448 5057 νόμου
2480 4987 2788 5059 κατήχησις
2847 4981 2966 5040 οἶδε
3022 4989 3128 5041 τῶν
3186 4982 3567 5060 συμφερόντων
3600 4975 3804 5058 ἀκριϐῆ

2149 5070 2472 5147 δοκιμασίαν
2513 5068 2805 5143 ἐκδιδάξαι.
2865 5074 3031 5131 Οὗτοι
3092 5070 3150 5128 δέ
3208 5073 3284 5146 μή
3346 5076 3654 5137 ποιοῦντες,
3715 5070 3806 5125 καὶ

2146 5161 2233 5218 ἐπὶ
2290 5168 2369 5235 τῷ
2425 5160 2624 5219 εῗόἐναι
2680 5164 2780 5231 τήν
2845 5167 2955 5217 τῶν
3031 5160 3418 5238 συμφερόντων
3477 5157 3809 5233 δοκιμασίαν

2149 5251 2284 5329 μέγα
2348 5251 2627 5331 ἐφρόνουν.
2696 5277 2724 5304 ‹‹
2787 5250 3057 5315 Πέποιθπὶς
3112 5272 3187 5306 τε.
3252 5276 3279 5303 ››
3339 5250 3452 5309 Οὐκ
3491 5250 3559 5315 εἶ,
3616 5247 3803 5326 φησὶν,

2144 5339 2344 5417 ὁδηγὸς
2397 5340 2640 5421 τυφλῶν,
2696 5339 2825 5397 ἀλλ’
2889 5340 3034 5397 οὕτω
3100 5340 3224 5416 περὶ
3302 5342 3525 5395 σεαυτοῦ
3583 5335 3797 5421 λογίζῃ,

2142 5408 2399 5508 Τυφλοὺς
2429 5408 2489 5487 δέ
2539 5408 2684 5506 λέγει
2738 5431 2828 5488 καὶ
2887 5431 2940 5487 ἐν
2996 5408 3198 5502 σκότιί,
3255 5431 3347 5486 καὶ
3405 5408 3674 5507 ἄφρονας,
3710 5408 3804 5480 καὶ
