4198 6198
306 254 432 343 ‘36:

1420 280 1815 341 COMMENT.
1863 282 1951 341 IN
2000 282 2250 342 EPIST.
2296 285 2399 345 AD
2448 285 2631 345 ΗΘΜ.

3620 288 3744 347 362

318 415 577 487 νηπίους,
610 412 739 476 τοὺς
767 410 1305 486 προσκολλωμὲνους
1346 412 1531 475 αὐτοῖς
1571 411 1979 487 προσηλύτους,

2111 421 2445 473 versantur:
2479 422 2538 472 et
2566 419 2919 491 insipientes
2949 437 3016 476 ac
3036 422 3344 495 imperitos
3366 423 3747 488 dicitJudaais

323 506 387 560 οἴ
416 502 571 560 ούπω
603 501 814 575 εἷ’δησιν
873 500 1027 582 εἶ’χον
1080 507 1179 558 τοῦ
1235 503 1430 576 νόμου.
1478 502 1701 565 Τούτοις
1742 503 1847 579 γὰρ
1871 508 1992 566 τοῖς

320 594 583 666 ὀνόμασιν
650 592 755 647 ἀπὺ
816 590 1125 660 κενοδοξίας
1208 589 1363 645 αὐτοὶ
1417 589 1545 654 τοὺς
1607 590 1990 667 προσηλύτους

322 685 580 742 ἐκάλουν,
643 684 740 739 Διὸ
796 682 887 738 καί
943 682 1106 744 αὐτὸς
1166 682 1349 756 ἠρέμα
1401 680 1771 753 ἐπονειδὶζων,
1803 683 1991 745 αὐτοῖς

321 777 544 837 τούτοις
575 780 694 837 τοῖς
724 772 999 836 τοιούτοις
1035 773 1299 846 ὀνόμασιν
1354 772 1650 852 ἐχρήσατο.
1691 794 1714 823 ι
1747 774 1990 852 Ἕχοντα

324 867 425 934 τήν
488 863 774 941 μόρφωσιν
845 868 946 932 τῆς
1024 862 1281 939 γνώσεως
1330 862 1421 917 καὶ
1469 867 1572 931 τῆς
1625 860 1904 932 ἀληθείας.
1959 884 1987 913 »

328 956 565 1034 Εύφυῶς
620 954 736 1008 εἶπε
794 978 820 1005 ‹‹
855 954 1151 1029 Μόρφωσιν
1207 954 1456 1028 γνώσεως
1513 951 1602 1007 καὶ
1634 946 1926 1019 εὐσεϐείας,
1959 975 1987 1005 ››

333 1041 523 1114 δηλῶν
554 1045 639 1098 ὅτι
670 1042 774 1099 οὐκ
804 1040 969 1111 αὐτην
1025 1039 1214 1116 ἔχουσι
1270 1042 1370 1109 τήν
1427 1038 1608 1110 ἀληθῆ
1666 1045 1865 1116 γνῶσιν
1898 1041 1988 1096 καὶ

334 1128 627 1201 εύσέϐείαν,
677 1131 804 1188 ἀλλ’
859 1129 1195 1187 ἐπίπλαστον
1254 1130 1439 1186 εΐκόνα
1491 1131 1634 1197 τινὰ,
1668 1134 1863 1207 σχῆμα
1896 1132 1990 1205 μὶν

330 1218 568 1299 ἔχουσαν
600 1219 886 1292 ἀληθείας,
918 1222 1019 1277 ούκ
1065 1222 1223 1276 οὖσαν
1264 1217 1338 1276 δὲ.
1393 1219 1586 1282 Καλῶς
1614 1218 1671 1275 δὲ
1698 1225 1873 1276 κεῖται
1902 1220 1987 1290 τὸ,

332 1337 361 1365 α
395 1314 486 1370 Ἐν
516 1315 597 1385 τῷ
624 1310 799 1385 νόμῳ.
833 1334 859 1364 η
920 1307 1069 1368 Ἔδει
1121 1310 1227 1387 γὰρ
1280 1311 1383 1380 τὴν
1442 1309 1622 1365 εἰκόνα
1649 1312 1748 1380 τήν
1780 1308 1987 1380 ἀληθῆ,

329 1399 385 1455 ἐν
443 1404 524 1473 τῷ
585 1397 850 1456 συνειδότι
909 1399 1000 1455 καὶ
1071 1400 1123 1454 ὲν
1201 1404 1321 1460 ταῖς
1395 1399 1619 1471 πράξεσι
1674 1399 1991 1468 κεκτῆσθαιο

332 1489 396 1544 σὺ
433 1486 511 1558 δὲ,
545 1489 700 1567 φησὶ,
740 1488 876 1564 μέγα
932 1493 1177 1562 φρονεῖς,
1236 1489 1313 1550 ὡς
1362 1487 1445 1541 ὅτι
1477 1487 1506 1541 ὁ
1536 1485 1709 1559 νόμος
1742 1484 1860 1563 ἔχει
1887 1487 1986 1555 τήν

334 1578 521 1634 εἰκόνα
548 1577 775 1648 ταύτην,
835 1575 964 1634 ἀλλ’
1019 1574 1173 1633 οὐδὲν
1226 1580 1387 1632 τοῦτο
1444 1577 1579 1651 πρὸς
1631 1578 1707 1645 σε,
1759 1574 1876 1631 ἐπεὶ
1909 1575 1987 1648 μὴ

331 1667 576 1737 ποιητὴς
606 1669 654 1722 εἴ
681 1672 778 1723 τοῦ
807 1668 1002 1741 νόμου.
1036 1700 1103 1710 -
1130 1664 1378 1728 ”Δλλως.
1411 1666 1625 1739 [ΦΩΤ.]
1669 1668 1987 1742 Μορφοῦται

2102 506 2475 564 adhaerentes
2506 509 2839 582 proselytos
2867 512 2967 581 qui
2991 512 3137 582 legis
3167 515 3566 587 cognitionem
3595 535 3749 574 non-

2102 595 2244 651 dum
2274 595 2593 652 habebant.
2627 599 2728 653 His
2758 615 3016 670 namque
3047 602 3393 658 nominibus
3433 620 3553 674 pra)
3585 606 3751 661 inani

2101 685 2288 756 gloria
2317 687 2649 759 proselytos
2679 688 3081 759 appellabant,
3133 690 3385 764 ideoque
3432 694 3752 764 Apostolus

2104 775 2278 830 tacite
2308 775 2401 831 his
2453 776 2597 847 ipsis
2646 777 3032 849 exprobrans,
3082 779 3423 852 hujusmodi
3471 799 3615 838 usus
3664 787 3754 838 est

2102 864 2478 919 nominibus:
2509 888 2529 913 α
2564 865 2888 921 Habentem
2909 867 3157 923 formam
3190 870 3543 941 cognitionis
3574 888 3641 927 ac
3662 887 3754 927 ve-

2100 954 2314 1011 ritatis.
2342 976 2369 1003 ››
2402 954 2553 1009 Scite
2587 954 2753 1023 dixit,
2778 957 3049 1012 Formam
3072 958 3425 1030 cognitionis
3447 959 3751 1032 divinique

2103 1045 2320 1114 cultus,
2356 1047 2698 1116 signiﬁcans
2730 1048 2889 1120 quod
2914 1050 3104 1119 ipsam
3134 1066 3330 1105 veram
3353 1051 3751 1119 cognitionem

2102 1134 2488 1207 divinumque
2512 1136 2738 1192 cultum
2753 1153 2874 1193 non
2894 1137 3317 1205 haberent,sed
3340 1138 3596 1195 efﬁctam
3612 1141 3754 1196 ima-

2101 1224 2301 1296 ginem
2323 1224 2926 1296 quamdam,f0rmam
2949 1227 3189 1298 quidem
3214 1227 3534 1283 habentem
3547 1228 3757 1283 verita-

2104 1312 2339 1383 tis,qum
2365 1319 2563 1369 tamen
2588 1331 2711 1368 non
2735 1317 3084 1371 esset.Bene
3104 1321 3303 1371 autem
3325 1315 3493 1371 addit
3515 1333 3528 1371 :
3562 1339 3590 1367 «
3616 1317 3753 1382 Quae

2106 1401 2168 1456 in
2197 1401 2325 1473 lege
2358 1407 2464 1458 est.
2500 1425 2527 1451 »
2561 1403 2864 1474 Siquidem
2898 1405 3161 1476 oportuit
3199 1421 3398 1460 veram
3433 1405 3755 1479 imaginem

2102 1492 2167 1547 in
2198 1491 2564 1548 conscientia
2592 1493 2886 1565 bonisque
2917 1494 3197 1566 operibus
3244 1495 3419 1550 sitam
3471 1512 3639 1551 esse:
3691 1500 3754 1550 tu

2106 1597 2244 1636 vero
2270 1581 2592 1651 extolleris,
2619 1583 2846 1653 inquit:
2869 1589 3074 1654 utpote
3088 1583 3245 1654 quod
3265 1583 3583 1656 imaginem
3601 1584 3755 1640 hanc

2103 1669 2199 1725 lex
2230 1670 2463 1730 habeat.
2496 1687 2700 1725 verum
2732 1671 2790 1725 id
2816 1672 2967 1726 nihil
2997 1671 3073 1727 ad
3121 1679 3178 1726 te
3226 1673 3328 1742 qui
3376 1673 3521 1745 legis
3563 1675 3755 1728 iactor

327 1759 434 1826 τήν
494 1755 776 1834 μόρφωσιν
835 1763 935 1825 τῆς
993 1756 1248 1833 γνώσεως
1312 1755 1403 1810 καὶ
1463 1761 1562 1824 τῆς
1620 1753 1673 1809 ἐν
1729 1758 1807 1827 τῷ
1837 1754 1990 1827 νόμῳ

2111 1775 2226 1815 non
2258 1760 2355 1814 sis.
2392 1759 2522 1814 Alio
2550 1760 2730 1815 modo.
2766 1762 3038 1816 Formam
3069 1762 3423 1834 cognitionis
3451 1778 3520 1817 ac
3539 1763 3755 1817 verita-

328 1842 618 1914 ἀληθείας,
651 1845 679 1898 ὁ
711 1840 872 1906 εἰδὼς
930 1843 1088 1898 αὐτὸν
1143 1842 1234 1898 καὶ
1291 1840 1720 1917 πολιτευόμενος
1749 1842 1869 1897 κατ’
1897 1841 1992 1897 αὖ·

324 1932 443 1989 τόν.
478 1929 697 1990 Τέθεικε
725 1933 849 2008 γὰρ,
881 1934 945 1988 τὸ
999 1933 1093 2007 μὲν
1153 1957 1182 1985 ‹‹
1219 1932 1502 2007 μόρφωσιν
1533 1931 1809 2007 γνώσεως,
1848 1955 1870 1983 ι
1905 1930 1994 1986 ἐπὶ

331 2027 434 2077 τοῦ
456 2019 677 2090 εἰδέναι,
704 2023 767 2077 τὸ
790 2019 847 2077 δὲ
871 2046 898 2074 ‹‹
927 2021 1206 2099 μόρφωσιν
1226 2022 1513 2091 ἀληθείας,
1538 2047 1562 2073 ιο
1591 2020 1678 2077 ἐπὶ
1708 2024 1806 2076 τοῦ
1827 2019 1996 2095 πράτι

333 2131 469 2168 τειν.
524 2112 765 2173 Ἐκεῖνος
820 2112 925 2186 γὰρ
984 2110 1164 2181 ἀληθῆ
1226 2113 1326 2181 τήν
1380 2109 1432 2166 ὲν
1491 2114 1569 2182 τῷ
1611 2110 1769 2183 νόμῳ
1796 2112 1994 2184 γνῶσιν

338 2197 596 2270 δεικνύει,
655 2201 683 2254 ὁ
741 2196 830 2255 διὰ
878 2203 988 2255 τῶν
1045 2196 1216 2275 ἔργων
1274 2198 1506 2275 πληρῶν
1564 2197 1758 2269 αὐτὴν,
1788 2196 1994 2260 ἐκεῖνος

336 2291 559 2361 πιστήν.
597 2290 670 2344 Σὺ
702 2286 779 2359 δὲ,
813 2291 972 2368 φησὶ,
1025 2290 1290 2351 πὲποιθας
1351 2290 1570 2344 σεαυτὸν
1601 2289 1743 2344 εἶναι
1772 2285 2001 2342 παιδευ-

335 2379 439 2447 τήν
471 2377 561 2433 καὶ
615 2375 819 2455 ὁδηγὸν
868 2380 957 2433 καὶ
1029 2376 1382 2446 διδάσκαλον,
1445 2377 1551 2434 οὐχ
1606 2375 1818 2448 ἀπλῶς,
1868 2374 1997 2432 ἀλλ’

336 2464 540 2547 ἔχοντα
564 2470 666 2538 τήν
703 2468 988 2547 μόρφωσιν
1018 2476 1118 2539 τῆς
1162 2468 1215 2525 ἐν
1277 2473 1358 2541 τῷ
1413 2467 1572 2542 νόμῳ
1601 2469 1877 2543 γνώσεως,
1908 2467 1997 2522 καὶ

336 2565 441 2631 τῆς
501 2557 552 2611 ἐν
608 2562 688 2630 τῷ
744 2559 899 2631 νόμῳ
956 2558 1239 2629 ἀληθείας.
1285 2557 1457 2620 οὕτως
1492 2554 1550 2613 δὲ
1578 2554 1871 2632 πολιτεύῃ,
1920 2557 1995 2620 ὡς

344 2644 489 2720 μηδὲ
542 2644 898 2709 διδασκαλίας
953 2655 1187 2721 νομικῆς
1240 2669 1327 2704 πω
1383 2648 1635 2710 ἀκούσας.
1685 2648 1746 2705 Ὁ
1776 2645 1867 2701 οὖν
1898 2648 1999 2716 τὴν

345 2736 633 2815 μόρφωσιν
691 2738 970 2801 πεποιθὼς
1043 2731 1191 2813 ἔχειν
1264 2740 1365 2803 τῆς
1439 2738 1693 2813 γνώσεως
1749 2736 1840 2791 καὶ
1894 2742 1996 2807 τῆς

340 2824 629 2896 ἀληθείας,
690 2828 718 2881 ὁ
774 2830 882 2881 τῶν
945 2825 1191 2904 ἀφρόνων
1253 2823 1571 2895 παιδευτὴς,
1618 2827 1653 2881 ὁ
1709 2822 1935 2901 ὁδηγὸς,
1968 2825 1996 2880 ὁ

339 2914 672 2979 διδασκαλος
732 2919 872 2972 εἶναι
929 2918 1230 2981 πεποιθὼς,
1289 2921 1505 2991 πρῶτον
1564 2917 1783 2972 σεαυτὸν
1845 2912 2001 2971 δίδα-

338 3006 452 3077 ξον.
486 3004 729 3076 Διδέξεις
759 3002 837 3079 δὲ,
870 3006 961 3062 ὅτε
990 3005 1080 3062 ἐπὶ
1128 3011 1247 3070 τοῖς
1297 3001 1481 3082 ἔργοις
1538 3003 1728 3078 δείξεις
1758 3002 1995 3075 ἀληθεύ-

333 3116 499 3151 ουσαν
526 3097 629 3164 τὴν
660 3092 1034 3153 διδασκαλίαν.

407 3185 470 3241 Ὀ
574 3182 666 3238 οὖν
744 3181 1014 3239 διδάσκων
1087 3180 1290 3257 ἕτερον,
1368 3183 1590 3239 σεαυτὸν
1686 3181 1748 3237 ού
1840 3178 1990 3237 διδάο

337 3292 525 3340 σκεις;
603 3272 631 3326 ὸ
704 3271 991 3346 κηρύσσων
1073 3272 1148 3344 μή
1224 3269 1503 3339 κλέπτειν,
1579 3268 1873 3339 κλὲπτεις;
1932 3270 1994 3327 Ὁ

343 3359 528 3434 λάγων
609 3363 686 3434 μὴ
768 3361 1047 3437 μοιχεύειν
1127 3359 1448 3436 μοιχεύεις;
1525 3360 1552 3414 ὁ
1631 3356 1993 3435 βδελυσσόμε.

341 3472 442 3513 νος
482 3451 550 3506 τὰ
588 3448 816 3519 εἴδωλα,
897 3450 1243 3527 ἱεροσυλεῖς;
1282 3452 1381 3512 "Oc
1446 3447 1502 3504 ἐν
1568 3450 1727 3523 νόμῳ
1783 3454 1996 3528 καυχᾶ-

338 3561 453 3610 σαι,
525 3537 615 3595 διὰ
685 3546 787 3609 τῆς
852 3535 1209 3616 παραϐάσεως
1277 3544 1375 3594 τοῦ
1449 3538 1620 3613 νόμου
1693 3539 1787 3594 τὸν
1863 3538 1997 3593 Θεὸν

332 3628 659 3702 ἀτιμάζεις
720 3631 798 3687 Τὸ
850 3631 952 3704 γὰρ
1009 3625 1187 3703 ὄνομα
1232 3633 1332 3684 τοῦ
1384 3631 1519 3684 Θεοῦ
1551 3627 1623 3683 δι’
1654 3627 1793 3701 ὑμᾶς
1827 3626 1999 3702 βλασ-

334 3723 607 3797 φημεῖται
634 3716 686 3772 ἐν
714 3724 835 3779 τοῖς
864 3714 1061 3787 ἔθνεσι,
1091 3720 1271 3782 καθὼς
1299 3717 1619 3793 γέγραπται.

413 3809 549 3865 Εἶτα
578 3808 880 3873 ἀκόλουθον
908 3808 977 3879 ἧν
1004 3809 1194 3877 εἰπεῖν,
1245 3807 1330 3864 δτι
1385 3807 1436 3863 οἱ
1495 3809 1562 3863 τὰ
1589 3811 1815 3862 τοιαῦτα
1853 3805 1999 3880 παρὰ

337 3901 479 3953 Θεοῦ
510 3892 793 3965 λαϐόντες,
852 3897 942 3953 καὶ
1006 3901 1081 3972 μή
1139 3897 1498 3976 φολάττοντες
1560 3896 1716 3964 αὐτὰ,
1754 3895 1997 3969 μείζονος

336 3982 553 4042 ἔσονται
594 3987 866 4063 τιμωρίας
915 3986 1125 4062 ἔνοχοι,
1178 3987 1289 4059 ὅσῳ
1319 3986 1410 4041 καὶ
1436 3984 1490 4040 ἓν
1522 3985 1720 4062 γνώσει
1752 3986 1787 4054 ἡ
1822 3985 2000 4058 ἁμαρ-

332 4077 449 4134 τία.
483 4073 663 4130 Ἀλλᾶ
690 4077 831 4139 τὲως
882 4076 945 4132 οὗ
999 4073 1206 4154 σφόδρα
1264 4074 1438 4129 αὐτῶν
1470 4073 1819 4141 καθάπτεται,
1853 4069 1998 4127 ἀλλὰ

334 4166 460 4219 κατ’
520 4163 791 4236 ἰρώτησιν
850 4167 1109 4241 προάγων
1169 4164 1261 4219 τὸν
1322 4162 1513 4238 λόγον,
1559 4167 1722 4217 τοῦτο
1753 4160 1882 4216 αὐτὸ
1913 4160 1999 4215 ὲν-

340 4251 639 4313 δείκνυται.
699 4255 856 4317 Τινὲς
913 4252 971 4309 δὲ
1040 4252 1251 4327 μᾶλλον
1311 4255 1692 4331 ἀποφαντικῶς
1753 4250 1997 4326 ἀναγνωο

341 4344 500 4399 στέον
562 4344 737 4422 φασίν’
801 4345 863 4400 Ὀ
923 4341 1358 4419 βδελυσσόμενος
1402 4342 1471 4397 τὰ
1528 4338 2003 4413 εἴδωλα,ἱεροσυ-

343 4430 467 4495 λεῖς
497 4450 512 4500 ;
541 4433 600 4489 Ὀ
630 4432 725 4506 μὲν
751 4431 921 4506 νόμος
980 4432 1070 4487 καὶ
1127 4431 1194 4487 τὰ
1250 4430 1303 4486 ἐν
1355 4436 1472 4492 τοῖς
1502 4426 1807 4490 εἷδωλείοις
1859 4428 2001 4503 χρή-

2107 1849 2184 1904 tis
2214 1865 2344 1920 quas
2376 1849 2437 1904 in
2468 1848 2596 1922 lege
2630 1854 2721 1904 est
2751 1848 2972 1904 efﬁciat
3000 1849 3072 1915 is,
3106 1850 3207 1921 qui
3249 1850 3439 1921 legem
3488 1851 3650 1905 novit
3695 1855 3757 1905 et

2096 1937 2271 2010 juxta
2295 1953 2425 1993 eam
2458 1943 2864 1993 conversatur.
2898 1939 3168 1993 Famam
3204 1938 3363 1993 enim
3416 1938 3615 2010 posuit
3656 1954 3756 1994 co-

2102 2027 2385 2100 gnitionis
2405 2027 2479 2083 ad
2500 2026 2948 2100 intelligendum
2962 2069 2975 2095 ,
2999 2026 3252 2082 formam
3274 2032 3472 2083 autem
3490 2027 3755 2083 veritatis

2104 2116 2178 2172 ad
2208 2116 2594 2189 operandam.
2629 2116 2735 2170 Ille
2764 2132 3023 2187 namque
3045 2132 3243 2172 veram
3275 2133 3405 2188 quae
3431 2118 3495 2172 in
3518 2117 3645 2189 lege
3666 2122 3758 2173 est

2105 2206 2506 2279 cognitionem
2531 2205 2815 2274 ostendit,
2838 2206 2940 2277 qui
2970 2206 3164 2277 ipsam
3185 2205 3463 2277 operibus
3477 2206 3755 2278 complet,

2106 2295 2255 2351 227
2295 2294 2396 2349 ille
2426 2311 2558 2350 eam
2598 2293 2836 2349 ﬁdelem
2869 2293 3153 2349 ostendit.
3187 2295 3333 2348 Tum
3356 2310 3513 2362 vero,
3538 2294 3756 2365 inquit,

2107 2382 2362 2440 conﬁdis
2389 2388 2445 2438 te
2470 2399 2601 2438 esse
2616 2383 2828 2438 ducem
2857 2388 2915 2437 et
2938 2382 3302 2438 eruditorem
3325 2400 3393 2440 ac
3415 2382 3756 2440 doctorem:

2105 2490 2216 2528 nec
2238 2472 2297 2527 id
2325 2472 2545 2545 vulgari
2571 2470 2769 2539 modo,
2797 2471 2901 2528 sed
2926 2471 3246 2527 habentem
3277 2472 3529 2528 formam
3554 2472 3760 2546 cogni-

2105 2563 2306 2631 tionis,
2331 2579 2462 2634 quaa
2485 2562 2693 2636 inlege
2725 2566 2835 2631 est,
2859 2567 2918 2616 et
2936 2562 3199 2617 veritatis
3220 2578 3352 2633 quas
3374 2561 3434 2615 in
3468 2561 3595 2633 lege
3626 2566 3755 2616 est:

2105 2653 2189 2708 ita
2220 2658 2421 2708 tamen
2453 2652 2821 2707 conversaris
2850 2651 3020 2722 quasi
3066 2651 3211 2723 legis
3241 2650 3574 2706 doctrinam
3604 2665 3758 2704 non—

2106 2742 2247 2798 dum
2278 2741 2558 2798 audieris.
2594 2742 2703 2807 Qui
2734 2758 2871 2814 ergo
2906 2741 3155 2796 formam
3189 2746 3243 2795 te
3268 2740 3486 2795 habere
3504 2738 3756 2795 conﬁdis

2106 2831 2461 2901 cognitionis
2494 2847 2561 2886 ac
2591 2829 2883 2885 veritatis:
2916 2830 3020 2900 qui
3048 2835 3103 2884 te
3134 2829 3546 2900 insipientium
3567 2826 3759 2883 erudi-

2107 2924 2297 2975 torem
2320 2926 2378 2974 et
2406 2919 2616 2974 ducem
2638 2935 2707 2974 ac
2731 2918 3034 2973 doctorem
3063 2932 3194 2972 esse
3220 2916 3758 2988 conﬁdis,teipsum

2105 3009 2319 3065 doceas
2351 3010 2610 3081 primum
2632 3025 2644 3062 :
2670 3007 2910 3064 docebis
2929 3011 3127 3063 autem
3144 3007 3381 3079 quando
3403 3006 3758 3077 doctrinam,

2110 3097 2388 3170 operibus
2415 3114 2484 3153 ea
2513 3113 2644 3168 qua;
2675 3096 2824 3152 dicis
2856 3101 3262 3167 priestantem,
3295 3095 3648 3153 ostenderis.

2181 3188 2253 3254 ll,
2284 3188 2477 3243 21-24.
2512 3208 2539 3236 ‹‹
2568 3186 2677 3251 Qui
2709 3202 2844 3258 ergo
2876 3185 3061 3240 alium
3093 3185 3291 3253 doces,
3326 3185 3585 3256 teipsum
3633 3200 3756 3240 non

2108 3279 2284 3335 doces
2305 3278 2333 3333 ‘I
2365 3278 2467 3350 qui
2490 3276 2781 3350 praedicas
2811 3293 2932 3332 non
2958 3276 3299 3347 furandum,
3350 3275 3567 3332 furaris
3593 3275 3621 3331 Ἰ
3652 3275 3756 3347 qui

2109 3368 2258 3424 dicis
2281 3384 2403 3423 non
2420 3366 3229 3433 adulterandum,committis
3241 3365 3602 3421 adulterium
3617 3363 3645 3421 ?
3657 3364 3758 3436 qui

2110 3457 2430 3513 simulacra
2451 3455 3184 3528 exsecraris,sacrilegium
3207 3453 3756 3525 committis?quiin

2107 3546 2236 3619 lege
2250 3546 2545 3619 gloriaris,
2579 3562 2687 3617 per
2716 3545 2863 3617 legis
2893 3544 3425 3618 transgressionem
3450 3543 3634 3600 Deum
3666 3543 3760 3598 in-

2108 3637 2365 3691 honoras
2389 3638 2412 3691 P
2432 3637 2659 3691 Nomen
2681 3635 2840 3690 enim
2866 3635 2965 3691 Dei
2988 3640 3231 3706 propter
3248 3650 3349 3689 vos
3370 3631 3760 3704 blasphemiis

2109 3725 2369 3782 afﬁcitur
2397 3725 2558 3780 inter
2585 3730 2813 3795 gentes,
2850 3724 3005 3779 sicut
3028 3724 3318 3794 scriptum
3359 3726 3467 3776 est.
3503 3741 3532 3771 »

2181 3821 2564 3885 Consequens
2595 3812 2815 3868 deinde
2855 3818 2982 3867 erat
3037 3817 3103 3866 ut
3152 3809 3394 3876 diceret,
3448 3806 3607 3880 quod
3654 3807 3757 3878 qui

2111 3902 2253 3958 talia
2282 3920 2317 3958 a
2354 3907 2470 3958 Deo
2508 3902 2878 3973 accepissent
2928 3917 3039 3955 nec
3089 3916 3158 3955 ea
3212 3903 3532 3966 servarent,
3594 3900 3758 3952 tanto

2111 3992 2324 4064 majori
2348 3989 2836 4047 condemnationi
2854 3989 3092 4044 obnoxii
3111 3988 3295 4044 futuri
3309 3992 3758 4060 essent,quanto

2112 4081 2309 4151 majus
2332 4084 2489 4135 esset
2518 4076 3018 4149 peCcatum,quod
3043 4094 3076 4131 a
3098 4076 3349 4132 scientia
3376 4075 3725 4148 procederet
3748 4091 3762 4129 :

2113 4170 2356 4225 interim
2386 4174 2587 4224 tamen
2620 4183 2720 4222 eos
2750 4182 2870 4221 non
2900 4166 3116 4223 acriter
3160 4165 3453 4238 objurgat,
3496 4165 3600 4221 sed
3629 4181 3764 4220 ser-

2114 4274 2355 4316 monem
2378 4274 2485 4330 per
2506 4256 3035 4329 interrogationem
3064 4256 3419 4328 producens,
3444 4254 3764 4326 hocipsum

2116 4346 2397 4405 ostendit.
2414 4345 2667 4412 Quidam
2694 4361 2827 4399 vero
2852 4345 3212 4401 enuntiative
3232 4341 3760 4417 potiuslegendum

2117 4453 2245 4493 esse
2267 4435 2493 4491 dicunt.
2514 4454 2536 4482 ι
2562 4434 2670 4500 Qui
2686 4432 3007 4489 simulacra
3019 4432 3388 4490 exsecraris?
3417 4455 3443 4482 υ
3458 4433 3573 4489 Lex
3602 4435 3761 4485 certe

349 4541 497 4593 ματα
556 4518 831 4596 βδελυκτᾶ
888 4521 1034 4599 εἶχε,
1094 4517 1182 4575 διὰ
1234 4519 1297 4575 τὸ
1355 4517 1605 4591 δαίμοσιν
1662 4519 1997 4586 ἂνατεθῆναι.

2111 4541 2319 4581 omnes
2351 4524 2529 4580 etiam
2560 4539 2656 4579 res
2689 4539 2818 4594 quae
2846 4523 2908 4577 in
2941 4522 3241 4578 idolorum
3276 4521 3513 4594 templis
3573 4525 3761 4585 erant,

341 4612 533 4683 Ὑμεῖς
566 4608 643 4678 δὲ,
700 4611 855 4685 φησὶ,
908 4612 976 4665 τὰ
1035 4609 1128 4683 μὲν
1191 4606 1395 4664 εἴδωλα
1430 4605 1823 4683 βδελύσσεσθαι
1854 4626 2006 4683 φατε,

336 4699 411 4754 τὰ
444 4697 501 4754 δὲ
531 4698 617 4755 ἐπ’
648 4700 836 4763 αὐτοῖς
895 4702 1160 4775 χρήματα
1218 4698 1502 4771 ἁρπάζετε.
1559 4697 1699 4772 ’Ἄρα
1738 4693 1851 4766 οὖν,
1886 4690 2011 4750 οὐδὲ

337 4790 415 4844 τὰ
479 4785 684 4845 εἳδωλα
738 4790 876 4844 κατὰ
924 4788 1182 4861 ἀλήθειαν
1245 4784 1623 4863 βδελύσσεσθε.
1685 4786 1896 4860 [ΦΩΤ.]
1943 4787 2011 4841 Et

344 4878 455 4953 γὰρ
512 4899 597 4942 τις
659 4875 1011 4953 βδελύσσεται
1065 4878 1133 4933 τὰ
1204 4873 1431 4945 ε’ἰδωλα,
1494 4874 1570 4938 ὠς
1630 4877 1738 4929 τῶν
1795 4872 2013 4929 οἰκείων

347 4967 492 5032 ἐθῶν
524 4967 613 5023 καὶ
646 4967 903 5041 νομίμων
951 4966 1043 5022 καὶ
1098 4967 1259 5040 ἱερῶν
1320 4958 1558 5039 ἀκριϐὴς
1601 4962 1795 5041 φύλαξ,
1827 4957 2011 5018 ἔπειτα

344 5055 419 5112 τὰ
448 5057 623 5113 οἰκεῖα
651 5057 773 5131 ἱερᾶ
817 5053 1088 5126 ἁποσυλᾷ,
1140 5053 1317 5122 πόσης
1377 5053 1537 5114 οὗτος
1567 5051 1667 5107 οὐκ
1692 5048 1832 5106 ἔστιν
1861 5049 2008 5121 ἄξιος

346 5146 661 5221 τιμωρίας;
728 5145 800 5201 δι’
856 5147 930 5200 ὧν
987 5146 1084 5219 μὶν
1141 5147 1523 5220 προσποιεῖται
1583 5140 2008 5218 ἀποστρέφεσθαι

343 5236 422 5291 τὰ
463 5234 692 5305 εἴδωλα,
745 5240 910 5310 τιμᾷν
964 5234 1053 5290 καὶ
1110 5232 1563 5310 περιπτύσσεσθαι
1596 5228 1770 5287 δοκῶ)
1797 5232 1897 5300 τὴν
1928 5231 2011 5286 οἷ-

348 5325 504 5380 κείαν
563 5324 840 5399 λατρείαν,
893 5325 984 5380 καὶ
1036 5324 1102 5378 τὰ
1158 5323 1284 5396 περὶ
1341 5321 1509 5390 αύτήν
1561 5320 1700 5395 ἱερὰ,
1753 5318 1824 5375 δι’
1851 5321 1925 5376 ὧν
1954 5318 2012 5376 δὲ

352 5413 647 5491 τολμηρὰν
704 5415 794 5469 καὶ
850 5412 1190 5469 κλέπτουσαν
1235 5416 1400 5486 χεῖρα
1450 5408 1740 5486 ἐπαφίησιν
1802 5409 2008 5481 αὐταῖς,

360 5503 584 5579 μᾶλλον
640 5507 748 5560 τῶν
807 5499 1053 5558 εἰδώλων
1107 5495 1400 5575 ἐξυϐρίζων
1453 5499 1544 5554 καὶ
1601 5497 1678 5561 είς
1733 5499 1796 5554 τὸ
1838 5498 2008 5572 μηδὲν

354 5593 670 5670 ἡγούμενος
721 5592 874 5664 αὐτὰ,
930 5589 1317 5667 παραπλήσιός
1375 5588 1515 5643 ἐστιν
1576 5587 1734 5650 οὗτος
1769 5588 1844 5649 ὡς
1869 5588 2013 5662 ἄλη-

668 5726 945 5786 Paeon.
991 5721 1101 5780 Gn.
1149 5717 1412 5779 CXVIII.

2119 4613 2513 4671 exsecrandas
2534 4612 2789 4683 dicebat,
2804 4629 2871 4667 eo
2890 4611 3047 4683 quod
3064 4611 3434 4667 dmmonibus
3447 4614 3648 4666 essent
3675 4608 3764 4663 di-

2118 4709 2285 4760 cataa.
2325 4705 2436 4759 Vos
2466 4708 2685 4770 autem,
2718 4701 2931 4773 inquit,
2966 4700 3284 4757 simulacra
3314 4705 3373 4755 et
3407 4698 3569 4756 idola
3599 4714 3767 4754 exse—

2120 4795 2271 4850 crari
2309 4792 2551 4864 quidem
2581 4808 2683 4846 vos
2715 4790 2934 4858 dicitis,
2969 4796 3027 4845 et
3060 4795 3255 4845 tamen
3281 4789 3572 4861 repositas
3620 4787 3767 4859 ipsis

2118 4882 2431 4938 facultates
2468 4880 2695 4952 rapitis.
2745 4880 2949 4950 Itaque
2997 4894 3192 4950 neque
3249 4895 3383 4935 vere
3450 4877 3771 4934 simulacra

2121 4971 2535 5028 exsecramini.
2564 4971 2707 5024 Nam
2740 4968 2790 5024 si
2815 4967 3113 5040 quispiam
3147 4968 3469 5025 simulacra
3497 4982 3769 5024 exsecre-

2118 5064 2234 5131 tur,
2267 5065 2547 5130 tanquam
2568 5056 2934 5129 propriarum
2952 5057 3455 5113 consuetudinum
3472 5056 3769 5129 legitima-

2118 5164 2371 5219 rumque
2402 5152 2462 5201 et
2492 5161 2795 5201 sacrarum
2828 5150 3067 5201 exactus
3114 5145 3476 5211 observator,
3526 5142 3768 5199 interim

2121 5244 2321 5295 autem
2355 5237 2598 5311 prepria
2628 5234 2847 5307 templa
2879 5235 3273 5307 depraedatur,
3297 5253 3412 5308 quo
3436 5235 3533 5290 hic
3554 5233 3769 5306 dignus

2120 5345 2243 5384 non
2267 5333 2356 5383 est
2378 5324 2713 5398 supplicio?
2733 5325 2840 5391 Qui
2894 5326 3034 5380 hinc
3093 5342 3154 5381 se
3213 5326 3384 5399 ﬁngit
3438 5321 3769 5380 abominari

2120 5416 2301 5486 idola,
2330 5416 2636 5488 proprium
2663 5414 2887 5469 cultum
2908 5413 3203 5470 honorare
3224 5415 3382 5471 visus
3404 5418 3463 5470 et
3492 5409 3771 5483 amplecti

2120 5524 2189 5564 ac
2220 5522 2408 5571 sacra,
2445 5521 2577 5576 quae
2609 5504 2769 5559 circa
2800 5503 2973 5559 illum
3016 5503 3358 5561 habentur:
3421 5502 3589 5558 illinc
3635 5515 3771 5554 vero

2121 5596 2501 5655 temerariam
2531 5593 2919 5664 furacemque
2962 5611 3207 5652 manum
3248 5594 3322 5653 ad
3368 5609 3440 5649 ea
3489 5587 3771 5657 extendit,

3408 5720 3483 5777 12
