4176 6200
392 395 508 456 383

1507 359 1930 427 (ΕΟΗΜΕΝΠ
1979 354 2284 417 ΤΗΙΟΟᾸΞ
2329 349 2704 412 EPISCOPI.

3643 313 3646 318 ’
3683 333 3806 396 364

391 530 521 600 ipsa
557 517 768 590 majori
789 504 1296 579 afﬁciensinjuria
1317 517 1494 573 quam
1518 489 2036 565 idolaeaquenihil
2069 552 2076 568 ί

2190 488 2277 554 ὣς,
2308 487 2386 554 τῷ
2417 481 2628 556 λέγοντι
2663 479 2759 552 μὲν
2787 475 2996 552 ἑτέροις
3031 474 3106 549 μὴ
3155 469 3264 528 δεῖν
3319 467 3593 536 κλέπτειν,
3623 462 3799 540 πράτ-

2190 593 2292 600 --.-.
2330 569 2384 600 ἓὶ
2413 570 2476 600 _.‘.
2529 574 2636 600 -3...
2698 567 3048 600 υΊρ-..ιῑω-..ω
3129 563 3332 600 'nn-nen
3362 559 3461 600 mina
3494 557 3692 600 ἓνεῖναι·
3722 553 3799 600 ἐν.

309 675 314 681 .
393 583 634 676 ducens.
673 613 814 665 Vere
846 605 1002 661 enim
1036 602 1132 656 hic
1163 599 1252 654 illi
1279 593 1560 652 assimilis
1583 597 1672 646 est
1691 588 1792 660 qui
1808 583 2036 642 caeteris

394 722 512 763 non
545 699 860 756 furandum
895 693 1058 758 dicit,
1083 692 1208 763 ipse
1241 685 1476 742 interim
1509 699 1640 753 quae
1669 679 1868 735 furum
1901 677 2040 730 sunt

393 797 766 868 perpetrans.
795 791 938 843 Nam
972 784 1127 838 sicut
1165 779 1266 833 ille
1324 772 1621 831 contraria
1665 763 2039 824 sermonibus

391 849 586 938 facere
615 875 950 934 ostenditur
979 887 1084 944 per
1115 883 1294 940 opera
1320 881 1332 919 :
1366 863 1517 920 228
1550 861 1633 914 ita
1688 863 1748 912 et
1791 855 1909 944 hic_
1939 849 2040 922 qui

400 969 776 1042 sacrilegium
809 966 1128 1037 perpetrat,
1164 953 1462 1013 contraria
1490 951 1611 1022 agit
1648 947 1723 1012 ei,
1757 941 1916 1016 quod
1955 945 2062 995 est-

396 1061 558 1117 idola
587 1034 941 1120 abominari,
971 1069 1078 1123 per
1097 1049 1322 1103 furtum
1353 1034 1832 1115 injuriamquein
1855 1045 2043 1095 sacra,

403 1152 704 1206 daemones
735 1145 958 1211 colens,
992 1153 1244 1211 quorum
1274 1133 1435 1189 idola
1463 1133 1631 1186 erant
1687 1117 2042 1178 habitacula.

404 1264 432 1292 ‹‹
467 1239 576 1305 Qui
607 1238 669 1292 in
699 1237 828 1306 lege
855 1229 1149 1306 gloriaris.
1183 1249 1209 1275 »
1244 1219 1545 1286 Gloriaris,
1579 1213 1746 1288 quasi
1780 1229 1813 1267 a
1843 1211 1960 1265 Deo
1983 1207 2045 1261 in

403 1332 632 1386 honore
655 1325 891 1385 habitus
911 1325 1152 1393 propter
1171 1317 1382 1388 legem,
1407 1325 1511 1366 cur
1542 1323 1676 1378 ergo
1709 1311 2046 1373 transgres-

415 1417 784 1485 sionelegem
805 1403 1453 1476 inhonoras,simulque
1473 1398 1726 1453 etDeum
1741 1393 1810 1448 ?«
1825 1393 2050 1446 Nomen

411 1509 572 1564 enim
605 1504 728 1560 Dei.
779 1523 792 1552 ›
823 1505 966 1554 Cum
996 1496 1154 1552 enim
1187 1508 1356 1566 grave
1390 1493 1545 1545 esset
1594 1483 1752 1557 quod
1800 1480 2048 1543 dixerat,

403 1618 431 1646 «
465 1597 650 1649 Deum
681 1590 1030 1652 inhonoras,
1067 1605 1094 1632 η
1127 1579 1478 1654 prophetam
1509 1575 1572 1628 in
1601 1576 1812 1626 testem
1836 1566 2053 1654 produt

403 1682 483 1736 cit
511 1679 554 1752 ⁷,
588 1695 654 1734 ac
685 1677 738 1732 si‘
796 1675 1055 1731 diceret:
1117 1653 1243 1725 Non
1297 1682 1466 1722 meus
1525 1677 1718 1718 sermo
1779 1663 1887 1722 est,
1951 1653 2054 1710 sed

403 1769 590 1826 Isaiae.
623 1769 769 1822 Nam
801 1764 900 1835 qui
947 1779 1018 1816 ex
1069 1757 1346 1833 gentibus
1389 1757 1578 1820 erant,
1631 1748 1897 1804 videntes
1955 1761 2056 1800 eos

410 1875 590 1933 prave
639 1853 996 1920 conversari,
1057 1851 1119 1904 in
1177 1843 1577 1918 blasphemias
1635 1837 2056 1899 efferebantur,

409 1927 704 2005 dicentes:
737 1946 888 2000 Num
921 1939 1198 2012 oportuit,
1231 1942 1299 1992 ut
1322 1936 1430 1990 hos
1453 1935 1607 1988 Deus
1637 1929 1929 2000 diligeret,
1963 1927 2064 1978 aut

418 2036 724 2110 quidpiam
752 2033 836 2088 eis
858 2027 1144 2088 donaret?
1175 2043 1249 2082 an
1281 2041 1356 2080 ne
1387 2025 1494 2078 hos
1525 2025 1584 2076 et
1605 2035 1733 2074 esse
1755 2021 1810 2072 et
1833 2016 2064 2070 futuros

421 2103 612 2184 malos
643 2117 1205 2196 pracognoverat‘h
1235 2116 1396 2169 Inter
1425 2115 1650 2186 gentes.
1672 2131 1700 2158 »
1723 2108 1848 2162 Non
1872 2103 2066 2160 solum

417 2234 540 2285 vos,
574 2214 789 2285 inquit,
823 2213 1008 2266 Deum
1039 2203 1434 2270 inhonoratis,
1461 2200 1564 2256 sed
1590 2198 1724 2254 aliis
1746 2209 1982 2267 quoque
2007 2190 2068 2246 id

422 2309 638 2384 agendi
668 2305 1042 2363 occasionem
1074 2299 1370 2373 praebetis.

487 2379 562 2469 Π,
595 2400 686 2453 25.
726 2393 1084 2454 Gircumcisio
1109 2389 1378 2460 siquidem
1395 2384 1694 2456 prodest,si
1719 2382 1886 2450 legem
1907 2379 2072 2446 factis

423 2491 739 2562 exprimas:
775 2484 922 2557 quod
950 2485 1000 2538 si
1029 2483 1164 2550 legis
1195 2485 1556 2546 transgressor
1597 2473 1790 2541 fueris,
1835 2471 2070 2524 circum-

430 2581 561 2635 cisio
594 2585 689 2632 tua
711 2576 1048 2647 przputium
1077 2573 1230 2640 facta
1265 2573 1361 2622 est.

498 2668 646 2733 Quia
675 2679 956 2737 magnum
989 2657 1272 2732 quiddam
1318 2653 1628 2710 videbatur
1675 2647 2072 2715 circumcisio,

430 2757 504 2814 ad
536 2773 666 2812 eam
701 2753 940 2809 tandem
971 2749 1154 2814 venit,
1190 2752 1247 2802 et
1276 2745 1358 2802 ait
1382 2743 1629 2798 :Verum
1672 2737 2074 2795 circumcisio—

431 2863 568 2904 nem
591 2844 764 2900 dictis
790 2855 1060 2914 magnam
1084 2837 1415 2906 utilemque
1438 2849 1564 2888 rem
1579 2829 1900 2902 quamdam
1924 2841 2074 2882 esse.

431 2937 664 3006 Utique,
707 2931 924 3002 inquit,
959 2929 1148 2984 fateor
1178 2944 1196 2980 :
1229 2923 1333 2980 sed
1393 2927 1534 2977 tunc
1594 2918 1829 2991 quando
1889 2916 2078 2987 legem

427 3005 600 3080 factis
651 3020 952 3096 exprimis.
1005 3041 1033 3068 ‹‹
1093 3015 1259 3082 Quod
1319 3013 1368 3070 si
1409 3018 1828 3082 transgressor.
1861 3029 1889 3058 »
1947 3005 2085 3060 Vult

437 3113 748 3170 ostendere
764 3107 1269 3166 circumcisionem
1283 3120 1410 3159 esse
1425 3095 2084 3167 intellectualem,cujus

443 3210 616 3276 typus
649 3205 738 3256 est
763 3217 832 3256 ea
863 3215 993 3270 qua:
1025 3213 1206 3252 sensu
1237 3193 1584 3266 percipitur,
1616 3205 1830 3260 nempe
1876 3185 2080 3258 puriﬁ-

439 3299 634 3349 catum
668 3307 796 3347 esse
827 3287 1109 3345 resecatis
1141 3283 1480 3355 superﬂuis.
1515 3283 1615 3335 Est
1645 3284 1840 3334 autem
1876 3293 2078 3347 super-

441 3385 650 3450 ﬂuum,
687 3378 978 3454 quidquid
1007 3376 1285 3448 displicet
1314 3375 1450 3428 Deo.
1487 3369 1839 3442 Hujusmodi
1887 3368 2086 3438 itaque

443 3471 960 3532 circumcisionem
976 3465 1196 3521 habere
1211 3461 1632 3534 potestaliquis
1647 3459 1823 3514 etiam
1843 3471 2088 3527 corpore

444 3561 863 3621 circumcisus:
881 3569 1238 3623 rursumque
1258 3565 1503 3620 corpore
1526 3547 1913 3602 circumcisus
1937 3559 2086 3608 esse,

446 3655 644 3710 animo
661 3643 1281 3706 veroincircumcisus.
1305 3639 1670 3710 Prwputium
1691 3641 1888 3691 autem
1907 3633 2090 3688 etcir-

446 3740 1116 3803 cumcisionem,nempe
1130 3745 1311 3784 veram
1323 3729 1493 3782 bona:
1507 3741 1815 3798 pravznque
1829 3723 2094 3779 actiones

446 3828 911 3904 designant.Cutn
923 3837 1058 3894 ergo
1073 3818 1428 3874 circumcisio
1445 3817 1676 3888 signum
1691 3814 2097 3870 sitexcisionis

443 3913 892 3986 atl'ectuum:qui
907 3907 1552 3967 nonhabueritexcisos
1566 3905 1934 3975 alTectus,hic
1950 3923 2092 3961 sane

451 4007 839 4080 praeputiatus
857 4008 1315 4072 est,quanquam
1331 3999 1566 4068 signum
1587 4013 1830 4068 corpore
1843 3995 2096 4051 ferat.A-

447 4097 636 4167 lioqui
658 4095 815 4150 enim
835 4109 956 4148 non
984 4090 1176 4146 solum
1201 4090 1310 4144 iste
1333 4088 1486 4144 nihil
1505 4087 1640 4142 inde
1655 4087 1985 4158 adjumenti
2001 4101 2097 4140 ac-

451 4183 806 4257 ciperet,sed
821 4189 878 4238 et
897 4183 1089 4252 majus
1103 4183 1526 4234 nocumentum
1539 4193 1692 4244 ,vera
1706 4177 1964 4248 privatus
1984 4175 2095 4230 cir-

452 4271 1016 4342 cumcisione,cujus
1041 4270 1273 4342 signum
1294 4267 1626 4322 eratcarnis
1641 4264 2099 4331 circumcisio,e-

449 4366 590 4420 tiam
609 4363 763 4418 hanc
777 4363 962 4433 ipsam
979 4357 1201 4430 injuria
1218 4355 1690 4431 afﬁciens,atque
1705 4353 1978 4408 inutilem
1995 4351 2094 4406 red

451 4453 897 4523 (lens,nihilque
917 4449 1352 4522 significantem
1373 4461 1580 4502 eorum
1604 4445 1676 4500 ad
1701 4461 1831 4514 qua:
1851 4443 1988 4498 data
2009 4446 2098 4496 est

449 4549 516 4599 ut
547 4543 780 4616 signum
813 4545 987 4594 esset.
1023 4537 1174 4593 229
1200 4536 1254 4590 Si
1277 4537 1408 4607 quis
1430 4540 1626 4589 autem
1649 4532 1826 4587 habet
1851 4532 2096 4586 affectus

455 4633 703 4700 excisos,
740 4644 1082 4701 quanquam
1114 4642 1288 4681 carne
1320 4641 1438 4678 non
1470 4625 1546 4677 sit
1575 4621 1978 4685 circumcisus,
2006 4619 2096 4672 ni-

449 4723 778 4778 hilominus
810 4727 1010 4774 tamen
1041 4733 1177 4770 vera
1207 4719 1470 4769 resectus
1501 4717 1592 4767 est
1620 4709 2096 4774 circumcisione,

453 4828 642 4880 eoque
667 4810 872 4882 magis,
907 4825 1023 4878 quo
1057 4806 1256 4860 minus
1288 4807 1418 4876 eget
1449 4801 1739 4866 sensibili,
1774 4815 1904 4870 quas
1963 4814 2095 4852 me-

449 4899 653 4954 moriaa
687 4899 956 4970 signique
989 4896 1176 4968 gratia
1207 4897 1640 4949 assumebatur.
1676 4913 1703 4938 ‹‹
1735 4888 2096 4959 Ρνεερυῑίιιῐιι

445 4987 600 5042 facta
627 4993 733 5041 est.
775 5009 799 5033 η
831 4987 950 5039 Hoc
984 4990 1073 5038 est
1108 4981 1508 5038 abominanda
1529 4997 1620 5034 res
1646 4979 1816 5050 juxta
1837 4981 2096 5031 mentem

451 5093 673 5132 eorum.
709 5074 942 5128 Etenim
975 5073 1085 5143 ipsi
1116 5073 1535 5143 praeputiatum
1565 5067 1861 5123 ducebant
1877 5067 2098 5121 abomi-

450 5165 736 5220 nandum.
773 5163 828 5218 Si
853 5179 988 5234 ergo
1032 5177 1150 5215 non
1210 5161 1526 5215 servaveris
1575 5173 1766 5228 neque
1819 5159 2097 5228 operatus

448 5255 631 5310 fueris
663 5271 793 5324 quas
829 5252 973 5324 legis
1006 5257 1163 5318 sunt,
1197 5249 1571 5306 circumcisio
1627 5253 1747 5313 tua,
1798 5262 1928 5317 qua":
1979 5246 2096 5299 Deo

450 5351 614 5417 grata
644 5347 790 5408 erat,
824 5341 1226 5396 abominanda
1253 5340 1406 5396 facta
1434 5343 1523 5394 est
1552 5342 1611 5391 et
1655 5336 1899 5408 rejecta.
1933 5333 2097 5400 Quod

452 5433 500 5489 si
523 5433 910 5506 prmputiatus
935 5431 1166 5504 egregia
1189 5431 1333 5502 legis
1354 5445 1533 5501 opera
1547 5425 2097 5499 praestiterit,bujus

449 5523 806 5596 prmputium
822 5522 980 5594 quod
1005 5539 1102 5578 res
1126 5517 1526 5578 abominanda
1547 5522 1694 5584 erat,
1725 5517 1843 5571 Deo
1866 5519 2096 5588 gratum

519 5671 540 5706 ⁷
570 5669 684 5726 Isa.
716 5687 812 5740 LII,
843 5673 897 5725 ὅ.

2147 593 2295 628 τοντι
2329 569 2386 626 δὲ
2413 570 2478 626 τὰ
2529 574 2636 624 τῶν
2698 567 3070 624 κλεπτόντων.

2129 4530 2561 4635 Βέντετύπωται
2623 4531 2691 4603 τῇ
2767 4529 2946 4602 σαρκὶ,

3129 563 3332 637 Ὠσπερ
3362 559 3461 633 γὰρ
3494 557 3692 616 ἐκεῖνος
3722 553 3804 608 ὲν-

2159 661 2311 718 αντία
2365 667 2482 724 τοῖς
2543 660 2732 735 λόγοις
2793 657 2880 713 διᾶ
2937 662 3042 714 τῶν
3099 651 3269 731 ἔργων
3320 652 3573 724 πράττειν
3605 643 3808 702 ἐπιδεί-

2151 773 2362 822 κνυται,
2397 751 2573 808 οὕτως
2602 750 2694 804 καὶ
2723 749 2880 809 οὗτος
2921 745 3132 801 ἐναντία
3176 746 3273 797 toﬁ
3329 739 3714 818 βδελύσσεσθαι
3745 735 3811 790 τὰ

2153 839 2282 896 εἷ’δω
2317 842 2385 897 λα
2419 839 2489 898 δι’
2553 839 2630 894 ὧν
2687 835 2963 912 ἱεροσυλεῖ
3018 832 3428 908 διαπράττεται,
3487 827 3576 883 διὰ
3603 829 3701 895 τῆς
3733 825 3809 886 εἷς

2151 931 2218 986 τὰ
2250 931 2368 1005 ἱερὰ
2398 927 2617 998 κλοπῆς
2649 928 2740 984 καὶ
2773 921 2982 1000 ’ὕϐρεως
3023 923 3330 999 θεραπεύων
3357 921 3486 981 τοὺς
3519 917 3808 992 δαίμονας,

2156 1022 2230 1075 ὧν
2257 1020 2393 1090 ἦσαν
2425 1021 2489 1074 τὰ
2521 1017 2726 1074 εἴδωλα
2777 1017 3090 1089 οἰκητήρια.
3149 1037 3173 1067 α
3207 1015 3300 1073 '0;
3333 1011 3385 1066 ἐν
3413 1010 3570 1082 νόμῳ
3597 1009 3812 1080 καυχᾶ-

2158 1131 2331 1168 σαι.»
2387 1113 2668 1184 Καυχᾶσαι
2728 1107 2804 1168 ὡς
2859 1103 3112 1178 τιμηθεὶς
3169 1101 3316 1176 παρὰ
3371 1103 3471 1154 τοῦ
3529 1099 3661 1152 Θεοῦ
3724 1092 3816 1148 διὰ

2156 1200 2248 1254 τὸν
2297 1199 2491 1272 νόμον,
2549 1199 2614 1255 Τί
2670 1196 2848 1252 τοίνυν
2913 1198 2982 1268 τῇ
3043 1186 3343 1267 παραϐάσει
3401 1187 3685 1261 ἀτιμάζεις
3723 1185 3816 1240 τὸν

2157 1271 2377 1362 νόμον,
2409 1288 2500 1342 καὶ
2561 1286 2940 1357 συνατιμάζεις
2993 1283 3086 1338 τὸν
3137 1281 3267 1337 Θεόν
3295 1299 3308 1349 ;
3367 1301 3392 1332 α
3419 1278 3488 1332 Τὸ
3517 1277 3616 1352 γαρ
3646 1271 3818 1347 ὄνομα

2159 1382 2256 1434 τοῦ
2287 1381 2440 1435 Θεοῦ.
2475 1403 2497 1432 ι
2567 1372 2792 1443 Ἐπειδὴ
2865 1372 3004 1448 βαρὺ
3081 1373 3254 1441 εἶπεν,
3321 1368 3404 1422 ὅτι
3475 1391 3501 1419 ‹‹
3536 1365 3644 1422 Τὸν
3689 1363 3818 1419 Θεὸν

2164 1466 2468 1540 ἀτιμάζεις,
2503 1489 2532 1516 ››
2561 1464 2654 1519 τὸν
2712 1464 3004 1540 προφήτην
3059 1460 3286 1535 παράγει
3355 1457 3622 1532 μάρτυρα,
3664 1453 3739 1514 ὡς
3772 1450 3824 1507 εἲ

2165 1559 2336 1625 εἶπεν,
2378 1555 2492 1613 Οὐκ
2541 1553 2673 1627 ἐμὸς
2706 1554 2734 1608 ὁ
2768 1551 2950 1628 λόγος,
3003 1547 3152 1605 ἆλλᾶ
3195 1551 3292 1603 τοῦ
3342 1543 3588 1603 Ἡσαΐου.
3621 1543 3684 1596 Οἱ
3714 1541 3817 1619 γὰρ

2167 1645 2219 1717 ἐξ
2249 1644 2412 1710 ἐθνῶν
2463 1645 2696 1718 ὁρῶντες
2754 1641 2954 1704 αὐτοὺς
3003 1643 3184 1701 κακῶς
3226 1631 3710 1708 πολιτευομένους,
3741 1630 3824 1692 εἷς

2172 1733 2532 1812 βλασφημίας
2562 1731 2891 1810 ἐξεφέροντο,
2921 1729 3182 1798 Τούτους,
3216 1719 3648 1812 λέγοντες,ῌὲδει
3699 1721 3830 1796 ἀγα-

2169 1832 2338 1894 πῆσαι
2364 1824 2456 1878 τὸν
2489 1823 2616 1878 Θεὸν
2643 1819 2679 1891 ἤ
2714 1819 2900 1876 δοῦναί
2955 1841 3009 1875 τι
3068 1819 3256 1880 αὐτοῖς
3283 1837 3298 1886 ς
3349 1815 3448 1871 οὐκ
3471 1810 3591 1888 ᾔδει
3623 1810 3824 1872 κακοὺς

2169 1913 2325 1976 ὄντας
2357 1913 2446 1968 καὶ
2492 1911 2814 1985 ἐσομένουςς
2875 1934 2898 1961 ιι
2934 1911 3022 1966 'Ev
3083 1913 3202 1971 τοῖς
3243 1905 3433 1970 ἔθνεσι.
3469 1929 3491 1958 ι
3530 1901 3607 1960 Οὐ
3637 1902 3823 1976 μόνον,

2170 2004 2330 2080 φησὶν
2387 2003 2541 2075 ὑμεῖς
2597 2001 2888 2074 ἀτιμάζετε
2925 1997 3015 2053 τὸν
3075 1997 3230 2065 θεὸν,
3291 1993 3437 2050 ἀλλὰ
3487 1992 3576 2047 καὶ
3627 1988 3824 2051 ἄλλοις

2171 2090 2437 2168 πρόφασιν
2465 2089 2756 2167 παρέχετε.

2258 2380 2538 2456 Περιτομή
2595 2378 2689 2452 μὶν
2748 2378 2848 2452 γὰρ
2909 2373 3132 2455 ὠφελεῖ,
3183 2373 3269 2429 ἐὰν
3329 2371 3496 2445 νόμον
3560 2371 3828 2444 πράσσῃς

2181 2467 2270 2525 ἐὰν
2350 2466 2406 2524 δὲ
2481 2463 2802 2544 παραϐάτης
2873 2467 3043 2540 νόμου
3109 2468 3198 2539 ᾗς,
3275 2467 3310 2533 ἡ
3385 2462 3658 2538 περιτομή
3735 2479 3830 2513 σου

2181 2558 2510 2640 ἀκροϐυστία
2547 2557 2780 2637 γέγονεν.

2255 2650 2475 2721 Ἐπειδὴ
2513 2653 2653 2726 μέγα
2682 2671 2734 2706 τι
2765 2647 2942 2705 ἐδόκει
2984 2652 3018 2718 ἡ
3071 2649 3373 2721 περιτομὴ,
3405 2644 3722 2700 τελευταῖον
3745 2641 3834 2696 ἔπ’

2181 2743 2348 2814 αὐτὴν
2381 2741 2540 2818 ᾕλθε,
2567 2741 2656 2796 καὶ
2688 2759 2872 2818 φησιν·
2905 2737 3087 2808 ’Δλλ’,
3128 2737 3317 2813 ἐρεῖτε,
3371 2735 3507 2812 μέγα
3549 2734 3640 2790 καὶ
3689 2729 3835 2808 ὠφέ-

2185 2834 2351 2908 λιμόν
2382 2855 2435 2888 τι
2469 2839 2664 2908 χρῆμα
2711 2833 2746 2900 ἡ
2805 2831 3104 2906 περιτομή.
3166 2828 3434 2900 Εἷσκρίνει
3468 2829 3570 2904 γαρ
3601 2829 3680 2897 τῷ
3713 2819 3834 2895 λαῷ

2184 2929 2282 2979 τοῦ
2312 2927 2467 2979 Θεοῦ.
2503 2921 2625 2989 Ναὶ,
2659 2921 2844 2998 φησὶν,
2895 2917 3187 2995 ὁμηλογῶ,
3227 2915 3374 2973 ἀλλὰ
3399 2917 3544 2984 τότε,
3578 2915 3704 2970 ὅταν
3744 2913 3835 2966 νό-

2194 3035 2291 3089 μον
2325 3013 2594 3088 πράσσῃς.
2643 3033 2672 3062 ι(
2705 3011 2827 3066 Ἐὰν
2885 3007 2943 3064 δὲ
2997 3003 3338 3083 παραϐάτης.
3371 3030 3396 3060 ι
3433 3004 3692 3063 Βούλεται
3725 3000 3840 3056 δεῖ-

2190 3105 2274 3175 ξαι
2327 3101 2409 3154 ὅτι
2468 3093 2578 3153 ἔστι
2637 3099 2909 3173 περιτομή
2970 3097 3169 3168 νοητὴ,
3211 3098 3279 3164 ἧς
3318 3094 3492 3159 τύπος
3521 3096 3554 3164 ἡ
3583 3090 3840 3162 αἲσθητὴ,

2193 3191 2520 3264 κεκαθάροαι
2551 3188 2640 3242 καὶ
2695 3189 2762 3242 τὰ
2789 3189 3015 3262 περιττᾶ
3071 3189 3520 3259 περιτετμῆσθαι.
3583 3180 3836 3256 ΙΙεριττόν

2199 3278 2256 3336 δὲ
2285 3285 2386 3334 πᾶν
2421 3279 2546 3334 ὅσον
2605 3277 2671 3332 οὐ
2731 3276 2891 3354 φίλον
2951 3279 3086 3345 Θεῷ.
3147 3276 3242 3330 Ἐκ
3287 3272 3342 3330 δὲ
3369 3274 3588 3342 τούτου,
3616 3269 3728 3327 ἔστι
3757 3291 3843 3334 τις

2201 3363 2532 3444 ἆκρόϐυστος
2563 3369 2657 3440 μὲν
2689 3367 2750 3421 τὸ
2783 3370 2962 3438 σῶμα,
2991 3367 3090 3434 τήν
3135 3361 3191 3420 δὲ
3232 3363 3488 3434 τοιαύτην
3521 3360 3665 3438 ἔχων
3697 3379 3848 3435 περι·-

2201 3443 2402 3532 τομήν.
2434 3457 2531 3512 Καὶ
2573 3454 2740 3512 πάλιν
2790 3453 3159 3529 ἐμπερίτομος
3191 3455 3286 3528 μὶν
3317 3455 3379 3508 τὸ
3407 3457 3588 3526 σῶμα,
3618 3443 3849 3524 ἀκρόϐυ-

2203 3569 2330 3610 στος
2362 3545 2418 3602 δὲ
2447 3547 2544 3615 τήν
2575 3547 2778 3620 ψυχήν.
2815 3538 3211 3620 Ἀκροόυστίαν
3238 3540 3295 3598 δὲ
3315 3542 3402 3598 καὶ
3425 3540 3730 3616 περιτομὴν
3751 3539 3849 3607 τὴν

2205 3635 2388 3706 ἀληθῆ
2423 3633 2680 3706 δηλονότι
2711 3635 2764 3688 αἱ
2796 3635 2990 3708 ἀγαθαὶ
3021 3631 3111 3688 καὶ
3161 3632 3397 3706 πονηραὶ
3427 3629 3646 3701 πράξεις
3677 3647 3856 3704 χαρα-

2205 3726 2585 3800 κτηρίζουσιν.
2611 3757 2676 3766 --
2700 3725 2911 3798 [ΦΩΤ.]
2935 3721 3088 3780 Ἐπεὶ
3112 3721 3205 3776 οὖν
3231 3722 3458 3794 σημεῖόν
3483 3719 3662 3789 ἐστινὴ
3697 3735 3852 3791 περι-

2203 3815 2352 3888 τομή
2405 3817 2590 3870 παθῶν
2639 3811 2897 3885 ἐκκοπῆς,
2949 3811 3002 3868 εἷ’
3043 3835 3124 3876 τις
3175 3814 3277 3868 οὐκ
3318 3807 3726 3867 ἐκκέκοπταιτᾶ
3757 3809 3856 3860 πά-

2205 3906 2294 3975 θη,
2331 3900 2587 3974 δηλονότι
2621 3900 2953 3978 ἀκρόϐυστός
3004 3901 3138 3971 ἐστι,
3185 3902 3341 3956 κᾶντὸ
3375 3905 3600 3972 σημεῖον
3631 3895 3717 3950 ἐπὶ
3749 3899 3848 3950 τοῦ

2207 3995 2460 4068 σώματος
2489 3991 2647 4072 φέρῃ.
2676 3990 3005 4049 Τοὺναντίον
3055 3991 3155 4067 γὰρ
3206 3992 3266 4046 οὐ
3326 3990 3486 4064 μόνον
3521 3984 3674 4043 οὐδὲν
3707 3984 3854 4063 ὠφε-

2211 4082 2388 4138 λεῖται
2420 4083 2596 4152 οὗτος,
2617 4079 2763 4136 ἀλλὰ
2784 4082 2872 4136 καὶ
2898 4079 3062 4136 πλέον
3092 4079 3412 4157 βλάπτεται,
3445 4075 3776 4154 ψευδόμενός
3797 4093 3858 4130 τε

2207 4173 2341 4228 κατὰ
2369 4179 2468 4241 τῆς
2501 4171 2741 4238 ἀληθοῦς
2773 4177 3100 4247 περιτομῆς,
3139 4173 3204 4238 ἧς
3253 4170 3322 4238 ἦν
3353 4163 3633 4242 σύμϐολον
3657 4168 3692 4234 ἡ
3723 4163 3861 4219 κατὰ

2209 4261 2398 4337 σάρκα,
2452 4262 2542 4316 καὶ
2598 4259 2765 4330 αὐτὴν
2819 4259 3019 4331 ταύτην
3079 4254 3390 4333 ἐνυϐρίζων,
3436 4257 3526 4312 καὶ
3574 4253 3854 4330 ἄχρηστον

2206 4355 2400 4419 ποιῶν,
2433 4351 2522 4404 καὶ
2575 4347 2746 4421 μηδὲν
2799 4349 3187 4424 σημαίνουσαν,
3219 4348 3292 4402 ὧν
3326 4344 3487 4416 ἐδόθη
3523 4349 3752 4418 σημεῖον
3788 4343 3855 4398 εἶ-

2205 4461 2308 4498 ναι.
2345 4439 2408 4496 Ετ’
2437 4437 2494 4494 δὲ
2523 4459 2604 4501 τις
2636 4439 2955 4494 ἐκκέκοπται
2985 4440 3050 4493 τὰ
3083 4437 3251 4508 πάθη,
3274 4436 3368 4492 κᾶν
3401 4437 3461 4491 τὸ
3494 4439 3722 4508 σημεῖον
3758 4433 3858 4488 οὐκ

3026 4527 3180 4582 οὐδὲν
3249 4529 3408 4596 ἧττον
3467 4525 3859 4599 περιτέτμηται

2206 4623 2305 4690 τὴν
2340 4619 2605 4690 ἀληθινὴν
2665 4621 2997 4694 περιτομὴν,
3059 4617 3102 4674 εἰ
3168 4621 3243 4692 μὴ
3303 4617 3394 4673 καὶ
3457 4615 3698 4690 μᾶλλον,
3747 4615 3860 4686 ὅσῳ

2209 4707 2350 4782 μηδὲ
2383 4707 2592 4780 δεηθεὶς
2651 4716 2753 4778 τῆς
2811 4711 3093 4778 αἰσθητῆς,
3143 4709 3259 4776 ἣτις
3307 4706 3468 4782 χάριν
3504 4696 3860 4780 παρελαμϐά-

2203 4819 2323 4854 νετο
2358 4799 2582 4870 μνήμης
2634 4797 2724 4852 καὶ
2779 4793 3086 4871 συμϐόλου.
3120 4818 3151 4851 ι(
3194 4791 3552 4870 Ἀκροϐυστία
3583 4799 3790 4869 γέγονε.
3823 4815 3853 4844 »

2204 4919 2273 4929 ——
2332 4889 2486 4960 [ΤΟΥ
2523 4889 2772 4958 ΑΥΤΟΥ]
2848 4882 3108 4944 Τουτέστι
3180 4882 3497 4959 βδελυκτὸν,
3571 4882 3708 4936 κατᾶ
3763 4881 3854 4934 τὸν

2203 4974 2420 5030 ἐκείνων
2451 4979 2597 5033 νοῦν.
2635 4972 2940 5032 Βδελυκτὸν
2984 4975 3085 5050 γὰρ
3138 4973 3333 5030 ἐκεῖνοι
3380 4972 3474 5028 τὸν
3519 4965 3854 5047 ἀκρόϐυστον

2204 5063 2452 5142 ἔγοῦντο.
2505 5065 2625 5121 Ἐὰν
2670 5064 2787 5134 οὖν,
2837 5064 3092 5142 φησὶν,οὐ
3141 5061 3419 5141 φυλάττῃς
3447 5058 3577 5115 οὐδὲ
3621 5062 3865 5135 πράττῃς

2202 5156 2270 5209 τὰ
2323 5157 2421 5208 τοῦ
2477 5153 2673 5226 νόμου,
2707 5155 2741 5223 ἡ
2783 5155 3058 5226 περιτομή
3120 5157 3236 5224 σοῦ,
3294 5152 3426 5224 ὅπερ
3457 5151 3524 5219 ἦν
3557 5149 3866 5225 Θεάρεστον,

2203 5241 2394 5318 γέγονε
2427 5239 2722 5316 βδελυκτὸν
2770 5241 2860 5296 καὶ
2913 5237 3252 5312 ἀπόϐλητον.
3305 5239 3430 5296 Ἐὰν
3477 5235 3535 5293 δὲ
3567 5239 3594 5292 ὁ
3626 5231 3866 5311 ἀκρόὸυ-

2207 5351 2330 5392 στος
2367 5332 2433 5386 τὰ
2489 5327 2835 5403 δικαιώματα
2885 5329 3130 5409 φυλάττῃ
3183 5333 3280 5384 τοῦ
3337 5329 3536 5402 νόμου,
3570 5329 3602 5398 ἡ
3631 5318 3867 5399 ἀκροϐυ-

2202 5420 2323 5476 στία
2377 5419 2566 5489 ἀύτοῦ,
2622 5417 2752 5494 ὅπερ
2808 5420 2873 5489 ἦν
2929 5415 3250 5494 βδελυκτὸν,
3300 5419 3582 5492 θεάρεστον
3627 5413 3716 5468 καί
3749 5413 3866 5468 Θεο-

2205 5509 2361 5588 φιλὶς
2386 5507 2766 5584 λογισθήσεται
2797 5507 2945 5582 αὐτῷ
2973 5513 3053 5584 τῷ
3083 5507 3353 5584 νομοθέτῃ
3382 5507 3474 5564 καὶ
3505 5506 3868 5580 Δημιουργῷ.
