4176 6200
463 404 578 463 367

532 534 820 602 Deinceps
853 527 1062 583 deﬁnit
1082 524 1215 597 quis
1239 538 1368 577 vere
1393 519 1628 576 Judzeus
1651 521 1728 575 sit
1750 526 1808 576 et
1829 521 1960 591 quis
1975 537 2105 575 vere
2135 521 2188 586 Α

457 621 864 696 przeputiatus.
899 619 967 674 Et
987 617 1219 673 ridetur
1252 631 1371 669 non
1401 612 1662 684 abjicere
1684 611 1974 676 Judaeum,
2001 610 2103 666 sed

452 719 995 783 transgressorem:
1031 706 1356 780 plurimum
1384 710 1582 759 tamen
1615 703 1750 758 illos
1799 702 2102 774 deprimit,

455 802 796 875 significans
828 817 927 856 eos
975 800 1168 855 facere
1229 796 1430 853 omnia
1489 794 1564 850 ad
1617 794 2100 849 ostentationem.

463 914 489 947 ι
515 893 653 958 Qua:
677 893 737 946 in
755 889 1070 948 manifesto
1089 887 1149 943 in
1171 903 1347 944 carne
1369 890 1458 941 est
1479 884 1871 951 circumcisio,
1910 905 1936 932 »
1959 883 2102 938 Cum

457 979 570 1038 hoc
599 980 767 1051 dixit,
817 981 1019 1036 omnia
1048 977 1378 1050 corporalia
1423 975 1657 1046 abjecit.
1717 994 1741 1025 α
1776 974 1841 1027 In
1872 972 2102 1028 occulto

455 1071 712 1128 Judaaus.
742 1093 762 1122 ι
783 1072 924 1125 Puta
943 1067 1384 1124 intellectualis.
1407 1088 1432 1115 «
1449 1063 1831 1119 Circumcisio
1849 1061 2102 1118 cordis.»

457 1162 630 1218 Nulla
661 1162 819 1216 enim
851 1159 1175 1215 necessitas
1208 1163 1314 1221 est,
1349 1155 1563 1226 inquit,
1612 1153 1808 1208 carnis
1835 1168 2100 1208 resecare

455 1251 832 1326 prasputium,
861 1249 963 1304 sed
995 1265 1095 1304 cor
1125 1248 1319 1319 ipsum
1352 1263 1386 1301 a
1415 1244 1606 1316 pravis
1634 1241 2098 1314 operationibus.

456 1343 670 1398 Dicens
701 1346 937 1396 autem:
975 1341 1039 1394 In
1099 1337 1330 1408 spiritu,
1382 1335 1536 1389 viam
1593 1339 1884 1405 praeparat
1940 1331 2098 1386 fidei.

453 1434 597 1486 Nam
629 1430 835 1484 ﬁdeles
860 1445 967 1500 per
995 1427 1278 1498 Spiritum
1295 1429 1566 1478 sanctum
1586 1421 2100 1477 circumcisionem

454 1521 674 1576 habent
703 1524 1082 1590 peccatorum
1115 1533 1127 1570 :
1162 1515 1261 1586 qui
1289 1514 1486 1581 corde,
1519 1514 1621 1582 ait,
1654 1517 1955 1568 resecatus
2013 1515 2102 1565 est

451 1609 612 1664 omni
671 1607 1032 1679 impuritate.
1093 1605 1196 1659 Hic
1250 1604 1410 1659 enim
1467 1619 1640 1658 verus
1701 1607 1790 1657 est
1839 1601 2097 1668 Judmus,

450 1697 549 1770 qui
583 1697 772 1766 legem
804 1695 1064 1766 complet
1102 1711 1168 1748 ac
1201 1698 1411 1748 servat.
1445 1714 1473 1743 «
1506 1691 1686 1763 Cujus
1716 1690 1846 1746 laus
1877 1707 1997 1745 non
2029 1705 2098 1744 ex

450 1786 796 1843 hominibus
829 1791 937 1851 est,
975 1783 1076 1839 sed
1110 1800 1176 1840 ex
1215 1787 1350 1838 Deo.
1387 1804 1415 1831 »
1447 1783 1589 1838 281
1640 1781 1894 1836 Occulta:
1926 1796 2096 1834 nam-

453 1894 567 1948 que
599 1875 1069 1932 circumcisionis
1100 1879 1157 1928 et
1189 1890 1320 1944 qua:
1349 1873 1410 1926 in
1442 1871 1618 1927 corde
1651 1876 1896 1938 est,non
1920 1870 2097 1924 homo

450 1966 724 2022 laudator
753 1970 861 2034 est,
919 1963 1021 2019 sed
1076 1963 1176 2034 qui
1237 1961 1416 2019 corda
1473 1966 1770 2017 scrutatur
1817 1965 1874 2014 et
1923 1975 2096 2015 renes

451 2057 626 2112 Deus.

1108 2194 1342 2250 CAPUT
1380 2195 1442 2250 V.

448 2307 524 2362 De
547 2305 931 2362 Israelitarum
957 2306 1364 2385 przrogativa,
1397 2304 1498 2373 qui
1519 2301 1936 2374 promissionem
1966 2317 2092 2356 con-

1095 2381 1266 2431 secuti
1294 2381 1440 2431 sunt.

516 2503 694 2569 111,4,
727 2505 780 2558 2.
814 2503 942 2566 Quae
1002 2500 1175 2570 igitur
1215 2499 1537 2555 excellentia
1593 2506 1671 2554 est
1715 2499 1945 2554 Judaei?
1997 2505 2093 2553 aut

449 2609 572 2663 qua
601 2591 814 2648 utilitas
839 2593 1266 2647 circumcisionis
1295 2592 1320 2642 .9
1355 2589 1531 2646 Multa
1565 2607 1672 2660 per
1724 2606 1932 2645 omnem
1975 2605 2092 2644 mo-

447 2682 596 2738 dum.

521 2771 736 2843 Objicit
767 2769 878 2825 sibi
907 2767 1044 2841 ipsi.
1103 2769 1158 2824 Si
1217 2785 1377 2842 ergo,
1437 2769 1651 2840 inquit,
1703 2769 1874 2841 juxta
1925 2774 2092 2824 tuum

451 2877 812 2928 sermonem,
855 2858 1006 2914 nihil
1051 2858 1293 2929 prodest
1345 2858 1434 2912 vel
1490 2858 1757 2914 Judaaum
1819 2875 1947 2913 esse
2005 2857 2093 2912 vel

449 2948 818 3014 circumcidi,
845 2948 990 3019 quin
1023 2949 1220 3020 potius
1250 2953 1443 3012 nocet,
1469 2963 1594 3002 cum
1624 2952 2094 3019 transgressores

446 3038 673 3109 majore
710 3038 830 3092 sint
869 3037 1030 3110 digni
1082 3037 1391 3108 supplicio.
1435 3036 1520 3092 Ad
1565 3036 1709 3106 quid
1758 3036 1937 3108 igitur
1986 3053 2095 3091 nos

449 3126 626 3198 elegit
659 3128 830 3191 Deus,
876 3134 978 3182 aut
1035 3143 1142 3182 cur
1193 3144 1302 3182 nos
1361 3126 1705 3182 circumcidi
1760 3125 2096 3198 praecepit?

443 3217 682 3271 Poterat
712 3217 910 3287 itaque
941 3215 1015 3271 ad
1065 3215 1464 3288 objectionem
1525 3215 1721 3270 dicere
1771 3215 1925 3286 quod
1979 3215 2091 3270 cir-

1541 384 1957 448 mCUMENII
2003 387 2305 448 TRICCIE
2350 388 2724 450 EPISCOPI.

3747 393 3866 455 368

2291 521 2493 574 Λοιπὸν
2524 520 2691 594 ὁρίζει
2742 519 2822 581 τίς
2854 520 2882 574 6
2913 518 3081 583 ὅντως
3117 517 3402 590 Ἰουδαῖος,
3455 523 3545 577 καὶ
3595 520 3673 586 τίς
3703 523 3730 578 6
3773 523 3830 580 ὅν
3851 558 3876 572 ι-

2217 629 2328 670 τως
2379 603 2730 682 ἀκρόϐυστος.
2786 609 2883 664 Καὶ
2947 608 3095 665 δοκεῖ
3153 611 3247 684 μὲν
3302 611 3377 682 μὴ
3430 605 3719 667 ἐκϐάλλειν
3777 615 3868 669 τὸν

2221 695 2500 764 Ἰουδαῖον,
2548 697 2693 753 ἀλλὰ
2747 699 2838 753 τὸν
2892 695 3233 774 παραϐάτην
3267 698 3410 754 πολὺ
3443 698 3498 755 δὲ
3533 696 3872 758 καταϐάλλει

2217 785 2438 857 αὐτοὺς,
2497 789 2780 861 σημαίνων
2863 790 3033 843 πάντα
3117 789 3252 863 πρὸς
3337 787 3592 862 ἐπίδειξιν
3673 791 3874 856 αὐτοὺς

2216 880 2524 938 ποιοῦντας.
2577 876 2772 935 «Οὐδὲ
2829 881 2863 947 ἡ
2922 878 2973 933 ἐν
3026 883 3106 951 τῷ
3163 899 3373 953 φανερῳ
3425 878 3478 933 ἐν
3522 883 3675 954 σαρκὶ
3710 903 3872 957 περι-

2214 967 2383 1038 τομή.
2419 968 2650 1022 »Τοῦτο
2711 967 2875 1022 εἰπὼν
2937 963 3156 1038 ἐξέϐαλε
3212 969 3278 1024 τὰ
3332 972 3618 1042 σωματικὰ
3672 971 3867 1029 πάντα.

2217 1079 2245 1108 ιι
2277 1057 2366 1109 Ἐν
2399 1061 2477 1128 τῷ
2507 1061 2730 1130 κρυπτῷ
2752 1053 3036 1120 Ἰουδαῖος.
3067 1083 3093 1109 ››
3117 1059 3248 1115 Οἷον
3282 1060 3308 1113 ὁ
3339 1058 3556 1130 νοητός.
3587 1083 3612 1115 ι
3646 1059 3748 1116 Καὶ
3772 1082 3872 1117 πε-

2216 1147 2441 1218 ριτομή.
2479 1169 2506 1196 ››
2540 1145 2616 1202 Οὐ
2671 1146 2773 1220 γὰρ
2831 1145 3014 1222 χρεία,
3071 1148 3230 1226 φησὶ,
3287 1148 3386 1216 τήν
3418 1151 3680 1225 σαρκικὴν
3708 1171 3866 1226 περι·

2213 1232 2426 1306 τέμνειν
2481 1230 2864 1309 ἀκροϐυστίαν,
2915 1234 3062 1292 ἀλλά
3117 1238 3216 1305 τήν
3277 1235 3500 1312 καρδίαν
3543 1237 3738 1294 ἐκτῶν
3771 1261 3868 1295 κα-

2212 1329 2322 1378 κῶν
2355 1326 2616 1398 πράξεων.
2654 1325 2836 1382 Εἰπὼν
2865 1324 2921 1381 δὲ
2951 1351 2980 1378 ‹‹
3011 1329 3099 1384 ’Ev
3124 1327 3409 1400 πνεύματι,
3445 1353 3472 1380 ››
3509 1328 3870 1404 προοδοποιεῖ

2210 1417 2278 1486 τῇ
2311 1414 2508 1472 πίστει.
2563 1417 2630 1472 Οἱ
2682 1415 2784 1492 γὰρ
2843 1416 3029 1471 πιστοῖ
3089 1413 3180 1471 διὰ
3242 1417 3547 1490 Ιινεύματος
3580 1419 3736 1496 ἁγίου
3764 1421 3863 1490 τὴν

2209 1505 2518 1578 περιτομήν
2579 1502 2768 1580 ἔχουσι
2825 1509 2934 1559 τῶν
2992 1506 3295 1580 ἁμαρτιῶν.
3354 1507 3415 1563 Ὀ
3462 1509 3562 1577 τὴν
3614 1506 3865 1584 καρδίαν,

2211 1593 2364 1672 φησὶ,
2395 1595 2741 1668 τετμημένος
2797 1597 2903 1652 ἀπὸ
2961 1598 3138 1667 πάσης
3170 1597 3519 1672 ἀκαθαρσίας.
3553 1600 3728 1663 Οὗτος
3757 1601 3862 1677 γὰρ

2211 1683 2488 1754 ὁάληθῶς
2548 1683 2832 1750 Ἰουδαῖος.
2897 1688 2924 1742 6
2984 1688 3074 1742 τὸν
3132 1688 3296 1761 νόμον
3351 1686 3602 1763 πληρῶν.
3671 1712 3693 1741 ι
3729 1692 3862 1747 Οὗὸ

2209 1770 2421 1836 ἔπαινος
2465 1774 2564 1830 οὐκ
2593 1774 2642 1844 ἐξ
2676 1775 2998 1850 ἀνθρώπων,
3052 1775 3180 1831 ἀλλ’
3239 1776 3297 1832 ἐκ
3351 1783 3450 1833 τοῦ
3498 1784 3655 1834 Θεοῦ.
3692 1804 3718 1830 n
3749 1782 3861 1849 Τῆς

2205 1863 2305 1938 γαρ
2362 1873 2607 1940 κρυπτῆς
2666 1867 2757 1920 καὶ
2811 1865 2862 1920 ἐν
2921 1864 3119 1940 καρδίᾳ
3173 1871 3499 1942 περιτομῆς.
3559 1868 3656 1924 ούκ
3714 1867 3861 1925 ἔσται

2205 1950 2488 2023 ἐπαινέτης
2547 1953 2852 2030 ἅνθρωπος,
2919 1954 3048 2010 ἀλλ’
3123 1958 3152 2010 6
3235 1957 3436 2027 ἐτάζων
3489 1957 3712 2034 καρδίας
3769 1957 3862 2014 καὶ

2203 2041 2432 2120 νεφροὺς
2465 2044 2616 2107 Θεὸς.

2839 2195 3105 2252 ΚΕΦᾹΛ.
3148 2195 3221 2251 Δ’.

2205 2300 2333 2375 Περί
2412 2300 2688 2376 ὑπεροχῆς
2778 2300 3023 2377 Ἰσραὴλ,
3063 2307 3209 2377 Δτοῦ
3284 2303 3656 2377 τυγχάνοντος
3755 2310 3857 2375 τῆς

2855 2371 3208 2450 ἐπαγγελίας.

2274 2497 2340 2554 Τί
2394 2495 2486 2551 οὖν
2555 2499 2618 2552 τὸ
2685 2500 2938 2574 περισσὸν
3001 2502 3099 2555 τοῦ
3166 2497 3474 2568 Ἰουδαίου;
3569 2503 3604 2571 ἢ
3671 2501 3752 2564 τίς
3819 2505 3854 2572 ἠ

2202 2585 2442 2664 ὠφέλεια
2491 2594 2592 2657 τῆς
2649 2596 3004 2662 περιτομῆς;
3083 2587 3228 2643 πολὺ
3312 2589 3448 2644 κατά
3503 2590 3676 2644 πάντα
3727 2590 3858 2664 τρό-

2201 2695 2325 2730 πον.

2273 2766 2642 2836 Ἀντιτίθησιν
2679 2768 2874 2840 ἑαυτῷ.
2907 2768 2971 2825 Εἰ
3003 2767 3117 2836 οὖν,
3151 2768 3308 2846 φησὶ,
3341 2771 3477 2824 κατά
3502 2770 3595 2824 τὸν
3636 2770 3726 2825 σὸν
3757 2769 3858 2826 λό-

2201 2875 2294 2930 γον
2329 2853 2480 2910 ούδὲν
2510 2854 2736 2929 ὠφελεῖ,
2770 2854 2893 2912 οὔτε
2934 2858 2997 2912 τὸ
3047 2857 3176 2912 εἶναι
3227 2855 3513 2926 Ἰουδαῖον,
3549 2855 3672 2914 οὔτε
3702 2879 3854 2933 περι-

2203 2941 2510 3011 τέμνεσθαι,
2572 2943 2715 3000 ἂλλὰ
2785 2945 2872 3000 καὶ
2955 2945 3208 3020 βλάπτει,
3269 2948 3344 3011 ὡς
3400 2947 3526 3009 τοὺς
3579 2943 3852 3022 παραϐαί-

2201 3047 2394 3094 νοντας
2464 3035 2710 3106 μείζονος
2771 3036 2908 3090 εἶναι
2964 3036 3236 3110 τιμωρίας
3291 3036 3495 3106 ἀξίους,
3537 3037 3589 3092 τί
3621 3035 3688 3106 δὴ
3722 3058 3852 3092 ποτε

2204 3126 2350 3196 ἡμᾶς
2383 3126 2471 3178 καὶ
2521 3123 2796 3195 ἐξελέξατο
2844 3128 2870 3181 6
2921 3127 3086 3196 Θεός;
3149 3125 3289 3181 διατί
3325 3125 3382 3181 δὲ
3411 3127 3502 3181 καὶ
3535 3126 3852 3202 περιτέμνε-

2205 3214 2322 3267 σθαι
2354 3214 2715 3287 προσέταξεν;
2779 3220 2878 3272 Ἠν
2941 3215 3036 3286 μὶν
3094 3214 3186 3269 οὖν
3246 3215 3382 3290 πρὸς
3437 3217 3538 3286 τήν
3589 3217 3850 3272 ἀντίθεσιν

442 3306 726 3361 cumcisio
793 3273 966 3377 tjvpus
1006 3273 1159 3361 erat"
1189 3307 1368 3379 hujus
1417 3323 1548 3376 quae
1607 3323 1712 3378 per
1768 3273 1946 3360 fidem
2003 3310 2086 3360 est

2398 3273 2408 3286 .
2597 3273 2616 3287 τ
2702 3273 2714 3283 ι
2941 3273 2952 3286 .
3291 3273 3300 3290 .
3368 3273 3379 3277 -
3495 3273 3505 3286 .

2204 3302 2397 3370 εἰπεῖν,
2457 3304 2538 3358 ὅτι
2598 3303 2772 3366 τύπος
2827 3305 2893 3373 ἦν
2948 3306 2982 3374 ἡ
3043 3306 3338 3378 περιτομὴ,
3396 3307 3600 3376 ταύτης
3639 3313 3737 3376 τῆς
3767 3303 3856 3361 διὰ

446 3395 824 3450 circumcisio
850 3396 910 3450 in
944 3395 1155 3465 spiritu
1183 3413 1194 3450 :
1231 3397 1493 3467 itemque
1518 3395 1772 3460 Judaeus,
1817 3395 2097 3466 spiritua-

438 3483 515 3537 lis
545 3483 731 3538 Judaei
765 3484 864 3554 qui
900 3485 1083 3538 Deum
1117 3485 1452 3538 confitetur.
1483 3485 1660 3538 ludas
1692 3483 1983 3554 siquidem
2005 3484 2093 3537 in-

441 3572 872 3642 terpretatione
933 3575 1323 3639 confessionem
1380 3590 1392 3626 :
1473 3572 1788 3643 signiﬁcat.
1881 3573 2092 3626 Verum

443 3664 553 3717 hac
587 3663 829 3719 interim
863 3663 1070 3718 relicta
1102 3663 1419 3732 solutione,
1455 3680 1584 3732 qua:
1617 3662 1879 3718 nondum
1908 3663 2089 3735 recipi

443 3752 775 3824 poterat,ad
788 3752 964 3808 aliam
986 3753 1160 3808 venit.
1177 3751 1594 3807 Prodestenim
1611 3751 1947 3806 Judaismus
1972 3768 1984 3806 :
2021 3769 2088 3806 ex

445 3841 556 3897 hoc
581 3843 742 3897 enim
765 3843 919 3897 viam
947 3841 1155 3896 salutis
1177 3841 1533 3910 didicerunt,
1564 3841 1750 3913 legem
1775 3841 1983 3896 ducem
2015 3842 2088 3897 ad

445 3946 513 3985 ea
545 3947 675 4000 quae
707 3931 933 4002 agenda
978 3936 1145 3986 erant
1200 3937 1576 4002 acceperunt.
1639 3930 1802 3996 Quod
1862 3931 1911 3986 si
1966 3948 2084 3986 non

442 4025 770 4086 servarunt,
805 4019 915 4074 sibi
949 4021 1093 4092 ipsis
1130 4021 1532 4093 indignentur.
1589 4023 1731 4076 Nam
1777 4021 1946 4088 mihi,
1992 4022 2082 4076 in-

437 4107 584 4177 quit,
641 4108 713 4164 ad
773 4126 874 4164 eos
933 4111 1032 4182 qui
1092 4128 1212 4166 non
1271 4117 1410 4166 sunt
1492 4111 1843 4183 transgressi
1928 4112 2082 4166 inte-

431 4197 545 4252 rim
600 4216 795 4255 sermo
857 4207 964 4256 est.
1043 4233 1095 4242 —-
1144 4203 1273 4258 Alio
1349 4203 1528 4257 modo.
1591 4201 1694 4258 Ubi
1771 4201 2078 4257 Judaicum

429 4287 824 4358 depressisset
855 4292 1262 4362 supercilium,
1297 4291 1773 4362 ostendissetque
1804 4309 1905 4346 eos
1932 4307 2076 4346 vane

426 4375 498 4431 de
531 4379 984 4435 circumcisione
1017 4396 1083 4434 ac
1116 4380 1264 4453 lege,
1322 4380 1625 4452 Judaaique
1675 4379 2074 4452 appellatione

424 4466 729 4539 gloriari:
805 4486 879 4524 ne
958 4470 1092 4540 quis
1175 4486 1309 4526 eum
1396 4470 1730 4540 suspicetur
1814 4470 1947 4524 odio
2005 4487 2070 4525 ac

424 4555 752 4612 invidentia
784 4557 842 4612 id
871 4574 1064 4630 agere,
1098 4558 1328 4615 subdit:
1367 4581 1391 4611 α
1427 4561 1565 4624 Qua)
1595 4559 1946 4615 excellentia
1977 4566 2065 4614 est

2204 3391 2434 3454 πίστεως
2492 3390 2542 3446 ἐν
2597 3391 2865 3466 πνεύματι
2921 3401 3248 3468 περιτομῆς,
3303 3395 3394 3449 καὶ
3454 3393 3717 3455 Ἰουδαῖος
3759 3399 3853 3449 τοῦ

2201 3478 2402 3551 νοητοῦ
2448 3478 2709 3536 Ἰουδαίου
2756 3482 2852 3536 τοῦ
2899 3481 3408 3558 ἐξομολογουμένου
3458 3488 3596 3555 Θεῷ.
3646 3481 3854 3546 Ἰούδας

2201 3571 2306 3645 γὰρ
2354 3568 2749 3645 ἐξομολόγησις
2809 3571 3186 3646 ἑρμηνεύεται.
3245 3570 3426 3628 Ἀλλά
3475 3573 3680 3644 ταύτην
3710 3575 3847 3637 τέως

2201 3659 2352 3734 ἀφεὶς
2406 3660 2505 3727 τήν
2559 3657 2713 3714 λύσιν
2767 3657 3135 3735 ἀπαράδεκτον
3195 3657 3271 3717 ἔτι
3331 3660 3511 3731 οὖσαν,
3547 3662 3622 3726 είς
3663 3663 3845 3738 ἑτέραν

2198 3747 2386 3818 ἦλθεν,
2422 3750 2503 3805 ὅτι
2537 3749 2739 3826 ὠφελεῖ
2787 3753 2814 3806 6
2866 3749 3230 3826 Ἰουδαῖσμός.
3266 3754 3409 3808 Κατά
3439 3758 3624 3822 τοῦτο,
3657 3755 3842 3831 φησὶν,

2197 3832 2398 3910 ἔμαθον
2457 3835 2579 3893 ὁδὸν
2641 3839 2933 3916 σωτηρίας,
2996 3836 3192 3896 ἔλαϐον
3249 3843 3415 3914 νόμον
3475 3840 3675 3918 ὁδηγὸν
3734 3847 3840 3896 τῶν

2195 3925 2497 4002 πρακτέων.
2548 3927 2611 3984 Εἰ
2674 3927 2730 3983 δὲ
2791 3930 2866 4002 μὴ
2929 3927 3214 4006 ἐφύλαξαν,
3271 3931 3479 3993 ἑαυτοῖς
3515 3933 3842 4009 μεμιρέσθω-

2194 4036 2310 4072 σαν.
2353 4016 2511 4088 Ἐμοὶ
2569 4017 2671 4094 γὰρ
2727 4021 2883 4087 τέως,
2945 4018 3100 4097 φησὶ,
3161 4021 3294 4093 πρὸς
3348 4019 3472 4081 τοὺς
3535 4021 3612 4091 μὴ
3671 4041 3846 4094 παρα·

2193 4099 2470 4166 ϐαίνοντας
2504 4107 2531 4161 ὁ
2563 4105 2751 4181 λόγος.
2785 4141 2853 4150 -
2881 4107 3128 4169 ’Δλλως.
3181 4110 3673 4182 [ΘΕΟΔΩΡΙΤΟΥ.]
3721 4112 3839 4179 Τὴν

2190 4191 2494 4262 Ἰουδαϊκήν
2553 4195 2908 4258 καταστείλας
2984 4196 3169 4274 ὀφρὺν,
3256 4199 3345 4252 καὶ
3430 4195 3602 4267 δείξας
3664 4197 3837 4271 μάτην

2187 4283 2382 4346 αὐτοὺς
2441 4283 2527 4338 ἐπὶ
2584 4288 2652 4358 τῇ
2728 4289 3002 4359 περιτομῇ
3083 4287 3170 4340 καὶ
3240 4291 3318 4358 τῷ
3368 4289 3548 4360 νόμῳ,
3621 4288 3710 4343 καῖ
3768 4292 3835 4362 τῇ

2186 4372 2452 4428 Ἰουδαίου
2499 4375 2847 4448 προσηγορίᾳ
2899 4375 3480 4450 μεγαλαυχουμένους,
3521 4374 3615 4432 ’ίνα
3651 4380 3726 4450 μή
3761 4398 3840 4438 τις

2185 4459 2438 4540 ὑπολάϐῃ
2498 4463 2730 4538 δυσμείᾳ
2781 4470 2942 4522 τοῦτο
3022 4467 3112 4521 καὶ
3169 4466 3438 4543 ἀπεχθείᾳ
3492 4475 3690 4540 ποιεῖν,
3747 4467 3838 4523 έπ-

2183 4553 2326 4626 άγειο
2367 4554 2482 4611 «Τί
2509 4557 2572 4610 τὸ
2616 4556 2870 4630 περισσὸν
2930 4561 3029 4611 τοῦ
3088 4554 3375 4627 Ἰουδαίου,
3429 4559 3464 4628 ἢ
3524 4557 3605 4620 τίς
3633 4561 3666 4628 ἡ
3703 4558 3844 4636 ὠφέ-

423 4645 635 4718 Judaei,
657 4653 759 4702 aut
785 4665 916 4719 quae
938 4649 1165 4704 utilitas
1181 4649 1691 4704 circumcisionis?
1722 4650 1777 4704 Si
1811 4650 2074 4720 quidam,

2200 4647 2306 4699 ista
2336 4651 2437 4713 τῆς
2491 4649 2901 4717 περιτομῆω»
2962 4645 3032 4701 Εἴ
3080 4651 3188 4702 τῶν
3248 4645 3604 4725 ἀλλοφύλων,
3651 4650 3838 4723 φησῖν,

421 4734 638 4804 inquit,
671 4737 937 4807 gentium
969 4738 1434 4811 alienigenarum
1464 4738 1661 4794 divino
1693 4739 1856 4794 cultu
1887 4740 2066 4794 virtu-

424 4827 598 4892 teque
632 4827 848 4893 ornati,
879 4827 1075 4884 divina
1104 4829 1383 4884 fruuntur
1439 4828 1754 4894 electione,
1793 4827 1868 4884 ad
1925 4829 2067 4899 quid

419 4909 599 4982 igitur
624 4913 862 4970 tandem
885 4933 919 4971 a
938 4918 1213 4989 gentibus
1237 4917 1557 4991 segregavit
1591 4918 1740 4972 Deus
1761 4918 2065 4987 Israelem,

418 5005 521 5055 aut
541 5019 646 5057 cur
658 5004 1172 5063 circumcisionem
1199 5007 1318 5062 illis
1340 5007 1547 5063 dedit?
1566 5023 1704 5062 nam
1727 5005 1787 5060 τὸ
1810 5006 2064 5079 περισσὸν

415 5091 514 5142 τοῦ
544 5086 810 5145 Ἰουδαίου
843 5093 986 5150 dicit
1016 5097 1549 5152 circumcisionem.
1583 5095 1804 5152 Deinde
1857 5096 2060 5152 addit:

417 5177 597 5234 Multa
626 5197 731 5251 per
769 5198 1009 5238 omnem
1067 5184 1330 5241 modum.
1368 5185 1557 5258 Elegit
1608 5185 1765 5240 enim
1819 5185 2060 5240 illorum

414 5271 853 5342 progenitores:
885 5273 958 5328 ab
986 5277 1387 5348 Egyptiorum
1418 5276 1698 5331 violentia
1726 5293 1793 5331 ac
1850 5283 2057 5348 poten-

415 5361 539 5412 tatu
570 5358 876 5417 liberavit:
911 5362 1162 5436 inclytos
1204 5383 1309 5437 per
1338 5365 1696 5438 multiplicia
1741 5365 1908 5438 signa
1955 5365 2057 5420 de-

408 5449 782 5515 monstravit,
815 5451 1004 5524 legem
1037 5454 1096 5508 in
1120 5455 1408 5510 auxilium
1432 5454 1612 5521 dedit,
1638 5455 1958 5526 prOphetas
1985 5454 2058 5510 ad

408 5551 508 5592 eos
526 5537 717 5595 misit:
746 5539 898 5598 23?
927 5541 1222 5612 siquidem
1248 5543 1358 5598 hoc
1393 5543 1708 5616 signiﬁcat,
1741 5543 1921 5598 Multa
1954 5560 2058 5614 per

405 5641 649 5683 omnem
681 5629 944 5687 modum.
978 5631 1079 5686 His
1106 5636 1307 5687 tamen
1339 5631 1616 5688 omnibus
1643 5632 1881 5687 silentio
1905 5650 2054 5704 pra:-

402 5717 593 5772 teritis
627 5719 814 5775 solam
838 5720 1036 5790 posuit
1057 5720 1511 5791 legislationem.
1528 5722 1790 5775 Primum
1811 5722 2052 5792 quidem

2179 4734 2341 4800 ἐθνῶν
2397 4755 2540 4797 τινες
2597 4732 2872 4809 θεοσεϐείᾳ
2927 4738 3016 4793 καὶ
3077 4737 3242 4813 ἀρετῇ
3301 4739 3704 4812 κοσμούμενοι,
3732 4745 3838 4793 τῶν

2175 4825 2332 4880 θείων
2387 4825 2732 4903 ἀναῤῥήσεων
2814 4824 3176 4896 ἀπολαύουσι,
3259 4827 3311 4883 τί
3398 4825 3464 4898 δή
3532 4849 3668 4884 ποτε
3722 4833 3830 4884 τῶν

2177 4914 2342 4978 ἐθνῶν
2384 4914 2621 4990 ἐχώρισε
2651 4916 2742 4970 τὸν
2804 4915 3020 4990 Ἰσραὴλ
3081 4919 3108 4972 6
3168 4919 3321 4986 Θεὸς,
3365 4919 3452 4972 καὶ
3484 4919 3583 4987 τήν
3616 4939 3832 4994 περιτο-

2177 5003 2284 5074 μὴν
2343 5000 2530 5062 αὐτοῖς
2587 4999 2867 5072 δέδωκεν;
2927 5003 2988 5058 τὸ
3045 5003 3148 5078 γὰρ
3220 5004 3476 5079 περισσὸν
3536 5009 3633 5060 τοῦ
3699 5007 3832 5063 Ἰου-

2173 5085 2350 5158 δαίου,
2405 5089 2503 5157 τήν
2577 5091 2879 5163 περιτομὴν
2945 5089 3118 5167 λέγει.
3187 5093 3323 5148 Εἶτα
3391 5092 3603 5169 ἐπάγει·
3676 5092 3828 5150 Πολὺ

2171 5177 2306 5233 κατᾶ
2356 5178 2531 5232 πάντα
2609 5179 2834 5253 τρόπον.
2925 5179 3230 5253 Ἑξελέξατο
3301 5181 3404 5256 γὰρ
3465 5181 3644 5237 αὐτῶν
3700 5183 3828 5244 τοὺς

2171 5266 2495 5342 προγόνους.
2549 5268 2664 5336 Τῆς
2719 5268 3034 5344 Αἰγυπτίων
3090 5269 3437 5342 ἠλευθέρωσε
3489 5269 3819 5332 δυναστείας.

2173 5355 2671 5431 ΙΙολυθρυλλήτους
2723 5354 2814 5412 διὰ
2863 5359 2957 5420 τὰς
3003 5356 3350 5421 παντοδαπὰς
3383 5359 3825 5434 θαυματουργίας

2167 5447 2432 5524 ἀπέφηνε.
2492 5447 2680 5519 Νόμον
2758 5443 2956 5502 ἔδωκεν
3037 5448 3114 5512 εἷς
3201 5449 3478 5523 βοήθειαν,
3535 5450 3820 5524 προφήτας

2169 5534 2469 5591 ἀπέστειλε.
2531 5537 2708 5592 Τοῦτο
2765 5536 2867 5612 γὰρ
2927 5535 3098 5612 λέγει,
3159 5561 3186 5589 «
3241 5536 3390 5593 Πολὺ
3448 5536 3584 5592 κατά
3646 5537 3819 5592 πάντα

2166 5627 2390 5703 τρόπον.
2428 5648 2455 5675 »ι
2484 5628 2666 5680 Ταῦτα
2726 5626 2914 5699 μέντοι
2965 5627 3140 5682 πάντα
3200 5628 3452 5703 σιγήσας,
3496 5629 3592 5680 τοῦ
3643 5625 3819 5699 νόμου

2164 5717 2263 5784 τὴν
2296 5713 2436 5780 θέσιν
2491 5714 2674 5783 τίθησι
2738 5713 2925 5786 μόνον.
2988 5719 3211 5792 Πρῶτον
3277 5716 3392 5788 μὲν,
3447 5713 3530 5769 ὅτι
3562 5713 3819 5771 ἂπιστεύ-
