4176 6200
343 365 462 430 369
1442 370 1839 432 COMMENT.
1886 370 1972 431 ΙΝ
2020 368 2266 429 EPIS’l‘.
2313 371 2418 429 AD
2462 371 2660 431 ROM.
3639 371 3762 431 370

352 504 524 574 θησαν
555 503 623 557 τὰ
661 502 834 577 Λόγια
853 505 950 556 τοῦ
979 505 1135 570 Θεοῦ,
1168 499 1312 557 πολὺ
1344 502 1479 558 κατὰ
1507 502 1682 558 πάντα
1704 501 1944 566 συντίθετ

2060 502 2260 576 {quia
2306 503 2648 560 concredita
2694 509 2832 560 sunt
2887 504 3007 560 illis
3060 502 3297 576 eloquia
3345 502 3469 573 Dei,
3497 503 3755 562 multum

2105 611 2215 667 per
2244 613 2483 652 omnem
2528 594 2770 651 modum
2822 596 3206 652 constituitur
3237 611 3366 650 esse
3385 593 3450 648 τὸ
3479 595 3754 668 περισσὸν,

2107 684 2219 740 hoc
2249 690 2340 740 est
2369 683 2727 743 excellentia
2758 691 2816 740 et
2835 701 2931 739 res
2961 684 3146 740 utilis.

2175 774 2278 841 ΙΙΙ,
2310 777 2364 841 2,
2398 777 2450 829 3.
2489 776 2736 829 Primum
2802 773 3020 844 quidem
3077 775 3210 844 quia
3262 772 3576 828 concredita
3629 778 3756 827 sunt

2099 863 2211 919 illis
2242 865 2462 934 eloquia
2488 866 2605 918 Dei.
2640 863 2784 930 Quid
2812 866 2994 918 enim?
3012 863 3062 918 si
3091 864 3316 932 quidam
3345 863 3753 931 incredulifue-

2096 954 2286 1007 runt?
2316 954 2456 1007 Num
2496 952 2722 1007 illorum
2777 951 3139 1006 incredulitas
3187 952 3347 1020 ﬁdem
3403 952 3503 1006 Dei
3532 951 3753 1006 irritam

2093 1044 2260 1110 faciet
2287 1046 2316 1098 ?
2339 1042 2489 1097 Absit
2519 1044 2542 1098 ,Ι

2166 1131 2454 1197 Quoniam
2483 1131 2756 1199 omnino,
2788 1131 3004 1201 inquit,
3045 1129 3262 1187 tradita
3318 1136 3408 1186 est
3462 1131 3582 1186 illis
3629 1131 3745 1187 lex.

2093 1224 2235 1277 Nam
2269 1223 2381 1277 hoc
2411 1222 2540 1277 loco
2572 1221 2790 1276 dicitur
2821 1221 2916 1276 lex
2953 1221 3190 1293 eloquia
3223 1222 3386 1276 Dei.«
3421 1222 3745 1287 Quidenim

2093 1312 2140 1367 si
2174 1311 2419 1382 quidam
2451 1311 2746 1366 increduli
2777 1311 3021 1367 fuerunt
3049 1311 3076 1366 ?
3109 1335 3128 1361 ι
3169 1312 3389 1368 Deinde
3420 1328 3495 1367 ne
3523 1312 3742 1380 dicant,

2091 1401 2300 1472 Utique
2324 1400 2570 1456 tradidit
2600 1401 2770 1456 nobis
2803 1402 2956 1456 Deus
2986 1401 3310 1473 legem,sed
3342 1419 3472 1473 qum
3491 1407 3580 1457 est
3601 1401 3740 1457 inde

2089 1489 2337 1555 utilitas,
2372 1505 2506 1543 cum
2537 1488 2710 1543 multi
2753 1505 2875 1543 non
2907 1489 3274 1544 crediderint
3302 1489 3390 1544 illi
3411 1489 3438 1544 '7
3471 1489 3538 1543 Et
3595 1489 3738 1560 quid

2087 1577 2198 1633 hoc
2226 1578 2297 1633 ad
2332 1579 2515 1632 Deum
2549 1577 2765 1648 inquit,
2799 1577 2845 1631 si
2878 1594 2979 1632 vos
3010 1577 3301 1632 increduli
3331 1577 3733 1632 fuistis?num

2083 1668 2244 1724 enim
2279 1666 2468 1722 salvos
2498 1666 2693 1722 facere
2726 1667 2918 1738 potuit
2957 1683 3058 1722 vos
3108 1668 3260 1722 Deus
3291 1667 3504 1721 invitos
3529 1666 3556 1721 ?
3587 1683 3732 1722 num

341 594 481 648 εἶναι
511 591 574 646 τὸ
609 593 860 664 περισσὸν
891 592 977 646 καὶ
1012 590 1320 670 ὠφέλιμον.

413 777 635 848 Πρῶτον
727 773 822 845 μὲν
911 774 1012 849 γὰρ
1071 775 1154 828 ὅτι
1247 772 1636 844 ἐπιστευθησαν
1712 775 1778 828 τὰ
1831 774 1997 847 Λόγια

334 867 439 919 τοῦ
495 867 652 920 Θεοῦ.
713 863 778 920 Τί
863 863 989 938 γὰρ,
1057 863 1101 917 εἰ
1161 864 1473 934 ἠπίστησάν
1528 884 1669 927 τινες
1731 882 1744 932 ;
1826 865 1901 937 μὴ
1957 866 1991 932 ἠ

340 952 569 1009 ἀπιστία
598 951 774 1009 αὐτῶν
807 954 906 1021 τὴν
954 953 1135 1008 πίστιν
1189 957 1285 1009 τοῦ
1315 957 1447 1010 Θεοῦ
1472 955 1807 1028 καταργήσει
1836 972 1850 1023 ;
1900 954 1990 1022 Μὴ

334 1042 552 1118 γένοιτο
586 1043 599 1099 l

406 1133 534 1190 Ὀτι
566 1130 735 1198 ὅλως,
769 1131 953 1209 φησὶν,
992 1131 1430 1207 ἐνεχειρίσθησαν
1461 1132 1554 1187 τὸν
1595 1133 1782 1204 νόμον.
1814 1131 1986 1193 Οὗτος

327 1221 434 1298 γὰρ
466 1223 532 1276 τὰ
555 1221 730 1294 Λόγια
759 1225 855 1276 τοῦ
886 1225 1039 1277 Θεοῦ.
1082 1245 1107 1275 ι
1163 1220 1230 1277 Τί
1287 1222 1391 1295 γὰρ
1451 1221 1496 1276 εἰ
1558 1221 1866 1291 ἠπίστησάν
1899 1241 1985 1275 τι-

325 1332 410 1374 νες
441 1330 454 1380 ;
489 1333 515 1364 ι
551 1310 682 1368 Εἶτα
712 1308 798 1364 ἵνα
832 1311 906 1383 μὴ
963 1309 1186 1386 λέγωσι,
1249 1311 1371 1379 Ναὶ,
1414 1311 1601 1387 φησὶν,
1655 1309 1980 1384 ἐνεχείρισεν

327 1401 520 1473 ἡμῖνὸ
552 1401 680 1460 Θεὸς
707 1401 801 1455 τὸν
833 1399 1026 1471 νόμον,
1081 1401 1171 1454 καὶ
1226 1401 1309 1460 τίς
1367 1399 1603 1471 ὠφέλεια
1659 1404 1756 1454 τοῦ
1810 1399 1981 1473 νόμου

321 1488 751 1565 ἐγχειρισθῆναι,
786 1488 948 1543 ὁπότε
990 1487 1196 1544 πολλοὶ
1257 1488 1356 1545 οὑκ
1414 1487 1729 1544 ἐπίστευσαν
1783 1487 1977 1561 αὑτῷ;

329 1579 435 1637 Καὶ
463 1579 537 1648 τί,
571 1580 724 1657 φησί,
756 1580 893 1654 πρὸς
921 1580 1011 1634 τὸν
1071 1579 1223 1645 Θεὸν,
1280 1579 1323 1634 εί
1388 1581 1542 1653 ὑμεῖς
1599 1581 1976 1650 ἡπιστήσατε;

330 1669 408 1742 μὴ
441 1668 544 1743 γὰρ
577 1668 784 1743 ἀνάγκῃ
841 1672 1010 1722 σῶσαι
1067 1670 1206 1741 ὑμᾶς
1265 1669 1412 1745 εἶχεν
1471 1670 1498 1723 ὸ
1547 1670 1675 1731 Θεὸς
1706 1668 1974 1738 ἄκοντας;

324 1759 405 1831 μὴ
439 1758 544 1833 γὰρ
575 1756 789 1829 ἐπειδὴ,
822 1759 978 1834 φησὶ,
1034 1759 1172 1822 τινες
1221 1759 1551 1829 ἠπίστησαν,
1611 1760 1758 1834 παρᾶ
1813 1763 1974 1814 τοῦτο

2083 1757 2243 1814 enim
2276 1756 2417 1827 quia
2445 1756 2630 1826 aliqui
2662 1755 2902 1810 fuerunt
2935 1755 3433 1819 increduli,ﬁdem
3468 1755 3591 1823 Dei,
3614 1757 3726 1812 hoc

305 1850 410 1917 τὴν
439 1848 617 1902 πίστιν
650 1852 746 1902 τοῦ
796 1852 950 1915 Θεοῦ,
1005 1848 1250 1903 τουτέστι
1309 1851 1407 1918 τήν
1468 1849 1773 1924 εὐεργεσίαν
1832 1870 1947 1903 κατ-

2071 1855 2160 1905 est
2188 1847 2649 1905 beneficentiam
2681 1847 3142 1918 promissam,ob
3157 1848 3215 1901 id
3244 1848 3473 1903 irritam
3489 1851 3591 1902 aut
3619 1864 3721 1903 va-

311 1938 557 2012 ήργησαν
615 1937 706 1991 καὶ
764 1935 1283 2010 ἐματαιοποίησανς
1340 1937 1643 2010 Οὑμενοῦν,
1711 1938 1775 1996 Εἰ
1857 1939 1959 2014 γὰρ

306 2027 402 2083 καὶ
454 2026 608 2082 αὐτοὶ
642 2025 742 2081 οὑκ
771 2021 1186 2099 ἠϐουλήθησαν,
1244 2027 1272 2082 ὁ
1333 2027 1516 2100 μέντοι
1571 2027 1698 2089 Θεὸς
1755 2029 1815 2083 τὸ
1863 2028 1960 2084 αὐ-

300 2121 402 2172 τοῦ
433 2116 751 2186 πεποίηκεν.
783 2147 856 2160 -
885 2115 1132 2179 "Aldine.
1166 2119 1369 2190 [ΦΩΤ.]
1409 2118 1757 2173 Ἀντιπῖπτον
1815 2116 1952 2175 λύει.

298 2205 366 2262 Τί
398 2206 505 2282 γὰρ
545 2205 591 2259 εἰ
650 2204 956 2275 ἠπίστησάν
1005 2226 1143 2267 τινες
1179 2226 1191 2275 ;
1227 2204 1522 2278 ἀπορήσειε
1569 2206 1670 2281 γὰρ
1732 2206 1794 2261 ἄν
1850 2228 1952 2278 τις,

301 2297 390 2352 ὅτι
424 2296 868 2367 ἐνεπιστεύθησαν
905 2297 999 2368 μὶν
1066 2298 1135 2352 τὰ
1193 2298 1362 2372 Λόγια
1418 2302 1515 2351 τοῦ
1569 2301 1727 2352 Θεοῦ⁸
1787 2299 1852 2352 τὰ
1898 2296 1954 2352 δὲ

293 2387 470 2462 Λόγια
497 2391 597 2440 τοῦ
629 2391 785 2454 Θεοῦ,
821 2384 1062 2460 μεγάλας
1097 2387 1191 2459 μὲν
1248 2383 1453 2461 δωρεὰς
1500 2386 1590 2440 καὶ
1650 2386 1949 2463 εὐεργεσίας

295 2477 670 2551 ὑπισχνεῖται,
701 2473 829 2531 ἀλλ’
861 2474 916 2530 ἐν
944 2479 1013 2549 τῇ
1043 2480 1150 2530 τῶν
1184 2472 1633 2551 παραδεξαμένων
1662 2476 1835 2532 πίστει
1859 2479 1946 2532 καὶ

295 2565 666 2646 παραφυλακῇ
726 2565 879 2621 αὗται
937 2567 1036 2634 τὴν
1095 2564 1386 2620 ὑπόστασιν
1434 2567 1524 2621 καί
1582 2567 1680 2634 τὴν
1731 2561 1947 2622 ἔκϐασιν

297 2655 481 2730 εἶχον.
536 2653 767 2710 Πολλῶν
829 2651 886 2709 δὲ
934 2655 1348 2726 ἀπιστησάντων
1428 2653 1516 2710 καί
1571 2650 1949 2729 παραϐεϐηκό-

295 2765 429 2812 των,
491 2742 793 2799 ἀκὸλουθον
847 2743 1184 2799 κεκωλὺσθαι
1266 2744 1360 2816 μὶν
1445 2747 1540 2808 τὰς
1626 2745 1946 2820 ὑποσχέσεις

303 2831 383 2892 εἷς
411 2829 579 2906 πέρας
608 2829 864 2902 ἐξελθεῖν,
902 2831 1074 2902 μάτην
1129 2829 1185 2886 δὲ
1215 2833 1281 2886 τὰ
1338 2832 1508 2907 Λόγια
1535 2836 1634 2886 τοῦ
1665 2837 1797 2886 Θεοῦ
1850 2854 1945 2888 κα-

297 2922 717 2990 ταπιστευθῆναι
764 2921 979 2982 τούτοις
1039 2921 1116 2984 εἰς
1147 2918 1314 2993 μηδὲν
1344 2924 1643 3000 χρήσιμον,
1706 2923 1794 2977 καὶ
1844 2923 1942 2991 τήν

299 3010 609 3085 περιτομὴν
647 3009 1058 3085 ἐξελεγχθῆναι,
1093 3011 1201 3085 εἲγε
1258 3014 1293 3081 ἡ
1357 3013 1450 3085 μὲν
1498 3014 1797 3087 περιτομή,
1857 3010 1946 3067 διὰ

293 3101 363 3154 τὰ
389 3100 582 3174 Λόγια,
611 3101 678 3155 τὰ
711 3098 766 3154 δὲ
798 3101 985 3177 Λὸγια,
1021 3097 1110 3155 διὰ
1137 3099 1232 3165 τὰς
1261 3099 1490 3176 δωρεὰς,
1522 3103 1577 3156 αἱ
1617 3099 1674 3156 δὲ
1723 3099 1941 3177 δωρεαὶ,

2068 1957 2209 1998 nam
2242 1939 2618 1996 effecerunt?
2648 1941 3052 2010 Nequaquam.
3087 1941 3232 1994 Nam
3260 1939 3370 1994 etsi
3409 1939 3466 1993 hi
3497 1938 3720 1994 noluis-

2065 2036 2217 2097 sent,
2247 2032 2398 2086 Deus
2420 2034 2620 2085 tamen
2648 2029 2806 2100 quod
2839 2045 3011 2084 suum
3036 2033 3127 2083 est
3155 2028 3467 2084 effecisset.
3492 2059 3560 2068 —-
3582 2029 3713 2084 Alio

2062 2121 2251 2177 modo.
2277 2119 2644 2176 Incidentem
2696 2118 2870 2174 solvit
2915 2118 3334 2189 objectionem.
3367 2117 3518 2182 Quid
3549 2118 3710 2172 enim

2063 2210 2111 2265 si
2140 2210 2382 2266 fuerunt
2403 2208 2645 2280 quidam
2676 2206 2967 2262 increduli
2999 2206 3026 2262 ?
3054 2223 3190 2262 nam
3250 2211 3451 2278 posset
3491 2205 3710 2277 aliquis

2061 2299 2332 2355 dubitare
2364 2315 2430 2354 ac
2461 2299 2679 2364 dicere,
2719 2297 2876 2368 quod
2907 2297 3247 2352 concredita
3277 2297 3515 2368 quidem
3573 2300 3713 2351 sunt

2060 2389 2298 2460 eloquia
2326 2389 2468 2445 Dei:
2511 2388 2750 2459 eloquia
2795 2393 2993 2442 autem
3048 2386 3149 2442 Dei
3200 2402 3414 2457 magna
3456 2386 3614 2442 dona
3645 2403 3712 2442 ac

2058 2480 2349 2537 beneﬁcia
2378 2481 2736 2552 promittunt
2771 2496 2782 2532 :
2816 2495 3018 2533 verum
3050 2479 3176 2534 haec
3219 2479 3282 2533 in
3340 2493 3544 2533 eorum
3577 2494 3708 2548 quaa

2057 2577 2332 2644 suscepta
2353 2575 2524 2626 erant
2540 2568 2655 2626 ﬁde
2669 2585 2737 2625 ac
2767 2567 3182 2624 observatione
3208 2567 3323 2624 vim
3346 2583 3414 2622 ac
3435 2573 3713 2623 eventum

2057 2661 2356 2717 habebant
2408 2662 2554 2715 Cum
2587 2665 2786 2715 autem
2816 2658 2991 2715 multi
3022 2657 3278 2713 fuissent
3324 2656 3617 2713 increduli
3643 2673 3710 2712 ac

2059 2758 2572 2824 transgressores:
2620 2764 2996 2819 consequens
3055 2762 3192 2818 ergo
3242 2750 3333 2802 est
3381 2746 3708 2816 prohibitas

2055 2842 2239 2897 fuisse
2271 2839 2720 2912 promissiones,
2755 2854 2830 2892 ne
2860 2837 2935 2892 ad
2973 2837 3154 2891 finem
3185 2835 3653 2906 perducerentur
3687 2851 3701 2889 :

2057 2932 2278 3002 Deique
2312 2929 2550 3000 eloquia
2568 2943 2716 2983 vane
2747 2926 2867 2981 illis
2897 2930 2956 2981 et
3008 2925 3176 2980 nulla
3232 2923 3488 2978 utilitate
3518 2923 3702 2978 fuisse

2052 3020 2418 3085 concredita,
2453 3034 2521 3072 ac
2543 3015 2895 3088 reprehendi
2930 3012 3466 3080 circumcisionem,
3501 3013 3549 3067 si
3572 3012 3701 3083 ipsa

2052 3109 2292 3182 quidem
2333 3105 2703 3162 circumcisio
2737 3107 2976 3174 propter
3005 3101 3263 3172 eloquia,
3298 3100 3534 3171 eloquia
3565 3116 3699 3155 vero

294 3185 388 3242 διὰ
443 3195 542 3258 τῆς
600 3187 831 3250 πίστεως
880 3184 1188 3262 ἐλάμϐανον
1266 3191 1452 3264 πέρας,
1507 3191 1606 3259 τήν
1656 3190 1836 3244 πίστιν
1890 3187 1947 3245 δὲ

2060 3203 2301 3272 propter
2331 3195 2504 3261 dona,
2553 3209 2728 3266 porro
2760 3192 2916 3247 dona
2970 3207 3076 3262 per
3133 3191 3313 3245 finem
3367 3194 3537 3245 erant
3578 3196 3698 3245 ter-

291 3278 564 3348 ἠθέτησαν
625 3279 677 3333 οἱ
733 3273 1199 3352 παραϐεϐηκότες.
1258 3281 1417 3335 Ὠστε
1464 3277 1715 3353 οὐδεμία,
1748 3282 1937 3358 φησὶν,

287 3365 528 3445 ὠφέλεια
575 3375 675 3437 τῆς
735 3376 1062 3444 περιτομῆς.
1127 3370 1347 3440 Ταύτην
1407 3369 1499 3424 οὖν
1575 3367 1936 3443 ἐπιλυόμενος

281 3457 387 3526 τὴν
416 3455 647 3531 ἀπορίαν
683 3458 862 3533 φησίνδ
914 3481 941 3510 ‹‹
993 3458 1062 3515 Τί
1117 3459 1220 3532 γὰρ
1279 3458 1324 3513 εἰ
1381 3458 1686 3530 ἠπίστησάν
1745 3479 1934 3531 τινεςς

286 3547 367 3619 μὴ
401 3548 435 3615 ἡ
470 3545 693 3600 ἀπιστία
718 3547 894 3602 αὐτῶν
927 3549 1030 3617 τήν
1091 3547 1266 3602 πίστιν
1327 3552 1424 3602 τοῦ
1477 3553 1610 3604 Θεοῦ
1663 3553 1935 3626 καταργή-

281 3656 364 3690 σει
399 3657 412 3704 ;
449 3634 750 3690 »τουτέστι
806 3636 868 3690 τὸ
925 3637 1117 3691 πιστὸν
1172 3641 1279 3692 τῶν
1345 3637 1690 3713 ὑποσχέσεων
1747 3638 1934 3710 αὑτοῦ,

277 3724 343 3778 τὸ
376 3721 601 3794 ἀληθὲς,
631 3725 692 3779 τὸ
753 3724 1122 3798 ἀμετάθετον;
1175 3727 1266 3795 Μὴ
1325 3729 1558 3803 γένοιτο,
1618 3728 1771 3806 φησὶ,
1850 3727 1938 3786 διὰ

283 3813 387 3882 τήν
417 3811 635 3868 ἐκείνων
665 3813 944 3882 ἀπιστίαν,
977 3815 1011 3884 ἤ
1044 3816 1106 3870 τὸ
1141 3815 1192 3870 ἐν
1228 3821 1346 3878 ταῖς
1378 3816 1738 3897 ὑποσχέσεσιν
1773 3818 1937 3874 αὑτοῦ

285 3903 481 3958 πιστὸν
542 3904 631 3957 καὶ
684 3901 911 3973 ἀληθὲς,
974 3905 1201 3977 μάταιον
1258 3903 1688 3983 ἀπελεγχθῆναι,
1746 3907 1782 3978 ἤ
1841 3915 1938 3980 τῆς

283 3999 597 4065 περιτομῆς
621 3994 724 4062 τήν
756 3994 1076 4065 νομοθεσίαν
1116 3994 1192 4057 εἷς
1255 3993 1425 4068 μηδὲν
1459 3997 1742 4077 ὠφέλιμον
1800 4019 1939 4078 χρη-

287 4081 534 4154 ματίσαι.
568 4082 677 4150 Τὴν
712 4083 817 4157 γὰρ
848 4082 1025 4138 αἰτίαν
1081 4080 1228 4164 ἔχειν
1290 4086 1393 4141 οὐκ
1446 4085 1645 4157 ἄλλος,
1698 4087 1825 4144 ἀλλ’
1885 4093 1937 4144 o't

279 4165 734 4246 παραϐεϐηκότες
807 4171 906 4227 εἶσὶ
963 4170 1185 4232 δίκαιοι.
1277 4173 1508 4231 Μᾶλλον
1565 4175 1756 4240 οὕτως·
1843 4182 1933 4250 Μὴ

273 4260 495 4335 γένοιτο
584 4261 943 4337 ὑπερισχύσαι
1003 4263 1101 4332 τήν
1163 4263 1411 4319 ἀπιστίαν
1498 4264 1739 4335 ἐκείνων,
1797 4268 1936 4327 ὢστ⁸

275 4347 349 4404 δι’
382 4348 602 4404 ἐκείνων
631 4352 1067 4426 καταργηθῆναι,
1127 4351 1220 4406 καὶ
1281 4351 1468 4417 ἀτελὲς
1495 4353 1585 4408 καὶ
1643 4353 1934 4415 ἀνέκϐατον

274 4438 534 4516 ὀφθῆναι,
593 4439 654 4493 τὸ
711 4439 763 4494 ἐν
822 4445 940 4502 ταῖς
999 4442 1356 4515 ὑποσχέσεσιν
1387 4441 1552 4498 αὑτοῦ
1593 4447 1782 4501 πιστὸν
1841 4450 1933 4504 καὶ

276 4525 614 4596 πανάληθες.
697 4527 804 4583 Κᾶν
887 4529 988 4606 γὰρ
1075 4527 1270 4584 ἐκεῖνοι
1350 4531 1680 4602 ἠπίστησαν,
1769 4536 1929 4601 αὐτὸς

276 4614 440 4673 οὐδὲν
483 4611 708 4673 ἔλαττον
761 4619 824 4673 τὸ
880 4619 1072 4675 ἑαυτοῦ
1123 4619 1348 4691 ἐποίησε
1403 4620 1491 4676 καὶ
1547 4622 1642 4686 τὰς
1700 4623 1931 4703 ἐπαγγεο

274 4705 402 4769 λίας
462 4706 828 4783 ἐξεπλήρωσε.
873 4709 1103 4764 Δυνατὸν
1175 4707 1232 4764 δὲ
1262 4710 1442 4768 πίστιν
1493 4717 1627 4769 Θεοῦ
1683 4713 1932 4773 ἐκλαϐεῖν

274 4798 370 4852 καὶ
401 4799 500 4866 τήν
555 4797 608 4852 ἐν
665 4804 780 4860 τοῖς
847 4801 922 4870 μή
984 4794 1394 4874 παραϐεϐηκόσι
1443 4800 1787 4877 διαμείνασαν
1840 4808 1929 4864 πί-

271 4909 417 4943 στιν.
454 4886 601 4958 Αὕτη
633 4888 737 4963 γαρ
767 4893 901 4944 Θεοῦ
924 4888 1123 4956 πίστις,
1185 4891 1260 4953 ὡς
1317 4891 1393 4954 εἰς
1453 4893 1581 4948 Θεὸν
1635 4895 1789 4965 οὖσα,
1838 4900 1929 4954 καὶ

275 4977 336 5033 ἐκ
371 4982 506 5034 Θεοῦ
538 4979 728 5033 αὐτοῖς
781 4975 1233 5052 διαφυλαχθεῖσα.
1269 4981 1331 5036 Ἠ
1392 4982 1487 5054 μὶν
1543 4984 1647 5060 γὰρ
1703 4985 1930 5044 ἀπιστία

272 5073 375 5135 τῆς
409 5065 725 5145 μοχθηρίας
771 5070 879 5121 τῶν
938 5067 1375 5138 ἀπιστησάντων,
1435 5073 1469 5138 ἡ
1525 5067 1582 5124 δὲ
1629 5073 1808 5136 πίστις
1869 5076 1930 5132 ἐκ

276 5155 413 5212 Θεοῦ
447 5152 724 5229 έδράζεται
755 5161 872 5217 τοῖς
903 5155 1094 5227 ἀξίοις.
1128 5157 1188 5212 ἸΙ
1253 5157 1341 5211 οὖν
1406 5156 1624 5214 ἐκείνων
1679 5162 1922 5232 ἀπιστία,

272 5246 353 5320 μή
383 5245 616 5321 γένοιτο,
651 5246 834 5323 φησὶν,
869 5245 951 5300 ὅτι
985 5245 1168 5316 ἐκνικᾷ
1205 5246 1302 5315 τὴν
1363 5247 1439 5309 είς
1498 5250 1627 5304 Θεὸν
1686 5253 1776 5306 καὶ
1836 5251 1924 5309 διὰ

271 5339 411 5391 Θεοῦ
473 5339 836 5410 μεμενηκυῖαν
905 5333 1107 5390 πίστιν.
1149 5340 1310 5392 Ὥστε
1372 5335 1524 5399 τέλος
1579 5335 1783 5412 ἕξουσιν
1867 5344 1921 5397 αἱ

267 5422 615 5500 ἐπαγγελίαι,
674 5422 813 5480 ὥστε
869 5417 1010 5480 ἔστιν
1098 5425 1337 5504 ὠφέλεια
1390 5426 1480 5481 καὶ
1527 5434 1628 5497 τῆς
1701 5450 1917 5506 περιτο-

264 5521 400 5590 μῆςο

343 5690 578 5749 Γινέσθω
663 5689 720 5752 δέ
802 5695 830 5749 ὁ
915 5692 1045 5756 Θεὸς
1104 5690 1346 5764 ἀληθὴς,
1407 5699 1504 5760 αᾶς
1590 5693 1648 5752 δὶ
1702 5697 1914 5774 ἄνθρω-

2042 3289 2273 3350 minum
2309 3285 2591 3342 sortitura
2625 3300 2638 3338 :
2673 3281 2777 3337 sed
2810 3280 2990 3336 ﬁdem
3021 3279 3321 3352 aspernati
3353 3285 3492 3334 sunt
3509 3284 3701 3334 trans-

2040 3394 2342 3458 gressores
2369 3393 2380 3430 :
2415 3376 2613 3445 itaque
2639 3371 2806 3426 nulla
2828 3376 2917 3426 est
2954 3370 3429 3426 circumcisionis
3447 3369 3694 3427 utilitas.

2044 3473 2203 3528 Hanc
2230 3483 2365 3538 ergo
2388 3462 2822 3520 dubitationem
2852 3459 3291 3523 dissolvens,ait
3317 3475 3330 3513 :
3355 3458 3504 3523 Quid
3535 3459 3696 3514 enim

2043 3561 2091 3617 si
2125 3554 2640 3631 quidamfjuerunt
2660 3549 2952 3606 increduli
2970 3550 3157 3604 ‘INum
3174 3547 3414 3603 illorum
3428 3547 3699 3604 incredu-

2043 3649 2178 3704 litas
2204 3645 2381 3701 ﬁdem
2414 3643 2515 3698 Dei
2548 3641 2779 3696 irritam
2809 3638 3033 3695 faciet?
3053 3659 3080 3688 »
3106 3638 3218 3693 hoc
3241 3642 3330 3692 est
3347 3637 3692 3693 fidelitatem

2043 3733 2510 3810 promissionum
2543 3731 2694 3802 ejus,
2717 3728 3023 3784 veritatem
3056 3725 3695 3782 etimmutabilitatem.

2044 3823 2534 3895 Absit,inquit,ut
2561 3836 2668 3892 per
2697 3818 2938 3872 illorum
2962 3815 3461 3879 incredulitatem,
3498 3813 3685 3868 ﬁdeli-

2042 3921 2130 3972 tas
2157 3932 2222 3971 ac
2249 3912 2459 3968 veritas
2487 3925 2619 3981 qua:
2651 3907 2818 3963 estin
2833 3902 3332 3978 promissionibus
3351 3902 3536 3974 ipsius
3549 3917 3699 3957 vana

2042 4020 2171 4060 esse
2192 3995 2763 4064 convinceretur,vel
2781 3992 3256 4049 circumcisionis
3277 3989 3592 4064 legislatio,
3620 3989 3694 4046 ad

2041 4093 2269 4148 nullam
2298 4089 2618 4145 utilitatem
2651 4084 2902 4148 sancita,
2930 4081 3152 4152 alioqui
3179 4080 3688 4137 enimnulluscri-

2042 4198 2178 4237 men
2208 4175 2635 4244 haberet,288
2659 4173 2761 4228 sed
2793 4177 3264 4243 transgressores
3287 4170 3435 4241 justi
3468 4175 3688 4227 essent.

2038 4270 2146 4325 Vel
2177 4268 2372 4340 potius
2402 4267 2514 4321 hoc
2535 4261 2908 4318 modo.Absit
2937 4267 3002 4315 ut
3028 4259 3268 4314 illorum
3301 4259 3688 4316 incredulitas

2040 4356 2462 4431 proevaluerit:
2494 4357 2552 4408 et
2580 4349 2903 4406 credulitas
2961 4365 3028 4405 ac
3077 4348 3421 4404 omnimoda
3471 4349 3684 4404 veritas

2041 4463 2170 4520 qua:
2205 4451 2294 4502 est
2321 4445 2383 4500 in
2415 4443 2543 4515 ejus
2573 4439 3094 4514 promissionibus,
3123 4441 3247 4495 visa
3293 4440 3369 4494 sit
3406 4454 3513 4510 per
3547 4437 3683 4494 illos

2039 4535 2208 4592 irrita
2233 4533 2415 4589 fuisse
2445 4537 2504 4588 et
2532 4531 2898 4604 imperfecta,
2929 4549 3039 4588 nec
3068 4547 3242 4586 suum
3273 4529 3482 4584 sortita
3511 4543 3682 4582 even-

2041 4631 2371 4682 tumznam
2393 4624 2501 4680 etsi
2522 4621 2608 4679 illi
2658 4623 2880 4678 fuerint
2936 4620 3249 4688 increduli,
3307 4618 3433 4691 ipse
3465 4616 3684 4672 nihilo-

2042 4716 2241 4771 minus
2270 4714 2428 4786 quod
2450 4730 2624 4770 suum
2655 4717 2745 4768 est
2763 4712 2920 4777 fecit,
2954 4729 3020 4768 ac
3077 4707 3503 4782 promissiones
3524 4723 3684 4762 com-

2041 4805 2241 4877 plevit.
2275 4807 2477 4860 Potest
2507 4819 2744 4876 quoque
2770 4803 2872 4857 Dei
2901 4802 3046 4858 fides
3073 4799 3261 4872 accipi
3293 4815 3399 4871 pro
3424 4797 3539 4853 ﬁde
3553 4813 3684 4869 quae

2038 4894 2100 4950 in
2123 4895 2242 4950 illis
2274 4893 2605 4966 permansit
2642 4892 2743 4964 qui
2775 4907 2895 4946 non
2926 4891 3168 4946 fuerunt
3190 4894 3681 4962 transgressores.

2038 4984 2173 5040 Haec
2203 4985 2364 5040 enim
2397 4983 2496 5038 Dei
2528 4981 2677 5037 fides
2708 4985 2886 5052 est,ut
2907 4980 3007 5052 qui
3031 4980 3092 5035 in
3115 4979 3300 5036 Deum
3341 4984 3684 5050 eratetquaa

2037 5089 2071 5127 a
2102 5074 2220 5128 Deo
2251 5074 2370 5128 illis
2403 5077 2634 5128 servata
2657 5077 2802 5126 erat.
2833 5069 3138 5142 Siquidem
3170 5067 3557 5124 incredulitas
3579 5085 3682 5124 ne-

2036 5163 2237 5231 quitia;
2269 5169 2358 5217 est
2378 5159 2844 5223 incredulorum,
2865 5158 3011 5214 fides
3041 5163 3239 5214 autem
3279 5174 3313 5213 a
3344 5157 3458 5214 Deo
3480 5160 3679 5215 ﬁrma-

2034 5258 2130 5308 tur
2158 5252 2216 5306 in
2249 5251 2341 5306 his
2364 5250 2463 5321 qui
2513 5249 2672 5322 digni
2707 5255 2864 5304 sunt.
2927 5248 3093 5304 Absit
3130 5265 3288 5318 ergo,
3349 5248 3564 5320 inquit,
3617 5253 3682 5304 ut

2032 5341 2272 5398 illorum
2303 5338 2691 5395 incredulitas
2735 5339 2996 5394 vinceret
3020 5343 3362 5394 manentem
3398 5339 3458 5394 in
3491 5338 3675 5394 Deum

2029 5435 2088 5487 et
2116 5448 2222 5503 per
2254 5431 2439 5485 Deum
2473 5429 2672 5486 ﬁdem.
2704 5433 2907 5502 Itaque
2939 5432 3123 5486 finem
3145 5446 3213 5486 ac
3249 5429 3675 5502 perfectionem

2028 5519 2334 5576 habebunt
2362 5521 2810 5593 promissiones,
2841 5522 3042 5594 itaque
3091 5520 3319 5576 utilitas
3374 5525 3463 5575 est
3492 5521 3672 5576 etiam

2025 5610 2516 5667 circumcisionis.

2094 5701 2192 5772 ΙΙΙ,
2223 5703 2275 5756 4.
2309 5699 2398 5758 Sit
2437 5708 2620 5758 autem
2645 5703 2786 5759 Deus
2841 5718 3030 5769 veram,
3069 5701 3246 5757 omnis
3303 5703 3482 5754 autem
3511 5696 3667 5750 homo
