4198 6198
393 340 507 400 3Ἰ1

1516 333 1934 396 ΟΕΟΗΜΕΝΙΙ
1979 334 2290 396 ’l‘lllCC/E
2337 342 2722 404 EPISCOPI.

3697 340 3814 399 372

390 477 650 536 mendax.
678 475 818 527 sicut
872 471 1138 540 scriptum
1169 477 1246 528 est
1277 488 1296 526 :
1361 472 1428 526 Ut
1481 471 1807 540 justiﬁeeris
1854 471 1914 523 in
1943 485 2050 524 ser-

2176 489 2263 530 ποτα
2297 472 2556 546 ψεύστης,
2615 477 2795 539 καθὼς
2855 477 3184 552 γέγραπται.
3243 477 3427 536 Ὅπως
3483 469 3542 526 ἄν
3595 467 3822 526 δικαιω-

393 565 641 619 monibus
673 565 799 630 tuis,
834 568 884 616 et
923 564 1108 617 vincas
1138 577 1258 618 cum
1279 563 1576 632 judicaris.

471 743 649 810 Licet,
683 744 900 814 inquit,
925 744 1216 800 increduli
1265 744 1488 800 fuerint
1515 743 1722 810 Judaei,
1756 759 1875 798 non
1905 759 2042 814 pro-

399 838 602 904 pterea
632 833 854 888 donum
889 834 988 888 Dei
1026 835 1256 905 accepit
1309 834 1500 889 ullum
1551 833 2045 904 impedimentum

398 928 502 978 aut
531 923 892 978 diminutum
924 931 1012 980 est
1046 941 1058 976 :
1098 924 1201 978 sed
1233 924 1434 978 omnia
1463 923 1616 978 facta
1649 929 1789 977 sunt
1809 928 2048 976 utcom-

397 1010 748 1084 probaretur
780 1013 954 1067 etiam
987 1014 1088 1068 Dei
1109 1015 1321 1068 veritas
1349 1014 1408 1068 in
1434 1013 1528 1066 his
1563 1029 1690 1083 quae
1723 1013 1834 1084 ipsi
1859 1011 2044 1066 Abra-

395 1101 534 1157 ham
567 1102 1295 1174 promisit,hominumque
1327 1101 1859 1158 mendacium.Sua
1889 1101 2048 1154 enim

397 1188 836 1259 incredulitate,
857 1190 916 1244 in
951 1191 1136 1244 Deum
1165 1190 1398 1244 mentiti
1432 1195 1590 1254 sunt,
1616 1187 1878 1243 colentes
1911 1187 2052 1242 deos

396 1294 462 1333 ac
520 1278 841 1334 dwmones.
904 1279 1102 1334 Aliter.
1155 1280 1240 1334 Sit
1322 1279 1508 1342 vobis,
1597 1277 1813 1348 inquit,
1895 1283 2053 1330 Deus

399 1383 580 1422 verax
633 1373 961 1438 reputetur,
1023 1368 1424 1439 intelligatur,
1483 1366 1853 1436 concipiatur
1901 1363 2058 1435 quod

399 1456 553 1514 Deus
585 1474 758 1512 verax
789 1463 898 1525 est,
932 1463 990 1512 et
1027 1458 1224 1512 omnis
1270 1459 1448 1512 homo
1484 1456 1736 1512 mendax
1767 1473 1780 1508 :
1815 1453 1974 1526 quod
2007 1455 2056 1508 si

411 1547 492 1602 ita
569 1547 666 1612 sit,
727 1563 1069 1618 quanquam
1125 1546 1403 1602 nonnulli
1454 1546 1696 1601 fuerunt
1743 1544 2060 1610 increduli,

409 1637 805 1693 nihilominus
837 1655 968 1708 quae
1000 1640 1155 1693 Deus
1187 1639 1301 1709 ipsi
1333 1637 1631 1692 Abraham
1663 1637 1955 1708 promisit,
1990 1636 2064 1692 ad

406 1725 832 1797 perfectionem
895 1726 1190 1782 deducet:
1249 1727 1548 1798 quomodo
1581 1743 1716 1798 ergo
1763 1722 2068 1780 increduli

2153 564 2252 633 θῇς
2291 562 2340 617 ἐν
2373 571 2489 628 τοῖς
2523 565 2714 645 λόγοις
2746 588 2865 637 σου,
2899 566 2988 622 καὶ
3037 567 3258 641 νικήσῃς
3319 565 3373 620 ἐν
3427 569 3508 638 τῷ
3537 563 3818 639 κρίνεσθαί

2152 671 2239 708 σε.

2235 741 2352 798 Οὐκ
2381 742 2596 814 ἐπειδὴ,
2635 746 2818 823 φησὶν,
2861 745 3162 817 ἠπείθησαν
3220 741 3500 813 Ἰουδαῖοι,
3536 742 3627 799 διὰ
3654 748 3812 798 τοῦτο

2163 827 2492 905 παρεϐλάϐη
2521 856 2572 888 τι
2605 837 2640 904 ἡ
2668 832 2844 908 δωρεά
2873 838 2968 888 τοῦ
3001 839 3155 902 Θεοῦ,
3203 835 3238 903 ἤ
3295 834 3617 904 ἠλαττώθη·
3676 831 3828 888 ἀλλὰ

2164 922 2342 977 πάντα
2372 923 2592 1002 γὲγονεν
2621 925 2715 981 ’ίνα
2747 924 3048 1004 διελεγχθῇ
3077 925 3168 980 καὶ
3193 930 3289 982 τοῦ
3321 930 3455 980 Θεοῦ
3499 925 3561 980 τὸ
3593 923 3826 996 ἀληθὲς,

2165 1009 2246 1065 ἐφ’
2307 1014 2393 1076 οἷς
2447 1012 2818 1090 ἐπηγγείλατο
2873 1021 2992 1076 τοῖς
3051 1015 3191 1093 ἀμφὶ
3253 1015 3344 1070 τὸν
3404 1010 3679 1088 Ἀϐραὰμ,
3734 1015 3824 1069 καὶ

2163 1105 2270 1155 τῶν
2333 1102 2628 1173 ἀνθρώπων
2686 1106 2749 1159 τὸ
2827 1101 3038 1179 ψευδὲς.
3115 1136 3184 1147 -—
3267 1105 3819 1178 [OIKOI‘MENIOI‘J

2167 1189 2497 1263 Έψεύσαντο
2547 1193 2652 1268 γὰρ
2730 1193 2798 1268 τῇ
2851 1193 3078 1265 ἀπιστίᾳ
3136 1194 3226 1250 τὸν
3313 1193 3468 1260 Θεὸν,
3528 1197 3671 1258 θεοῖς
3723 1191 3830 1248 λα·-

2161 1280 2477 1352 τρεύσαντες
2511 1285 2600 1338 καὶ
2653 1282 2924 1357 δαίμοσιν,
2975 1317 3045 1326 —
3099 1282 3346 1348 Ἄλλως.
3403 1286 3614 1358 [ΦΩΤ.]
3677 1282 3826 1338 Γινέ-

2164 1373 2277 1425 σθω
2311 1372 2464 1446 ὑμῖν,
2500 1375 2687 1452 φησὶν,
2740 1375 2768 1428 6
2803 1375 2930 1436 Θεὸς
2989 1373 3228 1444 ἀληθὴς,
3289 1372 3615 1448 λογιζέσθω,
3703 1372 3832 1428 νοεί-

2169 1463 2305 1530 σθω,
2337 1464 2665 1539 φρονείσθω,
2726 1464 2808 1519 ὁτι
2867 1465 2896 1518 ὁ
2953 1464 3084 1525 Θεὸς
3143 1462 3384 1533 ἀληθής,
3435 1465 3524 1517 καὶ
3586 1462 3668 1517 ὅτι
3725 1467 3830 1519 πᾶς

2173 1551 2462 1625 ἄνθρωπος
2486 1551 2742 1625 ψεύστης.
2794 1553 2858 1608 Εἰ
2913 1553 3005 1607 οὗν
3038 1557 3222 1622 τοῦτο,
3255 1552 3302 1607 εἰ
3357 1553 3448 1607 καί
3479 1572 3620 1614 τινες
3672 1551 3832 1622 ἠπεί-

2176 1650 2368 1710 θησαν,
2425 1639 2577 1696 οὐδὲν
2631 1643 2794 1712 ἦττον
2883 1643 2910 1696 6
2982 1641 3110 1704 Θεὸς
3189 1643 3221 1696 ἅ
3307 1639 3682 1716 ἐπηγγείλατο
3753 1643 3832 1712 τῷ

2177 1723 2430 1803 Ἀϐραὰμ
2471 1730 2547 1794 εἷς
2580 1731 2738 1792 τέλος
2787 1728 2916 1802 ἃξει.
2987 1734 3108 1792 ΙΙῶς
3162 1731 3284 1800 οὖν,
3335 1729 3491 1809 φησὶ,
3551 1730 3640 1784 καὶ
3700 1728 3832 1784 alm-

411 1821 623 1871 suntet
651 1815 798 1888 legis
821 1821 1292 1888 transgressores
1312 1817 1339 1871 ‘I
1355 1818 1472 1881 Nae,
1507 1814 2064 1886 inquit,suasipsius

2180 1823 2364 1874 στοῦσι
2395 1821 2483 1875 καὶ
2507 1826 2878 1895 παρανομοῦσι
2919 1840 2932 1889 ;
2965 1821 3094 1888 Ναὶ,
3127 1821 3280 1897 φησί·
3332 1821 3428 1882 τὰς
3490 1821 3594 1894 γὰρ
3627 1819 3830 1881 οἰκείας

415 1905 846 1975 promissiones
877 1905 1250 1973 adducendo,
1283 1905 1424 1960 licet
1463 1905 1550 1960 illi
1595 1911 2068 1976 transgressores

405 1992 632 2047 fuerint
663 1999 720 2047 et
745 1994 1432 2065 peccatores,perﬁdiam
1447 1993 1634 2066 magis
1650 1993 1890 2048 illorum
1902 2011 2068 2048 coar—

403 2082 530 2154 guit
559 2097 628 2136 ac
661 2082 1168 2156 ingratitudiuem.
1193 2085 1410 2138 Verum
1433 2083 1594 2138 enim
1611 2100 1745 2138 vero
1766 2083 2065 2138 excellen-

408 2171 490 2226 tia
519 2188 755 2243 quoque
780 2172 1189 2228 beneﬁcentia
1217 2188 1286 2228 ac
1301 2172 1564 2228 veritatis
1590 2172 2066 2244 divinaajustitim

409 2261 670 2330 amplius
700 2261 1116 2316 manifestatur
1147 2279 1214 2318 ac
1267 2263 1732 2326 demonstratur,
1767 2267 1825 2317 et
1855 2261 2065 2333 splen-

411 2349 551 2403 dida
591 2351 644 2405 ei
677 2351 905 2406 accedit
931 2368 1000 2406 ex
1018 2351 1127 2408 hoc
1150 2351 1598 2420 victoria,veluti
1621 2353 1800 2407 etiam
1817 2357 2070 2408 testatur

410 2439 864 2510 David,dicens:
899 2442 1344 2513 Utjustiﬁceris
1395 2442 1458 2496 in
1519 2442 1898 2497 sermonibus
1929 2441 2066 2520 tuis.

415 2535 474 2585 et
503 2531 704 2586 vincas
733 2547 868 2586 cum
888 2531 1180 2602 judicaris
1197 2529 1238 2584 9.
1267 2531 1470 2602 Itaque
1499 2531 1548 2585 si
1579 2547 1652 2586 ex
1673 2530 2068 2602 promissione

413 2620 603 2675 oritur
629 2620 842 2676 veritas
865 2621 1301 2691 promissionis,
1334 2621 1488 2676 hanc
1513 2625 1712 2676 autem
1746 2619 1856 2674 sibi
1889 2619 2065 2674 tradi-

415 2713 536 2764 tam
568 2715 926 2781 acceperunt
954 2710 1138 2765 Judaei
1171 2727 1182 2764 :
1219 2711 1472 2765 multum
1507 2727 1612 2780 per
1641 2725 1882 2764 omnem
1939 2727 2068 2765 mo-

416 2800 556 2854 dum
591 2805 682 2854 est
708 2797 769 2852 τὸ
799 2799 1197 2872 περισσὸιδ,ιιοο
1228 2805 1318 2856 est
1347 2799 1704 2855 excellentia
1733 2805 1791 2854 et
1821 2800 2067 2855 circum-

414 2889 557 2944 cisio
571 2888 925 2953 Judzei,licet
941 2890 1182 2960 quidam
1203 2890 1468 2960 ipsorum
1493 2887 1718 2944 fuerint
1739 2894 2071 2960 transgres-

415 2994 602 3035 sores.
639 2978 792 3034 234
815 2977 1212 3048 Deinde,quid
1245 2993 1402 3049 ergo,
1429 2977 1646 3047 inquit,
1679 2977 1729 3031 si
1763 2992 1832 3030 ex
1861 2981 2068 3031 nostra

415 3070 498 3142 inj
508 3069 714 3124 nstitia
731 3071 848 3124 Deo
863 3070 1151 3125 accrescit
1171 3068 1552 3135 victoria,etc.
1567 3088 1590 3118 ιι
1607 3067 1768 3122 Sicut
1781 3068 2068 3139 scriptum

413 3164 520 3214 est.
541 3180 568 3208 »
601 3157 855 3214 Adducit
883 3163 942 3214 et
969 3158 1149 3214 David
1171 3157 1432 3229 idipsum
1464 3157 1777 3212 dicentem.
1817 3158 2064 3228 PrOpter

413 3247 768 3318 hoc,inquit,
790 3248 968 3302 etiam
1009 3247 1272 3320 indignis
1301 3251 1544 3318 praestat
1573 3248 1727 3302 Deus
1749 3246 2064 3313 beneﬁcia,

414 3340 481 3389 ut
510 3334 748 3390 bonitas
780 3335 908 3406 ejus
940 3335 1316 3404 ostendatur,
1348 3341 1532 3407 utque
1561 3336 1757 3391 vincat
1807 3334 1906 3390 ubi
1939 3351 2072 3390 cum

417 3422 768 3478 hominibus
801 3425 862 3479 in
885 3424 1184 3495 judicium
1215 3425 1616 3496 congreditur.

489 3513 586 3578 III,
619 3515 672 3578 5,
706 3517 756 3568 6.
781 3515 842 3570 Si
871 3519 1052 3568 autem
1109 3515 1388 3582 injustitia
1443 3521 1638 3570 nostra
1671 3515 1778 3569 Dei
1795 3517 2077 3586 justitiam

419 3603 728 3670 constituit,
754 3603 892 3673 quid
953 3603 1190 3657 dicemus
1243 3605 1272 3656 ?
1323 3604 1462 3657 Num
1519 3604 1756 3673 injustus
1785 3606 1926 3660 Deus
1981 3606 2078 3674 qui

415 3693 634 3748 inducit
663 3695 808 3747 iram
835 3695 863 3748 ἶ)
883 3693 1140 3748 Humano
1170 3707 1321 3746 more
1353 3693 1564 3762 loquor.
1595 3695 1754 3750 Absit
1779 3696 1802 3750 Ι

485 3872 753 3942 Objectio.
817 3871 996 3938 Deus,
1054 3869 1271 3942 inquit,
1331 3870 1489 3927 bona
1541 3871 1716 3927 nobis
1775 3873 2070 3944 praestitit,

414 3979 524 4018 nos
546 3966 743 4016 autem
779 3961 830 4016 ei
871 3961 1104 4016 mentiti
1133 3977 1340 4016 sumus
1376 3977 1388 4016 :
1423 3966 1746 4033 nostraque
1779 3963 2068 4033 pravitate

409 4055 574 4106 tanto
633 4051 822 4122 magis
869 4049 1210 4105 misericors
1260 4051 1554 4122 apparuit,
1610 4057 1830 4121 quanto
1891 4051 2068 4106 etiam

407 4139 670 4211 indignis
701 4137 858 4194 bona
887 4139 1202 4210 praestitit:
1237 4139 1311 4194 ob
1343 4140 1453 4196 hoc
1487 4157 1623 4212 ergo
1679 4139 1858 4194 etiam
1887 4140 2068 4196 vincit

407 4234 470 4288 in
497 4232 748 4305 judicio.
768 4233 882 4288 Nos
914 4232 1094 4304 igitur
1123 4233 1224 4303 qui
1259 4250 1394 4305 erga
1425 4250 1560 4288 eum
1589 4232 2066 4305 perlidifuimus,

408 4325 666 4381 victorian
699 4325 1074 4380 occasionem
1101 4324 1459 4380 tribuimus:
1495 4341 1676 4396 quare
1717 4341 1852 4398 ergo
1895 4326 2069 4398 punit

412 4428 522 4468 nos
547 4429 652 4484 per
680 4430 828 4484 quos
881 4413 1117 4468 vincere
1173 4411 1331 4466 visus
1374 4411 1517 4466 est?
1546 4413 1758 4468 Salutio
1799 4412 2062 4482 objectio-

414 4505 518 4558 m's.
553 4503 610 4558 Si
645 4507 710 4558 tu
743 4502 830 4557 illi
863 4517 1044 4558 causa
1073 4516 1135 4555 es
1173 4501 1431 4556 victoriae
1463 4507 1521 4556 et
1549 4507 1750 4556 tamen
1781 4505 1955 4574 punit
1985 4507 2060 4568 te,

2175 1907 2503 1986 ἐπαγγελίας
2553 1909 2715 1966 αὐτοῦ
2763 1910 3002 1984 ἐπάγων,
3062 1910 3278 1965 ἐκείνων
3323 1904 3828 1984 παραϐεϐηκότων,

2173 1998 2262 2052 καὶ
2338 1998 2401 2053 τὸ
2479 1997 2692 2054 ἐκείνων
2749 1997 3000 2075 ἄγνωμον
3077 1998 3168 2054 καὶ
3247 1999 3544 2078 ἀχάριστον
3610 1997 3826 2072 μᾶλλον

2176 2086 2482 2162 ἐλέγχεται.
2543 2088 2620 2146 Οὔ
2675 2090 2780 2161 μὴν
2853 2086 3000 2144 ἀλλὰ
3058 2089 3147 2143 καὶ
3203 2090 3265 2143 τὸ
3326 2083 3669 2157 ὑπερϐάλλον
3731 2095 3831 2157 τῆς

2179 2175 2485 2250 εὐεργεσίας
2515 2175 2604 2230 καὶ
2666 2175 2924 2247 ἀληθείας
2975 2181 3072 2231 τοῦ
3129 2181 3263 2231 Θεοῦ
3323 2174 3697 2247 δικαιοσύνης,
3743 2175 3830 2231 ἐπὶ

2179 2261 2346 2318 πλέον
2429 2266 2840 2340 ἀπογυμνοῦται
2927 2265 3018 2320 καὶ
3104 2262 3487 2334 ἐπιδείκνυται,
3547 2265 3636 2320 καὶ
3707 2265 3830 2336 νίκη

2179 2352 2326 2425 αὐτῷ
2384 2353 2612 2428 λαμπρά
2669 2353 2728 2409 ἐκ
2781 2355 2977 2409 τούτου
3045 2354 3394 2431 περιγίνεται,
3475 2354 3550 2416 ὡς
3633 2355 3726 2409 καὶ
3806 2354 3832 2407 6

2180 2441 2345 2498 Aau’ia
2383 2450 2644 2519 μαρτυρεῖ
2675 2443 2875 2522 λέγων.
2909 2469 2938 2496 ‹‹
2966 2447 3157 2506 ’Όπως
3191 2443 3252 2500 ἄν
3302 2442 3599 2518 δικαιωθῇς
3631 2442 3683 2498 ἐν
3714 2448 3829 2506 τοῖς

2179 2531 2378 2607 λόγοις
2412 2555 2528 2601 σου,
2559 2534 2650 2588 καὶ
2680 2537 2911 2610 νικήσῃς
2945 2535 2998 2589 ἐν
3028 2539 3108 2606 τῷ
3155 2534 3432 2608 κρίνεσθαί
3463 2553 3541 2591 σε.
3605 2557 3633 2584 ››
3675 2538 3834 2588 Ὥστε

2179 2623 2224 2676 εἰ
2283 2621 2342 2678 ἐκ
2399 2631 2500 2694 τῆς
2554 2623 2885 2700 ἐπαγγελίας
2935 2625 2996 2679 τὸ
3057 2625 3224 2700 πέρας
3291 2621 3645 2698 ἐπαγγελίας,
3699 2624 3832 2678 ταύ-

2173 2733 2272 2783 την
2303 2711 2360 2767 δὲ
2394 2714 2890 2783 κατεπιστεύθησαν
2920 2715 2972 2768 οἱ
3006 2713 3284 2788 Ἰουδαῖοι,
3317 2713 3460 2770 πολὺ
3491 2714 3628 2770 κατά
3655 2715 3828 2770 πάντα

2173 2804 2234 2858 τὸ
2257 2797 2457 2876 τρόπον
2491 2804 2742 2878 περισσὸν
2777 2808 2874 2858 τοῦ
2933 2802 3219 2875 Ἰουδαίου,
3265 2804 3313 2860 εἴ
3355 2805 3446 2860 καί
3473 2825 3613 2866 τινες
3645 2805 3821 2859 αὐτῶν

2173 2894 2426 2966 γεγόνασι
2477 2887 2805 2966 παραϐάται.
2861 2893 3018 2960 Εἶτα,
3049 2895 3119 2950 Τί
3180 2893 3294 2963 οὖν,
3327 2895 3512 2970 φησὶν,
3545 2893 3592 2948 εἱ
3623 2893 3684 2947 ἐκ
3727 2892 3825 2958 τῆς

2175 2979 2388 3043 ἀδικίας
2465 2984 2625 3053 ἡμῶν
2694 2982 2818 3052 νίκη
2875 2981 3080 3056 γίνεται
3137 2987 3216 3054 τῷ
3277 2987 3452 3054 Θεῷ;
3509 2982 3600 3037 καὶ
3677 2982 3824 3052 ἐξῆς.

2175 3097 2200 3122 (ι
2241 3071 2430 3136 Καθὼς
2463 3068 2786 3146 γέγραπται.
2835 3093 2860 3124 ιι
2891 3071 3128 3148 Παράγει
3160 3073 3247 3128 καὶ
3279 3071 3369 3126 τὸν
3391 3069 3554 3128 Δαυῖδ
3603 3073 3667 3128 τὸ
3699 3069 3826 3126 αὐτὸ

2179 3157 2430 3236 λέγοντα,
2463 3162 2588 3220 "Oct
2631 3157 2719 3214 διὰ
2774 3164 2958 3234 τοῦτο,
3017 3162 3174 3240 φησὶ,
3232 3161 3322 3216 καὶ
3379 3160 3624 3231 ἀναξίους
3675 3160 3829 3236 εὐερ-

2304 3256 2327 3266 -ι
2493 3251 2506 3267 \
2599 3251 2620 3270 η
2736 3248 2759 3268 ἢ
2895 3254 2921 3266 ο
3030 3250 3042 3270 5
3127 3256 3146 3265 -ν
3245 3251 3260 3268 \
3338 3250 3352 3268 ν
3483 3249 3496 3268 \
3673 3250 3686 3268 ε
3743 3247 3767 3272 Π

2181 3270 2327 3326 γετει
2359 3253 2386 3305 ὁ
2417 3258 2568 3322 Θεος,
2608 3272 2684 3305 ινα
2733 3254 2926 3326 οειχθῃ
2987 3271 3150 3306 αυτου
3204 3271 3268 3305 το
3327 3251 3549 3326 αγαθον,
3599 3271 3690 3305 και
3753 3271 3832 3305 ινα

2184 3341 2399 3414 νικήσῃ,
2430 3340 2506 3404 εἷς
2539 3340 2711 3414 κρίσιν
2740 3346 2857 3404 τοῖς
2889 3340 3198 3416 ἀνθρώποις
3243 3341 3536 3402 καταστάς.

2253 3525 2318 3579 Εἰ
2373 3521 2430 3578 δὲ
2487 3525 2520 3592 ἡ
2584 3521 2767 3578 ἀδικία
2823 3525 2983 3596 ἡμῶν
3071 3525 3206 3576 Θεοῦ
3293 3518 3643 3591 δικαιοσύνην
3705 3541 3825 3574 συν-

2185 3614 2384 3684 ίστησι,
2414 3615 2466 3667 τί
2516 3613 2785 3688 ἐροῦμεν;
2850 3614 2927 3685 μή
2977 3609 3163 3674 ἄδικος
3223 3613 3251 3666 ὁ
3309 3612 3440 3674 Θεὸς
3488 3613 3516 3666 6
3563 3611 3829 3690 ἐπιφέρων

2177 3707 2276 3774 τὴν
2359 3704 2532 3781 ὀργήν
2588 3724 2602 3774 ;
2665 3707 2802 3780 (κατ’
2885 3701 3162 3778 ἄνθρωπον
3245 3703 3482 3779 λέγω.)
3573 3705 3664 3772 Μή
3747 3701 3826 3778 γέ·

2179 3815 2348 3850 νοιτο.

2250 3884 2560 3948 Ἀντίθεσις.
2619 3884 2680 3940 Ὀ
2733 3884 2888 3953 Θεὸς,
2973 3885 3155 3961 φησὶν,
3219 3883 3598 3959 εὐηργέτησεν,
3656 3883 3822 3952 ἡμεῖς

2178 3971 2236 4030 δὲ
2261 3975 2424 4029 αὐτὸν
2456 3973 2816 4047 ἐψευσᾶμεθα.
2866 3974 2966 4031 Καὶ
3029 3972 3118 4028 διὰ
3163 3974 3263 4042 τήν
3305 3971 3572 4050 ἡμετέραν
3629 3971 3818 4026 κακίαν

2176 4062 2330 4140 ὤφθη
2370 4061 2582 4136 μᾶλλον
2617 4061 2898 4135 ἐλεήμων,
2932 4064 3044 4136 ὅσῳ
3100 4064 3189 4118 καὶ
3247 4062 3490 4133 ἀναξίους
3523 4062 3817 4136 εὐεργετεῖ.

2177 4153 2271 4208 Διά
2305 4157 2465 4208 τοῦτο
2495 4156 2780 4229 τοιγαροῦν
2813 4153 2904 4206 καὶ
2965 4157 3089 4223 νικᾷ
3146 4152 3198 4208 ἐν
3257 4156 3325 4226 τῇ
3383 4152 3578 4226 κρίσει.
3636 4152 3827 4224 Ἡμεῖς

2175 4242 2268 4296 οὖν
2301 4241 2448 4314 αὐτῷ
2491 4238 2994 4318 ἂγνωμονήσαντες,
3043 4242 3142 4311 τὴν
3199 4242 3468 4318 πρόφασιν
3521 4247 3620 4308 τῆς
3677 4239 3832 4310 νίκης

2177 4333 2547 4406 παρέσχομεν.
2583 4329 2732 4386 Διατί
2763 4331 2854 4384 οὖν
2885 4327 3106 4400 κολάζει
3165 4333 3337 4402 ἡμᾶς,
3387 4327 3455 4385 δι’
3515 4329 3606 4392 οὕς
3661 4327 3824 4405 ὤφθη

2175 4425 2335 4475 νικῶν
2373 4439 2386 4488 ;
2420 4419 2606 4482 Λύσις.
2637 4421 2696 4476 Εἰ
2731 4419 2901 4482 αἴτιος
2933 4420 3081 4494 αὐτῷ
3107 4421 3168 4474 σὺ
3220 4427 3322 4490 τῆς
3376 4418 3554 4488 νίκης,
3599 4415 3826 4487 κολάζει

2175 4505 2232 4562 δὲ
2266 4530 2343 4580 σε,
2377 4507 2570 4564 ἀδικεῖ.
2601 4509 2663 4565 Εἰ
2697 4506 2754 4563 δὲ
2794 4506 2984 4570 ἄδικος
3017 4510 3118 4563 οὐκ
3168 4506 3302 4577 ἔστι,
3343 4506 3564 4576 κολάζει
3616 4503 3692 4574 δὲ,
3726 4503 3828 4579 ἄρα

417 4593 641 4665 injuste
685 4593 839 4666 agit:
873 4591 1030 4662 quod
1054 4591 1101 4645 si
1133 4590 1390 4662 injustus
1447 4608 1568 4646 non
1619 4597 1708 4646 est
1759 4597 1818 4647 et
1871 4594 2064 4665 punit,

2179 4599 2241 4654 οὗ
2273 4599 2335 4653 σὺ
2367 4597 2514 4667 αὐτῷ
2559 4605 2658 4668 τῆς
2712 4597 2866 4666 νίκης
2909 4597 3104 4660 αἴτιος.
3160 4599 3317 4666 Ἐνῆς
3375 4598 3478 4672 γὰρ
3532 4595 3680 4666 αὐτῷ
3739 4593 3826 4648 καὶ

421 4683 626 4753 utique
654 4689 715 4738 tu
745 4683 835 4739 illi
867 4699 986 4738 non
1019 4698 1081 4737 es
1112 4696 1290 4736 causa
1317 4680 1752 4745 victorian,nam
1773 4682 1890 4738 alio
1920 4700 2066 4754 quo-

421 4789 535 4843 quc
567 4772 740 4827 modo
771 4773 824 4828 ei
856 4772 1106 4828 dabatur
1135 4771 1368 4826 vincere
1399 4785 1742 4841 quanquam
1762 4773 1955 4826 tunon
1975 4787 2044 4844 ap

415 4861 716 4935 paruisses
747 4863 977 4918 malus:
1011 4878 1203 4931 neque
1233 4860 1393 4916 enim
1439 4861 1540 4930 qui
1572 4859 1768 4916 malus
1799 4877 1918 4916 non
1951 4869 2064 4930 est,

415 4952 698 5007 continuo
731 4951 908 5008 etiam
939 4953 1152 5020 dignus
1183 4956 1271 5006 est
1300 4951 1399 5022 qui
1426 4949 1528 5005 Dei
1557 4951 1870 5006 contrahat
1886 4968 2058 5007 amo-

413 5059 557 5097 rem.
597 5040 864 5112 Magnam
895 5047 1093 5096 autem
1125 5059 1196 5096 ex
1239 5041 1332 5096 his
1389 5045 1588 5096 movet
1635 5037 2066 5098 dubitationem

411 5137 590 5202 atque
637 5130 937 5201 sapienter
985 5129 1306 5186 admodum
1359 5147 1427 5186 ac
1485 5129 1813 5202 prudenter
1867 5131 2062 5187 diluit.

418 5219 693 5288 Quidam,
725 5220 940 5290 inquit,
976 5218 1182 5274 dicunt
1215 5236 1228 5273 ε
1261 5220 1316 5274 Si
1371 5219 1522 5274 nulli
1552 5227 1919 5291 peccassent,
1969 5239 2079 5277 ne-

421 5326 723 5384 quaquam
755 5310 909 5365 Deus
933 5325 1109 5365 verax
1131 5309 1523 5382 apparuisset,
1545 5327 1924 5383 nequaquam
1975 5313 2078 5384 ju-

432 5407 964 5471 stus,nequaquam
995 5399 1251 5456 vicisset.
1283 5399 1506 5466 Quibus
1535 5417 1646 5456 nos
1675 5400 1944 5458 dicamus
1970 5419 1982 5456 :
2015 5403 2074 5458 Si

429 5496 490 5546 tu
519 5490 632 5564 ipsi
683 5505 861 5546 causa
891 5505 954 5546 es
983 5489 1242 5546 victorias
1291 5495 1350 5545 et
1377 5488 1643 5546 veritatis
1682 5507 1749 5547 ac
1797 5491 2069 5564 justitiae,

484 5671 505 5707 ’
533 5669 688 5728 Psal.
721 5687 775 5726 L.
810 5671 863 5727 6.

2177 4686 2366 4750 ἄλλως
2395 4691 2566 4757 νικᾷν,
2598 4688 2694 4742 κᾶν
2729 4685 2791 4740 σὺ
2817 4688 2894 4758 μή
2927 4685 3116 4763 ὤφθης
3156 4687 3339 4747 κακός.
3373 4685 3450 4744 Οὐ
3507 4685 3610 4760 γὰρ
3661 4684 3688 4738 6
3747 4683 3825 4756 μὴ

2178 4777 2362 4844 κακὸς,
2422 4773 2530 4847 ἤδη
2590 4775 2679 4830 καὶ
2736 4773 2884 4846 ἄξιος
2942 4774 3160 4850 ἀγάπην
3219 4777 3351 4830 Θεοῦ
3409 4774 3826 4837 ἐπισπάσασθαι.

2182 4865 2438 4942 Ἀπορίαν
2475 4862 2532 4919 δὲ
2583 4862 2672 4920 διὰ
2727 4865 2930 4919 τούτων
2971 4863 3212 4940 μεγάλην
3261 4863 3522 4932 ἀνακινεῖ,
3555 4863 3648 4917 καὶ
3705 4861 3830 4918 ἐπι-

2184 4953 2368 5008 λύεται
2400 4952 2522 5010 λίαν
2575 4957 2754 5029 σοφῶς
2807 4952 2896 5006 καὶ
2957 4952 3266 5029 ἐμφρόνως.
3329 4952 3388 5008 Εἰ
3423 4952 3500 5024 μὴ
3557 4949 3832 5022 ἥμαρτον⁹

2181 5043 2364 5122 φησὶν,
2393 5043 2576 5116 ἐροῦσί
2603 5063 2766 5105 τινες,
2827 5041 2924 5096 οὐκ
2980 5042 3039 5095 ἄν
3093 5043 3120 5095 6
3179 5047 3309 5103 Θεὸς
3368 5039 3537 5110 ἐυανη
3587 5039 3831 5112 ἀληθὴς,

2180 5135 2280 5188 οὐκ
2309 5133 2368 5188 ἂν
2395 5129 2624 5196 δίκαιος,
2675 5132 2778 5186 οὐκ
2825 5129 2886 5186 ἄν
2946 5129 3181 5200 ἐνίκησε.
3217 5132 3360 5206 Πρὸς
3413 5131 3505 5194 οὕς
3556 5129 3829 5206 λέγωμεν·

2181 5223 2246 5278 Εἰ
2295 5223 2355 5276 σὺ
2411 5228 2511 5290 τῆς
2561 5220 2712 5290 νίκης
2771 5220 2922 5291 αὐτῷ
2979 5220 3066 5274 καὶ
3137 5226 3233 5288 τῆς
3263 5219 3525 5288 ἀληθείας
3581 5221 3676 5276 καὶ
3733 5223 3834 5289 τῆς

2181 5309 2530 5380 δικαιοσύνης
2589 5307 2784 5377 α’ίτιος,
2845 5313 2962 5371 πῶς
3021 5329 3076 5364 σε
3124 5309 3346 5381 κολάζει
3409 5311 3826 5383 ἁρ.αρτάνοντα;

2179 5406 2295 5463 πῶς
2345 5421 2402 5455 σε
2457 5403 2830 5474 τιμωρεῖται;
2883 5398 2970 5466 Μὴ
3031 5393 3215 5454 ἄδικον
3275 5399 3439 5454 αὐτὸν
3493 5398 3679 5472 ἐρεῖςς
3733 5395 3822 5450 καὶ

2178 5489 2338 5551 ποίας
2399 5485 2746 5556 δικαιοσύνης
2818 5485 2981 5542 αὐτοῦ
3061 5489 3252 5544 σαυτὸν
3339 5487 3518 5564 ἔλεγες
3599 5483 3768 5539 αἴτιον
