4176 6200
359 355 478 417 373

1443 354 1862 418 COMMENT.
1913 357 1984 416 IN
2033 357 2281 419 EPIST.
2331 363 2434 420 AD
2484 363 2672 422 ROM.

3649 366 3769 424 3⁸14

357 491 525 545 τοῦτο
552 484 655 562 γὰρ
715 489 876 560 οἶμαι
960 485 1168 558 δηλοῦν
1247 488 1437 560 αὐτὸν,
1519 486 1608 543 διά
1661 494 1758 545 τοῦ
1816 490 2001 546 εἰπεῖν·

2124 495 2421 566 quomodo
2455 501 2508 551 te
2539 496 2712 568 punit
2739 501 3083 568 peccantem
3104 497 3132 551 ?
3161 496 3456 568 quomodo
3489 504 3543 553 te
3575 499 3765 571 puenis

361 602 394 632 α
427 576 579 634 Ἑπεί
610 581 728 640 πῶς
755 582 927 650 κρινεῖ
958 577 985 631 6
1035 577 1165 641 Θεὸς
1221 578 1310 632 τὸν
1343 577 1588 652 κόσμον;
1626 603 1652 628 ››
1685 580 1830 634 ’Δντὶ
1889 585 2007 650 τοῦ,

364 672 490 729 Πῶς
514 665 674 721 αὐτὸν
736 664 941 721 δίκαιον
989 663 1172 743 ἔλεγες
1227 667 1314 720 καὶ
1373 669 1564 742 κριτήι
1597 687 1611 736 ;
1645 672 1721 723 Δι’
1777 671 1850 723 ὧν
1907 670 2006 746 γὰρ

363 756 556 811 σαυτὸν
585 754 761 810 αἶ’τιον
792 751 975 831 ἔλεγες
1032 763 1134 825 τῆς
1191 752 1534 826 δικαιοσύνης
1593 757 1778 826 αὐτοῦ,
1819 761 2010 832 κριτὴν

362 843 422 901 ἄν
475 843 788 918 ὡμολόγεις
847 845 938 900 καὶ
1001 843 1224 902 δίκαιον.
1286 847 1609 918 Δικαιοσύνη
1666 848 1790 922 γάρ,
1850 847 2007 910 τέλος

359 933 613 1010 κρίσεως’
663 933 708 988 εἰ
763 933 851 989 οῦν
935 933 1118 1008 ἐπάγει
1176 935 1342 1012 ὀργην
1417 941 1532 998 τοῖς
1617 937 2006 1012 ἁμαρτάνουσι,

361 1031 482 1089 πῶς
535 1022 702 1078 αἴτιοι
760 1031 858 1095 τῆς
920 1021 1269 1097 δικαιοσύνης
1331 1027 1539 1099 αὐτοῦ;
1594 1029 1738 1084 ἀλλὰ
1797 1028 2005 1084 δίκαιον

359 1112 525 1190 ἐρεῖς,
558 1114 768 1192 φησίν;
822 1112 982 1172 Ἀλλ’
1023 1115 1121 1170 οὐκ
1177 1112 1324 1190 ἔχεις
1379 1118 1570 1175 εἰπεῖν.
1631 1119 1842 1174 Δίκαιον
1901 1119 2006 1194 γὰρ

361 1202 431 1260 δι’
476 1206 549 1259 ὧν
598 1205 829 1279 ἠπόρεις
881 1204 1339 1283 ἀνωμολόγησας.
1396 1210 1557 1264 Ὥστε
1610 1209 1708 1264 οὐκ
1765 1210 1898 1264 εἰσὶν
1956 1211 2008 1263 οἱ

359 1295 756 1370 ἁμαρτάνοντες
789 1295 914 1350 οὕτε
942 1295 1118 1366 νίκης,
1177 1298 1300 1352 οὒτε
1351 1305 1453 1366 τῆς
1519 1296 1830 1369 Ἀληθείας,
1888 1297 2010 1353 οὔτε

357 1391 459 1453 τῆς
490 1381 833 1450 δικαιοσύνης
874 1384 1063 1440 αἶ’τιοι.
1096 1386 1232 1442 Εἶτα
1262 1388 1489 1462 προάγει
1540 1388 1630 1442 καὶ
1689 1388 1884 1463 ἑτέρως
1945 1387 2008 1441 τὸ

357 1472 716 1549 ἐπιχείρημα.
787 1475 851 1530 Εἰ
892 1473 979 1528 διὰ
1028 1479 1124 1530 τοῦ
1184 1475 1320 1549 ἐμοῦ
1369 1475 1618 1551 ψεύδους,
1669 1478 1742 1539 ὡς
1802 1475 2003 1551 λέγεις,

357 1561 632 1634 δοξάζεται
701 1563 729 1617 6
779 1563 906 1625 Θεὸς
963 1563 1199 1634 ἀληθὴς,
1269 1564 1330 1620 ού
1416 1566 1804 1642 κατακρίσεως,
1865 1564 2010 1620 ἀλλᾶ

353 1654 523 1723 τιμῆς
559 1648 852 1705 ἀπολαύειν
887 1649 1100 1724 μᾶλλον
1134 1651 1394 1729 ὤφειλον.
1430 1654 1531 1711 Καὶ
1583 1653 1750 1710 πλέον
1811 1651 2007 1727 ψεύδε-

354 1743 478 1796 σθαι
507 1740 598 1795 καὶ
630 1742 957 1814 ἁμαρτάνειν
1019 1736 1126 1796 ἔδει
1189 1764 1277 1816 με,
1315 1741 1407 1798 ’ίνα
1463 1741 1630 1799 πλέον
1663 1741 1949 1815 δοξάζηται
1978 1745 2006 1799 6

353 1831 506 1902 Θεὸς,
539 1830 630 1884 καὶ
660 1829 831 1885 πλέον
865 1830 1148 1900 ἀπήλαυον
1182 1831 1288 1907 ἐγὼ
1318 1838 1425 1887 τῶν
1457 1833 1690 1908 ἀγαθῶν.

2122 583 2396 640 addicit?
2425 602 2568 640 num
2600 585 2769 640 illum
2802 586 2964 641 dices
2995 586 3284 656 injustum
3305 586 3332 640 ‘I
3362 588 3430 641 Et
3472 588 3642 658 cujus
3665 589 3766 660 ju-

2121 674 2296 728 stitiaa
2331 675 2516 744 ipsius
2547 681 2600 729 te
2625 692 2864 730 causam
2896 675 3077 730 fuisse
3122 675 3405 730 dicebas?
3461 679 3605 730 Nam
3659 678 3766 732 hoc

2119 763 2464 834 Apostolum
2485 764 2820 836 signiﬁcare
2851 764 3083 834 opinor,
3103 781 3239 819 cum
3260 765 3342 820 ait
3370 781 3382 818 :
3416 787 3442 813 ‹‹
3468 768 3611 820 Nam
3627 782 3766 836 quo-

2127 852 2300 906 modo
2323 853 2619 922 judicabit
2649 855 2801 908 Deus
2832 854 3122 908 mundum
3144 855 3171 909 ?
3195 855 3304 909 hoc
3329 860 3436 923 est,
3470 855 3766 926 quomodo

2123 958 2259 996 eum
2292 943 2583 1013 injustum
2614 942 2842 997 diceres
2875 949 2932 998 et
2953 943 3219 1013 judicem
3250 943 3277 998 ?
3307 944 3418 998 hoc
3448 945 3574 1015 ipso
3607 945 3766 1000 enim

2123 1031 2282 1101 quod
2317 1033 2567 1103 teipsum
2592 1049 2833 1087 causam
2865 1030 3095 1086 diceres
3118 1032 3370 1103 justitia)
3395 1032 3768 1105 ipsius,judi-

2121 1137 2247 1175 cem
2281 1121 2554 1176 fatereris
2577 1138 2644 1177 ac
2669 1122 2942 1192 justum:
3004 1137 3142 1176 nam
3191 1121 3428 1192 justitia
3484 1122 3620 1177 ﬁnis
3679 1126 3769 1177 est

2113 1209 2324 1281 judicii
2348 1227 2359 1266 :
2386 1211 2542 1281 quod
2565 1211 2775 1265 siiram
2793 1211 3092 1265 inducitin
3116 1215 3450 1281 peccantes,
3471 1211 3767 1281 quomodo

2123 1298 2211 1353 illi
2241 1316 2420 1354 causa
2453 1307 2590 1354 sunt
2611 1300 2862 1371 justitia:
2891 1299 3123 1370 ipsius?
3153 1303 3240 1354 An
3271 1317 3408 1371 ergo
3432 1301 3664 1371 justum
3687 1299 3771 1355 di-

2121 1407 2240 1454 ces,
2276 1389 2518 1460 inquit?
2550 1391 2763 1444 Verum
2797 1389 2854 1442 id
2886 1406 3006 1443 non
3037 1396 3203 1460 potes
3227 1390 3425 1444 dicere
3453 1407 3465 1441 :
3499 1406 3637 1444 nam
3664 1406 3770 1462 per

2121 1495 2190 1533 ea
2220 1478 2278 1532 in
2311 1478 2525 1548 quibus
2556 1478 2846 1540 baerebas,
2872 1479 3104 1550 justum
3146 1494 3276 1533 esse
3326 1479 3633 1534 confessus
3681 1496 3766 1542 es,

2121 1569 2243 1622 Non
2277 1572 2417 1622 sunt
2447 1568 2644 1640 itaque
2676 1573 3016 1638 peccatores
3047 1567 3304 1622 victoria:
3364 1573 3465 1622 aut
3510 1568 3772 1622 veritatis

2119 1657 2494 1728 autjustitiae
2528 1674 2724 1712 causa.
2762 1657 2983 1712 Deinde
3014 1657 3290 1728 producit
3317 1662 3374 1711 et
3430 1657 3545 1711 alio
3591 1657 3767 1712 modo

2120 1750 2556 1817 argumentum.
2584 1746 2638 1799 Si
2664 1762 2770 1816 per
2791 1761 2988 1800 meum
3013 1745 3411 1810 mendacium,
3445 1751 3510 1800 ut
3529 1746 3770 1817 ais,glo-

2040 1815 2084 1878 Β
2116 1836 2382 1890 riticatur
2403 1851 2574 1889 verax
2591 1835 2893 1902 Deus,non
2915 1834 3499 1903 condemnationem,
3517 1835 3618 1890 sed
3640 1835 3764 1906 glo-

351 1921 505 1977 riam
537 1921 804 1994 accipere
836 1921 1181 1992 debueram,
1216 1924 1364 1981 285
1397 1929 1455 1980 et
1480 1942 1574 1980 me
1606 1925 1862 1997 amplius
1891 1925 2128 1980 mentiri
2157 1942 2225 1980 ac
2252 1941 2495 1996 peccare
2530 1925 2811 1995 oportuit,
2864 1941 2980 1994 quo
3030 1923 3286 1995 amplius
3339 1924 3769 1995 gloriﬁcaretur

353 2013 531 2077 Deus,
577 2016 634 2066 et
661 2011 964 2082 egobonis
993 2013 1249 2085 amplius
1275 2013 1522 2070 fruerer.

425 2097 602 2155 Ἀλλὰ
690 2101 796 2171 μήν
852 2096 1032 2162 οὐδεὶς
1106 2099 1166 2155 ἄν
1221 2105 1384 2156 τοῦτο
1452 2099 1752 2175 τολμήσειε
1810 2101 2008 2177 λέγειν’

355 2185 534 2257 δῆλον
565 2189 671 2262 γὰρ
703 2188 765 2244 τὸ
801 2187 1027 2246 ἄτοπον.
1062 2189 1155 2244 Διὸ
1201 2191 1291 2244 καὶ
1350 2187 1403 2244 εἷ’
1454 2211 1595 2255 τινες
1642 2190 1857 2267 λέγουσι
1890 2191 2013 2266 περὶ

356 2279 545 2350 ἡμῶν,
609 2280 694 2332 δτι
753 2283 1059 2355 φρονοῦμεν
1118 2279 1192 2340 ὡς
1249 2278 1300 2334 ἐν
1357 2284 1426 2354 τῇ
1479 2281 1666 2355 πράξει
1693 2285 1800 2334 τῶν
1833 2285 2012 2335 κακῶν

356 2364 578 2446 ἔρχεται
611 2370 750 2439 ἡμῖν
781 2367 846 2422 τά
899 2368 1094 2442 ἀγαθὰ,
1130 2368 1498 2442 ἀπαραίτητον
1557 2375 1731 2444 κρῖμα
1779 2367 2012 2440 ἕξουσιν,

352 2459 436 2512 δτι
513 2458 590 2517 εἷς
651 2456 988 2528 τηλικαύτην
1044 2458 1400 2538 συκοφαντίαν
1471 2461 1617 2532 ἡμᾶς
1675 2456 2011 2535 διασύρουσι.

355 2548 464 2605 Καὶ
519 2545 618 2622 δρα
677 2545 888 2627 σοφίαν.
947 2548 1192 2618 Αὐξῆσαι
1253 2549 1356 2624 γάρ
1416 2547 1586 2602 θέλων
1643 2549 1705 2603 τὸ
1785 2546 2010 2622 ἄτοπον,

353 2633 482 2692 οὐδὲ
523 2637 652 2698 τοὺς
704 2637 1041 2711 ἀποροῦντας
1112 2641 1278 2692 ταῦτα
1362 2641 1521 2692 τοῦτο
1569 2636 1828 2712 λέγοντας
1900 2641 2010 2694 εἷσ-

362 2729 499 2800 άγει,
543 2725 667 2781 ἀλλ’
696 2727 910 2800 ἑτέρους
940 2727 1108 2795 τινάς,
1141 2726 1229 2780 καὶ
1266 2725 1622 2804 βλασφημίαν
1670 2727 1800 2783 αὐτὸ
1831 2727 2005 2784 καλεῖο

353 2819 544 2878 Καθὼς
573 2817 696 2892 γάρ,
731 2819 885 2894 φησὶ,
924 2817 1422 2895 βλασφημούμεθα.
1459 2821 1519 2874 Ινιὶ
1553 2821 1646 2874 οὖν
1674 2821 1725 2874 οἳ
1767 2819 2010 2896 λέγοντες

348 2913 512 2963 τοῦτο
571 2909 686 2962 καθ’
738 2910 900 2979 ἡμῶν
977 2908 1344 2982 ἀπαραίτητον
1429 2906 1605 2980 ἕξουσι
1661 2912 1761 2980 τήν
1827 2910 2010 2982 δίκην,

352 2995 554 3069 πολλῷ
590 2995 804 3068 μᾶλλον
866 2996 963 3052 οὐκ
1019 2995 1078 3051 ἄν
1111 2999 1492 3072 τολμήσαιμεν
1553 3003 1718 3074 ἡμεῖς
1774 2997 1886 3055 οὐδ’
1927 3002 2002 3062 εἰς

342 3091 474 3141 νοῦν
515 3083 930 3160 παραδέξασθαι,
988 3089 1074 3142 ’ὁτι
1131 3085 1184 3142 ἐν
1260 3091 1328 3161 τῇ
1410 3090 1596 3163 πράξει
1657 3093 1762 3144 τῶν
1822 3090 2000 3144 κακῶν

2197 2104 2373 2175 Atqui
2405 2103 2466 2158 id
2497 2120 2672 2159 nemo
2713 2103 2908 2159 dicere
2941 2103 3184 2158 audebit
3215 2120 3227 2156 :
3261 2101 3573 2158 manifeste
3606 2102 3768 2158 enim

2127 2193 2449 2249 absurdum
2483 2199 2592 2248 est.
2630 2193 2762 2248 Ideo
2794 2192 2933 2248 licet
2963 2192 3203 2263 quidam
3235 2191 3308 2246 de
3346 2192 3520 2247 nobis
3550 2192 3768 2259 dicant,

2127 2282 2284 2353 quod
2317 2283 2608 2338 sentimus
2630 2299 2735 2354 per
2764 2282 3060 2337 actionem
3091 2281 3384 2337 malorum
3400 2286 3645 2336 ventura
3665 2299 3771 2336 no-

2126 2371 2217 2426 bis
2250 2388 2378 2427 esse
2409 2371 2588 2438 bona,
2621 2371 2958 2427 inevitabile
2981 2370 3617 2442 habebuntjudicium,
3637 2370 3776 2442 quia

2126 2460 2199 2515 ad
2233 2466 2454 2516 tantam
2488 2478 2596 2515 nos
2627 2461 2982 2532 pertrahunt
3013 2460 3482 2532 sycophantiam.
3534 2461 3602 2513 Et
3644 2459 3772 2515 vide

2123 2549 2356 2606 consilii
2389 2549 2765 2621 prudentiam
2792 2567 2803 2604 :
2829 2566 2967 2605 nam
2991 2549 3076 2603 rei
3107 2549 3538 2604 absurditatem
3555 2566 3770 2618 augere

2123 2642 2347 2708 volens,
2381 2658 2498 2696 non
2537 2643 2697 2713 ipsos
2728 2642 2829 2712 qui
2859 2641 3204 2696 hmsitarent
3233 2640 3463 2696 inducit
3492 2641 3618 2696 haec
3677 2640 3764 2695 di-

2123 2738 2347 2798 centes,
2381 2730 2482 2786 sed
2515 2731 2664 2785 alios
2695 2731 3007 2802 quosdam,
3039 2735 3098 2784 et
3151 2728 3580 2800 blasphemiam
3616 2729 3765 2784 illud

2119 2821 2399 2892 appellat.
2449 2821 2629 2887 Sicut,
2689 2819 2906 2890 inquit,
2953 2818 3344 2888 blasphemiis
3383 2819 3646 2889 jactatur
3692 2818 3764 2872 de

2120 2911 2311 2965 nobis.
2341 2909 2506 2974 Quod
2538 2909 2587 2963 si
2618 2908 2884 2963 dicentes
2931 2908 3043 2961 hoc
3100 2907 3172 2961 de
3230 2907 3400 2961 nobis
3459 2905 3764 2962 habebunt

2114 2999 2457 3054 inevitabile
2480 2997 2776 3069 judicium
2803 3013 2815 3050 :
2849 3012 3043 3066 neque
3075 3012 3184 3050 nos
3215 2993 3570 3050 auderemus
3600 3011 3676 3048 ne
3697 2995 3760 3050 in

2112 3095 2374 3145 mentem
2408 3087 2646 3158 quidem
2679 3085 3000 3156 suscipere,
3033 3083 3189 3155 quod
3207 3101 3312 3156 per
3342 3082 3632 3138 malorum
3667 3099 3762 3140 ac-

347 3174 790 3251 παραγίνεταιτά
831 3176 1025 3250 ἀγαθά.
1062 3177 1122 3232 Εἰ
1183 3173 1239 3231 δὲ
1300 3178 1375 3248 μή
1407 3181 1590 3243 τοῦτο,
1623 3175 1736 3232 οόδ’
1769 3176 1849 3232 ὅτι
1907 3175 1995 3232 ἐπὶ

2114 3179 2331 3234 tionem
2365 3175 2683 3232 adveniant
2713 3174 2915 3229 bona:
2970 3172 3130 3244 quod
3180 3173 3226 3227 si
3272 3188 3394 3226 non
3447 3171 3756 3241 audemus,

349 3264 518 3322 πλέον
553 3266 876 3342 ἁμαρτάνειν
905 3263 1009 3333 δεῖ,
1038 3264 1131 3321 ’ίνα
1161 3264 1353 3320 πλεῖον
1406 3263 1636 3338 δοξασθῇ
1668 3267 1696 3321 6
1754 3267 1905 3329 Θεός.
1939 3267 2002 3324 El

353 3351 413 3409 δὶ
447 3349 589 3426 μηδὲ
620 3358 802 3421 τοῦτο,
839 3349 1012 3421 δῆλον
1045 3355 1119 3414 ὡς
1153 3350 1280 3407 οὐδὲ
1307 3353 1369 3407 τὸ
1407 3351 1610 3426 λέγειν,
1643 3353 1725 3408 ὃτι
1787 3352 1884 3407 Διά
1907 3351 2002 3407 τοῦ

350 3443 490 3518 ἐμοῦ
522 3446 830 3519 ψεύσματος
864 3441 1144 3516 δοξάζεται
1177 3444 1204 3496 6
1245 3443 1374 3506 Θεὸς
1428 3441 1667 3516 ἀληθής.
1698 3444 1814 3501 Οὑκ
1870 3440 2004 3518 ἂρα-

351 3532 530 3597 αἴτιος
562 3539 677 3605 Θεῷ
723 3533 848 3588 οὔτε
905 3540 1003 3602 τῆς
1051 3530 1313 3602 ἀληθείας
1371 3531 1558 3601 αὐτοῦ,
1615 3532 1738 3587 οὕτε
1788 3534 1886 3604 τῆς
1919 3529 2004 3587 δι-

351 3623 669 3693 καιοσύνης,
704 3619 827 3678 οὕτε
875 3629 974 3691 τῆς
1035 3621 1190 3693 νίκης
1249 3621 1438 3680 αὐτοῦ.
1507 3646 1532 3676 α
1582 3625 1672 3692 Μή
1733 3619 1918 3686 ἆίδικος
1973 3623 2001 3677 6

353 3713 485 3774 Θεός
518 3731 533 3782 ;
568 3739 590 3766 ι
631 3713 692 3767 ΕΞ
724 3709 800 3778 δὲ,
836 3711 1022 3786 φησὶν,
1055 3709 1115 3766 ἐκ
1159 3717 1258 3780 τῆς
1299 3713 1457 3784 ἡμῶν
1514 3709 1724 3774 ἀδικίας
1787 3709 1999 3786 μᾶλλον

353 3799 619 3857 δείκνυται
652 3804 686 3870 ἡ
720 3799 952 3870 ἀλήθεια
983 3800 1071 3854 καὶ
1104 3803 1139 3870 ἡ
1173 3798 1487 3871 δικαιοσύνη
1546 3806 1644 3856 τοῦ
1703 3805 1860 3873 Θεοῦ,
1915 3800 1998 3856 ὅτι

353 3887 422 3961 δὴ
457 3887 580 3945 οὔτε
636 3893 670 3960 ἡ
729 3893 890 3962 ἡμῶν
953 3886 1134 3944 ἀδικία
1191 3887 1458 3944 ἐκώλυσεν
1496 3889 1655 3944 αὐτὸν
1709 3891 1776 3945 τά
1821 3885 2001 3944 δίκαια

351 3985 604 4049 ποιῆσαι,
653 3979 928 4034 τουτέστιν
996 3977 1071 4040 εἷς
1127 3976 1287 4040 τέλος
1345 3978 1563 4056 άγαγεῖν
1649 3979 1714 4034 τὰ
1763 3979 2002 4054 ὑποσχε-

354 4069 513 4124 θέντα
549 4074 630 4142 τῷ
683 4064 960 4145 Ἀϐραὰμ,
1045 4067 1136 4123 καὶ
1188 4067 1287 4123 οὐκ
1346 4066 1404 4122 ἂν
1482 4065 1670 4130 ἄλλως
1752 4064 1906 4148 ὤφθη
1971 4069 1998 4122 ὁ

352 4160 483 4220 Θεὸς
542 4157 748 4220 δίκαιος
804 4161 889 4214 καὶ
951 4157 1189 4229 ἀληθὴς,
1245 4158 1289 4212 εἰ
1353 4159 1427 4231 μή
1486 4161 1650 4231 ἡμεῖς
1701 4158 1995 4234 γεγόναμεν

350 4248 557 4307 ἄδικοι.
614 4251 674 4306 Ei
731 4244 893 4305 τοῦτὸ
955 4247 1122 4316 ἐστιν,
1184 4244 1287 4323 ἄρα
1339 4245 1543 4312 ἀδίκως
1585 4247 1805 4318 κολάζει
1870 4246 1997 4310 τοὺς

353 4339 561 4402 αἰτίους
613 4338 758 4411 αὐτῷ
816 4337 1078 4409 ἀληθείας
1135 4337 1481 4414 γενομένους.
1538 4337 1603 4394 Εἰ
1661 4335 1717 4391 δὲ
1750 4339 1825 4409 μή
1878 4336 1998 4391 ἀδί-

350 4450 463 4490 κως
523 4426 770 4498 κολάζει,
859 4429 960 4502 ἅρα
1048 4427 1161 4500 οὐχ
1243 4428 1405 4499 ἡμεῖς
1478 4427 1645 4481 αὐτοῦ
1700 4427 1798 4492 τῆς
1859 4425 2001 4496 ἀλη-

2110 3283 2304 3338 neque
2338 3266 2418 3333 id,
2451 3280 2666 3334 nempe
2701 3262 2860 3334 quod
2887 3261 3144 3333 amplius
3193 3277 3442 3333 peccaee
3491 3265 3760 3332 oporteat

2108 3363 2173 3413 ut
2201 3356 2390 3428 magis
2421 3354 2785 3427 gloriﬁcetur
2816 3354 2969 3407 Deus
3003 3369 3016 3416 ;
3051 3352 3098 3406 si
3129 3357 3330 3407 autem
3374 3367 3568 3421 neque
3619 3351 3752 3419 hoc,

2109 3445 2491 3501 manifestum
2519 3447 2610 3497 est
2631 3441 2785 3513 quod
2815 3457 2925 3495 nec
2956 3439 3153 3494 dicere
3177 3439 3332 3510 quod
3356 3455 3487 3494 meo
3513 3439 3755 3496 menda-

2107 3537 2197 3592 cio
2219 3534 2585 3608 gloriﬁcetur
2615 3533 2770 3586 Deus
2801 3547 2993 3587 verax.
3027 3533 3230 3602 Itaque
3265 3530 3383 3585 Deo
3426 3547 3604 3586 causa
3634 3548 3757 3588 non

2109 3642 2239 3681 sum
2261 3623 2351 3678 vel
2367 3621 2626 3678 veritatis
2644 3620 2834 3693 ipsius
2855 3619 3202 3692 veljustitiaa
3220 3619 3312 3674 vel
3329 3619 3586 3675 victoria;
3602 3621 3751 3690 ejus.

2111 3737 2139 3767 «
2167 3718 2314 3770 Num
2349 3714 2606 3785 injustus
2640 3711 2836 3768 Deus?
2856 3731 2882 3764 ιι
2909 3709 3074 3777 Quod
3098 3710 3146 3765 si
3170 3727 3241 3765 ex
3273 3715 3495 3776 nostra,
3532 3710 3753 3780 inquit,

2108 3805 2403 3878 injustitia
2435 3803 2543 3859 Dei
2577 3804 2794 3858 veritas
2825 3808 3000 3874 atque
3023 3801 3261 3873 justitia
3281 3800 3466 3871 magis
3489 3801 3747 3854 ostendi-

2106 3899 2224 3963 tur,
2256 3892 2396 3963 quia
2425 3908 2620 3962 neque
2652 3897 2856 3946 nostra
2885 3894 3040 3944 certe
3081 3886 3377 3958 injustitia
3433 3901 3566 3940 eum
3614 3902 3754 3956 pro-

2105 3983 2319 4051 hibuit,
2351 3999 2426 4038 ne
2459 3999 2532 4038 ea
2561 3999 2691 4053 qua:
2716 3981 2880 4053 justa
2917 3983 3054 4034 sunt
3098 3980 3317 4050 ageret,
3370 3977 3478 4032 hoc
3543 3980 3634 4032 est
3677 3974 3752 4032 ad

2104 4071 2535 4144 perfectionem
2559 4074 2617 4124 et
2637 4069 2818 4124 finem
2843 4065 3160 4120 deduceret
3179 4082 3312 4136 qua)
3347 4065 3597 4121 Abrahae
3613 4081 3748 4137 pro-

2104 4162 2288 4217 missa
2306 4165 2503 4226 erant;
2525 4175 2633 4212 nec
2657 4157 2772 4211 alio
2796 4155 2970 4210 modo
2989 4154 3524 4226 apparuissetDeus
3547 4156 3748 4227 justus

2107 4258 2165 4307 et
2189 4267 2387 4316 verax,
2422 4248 2537 4303 nisi
2571 4263 2679 4300 nos
2710 4244 2847 4300 facti
2879 4243 3198 4300 fuissemus
3229 4244 3437 4315 injusti
3466 4261 3477 4298 :
3541 4245 3589 4297 si
3638 4244 3750 4298 hoc

2106 4341 2186 4394 ita
2213 4344 2320 4405 est,
2343 4354 2480 4408 ergo
2509 4336 2730 4408 injuste
2763 4350 2862 4389 eos
2883 4333 3172 4405 punitqui
3195 4333 3536 4388 fueruntilli
3570 4349 3749 4389 causa

2103 4427 2399 4483 veritatis:
2434 4426 2592 4497 quod
2624 4426 2672 4480 si
2704 4441 2824 4479 non
2857 4424 3077 4496 injuste
3108 4423 3297 4496 punit,
3333 4423 3512 4495 igitur
3531 4440 3638 4478 nos
3661 4425 3749 4480 illi

349 4519 496 4582 θείας
530 4519 718 4578 αἴτιοι.
753 4544 781 4571 ‹‹
829 4519 975 4575 Κατά
1031 4517 1316 4594 ἄνθρωπον
1352 4518 1518 4594 λέγω.
1555 4542 1584 4570 ››
1619 4513 1838 4586 Ἐπειδὴ
1897 4517 1997 4592 γάρ

2114 4535 2225 4573 non
2249 4533 2457 4572 sumus
2483 4531 2660 4571 causa
2680 4515 2960 4570 veritatis.
2977 4536 3004 4562 «
3026 4515 3290 4568 Humano
3305 4528 3467 4569 more
3482 4511 3750 4584 loquor.»

347 4607 712 4685 ἀνθρωπίνοις
767 4607 1063 4685 λογισμοῖς
1116 4607 1392 4683 ἐχρήσατο
1476 4608 1576 4662 οὑκ
1630 4605 1758 4662 ὄντα
1815 4604 1996 4661 ἃδικον

348 4696 560 4760 δεικνὺς
621 4698 711 4752 τὸν
772 4697 923 4766 Θεὸν,
1002 4695 1207 4772 ἐπάγει’
1272 4696 1414 4752 Κατά
1481 4694 1764 4767 ἄνθρωπον
1826 4693 1996 4770 λέγω,

346 4788 504 4868 φησί,
537 4786 665 4849 τοὺς
699 4785 1003 4860 λογισμοὺς
1033 4786 1277 4852 τούτους,
1326 4783 1440 4839 ἐπεὶ
1497 4786 1586 4839 καὶ
1647 4784 1834 4853 ἂλλοι,
1890 4808 1996 4863 φη-

345 4876 455 4943 σὶν,
491 4874 593 4930 εἰσὶ
629 4873 888 4949 λογισμοὶ
923 4875 1209 4949 θειότεροι.
1242 4877 1328 4936 Ὠς
1371 4875 1414 4930 εἰ
1475 4875 1648 4947 εἶπεν,
1713 4874 1855 4932 Κατὰ
1905 4875 1993 4930 ἀνι

345 4964 621 5039 θρώπινον
653 4961 918 5038 λογισμὸν
953 4963 1306 5035 λαλήσωμενο
1337 4961 1563 5027 ’Ἀδικός
1598 4962 1737 5018 ἐστιν
1769 4965 1796 5019 ὁ
1827 4965 1993 5031 Θεόςς

342 5057 434 5125 Μὴ
469 5056 683 5130 γένοιτο
722 5057 732 5112 l
768 5061 893 5117 Πῶς
942 5053 1032 5110 οῦν
1085 5056 1251 5130 ὀργὴν
1313 5052 1495 5126 ἐπάγει
1531 5073 1544 5123 ;
1578 5056 1647 5110 Ἦ
1707 5051 1876 5122 δῆλον
1911 5053 1992 5108 ὅτι

345 5142 458 5218 οὐχ
486 5145 651 5217 ἡμεῖς
683 5143 832 5217 αὐτῷ
869 5152 967 5213 τῆς
1022 5143 1280 5215 ἀληθείας
1338 5141 1428 5198 καὶ
1487 5149 1587 5211 τῆς
1646 5140 1993 5212 δικαιοσύνης

344 5231 534 5301 αἴτιοι,
569 5231 694 5288 ἀλλ’
725 5232 884 5288 αὐτὸς
915 5234 1109 5306 ἐαυτῷ.

419 5323 569 5380 Ἐπεὶ
601 5329 718 5386 πῶς
750 5329 924 5399 κρινεῖ
982 5326 1010 5378 ὁ
1068 5325 1196 5386 Θεὸς
1257 5325 1348 5378 τὸν
1421 5321 1678 5397 κόσμον;
1727 5323 1771 5377 εἰ
1820 5323 1922 5401 γάρ
1953 5326 1988 5392 ἡ

345 5409 582 5482 ἀλήθεια
658 5417 754 5466 τοῦ
810 5417 943 5467 Θεοῦ
1001 5411 1052 5468 ἐν
1108 5417 1188 5485 τῷ
1267 5411 1384 5484 ἐμῷ
1451 5411 1719 5486 ψεύσματι
1772 5410 1993 5486 ἐπερίσ-

347 5519 530 5554 σευσεν
618 5498 693 5561 εἰς
776 5501 876 5569 τὴν
933 5497 1085 5571 δόξαν
1163 5500 1350 5571 αὐτοῦ,
1419 5498 1470 5554 τί
1554 5498 1632 5554 ἔτι
1687 5500 1835 5574 κάγὼ
1911 5502 1986 5563 ὡς

347 5588 679 5664 ἁμαρτωλὸς
753 5591 1010 5664 κρίνομαι
1067 5609 1079 5659 ;
1137 5589 1226 5645 καὶ
1313 5591 1388 5663 μὴ
1450 5589 1652 5663 (καθὼς
1737 5589 1989 5669 βλασφη-

347 5677 620 5755 μούμεθα,
677 5678 769 5736 καὶ
825 5682 1005 5746 καθὼς
1071 5679 1196 5762 φασί
1253 5701 1388 5743 τινες
1437 5681 1587 5755 ἡμᾶς
1645 5677 1843 5756 λέγειν)
1901 5680 1984 5737 ὅτι

2110 4609 2254 4674 Quia
2275 4607 2433 4662 enim
2459 4605 2736 4661 humanis
2767 4603 3323 4660 ratiocinationibus
3346 4619 3488 4657 usus
3522 4609 3648 4657 erat
3676 4603 3749 4658 ad

2108 4692 2544 4748 ostendendum
2579 4693 2762 4746 Deum
2796 4707 2915 4744 non
2950 4705 3078 4744 esse
3099 4688 3746 4760 injustum,subjungit,

2107 4785 2376 4840 Humano
2407 4799 2571 4838 more
2604 4782 2835 4853 loquor,
2861 4780 3075 4850 inquit,
3099 4779 3205 4832 has
3227 4779 3745 4834 ratiocinationes:

2105 4892 2245 4930 nam
2269 4875 2398 4930 alia)
2420 4890 2657 4945 quoque
2681 4879 2819 4927 sunt
2841 4870 3026 4943 magis
3051 4869 3373 4924 divitiae.Ac
3396 4869 3704 4926 sidixisset
3731 4889 3747 4925 :

2107 4967 2374 5021 Humana
2405 4965 2633 5018 ratione
2683 4963 3034 5033 loquamur;
3093 4959 3350 5030 injustus
3400 4965 3489 5012 est
3543 4961 3751 5015 Deus?

2106 5053 2304 5110 Absit!
2339 5052 2643 5119 Quomodo
2673 5069 2808 5120 ergo
2840 5051 2986 5106 iram
3021 5048 3296 5103 inducit?
3329 5051 3464 5115 Aut,
3497 5050 3748 5103 manife-

2105 5151 2259 5200 stum
2292 5151 2381 5199 est
2411 5143 2569 5215 quod
2603 5160 2710 5198 nos
2741 5142 2828 5196 illi
2861 5158 3041 5198 causa
3069 5158 3191 5196 non
3222 5157 3428 5196 sumus
3489 5140 3750 5198 veritatis

2101 5250 2170 5289 ac
2193 5234 2467 5304 justitiae,
2501 5233 2605 5288 sed
2635 5233 2761 5303 ipse
2792 5231 2902 5286 sibi
2930 5231 3062 5302 ipsi.

2175 5323 2268 5390 IlI,
2311 5325 2431 5378 6-8.
2465 5323 2599 5376 Nam
2630 5320 2898 5390 quomodo
2921 5318 3213 5390 judicabit
3263 5320 3398 5374 Deus
3444 5319 3754 5373 mundum?

2100 5414 2315 5470 Etenim
2343 5415 2391 5469 si
2420 5414 2623 5468 veritas
2653 5412 2748 5466 Dei
2783 5428 2887 5482 per
2914 5427 3091 5466 meum
3119 5408 3461 5464 mendacium
3491 5409 3752 5464 excelluit

2097 5509 2157 5560 in
2180 5504 2417 5575 gloriam
2445 5506 2636 5573 ipsius,
2669 5519 2767 5558 cur
2797 5509 2846 5557 et
2875 5518 2971 5572 ego
3001 5502 3183 5557 adhuc
3214 5507 3476 5571 tanquam
3495 5506 3749 5568 peccator

2087 5595 2357 5666 judicor?
2397 5595 2464 5647 Et
2497 5611 2627 5661 non,
2660 5595 2800 5648 sicut
2835 5590 3183 5661 blasphemiis
3211 5594 3391 5658 fertur
3422 5587 3490 5641 de
3514 5589 3746 5651 nobis,et

2085 5686 2227 5740 sicut
2256 5685 2413 5740 aiunt
2436 5685 2665 5757 quidam
2694 5699 2789 5738 nos
2820 5683 2974 5738 236
3025 5684 3225 5750 dicere,
3273 5680 3417 5751 quod
3462 5684 3706 5750 faciamu
3725 5687 3750 5725 ε
