  <div class='ocr_page' id='page_1' title='image "/cluster/home/n/w/nwhite01/storage/ocr_20150623/118/hvd.32044073502247/195.png"; bbox 0 0 4222 6194; ppageno 0'>
   <div class='ocr_carea' id='block_1_1' title="bbox 389 295 506 354">
    <p class='ocr_par' dir='ltr' id='par_1_1' title="bbox 389 295 506 354">
     <span class='ocr_line' id='line_1_1' title="bbox 389 295 506 354; baseline -0.009 0"><span class='ocrx_word' id='word_1_1' title='bbox 389 295 506 354; x_wconf 79' lang='lat'>379</span> 
     </span>
    </p>
   </div>
   <div class='ocr_carea' id='block_1_2' title="bbox 1532 289 2722 358">
    <p class='ocr_par' dir='ltr' id='par_1_2' title="bbox 1532 289 2722 358">
     <span class='ocr_line' id='line_1_2' title="bbox 1532 289 2722 358; baseline 0.005 -8"><span class='ocrx_word' id='word_1_2' title='bbox 1532 289 1776 352; x_wconf 76' lang='lat' dir='ltr'>(ECUM</span> <span class='ocrx_word' id='word_1_3' title='bbox 1789 291 1882 349; x_wconf 82' lang='grc' dir='ltr'>ΕΝ</span> <span class='ocrx_word' id='word_1_4' title='bbox 1893 289 1944 350; x_wconf 91' lang='lat' dir='ltr'>ll</span> <span class='ocrx_word' id='word_1_5' title='bbox 1990 291 2298 352; x_wconf 63' lang='lat' dir='ltr'>TBICCzE</span> <span class='ocrx_word' id='word_1_6' title='bbox 2343 294 2722 358; x_wconf 85' lang='lat' dir='ltr'>EPISCOPI.</span> 
     </span>
    </p>
   </div>
   <div class='ocr_carea' id='block_1_3' title="bbox 3687 297 3804 364">
    <p class='ocr_par' dir='ltr' id='par_1_3' title="bbox 3687 297 3804 364">
     <span class='ocr_line' id='line_1_3' title="bbox 3687 297 3804 364; baseline -0.017 -2"><span class='ocrx_word' id='word_1_7' title='bbox 3687 297 3804 364; x_wconf 75' lang='lat'>380</span> 
     </span>
    </p>
   </div>
   <div class='ocr_carea' id='block_1_4' title="bbox 397 427 2052 508">
    <p class='ocr_par' dir='ltr' id='par_1_4' title="bbox 397 427 2042 505">
     <span class='ocr_line' id='line_1_4' title="bbox 397 427 2042 505; baseline -0.004 -16"><span class='ocrx_word' id='word_1_8' title='bbox 397 433 498 505; x_wconf 87' lang='lat' dir='ltr'>qui</span> <span class='ocrx_word' id='word_1_9' title='bbox 523 432 642 488; x_wconf 84' lang='lat' dir='ltr'>illis</span> <span class='ocrx_word' id='word_1_10' title='bbox 663 429 898 501; x_wconf 86' lang='lat' dir='ltr'>eloquia</span> <span class='ocrx_word' id='word_1_11' title='bbox 927 427 1420 500; x_wconf 88' lang='lat' dir='ltr'>concredidit,qui</span> <span class='ocrx_word' id='word_1_12' title='bbox 1441 427 1870 502; x_wconf 87' lang='lat' dir='ltr'>promissiones</span> <span class='ocrx_word' id='word_1_13' title='bbox 1885 443 2042 482; x_wconf 91' lang='lat' dir='ltr'>com-</span> 
     </span>
    </p>
   </div>
   <div class='ocr_carea' id='block_1_5' title="bbox 2160 427 3802 508">
    <p class='ocr_par' dir='ltr' id='par_1_5' title="bbox 2160 427 3802 508">
     <span class='ocr_line' id='line_1_5' title="bbox 2160 427 3802 508; baseline 0.005 -28"><span class='ocrx_word' id='word_1_14' title='bbox 2160 427 2422 503; x_wconf 85' lang='grc' dir='ltr'>συγκρίνει</span> <span class='ocrx_word' id='word_1_15' title='bbox 2475 435 2583 485; x_wconf 80' lang='grc' dir='ltr'>τῶν</span> <span class='ocrx_word' id='word_1_16' title='bbox 2663 428 3010 507; x_wconf 81' lang='grc' dir='ltr'>ἀκροϐύστων</span> <span class='ocrx_word' id='word_1_17' title='bbox 3067 432 3158 488; x_wconf 82' lang='grc' dir='ltr'>καὶ</span> <span class='ocrx_word' id='word_1_18' title='bbox 3239 437 3348 488; x_wconf 77' lang='grc' dir='ltr'>τῶν</span> <span class='ocrx_word' id='word_1_19' title='bbox 3398 453 3802 508; x_wconf 76' lang='grc' dir='ltr'>περιτετμημέ-</span> 
     </span>
    </p>
   </div>
   <div class='ocr_carea' id='block_1_6' title="bbox 393 517 2049 596">
    <p class='ocr_par' dir='ltr' id='par_1_6' title="bbox 393 517 2049 596">
     <span class='ocr_line' id='line_1_6' title="bbox 393 517 2049 596; baseline -0.005 -18"><span class='ocrx_word' id='word_1_20' title='bbox 393 523 596 596; x_wconf 87' lang='lat' dir='ltr'>plevit,</span> <span class='ocrx_word' id='word_1_21' title='bbox 623 521 790 576; x_wconf 90' lang='lat' dir='ltr'>nullo</span> <span class='ocrx_word' id='word_1_22' title='bbox 821 525 1061 590; x_wconf 84' lang='lat' dir='ltr'>accepto</span> <span class='ocrx_word' id='word_1_23' title='bbox 1089 518 1520 590; x_wconf 88' lang='lat' dir='ltr'>impedimento</span> <span class='ocrx_word' id='word_1_24' title='bbox 1544 517 2008 590; x_wconf 89' lang='lat' dir='ltr'>perincredulos</span> <span class='ocrx_word' id='word_1_25' title='bbox 2037 533 2049 570; x_wconf 92' lang='lat'><strong>:</strong></span> 
     </span>
    </p>
   </div>
   <div class='ocr_carea' id='block_1_7' title="bbox 397 608 2050 680">
    <p class='ocr_par' dir='ltr' id='par_1_7' title="bbox 397 608 2050 680">
     <span class='ocr_line' id='line_1_7' title="bbox 397 608 2050 680; baseline -0.002 -14"><span class='ocrx_word' id='word_1_26' title='bbox 397 613 494 666; x_wconf 90' lang='lat' dir='ltr'>hic</span> <span class='ocrx_word' id='word_1_27' title='bbox 525 616 724 665; x_wconf 88' lang='lat' dir='ltr'>autem</span> <span class='ocrx_word' id='word_1_28' title='bbox 752 611 911 679; x_wconf 90' lang='lat' dir='ltr'>ipsas</span> <span class='ocrx_word' id='word_1_29' title='bbox 943 608 1174 664; x_wconf 81' lang='lat' dir='ltr'>confert</span> <span class='ocrx_word' id='word_1_30' title='bbox 1205 626 1310 680; x_wconf 88' lang='lat' dir='ltr'>per</span> <span class='ocrx_word' id='word_1_31' title='bbox 1342 625 1402 663; x_wconf 90' lang='lat' dir='ltr'>se</span> <span class='ocrx_word' id='word_1_32' title='bbox 1427 625 1710 680; x_wconf 84' lang='lat' dir='ltr'>personas</span> <span class='ocrx_word' id='word_1_33' title='bbox 1735 609 2050 663; x_wconf 86' lang='lat' dir='ltr'>circumci-</span> 
     </span>
    </p>
   </div>
   <div class='ocr_carea' id='block_1_8' title="bbox 397 697 2052 770">
    <p class='ocr_par' dir='ltr' id='par_1_8' title="bbox 397 697 2052 770">
     <span class='ocr_line' id='line_1_8' title="bbox 397 697 2052 770; baseline -0.002 -16"><span class='ocrx_word' id='word_1_34' title='bbox 397 715 596 754; x_wconf 88' lang='lat' dir='ltr'>sorum</span> <span class='ocrx_word' id='word_1_35' title='bbox 629 714 696 753; x_wconf 89' lang='lat' dir='ltr'>ac</span> <span class='ocrx_word' id='word_1_36' title='bbox 730 698 1220 770; x_wconf 67' lang='lat' dir='ltr'>praaputiatorum</span> <span class='ocrx_word' id='word_1_37' title='bbox 1249 715 1262 753; x_wconf 90' lang='lat'>:</span> <span class='ocrx_word' id='word_1_38' title='bbox 1299 703 1354 752; x_wconf 90' lang='lat' dir='ltr'>et</span> <span class='ocrx_word' id='word_1_39' title='bbox 1388 697 1532 752; x_wconf 83' lang='lat' dir='ltr'>dicit</span> <span class='ocrx_word' id='word_1_40' title='bbox 1559 697 1702 769; x_wconf 88' lang='lat' dir='ltr'>ipsis</span> <span class='ocrx_word' id='word_1_41' title='bbox 1729 697 1878 751; x_wconf 86' lang='lat' dir='ltr'>nihil</span> <span class='ocrx_word' id='word_1_42' title='bbox 1901 697 2052 751; x_wconf 90' lang='lat' dir='ltr'>alte-</span> 
     </span>
    </p>
   </div>
   <div class='ocr_carea' id='block_1_9' title="bbox 403 791 2052 862">
    <p class='ocr_par' dir='ltr' id='par_1_9' title="bbox 403 791 2052 862">
     <span class='ocr_line' id='line_1_9' title="bbox 403 791 2052 862; baseline -0.001 -16"><span class='ocrx_word' id='word_1_43' title='bbox 403 809 503 846; x_wconf 90' lang='lat' dir='ltr'>ros</span> <span class='ocrx_word' id='word_1_44' title='bbox 535 791 739 846; x_wconf 81' lang='lat' dir='ltr'>alteris</span> <span class='ocrx_word' id='word_1_45' title='bbox 772 791 1128 862; x_wconf 68' lang='lat' dir='ltr'>prazcellcre,</span> <span class='ocrx_word' id='word_1_46' title='bbox 1171 791 1472 862; x_wconf 87' lang='lat' dir='ltr'>Siquidem</span> <span class='ocrx_word' id='word_1_47' title='bbox 1506 791 1606 861; x_wconf 86' lang='lat' dir='ltr'>qui</span> <span class='ocrx_word' id='word_1_48' title='bbox 1649 791 1922 844; x_wconf 86' lang='lat' dir='ltr'>virtutem</span> <span class='ocrx_word' id='word_1_49' title='bbox 1952 806 2052 844; x_wconf 93' lang='lat' dir='ltr'>co-</span> 
     </span>
    </p>
   </div>
   <div class='ocr_carea' id='block_1_10' title="bbox 393 879 2052 952">
    <p class='ocr_par' dir='ltr' id='par_1_10' title="bbox 393 879 2052 952">
     <span class='ocr_line' id='line_1_10' title="bbox 393 879 2052 952; baseline -0.001 -18"><span class='ocrx_word' id='word_1_50' title='bbox 393 881 524 936; x_wconf 88' lang='lat' dir='ltr'>lunt</span> <span class='ocrx_word' id='word_1_51' title='bbox 549 881 958 952; x_wconf 84' lang='lat' dir='ltr'>cujuscunque</span> <span class='ocrx_word' id='word_1_52' title='bbox 1005 881 1124 936; x_wconf 91' lang='lat' dir='ltr'>sint</span> <span class='ocrx_word' id='word_1_53' title='bbox 1157 881 1405 946; x_wconf 85' lang='lat' dir='ltr'>ordinis,</span> <span class='ocrx_word' id='word_1_54' title='bbox 1447 879 1740 934; x_wconf 80' lang='lat' dir='ltr'>beneficio</span> <span class='ocrx_word' id='word_1_55' title='bbox 1775 879 2052 933; x_wconf 78' lang='lat' dir='ltr'>similiter</span> 
     </span>
    </p>
   </div>
   <div class='ocr_carea' id='block_1_11' title="bbox 397 968 2051 1042">
    <p class='ocr_par' dir='ltr' id='par_1_11' title="bbox 397 968 2051 1042">
     <span class='ocr_line' id='line_1_11' title="bbox 397 968 2051 1042; baseline -0.002 -18"><span class='ocrx_word' id='word_1_56' title='bbox 397 969 715 1026; x_wconf 84' lang='lat' dir='ltr'>fruuntur:</span> <span class='ocrx_word' id='word_1_57' title='bbox 749 987 1108 1040; x_wconf 83' lang='lat' dir='ltr'>rursumque</span> <span class='ocrx_word' id='word_1_58' title='bbox 1139 976 1626 1042; x_wconf 75' lang='lat' dir='ltr'>transgressores,</span> <span class='ocrx_word' id='word_1_59' title='bbox 1664 971 1781 1024; x_wconf 86' lang='lat' dir='ltr'>sive</span> <span class='ocrx_word' id='word_1_60' title='bbox 1835 985 1904 1022; x_wconf 83' lang='lat' dir='ltr'>ex</span> <span class='ocrx_word' id='word_1_61' title='bbox 1937 968 2051 1023; x_wconf 93' lang='lat' dir='ltr'>cir-</span> 
     </span>
    </p>
   </div>
   <div class='ocr_carea' id='block_1_12' title="bbox 398 1056 2051 1130">
    <p class='ocr_par' dir='ltr' id='par_1_12' title="bbox 398 1056 2051 1130">
     <span class='ocr_line' id='line_1_12' title="bbox 398 1056 2051 1130; baseline -0.004 -14"><span class='ocrx_word' id='word_1_62' title='bbox 398 1061 678 1116; x_wconf 87' lang='lat' dir='ltr'>cumcisis</span> <span class='ocrx_word' id='word_1_63' title='bbox 712 1061 852 1124; x_wconf 88' lang='lat' dir='ltr'>sint,</span> <span class='ocrx_word' id='word_1_64' title='bbox 887 1061 1004 1114; x_wconf 87' lang='lat' dir='ltr'>sive</span> <span class='ocrx_word' id='word_1_65' title='bbox 1067 1060 1457 1130; x_wconf 68' lang='lat' dir='ltr'>praeputiatis,</span> <span class='ocrx_word' id='word_1_66' title='bbox 1513 1058 1890 1114; x_wconf 88' lang='lat' dir='ltr'>consimilem</span> <span class='ocrx_word' id='word_1_67' title='bbox 1939 1056 2051 1112; x_wconf 89' lang='lat' dir='ltr'>sibi</span> 
     </span>
    </p>
   </div>
   <div class='ocr_carea' id='block_1_13' title="bbox 401 1149 1273 1222">
    <p class='ocr_par' dir='ltr' id='par_1_13' title="bbox 401 1149 1273 1222">
     <span class='ocr_line' id='line_1_13' title="bbox 401 1149 1273 1222; baseline -0.002 -18"><span class='ocrx_word' id='word_1_68' title='bbox 401 1151 548 1222; x_wconf 87' lang='lat' dir='ltr'>ipsis</span> <span class='ocrx_word' id='word_1_69' title='bbox 579 1166 814 1221; x_wconf 67' lang='lat' dir='ltr'>pernam</span> <span class='ocrx_word' id='word_1_70' title='bbox 848 1149 1273 1204; x_wconf 89' lang='lat' dir='ltr'>conciliabunt.</span> 
     </span>
    </p>
   </div>
   <div class='ocr_carea' id='block_1_14' title="bbox 473 1235 2051 1312">
    <p class='ocr_par' dir='ltr' id='par_1_14' title="bbox 473 1235 2051 1312">
     <span class='ocr_line' id='line_1_14' title="bbox 473 1235 2051 1312; baseline -0.004 -17"><span class='ocrx_word' id='word_1_71' title='bbox 473 1241 625 1296; x_wconf 74' lang='lat'>239</span> <span class='ocrx_word' id='word_1_72' title='bbox 653 1242 778 1294; x_wconf 81' lang='lat' dir='ltr'>Non</span> <span class='ocrx_word' id='word_1_73' title='bbox 805 1239 1002 1312; x_wconf 78' lang='lat' dir='ltr'>itaque</span> <span class='ocrx_word' id='word_1_74' title='bbox 1023 1245 1308 1311; x_wconf 80' lang='lat' dir='ltr'>pugnant.</span> <span class='ocrx_word' id='word_1_75' title='bbox 1327 1237 1482 1292; x_wconf 80' lang='lat' dir='ltr'>Nihil</span> <span class='ocrx_word' id='word_1_76' title='bbox 1507 1235 1904 1308; x_wconf 54' lang='lat' dir='ltr'>praicellimus</span> <span class='ocrx_word' id='word_1_77' title='bbox 1929 1251 1942 1289; x_wconf 85' lang='lat'><strong>:</strong></span> <span class='ocrx_word' id='word_1_78' title='bbox 1972 1241 2051 1300; x_wconf 90' lang='lat' dir='ltr'>et,</span> 
     </span>
    </p>
   </div>
   <div class='ocr_carea' id='block_1_15' title="bbox 401 1323 2050 1394">
    <p class='ocr_par' dir='ltr' id='par_1_15' title="bbox 401 1323 2050 1394">
     <span class='ocr_line' id='line_1_15' title="bbox 401 1323 2050 1394; baseline -0.004 -10"><span class='ocrx_word' id='word_1_79' title='bbox 401 1330 582 1386; x_wconf 89' lang='lat' dir='ltr'>Multa</span> <span class='ocrx_word' id='word_1_80' title='bbox 597 1335 686 1384; x_wconf 90' lang='lat' dir='ltr'>est</span> <span class='ocrx_word' id='word_1_81' title='bbox 705 1328 1276 1394; x_wconf 73' lang='lat' dir='ltr'>excellentialudzei,</span> <span class='ocrx_word' id='word_1_82' title='bbox 1302 1344 1367 1380; x_wconf 88' lang='lat' dir='ltr'>ac</span> <span class='ocrx_word' id='word_1_83' title='bbox 1393 1325 1866 1381; x_wconf 81' lang='lat' dir='ltr'>circumcisionis</span> <span class='ocrx_word' id='word_1_84' title='bbox 1889 1323 2050 1380; x_wconf 88' lang='lat' dir='ltr'>utili-</span> 
     </span>
    </p>
   </div>
   <div class='ocr_carea' id='block_1_16' title="bbox 397 1413 2058 1489">
    <p class='ocr_par' dir='ltr' id='par_1_16' title="bbox 397 1413 2058 1489">
     <span class='ocr_line' id='line_1_16' title="bbox 397 1413 2058 1489; baseline -0.004 -15"><span class='ocrx_word' id='word_1_85' title='bbox 397 1420 697 1489; x_wconf 84' lang='lat' dir='ltr'>tas:juxta</span> <span class='ocrx_word' id='word_1_86' title='bbox 722 1417 905 1472; x_wconf 87' lang='lat' dir='ltr'>alium</span> <span class='ocrx_word' id='word_1_87' title='bbox 939 1418 1094 1470; x_wconf 85' lang='lat' dir='ltr'>enim</span> <span class='ocrx_word' id='word_1_88' title='bbox 1129 1415 1366 1470; x_wconf 91' lang='lat' dir='ltr'>modum</span> <span class='ocrx_word' id='word_1_89' title='bbox 1393 1415 1471 1469; x_wconf 91' lang='lat' dir='ltr'>ibi</span> <span class='ocrx_word' id='word_1_90' title='bbox 1500 1415 1721 1468; x_wconf 90' lang='lat' dir='ltr'>dictum</span> <span class='ocrx_word' id='word_1_91' title='bbox 1751 1419 1861 1480; x_wconf 90' lang='lat' dir='ltr'>est,</span> <span class='ocrx_word' id='word_1_92' title='bbox 1888 1413 2058 1484; x_wconf 77' lang='lat' dir='ltr'>juxta</span> 
     </span>
    </p>
   </div>
   <div class='ocr_carea' id='block_1_17' title="bbox 394 1503 2059 1576">
    <p class='ocr_par' dir='ltr' id='par_1_17' title="bbox 394 1503 2059 1576">
     <span class='ocr_line' id='line_1_17' title="bbox 394 1503 2059 1576; baseline -0.005 -12"><span class='ocrx_word' id='word_1_93' title='bbox 394 1507 678 1564; x_wconf 89' lang='lat' dir='ltr'>aliumhic</span> <span class='ocrx_word' id='word_1_94' title='bbox 694 1507 1056 1576; x_wconf 84' lang='lat' dir='ltr'>comparatio</span> <span class='ocrx_word' id='word_1_95' title='bbox 1071 1505 1285 1560; x_wconf 86' lang='lat' dir='ltr'>tradita</span> <span class='ocrx_word' id='word_1_96' title='bbox 1308 1507 1558 1560; x_wconf 81' lang='lat' dir='ltr'>est.Cum</span> <span class='ocrx_word' id='word_1_97' title='bbox 1571 1521 1707 1572; x_wconf 81' lang='lat' dir='ltr'>ergo</span> <span class='ocrx_word' id='word_1_98' title='bbox 1723 1504 1782 1558; x_wconf 90' lang='lat' dir='ltr'>in</span> <span class='ocrx_word' id='word_1_99' title='bbox 1797 1503 2059 1574; x_wconf 87' lang='lat' dir='ltr'>superio-</span> 
     </span>
    </p>
   </div>
   <div class='ocr_carea' id='block_1_18' title="bbox 391 1591 2050 1662">
    <p class='ocr_par' dir='ltr' id='par_1_18' title="bbox 391 1591 2050 1662">
     <span class='ocr_line' id='line_1_18' title="bbox 391 1591 2050 1662; baseline -0.005 -9"><span class='ocrx_word' id='word_1_100' title='bbox 391 1599 554 1653; x_wconf 89' lang='lat' dir='ltr'>ribus</span> <span class='ocrx_word' id='word_1_101' title='bbox 569 1593 1480 1662; x_wconf 76' lang='lat' dir='ltr'>dixissetExcellentiaJudmi,ac</span> <span class='ocrx_word' id='word_1_102' title='bbox 1499 1591 2050 1648; x_wconf 73' lang='lat' dir='ltr'>docuissetJudzeum</span> 
     </span>
    </p>
   </div>
   <div class='ocr_carea' id='block_1_19' title="bbox 395 1682 2058 1752">
    <p class='ocr_par' dir='ltr' id='par_1_19' title="bbox 395 1682 2058 1752">
     <span class='ocr_line' id='line_1_19' title="bbox 395 1682 2058 1752; baseline -0.004 -12"><span class='ocrx_word' id='word_1_103' title='bbox 395 1685 612 1740; x_wconf 88' lang='lat' dir='ltr'>habere</span> <span class='ocrx_word' id='word_1_104' title='bbox 641 1683 1077 1750; x_wconf 86' lang='lat' dir='ltr'>excellentiam,</span> <span class='ocrx_word' id='word_1_105' title='bbox 1110 1683 1182 1737; x_wconf 86' lang='lat' dir='ltr'>ob</span> <span class='ocrx_word' id='word_1_106' title='bbox 1215 1683 1616 1738; x_wconf 87' lang='lat' dir='ltr'>concreditam</span> <span class='ocrx_word' id='word_1_107' title='bbox 1647 1682 1858 1752; x_wconf 90' lang='lat' dir='ltr'>legem,</span> <span class='ocrx_word' id='word_1_108' title='bbox 1894 1697 2058 1734; x_wconf 87' lang='lat' dir='ltr'>nunc</span> 
     </span>
    </p>
   </div>
   <div class='ocr_carea' id='block_1_20' title="bbox 2157 516 3805 596">
    <p class='ocr_par' dir='ltr' id='par_1_20' title="bbox 2157 516 3805 596">
     <span class='ocr_line' id='line_1_20' title="bbox 2157 516 3805 596; baseline 0.004 -26"><span class='ocrx_word' id='word_1_109' title='bbox 2157 536 2286 588; x_wconf 88' lang='grc' dir='ltr'>νων,</span> <span class='ocrx_word' id='word_1_110' title='bbox 2328 519 2419 572; x_wconf 81' lang='grc' dir='ltr'>καὶ</span> <span class='ocrx_word' id='word_1_111' title='bbox 2479 516 2624 594; x_wconf 87' lang='grc' dir='ltr'>λέγει</span> <span class='ocrx_word' id='word_1_112' title='bbox 2683 520 2864 582; x_wconf 81' lang='grc' dir='ltr'>αὐτοῖς</span> <span class='ocrx_word' id='word_1_113' title='bbox 2924 519 3091 595; x_wconf 72' lang='grc' dir='ltr'>μηδὲν</span> <span class='ocrx_word' id='word_1_114' title='bbox 3152 523 3366 596; x_wconf 72' lang='grc' dir='ltr'>ἑτέρους</span> <span class='ocrx_word' id='word_1_115' title='bbox 3424 521 3616 593; x_wconf 81' lang='grc' dir='ltr'>έτέρων</span> <span class='ocrx_word' id='word_1_116' title='bbox 3673 543 3805 596; x_wconf 84' lang='grc' dir='ltr'>προ·</span> 
     </span>
    </p>
   </div>
   <div class='ocr_carea' id='block_1_21' title="bbox 2160 602 3804 686">
    <p class='ocr_par' dir='ltr' id='par_1_21' title="bbox 2160 602 3804 686">
     <span class='ocr_line' id='line_1_21' title="bbox 2160 602 3804 686; baseline 0.004 -27"><span class='ocrx_word' id='word_1_117' title='bbox 2160 602 2332 680; x_wconf 80' lang='grc' dir='ltr'>ἐχειν.</span> <span class='ocrx_word' id='word_1_118' title='bbox 2365 608 2432 664; x_wconf 83' lang='grc' dir='ltr'>Οἳ</span> <span class='ocrx_word' id='word_1_119' title='bbox 2461 630 2511 663; x_wconf 92' lang='grc' dir='ltr'>τι</span> <span class='ocrx_word' id='word_1_120' title='bbox 2565 611 2670 684; x_wconf 78' lang='grc' dir='ltr'>γὰρ</span> <span class='ocrx_word' id='word_1_121' title='bbox 2717 612 3098 684; x_wconf 78' lang='grc' dir='ltr'>κατορθοῦντες</span> <span class='ocrx_word' id='word_1_122' title='bbox 3145 613 3244 681; x_wconf 72' lang='grc' dir='ltr'>τήν</span> <span class='ocrx_word' id='word_1_123' title='bbox 3275 611 3468 686; x_wconf 74' lang='grc' dir='ltr'>ἀρετήν</span> <span class='ocrx_word' id='word_1_124' title='bbox 3520 611 3714 674; x_wconf 79' lang='grc' dir='ltr'>ὁποίας</span> <span class='ocrx_word' id='word_1_125' title='bbox 3747 609 3804 666; x_wconf 77' lang='grc' dir='ltr'>ἄν</span> 
     </span>
    </p>
   </div>
   <div class='ocr_carea' id='block_1_22' title="bbox 2159 692 3806 775">
    <p class='ocr_par' dir='ltr' id='par_1_22' title="bbox 2159 692 3806 775">
     <span class='ocr_line' id='line_1_22' title="bbox 2159 692 3806 775; baseline 0.004 -27"><span class='ocrx_word' id='word_1_126' title='bbox 2159 692 2271 764; x_wconf 64' lang='grc' dir='ltr'>εἴη’</span> <span class='ocrx_word' id='word_1_127' title='bbox 2327 696 2639 770; x_wconf 76' lang='grc' dir='ltr'>συντάξεως,</span> <span class='ocrx_word' id='word_1_128' title='bbox 2699 699 2909 771; x_wconf 86' lang='grc' dir='ltr'>ὁμοίως</span> <span class='ocrx_word' id='word_1_129' title='bbox 2967 707 3066 770; x_wconf 79' lang='grc' dir='ltr'>τῆς</span> <span class='ocrx_word' id='word_1_130' title='bbox 3131 697 3430 775; x_wconf 77' lang='grc' dir='ltr'>εὐεργεσίας</span> <span class='ocrx_word' id='word_1_131' title='bbox 3497 700 3806 756; x_wconf 79' lang='grc' dir='ltr'>ἀπολαύου-</span> 
     </span>
    </p>
   </div>
   <div class='ocr_carea' id='block_1_23' title="bbox 2163 783 3806 864">
    <p class='ocr_par' dir='ltr' id='par_1_23' title="bbox 2163 783 3806 864">
     <span class='ocr_line' id='line_1_23' title="bbox 2163 783 3806 864; baseline 0.005 -27"><span class='ocrx_word' id='word_1_132' title='bbox 2163 805 2266 840; x_wconf 91' lang='grc' dir='ltr'>σιν.</span> <span class='ocrx_word' id='word_1_133' title='bbox 2301 784 2368 842; x_wconf 70' lang='grc' dir='ltr'>Οἳ</span> <span class='ocrx_word' id='word_1_134' title='bbox 2397 807 2454 840; x_wconf 88' lang='grc' dir='ltr'>τε</span> <span class='ocrx_word' id='word_1_135' title='bbox 2483 788 2650 842; x_wconf 75' lang='grc' dir='ltr'>πάλιν</span> <span class='ocrx_word' id='word_1_136' title='bbox 2709 783 3154 864; x_wconf 84' lang='grc' dir='ltr'>παραϐαίνοντες,</span> <span class='ocrx_word' id='word_1_137' title='bbox 3215 790 3309 845; x_wconf 78' lang='grc' dir='ltr'>κᾶν</span> <span class='ocrx_word' id='word_1_138' title='bbox 3371 811 3428 846; x_wconf 89' lang='grc' dir='ltr'>τε</span> <span class='ocrx_word' id='word_1_139' title='bbox 3482 796 3590 846; x_wconf 80' lang='grc' dir='ltr'>τῶν</span> <span class='ocrx_word' id='word_1_140' title='bbox 3649 791 3806 864; x_wconf 78' lang='grc' dir='ltr'>ἀκρο-</span> 
     </span>
    </p>
   </div>
   <div class='ocr_carea' id='block_1_24' title="bbox 2161 869 3803 956">
    <p class='ocr_par' dir='ltr' id='par_1_24' title="bbox 2161 869 3803 956">
     <span class='ocr_line' id='line_1_24' title="bbox 2161 869 3803 956; baseline 0.005 -28"><span class='ocrx_word' id='word_1_141' title='bbox 2161 869 2371 930; x_wconf 79' lang='grc' dir='ltr'>ϐύστων</span> <span class='ocrx_word' id='word_1_142' title='bbox 2407 877 2535 945; x_wconf 74' lang='grc' dir='ltr'>εἶεν,</span> <span class='ocrx_word' id='word_1_143' title='bbox 2571 877 2665 932; x_wconf 69' lang='grc' dir='ltr'>κᾶν</span> <span class='ocrx_word' id='word_1_144' title='bbox 2705 901 2764 934; x_wconf 88' lang='grc' dir='ltr'>τε</span> <span class='ocrx_word' id='word_1_145' title='bbox 2817 885 2924 934; x_wconf 80' lang='grc' dir='ltr'>τῶν</span> <span class='ocrx_word' id='word_1_146' title='bbox 2983 880 3392 955; x_wconf 84' lang='grc' dir='ltr'>ἐμπεριτόμων,</span> <span class='ocrx_word' id='word_1_147' title='bbox 3450 882 3548 950; x_wconf 80' lang='grc' dir='ltr'>τήν</span> <span class='ocrx_word' id='word_1_148' title='bbox 3609 883 3803 956; x_wconf 79' lang='grc' dir='ltr'>ὁμοίαν</span> 
     </span>
    </p>
   </div>
   <div class='ocr_carea' id='block_1_25' title="bbox 2157 965 3112 1040">
    <p class='ocr_par' dir='ltr' id='par_1_25' title="bbox 2157 965 3112 1040">
     <span class='ocr_line' id='line_1_25' title="bbox 2157 965 3112 1040; baseline 0.004 -21"><span class='ocrx_word' id='word_1_149' title='bbox 2157 965 2430 1040; x_wconf 79' lang='grc' dir='ltr'>τιμωρίαν</span> <span class='ocrx_word' id='word_1_150' title='bbox 2458 967 2670 1030; x_wconf 82' lang='grc' dir='ltr'>έαυτοῖς</span> <span class='ocrx_word' id='word_1_151' title='bbox 2701 966 3112 1024; x_wconf 61' lang='grc' dir='ltr'>ἐπισπασονται·</span> 
     </span>
    </p>
   </div>
   <div class='ocr_carea' id='block_1_26' title="bbox 2233 1236 3806 1318">
    <p class='ocr_par' dir='ltr' id='par_1_26' title="bbox 2233 1236 3806 1318">
     <span class='ocr_line' id='line_1_26' title="bbox 2233 1236 3806 1318; baseline 0.005 -30"><span class='ocrx_word' id='word_1_152' title='bbox 2233 1237 2390 1290; x_wconf 85' lang='grc' dir='ltr'>Ὠστε</span> <span class='ocrx_word' id='word_1_153' title='bbox 2421 1236 2482 1291; x_wconf 77' lang='grc' dir='ltr'>οὐ</span> <span class='ocrx_word' id='word_1_154' title='bbox 2516 1239 2748 1318; x_wconf 83' lang='grc' dir='ltr'>μάχεται</span> <span class='ocrx_word' id='word_1_155' title='bbox 2804 1241 2887 1304; x_wconf 79' lang='grc' dir='ltr'>τὸ,</span> <span class='ocrx_word' id='word_1_156' title='bbox 2939 1238 3090 1296; x_wconf 75' lang='grc' dir='ltr'>οὐδὲν</span> <span class='ocrx_word' id='word_1_157' title='bbox 3145 1242 3518 1316; x_wconf 78' lang='grc' dir='ltr'>προεχόμεθα,</span> <span class='ocrx_word' id='word_1_158' title='bbox 3571 1243 3662 1296; x_wconf 80' lang='grc' dir='ltr'>καὶ</span> <span class='ocrx_word' id='word_1_159' title='bbox 3721 1242 3806 1311; x_wconf 87' lang='grc' dir='ltr'>τὸ,</span> 
     </span>
    </p>
   </div>
   <div class='ocr_carea' id='block_1_27' title="bbox 2161 1323 3808 1408">
    <p class='ocr_par' dir='ltr' id='par_1_27' title="bbox 2161 1323 3808 1408">
     <span class='ocr_line' id='line_1_27' title="bbox 2161 1323 3808 1408; baseline 0.007 -30"><span class='ocrx_word' id='word_1_160' title='bbox 2161 1323 2305 1379; x_wconf 76' lang='grc' dir='ltr'>πολὺ</span> <span class='ocrx_word' id='word_1_161' title='bbox 2335 1326 2396 1380; x_wconf 84' lang='grc' dir='ltr'>τὸ</span> <span class='ocrx_word' id='word_1_162' title='bbox 2437 1331 2693 1402; x_wconf 85' lang='grc' dir='ltr'>περισσὸν</span> <span class='ocrx_word' id='word_1_163' title='bbox 2748 1334 2844 1385; x_wconf 81' lang='grc' dir='ltr'>τοῦ</span> <span class='ocrx_word' id='word_1_164' title='bbox 2903 1328 3166 1386; x_wconf 74' lang='grc' dir='ltr'>Ἰουδαίου</span> <span class='ocrx_word' id='word_1_165' title='bbox 3225 1331 3315 1385; x_wconf 84' lang='grc' dir='ltr'>καὶ</span> <span class='ocrx_word' id='word_1_166' title='bbox 3346 1333 3381 1401; x_wconf 75' lang='grc' dir='ltr'><strong>ἡ</strong></span> <span class='ocrx_word' id='word_1_167' title='bbox 3413 1329 3650 1408; x_wconf 75' lang='grc' dir='ltr'>ὠφέλεια</span> <span class='ocrx_word' id='word_1_168' title='bbox 3708 1338 3808 1400; x_wconf 76' lang='grc' dir='ltr'>τῆς</span> 
     </span>
    </p>
   </div>
   <div class='ocr_carea' id='block_1_28' title="bbox 2161 1415 3806 1498">
    <p class='ocr_par' dir='ltr' id='par_1_28' title="bbox 2161 1415 3806 1498">
     <span class='ocr_line' id='line_1_28' title="bbox 2161 1415 3806 1498; baseline 0.003 -30"><span class='ocrx_word' id='word_1_169' title='bbox 2161 1422 2491 1490; x_wconf 77' lang='grc' dir='ltr'>περιτομῆς.</span> <span class='ocrx_word' id='word_1_170' title='bbox 2525 1419 2656 1473; x_wconf 88' lang='grc' dir='ltr'>Κατ’</span> <span class='ocrx_word' id='word_1_171' title='bbox 2687 1415 2860 1474; x_wconf 76' lang='grc' dir='ltr'>ἄλλον</span> <span class='ocrx_word' id='word_1_172' title='bbox 2901 1420 3004 1498; x_wconf 82' lang='grc' dir='ltr'>γὰρ</span> <span class='ocrx_word' id='word_1_173' title='bbox 3037 1421 3238 1496; x_wconf 85' lang='grc' dir='ltr'>ορόπον</span> <span class='ocrx_word' id='word_1_174' title='bbox 3269 1419 3380 1475; x_wconf 77' lang='grc' dir='ltr'>ἐκεῖ</span> <span class='ocrx_word' id='word_1_175' title='bbox 3427 1419 3664 1494; x_wconf 73' lang='grc' dir='ltr'>εἷ’ρηται,</span> <span class='ocrx_word' id='word_1_176' title='bbox 3715 1419 3806 1474; x_wconf 83' lang='grc' dir='ltr'>καὶ</span> 
     </span>
    </p>
   </div>
   <div class='ocr_carea' id='block_1_29' title="bbox 2161 1504 3801 1586">
    <p class='ocr_par' dir='ltr' id='par_1_29' title="bbox 2161 1504 3801 1586">
     <span class='ocr_line' id='line_1_29' title="bbox 2161 1504 3801 1586; baseline 0.002 -27"><span class='ocrx_word' id='word_1_177' title='bbox 2161 1505 2278 1559; x_wconf 87' lang='grc' dir='ltr'>κατ’</span> <span class='ocrx_word' id='word_1_178' title='bbox 2309 1504 2478 1561; x_wconf 80' lang='grc' dir='ltr'>ἃλλον</span> <span class='ocrx_word' id='word_1_179' title='bbox 2507 1511 2597 1562; x_wconf 79' lang='grc' dir='ltr'>νῦν</span> <span class='ocrx_word' id='word_1_180' title='bbox 2617 1511 2650 1578; x_wconf 85' lang='grc' dir='ltr'>ἠ</span> <span class='ocrx_word' id='word_1_181' title='bbox 2679 1508 2958 1584; x_wconf 64' lang='grc' dir='ltr'>σύγκρισις</span> <span class='ocrx_word' id='word_1_182' title='bbox 2988 1510 3381 1586; x_wconf 81' lang='grc' dir='ltr'>παρείληπται.</span> <span class='ocrx_word' id='word_1_183' title='bbox 3427 1511 3578 1568; x_wconf 74' lang='grc' dir='ltr'>Ἃνω</span> <span class='ocrx_word' id='word_1_184' title='bbox 3635 1509 3801 1564; x_wconf 77' lang='grc' dir='ltr'>εἳπὼν</span> 
     </span>
    </p>
   </div>
   <div class='ocr_carea' id='block_1_30' title="bbox 2161 1594 3804 1678">
    <p class='ocr_par' dir='ltr' id='par_1_30' title="bbox 2161 1594 3804 1678">
     <span class='ocr_line' id='line_1_30' title="bbox 2161 1594 3804 1678; baseline 0.003 -30"><span class='ocrx_word' id='word_1_185' title='bbox 2161 1594 2224 1648; x_wconf 84' lang='grc' dir='ltr'>τὸ</span> <span class='ocrx_word' id='word_1_186' title='bbox 2256 1596 2508 1668; x_wconf 88' lang='grc' dir='ltr'>περισσὸν</span> <span class='ocrx_word' id='word_1_187' title='bbox 2542 1596 2637 1650; x_wconf 78' lang='grc' dir='ltr'>τοῦ</span> <span class='ocrx_word' id='word_1_188' title='bbox 2671 1597 2962 1670; x_wconf 77' lang='grc' dir='ltr'>Ἰουδαίου,</span> <span class='ocrx_word' id='word_1_189' title='bbox 2993 1599 3080 1654; x_wconf 80' lang='grc' dir='ltr'>καὶ</span> <span class='ocrx_word' id='word_1_190' title='bbox 3137 1597 3356 1670; x_wconf 76' lang='grc' dir='ltr'>διδάξας</span> <span class='ocrx_word' id='word_1_191' title='bbox 3405 1595 3551 1678; x_wconf 80' lang='grc' dir='ltr'>ἔχειν</span> <span class='ocrx_word' id='word_1_192' title='bbox 3599 1620 3651 1653; x_wconf 87' lang='grc' dir='ltr'>τι</span> <span class='ocrx_word' id='word_1_193' title='bbox 3705 1619 3804 1653; x_wconf 83' lang='grc' dir='ltr'>πε-</span> 
     </span>
    </p>
   </div>
   <div class='ocr_carea' id='block_1_31' title="bbox 2163 1684 3807 1764">
    <p class='ocr_par' dir='ltr' id='par_1_31' title="bbox 2163 1684 3807 1764">
     <span class='ocr_line' id='line_1_31' title="bbox 2163 1684 3807 1764; baseline 0.002 -26"><span class='ocrx_word' id='word_1_194' title='bbox 2163 1686 2344 1758; x_wconf 89' lang='grc' dir='ltr'>ρισσὸν</span> <span class='ocrx_word' id='word_1_195' title='bbox 2373 1687 2462 1740; x_wconf 88' lang='grc' dir='ltr'>τὸν</span> <span class='ocrx_word' id='word_1_196' title='bbox 2495 1684 2758 1742; x_wconf 81' lang='grc' dir='ltr'>Ἰουδαῖον</span> <span class='ocrx_word' id='word_1_197' title='bbox 2792 1685 2881 1743; x_wconf 75' lang='grc' dir='ltr'>διὰ</span> <span class='ocrx_word' id='word_1_198' title='bbox 2908 1689 2976 1743; x_wconf 80' lang='grc' dir='ltr'>τὸ</span> <span class='ocrx_word' id='word_1_199' title='bbox 3015 1689 3422 1764; x_wconf 81' lang='grc' dir='ltr'>ἐγχειρισθῆναι</span> <span class='ocrx_word' id='word_1_200' title='bbox 3475 1690 3567 1745; x_wconf 87' lang='grc' dir='ltr'>τὸν</span> <span class='ocrx_word' id='word_1_201' title='bbox 3615 1690 3807 1761; x_wconf 86' lang='grc' dir='ltr'>νόμον,</span> 
     </span>
    </p>
   </div>
   <div class='ocr_carea' id='block_1_32' title="bbox 393 1768 2052 1868">
    <p class='ocr_par' dir='ltr' id='par_1_32' title="bbox 393 1768 2049 1844">
     <span class='ocr_line' id='line_1_32' title="bbox 393 1768 2049 1844; baseline -0.004 -15"><span class='ocrx_word' id='word_1_202' title='bbox 393 1772 656 1830; x_wconf 88' lang='lat' dir='ltr'>ostendit</span> <span class='ocrx_word' id='word_1_203' title='bbox 679 1773 840 1844; x_wconf 89' lang='lat' dir='ltr'>ipsos</span> <span class='ocrx_word' id='word_1_204' title='bbox 865 1771 1092 1826; x_wconf 90' lang='lat' dir='ltr'>nullam</span> <span class='ocrx_word' id='word_1_205' title='bbox 1115 1771 1334 1826; x_wconf 87' lang='lat' dir='ltr'>habere</span> <span class='ocrx_word' id='word_1_206' title='bbox 1361 1768 1962 1840; x_wconf 84' lang='lat' dir='ltr'>excellentiam,quod</span> <span class='ocrx_word' id='word_1_207' title='bbox 1979 1769 2049 1822; x_wconf 92' lang='lat' dir='ltr'>il-</span> 
     </span>
    </p>
   </div>
   <div class='ocr_carea' id='block_1_33' title="bbox 2160 1768 3808 1868">
    <p class='ocr_par' dir='ltr' id='par_1_33' title="bbox 2163 1771 3808 1854">
     <span class='ocr_line' id='line_1_33' title="bbox 2163 1771 3808 1854; baseline 0.003 -28"><span class='ocrx_word' id='word_1_208' title='bbox 2163 1777 2253 1826; x_wconf 77' lang='grc' dir='ltr'>νῦν</span> <span class='ocrx_word' id='word_1_209' title='bbox 2309 1771 2544 1828; x_wconf 79' lang='grc' dir='ltr'>δείιιδυσι</span> <span class='ocrx_word' id='word_1_210' title='bbox 2605 1772 2774 1848; x_wconf 79' lang='grc' dir='ltr'>μηδὲν</span> <span class='ocrx_word' id='word_1_211' title='bbox 2833 1775 2979 1851; x_wconf 76' lang='grc' dir='ltr'>ἔχειν</span> <span class='ocrx_word' id='word_1_212' title='bbox 3029 1778 3304 1852; x_wconf 79' lang='grc' dir='ltr'>περισσὸν,</span> <span class='ocrx_word' id='word_1_213' title='bbox 3369 1778 3443 1840; x_wconf 89' lang='grc' dir='ltr'>ὡς</span> <span class='ocrx_word' id='word_1_214' title='bbox 3499 1777 3574 1850; x_wconf 72' lang='grc' dir='ltr'>μὴ</span> <span class='ocrx_word' id='word_1_215' title='bbox 3632 1775 3808 1854; x_wconf 79' lang='grc' dir='ltr'>φυλά-</span> 
     </span>
    </p>
   </div>
   <div class='ocr_carea' id='block_1_34' title="bbox 391 1859 2050 1933">
    <p class='ocr_par' dir='ltr' id='par_1_34' title="bbox 391 1859 2050 1933">
     <span class='ocr_line' id='line_1_34' title="bbox 391 1859 2050 1933; baseline -0.005 -12"><span class='ocrx_word' id='word_1_216' title='bbox 391 1867 510 1921; x_wconf 87' lang='lat' dir='ltr'>lam</span> <span class='ocrx_word' id='word_1_217' title='bbox 525 1881 644 1919; x_wconf 92' lang='lat' dir='ltr'>non</span> <span class='ocrx_word' id='word_1_218' title='bbox 662 1862 1192 1933; x_wconf 80' lang='lat' dir='ltr'>servaverintzquin</span> <span class='ocrx_word' id='word_1_219' title='bbox 1207 1859 1405 1932; x_wconf 88' lang='lat' dir='ltr'>potius</span> <span class='ocrx_word' id='word_1_220' title='bbox 1421 1865 1582 1915; x_wconf 89' lang='lat' dir='ltr'>tanto</span> <span class='ocrx_word' id='word_1_221' title='bbox 1597 1859 1906 1914; x_wconf 80' lang='lat' dir='ltr'>inferiores</span> <span class='ocrx_word' id='word_1_222' title='bbox 1921 1875 2050 1913; x_wconf 89' lang='lat' dir='ltr'>esse</span> 
     </span>
    </p>
   </div>
   <div class='ocr_carea' id='block_1_35' title="bbox 391 1947 2052 2030">
    <p class='ocr_par' dir='ltr' id='par_1_35' title="bbox 391 1947 2052 2030">
     <span class='ocr_line' id='line_1_35' title="bbox 391 1947 2052 2030; baseline -0.006 -18"><span class='ocrx_word' id='word_1_223' title='bbox 391 1961 610 2030; x_wconf 89' lang='lat' dir='ltr'>quanto</span> <span class='ocrx_word' id='word_1_224' title='bbox 643 1955 814 2026; x_wconf 84' lang='lat' dir='ltr'>pejus</span> <span class='ocrx_word' id='word_1_225' title='bbox 847 1959 936 2006; x_wconf 90' lang='lat' dir='ltr'>est</span> <span class='ocrx_word' id='word_1_226' title='bbox 967 1971 1038 2007; x_wconf 85' lang='lat' dir='ltr'>ex</span> <span class='ocrx_word' id='word_1_227' title='bbox 1071 1952 1320 2008; x_wconf 90' lang='lat' dir='ltr'>scientia</span> <span class='ocrx_word' id='word_1_228' title='bbox 1351 1967 1422 2021; x_wconf 90' lang='lat' dir='ltr'>pe</span> <span class='ocrx_word' id='word_1_229' title='bbox 1464 1967 1618 2006; x_wconf 90' lang='lat' dir='ltr'>care.</span> <span class='ocrx_word' id='word_1_230' title='bbox 1653 1947 1801 2014; x_wconf 88' lang='lat' dir='ltr'>Quid</span> <span class='ocrx_word' id='word_1_231' title='bbox 1864 1965 2000 2021; x_wconf 89' lang='lat' dir='ltr'>ergo</span> <span class='ocrx_word' id='word_1_232' title='bbox 2025 1947 2052 2002; x_wconf 86' lang='lat'><strong>?</strong></span> 
     </span>
    </p>
   </div>
   <div class='ocr_carea' id='block_1_36' title="bbox 393 2037 2050 2114">
    <p class='ocr_par' dir='ltr' id='par_1_36' title="bbox 393 2037 2050 2114">
     <span class='ocr_line' id='line_1_36' title="bbox 393 2037 2050 2114; baseline -0.007 -12"><span class='ocrx_word' id='word_1_233' title='bbox 393 2046 707 2108; x_wconf 85' lang='lat' dir='ltr'>habemus,</span> <span class='ocrx_word' id='word_1_234' title='bbox 741 2043 957 2114; x_wconf 85' lang='lat' dir='ltr'>inquit,</span> <span class='ocrx_word' id='word_1_235' title='bbox 991 2059 1101 2096; x_wconf 89' lang='lat' dir='ltr'>nos</span> <span class='ocrx_word' id='word_1_236' title='bbox 1131 2041 1315 2096; x_wconf 64' lang='lat' dir='ltr'>Judaei</span> <span class='ocrx_word' id='word_1_237' title='bbox 1358 2039 1582 2110; x_wconf 90' lang='lat' dir='ltr'>aliquid</span> <span class='ocrx_word' id='word_1_238' title='bbox 1636 2037 2050 2094; x_wconf 76' lang='lat' dir='ltr'>excellentim?</span> 
     </span>
    </p>
   </div>
   <div class='ocr_carea' id='block_1_37' title="bbox 393 2127 2050 2204">
    <p class='ocr_par' dir='ltr' id='par_1_37' title="bbox 393 2127 2050 2204">
     <span class='ocr_line' id='line_1_37' title="bbox 393 2127 2050 2204; baseline -0.006 -13"><span class='ocrx_word' id='word_1_239' title='bbox 393 2135 573 2204; x_wconf 83' lang='lat' dir='ltr'>Nihil,</span> <span class='ocrx_word' id='word_1_240' title='bbox 607 2134 821 2204; x_wconf 87' lang='lat' dir='ltr'>inquit.</span> <span class='ocrx_word' id='word_1_241' title='bbox 857 2133 972 2186; x_wconf 90' lang='lat' dir='ltr'>Cur</span> <span class='ocrx_word' id='word_1_242' title='bbox 1003 2131 1060 2185; x_wconf 92' lang='lat' dir='ltr'>id</span> <span class='ocrx_word' id='word_1_243' title='bbox 1085 2129 1326 2185; x_wconf 86' lang='lat' dir='ltr'>tandem</span> <span class='ocrx_word' id='word_1_244' title='bbox 1351 2129 1538 2194; x_wconf 85' lang='lat' dir='ltr'>?Quia</span> <span class='ocrx_word' id='word_1_245' title='bbox 1566 2145 1772 2182; x_wconf 89' lang='lat' dir='ltr'>omnes</span> <span class='ocrx_word' id='word_1_246' title='bbox 1791 2127 1900 2183; x_wconf 88' lang='lat' dir='ltr'>sub</span> <span class='ocrx_word' id='word_1_247' title='bbox 1915 2143 2050 2198; x_wconf 88' lang='lat' dir='ltr'>pec-</span> 
     </span>
    </p>
   </div>
   <div class='ocr_carea' id='block_1_38' title="bbox 402 2217 2050 2291">
    <p class='ocr_par' dir='ltr' id='par_1_38' title="bbox 402 2217 2050 2291">
     <span class='ocr_line' id='line_1_38' title="bbox 402 2217 2050 2291; baseline -0.006 -10"><span class='ocrx_word' id='word_1_248' title='bbox 402 2231 530 2282; x_wconf 87' lang='lat' dir='ltr'>cato</span> <span class='ocrx_word' id='word_1_249' title='bbox 561 2239 797 2278; x_wconf 89' lang='lat' dir='ltr'>eramus</span> <span class='ocrx_word' id='word_1_250' title='bbox 833 2227 950 2276; x_wconf 90' lang='lat' dir='ltr'>tam</span> <span class='ocrx_word' id='word_1_251' title='bbox 981 2221 1166 2276; x_wconf 63' lang='lat' dir='ltr'>Judaei</span> <span class='ocrx_word' id='word_1_252' title='bbox 1199 2237 1378 2291; x_wconf 87' lang='lat' dir='ltr'>quam</span> <span class='ocrx_word' id='word_1_253' title='bbox 1411 2219 1616 2274; x_wconf 73' lang='lat' dir='ltr'>Grmci.</span> <span class='ocrx_word' id='word_1_254' title='bbox 1657 2241 1684 2268; x_wconf 84' lang='lat'><strong>«</strong></span> <span class='ocrx_word' id='word_1_255' title='bbox 1721 2219 1791 2271; x_wconf 87' lang='lat' dir='ltr'>Et</span> <span class='ocrx_word' id='word_1_256' title='bbox 1819 2217 2050 2272; x_wconf 64' lang='lat' dir='ltr'>Judwos</span> 
     </span>
    </p>
   </div>
   <div class='ocr_carea' id='block_1_39' title="bbox 400 2307 2052 2381">
    <p class='ocr_par' dir='ltr' id='par_1_39' title="bbox 400 2307 2052 2381">
     <span class='ocr_line' id='line_1_39' title="bbox 400 2307 2052 2381; baseline -0.006 -11"><span class='ocrx_word' id='word_1_257' title='bbox 400 2320 458 2370; x_wconf 91' lang='lat' dir='ltr'>et</span> <span class='ocrx_word' id='word_1_258' title='bbox 489 2317 720 2370; x_wconf 70' lang='lat' dir='ltr'>Grazcos</span> <span class='ocrx_word' id='word_1_259' title='bbox 751 2311 997 2368; x_wconf 91' lang='lat' dir='ltr'>omnino</span> <span class='ocrx_word' id='word_1_260' title='bbox 1031 2310 1138 2367; x_wconf 91' lang='lat' dir='ltr'>sub</span> <span class='ocrx_word' id='word_1_261' title='bbox 1171 2315 1412 2381; x_wconf 89' lang='lat' dir='ltr'>peccato</span> <span class='ocrx_word' id='word_1_262' title='bbox 1463 2324 1611 2362; x_wconf 91' lang='lat' dir='ltr'>esse.</span> <span class='ocrx_word' id='word_1_263' title='bbox 1652 2329 1678 2356; x_wconf 73' lang='grc' dir='ltr'>ι)</span> <span class='ocrx_word' id='word_1_264' title='bbox 1743 2307 1900 2362; x_wconf 82' lang='lat' dir='ltr'>Nihil</span> <span class='ocrx_word' id='word_1_265' title='bbox 1953 2322 2052 2360; x_wconf 90' lang='lat' dir='ltr'>er-</span> 
     </span>
    </p>
   </div>
   <div class='ocr_carea' id='block_1_40' title="bbox 403 2398 2048 2479">
    <p class='ocr_par' dir='ltr' id='par_1_40' title="bbox 403 2398 2048 2479">
     <span class='ocr_line' id='line_1_40' title="bbox 403 2398 2048 2479; baseline -0.006 -18"><span class='ocrx_word' id='word_1_266' title='bbox 403 2423 474 2479; x_wconf 87' lang='lat' dir='ltr'>go</span> <span class='ocrx_word' id='word_1_267' title='bbox 505 2405 704 2460; x_wconf 75' lang='lat' dir='ltr'>Iudaeo</span> <span class='ocrx_word' id='word_1_268' title='bbox 741 2409 830 2457; x_wconf 89' lang='lat' dir='ltr'>est</span> <span class='ocrx_word' id='word_1_269' title='bbox 860 2401 1252 2464; x_wconf 76' lang='lat' dir='ltr'>excellentize,</span> <span class='ocrx_word' id='word_1_270' title='bbox 1285 2399 1501 2470; x_wconf 86' lang='lat' dir='ltr'>inquit,</span> <span class='ocrx_word' id='word_1_271' title='bbox 1558 2415 1628 2454; x_wconf 84' lang='lat' dir='ltr'>ex</span> <span class='ocrx_word' id='word_1_272' title='bbox 1687 2398 1836 2470; x_wconf 89' lang='lat' dir='ltr'>lege,</span> <span class='ocrx_word' id='word_1_273' title='bbox 1869 2413 2048 2468; x_wconf 89' lang='lat' dir='ltr'>quam</span> 
     </span>
    </p>
   </div>
   <div class='ocr_carea' id='block_1_41' title="bbox 401 2489 2047 2564">
    <p class='ocr_par' dir='ltr' id='par_1_41' title="bbox 401 2489 2047 2564">
     <span class='ocr_line' id='line_1_41' title="bbox 401 2489 2047 2564; baseline -0.006 -12"><span class='ocrx_word' id='word_1_274' title='bbox 401 2513 522 2552; x_wconf 89' lang='lat' dir='ltr'>non</span> <span class='ocrx_word' id='word_1_275' title='bbox 555 2495 838 2550; x_wconf 83' lang='lat' dir='ltr'>servavit:</span> <span class='ocrx_word' id='word_1_276' title='bbox 873 2510 1068 2564; x_wconf 91' lang='lat' dir='ltr'>neque</span> <span class='ocrx_word' id='word_1_277' title='bbox 1099 2492 1472 2564; x_wconf 61' lang='lat' dir='ltr'>praeputiato,</span> <span class='ocrx_word' id='word_1_278' title='bbox 1505 2490 1723 2560; x_wconf 89' lang='lat' dir='ltr'>quippe</span> <span class='ocrx_word' id='word_1_279' title='bbox 1756 2489 1856 2560; x_wconf 90' lang='lat' dir='ltr'>qui</span> <span class='ocrx_word' id='word_1_280' title='bbox 1909 2504 2047 2560; x_wconf 89' lang='lat' dir='ltr'>pec-</span> 
     </span>
    </p>
   </div>
   <div class='ocr_carea' id='block_1_42' title="bbox 404 2577 2053 2656">
    <p class='ocr_par' dir='ltr' id='par_1_42' title="bbox 404 2577 2053 2656">
     <span class='ocr_line' id='line_1_42' title="bbox 404 2577 2053 2656; baseline -0.008 -14"><span class='ocrx_word' id='word_1_281' title='bbox 404 2586 573 2642; x_wconf 85' lang='lat' dir='ltr'>cavit.</span> <span class='ocrx_word' id='word_1_282' title='bbox 607 2585 814 2640; x_wconf 88' lang='lat' dir='ltr'>Nullus</span> <span class='ocrx_word' id='word_1_283' title='bbox 848 2600 983 2656; x_wconf 89' lang='lat' dir='ltr'>ergo</span> <span class='ocrx_word' id='word_1_284' title='bbox 1016 2583 1316 2638; x_wconf 79' lang='lat' dir='ltr'>excelsum</span> <span class='ocrx_word' id='word_1_285' title='bbox 1343 2579 1668 2652; x_wconf 86' lang='lat' dir='ltr'>quidquam</span> <span class='ocrx_word' id='word_1_286' title='bbox 1699 2577 1880 2632; x_wconf 87' lang='lat' dir='ltr'>hobet</span> <span class='ocrx_word' id='word_1_287' title='bbox 1931 2594 2053 2649; x_wconf 73' lang='lat' dir='ltr'>pra)</span> 
     </span>
    </p>
   </div>
   <div class='ocr_carea' id='block_1_43' title="bbox 403 2667 2054 2747">
    <p class='ocr_par' dir='ltr' id='par_1_43' title="bbox 403 2667 2054 2747">
     <span class='ocr_line' id='line_1_43' title="bbox 403 2667 2054 2747; baseline -0.007 -14"><span class='ocrx_word' id='word_1_288' title='bbox 403 2677 609 2733; x_wconf 87' lang='lat' dir='ltr'>altero.</span> <span class='ocrx_word' id='word_1_289' title='bbox 646 2674 950 2747; x_wconf 89' lang='lat' dir='ltr'>Siquidem</span> <span class='ocrx_word' id='word_1_290' title='bbox 983 2672 1232 2728; x_wconf 90' lang='lat' dir='ltr'>redditis</span> <span class='ocrx_word' id='word_1_291' title='bbox 1263 2671 1458 2728; x_wconf 84' lang='lat' dir='ltr'>causis</span> <span class='ocrx_word' id='word_1_292' title='bbox 1506 2669 1898 2732; x_wconf 88' lang='lat' dir='ltr'>ostendimus,</span> <span class='ocrx_word' id='word_1_293' title='bbox 1949 2667 2054 2722; x_wconf 89' lang='lat' dir='ltr'>hoc</span> 
     </span>
    </p>
   </div>
   <div class='ocr_carea' id='block_1_44' title="bbox 403 2755 2054 2832">
    <p class='ocr_par' dir='ltr' id='par_1_44' title="bbox 403 2755 2054 2832">
     <span class='ocr_line' id='line_1_44' title="bbox 403 2755 2054 2832; baseline -0.006 -10"><span class='ocrx_word' id='word_1_294' title='bbox 403 2773 490 2822; x_wconf 90' lang='lat' dir='ltr'>est</span> <span class='ocrx_word' id='word_1_295' title='bbox 504 2765 1102 2832; x_wconf 88' lang='lat' dir='ltr'>convicimus,omnes</span> <span class='ocrx_word' id='word_1_296' title='bbox 1116 2779 1243 2816; x_wconf 92' lang='lat' dir='ltr'>esse</span> <span class='ocrx_word' id='word_1_297' title='bbox 1259 2767 1496 2832; x_wconf 86' lang='lat' dir='ltr'>peccato</span> <span class='ocrx_word' id='word_1_298' title='bbox 1515 2755 2054 2814; x_wconf 86' lang='lat' dir='ltr'>obnoxios.Deinde</span> 
     </span>
    </p>
   </div>
   <div class='ocr_carea' id='block_1_45' title="bbox 407 2848 2053 2920">
    <p class='ocr_par' dir='ltr' id='par_1_45' title="bbox 407 2848 2053 2920">
     <span class='ocr_line' id='line_1_45' title="bbox 407 2848 2053 2920; baseline -0.006 -8"><span class='ocrx_word' id='word_1_299' title='bbox 407 2873 480 2912; x_wconf 90' lang='lat' dir='ltr'>ne</span> <span class='ocrx_word' id='word_1_300' title='bbox 513 2856 572 2912; x_wconf 94' lang='lat' dir='ltr'>id</span> <span class='ocrx_word' id='word_1_301' title='bbox 603 2872 818 2913; x_wconf 90' lang='lat' dir='ltr'>novum</span> <span class='ocrx_word' id='word_1_302' title='bbox 852 2870 980 2909; x_wconf 87' lang='lat' dir='ltr'>esse</span> <span class='ocrx_word' id='word_1_303' title='bbox 1007 2851 1294 2920; x_wconf 88' lang='lat' dir='ltr'>videatur,</span> <span class='ocrx_word' id='word_1_304' title='bbox 1329 2848 1509 2905; x_wconf 87' lang='lat' dir='ltr'>David</span> <span class='ocrx_word' id='word_1_305' title='bbox 1539 2865 1606 2904; x_wconf 92' lang='lat' dir='ltr'>ac</span> <span class='ocrx_word' id='word_1_306' title='bbox 1627 2849 1840 2902; x_wconf 89' lang='lat' dir='ltr'>Isaiam</span> <span class='ocrx_word' id='word_1_307' title='bbox 1871 2851 2053 2902; x_wconf 87' lang='lat' dir='ltr'>testes</span> 
     </span>
    </p>
   </div>
   <div class='ocr_carea' id='block_1_46' title="bbox 411 2935 2054 3008">
    <p class='ocr_par' dir='ltr' id='par_1_46' title="bbox 411 2935 2054 3008">
     <span class='ocr_line' id='line_1_46' title="bbox 411 2935 2054 3008; baseline -0.007 -8"><span class='ocrx_word' id='word_1_308' title='bbox 411 2945 671 3001; x_wconf 89' lang='lat' dir='ltr'>adducit.</span> <span class='ocrx_word' id='word_1_309' title='bbox 707 2968 733 2993; x_wconf 84' lang='lat'><strong>«</strong></span> <span class='ocrx_word' id='word_1_310' title='bbox 767 2943 976 3000; x_wconf 90' lang='lat' dir='ltr'>Simul.</span> <span class='ocrx_word' id='word_1_311' title='bbox 1011 2969 1035 2992; x_wconf 79' lang='grc' dir='ltr'>ν</span> <span class='ocrx_word' id='word_1_312' title='bbox 1065 2942 1208 2998; x_wconf 89' lang='lat' dir='ltr'>Cum</span> <span class='ocrx_word' id='word_1_313' title='bbox 1268 2957 1335 2994; x_wconf 92' lang='lat' dir='ltr'>eo</span> <span class='ocrx_word' id='word_1_314' title='bbox 1386 2937 1658 2994; x_wconf 84' lang='lat' dir='ltr'>videlicet</span> <span class='ocrx_word' id='word_1_315' title='bbox 1707 2936 1806 3008; x_wconf 91' lang='lat' dir='ltr'>qui</span> <span class='ocrx_word' id='word_1_316' title='bbox 1859 2941 1947 2990; x_wconf 90' lang='lat' dir='ltr'>est</span> <span class='ocrx_word' id='word_1_317' title='bbox 1993 2935 2054 2989; x_wconf 90' lang='lat' dir='ltr'>in</span> 
     </span>
    </p>
   </div>
   <div class='ocr_carea' id='block_1_47' title="bbox 403 3025 2052 3108">
    <p class='ocr_par' dir='ltr' id='par_1_47' title="bbox 403 3025 2052 3108">
     <span class='ocr_line' id='line_1_47' title="bbox 403 3025 2052 3108; baseline -0.007 -19"><span class='ocrx_word' id='word_1_318' title='bbox 403 3035 717 3108; x_wconf 65' lang='lat' dir='ltr'>praeputio.</span> <span class='ocrx_word' id='word_1_319' title='bbox 754 3057 778 3084; x_wconf 77' lang='grc' dir='ltr'>(ι</span> <span class='ocrx_word' id='word_1_320' title='bbox 817 3033 1062 3089; x_wconf 87' lang='lat' dir='ltr'>Inutiles</span> <span class='ocrx_word' id='word_1_321' title='bbox 1089 3031 1227 3086; x_wconf 85' lang='lat' dir='ltr'>facti</span> <span class='ocrx_word' id='word_1_322' title='bbox 1253 3033 1408 3086; x_wconf 90' lang='lat' dir='ltr'>sunt.</span> <span class='ocrx_word' id='word_1_323' title='bbox 1437 3050 1462 3076; x_wconf 84' lang='lat'>»</span> <span class='ocrx_word' id='word_1_324' title='bbox 1493 3026 1770 3082; x_wconf 85' lang='lat' dir='ltr'>Protinus</span> <span class='ocrx_word' id='word_1_325' title='bbox 1793 3030 1910 3080; x_wconf 89' lang='lat' dir='ltr'>uta</span> <span class='ocrx_word' id='word_1_326' title='bbox 1937 3025 2052 3079; x_wconf 90' lang='lat' dir='ltr'>Deo</span> 
     </span>
    </p>
   </div>
   <div class='ocr_carea' id='block_1_48' title="bbox 400 3113 2046 3192">
    <p class='ocr_par' dir='ltr' id='par_1_48' title="bbox 400 3113 2046 3192">
     <span class='ocr_line' id='line_1_48' title="bbox 400 3113 2046 3192; baseline -0.007 -12"><span class='ocrx_word' id='word_1_327' title='bbox 400 3125 867 3190; x_wconf 84' lang='lat' dir='ltr'>declinaverunt,</span> <span class='ocrx_word' id='word_1_328' title='bbox 893 3122 1134 3178; x_wconf 90' lang='lat' dir='ltr'>inutiles</span> <span class='ocrx_word' id='word_1_329' title='bbox 1152 3125 1210 3175; x_wconf 89' lang='lat' dir='ltr'>et</span> <span class='ocrx_word' id='word_1_330' title='bbox 1225 3119 1440 3192; x_wconf 86' lang='lat' dir='ltr'>abjecti</span> <span class='ocrx_word' id='word_1_331' title='bbox 1461 3116 1598 3174; x_wconf 84' lang='lat' dir='ltr'>facti</span> <span class='ocrx_word' id='word_1_332' title='bbox 1623 3121 1820 3171; x_wconf 84' lang='lat' dir='ltr'>sunt.«</span> <span class='ocrx_word' id='word_1_333' title='bbox 1843 3113 2046 3187; x_wconf 89' lang='lat' dir='ltr'>Sepul-</span> 
     </span>
    </p>
   </div>
   <div class='ocr_carea' id='block_1_49' title="bbox 398 3205 2045 3280">
    <p class='ocr_par' dir='ltr' id='par_1_49' title="bbox 398 3205 2045 3280">
     <span class='ocr_line' id='line_1_49' title="bbox 398 3205 2045 3280; baseline -0.006 -12"><span class='ocrx_word' id='word_1_334' title='bbox 398 3231 586 3280; x_wconf 88' lang='lat' dir='ltr'>crum,</span> <span class='ocrx_word' id='word_1_335' title='bbox 611 3235 640 3263; x_wconf 82' lang='lat'><strong><em>»</em></strong></span> <span class='ocrx_word' id='word_1_336' title='bbox 665 3214 918 3268; x_wconf 69' lang='lat' dir='ltr'>etc.Haac</span> <span class='ocrx_word' id='word_1_337' title='bbox 936 3207 1826 3266; x_wconf 86' lang='lat' dir='ltr'>obtrectatoribusconveniunt.</span> <span class='ocrx_word' id='word_1_338' title='bbox 1857 3227 1884 3254; x_wconf 84' lang='grc'>‹‹</span> <span class='ocrx_word' id='word_1_339' title='bbox 1902 3205 2045 3258; x_wconf 89' lang='lat' dir='ltr'>Con-</span> 
     </span>
    </p>
   </div>
   <div class='ocr_carea' id='block_1_50' title="bbox 399 3295 2054 3356">
    <p class='ocr_par' dir='ltr' id='par_1_50' title="bbox 399 3295 2054 3356">
     <span class='ocr_line' id='line_1_50' title="bbox 399 3295 2054 3356; baseline -0.005 0"><span class='ocrx_word' id='word_1_340' title='bbox 399 3303 560 3356; x_wconf 87' lang='lat' dir='ltr'>tritio</span> <span class='ocrx_word' id='word_1_341' title='bbox 585 3307 641 3356; x_wconf 90' lang='lat' dir='ltr'>et</span> <span class='ocrx_word' id='word_1_342' title='bbox 664 3301 908 3355; x_wconf 87' lang='lat' dir='ltr'>miseria</span> <span class='ocrx_word' id='word_1_343' title='bbox 931 3301 993 3352; x_wconf 90' lang='lat' dir='ltr'>in</span> <span class='ocrx_word' id='word_1_344' title='bbox 1017 3299 1126 3352; x_wconf 90' lang='lat' dir='ltr'>viis</span> <span class='ocrx_word' id='word_1_345' title='bbox 1150 3314 1380 3352; x_wconf 89' lang='lat' dir='ltr'>eorum.</span> <span class='ocrx_word' id='word_1_346' title='bbox 1399 3317 1426 3344; x_wconf 78' lang='grc' dir='ltr'>›ι</span> <span class='ocrx_word' id='word_1_347' title='bbox 1451 3298 1594 3350; x_wconf 87' lang='lat' dir='ltr'>Nam</span> <span class='ocrx_word' id='word_1_348' title='bbox 1611 3295 1730 3348; x_wconf 87' lang='lat' dir='ltr'>vias</span> <span class='ocrx_word' id='word_1_349' title='bbox 1745 3309 2054 3349; x_wconf 90' lang='lat' dir='ltr'>conversa-</span> 
     </span>
    </p>
   </div>
   <div class='ocr_carea' id='block_1_51' title="bbox 403 3382 2054 3452">
    <p class='ocr_par' dir='ltr' id='par_1_51' title="bbox 403 3382 2054 3452">
     <span class='ocr_line' id='line_1_51' title="bbox 403 3382 2054 3452; baseline -0.004 -10"><span class='ocrx_word' id='word_1_350' title='bbox 403 3389 626 3442; x_wconf 86' lang='lat' dir='ltr'>tionem</span> <span class='ocrx_word' id='word_1_351' title='bbox 643 3387 784 3441; x_wconf 89' lang='lat' dir='ltr'>dicit</span> <span class='ocrx_word' id='word_1_352' title='bbox 798 3393 856 3440; x_wconf 92' lang='lat' dir='ltr'>et</span> <span class='ocrx_word' id='word_1_353' title='bbox 875 3385 1687 3452; x_wconf 78' lang='lat' dir='ltr'>vitam;contritionemauten</span> <span class='ocrx_word' id='word_1_354' title='bbox 1703 3388 1762 3438; x_wconf 89' lang='lat' dir='ltr'>et</span> <span class='ocrx_word' id='word_1_355' title='bbox 1775 3382 2054 3438; x_wconf 88' lang='lat' dir='ltr'>miseriam</span> 
     </span>
    </p>
   </div>
   <div class='ocr_carea' id='block_1_52' title="bbox 403 3469 2054 3546">
    <p class='ocr_par' dir='ltr' id='par_1_52' title="bbox 403 3469 2054 3546">
     <span class='ocr_line' id='line_1_52' title="bbox 403 3469 2054 3546; baseline -0.005 -17"><span class='ocrx_word' id='word_1_356' title='bbox 403 3474 830 3546; x_wconf 74' lang='lat' dir='ltr'>peccataNihil</span> <span class='ocrx_word' id='word_1_357' title='bbox 845 3475 1006 3528; x_wconf 89' lang='lat' dir='ltr'>enim</span> <span class='ocrx_word' id='word_1_358' title='bbox 1023 3473 1168 3528; x_wconf 86' lang='lat' dir='ltr'>adeo</span> <span class='ocrx_word' id='word_1_359' title='bbox 1185 3477 1426 3527; x_wconf 84' lang='lat' dir='ltr'>mentem</span> <span class='ocrx_word' id='word_1_360' title='bbox 1449 3487 1783 3544; x_wconf 88' lang='lat' dir='ltr'>corpusque</span> <span class='ocrx_word' id='word_1_361' title='bbox 1799 3469 2054 3526; x_wconf 86' lang='lat' dir='ltr'>conterit</span> 
     </span>
    </p>
   </div>
   <div class='ocr_carea' id='block_1_53' title="bbox 409 3561 2054 3634">
    <p class='ocr_par' dir='ltr' id='par_1_53' title="bbox 409 3561 2054 3634">
     <span class='ocr_line' id='line_1_53' title="bbox 409 3561 2054 3634; baseline -0.004 -16"><span class='ocrx_word' id='word_1_362' title='bbox 409 3569 468 3618; x_wconf 89' lang='lat' dir='ltr'>et</span> <span class='ocrx_word' id='word_1_363' title='bbox 499 3564 772 3618; x_wconf 84' lang='lat' dir='ltr'>exhaurit</span> <span class='ocrx_word' id='word_1_364' title='bbox 802 3579 870 3617; x_wconf 91' lang='lat' dir='ltr'>ac</span> <span class='ocrx_word' id='word_1_365' title='bbox 901 3566 1230 3634; x_wconf 87' lang='lat' dir='ltr'>peccatum.</span> <span class='ocrx_word' id='word_1_366' title='bbox 1266 3583 1292 3610; x_wconf 73' lang='grc' dir='ltr'>ι(</span> <span class='ocrx_word' id='word_1_367' title='bbox 1323 3561 1486 3615; x_wconf 89' lang='lat' dir='ltr'>Viam</span> <span class='ocrx_word' id='word_1_368' title='bbox 1515 3561 1676 3632; x_wconf 87' lang='lat' dir='ltr'>pacis</span> <span class='ocrx_word' id='word_1_369' title='bbox 1699 3576 1820 3614; x_wconf 91' lang='lat' dir='ltr'>non</span> <span class='ocrx_word' id='word_1_370' title='bbox 1843 3574 2054 3630; x_wconf 84' lang='lat' dir='ltr'>cogno-</span> 
     </span>
    </p>
   </div>
   <div class='ocr_carea' id='block_1_54' title="bbox 402 3650 2050 3724">
    <p class='ocr_par' dir='ltr' id='par_1_54' title="bbox 402 3650 2050 3724">
     <span class='ocr_line' id='line_1_54' title="bbox 402 3650 2050 3724; baseline -0.006 -14"><span class='ocrx_word' id='word_1_371' title='bbox 402 3660 632 3710; x_wconf 85' lang='lat' dir='ltr'>verunt.</span> <span class='ocrx_word' id='word_1_372' title='bbox 669 3677 696 3704; x_wconf 88' lang='grc'>››</span> <span class='ocrx_word' id='word_1_373' title='bbox 735 3654 896 3708; x_wconf 86' lang='lat' dir='ltr'>Viam</span> <span class='ocrx_word' id='word_1_374' title='bbox 927 3653 1089 3724; x_wconf 82' lang='lat' dir='ltr'>pacis</span> <span class='ocrx_word' id='word_1_375' title='bbox 1120 3651 1262 3705; x_wconf 84' lang='lat' dir='ltr'>dicit</span> <span class='ocrx_word' id='word_1_376' title='bbox 1297 3651 1504 3706; x_wconf 89' lang='lat' dir='ltr'>utilem</span> <span class='ocrx_word' id='word_1_377' title='bbox 1533 3650 1762 3704; x_wconf 88' lang='lat' dir='ltr'>vivendi</span> <span class='ocrx_word' id='word_1_378' title='bbox 1788 3651 2050 3704; x_wconf 91' lang='lat' dir='ltr'>modum.</span> 
     </span>
    </p>
   </div>
   <div class='ocr_carea' id='block_1_55' title="bbox 475 3738 2054 3812">
    <p class='ocr_par' dir='ltr' id='par_1_55' title="bbox 475 3738 2054 3812">
     <span class='ocr_line' id='line_1_55' title="bbox 475 3738 2054 3812; baseline -0.005 -14"><span class='ocrx_word' id='word_1_379' title='bbox 475 3746 695 3812; x_wconf 66' lang='lat'>111,19,</span> <span class='ocrx_word' id='word_1_380' title='bbox 731 3746 821 3798; x_wconf 87' lang='lat'>20.</span> <span class='ocrx_word' id='word_1_381' title='bbox 882 3743 1093 3798; x_wconf 84' lang='lat' dir='ltr'>Scimus</span> <span class='ocrx_word' id='word_1_382' title='bbox 1145 3747 1326 3795; x_wconf 81' lang='lat' dir='ltr'>autem</span> <span class='ocrx_word' id='word_1_383' title='bbox 1380 3741 1530 3810; x_wconf 88' lang='lat' dir='ltr'>quod</span> <span class='ocrx_word' id='word_1_384' title='bbox 1577 3754 1918 3810; x_wconf 76' lang='lat' dir='ltr'>quaecunque</span> <span class='ocrx_word' id='word_1_385' title='bbox 1965 3738 2054 3792; x_wconf 69' lang='lat' dir='ltr'>lea:</span> 
     </span>
    </p>
   </div>
   <div class='ocr_carea' id='block_1_56' title="bbox 409 3831 2052 3904">
    <p class='ocr_par' dir='ltr' id='par_1_56' title="bbox 409 3831 2052 3904">
     <span class='ocr_line' id='line_1_56' title="bbox 409 3831 2052 3904; baseline -0.004 -14"><span class='ocrx_word' id='word_1_386' title='bbox 409 3836 565 3902; x_wconf 81' lang='lat' dir='ltr'>dicit,</span> <span class='ocrx_word' id='word_1_387' title='bbox 602 3836 686 3890; x_wconf 82' lang='lat' dir='ltr'>his</span> <span class='ocrx_word' id='word_1_388' title='bbox 716 3835 816 3904; x_wconf 85' lang='lat' dir='ltr'>qui</span> <span class='ocrx_word' id='word_1_389' title='bbox 837 3837 894 3888; x_wconf 89' lang='lat' dir='ltr'>in</span> <span class='ocrx_word' id='word_1_390' title='bbox 927 3833 1043 3902; x_wconf 85' lang='lat' dir='ltr'>lege</span> <span class='ocrx_word' id='word_1_391' title='bbox 1071 3837 1198 3888; x_wconf 84' lang='lat' dir='ltr'>sunt</span> <span class='ocrx_word' id='word_1_392' title='bbox 1229 3832 1476 3902; x_wconf 80' lang='lat' dir='ltr'>loquitur</span> <span class='ocrx_word' id='word_1_393' title='bbox 1503 3846 1517 3890; x_wconf 89' lang='lat'><strong>:</strong></span> <span class='ocrx_word' id='word_1_394' title='bbox 1551 3837 1612 3884; x_wconf 85' lang='lat' dir='ltr'>ut</span> <span class='ocrx_word' id='word_1_395' title='bbox 1643 3846 1798 3885; x_wconf 85' lang='lat' dir='ltr'>omne</span> <span class='ocrx_word' id='word_1_396' title='bbox 1843 3845 1901 3884; x_wconf 88' lang='lat' dir='ltr'>os</span> <span class='ocrx_word' id='word_1_397' title='bbox 1947 3831 2052 3883; x_wconf 89' lang='lat' dir='ltr'>ob-</span> 
     </span>
    </p>
   </div>
   <div class='ocr_carea' id='block_1_57' title="bbox 409 3919 2058 3992">
    <p class='ocr_par' dir='ltr' id='par_1_57' title="bbox 409 3919 2058 3992">
     <span class='ocr_line' id='line_1_57' title="bbox 409 3919 2058 3992; baseline -0.004 -13"><span class='ocrx_word' id='word_1_398' title='bbox 409 3931 644 3990; x_wconf 79' lang='lat' dir='ltr'>turetur,</span> <span class='ocrx_word' id='word_1_399' title='bbox 677 3931 726 3978; x_wconf 76' lang='lat' dir='ltr'>ct</span> <span class='ocrx_word' id='word_1_400' title='bbox 759 3921 1027 3978; x_wconf 64' lang='lat' dir='ltr'>obnoxius</span> <span class='ocrx_word' id='word_1_401' title='bbox 1055 3926 1153 3992; x_wconf 79' lang='lat' dir='ltr'>ﬂat</span> <span class='ocrx_word' id='word_1_402' title='bbox 1181 3928 1326 3976; x_wconf 79' lang='lat' dir='ltr'>totus</span> <span class='ocrx_word' id='word_1_403' title='bbox 1353 3920 1589 3976; x_wconf 88' lang='lat' dir='ltr'>mundus</span> <span class='ocrx_word' id='word_1_404' title='bbox 1617 3919 1746 3990; x_wconf 86' lang='lat' dir='ltr'>Deo,</span> <span class='ocrx_word' id='word_1_405' title='bbox 1801 3935 1862 3974; x_wconf 83' lang='lat' dir='ltr'>eo</span> <span class='ocrx_word' id='word_1_406' title='bbox 1909 3919 2058 3988; x_wconf 86' lang='lat' dir='ltr'>quod</span> 
     </span>
    </p>
   </div>
   <div class='ocr_carea' id='block_1_58' title="bbox 407 4005 2054 4082">
    <p class='ocr_par' dir='ltr' id='par_1_58' title="bbox 407 4005 2054 4082">
     <span class='ocr_line' id='line_1_58' title="bbox 407 4005 2054 4082; baseline -0.004 -15"><span class='ocrx_word' id='word_1_407' title='bbox 407 4029 476 4068; x_wconf 69' lang='lat' dir='ltr'>ea:</span> <span class='ocrx_word' id='word_1_408' title='bbox 507 4013 758 4082; x_wconf 82' lang='lat' dir='ltr'>operibus</span> <span class='ocrx_word' id='word_1_409' title='bbox 807 4013 941 4081; x_wconf 85' lang='lat' dir='ltr'>legis</span> <span class='ocrx_word' id='word_1_410' title='bbox 999 4027 1108 4066; x_wconf 87' lang='lat' dir='ltr'>non</span> <span class='ocrx_word' id='word_1_411' title='bbox 1149 4010 1550 4082; x_wconf 78' lang='lat' dir='ltr'>justiﬁcabitur</span> <span class='ocrx_word' id='word_1_412' title='bbox 1605 4011 1778 4065; x_wconf 87' lang='lat' dir='ltr'>omnis</span> <span class='ocrx_word' id='word_1_413' title='bbox 1821 4024 1948 4063; x_wconf 86' lang='lat' dir='ltr'>caro</span> <span class='ocrx_word' id='word_1_414' title='bbox 1995 4005 2054 4061; x_wconf 79' lang='lat' dir='ltr'>in</span> 
     </span>
    </p>
   </div>
   <div class='ocr_carea' id='block_1_59' title="bbox 409 4104 870 4173">
    <p class='ocr_par' dir='ltr' id='par_1_59' title="bbox 409 4104 870 4173">
     <span class='ocr_line' id='line_1_59' title="bbox 409 4104 870 4173; baseline 0 -15"><span class='ocrx_word' id='word_1_415' title='bbox 409 4109 700 4173; x_wconf 83' lang='lat' dir='ltr'>conspectu</span> <span class='ocrx_word' id='word_1_416' title='bbox 735 4104 870 4172; x_wconf 79' lang='lat' dir='ltr'>ejus.</span> 
     </span>
    </p>
   </div>
   <div class='ocr_carea' id='block_1_60' title="bbox 483 4187 2054 4262">
    <p class='ocr_par' dir='ltr' id='par_1_60' title="bbox 483 4187 2054 4262">
     <span class='ocr_line' id='line_1_60' title="bbox 483 4187 2054 4262; baseline -0.004 -16"><span class='ocrx_word' id='word_1_417' title='bbox 483 4194 560 4247; x_wconf 84' lang='lat' dir='ltr'>Ne</span> <span class='ocrx_word' id='word_1_418' title='bbox 593 4191 794 4246; x_wconf 89' lang='lat' dir='ltr'>dicant</span> <span class='ocrx_word' id='word_1_419' title='bbox 822 4189 1008 4246; x_wconf 65' lang='lat' dir='ltr'>Judaei</span> <span class='ocrx_word' id='word_1_420' title='bbox 1035 4207 1047 4244; x_wconf 94' lang='lat'>:</span> <span class='ocrx_word' id='word_1_421' title='bbox 1078 4192 1147 4244; x_wconf 88' lang='lat' dir='ltr'>Et</span> <span class='ocrx_word' id='word_1_422' title='bbox 1177 4189 1320 4262; x_wconf 90' lang='lat' dir='ltr'>quid</span> <span class='ocrx_word' id='word_1_423' title='bbox 1351 4189 1477 4244; x_wconf 81' lang='lat' dir='ltr'>haec</span> <span class='ocrx_word' id='word_1_424' title='bbox 1508 4189 1581 4244; x_wconf 88' lang='lat' dir='ltr'>ad</span> <span class='ocrx_word' id='word_1_425' title='bbox 1622 4205 1731 4244; x_wconf 88' lang='lat' dir='ltr'>nos</span> <span class='ocrx_word' id='word_1_426' title='bbox 1751 4187 1778 4243; x_wconf 66' lang='grc' dir='ltr'><strong>Τ</strong></span> <span class='ocrx_word' id='word_1_427' title='bbox 1799 4187 2054 4244; x_wconf 89' lang='lat' dir='ltr'>Omnino</span> 
     </span>
    </p>
   </div>
   <div class='ocr_carea' id='block_1_61' title="bbox 411 4277 2055 4348">
    <p class='ocr_par' dir='ltr' id='par_1_61' title="bbox 411 4277 2055 4348">
     <span class='ocr_line' id='line_1_61' title="bbox 411 4277 2055 4348; baseline -0.004 -12"><span class='ocrx_word' id='word_1_428' title='bbox 411 4282 572 4336; x_wconf 89' lang='lat' dir='ltr'>enim</span> <span class='ocrx_word' id='word_1_429' title='bbox 603 4281 674 4336; x_wconf 90' lang='lat' dir='ltr'>de</span> <span class='ocrx_word' id='word_1_430' title='bbox 707 4281 881 4335; x_wconf 89' lang='lat' dir='ltr'>nobis</span> <span class='ocrx_word' id='word_1_431' title='bbox 910 4279 1069 4334; x_wconf 88' lang='lat' dir='ltr'>dicta</span> <span class='ocrx_word' id='word_1_432' title='bbox 1099 4297 1220 4334; x_wconf 91' lang='lat' dir='ltr'>non</span> <span class='ocrx_word' id='word_1_433' title='bbox 1253 4283 1409 4334; x_wconf 88' lang='lat' dir='ltr'>sunt.</span> <span class='ocrx_word' id='word_1_434' title='bbox 1447 4278 1680 4348; x_wconf 89' lang='lat' dir='ltr'>Utique,</span> <span class='ocrx_word' id='word_1_435' title='bbox 1707 4277 1923 4348; x_wconf 89' lang='lat' dir='ltr'>inquit,</span> <span class='ocrx_word' id='word_1_436' title='bbox 1955 4292 2055 4330; x_wconf 91' lang='lat' dir='ltr'>vos</span> 
     </span>
    </p>
   </div>
   <div class='ocr_carea' id='block_1_62' title="bbox 413 4367 2058 4444">
    <p class='ocr_par' dir='ltr' id='par_1_62' title="bbox 413 4367 2058 4444">
     <span class='ocr_line' id='line_1_62' title="bbox 413 4367 2058 4444; baseline -0.005 -17"><span class='ocrx_word' id='word_1_437' title='bbox 413 4375 680 4444; x_wconf 88' lang='lat' dir='ltr'>tangunt.</span> <span class='ocrx_word' id='word_1_438' title='bbox 707 4371 924 4426; x_wconf 89' lang='lat' dir='ltr'>Omnes</span> <span class='ocrx_word' id='word_1_439' title='bbox 947 4385 1202 4440; x_wconf 89' lang='lat' dir='ltr'>namque</span> <span class='ocrx_word' id='word_1_440' title='bbox 1225 4369 1337 4424; x_wconf 85' lang='lat' dir='ltr'>hoc</span> <span class='ocrx_word' id='word_1_441' title='bbox 1361 4367 1580 4422; x_wconf 86' lang='lat' dir='ltr'>scimus</span> <span class='ocrx_word' id='word_1_442' title='bbox 1603 4367 1759 4438; x_wconf 90' lang='lat' dir='ltr'>quod</span> <span class='ocrx_word' id='word_1_443' title='bbox 1784 4382 2058 4438; x_wconf 61' lang='lat' dir='ltr'>quascun-</span> 
     </span>
    </p>
   </div>
   <div class='ocr_carea' id='block_1_63' title="bbox 413 4455 2057 4532">
    <p class='ocr_par' dir='ltr' id='par_1_63' title="bbox 413 4455 2057 4532">
     <span class='ocr_line' id='line_1_63' title="bbox 413 4455 2057 4532; baseline -0.005 -16"><span class='ocrx_word' id='word_1_444' title='bbox 413 4477 527 4532; x_wconf 90' lang='lat' dir='ltr'>que</span> <span class='ocrx_word' id='word_1_445' title='bbox 553 4459 698 4515; x_wconf 86' lang='lat' dir='ltr'>dicit</span> <span class='ocrx_word' id='word_1_446' title='bbox 729 4460 821 4514; x_wconf 84' lang='lat' dir='ltr'>lex</span> <span class='ocrx_word' id='word_1_447' title='bbox 851 4463 1042 4527; x_wconf 86' lang='lat' dir='ltr'>(vocat</span> <span class='ocrx_word' id='word_1_448' title='bbox 1071 4463 1270 4513; x_wconf 90' lang='lat' dir='ltr'>autem</span> <span class='ocrx_word' id='word_1_449' title='bbox 1301 4457 1513 4530; x_wconf 85' lang='lat' dir='ltr'>legem,</span> <span class='ocrx_word' id='word_1_450' title='bbox 1546 4473 1720 4512; x_wconf 89' lang='lat' dir='ltr'>omne</span> <span class='ocrx_word' id='word_1_451' title='bbox 1753 4457 1930 4512; x_wconf 84' lang='lat' dir='ltr'>Vetus</span> <span class='ocrx_word' id='word_1_452' title='bbox 1960 4455 2057 4508; x_wconf 91' lang='lat' dir='ltr'>ln-</span> 
     </span>
    </p>
   </div>
   <div class='ocr_carea' id='block_1_64' title="bbox 2165 1859 3808 1941">
    <p class='ocr_par' dir='ltr' id='par_1_64' title="bbox 2165 1859 3808 1941">
     <span class='ocr_line' id='line_1_64' title="bbox 2165 1859 3808 1941; baseline 0.002 -25"><span class='ocrx_word' id='word_1_453' title='bbox 2165 1861 2325 1932; x_wconf 82' lang='grc' dir='ltr'>ξαντα</span> <span class='ocrx_word' id='word_1_454' title='bbox 2365 1863 2552 1922; x_wconf 82' lang='grc' dir='ltr'>αὐτόν.</span> <span class='ocrx_word' id='word_1_455' title='bbox 2587 1866 2677 1932; x_wconf 70' lang='grc' dir='ltr'>Μὴ</span> <span class='ocrx_word' id='word_1_456' title='bbox 2710 1864 2792 1920; x_wconf 74' lang='grc' dir='ltr'>ὅτι</span> <span class='ocrx_word' id='word_1_457' title='bbox 2825 1865 2912 1920; x_wconf 74' lang='grc' dir='ltr'>καὶ</span> <span class='ocrx_word' id='word_1_458' title='bbox 2945 1859 3193 1936; x_wconf 76' lang='grc' dir='ltr'>ἔλαττον,</span> <span class='ocrx_word' id='word_1_459' title='bbox 3226 1867 3350 1921; x_wconf 83' lang='grc' dir='ltr'>ὅσον</span> <span class='ocrx_word' id='word_1_460' title='bbox 3381 1867 3442 1922; x_wconf 87' lang='grc' dir='ltr'>τὸ</span> <span class='ocrx_word' id='word_1_461' title='bbox 3501 1865 3553 1922; x_wconf 81' lang='grc' dir='ltr'>ἐν</span> <span class='ocrx_word' id='word_1_462' title='bbox 3609 1866 3808 1941; x_wconf 85' lang='grc' dir='ltr'>γνώσει</span> 
     </span>
    </p>
   </div>
   <div class='ocr_carea' id='block_1_65' title="bbox 2160 1951 3807 2031">
    <p class='ocr_par' dir='ltr' id='par_1_65' title="bbox 2160 1951 3807 2031">
     <span class='ocr_line' id='line_1_65' title="bbox 2160 1951 3807 2031; baseline 0.002 -26"><span class='ocrx_word' id='word_1_463' title='bbox 2160 1952 2483 2026; x_wconf 82' lang='grc' dir='ltr'>ἁμαρτάνειν</span> <span class='ocrx_word' id='word_1_464' title='bbox 2515 1953 2726 2028; x_wconf 77' lang='grc' dir='ltr'>χεῖρον.</span> <span class='ocrx_word' id='word_1_465' title='bbox 2761 1955 2826 2011; x_wconf 90' lang='grc' dir='ltr'>Τί</span> <span class='ocrx_word' id='word_1_466' title='bbox 2857 1954 2989 2024; x_wconf 82' lang='grc' dir='ltr'>οὗν;</span> <span class='ocrx_word' id='word_1_467' title='bbox 3024 1951 3246 2030; x_wconf 76' lang='grc' dir='ltr'>ἔχομεν,</span> <span class='ocrx_word' id='word_1_468' title='bbox 3305 1956 3486 2031; x_wconf 83' lang='grc' dir='ltr'>φησὶν,</span> <span class='ocrx_word' id='word_1_469' title='bbox 3540 1956 3704 2029; x_wconf 73' lang='grc' dir='ltr'>ἡμεῖς</span> <span class='ocrx_word' id='word_1_470' title='bbox 3751 1955 3807 2008; x_wconf 73' lang='grc' dir='ltr'>οἱ</span> 
     </span>
    </p>
   </div>
   <div class='ocr_carea' id='block_1_66' title="bbox 2160 2038 3804 2125">
    <p class='ocr_par' dir='ltr' id='par_1_66' title="bbox 2160 2038 3804 2125">
     <span class='ocr_line' id='line_1_66' title="bbox 2160 2038 3804 2125; baseline 0.001 -28"><span class='ocrx_word' id='word_1_471' title='bbox 2160 2038 2417 2097; x_wconf 85' lang='grc' dir='ltr'>Ἰουδαῖοι</span> <span class='ocrx_word' id='word_1_472' title='bbox 2448 2039 2616 2096; x_wconf 89' lang='grc' dir='ltr'>πλέον</span> <span class='ocrx_word' id='word_1_473' title='bbox 2647 2063 2698 2097; x_wconf 90' lang='grc' dir='ltr'>τι</span> <span class='ocrx_word' id='word_1_474' title='bbox 2729 2063 2742 2113; x_wconf 89' lang='grc'><strong>;</strong></span> <span class='ocrx_word' id='word_1_475' title='bbox 2774 2041 2962 2116; x_wconf 75' lang='grc' dir='ltr'>Οὐδὶν,</span> <span class='ocrx_word' id='word_1_476' title='bbox 3017 2047 3170 2125; x_wconf 68' lang='grc' dir='ltr'>φησί.</span> <span class='ocrx_word' id='word_1_477' title='bbox 3227 2045 3295 2102; x_wconf 87' lang='grc' dir='ltr'>Τί</span> <span class='ocrx_word' id='word_1_478' title='bbox 3340 2042 3406 2115; x_wconf 83' lang='grc' dir='ltr'>δή</span> <span class='ocrx_word' id='word_1_479' title='bbox 3453 2063 3622 2113; x_wconf 84' lang='grc' dir='ltr'>ποτε;</span> <span class='ocrx_word' id='word_1_480' title='bbox 3679 2045 3804 2102; x_wconf 75' lang='grc' dir='ltr'>’Ὀτι</span> 
     </span>
    </p>
   </div>
   <div class='ocr_carea' id='block_1_67' title="bbox 2157 2129 3804 2205">
    <p class='ocr_par' dir='ltr' id='par_1_67' title="bbox 2157 2129 3804 2205">
     <span class='ocr_line' id='line_1_67' title="bbox 2157 2129 3804 2205; baseline 0.002 -21"><span class='ocrx_word' id='word_1_481' title='bbox 2157 2129 2349 2192; x_wconf 81' lang='grc' dir='ltr'>πάντες</span> <span class='ocrx_word' id='word_1_482' title='bbox 2384 2129 2487 2184; x_wconf 84' lang='grc' dir='ltr'>ὑπὸ</span> <span class='ocrx_word' id='word_1_483' title='bbox 2517 2129 2784 2205; x_wconf 84' lang='grc' dir='ltr'>ἁμαρτίαν</span> <span class='ocrx_word' id='word_1_484' title='bbox 2817 2130 2996 2204; x_wconf 82' lang='grc' dir='ltr'>έσμὶν,</span> <span class='ocrx_word' id='word_1_485' title='bbox 3047 2130 3302 2188; x_wconf 86' lang='grc' dir='ltr'>Ἰουδαῖοί</span> <span class='ocrx_word' id='word_1_486' title='bbox 3349 2153 3410 2186; x_wconf 91' lang='grc' dir='ltr'>τε</span> <span class='ocrx_word' id='word_1_487' title='bbox 3453 2131 3544 2186; x_wconf 80' lang='grc' dir='ltr'>καὶ</span> <span class='ocrx_word' id='word_1_488' title='bbox 3589 2131 3804 2202; x_wconf 78' lang='grc' dir='ltr'>’Έλλη-</span> 
     </span>
    </p>
   </div>
   <div class='ocr_carea' id='block_1_68' title="bbox 2156 2216 3803 2300">
    <p class='ocr_par' dir='ltr' id='par_1_68' title="bbox 2156 2216 3803 2300">
     <span class='ocr_line' id='line_1_68' title="bbox 2156 2216 3803 2300; baseline 0 -26"><span class='ocrx_word' id='word_1_489' title='bbox 2156 2240 2260 2281; x_wconf 80' lang='grc' dir='ltr'>νες.</span> <span class='ocrx_word' id='word_1_490' title='bbox 2297 2243 2324 2271; x_wconf 79' lang='grc' dir='ltr'>ιι</span> <span class='ocrx_word' id='word_1_491' title='bbox 2357 2216 2661 2282; x_wconf 82' lang='grc' dir='ltr'>Ἰουδαίους</span> <span class='ocrx_word' id='word_1_492' title='bbox 2687 2241 2744 2275; x_wconf 89' lang='grc' dir='ltr'>τε</span> <span class='ocrx_word' id='word_1_493' title='bbox 2772 2221 2862 2276; x_wconf 89' lang='grc' dir='ltr'>καὶ</span> <span class='ocrx_word' id='word_1_494' title='bbox 2894 2219 3196 2293; x_wconf 73' lang='grc' dir='ltr'>Ἕλληνας,</span> <span class='ocrx_word' id='word_1_495' title='bbox 3245 2221 3457 2284; x_wconf 77' lang='grc' dir='ltr'>πάντως</span> <span class='ocrx_word' id='word_1_496' title='bbox 3509 2222 3592 2300; x_wconf 72' lang='grc' dir='ltr'>ὑφ’</span> <span class='ocrx_word' id='word_1_497' title='bbox 3623 2222 3803 2292; x_wconf 84' lang='grc' dir='ltr'>ἀμαρ-</span> 
     </span>
    </p>
   </div>
   <div class='ocr_carea' id='block_1_69' title="bbox 2156 2307 3805 2390">
    <p class='ocr_par' dir='ltr' id='par_1_69' title="bbox 2156 2307 3805 2390">
     <span class='ocr_line' id='line_1_69' title="bbox 2195 2307 3630 2363; baseline -0.001 -35"><span class='ocrx_word' id='word_1_498' title='bbox 2195 2311 2208 2363; x_wconf 68' lang='grc' dir='ltr'>ί</span> <span class='ocrx_word' id='word_1_499' title='bbox 2331 2309 2357 2328; x_wconf 73' lang='grc' dir='ltr'>τ</span> <span class='ocrx_word' id='word_1_500' title='bbox 2616 2307 2686 2328; x_wconf 68' lang='grc' dir='ltr'>’Μ</span> <span class='ocrx_word' id='word_1_501' title='bbox 2789 2309 2816 2328; x_wconf 67' lang='grc' dir='ltr'>τ</span> <span class='ocrx_word' id='word_1_502' title='bbox 3016 2311 3030 2328; x_wconf 80' lang='lat'><strong><em>\</em></strong></span> <span class='ocrx_word' id='word_1_503' title='bbox 3144 2315 3170 2325; x_wconf 68' lang='grc' dir='ltr'>-ι</span> <span class='ocrx_word' id='word_1_504' title='bbox 3225 2312 3236 2331; x_wconf 68' lang='grc' dir='ltr'><strong>ν</strong></span> <span class='ocrx_word' id='word_1_505' title='bbox 3339 2307 3362 2326; x_wconf 58' lang='grc' dir='ltr'><strong><em>κ</em></strong></span> <span class='ocrx_word' id='word_1_506' title='bbox 3611 2309 3630 2340; x_wconf 54' lang='grc' dir='ltr'>ι</span> 
     </span>
     <span class='ocr_line' id='line_1_70' title="bbox 2156 2309 3805 2390; baseline 0 -26"><span class='ocrx_word' id='word_1_507' title='bbox 2156 2331 2184 2364; x_wconf 94' lang='grc' dir='ltr'>τ</span> <span class='ocrx_word' id='word_1_508' title='bbox 2216 2331 2274 2364; x_wconf 90' lang='grc' dir='ltr'>αν</span> <span class='ocrx_word' id='word_1_509' title='bbox 2307 2329 2462 2364; x_wconf 86' lang='grc' dir='ltr'>ειναι.</span> <span class='ocrx_word' id='word_1_510' title='bbox 2501 2335 2528 2362; x_wconf 79' lang='grc' dir='ltr'>υ</span> <span class='ocrx_word' id='word_1_511' title='bbox 2561 2319 2725 2366; x_wconf 85' lang='grc' dir='ltr'>Ουοεν</span> <span class='ocrx_word' id='word_1_512' title='bbox 2757 2332 2867 2380; x_wconf 89' lang='grc' dir='ltr'>ουν,</span> <span class='ocrx_word' id='word_1_513' title='bbox 2901 2333 3056 2390; x_wconf 72' lang='grc' dir='ltr'>φησι,</span> <span class='ocrx_word' id='word_1_514' title='bbox 3105 2333 3183 2382; x_wconf 84' lang='grc' dir='ltr'>τῳ</span> <span class='ocrx_word' id='word_1_515' title='bbox 3241 2311 3473 2382; x_wconf 87' lang='grc' dir='ltr'>Ιουοαίῳ</span> <span class='ocrx_word' id='word_1_516' title='bbox 3529 2310 3700 2365; x_wconf 62' lang='grc' dir='ltr'>πλέον</span> <span class='ocrx_word' id='word_1_517' title='bbox 3746 2309 3805 2364; x_wconf 86' lang='grc' dir='ltr'>έκ</span> 
     </span>
    </p>
   </div>
   <div class='ocr_carea' id='block_1_70' title="bbox 2157 2393 3798 2476">
    <p class='ocr_par' dir='ltr' id='par_1_70' title="bbox 2157 2393 3798 2476">
     <span class='ocr_line' id='line_1_71' title="bbox 2157 2393 3798 2476; baseline -0.002 -21"><span class='ocrx_word' id='word_1_518' title='bbox 2157 2404 2253 2455; x_wconf 68' lang='grc' dir='ltr'>τοῦ</span> <span class='ocrx_word' id='word_1_519' title='bbox 2283 2397 2475 2472; x_wconf 67' lang='grc' dir='ltr'>νόμουο</span> <span class='ocrx_word' id='word_1_520' title='bbox 2533 2399 2631 2456; x_wconf 80' lang='grc' dir='ltr'>οὐκ</span> <span class='ocrx_word' id='word_1_521' title='bbox 2685 2397 2914 2476; x_wconf 73' lang='grc' dir='ltr'>ἐφύλαξε</span> <span class='ocrx_word' id='word_1_522' title='bbox 2967 2399 3088 2476; x_wconf 76' lang='grc' dir='ltr'>γάρ·</span> <span class='ocrx_word' id='word_1_523' title='bbox 3151 2399 3278 2455; x_wconf 72' lang='grc' dir='ltr'>οὐδὲ</span> <span class='ocrx_word' id='word_1_524' title='bbox 3331 2404 3409 2471; x_wconf 80' lang='grc' dir='ltr'>τῷ</span> <span class='ocrx_word' id='word_1_525' title='bbox 3458 2393 3798 2475; x_wconf 73' lang='grc' dir='ltr'>ἁκροϐύστῳ·</span> 
     </span>
    </p>
   </div>
   <div class='ocr_carea' id='block_1_71' title="bbox 2158 2483 3802 2568">
    <p class='ocr_par' dir='ltr' id='par_1_71' title="bbox 2158 2483 3802 2568">
     <span class='ocr_line' id='line_1_72' title="bbox 2158 2483 3802 2568; baseline -0.001 -25"><span class='ocrx_word' id='word_1_526' title='bbox 2158 2490 2372 2565; x_wconf 63' lang='grc' dir='ltr'>ἥμαρτε</span> <span class='ocrx_word' id='word_1_527' title='bbox 2399 2491 2522 2568; x_wconf 74' lang='grc' dir='ltr'>γάρ.</span> <span class='ocrx_word' id='word_1_528' title='bbox 2557 2487 2754 2553; x_wconf 81' lang='grc' dir='ltr'>Οὐδεὶς</span> <span class='ocrx_word' id='word_1_529' title='bbox 2784 2490 2872 2544; x_wconf 78' lang='grc' dir='ltr'>οὗν</span> <span class='ocrx_word' id='word_1_530' title='bbox 2929 2483 3044 2564; x_wconf 74' lang='grc' dir='ltr'>ἔχει</span> <span class='ocrx_word' id='word_1_531' title='bbox 3089 2488 3256 2544; x_wconf 85' lang='grc' dir='ltr'>πλέον</span> <span class='ocrx_word' id='word_1_532' title='bbox 3305 2494 3402 2545; x_wconf 77' lang='grc' dir='ltr'>τοῦ</span> <span class='ocrx_word' id='word_1_533' title='bbox 3461 2489 3656 2548; x_wconf 78' lang='grc' dir='ltr'>ἁλλου.</span> <span class='ocrx_word' id='word_1_534' title='bbox 3702 2489 3802 2543; x_wconf 78' lang='grc' dir='ltr'>Καὶ</span> 
     </span>
    </p>
   </div>
   <div class='ocr_carea' id='block_1_72' title="bbox 2158 2574 3802 2656">
    <p class='ocr_par' dir='ltr' id='par_1_72' title="bbox 2158 2574 3802 2656">
     <span class='ocr_line' id='line_1_73' title="bbox 2158 2574 3802 2656; baseline 0 -24"><span class='ocrx_word' id='word_1_535' title='bbox 2158 2578 2256 2654; x_wconf 79' lang='grc' dir='ltr'>γὰρ</span> <span class='ocrx_word' id='word_1_536' title='bbox 2289 2579 2490 2639; x_wconf 75' lang='grc' dir='ltr'>πάντας</span> <span class='ocrx_word' id='word_1_537' title='bbox 2521 2578 2881 2652; x_wconf 72' lang='grc' dir='ltr'>ᾐτιασάμεθα,</span> <span class='ocrx_word' id='word_1_538' title='bbox 2928 2577 3201 2634; x_wconf 74' lang='grc' dir='ltr'>τουτέστιν</span> <span class='ocrx_word' id='word_1_539' title='bbox 3261 2577 3588 2656; x_wconf 77' lang='grc' dir='ltr'>ἠλέγξαμεν,</span> <span class='ocrx_word' id='word_1_540' title='bbox 3645 2574 3802 2640; x_wconf 75' lang='grc' dir='ltr'>ὄντας</span> 
     </span>
    </p>
   </div>
   <div class='ocr_carea' id='block_1_73' title="bbox 2161 2665 3798 2746">
    <p class='ocr_par' dir='ltr' id='par_1_73' title="bbox 2161 2665 3798 2746">
     <span class='ocr_line' id='line_1_74' title="bbox 2161 2665 3798 2746; baseline -0.001 -24"><span class='ocrx_word' id='word_1_541' title='bbox 2161 2667 2249 2745; x_wconf 75' lang='grc' dir='ltr'>ὑφ’</span> <span class='ocrx_word' id='word_1_542' title='bbox 2281 2669 2568 2742; x_wconf 80' lang='grc' dir='ltr'>ἁμαρτίαν.</span> <span class='ocrx_word' id='word_1_543' title='bbox 2603 2669 2736 2724; x_wconf 77' lang='grc' dir='ltr'>Εἶτα</span> <span class='ocrx_word' id='word_1_544' title='bbox 2772 2669 2861 2722; x_wconf 82' lang='grc' dir='ltr'>ἳνα</span> <span class='ocrx_word' id='word_1_545' title='bbox 2898 2670 2972 2740; x_wconf 78' lang='grc' dir='ltr'>μὴ</span> <span class='ocrx_word' id='word_1_546' title='bbox 3017 2665 3144 2742; x_wconf 80' lang='grc' dir='ltr'>δόξῃ</span> <span class='ocrx_word' id='word_1_547' title='bbox 3206 2667 3440 2746; x_wconf 78' lang='grc' dir='ltr'>ἐπαχθὲς</span> <span class='ocrx_word' id='word_1_548' title='bbox 3498 2671 3658 2734; x_wconf 76' lang='grc' dir='ltr'>εἶναι,</span> <span class='ocrx_word' id='word_1_549' title='bbox 3707 2673 3798 2722; x_wconf 76' lang='grc' dir='ltr'>τόν</span> 
     </span>
    </p>
   </div>
   <div class='ocr_carea' id='block_1_74' title="bbox 2161 2751 3804 2833">
    <p class='ocr_par' dir='ltr' id='par_1_74' title="bbox 2161 2751 3804 2833">
     <span class='ocr_line' id='line_1_75' title="bbox 2161 2751 3804 2833; baseline 0.001 -24"><span class='ocrx_word' id='word_1_550' title='bbox 2161 2751 2326 2810; x_wconf 82' lang='grc' dir='ltr'>Δαϐὶδ</span> <span class='ocrx_word' id='word_1_551' title='bbox 2358 2755 2447 2811; x_wconf 78' lang='grc' dir='ltr'>καὶ</span> <span class='ocrx_word' id='word_1_552' title='bbox 2479 2757 2694 2812; x_wconf 77' lang='grc' dir='ltr'>Ἠσαίαν</span> <span class='ocrx_word' id='word_1_553' title='bbox 2715 2761 2862 2833; x_wconf 74' lang='grc' dir='ltr'>φέρει</span> <span class='ocrx_word' id='word_1_554' title='bbox 2907 2757 3200 2832; x_wconf 78' lang='grc' dir='ltr'>μάρτυρας.</span> <span class='ocrx_word' id='word_1_555' title='bbox 3268 2779 3290 2806; x_wconf 78' lang='grc' dir='ltr'>ι</span> <span class='ocrx_word' id='word_1_556' title='bbox 3321 2759 3492 2830; x_wconf 78' lang='grc' dir='ltr'>Ἃμα.</span> <span class='ocrx_word' id='word_1_557' title='bbox 3529 2779 3556 2808; x_wconf 75' lang='grc' dir='ltr'>ιι</span> <span class='ocrx_word' id='word_1_558' title='bbox 3613 2760 3707 2828; x_wconf 83' lang='grc' dir='ltr'>Τῷ</span> <span class='ocrx_word' id='word_1_559' title='bbox 3753 2756 3804 2810; x_wconf 82' lang='grc' dir='ltr'>ἐν</span> 
     </span>
    </p>
   </div>
   <div class='ocr_carea' id='block_1_75' title="bbox 2163 2841 3805 2924">
    <p class='ocr_par' dir='ltr' id='par_1_75' title="bbox 2163 2841 3805 2924">
     <span class='ocr_line' id='line_1_76' title="bbox 2163 2841 3805 2924; baseline 0 -24"><span class='ocrx_word' id='word_1_560' title='bbox 2163 2841 2492 2924; x_wconf 78' lang='grc' dir='ltr'>ἀκροϐυστίᾳ</span> <span class='ocrx_word' id='word_1_561' title='bbox 2549 2843 2808 2917; x_wconf 78' lang='grc' dir='ltr'>δηλονότι</span> <span class='ocrx_word' id='word_1_562' title='bbox 2891 2873 2918 2898; x_wconf 87' lang='grc'><strong>‹‹</strong></span> <span class='ocrx_word' id='word_1_563' title='bbox 2957 2848 3395 2922; x_wconf 74' lang='grc' dir='ltr'>Ἠχρειώθησαν,</span> <span class='ocrx_word' id='word_1_564' title='bbox 3440 2871 3464 2897; x_wconf 69' lang='grc' dir='ltr'>ν</span> <span class='ocrx_word' id='word_1_565' title='bbox 3521 2847 3671 2918; x_wconf 81' lang='grc' dir='ltr'>Ἂμα</span> <span class='ocrx_word' id='word_1_566' title='bbox 3727 2849 3805 2917; x_wconf 80' lang='grc' dir='ltr'>τῷ</span> 
     </span>
    </p>
   </div>
   <div class='ocr_carea' id='block_1_76' title="bbox 2159 2933 3809 3012">
    <p class='ocr_par' dir='ltr' id='par_1_76' title="bbox 2159 2933 3809 3012">
     <span class='ocr_line' id='line_1_77' title="bbox 2159 2933 3809 3012; baseline -0.001 -22"><span class='ocrx_word' id='word_1_567' title='bbox 2159 2933 2406 2991; x_wconf 81' lang='grc' dir='ltr'>ἐκκλῖναι</span> <span class='ocrx_word' id='word_1_568' title='bbox 2435 2935 2539 2990; x_wconf 84' lang='grc' dir='ltr'>ἀπὸ</span> <span class='ocrx_word' id='word_1_569' title='bbox 2589 2940 2743 3006; x_wconf 77' lang='grc' dir='ltr'>Θεοῦ,</span> <span class='ocrx_word' id='word_1_570' title='bbox 2789 2935 3005 3012; x_wconf 73' lang='grc' dir='ltr'>ἀχρεῖοι</span> <span class='ocrx_word' id='word_1_571' title='bbox 3063 2935 3151 2990; x_wconf 85' lang='grc' dir='ltr'>καὶ</span> <span class='ocrx_word' id='word_1_572' title='bbox 3209 2934 3603 3012; x_wconf 73' lang='grc' dir='ltr'>ἀπερριμμένοι</span> <span class='ocrx_word' id='word_1_573' title='bbox 3663 2935 3809 3012; x_wconf 86' lang='grc' dir='ltr'>γεγέ-</span> 
     </span>
    </p>
   </div>
   <div class='ocr_carea' id='block_1_77' title="bbox 2158 3025 3806 3105">
    <p class='ocr_par' dir='ltr' id='par_1_77' title="bbox 2158 3025 3806 3105">
     <span class='ocr_line' id='line_1_78' title="bbox 2158 3025 3806 3105; baseline 0 -25"><span class='ocrx_word' id='word_1_574' title='bbox 2158 3048 2366 3098; x_wconf 79' lang='grc' dir='ltr'>νηνται.</span> <span class='ocrx_word' id='word_1_575' title='bbox 2405 3049 2430 3082; x_wconf 75' lang='grc' dir='ltr'>ι</span> <span class='ocrx_word' id='word_1_576' title='bbox 2463 3027 2664 3105; x_wconf 71' lang='grc' dir='ltr'>Τάφος,</span> <span class='ocrx_word' id='word_1_577' title='bbox 2697 3049 2723 3081; x_wconf 73' lang='grc' dir='ltr'>ιι</span> <span class='ocrx_word' id='word_1_578' title='bbox 2759 3027 2848 3081; x_wconf 76' lang='grc' dir='ltr'>καὶ</span> <span class='ocrx_word' id='word_1_579' title='bbox 2877 3027 2942 3082; x_wconf 75' lang='grc' dir='ltr'>τὰ</span> <span class='ocrx_word' id='word_1_580' title='bbox 2973 3028 3116 3098; x_wconf 80' lang='grc' dir='ltr'>έξῆς·</span> <span class='ocrx_word' id='word_1_581' title='bbox 3169 3030 3350 3084; x_wconf 74' lang='grc' dir='ltr'>Ταῦτα</span> <span class='ocrx_word' id='word_1_582' title='bbox 3401 3032 3519 3089; x_wconf 90' lang='grc' dir='ltr'>τοῖς</span> <span class='ocrx_word' id='word_1_583' title='bbox 3567 3025 3806 3082; x_wconf 83' lang='grc' dir='ltr'>καταλα-</span> 
     </span>
    </p>
   </div>
   <div class='ocr_carea' id='block_1_78' title="bbox 2160 3114 3808 3192">
    <p class='ocr_par' dir='ltr' id='par_1_78' title="bbox 2160 3114 3808 3192">
     <span class='ocr_line' id='line_1_79' title="bbox 2160 3114 3808 3192; baseline -0.001 -22"><span class='ocrx_word' id='word_1_584' title='bbox 2160 3114 2318 3171; x_wconf 82' lang='grc' dir='ltr'>λοῦσι</span> <span class='ocrx_word' id='word_1_585' title='bbox 2359 3115 2571 3192; x_wconf 79' lang='grc' dir='ltr'>πρέπει.</span> <span class='ocrx_word' id='word_1_586' title='bbox 2611 3140 2636 3168; x_wconf 82' lang='grc' dir='ltr'>ιι</span> <span class='ocrx_word' id='word_1_587' title='bbox 2670 3115 2988 3191; x_wconf 78' lang='grc' dir='ltr'>Σόντριμμα</span> <span class='ocrx_word' id='word_1_588' title='bbox 3036 3117 3123 3170; x_wconf 81' lang='grc' dir='ltr'>καὶ</span> <span class='ocrx_word' id='word_1_589' title='bbox 3185 3115 3532 3190; x_wconf 83' lang='grc' dir='ltr'>ταλαιπωρία</span> <span class='ocrx_word' id='word_1_590' title='bbox 3588 3115 3639 3168; x_wconf 78' lang='grc' dir='ltr'>ἐν</span> <span class='ocrx_word' id='word_1_591' title='bbox 3685 3120 3808 3178; x_wconf 89' lang='grc' dir='ltr'>ταῖς</span> 
     </span>
    </p>
   </div>
   <div class='ocr_carea' id='block_1_79' title="bbox 2159 3203 3800 3282">
    <p class='ocr_par' dir='ltr' id='par_1_79' title="bbox 2159 3203 3800 3282">
     <span class='ocr_line' id='line_1_80' title="bbox 2159 3203 3800 3282; baseline -0.002 -20"><span class='ocrx_word' id='word_1_592' title='bbox 2159 3203 2310 3270; x_wconf 85' lang='grc' dir='ltr'>ὁδοῖς</span> <span class='ocrx_word' id='word_1_593' title='bbox 2335 3205 2535 3263; x_wconf 77' lang='grc' dir='ltr'>αὐτῶν.</span> <span class='ocrx_word' id='word_1_594' title='bbox 2573 3231 2594 3262; x_wconf 76' lang='grc' dir='ltr'><strong><em>ι</em></strong></span> <span class='ocrx_word' id='word_1_595' title='bbox 2634 3205 2824 3266; x_wconf 71' lang='grc' dir='ltr'>Ὁδοὺς</span> <span class='ocrx_word' id='word_1_596' title='bbox 2881 3207 2980 3273; x_wconf 80' lang='grc' dir='ltr'>τήν</span> <span class='ocrx_word' id='word_1_597' title='bbox 3039 3203 3318 3261; x_wconf 83' lang='grc' dir='ltr'>πολιτείαν</span> <span class='ocrx_word' id='word_1_598' title='bbox 3375 3206 3508 3282; x_wconf 78' lang='grc' dir='ltr'>φησὶ</span> <span class='ocrx_word' id='word_1_599' title='bbox 3559 3206 3645 3260; x_wconf 84' lang='grc' dir='ltr'>καὶ</span> <span class='ocrx_word' id='word_1_600' title='bbox 3703 3207 3800 3274; x_wconf 79' lang='grc' dir='ltr'>τήν</span> 
     </span>
    </p>
   </div>
   <div class='ocr_carea' id='block_1_80' title="bbox 2160 3293 3797 3370">
    <p class='ocr_par' dir='ltr' id='par_1_80' title="bbox 2160 3293 3797 3370">
     <span class='ocr_line' id='line_1_81' title="bbox 2160 3293 3797 3370; baseline -0.002 -20"><span class='ocrx_word' id='word_1_601' title='bbox 2160 3297 2327 3366; x_wconf 70' lang='grc' dir='ltr'>ζωήνο</span> <span class='ocrx_word' id='word_1_602' title='bbox 2357 3294 2662 3370; x_wconf 82' lang='grc' dir='ltr'>σύντριμμα</span> <span class='ocrx_word' id='word_1_603' title='bbox 2695 3293 2752 3349; x_wconf 73' lang='grc' dir='ltr'>δὲ</span> <span class='ocrx_word' id='word_1_604' title='bbox 2783 3295 2870 3350; x_wconf 84' lang='grc' dir='ltr'>καὶ</span> <span class='ocrx_word' id='word_1_605' title='bbox 2921 3293 3323 3370; x_wconf 78' lang='grc' dir='ltr'>ταλαιπωρίαν,</span> <span class='ocrx_word' id='word_1_606' title='bbox 3376 3295 3471 3356; x_wconf 77' lang='grc' dir='ltr'>τὰς</span> <span class='ocrx_word' id='word_1_607' title='bbox 3515 3293 3797 3368; x_wconf 80' lang='grc' dir='ltr'>ἁμαρτίας.</span> 
     </span>
    </p>
   </div>
   <div class='ocr_carea' id='block_1_81' title="bbox 2155 3379 3797 3460">
    <p class='ocr_par' dir='ltr' id='par_1_81' title="bbox 2155 3379 3797 3460">
     <span class='ocr_line' id='line_1_82' title="bbox 2155 3379 3797 3460; baseline -0.002 -19"><span class='ocrx_word' id='word_1_608' title='bbox 2155 3381 2322 3442; x_wconf 75' lang='grc' dir='ltr'>Οὐδὲν</span> <span class='ocrx_word' id='word_1_609' title='bbox 2346 3385 2450 3460; x_wconf 77' lang='grc' dir='ltr'>γὰρ</span> <span class='ocrx_word' id='word_1_610' title='bbox 2483 3386 2656 3447; x_wconf 77' lang='grc' dir='ltr'>οὕτως</span> <span class='ocrx_word' id='word_1_611' title='bbox 2691 3379 2952 3460; x_wconf 84' lang='grc' dir='ltr'>ἐπιτρίϐει</span> <span class='ocrx_word' id='word_1_612' title='bbox 2985 3385 3072 3440; x_wconf 85' lang='grc' dir='ltr'>καὶ</span> <span class='ocrx_word' id='word_1_613' title='bbox 3106 3383 3354 3454; x_wconf 83' lang='grc' dir='ltr'>ἐξίτηλον</span> <span class='ocrx_word' id='word_1_614' title='bbox 3413 3389 3564 3439; x_wconf 83' lang='grc' dir='ltr'>ποιεῖ</span> <span class='ocrx_word' id='word_1_615' title='bbox 3609 3385 3797 3459; x_wconf 74' lang='grc' dir='ltr'>ψυχήν</span> 
     </span>
    </p>
   </div>
   <div class='ocr_carea' id='block_1_82' title="bbox 2157 3467 3800 3550">
    <p class='ocr_par' dir='ltr' id='par_1_82' title="bbox 2157 3467 3800 3550">
     <span class='ocr_line' id='line_1_83' title="bbox 2157 3467 3800 3550; baseline -0.001 -22"><span class='ocrx_word' id='word_1_616' title='bbox 2157 3473 2464 3548; x_wconf 79' lang='grc' dir='ltr'>καὶσῶμα,</span> <span class='ocrx_word' id='word_1_617' title='bbox 2497 3474 2572 3536; x_wconf 87' lang='grc' dir='ltr'>ὡς</span> <span class='ocrx_word' id='word_1_618' title='bbox 2605 3475 2864 3550; x_wconf 84' lang='grc' dir='ltr'>ἁμαρτία.</span> <span class='ocrx_word' id='word_1_619' title='bbox 2925 3497 2946 3526; x_wconf 78' lang='grc' dir='ltr'>ι</span> <span class='ocrx_word' id='word_1_620' title='bbox 2983 3471 3137 3532; x_wconf 86' lang='grc' dir='ltr'>Ὀδὸν</span> <span class='ocrx_word' id='word_1_621' title='bbox 3195 3473 3412 3548; x_wconf 74' lang='grc' dir='ltr'>εἰρήνης</span> <span class='ocrx_word' id='word_1_622' title='bbox 3473 3473 3576 3530; x_wconf 86' lang='grc' dir='ltr'>οὐκ</span> <span class='ocrx_word' id='word_1_623' title='bbox 3629 3467 3800 3549; x_wconf 78' lang='grc' dir='ltr'>ἔγνω-</span> 
     </span>
    </p>
   </div>
   <div class='ocr_carea' id='block_1_83' title="bbox 2161 3561 3272 3640">
    <p class='ocr_par' dir='ltr' id='par_1_83' title="bbox 2161 3561 3272 3640">
     <span class='ocr_line' id='line_1_84' title="bbox 2161 3561 3272 3640; baseline 0.002 -22"><span class='ocrx_word' id='word_1_624' title='bbox 2161 3584 2278 3618; x_wconf 90' lang='grc' dir='ltr'>σαν.</span> <span class='ocrx_word' id='word_1_625' title='bbox 2316 3587 2344 3614; x_wconf 87' lang='grc'><strong>››</strong></span> <span class='ocrx_word' id='word_1_626' title='bbox 2375 3565 2486 3632; x_wconf 71' lang='grc' dir='ltr'>Τὴν</span> <span class='ocrx_word' id='word_1_627' title='bbox 2515 3565 2765 3640; x_wconf 50' lang='grc' dir='ltr'>χρτιστῆν</span> <span class='ocrx_word' id='word_1_628' title='bbox 2799 3561 2946 3640; x_wconf 83' lang='grc' dir='ltr'>λέγει</span> <span class='ocrx_word' id='word_1_629' title='bbox 2970 3561 3272 3620; x_wconf 90' lang='grc' dir='ltr'>πολιτείαν.</span> 
     </span>
    </p>
   </div>
   <div class='ocr_carea' id='block_1_84' title="bbox 2230 3738 3800 3814">
    <p class='ocr_par' dir='ltr' id='par_1_84' title="bbox 2230 3738 3800 3814">
     <span class='ocr_line' id='line_1_85' title="bbox 2230 3738 3800 3814; baseline -0.004 -16"><span class='ocrx_word' id='word_1_630' title='bbox 2230 3739 2470 3813; x_wconf 62' lang='grc' dir='ltr'>Οἴδαμεν</span> <span class='ocrx_word' id='word_1_631' title='bbox 2520 3738 2577 3796; x_wconf 74' lang='grc' dir='ltr'>δέ</span> <span class='ocrx_word' id='word_1_632' title='bbox 2615 3741 2698 3795; x_wconf 82' lang='grc' dir='ltr'>ὃτι</span> <span class='ocrx_word' id='word_1_633' title='bbox 2751 3739 2849 3795; x_wconf 76' lang='grc' dir='ltr'>ὅσα</span> <span class='ocrx_word' id='word_1_634' title='bbox 2909 3741 2937 3794; x_wconf 86' lang='grc' dir='ltr'>ὁ</span> <span class='ocrx_word' id='word_1_635' title='bbox 2991 3741 3161 3814; x_wconf 89' lang='grc' dir='ltr'>νόμος</span> <span class='ocrx_word' id='word_1_636' title='bbox 3223 3739 3392 3814; x_wconf 85' lang='grc' dir='ltr'>λέγει,</span> <span class='ocrx_word' id='word_1_637' title='bbox 3445 3745 3560 3800; x_wconf 89' lang='grc' dir='ltr'>τοῖς</span> <span class='ocrx_word' id='word_1_638' title='bbox 3613 3738 3664 3793; x_wconf 82' lang='grc' dir='ltr'>ἐν</span> <span class='ocrx_word' id='word_1_639' title='bbox 3719 3744 3800 3811; x_wconf 80' lang='grc' dir='ltr'>τῷ</span> 
     </span>
    </p>
   </div>
   <div class='ocr_carea' id='block_1_85' title="bbox 2160 3824 3797 3908">
    <p class='ocr_par' dir='ltr' id='par_1_85' title="bbox 2160 3824 3797 3908">
     <span class='ocr_line' id='line_1_86' title="bbox 2160 3824 3797 3908; baseline -0.001 -24"><span class='ocrx_word' id='word_1_640' title='bbox 2160 3832 2318 3904; x_wconf 87' lang='grc' dir='ltr'>νόμῳ</span> <span class='ocrx_word' id='word_1_641' title='bbox 2357 3827 2537 3884; x_wconf 87' lang='grc' dir='ltr'>λαλεῖ⁶</span> <span class='ocrx_word' id='word_1_642' title='bbox 2592 3829 2686 3883; x_wconf 69' lang='grc' dir='ltr'>’ίνα</span> <span class='ocrx_word' id='word_1_643' title='bbox 2735 3833 2838 3884; x_wconf 83' lang='grc' dir='ltr'>πᾶν</span> <span class='ocrx_word' id='word_1_644' title='bbox 2904 3830 3080 3902; x_wconf 85' lang='grc' dir='ltr'>στόμα</span> <span class='ocrx_word' id='word_1_645' title='bbox 3137 3834 3340 3908; x_wconf 71' lang='grc' dir='ltr'>φραγῇ,</span> <span class='ocrx_word' id='word_1_646' title='bbox 3399 3829 3490 3882; x_wconf 86' lang='grc' dir='ltr'>καὶ</span> <span class='ocrx_word' id='word_1_647' title='bbox 3541 3824 3797 3890; x_wconf 83' lang='grc' dir='ltr'>ὑπόδικος</span> 
     </span>
    </p>
   </div>
   <div class='ocr_carea' id='block_1_86' title="bbox 2159 3909 3796 3996">
    <p class='ocr_par' dir='ltr' id='par_1_86' title="bbox 2159 3909 3796 3996">
     <span class='ocr_line' id='line_1_87' title="bbox 2159 3909 3796 3996; baseline -0.003 -21"><span class='ocrx_word' id='word_1_648' title='bbox 2159 3919 2380 3996; x_wconf 83' lang='grc' dir='ltr'>γένηται</span> <span class='ocrx_word' id='word_1_649' title='bbox 2438 3925 2542 3980; x_wconf 79' lang='grc' dir='ltr'>πᾶς</span> <span class='ocrx_word' id='word_1_650' title='bbox 2599 3919 2628 3973; x_wconf 85' lang='grc' dir='ltr'>ὁ</span> <span class='ocrx_word' id='word_1_651' title='bbox 2693 3917 2899 3992; x_wconf 83' lang='grc' dir='ltr'>κόσμος</span> <span class='ocrx_word' id='word_1_652' title='bbox 2964 3923 3043 3991; x_wconf 80' lang='grc' dir='ltr'>τῷ</span> <span class='ocrx_word' id='word_1_653' title='bbox 3124 3923 3262 3991; x_wconf 81' lang='grc' dir='ltr'>Θεῷ.</span> <span class='ocrx_word' id='word_1_654' title='bbox 3322 3917 3466 3973; x_wconf 87' lang='grc' dir='ltr'>Διὸτι</span> <span class='ocrx_word' id='word_1_655' title='bbox 3521 3915 3570 3986; x_wconf 79' lang='grc' dir='ltr'>ἐξ</span> <span class='ocrx_word' id='word_1_656' title='bbox 3627 3909 3796 3991; x_wconf 77' lang='grc' dir='ltr'>ἔργων</span> 
     </span>
    </p>
   </div>
   <div class='ocr_carea' id='block_1_87' title="bbox 2159 4004 3803 4083">
    <p class='ocr_par' dir='ltr' id='par_1_87' title="bbox 2159 4004 3803 4083">
     <span class='ocr_line' id='line_1_88' title="bbox 2159 4004 3803 4083; baseline -0.003 -19"><span class='ocrx_word' id='word_1_657' title='bbox 2159 4011 2332 4083; x_wconf 87' lang='grc' dir='ltr'>νόμου</span> <span class='ocrx_word' id='word_1_658' title='bbox 2391 4007 2452 4064; x_wconf 77' lang='grc' dir='ltr'>οὐ</span> <span class='ocrx_word' id='word_1_659' title='bbox 2529 4005 2946 4078; x_wconf 73' lang='grc' dir='ltr'>δίκαιωθήσεται</span> <span class='ocrx_word' id='word_1_660' title='bbox 3018 4013 3160 4062; x_wconf 79' lang='grc' dir='ltr'>πᾶσα</span> <span class='ocrx_word' id='word_1_661' title='bbox 3243 4007 3370 4082; x_wconf 73' lang='grc' dir='ltr'>σὰρξ</span> <span class='ocrx_word' id='word_1_662' title='bbox 3425 4005 3652 4060; x_wconf 78' lang='grc' dir='ltr'>ἐνώπιον</span> <span class='ocrx_word' id='word_1_663' title='bbox 3703 4004 3803 4060; x_wconf 79' lang='grc' dir='ltr'>αὗ-</span> 
     </span>
    </p>
   </div>
   <div class='ocr_carea' id='block_1_88' title="bbox 2159 4119 2278 4154">
    <p class='ocr_par' dir='ltr' id='par_1_88' title="bbox 2159 4119 2278 4154">
     <span class='ocr_line' id='line_1_89' title="bbox 2159 4119 2278 4154; baseline 0.017 -2"><span class='ocrx_word' id='word_1_664' title='bbox 2159 4119 2278 4154; x_wconf 86' lang='grc' dir='ltr'>του.</span> 
     </span>
    </p>
   </div>
   <div class='ocr_carea' id='block_1_89' title="bbox 2231 4184 3802 4262">
    <p class='ocr_par' dir='ltr' id='par_1_89' title="bbox 2231 4184 3802 4262">
     <span class='ocr_line' id='line_1_90' title="bbox 2231 4184 3802 4262; baseline -0.002 -19"><span class='ocrx_word' id='word_1_665' title='bbox 2231 4189 2345 4244; x_wconf 87' lang='grc' dir='ltr'>Ἳνα</span> <span class='ocrx_word' id='word_1_666' title='bbox 2370 4189 2446 4260; x_wconf 82' lang='grc' dir='ltr'>μὴ</span> <span class='ocrx_word' id='word_1_667' title='bbox 2481 4187 2706 4262; x_wconf 82' lang='grc' dir='ltr'>λέγωσιν</span> <span class='ocrx_word' id='word_1_668' title='bbox 2737 4184 3013 4256; x_wconf 87' lang='grc' dir='ltr'>Ἰουδαῖοι,</span> <span class='ocrx_word' id='word_1_669' title='bbox 3042 4186 3144 4244; x_wconf 80' lang='grc' dir='ltr'>Καὶ</span> <span class='ocrx_word' id='word_1_670' title='bbox 3173 4187 3226 4241; x_wconf 86' lang='grc' dir='ltr'>τί</span> <span class='ocrx_word' id='word_1_671' title='bbox 3255 4187 3391 4262; x_wconf 82' lang='grc' dir='ltr'>πρὸς</span> <span class='ocrx_word' id='word_1_672' title='bbox 3422 4189 3568 4260; x_wconf 78' lang='grc' dir='ltr'>ἡμᾶς</span> <span class='ocrx_word' id='word_1_673' title='bbox 3597 4190 3802 4254; x_wconf 73' lang='grc' dir='ltr'>ταῦτας</span> 
     </span>
    </p>
   </div>
   <div class='ocr_carea' id='block_1_90' title="bbox 2163 4274 3806 4354">
    <p class='ocr_par' dir='ltr' id='par_1_90' title="bbox 2163 4274 3806 4354">
     <span class='ocr_line' id='line_1_91' title="bbox 2163 4274 3806 4354; baseline -0.005 -18"><span class='ocrx_word' id='word_1_674' title='bbox 2163 4279 2243 4336; x_wconf 81' lang='grc' dir='ltr'>Οὐ</span> <span class='ocrx_word' id='word_1_675' title='bbox 2275 4277 2487 4339; x_wconf 76' lang='grc' dir='ltr'>πάντως</span> <span class='ocrx_word' id='word_1_676' title='bbox 2528 4278 2630 4354; x_wconf 76' lang='grc' dir='ltr'>γὰρ</span> <span class='ocrx_word' id='word_1_677' title='bbox 2655 4277 2778 4352; x_wconf 84' lang='grc' dir='ltr'>περὶ</span> <span class='ocrx_word' id='word_1_678' title='bbox 2813 4277 2973 4350; x_wconf 78' lang='grc' dir='ltr'>ήμῶν</span> <span class='ocrx_word' id='word_1_679' title='bbox 3003 4274 3233 4350; x_wconf 60' lang='grc' dir='ltr'>εἴρηται.</span> <span class='ocrx_word' id='word_1_680' title='bbox 3293 4277 3421 4344; x_wconf 84' lang='grc' dir='ltr'>Ναὶ,</span> <span class='ocrx_word' id='word_1_681' title='bbox 3472 4275 3626 4350; x_wconf 79' lang='grc' dir='ltr'>φησὶ,</span> <span class='ocrx_word' id='word_1_682' title='bbox 3668 4274 3806 4348; x_wconf 84' lang='grc' dir='ltr'>πρὸς</span> 
     </span>
    </p>
   </div>
   <div class='ocr_carea' id='block_1_91' title="bbox 2165 4361 3800 4442">
    <p class='ocr_par' dir='ltr' id='par_1_91' title="bbox 2165 4361 3800 4442">
     <span class='ocr_line' id='line_1_92' title="bbox 2165 4361 3800 4442; baseline -0.002 -20"><span class='ocrx_word' id='word_1_683' title='bbox 2165 4369 2324 4442; x_wconf 81' lang='grc' dir='ltr'>ὑμᾶς,</span> <span class='ocrx_word' id='word_1_684' title='bbox 2361 4373 2560 4428; x_wconf 86' lang='grc' dir='ltr'>Πάντες</span> <span class='ocrx_word' id='word_1_685' title='bbox 2589 4367 2689 4442; x_wconf 86' lang='grc' dir='ltr'>γὰρ</span> <span class='ocrx_word' id='word_1_686' title='bbox 2719 4370 2879 4420; x_wconf 78' lang='grc' dir='ltr'>τοῦτο</span> <span class='ocrx_word' id='word_1_687' title='bbox 2939 4364 3114 4438; x_wconf 75' lang='grc' dir='ltr'>ἴσμεν,</span> <span class='ocrx_word' id='word_1_688' title='bbox 3168 4367 3253 4420; x_wconf 84' lang='grc' dir='ltr'>ὃτι</span> <span class='ocrx_word' id='word_1_689' title='bbox 3297 4365 3396 4420; x_wconf 81' lang='grc' dir='ltr'>ὅσα</span> <span class='ocrx_word' id='word_1_690' title='bbox 3429 4365 3456 4419; x_wconf 85' lang='grc' dir='ltr'>ὁ</span> <span class='ocrx_word' id='word_1_691' title='bbox 3495 4363 3663 4437; x_wconf 77' lang='grc' dir='ltr'>νόμος</span> <span class='ocrx_word' id='word_1_692' title='bbox 3711 4361 3800 4418; x_wconf 87' lang='grc' dir='ltr'>λέ-</span> 
     </span>
    </p>
   </div>
   <div class='ocr_carea' id='block_1_92' title="bbox 2163 4453 3801 4532">
    <p class='ocr_par' dir='ltr' id='par_1_92' title="bbox 2163 4453 3801 4532">
     <span class='ocr_line' id='line_1_93' title="bbox 2163 4453 3801 4532; baseline -0.003 -19"><span class='ocrx_word' id='word_1_693' title='bbox 2163 4479 2242 4532; x_wconf 86' lang='grc' dir='ltr'>γει</span> <span class='ocrx_word' id='word_1_694' title='bbox 2275 4459 2461 4532; x_wconf 78' lang='grc' dir='ltr'>(νόὴον</span> <span class='ocrx_word' id='word_1_695' title='bbox 2492 4455 2548 4512; x_wconf 67' lang='grc' dir='ltr'>δὲ</span> <span class='ocrx_word' id='word_1_696' title='bbox 2579 4455 2729 4532; x_wconf 77' lang='grc' dir='ltr'>λέγει</span> <span class='ocrx_word' id='word_1_697' title='bbox 2761 4463 2932 4512; x_wconf 80' lang='grc' dir='ltr'>πᾶσαν</span> <span class='ocrx_word' id='word_1_698' title='bbox 2955 4457 3052 4525; x_wconf 79' lang='grc' dir='ltr'>τὴν</span> <span class='ocrx_word' id='word_1_699' title='bbox 3103 4453 3390 4530; x_wconf 76' lang='grc' dir='ltr'>Παλαιὰν),</span> <span class='ocrx_word' id='word_1_700' title='bbox 3451 4461 3568 4518; x_wconf 87' lang='grc' dir='ltr'>τοῖς</span> <span class='ocrx_word' id='word_1_701' title='bbox 3623 4453 3673 4508; x_wconf 81' lang='grc' dir='ltr'>ἐν</span> <span class='ocrx_word' id='word_1_702' title='bbox 3721 4458 3801 4526; x_wconf 82' lang='grc' dir='ltr'>τῷ</span> 
     </span>
    </p>
   </div>
   <div class='ocr_carea' id='block_1_93' title="bbox 413 4539 2052 4622">
    <p class='ocr_par' dir='ltr' id='par_1_93' title="bbox 413 4549 2052 4622">
     <span class='ocr_line' id='line_1_94' title="bbox 413 4549 2052 4622; baseline -0.004 -14"><span class='ocrx_word' id='word_1_703' title='bbox 413 4555 836 4618; x_wconf 88' lang='lat' dir='ltr'>strumentum)</span> <span class='ocrx_word' id='word_1_704' title='bbox 867 4551 961 4607; x_wconf 87' lang='lat' dir='ltr'>his</span> <span class='ocrx_word' id='word_1_705' title='bbox 993 4551 1092 4622; x_wconf 88' lang='lat' dir='ltr'>qui</span> <span class='ocrx_word' id='word_1_706' title='bbox 1119 4551 1180 4605; x_wconf 90' lang='lat' dir='ltr'>in</span> <span class='ocrx_word' id='word_1_707' title='bbox 1223 4551 1353 4622; x_wconf 89' lang='lat' dir='ltr'>lege</span> <span class='ocrx_word' id='word_1_708' title='bbox 1403 4554 1540 4606; x_wconf 87' lang='lat' dir='ltr'>sunt</span> <span class='ocrx_word' id='word_1_709' title='bbox 1581 4549 1866 4620; x_wconf 86' lang='lat' dir='ltr'>loquitur.</span> <span class='ocrx_word' id='word_1_710' title='bbox 1917 4549 2052 4612; x_wconf 63' lang='lat' dir='ltr'>Quae</span> 
     </span>
    </p>
   </div>
   <div class='ocr_carea' id='block_1_94' title="bbox 2160 4539 3802 4622">
    <p class='ocr_par' dir='ltr' id='par_1_94' title="bbox 2161 4539 3802 4622">
     <span class='ocr_line' id='line_1_95' title="bbox 2161 4539 3802 4622; baseline -0.003 -20"><span class='ocrx_word' id='word_1_711' title='bbox 2161 4543 2314 4620; x_wconf 85' lang='grc' dir='ltr'>νόμῳ</span> <span class='ocrx_word' id='word_1_712' title='bbox 2343 4545 2523 4602; x_wconf 86' lang='grc' dir='ltr'>λαλεῖ.</span> <span class='ocrx_word' id='word_1_713' title='bbox 2559 4546 2694 4601; x_wconf 82' lang='grc' dir='ltr'>Ποία</span> <span class='ocrx_word' id='word_1_714' title='bbox 2722 4547 2823 4622; x_wconf 84' lang='grc' dir='ltr'>γὰρ</span> <span class='ocrx_word' id='word_1_715' title='bbox 2855 4545 2942 4614; x_wconf 82' lang='grc' dir='ltr'>ἦν,</span> <span class='ocrx_word' id='word_1_716' title='bbox 3003 4545 3188 4622; x_wconf 75' lang='grc' dir='ltr'>φησὶν,</span> <span class='ocrx_word' id='word_1_717' title='bbox 3246 4545 3451 4621; x_wconf 77' lang='grc' dir='ltr'>ἀνάγκη</span> <span class='ocrx_word' id='word_1_718' title='bbox 3512 4549 3592 4618; x_wconf 80' lang='grc' dir='ltr'>τῷ</span> <span class='ocrx_word' id='word_1_719' title='bbox 3637 4539 3802 4598; x_wconf 74' lang='grc' dir='ltr'>Δαυῖδ</span> 
     </span>
    </p>
   </div>
   <div class='ocr_carea' id='block_1_95' title="bbox 411 4638 2051 4710">
    <p class='ocr_par' dir='ltr' id='par_1_95' title="bbox 411 4638 2051 4710">
     <span class='ocr_line' id='line_1_96' title="bbox 411 4638 2051 4710; baseline -0.005 -12"><span class='ocrx_word' id='word_1_720' title='bbox 411 4649 535 4698; x_wconf 88' lang='lat' dir='ltr'>erat</span> <span class='ocrx_word' id='word_1_721' title='bbox 567 4643 724 4698; x_wconf 90' lang='lat' dir='ltr'>enim</span> <span class='ocrx_word' id='word_1_722' title='bbox 759 4641 1106 4704; x_wconf 89' lang='lat' dir='ltr'>necessitas,</span> <span class='ocrx_word' id='word_1_723' title='bbox 1141 4639 1352 4710; x_wconf 88' lang='lat' dir='ltr'>inquit,</span> <span class='ocrx_word' id='word_1_724' title='bbox 1385 4644 1450 4694; x_wconf 92' lang='lat' dir='ltr'>ut</span> <span class='ocrx_word' id='word_1_725' title='bbox 1473 4638 1650 4693; x_wconf 89' lang='lat' dir='ltr'>David</span> <span class='ocrx_word' id='word_1_726' title='bbox 1681 4643 1912 4694; x_wconf 84' lang='lat' dir='ltr'>exteros</span> <span class='ocrx_word' id='word_1_727' title='bbox 1960 4653 2051 4690; x_wconf 90' lang='lat' dir='ltr'>ar-</span> 
     </span>
    </p>
   </div>
   <div class='ocr_carea' id='block_1_96' title="bbox 409 4727 2052 4804">
    <p class='ocr_par' dir='ltr' id='par_1_96' title="bbox 409 4727 2052 4804">
     <span class='ocr_line' id='line_1_97' title="bbox 409 4727 2052 4804; baseline -0.004 -18"><span class='ocrx_word' id='word_1_728' title='bbox 409 4738 612 4804; x_wconf 87' lang='lat' dir='ltr'>gueret</span> <span class='ocrx_word' id='word_1_729' title='bbox 633 4737 822 4786; x_wconf 82' lang='lat' dir='ltr'>etnon</span> <span class='ocrx_word' id='word_1_730' title='bbox 847 4748 985 4785; x_wconf 92' lang='lat' dir='ltr'>suos</span> <span class='ocrx_word' id='word_1_731' title='bbox 1003 4729 1029 4783; x_wconf 81' lang='lat'><strong>?</strong></span> <span class='ocrx_word' id='word_1_732' title='bbox 1055 4735 1158 4784; x_wconf 89' lang='lat' dir='ltr'>aut</span> <span class='ocrx_word' id='word_1_733' title='bbox 1177 4733 1244 4784; x_wconf 87' lang='lat' dir='ltr'>ut</span> <span class='ocrx_word' id='word_1_734' title='bbox 1275 4729 1479 4796; x_wconf 88' lang='lat' dir='ltr'>Isaias,</span> <span class='ocrx_word' id='word_1_735' title='bbox 1505 4729 1604 4798; x_wconf 90' lang='lat' dir='ltr'>qui</span> <span class='ocrx_word' id='word_1_736' title='bbox 1627 4727 1700 4782; x_wconf 87' lang='lat' dir='ltr'>ad</span> <span class='ocrx_word' id='word_1_737' title='bbox 1715 4727 2052 4781; x_wconf 62' lang='lat' dir='ltr'>Iudaeorum</span> 
     </span>
    </p>
   </div>
   <div class='ocr_carea' id='block_1_97' title="bbox 407 4815 2054 4888">
    <p class='ocr_par' dir='ltr' id='par_1_97' title="bbox 407 4815 2054 4888">
     <span class='ocr_line' id='line_1_98' title="bbox 407 4815 2054 4888; baseline -0.005 -12"><span class='ocrx_word' id='word_1_738' title='bbox 407 4822 838 4876; x_wconf 88' lang='lat' dir='ltr'>correctionem</span> <span class='ocrx_word' id='word_1_739' title='bbox 861 4821 1117 4876; x_wconf 89' lang='lat' dir='ltr'>emissus</span> <span class='ocrx_word' id='word_1_740' title='bbox 1130 4817 1434 4885; x_wconf 90' lang='lat' dir='ltr'>erat,alios</span> <span class='ocrx_word' id='word_1_741' title='bbox 1459 4815 1770 4888; x_wconf 82' lang='lat' dir='ltr'>carperet?</span> <span class='ocrx_word' id='word_1_742' title='bbox 1788 4837 1816 4864; x_wconf 79' lang='grc' dir='ltr'>α</span> <span class='ocrx_word' id='word_1_743' title='bbox 1833 4817 1932 4870; x_wconf 81' lang='lat' dir='ltr'>llis</span> <span class='ocrx_word' id='word_1_744' title='bbox 1953 4815 2054 4886; x_wconf 90' lang='lat' dir='ltr'>qui</span> 
     </span>
    </p>
   </div>
   <div class='ocr_carea' id='block_1_98' title="bbox 413 4905 2054 4980">
    <p class='ocr_par' dir='ltr' id='par_1_98' title="bbox 413 4905 2054 4980">
     <span class='ocr_line' id='line_1_99' title="bbox 413 4905 2054 4980; baseline -0.004 -14"><span class='ocrx_word' id='word_1_745' title='bbox 413 4911 474 4966; x_wconf 92' lang='lat' dir='ltr'>in</span> <span class='ocrx_word' id='word_1_746' title='bbox 533 4909 658 4980; x_wconf 85' lang='lat' dir='ltr'>lege</span> <span class='ocrx_word' id='word_1_747' title='bbox 711 4915 850 4964; x_wconf 88' lang='lat' dir='ltr'>sunt</span> <span class='ocrx_word' id='word_1_748' title='bbox 905 4909 1188 4979; x_wconf 89' lang='lat' dir='ltr'>loquitur.</span> <span class='ocrx_word' id='word_1_749' title='bbox 1233 4929 1262 4957; x_wconf 85' lang='lat'><strong>»</strong></span> <span class='ocrx_word' id='word_1_750' title='bbox 1318 4908 1496 4962; x_wconf 89' lang='lat' dir='ltr'>Caute</span> <span class='ocrx_word' id='word_1_751' title='bbox 1553 4905 1874 4962; x_wconf 88' lang='lat' dir='ltr'>admodum</span> <span class='ocrx_word' id='word_1_752' title='bbox 1943 4905 2054 4960; x_wconf 87' lang='lat' dir='ltr'>hoc</span> 
     </span>
    </p>
   </div>
   <div class='ocr_carea' id='block_1_99' title="bbox 417 4995 2056 5070">
    <p class='ocr_par' dir='ltr' id='par_1_99' title="bbox 417 4995 2056 5070">
     <span class='ocr_line' id='line_1_100' title="bbox 417 4995 2056 5070; baseline -0.004 -14"><span class='ocrx_word' id='word_1_753' title='bbox 417 5001 572 5057; x_wconf 75' lang='lat'>240</span> <span class='ocrx_word' id='word_1_754' title='bbox 605 4998 820 5070; x_wconf 85' lang='lat' dir='ltr'>posuit.</span> <span class='ocrx_word' id='word_1_755' title='bbox 851 4999 1048 5067; x_wconf 79' lang='lat' dir='ltr'>Neque</span> <span class='ocrx_word' id='word_1_756' title='bbox 1082 4997 1241 5051; x_wconf 91' lang='lat' dir='ltr'>enim</span> <span class='ocrx_word' id='word_1_757' title='bbox 1274 4995 1456 5052; x_wconf 84' lang='lat' dir='ltr'>dixit:</span> <span class='ocrx_word' id='word_1_758' title='bbox 1495 4997 1570 5050; x_wconf 91' lang='lat' dir='ltr'>De</span> <span class='ocrx_word' id='word_1_759' title='bbox 1619 4995 1712 5050; x_wconf 86' lang='lat' dir='ltr'>bis</span> <span class='ocrx_word' id='word_1_760' title='bbox 1762 4995 1862 5065; x_wconf 89' lang='lat' dir='ltr'>qui</span> <span class='ocrx_word' id='word_1_761' title='bbox 1916 4999 2056 5052; x_wconf 89' lang='lat' dir='ltr'>sunt</span> 
     </span>
    </p>
   </div>
   <div class='ocr_carea' id='block_1_100' title="bbox 413 5083 2050 5160">
    <p class='ocr_par' dir='ltr' id='par_1_100' title="bbox 413 5083 2050 5160">
     <span class='ocr_line' id='line_1_101' title="bbox 413 5083 2050 5160; baseline -0.004 -17"><span class='ocrx_word' id='word_1_762' title='bbox 413 5089 475 5144; x_wconf 91' lang='lat' dir='ltr'>in</span> <span class='ocrx_word' id='word_1_763' title='bbox 508 5087 658 5160; x_wconf 87' lang='lat' dir='ltr'>lege,</span> <span class='ocrx_word' id='word_1_764' title='bbox 693 5087 815 5154; x_wconf 89' lang='lat' dir='ltr'>sed,</span> <span class='ocrx_word' id='word_1_765' title='bbox 853 5107 880 5136; x_wconf 80' lang='grc' dir='ltr'>ι(</span> <span class='ocrx_word' id='word_1_766' title='bbox 915 5085 1014 5139; x_wconf 83' lang='lat' dir='ltr'>His</span> <span class='ocrx_word' id='word_1_767' title='bbox 1046 5085 1144 5155; x_wconf 90' lang='lat' dir='ltr'>qui</span> <span class='ocrx_word' id='word_1_768' title='bbox 1179 5091 1316 5139; x_wconf 89' lang='lat' dir='ltr'>sunt</span> <span class='ocrx_word' id='word_1_769' title='bbox 1347 5085 1408 5138; x_wconf 89' lang='lat' dir='ltr'>in</span> <span class='ocrx_word' id='word_1_770' title='bbox 1439 5084 1586 5156; x_wconf 83' lang='lat' dir='ltr'>lege.</span> <span class='ocrx_word' id='word_1_771' title='bbox 1607 5105 1635 5134; x_wconf 85' lang='grc'><strong>››</strong></span> <span class='ocrx_word' id='word_1_772' title='bbox 1661 5083 1840 5140; x_wconf 89' lang='lat' dir='ltr'>Multa</span> <span class='ocrx_word' id='word_1_773' title='bbox 1862 5083 2050 5154; x_wconf 88' lang='lat' dir='ltr'>siqui-</span> 
     </span>
    </p>
   </div>
   <div class='ocr_carea' id='block_1_101' title="bbox 411 5171 2052 5247">
    <p class='ocr_par' dir='ltr' id='par_1_101' title="bbox 411 5171 2052 5247">
     <span class='ocr_line' id='line_1_102' title="bbox 411 5171 2052 5247; baseline -0.003 -14"><span class='ocrx_word' id='word_1_774' title='bbox 411 5177 546 5234; x_wconf 90' lang='lat' dir='ltr'>dem</span> <span class='ocrx_word' id='word_1_775' title='bbox 579 5183 637 5232; x_wconf 90' lang='lat' dir='ltr'>et</span> <span class='ocrx_word' id='word_1_776' title='bbox 665 5175 736 5230; x_wconf 88' lang='lat' dir='ltr'>de</span> <span class='ocrx_word' id='word_1_777' title='bbox 772 5173 1112 5247; x_wconf 81' lang='lat' dir='ltr'>Babyloniis</span> <span class='ocrx_word' id='word_1_778' title='bbox 1151 5172 1315 5242; x_wconf 90' lang='lat' dir='ltr'>dicit,</span> <span class='ocrx_word' id='word_1_779' title='bbox 1357 5173 1670 5244; x_wconf 88' lang='lat' dir='ltr'>Persisque</span> <span class='ocrx_word' id='word_1_780' title='bbox 1693 5171 1952 5228; x_wconf 87' lang='lat' dir='ltr'>etMedis</span> <span class='ocrx_word' id='word_1_781' title='bbox 1985 5189 2052 5228; x_wconf 89' lang='lat' dir='ltr'>ac</span> 
     </span>
    </p>
   </div>
   <div class='ocr_carea' id='block_1_102' title="bbox 407 5263 2052 5340">
    <p class='ocr_par' dir='ltr' id='par_1_102' title="bbox 407 5263 2052 5340">
     <span class='ocr_line' id='line_1_103' title="bbox 407 5263 2052 5340; baseline -0.004 -16"><span class='ocrx_word' id='word_1_782' title='bbox 407 5267 710 5340; x_wconf 73' lang='lat' dir='ltr'>Egyptiis,</span> <span class='ocrx_word' id='word_1_783' title='bbox 753 5265 1003 5336; x_wconf 88' lang='lat' dir='ltr'>aliisque</span> <span class='ocrx_word' id='word_1_784' title='bbox 1035 5264 1308 5334; x_wconf 90' lang='lat' dir='ltr'>plurimis</span> <span class='ocrx_word' id='word_1_785' title='bbox 1365 5263 1728 5320; x_wconf 87' lang='lat' dir='ltr'>nationibus.</span> <span class='ocrx_word' id='word_1_786' title='bbox 1781 5267 2052 5318; x_wconf 81' lang='lat' dir='ltr'>Attamen</span> 
     </span>
    </p>
   </div>
   <div class='ocr_carea' id='block_1_103' title="bbox 409 5352 2055 5426">
    <p class='ocr_par' dir='ltr' id='par_1_103' title="bbox 409 5352 2055 5426">
     <span class='ocr_line' id='line_1_104' title="bbox 409 5352 2055 5426; baseline -0.004 -14"><span class='ocrx_word' id='word_1_787' title='bbox 409 5357 590 5412; x_wconf 90' lang='lat' dir='ltr'>etiam</span> <span class='ocrx_word' id='word_1_788' title='bbox 623 5373 752 5426; x_wconf 65' lang='lat' dir='ltr'>quae</span> <span class='ocrx_word' id='word_1_789' title='bbox 785 5355 857 5410; x_wconf 92' lang='lat' dir='ltr'>de</span> <span class='ocrx_word' id='word_1_790' title='bbox 883 5355 976 5410; x_wconf 89' lang='lat' dir='ltr'>his</span> <span class='ocrx_word' id='word_1_791' title='bbox 1004 5360 1175 5410; x_wconf 90' lang='lat' dir='ltr'>erant</span> <span class='ocrx_word' id='word_1_792' title='bbox 1201 5354 1499 5418; x_wconf 88' lang='lat' dir='ltr'>vaticinia,</span> <span class='ocrx_word' id='word_1_793' title='bbox 1532 5353 1748 5408; x_wconf 73' lang='lat' dir='ltr'>Judaais</span> <span class='ocrx_word' id='word_1_794' title='bbox 1769 5352 2055 5408; x_wconf 65' lang='lat' dir='ltr'>afferebat</span> 
     </span>
    </p>
   </div>
   <div class='ocr_carea' id='block_1_104' title="bbox 412 5443 2053 5520">
    <p class='ocr_par' dir='ltr' id='par_1_104' title="bbox 412 5443 2053 5520">
     <span class='ocr_line' id='line_1_105' title="bbox 412 5443 2053 5520; baseline -0.004 -16"><span class='ocrx_word' id='word_1_795' title='bbox 412 5447 512 5520; x_wconf 89' lang='lat' dir='ltr'>qui</span> <span class='ocrx_word' id='word_1_796' title='bbox 545 5447 607 5501; x_wconf 92' lang='lat' dir='ltr'>in</span> <span class='ocrx_word' id='word_1_797' title='bbox 637 5445 764 5518; x_wconf 82' lang='lat' dir='ltr'>lege</span> <span class='ocrx_word' id='word_1_798' title='bbox 799 5451 986 5516; x_wconf 86' lang='lat' dir='ltr'>erant,</span> <span class='ocrx_word' id='word_1_799' title='bbox 1021 5445 1131 5501; x_wconf 90' lang='lat' dir='ltr'>hoc</span> <span class='ocrx_word' id='word_1_800' title='bbox 1163 5451 1252 5502; x_wconf 90' lang='lat' dir='ltr'>est</span> <span class='ocrx_word' id='word_1_801' title='bbox 1283 5443 1391 5500; x_wconf 89' lang='lat' dir='ltr'>sub</span> <span class='ocrx_word' id='word_1_802' title='bbox 1423 5445 1570 5518; x_wconf 84' lang='lat' dir='ltr'>lege.</span> <span class='ocrx_word' id='word_1_803' title='bbox 1605 5468 1631 5496; x_wconf 83' lang='grc' dir='ltr'>ι(</span> <span class='ocrx_word' id='word_1_804' title='bbox 1665 5445 1736 5500; x_wconf 90' lang='lat' dir='ltr'>Ut</span> <span class='ocrx_word' id='word_1_805' title='bbox 1778 5461 1953 5499; x_wconf 89' lang='lat' dir='ltr'>omne</span> <span class='ocrx_word' id='word_1_806' title='bbox 1987 5461 2053 5498; x_wconf 89' lang='lat' dir='ltr'>os</span> 
     </span>
    </p>
   </div>
   <div class='ocr_carea' id='block_1_105' title="bbox 411 5533 2051 5608">
    <p class='ocr_par' dir='ltr' id='par_1_105' title="bbox 411 5533 2051 5608">
     <span class='ocr_line' id='line_1_106' title="bbox 411 5533 2051 5608; baseline -0.002 -15"><span class='ocrx_word' id='word_1_807' title='bbox 411 5536 738 5595; x_wconf 88' lang='lat' dir='ltr'>obturetur.</span> <span class='ocrx_word' id='word_1_808' title='bbox 773 5559 802 5586; x_wconf 84' lang='lat'>»</span> <span class='ocrx_word' id='word_1_809' title='bbox 834 5535 1104 5593; x_wconf 84' lang='lat' dir='ltr'>Ostendit</span> <span class='ocrx_word' id='word_1_810' title='bbox 1141 5535 1454 5608; x_wconf 79' lang='lat' dir='ltr'>magniﬁce</span> <span class='ocrx_word' id='word_1_811' title='bbox 1505 5534 1817 5606; x_wconf 88' lang='lat' dir='ltr'>loquentes</span> <span class='ocrx_word' id='word_1_812' title='bbox 1867 5533 1939 5588; x_wconf 89' lang='lat' dir='ltr'>de</span> <span class='ocrx_word' id='word_1_813' title='bbox 1989 5549 2051 5590; x_wconf 90' lang='lat' dir='ltr'>se</span> 
     </span>
    </p>
   </div>
   <div class='ocr_carea' id='block_1_106' title="bbox 411 5622 2052 5700">
    <p class='ocr_par' dir='ltr' id='par_1_106' title="bbox 411 5622 2052 5700">
     <span class='ocr_line' id='line_1_107' title="bbox 411 5622 2052 5700; baseline -0.003 -16"><span class='ocrx_word' id='word_1_814' title='bbox 411 5626 666 5686; x_wconf 67' lang='lat' dir='ltr'>Judaaos.</span> <span class='ocrx_word' id='word_1_815' title='bbox 701 5625 782 5684; x_wconf 90' lang='lat' dir='ltr'>Ob</span> <span class='ocrx_word' id='word_1_816' title='bbox 813 5627 925 5683; x_wconf 91' lang='lat' dir='ltr'>hoc</span> <span class='ocrx_word' id='word_1_817' title='bbox 947 5642 1082 5700; x_wconf 84' lang='lat' dir='ltr'>ergo</span> <span class='ocrx_word' id='word_1_818' title='bbox 1107 5625 1508 5698; x_wconf 81' lang='lat' dir='ltr'>arguebantur</span> <span class='ocrx_word' id='word_1_819' title='bbox 1535 5639 1570 5679; x_wconf 87' lang='lat' dir='ltr'>a</span> <span class='ocrx_word' id='word_1_820' title='bbox 1589 5622 1916 5696; x_wconf 82' lang='lat' dir='ltr'>prophetis,</span> <span class='ocrx_word' id='word_1_821' title='bbox 1935 5639 2052 5696; x_wconf 89' lang='lat' dir='ltr'>quo</span> 
     </span>
    </p>
   </div>
   <div class='ocr_carea' id='block_1_107' title="bbox 2163 4632 3804 4712">
    <p class='ocr_par' dir='ltr' id='par_1_107' title="bbox 2163 4632 3804 4712">
     <span class='ocr_line' id='line_1_108' title="bbox 2163 4632 3804 4712; baseline -0.002 -22"><span class='ocrx_word' id='word_1_822' title='bbox 2163 4637 2358 4712; x_wconf 84' lang='grc' dir='ltr'>ἐτέρων</span> <span class='ocrx_word' id='word_1_823' title='bbox 2389 4641 2720 4710; x_wconf 81' lang='grc' dir='ltr'>κατηγορτῖν</span> <span class='ocrx_word' id='word_1_824' title='bbox 2751 4635 2840 4690; x_wconf 77' lang='grc' dir='ltr'>καὶ</span> <span class='ocrx_word' id='word_1_825' title='bbox 2869 4635 3000 4709; x_wconf 81' lang='grc' dir='ltr'>οὐχὶ</span> <span class='ocrx_word' id='word_1_826' title='bbox 3025 4639 3133 4688; x_wconf 84' lang='grc' dir='ltr'>τῶν</span> <span class='ocrx_word' id='word_1_827' title='bbox 3167 4633 3402 4704; x_wconf 78' lang='grc' dir='ltr'>οἰκείων,</span> <span class='ocrx_word' id='word_1_828' title='bbox 3457 4634 3550 4688; x_wconf 78' lang='grc' dir='ltr'>καὶ</span> <span class='ocrx_word' id='word_1_829' title='bbox 3597 4632 3804 4696; x_wconf 75' lang='grc' dir='ltr'>ἄλλους</span> 
     </span>
    </p>
   </div>
   <div class='ocr_carea' id='block_1_108' title="bbox 2161 4719 3802 4800">
    <p class='ocr_par' dir='ltr' id='par_1_108' title="bbox 2161 4719 3802 4800">
     <span class='ocr_line' id='line_1_109' title="bbox 2161 4719 3802 4800; baseline -0.002 -20"><span class='ocrx_word' id='word_1_830' title='bbox 2161 4724 2432 4800; x_wconf 70' lang='grc' dir='ltr'>ἐλέγχειν,</span> <span class='ocrx_word' id='word_1_831' title='bbox 2463 4726 2554 4778; x_wconf 90' lang='grc' dir='ltr'>τὸν</span> <span class='ocrx_word' id='word_1_832' title='bbox 2613 4725 2690 4788; x_wconf 82' lang='grc' dir='ltr'>εἰς</span> <span class='ocrx_word' id='word_1_833' title='bbox 2752 4721 3040 4798; x_wconf 82' lang='grc' dir='ltr'>διόρθωσιν</span> <span class='ocrx_word' id='word_1_834' title='bbox 3095 4719 3372 4779; x_wconf 81' lang='grc' dir='ltr'>Ἰουδαίων</span> <span class='ocrx_word' id='word_1_835' title='bbox 3429 4721 3802 4778; x_wconf 77' lang='grc' dir='ltr'>ἀποσταλέντα</span> 
     </span>
    </p>
   </div>
   <div class='ocr_carea' id='block_1_109' title="bbox 2159 4809 3798 4886">
    <p class='ocr_par' dir='ltr' id='par_1_109' title="bbox 2159 4809 3798 4886">
     <span class='ocr_line' id='line_1_110' title="bbox 2159 4809 3798 4886; baseline -0.002 -16"><span class='ocrx_word' id='word_1_836' title='bbox 2159 4811 2381 4870; x_wconf 75' lang='grc' dir='ltr'>Ἠσαίαν</span> <span class='ocrx_word' id='word_1_837' title='bbox 2415 4836 2430 4881; x_wconf 73' lang='grc' dir='ltr'>ς</span> <span class='ocrx_word' id='word_1_838' title='bbox 2464 4837 2492 4866; x_wconf 79' lang='grc' dir='ltr'>ι(</span> <span class='ocrx_word' id='word_1_839' title='bbox 2523 4816 2656 4876; x_wconf 84' lang='grc' dir='ltr'>Τοῖς</span> <span class='ocrx_word' id='word_1_840' title='bbox 2686 4812 2738 4867; x_wconf 89' lang='grc' dir='ltr'>έν</span> <span class='ocrx_word' id='word_1_841' title='bbox 2765 4817 2844 4885; x_wconf 81' lang='grc' dir='ltr'>τῷ</span> <span class='ocrx_word' id='word_1_842' title='bbox 2873 4813 3030 4884; x_wconf 83' lang='grc' dir='ltr'>νόμῳ</span> <span class='ocrx_word' id='word_1_843' title='bbox 3061 4811 3240 4866; x_wconf 75' lang='grc' dir='ltr'>λαλεῖ.</span> <span class='ocrx_word' id='word_1_844' title='bbox 3277 4837 3305 4863; x_wconf 91' lang='grc'><strong>››</strong></span> <span class='ocrx_word' id='word_1_845' title='bbox 3345 4813 3452 4867; x_wconf 77' lang='grc' dir='ltr'>Σὺν</span> <span class='ocrx_word' id='word_1_846' title='bbox 3491 4809 3679 4886; x_wconf 81' lang='grc' dir='ltr'>πολλῇ</span> <span class='ocrx_word' id='word_1_847' title='bbox 3711 4813 3798 4866; x_wconf 83' lang='grc' dir='ltr'>καὶ</span> 
     </span>
    </p>
   </div>
   <div class='ocr_carea' id='block_1_110' title="bbox 2159 4897 3798 4978">
    <p class='ocr_par' dir='ltr' id='par_1_110' title="bbox 2159 4897 3798 4978">
     <span class='ocr_line' id='line_1_111' title="bbox 2159 4897 3798 4978; baseline -0.002 -21"><span class='ocrx_word' id='word_1_848' title='bbox 2159 4907 2322 4957; x_wconf 79' lang='grc' dir='ltr'>τοῦτο</span> <span class='ocrx_word' id='word_1_849' title='bbox 2351 4905 2583 4966; x_wconf 78' lang='grc' dir='ltr'>τέθεικεν</span> <span class='ocrx_word' id='word_1_850' title='bbox 2615 4897 2880 4978; x_wconf 82' lang='grc' dir='ltr'>ἀκριϐείᾳ.</span> <span class='ocrx_word' id='word_1_851' title='bbox 2939 4900 3016 4958; x_wconf 85' lang='grc' dir='ltr'>Οὐ</span> <span class='ocrx_word' id='word_1_852' title='bbox 3053 4901 3155 4976; x_wconf 78' lang='grc' dir='ltr'>γὰρ</span> <span class='ocrx_word' id='word_1_853' title='bbox 3196 4901 3339 4969; x_wconf 77' lang='grc' dir='ltr'>ὸῖπε,</span> <span class='ocrx_word' id='word_1_854' title='bbox 3398 4901 3532 4976; x_wconf 83' lang='grc' dir='ltr'>Περὶ</span> <span class='ocrx_word' id='word_1_855' title='bbox 3587 4906 3694 4955; x_wconf 80' lang='grc' dir='ltr'>τῶν</span> <span class='ocrx_word' id='word_1_856' title='bbox 3745 4901 3798 4956; x_wconf 79' lang='grc' dir='ltr'>έν</span> 
     </span>
    </p>
   </div>
   <div class='ocr_carea' id='block_1_111' title="bbox 2161 4987 3804 5066">
    <p class='ocr_par' dir='ltr' id='par_1_111' title="bbox 2161 4987 3804 5066">
     <span class='ocr_line' id='line_1_112' title="bbox 2161 4987 3804 5066; baseline -0.002 -20"><span class='ocrx_word' id='word_1_857' title='bbox 2161 4991 2338 5065; x_wconf 83' lang='grc' dir='ltr'>νόμῳ,</span> <span class='ocrx_word' id='word_1_858' title='bbox 2370 4989 2536 5058; x_wconf 74' lang='grc' dir='ltr'>ἀλλὰ,</span> <span class='ocrx_word' id='word_1_859' title='bbox 2568 5017 2595 5043; x_wconf 89' lang='grc'><em>‹‹</em></span> <span class='ocrx_word' id='word_1_860' title='bbox 2625 4993 2752 5052; x_wconf 84' lang='grc' dir='ltr'>Τοῖς</span> <span class='ocrx_word' id='word_1_861' title='bbox 2787 4989 2837 5046; x_wconf 85' lang='grc' dir='ltr'>έν</span> <span class='ocrx_word' id='word_1_862' title='bbox 2865 4991 3037 5064; x_wconf 88' lang='grc' dir='ltr'>νόμῳ.</span> <span class='ocrx_word' id='word_1_863' title='bbox 3073 5015 3101 5042; x_wconf 82' lang='grc'><strong>››</strong></span> <span class='ocrx_word' id='word_1_864' title='bbox 3137 4987 3330 5045; x_wconf 83' lang='grc' dir='ltr'>Πολλὰ</span> <span class='ocrx_word' id='word_1_865' title='bbox 3387 4989 3490 5066; x_wconf 79' lang='grc' dir='ltr'>γὰρ</span> <span class='ocrx_word' id='word_1_866' title='bbox 3537 4989 3628 5044; x_wconf 83' lang='grc' dir='ltr'>καὶ</span> <span class='ocrx_word' id='word_1_867' title='bbox 3679 4989 3804 5065; x_wconf 85' lang='grc' dir='ltr'>περὶ</span> 
     </span>
    </p>
   </div>
   <div class='ocr_carea' id='block_1_112' title="bbox 2163 5077 3801 5156">
    <p class='ocr_par' dir='ltr' id='par_1_112' title="bbox 2163 5077 3801 5156">
     <span class='ocr_line' id='line_1_113' title="bbox 2163 5077 3801 5156; baseline -0.005 -16"><span class='ocrx_word' id='word_1_868' title='bbox 2163 5079 2529 5140; x_wconf 82' lang='grc' dir='ltr'>Βαϐυλωνίων</span> <span class='ocrx_word' id='word_1_869' title='bbox 2566 5079 2732 5156; x_wconf 84' lang='grc' dir='ltr'>λέγει,</span> <span class='ocrx_word' id='word_1_870' title='bbox 2773 5084 2990 5156; x_wconf 82' lang='grc' dir='ltr'>Περσῶν</span> <span class='ocrx_word' id='word_1_871' title='bbox 3039 5101 3098 5134; x_wconf 91' lang='grc' dir='ltr'>τε</span> <span class='ocrx_word' id='word_1_872' title='bbox 3153 5080 3242 5134; x_wconf 78' lang='grc' dir='ltr'>καὶ</span> <span class='ocrx_word' id='word_1_873' title='bbox 3303 5077 3506 5149; x_wconf 77' lang='grc' dir='ltr'>Μήδων</span> <span class='ocrx_word' id='word_1_874' title='bbox 3552 5079 3642 5134; x_wconf 82' lang='grc' dir='ltr'>καὶ</span> <span class='ocrx_word' id='word_1_875' title='bbox 3703 5079 3801 5134; x_wconf 75' lang='lat' dir='ltr'>Ai-</span> 
     </span>
    </p>
   </div>
   <div class='ocr_carea' id='block_1_113' title="bbox 2163 5167 3804 5250">
    <p class='ocr_par' dir='ltr' id='par_1_113' title="bbox 2163 5167 3804 5250">
     <span class='ocr_line' id='line_1_114' title="bbox 2163 5167 3804 5250; baseline -0.002 -24"><span class='ocrx_word' id='word_1_876' title='bbox 2163 5171 2425 5250; x_wconf 83' lang='grc' dir='ltr'>γυπτίιυν,</span> <span class='ocrx_word' id='word_1_877' title='bbox 2467 5169 2554 5224; x_wconf 83' lang='grc' dir='ltr'>καὶ</span> <span class='ocrx_word' id='word_1_878' title='bbox 2611 5171 2806 5243; x_wconf 70' lang='grc' dir='ltr'>ἑτέρων</span> <span class='ocrx_word' id='word_1_879' title='bbox 2865 5167 3134 5223; x_wconf 88' lang='grc' dir='ltr'>πλείστων</span> <span class='ocrx_word' id='word_1_880' title='bbox 3193 5167 3378 5225; x_wconf 81' lang='grc' dir='ltr'>ἐθνῶν.</span> <span class='ocrx_word' id='word_1_881' title='bbox 3437 5167 3595 5224; x_wconf 88' lang='grc' dir='ltr'>Ἀλλ’</span> <span class='ocrx_word' id='word_1_882' title='bbox 3651 5169 3804 5241; x_wconf 73' lang='grc' dir='ltr'>ὅμως</span> 
     </span>
    </p>
   </div>
   <div class='ocr_carea' id='block_1_114' title="bbox 2163 5257 3800 5332">
    <p class='ocr_par' dir='ltr' id='par_1_114' title="bbox 2163 5257 3800 5332">
     <span class='ocr_line' id='line_1_115' title="bbox 2163 5257 3800 5332; baseline -0.004 -15"><span class='ocrx_word' id='word_1_883' title='bbox 2163 5257 2463 5322; x_wconf 85' lang='grc' dir='ltr'>Ἰουδαίδυς</span> <span class='ocrx_word' id='word_1_884' title='bbox 2510 5259 2600 5314; x_wconf 87' lang='grc' dir='ltr'>καὶ</span> <span class='ocrx_word' id='word_1_885' title='bbox 2657 5259 2751 5320; x_wconf 71' lang='grc' dir='ltr'>τὰς</span> <span class='ocrx_word' id='word_1_886' title='bbox 2809 5259 2930 5331; x_wconf 83' lang='grc' dir='ltr'>περὶ</span> <span class='ocrx_word' id='word_1_887' title='bbox 2986 5258 3191 5313; x_wconf 76' lang='grc' dir='ltr'>τούτων</span> <span class='ocrx_word' id='word_1_888' title='bbox 3247 5257 3583 5332; x_wconf 69' lang='grc' dir='ltr'>προρρήσεις</span> <span class='ocrx_word' id='word_1_889' title='bbox 3636 5277 3800 5332; x_wconf 84' lang='grc' dir='ltr'>προσ-</span> 
     </span>
    </p>
   </div>
   <div class='ocr_carea' id='block_1_115' title="bbox 2163 5347 3796 5428">
    <p class='ocr_par' dir='ltr' id='par_1_115' title="bbox 2163 5347 3796 5428">
     <span class='ocr_line' id='line_1_116' title="bbox 2163 5347 3796 5428; baseline -0.003 -22"><span class='ocrx_word' id='word_1_890' title='bbox 2163 5352 2345 5428; x_wconf 81' lang='grc' dir='ltr'>έφερεν</span> <span class='ocrx_word' id='word_1_891' title='bbox 2373 5355 2490 5411; x_wconf 88' lang='grc' dir='ltr'>τοῖς</span> <span class='ocrx_word' id='word_1_892' title='bbox 2524 5347 2575 5403; x_wconf 81' lang='grc' dir='ltr'>έν</span> <span class='ocrx_word' id='word_1_893' title='bbox 2607 5353 2686 5420; x_wconf 83' lang='grc' dir='ltr'>τῷ</span> <span class='ocrx_word' id='word_1_894' title='bbox 2741 5349 2915 5421; x_wconf 81' lang='grc' dir='ltr'>νόμῷ,</span> <span class='ocrx_word' id='word_1_895' title='bbox 2973 5348 3218 5402; x_wconf 87' lang='grc' dir='ltr'>τουτέστι</span> <span class='ocrx_word' id='word_1_896' title='bbox 3273 5351 3391 5407; x_wconf 84' lang='grc' dir='ltr'>τοῖς</span> <span class='ocrx_word' id='word_1_897' title='bbox 3451 5347 3556 5402; x_wconf 81' lang='grc' dir='ltr'>ὑπὸ</span> <span class='ocrx_word' id='word_1_898' title='bbox 3611 5347 3796 5418; x_wconf 87' lang='grc' dir='ltr'>νόμον.</span> 
     </span>
    </p>
   </div>
   <div class='ocr_carea' id='block_1_116' title="bbox 2166 5431 3798 5514">
    <p class='ocr_par' dir='ltr' id='par_1_116' title="bbox 2166 5431 3798 5514">
     <span class='ocr_line' id='line_1_117' title="bbox 2166 5431 3798 5514; baseline -0.001 -24"><span class='ocrx_word' id='word_1_899' title='bbox 2166 5464 2192 5490; x_wconf 87' lang='grc' dir='ltr'>(ι</span> <span class='ocrx_word' id='word_1_900' title='bbox 2223 5442 2340 5496; x_wconf 65' lang='lat' dir='ltr'>&quot;Iv:</span> <span class='ocrx_word' id='word_1_901' title='bbox 2369 5443 2470 5493; x_wconf 83' lang='grc' dir='ltr'>πᾶν</span> <span class='ocrx_word' id='word_1_902' title='bbox 2517 5437 2693 5511; x_wconf 87' lang='grc' dir='ltr'>στόμα</span> <span class='ocrx_word' id='word_1_903' title='bbox 2749 5439 2954 5514; x_wconf 77' lang='grc' dir='ltr'>φραγῇ.</span> <span class='ocrx_word' id='word_1_904' title='bbox 2988 5460 3016 5488; x_wconf 86' lang='grc'><strong>››</strong></span> <span class='ocrx_word' id='word_1_905' title='bbox 3078 5436 3317 5491; x_wconf 84' lang='grc' dir='ltr'>Δείκνυσι</span> <span class='ocrx_word' id='word_1_906' title='bbox 3379 5431 3798 5510; x_wconf 71' lang='grc' dir='ltr'>μεγαλοῤῥήμο-</span> 
     </span>
    </p>
   </div>
   <div class='ocr_carea' id='block_1_117' title="bbox 2160 5522 3794 5602">
    <p class='ocr_par' dir='ltr' id='par_1_117' title="bbox 2160 5522 3794 5602">
     <span class='ocr_line' id='line_1_118' title="bbox 2160 5522 3794 5602; baseline -0.004 -18"><span class='ocrx_word' id='word_1_907' title='bbox 2160 5549 2250 5590; x_wconf 85' lang='grc' dir='ltr'>νας</span> <span class='ocrx_word' id='word_1_908' title='bbox 2280 5525 2405 5590; x_wconf 75' lang='grc' dir='ltr'>τοὺς</span> <span class='ocrx_word' id='word_1_909' title='bbox 2436 5525 2750 5589; x_wconf 87' lang='grc' dir='ltr'>Ἰουδαίους.</span> <span class='ocrx_word' id='word_1_910' title='bbox 2785 5527 2883 5582; x_wconf 72' lang='grc' dir='ltr'>Διά</span> <span class='ocrx_word' id='word_1_911' title='bbox 2930 5529 3090 5582; x_wconf 81' lang='grc' dir='ltr'>τοῦτο</span> <span class='ocrx_word' id='word_1_912' title='bbox 3143 5529 3427 5602; x_wconf 79' lang='grc' dir='ltr'>τοιγαροῦν</span> <span class='ocrx_word' id='word_1_913' title='bbox 3483 5522 3794 5602; x_wconf 78' lang='grc' dir='ltr'>ἠλέγχοντο</span> 
     </span>
    </p>
   </div>
   <div class='ocr_carea' id='block_1_118' title="bbox 2163 5613 3792 5696">
    <p class='ocr_par' dir='ltr' id='par_1_118' title="bbox 2163 5613 3792 5696">
     <span class='ocr_line' id='line_1_119' title="bbox 2163 5613 3792 5696; baseline -0.002 -22"><span class='ocrx_word' id='word_1_914' title='bbox 2163 5617 2267 5674; x_wconf 83' lang='grc' dir='ltr'>ὑπὸ</span> <span class='ocrx_word' id='word_1_915' title='bbox 2296 5621 2404 5674; x_wconf 81' lang='grc' dir='ltr'>τῶν</span> <span class='ocrx_word' id='word_1_916' title='bbox 2437 5621 2762 5696; x_wconf 72' lang='grc' dir='ltr'>ὦροφητῶν,</span> <span class='ocrx_word' id='word_1_917' title='bbox 2788 5615 2882 5672; x_wconf 74' lang='grc' dir='ltr'>’ίνα</span> <span class='ocrx_word' id='word_1_918' title='bbox 2929 5621 3035 5672; x_wconf 81' lang='grc' dir='ltr'>τῶν</span> <span class='ocrx_word' id='word_1_919' title='bbox 3099 5613 3418 5694; x_wconf 82' lang='grc' dir='ltr'>μεγαλορῥη</span> <span class='ocrx_word' id='word_1_920' title='bbox 3431 5614 3605 5689; x_wconf 84' lang='grc' dir='ltr'>μόνων</span> <span class='ocrx_word' id='word_1_921' title='bbox 3655 5613 3792 5670; x_wconf 80' lang='grc' dir='ltr'>ἀπο-</span> 
     </span>
    </p>
   </div>
  </div>
