4222 6194
384 327 503 387 381

1458 319 1866 383 COMMEN'I‘.
1911 321 1998 382 IN
2047 321 2294 384 EPIST.
2340 327 2447 386 AD
2493 328 2681 388 ROM.
3112 336 3141 361 ‘

3676 334 3797 395 382

386 459 574 536 φραγῇ
604 455 670 511 τὰ
723 455 987 529 στόματα.
1048 478 1076 506 ‹‹
1111 454 1211 511 Καὶ
1275 449 1536 517 ὑπόδικος
1589 452 1811 529 γενηται
1869 457 1973 514 πᾶς
2006 452 2034 507 6

2148 454 2409 513 inaniter
2437 475 2567 516 sese
2617 462 2974 533 jactantium
3033 465 3456 522 obturarentur
3513 483 3636 523 ora.
3665 490 3694 519 «
3731 471 3801 522 Et

385 549 597 623 κόσμος
624 568 704 619 τῳ
735 550 875 619 Θεῷ.
911 570 939 597 ››
968 545 1231 603 Τοιοῦτόν
1280 565 1332 600 τι
1387 543 1693 600 αἰνίττεται·
1724 544 1823 597 Δια
1848 546 2037 612 τοῦτο,

394 639 585 719 φησὶν,
616 637 671 691 οἱ
700 642 978 712 προφῆται
1010 632 1326 709 διήλεγξαι,
1358 633 1447 689 καὶ
1479 630 1682 703 ἓδειξαν
1714 632 1842 695 τοὺς
1900 634 2041 688 Ἰου-

393 726 578 789 δαίους
609 727 728 796 εἷκῆ
766 724 1405 803 μεγαλοῤῥημονοῦντας,
1443 722 1657 797 μᾶλλον
1691 721 1749 778 δὲ
1786 721 1916 779 ὅλον
1944 723 2037 777 τὸν

388 818 596 893 κόσμον
632 816 926 872 ὑπεύθυνον
975 813 1287 889 ἁμαρτίαις,
1316 815 1406 869 ’ἱνα
1461 810 1912 887 προδοποιήσωσι
1967 816 2036 886 τῇ

391 909 594 977 πίστει,
625 906 717 962 καὶ
758 906 1118 981 γινώσκοντες
1176 905 1228 959 οἱ
1284 901 1561 979 ἄνθρωποι
1617 903 1703 958 ὅτι
1761 901 1885 958 οὔτε
1931 900 2037 956 ἀπὸ

389 999 561 1070 νόμου
592 995 683 1051 καὶ
714 1000 1044 1068 περιτομῆς,
1077 994 1200 1050 οὒτε
1246 992 1353 1048 ἀπὸ
1405 986 1768 1066 ἀκροϐυστίας
1818 989 1895 1046 ἔνι
1927 1011 2037 1045 σω-

391 1092 570 1159 θῆναι,
631 1084 874 1162 εὐχερῶς
924 1090 1004 1158 τῷ
1032 1086 1254 1157 Χριστῷ
1284 1082 1651 1159 προσέλθωσι,
1717 1086 1795 1154 τῷ
1847 1083 2036 1159 χάριτι

390 1176 621 1246 σώζοντι
654 1177 716 1231 τὸ
746 1174 902 1252 γένος
933 1178 1041 1231 τῶν
1070 1174 1388 1249 ἀνθρώπων.
1426 1174 1528 1229 Καὶ
1583 1168 1863 1242 ὑπόδικος,
1901 1172 2037 1227 ὑπό-

388 1287 555 1343 χρεος
590 1264 667 1327 εἷς
695 1265 757 1320 τὸ
786 1269 1068 1320 πιστεῦσαι
1108 1267 1329 1337 Χριστῷ
1358 1267 1438 1335 τῷ
1471 1266 1607 1334 Θεῷ.
1654 1261 1721 1318 Εἰ
1771 1261 1876 1336 γὰρ
1920 1266 2037 1322 τοῖς

386 1356 492 1433 ὑπό
523 1355 691 1430 νόμον
732 1352 949 1430 εἷ’ρηται
981 1354 1068 1409 ὑπ’
1098 1352 1274 1409 αὐτῶν
1302 1356 1408 1406 τῶν
1452 1356 1775 1431 προφητῶν,
1806 1349 1890 1406 ὅτι
1940 1350 2039 1406 οὐκ

384 1441 802 1520 ὀρθοποδοῦσιν,
835 1441 981 1498 ἀλλὰ
1011 1442 1203 1520 πόρρω
1233 1449 1332 1512 τῆς
1365 1441 1532 1516 ὀρθῆς
1594 1437 1881 1513 βαδίζουσι
1934 1461 2040 1495 πο-

385 1533 616 1603 λιτείας,
646 1530 801 1588 τὰδὲ
848 1531 968 1603 ἔθνη
1027 1530 1227 1604 πολλῷ
1284 1530 1498 1605 μᾶλλον
1562 1529 1797 1606 ὑπάρχει
1854 1529 1905 1584 ἐν
1936 1529 2039 1584 ἁπ-

387 1622 562 1693 ωλείᾳ
589 1623 680 1677 καὶ
713 1620 915 1696 πλάνῃ,
940 1619 1318 1691 δηλονότιπᾶς
1338 1621 1366 1675 6
1396 1621 1603 1694 κόσμος
1634 1619 1907 1698 ὑπόχρεος
1928 1617 2039 1673 ἐστι

387 1716 672 1768 πιστεῦσαι
712 1712 931 1785 Χριστῷ
986 1715 1065 1783 τῷ
1095 1715 1211 1783 Θεῷ
1268 1714 1347 1783 τῷ
1398 1708 1547 1782 μόνῳ
1603 1706 1883 1782 δυναμένῳ
1944 1706 2037 1783 ῥύ-

390 1801 705 1857 σασθαικαὶ
745 1797 1041 1863 Ἰουδαίους
1089 1800 1181 1855 καὶ
1238 1797 1519 1870 ’Έλληνας
1575 1799 1666 1854 καὶ
1722 1798 1895 1854 πάντα
1948 1797 2039 1852 τὸν

384 1891 596 1964 κόσμον
628 1887 721 1946 διὰ
748 1896 849 1960 τῆς
898 1888 1099 1950 οἰκείας
1132 1889 1363 1968 χάριτος
1394 1886 1455 1943 ἐκ
1480 1892 1588 1943 τῶν
1625 1887 2037 1964 ἁμαρτημάτων

384 1979 563 2036 αὐτῶν
595 1980 686 2037 καὶ
717 1986 819 2049 τῆς
854 1983 1063 2053 μακρᾶς
1092 1976 1310 2047 πλάνης
1349 1977 1441 2033 καὶ
1500 1974 1778 2037 ἀπωλείας
1838 1974 2036 2033 αὐτῶν.

383 2070 521 2127 Εἶτα
554 2067 721 2125 πάλιν
756 2068 937 2143 ὥσπερ
968 2067 1285 2122 ἁντιπίπτον
1315 2066 1457 2124 λύει.
1512 2068 1629 2122 Ἵνα
1681 2065 1785 2142 γὰρ
1847 2066 1922 2139 μή
1954 2084 2037 2125 τις

385 2159 540 2230 εἷ’πη,
570 2158 638 2216 Τί
671 2155 762 2214 οῦν
790 2176 804 2227 ;
837 2160 866 2211 ὁ
893 2157 1064 2232 νόμος
1121 2153 1273 2212 οὐδὲν
1338 2155 1620 2229 ὠφέλησεν
1659 2174 1673 2224 ;
1732 2153 1919 2231 ἐπάγει
1948 2154 2036 2223 τὸ,

384 2273 415 2300 ‹‹
473 2248 625 2305 Διότι
690 2246 741 2320 ἐξ
790 2247 968 2322 ἔργων
1052 2246 1227 2320 νόμου
1286 2246 1352 2301 ού
1414 2242 1836 2315 δικαιωθήσεται
1893 2247 2037 2298 πᾶσα

382 2341 532 2413 σάρξ.
569 2362 598 2391 ››
628 2338 717 2399 Ὠς
771 2336 820 2392 εἲ
848 2334 1057 2414 ἔλεγεν,
1117 2334 1202 2391 ὅτι
1263 2359 1291 2387 ι(
1323 2332 1539 2416 Ὠφὲλει
1598 2332 1655 2389 ἂν
1718 2332 1849 2395 ἴσως
1880 2334 1908 2387 6
1938 2338 2030 2388 νό-

2142 545 2436 611 obnoxius
2466 549 2570 606 ﬁat
2599 556 2757 607 totus
2790 554 3047 610 mundus
3088 556 3223 610 Deo.
3260 576 3286 603 ιι
3318 555 3454 611 Tale
3487 556 3798 628 quidpiam

2146 635 2485 694 subindicat
2516 641 2872 713 :Pr0pterea
2902 645 3226 715 propheta),
3286 645 3503 715 inquit,
3563 644 3797 701 Judaaos

2145 725 2595 800 redarguerunt,
2629 730 2883 804 illosque
2917 733 3312 789 ostenderunt
3351 734 3612 789 inaniter
3667 751 3797 790 sese

2137 814 2388 886 jactare,
2418 817 2539 873 imo
2571 824 2762 876 totum
2811 823 3100 877 mundum
3144 839 3313 878 reum
3344 840 3472 880 esse
3504 829 3745 896 peccato
3781 840 3797 880 :

2146 919 2262 974 quo
2296 904 2433 960 ﬁdei
2454 908 2602 963 viam
2620 915 3067 981 praestruerent,
3093 918 3145 967 et
3170 920 3591 983 cognoscentes
3614 912 3802 968 homi-

2145 1008 2252 1047 nes
2266 994 2427 1064 quod
2447 1012 2641 1068 neque
2663 999 3129 1057 circumcisionis
3144 1003 3293 1076 lege,
3310 1019 3502 1074 neque
3522 1020 3556 1059 a
3570 1018 3802 1075 praepu-

2146 1087 2226 1141 tio
2259 1087 2469 1142 salvari
2497 1087 2757 1155 daretur,
2784 1090 2857 1144 ad
2880 1090 3177 1146 Christum
3206 1091 3379 1146 facile
3422 1092 3793 1160 accederent,

2146 1176 2247 1247 qui
2278 1193 2384 1247 per
2413 1178 2665 1249 gratiam
2693 1177 2835 1233 facit
2865 1178 3089 1235 salvum
3121 1197 3311 1253 genus
3341 1181 3693 1237 humanum.
3727 1184 3797 1237 Et

2146 1265 2460 1335 obnoxius,
2494 1266 2553 1321 id
2602 1272 2692 1322 est
2742 1267 2975 1323 debitor
3024 1269 3098 1324 ad
3149 1270 3513 1325 credendum
3564 1269 3796 1325 Christo

2150 1355 2285 1410 Deo.
2319 1354 2377 1409 Si
2407 1355 2566 1411 enim
2602 1355 2693 1411 bis
2724 1357 2824 1427 qui
2858 1357 2964 1412 sub
2996 1356 3125 1430 lege
3174 1363 3363 1426 erant,
3396 1374 3432 1413 a
3486 1359 3793 1431 prophetis

2145 1443 2367 1500 dictum
2402 1451 2493 1501 est
2523 1447 2586 1513 ¹¹,
2613 1446 2770 1517 quod
2800 1463 2920 1503 non
2942 1453 3102 1504 recto
3126 1449 3277 1520 pede
3299 1448 3669 1517 incederent,
3693 1450 3797 1505 sed

2148 1535 2323 1607 longe
2358 1551 2392 1591 a
2422 1541 2583 1592 recta
2626 1537 3071 1593 conversatione
3129 1538 3558 1611 graderentur:
3591 1547 3797 1611 gentes

2147 1630 2344 1679 autem
2376 1625 2564 1680 multo
2587 1626 2773 1699 magis
2804 1627 2867 1681 in
2899 1626 3232 1697 perditione
3266 1632 3405 1681 sunt
3432 1644 3501 1682 ac
3543 1643 3741 1682 errore
3778 1644 3792 1681 :

2147 1714 2340 1769 omnis
2367 1713 2543 1785 plane
2567 1715 2825 1771 mundus
2847 1716 3139 1770 obnoxius
3166 1720 3274 1783 est,
3307 1721 3373 1770 ut
3402 1715 3463 1771 in
3494 1716 3792 1771 Christum

2074 1828 2117 1892 Β
2147 1804 2333 1858 Deum
2364 1802 2587 1873 credat,
2619 1804 2721 1874 qui
2753 1803 2914 1859 solus
2945 1810 3003 1859 et
3029 1804 3264 1859 Judaaos
3295 1809 3353 1859 et
3383 1806 3612 1860 Graecos
3639 1805 3788 1860 libe-

2145 1909 2279 1948 rare
2302 1897 2514 1964 potest,
2567 1897 2873 1964 totumque
2926 1894 3216 1948 mundum
3248 1910 3355 1949 sua
3382 1893 3571 1966 gratia
3590 1910 3625 1949 a
3654 1910 3795 1964 pec-

2146 1982 2291 2037 catis
2313 1981 2609 2056 longoque
2631 1998 2829 2037 errore
2849 1998 2917 2037 ac
2932 1982 3267 2053 perditione
3283 1983 3544 2038 illorum.
3569 1980 3789 2038 Deinde

2144 2087 2382 2126 rursum
2414 2071 2584 2143 quasi
2619 2071 3016 2141 objectionem
3048 2070 3240 2126 solvit.
3301 2073 3381 2126 Ne
3440 2072 3574 2142 quis
3632 2071 3792 2127 enim

2145 2160 2338 2216 dicat:
2368 2161 2520 2226 Quid
2551 2177 2686 2235 ergo
2712 2161 2739 2216 ‘I
2770 2161 2920 2216 nihil
2976 2161 3199 2234 profuit
3240 2161 3337 2218 lex
3357 2160 3385 2216 ?
3443 2162 3748 2235 subjungit
3774 2177 3788 2216 :

2143 2273 2172 2301 «
2206 2253 2286 2306 Eo
2318 2249 2479 2322 quod
2532 2266 2603 2306 ex
2658 2252 2936 2323 operibus
2989 2252 3134 2324 legis
3189 2268 3310 2308 non
3359 2252 3788 2324 justiﬂcabitur

2143 2362 2171 2390 ‹‹
2206 2341 2403 2397 omnis
2434 2356 2590 2396 caro.
2627 2363 2655 2390 »
2689 2346 2767 2397 Ac
2792 2341 2841 2397 si
2876 2341 3131 2398 diceret:
3166 2342 3492 2398 Profuisset
3521 2342 3789 2397 fortassis

384 2427 587 2503 μος,εἷ
618 2425 882 2507 ἐφύλαξαν
943 2426 1001 2480 οἱ
1052 2422 1453 2503 παρειληφότες
1510 2423 1578 2479 τὰ
1635 2424 2033 2500 προστάγματα

2140 2430 2255 2498 lex,
2288 2432 2337 2486 si
2370 2448 2497 2488 eam
2529 2437 2880 2502 servassent,
2909 2432 3011 2503 qui
3042 2433 3173 2504 ejus
3202 2438 3499 2505 praecepta
3519 2448 3793 2505 suscepe-

380 2517 575 2587 αὐτοῦ,
608 2512 797 2586 ἐπειδὴ
831 2513 888 2571 δὲ
918 2514 1018 2571 οὐκ
1059 2514 1347 2596 ἐφύλαξαν,
1409 2514 1469 2570 ἐκ
1524 2512 1887 2590 περιστάσεως
1941 2512 2032 2567 καὶ

2140 2526 2311 2578 rant:
2346 2538 2547 2577 verum
2578 2539 2714 2578 cum
2754 2538 2875 2577 non
2909 2522 3291 2587 servaverint,
3325 2538 3394 2577 ex
3454 2520 3796 2578 assistentia

383 2600 641 2679 ἔϐλαψεν,
675 2606 737 2661 ού
768 2608 838 2679 τῇ
870 2606 1062 2661 ἑαυτοῦ
1087 2603 1263 2684 φύσει,
1304 2602 1455 2660 ἀλλὰ
1483 2607 1551 2678 τῇ
1598 2608 1709 2658 τῶν
1743 2605 1818 2677 μὴ
1854 2600 2032 2682 φυλα-

2140 2611 2316 2667 etiam
2348 2612 2570 2680 nocuit,
2605 2628 2725 2667 non
2766 2612 2855 2667 sui
2914 2615 3147 2679 natura,
3179 2611 3281 2667 sed
3315 2627 3519 2666 eorum
3586 2611 3785 2667 animo

380 2694 585 2766 ξάντων
636 2696 857 2771 γνώμῃ.
931 2694 1133 2752 ιΔιότι
1194 2692 1244 2767 ἐξ
1298 2689 1492 2771 ἔργων.
1530 2717 1556 2745 υ
1613 2693 1747 2750 Εἶτα
1801 2690 1896 2747 ’ίνα
1954 2691 2029 2765 μή

2140 2701 2238 2772 qui
2280 2717 2401 2756 non
2432 2706 2830 2756 servaverunt.
2865 2721 2893 2749 «
2945 2702 3025 2756 Eo
3079 2700 3237 2772 quod
3299 2717 3370 2755 ex
3425 2701 3724 2771 operibus,
3757 2721 3787 2751 »

376 2786 494 2841 πάΛ
507 2806 550 2840 ιν
584 2784 1091 2855 ἀνακιοπαθήσῶσιν
1123 2780 1383 2840 Ἰουδαῖοι
1431 2782 2029 2858 συγκαταριθμούμενοι

2140 2790 2359 2846 Deinde
2390 2807 2465 2845 ne
2496 2806 2734 2845 rursum
2765 2790 3004 2862 indigne
3030 2789 3226 2845 ferant
3254 2788 3462 2854 Judaei,
3497 2789 3656 2859 quod
3680 2788 3785 2844 toti

375 2875 538 2930 παντὶ
570 2875 651 2946 τῷ
708 2875 901 2949 κόσμῳ
948 2872 1024 2936 είς
1051 2873 1115 2928 τὸ
1148 2870 1399 2929 ὑπόδικοι
1431 2874 1588 2944 εἶναι,
1618 2870 1785 2928 πάλιν
1816 2870 1883 2926 τὰ
1911 2872 2027 2926 κατ’

2140 2878 2357 2934 mundo
2390 2884 2897 2935 connumerentur
2926 2879 2988 2933 in
3032 2894 3101 2933 eo
3135 2878 3294 2951 quod
3334 2878 3455 2932 sint
3490 2877 3733 2932 obnoxii
3768 2893 3784 2933 :

374 2964 573 3026 αὐτοὺς
601 2962 856 3036 ἐξετάζει.
886 2988 914 3016 ι(
951 2968 1103 3018 Πᾶσα
1132 2961 1279 3037 σάρξ.
1316 2989 1338 3018 ι
1403 2960 1545 3021 Οὐδὲ
1573 2962 1680 3038 γὰρ
1737 2958 2028 3035 ἐπλήρωσε

2140 2969 2355 3025 iterum
2388 2985 2457 3023 ea
2476 2986 2609 3040 quas
2636 2968 2914 3024 adversus
2945 2968 3079 3023 illos
3110 2973 3251 3023 sunt
3280 2966 3555 3037 exquirit.
3589 2988 3617 3018 «
3651 2982 3783 3033 0m-

368 3054 440 3109 τὰ
468 3054 521 3110 ἐν
550 3058 628 3127 τῷ
647 3054 829 3128 νόμῳ.

2140 3058 2227 3112 nis
2251 3073 2407 3112 caro.
2445 3078 2472 3105 ››
2501 3059 2699 3128 Neque
2731 3056 2891 3111 enim
2917 3055 3185 3127 implevit
3214 3072 3343 3127 qua)
3376 3056 3438 3111 in
3460 3054 3586 3128 lege
3619 3060 3778 3110 sunt.

2204 3147 2302 3214 IlI,
2334 3150 2423 3212 20,
2455 3149 2541 3212 21,
2568 3167 2595 3195 ‹‹
2631 3147 2776 3201 Nam
2823 3161 2929 3216 per
2987 3144 3179 3216 legem
3237 3146 3472 3218 cognito
3531 3144 3781 3216 peccati.

439 3144 538 3200 Διὰ
622 3144 726 3246 γὰρ
810 3143 988 3246 νόμου
1073 3139 1369 3246 ἐπίγνωσις
1426 3141 1714 3246 ἁμαρτίας.
1776 3139 1912 3196 Νυνὶ
1963 3136 2093 3246 δὶα

361 3233 545 3309 χωρὶς
598 3231 770 3306 νόμου
853 3228 1169 3301 δικαιοσύνη
1226 3233 1361 3285 Θεοῦ
1418 3228 1814 3309 πεφανέρωται,
1879 3247 2020 3304 μαρ-

357 3320 674 3395 τυρουμένη
715 3321 819 3376 ὑπὸ
863 3325 960 3375 τοῦ
988 3318 1161 3394 νόμου
1191 3317 1283 3374 καὶ
1335 3322 1443 3374 τῶν
1486 3322 1807 3397 προφητῶν.

437 3499 538 3554 Καὶ
566 3499 619 3555 τί
650 3499 800 3577 λέγω
846 3498 932 3557 ὅτι
985 3496 1138 3555 οὐδὲν
1170 3498 1471 3573 ὠφελεῖσθε
1530 3494 1789 3554 Ἰουδαῖοι
1839 3497 1893 3552 ἐγ
1925 3501 2022 3553 τοῦ

369 3590 570 3664 νόμου,
630 3588 706 3653 είς
762 3589 826 3644 τὸ
886 3589 961 3663 μὴ
1020 3588 1265 3667 γενέσθαι
1324 3585 1437 3662 ἅμα
1481 3592 1561 3661 τῷ
1618 3587 1778 3643 παντὶ
1831 3588 2025 3663 κόσμῳ

376 3675 636 3735 ὑπόδικοι
669 3698 685 3751 ;
718 3681 987 3752 Μενοῦνγε
1017 3677 1276 3748 ἐξετάζων
1331 3698 1437 3747 τις,
1486 3677 1708 3751 εύρήσει
1759 3676 1848 3732 καὶ
1885 3676 2025 3752 βλα-

374 3763 573 3831 ϐέντας
603 3769 742 3842 ὑμᾶς
776 3768 879 3823 ὑπὸ
937 3772 1033 3824 τοῦ
1062 3769 1261 3844 νόμου,
1296 3767 1357 3823 ού
1387 3768 1534 3843 παρὰ
1582 3769 1682 3835 τὴν
1732 3766 1898 3823 αὐτοῦ
1924 3768 2029 3840 φύ-

374 3879 481 3927 σιν,
516 3857 662 3914 ἀλλὰ
688 3858 834 3929 παρά
861 3860 962 3928 τὴν
990 3859 1151 3931 ἡμῶν
1179 3858 1393 3914 κακίαν.
1428 3862 1554 3919 Πῶς
1590 3876 1603 3926 ;
1626 3858 1753 3914 ’Ότι
1780 3856 1843 3911 τὸ
1875 3860 2023 3929 γνῶ-

370 3968 457 4002 ναι
494 3949 593 4017 την
654 3947 944 4023 ὁρματίαν,
1003 3943 1091 4001 διὰ
1135 3951 1234 4001 τοῦ
1292 3946 1463 4020 νόμου
1510 3940 1685 4022 ἔχετε·
1745 3946 1807 4001 τὸ
1866 3942 1924 4001 δὶ
1972 3942 2023 3999 ἐν

374 4036 574 4115 γνώσει
625 4032 981 4111 ἁμαρτάδειν,
1012 4034 1400 4114 χαλεπώτερον
1457 4039 1553 4090 τοῦ
1608 4032 1659 4090 ἔν
1716 4033 1926 4109 ἀγνοίᾳ.
1960 4066 2025 4076 -

374 4123 585 4183 ”Λλλο.
641 4128 1124 4200 [ΓΕΝΝΑΔῙΟΥ.]
1180 4124 1245 4181 Εἰ
1289 4128 1471 4196 τοῦτο,
1526 4123 1710 4204 φησὶν,
1770 4125 1798 4179 6
1855 4123 2028 4197 νόμος

375 4212 791 4285 ἐλυσιτέλησεν,
850 4212 1137 4289 ἐγνώρισεν
1185 4217 1321 4289 ἡμῖν
1378 4215 1478 4284 τὴν
1531 4213 1793 4289 ἁμαρτίαν
1856 4211 2028 4283 ούτῷ

376 4304 748 4380 ἀπαγορεῦσαι
807 4303 967 4376 μόνον
1023 4304 1122 4373 τήν
1176 4306 1366 4379 πρᾶξιν
1417 4307 1525 4358 τῶν
1580 4303 1822 4370 ἀτόπων,
1881 4297 2029 4355 ἀλλὰ

374 4393 469 4449 καὶ
498 4398 581 4465 τῶ
630 4393 1040 4470 παρακούοντας
1097 4393 1285 4462 αὐτοῦ,
1337 4395 1719 4468 τιμωρεῖσθαι.
1780 4392 1873 4459 Μή
1906 4388 2030 4445 ἐπι-

376 4483 686 4559 φερομένης
712 4482 817 4559 γὰρ
850 4480 1131 4545 κολάσεως
1161 4488 1276 4544 τοῖς
1326 4482 1752 4557 ἁμαρτάνουσιν,
1811 4479 1911 4535 οὐκ
1967 4477 2027 4533 ἂν

375 4572 746 4649 ἐγνωρίσαμεν
777 4574 963 4644 αύτήν.
997 4573 1095 4629 Διά
1122 4574 1328 4628 τούτων
1386 4572 1561 4628 τοίνυν
1616 4570 1832 4626 πάντων
1872 4570 2029 4646 ἀκρι-

377 4657 493 4724 ϐῶς
550 4665 820 4734 συστήσας
883 4663 970 4741 ὑφ’
1019 4661 1286 4738 ἁμαρτίαν
1342 4664 1542 4725 πάντας
1600 4659 1780 4731 ὄντας,
1841 4660 2029 4739 ἐπάγει

377 4749 579 4807 λοιπὸν
613 4750 822 4814 δεικνὺς
850 4756 948 4807 τοῦ
976 4752 1180 4808 οἰκείου
1215 4751 1387 4828 λόγου
1418 4753 1479 4809 τὸ
1520 4750 1793 4827 περιττόν.
1840 4773 1865 4800 ‹‹
1896 4748 2029 4806 Νυνὶ

377 4837 464 4900 δέ.
506 4864 535 4891 ››
566 4837 868 4912 Ἐπιδείξας
913 4840 1108 4904 αὐτοὺς
1144 4838 1312 4915 μηδὲν
1370 4838 1761 4914 ὠφελημένους
1819 4838 1880 4895 ἐκ
1932 4841 2031 4893 τοῦ

377 4925 578 5002 νόμου,
631 4929 723 4985 καὶ
803 4929 881 4992 εἷς
942 4930 1233 5004 ἐπιθυμίαν
1289 4931 1514 5009 ἀγαγὼν
1572 4927 1804 5003 μεθόδου
1859 4932 2030 4983 σῶσαι

381 5018 710 5095 δυναμένης,
743 5021 1006 5095 εὐκαίρως
1038 5022 1115 5085 είς
1152 5025 1250 5092 τὴν
1312 5022 1489 5077 πίστιν
1550 5017 1831 5076 είσϐάλλει
1889 5024 2032 5095 Χρισ-

378 5114 496 5167 τοῦ.
554 5134 583 5162 ‹‹
616 5110 943 5180 Δικαιοσύνη
1004 5115 1161 5167 Θεοῦ.
1198 5132 1223 5164 ι
1277 5110 1341 5168 El
1403 5112 1538 5185 μετὰ
1591 5110 1786 5183 νόμου,
1847 5108 2030 5186 φησὶν,

379 5201 724 5276 ἡμάρτομεν,
756 5204 875 5262 πῶς
906 5199 966 5254 ἂν
1004 5200 1326 5275 σωθείημεν,
1362 5199 1506 5257 εἴποι
1545 5222 1646 5271 τις,
1709 5201 1884 5276 χωρὶς
1940 5198 2034 5254 νό-

384 5310 491 5362 μου
521 5309 534 5359 ;
567 5290 672 5345 Λιά
711 5296 814 5359 τῆς
861 5287 923 5344 ἐκ
958 5294 1092 5345 Θεοῦ
1122 5287 1489 5365 δικαιοσύνης,
1521 5290 1676 5369 φησὶ,
1730 5296 1831 5359 τῆς
1888 5287 2033 5360 παρὰ

381 5383 517 5435 Θεοῦ
550 5375 866 5454 διδομένης.
890 5380 1069 5435 Ὅπου
1092 5376 1149 5434 δὲ
1180 5380 1308 5442 Θεὸς
1337 5377 1549 5449 δίδωσι,
1585 5381 1661 5453 μὴ
1691 5374 2033 5458 ἀμφίϐαλλε,

381 5466 655 5543 ἄνθρωπε.
689 5470 758 5526 Ἦ
790 5465 1106 5539 δικαιοσύνη
1140 5472 1294 5540 Θεοῦ,
1353 5472 1391 5539 η
1415 5469 1522 5526 ἀπὸ
1561 5473 1697 5526 Θεοῦ
1755 5466 2034 5529 δικαίωσις

458 5639 504 5676 ¹⁹
529 5639 605 5712 ΙΙ,
635 5638 774 5712 Reg.
806 5653 962 5711 xvm,
994 5639 1085 5694 2t.

2134 3256 2163 3283 ‹‹
2191 3236 2355 3290 Nunc
2384 3240 2583 3290 autem
2616 3234 2743 3289 sine
2772 3233 2900 3306 lege
2923 3234 3160 3306 justitia
3192 3235 3293 3289 Dei
3323 3234 3640 3290 manifesta
3670 3238 3780 3302 est,

2137 3344 2162 3375 α
2195 3323 2337 3380 dum
2367 3323 2788 3395 comprobatur
2819 3323 3158 3379 testimonio
3189 3323 3337 3396 legis
3395 3340 3465 3379 ac
3520 3324 3781 3396 prophe-

2136 3436 2164 3464 κ
2201 3419 2414 3470 tarum.
2450 3435 2480 3463 ››

2207 3504 2351 3561 2M
2392 3502 2625 3576 thuid
2656 3503 2786 3559 dico
2819 3504 2979 3577 quod
3040 3520 3141 3559 vos
3197 3502 3382 3559 Judaei
3415 3503 3566 3559 nihil
3596 3504 3785 3576 adjuti

2136 3594 2266 3649 sitis
2294 3610 2363 3649 ex
2392 3593 2519 3666 lege
2543 3610 2659 3664 quo
2688 3594 2887 3649 minus
2914 3595 3124 3650 essetis
3147 3594 3325 3649 simul
3352 3611 3486 3651 cum
3509 3594 3784 3650 universo

2136 3682 2357 3738 mundo
2380 3681 2667 3737 obnoxii?
2682 3683 2958 3748 Quinimo
2981 3684 3030 3738 si
3047 3684 3183 3755 quis
3206 3683 3548 3757 diligentius
3567 3688 3786 3738 scrute-

2136 3774 2252 3837 tur,
2284 3770 2547 3825 inveniet
2576 3771 2755 3826 etiam
2787 3770 3212 3828 detrimentum
3246 3788 3345 3826 vos
3370 3788 3439 3826 ex
3469 3770 3596 3842 lege
3619 3786 3785 3824 acce-

2135 3860 2329 3931 pisse:
2362 3876 2483 3915 non
2515 3865 2758 3932 propter
2792 3860 2922 3932 ejus
2954 3866 3248 3925 naturam,
3283 3859 3386 3913 sed
3421 3858 3494 3913 ob
3526 3863 3782 3913 vestram

2136 3949 2448 4005 malitiam.
2470 3950 2735 4014 Quonam
2750 3954 2920 4021 pacto
2938 3948 3118 4003 ?Nam
3140 3948 3364 4019 peccati
3387 3946 3784 4019 cognitionem

2135 4055 2243 4110 per
2270 4039 2462 4111 legem
2484 4037 2713 4094 habetis
2739 4055 2753 4094 :
2786 4053 3033 4109 peccare
3059 4042 3257 4092 autem
3281 4053 3350 4092 ex
3381 4037 3631 4093 scientia
3650 4053 3785 4110 gra-

2137 4129 2263 4185 vius
2286 4134 2576 4199 estquam
2607 4128 3263 4201 ignorantia—Aliter.
3295 4126 3383 4182 Ad
3401 4126 3529 4194 hoc,
3564 4127 3781 4198 inquit,

2138 4217 2231 4274 lex
2261 4218 2485 4290 profuit
2503 4218 2661 4289 quod
2691 4222 2998 4289 peccatum
3020 4216 3194 4272 nobis
3224 4222 3433 4272 notum
3463 4216 3631 4271 fecit:
3657 4231 3778 4270 non

2140 4323 2209 4362 ex
2240 4323 2308 4362 eo
2333 4312 2562 4362 tantum
2591 4306 2751 4378 quod
2780 4306 3056 4361 illicitum
3087 4323 3235 4379 opus
3296 4306 3627 4378 prohibeat.
3681 4305 3786 4359 sed

2140 4397 2318 4452 etiam
2346 4396 2504 4466 quod
2536 4396 2649 4451 sibi
2680 4395 3092 4451 inobedientes
3148 4396 3493 4451 ulciscatur.
3552 4394 3784 4449 Etenim

2140 4487 2256 4542 nisi
2288 4486 2648 4559 supplicium
2678 4486 3015 4555 inﬂixisset,
3048 4503 3426 4559 nequaquam
3457 4486 3653 4558 ipsum
3685 4501 3784 4541 co-

2138 4578 2565 4651 gnovissemus.
2598 4579 2919 4649 Postquam
2951 4594 3085 4651 ergo
3113 4595 3182 4633 ex
3213 4578 3306 4634 his
3336 4576 3612 4632 omnibus
3644 4591 3787 4630 con-

2140 4668 2334 4724 stituit
2363 4669 2670 4724 universos
2720 4668 2827 4724 sub
2869 4673 3132 4740 peccato,
3157 4666 3359 4722 subdit
3387 4664 3666 4737 deinceps
3691 4680 3785 4719 os-

2140 4757 2392 4814 tendens
2443 4774 2562 4813 sua)
2621 4757 3063 4829 prmdicationis
3094 4755 3528 4812 excellentiam.
3561 4777 3589 4803 ‹‹
3623 4756 3787 4810 Nunc

2140 4855 2358 4904 autem.
2384 4869 2411 4897 ››
2450 4848 2552 4904 Ubi
2587 4864 2687 4903 eos
2717 4847 3080 4903 ostendisset
3120 4846 3271 4901 nihil
3302 4863 3371 4901 ex
3393 4845 3521 4918 lege
3552 4844 3787 4917 adjutos

2142 4955 2271 4994 esse
2290 4937 2430 4994 etad
2446 4936 2990 5010 concupiscentiam
3007 4936 3275 4991 duxisset
3294 4933 3642 4991 methodum
3656 4952 3787 5006 qua:

2142 5027 2365 5083 salvare
2388 5032 2647 5099 poterat:
2697 5031 3025 5097 opportune
3053 5025 3267 5080 Christi
3300 5023 3480 5080 ﬁdem
3521 5023 3790 5096 aggredi-

2142 5122 2256 5172 tur.
2292 5139 2319 5165 ‹‹
2352 5117 2587 5172 Justitia
2618 5116 2737 5172 Dei.
2773 5137 2802 5166 »
2834 5115 2890 5170 Si
2917 5114 3139 5183 habita,
3172 5115 3387 5187 inquit,
3422 5114 3549 5187 lege
3578 5130 3791 5186 pecca-

2142 5204 2352 5270 vimus,
2380 5221 2495 5275 quo
2519 5221 2656 5277 ergo
2676 5203 2871 5271 modo,
2895 5203 3054 5259 dicat
3074 5204 3397 5276 quispiam,
3423 5204 3644 5275 absque
3660 5203 3787 5275 lege

2145 5293 2360 5349 salvari
2390 5309 2700 5363 possemus
2722 5292 2749 5347 ?
2775 5294 2887 5348 Per
2906 5293 3204 5365 justitiam
3236 5293 3358 5364 Dei,
3404 5293 3619 5365 inquit,
3654 5308 3787 5364 qua

2144 5381 2417 5437 videlicet
2448 5382 2624 5437 datur
2651 5398 2685 5437 a
2717 5383 2855 5438 Deo.
2892 5383 2998 5438 Ubi
3030 5388 3229 5439 autem
3289 5384 3441 5438 Deus
3488 5382 3653 5438 illam
3680 5382 3787 5436 tri-

2146 5470 2306 5539 buat,
2339 5487 2415 5527 ne
2438 5471 2771 5543 ambigas,o
2789 5472 2985 5529 homo.
3006 5475 3122 5528 Aut
3134 5472 3370 5544 justitia
3382 5474 3588 5528 Deiest
3608 5471 3791 5543 justi-
