4222 6194
403 357 520 420 383

1539 343 1967 409 (ECUMENII
2013 343 2316 406 'FBICCE
2362 347 2741 410 EPISCOPI.

3700 354 3816 416 384

413 493 607 550 ﬂcatio
631 497 689 547 et
707 483 1417 546 absolutio.seuliberatio
1437 500 1470 540 a
1485 483 1763 556 peccatis,
1785 497 1818 536 a
1839 479 2035 553 quibu:

2167 477 2258 532 καὶ
2313 479 2561 542 ἁθώωσις
2618 483 2705 537 καὶ
2766 482 3063 561 ἀπαλλαγή
3125 488 3234 542 τῶν
3292 485 3599 560 ἁμαρτιῶν,
3651 483 3726 542 ὧν
3785 487 3813 543 ὁ

411 600 528 640 non
545 580 737 653 potuit
753 579 845 633 lex
863 577 1134 631 liberare.
1156 599 1183 625 ‹‹
1205 575 1579 631 Manifestata
1592 578 1700 628 est.
1721 594 1746 619 »ι
1761 571 1926 636 Quod
1942 585 2066 624 ma-

408 671 741 732 nifestatur,
776 667 1020 738 planum
1069 672 1157 721 est
1206 664 1365 736 quod
1422 669 1596 718 antea
1638 662 1834 726 fuerit,
1869 679 2061 732 quan-

405 773 581 832 quam
598 756 1276 828 occultaretur.Fugiens
1299 756 1497 826 itaque
1523 751 1968 807 innovationem
2002 755 2060 806 et

403 865 479 903 ne
512 863 720 901 recens
761 845 1060 900 videretur
1092 845 1220 916 ejus
1252 842 1616 915 praedicatio,
1649 840 1795 895 dixit
1823 857 1834 893 :
1875 861 1902 889 α
1937 841 2053 894 Ma-

401 937 686 993 nifestata
709 940 799 991 est
827 952 840 1001 ;
876 957 903 984 »
933 951 1043 990 nec
1071 934 1130 988 id
1164 933 1339 987 modo
1371 931 1615 1003 vulgari,
1647 945 1850 984 verum
1880 930 2056 984 etiam

402 1028 566 1100 prius
599 1032 778 1082 nacta
810 1032 918 1092 est,
963 1025 1370 1078 testimonium
1403 1039 1436 1076 a
1466 1021 1591 1092 lege
1641 1027 1700 1075 et
1726 1019 2052 1091 prophetis.

476 1118 570 1184 III,
600 1120 668 1170 22
699 1119 789 1173 24.
825 1138 853 1164 ‹‹
887 1115 1130 1169 Justitia
1191 1119 1385 1168 autem
1419 1112 1518 1167 Dei
1555 1126 1660 1182 per
1694 1110 1869 1164 fidem
1917 1110 2054 1164 Jesu

405 1230 425 1255 ι
459 1207 672 1262 Christi
709 1207 770 1260 in
832 1220 1045 1259 omnes
1077 1210 1134 1257 et
1165 1219 1342 1274 super
1371 1217 1577 1256 omnes
1631 1200 1730 1271 qui
1780 1199 2051 1255 credunt.

404 1318 432 1346 ι(
461 1297 586 1349 Non
609 1294 768 1349 enim
789 1298 878 1347 est
898 1291 1224 1354 distinctio,
1249 1307 1384 1345 nam
1409 1306 1616 1344 omnes
1643 1293 2050 1361 peccaverunt,

408 1406 436 1433 ‹‹
475 1389 528 1438 et
561 1383 922 1454 posteriores
951 1385 1088 1435 sunt
1117 1379 1300 1451 gloria
1331 1378 1432 1432 Dei
1469 1395 1481 1432 :
1514 1377 1820 1448 gratisque
1870 1375 2049 1446 justi-

409 1495 430 1520 α
469 1474 721 1527 ﬁcantur
751 1487 855 1541 per
883 1470 1128 1540 gratiam
1159 1467 1365 1538 ipsius.
1405 1489 1424 1514 ι

471 1561 705 1615 Justitia
730 1559 830 1613 Dei
856 1575 960 1629 per
978 1557 1222 1612 {idem-n
1255 1557 1536 1621 Quaenam
1561 1554 2051 1626 justitia,dixerit

401 1650 954 1720 quispiam,autquo
966 1647 1123 1702 irodo
1142 1663 1175 1700 a
1188 1646 1304 1700 Deo
1318 1645 1724 1701 data?Deinde
1743 1662 1818 1699 ne
1833 1661 2047 1700 novum

399 1739 624 1812 aliquid
648 1740 853 1795 audire
876 1739 986 1793 sibi
1010 1739 1337 1805 videantur,
1363 1738 1411 1792 si
1431 1738 1672 1792 omnino
1688 1736 1896 1791 salvari
1915 1753 2046 1808 pos—

2165 567 2332 640 νόμος
2367 569 2466 625 οὐκ
2521 571 2740 650 ἴσχυσεν
2772 571 3103 646 ἀπαλλάξαι.
3167 599 3194 624 ‹‹
3227 577 3623 653 Πεφανὲρωται.
3661 601 3689 627 ››
3746 578 3816 632 Τὸ

2167 659 2564 732 φανερούμενον
2617 659 2786 731 δῆλον
2843 663 2916 725 ὡς
2944 663 3010 731 ἦν
3045 663 3162 735 μὲν,
3225 662 3517 739 ἐκρύπτετο
3575 663 3650 724 δέ.
3701 667 3812 736 Τὴν

2167 747 2257 800 οὖν
2287 749 2639 822 καινοτομίαν
2697 751 2932 830 φεύγων,
2986 751 3076 806 καὶ
3132 753 3195 807 τὸ
3257 750 3436 808 δοκεῖν
3504 755 3814 832 πρόσφατον

2165 833 2303 891 εἶδαι
2361 838 2423 892 τὸ
2483 841 2792 917 κήρυγμα,
2851 843 3006 913 εἶπε,
3070 866 3098 894 ‹‹
3159 842 3559 920 Πεφανέρωται.
3600 868 3628 896 »
3689 846 3814 925 Οὐχ

2163 926 2373 995 ἁπλῶς,
2429 927 2576 985 ἀλλά
2627 930 2718 985 καὶ
2775 934 3329 1008 προμαρτυρηθεῖσαν
3405 934 3506 988 ὑπὸ
3567 936 3812 998 Μωσέως

2163 1019 2344 1092 (οὗτος
2377 1021 2481 1096 γὰρ
2515 1023 2543 1076 ὁ
2571 1017 2779 1096 νόμος),
2813 1024 2902 1078 καὶ
2933 1029 3040 1078 τῶν
3069 1030 3392 1104 προφητῶν.

2234 1111 2557 1181 Δικαιοσύνη
2647 1109 2704 1166 δὲ
2757 1117 2891 1167 Θεοῦ
2950 1111 3038 1168 διὰ
3122 1114 3357 1177 πίστεως
3445 1117 3624 1187 Ἰησοῦ
3674 1123 3812 1192 Χρι-

2160 1205 2288 1255 στοῦ
2350 1201 2426 1263 εἷς
2505 1204 2702 1266 πάντας
2789 1206 2878 1260 καὶ
2952 1205 3038 1261 ἐπὶ
3101 1207 3301 1272 πάντας
3354 1208 3481 1270 τοὺς
3532 1209 3810 1266 πιστεύον-

2158 1311 2271 1352 τας.
2304 1289 2376 1344 Οὐ
2426 1292 2529 1367 γὰρ
2587 1291 2698 1349 ἐστι
2770 1291 3057 1366 διαστολή,
3126 1298 3322 1357 πάντες
3382 1299 3484 1374 γὰρ
3541 1298 3810 1374 ἥμαρτον,

2157 1379 2246 1432 καὶ
2280 1379 2625 1454 ὑστεροῦνται
2682 1389 2781 1453 τῆς
2842 1381 3004 1455 δόξης
3065 1389 3161 1440 τοῦ
3218 1391 3372 1440 Θεοῦ·
3435 1384 3812 1462 δικαιούμενοι

2160 1465 2363 1542 δωρεάν
2385 1472 2452 1542 τῇ
2484 1470 2654 1526 αὐτοῦ
2684 1472 2894 1546 χάριτι.

2163 1580 2184 1606 ι
2220 1558 2538 1630 Δικαιοσύνη
2590 1558 2646 1616 δὲ
2701 1567 2835 1616 Θεοῦ
2894 1560 2982 1617 διὰ
3033 1562 3348 1623 πίστεων.»
3410 1564 3544 1620 Ποία
3603 1563 3807 1622 δικαιο-

2157 1647 2310 1716 σύνη,
2345 1646 2486 1702 εἷ’ποι
2519 1670 2622 1716 τις,
2657 1653 2691 1720 ἢ
2717 1657 2833 1713 πῶς
2891 1649 3151 1725 διδομένη
3189 1655 3292 1708 ὑπὸ
3347 1659 3480 1709 Θεοῦ
3516 1675 3529 1722 ;
3587 1657 3683 1712 Διά
3711 1656 3804 1710 πί-

2159 1755 2346 1803 στεως,
2379 1738 2560 1814 φησὶν,
2592 1740 2772 1810 Ἰησοῦ
2816 1743 3075 1816 Χριστοῦ.
3139 1744 3275 1799 Εἶτα
3315 1742 3404 1798 ἵνα
3467 1747 3542 1818 μὴ
3604 1742 3798 1818 δόξωσι

401 1831 521 1886 sint
537 1830 685 1884 nihil
706 1829 1151 1884 contribuentes
1166 1826 1595 1897 ostendit'quod
1613 1827 1789 1881 etiam
1806 1827 2035 1882 credere

2156 1825 2299 1896 ξὲνον
2331 1847 2382 1882 τι
2409 1827 2646 1898 ἀκούειν,
2676 1829 2720 1883 εἰ
2754 1828 2900 1892 ὅλως
2929 1828 3004 1885 ἔνι
3062 1833 3326 1902 σώζεσθαι
3383 1831 3551 1906 μηδὲν
3603 1835 3797 1897 αὐτοὺς

401 1921 477 1974 sit
499 1919 898 1984 contribuere,
935 1919 1128 1989 ipsum
1163 1918 1320 1973 enim
1344 1917 1585 1972 credere
1616 1916 1842 1989 indiget
1864 1917 2048 1972 animi

399 2010 770 2066 fortitudine.
803 2010 937 2065 Ideo
987 2009 1106 2066 ait:
1145 2031 1166 2060 α
1195 2011 1306 2063 Per
1333 2007 1533 2076 fidem,
1568 2031 1592 2055 η
1626 2008 1946 2064 ostendens
1978 2026 2048 2064 ex

400 2101 510 2154 hoc
535 2115 643 2153 nos
667 2115 900 2170 quoque
923 2098 1150 2168 aliquid
1177 2097 1466 2159 conferre.
1492 2119 1518 2147 ‹‹
1536 2099 1600 2153 In
1632 2103 2046 2164 omnes,etsu-

399 2204 745 2260 peromnes.
773 2210 792 2235 ιι
818 2190 882 2242 In
908 2204 1136 2255 omnes,
1162 2187 1377 2257 inquit,
1397 2187 1649 2252 Judaaos,
1675 2187 1773 2257 qui
1797 2187 2048 2242 credunt

399 2279 552 2335 24‘!
586 2283 649 2333 ut
681 2278 778 2350 qui
813 2277 970 2349 apud
1003 2294 1063 2332 se
1098 2282 1156 2332 et
1185 2293 1251 2331 ex
1286 2277 1430 2348 ipsis
1493 2277 1781 2332 haberent
1837 2277 2045 2332 salutis

395 2368 858 2438 causam,ipsum
873 2383 1086 2438 nempe
1099 2366 1614 2438 Christum.Super
1625 2383 1832 2422 omnes
1845 2371 2042 2421 autem

393 2458 662 2513 ethnicos
691 2456 852 2525 dicit,
888 2457 988 2528 qui
1019 2473 1052 2511 a
1080 2455 1296 2511 Judaeis
1323 2455 1707 2521 crediderint,
1733 2460 1790 2510 et
1807 2460 2043 2512 extenta

391 2549 469 2604 sit
497 2564 678 2619 super
708 2563 808 2602 eos
839 2546 1044 2619 gratia.
1082 2547 1294 2600 Verum
1326 2549 1384 2599 et
1414 2545 1541 2612 hos,
1576 2545 1788 2616 inquit,
1825 2551 1881 2599 et
1907 2545 2040 2600 illos

390 2637 742 2710 fecitgratiae
764 2636 1227 2708 participes,non
1244 2633 1766 2706 quoscunque,sed
1791 2635 2040 2690 creden-

390 2732 497 2782 tes.
531 2727 601 2780 Et
624 2727 860 2793 iterum,
895 2725 1035 2796 quia
1068 2725 1278 2779 merito
1319 2724 1655 2779 communis
1686 2729 1776 2779 est
1827 2724 2034 2796 gratia,

391 2834 521 2888 quae
549 2822 640 2870 est
662 2833 798 2888 erga
827 2831 1054 2869 omnes.
1099 2836 1125 2863 «
1161 2816 1286 2869 Non
1335 2814 1494 2868 enim
1527 2819 1616 2869 est
1645 2813 1969 2869 distinctio.
2007 2836 2034 2862 »

389 2910 643 2963 Rursum
673 2905 906 2962 Judaaos
930 2904 1191 2960 ostendit
1221 2904 1372 2959 nihil
1398 2903 1765 2960 excellentia:
1815 2904 2032 2959 habere

387 3014 508 3069 pra:
539 2994 833 3067 gentibus.
899 2996 1099 3050 «Nam
1157 3010 1364 3049 omnes
1424 2999 1833 3066 peccaverunt.
1872 3015 1899 3042 »
1952 2995 2030 3048 Ne

384 3086 550 3150 mihi,
581 3085 795 3156 inquit,
822 3085 984 3140 dicas
1012 3103 1024 3139 :
1052 3087 1168 3158 Ego
1198 3085 1435 3140 Judaaus
1460 3100 1610 3148 sum,
1637 3084 1736 3155 qui
1773 3099 2029 3154 superne

382 3177 566 3232 Deum
591 3179 854 3249 cognovi,
876 3179 969 3232 hic
983 3183 1179 3232 autem
1204 3183 1516 3233 extraneus
1532 3181 1621 3232 est
1641 3181 1700 3231 et
1716 3176 2022 3231 barbarus.

379 3265 645 3320 Profecto
673 3267 720 3320 si
749 3283 955 3321 omnes
987 3273 1402 3338 peccaverunt,
1438 3266 1659 3320 habent
1679 3282 1916 3336 quoque
1967 3265 2025 3320 id

382 3371 612 3423 omnes,
646 3362 711 3408 ut
735 3356 916 3410 simili
954 3357 1232 3426 aequitate
1289 3357 1432 3411 salvi
1493 3358 1656 3412 fiant.
1689 3357 1813 3410 Non
1867 3356 2028 3410 enim

385 3448 470 3496 est
495 3443 853 3510 differentia,
888 3445 1005 3498 sive
1036 3445 1371 3500 descrimen
1429 3444 1613 3500 Judaai
1670 3461 1737 3500 ac
1768 3445 2027 3517 gentilis,

383 3532 618 3602 utrique
660 3532 934 3586 similiter
990 3539 1398 3604 peccaverunt.
1459 3556 1485 3583 ι(
1547 3535 1615 3588 Ει
1669 3533 2029 3604 posteriores

389 3627 528 3676 sunt
555 3621 742 3695 gloria
796 3623 917 3689 Dei,
954 3645 980 3670 ››
1041 3628 1150 3678 etc.
1185 3623 1489 3694 Siquidem
1539 3640 1612 3678 ne
1667 3629 1748 3691 tu,
1812 3623 2024 3694 inquit,

383 3711 530 3766 mihi
553 3712 752 3768 dicas:
783 3713 965 3768 Graaci
999 3713 1230 3784 gravius
1281 3718 1691 3783 peccaverunt.
1728 3715 1933 3766 Nonne
1965 3717 2028 3766 tu

381 3801 568 3875 gloria
597 3819 663 3858 ac
692 3801 1089 3858 beneﬁcentia
1122 3803 1222 3857 Dei
1253 3802 1546 3873 posterior
1566 3818 1629 3856 es
1649 3801 1677 3855 ?
1705 3801 2024 3873 gratisque,

384 3892 495 3947 hoc
527 3897 636 3956 est,
669 3892 890 3962 absque
929 3891 1045 3946 tuis
1075 3891 1253 3946 rectis
1298 3889 1598 3962 operibus,
1633 3889 1877 3946 salvaris
1899 3889 1926 3945 Ἰ
1962 3907 2029 3948 ac

385 3999 623 4038 rursum
654 3983 736 4036 ita
766 3988 830 4035 ut
862 3981 1008 4036 nihil
1061 3981 1332 4036 conferas
1363 3979 1524 4036 aliud
1554 3985 1770 4053 prmter
1799 3979 1976 4037 fidem
2004 3981 2032 4036 ‘2

386 4072 650 4140 Cumque
673 4071 1042 4142 justiticeris,
1065 4070 1616 4142 gratisjustificaris
1642 4087 1654 4123 :
1680 4087 1746 4125 ac
1773 4075 1907 4141 post
1929 4071 2026 4127 Dei

384 4159 631 4232 gloriam
666 4177 729 4214 ac
761 4159 1215 4214 beneficentiam
1260 4159 1492 4214 accedis
1521 4159 1548 4213 ?
1611 4183 1629 4206 ι
1666 4159 2030 4214 Posteriores

385 4254 524 4304 sunt
553 4249 740 4315 gloria
772 4249 896 4315 Dei,
920 4271 946 4295 η
971 4249 1349 4319 postmodum
1379 4249 1641 4313 fuerunt,
1665 4266 1786 4304 non
1818 4265 2031 4320 praeve-

381 4343 600 4395 nerunt
631 4338 704 4393 ad
726 4338 1178 4411 glorificandum
1213 4340 1417 4393 Deum.
1446 4337 1799 4393 Exciderant
1822 4355 2029 4394 omnes

381 4430 452 4486 ab
485 4429 837 4485 honorando
864 4429 1078 4483 Deum:
1111 4428 1296 4484 Judaei
1320 4429 1560 4500 quidem
1595 4436 2028 4500 praceptorum

376 4519 523 4592 legis
554 4525 1024 4591 transgressores
1054 4517 1190 4572 facti
1217 4535 1230 4583 ;
1293 4517 1516 4572 ethnici
1573 4534 1705 4572 vero
1736 4518 1897 4572 idola
1926 4535 2026 4574 co-

2158 1920 2671 1997 συνεισενεγκόντας,
2758 1919 3020 1977 δείκνυσιν
3102 1923 3184 1978 ὅτι
3259 1924 3464 1980 καὶτὸ
3519 1931 3799 1983 πιστεῦσαι

2156 2014 2566 2086 συνεισενεγκείν
2599 2008 2765 2067 ἐστιν.
2800 2009 3081 2087 Ἀνδρείας
3135 2014 3237 2090 γάρ
3297 2011 3467 2071 δεῖται
3525 2018 3709 2090 ψυχῆς
3739 2017 3800 2072 τὸ

2152 2103 2454 2154 πιστεῦσαι.
2489 2099 2581 2152 Διό
2640 2121 2793 2176 φησι.
2858 2125 2884 2152 ‹‹
2918 2101 3016 2157 Διὰ
3064 2100 3318 2172 πίστεως,
3355 2127 3382 2154 ››
3444 2101 3651 2164 δεικνὺς
3711 2103 3802 2159 καὶ

2150 2187 2297 2256 ἡμᾶς
2338 2185 2397 2240 ἐκ
2457 2186 2652 2243 τούτου
2707 2189 3164 2264 συνεισφέροντας.
3227 2216 3254 2242 ι‹
3291 2190 3384 2255 Ε’ίς
3441 2193 3645 2252 πάντας
3705 2192 3794 2247 καὶ

2151 2272 2236 2329 ἐπὶ
2297 2277 2519 2333 πάντας.
2556 2300 2583 2328 ›)
2642 2312 2709 2320 -
2767 2281 3245 2353 [ΓΕΝΝΑΔΙΟΥ.]
3297 2282 3390 2344 Εἷς
3447 2281 3644 2345 πάντας
3703 2283 3796 2355 μὲν

2147 2363 2272 2426 τοὺς
2334 2363 2616 2438 Ἰουδαίος,
2710 2368 2895 2447 φησὶν,
2956 2369 3030 2430 ὠς
3089 2367 3297 2425 οἴκοθεν
3349 2371 3440 2426 καὶ
3497 2370 3546 2441 ἐξ
3617 2371 3792 2427 αὐτῶν

2147 2451 2450 2528 ἐσχηκότας
2481 2459 2581 2521 τῆς
2610 2457 2881 2532 σωτηρίας
2909 2458 3004 2512 τὸν
3063 2457 3255 2532 αἶίτιον,
3306 2460 3476 2536 ἤγουν
3533 2460 3624 2516 τὸν
3659 2465 3791 2534 Χρι-

2146 2544 2286 2598 στόν.
2322 2546 2444 2600 Ἐπὶ
2476 2547 2676 2609 πάντας
2727 2543 2802 2619 δὲ,
2853 2549 2981 2610 τοὺς
3035 2549 3272 2612 ἐθνικοῦς
3331 2548 3497 2627 λέγει,
3557 2552 3631 2612 ὡς
3684 2551 3788 2606 ἀπὸ

2141 2636 2248 2687 τῶν
2279 2631 2551 2690 Ἰουδαίων
2601 2638 2998 2692 πιστευσάντων
3057 2639 3145 2693 καὶ
3205 2637 3292 2694 ἐπὶ
3351 2639 3577 2702 τούτους
3637 2639 3792 2696 ἐκτα-

2143 2721 2326 2792 θείσης
2353 2731 2452 2793 τῆς
2487 2725 2735 2802 χάριτος.
2794 2727 2983 2800 Ὀμως
3044 2726 3229 2801 μέντοι
3287 2728 3374 2782 καὶ
3433 2730 3639 2784 τούτων
3689 2731 3790 2784 κά-

2140 2811 2330 2866 κείνων
2369 2816 2734 2892 μετασχήσειν
2762 2823 2863 2884 τῆς
2895 2818 3124 2890 χάριτος
3171 2813 3384 2896 ἔφησεν,
3417 2818 3528 2894 οὐχ
3580 2817 3792 2888 ἁπλῶς,

2139 2898 2284 2956 ἀλλὰ
2312 2903 2438 2964 τοὺς
2467 2903 2836 2966 πιστεύοντας.
2879 2905 2976 2959 Καὶ
3012 2904 3175 2961 πάλιν
3205 2906 3288 2960 ὅτι
3349 2908 3504 2976 κοινή
3563 2904 3788 2972 δικαίως

2138 2991 2172 3058 ἡ
2205 2991 2370 3068 χάρις
2429 2991 2566 3047 κατᾶ
2617 2995 2848 3051 πάντων.
2914 3019 2939 3045 ‹‹
2975 2993 3051 3052 Ού
3111 2997 3214 3073 γάρ
3273 2995 3382 3051 ἐστι
3444 2993 3790 3068 διαστολή.»

2137 3078 2308 3134 Πάλιν
2339 3077 2571 3136 δείκνυσι
2626 3080 2795 3156 μηδὲν
2829 3081 3125 3147 Ἰουδαίους
3186 3079 3412 3162 ἔχοντας
3469 3085 3634 3142 πλέον
3681 3092 3787 3143 τῶν

2139 3167 2187 3238 ἐξ
2222 3167 2405 3228 ἐθνῶν.
2454 3196 2474 3221 ι
2516 3170 2716 3234 Πάντες
2774 3173 2878 3248 γάρ
2934 3170 3205 3248 ἥμαρτον,
3243 3197 3269 3224 ››
3306 3176 3398 3243 Μή
3453 3176 3558 3250 γάρ
3592 3196 3686 3248 μοι
3719 3174 3790 3231 εἶ’-

2135 3282 2267 3335 πῃς,
2296 3261 2478 3338 φησὶν,
2532 3263 2679 3338 Ἐγὼ
2733 3263 2826 3335 μὲν
2890 3261 3150 3325 Ἰουδαῖός
3209 3265 3324 3338 εἰμι
3376 3264 3575 3329 ἄνωθεν
3629 3263 3788 3327 εἰδὼς

2131 3353 2281 3419 Θεὸν,
2335 3350 2492 3414 οὗτος
2523 3349 2580 3408 δὲ
2608 3354 2752 3422 εὲνος
2809 3355 2898 3408 καὶ
2961 3350 3262 3430 βάρϐαρος.
3295 3355 3482 3417 ’Ὀλως
3516 3357 3560 3412 εἰ
3593 3357 3780 3420 πάντες

2131 3442 2402 3515 ἥμαρτον,
2433 3435 2622 3520 ἔχουσι
2653 3443 2742 3496 καὶ
2797 3443 2859 3498 τὸ
2913 3444 3111 3505 πάντες
3171 3445 3457 3519 ὁμοτίμως
3513 3449 3784 3517 σωθῆνηις

2133 3527 2209 3587 Οὐ
2239 3529 2343 3604 γάρ
2367 3528 2476 3612 ἐστι
2515 3527 2801 3602 διαστολὴ,
2834 3529 3005 3610 ἤγουν
3042 3533 3334 3608 χωριφμὸς
3397 3532 3660 3592 Ἰουδαίου
3691 3538 3783 3593 καὶ

2133 3618 2343 3680 ὲθνικοῦ
2376 3661 2391 3690 ,
2442 3618 2650 3692 ὁμοίως
2719 3621 3017 3700 ἀμφότεροι
3075 3623 3322 3697 ἥμαρτον
3358 3666 3370 3678 .
3425 3648 3452 3675 ‹‹
3488 3626 3586 3681 Καὶ
3624 3624 3779 3682 ὕστε-

2134 3711 2349 3781 ροῦνται
2379 3716 2478 3779 τῆς
2508 3707 2668 3781 δόξης
2701 3717 2797 3767 τοῦ
2855 3717 3014 3785 Θεοῦ,
3049 3737 3075 3761 η
3106 3713 3196 3768 καὶ
3227 3714 3291 3768 τὰ
3349 3714 3493 3784 ἒξῆτ.
3555 3718 3640 3785 Μὴ
3675 3717 3778 3790 γάρ

2139 3820 2232 3873 μοι
2265 3798 2442 3874 εἴπῃς,
2475 3803 2662 3877 φησὶν,
2702 3801 2784 3857 δτι
2835 3801 3104 3872 ’Έλληνες
3138 3801 3303 3858 πλέον
3359 3806 3625 3878 ἥμαρτον.
3685 3807 3776 3873 Μή

2137 3887 2198 3942 σύ
2228 3888 2458 3944 κατόπιν
2490 3888 2588 3944 οὐκ
2617 3893 2665 3945 εἰ
2692 3897 2792 3959 τῆς
2828 3888 2988 3961 δόξης
3048 3891 3134 3946 καὶ
3166 3898 3266 3961 τῆς
3321 3891 3623 3968 εὐεργεσίας
3679 3897 3778 3946 τοῦ

2137 3981 2274 4034 Θεοῦ
2308 3998 2321 4048 ;
2354 3980 2443 4034 καί
2477 3976 2704 4055 δωρεὰν,
2755 3980 3050 4050 τουτέστίν,
3106 3979 3230 4035 ἄνευ
3283 3985 3358 4036 σῶ
3414 3980 3779 4056 κατορθωμά-

2134 4088 2262 4133 των,
2295 4068 2443 4142 σώζῃ
2479 4090 2493 4140 ;
2525 4069 2614 4122 καὶ
2673 4067 2839 4123 πάλιν
2871 4069 2944 4131 ὡς
2980 4066 3147 4142 μηδὲν
3202 4069 3383 4145 ἓτερον
3444 4071 3778 4146 συνεισενέγ-

2135 4157 2248 4223 καὶ,
2303 4157 2448 4227 πλὴν
2504 4158 2783 4227 πῖστεωςς
2846 4158 3232 4231 Δικαιούμενος
3293 4157 3371 4229 δὲ,
3438 4156 3640 4234 δωρεὰν
3701 4158 3782 4215 δι-

2133 4251 2403 4314 καιοῦσαι,
2452 4249 2540 4302 καὶ
2592 4248 2816 4304 κατόπιν
2875 4247 3094 4326 ἔργεσαι
3150 4253 3246 4303 τοῦ
3305 4253 3438 4304 Θεοῦ
3497 4248 3656 4320 δόξης
3690 4252 3782 4306 καὶ

2135 4336 2458 4412 εὐεργεσίας.
2520 4363 2546 4388 ‹‹
2608 4341 2958 4413 Υστεροῦνται
3016 4342 3114 4403 τῆς
3174 4334 3334 4408 δόξης
3397 4345 3494 4394 τοῦ
3557 4345 3710 4396 Θεοῦ.
3745 4361 3772 4394 ι

2136 4425 2376 4480 Κατόπιν
2431 4423 2673 4499 ἐγένοντο
2709 4470 2722 4494 ,
2783 4425 2882 4480 οὐκ
2937 4420 3166 4499 ἔφθασαν
3235 4431 3332 4480 τοῦ
3389 4423 3632 4497 δοξάζειν
3686 4429 3777 4482 τὸν

2136 4515 2286 4571 Θεόν.
2337 4516 2778 4571 Ἐκπεπτώκασιν
2842 4511 3070 4576 ἅπαντες
3125 4520 3222 4570 τοῦ
3279 4522 3442 4589 τιμᾷν
3497 4517 3676 4572 αὐτόν.
3712 4519 3778 4575 Οἱ

380 4609 591 4665 lentes.
620 4608 755 4663 Ideo
787 4624 994 4662 omnes
1022 4607 1122 4678 qui
1155 4607 1215 4661 in
1235 4608 1419 4662 Deum
1447 4606 1828 4662 crediderunt
1848 4608 2028 4679 gratis

2143 4605 2232 4677 μὲν
2265 4601 2544 4674 Ἰουδαῖοι,
2579 4601 2883 4679 παραϐάται
2929 4607 3210 4683 γενόμενοι
3266 4610 3374 4662 τῶν
3428 4603 3516 4662 διὰ
3545 4611 3643 4662 τοῦ
3691 4607 3781 4662 νό-

372 4697 799 4768 justiﬁcantur,
825 4697 1022 4768 ipsum
1053 4695 1292 4752 credere
1340 4701 1567 4751 tantum
1627 4696 2022 4751 conferentes.

381 4785 684 4849 Quomodo
705 4803 841 4840 vero
864 4787 1266 4856 justificamur
1289 4785 1316 4840 ‘?
1355 4785 1662 4858 Redempti
1693 4801 1727 4840 a
1765 4785 2024 4856 peccatis

381 4875 621 4936 nostris,
655 4877 765 4928 Per
787 4892 963 4944 quem
996 4880 1193 4930 autem
1217 4875 1622 4946 justiﬁcamur
1641 4874 1668 4928 ‘?
1686 4876 1798 4928 Per
1825 4875 2022 4929 Jesum

378 4962 696 5017 Christum.
731 4964 1035 5028 Quomodo
1059 4964 1158 5019 ille
1186 4964 1480 5019 redemit?
1500 4964 1742 5034 Proprio
1776 4963 2020 5034 sangui-

376 5067 472 5107 ne.
507 5050 607 5104 Vel
635 5051 743 5106 hoc
776 5051 972 5106 modo.
1009 5053 1160 5108 Deus
1195 5053 1641 5125 illosjustilicat
1670 5052 2017 5107 credentes:

376 5157 515 5196 nam
565 5139 883 5212 adoptione
943 5139 1148 5214 dignos
1205 5142 1387 5206 ducit,
1440 5142 1647 5213 suique
1698 5143 1859 5216 regni
1921 5141 2019 5196 de-

377 5235 671 5286 monstrat
700 5230 986 5298 hmredes,
1027 5248 1059 5286 a
1104 5249 1218 5302 quo
1278 5231 1658 5287 manifestum
1717 5237 1806 5287 est
1861 5233 2020 5304 quod

373 5321 880 5385 aberraveramus,
937 5337 1142 5376 omnes
1200 5321 1477 5376 similiter
1532 5322 1891 5394 posteriores
1921 5339 2019 5378 su-

371 5428 528 5481 mus,
560 5410 690 5465 ideo
713 5410 892 5484 gratis
925 5411 1035 5466 ista
1066 5410 1238 5466 nobis
1270 5411 1494 5467 tribuit.

445 5589 540 5659 III,
565 5591 751 5646 24-26.
792 5608 812 5636 ι
838 5590 949 5644 Per
977 5589 1449 5660 redemptionem
1480 5604 1612 5659 quas
1643 5594 1732 5643 est
1761 5589 1822 5644 in
1853 5589 2015 5646 Chri-

373 5703 399 5732 «
432 5686 520 5736 sto
541 5682 696 5752 Iesu,
724 5696 900 5754 quem
922 5679 1231 5754 praposuit
1261 5679 1415 5734 Deus
1444 5678 1891 5751 prOpitiatorem
1913 5697 2019 5753 per

2139 4715 2244 4766 μου
2274 4693 2531 4762 ἐντολῶν,
2576 4696 2626 4748 οἱ
2659 4692 2716 4749 δε
2770 4693 2997 4757 ἐθνικοὶ,
3058 4692 3312 4756 εἰδώλοις
3368 4693 3777 4770 λατρεύσαντες,

2135 4782 2229 4836 Διὸ
2277 4786 2467 4845 πάντες
2551 4782 2931 4845 πιστεύσαντες
2989 4783 3065 4846 εἷς
3126 4784 3385 4859 Χριστὸν,
3442 4782 3648 4859 δωρεὰν
3705 4785 3780 4840 δι-

2133 4877 2412 4928 καιοῦνται
2449 4917 2461 4940 ,
2520 4873 2582 4928 τὸ
2642 4873 2908 4928 πιστεύειν
2952 4875 3114 4947 μόνον
3171 4873 3591 4949 συνεισάγοντες.
3653 4881 3778 4938 Πῶς

2133 4961 2191 5019 δὶ
2220 4959 2571 5035 δικαιούμεθα
2593 4982 2607 5031 ;
2632 4961 3136 5036 Ἀπολυτρούμενοι
3165 4964 3260 5024 τὰς
3293 4963 3558 5037 ἁμαρτίας
3589 4966 3776 5037 ἡμῶν.

2133 5055 2230 5110 Δια
2257 5053 2398 5115 τίνος
2450 5051 2507 5107 δὲ
2561 5053 3062 5129 ἀπολυτρούμεθας
3125 5055 3222 5111 Διὰ
3279 5056 3460 5125 Ἰησοῦ
3520 5057 3779 5130 Χριστοῦ.

2133 5140 2254 5204 Πῶς
2288 5140 2614 5218 λυτροῦντος
2649 5141 2855 5198 ἐκείνου
2891 5163 2905 5213 ;
2936 5143 3028 5213 Τῷ
3061 5139 3187 5216 ῗδίφ
3225 5140 3442 5216 α’ίματι.
3476 5145 3545 5202 Ἦ
3580 5145 3776 5209 οὕτως·

2130 5231 2261 5292 Θεὸς
2318 5231 2512 5294 αὐτοὺς
2595 5228 2802 5302 δοξάζει
2884 5231 3236 5292 πιστεύοντας
3271 5274 3284 5289 .
3341 5233 3616 5295 Υἳοθεσίας
3673 5237 3774 5310 γὰρ

2129 5320 2291 5390 ἀξιοῖ,
2317 5321 2405 5374 καὶ
2437 5318 2818 5396 κληρονόμους
2847 5327 2946 5391 τῆς
2998 5322 3169 5377 αὖτοῦ
3203 5319 3482 5396 βασιλείας
3533 5322 3773 5398 ἀποφαί-

2127 5431 2226 5466 νει.
2291 5413 2387 5473 Ἠς
2466 5407 2680 5480 δῆλον,
2739 5410 2822 5467 ὅτι
2873 5409 3271 5485 ἐξημάρτομεν,
3331 5411 3525 5473 πάντες
3569 5412 3773 5485 ὁμοίως

2131 5502 2514 5578 ὑστερούμεθα.
2547 5503 2639 5560 Διὸ
2672 5500 2876 5576 δωρεάν
2906 5505 3056 5575 ἡμᾶς
3086 5502 3294 5558 τούτων
3327 5502 3488 5572 ἀξιοῖ.

2201 5592 2297 5648 Διὰ
2378 5599 2479 5660 τῆς
2535 5591 2968 5668 ἀπολυτρώσεως
3019 5593 3118 5660 τῆς
3177 5591 3230 5647 ἐν
3288 5592 3507 5667 Χριστῷ
3568 5592 3767 5664 Ἰησοῦ,

2131 5682 2189 5738 ὃν
2248 5678 2506 5757 προέθετο
2565 5681 2594 5736 ὁ
2647 5681 2776 5744 Θεὸς
2834 5679 3153 5757 ἱλαστήριον
3214 5677 3304 5736 διὰ
3379 5687 3480 5752 τῆς
3536 5675 3768 5743 πίστεως
