4198 6198
374 354 493 414 383

1438 345 1850 407 COMMENT.
1901 341 1988 403 IN
2034 339 2287 403 EPIST.
2335 342 2438 404 AD
2475 342 2673 404 ΗΘΜ.

3667 350 3787 411 306

376 483 428 542 ἐν
478 487 559 556 τῷ
611 480 778 538 αὐτοῦ
834 477 1053 554 αἵματι,
1111 476 1188 541 είς
1243 472 1464 551 ἔνδειξιν
1520 484 1621 548 τῆς
1674 474 2023 547 δικαιοσύνης

2155 500 2164 527 ι
2201 475 2401 541 ﬁdem,
2434 492 2540 548 per
2596 476 2946 549 sanguinem
3005 479 3213 552 ipsius,
3255 480 3328 535 ad
3378 484 3784 543 ostensionem

377 572 577 642 αὐτοῦ,
638 568 728 627 διὰ
783 572 882 641 τήν
941 569 1164 645 πάρεσιν
1222 572 1329 622 τῶν
1382 567 1795 644 προγεγονότων
1853 566 2033 641 ἆμαρ-

376 664 610 737 τημάτω
740 659 791 716 ἐν
863 663 934 734 τῇ
998 659 1177 733 ἀνοχῇ
1223 661 1322 712 τοῦ
1376 661 1530 727 Θεοῦ,
1588 657 1725 731 πρὸς
1812 649 2033 726 ἔνδειξιν

371 758 476 821 τῆς
534 747 886 819 δικαιοσύνης
944 747 1132 817 αὐτοῦ,
1188 745 1242 801 ἐν
1303 749 1385 819 τῷ
1436 750 1525 800 νῦν
1581 749 1775 820 καιρῶ·
1836 744 1913 805 εἷς
1968 743 2031 798 τὸ

381 841 520 896 εἷται
550 838 713 895 αὐτὸν
754 835 990 905 δίκαιον,
1047 836 1138 892 καὶ
1201 833 1514 891 δικαιοῦντα
1569 834 1662 890 τὸν
1692 831 1752 889 ἐκ
1800 832 2034 896 πίστεως

383 930 592 1000 ’[ησοῦ.

455 1019 580 1080 Πῶς
641 1014 699 1072 δὲ
758 1014 1112 1087 δικαιοῦται;
1181 1013 1272 1070 διὰ
1325 1022 1428 1086 τῆς
1486 1014 1728 1094 ἀφέσεως
1774 1018 1881 1068 τῶν
1937 1032 2035 1068 πα-

382 1109 769 1183 ραπτωμάτων
802 1152 820 1174 ,
888 1106 955 1176 ἧς
1011 1106 1359 1182 τυγχάνομεν
1431 1104 1483 1159 ἐν
1542 1107 1766 1178 Χριστῷ
1825 1104 2033 1173 Ἰησοῦ,

380 1197 654 1268 τουτέστι,
687 1193 779 1251 διὰ
803 1198 989 1267 Ἰησοῦ
1016 1196 1275 1270 Χριστοῦ,
1326 1219 1354 1247 ιι
1388 1194 1484 1252 ’³ον
1542 1190 1803 1269 προέθετο
1834 1193 1863 1247 6
1908 1192 2036 1254 Θεὸς

378 1284 723 1360 ἱλαττήριον.
762 1309 791 1337 ››
844 1281 1085 1343 Εύδοκία
1137 1283 1240 1361 γὰρ
1314 1288 1415 1339 τοῦ
1484 1282 1716 1356 Πατρὸς,
1770 1278 2037 1354 ἐξίλασμα

382 1376 678 1452 γεγένηται
739 1380 849 1431 τῶν
903 1375 1183 1449 ἡψετέρων
1225 1375 1526 1448 ἁμαρτιῶν.
1590 1370 1927 1446 Ἱλαστήριον
1980 1367 2038 1425 δὲ

381 1463 623 1520 παλαιὸν
657 1463 878 1542 ἐλέγετο
906 1464 969 1519 τὸ
1000 1468 1167 1538 πῶμα
1192 1467 1291 1530 τῆς
1321 1457 1583 1519 κιϐωτοῦ.
1644 1460 1830 1521 Οὕτως
1879 1459 1970 1515 καὶ
2000 1460 2036 1528 ἡ

381 1557 486 1609 τοῦ
515 1554 720 1628 Κυρίου
749 1554 874 1629 σὰρξ
917 1556 952 1623 ἡ
1001 1551 1482 1628 περικαλύπτουσα
1534 1551 1634 1620 τήν
1680 1550 1872 1605 ἑαυτοῦ
1920 1547 2037 1603 θεό-

383 1664 527 1714 τητα
557 1642 878 1718 ἱλαστήριον
929 1643 1119 1719 γέγονε
1168 1646 1276 1697 τῶν
1336 1639 1619 1715 ἡμετέρων
1672 1640 1930 1713 ἀνομιῶν.
1966 1638 2039 1694 Τὸ

386 1730 467 1801 δὲ,
502 1734 792 1807 Προέθετο,
832 1729 1002 1803 δηλοῖ
1029 1729 1264 1786 παλαιὰν
1318 1730 1417 1800 τὴν
1475 1728 1599 1805 περὶ
1656 1728 1854 1784 τούτου
1908 1728 2042 1802 βου-

2099 588 2170 618 ει(
2195 567 2445 639 justitiaa
2505 583 2663 622 sua):
2724 584 2829 638 per
2885 569 3300 626 remissionem
3350 572 3784 642 praeteritorum

2145 676 2173 704 «
2203 665 2605 727 peccatorum,
2638 673 2772 712 cum
2804 658 2956 713 Deus
2987 658 3270 715 toleraret
3302 677 3314 714 :
3344 661 3418 715 ad
3466 663 3787 718 ostenden-

2143 766 2171 795 ιι
2204 744 2340 800 dam
2363 744 2662 816 justitiam
2695 763 2883 815 suam,
2917 746 2978 802 in
3018 748 3299 819 praasenti
3339 750 3492 805 248
3524 756 3792 822 tempore

2143 852 2175 886 ιι
2205 834 2317 889 hoc
2347 838 2413 888 ut
2440 833 2567 905 ipse
2594 833 2670 889 sit
2690 834 2910 906 justus,
2944 835 3367 907 etjustificans
3410 854 3545 895 eum
3572 839 3673 911 qui
3705 845 3797 895 est

2143 946 2172 974 «
2204 939 2274 978 ex
2306 922 2422 978 {ide
2449 923 2608 980 Jesu.
2648 944 2675 973 »

2213 1011 2516 1076 Quomodo
2542 1018 2745 1069 autem
2769 1014 3185 1086 justiﬁcatur?
3219 1021 3331 1074 Per
3374 1019 3789 1075 remissionem

2142 1108 2524 1172 peccatorum
2545 1120 2723 1174 quam
2755 1106 3131 1177 assequimur
3152 1108 3213 1162 in
3240 1107 3468 1163 Christo
3499 1110 3658 1173 Jesu.
3679 1111 3792 1165 hoc
3842 1152 3847 1159 .

2146 1195 2257 1257 est,
2287 1207 2393 1262 per
2420 1192 2720 1249 Christum
2749 1195 2970 1251 Jesum.
3021 1218 3049 1246 ιι
3083 1197 3268 1262 Quem
3300 1198 3610 1269 proposuit
3641 1198 3792 1253 Deus

2143 1281 2612 1353 propitiatorem.
2642 1305 2670 1333 ››
2730 1283 2920 1340 Patris
2952 1285 3113 1341 enim
3144 1286 3485 1359 prOpitiatio
3516 1287 3673 1343 facta
3702 1293 3799 1342 est

2148 1375 2492 1426 nostrorum
2518 1372 2859 1444 propitiatio
2890 1380 3289 1446 peccatorum.
3314 1376 3798 1448 Propitiatorium

2147 1476 2282 1516 vero
2316 1460 2624 1517 dicebatur
2652 1463 2794 1518 olim
2815 1480 2967 1520 arca;
2997 1467 3343 1537 operculum
3374 1484 3387 1520 :
3437 1467 3519 1523 ita
3563 1482 3799 1538 quoque

2149 1549 2389 1605 Domini
2419 1567 2555 1607 caro
2582 1568 2715 1622 quae
2735 1552 2898 1608 illius
2927 1554 3296 1610 divinitatem
3317 1554 3570 1620 velabat,
3594 1556 3795 1627 propi-

2148 1640 2448 1695 tiatorium
2471 1640 2583 1695 fuit
2608 1647 2949 1698 nostrarum
2981 1643 3382 1714 iniquitatum.
3411 1644 3575 1709 Quod
3598 1649 3797 1700 autem

2152 1729 2296 1784 dicit
2321 1746 2333 1785 :
2358 1731 2692 1802 Proposuit,
2720 1733 3033 1804 antiquum
3067 1733 3141 1788 de
3167 1750 3236 1789 ea
3266 1751 3330 1788 re
3364 1734 3684 1789 consilium
3716 1733 3797 1789 si-

386 1820 522 1892 λήν.
557 1846 585 1874 ‹‹
615 1824 812 1894 Ἐντῷ
868 1821 1037 1876 αὐτοῦ
1095 1818 1309 1895 α’ίματι.
1344 1845 1368 1874 ι
1430 1820 1489 1872 Ὀ
1550 1818 1643 1892 μὲν
1691 1817 1792 1892 γὰρ
1854 1816 2038 1890 Πατὴρ

2155 1818 2411 1891 gniﬁcat.
2438 1840 2465 1871 ιι
2500 1821 2613 1874 Per
2633 1823 2985 1894 sanguinem
3006 1821 3213 1893 ipsius.
3248 1844 3276 1871 ››
3308 1822 3480 1878 Pater
3504 1822 3800 1894 siquidem

385 1910 670 1983 προέθετο,
723 1913 752 1967 6
806 1908 864 1967 δὶ
923 1911 1046 1974 Υἱὸς
1093 1911 1156 1966 τὸ
1215 1912 1353 1985 αἷμα
1403 1908 1612 1985 ἐξέχεεν
1672 1909 1804 1984 ὑπὲρ
1856 1909 2038 1980 ἡμῶν·

384 2003 552 2071 κοινή
588 1999 682 2057 οὖν
739 2003 775 2072 ἡ
829 2000 993 2078 χάρις
1044 2007 1148 2071 τῆς
1202 1999 1355 2076 ἁγίας
1411 1995 1667 2076 Τριάδος’
1724 1997 2042 2073 συνήργησε

387 2090 493 2166 γὰρ
523 2090 614 2145 καί
642 2093 705 2146 τὸ
729 2091 985 2164 πανάγισν
1043 2089 1288 2162 Πνεὺμα.
1323 2111 1353 2140 ‹‹
1384 2087 1481 2152 Εἰς
1535 2082 1756 2157 ἔνδειξιν
1812 2091 1914 2155 τῆς
1959 2081 2041 2139 δι·

387 2180 682 2251 καιοσύνης
713 2181 900 2235 αὐτοῦ.
934 2202 963 2233 ››
1022 2181 1225 2255 Ὥσπερ
1282 2175 1528 2250 ἔνδειξις,
1574 2175 1849 2254 τουτέστιν
1906 2173 2039 2230 ἀπό·

392 2266 577 2342 δειξις,
626 2267 919 2333 πλουσίου,
984 2268 1044 2323 τὸ
1102 2266 1193 2323 καὶ
1252 2266 1467 2342 ἐτέρους
1524 2263 1860 2335 πλουτίζειν,
1892 2264 2041 2319 οὕτω

388 2360 481 2414 καὶ
512 2357 542 2412 ὅ
571 2359 802 2433 Χριστὸς
830 2354 1157 2427 ἐνδείξασθαι
1193 2353 1535 2431 βουλόμενος
1566 2355 1665 2424 τὴν
1699 2351 2043 2422 δικαιοσύνην

392 2445 579 2516 αὐτοῦ,
610 2446 701 2502 καὶ
731 2445 856 2508 τοὺς
883 2445 1201 2522 ἀνθρώπους
1228 2442 1560 2500 ἐδικαίωσεν.
1592 2468 1621 2497 ιι
1647 2443 1744 2498 Διά
1772 2442 1869 2512 τὴν
1903 2442 2043 2515 πάρ-

401 2557 508 2592 εσιν
538 2540 646 2592 τῶν
677 2535 1092 2610 προγεγονότων
1121 2534 1535 2609 ἁμαρτημάτων
1559 2531 1611 2587 ἐν
1637 2535 1707 2605 τῇ
1739 2533 1915 2609 ἀνοχῇ
1944 2533 2042 2585 τοῦ

392 2630 549 2682 Θεοῦ.
586 2651 608 2680 ι
646 2622 953 2694 Ἀπόδειξις
977 2622 1035 2680 δὲ
1052 2631 1153 2694 τῆς
1183 2621 1532 2694 δικαιοσύνης
1584 2622 1749 2677 αὐτοῦ
1808 2618 2043 2694 μάλιστα

394 2717 617 2792 γέγονεν
654 2759 669 2785 ,
718 2714 800 2771 ὅτι
858 2715 1220 2791 παρειμένους
1251 2757 1266 2784 ,
1317 2712 1563 2768 τουτέστι
1611 2708 2043 2786 νενεκρωμένους

389 2810 514 2868 ταῖς
570 2803 857 2880 ἁμαρτίαις
941 2801 1067 2866 τοὺς
1144 2802 1467 2879 ἀνθρώπους
1514 2798 1848 2857 ἐδικαίωσεν.
1909 2800 2046 2857 Εἶτα

392 2892 647 2950 ἐπιτείνει
675 2898 783 2949 τῶν
818 2893 1117 2966 ἀνθρώπων
1148 2891 1211 2947 τὸ
1241 2890 1514 2968 ἔγκλημα,
1546 2894 1624 2962 τῷ
1652 2889 1745 2951 τὰς
1775 2888 2044 2965 ἁμαρτίας

393 2982 632 3057 γενέσθαι
664 2981 716 3036 ἐν
744 2985 814 3056 τῇ
844 2981 1020 3057 ἀνοχῇ
1050 2985 1148 3036 τοῦ
1196 2981 1350 3038 Θεοῦ.
1410 2983 1534 3035 Ὅτε
1563 2981 1688 3055 γὰρ,
1717 2977 1905 3051 φησὶν,
1936 2973 2047 3033 ἔδει

391 3077 746 3145 μετανοῆσαι,
780 3068 1033 3140 δοθείσης
1065 3070 1294 3145 ἀνοχῆς,
1351 3068 1476 3123 τότε
1527 3065 1741 3142 μᾶλλον
1796 3068 2047 3143 ἡμάρτο-

392 3181 511 3235 μεν.
543 3161 678 3223 Τοὺς
711 3161 806 3215 οὗν
865 3160 1227 3236 ἀσύγγνωστα
1292 3157 1639 3226 πταίσαντας,
1689 3160 1783 3211 νῦν
1835 3152 1926 3210 διὰ
1953 3154 2043 3210 πί-
2076 3200 2119 3266 C

650 3253 706 3266 tu
830 3251 872 3266 vr
917 3249 927 3261 ⁸
1019 3248 1045 3266 ΙΙ
1335 3246 1377 3266 '-
1638 3249 1671 3266 ,'
1766 3245 1785 3266 ,9,
1845 3265 1851 3266 ι
1884 3265 1893 3266 κ
1914 3242 1988 3266 κῘμ

390 3269 563 3311 στεως
594 3253 777 3319 σώζει.
830 3249 932 3306 Καὶ
984 3248 1160 3312 οὕτως
1189 3246 1527 3323 παρείθημεν
1579 3249 1701 3307 ταῖς
1756 3242 2046 3320 ἁμαρτίαις

386 3340 479 3394 καὶ
512 3336 961 3414 παραλελύμεθα.
1005 3340 1215 3413 [ΦΩΤ.]
1257 3337 1387 3393 Εἶτα
1446 3332 1563 3390 δὲον
1612 3339 1716 3404 τῆς
1771 3333 2050 3409 παρέσεως

387 3429 762 3501 ἀπαιτηθῆναι
821 3425 994 3497 δίκας,
1051 3427 1259 3504 ἀνοχῆς
1305 3426 1395 3483 καὶ
1458 3423 1870 3506 φιλανθρωπίας
1926 3422 2047 3480 ἐτύ·

388 3537 587 3594 χομεν.
623 3514 799 3575 Ἀλλά
826 3517 1046 3587 καὶτῆς
1101 3516 1313 3594 ἀνοχῆς
1368 3513 1651 3591 τυχόντες,
1702 3509 1821 3568 δεον
1885 3532 2046 3586 μετα-

383 3612 533 3663 νοεῖν
558 3608 650 3663 καὶ
707 3608 775 3662 τά
806 3607 1076 3682 φθάσαντα
1130 3604 1492 3677 ἐξιλεοῦσθαι,
1551 3602 1630 3660 ἔτι
1684 3607 1806 3665 τοῖς
1864 3602 2049 3664 αὐτοῖς

390 3694 879 3772 ἐγκαλινδούμεθα.
911 3695 976 3752 Τί
1008 3695 1099 3750 οὗν
1134 3692 1239 3750 ἔδει
1270 3694 1394 3749 τότε
1424 3692 1514 3749 καὶ
1540 3692 1633 3747 τὸν
1674 3690 1796 3747 λίαν
1852 3688 2047 3767 φιλάν-

392 3797 613 3861 θρωπον
641 3786 836 3862 κριτὴν
864 3785 1095 3860 πρᾶξαις
1150 3785 1371 3846 Πάντως
1426 3780 1661 3838 κολάσαί
1719 3781 1809 3837 καὶ
1866 3802 2045 3855 τιμω-

391 3879 680 3953 ρήσασθαι,
753 3875 886 3950 ὑπὲρ
947 3876 1020 3930 ῶν
1077 3896 1137 3930 τε
1188 3872 1240 3948 ἐξ
1299 3875 1479 3953 ἀρχῆς
1531 3874 1851 3948 ἡμάρτομεν
1889 3918 1904 3940 ,
1956 3870 2047 3927 καὶ

393 3966 530 4039 ὑπὲρ
563 3966 639 4020 ὧν
699 3964 909 4042 ἀνοχῆς
969 3963 1237 4040 τυχόντες
1296 3964 1360 4018 οὐ
1423 3959 1900 4035 μετεμελήθημεν,
1956 3960 2048 4015 καὶ

394 4055 533 4131 ὑπὲρ
559 4055 632 4110 ῶν
667 4054 729 4110 ού
767 4054 930 4127 μόνον
974 4054 1038 4109 οὐ
1084 4051 1564 4127 μετεμελήθημεν,
1625 4048 1771 4106 ἀλλά
1825 4050 1914 4105 καὶ
1944 4055 2044 4120 τήν

391 4144 584 4200 κακίαν
642 4142 1012 4218 ἐπετείναμεν.
1074 4142 1131 4195 '0
1182 4138 1241 4196 δὲ
1292 4139 1343 4195 τί
1399 4146 1589 4208 ποιεῖς
1649 4139 1789 4196 Τότε
1845 4137 2045 4211 λύτρον

389 4231 581 4287 ἑαυτὸν
612 4227 833 4286 δίδωσιν
872 4230 1003 4304 ὑπὲρ
1034 4230 1220 4302 ⁴ἡμῶν,
1267 4226 1358 4282 καὶ
1418 4226 1479 4281 οὗ
1546 4226 1709 4299 μόνον
1766 4225 2046 4301 ἐξαρπάζει

392 4328 497 4391 τῆς
527 4318 816 4396 τιμωρίας,
849 4315 997 4373 ἀλλά
1041 4317 1132 4372 καὶ
1164 4314 1370 4371 δικαιοῖ
1388 4315 1477 4370 καὶ
1510 4314 1691 4385 σώζει,
1723 4314 1813 4369 καὶ
1838 4312 2050 4389 κληρο-

391 4412 599 4484 νόμους
628 4409 795 4464 αύτοῦ
826 4412 1059 4463 ποιεῖται
1119 4413 1218 4476 τῆς
1273 4403 1572 4481 βασιλείας.
1631 4404 1840 4466 Ὄντως
1885 4403 2046 4483 χάρις

403 4500 600 4575 μετρον
660 4497 760 4553 οὐκ
814 4494 1041 4572 ἔχουσα,
1094 4492 1260 4558 ὅντως
1313 4497 1475 4549 τοῦτο
1558 4491 1735 4568 δωρεὰ
1768 4535 1781 4561 ,
1843 4489 2049 4568 δωρεᾶς

2149 1908 2477 1980 proposuit,
2533 1908 2717 1965 Filius
2747 1927 2882 1966 vero
2914 1912 3263 1984 sanguinem
3293 1929 3399 1983 pro
3449 1910 3623 1967 nobis
3655 1914 3800 1966 eﬁ‘u-

2148 1996 2237 2052 dit
2268 2014 2281 2051 :
2309 1998 2510 2069 itaque
2540 2000 2876 2055 communis
2900 2005 2990 2055 est
3011 2005 3229 2056 sanctas
3249 2000 3553 2056 Trinitatis
3582 2001 3798 2072 gratia;

2149 2102 2289 2142 nam
2319 2088 2733 2145 sanctissimus
2765 2106 3004 2161 quoque
3044 2089 3475 2161 cooperabatur
3527 2089 3799 2161 Spiritus.

2149 2198 2178 2227 ιι
2212 2178 2322 2231 Per
2339 2177 2741 2233 ostensionem
2774 2179 3025 2250 justitim
3053 2196 3195 2235 sum.
3230 2202 3257 2228 n
3289 2177 3800 2245 Quemadmodum

2151 2262 2346 2319 divitis
2378 2266 2643 2321 ostensio
2671 2266 2789 2323 sive
2812 2266 3240 2323 demonstratio
3272 2275 3363 2323 est
3391 2268 3542 2323 alios
3563 2283 3801 2338 quoque

2151 2352 2362 2422 ditare,
2388 2355 2473 2410 ita
2507 2360 2565 2411 et
2593 2356 2861 2412 Christus
2895 2374 3063 2413 suam
3094 2357 3411 2413 ostendere
3442 2357 3649 2412 volens
3674 2357 3807 2428 jus—

2152 2444 2647 2511 titiam,homines
2670 2464 2907 2519 quoque
2922 2447 3294 2520 justiﬁcavit.
3314 2470 3341 2498 ιι
3371 2448 3475 2504 Per
3504 2446 3809 2503 remissio-

2151 2549 2291 2588 nem
2323 2535 2759 2607 prmteritorum
2804 2542 3204 2609 peccatorum,
3238 2555 3374 2593 cum
3406 2539 3561 2593 Deus
3590 2537 3809 2592 tolera-

2150 2627 2261 2679 ret.
2300 2644 2321 2674 ι
2346 2624 2596 2680 Justitiaa
2627 2626 2790 2681 illius
2822 2626 3253 2683 demonstratio
3285 2628 3347 2682 in
3405 2627 3517 2683 hoc
3547 2626 3804 2681 maxime

2150 2711 2307 2767 facta
2332 2720 2441 2783 est,
2475 2714 2635 2784 quod
2692 2714 3036 2786 dissolutos,
3088 2716 3201 2771 hoc
3259 2722 3349 2771 est
3392 2715 3652 2787 peccatis
3683 2714 3807 2769 suis

2152 2800 2507 2860 immortuos
2531 2804 2661 2875 jam
2692 2804 2964 2861 homines
2980 2805 3351 2877 justiﬁcavit.
3378 2803 3596 2859 Deinde
3615 2801 3808 2857 homi-

2154 2908 2299 2947 num
2347 2897 2523 2965 auget
2579 2895 2827 2960 crimen,
2887 2893 3044 2966 quod
3093 2902 3336 2965 peccata
3394 2892 3637 2958 fuerint,
3669 2906 3806 2945 cum

2156 2981 2310 3036 Deus
2346 2981 2645 3038 toleraret.
2688 2984 2833 3038 Nam
2900 2982 3138 3054 quando
3196 2981 3490 3053 respicere
3549 2979 3813 3051 oportuit

2159 3069 2296 3124 data
2327 3069 2704 3140 toleratione,
2730 3076 2870 3126 tunc
2892 3072 3081 3143 magis
3104 3070 3513 3142 peccabamus.
3535 3071 3647 3123 Eos
3670 3084 3808 3141 ergo
3882 3086 3885 3091 ·

2158 3175 2322 3214 nunc
2352 3159 2544 3214 salvos
2572 3159 2734 3227 facit,
2768 3160 2868 3230 qui
2910 3159 3057 3232 lapsi
3092 3165 3262 3215 erant
3308 3160 3370 3213 in
3403 3159 3497 3225 iis,
3530 3175 3662 3230 quin
3713 3174 3815 3219 ve_

2157 3251 2322 3307 niam
2346 3268 2468 3308 non
2495 3252 2897 3319 merebantur,
2922 3258 2981 3307 et
2998 3253 3083 3308 ita
3103 3252 3354 3308 remissa
3383 3256 3522 3307 sunt
3544 3250 3714 3306 nobis
3738 3265 3808 3305 ac

2158 3339 2356 3396 soluta
2383 3346 2647 3412 peccata.
2681 3342 2975 3396 Prmterea
3005 3358 3140 3396 cum
3171 3340 3549 3414 negligentiae
3602 3354 3812 3410 pmnas

2157 3429 2520 3502 Oportuisset
2549 3435 2845 3501 expetere,
2874 3428 3255 3486 tolerantiam
3285 3446 3353 3485 ac
3380 3428 3810 3500 benignitatem

2156 3518 2411 3574 assecuti
2445 3534 2651 3574 sumus
2684 3535 2697 3573 :
2730 3535 2864 3575 cum
2880 3536 3014 3574 vero
3033 3535 3142 3574 nos
3161 3518 3540 3574 tolerantiam
3561 3516 3813 3589 adeptos

2156 3608 2521 3679 oportuisset
2549 3608 2858 3680 poenitere,
2891 3625 2959 3665 ac
2989 3608 3061 3664 de
3093 3607 3570 3681 praecedentibus
3625 3608 3811 3662 Deum
3870 3648 3877 3651 ι

2154 3696 2420 3767 placare,
2456 3697 2682 3753 eisdem
2716 3698 2974 3770 amplius
3006 3696 3472 3753 involvebamur.
3497 3694 3648 3760 Quid
3682 3711 3816 3767 ergo

2158 3791 2301 3841 tunc
2327 3786 2597 3858 judicem
2627 3803 2970 3858 quanquam
3000 3787 3346 3859 benignum,
3392 3791 3450 3839 et
3480 3784 3809 3839 humanum

2157 3894 2334 3951 agere
2365 3879 2669 3951 oportuit?
2708 3880 2919 3951 Utique
2950 3880 3162 3951 punire
3191 3894 3259 3933 ac
3290 3892 3494 3948 poenas
3524 3890 3761 3930 sumere
3795 3890 3808 3927 :

2154 3973 2213 4023 et
2244 3975 2560 4040 propterea
2591 3969 2750 4039 quod
2780 3968 2851 4024 ab
2883 3968 3056 4023 initio
3091 3966 3558 4037 deliqueramus,
3592 3968 3651 4019 et
3674 3962 3814 4034 quia

2154 4058 2535 4120 tolerantiam
2555 4058 2717 4112 nacti
2739 4074 2858 4112 non
2882 4057 3262 4129 resipuimus,
3298 4061 3357 4110 et
3381 4054 3540 4127 quod
3570 4070 3691 4110 non
3722 4068 3817 4107 so-

2153 4145 2277 4201 lum
2299 4163 2420 4202 non
2445 4145 2950 4217 desipuimus,sed
2968 4152 3026 4200 et
3041 4146 3332 4201 malitiam
3344 4145 3580 4217 longuis
3601 4148 3810 4215 poten-

2154 4234 2374 4291 dimus.
2408 4235 2514 4291 Ille
2533 4252 2669 4291 vero
2696 4236 2842 4306 quid
2858 4235 2885 4291 ?
2907 4237 3068 4291 Tunc
3091 4236 3353 4307 seipsum
3382 4231 3814 4304 redemptionis

2154 4323 2413 4393 pretium
2430 4340 2535 4394 pro
2554 4324 2728 4379 nobis
2753 4324 2963 4380 tradit:
2989 4342 3099 4380 nec
3131 4324 3320 4380 solum
3345 4340 3380 4379 a
3400 4323 3591 4394 pinnis
3615 4319 3816 4391 eripit,
3886 4374 3887 4377 η

2153 4411 2260 4468 sed
2292 4418 2351 4468 et
2367 4412 2663 4484 justiﬁcat
2692 4419 2752 4469 et
2778 4414 2982 4484 salvat,
3016 4415 3227 4485 suique
3257 4413 3425 4485 regni
3455 4411 3600 4466 facit
3628 4410 3815 4463 haere-

2157 4500 2283 4556 des.
2299 4501 2343 4557 Ο
2358 4517 2490 4556 vere
2508 4501 2698 4574 gratia
2718 4519 2849 4574 quae
2872 4518 3219 4558 mensuram
3243 4518 3364 4557 non
3415 4499 3594 4555 habet
3618 4515 3629 4552 :
3683 4513 3817 4552 vere

401 4589 615 4658 ἀπάσης
666 4591 872 4642 νικῶσα
943 4587 1043 4654 τὴν
1121 4582 1371 4657 δύναμιν.
1459 4586 1638 4638 Τοῦτο
1702 4576 1919 4653 ἔνδειξις
1978 4582 2046 4644 ὡς

2164 4590 2276 4646 hoc
2302 4590 2525 4647 donum
2549 4597 2639 4646 est
2659 4591 2819 4664 quod
2838 4593 3035 4648 omnis
3062 4593 3203 4648 doni
3234 4592 3350 4646 vim
3391 4593 3670 4660 superat:
3706 4587 3818 4641 hoc

403 4678 626 4751 ἀληθῶς
683 4676 891 4755 ἆφάτου
950 4673 1341 4746 δικαιοσύνης,
1396 4674 1488 4728 καὶ
1544 4671 1892 4742 δικαιοσύνης
1952 4671 2054 4726 ούκ

395 4767 761 4844 ἀνθρωπίνης,
820 4763 969 4821 ἀλλά
1025 4765 1169 4826 θείας
1226 4763 1316 4818 καὶ
1377 4761 1511 4836 ὑπὲρ
1590 4758 1896 4836 ἄνθρωπον,
1959 4760 2052 4816 Διὸ

397 4857 487 4911 καὶ
518 4856 680 4916 αὐτὸς
723 4855 912 4923 εἰπὼν,
973 4880 999 4907 ιι
1034 4854 1127 4916 Ei;
1186 4849 1408 4922 ἔνδειξιν
1457 4856 1558 4919 τῆς
1618 4846 1993 4920 δικαιοσύνης,
2027 4873 2054 4901 ››

401 4945 509 5021 οὐχ
532 4944 748 5015 ἁπλῶς,
779 4943 946 5015 ἀλλὰ,
980 4968 1009 4997 ιι
1046 4943 1245 5012 Αὐτοῦ,
1279 4965 1306 4994 ››
1343 4939 1502 5018 φησὶ,
1557 4940 1856 5009 τουτέστιν,
1892 4938 2055 4994 αὐτοῦ

405 5035 567 5110 μόνον
599 5037 636 5106 ἡ
665 5035 896 5106 τοιαύτη
929 5035 1018 5091 καὶ
1071 5033 1309 5103 τοσαύτη
1363 5028 1699 5100 δικαιοσύνη.
1752 5030 1838 5084 Ἐν
1871 5029 1917 5102 ᾧ
1949 5030 2053 5107 γάρ

399 5120 507 5180 ἔδει
537 5128 713 5198 καιρῶ
745 5121 1109 5195 κολασθῆναι,
1158 5121 1281 5177 τότε
1310 5121 1513 5191 ἠξίωσε
1566 5124 1664 5188 τῆς
1723 5117 2053 5194 εὐεργεσίας.

407 5236 437 5267 ιι
470 5213 610 5287 Πρὸς
642 5206 861 5283 ἔνδειξιν
891 5220 991 5282 τῆς
1040 5209 1389 5280 δικαιοσύνης
1447 5207 1633 5263 αὐτοῦ.
1676 5208 2055 5279 [ΟΙΚΟΥΜΕ-

404 5305 617 5376 ΝΙΟΥ]
675 5335 744 5345 —-
799 5304 901 5359 Τὸν
984 5303 1086 5379 γὰρ
1152 5301 1488 5376 νεκρωθέντα
1563 5302 1683 5359 ταῖς
1770 5296 2058 5372 ἁμαρτίαις

402 5396 495 5449 νῦν
554 5392 839 5462 σώζεσθαι,
894 5393 983 5447 ὅτε
1038 5392 1227 5466 καιρὸς
1279 5386 1551 5465 τιμωρίας
1624 5386 1881 5460 ὑπάρχει,
1930 5384 2061 5443 ἀλλ’

408 5484 471 5540 ού
504 5482 861 5554 δικαιώσεως,
918 5483 1082 5540 τούτο
1130 5479 1402 5555 ἀπόδειξις
1451 5486 1551 5549 τῆς
1610 5478 1916 5555 εὐεργεσίας
1970 5478 2059 5536 καὶ

404 5595 505 5645 της
560 5571 908 5645 δικαιοσύνης
996 5574 1187 5630 αὐτοῦ.
1247 5569 1394 5629 Ἔδει
1460 5570 1562 5646 γὰρ
1619 5568 1714 5630 τάς
1781 5590 1915 5645 προς
1965 5569 2058 5624 τὸν

408 5657 659 5739 ’Δϐραάμ
722 5661 1088 5739 πληρωθῆναι
1154 5659 1503 5736 ὑποσχέσεις,
1561 5658 1647 5730 τὸ,
1708 5682 1735 5709 ιι
1771 5659 1865 5713 Καὶ
1900 5657 2059 5715 εὐλο-

2162 4697 2296 4735 vere
2323 4680 2753 4737 domonstratio
2782 4688 2872 4738 est
2895 4681 3217 4737 inell‘abilis
3240 4678 3510 4752 justitim.
3546 4683 3606 4732 et
3626 4675 3818 4748 justi-

2165 4771 2262 4827 tiao
2294 4789 2413 4827 non
2444 4773 2741 4842 humanae,
2766 4773 2867 4828 sed
2916 4773 3128 4827 divinae
3157 4777 3216 4826 et
3245 4786 3423 4843 super
3480 4767 3814 4823 hominem.

2167 4862 2323 4919 244
2350 4862 2488 4919 Ideo
2509 4865 2689 4919 etiam
2743 4879 2877 4917 cum
2936 4862 3182 4917 dixisset
3240 4859 3607 4932 Apostolus:
3667 4879 3696 4907 ιι
3731 4855 3817 4911 Ad

2165 4952 2567 5007 ostentionem
2591 4952 2864 5023 justitiae,
2897 4971 2921 5003 ι
2951 4968 3072 5007 non
3106 4950 3459 5022 simpliciter
3489 4947 3572 5003 ibi
3603 4946 3817 5003 substi—

2167 5041 2257 5106 tit,
2293 5040 2398 5096 sed
2428 5064 2455 5091 ιι
2485 5042 2639 5107 Sum,
2662 5063 2689 5091 »
2724 5041 2941 5111 inquit,
2970 5042 3082 5097 hoc
3112 5046 3222 5109 est,
3254 5039 3441 5111 ipsius
3486 5037 3681 5093 solum
3725 5039 3817 5090 est

2167 5128 2305 5184 talis
2337 5135 2616 5200 tantaque
2625 5128 2883 5201 justitia,
2912 5133 3053 5185 tunc
3084 5129 3243 5184 enim
3270 5145 3405 5183 cum
3426 5126 3633 5182 ulcisci
3664 5130 3817 5179 tem-

2168 5235 2280 5289 pus
2298 5224 2443 5283 erat,
2476 5220 2656 5274 etiam
2698 5219 2990 5275 beneﬁcio
3021 5220 3236 5275 affecit.
3267 5243 3286 5267 ι
3350 5218 3438 5274 Ad
3495 5215 3817 5273 ostenden-

2168 5308 2305 5362 dam
2328 5308 2628 5379 justitiam
2652 5326 2841 5365 suam.
2873 5332 2900 5359 ››
2925 5311 3069 5365 Nam
3091 5326 3226 5364 eum
3248 5308 3349 5380 qui
3376 5306 3634 5379 peccatis
3665 5320 3821 5360 mor-

2170 5402 2310 5453 tuus
2342 5404 2488 5453 erat.
2521 5415 2680 5453 nunc
2712 5399 2947 5461 salvari,
2979 5416 3115 5455 cum
3150 5405 3382 5470 tempus
3414 5402 3572 5452 esset
3601 5393 3823 5467 suppli-

2169 5487 2267 5554 cii,
2308 5492 2506 5542 etnon
2528 5488 3001 5559 justiﬁcationis,
3026 5488 3136 5545 hoc
3156 5487 3567 5543 beneficentiae
3586 5484 3824 5539 demon-

2170 5576 2375 5631 stratio
2409 5582 2499 5631 est
2526 5593 2597 5632 ac
2618 5578 2869 5649 justitize
2901 5577 3087 5649 ipsius
3142 5574 3637 5648 Oportebatenim
3667 5587 3823 5627 com-

2171 5665 2322 5737 pleri
2354 5681 2453 5721 eas
2484 5683 2615 5738 qua:
2643 5667 2716 5722 ad
2753 5667 3051 5724 Abraham
3080 5667 3248 5724 factae
3279 5672 3450 5722 erant
3476 5659 3825 5736 promissio-
