4198 6198
410 361 522 423 387

1529 355 1951 420 OECUMENII
1994 355 2302 417 'I‘RICC/E
2353 357 2722 419 EPISCOPI.

3702 363 3817 424 388

413 515 556 554 nes:
597 501 738 568 puta
767 492 946 548 illud:
979 515 1007 542 «
1037 493 1104 545 Et
1133 493 1194 546 in
1229 492 1455 546 semine
1479 497 1578 546 tuo
1626 491 2053 546 benedicentur

2171 491 2504 563 γηθήσονται
2545 490 2598 544 ἐν
2655 497 2734 564 τῷ
2787 490 3055 567 σπέρματί
3111 512 3208 547 σου
3255 489 3430 548 πάντα
3475 491 3542 548 τὰ
3597 491 3750 566 ἔθνη.
3783 519 3814 550 u

413 602 618 643 omnes
649 588 852 656 gentes
887 581 949 636 ¹².
976 605 994 629 ι
1031 581 1094 635 Id
1125 581 1508 654 ergojustitia
1527 587 1633 650 est,
1655 581 1726 636 de
1760 580 2054 635 salvandis

410 677 586 730 etiam
619 673 881 744 indignis
935 672 1240 728 veritatem
1275 676 1574 742 praestare.
1608 693 1636 720 «
1683 671 1746 725 In
1781 670 2058 742 przesenti

407 770 693 834 tempore.
731 783 754 812 ιι
793 763 934 816 Cum
970 762 1218 817 dixisset
1252 779 1264 816 :
1301 781 1321 808 ι
1357 761 1441 816 Ad
1473 759 1904 815 ostendendam
1953 759 2058 830 ju-

411 853 634 908 stitiam
659 868 826 906 suam
853 874 878 900 »ι
904 851 1230 920 subjunxit,
1263 871 1288 898 α
1317 853 1380 904 In
1405 849 1682 921 praesenti
1715 853 2001 920 tempore.
2029 869 2056 896 η

413 941 718 1013 Siquidem
751 941 850 995 Dei
876 941 1114 1012 justitia
1140 958 1270 1012 qua)
1311 942 1370 994 in
1403 939 1680 1012 praesenti
1735 943 1862 994 erat
1909 943 2059 991 tein-

409 1047 573 1102 pore,
608 1049 722 1112 quq
755 1031 1026 1086 videlicet
1055 1037 1319 1086 nostram
1349 1028 1822 1100 redemptionem
1851 1043 2057 1098 opera-

411 1125 506 1175 tus
538 1125 646 1188 est,
679 1121 858 1191 plena
882 1119 1266 1190 benignitate,
1297 1120 1476 1190 plena
1507 1117 1683 1187 dono,
1725 1117 1904 1189 plena
1934 1121 2061 1172 erat

415 1215 472 1265 et
503 1211 722 1283 gratia;
755 1210 1008 1280 ideoque
1041 1209 1276 1264 dicebat
1310 1226 1321 1262 :
1348 1211 1516 1263 «Non
1533 1208 1661 1263 veni
1689 1213 1756 1261 ut
1784 1207 2060 1261 condem-

413 1316 552 1354 nem
585 1300 896 1366 mundum,
925 1299 1026 1355 sed
1051 1303 1117 1354 ut
1141 1299 1364 1354 salvum
1389 1299 1602 1352 faciam
1627 1295 1914 1351 mundum
1941 1296 2003 1349 ¹³.
2029 1315 2056 1343 ››

411 1389 629 1444 Futura
659 1407 794 1444 vero
817 1390 1052 1460 justitia
1079 1388 1214 1442 talis
1245 1387 1501 1458 amplius
1533 1403 1652 1440 non
1685 1385 1817 1448 erit,
1839 1383 1943 1438 sed
1965 1399 2060 1437 re-

409 1478 656 1532 tributio
688 1480 976 1548 cujusque
1006 1478 1118 1530 erit
1147 1477 1217 1530 de
1243 1477 1334 1530 his
1363 1475 1651 1546 quaiehit,
1677 1473 1856 1528 veluti
1880 1472 2057 1527 etiam

409 1567 508 1620 hic
539 1583 776 1620 rursum
805 1565 951 1620 dicit
984 1582 996 1618 :
1031 1565 1342 1620 Revelatur
1398 1563 1558 1618 enim
1605 1563 1694 1618 ira
1723 1563 1848 1630 Dei,
1879 1581 1904 1612 ο
1944 1566 2055 1615 etc.

409 1659 524 1708 Aut
573 1655 653 1708 ita
712 1653 1126 1724 accipiendum
1160 1658 1268 1722 est,
1329 1653 1597 1708 Ostentio
1653 1653 1716 1706 in
1777 1649 2058 1722 prmsenti

407 1751 674 1816 tempore
695 1743 850 1799 facta
872 1749 978 1810 est,
1005 1743 1192 1816 ipsius
1213 1743 1486 1798 videlicet
1509 1740 1799 1807 toleratio,
1834 1739 2057 1794 donum

406 1834 714 1906 gratiaque
734 1833 949 1888 futuras
976 1833 1246 1904 justitim.
1271 1834 1536 1898 Quonam
1571 1837 1770 1887 autem
1823 1829 1998 1883 modo
2029 1827 2057 1881 ‘?

411 1929 556 1982 Nam
589 1928 660 1990 si,
693 1943 828 1982 cum
881 1927 1027 1982 adeo
1077 1926 1434 1998 longanimis
1491 1925 1689 1991 fuerit,
1730 1940 1796 1978 ac
1831 1926 2058 1976 tantam

407 2017 730 2072 contulerit
757 2017 1028 2088 gratiam,
1061 2019 1342 2086 tantoque
1373 2030 1620 2070 munere
1680 2013 1954 2084 dignatus
1985 2010 2064 2064 sit

408 2123 526 2161 non
555 2111 862 2160 convertat
893 2123 1013 2172 eos,
1049 2123 1244 2176 neque
1267 2105 1548 2159 meliores
1583 2103 1826 2158 allectos
1847 2099 2064 2155 habeat

407 2195 467 2249 in
499 2195 694 2250 futuro
729 2213 862 2250 cum
893 2195 1082 2250 multa
1104 2195 1340 2266 justitia
1389 2192 1621 2248 inducit
1679 2189 2059 2263 supplicium.

405 2309 431 2334 ι(
459 2287 527 2339 Et
551 2285 894 2355 justiﬁcans
944 2301 1078 2339 eum
1111 2285 1210 2356 qui
1248 2289 1336 2338 est
1367 2299 1437 2338 ex
1491 2281 1605 2338 ﬁde
1663 2283 1818 2337 Jesu.
1856 2301 1884 2330 »
1914 2281 2062 2333 Ecce

414 2375 812 2430 ostentionem
837 2375 1108 2446 justitia},
1145 2379 1288 2446 puta
1318 2373 1474 2445 quod
1500 2389 1621 2426 non
1645 2371 1836 2426 solum
1861 2369 2061 2441 justus

409 2464 485 2518 sit
519 2466 693 2528 Deus,
723 2464 826 2518 sed
859 2463 1275 2536 etjustiﬁcans
1309 2479 1466 2526 eum,
1523 2463 1622 2532 qui
1684 2465 1774 2514 est
1817 2476 1886 2514 ex
1945 2456 2062 2511 fide

407 2555 565 2618 Jesu,
609 2571 824 2624 nempe
849 2553 1155 2624 proprium
1191 2552 1294 2606 Dei
1325 2551 1612 2623 populum
1644 2551 1938 2605 elTectum.

481 2645 577 2710 ΙΙΙ,
609 2645 807 2698 2n-3l.
847 2644 948 2698 Ubi
978 2649 1054 2698 est
1087 2645 1262 2712 igitur
1317 2641 1584 2710 gloriatio
1613 2643 1641 2694 ?
1697 2637 1934 2694 Exclusa
1963 2639 2058 2692 est.

412 2733 518 2786 Per
543 2747 708 2802 quam
741 2731 910 2800 legem
941 2733 969 2784 ?
999 2731 1266 2800 operum?
1285 2731 1424 2798 Non,
1457 2729 1550 2783 sed
1571 2745 1678 2798 per
1711 2727 1880 2796 legem
1906 2725 2057 2795 ﬁdei.

403 2820 770 2877 Arbitramur
827 2819 1004 2889 igitur
1067 2819 1376 2890 justiﬁed-ri
1441 2817 1710 2872 hominem
1745 2833 1850 2888 per
1902 2815 2062 2884 ﬁdem

407 2911 610 2981 absque
639 2911 892 2982 operibus
923 2910 1078 2979 legis.
1141 2911 1230 2964 An
1278 2909 1594 2963 Iudaeorum
1625 2910 1764 2962 Deus
1796 2912 2008 2960 tantum
2033 2905 2062 2958 ?

405 3017 478 3056 an
517 3017 628 3055 non
659 3007 709 3055 et
739 3002 984 3070 gentium
1015 2999 1042 3054 ‘I
1085 3001 1239 3054 Certe
1269 3005 1320 3053 et
1376 3001 1623 3067 gentium
1659 3013 1671 3051 :
1715 2997 2063 3068 quandoqui—

404 3091 524 3146 dem
555 3105 696 3145 unus
727 3097 804 3144 est
827 3092 986 3158 Deus,
1017 3091 1115 3159 qui
1134 3089 1466 3159 justificabit
1503 3088 1970 3142 circumcisio-nem
1991 3101 2063 3140 ea:

399 3179 526 3248 ﬁde,
558 3185 610 3234 et
633 3182 973 3250 praeputium
1023 3195 1126 3248 per
1155 3179 1338 3247 ﬁdem.
1367 3181 1562 3246 Legem
1611 3179 1788 3246 igitur
1833 3175 2055 3229 irritam

401 3273 644 3338 facunus
669 3285 774 3338 per
803 3271 966 3337 ﬁdem
994 3271 1021 3322 ?
1053 3269 1200 3322 Absit
1229 3270 1250 3322 !
1287 3267 1383 3322 sed
1424 3267 1592 3336 legem
1626 3264 1958 3320 stabilimus.

477 3449 628 3506 245
663 3451 764 3505 llis
791 3451 972 3521 igitur
1019 3449 1102 3503 ita
1155 3449 1346 3513 factis,
1411 3447 1696 3517 Patreque
1751 3446 2056 3517 proprium

403 3540 664 3595 salvante
691 3539 999 3610 populum,
1027 3539 1127 3608 qui
1162 3555 1230 3592 ex
1255 3537 1370 3592 fide
1417 3537 1554 3592 Jesu
1613 3541 1740 3590 est:
1773 3535 1872 3589 ubi
1922 3551 2056 3606 ergo

399 3635 487 3684 est
513 3629 856 3684 Judzeorum
887 3625 1188 3700 gloriatio!
1213 3624 1485 3681 Ostendit
1505 3641 1603 3680 eos
1625 3639 1770 3678 vane
1791 3623 2054 3694 gloriari.

397 3719 646 3774 Exclusa
679 3725 788 3786 est,
818 3735 938 3772 non
973 3717 1138 3784 dixit,
1163 3713 1482 3786 Disparuit,
1500 3713 1624 3780 sed,
1645 3713 1895 3767 Exclusa
1926 3716 2052 3766 est:

397 3809 718 3864 ostendens
750 3807 907 3879 quod
942 3807 1118 3862 etiam
1145 3811 1364 3860 sortem
1401 3819 1568 3858 suam
1613 3801 1912 3872 quondam
1949 3801 2052 3855 ha-

395 3898 541 3966 buit,
575 3915 736 3952 nunc
765 3913 900 3951 vero
963 3895 1106 3950 ﬁdes
1163 3894 1266 3949 illa
1312 3893 1580 3948 exclusit.
1623 3893 1802 3946 Porro
1862 3890 2052 3962 legem

397 4004 664 4057 operum,
699 4001 806 4055 per
835 3983 1230 4056 periphrasim
1289 3982 1608 4053 loquendo,
1644 3980 1788 4034 dicit
1835 3995 2050 4050 opera:

402 4075 728 4144 eodemque
750 4073 926 4128 modo
954 4073 1142 4144 legem
1161 4072 1318 4139 ﬁdei,
1351 4072 1410 4126 id
1431 4077 1517 4125 est
1541 4070 1738 4126 fidem.
1763 4070 1858 4124 Ait
1881 4086 2048 4142 ergo:

397 4165 521 4218 Non
545 4178 650 4233 per
673 4178 855 4232 opera
876 4179 1007 4232 qua:
1039 4161 1286 4216 fecimus
1308 4161 1645 4215 Judmorum
1663 4159 1934 4231 gloriatio
1959 4175 2052 4213 ex-

389 4252 554 4306 clusa
577 4255 686 4318 est,
721 4250 824 4305 sed
857 4269 962 4322 per
989 4249 1190 4318 fidem,
1225 4255 1508 4321 tanquam
1541 4249 1798 4304 diceret:
1835 4248 2039 4304 Omnis

389 4339 494 4394 illa
537 4339 813 4412 gloriatio
876 4357 1127 4412 qumque
1177 4339 1452 4394 videntur
1501 4339 1884 4410 prmrogative
1941 4353 2048 4409 per

389 4429 568 4486 ﬁdem
593 4429 848 4486 exclusae
882 4437 1020 4486 sunt
1047 4429 1271 4500 absque
1303 4435 1644 4484 nostrorum
1691 4428 2046 4484 necessitate

390 4537 656 4592 operum.
694 4543 720 4570 ‹‹
757 4521 1130 4576 Arbitramur
1157 4520 1333 4588 igitur
1365 4535 1471 4591 per
1505 4519 1680 4574 fidem
1725 4517 2044 4590 justiﬁcari

2164 581 2339 636 Τοῦτο
2396 579 2486 636 οῦν
2546 578 2887 654 δικαιοσύνη,
2935 585 2998 637 τὸ
3055 581 3354 652 ἀληθεῦσαι
3409 585 3496 638 καὶ
3557 583 3646 639 ἐπὶ
3694 592 3814 648 τοῖς

2163 670 2395 742 ἀναξίοις
2423 677 2520 728 τοῦ
2549 673 2830 742 σώζεσθαι.
2867 699 2892 725 ‹‹
2927 675 3013 730 Ἐν
3037 679 3119 746 τῷ
3153 677 3242 728 νῦν
3303 679 3496 746 καιρῷ.
3534 699 3562 726 )›
3595 677 3814 750 [ΦΩΤ.]

2164 795 2232 803 -
2263 787 2290 812 ‹‹
2327 761 2468 836 Ιῐρὸς
2501 759 2720 835 ἔνδειξιν
2749 766 2845 832 τῆς
2904 761 3256 833 δικαιοσύνης
3316 763 3500 831 αὐτοῦ,
3535 787 3564 815 ››
3623 764 3814 833 εἰπὼν,

2163 850 2457 926 ἐπήγαγεν,
2491 875 2520 902 ‹‹
2553 852 2644 908 Ἐν
2699 855 2780 924 τῷ
2835 852 2927 906 νῦν
2993 857 3189 928 καιρῷ.
3227 875 3251 905 ι
3304 854 3367 910 Ἦ
3399 853 3503 930 γὰρ
3535 851 3586 908 ἐν
3617 857 3698 926 τῷ
3725 857 3817 906 νῦν

2162 944 2335 1014 καιρῷ
2393 937 2708 1010 δικαιοσύνη
2785 945 2883 995 τοῦ
2933 945 3110 1014 ίΘεοῦ,
3166 941 3440 997 τουτέστιν
3493 941 3545 996 ἐν
3605 941 3650 1014 ᾧ
3707 945 3808 1012 τήν

2162 1028 2545 1105 ἀπολύτρωσιν
2575 1032 2739 1104 ἡμῶν
2797 1029 3105 1108 είργάσατο,
3170 1031 3395 1104 πλήρης
3427 1035 3494 1102 ἦν
3527 1045 3812 1112 φιικανθρω

2163 1119 2309 1192 πίας,
2341 1119 2564 1194 πλήρης
2595 1117 2824 1194 δωρεᾶς,
2863 1119 3082 1193 πλήρης
3139 1122 3389 1198 χάριτος.
3425 1124 3518 1177 Διὸ
3549 1123 3638 1178 καὶ
3688 1121 3814 1178 ἔλε-

2163 1227 2270 1284 γεν⁸
2310 1231 2335 1264 I
2365 1209 2474 1264 Ούκ
2505 1207 2676 1278 ἦλθον
2705 1213 2885 1285 κρῖναι
2916 1209 3006 1264 τὸν
3065 1210 3296 1284 κόσμον,
3358 1211 3486 1266 ἀλλ’
3538 1211 3628 1266 ’ἱνα
3660 1213 3810 1286 σωθῇ

2165 1298 2192 1351 6
2243 1299 2474 1372 κόσμος.
2512 1322 2540 1349 ››
2597 1299 2662 1354 Ἡ
2731 1296 2787 1353 δὲ
2847 1297 3124 1372 μέλλουσα
3179 1297 3524 1372 δικαιοσύνη,
3579 1300 3678 1356 οὐκ
3735 1299 3812 1358 ἔτι

2165 1387 2394 1459 ὁμοίως,
2427 1386 2557 1443 ἀλλ’
2587 1386 2946 1450 ἀνταπόδοσίς
2995 1389 3136 1444 ἐστιν
3191 1389 3398 1464 ἑκάστῳ
3453 1395 3563 1446 τῶν
3601 1385 3810 1466 βεϐιω-

2168 1475 2361 1550 μὲνων,
2395 1478 2470 1540 ὡς
2499 1477 2588 1532 καὶ
2647 1479 2808 1540 οὗτος
2865 1477 3032 1534 πάλιν
3089 1479 3277 1558 φησὶν,
3337 1504 3364 1532 ‹‹
3399 1479 3810 1537 Ἀποκαλύπτε-

2161 1587 2248 1620 ται
2299 1566 2402 1643 γάρ
2461 1568 2599 1642 ὁργή
2655 1571 2809 1636 Θεοῦ,
2846 1592 2874 1619 ››
2931 1569 3020 1623 καὶ
3077 1569 3221 1642 ἑξῆς.
3282 1571 3350 1626 Ἥ
3407 1570 3582 1632 οὕτως
3637 1568 3812 1641 ἐκλη-

2165 1658 2346 1712 πτέον·
2399 1655 2661 1731 Ἔνδειξις
2697 1657 2909 1735 γέγονεν
2949 1659 3000 1715 ἒν
3061 1665 3139 1733 τῷ
3195 1659 3283 1715 νῦν
3333 1665 3530 1734 καιρῷ,
3562 1663 3596 1730 ἡ
3629 1659 3805 1735 ἀνοχή

2167 1746 2336 1802 αὐτοῦ
2372 1747 2462 1802 καὶ
2560 1745 2756 1824 δωρεὰ,
2811 1749 2900 1804 καὶ
2932 1751 2966 1818 ἦ
3001 1749 3161 1825 χάρις
3215 1756 3314 1820 τῆς
3375 1749 3692 1824 μελλούσης
3724 1747 3810 1804 δι-

2165 1835 2476 1904 καιοσύνης.
2513 1841 2634 1899 Πῶς
2663 1839 2754 1892 καὶ
2810 1837 2928 1892 τίνα
2983 1840 3232 1914 τρόπον;
3297 1839 3358 1896 Εἰ
3413 1839 3515 1916 γὰρ
3555 1843 3812 1895 τοσοῦτον

2173 1927 2600 2000 μακροθυμήσας
2633 1969 2648 1993 ,
2709 1929 2966 1982 τοσοῦτον
3055 1928 3423 2002 χαρισάμενος
3457 1972 3470 1998 ,
3549 1927 3816 1999 τοσαύτης

2169 2011 2374 2088 δωρεᾶς
2421 2014 2652 2086 ἀξιώσας
2712 2014 2811 2070 οὐκ
2869 2013 3184 2089 ἐπέστρεψεν
3246 2013 3359 2071 οὐδ’
3419 2015 3548 2095 ἔσχε
3581 2015 3818 2092 βελτιω-

2167 2101 2373 2170 θέντας,
2430 2105 2563 2176 μετὰ
2603 2102 2822 2173 πολλῆς
2881 2101 2982 2178 ἄρα
3053 2101 3402 2176 δικαιοσύνης
3461 2105 3661 2170 ἐκεῖθεν
3715 2105 3818 2160 ἐπ-

2168 2191 2282 2265 άγει
2309 2191 2402 2254 τάς
2432 2191 2722 2266 τιμωρίας.
2757 2216 2786 2244 ‹‹
2817 2192 2923 2248 Καὶ
2955 2194 3272 2249 δικαιοῦντα
3325 2195 3418 2250 τὸν
3467 2193 3526 2250 ἐκ
3576 2215 3812 2258 πιστεως

2168 2281 2401 2349 Ἰησοῦν.
2441 2279 2701 2350 »Ἰδοὺή
2734 2278 2955 2350 ἔνδειξις
3011 2285 3110 2348 τῆς
3178 2280 3553 2355 δικαιοσύνης,
3609 2283 3673 2338 τὸ
3734 2284 3811 2358 μὴ

2172 2369 2330 2442 μόνον
2365 2371 2502 2424 εἶναι
2533 2367 2741 2425 δίκαιον
2771 2372 2862 2426 τὸν
2901 2377 3050 2439 Θεὸν,
3102 2370 3250 2427 ἀλλὰ
3275 2373 3366 2428 καὶ
3424 2373 3509 2442 τὸ,
3567 2371 3812 2428 δικαιοῦν

2165 2457 2257 2512 τὸν
2291 2455 2381 2513 διὰ
2410 2458 2644 2524 πίστεως
2683 2463 2780 2514 τοῦ
2835 2460 3020 2531 Ἰησοῦ
3078 2460 3275 2516 οἰκεῖον
3310 2467 3442 2518 Θεοῦ
3475 2461 3606 2518 λαὸν
3660 2461 3818 2538 γινό·

2171 2569 2266 2620 μεν
2276 2569 2330 2603 ον
2341 2592 2353 2604 .

2239 2643 2354 2692 Ποῦ
2412 2637 2503 2694 οῦν
2561 2642 2596 2709 ἡ
2655 2639 2975 2716 καύχησις;
3067 2640 3438 2712 Ἐξεκλείσθη.
3497 2641 3594 2698 Διᾶ
3645 2642 3812 2698 ποίου

2166 2727 2388 2802 νόμου,
2448 2733 2556 2784 τῶν
2611 2727 2827 2806 ἕργωνς
2888 2730 3031 2806 Ούχὶ
3066 2775 3080 2802 ,
3139 2730 3286 2786 ἀλλά
3341 2731 3431 2786 διά
3487 2732 3660 2806 νόμου
3719 2731 3812 2786 πί-

2169 2837 2336 2880 στεως
2371 2860 2384 2875 .
2445 2819 2788 2892 Λογιζόμεθα
2842 2817 2932 2874 οῦν
2971 2865 2984 2888 ,
3043 2819 3218 2875 πίστει
3307 2817 3644 2876 δικαιοῦσθαι
3721 2817 3814 2874 ἅν-

2167 2908 2403 2979 θρωπον,
2465 2907 2642 2986 χωρὶς
2699 2903 2872 2984 ἔργων
2931 2910 3128 2982 νόμου.
3175 2911 3244 2966 "ll
3305 2907 3583 2967 Ἰουδαίων
3623 2909 3815 2972 ὁΘεὸς

2171 2995 2334 3067 μόνον
2370 3013 2384 3064 ;
2414 2995 2542 3072 οὐχὶ
2576 2994 2631 3050 δὲ
2663 2997 2751 3052 καὶ
2807 2996 3015 3066 ἐθνῶν,
3071 2998 3170 3053 Ναὶ
3227 2999 3318 3054 καὶ
3377 2999 3566 3056 ἐθνῶν.
3625 2997 3816 3056 Ἐπεί-

2166 3105 2265 3160 περ
2327 3085 2399 3147 εἶς
2457 3085 2485 3140 ὁ
2543 3087 2695 3154 Θεὸς,
2754 3087 2811 3149 δς
2872 3085 3152 3142 δικαιώσει
3216 3090 3522 3163 περιτομὴν
3603 3088 3662 3144 ἐκ
3715 3088 3816 3144 πί-

2169 3194 2355 3242 στεως,
2416 3175 2504 3230 καὶ
2563 3171 2918 3246 ἀκροϐυστίαν
2981 3173 3068 3232 διὰ
3125 3183 3224 3247 τῆς
3283 3178 3517 3239 πίστεως
3553 3221 3565 3235 .
3625 3180 3812 3251 Νόμον

2087 3233 2128 3299 C
2169 3264 2260 3317 οῦν
2321 3269 2690 3340 καταργοῦμεν
2745 3262 2834 3320 διὰ
2887 3273 2986 3336 τῆς
3043 3265 3322 3337 πίστεωςς
3377 3268 3468 3337 Μὴ
3547 3266 3800 3344 γένοιτοί

2165 3349 2312 3407 ἀλλά
2339 3353 2512 3426 νόμον
2553 3354 2811 3428 ἱστῶμεν.

2233 3443 2452 3498 Τούτων
2505 3443 2686 3498 τοίνυν
2746 3445 2887 3499 οὕτω
2943 3446 3340 3521 γεγενημένων,
3395 3446 3486 3501 καὶ
3538 3451 3636 3502 τοῦ
3695 3451 3808 3501 [Ια-

2163 3533 2290 3608 τρὸς
2339 3535 2594 3602 σὸζοντος
2653 3535 2744 3589 τὸν
2823 3535 2884 3590 ἐκ
2933 3537 3168 3597 πίστεως
3225 3539 3409 3606 Ἰησοῦ
3459 3535 3810 3600 οἶκειωθὲντα

2163 3620 2318 3690 λαὸν,
2351 3627 2455 3676 ποῦ
2485 3623 2684 3678 λοιπὸν
2737 3629 2846 3678 τῶν
2895 3622 3168 3680 Ἰουδαίων
3225 3627 3260 3696 ἡ
3311 3625 3635 3704 καύχησις;
3693 3625 3808 3680 Δεί-

2145 3731 2342 3765 ’κνυσιν
2384 3711 2580 3773 αὐτοὺς
2631 3711 2748 3782 εἰκῆ
2800 3713 3212 3788 καυχωμένους.
3275 3713 3643 3784 Ἐξεκλείσθηο
3701 3715 3810 3769 οὐκ

2159 3798 2300 3853 εἶπεν
2336 3846 2350 3870 ,
2403 3799 2698 3880 Ἠφανίσθη
2733 3846 2750 3869 ,
2805 3800 2954 3871 ἀλλ’,
3009 3801 3393 3876 Ἐξεκλείσθη·
3458 3801 3664 3864 δεικνὺς
3722 3803 3806 3857 ὅτι

2156 3889 2246 3943 καὶ
2311 3891 2499 3965 χώραν
2561 3891 2677 3946 εἶχε
2733 3913 2887 3950 ποτε.
2941 3893 3050 3948 Νῦν
3134 3893 3313 3966 μέντοι
3363 3895 3397 3962 ἡ
3475 3892 3652 3952 πίστις
3707 3891 3804 3947 ἀπ-

2158 3979 2394 4035 ἐκλεισεν
2443 3980 2634 4052 αύτήν.
2694 3982 2882 4055 Νόμου
2940 3979 3132 4058 ἔργων,
3181 3989 3288 4039 τῶν
3349 3978 3518 4059 ἔργων
3574 4005 3806 4060 περιφα-

2155 4075 2376 4132 στικῶς.
2411 4071 2512 4126 Καὶ
2557 4071 2732 4144 νόμου
2785 4073 3041 4143 πίστεως,
3091 4081 3190 4142 τῆς
3250 4073 3484 4135 πίστεως
3535 4093 3804 4151 περιφρα-

2155 4163 2350 4221 στικῶς
2409 4162 2584 4230 Φησὶν
2623 4159 2733 4214 οῦν·
2797 4162 2877 4216 Οὐ
2933 4159 3006 4215 δι’
3065 4157 3240 4238 ἔργων
3301 4163 3374 4216 ὧν
3433 4161 3802 4236 ἐπράξαμενὴ

2155 4245 2429 4303 Ἰουδαίων
2487 4249 2762 4327 καύχησις
2804 4248 3133 4320 ἐξεκλείσθη,
3195 4249 3344 4306 ἀλλά
3401 4249 3492 4306 διὰ
3547 4251 3808 4322 πίστεως,

2152 4338 2224 4399 ὡς
2259 4339 2426 4392 εἶπεν·
2463 4343 2612 4392 Πᾶσα
2651 4337 2826 4408 ἐκείνη
2945 4339 3235 4415 καύχησις,
3267 4341 3358 4394 καὶ
3419 4341 3486 4395 τὰ
3545 4337 3810 4396 δοκοῦντα

2149 4429 2563 4503 προτερήματα,
2596 4424 2682 4482 διᾶ
2711 4435 2810 4498 τῆς
2852 4428 3086 4491 πίστεως
3142 4429 3498 4500 ἀπεκλείσθη,
3559 4429 3622 4484 ού
3683 4427 3808 4500 δεη-

2149 4515 2346 4570 θέντων
2401 4517 2562 4587 ἡμῶν
2623 4513 2813 4590 ἔργων.
2866 4541 2894 4568 ‹‹
2955 4517 3308 4594 Λογιζόμεθα
3365 4519 3458 4572 οῦν
3513 4517 3690 4572 πίστει
3735 4515 3812 4571 δι-

387 4611 714 4678 hominem,
747 4633 775 4660 »
811 4617 922 4666 etc.
957 4613 1155 4681 Itaque
1189 4609 1462 4674 dicimus,
1517 4609 1733 4677 inquit,
1793 4624 1860 4660 ex
1920 4605 2036 4661 fide

2159 4609 2438 4668 καιοῦσοαι
2471 4601 2778 4678 ἄνθρωπον,
2811 4629 2837 4656 η
2881 4605 2970 4661 καὶ
3029 4607 3094 4662 τὰ
3151 4609 3290 4677 ἑξῆς.
3351 4611 3650 4682 Τοιγαροῦν
3706 4605 3806 4662 λέ-

379 4700 699 4770 justiﬁcari
733 4701 1038 4756 hominem
1073 4700 1200 4754 sine
1229 4698 1375 4769 legis
1425 4697 1856 4752 observatione.
1896 4719 1922 4744 ‹‹
1951 4699 2039 4749 An

386 4789 724 4844 Judaeorum
757 4792 910 4845 Deus
943 4795 1173 4844 tantum
1201 4788 1272 4844 ?»
1304 4789 1446 4842 Nam
1475 4787 1523 4840 si
1555 4785 1713 4840 solos
1745 4784 2042 4856 eosjusti-

387 4879 624 4932 ﬁcasset
654 4879 754 4949 qui
797 4897 866 4934 ex
899 4880 1026 4950 lege
1057 4878 1438 4945 accedebant,
1473 4881 1575 4931 aut
1604 4875 1704 4946 qui
1765 4891 1893 4929 sese
1925 4873 2040 4946 legi

389 4965 768 5038 adaptabant.
805 4973 864 5021 et
887 4985 1006 5022 non
1028 4985 1264 5023 omnem
1289 4968 1388 5038 qui
1421 4965 1690 5022 crederet
1711 4964 2036 5030 hominem,

388 5056 633 5111 alterius
665 5055 953 5110 duntaxat
983 5058 1166 5126 partis
1204 5059 1354 5111 Deus
1388 5061 1574 5111 esset:
1637 5054 1738 5110 sed
1793 5067 1951 5108 nunc
1983 5057 2042 5108 et

393 5145 732 5202 Judaaorum
767 5153 917 5203 Deus
948 5155 1037 5204 est
1059 5155 1118 5204 et
1146 5151 1434 5220 gentium,
1461 5147 1946 5219 quandoquidem
1971 5163 2041 5202 ex

389 5237 657 5308 utrisque
691 5238 1002 5294 credentes
1035 5239 1226 5294 salvos
1257 5239 1418 5294 facit.
1472 5261 1498 5288 ‹‹
1527 5238 1634 5303 Qui
1683 5237 2042 5308 justiﬁcabit

386 5327 908 5384 circumcisionem
942 5345 1008 5382 ex
1043 5329 1178 5392 ﬁde,
1217 5351 1237 5377 ιι
1275 5333 1386 5383 etc.
1421 5329 1490 5381 Et
1536 5328 1630 5382 his
1681 5328 1782 5398 qui
1811 5343 1880 5381 ex
1913 5327 2040 5400 lege

388 5421 548 5480 sunt,
577 5423 634 5472 et
657 5419 750 5473 his
781 5419 880 5489 qui
915 5423 1078 5473 extra
1099 5417 1312 5490 legem,
1347 5417 1461 5471 fide
1493 5433 1642 5488 opus
1663 5423 1772 5486 est,
1803 5423 1866 5472 ut
1893 5417 2036 5473 salvi

383 5509 554 5563 (iant.
587 5530 613 5558 ‹‹
651 5509 860 5582 Legem
881 5507 1058 5582 igitur
1115 5507 1342 5562 irritam
1393 5505 1690 5562 facimus?
1731 5530 1750 5556 -
1817 5506 2040 5562 Turba-

458 5685 504 5722 "
525 5685 668 5744 Gen.
702 5703 840 5758 χιιι,
875 5687 964 5742 18.
1046 5685 1094 5722 ⁸³
1121 5687 1286 5743 Joan.
1318 5703 1414 5756 xu,
1448 5689 1537 5742 27.

2147 4715 2364 4769 γομεν,
2423 4695 2609 4772 φησὶν,
2671 4693 2730 4749 ἐκ
2783 4695 3016 4758 πίστεως
3091 4695 3432 4753 δικαιοῦσθαι
3498 4697 3802 4774 ἄνθρωπον,

2151 4783 2328 4862 χωρὶς
2359 4791 2458 4853 τῆς
2489 4783 2547 4839 ἐκ
2575 4785 2747 4856 νόμου
2797 4789 3260 4860 παρατημήσεως,
3313 4813 3340 4840 ‹‹
3399 4791 3469 4842 "II
3529 4783 3802 4843 Ἰουδαίων

2151 4874 2179 4928 ὁ
2211 4873 2340 4936 Θεὸς
2377 4869 2588 4946 μόνονς
2641 4897 2668 4927 »
2715 4873 2775 4930 El
2805 4876 2906 4952 γὰρ
2963 4876 3157 4950 μόνους
3184 4879 3310 4942 τοὺς
3369 4878 3426 4932 ἐκ
3475 4881 3573 4932 τοῦ
3629 4877 3800 4950 νόμου

2151 4961 2526 5037 ὁρμωμένους,
2561 4961 2705 5036 ἢτῷ
2751 4963 2904 5037 νόμῳ
2963 4970 3316 5040 στοιχοῦντας
3385 4964 3650 5034 ἐδικαίου,
3707 4965 3797 5021 καὶ

2151 5051 2280 5126 οὐχὶ
2313 5051 2483 5106 πάντα
2513 5049 2792 5126 ἄνθρωπον
2831 5053 2926 5108 τὸν
2987 5055 3328 5126 πιστεύοντα,
3387 5057 3702 5130 μονομερής
3735 5051 3796 5110 ἃν

2148 5142 2217 5210 ἧν
2253 5143 2280 5195 ὁ
2313 5142 2460 5205 Θεός.
2497 5141 2652 5197 Ἀλλ’
2685 5139 2802 5196 ἰδοὺ
2831 5143 2922 5196 καὶ
2955 5141 3231 5198 Ἰουδαίων
3263 5145 3351 5200 καὶ
3379 5145 3546 5210 ἐθνῶν
3580 5145 3610 5199 ὁ
3641 5145 3797 5213 Θεὸς,

2149 5228 2339 5300 ἐπειδὴ
2403 5231 2560 5299 σώζει
2619 5230 2961 5309 ἀμφοτέρους
3018 5233 3424 5296 πιστεύσαντας·
3491 5259 3512 5285 ι
3557 5235 3653 5296 Ὃς
3718 5230 3802 5286 δι-

2147 5321 2372 5374 καιώσει
2403 5321 2706 5394 περιτομὴν
2757 5319 2816 5374 ἐκ
2871 5322 3126 5393 πίστεως,
3183 5323 3274 5378 καὶ
3315 5318 3672 5399 ἀκροϐυστίαν
3707 5319 3798 5374 διὰ

2147 5416 2248 5477 τῆς
2275 5407 2533 5476 πίστεως,
2567 5432 2594 5459 »ι
2621 5407 2710 5463 καὶ
2741 5411 2808 5464 τά
2839 5410 2980 5481 ἑξῆς.
3017 5411 3120 5467 Καὶ
3177 5413 3228 5466 οἳ
3283 5413 3388 5468 ἀπὸ
3443 5417 3545 5468 τοῦ
3603 5411 3798 5484 νόμου,

2147 5499 2238 5552 καὶ
2285 5499 2340 5551 οἱ
2401 5496 2554 5560 ἐκτὸς
2611 5501 2708 5553 τοῦ
2765 5499 2960 5573 νόμου,
3019 5500 3248 5564 πίστεως
3305 5501 3516 5558 δέονται
3573 5499 3708 5576 πρὸς
3737 5497 3800 5554 τὸ
