4198 6198
364 335 482 398 389

1420 338 1848 402 'COMMENT.
1896 336 1974 398 ΙΝ
2017 338 2264 399 EPIST.
2317 344 2417 402 AD
2468 343 2653 406 ROM.

3653 321 3780 425 396

359 471 626 540 σωθῆναι.
689 492 719 524 ιι
772 471 960 544 Νόμον
1032 472 1123 527 οὖν
1194 478 1573 566 καταργοῦμεν
1638 469 1728 527 διὰ
1781 478 1884 540 τῆς
1930 469 2015 566 πίέ

2128 474 2349 566 bantur
2377 478 2584 549 Judaei,
2618 485 2788 552 quasi
2820 485 2912 541 lex
2943 504 3050 559 per
3073 490 3252 547 ﬁdem
3284 494 3660 566 adjiceretur.
3690 501 3785 558 Di-

361 581 568 631 στεως;
608 587 630 613 ι
663 557 992 636 Ἐθορὺϐουν
1023 560 1301 634 Ἰουδαῖοι,
1352 564 1427 626 ὡς
1477 559 1895 635 ἐκϐαλλομένου
1924 563 2021 616 τοῦ

359 649 532 723 νόμου
584 648 676 706 διὰ
723 657 824 720 τῆς
877 650 1134 714 πίστεως.
1184 651 1339 729 Λέγει
1398 652 1492 707 οῦν
1535 651 1620 706 ὅτι
1653 651 1719 706 οὑ
1756 651 1917 725 μόνον
1958 647 2021 704 οὑ

360 745 628 814 καταργεῖ
657 742 691 809 ἡ
726 738 909 804 πίστις
965 740 1059 795 τὸν
1116 741 1305 813 νόμον,
1361 741 1508 797 ἀλλᾶ
1553 739 1643 795 καὶ
1664 738 1853 810 ἵστησί
1880 759 2019 807 πως,

360 831 449 885 ὅτι
481 831 509 884 ὁ
540 829 712 904 νόμος
752 834 920 885 σῶσαι
977 830 1341 905 βουλόμενος,
1395 831 1496 887 οὐκ
1545 830 1750 909 ἰσχύει,
1781 831 1817 899 ἡ
1852 827 1908 884 δὶ
1936 827 2022 883 πί·

356 940 474 981 στις
504 920 689 989 σώζει.
738 920 847 976 Τὸν
898 918 990 974 οῦν
1043 920 1243 976 σκοπὸν
1288 924 1385 976 τοῦ
1434 919 1602 993 νόμον
1654 918 1943 989 πληροῦσα
1981 920 2016 987 ἡ

354 1006 560 1078 πίστις,
609 1005 826 1079 ’ίστησιν
872 1007 1057 1067 αὐτόν.
1111 1009 1318 1079 Εἰπὼν,
1367 1010 1650 1082 Ἰστῶμεν,
1700 1004 1866 1077 ἔδειξε
1923 1027 2020 1060 σα-

355 1095 681 1170 λευόμενον.
729 1130 802 1139 -
838 1095 1086 1159 ”Αλλως.
1136 1099 1334 1174 Ἔργον
1382 1098 1450 1167 ἦν
1503 1101 1603 1153 τοῦ
1651 1096 1848 1171 νόμου,
1880 1092 2020 1151 ὥστε

354 1183 567 1242 δίκαιον
623 1192 852 1256 ποιῆσαι
925 1186 1021 1242 τὸν
1095 1184 1402 1261 ἄνθρωπον,
1462 1184 1591 1243 ἀλλ’
1647 1184 1748 1240 οὑκ
1802 1183 2017 1259 ἴσχυσε.

351 1275 554 1337 Πάντες
609 1274 735 1352 γὰρ,
788 1272 971 1354 φησὶν,
1030 1272 1299 1350 ἥμαρτον,
1346 1276 1382 1344 ὴ
1431 1294 1612 1336 πιστις
1666 1270 1724 1328 δὲ
1755 1269 2017 1342 ἐλθοῦσα,

350 1368 515 1419 τοῦτο
559 1364 933 1436 κατώρθωσενο
990 1364 1132 1437 ὁμοῦ
1175 1363 1278 1442 γὰρ
1325 1385 1409 1427 τις
1465 1361 1744 1419 ἐπιστευσε
1784 1361 1875 1417 καὶ
1905 1359 2017 1416 ἐδι-

347 1455 590 1523 καιώθη.
624 1453 841 1512 Οὐκοῦν
869 1448 1062 1523 ἔστησε
1091 1457 1189 1509 τοῦ
1228 1454 1404 1527 νόμου
1449 1453 1512 1508 τὸ
1561 1450 1804 1525 θέλημα.
1839 1452 2015 1508 Ἀνω-

354 1546 446 1599 θεν
510 1544 539 1598 ὁ
600 1543 775 1616 νόμος
827 1542 919 1598 καὶ
976 1543 1030 1598 οἱ
1084 1546 1368 1621 προφῆται
1433 1541 1559 1619 περὶ
1625 1549 1728 1611 τῆς
1782 1540 2018 1604 πίστεως

349 1630 774 1707 προεθέσπισαν.
820 1664 894 1674 -—
948 1633 1452 1705 [ΘΕΟΔΩΡΙΤΟΥ.]
1504 1631 1807 1706 Δεχόμενοι
1838 1627 2016 1685 τοίνυν

348 1722 457 1790 τήν
488 1719 695 1792 πίστιν,
733 1714 1059 1796 βεϐαιοῦμεν
1081 1721 1172 1776 τὸν
1204 1719 1397 1794 νόμον.

2137 565 2219 620 cit
2247 582 2383 640 ergo
2416 570 2574 640 quod
2605 587 2725 627 non
2776 575 2968 631 solum
3009 578 3240 636 irritam
3271 565 3391 638 non
3422 585 3564 641 facit
3593 588 3782 663 legem

2137 654 2326 712 fides:
2372 659 2705 749 quinetiam
2757 666 3192 736 quodammodo
3225 673 3483 730 stabilit:
3519 654 3784 749 quiavlex

2135 762 2270 800 cum
2304 747 2528 803 salvare
2559 752 2761 823 cupiat
2784 771 2905 810 non
2927 763 3142 829 potest,
3168 761 3314 817 ﬁdes
3340 747 3780 826 autemvsalvat:

2133 851 2268 889 cum
2301 852 2436 910 ergo
2467 838 2613 913 legis
2644 858 2886 913 scortum
2913 846 3061 903 fides
3088 849 3583 921 impleat,merito
3607 857 3781 913 stabi-

2132 922 2240 1014 lire
2264 925 2429 1014 illam
2457 928 2691 987 dicitur.
2718 932 2931 990 Dicens
2953 942 3172 1007 autem,
3197 940 3560 1014 Stabilimus,
3588 952 3783 1003 osten-

2134 1011 2221 1104 dit
2246 1013 2410 1070 illam
2438 1018 2835 1077 vacillantem.
2861 1024 2984 1079 Alio
3006 1027 3184 1085 modo.
3211 1030 3376 1097 Legis
3397 1011 3695 1104 opuserat
3719 1041 3786 1091 ut

2123 1100 2354 1172 justum
2374 1105 2934 1167 facerethominem:
2949 1130 3152 1171 verum
3165 1117 3276 1173 hoc
3290 1136 3411 1175 non
3426 1100 3784 1193 potuit,nam

2130 1192 2370 1262 Omnes,
2405 1196 2622 1268 inquit,
2655 1211 3081 1272 peccaverunt:
3115 1224 3251 1263 cum
3301 1215 3500 1267 autem
3530 1214 3789 1270 venisset

2128 1280 2298 1347 ﬁdes,
2322 1282 2382 1337 id
2408 1287 2871 1346 correxitzsimul
2894 1308 2961 1347 ac
2982 1293 3144 1350 enim
3173 1297 3473 1370 quispiam
3508 1301 3784 1374 credidit,

2130 1370 2308 1426 etiam
2317 1372 2683 1444 justificatus
2714 1384 2821 1436 est.
2851 1380 3145 1437 Stabilivit
3173 1385 3373 1458 itaque
3398 1387 3546 1460 legis
3577 1370 3784 1448 volun;

2125 1462 2329 1516 tatem.
2365 1463 2781 1534 Superioribus
2820 1472 3189 1542 temporibus
3238 1475 3331 1531 lex
3377 1493 3445 1533 ac
3475 1481 3781 1552 prOphetm

2125 1548 2197 1604 de
2230 1549 2346 1606 ﬁde
2376 1554 2679 1610 vaticinati
2730 1562 2887 1613 sunt.
2922 1590 2991 1600 --
3021 1561 3225 1619 Fidem
3275 1580 3412 1638 ergo
3445 1548 3787 1642 suscipien-

2126 1641 2215 1692 tes
2246 1639 2673 1698 conﬁrmamus
2703 1643 2917 1718 legem.

428 1810 495 1866 Τί
526 1808 619 1864 οῦν
652 1808 879 1887 ἐροῦμεν
903 1804 1158 1885 Ἀϐραὰμ
1176 1810 1271 1865 τὸν
1296 1805 1503 1886 πατέρα
1532 1810 1694 1882 ἡμῶν
1728 1804 2014 1884 εὑρηκέναι

2193 1818 2286 1887 IV,
2322 1821 2373 1875 1.
2407 1823 2552 1886 Quid
2570 1840 2698 1895 ergo
2717 1825 2951 1882 dicimus
2981 1828 3264 1887 Abraham
3286 1838 3508 1903 patrem
3538 1842 3783 1893 nostrum

351 1896 499 1954 κατᾶ
529 1898 700 1974 σάρκα
729 1917 743 1967 ;

431 1990 587 2065 Μέγα
643 1986 901 2067 ὃφρόνουν
951 1987 1038 2044 ἐπὶ
1098 1991 1178 2061 τῷ
1232 1981 1486 2063 Ἀϐραὰμ
1529 1988 1582 2042 οἱ
1613 1983 1895 2058 Ἰουδαῖοι,
1926 1983 2017 2040 καὶ

356 2080 442 2135 ἀεὶ
469 2081 771 2156 προέφερον
823 2079 908 2134 ὅτι
966 2073 1222 2153 Ἀϐραὰμ
1274 2078 1639 2153 περιετμήθη.
1677 2078 1892 2139 Σκοπὸς
1924 2074 2019 2132 οῦν

356 2167 509 2240 αὑτῷ
566 2164 756 2238 δεῖξαι,
810 2168 895 2223 ὅτι
945 2167 1037 2222 καὶ
1084 2166 1243 2228 αὐτὸς
1302 2162 1555 2242 Ἀϐραὰμ
1608 2165 1709 2221 οὐκ
1739 2166 1789 2236 ἐξ
1820 2161 2020 2243 ἔργων,

366 2256 497 2312 ἀλλ’
544 2255 603 2311 ἐκ
650 2255 883 2318 πίστεως
935 2252 1260 2332 ἐὲιβαιώθη,
1312 2256 1405 2311 καί
1460 2271 1614 2330 φησιο
1648 2278 1676 2307 ‹‹
1716 2253 1780 2310 Τί
1806 2252 1898 2309 οὖν
1931 2251 2021 2309 λέ-

363 2366 536 2423 γομεν
596 2340 848 2420 Ἀϐραὰμ
903 2346 995 2400 τὸν
1053 2346 1190 2400 κατὰ
1248 2343 1417 2421 σάρκα
1475 2345 1681 2419 πατέρα
1738 2346 1902 2418 ἡμῶν
1930 2343 2020 2399 εὖ·

363 2434 683 2512 ρηκέναι;››
733 2435 824 2491 καὶ
879 2434 1027 2497 τίνος
1078 2435 1242 2490 αὑτὸν
1303 2432 1754 2509 έπιτετυχηκέναι
1816 2431 2022 2488 δικαιο-

363 2526 698 2596 σὺνηςςτῆς
728 2521 800 2578 δι’
847 2519 1042 2600 ἔργων,
1094 2523 1129 2593 ἢ
1172 2527 1273 2589 τῆς
1322 2520 1413 2578 διὰ
1463 2523 1738 2593 πίστεως,
1780 2521 1881 2579 Καῗ
1918 2518 2022 2577 δεί-

359 2634 570 2684 κνυσιν,
643 2614 725 2668 ὅτι
793 2619 895 2681 τῆς
960 2609 1050 2667 διὰ
1111 2612 1366 2674 πίστεως.
1434 2612 1592 2669 Ὀθεν
1655 2611 1747 2666 καὶ
1804 2609 2019 2687 εὕρημα

360 2702 546 2771 αὐτὴν·
571 2701 753 2761 καλεῖ.
813 2701 964 2758 Ἐπεὶ
1022 2703 1098 2775 μὴ
1160 2700 1211 2771 ἐξ
1264 2699 1439 2779 ἔργων
1498 2700 1666 2770 αὐτὴν
1727 2698 2019 2772 ἐκτήσατο,

358 2789 489 2846 ἀλλ’
543 2790 603 2847 ἐκ
659 2791 916 2861 πίστεως,
969 2787 1094 2860 ἥτις
1151 2790 1341 2864 χάριτι
1394 2793 1529 2845 Θεοῦ
1586 2790 1906 2870 παρέχεται.
1948 2820 2018 2831 -

355 2881 819 2955 [ΓΕΝΝΑΔΙΟΥ.]
850 2880 982 2936 Καθ’
1024 2875 1328 2955 ὑπερϐατόν
1360 2876 1500 2935 ἐστιν
1533 2880 1568 2949 ἡ
1603 2879 1783 2953 ῥῆσις,
1813 2878 2018 2935 οὑτωσί

354 2992 477 3034 πως
533 2970 777 3045 κειμένη·
839 2971 910 3028 Τί
967 2971 1058 3026 οὗν
1142 2971 1370 3047 ἔροῦμεν
1434 2966 1692 3045 Ἀϐραὰμ
1736 2971 1832 3026 τὸν
1880 2970 2019 3025 κατὰ

360 3061 535 3134 σάρκα
562 3058 768 3133 πατέρα
818 3060 979 3134 ἡμῶν
1042 3058 1363 3134 εὑρηκέναι;
1425 3058 1794 3132 Ἀνέλθωμεν,
1829 3058 2016 3137 φησὶν,

360 3152 450 3208 ἰπὶ
481 3153 572 3207 τὸν
604 3152 856 3227 ἀρχηγὸν
900 3156 998 3207 τοῦ
1054 3152 1192 3207 κατά
1251 3153 1423 3228 σάρκα
1478 3152 1670 3227 γένους
1722 3153 1907 3224 ἡμῶν,
1958 3149 2018 3206 ὅν

2135 1912 2405 1967 invenisse
2432 1915 2731 1971 serundum
2762 1934 2979 1974 carnem
3002 1922 3030 1974 7

2206 1999 2359 2057 246
2415 2004 2899 2063 Intumescebant
2954 2008 3138 2064 Judazi
3197 2010 3448 2068 Abrahze
3516 2015 3783 2083 nomine,

2135 2105 2487 2163 semperque
2537 2095 2921 2166 proferebant
2972 2100 3130 2170 quod
3189 2101 3578 2159 circumcisus
3632 2110 3790 2161 esset

2132 2178 2453 2237 Abraham.
2483 2184 2587 2239 Hic
2619 2201 2754 2256 ergo
2787 2203 3001 2259 scopus
3023 2194 3114 2245 est
3134 2192 3413 2262 Apostolo
3447 2194 3786 2263 ostendere,

2132 2267 2328 2338 ipsum
2361 2288 2598 2342 quoque
2632 2275 2926 2331 Abraham
2960 2294 3080 2332 non
3130 2295 3199 2333 ex
3249 2280 3548 2351 cperibus,
3582 2283 3686 2337 sed
3717 2299 3788 2338 ex

2132 2356 2247 2413 ﬁde
2271 2359 2669 2430 justiﬁcatum
2705 2380 2856 2433 esse,
2886 2371 2944 2421 et
2974 2367 3093 2422 ait:
3127 2391 3153 2417 «
3185 2370 3328 2434 Quid
3365 2387 3502 2444 ergo
3533 2371 3789 2428 dicimus

2130 2447 2423 2505 Abraham
2445 2457 2673 2522 patrem
2695 2460 2967 2511 nostrum
3000 2458 3329 2514 secundum
3358 2476 3599 2516 carnem
3624 2461 3788 2516 inve-

2130 2538 2290 2594 nisse
2308 2537 2367 2594 7»
2386 2557 2633 2611 quamve
2649 2551 2955 2601 assecutus
2969 2547 3370 2618 estjustitiam
3388 2549 3639 2606 ?eamne
3655 2567 3788 2623 quas

2133 2633 2223 2682 est
2252 2644 2359 2700 per
2388 2647 2588 2702 opera,
2613 2649 2690 2688 an
2712 2650 2843 2704 quae
2867 2651 2973 2706 per
2996 2634 3215 2692 fidem?
3247 2642 3306 2691 et
3334 2638 3596 2693 ostendit
3626 2639 3786 2710 quod

2128 2733 2259 2773 eam
2294 2736 2426 2790 qua:
2457 2738 2564 2792 per
2595 2721 2811 2779 ﬁdem:
2845 2724 3004 2781 unde
3036 2731 3095 2781 et
3122 2727 3286 2782 illam
3328 2734 3497 2783 vocat
3534 2745 3661 2783 rem
3692 2730 3790 2782 in-

2127 2812 2384 2878 ventam,
2410 2811 2551 2881 quia
2579 2828 2702 2867 non
2732 2830 2804 2868 ex
2834 2814 3113 2885 operibus
3146 2832 3276 2871 eam
3304 2822 3516 2871 nactus
3549 2821 3656 2883 est,
3679 2816 3784 2872 sed

2129 2913 2199 2952 ex
2230 2897 2345 2954 ﬁde
2375 2916 2507 2970 quae
2540 2901 2640 2955 Dei
2672 2903 2862 2974 gratia
2891 2903 3211 2960 confertur.
3248 2935 3314 2944 —
3345 2907 3457 2959 Per
3484 2904 3783 2976 hyperba-

2129 2991 2230 3042 ton
2261 2993 2351 3043 est
2380 2988 2622 3055 locutio,
2682 2996 2749 3045 ut
2804 2991 2886 3046 ita
2941 2997 3235 3063 ponatur:
3270 2993 3421 3057 Quid
3452 3009 3587 3066 ergo
3618 2993 3783 3048 dice-

2126 3091 2259 3130 mus
2279 3076 2600 3145 Abraham,
2621 3080 2722 3151 qui
2745 3079 3075 3135 secundum
3097 3097 3337 3136 carnem
3365 3087 3456 3136 est
3476 3087 3645 3153 pater
3668 3099 3782 3138 no-

2128 3169 2266 3229 ster,
2301 3164 2599 3221 invenisse
2621 3168 2650 3221 ξ)
2675 3167 3104 3234 Ascendamus,
3136 3168 3353 3239 inquit,
3385 3169 3459 3224 ad
3490 3169 3780 3242 originem

358 3240 420 3297 ἐκ
465 3222 898 3305 πάντων-’ἐθνῶν
952 3222 1331 3313 ἐκλεξάμενος.
1368 3240 1396 3295 ὁ
1453 3222 1602 3309 Θεὸς,
1654 3222 1923 3313 εὑλόγησέ
1951 3259 2010 3294 τε

2253 3222 2264 3229 ,
3091 3222 3103 3234 ,
3343 3222 3353 3236 .
3390 3222 3457 3224 -π
3500 3222 3543 3223 η
3581 3222 3780 3242 υθέ-τη

2128 3253 2359 3324 generis
2382 3254 2570 3314 nostri
2593 3256 2919 3311 secundum
2941 3273 3203 3322 carnem,
3236 3263 3296 3311 et
3325 3274 3463 3312 eum
3494 3274 3672 3328 quem
3708 3274 3780 3313 ex

358 3333 450 3387 καὶ
480 3330 556 3392 εἰς
586 3329 718 3395 τοὺς
763 3329 814 3404 ἐξ
873 3329 1038 3386 αὑτοῦ
1086 3326 1153 3385 δι’
1186 3329 1353 3385 αὑτοῦ
1380 3330 1448 3385 τὰ
1497 3331 1596 3397 τῆς
1628 3327 1883 3403 εὐλογίας
1918 3328 1990 3384 ὑπ

357 3420 552 3496 έσχετο
585 3421 992 3495 παραπέμψειν.
1025 3417 1204 3489 Δῆλον
1238 3418 1342 3495 γὰρ
1388 3417 1473 3473 ὅτι
1520 3416 1671 3481 ὅπως
1702 3413 1762 3472 ἄν
1794 3411 1916 3493 ἔχοι
1948 3418 2017 3473 τὰ

351 3510 470 3565 κατ’
501 3508 687 3579 αὑτὸν,
715 3507 890 3572 οὕτως
922 3510 1123 3585 σχήσει
1173 3509 1261 3563 καὶ
1318 3508 1385 3563 τά
1434 3509 1770 3584 ἡμέτερα.-
1803 3509 2016 3582 [ΦΩΤ.]

352 3598 455 3667 Τὸ,
517 3619 539 3647 ι
573 3598 721 3655 Κατᾶ
774 3598 965 3674 σάρκα,
1017 3622 1039 3650 ι
1102 3596 1158 3653 ἐν
1220 3592 1510 3671 ὑπερϐατῷ
1572 3602 1769 3655 κεῖται.
1830 3598 1896 3654 Ἦ
1954 3593 2018 3651 δὲ

349 3688 489 3742 κατὰ
544 3688 724 3766 φύσιν,
782 3686 930 3744 ἀλλὰ
989 3688 1066 3762 μὴ
1142 3688 1282 3743 κατά
1340 3694 1535 3762 σχῆμα
1603 3685 1864 3761 ἑρμηνεία
1919 3690 2016 3742 τοῦ

353 3775 543 3852 λόγου·
592 3777 660 3835 Τί
710 3775 810 3833 οὖν
873 3777 1102 3852 ἐροῦμεν
1156 3773 1410 3851 Ἀϐραὰμ
1458 3778 1738 3853 εὑρηκέναι
1765 3777 1855 3832 τὸν
1881 3777 2019 3831 κατᾶ

355 3870 529 3945 σάρκα
582 3872 744 3943 ἡμῶν
799 3868 1059 3944 πατέρα;
1118 3870 1255 3945 πρὸς
1312 3866 1605 3931 Ἰουδαίους
1635 3866 1691 3924 δὲ
1746 3870 1774 3924 ὁ
1826 3868 2015 3947 λόγος.

353 3960 512 4027 Οἷον,
547 3959 661 4015 ἐπεί
719 3980 875 4039 φησι,
930 3959 1009 4016 Τὸ
1067 3963 1170 4013 πᾶν
1232 3959 1361 4033 ὑμῖν
1393 3965 1492 4029 τῆς
1532 3956 1899 4035 σεμνολογίας
1925 3957 2015 4014 καὶ

358 4045 738 4123 μεγαλαυχίας
771 4047 823 4103 έν
858 4052 937 4120 τῷ
986 4047 1124 4103 κατὰ
1173 4049 1345 4124 σάρκα
1373 4048 1535 4122 πατρὶ
1569 4049 1729 4121 ἡμῶν
1764 4042 2018 4123 Ἀϐραάμ

356 4135 889 4212 ἐστι,σκοπήσωμεν
945 4136 998 4192 τί
1057 4135 1118 4193 ἄν
1177 4136 1424 4212 ε’ἰποιμεν
1479 4135 1679 4192 ἐκεῖνον
1709 4138 2014 4213 εὑρηκέναι.

358 4228 465 4284 Καὶ
498 4250 661 4305 φησιν
719 4227 879 4291 αὐτὸς
919 4228 1151 4304 προϊὼν,
1206 4227 1291 4283 ὅτι
1348 4228 1440 4282 καὶ
1498 4224 1845 4297 δικαιοσύνην
1873 4227 2014 4303 εὗρε.

354 4319 534 4373 Τοῦτο
561 4308 664 4394 γὰρ
698 4315 810 4373 ἐστι
839 4319 924 4388 τὸ,
987 4342 1015 4370 ‹‹
1048 4317 1145 4372 Καὶ
1205 4315 1466 4393 ἐλογίσθη
1525 4316 1674 4388 αὑτῷ
1705 4315 1780 4377 εἰς
1814 4312 2017 4371 δικαιο-

356 4405 543 4479 σύνην,
580 4430 609 4459 »
640 4406 944 4480 τουτέστιν,
999 4408 1084 4462 ὅτι
1136 4403 1456 4476 ἐδικαιώθη.
1488 4406 1563 4460 Τὸ
1600 4404 1704 4481 γὰρ
1736 4405 1909 4477 εὑρεῖν
1940 4402 2014 4460 δι·

355 4496 679 4566 καιοσὺνην,
734 4494 1095 4566 δικαιωθῆναι
1145 4494 1305 4550 ἑστιν.
1363 4495 1532 4572 Εὗρεν
1586 4494 1677 4549 οῦν
1739 4491 2012 4549 δικαιοσύ-

2124 3341 2403 3398 omnibus
2432 3343 2709 3416 gentibus
2748 3345 3005 3401 electum
3047 3345 3356 3401 benedixit
3406 3347 3597 3401 Deus:
3630 3352 3689 3402 et
3717 3348 3781 3402 in

2124 3446 2227 3485 eos
2258 3430 2360 3502 qui
2399 3430 2472 3486 ab
2519 3449 2586 3486 eo
2638 3432 3092 3501 descenderent,
3152 3452 3282 3506 qum
3341 3433 3781 3490 benedictionis

2128 3525 2299 3576 erant
2326 3537 2434 3593 per
2463 3538 2600 3577 eum
2632 3539 2695 3578 se
2724 3522 3049 3579 missurum
3083 3539 3212 3579 esse
3254 3524 3550 3595 promisit.
3586 3524 3780 3579 Mani-

2125 3610 2343 3666 festum
2376 3617 2466 3667 est
2512 3612 2672 3668 enim
2705 3614 2884 3684 quod,
2920 3614 3096 3669 sicuti
3132 3630 3267 3669 eum
3299 3613 3404 3668 illo
3437 3618 3639 3668 actum
3670 3619 3780 3681 est,

2125 3699 2208 3754 ita
2225 3704 2284 3755 et
2300 3700 2611 3756 nobiscum
2630 3708 2929 3772 agetur.—
2948 3702 3247 3758 Particula
3264 3701 3426 3769 illa,¢
3446 3700 3783 3757 Secundum

2125 3804 2389 3856 carnem,
2424 3812 2452 3841 »
2480 3807 2586 3862 per
2614 3791 2987 3863 hyperbaton
3035 3792 3300 3862 ponitur.
3333 3789 3612 3845 Ordinate
3644 3805 3781 3844 vero

2127 3883 2186 3932 et
2234 3895 2355 3934 non
2396 3879 2569 3951 juxta
2617 3882 2859 3936 schema
2886 3881 2998 3936 erit
3026 3881 3153 3935 haec
3210 3876 3621 3948 interpretatio
3656 3892 3781 3932 ser-

2126 3968 2356 4025 monis:
2390 3971 2540 4036 Quid
2595 3988 2731 4044 ergo
2784 3971 3052 4026 dicemus
3101 3968 3400 4024 Abraham
3458 3967 3781 4035 invenisse,

2127 4059 2226 4131 qui
2260 4060 2587 4116 secundum
2618 4077 2860 4118 carnem
2892 4066 3063 4132 pater
3090 4064 3294 4115 noster
3319 4058 3451 4114 est?
3495 4060 3676 4114 Porro
3707 4058 3785 4114 ad

2123 4148 2359 4204 Judteos
2390 4165 2585 4205 sermo
2618 4155 2727 4216 est,
2761 4166 2829 4205 ac
2860 4150 2909 4205 si
2937 4149 3131 4204 dicat:
3177 4150 3321 4204 Cum
3352 4148 3542 4203 nostri
3575 4163 3784 4218 super-

2125 4236 2247 4291 cilii
2269 4252 2338 4291 ac
2356 4237 2655 4308 jactantiae
2679 4254 2913 4293 summa
2935 4237 3013 4292 sit
3032 4238 3093 4292 in
3114 4236 3434 4303 Abraham,
3453 4236 3593 4306 quia
3613 4239 3783 4305 pater

2126 4330 2329 4380 noster
2356 4330 2447 4381 est
2474 4325 2800 4381 secundum
2832 4342 3093 4393 carnem,
3126 4325 3570 4382 consideremus
3603 4322 3779 4393 quid-

2126 4429 2266 4468 nam
2296 4412 2493 4468 dicere
2533 4414 2830 4485 possimus
2872 4415 3043 4469 illum
3092 4414 3409 4469 invenisse.
3442 4414 3512 4466 Et
3540 4410 3624 4465 ait
3651 4409 3779 4480 ipse

2126 4504 2187 4557 in
2219 4503 2604 4575 sequentibus
2657 4503 2818 4575 quod
2875 4504 3056 4560 etiam
3105 4503 3403 4575 justitiam
3465 4498 3775 4555 invenerit.

354 4605 476 4654 νην,
539 4583 687 4640 ἀλλᾶ
732 4589 851 4648 πῶς
905 4586 1090 4658 εὗρενς
1153 4584 1237 4657 Ἐξ
1294 4577 1492 4661 ἔργων,
1551 4583 1585 4652 ἤ
1646 4581 1707 4638 έκ
1742 4583 2015 4651 πίστεως;

2128 4591 2246 4646 Hoc
2278 4591 2439 4647 enim
2473 4595 2562 4646 est
2590 4591 2749 4663 quod
2779 4592 2897 4648 ait:
2940 4615 2967 4642 «
2997 4592 3068 4646 Et
3109 4591 3465 4661 imputatum
3498 4591 3586 4641 est
3618 4584 3668 4639 ei
3705 4584 3779 4639 ad

356 4674 464 4729 Καὶ
499 4671 766 4730 δείκνυσιν
794 4674 879 4729 ’ὁτι
938 4673 998 4729 ἐκ
1054 4673 1311 4743 πίστεως,
1383 4674 1631 4749 μάρτυρα
1658 4673 1759 4742 τήν
1792 4674 2014 4748 Γραοὴν

358 4764 652 4836 παριστάς.
728 4764 1041 4821 Ἐπίστευσε
1114 4762 1242 4837 γὰρ,
1328 4762 1516 4842 φησὶν,
1606 4756 1859 4836 Ἀϐραὰμ
1934 4766 2014 4835 τῷ

358 4856 498 4923 Θεῷ,
557 4852 649 4908 καὶ
706 4852 966 4929 ἐλογίσθη
1028 4851 1176 4923 αὑτῷ
1228 4850 1304 4913 εἰς
1363 4847 1728 4920 δικαιοσύνην.
1783 4851 1848 4905 Τί
1899 4849 2011 4921 οὖν,

356 4941 549 5021 φησὶν,
614 4941 713 4997 οὐκ
772 4943 923 5022 εἶχεν
973 4940 1106 5018 ἔργα
1163 4941 1191 4995 ὁ
1249 4934 1544 5015 Ἀϐραάμ;
1604 4938 1718 4997 Οὑκ
1772 4936 2013 4995 ἔδικαίου

354 5035 525 5088 ταῦτα
581 5031 785 5101 αὑτόν;
844 5034 934 5102 Μὴ
988 5030 1239 5109 γένοιτοέ
1300 5032 1475 5105 Ἔργα
1537 5029 1630 5103 μὲν
1681 5029 1785 5106 γὰρ
1835 5031 2011 5109 εἶχεν,

355 5116 494 5175 ὥστε
533 5122 669 5196 πρὸς
697 5120 825 5185 τοὺς
876 5118 1447 5195 συμπολιτευομένους
1498 5118 1647 5190 αὐτῷ
1694 5117 2012 5193 ἀνθρώπους

353 5230 693 5285 κρινομενον,
759 5208 1114 5280 δικαιωθῆναι
1194 5209 1281 5265 καὶ
1356 5214 1716 5283 προκριθῆναι
1770 5206 2007 5265 ἐκείνων.

353 5300 427 5355 Τὸ
486 5296 544 5355 δὲ
601 5301 740 5376 πρὸς
789 5301 882 5356 τὸν
942 5301 1069 5357 Θεὸν
1134 5297 1499 5370 δικαιωθῆναι
1558 5296 1618 5352 ἐκ
1671 5301 1780 5352 τῶν
1836 5296 2009 5374 ἔργων

355 5389 521 5446 αὑτοῦ
579 5388 720 5447 ὥστε
775 5388 923 5460 ἄξιον
975 5392 1067 5446 καὶ
1113 5388 1416 5445 ἰσοστάσιον
1485 5389 1671 5444 ἑαυτὸν
1732 5396 2010 5463 παραστῆ-

352 5499 440 5535 σαι
518 5481 616 5549 τῆς
688 5478 888 5536 ἐκεῖθεν
947 5479 1335 5557 παρεχομένης
1388 5477 1697 5554 εὐεργεσίας
1753 5478 1844 5533 καὶ
1903 5476 2010 5534 δω-

354 5574 501 5645 ρεᾶς,
557 5568 838 5636 παντελῶς
919 5568 1266 5629 ἀπελείπετο.
1345 5566 1557 5626 Οὐκοῦν
1637 5563 1798 5623 οὑδὶν
1863 5567 2011 5632 ὅλως

356 5652 476 5734 ἔχει
507 5657 796 5735 καύχημα,
828 5658 954 5730 ἢτοι
999 5660 1326 5736 προτέρημα
1372 5658 1464 5713 καὶ
1511 5655 1842 5733 κατόρθωμα
1876 5659 2012 5734 πρὸς

2117 4680 2434 4752 justitiam.
2459 4703 2488 4730 »
2513 4680 2623 4736 hoc
2646 4685 2753 4748 est,
2780 4681 2937 4752 quod
2946 4680 3311 4753 justiﬁcatus
3335 4681 3442 4731 est.
3473 4672 3782 4745 Siquidem

2124 4768 2422 4823 invenisse
2454 4768 2573 4823 sive
2605 4774 2847 4823 nactum
2880 4784 3011 4823 esse
3032 4765 3354 4838 justitiam,
3379 4760 3781 4833 estjustiﬁca-

2126 4862 2250 4912 tum
2282 4873 2430 4915 esse.
2463 4858 2695 4913 Invenit
2724 4873 2860 4929 ergo
2913 4862 2972 4911 et
2999 4860 3209 4911 nactus
3238 4858 3329 4908 est
3350 4850 3670 4925 justitiam.
3704 4851 3782 4904 At

2125 4946 2422 5018 quomodo
2453 4953 2662 5002 nactus
2691 4946 2827 5002 est?
2857 4962 2928 5001 ex
2957 4944 3257 5017 operibus,
3292 4959 3368 4998 an
3403 4959 3473 4997 ex
3506 4940 3619 4995 ﬁde
3643 4939 3670 4993 ‘2
3708 4940 3779 4993 Et

2123 5036 2383 5092 ostendit
2409 5036 2565 5108 quod
2597 5052 2667 5091 ex
2692 5036 2830 5107 fide,
2858 5052 2994 5091 cum
3019 5034 3382 5107 Scripturam
3409 5028 3688 5103 producit
3712 5028 3775 5082 in

2124 5130 2355 5179 testem.
2392 5127 2535 5181 Nam
2566 5126 2681 5180 ait:
2715 5148 2743 5175 ‹‹
2768 5124 3031 5180 Credidit
3063 5124 3362 5179 Abraham
3393 5122 3533 5187 Deo,
3562 5124 3621 5174 et
3651 5117 3775 5172 im-

2122 5218 2393 5286 putatum
2425 5219 2516 5269 est
2544 5214 2597 5269 ei
2640 5213 2714 5269 ad
2736 5214 3054 5286 justitiam.
3100 5235 3128 5262 ››
3182 5211 3330 5277 Quid
3364 5226 3526 5282 ergo,
3558 5206 3779 5278 inquit,

2122 5320 2245 5357 non
2270 5303 2478 5358 habuit
2497 5303 2798 5359 Abraham
2817 5319 2997 5375 opera
3017 5302 3045 5357 ‘I
3065 5318 3186 5357 non
3207 5300 3334 5355 haec
3356 5298 3526 5353 illum
3549 5294 3783 5368 justiﬁ-

2122 5392 2377 5448 carunt?
2406 5392 2613 5448 Absit!
2658 5394 2848 5465 Opera
2879 5391 3177 5463 siquidem
3206 5389 3435 5454 habuit,
3467 5391 3533 5441 ut
3563 5384 3613 5441 si
3645 5399 3781 5439 cum

2120 5481 2463 5539 hominibus
2485 5482 2585 5554 qui
2607 5482 2787 5538 simul
2809 5498 2945 5537 cum
2970 5498 3038 5537 eo
3060 5479 3451 5536 versabantur
3474 5475 3687 5531 fuisset
3709 5473 3772 5527 in

2113 5571 2341 5645 judicio
2372 5572 2755 5639 constitutus,
2781 5571 2952 5628 facile
2973 5570 3341 5643 justiﬁcatus
3371 5566 3605 5632 fuisset,
3629 5560 3781 5617 illis-

2123 5678 2236 5733 que
2268 5663 2660 5734 antepositus,
2682 5680 2884 5719 verum
2905 5667 3188 5717 utcoram
3222 5661 3337 5715 Deo
3370 5675 3439 5712 ex
3470 5655 3599 5710 suis
3628 5665 3781 5720 ope-
