4198 6198
405 309 520 367 391

1533 298 1912 362 OECUME-NI
1959 294 2267 356 TRICCAﬂ
2313 295 2682 357 EPlSCOPI.

3702 299 3819 358 392

415 442 581 497 ribus
591 439 1332 510 justiﬁcaretur,tanquam
1354 434 1566 508 dignus
1585 439 1644 489 et
1663 432 1910 504 aequalis
1929 445 2058 486 sese

2181 427 2262 481 τὸν
2296 428 2446 498 Θεὸν,
2493 427 2568 490 εἰς
2625 428 2687 483 τὸ
2743 427 3036 498 ἀξιωθῆναι
3093 433 3192 498 τῆς
3251 426 3554 503 εὐεργεσίας
3585 427 3676 482 καὶ
3708 425 3823 482 δω-

413 531 684 603 praabens
717 524 1018 596 dignitatis
1049 540 1184 578 cum
1227 540 1296 578 ea
1355 541 1486 594 quas
1517 525 1653 579 inde
1685 521 2062 595 praebebatur

415 616 807 674 beneﬁcentia
836 631 902 669 ac
934 614 1108 668 domo
1135 630 1145 668 :
1179 631 1557 685 nequaquam
1595 613 1806 668 fuisset
1837 612 1940 666 illa
1969 627 2060 665 as-

415 712 670 762 secutus.
743 703 944 774 Itaque
1003 702 1154 757 nihil
1214 703 1458 758 omnino
1513 702 1692 757 habet
1769 699 2063 773 gloriatio,

414 797 562 852 247
600 799 702 849 aut
731 793 1118 866 praerogativa
1159 797 1506 864 rectumque
1539 809 1686 862 opus
1717 806 1914 846 coram
1949 790 2065 842 Deo

415 885 488 940 ad
515 885 626 938 hoc
657 889 723 938 ut
749 883 993 955 dignum
1026 881 1301 936 redderet
1329 881 1602 936 beneﬁcii
1636 879 1950 934 collatione
2001 893 2068 932 ac

418 975 593 1030 dono.
620 973 769 1039 Quid
795 974 952 1029 enim
982 973 1028 1027 si
1055 973 1189 1043 quis
1211 972 1382 1026 illum
1409 971 1817 1026 demonstrare
1849 968 2071 1022 nitatur

416 1082 523 1137 per
554 1079 736 1135 opera
783 1063 1026 1135 dignum
1061 1061 1266 1130 fuisse,
1309 1067 1374 1116 ut
1420 1065 1556 1133 post
1587 1065 1808 1115 tantam
1844 1063 2069 1112 natura)

419 1153 940 1210 mortiﬁcationem
974 1152 1080 1206 ﬁlii
1113 1157 1281 1222 pater
1310 1151 1741 1216 ostenderetur,
1763 1165 1829 1203 ac
1851 1146 2072 1201 ventris

418 1260 660 1317 germen
693 1243 1058 1298 exoriretur:
1094 1246 1158 1295 ut
1183 1258 1386 1296 semen
1423 1241 1552 1310 ejus
1575 1245 1858 1309 tanquam
1891 1251 2074 1292 arena

417 1334 600 1389 maris
631 1331 1130 1402 multiplicaretur
1157 1347 1168 1383 :
1203 1336 1491 1401 prmterea
1517 1335 1582 1383 ut
1603 1329 1663 1382 in
1696 1327 1921 1382 semine
1946 1325 2073 1397 ejus

423 1439 632 1478 omnes
663 1427 867 1493 gentes
901 1419 1433 1474 benedicerentur:
1469 1419 1542 1472 ad
1571 1418 1696 1472 haec
1720 1423 1784 1470 ut
1806 1415 2072 1471 Christus

423 1513 548 1584 ipse
581 1509 914 1565 communis
947 1509 1210 1564 Salvator
1267 1507 1404 1562 inde
1459 1507 1850 1578 procederet?
1897 1503 2071 1560 Vides

423 1599 578 1670 quod
611 1598 764 1652 nihil
795 1598 1038 1653 omnino
1072 1597 1306 1662 habeat,
1367 1613 1442 1651 ne
1497 1595 1804 1668 vestigium
1829 1593 2069 1665 quidem

418 1705 664 1759 Operum
687 1688 760 1742 ad
783 1685 1128 1758 hujusmodi
1152 1685 1445 1740 beneﬁcia
1469 1703 1598 1757 quae
1617 1703 1652 1740 a
1674 1686 1789 1739 Deo
1821 1683 2066 1754 recepit.

2163 521 2309 589 ρεᾶς.
2342 518 2404 573 Τί
2433 518 2534 593 γὰρ
2563 517 2625 572 ἄν
2654 539 2737 580 τις
2796 518 2884 574 καὶ
2945 515 3013 574 δι’
3067 515 3241 594 ἔργων
3297 515 3607 588 ἐπιδείξειεν
3641 517 3811 588 ἄξιον,

2164 609 2260 659 τοῦ
2319 607 2451 679 μετὰ
2504 606 2843 677 τηλικαύτην
2899 609 3108 684 φύσεως
3166 607 3444 682 νέκρωσιν,
3485 604 3678 668 παιδὸς
3709 627 3812 660 πα-

2166 698 2293 772 τὲρα
2325 697 2555 771 ὀφθῆναι
2584 719 2598 770 ς
2631 697 2720 753 καὶ
2781 695 3014 773 βλαστὸν
3075 696 3292 761 κοιλίας
3337 697 3580 776 ἐκφῦναι,
3613 696 3702 752 καὶ
3731 701 3827 751 τοῦ

2169 785 2542 857 πληθυνθῆναι
2599 787 2661 843 τὸ
2721 787 2935 863 σπέρμα
2990 788 3157 843 αὐτοῦ
3213 787 3287 852 ὡς
3343 788 3440 856 τὴν
3501 785 3686 860 ἅμμον
3719 793 3820 856 τῆς

2170 873 2467 948 θαλάσσης,
2525 877 2616 932 καὶ
2674 881 2770 931 τοῦ
2846 874 3270 955 ἐνευλογηθῆναι
3327 877 3393 932 τὰ
3445 871 3565 946 ἔθνη
3628 875 3680 930 ἐν
3740 879 3820 948 τῷ

2173 968 2442 1042 σπέρματι
2497 967 2681 1037 αὐτοῦ,
2737 969 2824 1022 καὶ
2883 970 2982 1023 τοῦ
3033 967 3266 1042 Χριστὸν
3315 967 3512 1030 ἐκεῖθεν
3565 965 3656 1022 τὸν
3705 984 3823 1018 κοι-

2169 1059 2256 1112 νὸν
2291 1065 2523 1133 Σωτῆρα
2577 1057 2902 1133 προελθεῖνς
2961 1059 3143 1135 Ὁρᾷς,
3203 1057 3284 1114 ὅτι
3344 1055 3498 1114 οὐδὲν
3529 1055 3676 1117 ὅλως
3709 1053 3826 1130 ἔχει

2173 1145 2286 1203 οὐδ’
2323 1147 2480 1225 ἴχνος
2513 1145 2711 1226 ἔργων,
2744 1151 2881 1224 πρὸς
2938 1151 3032 1212 τὰς
3088 1147 3426 1219 τηλικαύτας
3461 1147 3520 1202 ἐκ
3551 1151 3685 1202 Θεοῦ
3717 1143 3828 1200 δω-

2174 1239 2295 1314 ρεάς
2324 1258 2337 1308 ;
2371 1238 2528 1293 πόθεν
2563 1237 2653 1294 οὖν
2687 1239 2897 1312 ἠξιώθη
2929 1240 3136 1294 τούτων
3164 1259 3178 1309 ;
3233 1241 3328 1296 Ἐκ
3364 1239 3536 1311 μόνης
3567 1237 3824 1295 πίστεως.

2175 1328 2553 1385 «Ἐπίστευσε
2609 1329 2734 1404 γὰρ,
2795 1328 2958 1407 φησὶν
3024 1331 3059 1398 ἡ
3148 1335 3355 1406 Γραφή,
3445 1322 3700 1402 Ἀϐραὰμ
3748 1328 3827 1396 τῷ

2176 1422 2314 1490 Θεῷ,
2373 1417 2464 1472 καὶ
2518 1415 2780 1493 ἐλογίσθη
2841 1418 2987 1489 αὐτῷ
3033 1416 3110 1479 εἷς
3161 1414 3520 1486 δικαιοσύνην,
3578 1439 3604 1466 ››
3665 1414 3821 1472 Ἐπί-

2176 1527 2382 1566 στευσε.
2433 1506 2522 1562 καὶ
2577 1503 2870 1577 ἐδικαιώθη
2947 1506 3092 1580 παρὰ
3162 1510 3317 1574 Θεοῦ,
3386 1506 3662 1560 τοσούτων
3728 1503 3818 1558 καὶ

2173 1586 2519 1658 τηλικούτων
2578 1593 2789 1666 τυχεῖν.
2851 1589 2914 1642 Ὠ
2972 1588 3228 1655 πίστεως,
3284 1591 3460 1642 πᾶσαν
3510 1585 3700 1659 πρᾶξιν
3727 1585 3824 1652 τήν

2175 1678 2228 1733 ἐν
2287 1677 2439 1752 νόμῳ
2522 1675 2769 1751 δευτέραν
2845 1679 3162 1748 ποιούσηςῐ
3253 1677 3497 1747 Ἐκείνην
3577 1673 3832 1750 πράττων

417 1777 582 1832 Unde
615 1794 750 1850 ergo
782 1777 873 1830 his
900 1776 1112 1848 dignus
1170 1775 1406 1830 habitus
1469 1774 1604 1830 est?
1663 1776 1742 1829 Ex
1774 1773 1900 1828 sola
1931 1771 2064 1827 ﬁde.

2181 1763 2455 1842 Ἀϐραὰμ,
2488 1767 2606 1843 εἶχὲ
2663 1789 2712 1822 τι
2777 1767 2969 1844 μικρὸν
3017 1768 3308 1842 καύχημα,
3359 1763 3504 1820 ἀλλὰ
3537 1763 3676 1838 πρὸς
3707 1763 3832 1822 τοὺς

416 1889 442 1917 ι(
477 1865 738 1921 Credidit
769 1867 927 1920 enim
979 1865 1274 1920 Abraham
1335 1867 1474 1932 Deo,
1526 1864 1608 1918 ait
1657 1863 1978 1934 Scriptura,
2013 1867 2070 1916 et

415 1956 770 2028 imputatum
803 1963 892 2011 est
923 1957 974 2010 ei
1004 1955 1076 2010 ad
1100 1955 1418 2026 justitiam.
1443 1975 1470 2004 ››
1506 1953 1790 2019 Credidit,
1813 1957 1871 2007 et
1891 1969 1924 2008 a
1949 1951 2068 2007 Deo

403 2045 770 2116 justiﬁcatus
802 2051 909 2115 est,
935 2050 1002 2099 ut
1039 2049 1203 2099 tanta
1233 2061 1300 2098 ac
1331 2044 1474 2098 talia
1505 2047 1990 2113 consequeretur.
2025 2040 2068 2095 Ο

411 2132 611 2200 ﬁdem,
647 2149 776 2204 quae
809 2147 986 2186 omne
1017 2131 1163 2200 legis
1191 2147 1338 2202 opus
1368 2135 1504 2202 post
1534 2147 1593 2185 se
1629 2129 1936 2200 relinquit,
1969 2144 2067 2182 eo-

410 2239 522 2293 que
555 2221 718 2292 prior
774 2221 896 2276 est!
963 2221 1106 2275 Cum
1167 2219 1314 2274 illud
1373 2225 1720 2290 operaretur
1749 2219 2066 2286 Abraham,

410 2310 655 2382 paulum
689 2309 970 2380 quiddam
1003 2309 1221 2364 habere
1251 2309 1445 2380 potuit
1465 2308 2067 2380 gloriationis,verum

411 2398 471 2453 id
505 2399 662 2469 apud
693 2415 794 2454 eos
827 2399 927 2469 qui
959 2415 1078 2452 una
1119 2413 1252 2452 cum
1286 2415 1353 2452 eo
1395 2395 1503 2451 sub
1537 2396 1663 2469 lege
1697 2401 1885 2452 erant.
1920 2397 2068 2450 Pro-

412 2487 588 2543 ducta
618 2504 755 2543 vero
790 2487 925 2554 ﬁde,
961 2493 1204 2558 repente
1234 2491 1402 2559 pater
1432 2486 1700 2540 omnium
1731 2485 1921 2540 factus
1955 2491 2062 2548 est,

397 2576 716 2649 justusque
739 2577 1103 2647 habitus,qui
1119 2575 1528 2630 omnibusillis
1545 2575 1720 2630 bouis
1742 2574 2059 2629 frueretur.

409 2667 584 2732 Quasi
609 2673 805 2723 autem
827 2666 886 2720 in
902 2666 1058 2720 corol
1071 2665 1203 2720 larii
1227 2663 1518 2736 particula
1539 2671 1778 2735 sumpta
1795 2669 1886 2718 est
1901 2664 2070 2718 hinsi-

411 2756 552 2810 tatio
577 2772 590 2810 :
616 2760 673 2812 et
691 2755 905 2811 solutio
925 2759 1087 2825 patet
1109 2771 1178 2808 ex
1201 2754 1293 2808 his
1317 2770 1448 2824 quae
1472 2752 1628 2808 dicta
1650 2753 2064 2817 sunt.Quomo-

411 2844 484 2898 do
498 2845 593 2899 hic
608 2843 848 2916 quidem
865 2861 934 2899 ex
949 2843 1062 2898 ﬁde
1078 2843 1560 2914 aitjustiﬁcatum
1575 2841 1756 2896 fuisse
1771 2841 2066 2896 Abraham

410 2932 578 2988 divus
603 2937 802 2988 autem
834 2932 1084 2988 Jacobus
1144 2949 1212 2986 ex
1268 2929 1568 3002 cperibus,
1601 2930 1804 2984 dicens
1830 2948 1843 2986 :
1873 2929 2066 2984 Abra-

411 3023 550 3078 ham
571 3027 740 3094 pater
759 3027 963 3078 noster
985 3038 1183 3078 nonne
1202 3039 1270 3077 ex
1295 3019 1574 3092 Operibus
1590 3019 1954 3090 justiﬁcatus
1979 3023 2068 3073 est

408 3112 606 3167 oblato
665 3113 828 3168 Isaac
884 3111 1059 3168 ﬁlio?
1119 3116 1228 3167 etc.
1289 3134 1316 3159 α
1353 3109 1688 3164 Secundum
1733 3125 1994 3164 carnem.
2031 3131 2058 3156 »

409 3197 564 3253 Bene
590 3198 806 3254 Iudaeis
838 3199 1072 3266 dicitur,
1127 3221 1154 3248 ‹‹
1191 3197 1526 3252 Secundum
1559 3213 1822 3253 carnem.
1859 3219 1886 3246 »
1915 3199 2060 3251 Nam

407 3287 736 3341 secundum
771 3286 944 3342 ﬁdem
997 3303 1064 3341 ac
1119 3286 1578 3357 promissionem
1611 3302 1720 3340 nos
1749 3285 2060 3341 credentes

409 3390 614 3429 sumus
647 3375 754 3429 ﬁlii
787 3374 1285 3444 Abraham,juxta
1315 3374 1374 3428 id
1407 3374 1566 3445 quod
1592 3374 1771 3429 habet
1799 3376 2061 3446 Scriptu-

2183 1857 2284 1910 ὑπὸ
2318 1857 2410 1912 τὸν
2440 1856 2588 1927 αὐτῷ
2640 1853 2935 1916 τελοῦντας
2989 1855 3178 1930 νόμον.
3239 1857 3348 1924 Τήν
3399 1853 3578 1909 πίστιν
3611 1849 3668 1907 δὲ
3695 1872 3830 1926 προ-

2178 1940 2541 2019 ϐαλλόμειος,
2579 1945 2774 2021 ἀθρόον
2833 1947 3014 2020 πατὴρ
3069 1943 3278 2020 ἐγένετο
3334 1944 3571 2010 πάντων,
3603 1941 3694 1997 καὶ
3724 1945 3831 1996 τῶν

2181 2035 2389 2108 μυρίων
2453 2033 2668 2090 ἐκείνων
2724 2034 2941 2111 ἀγαθῶν
3009 2030 3304 2103 ἐδικαιώθη
3363 2029 3678 2088 ἀπολαύειν.
3737 2029 3830 2088 Ὠς

2177 2121 2228 2176 ἐν
2288 2121 2628 2198 πορίσματος
2683 2120 2740 2178 δὲ
2796 2122 2964 2198 ποίρᾳ
3021 2121 3278 2190 εἴληπται
3323 2121 3414 2177 καὶ
3455 2120 3610 2182 λύσις
3639 2119 3698 2174 ἐκ
3721 2122 3829 2173 τῶν

2177 2212 2498 2288 εἰρημένων.
2533 2219 2657 2274 Πῶς
2687 2214 2846 2276 οὗτος
2895 2213 2988 2287 μὲν
3045 2212 3107 2268 ἐκ
3161 2211 3395 2276 πίστεως
3424 2210 3570 2288 λέγει
3603 2207 3830 2264 δικαιω-

2179 2305 2335 2372 θῆναι
2365 2303 2455 2358 τὸν
2514 2298 2783 2378 Ἀϐραὰμ,
2843 2304 2871 2358 6
2931 2301 2986 2357 δὲ
3045 2304 3187 2365 θεῖος
3239 2297 3500 2366 Ἰάκωϐος
3528 2301 3577 2372 ἐξ
3610 2299 3828 2379 ἔργων;

2177 2388 2374 2467 λέγων,
2427 2387 2679 2467 Ἀϐραὰμ
2725 2394 2754 2447 6
2809 2394 2988 2468 πατὴρ
3055 2395 3214 2466 ἡμῶν
3273 2391 3374 2446 οὐκ
3423 2390 3472 2464 ἐξ
3519 2387 3686 2467 ἔργων
3716 2389 3829 2446 ἐδι-

2175 2482 2410 2552 καιώθη,
2443 2480 2726 2556 ἀνενέγκας
2759 2482 2942 2536 Ἰσαὰκ
2969 2481 3063 2536 τὸν
3096 2482 3211 2535 υἱὸν
3245 2481 3434 2548 αὐτοῦ,
3463 2481 3554 2534 καὶ
3583 2481 3648 2534 τὰ
3679 2481 3824 2551 ἑξῆς,

2182 2595 2200 2620 ι
2240 2571 2389 2626 Κατὰ
2419 2572 2608 2644 σάρκα.
2646 2595 2674 2622 ››
2725 2569 2922 2632 Καλῶς
2969 2571 3106 2640 πρὸς
3157 2566 3455 2631 Ἰουδαίους
3495 2569 3580 2637 τὸ,
3619 2593 3646 2620 α
3678 2569 3827 2626 Κατὰ

2175 2660 2368 2734 σάρκα.
2408 2685 2427 2710 ι
2466 2660 2613 2716 Κατὰ
2660 2660 2842 2715 πίστιν
2897 2661 3000 2737 γὰρ
3059 2659 3150 2714 καὶ
3207 2657 3536 2735 ἐπαγγελίαν
3575 2660 3738 2731 ἡμεῖς
3773 2659 3832 2712 οἱ

2175 2749 2361 2804 πιστοὶ
2419 2747 2575 2804 τὲκνα
2623 2747 2780 2823 ἐσμὲν
2834 2747 2930 2802 τοῦ
2989 2743 3264 2824 ἰλϐραὰμ,
3322 2747 3502 2812 καθὼς
3554 2749 3588 2816 ἡ
3639 2749 3824 2825 Γραφη

2177 2856 2330 2915 φησι·
2361 2863 2388 2890 ‹‹
2415 2837 2492 2895 Οὐ
2525 2838 2589 2893 τὰ
2617 2837 2776 2893 τέκνα
2805 2841 2905 2904 τῆς
2939 2839 3155 2913 σαρκὸς,
3181 2842 3347 2892 ταῦτα
3368 2836 3526 2892 τέκνα
3549 2839 3646 2892 τοῦ
3669 2840 3824 2906 Θεοῦ,

2175 2925 2323 2982 ἀλλὰ
2394 2927 2459 2981 τὰ
2533 2925 2688 2982 τέκνα
2761 2934 2862 2998 τῆς
2947 2925 3300 3003 ἐπαγγελίας,
3379 2925 3652 3003 λογίζεται
3749 2925 3826 2986 είς

2175 3017 2409 3090 σπέρμα.
2447 3040 2474 3068 ››
2533 3048 2599 3060 -
2664 3018 3002 3092 [ΘΕΟΔΩΡ.]
3061 3016 3246 3085 Ποίαν,
3281 3015 3434 3092 φησὶ,
3479 3015 3582 3090 πρὸ
3611 3019 3708 3070 τοῦ
3736 3037 3827 3070 πι-

2175 3110 2386 3161 στεῦσαι
2449 3111 2566 3178 Θεῷ
2621 3107 2712 3162 τὸν
2800 3101 3053 3180 Ἀϐραὰμ
3135 3103 3480 3174 δικαιοσύνην
3537 3105 3702 3160 αὐτοῦ
3759 3101 3829 3159 δι’

2173 3193 2348 3270 ἔργων
2381 3216 2564 3270 γεγενη
2578 3195 2738 3268 μένην
2799 3197 3109 3270 ἠκούσαμεν
3138 3215 3152 3265 ;
3203 3197 3342 3250 κατὰ
3373 3197 3542 3268 σάρκα
3571 3195 3698 3270 γὰρ,
3728 3195 3827 3264 τήν

2170 3284 2224 3340 ἐν
2255 3281 2436 3362 ἔργοις
2467 3285 2640 3363 λέγει,
2672 3283 2858 3357 ἐπειδή
2912 3284 3000 3341 διὰ
3049 3293 3148 3356 τῆς
3180 3285 3374 3362 σαρκὸς
3408 3283 3732 3358 ἐκτελοῦμεν
3759 3305 3789 3340 τ

2172 3372 2319 3449 ἔργα.

417 3477 522 3516 ra:
559 3484 586 3512 ‹‹
627 3465 752 3516 Non
785 3463 884 3534 qui
918 3463 1022 3517 ﬁlii
1057 3463 1252 3518 carnis
1283 3464 1342 3518 hi
1377 3468 1514 3518 sunt
1545 3463 1651 3518 ﬁlii
1696 3464 1817 3530 Dei,
1866 3463 1968 3518 sed
2023 3463 2129 3517 ﬁlii
2187 3465 2602 3536 promissionis
2657 3465 3096 3539 reputabuntur
3143 3466 3205 3520 in
3255 3481 3460 3521 semen
3491 3463 3555 3518 η.
3589 3487 3617 3516 »
3667 3466 3825 3530 Qua-

410 3551 552 3618 lem,
587 3551 801 3622 inquit,
833 3553 1178 3624 priusquam
1239 3555 1354 3608 Deo
1408 3553 1677 3608 crederet
1732 3553 2048 3618 Abraham,
2100 3555 2398 3624 justitiam
2457 3557 2586 3628 ejus
2645 3573 2750 3628 per
2807 3573 2986 3628 opera
3035 3555 3253 3610 factam
3287 3553 3639 3609 audivimus.
3675 3555 3820 3609 Nam

415 3641 742 3696 secundum
775 3658 1013 3697 carnem
1045 3643 1190 3698 dicit
1220 3659 1349 3698 eam
1382 3660 1512 3712 quas
1545 3643 1605 3694 in
1639 3641 1918 3711 operibus
1946 3647 2092 3708 erat,
2127 3644 2609 3716 quandoquidem
2643 3662 2749 3716 per
2778 3662 3020 3700 carnem
3051 3644 3394 3716 perﬁcimus
3425 3659 3627 3714 opera.

479 3731 574 3798 1V,
598 3731 752 3786 2-8.«
774 3733 916 3787 Nam
939 3731 984 3785 si
1007 3731 1306 3787 Abraham
1327 3749 1395 3786 ex
1416 3729 1696 3800 operibus
1713 3729 2084 3800 justiﬁcatus

2269 3731 2330 3788 Εἴ
2387 3733 2490 3808 γὰρ
2549 3727 2800 3806 Ἀϐραὰμ
2854 3733 2904 3804 ἐξ
2965 3732 3138 3810 ἐργων
3198 3729 3516 3802 ἐδικαιώθη,
3561 3725 3844 3804 ἕχεικαύ-

411 3845 436 3872 ‹‹
467 3827 574 3890 est,
591 3821 768 3878 habet
788 3821 944 3893 quod
967 3821 1272 3892 glorietur,
1289 3825 1347 3874 at
1367 3836 1484 3874 non
1505 3818 1662 3888 apud
1687 3819 1770 3872 De
1795 3835 1916 3872 um.
1937 3820 2068 3883 Quic

2194 3840 2378 3896 χημα,
2436 3819 2564 3876 ἀλλ’
2624 3821 2686 3875 οὗ
2741 3821 2875 3897 πρὸς
2933 3823 3023 3878 τὸν
3076 3821 3222 3878 Θεὸν.
3284 3821 3352 3878 Τί
3407 3820 3512 3896 γὰρ
3563 3822 3597 3889 ἡ
3653 3819 3840 3896 Γραιρὴ

411 3934 438 3963 ‹‹
467 3913 626 3966 enim
643 3912 1100 3981 dieitScriptura
1113 3908 1402 3964 ?Credidit
1417 3907 1711 3962 Abraham
1737 3908 1880 3975 Deo,
1901 3913 1958 3962 et
1981 3909 2060 3962 im

413 4024 439 4050 ιι
469 4007 738 4071 putatum
761 4005 850 4054 est
871 4000 956 4052 illi
975 4000 1048 4054 ad
1065 3997 1384 4068 justitiam.
1401 3998 1463 4050 Ei
1483 4013 1616 4050 vero
1637 3997 1734 4067 qui
1761 4002 2059 4067 operatur,

413 4111 433 4138 ι
465 4103 692 4142 merces
710 4103 830 4141 non
855 4087 1180 4157 imputatur
1201 4085 1530 4140 secundum
1555 4086 1829 4156 gratiam,
1850 4087 1954 4140 sed
1977 4103 2072 4141 se-

408 4200 434 4227 ‹‹
464 4175 726 4230 cundum
749 4173 1032 4229 debitum.
1055 4175 1118 4227 Ei
1145 4180 1342 4229 autem
1363 4176 1460 4246 qui
1491 4191 1612 4229 non
1638 4180 1939 4246 operatur,
1971 4175 2075 4230 sed

408 4287 436 4316 ‹‹
463 4263 722 4319 creditin
737 4279 870 4318 eum
892 4263 1294 4335 quijustiﬁcat
1311 4263 1735 4336 impium,ﬁdes
1751 4266 1876 4336 ejus
1891 4265 2079 4336 impu-

409 4358 622 4407 «tatur
648 4352 1057 4424 adjustitiam.
1085 4353 1237 4408 248
1270 4354 1780 4418 Quemadmodum
1809 4360 1865 4409 et
1893 4353 2074 4409 David

412 4464 435 4496 ιι
462 4442 962 4498 beatiﬁcatienem
995 4443 1256 4497 hominis
1291 4442 1452 4511 dicit,
1489 4443 1580 4498 cui
1633 4445 1787 4498 Deus
1819 4444 2077 4515 imputat

417 4555 439 4584 ι
456 4535 754 4608 justitiam
773 4535 1239 4607 operibuszBeati
1260 4551 1514 4605 quorum
1530 4536 1794 4591 remissae
1811 4537 2076 4590 suntini-

419 4649 439 4677 ι
468 4629 742 4700 quitates,
773 4633 830 4683 et
850 4643 1100 4698 quorum
1127 4631 1280 4681 tecta
1304 4632 1444 4680 sunt
1465 4631 1725 4696 peccata.
1753 4627 1965 4681 Beatus
1989 4626 2072 4680 vir

416 4734 443 4762 α
480 4711 572 4766 cui
605 4727 726 4766 non
755 4709 1133 4781 imputaverit
1159 4709 1444 4764 Dominus
1477 4713 1804 4780 peccatum.
1840 4729 1868 4757 »

487 4917 514 4944 «
549 4897 690 4950 Nam
725 4895 772 4949 si
813 4894 1131 4950 Abraham.
1177 4915 1204 4944 ι)
1271 4895 1393 4948 Duo
1455 4891 1735 4959 ostendit,
1797 4896 1854 4946 et
1913 4891 2072 4963 quod

415 4986 713 5042 Abraham
747 5002 816 5040 ex
849 4985 962 5040 ﬁde
984 4985 1348 5056 justiﬁcatus
1377 4985 1470 5050 sit,
1497 4989 1556 5038 et
1585 4983 1742 5054 quod
1773 4983 1967 5054 major
1997 4983 2074 5037 sit

405 5075 664 5152 justitia,
699 5091 830 5145 quae
859 5092 961 5146 per
994 5074 1172 5129 ﬁdem
1204 5080 1310 5129 est.
1339 5075 1432 5128 Ait
1476 5089 1611 5144 ergo
1640 5089 1651 5126 :
1686 5073 1742 5126 Si
1777 5089 1842 5127 ex
1875 5072 2070 5144 operi-

414 5165 527 5219 bus
551 5163 846 5234 rectisque
868 5163 1583 5232 actionibusjustiﬁcatus
1606 5167 1715 5228 est,
1743 5161 1922 5216 habet
1943 5161 2071 5233 qui-

419 5255 552 5310 dem
586 5253 740 5325 quod
775 5253 1096 5326 glorietur:
1143 5257 1204 5306 at
1253 5269 1371 5306 non
1427 5251 1584 5322 apud
1635 5253 1843 5320 Deum,
1876 5252 1978 5307 sed
2011 5252 2070 5304 in

421 5345 638 5416 seipse,
672 5348 736 5397 ut
767 5343 866 5414 qui
897 5341 1048 5396 bene
1080 5346 1357 5412 operatus
1389 5340 1502 5395 sit:
1554 5341 1654 5412 qui
1685 5357 1820 5396 vero
1855 5358 1923 5396 ex
1955 5339 2070 5396 ﬁde

411 5433 776 5505 justiﬁcatus
809 5437 916 5500 est,
942 5429 1081 5502 quia
1110 5445 1228 5484 non
1255 5433 1449 5500 potest
1478 5429 1632 5499 apud
1661 5431 1920 5502 seipsum
1948 5430 2069 5503 glo-

417 5522 582 5590 riari,
615 5521 851 5577 nullum
884 5519 1042 5576 enim
1074 5535 1223 5591 Opus
1255 5523 1532 5590 eperatus
1559 5523 1667 5590 est,
1701 5519 1858 5591 apud
1887 5521 2069 5578 Deum

496 5647 542 5686 “
577 5652 744 5706 Rom.
779 5666 859 5716 ix,
883 5663 997 5702 vm.

2193 3907 2388 3984 λέγει;
2449 3911 2758 3966 Ἐπίστευσε
2817 3909 2876 3966 δὲ
2927 3907 3179 3986 Ἀϐραὰμ
3233 3915 3312 3982 τῷ
3369 3913 3504 3982 Θεῷ,
3565 3909 3654 3963 καὶ
3712 3906 3842 3963 ἐλο-

2189 3997 2350 4072 γίσθη
2429 3998 2576 4068 αὖτῷ
2651 3999 2726 4060 εἷς
2789 3997 3152 4070 δικαιοσύνην.
3221 4003 3307 4070 Τῷ
3364 3995 3422 4052 δὲ
3497 3996 3840 4074 ἐργαζομένῳ

2191 4087 2219 4140 6
2273 4089 2464 4161 μισθὸς
2518 4089 2580 4142 οὗ
2641 4087 2920 4163 λογίζεται
2976 4089 3113 4144 κατὰ
3171 4090 3353 4164 χάριν,
3411 4085 3558 4144 ἀλλὰ
3611 4088 3748 4142 κατὰ
3777 4087 3840 4142 τὸ

2190 4175 2490 4254 ὀφείλημα.
2543 4181 2630 4250 Τῷ
2707 4175 2763 4234 δέ
2841 4181 2915 4251 μή
2995 4176 3356 4254 ἐργαζομένῳ,
3421 4177 3722 4232 πιστεύοντι
3782 4173 3839 4230 δὲ

2189 4263 2274 4321 ἐπὶ
2343 4267 2432 4320 τὸν
2504 4263 2817 4323 δικαιοῦντα
2878 4268 2968 4321 τὸν
3035 4262 3231 4338 ἀσεϐῆ,
3299 4265 3576 4344 λογίζεται
3640 4267 3672 4334 ἡ
3740 4265 3837 4319 πί-

2187 4377 2300 4418 στις
2369 4356 2534 4412 αὐτοῦ
2605 4357 2680 4420 εἰς
2747 4353 3114 4427 δικαιοσύνην.
3199 4355 3450 4433 Καθάπερ
3516 4357 3604 4411 καὶ
3675 4349 3834 4409 Δαυῖδ

2186 4445 2336 4522 λέγει
2401 4446 2493 4502 τὸν
2569 4448 2912 4524 μακαρισμὸν
2981 4451 3078 4502 τοῦ
3143 4447 3454 4522 ἀνθρώπου,
3507 4447 3553 4519 ᾧ
3620 4447 3648 4503 ὃ
3711 4445 3838 4508 Θεὸς

2185 4533 2464 4614 λογίζεται
2545 4535 2894 4608 δικαιοσύνην
3000 4537 3177 4612 χωρὶς
3275 4531 3473 4614 ἔργων,
3567 4535 3840 4610 Μακάριοι

2183 4627 2256 4680 ὧν
2331 4626 2608 4705 ἀφέθησαν
2683 4627 2739 4680 αἱ
2813 4626 3054 4699 ἀνομίαι,
3155 4625 3246 4681 καὶ
3313 4627 3385 4680 ὧν
3454 4624 3842 4706 ἐπεκαλύφθη-

2183 4737 2277 4770 σαν
2333 4717 2388 4770 αἱ
2448 4715 2731 4790 ἁμαρτίαι.
2790 4715 3068 4790 Μακάριος
3127 4715 3258 4790 ἀνὴρ
3317 4715 3362 4786 ᾧ
3421 4714 3484 4770 οὐ
3545 4717 3620 4788 μή
3680 4715 3843 4791 λογί-

2181 4827 2342 4873 σηται
2375 4806 2576 4880 Κύριος
2605 4807 2892 4881 ἁμαρτίαν.

2253 4920 2278 4947 ι(
2321 4894 2384 4952 Ei
2442 4895 2542 4971 γὰρ
2603 4890 2876 4972 Ἀϐραὰμ.
2914 4919 2940 4946 ››
3000 4893 3104 4950 Δύο
3165 4892 3450 4960 δείκνυσιν,
3513 4891 3599 4948 ὅτι
3663 4912 3722 4947 τε
3785 4889 3846 4945 ἐκ

2179 4984 2413 5045 πίστεως
2470 4979 2721 5059 ’Λϐραὰμ
2774 4981 3095 5054 ἐδικαιώθη,
3152 4983 3241 5037 καὶ
3301 4983 3386 5037 ὅτι
3449 4981 3719 5056 μείζωνὴ
3754 4977 3844 5035 διὰ

2179 5071 2410 5135 πίστεως
2473 5071 2809 5144 δικαιοσύνη.
2871 5071 2970 5129 Καί
3031 5091 3214 5152 φησιν·
3277 5071 3342 5128 Et
3409 5069 3460 5141 ἐξ
3520 5065 3698 5148 ἔργων
3756 5069 3846 5125 καὶ

2180 5163 2621 5236 κατορθωμάτων
2682 5156 2936 5236 Ἀϐραὰμ
3005 5159 3326 5230 ἐδικαιώθη,
3389 5153 3509 5235 ἔχει
3565 5161 3661 5235 μὶν
3713 5159 3844 5214 καύ-

2181 5269 2366 5324 χημα,
2424 5250 2552 5304 ἀλλ’
2609 5249 2671 5303 ού
2731 5249 2866 5322 πρὸς
2915 5249 3010 5304 τὸν
3065 5247 3218 5318 Θεὸν,
3273 5244 3402 5303 ἀλλ’
3448 5245 3529 5324 ἐφ’
3561 5247 3738 5318 ἑαυτῷ
3767 5245 3842 5305 ὡς

2179 5337 2591 5412 κατωρθωκότι.
2655 5337 2714 5394 Ὀ
2782 5334 2838 5391 δὲ
2908 5336 2966 5391 ἐκ
3023 5334 3258 5398 πίστεως
3329 5334 3523 5398 σωθεὶς
3598 5333 3713 5387 ἐπεὶ
3766 5331 3844 5403 μὴ

2179 5414 2299 5502 ἔχει
2347 5425 2422 5488 εἷς
2477 5427 2666 5482 ἑαυτὸν
2718 5427 3118 5502 καυχήσασθαι,
3178 5422 3333 5482 οὐδὲν
3361 5425 3465 5500 γὰρ
3497 5417 3844 5497 ἕργονέπρα-

2183 5516 2288 5588 ξεν,
2339 5516 2416 5579 εἰς
2465 5515 2558 5570 τὸν
2614 5517 2743 5572 Θεὸν
2803 5521 3096 5592 καυχᾶται.
3159 5516 3366 5584 Μεῖζον
3419 5509 3476 5566 δέ
3521 5507 3686 5568 τὸείς
3717 5507 3847 5562 Θεὸν
