4222 6194
374 283 495 345 393

1490 284 1897 350 COMMENT.
1943 290 2026 350 IN
2068 289 2318 355 EPIST.
2365 299 2472 358 AD
2517 301 2718 362 ROM.

3674 313 3790 373 394

370 424 709 517 καυχᾶσθαι,
737 418 878 494 ἥπερ
937 417 1013 480 εἷς
1067 416 1277 475 ἔαυτόν.
1338 418 1419 476 Τὰ
1479 420 1574 495 μὶν
1622 421 1724 495 γὰρ
1749 422 2001 497 κατορθώ

2143 428 2448 502 gloriatur.
2486 436 2670 508 Majus
2714 441 2804 493 est
2829 443 3028 496 autem
3088 441 3246 512 apud
3296 443 3481 499 Deum
3518 444 3784 517 gloriari,

373 529 517 582 ματα
572 505 850 569 πολλακις
902 506 994 562 καὶ
1070 507 1377 587 ἀφανίζεται
1465 507 1673 586 ὲτέραις
1758 512 2032 586 πλημμε-

373 596 568 659 λείαις.
601 599 662 652 Ἦ
698 595 754 653 δὲ
806 597 883 659 εἷς
913 598 1040 652 Θεὸν
1094 597 1397 673 καύχησις,
1454 600 1715 674 ἄτρεπτος
1765 599 2031 675 διαμένει,

381 710 408 742 ιι
436 688 503 743 Τί
531 688 636 761 γὰρ
676 689 713 756 ἡ
746 688 931 765 Γροφή
966 684 1114 761 λέγει
1160 705 1173 755 ;
1206 708 1235 739 ι»
1277 687 1439 761 Φέρει
1491 690 1591 755 τήν
1649 688 1852 744 Γὲνεσιν
1889 711 2030 766 μαρ-

370 781 660 852 τυροῦσαν,
686 778 770 832 ’ὁτι
803 771 1064 851 Ἀϐραᾶμ
1103 776 1161 831 ἐκ
1216 776 1452 842 πίστεως
1510 775 1828 851 ἐδικαιώθη.
1861 807 1887 834 ι(
1936 784 2030 855 Τῷ

371 864 429 923 δὲ
460 866 830 941 ἐργαζομένῳ,
867 890 887 917 ι
926 866 1016 921 καὶ
1045 866 1112 922 τὰ
1142 867 1289 937 ἑξῆς.
1350 867 1590 923 Δείκνυσι
1652 870 1874 942 μείζονα
1930 871 2030 940 τήν

366 956 509 1011 κατὰ
537 958 704 1031 χάριν
736 953 1087 1027 δικαιοσύνην
1126 957 1192 1027 ἢν
1240 957 1275 1025 ἡ
1331 955 1511 1019 πίστις
1541 958 1795 1033 παρέχει,
1829 957 2023 1021 οὓτως.

364 1050 461 1118 Τῷ
486 1046 581 1119 μὲν
605 1045 711 1123 γαρ
740 1046 1119 1119 κατορθοῦντι,
1174 1044 1330 1122 φησί,
1389 1046 1529 1102 κατᾶ
1583 1044 1810 1127 ὀφειλὴν
1865 1051 1899 1119 ἡ
1933 1049 2029 1103 ἀν-

368 1133 616 1206 τιμισθία
644 1134 1076 1209 κεχρεώστηται.
1112 1158 1141 1187 ‹‹
1172 1134 1233 1189 Τί
1264 1131 1320 1190 δὲ
1354 1154 1368 1203 ;
1396 1159 1422 1186 ››
1451 1135 1675 1191 Δόναται
1703 1137 1792 1191 καὶ
1825 1138 1853 1192 ὁ
1884 1137 2024 1193 πάνυ

367 1220 615 1293 ἐνάρετος
648 1224 1016 1297 κατορθῶσαι,
1048 1221 1139 1278 καὶ
1178 1222 1483 1303 ὠφειλέτην
1515 1221 1662 1299 ἔχειν
1708 1224 1837 1281 Θεόν
1865 1243 1878 1294 ;
1915 1226 1942 1280 ὁ
1966 1222 2024 1281 δὲ

365 1332 428 1386 γε
463 1310 522 1366 ἐκ
559 1310 793 1373 πίστεως
836 1308 1235 1385 δικαιούμενος,
1294 1313 1430 1367 κατᾶ
1488 1313 1649 1389 χάριν
1693 1310 2020 1372 δικαιοῦται.

366 1402 537 1458 "Eva:
568 1398 627 1456 δὶ
656 1401 784 1463 Θεὸς
814 1400 1125 1477 χαρίζεται,
1183 1399 1399 1463 πάντως
1463 1400 1679 1479 μεγάλα
1718 1404 2019 1479 χαρίζεται.

367 1489 436 1548 Τί
464 1489 569 1566 γᾶρ
602 1490 886 1567 χαρίζεται
922 1508 936 1559 ;
969 1489 1238 1546 υἱοθεσίαν
1266 1490 1521 1567 παρέχει,
1570 1489 1841 1572 ἀδελφοὺς
1873 1498 2023 1548 ποιεῖ

364 1581 629 1654 Χριστοῦ,
654 1578 1047 1655 κληρονόμους
1078 1578 1734 1657 Θεοῦ,συγκληρονόμους
1757 1586 2014 1658 Χριστοῦ.

362 1672 560 1726 Ἀτινα
582 1669 717 1725 πότε
764 1671 825 1725 ἄν
878 1670 1014 1743 ἡμῖν
1043 1671 1288 1746 παρέσχε
1340 1671 1408 1726 τὰ
1464 1673 1861 1748 κατορθώματα
1902 1693 1916 1743 ;
1951 1705 2019 1717 —

364 1758 577 1833 [ΦΩΤ.]
611 1758 716 1815 Καὶ
748 1759 946 1820 οὕτως·
995 1761 1091 1832 Τῷ
1149 1756 1208 1815 δὲ
1269 1761 1344 1833 μή
1405 1760 1694 1836 θαρροῦντι
1758 1762 1853 1833 μὲν
1909 1760 2015 1817 ἀπὸ

355 1852 467 1904 τῶν
517 1847 714 1923 ἔργων,
757 1849 1036 1925 προσιόντι
1095 1847 1154 1905 δὲ
1210 1849 1270 1906 ἐκ
1319 1849 1574 1921 πίστεως,
1640 1848 1923 1928 λογίζεται

351 1940 539 2002 πίστις
569 1941 735 1996 αὐτοῦ
761 1941 838 2005 είς
871 1940 1241 2015 δικαιοσίνην,
1285 1943 1375 1998 καὶ
1436 1939 1740 1998 δικαιοῦται
1800 1938 1868 1997 δι’
1919 1940 2016 1997 αὐ-

342 2033 466 2100 τῆς.
505 2053 529 2081 ι
567 2032 860 2109 Λογίζεται
884 2034 917 2102 ἡ
951 2033 1154 2097 πίστις.
1198 2059 1218 2084 ι
1260 2034 1353 2103 Μὴ
1387 2030 1444 2088 δὲ
1474 2034 1573 2102 τήν
1623 2033 1806 2088 πίστιν
1852 2031 2015 2105 νομί-

348 2140 450 2196 σῃς
486 2119 730 2196 εὐχερῶς
775 2120 1167 2199 παραγίνεσθαί
1218 2143 1348 2180 τινι.
1410 2119 1691 2197 Ἀνδρείας
1745 2123 1846 2199 γὰρ
1904 2119 2012 2177 δεῖ·

352 2230 467 2274 ται,
498 2212 587 2264 καὶ
623 2207 1053 2285 διεγηγερμὲνης
1094 2214 1302 2287 ψυχῆς.
1343 2234 1365 2261 ι
1421 2210 1515 2273 Εἷς
1576 2209 1946 2283 δικαιοσύνην.
1984 2232 2008 2263 ι

352 2298 519 2372 Ὁρᾷς
550 2299 745 2371 ’ὁτιτῷ
805 2303 899 2372 μὲν
959 2298 1312 2376 ἐργαζομένῳ
1365 2301 1557 2375 μισθὸς
1614 2302 1748 2356 κατὰ
1791 2302 1856 2357 τὶ
1886 2299 2012 2375 ἔργα

351 2386 665 2465 λογίζεται,
696 2392 777 2462 τῷ
812 2387 870 2444 δὲ
908 2393 1086 2462 πιστῷ
1118 2386 1431 2462 δικαιοσίνη
1468 2410 1483 2462 ;
1514 2391 1738 2464 Mupin
1802 2387 1859 2444 δὲ
1924 2411 2014 2462 μι-

353 2479 495 2532 σθῶν
530 2478 642 2535 ἔστι
675 2480 989 2553 περιεκτική
1040 2479 1074 2549 ἠ
1138 2475 1473 2551 δικαιοσύνη.
1510 2500 1541 2533 α
1600 2481 1850 2553 Καθαπερ
1919 2476 2007 2532 καὶ

351 2563 538 2624 Δαυίδ.
572 2592 600 2620 ››
633 2568 732 2625 Καὶ
768 2568 795 2624 ὁ
827 2565 992 2624 Δαυὶδ
1022 2567 1093 2644 τῇ
1146 2567 1205 2623 ἐκ
1259 2569 1498 2631 πίστεως
1548 2564 1861 2642 δικαιοσύνῃ
1896 2570 2008 2642 ψη·

357 2654 568 2733 φίζεται
624 2655 717 2712 τὸν
774 2655 1039 2733 ἁγιασμὸν
1100 2655 1277 2731 χωρὶς
1335 2649 1581 2734 ἕργων.ι
1642 2656 1939 2730 Μακάριοι.
1981 2686 2009 2714 ››

344 2744 711 2819 Μακαρισμός
742 2742 886 2800 ἐστιν
913 2746 1188 2822 ἡκορυφὴ
1244 2750 1353 2801 τῶν
1411 2746 1647 2821 ἀγαθῶν.
1693 2750 1854 2801 Δοκεῖ
1912 2742 2006 2820 μὲν

347 2853 469 2898 πως
499 2832 812 2899 ἀλλόκοτος
843 2834 981 2891 εἶναι
1012 2837 1048 2905 ἡ
1085 2834 1375 2912 μαρτυρία.

420 3100 498 3159 Οὔ
527 3100 631 3179 γὰρ
661 3097 780 3177 ἔχει
807 3102 893 3170 τὸ,
953 3101 1230 3175 Μακάριος
1287 3103 1333 3175 ᾧ
1388 3104 1422 3172 ἡ
1457 3101 1638 3165 πίστις
1690 3100 1766 3164 εἷς
1800 3099 2011 3156 δικαιο-

1977 1811 2093 1921 ἧΒ

2143 534 2321 588 quam
2354 523 2511 602 apud
2543 525 2994 597 seipsum.Bona
3024 547 3281 602 namque
3308 548 3488 603 opera
3505 534 3785 606 frequen-

2142 613 2232 663 ter
2261 610 2438 666 etiam
2462 612 2595 668 aliis
2626 616 3019 674 obscurantur
3045 620 3277 676 delictis
3303 639 3316 675 :
3344 621 3615 693 gloriatio
3650 640 3783 678 vero

2141 714 2271 768 qua:
2302 701 2459 772 apud
2494 704 2675 760 Deum
2707 712 2816 765 est.
2867 725 3102 780 semper
3132 710 3520 766 immutabilis
3559 729 3786 783 perma-

2140 795 2261 843 net.
2295 814 2322 839 «ι
2366 792 2514 856 Quid
2547 795 2704 850 enim
2738 797 2881 852 dicit
2910 799 3209 870 Scriptura
3231 799 3299 854 Ἰ»
3321 801 3782 858 Genesimaﬂert

2140 893 2271 947 quas
2306 884 2555 937 testatur
2586 884 2882 941 Abraham
2936 902 3005 942 ex
3064 887 3179 943 ﬁde
3202 889 3599 960 justiticatum
3631 906 3781 947 esse.

2146 984 2167 1014 ι
2192 967 2255 1022 Ei
2287 984 2421 1025 vero
2456 972 2557 1043 qui
2604 980 2903 1045 operatur,
2944 997 2972 1026 »ι
3030 982 3140 1032 etc.
3184 978 3464 1049 Majorem
3520 979 3782 1036 ostendit

2128 1056 2427 1128 justitiam
2459 1078 2592 1131 quas
2624 1070 2713 1118 est
2733 1064 3062 1121 secundum
3091 1066 3338 1138 gratiam
3364 1084 3611 1138 quamve
3635 1070 3784 1126 ﬁdes

2136 1147 2378 1217 praebet,
2411 1149 2522 1206 hoc
2550 1152 2899 1209 modo.Nam
2930 1161 3110 1220 recte,
3143 1155 3357 1227 inquit,
3389 1158 3656 1228 operanti
3687 1159 3782 1214 de-

2135 1235 2308 1293 betur
2332 1240 2624 1296 mercedis
2663 1242 2972 1299 retributio
3027 1261 3096 1301 ex
3154 1244 3372 1301 debito.
3408 1267 3435 1295 ‹‹
3470 1246 3619 1311 Quid
3677 1264 3781 1303 au-

2135 1332 2251 1383 tem
2283 1328 2311 1384 ?
2338 1351 2367 1379 ››
2398 1333 2488 1384 An
2515 1335 2710 1401 potest
2739 1332 2840 1403 qui
2870 1334 3048 1390 etiam
3077 1333 3396 1390 admodum
3421 1335 3640 1406 probus
3671 1340 3780 1404 est,

2132 1418 2417 1489 praeclara
2437 1418 2629 1476 facere
2647 1423 3159 1495 opera,Deumque
3181 1424 3398 1480 habere
3421 1424 3780 1482 debitorem?

2132 1509 2276 1563 Nam
2306 1510 2408 1580 qui
2440 1527 2511 1565 ex
2572 1509 2684 1566 {ide
2727 1511 3110 1584 justificatur,
3164 1513 3491 1570 secundum
3523 1514 3775 1587 gratiam

2126 1597 2503 1666 justiﬁcatur.
2540 1600 2647 1656 Ubi
2678 1606 2876 1656 autem
2908 1602 3061 1657 Deus
3083 1618 3335 1658 munera
3363 1602 3775 1674 largitur,om-

2131 1686 2274 1742 nino
2296 1703 2513 1759 magna
2549 1688 2831 1762 largitur:
2863 1689 3077 1761 ecquid
3109 1692 3268 1746 enim
3300 1691 3594 1764 largitur?
3617 1692 3775 1747 ﬁlio-

2131 1792 2264 1830 rum
2314 1782 2559 1848 prmstat
2612 1778 3013 1849 adoptionem,
3070 1778 3286 1836 Christi
3332 1780 3546 1836 fratres
3568 1780 3772 1850 efﬁcit,

2126 1864 2392 1920 haeredes
2412 1866 2884 1931 Dei,cohaeredes
2904 1867 3142 1923 Christi.
3163 1869 3444 1934 Quaenam
3460 1868 3603 1925 talia
3620 1886 3769 1940 pras-

2121 1954 2400 2011 stiterunt
2422 1972 2684 2027 unquam
2701 1957 2872 2013 nobis
2890 1956 3240 2030 bonaopera
3259 1957 3364 2013 ?—-
3396 1960 3688 2013 Praeterea
3714 1963 3773 2014 et

2119 2041 2231 2098 hoc
2254 2043 2427 2099 modo
2455 2060 2468 2098 :
2502 2045 2564 2099 Ei
2596 2044 2696 2115 qui
2729 2044 2803 2100 ab
2824 2045 3102 2117 operibus
3125 2045 3403 2102 fiduciam
3426 2062 3545 2101 non
3565 2045 3763 2114 habet,

2119 2131 2223 2187 sed
2254 2149 2323 2187 ex
2352 2132 2466 2188 fide
2490 2132 2738 2200 accedit,
2773 2133 3101 2204 imputatur
3148 2134 3295 2189 fides
3328 2151 3435 2190 sua
3491 2134 3565 2189 ad
3591 2134 3768 2204 justi-

2119 2221 2283 2283 tiam,
2317 2228 2375 2277 et
2396 2222 2684 2293 perillam
2708 2223 3092 2294 justificatur.
3118 2246 3145 2273 ‹‹
3181 2223 3352 2279 Fides
3383 2224 3767 2295 imputatur.»

2118 2312 2318 2383 Neque
2351 2312 2528 2368 ﬁdem
2560 2320 2730 2385 putes
2748 2313 3024 2384 cuiquam
3054 2313 3228 2368 facile
3250 2314 3765 2386 contingere.Nam

2114 2399 2464 2457 fortitudine
2497 2419 2645 2474 opus
2678 2407 2767 2458 est
2795 2409 3112 2473 erectoque
3169 2404 3387 2458 animo.
3419 2425 3447 2454 «
3476 2402 3560 2457 Ad
3584 2402 3764 2473 justi-

2118 2491 2280 2546 tiam.
2315 2512 2343 2542 »
2405 2491 2577 2547 Vides
2625 2491 2784 2563 quod
2837 2492 3106 2564 aperanti
3155 2508 3381 2549 merces
3438 2490 3765 2549 secundum

2116 2596 2298 2654 opera
2328 2581 2673 2652 imputetur,
2701 2581 2966 2639 credenti
2999 2598 3131 2638 vero
3174 2583 3412 2654 justitia
3438 2581 3466 2637 ‘2
3494 2585 3569 2637 At
3590 2581 3767 2653 justi-

2119 2669 2200 2725 tia
2229 2670 2575 2727 innumeras
2606 2672 2874 2727 continet
2930 2671 3254 2727 mercedes.
3289 2695 3317 2723 ‹‹
3362 2670 3764 2738 Quemadmo-

2118 2757 2258 2814 dum
2290 2764 2351 2815 et
2379 2759 2581 2815 David.
2612 2782 2641 2811 ι»
2676 2761 2865 2816 Etiam
2895 2760 3075 2815 David
3106 2760 3358 2833 justitite
3389 2776 3520 2831 quia
3548 2777 3617 2815 ex
3649 2758 3765 2816 ﬁde

2117 2853 2205 2903 est
2265 2842 2796 2904 sanctiticatibnem
2856 2848 3080 2920 absque
3130 2847 3405 2919 operibus
3476 2847 3761 2903 decernit.

2118 2958 2145 2985 ‹‹
2182 2937 2363 2992 Beati.
2396 2958 2425 2989 »
2461 2937 2823 3000 Beatiﬁcatio
2853 2952 3002 3007 apex
3035 2941 3124 2993 est
3173 2936 3485 2991 bonorum.
3523 2935 3764 2991 Videtur

2118 3022 2360 3093 quidem
2391 3023 2651 3079 alienum
2686 3022 3123 3094 quodammodo
3155 3022 3587 3077 testimonium.
3622 3053 3688 3064 —

2189 3113 2339 3168 249
2364 3114 2561 3183 Neque
2594 3112 2754 3168 enim
2802 3111 3026 3166 habet:
3060 3112 3272 3167 Beatus
3331 3112 3424 3166 cui
3484 3110 3631 3166 ﬁdes
3685 3110 3759 3166 ad

342 3190 508 3261 σύνην
541 3173 924 3267 ἔργων
959 3173 1260 3266 λογίζεται,
1292 3173 1438 3260 πλὴν
1489 3188 1694 3269 σιρόδρα
1725 3190 1837 3245 ἐστὶ
1867 3210 1996 3245 κατ-

2118 3200 2399 3271 iustitiam
2429 3173 2653 3273 absque
2684 3200 2962 3271 operibus
2992 3201 3340 3272 imputatur,
3372 3205 3635 3256 attamen
3671 3205 3763 3256 est

341 3277 622 3349 ἀλληλος.
678 3278 736 3338 Εἰ
790 3280 894 3357 γὰρ
951 3281 1238 3356 μακάριος,
1301 3281 1347 3353 ᾧ
1406 3280 1462 3333 αἱ
1521 3279 1781 3353 ἁμαρτίαι
1860 3278 1999 3334 κατᾶ

343 3367 508 3443 χάριν
540 3369 841 3446 ἀφέθησαν,
901 3370 1366 3445 τρισμακάριστος
1425 3365 1706 3441 δηλονότι,
1769 3368 1827 3423 ὃν
1877 3365 1997 3422 ἐδι-

338 3458 547 3513 καίωσε
577 3460 714 3514 κατὰ
743 3460 904 3534 χάριν
945 3460 972 3514 ὁ
1004 3458 1154 3522 Θεός.
1188 3458 1280 3513 Διὸ
1332 3456 1689 3529 κατάλληλος
1750 3457 1870 3513 λίαν
1905 3456 1996 3512 καὶ

333 3551 732 3625 ἁρμόζουσαὴ
800 3550 1055 3626 ψαλμική
1120 3559 1345 3626 χρῆσις.
1406 3552 1503 3605 Καὶ
1552 3550 1655 3624 γὰρ
1714 3554 1857 3606 πᾶσα
1916 3546 1996 3604 δι-

335 3644 568 3706 καίωσις
601 3643 708 3699 ἀπὸ
757 3649 911 3714 Θεοῦ,
966 3647 1002 3715 ἢ
1054 3642 1113 3699 ἐκ
1168 3647 1266 3698 τοῦ
1304 3643 1563 3721 ἀφεθῆναι
1641 3643 1846 3717 γίνεται
1900 3642 1995 3703 τὰς

338 3732 576 3805 ἀνομίας
606 3734 693 3789 καὶ
726 3734 1013 3809 ἁμαρτίας,
1047 3732 1077 3803 ἥ
1137 3733 1196 3790 ἐκ
1259 3734 1357 3789 τοῧ
1388 3730 1846 3812 ἐπικαλυφθῆναι,
1879 3734 1995 3787 οἷον

336 3818 431 3877 διά
476 3843 637 3877 τινων
699 3825 1138 3897 κατορθωμάτων
1195 3820 1546 3893 ἐκνικηθῆναι
1599 3822 1688 3876 καὶ
1749 3842 1996 3876 καταπο-

337 3918 523 3979 θῆναι.
558 3914 627 3969 Ἦ
659 3912 718 3968 ἐκ
743 3917 840 3968 τοῦ
900 3913 975 3986 μή
1039 3911 1358 3985 λογίσασθαι
1411 3911 1502 3966 τὸν
1559 3911 1688 3967 Θεὸν
1738 3911 1801 3966 τὸ
1858 3931 1996 3985 πρα-

336 4000 473 4065 χθὲν
503 4000 582 4062 εἷς
614 4002 900 4077 ἁμαρτίαν.
964 4002 1065 4057 Καὶ
1118 3998 1208 4056 διὰ
1261 4005 1369 4057 τῶν
1404 4006 1570 4075 τριῶν
1616 4000 1823 4057 τούτων
1875 4000 1997 4076 φιλ-

338 4091 648 4166 ανθρώπων
703 4092 942 4167 τρόπων,
1001 4089 1277 4165 λογίζεται
1339 4091 1367 4145 ὁ
1417 4090 1547 4154 Θεὸς
1598 4094 1679 4163 τῷ
1728 4090 1996 4165 ἀνθρώπῳ

341 4182 447 4251 τὴν
500 4178 868 4252 δικαιοσύνην,
914 4182 989 4244 ὡς
1041 4182 1358 4254 συμπαθῶν,
1413 4181 1489 4242 ὡς
1544 4178 1869 4253 οἰκονομῶν,
1923 4182 1998 4244 ὡς

346 4270 844 4349 φιλοτιμούμενος.
877 4272 938 4326 Ἡ
1000 4270 1097 4343 μὲν
1149 4270 1250 4345 γὰρ
1292 4270 1499 4347 ἄφεσις,
1556 4268 1915 4340 συμπαθείας,
1960 4271 1995 4339 ἡ

345 4357 408 4415 δὲ
439 4356 1161 4435 ἑπικάλυψις,οἲκονομίας,
1200 4359 1264 4412 τὸ
1317 4353 1376 4410 δὲ
1426 4356 1501 4428 μή
1545 4353 1861 4431 λογίσασθαι
1920 4356 1996 4419 εἰς

344 4449 642 4523 ἁμαρτίαν,
669 4446 1015 4526 φιλοτιμίας.
1058 4446 1213 4508 Τίνες
1265 4444 1357 4499 οὗν
1412 4443 1684 4514 ἀξιοῦνται
1736 4446 1995 4514 τούτων;

2108 3290 2429 3346 admodum
2462 3290 2841 3345 conveniens.
2879 3292 3023 3345 Nam
3051 3290 3099 3344 si
3146 3288 3355 3345 beatus
3378 3290 3589 3355 est,cui
3622 3305 3761 3362 pec-

2108 3385 2238 3435 cata
2267 3379 2593 3435 secundum
2624 3379 2874 3452 gratiam
2895 3378 3148 3433 remissa
3177 3384 3317 3434 sunt
3342 3396 3355 3432 :
3391 3384 3596 3451 terque
3615 3395 3754 3452 qua-

2108 3475 2313 3541 terque
2337 3475 2496 3525 certe
2512 3469 2721 3525 beatus
2753 3476 2861 3537 est,
2895 3485 3072 3541 quem
3101 3468 3254 3523 Deus
3284 3469 3611 3524 secundum
3634 3486 3760 3541 gra-

2110 3558 2246 3613 tiam
2263 3558 2647 3629 justiﬁcavit:
2673 3558 2804 3614 ideo
2822 3564 2959 3630 apta
2975 3556 3295 3613 admodum
3316 3575 3383 3613 ac
3402 3558 3762 3615 conveniens

2106 3653 2196 3702 est
2212 3648 2425 3719 psalmi
2450 3647 3169 3704 accommodatio.Etenim
3186 3647 3384 3702 omnis
3400 3646 3757 3704 beatificatio

2106 3754 2140 3792 a
2174 3740 2287 3793 Deo
2311 3742 2418 3803 est,
2461 3737 2551 3793 vel
2585 3754 2652 3793 eo
2675 3736 2833 3809 quod
2857 3736 3123 3792 remissae
3143 3737 3264 3790 sint
3306 3736 3651 3805 iniquitates
3681 3751 3750 3791 ac

2105 3833 2369 3898 peccata,
2414 3844 2518 3883 seu
2551 3826 2784 3882 obtecta
2814 3827 2934 3881 sint
2962 3843 3030 3881 ac
3062 3826 3110 3880 si
3158 3841 3264 3896 per
3294 3824 3564 3894 quaedam
3595 3822 3754 3879 bona

2105 3931 2286 3987 Opera
2306 3916 2536 3971 devicta
2556 3916 2679 3971 sint
2702 3914 2790 3969 vel
2821 3913 3227 3986 absorpta.Vel
3258 3929 3330 3967 ex
3360 3928 3429 3967 eo
3461 3910 3756 3983 quodnon

2105 4006 2359 4078 imputat
2391 4007 2541 4060 Deus
2573 4012 2771 4060 actum
2801 4003 2873 4058 ad
2904 4008 3246 4075 peccatum:
3273 4008 3331 4057 et
3359 4019 3466 4074 per
3495 4002 3603 4057 hos
3635 4007 3754 4058 tres

2105 4093 2394 4168 benignos
2441 4094 2649 4150 modos
2679 4094 2933 4164 imputat
2964 4093 3116 4147 Deus
3156 4091 3384 4147 homini
3435 4093 3754 4165 justitiam,

2106 4183 2276 4255 quasi
2303 4182 2691 4254 compatiens,
2718 4180 2887 4251 quasi
2919 4180 3316 4252 dispensative
3348 4198 3550 4253 agens,
3583 4178 3753 4251 quasi

2105 4272 2387 4327 munifice
2419 4269 3009 4342 largiens.Siquidem
3032 4270 3304 4325 remissio
3328 4268 3756 4341 compassionis

2108 4366 2216 4428 est,
2249 4358 2503 4415 obtectio
2531 4357 3018 4431 dispensationis,
3079 4374 3200 4414 non
3230 4358 3524 4430 imputare
3555 4362 3753 4413 autem

2107 4454 2418 4522 peccatum
2449 4448 3111 4522 liberalitatis.Quiergo
3125 4448 3217 4503 his
3240 4448 3402 4522 digni
3420 4447 3758 4503 habentur?

344 4537 400 4592 οἱ
430 4536 758 4607 πιστοί,καὶ
792 4534 883 4593 διὰ
936 4542 1038 4605 τῆς
1092 4534 1344 4597 πίστεώς.
1403 4534 1498 4588 Διὸ
1554 4532 1644 4588 καὶ
1705 4532 1988 4609 μακαρίζει

2118 4537 2533 4611 ?ideles,idque
2566 4554 2671 4610 per
2685 4537 3024 4594 ﬁdedeeo
3048 4553 3284 4609 quoque
3306 4537 3511 4592 beatos
3532 4536 3747 4609 praedi-

343 4627 548 4689 αὐτοὺς
569 4626 659 4683 καί
690 4628 718 4683 ὁ
750 4628 1043 4701 προφήτης
1091 4622 1277 4680 Δαυίδ.
1331 4624 1463 4685 Τοῖς
1522 4618 1570 4677 δ’
1615 4628 1666 4677 έν
1698 4622 1852 4696 νόμῳ
1905 4623 1994 4679 καὶ

342 4714 400 4786 ἐξ
441 4712 612 4791 ἔργων
674 4720 899 4787 ζητοῦσι
957 4710 1338 4782 δικαιωθῆναι,
1382 4709 1614 4784 οὐδεμία
1668 4716 1777 4766 τῶν
1832 4716 1996 4788 τριῶν

2105 4634 2200 4685 cat
2230 4645 2329 4684 eos
2352 4628 2641 4701 propheta
2668 4627 2863 4683 David.
2889 4630 2999 4683 Eos
3031 4644 3163 4682 vero
3189 4626 3288 4697 qui
3321 4626 3381 4681 in
3414 4626 3563 4699 lege,
3595 4632 3652 4681 et
3681 4642 3754 4682 ex

2105 4718 2383 4791 operibus
2412 4724 2692 4790 quaerunt
2712 4716 3052 4790 justiﬁcari,
3070 4732 3142 4771 ne
3163 4732 3280 4771 una
3302 4715 3545 4787 quidem
3570 4716 3748 4771 trium

342 4803 629 4869 δικαίωσις
657 4803 864 4863 ἕπεται.
900 4807 1031 4866 Τοῖς
1063 4802 1121 4859 δὲ
1173 4804 1234 4858 ἐκ
1289 4800 1540 4871 πίστεως,
1575 4798 1665 4856 διὰ
1693 4807 1800 4857 τῶν
1831 4807 1999 4877 τριῶν

2118 4809 2600 4878 »αδῐίίὶοειιίουιιιῐι
2622 4807 2929 4877 sequitur:
2963 4804 3065 4861 sed
3097 4805 3188 4859 liis
3211 4804 3311 4876 qui
3346 4822 3415 4859 ex
3447 4804 3750 4877 ﬂdejusti-

340 4895 554 4951 τούτων
587 4895 804 4969 τρόπων
838 4896 872 4964 ἡ
929 4891 1238 4962 δικαιοσύνη
1302 4888 1603 4967 λογίζεται.
1665 4893 1999 4968 Ιιροσφόρως

344 4987 454 5061 ἂρα
474 4988 572 5056 τήν
616 4985 907 5055 Δαυϊδικὴν
945 4985 1244 5060 μαρτυρίαν
1284 4984 1312 5037 6
1346 4985 1631 5048 θεσπέσιος
1663 4984 1879 5045 Παῦλος
1929 4989 1998 5061 τῇ

348 5075 467 5148 ἰδίᾳ
496 5079 711 5153 ἥρμοσε
749 5073 1097 5145 διδασκαλία.

416 5172 479 5227 ⁸0
534 5167 879 5243 μακαρισμὸς
937 5165 1027 5221 οὖν
1102 5164 1283 5233 οὗτος,
1342 5160 1429 5217 ἐπὶ
1505 5162 1606 5231 τήν
1670 5167 1998 5239 περιτομὴν,

343 5257 382 5327 ἥ
438 5256 527 5312 καὶ
588 5256 676 5312 ἐπὶ
760 5277 860 5323 την
952 5248 1311 5330 ἀκροϐυστίαν
1368 5273 1382 5321 ;
1443 5248 1678 5327 λέγομεν
1752 5255 1857 5330 γὰρ
1915 5254 2001 5311 ὅτι

338 5346 602 5421 ἐλογίσθη
672 5350 752 5417 τῷ
807 5339 1062 5418 Ἀϐρααμ
1116 5344 1152 5412 ἡ
1240 5341 1426 5402 πίστις
1485 5338 1561 5401 εἰς
1626 5337 1998 5415 δικαιοσύνην.

334 5439 469 5498 Πῶς
501 5435 593 5491 οὖν
631 5433 946 5511 ἑλογίσθης
1008 5431 1063 5487 ἐν
1113 5432 1393 5504 περιτομῇ
1448 5426 1582 5498 ὄντι,
1632 5427 1668 5499 ἦ
1722 5428 1773 5484 ἐν
1836 5433 2000 5510 ἀκρο.

337 5519 535 5597 ϐυστίᾳ
568 5543 583 5593 ;
617 5522 717 5579 οὐκ
743 5522 796 5579 ἐν
820 5523 1119 5597 περιτομῇ,
1149 5517 1277 5575 ἀλλ’
1308 5516 1360 5573 ἐν
1395 5511 1747 5593 ἀκροϐυστίᾳ.

412 5611 553 5675 Εἷτά
582 5630 764 5693 φησιν·
796 5612 968 5675 Οὗτος
1015 5610 1047 5668 ὁ
1089 5614 1171 5683 τῷ
1227 5604 1396 5664 Δαυίδ
1446 5603 1741 5683 εἰρημένος
1772 5631 2000 5691 μακαρι.

545 5734 811 5795 Panos.
853 5729 967 5793 Ga.
1015 5727 1280 5790 CXVIII.

2108 4900 2272 4957 ficari
2304 4903 2535 4971 petunt,
2568 4914 2672 4969 per
2710 4897 2816 4950 hos
2843 4902 2960 4949 tres
2991 4893 3548 4967 modosimputatur
3571 4894 3751 4965 justi-

2110 4990 2210 5045 tia.
2245 4990 2419 5044 Divus
2448 4988 2649 5058 itaque
2680 4984 2899 5039 Paulus
2947 4983 3288 5039 Davidicum
3338 4984 3746 5039 testimonium

2110 5078 2533 5134 convenienter
2555 5074 2775 5146 aptavit
2805 5091 2925 5129 sua:
2958 5072 3265 5130 doctrinae.

2178 5168 2272 5233 IV,
2303 5172 2357 5235 9,
2395 5168 2476 5220 10.
2509 5166 2633 5219 Hec
2664 5179 2791 5233 ergo
2833 5164 3167 5232 beatiﬁcatio
3195 5166 3346 5218 venit
3378 5166 3436 5219 in
3466 5164 3758 5221 circumci-

2108 5258 2312 5311 sionem
2341 5271 2413 5311 an
2471 5260 2524 5308 et
2580 5256 2638 5308 in
2679 5251 3082 5323 prieputium?
3142 5254 3377 5308 Dicimus
3435 5256 3579 5309 enim
3604 5253 3757 5324 quod

2108 5344 2339 5399 Abrahw
2369 5346 2646 5413 imputata
2674 5347 2751 5398 est
2803 5343 2935 5411 ﬁdes
2986 5340 3060 5397 ad
3104 5343 3395 5413 justitiam
3424 5359 3443 5398 :
3485 5342 3756 5412 quomodo

2110 5450 2239 5504 ergo
2261 5436 2541 5505 imputata
2570 5438 2648 5488 est
2687 5434 2716 5488 Ρ
2754 5433 2887 5487 Cum
2916 5438 3049 5488 esset
3080 5432 3138 5487 in
3169 5435 3582 5489 circumcisione
3601 5449 3672 5487 an
3698 5435 3757 5487 in

2103 5527 2399 5597 praeputio
2428 5528 2456 5579 ?
2485 5526 2606 5580 Non
2635 5521 2694 5577 in
2724 5524 3157 5591 circumcisione,
3189 5522 3279 5579 sed
3304 5525 3361 5577 in
3385 5525 3685 5594 praeputio.

2183 5613 2406 5672 Deinde
2439 5613 2560 5670 ait:
2593 5611 2728 5670 Haec
2753 5610 3110 5670 beatificatio
3141 5628 3273 5685 quae
3322 5629 3357 5668 a
3386 5611 3570 5669 David
3599 5610 3756 5665 dicta

3480 5728 3551 5785 l3
