4222 6194
467 292 585 350 395

1581 280 1994 346 (ECUMENH
2034 278 2346 342 TRICCE
2389 279 2744 344 EPISCOPI

3756 293 3872 355 396

469 435 578 495 est,
611 427 768 482 venit
792 426 852 479 in
888 421 1403 478 circumcisionem
1438 436 1514 475 an
1564 420 1739 476 etiam
1768 419 1826 472 in
1879 432 2083 489 prtepu

2230 416 2386 488 σμὸς,
2419 416 2506 470 ἐπὶ
2552 418 2654 484 τήν
2686 419 2991 490 περιτομὴν
3049 417 3237 491 ἦλθεν,
3270 415 3308 489 ἥ
3337 420 3427 476 καὶ
3459 421 3546 478 ἐπὶ
3575 424 3672 492 τήν
3703 426 3868 501 ἀκρο-

469 520 616 572 tium
641 516 666 569 ‘l
686 514 984 584 magisque
1007 511 1269 566 ostendit
1299 511 1456 582 quod
1488 512 1546 565 in
1564 511 1918 582 prmputium
1938 525 2114 563 vene-

472 607 549 659 rit
579 621 645 658 ac
678 603 871 656 locum
905 600 1198 666 habuerit,
1242 617 1308 654 eo
1343 600 1499 670 quod
1544 600 1836 654 Abraham
1886 615 2019 652 cum
2053 597 2113 650 in

475 691 764 764 przrputio
797 693 969 753 esset,
1012 689 1206 744 salvus
1254 689 1443 744 factus
1501 689 1576 743 sit
1627 694 1686 743 et
1728 687 2110 758 justifieatus.

474 808 493 829 α
532 779 832 844 Quomodo
864 797 1000 852 ergo
1030 780 1319 850 imputata
1350 778 1484 834 est?
1505 777 1769 832 »I)einde
1800 777 2114 832 confirmat

479 869 630 939 quod
665 870 724 922 in
758 869 1110 941 prmputium
1134 869 1317 940 magis
1349 868 1541 922 locum
1566 866 1860 932 habuerit,
1894 871 1954 920 et
1981 870 2064 919 ait
2095 879 2108 916 :

464 981 490 1007 α
526 958 775 1013 Abrahae
795 958 1084 1028 imputata
1115 965 1204 1012 est
1225 958 1462 1029 justitia
1484 974 1588 1028 per
1617 955 1815 1011 fidem.
1843 976 1869 1005 »
1903 953 2108 1008 Videa-

469 1062 602 1101 mus
637 1046 836 1117 itaque
866 1053 1068 1100 utrum
1117 1046 1365 1100 Abraha)
1397 1063 1530 1100 cum
1555 1046 1681 1116 jam
1727 1042 2112 1100 circumcisus

465 1141 640 1203 esset,
702 1135 1294 1206 hujusmodijustitia
1325 1136 1614 1206 imputata
1643 1134 1738 1202 sit,
1794 1149 1868 1189 an
1918 1131 2112 1188 adhuc

465 1225 839 1295 prmputiato.
871 1226 942 1279 Et
968 1224 1374 1289 manifestum,
1423 1224 1639 1294 inquit,
1672 1222 1829 1294 quod
1879 1237 2108 1293 praepu-

468 1313 813 1368 tiato.Vides
847 1329 980 1386 ergo
1014 1313 1169 1384 quod
1199 1312 1389 1383 magis
1420 1311 1481 1366 in
1507 1311 1864 1382 praeputium
1896 1309 2114 1365 habeat

463 1402 658 1456 locum
684 1401 712 1455 ?
735 1425 760 1450 ‹‹
791 1402 901 1456 Sed
933 1402 1240 1472 praeputio.
1278 1423 1306 1451 η
1343 1401 1399 1454 Si
1431 1416 1567 1471 ergo
1624 1416 1759 1455 cum
1811 1404 1967 1454 esset
2048 1398 2109 1452 in

461 1490 750 1560 praeputio
774 1489 1136 1558 justiiicatus
1169 1495 1277 1555 est,
1332 1489 1487 1546 250
1545 1494 1702 1544 certe
1750 1487 2107 1543 beatiﬁcatio

465 1596 594 1648 quae
625 1593 660 1632 a
692 1576 868 1632 David
903 1577 1058 1633 dicta
1081 1578 1392 1650 est,magis
1425 1578 1618 1633 locum
1651 1577 1829 1632 habet
1857 1577 1919 1631 in
1965 1593 2106 1647 pras-

466 1666 699 1736 putium
730 1682 905 1736 quam
939 1667 999 1721 in
1034 1667 1569 1722 circumcisionem.
1605 1665 1990 1721 Circumcisio
2030 1663 2104 1719 ob

2227 497 2448 559 ϐυστίαν
2484 525 2498 571 ;
2532 505 2621 559 καὶ
2656 505 2868 577 μᾶλλον
2894 504 3177 577 δείκνυσιν,
3237 509 3326 565 ἐπὶ
3377 512 3480 578 τήν
3511 511 3866 586 ἀκροϐυστίαν

2224 593 2384 648 αὐτὸν
2416 593 2726 665 ἐληλυθότα
2765 598 2854 650 καὶ
2917 600 3102 672 χώραν
3135 593 3354 673 ἔχοντα,
3385 607 3465 674 τῷ
3492 603 3583 656 τὸν
3619 605 3671 658 Ἀ
3686 599 3872 679 ϐραάμ

2225 683 2276 738 ἐν
2367 680 2705 760 ἀκροϐυστίᾳ
2789 684 2940 757 ὄντα,
3017 697 3257 758 σωθῆναι
3320 692 3410 745 καὶ
3492 690 3866 763 δικαιωθῆναι.

2226 796 2250 826 ι
2288 778 2410 835 HG»;
2471 774 2562 829 οὖν
2617 775 2869 849 ἐλογίσθη
2909 796 2922 845 ;
2962 802 2988 828 ››
3037 779 3167 834 Εἶτα
3224 784 3604 852 κατασκευάζει
3661 785 3724 838 τὸ
3782 783 3871 840 ἐπὶ

2219 862 2320 930 τὴν
2397 856 2760 936 ἀκροϐυστίαν
2833 863 3049 936 μᾶλλον
3099 861 3246 938 ἔχειν
3305 866 3516 940 χώραν,
3575 867 3661 922 καί
3714 890 3869 939 uno?

2222 974 2249 1002 «
2282 955 2371 1022 Τῷ
2428 946 2676 1026 Ἀϐραὰμ
2731 949 2994 1026 ἐλογίσθη
3049 951 3363 1025 δικαιοσύνη
3421 954 3509 1010 διά
3550 957 3804 1020 πίστεως,
3840 982 3869 1010 ››

2220 1037 2453 1112 Ἵδωμεν
2481 1045 2772 1116 τοιγαροῦν
2801 1043 3158 1118 ἐμπεριτόμῳ
3215 1040 3330 1098 ὄντι
3387 1051 3464 1118 τῷ
3522 1044 3778 1122 Ἀϐραὰμ
3833 1051 3866 1116 ἡ

2219 1129 2443 1200 τοιαύτη
2505 1128 2761 1206 ἐλογίσθη
2837 1130 3176 1204 δικαιοσύνη,
3243 1133 3279 1202 ἤ
3357 1130 3698 1209 ἀκροϐύστῳ.
3766 1137 3867 1193 Καὶ

2221 1216 2413 1290 δῆλον,
2448 1219 2634 1296 φησὶν,
2685 1221 2758 1282 ὡς
2786 1216 3128 1297 ἀκροϐύστῳ.
3188 1223 3348 1297 Ὁρᾷς
3378 1223 3469 1277 οὗν
3524 1223 3606 1278 ὃτι
3653 1224 3864 1298 μᾶλλον

2219 1306 2306 1362 ἐπὶ
2338 1311 2436 1378 τήν
2468 1303 2828 1382 ἀκροϐυστίαν
2881 1311 3066 1386 χώραν
3125 1309 3243 1387 ἔχει
3277 1331 3291 1379 ;
3332 1333 3353 1361 ι
3391 1309 3549 1368 Ἀλλ’
3594 1314 3647 1368 ἐν
3703 1313 3866 1390 ἀκροο

2220 1391 2430 1469 ϐυστίᾳ.
2463 1421 2490 1448 n
2527 1397 2594 1453 Ei
2625 1399 2716 1453 οὗν
2753 1399 2804 1453 ἐν
2859 1395 3190 1473 ἀκροϐυστίᾳ
3249 1399 3322 1454 ὢν
3384 1400 3703 1473 ἐδικαιώθη,
3766 1402 3866 1476 ἂρα

2223 1484 2438 1559 μᾶλλον
2467 1487 2595 1560 ὁτῷ
2644 1485 2806 1542 Δαυῒδ
2866 1489 3157 1564 εἰρημένος
3217 1493 3586 1564 μακαρισμὸς,
3621 1490 3708 1546 ἐπὶ
3764 1493 3861 1561 τήν

2217 1571 2574 1652 ἀκροϐυστίαν
2607 1579 2797 1654 χώραν
2857 1577 2998 1653 ἔχει,
3054 1577 3091 1648 ἤ
3147 1578 3234 1634 ἐπὶ
3281 1582 3381 1650 τήν
3411 1583 3740 1654 περιτομήν.
3797 1583 3864 1638 Ἠ

2215 1667 2490 1739 περιτομὴ
2524 1664 2685 1738 ἐδόθη
2746 1665 2834 1722 διὰ
2888 1673 3035 1742 τρεῖς
3090 1668 3289 1727 ταύτας
3347 1667 3546 1736 αἰτίας,
3589 1667 3728 1725 ὥστε
3759 1690 3861 1741 ση-

461 1756 566 1808 has
595 1761 713 1808 tres
734 1771 942 1810 causas
974 1755 1110 1810 data
1133 1762 1242 1818 est,
1275 1762 1339 1810 ut
1371 1756 1507 1810 fidei
1558 1756 1790 1825 signum
1837 1759 2012 1821 esset,
2042 1761 2091 1807 ut

2219 1759 2370 1826 μεῖον
2429 1756 2562 1809 εῗναι
2610 1755 2868 1826 πίστεως,
2926 1758 3013 1810 καὶ
3095 1761 3192 1811 τοῦ
3247 1753 3616 1832 Ἀϐραμιαίου
3673 1757 3860 1832 γὲνους

461 1848 710 1902 Abrabaa
743 1864 930 1920 genus
960 1847 1390 1915 manifestaret,
1415 1849 1776 1920 demumque
1833 1853 1899 1902 ut
1951 1852 2108 1901 esset

459 1943 601 1990 nota
630 1953 697 1991 ac
729 1938 1056 1992 involutum
1112 1937 1397 1992 indicium
1456 1955 1619 2009 puraa
1677 1943 1736 1992 et
1765 1942 2103 2008 temperataa

461 2025 945 2080 conversationis.
982 2026 1123 2080 Data
1155 2027 1332 2081 etiam
1391 2032 1481 2082 est
1539 2043 1659 2081 non
1691 2033 1757 2080 ut
1807 2025 2101 2096 justitiam

455 2113 932 2187 operaretur.sed
964 2123 1029 2172 ut
1058 2118 1319 2190 sigillum
1343 2118 1828 2191 essetacsignum
1851 2116 2102 2190 justitim

456 2221 587 2274 qum
622 2211 710 2260 est
740 2220 844 2276 per
876 2205 1077 2260 ﬁdem.

520 2340 612 2406 1V,
674 2341 757 2401 11,
822 2344 905 2394 12.
969 2345 1042 2395 Et
1097 2344 1316 2410 signum
1381 2343 1593 2413 accepit
1649 2344 2094 2412 circumcisionis,

447 2429 788 2498 signaculum
807 2432 1046 2500 justitiae
1077 2431 1207 2497 ﬁdei
1245 2447 1366 2501 qua:
1425 2435 1612 2500 fuerat
1659 2434 1716 2486 in
1768 2434 2046 2502 prxputio
2077 2449 2097 2487 :

445 2525 506 2572 ut
547 2525 676 2573 esset
704 2521 820 2588 ipse
845 2526 1007 2588 pater
1037 2523 1280 2574 omnium
1332 2520 1668 2574 credentium
1715 2537 1819 2590 per
1858 2535 2092 2590 prwpu-

449 2609 605 2672 tium,
639 2615 699 2662 ut
731 2611 1034 2678 imputetur
1062 2617 1112 2663 et
1143 2610 1256 2662 illis
1275 2610 1503 2679 justitia
1543 2626 1561 2663 :
1591 2617 1642 2664 et
1667 2617 1833 2680 pater
1862 2612 2090 2664 circum~

445 2699 687 2760 cisiom’s,
720 2698 804 2752 his
834 2701 933 2767 qui
956 2714 1064 2753 non
1086 2697 1261 2753 solum
1287 2715 1355 2753 ea:
1385 2700 1793 2753 circumcisione
1821 2706 1968 2760 sunt,
2000 2699 2094 2753 sed

445 2789 612 2840 etiam
643 2785 728 2840 his
756 2790 854 2857 qui
886 2787 1148 2842 incedunt
1173 2805 1277 2857 per
1307 2786 1536 2857 vestigia
1565 2787 1697 2858 ﬁdei
1737 2803 1858 2860 quae
1887 2790 2000 2856 fuit
2033 2789 2089 2842 in

433 2878 717 2947 prwputio
740 2877 925 2946 patris
953 2879 1126 2933 nostri
1158 2877 1458 2933 Abraham.

512 3127 918 3198 Objectionem
948 3128 1119 3183 solvit
1149 3145 1279 3200 qum
1312 3144 1440 3184 sese
1488 3129 1702 3184 offerre
1758 3128 2083 3184 videbatur.
2120 3163 2163 3230 Ο

447 3216 632 3271 Tanta
663 3233 757 3272 res
789 3225 878 3272 est
903 3218 1300 3284 circumcisio,
1333 3218 1489 3273 dicet
1522 3219 1841 3289 quispiam,
1872 3224 1937 3273 ut
1967 3221 2096 3278 sine

444 3303 552 3358 hac
578 3321 696 3358 non
715 3306 1020 3369 contingat
1040 3307 1358 3377 justiﬁcari
1381 3324 1394 3362 :
1414 3323 1549 3363 nam
1573 3307 1757 3378 etipsi
1775 3308 2092 3377 Abraham,

450 3391 572 3460 qui.
609 3398 672 3444 ut
703 3392 811 3455 ais,
836 3393 896 3446 in
929 3395 1347 3464 prmputiot'uit
1373 3395 1758 3464 justificatus,
1793 3413 1940 3468 opus
1968 3407 2096 3455 erat

442 3479 916 3535 circumcisione.
949 3481 1210 3536 Etdicit:
1241 3484 1365 3538 Non
1389 3483 1461 3538 ob
1494 3483 1656 3538 aliud
1707 3485 2093 3544 circumcisus

444 3573 556 3626 est.
590 3584 767 3638 quam
803 3575 868 3623 ut
893 3570 1409 3626 circumcisionem
1435 3571 1691 3627 deferret
1735 3573 1797 3628 in
1856 3575 2090 3646 signum

440 3672 505 3710 ac
533 3657 1104 3714 demonstrationem
1159 3660 1433 3730 justitim.
1492 3678 1622 3731 quas
1681 3662 1743 3716 in
1800 3666 2088 3734 praeputio

439 3747 806 3819 contigerat:
839 3748 993 3819 quod
1027 3749 1075 3804 si
1108 3748 1274 3804 illam
1306 3749 1609 3820 signorum
1641 3756 1743 3805 aut
1799 3752 2086 3825 signaculi

450 3852 629 3890 causa
659 3837 904 3908 accepit,
929 3837 1052 3892 haec
1085 3836 1158 3891 ad
1182 3837 1478 3908 justitiam
1510 3837 1660 3891 nihil
1691 3840 1958 3894 contulit.
1984 3840 2088 3896 sed

441 3923 549 3978 hoc
576 3926 748 3979 modo
762 3926 1320 3998 solumjustiﬁcatus
1341 3944 1469 3982 esse
1488 3926 1956 3999 signiﬁcabatur:
1976 3931 2086 3988 hoc

444 4021 531 4066 est
555 4013 735 4083 quod.
767 4031 900 4070 cum
921 4016 979 4070 in
1007 4016 1292 4087 praeputio
1312 4023 1487 4072 esset.
1513 4017 1806 4086 justitiam
1829 4020 2082 4091 accepis-

438 4108 529 4157 set
580 4103 876 4171 —Quare,
909 4105 1124 4175 inquit,
1179 4106 1438 4177 primum
1471 4106 1824 4177 imputatum
1859 4115 1946 4164 est
1994 4110 2081 4164 illi

431 4191 506 4246 ad
531 4193 850 4263 justitiam.
884 4199 942 4248 et
990 4195 1071 4248 ita
1102 4195 1480 4265 postmodum
1530 4195 1915 4254 circumcisus
1939 4205 2028 4253 est
2054 4199 2083 4254 Ῥ

432 4283 694 4337 Primum
729 4283 969 4353 quidem
998 4290 1065 4340 ut
1094 4284 1175 4339 ita
1204 4285 1434 4341 virtutis
1457 4284 1691 4357 signum
1714 4295 2077 4356 censeretur,

432 4379 489 4424 et
520 4388 640 4426 non
671 4373 849 4428 veluti
881 4373 1011 4445 ipsa
1039 4374 1241 4440 virtus,
1275 4380 1376 4430 aut
1404 4380 1630 4430 rectum
1661 4374 1890 4430 virtutis
1907 4391 2074 4447 opus.

428 4457 670 4531 Signum
695 4477 953 4533 namque
1011 4462 1485 4516 circumcisionis
1535 4469 1625 4516 est
1681 4463 2074 4534 signaculum,

2217 1838 2543 1913 δηλοτικην,
2575 1845 2664 1898 καὶ
2697 1840 2975 1920 σύμϐολον
3017 1846 3105 1899 καὶ
3166 1845 3396 1922 αἴνιγμα
3452 1847 3734 1908 πολιτείας
3765 1869 3863 1901 κα-

2215 1933 2380 2006 θαρᾶς
2431 1935 2520 1988 καί
2582 1934 2884 2011 σώφρονος.
2968 1939 3122 1990 Ὥστε
3192 1934 3300 2010 οὐχ
3383 1936 3458 1998 ὡς
3518 1933 3864 2007 δικαιοσύνης

2214 2022 2476 2089 ποιητικὴ
2520 2018 2706 2092 ἐδόθη,
2736 2020 2883 2077 ἀλλά
2931 2023 3160 2102 σφραγὶς
3213 2023 3302 2077 καὶ
3362 2029 3591 2096 σημεῖον
3650 2031 3749 2093 τῆς
3803 2023 3863 2078 ἐκ

2212 2107 2444 2172 πίστεως
2478 2107 2846 2182 δικαιοσύνης.

2198 2411 2202 2416 ,
2292 2350 2389 2403 Καὶ
2473 2357 2702 2425 σημεῖον
2788 2347 2952 2406 ἔλαϐε
3008 2361 3336 2428 περιτομῆς,
3425 2349 3696 2431 σφραγῖδα
3759 2356 3859 2418 τῆς

2211 2434 2563 2510 δικαιοσύνης
2641 2448 2743 2510 τῆς
2790 2441 3022 2505 πίστεως
3094 2450 3193 2512 τῆς
3262 2444 3314 2497 ἐν
3381 2448 3449 2518 τῇ
3504 2439 3856 2517 ἀκροϐυστίᾳο

2223 2526 2298 2591 εἷς
2323 2530 2386 2583 τὸ
2414 2530 2550 2584 εἶναι
2584 2530 2742 2585 αὐτὸν
2799 2531 3001 2604 πατέρα
3054 2534 3269 2587 πάντων
3323 2538 3430 2588 τῶν
3489 2535 3856 2588 πιστευόντων

2209 2614 2280 2672 δι’
2313 2615 2694 2691 ἀκροϐυστίας,
2745 2622 2820 2682 εἰς
2861 2623 2922 2676 τὸ
2984 2623 3304 2700 λογισθῆναι
3368 2623 3458 2678 καὶ
3517 2623 3703 2683 αὐτοῖς
3755 2624 3856 2691 τήν

2209 2703 2575 2780 δικαιοσύνην·
2603 2713 2691 2765 καί
2723 2713 2928 2784 πατὲρα
2956 2720 3286 2786 περιτομῆς,
3339 2718 3454 2774 τοῖς
3505 2713 3608 2767 οὐκ
3671 2711 3731 2766 ἐκ
3760 2731 3859 2766 πε-

2207 2806 2440 2871 ριτομῆς
2479 2801 2664 2874 μόνον,
2690 2798 2838 2856 ἀλλά
2893 2803 2984 2857 καὶ
3035 2809 3152 2865 τοῖς
3213 2808 3496 2879 στοιχοῦσι
3525 2808 3642 2864 τοῖς
3675 2802 3854 2881 ἴχνεσι

2203 2890 2304 2952 τῆς
2358 2886 2410 2942 ἐν
2455 2893 2523 2964 τῇ
2578 2886 2908 2966 ἀκροϐυστίᾳ
2969 2892 3203 2955 πίστεως
3277 2898 3376 2950 τοῦ
3431 2893 3636 2966 πατρὸς
3692 2895 3854 2965 ημῶν

2202 2972 2472 3052 Ἀϐραὰμ.

2274 3120 2544 3171 Δοκοῦσαν
2577 3117 2839 3174 ἀντίθεσιν
2899 3122 3037 3179 λύει.
3091 3123 3387 3188 Τοσοῦτον,
3421 3121 3576 3194 φησὶ,
3635 3118 3844 3196 μεγάλη

2202 3205 2238 3273 ἡ
2264 3207 2558 3279 περιτομὴ,
2592 3207 2682 3262 καὶ
2712 3207 2912 3280 ταύτης
2945 3207 3120 3283 χωρὶς
3181 3209 3281 3264 οὐκ
3338 3204 3412 3265 ἔνι
3463 3206 3846 3280 δικαιωθῆναι,

2199 3292 2284 3348 ὅτι
2330 3296 2419 3349 καὶ
2479 3295 2638 3357 αὐτὸς
2683 3293 2940 3372 Ἀϐρααμ
2996 3299 3023 3352 ὁ
3072 3297 3123 3353 ἐν
3181 3294 3514 3374 ἀκροϐυστίᾳ
3561 3299 3699 3354 κατά
3753 3299 3846 3355 τὸν

2198 3383 2288 3437 σὸν
2321 3381 2484 3460 λόγον
2518 3382 2844 3452 δικαιωθεῖς,
2879 3395 3183 3461 περιτομῆς
3217 3387 3436 3460 ἐδεήθη.
3501 3388 3602 3445 Καί
3658 3407 3840 3466 φησιν’

2196 3472 2272 3530 Ού
2306 3470 2394 3528 διά
2423 3495 2477 3529 τι
2505 3471 2684 3550 ἓτερον
2737 3479 3102 3552 περιετμήθη,
3137 3474 3172 3547 ἤ
3234 3475 3321 3532 διὰ
3349 3479 3411 3534 τὸ
3470 3485 3698 3551 σημεῖον
3755 3479 3844 3535 καὶ

2195 3561 2468 3634 ἀπόδειξιν
2549 3562 2893 3641 ἐπιφέρεσθαι
2951 3569 3046 3635 τήν
3129 3569 3459 3642 περιτομὴν,
3521 3575 3620 3638 τῆς
3672 3569 3722 3623 ὲν
3773 3574 3842 3644 τῇ

2195 3646 2523 3726 ἀκροϐυστίᾳ
2557 3654 2864 3729 ὑπαρξάσης
2889 3655 3034 3729 αὐτῷ
3077 3654 3443 3728 δικαιοσύνης.
3504 3658 3567 3714 Εἰ
3628 3656 3684 3713 δὲ
3741 3679 3842 3729 ση-

2199 3740 2366 3813 μείων
2424 3738 2598 3797 ἓνεκεν
2658 3744 2747 3798 καὶ
2807 3743 3102 3823 σφραγῖδος
3185 3742 3374 3801 ἔλαϐεν
3434 3747 3623 3818 αὐτὴν,
3682 3746 3836 3802 οὐδὲν

2193 3827 2326 3900 αὕτη
2362 3831 2497 3901 πρὸς
2531 3833 2630 3899 τήν
2665 3829 3012 3906 δικαιοσύνην
3064 3836 3416 3899 συνετέλεσεν,
3467 3834 3610 3889 ἀλλά
3665 3839 3833 3909 μόνον

2190 3919 2252 3971 τὸ
2282 3916 2517 3973 τοιῶσδε
2575 3917 2957 3986 δεδικαιῶσθαι
3017 3924 3296 3997 ἐσήμαινε,
3339 3924 3607 3981 τουτέστιν
3640 3923 3722 3979 ὅτι
3781 3923 3832 3978 ἐν

2188 4009 2257 4078 τῇ
2315 4002 2644 4080 ἀκροϐυστίᾳ
2702 4008 2800 4076 ὢν,
2857 4012 3067 4084 ἠξιώθη
3137 4021 3236 4082 τῆς
3315 4011 3679 4084 δικαιοσύνης.
3762 4045 3832 4057 -

2189 4095 2402 4170 [ΦΩΤ]
2436 4096 2622 4167 Διᾶτί,
2656 4100 2809 4174 ιρησί,
2841 4107 3057 4174 πρῶτον
3100 4100 3356 4179 ἐλογίσθη
3413 4103 3558 4174 αὐτῷ
3616 4101 3692 4164 εἷς
3751 4102 3832 4158 δι·

2187 4183 2496 4254 καιοσύνην,
2528 4185 2618 4239 καὶ
2650 4186 2796 4241 οὕτω
2821 4192 3162 4261 περιετμήθη
3200 4208 3213 4258 ;
3280 4195 3499 4266 Πρῶτον
3559 4191 3679 4262 μὶν,
3738 4188 3834 4245 ἵνα

2187 4271 2260 4333 ὡς
2292 4279 2518 4346 σημεῖον
2546 4279 2782 4349 νομισθῇ
2817 4277 3012 4352 ἀρετῆς
3042 4281 3074 4348 ἡ
3129 4283 3427 4354 περιτομὴ,
3476 4281 3563 4335 καὶ
3596 4279 3704 4360 οὐχ
3761 4280 3836 4342 ὡς

2185 4361 2452 4436 αὐταρετὴ
2483 4364 2572 4417 καὶ
2604 4367 2954 4439 κατόρθωμα.
2989 4367 3066 4424 Τὸ
3105 4369 3208 4444 γὰρ
3259 4375 3488 4443 σημεῖον
3533 4376 3633 4439 τῆς
3681 4389 3832 4444 περι-

2181 4457 2379 4522 τομῆς,
2411 4451 2565 4527 φησὶ,
2600 4451 2830 4529 σφραγίς
2860 4453 3023 4520 ἐστιν,
3057 4457 3175 4511 οἷον
3210 4459 3439 4530 σημεῖόν
3470 4479 3528 4514 τε
3584 4459 3674 4513 καὶ
3729 4479 3831 4512 παο

424 4549 642 4618 inquit,
676 4555 958 4622 tanquam
989 4550 1226 4622 signum
1259 4557 1313 4605 et
1355 4533 1758 4624 comprobatio
1801 4553 2074 4624 justitiaa,

2199 4543 2460 4607 nio-tacte,
2509 4548 2610 4612 τῆς
2666 4541 2720 4597 ἐν
2776 4543 2846 4618 τῇ
2904 4541 3232 4619 ἀκροϐυστίᾳ
3289 4545 3378 4602 διὰ
3442 4547 3678 4610 πίστεως
3737 4546 3827 4602 καὶ

425 4653 554 4708 quae
587 4654 694 4710 per
723 4640 898 4695 ﬁdem
933 4641 993 4696 in
1025 4640 1312 4712 praeputio
1343 4639 1497 4696 facta
1527 4646 1636 4696 est.
1671 4640 1938 4698 Secundo
1978 4659 2078 4701 au-

423 4741 564 4786 tem.
596 4733 664 4782 ut
691 4735 749 4782 et
780 4729 1267 4800 praaputiatorum
1300 4736 1357 4783 et
1404 4729 1889 4786 circumcisorum
1921 4747 2074 4788 com-

427 4817 628 4870 munis
662 4826 826 4887 pater
847 4827 1269 4892 agnosceretur
1298 4837 1364 4875 ac
1387 4820 1787 4887 divulgaretur
1806 4837 1818 4874 :
1840 4839 2070 4893 prmpu-

426 4902 704 4959 tiatorum
740 4908 1002 4976 quidem,
1036 4915 1100 4964 ut
1131 4909 1229 4978 qui
1262 4909 1322 4964 in
1382 4911 1673 4980 prmputio
1719 4909 2072 4968 credidisset

422 4993 869 5059 acjustiﬁcatus
927 4997 1180 5051 fuisset:
1241 4999 1725 5054 circumcisorum
1776 5015 1912 5054 vero
1947 5007 2071 5056 tan-

421 5096 596 5150 quam
631 5087 690 5135 et
732 5083 858 5152 ipse
891 5085 1277 5140 circumcisus
1337 5095 1648 5158 postquam
1695 5087 2066 5145 credidisset.

419 5169 624 5222 Metito
658 5187 792 5241 ergo
839 5181 1186 5228 cunctorum
1241 5183 1408 5246 pater
1463 5182 1769 5247 reputatus
1816 5183 1926 5240 est,
1961 5179 2062 5248 qui

420 5256 696 5311 videlicet
741 5260 917 5315 fidem
978 5263 1400 5334 suscepissent,
1461 5266 1582 5320 sive
1664 5265 2065 5321 incircumcisi

415 5354 633 5405 essent,
670 5349 786 5402 sive
818 5351 1171 5406 circumcisi.
1233 5353 1396 5417 Quod
1480 5355 1526 5407 si
1579 5353 1755 5408 fidem
1789 5370 1906 5408 non
1971 5356 2068 5409 ha-

410 5431 811 5508 beant.neque
830 5439 1241 5511 cognationem
1261 5441 1332 5496 ad
1353 5441 1521 5497 illum
1543 5442 1781 5501 habent.
1811 5443 2062 5513 quicun-

412 5537 526 5593 que
551 5523 688 5589 sint,
723 5543 916 5600 neque
947 5527 1214 5585 hairedes
1270 5549 1411 5587 sane
1443 5538 1617 5588 erunt
1648 5533 2060 5603 promissionis

409 5627 541 5685 quae
574 5613 649 5671 ad
677 5616 849 5676 illum
882 5618 1037 5676 facta
1066 5625 1156 5675 est
1187 5636 1202 5688 ς
1236 5621 1384 5680 251
1421 5621 1882 5695 consanguineis
1899 5623 2060 5682 enim

2185 4627 2550 4702 δικαιοσύνης.
2611 4632 2864 4708 Δεύτερον
2919 4633 3116 4705 δὶ,⁹ίνα
3163 4637 3253 4692 καὶ
3309 4642 3420 4694 τῶν
3448 4632 3825 4711 ἀκροϐύστων,

2182 4721 2268 4775 καὶ
2328 4725 2437 4776 τῶν
2498 4720 2884 4796 ἐμπεριτόμων
2947 4725 3127 4787 κοινὸς
3185 4726 3488 4801 ἐπιγνωσθῇ
3561 4726 3651 4781 καὶ
3705 4726 3830 4781 ἀνα-

2179 4810 2434 4884 κηρυχθῇ
2491 4813 2690 4885 πατήρ·
2743 4816 2850 4865 τῶν
2910 4815 3004 4886 μὲν
3079 4810 3450 4889 ἀκροϐύστων,
3511 4815 3586 4876 ὡς
3649 4815 3700 4870 ἐν
3755 4818 3824 4888 τῇ

2181 4894 2510 4974 ἀκροϐυστία
2566 4901 2654 4954 καὶ
2711 4905 2996 4966 πιστεύσας
3051 4904 3142 4959 καὶ
3201 4903 3529 4968 δικαιωθείς’
3588 4910 3694 4959 τῶν
3773 4901 3821 4960 δ’

2179 4987 2585 5062 ἔμπεριτόμων.
2645 4989 2718 5047 ὡς
2775 4993 2866 5047 καὶ
2919 4993 3081 5055 αὐτὸς
3150 4995 3508 5069 περιτμηθεές
3571 4995 3704 5067 μετά
3761 4995 3822 5050 τὸ

2178 5081 2492 5134 πιστεῦσαι..
2522 5079 2740 5133 Πάντων
2777 5081 2868 5134 οὗν
2894 5081 3116 5143 εἰκότως
3172 5081 3232 5136 ἅν
3277 5082 3559 5157 λογισθείη
3620 5085 3825 5158 πατήρ,

2176 5171 2282 5221 τῶν
2315 5169 2414 5234 τὴν
2465 5167 2643 5222 πίστιν
2699 5165 2956 5238 δηλονότι
3017 5170 3492 5245 παραδεξαμένων,
3524 5173 3630 5227 ε”τε
3699 5174 3824 5226 ἀπε-

2177 5255 2458 5329 ρίτμητοι,
2493 5256 2600 5311 ε”τε
2637 5259 3091 5331 περιτεομημὲνοι
3142 5261 3270 5316 ε’ῗεν.
3329 5267 3429 5318 "Av
3492 5260 3548 5317 δὲ
3594 5263 3693 5329 τήν
3745 5282 3829 5314 πι-

2176 5366 2288 5400 στιν
2326 5346 2402 5418 μή
2436 5343 2661 5424 ἔχωσιν,
2720 5344 2842 5403 οὐδὲ
2899 5351 2997 5417 τὴν
3064 5349 3199 5421 πρὸς
3251 5351 3454 5404 ἐκεῖιον
3512 5353 3820 5422 συγγένειαν

2161 5434 2415 5504 ἔλουσιν,
2450 5432 2645 5490 οἷ’τινες
2685 5434 2743 5491 ἄν
2798 5439 2924 5504 e'ev,
2974 5435 3098 5493 οὐδὲ
3157 5438 3504 5514 κληρονόμοι
3564 5436 3664 5511 ἂρα
3721 5439 3819 5499 τῆς

2171 5525 2308 5599 πρὸς
2370 5522 2572 5579 ἐκεῖνον
2625 5525 2969 5602 ἐπαγγελίας.
3026 5530 3159 5590 Τοῖς
3225 5531 3328 5604 γάρ
3389 5526 3655 5604 συγγενέσι
3716 5522 3818 5597 (τῷ

2167 5616 2274 5692 γὰρ
2323 5614 2595 5687 σπίρματι
2652 5613 2863 5690 αὐτοῦ),
2916 5616 2974 5673 αἱ
3032 5615 3354 5698 ὑποσχέσεις
3406 5616 3496 5673 καὶ
3549 5611 3814 5691 εὐλογίαι.
