4198 6198
286 279 404 337 39Ἰ

1399 272 1799 334 COMMENT.
1853 269 1925 330 IN
1975 269 2222 330 EPIST.
2267 267 2370 329 AD
2418 270 2601 331 BOM.

3580 269 3699 331 398

285 434 320 463 α
348 407 634 490 Σφραγῖδα
664 415 764 479 τῆς
798 406 1147 480 δικαιοσύνης
1193 414 1294 479 τῆς
1352 405 1608 469 πίστεως.
1649 431 1668 455 ι
1730 409 1830 472 τῆς
1882 401 1942 457 ἐκ

2066 405 2295 474 [nempe
2327 401 2541 457 semini
2572 402 2720 474 ejus)
2753 401 2904 458 datae
2958 406 3096 459 sunt
3151 401 3578 474 promissiones
3635 418 3704 460 ac

283 499 526 563 πίστεως
561 501 890 577 ὑπαρξάσης,
932 527 951 552 ι
990 503 1064 562 εἰς
1095 502 1156 556 τὸ
1190 500 1322 555 εἶναι
1355 498 1516 554 αὐτὸν
1547 497 1771 571 πατέρα.
1819 519 1847 546 ››

371 681 470 736 Διὰ
501 682 554 736 τί
588 678 642 735 δὲ
674 680 820 742 ὅλως
854 679 1049 752 ἐδέηθη
1110 679 1300 750 αὐτῆς.
1361 679 1406 733 εἰ
1467 674 1632 751 μηδὲν
1685 673 1950 730 συνετέλει

295 766 350 824 ἓν
393 774 461 842 τῇ
523 767 883 844 δικαιοσύνης
949 774 1168 843 [Ιρῶτον
1230 769 1322 842 μὲν
1375 767 1555 829 καθὼς
1609 764 1718 819 ἄνω
1777 761 1950 838 λέγει,

293 860 372 921 εἷς
404 862 466 914 τὸ
502 861 639 913 εἶναι
687 860 856 928 αὒτὴν
919 863 1172 932 σημεῖον
1233 856 1416 913 ἔπειτα
1472 855 1560 909 ἳνα
1617 854 1799 912 κοινὸς
1859 850 1947 928 γέ-

290 971 454 1018 νηται
488 951 669 1020 πατῆρ
699 953 804 1002 τῶν
838 969 897 1004 τε
949 946 1000 1002 ἐν
1063 950 1358 1021 περιτομῇ,
1418 950 1526 999 τῶν
1573 965 1628 998 τε
1685 941 1736 996 ἐν
1793 941 1952 1015 ἀκρο-

297 1031 510 1107 ϐυστία.
567 1038 848 1090 «Πάντων
901 1041 1009 1090 τῶν
1070 1035 1457 1090 πιστευόντων.
1491 1057 1519 1084 ››
1579 1029 1699 1104 Οὐχ
1759 1029 1949 1088 ἁπλῶς

291 1130 404 1180 τῶν
436 1122 779 1194 οἰωνδιςποτε
810 1127 1036 1199 πατέρα.
1083 1121 1233 1179 ἀλλὰ
1285 1127 1392 1177 τῶν
1450 1119 1812 1176 πιστευόντων
1874 1117 1950 1177 εἷς

293 1212 388 1267 τὸν
416 1213 670 1283 Χριστόν.
738 1237 763 1260 ‹‹
802 1213 878 1266 Δι’
938 1205 1313 1286 ἀκροϐυστίας.
1354 1234 1380 1259 η
1437 1214 1552 1262 Τῶν
1611 1206 1660 1262 ἐν
1715 1199 1947 1280 ἀκροϐυ-

297 1303 420 1372 στίᾳ
453 1301 622 1356 ὄντων
669 1301 760 1356 καὶ
819 1302 1204 1356 πιστευόντων.
1259 1299 1355 1360 Εἷς
1409 1300 1492 1362 τὸ,
1556 1322 1582 1349 «
1615 1297 1950 1373 Λογισθῆναι

293 1391 388 1446 καὶ
415 1393 612 1452 αὐτοῖς
641 1392 742 1459 τήν
775 1387 1139 1459 δικαιοσύνην.
1179 1413 1205 1440 ››
1257 1389 1352 1443 Διὰ
1404 1386 1635 1450 πίστεως
1692 1381 1946 1456 δηλονότι

297 1481 479 1560 χωρὶς
563 1475 755 1554 ἔργων.
824 1503 849 1528 n
909 1480 1012 1536 Καὶ
1070 1478 1272 1553 πατέρα
1347 1483 1670 1552 περιτομῆς.
1734 1497 1762 1524 ι)
1823 1472 1949 1550 Οὖχ

298 1566 516 1634 ἁπλῶς,
551 1568 706 1648 φησὶ,
740 1571 922 1642 πατὴρ
950 1572 1058 1622 τῶν
1116 1566 1566 1641 ἐμπεριτμήτων,
1624 1567 1805 1637 (τοῦτο
1845 1562 1948 1634 γὰρ

298 1654 472 1726 δηλοῖ
500 1659 562 1712 τὸ
591 1664 943 1732 napi-copim)
981 1655 1128 1712 ἀλλὰ
1185 1657 1363 1732 πατὴρ
1415 1653 1632 1709 ἐκείνων
1684 1655 1791 1707 τῶν
1851 1649 1948 1721 ἐμ-

2061 495 2526 550 benedictiones.
2563 517 2590 545 ‹‹
2616 495 2995 568 Signaculum
3017 495 3268 567 justitiaa
3311 495 3471 564 ﬁdei,
3509 519 3536 545 ››
3568 513 3698 568 quin

2063 603 2130 642 ex
2164 587 2279 642 fide
2302 587 2646 660 contigerat.
2683 610 2709 636 ‹‹
2744 593 2810 644 ut
2841 594 2994 642 esset
3029 588 3153 658 ipse
3185 595 3370 658 pater.
3408 610 3434 635 ››

2133 674 2218 729 Ad
2251 674 2394 744 quid
2420 675 2662 730 omnino
2694 676 3031 730 necessaria
3063 676 3172 731 fuit
3204 675 3706 745 illicircumcisio,

2063 763 2110 818 si
2142 763 2290 817 nihil
2324 763 2665 818 conferebat
2695 764 2767 818 ad
2790 763 3133 834 justitiam?
3157 764 3416 817 Primum
3441 764 3703 834 quidem,

2060 854 2239 910 veluti
2274 855 2332 909 in
2369 855 2774 926 superioribus
2805 855 2972 912 dixit.
3008 863 3074 910 ut
3103 855 3205 910 illa
3235 856 3467 928 signum
3500 863 3655 912 esset
3690 872 3703 910 :

2060 945 2278 1002 deinde
2309 954 2374 1001 ut
2407 948 2741 1002 communis
2773 954 2941 1018 pater
2972 948 3298 1014 ﬁeret,tam
3340 948 3432 1001 his
3489 949 3588 1018 qui
3646 949 3706 1002 in

2060 1035 2512 1091 circumcisione
2539 1043 2760 1100 essent,
2796 1053 2972 1107 quam
3009 1035 3128 1090 illis
3161 1036 3259 1106 qui
3294 1036 3355 1090 in
3393 1038 3705 1107 pra‘putio.

2064 1149 2090 1176 α
2127 1129 2400 1184 Omnium
2437 1128 2828 1185 credentium.
2865 1151 2892 1178 ››
2925 1130 3050 1183 Non
3085 1128 3351 1183 omnium
3377 1134 3545 1199 pater
3575 1129 3712 1183 sim-

2059 1216 2317 1286 pliciter,
2345 1217 2448 1272 sed
2482 1217 2850 1273 credentium
2886 1218 2943 1271 in
2987 1217 3306 1272 Christum.
3343 1241 3366 1262 u
3405 1218 3515 1270 Per
3561 1233 3709 1287 prae-

2059 1306 2310 1376 putium.
2339 1329 2365 1355 ››
2387 1310 2598 1361 Eorum
2625 1307 2725 1378 qui
2757 1323 2891 1362 cum
2921 1307 3038 1360 sint
3070 1306 3129 1360 in
3161 1306 3469 1377 praeputio,
3498 1305 3711 1360 nihilo-

2060 1393 2259 1449 minus
2287 1394 2553 1450 credunt.
2608 1414 2629 1442 ι
2666 1395 2735 1450 Ut
2791 1395 3118 1466 imputetur
3147 1400 3206 1448 et
3235 1394 3354 1448 illis
3403 1394 3662 1465 justitia.
3687 1417 3706 1442 ι

2059 1484 2172 1537 Per
2207 1483 2383 1538 fidem
2419 1482 2693 1538 videlicet
2725 1484 2851 1538 sine
2892 1483 3190 1554 operibus.
3248 1504 3275 1531 ‹‹
3309 1484 3377 1536 Et
3408 1489 3576 1554 pater
3604 1483 3715 1538 cir-

2060 1572 2462 1628 cumcisionis.
2495 1597 2514 1618 ~
2542 1574 2667 1627 Non
2698 1578 2867 1644 pater
2887 1570 3443 1643 quomodocumque
3463 1571 3712 1627 circum-

2060 1661 2507 1732 cisorum,(nam
2531 1662 2643 1716 hoc
2668 1661 2964 1733 signiﬁcat
2985 1660 3163 1715 dictio
3179 1659 3709 1729 Circumcisionisz)

293 1746 674 1822 περιτμήτων,
706 1751 815 1800 τῶν
879 1747 954 1819 μή
1020 1746 1185 1819 μόνον
1245 1741 1746 1817 περιτετμημένων,
1803 1737 1951 1794 ἀλλὰ

2066 1749 2162 1804 sed
2197 1755 2363 1821 pater
2394 1749 2634 1805 illorum
2667 1749 3176 1812 circumcisorum,
3204 1750 3303 1819 qui
3327 1765 3446 1804 non
3479 1754 3709 1804 tantum

298 1837 561 1891 καὶκατὰ
590 1836 656 1890 τὰ
683 1835 809 1910 ἴχνη
846 1835 1038 1903 αὐτοῦ,
1095 1835 1194 1900 τήν
1254 1833 1436 1889 πίστιν
1484 1834 1724 1906 Χριστοῦ
1781 1829 1953 1884 εἰσοι-

293 1923 624 1998 κιζομένων.
661 1926 888 1980 Ἐκεῖνοι
921 1920 978 1978 δὲ
1006 1921 1143 1978 κατὰ
1170 1924 1239 1978 τὰ
1271 1920 1403 2000 ἴχνη
1457 1919 1547 1976 καὶ
1594 1919 1730 1975 κατὰ
1782 1917 1956 1991 μίμη-

302 2037 385 2070 σιν
414 2019 511 2070 τοῦ
544 2010 794 2089 Ἀϐραὰμ
821 2013 1165 2069 πιστεύουσιν
1198 2012 1274 2074 είς
1310 2013 1560 2087 Χριστὸν,
1623 2010 1673 2064 οἱ
1732 2005 1951 2064 datati-

306 2126 452 2168 κτως
480 2103 570 2158 καὶ
625 2103 800 2178 χωρῖς
856 2101 1194 2182 φιλονεικίας
1254 2100 1344 2154 καὶ
1399 2097 1726 2172 ἐνδοιασμοῦ
1782 2117 1953 2172 προσ-

308 2194 604 2269 ερχόμενοι
670 2196 749 2265 τῷ
806 2193 1042 2266 Χριστῷ.
1104 2215 1130 2243 ι(
1189 2192 1319 2253 Τοῖς
1378 2187 1476 2244 οὐκ
1531 2187 1590 2243 ἐκ
1643 2193 1952 2262 περιτομῆς

311 2283 488 2356 μόνον.
532 2307 553 2331 ι
589 2283 789 2355 Ὠσπερ
822 2283 927 2358 γὰρ
976 2281 1026 2335 οἱ
1054 2279 1106 2335 ἐν
1147 2273 1498 2353 ἀκροϐυστίᾳ,
1534 2277 1596 2332 οὗ
1656 2274 1744 2331 διὰ
1788 2279 1952 2331 τοῦτο

307 2372 470 2447 μόνον
532 2377 720 2446 σχοῖεν
774 2369 834 2425 ἃν
892 2372 985 2426 τὸν
1041 2364 1297 2445 Ἀϐραὰμ
1351 2365 1572 2444 πατέρα,
1648 2363 1736 2422 διὰ
1781 2366 1843 2420 τὸ
1901 2363 1953 2420 ἐν

305 2456 639 2536 ἀκροϐυστίᾳ
681 2460 844 2516 αὐτὸν
896 2457 1324 2524 πεπιστευκέναι,
1358 2457 1406 2512 s’.’
1441 2459 1516 2530 μή
1569 2455 1657 2511 καὶ
1706 2457 1804 2525 τὴν
1859 2453 1950 2510 πί·

304 2572 423 2606 στιν
468 2554 823 2626 μιμησαιντα
859 2551 1034 2611 οὕτως
1089 2547 1216 2604 οὐδὲ
1259 2550 1312 2604 οἱ
1366 2547 1416 2603 ἐν
1472 2550 1744 2623 περιτομῇ
1803 2546 1948 2619 σχή-

301 2661 480 2701 σουσι.
515 2640 575 2694 οὐ
608 2638 697 2695 διὰ
744 2640 804 2694 τὸ
857 2639 1016 2712 μόνον
1074 2644 1478 2712 περιτμηθῆναι
1535 2636 1626 2690 τὸν
1678 2628 1948 2706 Ἀϐραὰμ,

301 2730 394 2785 ἑὰν
431 2730 507 2802 μὴ
539 2729 628 2784 καὶ
653 2730 752 2796 τήν
782 2728 963 2784 πίστιν
1001 2727 1166 2782 αὐτοῦ
1201 2728 1568 2799 μιμήσωνται.
1627 2724 1806 2792 Δῆλον
1857 2720 1949 2778 οὖν

297 2819 375 2880 ὡς
433 2818 522 2872 καὶ
591 2818 936 2874 ἐκπεσοῦνται
991 2823 1090 2884 τῆς
1145 2817 1280 2890 πρὸς
1338 2809 1592 2887 Ἀϐραὰμ
1645 2810 1948 2890 συγγενείας

302 2909 363 2963 οἱ
396 2904 674 2975 Ἰουδαῖοι,
709 2905 793 2961 ἐὰν
848 2907 923 2978 μή
983 2906 1332 2962 πιστεύσωσι.
1393 2900 1632 2960 «Ἀλλὰ
1685 2902 1775 2957 καὶ
1831 2906 1948 2963 τοῖς

305 3001 614 3072 στοιχοῦσι.
646 3021 672 3046 η
709 2999 841 3058 Τοῖς
873 2995 1238 3068 πειθομένοις,
1269 2991 1744 3066 τοῖςέμμένουσιν.
1767 3017 1793 3041 ι‹
1817 2992 1948 3049 Τοῖς

296 3086 484 3160 ’ἰχνεσι
532 3091 632 3154 τῆς
689 3084 1005 3145 πίστεως.»
1069 3086 1152 3155 Τῇ
1217 3083 1469 3154 μιμήσει,
1525 3083 1594 3150 τῇ
1659 3078 1945 3150 ὁμοιώσει,

2064 1837 2362 1893 cirumcisi
2397 1843 2558 1904 sunt,
2591 1855 2793 1893 verum
2834 1838 3011 1892 etiam
3037 1838 3209 1909 juxta
3253 1837 3416 1892 illius
3468 1837 3713 1908 vestigia

2067 1927 2127 1982 in
2159 1926 2275 1982 fide
2307 1926 2523 1982 Christi
2545 1931 2790 1982 manent
2827 1943 2839 1981 :
2873 1927 2960 1981 illi
2993 1933 3192 1982 autem
3243 1927 3416 1998 juxta
3470 1925 3714 1998 vestigia

2063 2032 2131 2071 ac
2162 2016 2555 2072 imitationem
2587 2015 2833 2072 Abrahae
2866 2015 3117 2072 credunt
3172 2017 3233 2070 in
3265 2015 3584 2083 Christum,
3609 2014 3710 2085 qui

2063 2107 2287 2180 absque
2316 2109 2441 2164 ulla
2483 2109 2854 2164 vacillatione
2906 2115 2965 2163 et
3015 2109 3395 2164 contentione
3452 2108 3510 2161 in
3543 2105 3710 2161 nullo

2064 2198 2410 2253 haesitantes
2440 2198 2734 2254 accedunt
2771 2197 2844 2253 ad
2877 2198 3194 2254 Christum.
3253 2220 3278 2247 ‹‹
3317 2198 3415 2251 His
3449 2197 3549 2268 qui
3593 2211 3709 2250 non

2064 2287 2256 2342 solum
2291 2303 2359 2341 ex
2390 2287 2841 2342 circumcisione
2874 2293 3031 2342 sunt.
3069 2309 3095 2334 »
3128 2286 3291 2341 Sicut
3321 2286 3479 2340 enim
3503 2285 3604 2356 qui
3649 2285 3711 2340 in

2061 2377 2351 2448 prmputio
2383 2382 2541 2435 sunt.
2576 2392 2696 2430 non
2729 2391 2798 2430 ex
2832 2376 2942 2430 hoc
2987 2375 3178 2432 solum
3230 2381 3479 2446 possunt
3531 2373 3713 2429 Abra-

2063 2467 2198 2522 ham
2218 2467 2438 2522 habere
2461 2473 2710 2538 patrem.
2746 2466 2903 2538 quod
2935 2467 3034 2521 ille
3067 2468 3128 2521 in
3167 2467 3457 2538 praeputio
3516 2464 3708 2520 credi-

2061 2556 2265 2614 disset.
2290 2558 2405 2612 nisi
2429 2559 2604 2613 etiam
2632 2557 2811 2612 fidem
2835 2558 3172 2623 imitentur;
3206 2557 3287 2610 ita
3313 2572 3507 2627 neque
3527 2556 3585 2610 hi
3610 2556 3710 2627 qui

2061 2649 2122 2704 in
2142 2650 2596 2707 circumcisione
2615 2650 2852 2709 fuerint.
2879 2657 3104 2721 patrem
3129 2649 3295 2704 illum
3317 2648 3618 2703 habebunt
3637 2647 3709 2702 ob

2060 2740 2171 2795 hoc
2195 2741 2386 2797 solum
2415 2741 2570 2811 (μιοά
2603 2741 2988 2796 circumcisus
3020 2741 3095 2794 sit
3128 2739 3438 2801 Abraham,
3488 2738 3602 2791 nisi
3639 2737 3708 2791 ﬁ-

2059 2828 2193 2885 dem
2229 2847 2461 2900 quoque
2493 2830 3000 2884 illiusimitentur.
3033 2827 3405 2884 Manifestum
3429 2843 3566 2899 ergo
3591 2831 3701 2892 est,

2061 2917 2218 2988 quod
2239 2920 2418 2973 etiam
2437 2935 2470 2972 a
2488 2918 2836 2990 cognatione
2855 2916 3102 2971 Abrahae
3127 2915 3398 2970 excident
3410 2914 3590 2969 Judaei
3615 2915 3704 2967 ni-

2061 3007 2109 3060 si
2141 3006 2523 3061 crediderint.
2559 3028 2586 3054 ‹‹
2611 3005 2721 3061 Sed
2755 3007 2930 3060 etiam
2956 3004 3029 3058 iis
3061 3005 3160 3074 qui
3185 3003 3486 3059 incedunt.
3519 3025 3546 3050 ››
3580 3003 3698 3057 Hoc

2065 3099 2152 3149 est
2175 3093 2610 3156 obedientibus.
2645 3093 3177 3165 perseverantibus.
3206 3115 3229 3142 σι
3257 3094 3368 3148 Per
3384 3091 3628 3163 vestigia
3649 3091 3711 3145 ti-

295 3175 460 3249 Ἰχ-ιη
493 3172 729 3247 λέγεται,
771 3172 835 3227 τὰ
889 3176 996 3227 τῶν
1056 3169 1498 3247 προοδευσὰντων
1550 3162 1804 3239 σπὲμὸοΛα
1861 3155 1949 3218 καὶ

2066 3182 2180 3238 dei.
2221 3206 2238 3229 ι
2277 3183 2320 3236 11
2354 3188 2459 3244 est.
2487 3143 2906 3246 imitartionem,
2942 3180 3417 3236 similitudinem.
3452 3143 3708 3252 νεξιίςία

298 3269 504 3334 σημεῖα
534 3266 640 3318 τῶν
670 3258 874 3319 ποδῶν.
921 3260 1071 3316 Ἐπεὶ
1132 3260 1221 3314 οὖν
1279 3259 1429 3312 οὗτοι
1493 3253 1947 3330 μεταγενέστεροι,

301 3351 519 3414 οἰκείως
576 3351 664 3407 καὶ
747 3347 1026 3424 ἁρμοδίως
1085 3349 1240 3427 φησὶ,
1324 3353 1441 3409 τοῖς
1507 3344 1802 3418 ἐμμένουσι
1859 3340 1948 3398 καὶ

303 3440 739 3497 ἐπακολουθοῦσι
770 3445 884 3502 τοῖς
915 3438 1149 3514 ’ἰχνεσιν,
1189 3439 1311 3508 ἢτοι
1372 3440 1764 3508 πορευομένοις
1813 3433 1951 3488 κατὰ

299 3531 370 3586 τὰ
400 3531 603 3586 ἐκείνου
633 3529 914 3608 ῗγνη,γαὶ
965 3530 1062 3597 τήν
1121 3529 1328 3583 ἐκείνου
1388 3522 1534 3590 ὁδὸν,
1593 3525 1714 3594 ἣτις
1774 3522 1950 3602 χωρῗς

302 3628 614 3696 περιτομῆς
644 3620 913 3695 ὑπῆρχεν.
969 3624 1134 3685 «Τῆς
1191 3617 1242 3671 ἐν
1302 3609 1651 3688 ἀκροϐυστίᾳ.
1689 3636 1717 3665 ››
1777 3611 1950 3668 Πλλιν

307 3711 648 3782 ὑπομνήωιει
681 3710 763 3764 ὃτι
820 3707 874 3762 ἐν
930 3701 1260 3781 δικροϐυστίᾳ
1318 3703 1614 3775 ἐπίστευσε,
1654 3702 1745 3756 καὶ
1797 3701 1949 3758 ’ὑστεθ

307 3819 404 3874 ρον
434 3801 800 3876 περιετμήυη.

383 3977 460 4034 Οὖ
491 3977 593 4052 γὰρ
625 3973 714 4031 διὰ
771 3977 946 4048 νόμου
998 3977 1032 4044 ἡ
1093 3970 1390 4048 ἐπαγγελία
1449 3976 1528 4044 τῷ
1584 3965 1860 4045 Ἀϐραὰμ,
1913 3969 1949 4038 ἢ

313 4070 398 4133 τῷ
455 4065 725 4141 σπέρματι
783 4065 968 4131 αὖτοῦ,
1053 4063 1114 4118 τὸ
1170 4060 1524 4137 κληρονόμον
1592 4058 1754 4114 αὐτὸν
1813 4060 1953 4112 εἶναι

306 4159 407 4210 τοῦ
461 4156 694 4227 κόσμου,
754 4153 898 4210 ἀλλὰ
955 4151 1044 4208 διὰ
1124 4151 1470 4220 δικαιοσύνης
1551 4150 1806 4209 πίστεως.
1892 4146 1951 4203 Εἰ

303 4245 409 4320 γὰρ
465 4246 518 4298 οἱ
571 4243 630 4299 ἐκ
687 4244 882 4316 νόμου,
967 4242 1332 4315 κληρονόμοι,
1418 4240 1707 4295 κεκένωται
1768 4240 1802 4306 ἡ
1860 4236 1955 4292 πί-

310 4354 446 4402 στις,
506 4334 597 4388 καὶ
652 4336 994 4408 κατήργηται
1049 4334 1083 4402 ἡ
1143 4327 1455 4406 ἐπαγγελία.
1542 4329 1602 4385 Ὀ

319 4444 422 4496 μος
469 4423 640 4500 ὀργῆν
700 4423 1098 4498 κατεργάζεταιο
1158 4419 1220 4475 οὗ
1281 4421 1385 4496 γάρ
1443 4417 1542 4474 οὐκ
1594 4412 1706 4472 ἔστι
1763 4413 1955 4488 νὸμος,

320 4511 447 4569 οὐδὲ
476 4507 798 4588 παράϐασις.

387 4601 698 4674 Θαυμάσιον
727 4601 756 4656 6'
784 4598 950 4676 λέγει.
982 4601 1190 4667 Οὖτως,
1219 4597 1405 4676 φησὶν,
1429 4598 1464 4666 ἡ
1485 4595 1759 4670 περιτομὴ
1778 4595 1955 4672 χωρὶς

315 4690 552 4753 πίστεως
610 4691 713 4746 οὐκ
767 4691 948 4769 ἰσχύει
992 4688 1274 4754 δικαιῶσι,
1315 4685 1440 4742 οὐδὲ
1496 4689 1820 4762 προπάτορα
1873 4709 1959 4743 σοι

314 4786 484 4846 ποιεῖ,
516 4781 562 4835 ὦ
603 4778 847 4848 Ἰουδαῑε,
905 4780 996 4834 τὸν
1050 4773 1327 4852 Ἀϐραὰμ,
1386 4774 1526 4832 ὥστε
1579 4774 1705 4832 οὐδε
1735 4777 1763 4832 6
1792 4775 1963 4851 νόμος

313 4871 475 4950 ὶᾳ’ᾦ
535 4872 675 4946 μέγα
728 4876 967 4950 φρονεῖς,
1026 4865 1335 4924 συνετέλεσε
1363 4887 1414 4921 τι
1450 4868 1528 4926 εἷς
1583 4867 1680 4928 τὰς
1732 4867 1960 4942 ἐπαγγε-

317 4959 444 5023 λίας
483 4964 562 5033 τῷ
623 4955 890 5034 Ἀϐραὰμ,
949 4957 1094 5015 ἀλλὰ
1155 4958 1294 5032 μόνη
1354 4959 1388 5025 ἡ
1448 4957 1641 5021 πίστις.
1704 4955 1968 5033 Ἀκροϐύ-

319 5071 434 5122 στῳ
463 5052 562 5125 γὰρ
595 5048 671 5104 ἔτι
725 5049 864 5117 ὄντι,
923 5051 1009 5104 καὶ
1071 5050 1177 5124 πρὸ
1232 5052 1328 5103 τοῦ
1383 5048 1556 5121 νόμου
1613 5045 1871 5119 ἐδόθησαν
1911 5048 1965 5102 αἱ

1685 4328 1790 4402 γὰρ
1867 4326 1953 4380 νό-

317 5139 638 5216 ἐπαγγελίαι
669 5141 1037 5198 πιστεύσαντι.
1093 5139 1157 5196 Εἰ
1215 5137 1308 5193 οὖν
1365 5137 1528 5201 αὐτὸς
1579 5138 1607 5192 ὁ
1667 5139 1836 5211 νόμος
1893 5137 1969 5201 είς

317 5232 416 5294 τὰς
475 5228 802 5304 ἐπαγγελίας
861 5227 1014 5284 οὐδὲν
1099 5229 1456 5296 συνετέλεσεν,
1518 5226 1702 5300 σχολῇ
1752 5231 1878 5299 γοῦν
1930 5229 1964 5295 ἡ

315 5320 596 5395 περιτομή
657 5320 794 5393 πρὸς
849 5316 1192 5388 δικαιοσύνην
1255 5314 1965 5391 ὲξαρκέσει.--ΓΕΝΝΑΔ.

319 5433 352 5462 ‹‹
385 5410 460 5466 Τὸ
490 5407 844 5482 κληρονόμον
877 5409 1039 5464 αὐτὸν
1071 5408 1209 5463 εἶναι
1263 5411 1359 5462 τοῦ
1400 5406 1633 5478 κόσμου.
1669 5431 1698 5457 »
1747 5407 1968 5484 Κληρο.

321 5499 533 5572 νόμους
561 5503 661 5554 τοῦ
692 5499 903 5572 κόσμου
932 5499 1060 5559 τοὺς
1091 5495 1331 5558 δικαίους
1389 5493 1596 5550 ἔσεσθαί
1651 5515 1838 5572 φησιν,
1886 5498 1971 5553 ὅτι

318 5591 427 5644 τῶν
459 5582 671 5644 ἄσεεῶν
701 5585 761 5643 ίκ
803 5587 968 5659 μέσου
1021 5586 1350 5660 γενομὶνων,
1407 5583 1498 5638 καὶ
1555 5580 1971 5658 παραδοθέντων

2057 3268 2337 3325 dicuntur
2367 3270 2683 3340 eorumqui
2701 3269 2864 3340 prius
2885 3269 2996 3323 iter
3043 3267 3313 3322 fecerunt
3360 3265 3582 3320 indicia
3639 3281 3707 3320 ac

2055 3358 2222 3430 signa
2248 3357 2488 3429 pedum.
2524 3358 2670 3424 Quia
2699 3374 2834 3430 ergo
2875 3356 2935 3412 hi
2969 3357 3188 3427 posteri
3252 3361 3409 3416 sunt,
3470 3353 3706 3426 preprie

2056 3464 2123 3503 ac
2155 3452 2311 3518 apte.
2345 3447 2458 3512 his,
2488 3447 2701 3518 inquit.
2735 3447 2835 3518 qui
2870 3447 3200 3500 immanent
3233 3444 3492 3516 vestigiis
3524 3459 3711 3514 eaque

2058 3536 2477 3607 insequuntur,
2501 3536 2619 3590 sive
2643 3535 3132 3605 ambulantjuxta
3164 3533 3328 3589 illius
3349 3533 3616 3606 vestigia.
3644 3549 3712 3588 ac

2055 3625 2211 3680 viam
2235 3626 2419 3697 ipsius
2452 3641 2583 3696 quas
2617 3626 2743 3680 sine
2792 3625 3246 3680 circumcisione
3305 3629 3450 3678 erat.
3507 3645 3532 3671 ‹‹
3568 3623 3706 3686 Quae

2053 3714 2165 3771 fuit
2204 3715 2263 3768 in
2323 3714 2632 3786 praeputio.
2673 3737 2697 3761 »
2758 3716 3013 3769 Rursum
3081 3711 3384 3767 memoria)
3446 3710 3707 3780 suggerit

2057 3803 2214 3876 quod
2264 3805 2325 3859 in
2356 3803 2645 3876 praeputio
2689 3801 3026 3868 crediderit,
3063 3806 3119 3854 et
3150 3797 3528 3870 postmodum
3583 3797 3698 3852 cir-

2055 3895 2354 3951 cumcisus
2387 3894 2482 3948 sit.

2126 3985 2220 4050 IV,
2253 3985 2340 4048 23,
2374 3985 2463 4037 24.
2501 3985 2617 4038 Νοη
2648 3984 2791 4036 enim
2815 3998 2918 4051 per
2948 3982 3118 4049 legem
3166 3983 3318 4048 facta
3373 3985 3448 4032 est
3475 3979 3706 4048 promis—

2054 4075 2133 4127 sio
2164 4071 2424 4136 Abrahae,
2452 4077 2550 4124 aut
2579 4071 2771 4124 semini
2801 4071 2936 4139 ejus,
2969 4068 3150 4137 ipsum
3193 4067 3457 4121 haeredem
3509 4065 3710 4120 mundi

2055 4162 2200 4228 fore,
2231 4161 2324 4214 sed
2345 4175 2450 4228 per
2479 4156 2762 4230 justitiam
2809 4156 2955 4225 ﬁdei.
2990 4157 3051 4211 Si
3081 4157 3221 4210 enim
3255 4157 3297 4208 ii
3327 4157 3424 4226 qui
3483 4171 3550 4208 ex
3598 4154 3710 4222 lege

2056 4257 2204 4314 sunt,
2236 4249 2480 4306 hmredes
2507 4254 2651 4313 sunt,
2687 4247 2870 4302 inanis
2897 4250 3049 4316 facta
3071 4254 3148 4302 est
3179 4246 3331 4315 ﬁdes.
3359 4247 3526 4299 irrita
3554 4246 3708 4312 facta

2058 4347 2134 4396 est
2159 4340 2474 4411 promissio.
2507 4340 2644 4394 Nam
2676 4338 2764 4393 lea:
2795 4340 2934 4392 iram
2955 4343 3234 4408 operatur.
3293 4337 3444 4391 25‘!
3495 4335 3554 4391 Si
3585 4334 3712 4403 qui-

2061 4430 2182 4484 dem
2204 4429 2299 4483 ubi
2326 4443 2435 4482 non
2465 4433 2541 4484 est
2575 4427 2685 4495 (ex,
2712 4427 2791 4481 ibi.
2822 4443 2921 4482 nec
2949 4427 3304 4496 transgressio
3333 4431 3429 4480 est.

2137 4605 2567 4662 Admirandum
2598 4609 2687 4662 est
2713 4604 2872 4677 quod
2904 4604 3066 4660 dicit.
3118 4603 3299 4670 Adeo,
3350 4601 3564 4674 inquit,
3598 4600 3716 4656 cir-

2070 4695 2355 4751 cumcisio
2388 4695 2519 4751 sine
2548 4694 2663 4750 fide
2685 4694 3016 4765 justiﬁcare
3039 4693 3266 4763 nequit,
3296 4707 3488 4762 neque
3515 4705 3719 4762 proge-

2072 4786 2325 4840 nitorem
2347 4785 2454 4840 tibi
2478 4785 2616 4839 facit
2642 4784 2959 4843 Abraham.
2985 4799 3017 4837 o
3038 4782 3258 4848 Judaze,
3291 4788 3356 4836 ut
3388 4798 3498 4836 nec
3531 4781 3624 4834 lex
3657 4780 3720 4833 in

2074 4890 2191 4946 qua
2220 4874 2522 4930 extolleris
2553 4872 2874 4943 quidquam
2913 4871 3162 4926 Abrahae
3198 4871 3268 4925 ad
3297 4870 3721 4942 promissiones

2074 4963 2416 5024 contulerit,
2449 4962 2551 5016 sed
2578 4961 2704 5017 sola
2736 4961 2902 5015 ﬁdes.
2938 4961 3080 5014 Nam
3107 4976 3240 5016 cum
3273 4960 3464 5014 adhuc
3485 4973 3723 5030 prarpu-

2074 5053 2255 5109 tiatus
2286 5057 2526 5117 esset,et
2547 5057 2682 5104 ante
2707 5050 2894 5119 legem
2917 5049 3181 5103 credenti
3218 5049 3367 5104 datae
3415 5055 3554 5103 sunt
3584 5064 3726 5119 pro-

2077 5144 2414 5199 missiones.
2452 5140 2507 5194 Si
2539 5155 2675 5209 ergo
2705 5138 2795 5192 lex
2825 5137 2952 5208 ipsa
2982 5138 3127 5191 nihil
3161 5137 3234 5192 ad
3293 5137 3724 5208 promissiones

2077 5231 2350 5290 contulit.
2385 5229 2557 5298 longe
2590 5243 2726 5298 ergo
2761 5227 2956 5281 minus
3005 5227 3378 5281 circumcisio
3438 5226 3509 5281 ad
3536 5225 3724 5297 justi-

2079 5324 2220 5378 tiam
2247 5319 2521 5376 sufﬁciet.
2558 5342 2583 5365 α
2621 5315 2925 5370 Hmredem
2958 5316 3166 5370 mundi
3199 5317 3343 5371 fore.
3379 5339 3406 5366 »
3454 5314 3728 5369 Hieredes

2080 5409 2286 5468 mundi
2321 5409 2443 5462 fore
2476 5405 2558 5460 ait
2580 5405 2964 5476 justos:quia
2994 5406 3191 5476 impiis
3209 5405 3280 5459 de
3306 5404 3500 5459 medio
3536 5402 3731 5458 subla-

2080 5501 2178 5568 tis,
2211 5515 2278 5556 ac
2310 5498 2372 5552 in
2402 5495 2496 5551 die
2521 5494 2732 5567 judicii
2765 5494 3054 5566 supplicio
3088 5495 3345 5560 traditis,
3384 5494 3730 5550 universum

2081 5590 2364 5660 deinceps
2385 5584 2676 5643 mundum
2704 5583 3008 5641 habebunt
3054 5584 3205 5656 justi
3255 5583 3600 5640 innovatum
3634 5595 3735 5635 eo-
