4222 6194
529 348 606 406 39

1637 335 2052 400 CEOUMENII
2097 333 2405 398 TBICCE
2447 339 2824 406 EPISCOPI.

3839 351 3961 415 400

529 495 781 550 rumque
837 481 1012 532 erunt
1041 475 1304 532 caelestia
1345 473 1768 546 terrestriaque
1799 473 1975 530 bona.
2009 495 2036 522 ‹‹
2069 470 2182 528 Sed

2295 473 2518 531 κολάσει
2569 476 2622 532 ἐν
2679 482 2748 554 τῇ
2807 485 2910 549 τῆς
2967 478 3198 556 κρίσεως
3261 481 3468 555 ἡμέρᾳ,
3524 481 3618 538 τὸν
3680 483 3958 557 σύμπαντα

533 565 934 640 perju-ititiam
965 565 1124 620 fidei.
1153 565 1206 619 Si
1226 564 1384 620 enim
1411 565 1446 618 ii
1473 564 1576 634 qui
1602 580 1668 619 ex
1695 564 1820 635 lege
1840 568 2046 630 sunt,»
2070 567 2180 616 etc.

533 661 674 712 Nam
691 675 722 726 q
735 657 787 710 ui
807 657 916 728 legi
942 657 1422 726 ltmrettanquam
1441 655 1662 710 salvum
1679 653 1916 708 facienti
1934 652 2185 707 salutem

536 761 664 815 qua:
684 761 790 816 per
809 745 980 800 fidem
1001 751 1088 799 est
1111 744 1372 816 negligit.
1407 767 1432 792 ιι
1459 742 1730 798 llaeredes
1755 765 1778 790 ιι
1803 749 2021 798 autem.
2047 747 2188 811 puta

537 835 700 906 regni
724 835 1026 889 cozlorum.
1055 835 1181 890 Alio
1211 835 1388 888 modo.
1414 834 1556 888 Cum
1579 833 1741 904 prius
1762 831 2008 886 dixisset
2029 829 2186 900 quod

537 924 837 979 Abraham
861 925 1000 979 dum
1019 925 1404 996 pra‘putiatus
1428 929 1584 978 esset
1606 921 1877 988 credidit,
1897 919 2187 991 acjustifi-

538 1021 704 1069 catus
719 1019 898 1082 est,ut
915 1014 1175 1068 fidelium
1193 1011 1803 1085 paterliabereturqui
1823 1011 1882 1064 in
1899 1009 2184 1081 praeputio

538 1111 738 1158 essent
762 1121 774 1158 :
800 1104 951 1158 etob
975 1103 1034 1158 id
1057 1109 1262 1174 postea
1303 1101 1688 1157 circumcisus
1726 1105 1836 1164 est,
1884 1106 1952 1153 ut
1980 1113 2184 1152 eorum

537 1193 712 1248 etiam
733 1199 898 1264 pater
919 1191 1418 1264 reputaretur.qui
1439 1191 1498 1245 in
1516 1189 1966 1245 circumcisione
1985 1185 2184 1242 crede-

532 1289 694 1337 rent:
720 1299 972 1352 cumque
997 1283 1172 1336 etiam
1193 1280 1534 1334 adduxisset
1555 1296 1620 1334 ac
1643 1277 2004 1332 ostendisset
2025 1274 2182 1346 quod

532 1373 717 1444 magis
767 1377 1074 1442 reputetur
1131 1375 1297 1440 pater
1355 1385 1584 1437 eorum,
1629 1369 1726 1438 qui
1787 1368 1846 1420 in
1893 1367 2181 1438 prmputio

530 1459 930 1526 crediderunt,
984 1475 1052 1514 eo
1096 1457 1252 1528 quod
1309 1463 1366 1512 et
1397 1463 1534 1512 ante
1567 1456 2082 1512 circumcisionem
2127 1467 2186 1510 et

529 1555 664 1604 ante
679 1549 866 1621 legem
883 1549 1072 1619 ipsam
1090 1565 1218 1619 quae
1237 1547 1748 1603 circumcisionem
1772 1563 2006 1618 quoque
2029 1562 2185 1602 com-

533 1638 834 1709 plectitur,
861 1639 987 1710 ipse
1010 1645 1066 1693 et
1098 1636 1352 1692 credidit
1400 1643 1456 1692 et
1499 1635 1645 1691 fides
1681 1636 1810 1708 ejus
1845 1641 2180 1706 computata

537 1735 628 1784 est
657 1729 1064 1800 adjustitiam,
1107 1729 1255 1794 haec,
1315 1728 1581 1798 inquam,
1642 1742 1776 1782 cum
1825 1725 2090 1790 dixisset,
2127 1729 2184 1779 et

2299 561 2495 620 λοιπὸν
2526 567 2732 640 κόσμον
2771 567 2980 640 ἕξουσιν
3017 571 3068 626 οἱ
3123 569 3326 626 δίκαιοι
3384 570 3822 637 ἀνακαινισθὲντα
3871 575 3960 630 καὶ

2299 653 2472 710 αὐτων
2501 654 2648 713 ἔσται
2679 659 2742 712 τὰ
2771 658 2992 735 οὐράνια
3041 661 3210 736 ἀγαθὰ
3256 661 3348 716 καὶ
3396 661 3462 715 τὰ
3511 659 3742 736 ἐπίγεια.
3777 688 3804 714 ‹‹
3837 666 3958 734 Τῆς

2295 744 2549 816 πίστεως,
2585 749 2774 825 φησίν.
2821 749 2882 806 El
2904 750 3007 824 γὰρ
3045 751 3096 804 οἱ
3127 749 3184 806 ἐκ
3225 752 3420 823 νόμου,
3457 775 3484 801 ιι
3541 751 3629 806 καὶ
3687 753 3754 806 τὰ
3811 753 3956 824 ἑξῆς·

2296 834 2356 890 Ὁ
2381 837 2483 908 γὰρ
2519 835 2793 915 ἐχόμενος
2833 844 2930 894 τοῦ
2987 841 3159 912 νόμου
3214 839 3287 903 ὡς
3347 841 3640 908 σώζοντος,
3701 841 3956 912 ἀτιμάζει

2295 925 2392 992 τήν
2423 923 2510 980 διὰ
2543 925 2779 986 πίστεως
2811 931 3105 1002 σωτηρίαν.
3132 951 3162 984 ιι
3187 930 3542 1005 Κληρονόμοι
3575 955 3595 980 ι
3627 927 3835 991 est)?»
3857 937 3958 1000 τῆς

2294 1017 2403 1067 τῶν
2437 1013 2678 1088 οὐρανῶν
2717 1017 3019 1090 βασιλείας.
3083 1051 3148 1062 —-
3201 1019 3443 1079 Ἄλλως.
3497 1021 3704 1092 [ΦΩΤ]
3765 1019 3954 1076 Εἰπὼν

2295 1103 2555 1178 πρότερον
2590 1105 2672 1160 δτι
2705 1103 2792 1160 διὰ
2821 1111 2983 1162 τοῦτο
3015 1103 3350 1180 ἆκρόϐυστος
3405 1108 3478 1162 ὥν
3530 1104 3782 1181 Ἀϐρααμ
3831 1107 3950 1163 ἐπί-

2295 1213 2477 1248 στευσε
2533 1193 2622 1248 καί
2681 1191 3000 1266 ἐδικαιώθη,
3053 1197 3144 1252 ἳνα
3199 1199 3382 1271 πατὴρ
3441 1197 3677 1273 λογισθῇ
3727 1202 3836 1252 τῶν
3893 1198 3955 1252 ἐκ

2293 1277 2620 1356 ἀκροϐυστίᾳ
2679 1289 2907 1354 πιστῶν,
2967 1285 3056 1340 καὶ
3139 1283 3228 1340 διὰ
3307 1290 3470 1340 τοῦτο
3555 1283 3724 1341 πάλιν
3795 1307 3952 1362 περι-

2295 1373 2532 1444 ετμήθη,
2559 1370 2650 1428 ’ίνα
2679 1373 2767 1428 καὶ
2797 1379 2904 1428 τῶν
2938 1373 2989 1428 ἐν
3037 1379 3311 1450 περιτομῇ
3372 1380 3576 1430 πιστῶν
3633 1377 3822 1451 πατήρ
3869 1397 3953 1431 νο-

2299 1463 2486 1536 μισΟῇ,
2539 1462 2629 1516 καὶ
2669 1462 2960 1541 ἐπαγαγὼν
3019 1465 3110 1520 καὶ
3163 1463 3474 1535 ἀποδείξας,
3533 1465 3616 1520 ὃτι
3653 1465 3746 1520 καί
3811 1464 3951 1537 μᾶλ-

2298 1563 2392 1604 Λον
2423 1548 2696 1626 λογίζεται
2723 1555 2907 1628 πατὴρ
2937 1557 3044 1608 τῶν
3079 1554 3130 1608 ἐν
3167 1549 3496 1628 ἀκροϐυστίᾳ
3545 1559 3777 1622 πιστῶν,
3835 1553 3948 1625 ὅσῳ

2293 1640 2382 1694 καὶ
2416 1641 2523 1716 πρὸ
2551 1649 2654 1712 τῆς
2683 1649 2989 1717 περιτομῆς
3019 1643 3111 1698 καὶ
3139 1644 3245 1719 πρὸ
3277 1642 3444 1699 αὐτοῦ
3475 1648 3571 1698 τοῦ
3629 1645 3803 1714 νόμου
3849 1647 3946 1698 τοῦ

2296 1731 2384 1785 καὶ
2416 1733 2516 1800 τὴν
2549 1734 2854 1806 περιτομὴν
2905 1732 3275 1808 περιέχοντος,
3323 1733 3482 1796 αὐτὸς
3531 1733 3621 1788 καὶ
3669 1731 3944 1788 ἐπίστευσε

539 1817 612 1872 ob
645 1818 847 1874 oculos
877 1816 1225 1890 possuisset,
1251 1831 1414 1870 nunc
1445 1815 1560 1869 alio
1593 1829 1826 1885 quoque
1859 1813 2036 1867 modo
2069 1811 2180 1867 idi-

2297 1819 2386 1874 καὶ
2419 1821 2451 1888 ἡ
2481 1821 2660 1884 πίστις
2693 1821 2859 1877 αὐτοῦ
2891 1821 3145 1899 ἐλογίσθη
3207 1823 3284 1884 εἷς
3345 1820 3716 1894 δικαιοσύνην·
3777 1826 3949 1880 ταῦτα

535 1925 708 1981 psum
736 1907 997 1964 ostendit
1027 1923 1092 1962 ac
1119 1905 1258 1961 dicit
1285 1922 1298 1960 :
1327 1907 1702 1976 Supponatur
1731 1921 1851 1960 non
1885 1906 1964 1959 ita
1987 1921 2048 1960 se
2081 1905 2186 1960 ha-

533 1999 696 2066 bere,
730 2003 794 2052 nt
825 1997 1102 2062 diximus,
1137 1994 1240 2049 sed
1273 1994 1431 2050 solos
1463 2009 1563 2049 eos
1617 1994 1718 2064 qui
1752 2010 1822 2048 ex
1853 1993 1980 2066 lege
2026 1999 2184 2060 sunt,

533 2087 800 2143 haeredes
825 2103 953 2142 esse
978 2084 1466 2157 promissionum,
1507 2099 1636 2154 qua:
1661 2081 1734 2138 ad
1759 2082 2052 2138 Abraham
2077 2083 2191 2138 fac-

533 2183 606 2231 ta:
631 2182 770 2231 sunt
799 2193 810 2231 :
847 2176 1047 2245 itaque
1071 2189 1218 2228 vana
1238 2173 1353 2228 fuit
1405 2172 1552 2227 fides
1597 2173 1708 2243 ipsi
1760 2173 2032 2238 Abralun,
2065 2172 2190 2242 ipse

535 2266 696 2321 enim
730 2271 788 2319 et
818 2269 956 2320 ante
989 2263 1202 2336 legem,
1237 2267 1294 2316 et
1325 2262 1452 2316 sine
1499 2261 1625 2334 lege
1686 2262 1956 2317 credidit.
1993 2262 2190 2317 Inanis

535 2354 736 2424 itaque
759 2351 914 2406 facta
946 2356 1036 2404 est
1073 2350 1241 2416 fides,
1275 2349 1387 2404 hoc
1417 2354 1530 2416 est,
1589 2349 1742 2403 nihil
1800 2355 1907 2416 est,
1944 2366 2010 2404 ac
2069 2355 2192 2404 tota

536 2443 666 2514 ejus
698 2441 781 2495 vis
813 2439 1128 2496 obscurata
1150 2445 1276 2494 est:
1313 2437 1414 2493 sed
1463 2443 1520 2492 et
1549 2438 1979 2508 promissiones
2005 2439 2186 2492 irritae

530 2532 700 2586 facta:
729 2537 887 2594 sunt,
922 2535 1207 2600 tanquam
1237 2527 1481 2584 inutiles
1513 2543 1580 2582 ac
1613 2528 1993 2598 imperfectae.
2043 2529 2186 2582 Nam

535 2621 585 2676 si
619 2620 764 2675 fides
795 2625 1036 2692 propter
1065 2633 1242 2687 quam
1275 2623 1400 2672 erat
1429 2617 1768 2688 promissio,
1803 2617 2002 2671 inanis
2033 2616 2188 2672 facta

541 2715 630 2764 est
689 2709 866 2764 etiam
925 2705 1374 2778 promissiones.
1436 2723 1568 2776 qum
1615 2705 1890 2762 videlicet
1945 2711 2188 2776 propter

537 2798 716 2854 fidem
748 2797 917 2852 factm
948 2801 1136 2860 erant,
1171 2810 1290 2848 una
1329 2793 1707 2848 defluxerunt
1736 2801 1794 2848 et
1823 2811 1985 2848 rana:
2017 2794 2184 2850 factm

537 2891 694 2944 sunt.
717 2885 866 2952 Quid
891 2901 1025 2956 ergo
1059 2883 1592 2954 haereditariojure
1615 2882 1920 2938 habebunt
1949 2883 2048 2954 qui
2081 2900 2187 2954 per

531 2977 722 3051 legem
753 2975 1064 3038 accedunt,
1101 2974 1148 3028 si
1183 2973 1300 3028 fide
1333 2973 1494 3028 inani
1529 2972 1782 3042 reddita,
1816 2973 1996 3028 simul
2049 2989 2184 3028 cum

532 3067 647 3124 fide
681 3065 870 3122 efﬂuit
899 3063 1214 3137 promissio
1242 3062 1268 3116 ἱ)
1301 3063 1474 3118 Vides
1507 3060 1664 3134 quod
1697 3077 1764 3116 eo
1809 3062 1938 3134 ipso
1972 3079 2086 3134 quo
2123 3079 2184 3118 se

527 3157 735 3212 dicunt
753 3172 858 3227 per
884 3155 1074 3227 legem
1107 3151 1374 3208 hwredes
1409 3152 1583 3220 effici,
1617 3168 1724 3223 per
1751 3152 1862 3207 hoc
1917 3152 2178 3208 ostendi-

531 3255 628 3302 tur
658 3245 816 3318 quod
847 3243 1014 3299 nullo
1037 3241 1214 3298 modo
1250 3241 1518 3298 haeredes
1551 3243 1698 3297 fiant
1726 3241 1753 3297 ?

565 3337 718 3392 258
748 3337 827 3389 lta
845 3350 979 3406 ergo
1006 3331 1226 3402 duplici
1253 3331 1425 3384 modo
1461 3329 1730 3402 probavit
1755 3329 2186 3388 beatitudinem

531 3427 604 3483 ad
623 3423 978 3496 prteputium
999 3421 1188 3492 magis
1213 3420 1400 3490 aptari
1427 3436 1533 3491 per
1557 3419 1733 3475 fidem
1749 3465 1760 3488 ,
1776 3439 1950 3492 quam
1976 3421 2050 3476 ad
2073 3423 2184 3477 cir-

535 3513 961 3569 cumcisionem
988 3526 999 3564 :
1025 3509 1216 3581 primo
1241 3509 1414 3562 modo
1435 3514 1592 3563 recte
1621 3510 2014 3580 procedendo,
2041 3518 2094 3565 et
2120 3527 2188 3566 ex

541 3603 634 3658 his
667 3617 797 3672 qua:
828 3615 1000 3654 cerea
1028 3596 1326 3652 Abraham
1358 3603 1488 3652 acta
1520 3603 1675 3651 sunt.
1699 3599 1968 3654 Secundo
1987 3605 2186 3654 autem

539 3707 670 3748 cum
697 3690 815 3745 illis
847 3685 1434 3755 consentiens.idque
1457 3685 1612 3756 quod
1637 3685 1709 3740 ab
1731 3685 2083 3742 adversariis
2097 3689 2190 3742 di-

537 3781 780 3838 cebatur
805 3791 1293 3851 prmsupponcns,
1319 3791 1388 3829 ac
1421 3774 1741 3830 ostendens
1771 3775 1912 3846 quid
1945 3776 2186 3832 absurdi

541 3877 825 3942 sequatur
855 3867 928 3924 ad
961 3865 1432 3938 suppositionem
1465 3863 1722 3918 illorum.
1759 3865 1935 3919 Ponit
1987 3873 2184 3921 autem

537 3967 594 4014 et
627 3960 862 4014 tertiam
895 3955 1305 4029 probationem
1339 3971 1410 4009 ex
1457 3953 1586 4024 ipsa
1615 3953 1742 4025 lege
1777 3961 2094 4024 sumptam,
2129 3963 2184 4010 et

534 4049 614 4105 ait
641 4067 654 4104 :
693 4049 805 4104 Lex
844 4063 960 4118 qua
982 4046 1274 4100 fulcimini
1307 4061 1430 4099 non
1457 4043 1764 4098 observata
1795 4044 1942 4100 iram
1975 4063 2181 4116 opera-

533 4145 663 4196 tur:
704 4137 896 4192 ethoc
939 4135 1093 4190 dicto
1153 4133 1212 4188 id
1271 4132 1429 4204 quod
1479 4139 1606 4187 erat
1635 4149 2010 4204 consequens
2044 4141 2181 4190 tan-

529 4245 706 4300 quam
739 4225 1118 4281 manifestum
1153 4223 1430 4294 reliquit:
1467 4221 1523 4277 Si
1555 4221 1648 4277 lex
1695 4239 1814 4276 non
1875 4223 2184 4280 observata

527 4320 674 4374 iram
706 4321 1005 4389 Operatur,
1041 4331 1140 4368 vos
1171 4319 1368 4368 autem
1423 4313 1784 4382 prmvaricati
1819 4313 1981 4376 estis,
2018 4319 2074 4368 et
2103 4315 2182 4369 ita

526 4425 648 4464 non
682 4407 873 4461 solum
901 4403 1362 4476 promissionum
1389 4401 1666 4471 indignos
1693 4417 1791 4455 vos
1817 4401 2175 4470 reddidistis,

527 4498 629 4555 sed
662 4503 718 4552 et
749 4494 1080 4568 puniemini
1108 4509 1120 4546 :
1147 4492 1205 4546 id
1233 4491 1390 4546 enim
1412 4507 1646 4560 semper
1671 4491 2176 4546 comminatur-lex

2305 1908 2471 1964 εἰπὼν
2505 1910 2592 1964 καὶ
2625 1913 2994 1984 παραστήσας,
3027 1917 3118 1966 νῦν
3151 1912 3240 1966 καὶ
3269 1910 3434 1986 ἑτέρῳ
3463 1913 3653 1986 τρόπῳ
3701 1911 3763 1966 τὸ
3815 1909 3948 1966 αὐτὸ

2261 1993 2526 2054 ’δείκνυσι
2557 2001 2647 2055 καί
2689 2021 2868 2076 φησιν·
2920 2001 3248 2066 ’Υποκείσοω
3299 2002 3374 2072 μή
3427 2001 3600 2063 οὕτως
3649 1995 3822 2075 ἔχειν,
3869 2000 3945 2061 ὡς

2291 2081 2520 2166 ἔφημεν,
2549 2087 2694 2144 ἀλλᾶ
2725 2089 2850 2150 τοὺς
2883 2090 2944 2145 ἐκ
2991 2090 3162 2162 νόμου
3229 2091 3424 2162 μόνους
3481 2091 3618 2144 εἶναι
3676 2087 3944 2160 κληρονό-

2296 2197 2432 2248 μους
2487 2183 2595 2232 τῶν
2653 2179 2786 2250 πρὸς
2845 2174 3095 2253 Ἀϐραὰμ
3179 2177 3522 2256 ἐπαγγελῶνο
3609 2177 3806 2232 οὐκοῦν
3860 2177 3942 2238 είς

2295 2267 2468 2338 μάτην
2508 2267 2727 2344 γέγονεν
2783 2270 2818 2338 ἡ
2877 2268 3058 2332 πίστις
3116 2273 3196 2340 τῷ
3253 2263 3526 2344 Ἀϐραάμ.
3583 2267 3754 2328 Αὐτὸς
3813 2267 3942 2342 γὰρ,

2291 2357 2397 2432 πρὸ
2427 2361 2524 2412 τοῦ
2555 2359 2729 2430 νόμου
2760 2357 2849 2412 καὶ
2901 2358 3077 2433 χωρίς
3111 2362 3208 2414 τοῦ
3267 2359 3440 2432 νόμου
3485 2357 3778 2412 ἐπίστευσε.
3841 2359 3943 2413 Κε-

2293 2447 2518 2502 κὲνωται
2567 2447 2672 2521 ἆρα
2729 2449 2763 2518 ἡ
2822 2449 3023 2512 πίστις,
3085 2447 3382 2518 τουτέστιν,
3445 2445 3597 2503 οὐδὲν
3656 2445 3790 2514 ἐστι,
3849 2445 3942 2500 καὶ

2290 2535 2462 2600 αὐτῆς
2493 2537 2556 2590 τὸ
2618 2536 2752 2592 ὅλον
2810 2537 3120 2616 ἠφάνισται*
3181 2537 3324 2594 ἀλλᾶ
3381 2536 3470 2592 καῖ
3527 2538 3581 2592 αἱ
3631 2533 3948 2612 ἐπαγγελίαι

2293 2627 2742 2700 κατηργήθησαν,
2776 2626 2887 2682 οἷον
2917 2625 3187 2706 ἃχρηστοι
3221 2627 3310 2682 καὶ
3365 2625 3641 2682 ἀτέλεστοι
3685 2628 3944 2700 γεγένην-

2291 2735 2401 2770 ται.
2437 2716 2503 2772 Εἰ
2533 2719 2633 2790 γὰρ
2665 2718 2698 2785 ἡ
2732 2717 2936 2782 πίστις,
2971 2713 3046 2771 δι’
3071 2717 3136 2786 ἣν
3171 2719 3204 2786 ἡ
3232 2714 3552 2793 ἐπαγγελία,
3575 2719 3944 2790 κςταργεῖται,

2295 2802 2554 2874 δηλονότι
2587 2806 2640 2860 αἱ
2673 2805 2759 2860 ἐπί
2789 2809 2858 2877 τῇ
2890 2804 3066 2861 πίστει
3099 2805 3456 2883 ἐργαζόμεναι
3499 2802 3941 2880 συναπερῥύησαν

2293 2893 2384 2947 καὶ
2414 2894 2664 2968 γεγένασι
2697 2893 2949 2972 φροῦδοι.
2972 2895 3032 2949 Τί
3065 2896 3153 2949 οὖν
3189 2896 3240 2950 οἳ
3287 2893 3376 2949 διὰ
3432 2895 3606 2968 νόμου
3664 2892 3938 2966 κληρονο-

2293 2985 2551 3055 μήσουσι,
2583 2985 2682 3052 τῆς
2719 2984 2812 3056 μὶν
2865 2984 3094 3046 πίστεως
3151 2985 3502 3054 κενωθείσης,
3561 2982 3944 3058 συνεκρυείσης

2293 3068 2349 3126 δὲ
2378 3075 2447 3145 τῇ
2478 3071 2652 3126 πίστει
2682 3075 2782 3142 τῆς
2834 3070 3196 3148 ἒπαγγε).ίας;
3259 3074 3417 3146 Ὁρᾷς
3473 3073 3548 3136 ὡς
3591 3069 3662 3127 δι’
3719 3072 3795 3126 ὧν
3855 3067 3944 3126 λέ-

2292 3183 2445 3237 γουσι
2478 3158 2566 3215 διὰ
2594 3161 2763 3234 νόμου
2809 3161 3197 3238 κληρυνομεῖν,
3259 3159 3347 3216 διὰ
3403 3161 3613 3216 τούτων
3674 3159 3942 3216 δείκνυται

2299 3247 2562 3324 μηδόλως
2591 3249 2956 3326 κληρονομεῖν
2984 3271 2997 3321 ;

2365 3339 2474 3396 03-
2537 3362 2552 3372 .
2658 3340 2670 3360 Ι
2801 3338 2826 3358 ἢ
2905 3345 2931 3356 α
2953 3362 2972 3372 ι
3045 3341 3094 3374 ι.
3283 3341 3325 3372 ’1
3413 3361 3433 3374 Α
3875 3343 3882 3352 ο

2456 3361 2552 3402 ιω..
2585 3361 2766 3395 τοινυν
2799 3360 2970 3416 οιχω,
3000 3362 3094 3402 τα..
3139 3337 3431 3410 αποδιιξει,
3481 3338 3799 3410 ἐποιήσατο,
3852 3341 3936 3394 δτι

2297 3429 2696 3505 ὁμακαρισμὸς
2752 3429 2838 3484 ἐπὶ
2889 3431 2988 3499 τήν
3074 3427 3160 3484 διὰ
3241 3430 3475 3486 πίστεως
3577 3424 3936 3504 ἀκροϐυστίαν

2301 3517 2514 3590 μᾶλλον
2547 3519 2796 3593 ἁρμόζει,
2827 3519 2862 3588 ἤ
2895 3519 2982 3574 ἐπὶ
3031 3521 3130 3589 τήν
3186 3522 3511 3594 περιτομήν·
3563 3519 3663 3588 τήν
3713 3519 3938 3594 πρώτην

2301 3603 2394 3675 μὲν
2421 3601 2502 3658 ἐπ’
2534 3605 2739 3666 εὐθείας
2769 3605 3112 3681 προαγαγὼν,
3145 3605 3233 3660 καὶ
3293 3605 3344 3675 ἐξ
3403 3603 3577 3659 αὐτῶν
3637 3609 3744 3659 τῶν
3807 3603 3944 3657 κατά

2293 3688 2388 3740 τὸν
2447 3683 2700 3762 Ἀϐρααμ
2759 3688 3134 3763 πραχθέντων
3191 3689 3288 3757 τήν
3375 3685 3623 3762 δευνέραν
3699 3685 3756 3742 δέ
3813 3707 3940 3740 συν-

2297 3773 2518 3850 δραμὼν
2579 3776 2800 3842 ἐκείνοις
2850 3779 2940 3832 καὶ
3005 3779 3222 3842 ὑποθεὶς
3275 3778 3338 3832 τὸ
3415 3778 3560 3851 παρὰ
3637 3781 3744 3830 τῶν
3799 3775 3940 3830 ἐναν-

2292 3863 2422 3920 τίων
2457 3863 2772 3940 λεγὸμενον,
2831 3867 2920 3922 καὶ
2972 3865 3146 3938 δείξας
3203 3869 3318 3922 οἷον
3377 3867 3575 3921 ἄτοπον
3628 3861 3810 3918 ἕπεται
3869 3867 3936 3936 τῇ

2297 3955 2541 4009 ὑποθὲσει
2575 3955 2768 4014 αὐτῶν.
2803 3957 2994 4027 Τίοησι
3027 3953 3084 4012 δὲ
3113 3956 3201 4011 καὶ
3235 3957 3416 4030 τρίτην
3469 3950 3741 4022 ἀπόδειξιν
3793 3951 3938 4024 λαμ·

2294 4037 2599 4116 ϐανομὲνην
2633 4045 2684 4114 ἒξ
2717 4043 2884 4098 αὐτοῦ
2913 4049 3009 4100 τοῦ
3039 4044 3234 4118 νόμου,
3273 4044 3361 4099 καί
3417 4063 3599 4120 φησιν⁸
3633 4041 3694 4099 Ὀ
3743 4041 3940 4114 νόμος,

2293 4131 2370 4212 ἐφ’
2405 4132 2449 4205 ᾧ
2481 4131 2831 4208 ἐπερείδεσοε,
2891 4130 3246 4207 παραϐαοεῖς,
3309 4134 3480 4210 ὀργὴν
3527 4131 3935 4207 κατεργάζεται.

2293 4225 2473 4279 Τοῦτο
2505 4223 2694 4292 εἰπὼν,
2732 4225 2795 4280 τὸ
2826 4224 3122 4280 ἀκόλουθον
3165 4225 3239 4287 ὡς
3291 4222 3461 4293 δῆλον
3516 4219 3824 4279 κατέλιπεν.
3877 4219 3940 4276 Εἴ

2291 4310 2381 4366 οὖν
2416 4313 2642 4384 ὁνόμος
2703 4315 2872 4390 ὀργὴν
2929 4313 3309 4388 κατεργάζεται
3365 4307 3719 4388 παραϐαοεὶς,
3781 4311 3938 4382 ὑμεῖς

2291 4398 2348 4456 δὲ
2402 4397 2840 4476 παραϐεϐηκατε,
2915 4403 2976 4458 οὒ
3038 4404 3198 4476 μονον
3261 4403 3607 4479 ἐπαγγελιῶν
3669 4399 3767 4454 οὐκ
3821 4397 3936 4452 ἐστὲ

2289 4489 2450 4562 ἄξιοί,
2481 4491 2628 4547 ἀλλὰ
2657 4492 2747 4546 καὶ
2776 4495 3249 4568 τιμωρηθήσεσοε·
3283 4496 3445 4547 τοῦτο
3477 4491 3578 4564 γαρ
3631 4491 3764 4562 ἡμῖν
3821 4485 3937 4541 δια-

525 4586 1100 4660 transgressoribus:
1127 4581 1422 4653 quomodo
1450 4596 1583 4652 ergo
1605 4579 1976 4634 salvabimini
1993 4581 2020 4635 ?
2042 4599 2182 4652 quo-

2292 4581 2480 4641 παντὸς
2511 4581 2538 4634 ὁ
2577 4581 2744 4652 νόμος
2803 4577 3244 4656 παραϐεϐηκόσιν
3294 4580 3712 4636 ἐπανατείνεται·
3767 4577 3930 4631 πόθεν

527 4678 702 4734 modo
733 4669 1852 4746 complebunturvobispromissiones?
1875 4673 2014 4724 Cum
2039 4687 2176 4742 ergo

530 4775 588 4823 et
617 4769 741 4822 haec
761 4773 818 4821 et
837 4765 952 4820 alia
975 4763 1130 4819 dicta
1155 4763 1292 4826 sint,
1320 4777 1385 4814 ac
1417 4759 1889 4814 demonstratum
1913 4760 1990 4814 sit
2020 4761 2178 4831 quod

531 4873 600 4912 ex
631 4857 755 4927 lege
781 4867 1164 4924 nequaquam
1199 4849 1385 4922 possit
1414 4847 1618 4902 haberi
1649 4847 1848 4904 salus:
1879 4849 2178 4920 reliquum

531 4951 618 4999 est
649 4943 721 4997 ad
751 4943 998 5014 gratiam
1025 4939 1359 5010 confugere.
1387 4953 1516 5007 quaa
1549 4953 1654 5007 per
1673 4934 1848 4991 fidem
1867 4943 2180 5006 prmstatur

530 5031 823 5103 siquidem
861 5045 964 5100 per
995 5029 1144 5082 hanc
1195 5025 1622 5098 promissiones
1675 5025 2088 5096 perficiuntur,
2123 5034 2180 5083 et

529 5121 822 5176 Abraham
845 5118 1112 5172 omnium
1139 5123 1306 5187 pater
1328 5115 1602 5170 efﬁcitur.
1633 5119 1835 5184 Itaque
1861 5115 2047 5186 ipsius
2075 5117 2178 5173 Da-

526 5211 622 5264 \id
663 5207 1021 5263 heatificatio
1068 5223 1198 5260 cum
1235 5206 1310 5258 sit
1365 5203 1699 5259 communis
1731 5203 1802 5258 ad
1835 5221 2043 5260 omnes
2075 5207 2176 5276 qui

525 5321 558 5373 ιι
587 5319 628 5354 -ι-
662 5299 836 5353 fidem
859 5296 1178 5360 salvantur,
1217 5312 1333 5348 non
1363 5293 1578 5358 minus,
1601 5293 1746 5363 quin
1773 5293 1957 5366 magis
1981 5297 2176 5366 potius

525 5389 827 5445 altileles
888 5393 1142 5456 aptatur.
1205 5384 1302 5455 qui
1369 5383 1426 5436 in
1485 5383 1775 5452 praeputio
1837 5391 2172 5442 venerunt:

529 5487 748 5551 quanto
773 5479 950 5533 etiam
983 5476 1148 5548 prius
1181 5474 1243 5528 in
1275 5471 1570 5527 Abraham
1609 5471 1914 5527 veritatem
1947 5473 2172 5544 habuit,

529 5585 664 5624 cum
696 5573 851 5622 esset
881 5565 942 5620 in
975 5562 1288 5636 prmputio.
1324 5583 1352 5610 «ι
1383 5558 1555 5615 Irrita
1599 5558 1754 5615 facta
1809 5567 1898 5616 est
1953 5565 2173 5633 promi-

531 5660 639 5716 sio.
673 5679 700 5710 ιι
734 5657 1036 5726 Tanquam
1070 5655 1270 5708 essent
1323 5645 1586 5714 inutiles,
1629 5647 1810 5706 irrita;
1840 5650 2008 5708 facta:
2037 5659 2174 5713 sunt

2290 4668 2380 4723 οὖν
2433 4671 2787 4740 σωοἤσεσοε;
2843 4671 3002 4734 πόθεν
3069 4673 3194 4743 ὑμῖν
3257 4671 3310 4724 αἱ
3368 4665 3690 4744 ἐπαγγελίαι
3743 4686 3756 4734 ;
3813 4666 3928 4720 ἐπεὶ

2289 4758 2378 4810 οὗν
2411 4758 2476 4812 ti
2506 4779 2564 4813 τε
2620 4756 2764 4813 ἄλλα
2821 4757 3052 4833 εἶ’ρηται,
3110 4759 3198 4812 καὶ
3259 4755 3523 4812 δέδεικται
3581 4757 3666 4809 ὃτι
3725 4754 3814 4808 καὶ
3873 4751 3935 4808 ἐκ.

2285 4852 2382 4902 τοῦ
2433 4849 2606 4920 νόμου
2661 4848 2760 4902 οὐκ
2829 4843 2970 4903 ἔστιν
3029 4847 3176 4908 ὅλως
3236 4845 3614 4915 δικαιωθῆναι,
3693 4843 3932 4900 λείπετει

2287 4943 2608 5012 καταφυγεῖν
2669 4937 2756 4992 ἐπὶ
2813 4940 2911 5007 την
2975 4935 3062 4992 διὰ
3125 4937 3360 4999 πίστεως
3419 4939 3603 5010 χάριν.
3663 4933 3762 4989 Διὰ
3811 4931 3936 4987 ταύ-

2285 5047 2384 5095 της
2416 5027 2518 5102 γὰρ
2568 5027 2624 5080 αἱ
2683 5025 3002 5100 ἐπαγγελίαι
3062 5030 3438 5100 περατοῦνται,
3495 5023 3585 5078 καὶ
3647 5023 3675 5076 ὁ
3732 5017 3930 5096 Ἀϐρα-

2290 5115 2366 5188 ὰμ
2417 5117 2634 5170 πάντων
2686 5115 2884 5190 γίνεται
2944 5117 3146 5190 πατήρ·
3207 5115 3546 5169 Ὦστεὸτοῦ
3605 5109 3768 5166 Δαυίδ
3831 5131 3932 5184 μα-

2285 5205 2551 5276 καρισμὸς
2605 5207 2791 5266 κοινὸς
2856 5205 3118 5279 {amiple
3195 5203 3282 5258 ἐπὶ
3365 5207 3474 5256 τῶν
3535 5199 3625 5256 διὰ
3699 5200 3932 5259 πίστεως

2286 5295 2606 5365 σωζομένων
2665 5295 2900 5362 πάντων,
2963 5293 3072 5368 οὐχ
3127 5293 3314 5362 ἦττον,
3365 5291 3512 5348 ἀλλὰ
3563 5291 3654 5346 καὶ
3717 5288 3929 5360 μᾶλλόν

2285 5381 2424 5436 ἐστιν
2475 5382 2560 5437 ἐπὶ
2609 5388 2716 5436 τῶν
2773 5381 2822 5437 ἐν
2879 5377 3209 5457 ἀκροϐυστίᾳ
3292 5386 3498 5436 πιστῶν
3585 5373 3930 5456 ὲφαρμόζων,

2285 5473 2396 5545 ὅσῳ
2453 5473 2542 5527 καὶ
2601 5479 2817 5548 πρῶτον
2871 5471 2958 5528 ἐπὶ
3013 5477 3108 5528 τοῦ
3177 5471 3228 5526 ἐν
3289 5468 3622 5546 ἀκροϐυστίᾳ
3683 5461 3934 5540 Ἀϐραὰμ

2283 5560 2452 5638 ἐφάνη
2484 5559 2794 5631 ἀληθεύων.
2839 5585 2868 5614 ‹‹
2919 5563 3275 5638 Καττξργηται
3325 5563 3360 5629 ἡ
3415 5555 3728 5634 ἐπαγγελία.
3763 5580 3790 5608 ››
3841 5555 3933 5616 Ὦς

2283 5651 2344 5707 οὐ
2403 5648 2692 5728 χρειώδεις
2753 5649 2927 5722 οὖσαι,
3016 5653 3388 5727 κατήργηνται
3445 5649 3499 5704 αἱ
3551 5642 3932 5722 ἰπαγγελείαι,
