4198 6198
366 363 487 425 401

1470 365 1885 427 COMMENT.
1932 363 2021 427 IN
2066 363 2320 428 EPIST.
2376 369 2477 430 AD
2523 373 2719 434 ΗΘΜ.

3683 388 3803 450 4οἳ

368 493 653 553 τουτέστιν
685 496 951 570 ἄπρακτοι
981 496 1258 573 γεγόνασι.
1311 501 1438 563 Πῶς
1473 518 1488 568 ;
1520 497 1571 553 εἴ
1623 496 1723 575 γὰρ
1756 499 1791 569 ἡ
1849 496 2018 559 πίστις

2148 503 2575 575 promissiones
2601 522 2614 561 :
2649 508 2761 565 hoc
2791 514 2881 566 est
2905 511 3242 571 inefficaces
3263 515 3798 587 fuerunt.Quonam

369 591 724 663 καταργεῖται
758 583 827 641 δι’
862 583 932 657 ἤν
996 588 1049 642 αἱ
1106 586 1456 662 ἐπαγγελίαι,
1517 584 1778 659 δηλονότι
1830 608 2036 663 συγκα-

366 680 701 753 ταργοῦνται
734 676 788 731 αἱ
820 674 1159 754 ἐπαγγελίαι.
1194 676 1261 733 Εἰ
1303 675 1361 734 δὲ
1399 678 1555 733 αὗται
1595 679 2035 755 καταργηθῶσιν,

368 763 500 822 οὐδὲ
531 766 558 822 6
595 761 851 841 ’Λϐραᾶμ
877 768 1057 842 πατὴρ
1078 767 1251 829 τινός.

445 946 547 1001 Διὰ
578 948 741 1000 τοῦτο
777 944 838 1001 ἐκ
891 948 1150 1011 πίστεως,
1186 941 1279 999 ’ίνα
1332 945 1471 1001 κατᾶ
1527 946 1713 1021 χάριν,
1810 945 1889 1009 είς
1970 946 2033 1001 τὸ

368 1036 516 1092 εἶναι
567 1029 789 1112 βεϐαίαν
889 1036 988 1104 τὴν
1093 1032 1424 1110 ἐπαγγελίαν
1476 1035 1632 1089 παντὶ
1709 1039 1788 1108 τῷ
1866 1036 2031 1112 σπὲρ-

371 1146 532 1199 ματι*
611 1125 677 1180 οὐ
752 1129 832 1196 τῷ
909 1125 968 1179 ἐκ
1040 1128 1136 1180 τοῦ
1209 1124 1384 1197 νόμου
1414 1124 1599 1197 μόνον,
1630 1123 1896 1180 ἀλλὰκαὶ
1952 1128 2033 1198 τῷ

370 1214 436 1269 ἐκ
510 1213 749 1278 πίστεως
827 1211 1096 1290 Ἀϐραὰμ,
1172 1213 1231 1276 ’ὸς
1334 1210 1445 1268 ἐστι
1544 1214 1724 1288 πατὴρ
1817 1214 2033 1269 πάντων

365 1307 558 1378 ¹ἡμῶν,
633 1304 814 1368 καθὼς
888 1306 1207 1380 γέγραπται,
1313 1303 1399 1360 ’ὁτι
1491 1304 1704 1379 Πατὲρα
1804 1302 2032 1360 πολλῶν

367 1391 539 1448 ἐθνῶν
618 1393 835 1457 τέθεικά
908 1414 985 1448 σε’
1061 1393 1341 1449 κατέναντι
1418 1390 1480 1448 οῦ
1539 1391 1839 1461 ἐπίστευσε,
1872 1397 2029 1465 Θεοῦ,

361 1488 462 1539 τοῦ
487 1487 891 1552 ζωοποιοῦντος
923 1481 1051 1546 τοὺς
1078 1481 1323 1558 νεκροὺς,
1367 1482 1457 1538 καὶ
1518 1479 1816 1546 καλοῦντος
1846 1481 1913 1538 τὰ
1950 1481 2027 1556 μὴ

363 1573 498 1629 ὄντα
530 1573 605 1636 ὡς
641 1568 792 1629 ὅντα.

439 1664 547 1721 Καὶ
574 1661 773 1733 οὕτως,
805 1664 995 1742 φησὶν,
1043 1661 1103 1718 οὐ
1164 1660 1256 1718 διὰ
1309 1666 1406 1718 τοῦ
1458 1662 1629 1736 νόμου
1686 1658 2027 1739 βεϐαιοῦνται

366 1753 424 1809 αἱ
479 1750 835 1831 ἐπαγγελίαι,
894 1750 981 1808 ὅτι
1037 1750 1238 1827 τρόπον
1301 1750 1424 1808 τινὰ
1476 1751 1567 1806 καὶ
1613 1749 2025 1826 ἐμποδίζονται.

2145 592 2320 647 modo
2348 594 2375 648 ἱ)
2395 596 2541 650 Nam
2567 597 2614 651 si
2650 598 2797 654 fides
2855 610 3098 675 propter
3127 622 3304 677 quam
3334 616 3504 664 erant
3542 615 3799 683 promis-

2146 681 2366 751 siones,
2429 683 2598 742 irrita
2654 688 2943 755 redditur,
3007 710 3378 767 consequens
3418 681 3625 765 est,_ut
3678 719 3798 759 una

2144 773 2579 842 promissiones
2602 794 2840 850 quoque
2864 780 3044 837 irritas
3076 784 3439 841 reddantur:
3464 790 3679 860 quodsi
3707 793 3795 847 has

2146 860 2292 916 ﬂant
2323 862 2525 933 irritm,
2560 882 2754 939 neque
2787 868 3084 926 Abraham
3116 874 3468 947 cujusquam
3489 884 3656 950 pater
3684 886 3794 937 est.

2214 1040 2306 1106 IV,
2343 1044 2431 1100 l6.
2466 1044 2548 1098 17.
2586 1045 2793 1104 Idcirco
2819 1066 2888 1105 ea:
2915 1050 3024 1121 ﬁda
3075 1057 3169 1113 est,
3204 1059 3266 1107 ut
3319 1055 3613 1112 secundum
3667 1077 3799 1130 gra-

2143 1130 2300 1197 tiam,
2332 1137 2394 1185 ut
2432 1135 2595 1202 ﬁrma
2641 1135 2716 1191 sit
2764 1141 3055 1209 promissio
3113 1140 3265 1195 omni
3318 1146 3559 1199 semini:
3592 1163 3703 1203 non
3750 1152 3801 1204 ei

2142 1223 2357 1273 tantum
2386 1222 2537 1291 quod
2564 1240 2633 1278 ex
2665 1225 2781 1296 lege
2811 1235 2906 1296 est,
2940 1244 3126 1283 verum
3156 1231 3323 1285 etiam
3348 1231 3402 1286 ei
3428 1236 3577 1304 quod
3605 1251 3674 1291 ea:
3691 1238 3801 1306 ﬁde

2141 1308 2452 1377 Abraham,
2511 1314 2609 1382 qui
2661 1321 2738 1370 est
2802 1324 2967 1388 pater
3023 1317 3272 1374 omnium
3327 1327 3596 1387 nostrum,
3661 1328 3803 1382 sicut

2138 1399 2407 1468 scriptum
2438 1406 2516 1456 est
2549 1418 2562 1457 :
2600 1407 2818 1460 Patrem
2874 1407 3182 1463 multarum
3212 1412 3459 1478 gentium
3482 1416 3647 1483 posui
3692 1421 3742 1472 te
3779 1433 3801 1481 ;

2139 1502 2325 1542 coram
2356 1490 2463 1543 Deo
2512 1492 2601 1545 cui
2648 1494 2906 1563 credidit,
2966 1496 3066 1566 qui
3118 1497 3366 1567 viviﬁcat
3424 1508 3688 1572 mortuos,
3732 1521 3796 1562 ac

2139 1583 2299 1631 vocat
2327 1594 2393 1633 ea
2421 1594 2542 1652 qua
2572 1597 2680 1637 non
2710 1591 2836 1638 sunt
2864 1586 3008 1639 sicut
3038 1601 3102 1641 ea
3130 1602 3251 1656 qua:
3284 1595 3431 1643 sunt.

2210 1667 2279 1721 Et
2308 1666 2411 1737 ita,
2443 1669 2660 1741 inquit,
2692 1689 2812 1728 non
2845 1673 3159 1729 firmantur
3186 1692 3292 1748 per
3322 1676 3511 1750 legem
3537 1683 3793 1753 promis-

2138 1755 2359 1824 siones,
2394 1756 2501 1813 sed
2532 1759 2970 1830 quodammodo
3005 1762 3184 1819 etiam
3215 1765 3641 1837 impediuntur.
3667 1772 3791 1837 Quo

370 1847 500 1905 Πῶς
538 1863 555 1915 ;
588 1843 675 1898 ὅτι
708 1843 736 1898 6
765 1839 937 1915 νόμος
998 1841 1168 1917 ὀργήν
1226 1842 1630 1943 κατεργάζεται,
1694 1838 2018 1918 παραϐαοεῖς

2139 1849 2309 1916 pacto
2342 1845 2369 1900 ?
2389 1845 2535 1902 Nam
2569 1847 2663 1905 lex
2693 1850 2841 1906 iram
2865 1860 3293 1924 operatur,non
3321 1863 3549 1914 servata
3574 1859 3791 1917 videli-

367 1931 659 2003 δηλονότι.
693 1928 889 1996 Οὐδεὶς
914 1930 1015 2008 γὰρ
1048 1930 1212 1988 αὐτὸν
1246 1928 1441 2007 ἴσχυσε
1496 1930 1812 2006 πληρῶσαι.
1865 1934 2031 1989 Ἔνθα

378 2021 438 2080 δὲ
470 2023 636 2098 ὀργῆ,
664 2027 781 2086 πῶς
810 2021 1158 2098 κληρονομία
1194 2041 1208 2091 ;
1241 2026 1357 2085 πῶς
1411 2019 1826 2098 κληρονομήσει
1858 2023 1886 2077 6
1917 2024 2029 2099 ὡρ-

365 2114 628 2187 γισμένος
662 2157 676 2181 ,
710 2117 825 2176 πῶς
856 2111 1075 2182 ἥξουσιν
1110 2111 1163 2165 αἱ
1190 2109 1511 2187 ἐπαγγελίαι
1545 2131 1559 2181 ;
1590 2113 1650 2167 Ἠ
1710 2109 1767 2168 δὲ
1820 2111 2026 2182 πίστις,

374 2202 536 2282 ρησὶ,
566 2204 665 2269 τὴν
698 2204 859 2282 χάριν
890 2200 1085 2277 εἰσάγει
1119 2206 1215 2256 τοῦ
1247 2205 1401 2259 Θεοῦ.
1437 2201 1673 2276 Χάριτος
1720 2198 1777 2257 δὲ
1834 2199 2024 2273 οὔσης,

374 2286 635 2361 ἔρχονται
690 2293 778 2347 καὶ
835 2290 1175 2366 πληροῦνται
1230 2292 1285 2346 αἱ
1344 2289 1684 2368 ἐπαγγελίαι.
1738 2316 1764 2342 ι(
1816 2292 1913 2353 Εἷς
1967 2293 2027 2347 τὸ

369 2383 516 2438 εἶναι
578 2378 798 2458 βεϐαίαν
844 2384 942 2452 τὴν
997 2380 1348 2457 ἐπαγγελίαν.
1398 2407 1424 2434 ››
1484 2383 1650 2446 Ἔνθα
1707 2383 1810 2457 γὰρ
1864 2383 2025 2459 χάρις

373 2477 536 2541 Θεοῦ,
569 2473 672 2527 οὐκ
700 2470 779 2528 ἔτι
810 2465 1112 2547 ἀμνρίϐολοι
1144 2471 1198 2525 αἱ
1231 2468 1565 2547 ἐπαγγελίαι,
1596 2469 1745 2529 ἀλλᾶ
1784 2468 2020 2545 βεϐαιοι.

370 2561 513 2625 Θεὸς
540 2561 659 2634 γὰρ,
693 2560 879 2641 φησίν,
912 2561 939 2615 ὁ
997 2557 1221 2615 δικαιῶν
1280 2560 1492 2636 χάριτι,
1547 2561 1629 2623 τίς
1682 2562 1710 2616 ὁ
1766 2564 2027 2637 κατακρί-

366 2672 479 2705 νων
511 2649 588 2720 ;’«
624 2652 790 2706 ιΙάντι
818 2655 895 2719 τῷ
920 2651 1211 2725 σπέρματι.
1261 2673 1288 2701 υ
1347 2650 1417 2704 Τὸ
1477 2646 1802 2725 ὑπερϐατὸν,
1860 2652 2026 2706 Παντὶ

372 2744 456 2812 τῷ
483 2742 751 2815 σπέρματι
782 2733 1054 2813 Ἀϐραάμ.
1083 2763 1110 2791 ι(
1154 2738 1232 2794 Οὐ
1279 2743 1359 2811 τῷ
1418 2737 1477 2795 ἐκ
1540 2744 1636 2794 τοῦ
1688 2740 1862 2813 νόμου
1924 2741 2026 2815 μό-

378 2850 548 2887 νον.»
585 2830 677 2886 Ἐκ
733 2832 831 2885 τοῦ
860 2827 1034 2903 νόμου
1088 2824 1260 2905 λέγει,
1317 2827 1445 2891 τοὺς
1504 2828 1554 2901 ἐξ
1614 2827 1893 2886 Ἰουδαίων
1951 2830 2028 2896 εἷς

377 2920 479 2987 τήν
535 2917 715 2973 πίστιν
774 2915 1054 2980 ἐλθόντας.
1113 2941 1134 2969 ι
1186 2915 1396 2993 Πατέρα
1467 2915 1695 2974 πολλῶν
1754 2916 1936 2976 ἐθνῶν.
1996 2942 2025 2971 u

376 3007 517 3072 Τοὺς
546 3007 725 3083 χωρῖς
754 3007 932 3082 νόμου
962 3007 1189 3067 πιστοὺς
1209 3008 1554 3082 γενομένους.
1585 3010 1728 3083 ’Ὅρα
1785 3005 1841 3064 δὲ
1906 3012 2023 3072 πῶς

372 3096 573 3153 λοιπὸν
603 3097 858 3153 συνάπτει
889 3095 1013 3160 τοὺς
1054 3093 1149 3151 δύο
1204 3094 1394 3165 λαοὺς,
1452 3097 1542 3151 καὶ
1600 3098 1815 3153 πάντων
1874 3102 2023 3153 ποιεῖ

365 3186 574 3263 πατέρα
623 3188 717 3243 τὸν
792 3180 1069 3261 Ἀϐρααμ.
1130 3209 1159 3238 ‹‹
1215 3186 1508 3243 Κατὲναντι
1583 3184 1645 3242 οῦ
1719 3184 2020 3259 ἐπίστευσε,

364 3281 525 3333 Θεοῦ.
562 3302 590 3330 ››
620 3277 933 3347 Τουτέστιν,
961 3274 1144 3352 ὣσπερ
1188 3276 1215 3330 6
1273 3276 1402 3340 Θεὸς
1455 3275 1555 3331 οὐκ
1604 3269 1716 3331 ἔστι
1777 3277 2019 3353 μερικὸς,
2054 3246 2097 3314 C

370 3367 522 3425 ἀλλά
549 3370 765 3424 πάντων
825 3367 976 3435 Θεὸς,
1036 3367 1210 3429 οὓτως
1268 3367 1358 3422 καὶ
1409 3368 1437 3422 6
1496 3361 1748 3442 Ἀϐραὰμ.
1799 3369 2018 3423 πάντων

370 3460 577 3533 πατήρ,
611 3491 684 3502 -—-
714 3458 924 3533 [ΦΩῚζ]
956 3457 1266 3514 Κατέναντι.
1301 3457 1590 3524 Ἐναντίον,
1649 3455 1906 3529 ἐνώπιον,
1940 3456 2020 3520 εἰς

359 3546 658 3623 πρόσωπον
711 3551 863 3603 Θεοῦ.
922 3546 1016 3609 Εἰς
1079 3547 1374 3621 πρόσωπον
1423 3547 1529 3621 γὰρ
1582 3546 1722 3604 Οεοῦ
1781 3544 2015 3621 εγρηται,

361 3638 484 3694 οἷον
520 3637 594 3700 ὡς
626 3636 687 3693 ἐκ
716 3637 1017 3712 προσώπου
1046 3642 1202 3705 Θεοῦ,
1233 3637 1318 3706 τὸ,
1351 3661 1379 3689 ι(
1415 3635 1624 3711 Πατέρα
1666 3634 1895 3694 πολλῶν
1929 3636 2015 3703 ἐο-

363 3731 474 3783 νῶν
508 3728 723 3783 τεθεικοὶ
754 3747 832 3784 σε.
870 3750 892 3779 ι
927 3725 1159 3795 Ἐπειδὴ
1190 3726 1296 3802 γὰρ
1325 3726 1464 3796 εἶπε,
1510 3751 1531 3777 ι
1595 3727 1787 3791 Καθὼς
1827 3726 2013 3805 γεγρα-

363 3839 516 3877 πται.
548 3839 575 3870 ι
614 3819 690 3889 μή
723 3816 1004 3889 προσθεὶς,
1038 3822 1145 3873 ποῦ
1175 3814 1493 3893 γέγραπται,
1544 3816 1578 3885 ἢ
1629 3821 1769 3889 πῶς,
1802 3817 2013 3892 ἐπήγα-

359 3928 452 3986 γεν
486 3905 555 3980 (εἰ
588 3907 677 3962 καὶ
735 3901 996 3982 ὑπερϐὰς)
1050 3906 1137 3973 τὸ,
1194 3902 1468 3963 κατέναντι
1526 3911 1680 3976 Θεοῦ,
1739 3907 1804 3962 τὸ
1860 3908 2011 3977 ἀξιό-

354 4017 549 4054 πιστον
580 3996 670 4052 καὶ
705 3989 923 4071 βέϐαιον
960 4000 1077 4066 τοῦ,
1137 3996 1456 4071 γέγραπται,
1512 4001 1808 4071 παριστῶν.
1846 4020 1874 4049 ιι
1906 4003 2010 4052 Κα-

356 4086 467 4150 θὼς
518 4085 841 4161 γέγραπται,
898 4084 1054 4163 φησι,
1124 4085 1460 4141 κατενώπιον
1544 4089 1702 4155 Θεοῦ,
1760 4110 1781 4136 ι
1858 4106 2013 4141 τουτ-

354 4173 624 4244 εστιν,εἰς
667 4173 964 4249 πρόσωπον
1026 4178 1182 4240 Θεοῦ,
1238 4172 1331 4229 καὶ
1384 4171 1446 4228 ἐκ
1494 4174 1796 4249 προσώπου
1853 4173 2008 4232 Θεοῦ.

352 4263 693 4334 ’Λξιόπιστὸς
751 4260 889 4332 ἐστι,
941 4263 1129 4343 φησὶν,
1215 4265 1250 4333 ἡ
1305 4264 1516 4343 Γραφὴ,
1592 4263 2007 4337 ἀμετάπτωτος,

356 4348 575 4430 βεϐαία,
623 4354 752 4415 Θεός
788 4351 930 4408 ἐστιν
989 4351 1042 4408 ἐν
1100 4353 1236 4425 αὐτῇ
1297 4351 1486 4421 εἰπὼν,
1543 4374 1571 4404 ‹‹
1606 4354 1820 4428 Πατέρα
1866 4353 2011 4410 πολ-

357 4445 474 4501 λῶν
508 4445 672 4502 ἐθνῶν
719 4444 935 4501 τὲθεικά
991 4463 1068 4499 σε.
1104 4466 1134 4495 ››
1194 4442 1272 4499 Τὸ
1330 4446 1460 4518 γοῦν
1520 4440 1710 4517 ἐφεξῆς
1764 4448 1866 4512 τῆς
1914 4447 2011 4499 τοῦ

354 4538 528 4614 λόγου
559 4538 939 4615 συμφρασεως·
1003 4534 1194 4597 Καθὼς
1248 4533 1548 4609 γέγραπται
1607 4529 1890 4591 κατέναντι
1945 4533 2009 4590 οὗ

2138 1938 2232 1989 cet
2263 1949 2276 1991 :
2312 1935 2516 1993 nullus
2550 1938 2709 1995 enim
2739 1942 2933 2013 potuit
2962 1941 3128 1998 illam
3162 1944 3317 2001 254
3344 1947 3663 2018 complere.
3689 1949 3795 2007 Ubi

2136 2030 2336 2082 autem
2370 2034 2460 2084 est
2489 2028 2898 2102 ira,quomodo
2932 2033 3747 2113 erithmreditariapossessio
3767 2042 3794 2097 τ

2137 2133 2253 2187 quo
2284 2124 2454 2189 pacto
2488 2120 2894 2177 hmreditatem
2925 2124 3178 2195 accipiet
3208 2126 3307 2197 qui
3342 2127 3450 2183 sub
3484 2128 3572 2185 ira
3602 2131 3796 2186 conti-

2136 2210 2314 2261 netur
2331 2206 2358 2261 ?
2376 2209 2670 2278 quomodo
2685 2211 2925 2268 venient
2939 2215 3582 2285 promissiones‘?Fides
3595 2227 3793 2277 autem

2137 2298 2235 2352 Dei
2258 2298 2509 2371 gratiam
2532 2300 2761 2358 inducit
2785 2321 2798 2368 ;
2824 2320 2999 2375 porro
3021 2307 3211 2378 gratia
3236 2317 3528 2379 praesente
3550 2312 3796 2368 veniunt

2135 2394 2196 2445 et
2247 2391 2624 2462 complentur
2681 2395 3123 2466 promissiones.
3168 2421 3195 2450 ι(
3233 2400 3303 2455 Ut
3344 2400 3515 2457 firma
3545 2404 3623 2458 sit
3651 2421 3791 2476 pro-

2136 2479 2362 2535 missio.
2397 2504 2424 2530 »
2451 2481 2556 2538 Ubi
2591 2483 2749 2539 enim
2782 2487 2971 2558 gratia
3002 2487 3104 2543 Dei
3139 2495 3246 2547 est.
3292 2490 3419 2560 jam
3473 2509 3592 2548 non
3648 2500 3788 2549 sunt

2136 2568 2329 2625 dubim
2364 2572 2812 2641 promissiones,
2848 2575 2951 2631 sed
2984 2576 3171 2633 firmae
3229 2579 3382 2636 Deus
3414 2586 3519 2645 est,
3570 2583 3784 2653 inquit,

2136 2659 2234 2729 qui
2270 2676 2377 2730 per
2396 2662 2975 2733 gratiamjustificat,
3008 2668 3109 2738 qui
3138 2674 3226 2723 est
3257 2669 3359 2725 ille
3390 2673 3490 2742 qui
3513 2672 3790 2728 condem-

2136 2747 2281 2803 nat?
2312 2772 2338 2798 ‹‹
2373 2749 2546 2805 Omni
2579 2753 2815 2808 semini.
2852 2778 2874 2807 ι
2905 2755 3292 2827 .Hyperbaton
3314 2764 3423 2826 est,
3445 2760 3788 2832 etjungitur

2135 2853 2270 2894 cum
2303 2837 2566 2896 dictione
2598 2840 2896 2898 Abraham
2927 2860 2941 2901 :
2978 2846 3149 2902 Omni
3197 2847 3413 2903 semini
3468 2849 3785 2905 Abraham.

2138 2948 2159 2977 ι
2196 2928 2322 2983 Non
2356 2928 2408 2984 ei
2444 2934 2672 2985 tantum
2705 2932 2862 3002 quod
2895 2948 2965 2987 ex
2996 2932 3123 3005 lege
3151 2939 3257 2988 est.
3298 2958 3319 2983 ι
3359 2936 3439 2991 Ex
3468 2936 3595 3007 lege
3645 2937 3791 2994 dicit

2135 3031 2235 3071 eos
2262 3017 2363 3087 qui
2397 3034 2469 3073 ex
2522 3019 2741 3074 Iudaeis
2790 3019 2865 3075 ad
2910 3020 3091 3076 ﬁdem
3122 3029 3431 3080 venerunt.
3493 3046 3519 3073 ‹‹
3552 3028 3789 3082 Patrem

2134 3105 2457 3162 multarum
2495 3108 2799 3179 gentium.
2834 3132 2861 3159 »
2913 3110 3051 3175 Qua:
3085 3111 3211 3166 sine
3260 3111 3386 3182 lege
3416 3112 3584 3168 factas
3644 3120 3785 3170 sunt

2137 3194 2366 3251 ﬁdeles.
2403 3195 2542 3251 Vide
2582 3201 2783 3252 autem
2816 3214 2930 3269 quo
2960 3203 3132 3271 pacto
3162 3199 3443 3273 deinceps
3468 3206 3615 3258 duos
3637 3220 3788 3259 con-

2126 3283 2328 3357 jungit
2357 3284 3027 3358 populos,omniumque
3056 3294 3284 3360 patrem
3304 3289 3447 3347 facit
3466 3291 3782 3349 Abraham.

2133 3394 2161 3423 ‹‹
2183 3373 2393 3428 Coram
2424 3374 2540 3429 Deo
2568 3373 2662 3430 cui
2693 3374 2963 3431 credidit.
2995 3398 3024 3425 ››
3057 3378 3174 3433 Ηοο
3219 3383 3346 3434 est:
3384 3380 3781 3445 Quemadmo-

2128 3461 2272 3517 dum
2305 3463 2458 3518 Deus
2490 3480 2610 3519 non
2643 3469 2732 3520 est
2761 3464 3275 3536 particularis,sed
3295 3468 3562 3525 omnium
3602 3470 3779 3539 Deus,

2127 3550 2209 3606 ita
2239 3555 2297 3605 et
2334 3550 2633 3607 Abraham
2693 3552 2962 3608 omnium
3019 3559 3209 3625 pater.
3271 3553 3563 3610 Κατέναντι
3618 3563 3778 3625 ante,

2124 3655 2355 3706 coram,
2406 3640 2468 3695 in
2524 3646 2845 3713 conspectu
2912 3641 3036 3698 Dei.
3117 3644 3261 3698 Nam
3320 3643 3380 3701 in
3453 3652 3773 3719 conspectu

2123 3727 2247 3788 Dei.
2274 3728 2392 3786 sive
2425 3746 2495 3784 ex
2525 3746 2780 3802 persona
2834 3731 2938 3786 Dei
2995 3732 3217 3789 dictum
3251 3738 3384 3788 est:
3447 3755 3476 3784 «
3535 3736 3770 3790 Patrem

2124 3818 2449 3874 multarum
2510 3820 2779 3892 gentium
2828 3821 2999 3892 posui
3032 3826 3138 3903 ‘te.
3191 3842 3219 3870 ››
3269 3821 3573 3892 Siquidem
3636 3839 3771 3879 cum

2124 3908 2375 3964 dixerit:
2409 3931 2437 3959 «
2473 3908 2634 3964 Sicut
2662 3910 2948 3982 scriptum
2980 3914 3089 3974 est,
3129 3931 3157 3958 »
3185 3927 3307 3964 non
3367 3908 3615 3975 addens,
3668 3910 3769 3966 ubi

2125 3998 2411 4069 scriptum
2443 4003 2658 4062 est,aut
2690 4015 2804 4070 quo
2846 3998 3041 4065 modo,
3069 3998 3375 4070 subjungit
3405 3999 3770 4073 (quanquam

2123 4103 2230 4158 per
2285 4086 2672 4159 hyperbaton)
2727 4085 3006 4140 κατέναντι
3052 4090 3205 4149 6εοῦ,
3257 4087 3318 4141 id
3401 4094 3509 4149 est.
3570 4106 3770 4145 coram

2120 4176 2261 4243 Deo,
2292 4176 2699 4247 probationem
2758 4182 2815 4230 et
2861 4175 3376 4234 conﬁrmationem
3432 4180 3562 4250 ejus
3612 4179 3770 4250 quod

2122 4266 2345 4320 dictum
2379 4270 2467 4320 est
2497 4265 2610 4320 ﬁde
2669 4265 2909 4336 dignam
2967 4265 3288 4323 adducens.
3324 4290 3352 4319 ‹‹
3407 4268 3569 4324 Sicut
3622 4268 3767 4322 scri-

2119 4359 2287 4429 ptum
2312 4359 2420 4421 est,
2456 4375 2484 4403 »
2516 4354 2731 4425 inquit,
2764 4377 2791 4404 «
2856 4356 3064 4411 Coram
3117 4357 3256 4424 Deo,
3321 4379 3347 4406 ››
3399 4358 3511 4413 hoc
3572 4362 3661 4412 est
3704 4357 3764 4411 in

2121 4448 2442 4516 conspectu
2503 4443 2622 4511 Dei,
2676 4449 2734 4499 et
2758 4461 2828 4500 ex
2885 4462 3140 4516 persona
3190 4447 3335 4502 Dei:
3370 4446 3507 4503 Fide
3565 4446 3762 4520 digna,

2120 4534 2337 4606 inquit,
2369 4537 2460 4589 est
2490 4533 2812 4606 Scriptura,
2845 4534 3196 4598 immobilis,
3231 4537 3442 4604 firma;
3478 4537 3630 4591 Deus
3678 4542 3767 4593 est

353 4627 634 4683 ἐπίστευσε
659 4629 812 4697 Θεοῦ,
872 4624 960 4680 δτι
1004 4620 1207 4692 πατέρα
1263 4619 1490 4678 πολλῶν
1547 4620 1729 4691 ἐθνῶν,
1784 4623 1879 4677 καὶ
1934 4623 2002 4679 τὰ

2131 4626 2209 4697 [ui
2242 4625 2305 4682 in
2337 4641 2407 4680 ea
2436 4624 2669 4680 locutus
2691 4630 2800 4680 est.
2834 4646 2863 4675 «
2898 4626 3132 4681 Patrem
3160 4626 3481 4681 multarum
3496 4626 3764 4699 gentium

353 4718 504 4789 ἑξῆς.
560 4719 765 4791 ’Ὠσπερ
820 4714 946 4789 γὰρ,
1000 4712 1160 4792 φησί,
1225 4709 1440 4766 πάντων
1495 4710 1604 4767 ἐστὶ
1674 4713 1913 4784 ποιητὴς
1971 4714 1999 4768 6

353 4806 510 4871 Θεὸς,
551 4805 641 4862 καὶ
698 4804 916 4861 πάντων
947 4800 1074 4863 Θεός
1103 4821 1161 4856 τε
1207 4800 1296 4855 καὶ
1338 4798 1621 4875 κηδεμὼν,
1683 4802 1857 4865 οὕτως
1908 4803 2000 4858 καὶ

352 4896 448 4953 τὸν
507 4888 759 4969 Ἀϐραὰμ
816 4892 1033 4947 πάντων
1090 4891 1295 4963 πατὲρα
1343 4890 1815 4965 κεχειροτόνηκεν,
1902 4889 2002 4946 οὐκ

350 4982 630 5044 Ἰουδαίων
681 4983 867 5055 μόνον,
934 4978 1081 5037 ἀλλᾶ
1131 4980 1219 5034 καὶ
1270 4978 1487 5035 πάντων
1552 4984 1661 5035 τῶν
1720 4980 1996 5037 πιστευόν-

345 5097 483 5131 των.
510 5106 580 5117 -
609 5071 855 5134 Ἄλλως.
893 5070 1035 5127 ’Λντὶ
1075 5074 1198 5139 τοῦ,
1252 5067 1479 5125 ἐνώπιον
1536 5070 1627 5125 καὶ
1684 5070 1790 5146 πρὸ
1829 5090 2001 5145 προσ-

349 5165 510 5221 ώπου
538 5161 602 5219 οὗ
631 5161 907 5218 ἐπίστευσε
965 5163 1119 5217 Θεοῦ,
1180 5184 1205 5209 ‹‹
1266 5162 1372 5213 Τοῦ
1432 5164 1832 5227 ζωοποιοῦντος
1873 5160 1999 5223 τοὺς

348 5253 596 5330 νεκρούς.
656 5276 684 5304 ››
739 5252 840 5306 Τὸν
879 5249 972 5322 μὲν
1025 5254 1141 5316 ’τῆς
1202 5247 1542 5312 ἀναστάσεως
1600 5244 2001 5306 καταϐάλλεται

352 5343 545 5420 λόγον,
602 5340 752 5411 πλὴν
812 5338 1139 5415 προσφόρως
1196 5336 1287 5392 καὶ
1345 5335 1421 5400 εἰς
1496 5337 1560 5394 τὸ
1617 5339 1998 5414 προκείμενον.

350 5432 691 5502 Ἐπίστευσε,
719 5429 909 5510 φησὶν,
945 5423 1199 5504 Ἀϐραὰμ
1227 5429 1308 5499 τῷ
1361 5431 1501 5501 Θεῷ,
1557 5426 1642 5484 ὃτι
1700 5428 1790 5484 καὶ
1872 5432 2000 5494 τοὺς

352 5520 579 5599 νεκροὺς
641 5523 901 5591 ζωοποεῖ,
981 5514 1069 5571 διὰ
1122 5516 1284 5571 τοῦτο
1337 5516 1427 5571 καὶ
1485 5518 1548 5571 τὸ
1597 5514 1780 5575 δοῦναι
1837 5520 1999 5576 αὐτὸν

359 5610 577 5689 “ipp:
601 5607 954 5688 γεγηρακότι.
984 5607 1047 5663 Ὀ
1075 5606 1179 5682 γὰρ
1234 5603 1361 5669 τοὺς
1412 5606 1631 5680 νεκροὺς
1691 5613 1999 5681 ζωοποιῶν,

357 5702 453 5761 καὶ
471 5701 549 5765 τὰ
596 5702 677 5778 μὴ
708 5698 837 5757 ὄντα
864 5697 1090 5766 οὐσιῶν,
1117 5692 1318 5767 πολλῷ
1352 5694 1565 5768 μᾶλλον
1608 5694 1891 5769 δυνήσεοαι
1922 5703 2002 5772 τῷ

264 5978 267 5979 ν
294 5956 305 5961 ⁹
344 5966 395 5987 “In
430 5956 559 5987 ,έν-ἠ*

344 5966 395 5987 τι...
484 5958 517 5983 ,⁸
552 5968 559 5973 ν

304 6004 311 6015 ι,
338 5952 559 6031 -ρέΗΊ

2113 4717 2281 4790 posui
2323 4722 2399 4772 te.
2434 4737 2463 4765 »
2487 4715 2639 4772 Ordo
2672 4715 2871 4787 itaque
2894 4715 3297 4771 conclusionis
3316 4716 3611 4772 sermonis
3637 4720 3760 4771 est:

2112 4807 2274 4863 Sicut
2300 4805 2586 4877 scriptum
2613 4810 2703 4860 est
2730 4820 2930 4859 coram
2966 4805 3106 4870 Deo,
3158 4804 3251 4859 cui
3285 4804 3556 4869 credidit,
3602 4804 3762 4875 quod

2112 4902 2340 4969 patrem
2392 4894 2715 4950 multarum
2773 4892 3057 4965 gentium.
3102 4900 3213 4948 etc.
3247 4894 3758 4959 Quemadmodum

2113 4983 2514 5052 enim,inquit,
2532 4983 2685 5037 Deus
2701 4982 2970 5036 omnium
2990 4981 3295 5039 factorest.
3313 4982 3579 5038 omnium
3604 4985 3759 5040 Deus

2112 5073 2499 5144 omniumque
2512 5071 2983 5146 gubernatorzita
3005 5070 3199 5142 ipsum
3213 5090 3244 5142 q
3257 5088 3447 5144 uoque
3464 5073 3757 5131 Abraham

2111 5171 2339 5240 patrem
2362 5163 2630 5219 omnium
2652 5160 3106 5226 constituit;non
3137 5160 3474 5220 Judzeorum
3503 5170 3759 5232 tantum,

2110 5270 2313 5312 verum
2345 5253 2523 5308 etiam
2550 5252 2820 5306 omnium
2841 5250 3301 5306 credentium.—-
3320 5254 3440 5309 Alio
3456 5255 3762 5311 modolloc

2113 5352 2427 5413 est,coram
2453 5343 2803 5410 Deo,etante
2826 5346 3208 5413 conspectum
3232 5343 3333 5397 Dei
3356 5344 3450 5398 cui
3483 5345 3756 5401 credidit.

2113 5459 2140 5487 ι(
2174 5434 2282 5501 Qui
2344 5432 2597 5488 viviﬁcat
2638 5436 2924 5487 mortuos.
2956 5451 2982 5482 ιι
3020 5431 3322 5488 Sermonis
3369 5433 3442 5490 de
3490 5451 3758 5492 resurre-

2112 5524 2307 5581 ctione
2327 5521 2716 5578 fundamenta
2740 5521 2891 5593 jacit
2922 5538 2936 5576 :
2971 5525 3106 5593 apte
3138 5526 3336 5578 tamen
3368 5528 3427 5579 et
3450 5524 3523 5580 ad
3543 5540 3755 5597 propo-

2113 5613 2312 5669 situm.
2346 5609 2625 5676 Credidit,
2660 5609 2872 5682 inquit,
2906 5608 3205 5665 Abraham
3239 5610 3356 5666 Deo
3383 5611 3541 5682 quod
3574 5612 3750 5667 etiam

2111 5706 2377 5757 mortuos
2401 5700 2533 5755 vita:
2554 5699 2782 5768 reddat,
2815 5698 3065 5770 ideoque
3093 5698 3338 5757 daturus
3371 5706 3527 5756 esset
3551 5704 3610 5755 et
3638 5700 3752 5770 ipsi
