4222 6194
495 405 612 466 403

1605 395 1790 458 (Ευυ
1804 391 2023 452 MENII
2073 388 2378 450 TRICCIE
2420 393 2801 454 EPISCUPI.

3785 402 3909 462 404

500 551 704 594 semen
735 547 869 588 cum
895 531 1021 601 jam
1054 529 1368 585 senuisset.
1429 531 1571 584 Nam
1623 528 1723 600 qui
1767 527 1958 580 vivere
2000 522 2143 578 facit

2266 523 2646 597 νενεκρωμένῳ
2688 521 2779 580 διὰ
2831 527 2894 582 τὸ
2952 548 3126 603 γηρας
3181 530 3395 602 σώματι
3453 528 3639 587 δοῦναι
3699 532 3918 607 σπέρμα

499 631 764 682 mortuos
795 638 864 676 ac
895 637 965 675 ea
996 637 1126 689 quas
1158 636 1278 674 non
1302 619 1524 673 habent
1552 624 1619 672 ut
1648 619 1787 684 sint,
1809 614 1996 669 multo
2019 624 2142 666 ma-

495 715 583 785 gis
616 711 834 782 poterit
862 709 1096 780 corpori
1131 715 1436 763 senectute
1456 713 1685 762 emortu
1712 728 1721 754 ›
1745 701 2149 776 generativum

499 802 638 857 dare
660 799 1042 854 semen.255
1070 822 1095 845 ‹‹
1128 809 1208 852 Ac
1231 803 1396 852 vocat
1429 813 1495 851 ea
1509 813 1638 867 qum
1657 810 1777 849 non
1794 791 2150 847 sunt.»Bene

499 891 617 945 ait:
654 912 680 936 ‹‹
711 888 890 941 Vocat
921 902 989 940 ea
1017 902 1147 956 quas
1179 901 1298 940 non
1326 886 1734 955 sunt,sicutea
1763 897 1894 952 qum
1927 883 2083 933 sunt.
2116 898 2144 926 »

503 979 688 1035 Verbo
722 979 882 1033 enim
915 993 983 1031 ea
1015 993 1144 1047 quas
1181 994 1301 1030 non
1326 975 1819 1042 sunt,simulcum
1845 969 2146 1026 vocatione

495 1068 737 1125 adducit
766 1073 832 1121 ut
863 1066 1019 1120 sint:
1056 1065 1138 1120 ita
1165 1073 1232 1120 ut
1260 1067 1550 1138 possibile
1582 1066 1656 1120 sit
1711 1061 1867 1135 apud
1927 1061 2144 1130 ipsum.

2255 613 2553 686 ζωογόνον.
2591 639 2616 664 τ(
2653 615 2755 670 Καὶ
2812 614 3114 679 καλοῦντος
3170 619 3238 672 τὰ
3299 621 3374 692 μή
3415 619 3562 676 ὅντα.
3628 645 3656 672 ι)
3715 621 3914 685 Καλῶς

2261 720 2416 776 φησι,
2458 726 2476 750 α
2515 702 2616 758 Καὶ
2648 702 2948 766 καλοῦντος
2981 707 3047 760 τὰ
3081 708 3156 778 μή
3187 703 3314 762 ὄντα
3373 709 3448 771 ὡς
3495 706 3640 765 ὄντα.
3677 735 3703 760 »
3747 713 3910 785 Λόγῳ

2257 791 2360 864 γὰρ
2388 789 2456 844 τὰ
2489 791 2563 862 μή
2597 788 2726 847 ὄντα
2757 793 2832 856 εἷς
2863 795 2924 849 τὸ
2957 795 3090 849 εἶναι
3120 796 3207 851 καὶ
3243 798 3353 869 ἅμα
3399 804 3477 870 τῷ
3525 799 3745 856 καλέσαι
3773 822 3912 876 παρ-

2259 876 2393 950 άγει,
2429 877 2566 932 ὥστε
2598 882 2732 933 εἶναι
2765 883 2890 952 παρ’
2923 882 3071 954 αὐτῷ
3104 884 3324 939 δυνατὸν
3367 887 3454 940 καὶ
3487 886 3637 962 ῥᾷον,
3696 891 3786 942 γαὶ
3839 891 3906 946 τὰ

2261 967 2337 1036 μὴ
2366 963 2490 1021 ὄντα
2521 968 2594 1031 ὡς
2629 965 2780 1038 ὄντα,
2815 970 2904 1024 καὶ
2937 968 3177 1044 ἔμπαλιν
3231 975 3277 1030 εἰ
3338 976 3662 1051 βουληθείη,
3717 979 3807 1034 καὶ
3838 981 3906 1036 τὲ

2257 1055 2412 1117 ὂντας
2445 1056 2518 1120 ὡς
2551 1060 2627 1131 μὴ
2659 1055 2787 1114 ὅντα
2817 1059 3006 1116 καλεῖν

501 1165 560 1213 et
617 1174 684 1212 ea
727 1171 859 1227 quae
919 1170 1040 1209 non
1097 1161 1235 1209 sunt
1280 1162 1346 1211 ut
1399 1172 1469 1210 ea
1525 1172 1651 1226 quae
1704 1158 1861 1218 sunt,
1896 1160 2254 1215 rursumque
2308 1145 2357 1200 si
2417 1147 2762 1206 volueritea
2793 1169 2925 1223 quas
2969 1159 3127 1220 sunt,
3159 1160 3226 1210 ut
3282 1171 3351 1211 ea
3399 1174 3530 1228 quae
3586 1175 3708 1216 non
3768 1165 3913 1218 sunt.

500 1262 732 1302 vocare.

569 1336 663 1402 IV,
697 1335 888 1388 18-23.
931 1335 1036 1399 Qui
1058 1339 1263 1403 praeter
1295 1349 1441 1402 spem
1497 1333 1594 1388 sub
1636 1347 1730 1402 spe
1777 1329 2032 1394 credidit,
2087 1332 2149 1379 ut

501 1428 617 1497 ipse
635 1429 797 1494 pater
824 1427 976 1492 ﬁeret
1007 1423 1308 1476 multarum
1359 1423 1655 1490 gentium,’
1679 1421 1855 1491 juxta
1884 1420 1944 1474 id
2000 1419 2149 1490 quod

499 1515 704 1568 dictum
731 1518 847 1566 est:
878 1511 968 1566 Sic
1000 1512 1104 1565 erit
1133 1525 1315 1565 semen
1347 1517 1521 1564 tuum.
1559 1512 1639 1565 Ac
1687 1526 1797 1564 non
1841 1512 2148 1578 inﬁrmatus

501 1601 628 1670 ﬁde,
661 1599 810 1653 haud
837 1599 1205 1654 consideravit
1235 1615 1433 1669 corpus
1464 1615 1621 1655 suum
1668 1599 1792 1669 jam
1824 1605 2146 1666 emortuum,

502 1707 626 1745 cum
672 1697 884 1744 centum
916 1692 1036 1758 fere
1091 1697 1252 1745 natus
1296 1695 1427 1745 esset
1485 1705 1675 1756 annos,
1725 1697 1778 1744 et
1843 1696 2149 1744 emortuam

501 1781 786 1833 matricem
817 1778 966 1833 Sara
1001 1796 1012 1845 ;
1045 1779 1139 1833 sed
1192 1779 1266 1833 ad
1287 1781 1702 1849 promissionem
1733 1779 1828 1832 Dei
1881 1794 1991 1832 non
2048 1777 2152 1832 h2-

505 1871 696 1924 sz'tavit
727 1868 1112 1923 incredulitate
1143 1885 1161 1922 :
1213 1868 1306 1924 sed
1361 1869 1652 1922 roboratus
1708 1874 1786 1922 est
1831 1868 1957 1936 ﬁde,
2013 1867 2150 1922 dans

2326 1324 2419 1386 ’Ὀς
2478 1327 2606 1401 παρ’
2665 1325 2862 1383 ἐλπίδα
2918 1329 3000 1385 ἐπ’
3058 1330 3244 1388 ἐλπίδι
3325 1331 3653 1405 ἐπίστευσεν,
3715 1336 3792 1400 εἷς
3842 1339 3907 1394 τὸ

2255 1413 2494 1485 γενέσθαι
2555 1416 2715 1471 αὐτὸν
2782 1420 2986 1492 πατέρα
3066 1419 3296 1478 πολλῶν
3387 1423 3576 1493 ἐθνῶν,
3656 1427 3792 1481 κατά
3843 1427 3907 1482 τὸ

2257 1501 2563 1576 εἰρημένον·
2625 1505 2812 1570 Οὕτως
2868 1507 3018 1563 ἓσται
3087 1511 3150 1565 τὸ
3215 1514 3430 1587 σπέρμα
3489 1535 3606 1572 σου.
3666 1516 3770 1572 Καὶ
3829 1518 3906 1589 μὴ

2257 1593 2550 1662 ἀσθενήσας
2633 1600 2702 1669 τῇ
2777 1599 2980 1667 πίστει,
3058 1601 3118 1654 οὐ
3203 1602 3493 1672 κατενόησε
3573 1606 3635 1660 τὸ
3719 1606 3911 1662 ἐαυτοῦ

2257 1687 2416 1754 σῶμα
2516 1681 2622 1754 ἤδη
2753 1687 3144 1761 νενεκρωμένον
3177 1733 3190 1758 ,
3295 1691 3677 1764 ἐκατονταέτης
3804 1716 3908 1751 που

2259 1770 2564 1845 ὑπάρχων,
2625 1775 2710 1827 καὶ
2765 1775 2864 1843 τὴν
2923 1773 3180 1850 νέκρωσιν
3240 1785 3339 1848 τῆς
3401 1783 3612 1855 μήτρας
3671 1783 3902 1859 Σάρρας·

2258 1858 2334 1921 είς
2394 1857 2450 1914 δὲ
2504 1862 2605 1929 τήν
2663 1861 2987 1937 ἐπαγγελίαν
3045 1871 3143 1920 τοῦ
3201 1871 3356 1932 Θεοῦ,
3416 1868 3477 1923 οὗ
3536 1857 3794 1943 διεκρίθη
3840 1875 3912 1944 τῇ

500 1959 738 2027 gloriam
765 1959 873 2012 Deo
899 1975 911 2024 ;
947 1965 997 2012 et
1037 1957 1239 2012 certior
1266 1961 1450 2026 factus
1480 1965 1577 2024 est,
1617 1959 1763 2028 quod
1793 1973 1912 2029 quae
1935 1960 2148 2028 promi-

2266 1947 2504 2020 ἀπιστίᾳ,
2556 1949 2682 2005 ἀλλ’
2739 1949 3120 2026 ἐνεδυναμώθη
3177 1960 3247 2030 τῇ
3307 1957 3504 2025 πίστει,
3565 1957 3692 2024 δοὺς
3750 1959 3908 2034 δόξαν

505 2056 648 2104 serat
669 2056 856 2118 potens
880 2051 950 2103 sit
991 2055 1043 2103 et
1091 2055 1379 2118 praestare.
1431 2048 1559 2104 Ideo
1611 2050 1777 2104 etiam
1828 2051 2162 2120 imputatum

507 2145 583 2193 est
613 2138 700 2192 illi
718 2138 792 2193 ad
809 2140 1116 2207 justitiam.

594 2335 616 2363 ε
649 2315 754 2378 Qui
781 2320 996 2387 praeter
1046 2331 1232 2388 spem.
1291 2337 1321 2366 »
1355 2315 1474 2372 Hoc
1533 2321 1622 2372 est
1668 2318 2165 2388 promissionibus

521 2405 795 2470 credidit,
825 2422 954 2476 quae
987 2405 1538 2478 complectebantur
1567 2423 1662 2462 res
1693 2408 2013 2464 admodum
2038 2425 2166 2465 cre-

517 2496 647 2551 ditu
675 2494 971 2560 difticiles,
1005 2495 1053 2550 si
1088 2495 1413 2550 humanam
1447 2502 1677 2567 spectes
1717 2497 2164 2568 cogitationem.

511 2591 730 2639 Contra
761 2601 946 2655 spem,
982 2575 1196 2654 inquit,
1229 2585 1574 2649 humanam,
1609 2587 1735 2643 sola
1757 2603 1859 2657 spe
1889 2589 1948 2642 in
1980 2589 2165 2645 Deum

513 2675 847 2729 roboratus.
878 2705 944 2713 —
969 2673 1082 2728 Sub
1117 2689 1240 2743 spe,
1265 2674 1364 2740 ait,
1392 2674 1453 2728 in
1485 2675 1689 2737 Deum,
1743 2684 1957 2748 prater
2000 2695 2164 2749 spem

513 2761 766 2833 proprias
789 2766 1016 2816 naturm
1046 2759 1153 2815 sub
1169 2777 1271 2831 spe
1303 2761 1583 2832 potentiae
1603 2763 1730 2834 ejus
1755 2765 1851 2834 qui
1881 2767 2166 2836 promise-

513 2856 623 2906 rat.
657 2872 685 2900 ‹‹
720 2850 1033 2905 Multarum
1052 2849 1335 2922 gentium.
1358 2851 1537 2915 >>Quaa
1553 2851 1824 2908 videlicet
1838 2855 2164 2912 secundum

513 2941 690 2997 ﬁdem
719 2946 998 2994 essentac
1028 2940 1659 3010 promissionem.Quis
1685 2948 1775 2997 est
1795 2949 1988 2998 autem
2008 2945 2168 3002 ﬁlius

517 3032 646 3101 ejus
704 3046 809 3100 per
869 3029 1048 3084 fidem
1104 3046 1171 3084 ac
1220 3031 1680 3101 promissionem
1733 3033 1962 3088 datus?
2007 3037 2166 3091 lsaac

516 3126 675 3174 certe
728 3119 792 3171 Η.
851 3121 993 3174 Nam
1051 3119 1267 3174 Ismael
1327 3119 1651 3175 secundum
1711 3139 1951 3177 carnem
2008 3125 2168 3180 ﬁlius

517 3225 646 3278 ejus
672 3215 815 3263 erat.
851 3231 878 3255 «
905 3211 983 3262 Ac
1046 3226 1162 3263 non
1224 3210 1559 3265 inﬁrmatus
1592 3210 1725 3265 fide.
1764 3234 1792 3261 »
1825 3214 2004 3269 Multa
2035 3217 2168 3286 qui-

514 3297 648 3351 dem
674 3297 909 3351 infirma
940 3305 1127 3362 erant,
1159 3304 1217 3353 et
1246 3316 1376 3368 quae
1417 3300 1594 3354 ﬁdem
1629 3301 1791 3357 illius
1823 3303 2160 3363 imbecilem
2196 3325 2236 3384 ρ

520 3383 867 3440 efficerent:
903 3402 1104 3440 verum
1139 3387 1212 3440 ad
1245 3387 1395 3440 nihil
1427 3389 1638 3443 horum
1695 3391 2029 3450 inﬁrmatus
2079 3404 2168 3454 est

518 3491 843 3545 generosus
870 3475 1402 3530 animus.Primum
1425 3478 1582 3547 quod
1601 3479 1674 3533 ad
1697 3481 1929 3536 nullum
1962 3485 2169 3555 hujus-

518 3562 679 3617 modi
713 3564 1050 3632 exemplum
1083 3570 1313 3633 poterat
1344 3567 1658 3636 respicere,
1695 3569 1798 3623 sed
1835 3571 1942 3640 ipsi
1979 3575 2170 3642 primo

522 3651 797 3724 gignendi
832 3668 966 3721 spes
999 3657 1211 3721 prmter
1242 3669 1407 3722 spem
1439 3654 1576 3709 data
1597 3663 1709 3711 est.
1733 3658 1997 3715 Alterum
2012 3665 2170 3732 quod

523 3763 737 3816 corpus
769 3761 942 3800 suum
975 3750 1276 3800 senectute
1301 3750 1426 3800 erat
1478 3753 1834 3804 emortuum.
1886 3752 2165 3818 Tertium,

521 3834 679 3905 quod
713 3833 892 3888 simul
924 3833 1102 3888 etiam
1137 3834 1292 3888 Sarm
1324 3835 1537 3890 matrix
1569 3843 1725 3892 esset
1747 3846 2036 3908 emortua,
2060 3860 2168 3900 nec

517 3923 640 3977 ullo
677 3922 850 3976 modo
883 3922 1277 3992 prolemferre
1293 3931 1544 3994 posset.«
1567 3925 1709 3980 Cum
1733 3935 1969 3984 centum
1987 3931 2165 3987 fere.»

518 4013 672 4066 Bene
704 4012 786 4066 ait
830 4029 841 4064 :
881 4038 900 4060 ιι
937 4013 1117 4066 Natus
1148 4029 1336 4067 annos
1387 4012 1510 4068 fere
1573 4022 1851 4082 centum;
1887 4041 1914 4068 »
1969 4037 2165 4092 neque

515 4099 675 4154 enim
707 4107 947 4154 centum
972 4108 1098 4156 erat
1125 4103 1550 4169 annorum,sed
1592 4109 1914 4178 nonaginta
1930 4126 2160 4166 novem.

519 4211 546 4237 ‹‹
577 4188 687 4242 Sed
716 4189 788 4243 ad
817 4189 1273 4260 promissionem
1306 4191 1432 4245 Dei.
1499 4215 1524 4242 ››
1566 4195 1710 4249 Nam
1768 4213 2014 4267 operum
2059 4200 2161 4254 de-

513 4278 865 4332 monstratio
899 4295 1016 4331 non
1050 4285 1194 4344 erat,
1229 4279 1333 4334 sed
1377 4281 1537 4336 nuda
1593 4283 1786 4338 verba.
1822 4306 1850 4333 «
1885 4287 2009 4340 Non
2041 4287 2160 4341 hm-

511 4365 708 4420 sitavit
756 4366 1186 4420 incredulitate.
1229 4388 1254 4414 υ
1306 4369 1430 4421 Non
1464 4369 1548 4423 ait
1597 4372 1770 4425 :Non
1829 4373 1938 4427 fuit
1969 4375 2160 4430 incre-

514 4455 872 4514 dulus.256
898 4453 998 4508 sed
1019 4477 1046 4503 «
1084 4457 1205 4509 Non
1237 4457 1548 4524 lizesitavit,
1585 4481 1612 4507 ››
1636 4459 1748 4513 hoc
1763 4467 1871 4526 est,
1902 4479 2020 4517 non
2053 4481 2157 4519 va-

512 4544 752 4610 cillavit,
778 4561 898 4598 non
930 4543 1237 4598 dubitavit.
1277 4567 1301 4593 ‹‹
1329 4546 1438 4600 Sed
1470 4547 1781 4604 roboratus
1831 4556 1920 4604 est
1967 4553 2103 4608 fide.
2129 4575 2157 4601 ››

512 4633 1100 4698 Dicens,Roboratus
1123 4639 1232 4699 est,
1283 4634 1542 4689 ostendit
1588 4637 1774 4692 multo
1833 4638 2034 4695 labore
2091 4658 2158 4696 ac
2193 4674 2232 4737 Β

512 4723 725 4778 virtute
751 4723 934 4777 animi
960 4723 1140 4777 fidem
1181 4723 1374 4794 dirigi.
1409 4747 1437 4773 ι(
1467 4725 1621 4779 Dans
1652 4727 1900 4797 gloriam
1961 4731 2100 4787 Deo.
2125 4754 2154 4781 ››

511 4812 776 4874 Quonam
810 4819 976 4880 pacto
1009 4811 1319 4866 roboratus
1351 4812 1478 4867 est?
1504 4814 2151 4890 Dans,inquit,gloriam

511 4900 650 4964 Deo,
676 4900 787 4953 hoc
818 4907 1051 4960 est,non
1077 4900 1306 4955 curiose
1338 4908 1633 4958 scrutatus
1652 4905 1948 4974 quomodo
1964 4910 2153 4977 possi-

507 4987 624 5041 bile
657 4993 814 5042 esset
837 4988 948 5041 hoc
978 4989 1127 5055 fieri,
1162 5007 1423 5060 quonam
1455 4997 1622 5061 pacto
1683 4994 1742 5047 id
1777 4995 1902 5050 fieri
1933 4997 2159 5054 contin-

512 5083 701 5147 geret,
734 5076 1030 5145 quomodo
1056 5078 1113 5131 id
1148 5081 1366 5150 suscipi
1389 5087 1625 5152 posset:
1662 5085 1765 5137 sed
1798 5086 1997 5140 statim
2026 5104 2156 5143 cre-

509 5163 692 5225 didit,
752 5166 1057 5234 Deumque
1117 5167 1472 5224 collaudavit
1538 5176 1821 5243 tanquam
1877 5175 2154 5232 beneficii

511 5261 920 5310 auctorem.ac
955 5255 1001 5308 si
1026 5256 1153 5325 jam
1186 5256 1447 5313 dedisset
1486 5260 1644 5330 quod
1675 5269 1801 5317 erat
1829 5264 2154 5335 pollicitus.

517 5367 543 5392 ‹‹
581 5343 645 5396 Et
693 5341 909 5396 certior
957 5343 1145 5399 factus
1206 5353 1312 5400 est.
1367 5370 1394 5396 ››
1455 5350 1579 5404 Non
1651 5349 1816 5408 dixit.
1872 5354 2156 5431 Credidit.

509 5431 613 5486 sed
673 5432 885 5503 majori
947 5433 1235 5504 emphasi,
1291 5436 1517 5493 Certior
1561 5440 1750 5497 factus
1805 5448 1912 5496 est.
1959 5465 1986 5492 «
2022 5443 2156 5498 Ideo

503 5522 682 5578 etiam
716 5522 1070 5594 imputatum
1119 5531 1208 5580 est
1265 5526 1350 5580 illi
1414 5528 1486 5583 ad
1534 5531 1850 5599 justitiam.
1895 5555 1924 5582 ››
1987 5533 2158 5590 Vides

507 5611 665 5684 quod
696 5627 730 5666 α
752 5611 1242 5683 ﬁdejustiﬂcatus
1269 5620 1359 5669 est
1387 5614 1414 5668 ?

582 5739 627 5776 ¹⁴
659 5739 844 5797 Galat.
879 5756 953 5807 iv,
985 5742 1054 5792 22
1085 5755 1252 5810 seqq.

2267 2041 2347 2126 τῷ
2403 2042 2541 2110 Θεῷ·
2616 2039 2704 2093 καὶ
2762 2045 3215 2118 πληροφορηθεὶς
3272 2045 3357 2102 ὅτι
3441 2049 3471 2103 ὅ
3555 2049 3910 2126 ἐπήγγελται,

2271 2123 2489 2212 δυνατός
2524 2126 2636 2184 ἐστι
2665 2130 2753 2184 καὶ
2785 2137 3030 2201 ποιῆσαι.
3068 2134 3162 2190 Διὸ
3191 2134 3280 2189 καὶ
3311 2135 3571 2211 ἐλογίσθη
3631 2123 3778 2212 αῦτῷ
3833 2139 3908 2202 sic

2270 2211 2391 2269 δικα
2403 2214 2641 2285 ιοσῦνην.

2343 2305 2494 2379 [ΤΟΥ
2523 2307 2787 2382 ΑΥΤΟΥ.]
2820 2330 2850 2360 «
2887 2310 2987 2372 ’Ὀς
3045 2313 3174 2384 παρ’
3230 2310 3446 2373 ἐλπίδα.
3507 2339 3536 2367 »
3592 2317 3742 2372 Ἀντῖ
3794 2323 3912 2388 τοῦ,

2272 2394 2621 2468 ἐπαγγελίαις
2653 2396 2949 2468 ἐπίστευσε,
2984 2402 3127 2456 πολὺ
3156 2404 3218 2456 τὸ
3251 2402 3574 2461 ἀνέλπιστον
3632 2407 3916 2483 ἐχούσαις,

2270 2487 2403 2540 κατᾶ
2433 2484 2774 2560 ἀνθρώπινον
2809 2486 3093 2563 λογισμόν.
3157 2494 3287 2568 Παρ⁹
3345 2492 3541 2550 ἐλπίδα
3577 2496 3701 2572 γὰρ,
3759 2501 3917 2574 φησί,

2268 2576 2370 2642 τήν
2401 2573 2772 2649 ἀνθρωπίνην,
2833 2577 2970 2652 μόνῃ
3027 2578 3302 2652 ἐδρασθεές
3359 2587 3426 2657 τῇ
3487 2583 3575 2639 ἐπὶ
3631 2573 3781 2642 Θεὸνί
3818 2587 3915 2642 ἐλ-

2271 2660 2412 2718 πίδι.
2462 2697 2530 2706 --
2589 2666 3098 2743 [ΣΕΥΗΡΙΑΝΟΥ.]
3157 2671 3274 2726 Ἐπ’
3331 2670 3512 2727 ἐλπίδι
3568 2675 3696 2750 γὰρ,
3754 2676 3912 2750 φησὶ,

2269 2755 2337 2824 τῇ
2368 2756 2464 2806 τοῦ
2495 2757 2647 2822 Θεοῦ,
2705 2756 2834 2829 παρ’
2881 2753 3078 2812 ἐλπίδα
3131 2765 3231 2829 τῆς
3287 2760 3491 2823 οἰκείας
3547 2763 3776 2840 φύσεως,
3828 2766 3913 2820 ἐπ’

2272 2839 2457 2896 ἐλπίδι
2485 2863 2584 2910 της
2617 2847 2712 2896 τοῦ
2744 2844 3210 2919 ἐπαγγειλαμένου
3242 2839 3567 2920 δυνάμεως
3595 2876 3625 2904 α
3684 2851 3918 2909 Πολλῶν

2273 2931 2460 2994 ἐθνῶν,
2497 2955 2524 2982 ››
2558 2935 2675 2988 Τῶν
2705 2935 2840 2987 κατὰ
2876 2933 3049 2988 πίστιν
3081 2937 3171 2990 καὶ
3202 2937 3556 3014 ἐπαγγελίαν.
3589 2941 3688 3003 Τίς
3738 2939 3795 2996 δὲ
3825 2941 3919 2997 αὗ-

2271 3024 2371 3074 τοῦ
2401 3021 2517 3082 υἱὸς
2550 3018 2640 3074 διὰ
2669 3024 2900 3084 πίστεως
2957 3024 3049 3077 καὶ
3106 3025 3426 3099 ἐπαγγελίας
3458 3025 3636 3091 δοθείς
3669 3050 3683 3098 ;
3718 3027 3924 3100 δηλον-

2273 3111 2355 3164 ότι
2416 3111 2612 3168 Ἰσαάκ.
2671 3112 2732 3167 Ὁ
2787 3112 2891 3187 γὰρ
2939 3113 3193 3186 Ἰσμαήλ,
3253 3117 3390 3173 κατά
3476 3118 3646 3191 σάρκα
3701 3119 3768 3188 ἦν
3826 3120 3920 3175 αὖ.

2271 3203 2385 3255 τοῦ.
2420 3224 2446 3250 ‹‹
2484 3199 2580 3256 Καὶ
2617 3201 2692 3273 μὴ
2724 3200 3020 3271 ἀσθενήσας
3051 3207 3117 3277 τῇ
3150 3205 3352 3264 πίστει,
3387 3231 3412 3258 η
3467 3206 3660 3264 Πολλά
3721 3211 3815 3281 μὲν
3845 3211 3910 3280 ἦν

2273 3289 2340 3344 τὶ
2377 3289 2595 3359 ἀσθενῆ,
2654 3289 2743 3344 καὶ
2804 3289 3075 3364 ἀδύναμον
3136 3292 3300 3350 αὐτοῦ
3355 3296 3455 3364 τὴν
3513 3297 3692 3352 πίστιν
3752 3320 3921 3375 παρα·

2279 3377 2604 3448 σκευάζοντα
2631 3380 2898 3452 γενέσθαι,
2931 3378 3056 3437 ἀλλ’
3087 3380 3213 3438 οὐδὲ
3243 3384 3376 3460 πρὸς
3431 3381 3487 3439 ἓν
3545 3387 3836 3460 ἠσθένησεν
3883 3391 3919 3460 ἡ

2277 3469 2494 3544 γενναία
2532 3469 2709 3540 ψυχή.
2769 3473 2991 3542 Πρῶτον
3049 3470 3133 3525 ὅτι
3188 3472 3324 3545 πρὸς
3382 3471 3508 3530 οὐδὲ
3564 3472 3614 3530 ἔν
3669 3483 3922 3534 τοιοῦτον

2277 3553 2622 3630 παράδειγμα
2654 3553 2783 3612 ἰδεῖν
2813 3557 3066 3626 ἠδύνατο,
3100 3560 3244 3616 ἀλλά
3285 3565 3490 3637 πρώτῳ
3547 3566 3698 3638 αὐτῷ
3728 3569 3761 3635 ἡ
3820 3574 3922 3638 τῆς

2275 3647 2397 3720 παρ’
2432 3643 2628 3701 ἐλπίδα
2664 3643 3018 3710 παιδοποιίας
3078 3645 3292 3706 δέδοται
3353 3651 3666 3728 ἐπαγγελία.
3728 3656 3918 3711 Δεύτε-

2275 3756 2392 3809 ρον,
2443 3737 2504 3791 τὸ
2533 3737 2889 3808 νενεκρῶσθαι
2931 3737 3094 3792 αὐτοῦ
3153 3740 3230 3810 τῷ
3279 3743 3426 3814 γήρᾳ
3454 3742 3516 3798 τὸ
3573 3748 3750 3817 σῶμα.
3785 3744 3922 3816 Τρί-

2270 3849 2386 3898 τον,
2442 3828 2505 3882 τὸ
2563 3831 3016 3901 συννενεκρῶσθαι
3069 3829 3169 3896 τήν
3256 3833 3464 3905 μήτραν
3529 3833 3760 3908 Σάῥρας,
3821 3834 3913 3888 καὶ

2270 3914 2546 3978 ἀδυνάτως
2605 3913 2750 3990 ἔχειν
2811 3919 2946 3990 πρὸς
3003 3917 3370 3980 παιδοποιίαν.
3407 3944 3432 3975 ε
3489 3922 3911 3994 Ἑκατονταέτης

2271 4027 2396 4061 που.
2431 4029 2459 4056 ››
2494 4003 2703 4074 Καλῶς,
2735 4007 2817 4071 τὸ,
2878 4030 2907 4058 (ί
2968 4008 3391 4081 Ἐκατονταέτης
3443 4031 3548 4065 που
3608 4036 3628 4061 ι
3691 4011 3752 4065 οὐ
3810 4013 3916 4088 γὰρ

2269 4093 2333 4162 ἦν
2368 4095 2769 4165 ἐκατίινταέτης,
2855 4093 2982 4151 ἀλλ’
3055 4098 3574 4169 ἐννενηκονταεννέα.
3613 4122 3634 4150 α
3695 4100 3790 4164 Εἲς
3851 4099 3912 4158 δὲ

2266 4184 2364 4250 τὴν
2397 4181 2724 4254 ἐπαγγελίαν
2763 4188 2860 4238 τοῦ
2893 4188 3044 4241 Θεοῦ.
3080 4210 3107 4236 η
3141 4187 3217 4243 Οὐ
3247 4189 3348 4260 γὰρ
3397 4189 3463 4258 ἦν
3493 4184 3663 4264 ἔργων
3697 4189 3910 4245 ἀπόδει-

2265 4273 2367 4341 ξις,
2401 4269 2546 4325 ἀλλά
2575 4269 2711 4343 ψιλὰ
2741 4272 2978 4347 ῥήματα.
3013 4300 3040 4325 (ι
3073 4274 3149 4332 Οὐ
3181 4273 3425 4348 διεκρίθη
3484 4281 3551 4349 τῇ
3603 4279 3842 4349 ἀπιστίᾳ.
3881 4305 3903 4335 ι

2267 4361 2384 4417 Οὐκ
2422 4360 2588 4413 εἶπεψ
2651 4361 2770 4416 Οὐκ
2824 4361 3146 4432 ἠπίστησεν,
3223 4363 3372 4431 ἀλλ’,
3451 4366 3583 4422 «οὐ
3662 4365 3902 4440 διεκρίθη

2265 4453 2332 4517 τῇ
2364 4449 2605 4518 ἀπιστίᾳ,
2639 4473 2664 4501 ι
2697 4452 2992 4520 τουτέστιν,
3052 4449 3177 4506 οὐδὲ
3235 4451 3529 4509 ἐνεδοίασεν
3591 4453 3713 4510 οὐδέ
3764 4458 3910 4534 ἀμφ-

2265 4533 2475 4594 έϐαλεν.
2555 4563 2582 4589 ‹‹
2618 4537 2776 4595 Ἀλλ’
2815 4537 3198 4614 ἐνεδυναμώθη
3257 4548 3325 4616 τῇ
3387 4543 3587 4602 πίστει.
3647 4567 3673 4597 n
3726 4546 3909 4602 Εἰπὼν

2267 4625 2706 4700 Ἐνεδυναμώθη,
2738 4627 2973 4683 δείκνυσι
3031 4628 3230 4702 πολλῷ
3261 4633 3493 4706 καμάτῳ
3540 4634 3630 4689 καὶ
3689 4631 3911 4709 δυνάμει

2263 4719 2451 4794 ψυχῆς
2483 4718 2923 4789 κατορθουμένην
2955 4720 3054 4786 τήν
3089 4717 3284 4776 πίστιν.
3340 4747 3361 4772 σι
3424 4721 3559 4786 Δοὺς
3617 4720 3771 4794 δόξαν
3829 4730 3908 4798 τῷ

2265 4809 2399 4875 Θεῷ.
2434 4828 2461 4854 ››
2514 4809 2634 4866 Πῶς
2692 4802 3120 4878 ἐνεδυναμώθης
3183 4808 3316 4870 Δοὺς
3377 4807 3556 4880 δόξαν,
3615 4813 3771 4891 φησὶ,
3828 4815 3908 4887 τῷ

2264 4899 2402 4963 Θεῷ,
2461 4893 2753 4963 τουτέστιν,
2809 4895 2872 4949 οὐ
2949 4900 3441 4973 περιεργασάμενος
3497 4905 3615 4962 πῶς
3672 4902 3911 4978 ἐγχωρεῖ

2264 4986 2424 5037 τοῦτο
2449 4981 2709 5054 γενέσθαι,
2787 4987 2905 5045 πῶς
2979 4980 3056 5039 ἔνι
3131 4982 3373 5054 δυνατὸν,
3447 4992 3563 5050 πῶς
3613 4987 3908 5066 ἐνδέχεται,

2265 5069 2390 5126 ἀλλ’
2436 5071 2589 5133 εὐθὺς
2647 5071 2933 5134 πιστεύσας
2989 5073 3079 5128 καὶ
3133 5072 3438 5150 εὐλογήσας
3497 5077 3575 5138 ὡς
3627 5077 3910 5155 εὐεργέτην

2263 5161 2352 5214 τὸν
2383 5160 2536 5227 Θεὸν,
2587 5158 2660 5221 ὠς
2720 5157 2827 5231 ἤδη
2887 5158 3162 5216 δεδωκότα
3217 5164 3279 5218 τὸ
3335 5164 3685 5239 ἐπαγγελθέν.
3725 5191 3753 5219 ‹‹
3807 5167 3915 5226 Καὶ

2265 5249 2734 5328 πληροφορηθείς.
2793 5275 2821 5302 ››
2879 5252 2994 5309 Οὐκ
3040 5253 3158 5307 εἶπε
3246 5256 3565 5324 Πιστεύσας,
3616 5256 3742 5313 ἀλλ’
3815 5260 3909 5328 ἐμ-

2267 5341 2653 5413 φαντικώτερον,
2681 5363 2712 5395 ‹‹
2741 5340 3208 5420 πληροφορηθείς.
3247 5368 3274 5395 ››
3307 5371 3332 5396 α
3372 5348 3465 5401 Διὸ
3524 5347 3612 5401 καὶ
3643 5346 3903 5419 ἐλογίσθη

2266 5428 2412 5502 αὐτῷ
2459 5429 2533 5492 είς
2594 5428 2960 5501 δικαιοσύνην.
3012 5458 3042 5484 ››
3101 5435 3262 5508 Ὁρᾷς
3322 5434 3404 5490 ὅτι
3490 5435 3594 5490 ἀπὸ
3669 5434 3906 5500 πίστεως

2268 5517 2559 5590 ἐδικαιώθη
2590 5539 2604 5588 ς
