4198 6198
365 424 483 488 405

440 559 554 618 Οὔκ
611 559 820 636 ἐγράφη

370 747 488 802 τοῖς
545 738 894 796 πιστεύουσιν
981 737 1068 794 ἐπὶ
1151 738 1246 793 τὸν
1323 737 1576 814 ἐγείρατα
1654 739 1864 807 Ἰησοῦν
1937 738 2026 792 τὸν

375 833 578 906 Κῦριον
641 833 800 902 ἡμῶν
867 827 928 882 ἐκ
983 832 1231 903 νεκρῶν,
1289 828 1349 890 ’ὸς
1433 822 1706 901 πορεδόθη
1799 824 1888 882 διά
1962 827 2028 882 τὰ

370 919 792 992 παραπτώματα
849 921 1036 992 ἡμῶν,
1093 918 1184 972 καὶ
1241 917 1450 992 ἠγέρθη
1513 915 1602 972 διά
1641 920 1740 986 τήν
1800 914 2024 972 δικαίως

371 1031 454 1064 σιν
488 1013 671 1081 ἡμῶν.

446 1096 581 1153 Εἶτα
630 1095 719 1150 ’ίνα
771 1096 846 1168 μή
899 1093 1134 1168 λέγωσιν
1168 1096 1220 1150 οἱ
1277 1094 1564 1169 ἀκροαταὶ,
1623 1093 1726 1151 Καὶ
1780 1093 1833 1149 τὶ
1887 1094 2024 1167 πρὸς

370 1189 523 1258 ἡμᾶς
556 1206 570 1256 ;
603 1185 806 1246 ἐκεῖνος
856 1185 959 1262 γάρ
1007 1180 1324 1255 ἐδικαιώθη·
1381 1183 1592 1261 ἐπάγει,
1625 1186 1710 1241 ’ὁτι
1740 1188 1909 1239 ταῦτα
1961 1185 2025 1240 οῦ

370 1276 538 1355 χάριν
575 1274 744 1348 μόνου
783 1278 881 1328 τοῦ
911 1275 1253 1349 πατριάρχου
1285 1272 1610 1351 γέγραπται,
1645 1271 1792 1328 ἀλλά
1819 1272 1911 1326 καὶ
1956 1268 2026 1326 δι’

371 1367 546 1437 ἡμᾶς,
576 1366 667 1418 ’ἱνα
697 1360 1048 1438 παράδειγμα
1096 1363 1188 1417 τὸν
1248 1359 1500 1437 Ἀϐραάμ
1559 1356 1808 1436 ἔχοντες,
1840 1359 2024 1415 πιστοὶ

368 1475 429 1510 τε
460 1455 669 1526 ὁμοίως
727 1452 1026 1526 γινώμεθα,
1083 1453 1174 1506 καὶ
1229 1452 1498 1525 ὁμοίωςή
1529 1450 1713 1514 πίστις
1760 1453 1897 1522 ⁴ἡμῖν
1947 1448 2025 1510 εἷς

371 1540 727 1610 δικαιοσύνην
762 1541 1073 1618 λογίζηται.
1108 1565 1135 1592 ‹‹
1170 1541 1275 1597 Επὶ
1305 1541 1398 1595 τὸν
1427 1539 1703 1617 ἐγείραντα
1733 1542 1965 1608 Ἰησοῦν.
1994 1562 2022 1589 ››

379 1632 608 1709 Εῦνρυῶς
658 1626 931 1686 εἰσέϐαλεν
989 1631 1064 1692 εἰς
1119 1631 1211 1685 τὸν
1267 1631 1389 1700 περὶ
1445 1634 1543 1684 τοῦ
1577 1629 1776 1704 Κυρίου
1834 1627 2021 1703 λόγον,

369 1720 460 1775 καί
495 1741 674 1798 ςρησιν·
709 1720 787 1777 Οὐ
846 1718 935 1773 δια
992 1721 1087 1782 τάς
1146 1717 1351 1780 οἰκείας
1415 1717 1680 1791 ἁμαρτίας
1739 1718 2019 1782 ἀπέθανεν,

370 1806 642 1864 ἐπεῖοῦδὶ
698 1808 1057 1876 ἀνασταθῆναι
1116 1807 1278 1862 αὑτὸν
1335 1803 1441 1861 ἔδει
1492 1803 1676 1880 ὥσπερ
1735 1803 1858 1860 οὐδὲ
1913 1804 2020 1878 πρὸ

1461 427 1875 490 ΟΟΜΜΕΝΤ.
1921 428 1999 488 IN
2044 431 2296 490 EPIS'l‘.
2343 435 2448 493 AD
2492 434 2682 495 ROM.

913 556 970 614 δὲ
1043 555 1118 615 δι’
1174 559 1339 614 αὐτὸν
1411 560 1576 633 μόνον
1633 559 1718 615 δτι
1769 558 2027 636 ἐλογίσθη
2061 568 2107 629 Α

367 651 521 723 αὖτῴ
555 697 568 720 ,
623 648 774 704 ἀλλὰ
846 651 937 704 καὶ
994 647 1063 704 δι’
1119 652 1266 722 ἡμᾶς
1324 650 1407 712 οἷς
1463 648 1656 722 μέλλει
1719 647 2029 724 λογίζεσθαι

3672 432 3788 492 406

2215 563 2302 632 ιν,
2336 568 2518 628 23-25.
2551 569 2668 623 Non
2695 574 2878 624 autem
2917 570 3181 639 scriptum
3229 574 3308 623 est
3351 573 3584 638 propter
3629 567 3788 623 illum

2134 655 2310 710 solum
2365 659 2514 726 quod
2541 656 2876 727 imputatum
2931 660 3002 713 sit
3034 659 3160 728 ipsi.
3193 657 3288 712 sed
3345 659 3510 710 etiam
3557 663 3791 726 propter

2135 760 2230 799 nos
2257 745 2457 815 quibus
2507 748 2877 818 imputabitur
2928 747 3270 802 credentibus
3300 745 3358 800 in
3389 763 3507 801 eum
3540 749 3638 816 qui
3664 761 3780 801 sus-

2134 835 2328 888 citavit
2356 837 2538 889 Jesum
2573 837 2858 890 Dominum
2886 840 3131 890 nostrum
3162 852 3196 888 a
3226 836 3453 889 mortuis
3487 850 3500 886 :
3541 836 3639 904 qui
3670 841 3781 887 tra-

2134 923 2285 978 ditus
2303 925 2416 992 fuit
2443 931 2674 995 propter
2700 930 2927 994 peccata
2955 931 3163 991 nostra,
3195 930 3246 978 et
3275 925 3577 977 resurrexit
3598 939 3775 993 prop-

2134 1029 2232 1067 eer
2249 1013 2705 1082 justiﬁcationem
2736 1020 3002 1067 nostram.

2213 1103 2292 1156 Ne
2324 1101 2527 1156 dicant
2556 1101 2893 1158 auditores:
2927 1101 2994 1156 Et
3021 1099 3166 1172 quid
3196 1099 3270 1154 ad
3298 1115 3406 1154 nos
3429 1099 3457 1153 ?
3485 1099 3590 1154 Ille
3621 1100 3781 1154 enim

2123 1190 2488 1262 justiﬂcatus
2519 1195 2628 1259 est,
2657 1206 2777 1245 non
2807 1205 2952 1245 nos:
2988 1188 3294 1260 subjuugit
3322 1185 3482 1258 quod
3502 1187 3627 1242 haac
3658 1204 3776 1242 non

2133 1279 2321 1336 solius
2353 1279 2705 1352 patriarchas
2749 1279 2938 1352 gratia
2995 1279 3215 1349 scripta
3273 1283 3431 1340 sunt,
3465 1275 3568 1332 sed
3600 1278 3779 1331 etiam

2131 1373 2372 1440 propter
2389 1374 2610 1434 nos,ut,
2634 1368 2884 1424 Abrahae
2907 1367 3246 1439 exemplum
3265 1365 3572 1432 habentes,
3599 1366 3782 1421 simili

2133 1458 2307 1514 modo
2351 1458 2557 1514 ﬁdeles
2597 1458 2949 1522 efficiamur,
2983 1463 3040 1511 et
3088 1455 3366 1511 similiter
3398 1454 3547 1509 fides
3606 1455 3783 1509 nobis

2131 1548 2456 1618 imputetur
2498 1547 2569 1602 ad
2620 1547 2940 1616 justitiam.
2977 1568 3003 1594 α
3035 1547 3097 1600 In
3131 1561 3264 1598 eum
3328 1543 3428 1614 qui
3481 1545 3783 1598 suscitavit

2128 1638 2348 1693 Jesum.
2387 1660 2411 1681 »ι
2447 1638 2792 1692 Sermonem
2845 1635 2916 1689 de
2970 1636 3218 1688 Domino
3279 1640 3410 1704 apte
3472 1648 3780 1702 aggressus

2131 1734 2238 1790 est,
2272 1733 2330 1780 et
2359 1727 2471 1781 ait:
2515 1728 2639 1781 Non
2671 1731 2910 1796 propter
2943 1741 3046 1778 sua
3083 1730 3322 1794 peccata
3356 1729 3622 1777 mortuus
3655 1727 3775 1785 est;

2128 1831 2266 1870 nam
2308 1817 2417 1870 hoc
2477 1815 2651 1869 modo
2711 1831 2829 1869 non
2872 1813 3174 1868 debuisset
3225 1827 3558 1883 resurgere.
3596 1809 3769 1864 sicuti

369 1899 568 1954 τούτου
601 1918 704 1967 τις,
739 1895 887 1952 ἀλλά
918 1894 1007 1951 δια
1035 1896 1128 1958 τάς
1159 1898 1318 1966 ἡμῶν
1380 1895 1666 1969 ἁμαρτίας,
1695 1893 1790 1949 ’ίνα
1841 1893 1892 1963 ἐξ
1923 1893 2015 1949 αῦ-

410 1985 936 1999 -.-.,...

2131 1918 2322 1972 neque
2345 1901 2639 1974 quispiam
2657 1908 2793 1956 ante
2811 1901 3000 1958 illum.
3025 1899 3126 1954 sed
3145 1907 3383 1969 propter
3406 1901 3609 1951 nostra
3634 1912 3772 1966 pec-

368 1992 478 2044 τῶν
510 1990 658 2059 ἡμᾶς
688 1985 992 2058 ἀπαλλάξῃ.
1029 2009 1057 2036 ‹‹
1093 1985 1193 2041 Καὶ
1225 1983 1431 2060 ἠγέρθη
1468 1982 1556 2038 διά
1594 1985 1690 2052 τὴν
1733 1982 2014 2038 δικαίωσιν

367 2079 549 2148 ἡμῶν.
589 2099 609 2127 ι
645 2077 776 2143 Ἵνα,
810 2073 966 2151 φησὶ,
1025 2071 1291 2147 δικαιώσῃ
1352 2075 1520 2145 ἡμᾶς.
1578 2072 1667 2126 καὶ
1726 2069 2014 2146 ἀπαλλάξῃ

367 2167 650 2240 ἁμαρτιῶν
713 2163 793 2221 Οὐ
825 2163 928 2240 γὰρ
953 2159 1043 2216 διὰ
1071 2167 1241 2218 τοῦτο
1275 2161 1696 2234 οἰκειωσάμενος
1726 2162 1821 2223 τὰς
1854 2161 2018 2234 ἡμῶν

371 2255 680 2330 ἁμαρτίας,
739 2250 898 2322 δίκην
955 2252 1183 2316 θανάτου
1242 2248 1469 2306 δέδωκεν
1533 2252 1666 2326 ὑπὲρ
1719 2248 2020 2324 ἡμῶν,’ίνα

369 2347 520 2419 ἡμᾶς
563 2342 888 2407 ὑπευθ·5νους
943 2341 1030 2397 καὶ
1089 2342 1370 2421 χρεώστας
1428 2335 1531 2416 ἔχῃ
1596 2340 1845 2410 θανάτου,
1894 2339 2021 2396 ἀλλ’

367 2435 460 2488 ἰνα
494 2431 759 2508 δικαιώσῃ
795 2435 964 2504 ἡμᾶς,
1009 2432 1234 2502 ζωώσας
1265 2431 1486 2506 νεκροὺς
1518 2430 1676 2492 ὄντας
1733 2434 1800 2504 τῇ
1833 2431 2018 2506 ἀμαρ-

370 2523 509 2594 τίᾳ,
589 2523 678 2577 καὶ
735 2520 920 2577 τέλεον
981 2520 1294 2582 ἀνευθύνους
1353 2520 1486 2596 ἀφῇ,
1547 2518 1727 2595 ὥσπερ
1781 2519 1872 2574 καὶ
1927 2521 2018 2574 τὸν

377 2607 630 2688 Ἀϐραὰμ
663 2611 748 2666 καὶ
782 2613 882 2681 τὴν
931 2618 1030 2680 τῆς
1066 2610 1272 2687 Σάρρας
1333 2612 1543 2682 μήτραν
1600 2607 1679 2681 τῷ
1735 2611 1881 2686 γήρᾳ
1930 2609 2019 2664 καὶ

371 2705 442 2775 τῇ
526 2701 832 2776 στειρότητι
889 2699 1254 2775 νεκρωθέντας
1339 2699 1622 2770 ἀνεζώωσε
1702 2701 1770 2772 τῇ
1833 2719 2018 2753 τεκνο·

374 2793 552 2867 γονίᾳ.

1020 2879 1379 2946 ΚΕΦΑΛ.ζ.

726 2967 859 3043 Περὶ
882 2973 982 3038 τῆς
1015 2965 1378 3039 ἀποκειμένης
1411 2963 1656 3028 ἆλπίδος.

445 3059 825 3124 Δικαιωθέντες
904 3058 998 3114 οῦν
1079 3055 1138 3112 ἐκ
1214 3056 1446 3119 πίστεως
1502 3055 1726 3131 εἲρήνην
1795 3048 2014 3132 ἔχωμεν

368 3152 506 3225 πρὸς
552 3150 681 3206 Θεὸν
741 3147 830 3217 διὰ
883 3153 982 3203 τοῦ
1041 3146 1240 3222 Κυρίου
1296 3149 1459 3219 ἡμῶν
1514 3147 1693 3216 Ἰησοῦ
1754 3149 2015 3220 Χριστοῦο

370 3238 442 3295 δι’
501 3240 563 3294 οῦ
619 3238 707 3294 καὶ
763 3240 864 3307 τήν
916 3237 1286 3314 προσαγωγὴν
1341 3235 1654 3311 ἐσχήκαμεν
1706 3239 1774 3308 τῇ
1834 3234 2012 3289 πίστει

2126 1999 2276 2058 cata,
2310 1999 2375 2046 ut
2403 2009 2511 2047 nos
2532 1991 2604 2046 ab
2637 1992 2722 2046 eis
2756 1991 3053 2051 liberaret.
3088 1991 3232 2045 251
3293 2012 3312 2035 ι
3351 1989 3420 2042 Et
3449 1985 3772 2040 resurrexit

2126 2080 2884 2153 propterjustificationem
2922 2084 3206 2134 nostram.
3269 2077 3343 2131 Ut
3387 2091 3518 2136 nos.
3553 2074 3769 2144 inquit,

2122 2171 2500 2243 justiﬁcaret,
2553 2176 2664 2224 eta
2694 2169 2954 2241 peccatis
3010 2167 3312 2222 liberaret.
3367 2167 3566 2235 Neque
3611 2162 3772 2217 enim

2128 2260 2348 2317 idcirco
2370 2265 2573 2314 nostra
2604 2264 2845 2330 peccata
2868 2257 2979 2312 sibi
3016 2256 3256 2329 propria
3285 2254 3445 2320 fecit,
3468 2269 3535 2308 ac
3568 2251 3775 2306 mortis

2130 2367 2362 2423 pmnam
2397 2366 2502 2420 pro
2528 2347 2700 2402 nobis
2725 2347 2850 2402 luit.
2874 2364 2990 2418 quo
3010 2363 3142 2401 reos
3163 2363 3231 2401 ac
3252 2344 3460 2400 mortis
3479 2342 3776 2398 debitores

2129 2457 2250 2495 non
2276 2438 2552 2495 haberet:
2578 2436 2682 2492 sed
2706 2444 2768 2492 ut
2785 2436 3277 2508 eosjustiﬁcaret,
3302 2434 3520 2488 donata
3538 2432 3655 2486 vita
3680 2430 3771 2484 his

2130 2530 2230 2602 qui
2263 2531 2324 2584 in
2355 2528 2610 2600 peccatis
2663 2527 2882 2582 mortui
2931 2532 3119 2588 erant,
3181 2531 3237 2580 et
3291 2524 3549 2596 perfecte
3611 2526 3777 2575 reatu

2129 2620 2349 2675 liberos
2379 2617 2708 2672 dimitteret
2732 2633 2744 2670 :
2779 2613 3280 2688 quemadmodum
3305 2619 3364 2667 et
3393 2610 3687 2666 Abraham
3711 2624 3779 2663 ac

2128 2709 2284 2764 Sara)
2317 2707 2626 2762 matricem
2658 2711 2962 2760 senectute
2995 2721 3061 2759 ac
3094 2703 3552 2770 sterilitatejam
3583 2714 3776 2753 emor-

2128 2803 2262 2853 tuos
2294 2797 2423 2852 vita:
2455 2795 2736 2858 restituit,
2771 2795 3148 2864 ﬁliorumque
3183 2787 3605 2863 procreationi.

2765 2883 2996 2938 CAPUT
3035 2883 3105 2934 VI
3120 2921 3132 2934 .

2697 2971 2771 3026 De
2809 2973 3047 3040 reposita
3088 2985 3201 3040 spe.

2203 3065 2266 3128 V,
2304 3068 2351 3125 1,
2384 3067 2436 3118 2.
2470 3062 2766 3132 Justiﬁcati
2820 3075 2948 3129 ergo
2979 3075 3047 3113 ea:
3075 3059 3208 3128 ﬁde,
3234 3071 3426 3128 pacem
3479 3052 3773 3108 habeamus

2128 3171 2260 3224 erga
2292 3156 2460 3208 Deum
2500 3170 2603 3224 per
2635 3153 2920 3206 Dominum
2966 3157 3211 3204 nostrum
3261 3150 3444 3203 Jesum
3477 3145 3770 3210 Christum,

2121 3260 2226 3314 per
2253 3257 2416 3312 quem
2437 3247 2488 3296 et
2518 3255 2787 3295 accessum
2826 3239 3113 3292 habuimus
3144 3253 3250 3308 per
3303 3235 3464 3304 ﬁdem
3513 3235 3570 3287 in
3628 3233 3767 3286 hanc

369 3329 448 3393 εἷς
475 3330 574 3396 τήν
599 3327 759 3404 χάριν
788 3311 1012 3397 ταύτην,
1045 3311 1160 3400 ἐν
1191 3311 1514 3398 ἑστήκαμεν,
1546 3323 1636 3378 καὶ
1679 3325 2014 3399 καυχώμεθα

2131 3311 2387 3402 ῥναίίαηι,
2450 3334 2511 3385 in
2559 3347 2672 3400 qua
2725 3331 2988 3393 stetimus,
3051 3335 3102 3382 et
3159 3327 3462 3396 gloriemur
3510 3322 3574 3377 ob
3625 3337 3776 3391 spem

370 3418 454 3474 ἐπ’
480 3416 661 3473 ἐλπίδι
693 3425 792 3487 τῆς
825 3415 985 3486 δόξης
1015 3419 1112 3470 τοῦ
1153 3419 1308 3471 Θεοῦ.

447 3509 570 3568 Ηῶς
602 3503 647 3562 δ’
678 3505 738 3562 ἄν
769 3528 851 3570 τις
880 3505 1148 3582 εἷρηνεύοι
1180 3505 1318 3579 πρὸς
1385 3503 1478 3558 τὸν
1535 3503 1664 3558 Θεόν
1698 3522 1712 3572 ;
1772 3502 2015 3557 ἀκολου-

375 3601 486 3662 θῶν
519 3603 636 3659 ταῖς
669 3595 919 3658 ἐντολαῖς
959 3595 1154 3663 αὐτοῦ,
1209 3593 1282 3655 ὡς
1316 3594 1345 3648 ὃ
1373 3613 1433 3668 γε
1462 3593 1808 3667 ἁμαρτάνων,
1843 3591 2018 3647 πολε-

381 3693 473 3760 μεῖ
505 3691 640 3758 Θεῷ.
669 3685 771 3744 Καὶ
815 3685 1008 3748 οὕτως·
1071 3685 1310 3738 Δείκνυσι
1367 3683 1493 3746 τοὺς
1536 3679 1831 3744 Ἰουδαίους
1893 3703 2020 3737 στα-

379 3777 664 3847 σιάζοντας
698 3776 834 3849 πρὸς
858 3775 1058 3841 πίστιν,
1116 3774 1204 3828 καὶ
1263 3775 1338 3844 μή
1388 3769 1869 3847 παραδεχομένους
1924 3774 2018 3827 τὸν

378 3866 756 3941 Κύριονὴμῶν
786 3868 996 3935 Ἰησοῦν
1057 3863 1311 3936 Χριστὸν,
1342 3863 1431 3917 καὶ
1489 3863 1624 3938 πρὸς
1672 3862 1833 3917 αὐτὸν
1893 3882 2020 3916 στα-

375 3956 578 4026 σιάζειν
608 3955 704 4009 τὸν
733 3953 941 4027 Πατέρα
967 3952 1061 4007 τὸν
1117 3950 1394 4026 ἐγείραντα
1455 3951 1617 4006 αὐτὸν
1676 3951 1734 4006 ἐκ
1789 3955 2017 4025 νεκρῶν.

375 4045 488 4101 Ἵνα
518 4047 646 4117 γάρ,
679 4043 835 4120 φησὶ,
867 4041 1247 4111 δικαιωθῶμεν
1279 4044 1466 4113 ἡμεῖς,
1498 4037 1588 4096 διὰ
1625 4045 1788 4095 τοῦτο
1845 4041 1936 4096 καὶ
1966 4040 2018 4095 έν

372 4137 584 4205 νεκροῖς
616 4131 870 4206 ἐλογίσθη
906 4130 1000 4185 καῖ
1058 4128 1282 4198 ἀνέστην
1313 4128 1372 4183 ἐκ
1398 4133 1505 4184 τῶν
1558 4133 1778 4203 νεκρῶν.
1839 4130 2019 4202 Ὑμεῖς

378 4217 435 4276 δὲ
464 4221 528 4276 οῦ
559 4219 980 4295 προσδεκόμενοι
1031 4218 1213 4288 αὐτὸν,
1245 4218 1334 4272 καὶ
1364 4223 1442 4289 τῷ
1502 4217 1670 4292 [Ιατρὶ
1727 4217 2021 4290 πολεμεῖτε

375 4316 455 4381 τῷ
482 4309 841 4381 ἀναστήσαντι
873 4308 1057 4365 αὐτόν.
1091 4307 1248 4364 Ἀλλ’
1290 4309 1342 4361 οἱ
1401 4305 1796 4374 δικαιωθέντες,
1832 4306 2017 4381 φησὶν,

378 4399 600 4476 εἰρήνην
685 4395 901 4475 ἔχωμεν
983 4398 1120 4471 πρὸς
1189 4398 1284 4453 τὸν
1346 4395 1574 4470 Πατέρα,
1632 4393 2023 4467 καταλῦσωμεν

377 4487 602 4552 τελείως
633 4489 729 4543 τὸν
763 4487 899 4561 πρὸς
929 4485 1092 4542 αὐτὸν
1123 4484 1393 4557 πόλεμον.
1420 4486 1543 4544 Πῶς
1569 4480 1626 4537 δὲ
1655 4481 1979 4538 καταλύεται
2005 4501 2020 4550 ς

377 4575 467 4633 διά
495 4577 705 4642 τελείας
737 4578 824 4632 καὶ
872 4574 1194 4632 ἀδιστάκτου
1251 4574 1486 4634 πίστεως
1517 4579 1618 4642 τῆς
1652 4571 1728 4633 εἷς
1785 4573 1876 4627 τὸν
1913 4573 2022 4629 Κύ-

2126 3421 2318 3492 gloriaz
2349 3421 2469 3476 Dei.

2198 3508 2501 3575 Quomodo
2533 3513 2732 3563 autem
2764 3507 2981 3563 habere
3012 3505 3231 3576 poterit
3255 3503 3552 3575 quispiam
3575 3515 3778 3572 pacem

2128 3616 2266 3671 erga
2303 3597 2533 3655 Deum?
2567 3598 2612 3652 si
2647 3603 2931 3668 sequatur
2963 3601 3256 3666 praecepta
3285 3597 3414 3662 ejus
3449 3608 3461 3646 :
3497 3588 3776 3661 quemad-

2125 3690 2371 3746 modum
2403 3703 2544 3742 sane
2571 3687 2620 3741 is
2651 3687 2749 3758 qui
2779 3691 3000 3757 peccat,
3062 3686 3179 3739 Deo
3222 3696 3482 3753 pugnare
3539 3679 3778 3734 dicitur.

2129 3781 2248 3834 Hoc
2278 3784 2564 3849 praeterea
2581 3775 2757 3831 modo
2782 3792 2795 3830 :
2829 3773 3100 3831 Ostendit
3119 3772 3353 3828 Judznos
3376 3770 3475 3840 qui
3501 3767 3778 3822 seditiose

2127 3867 2516 3923 movebantur
2545 3865 2828 3920 adversus
2861 3863 3060 3923 fidem.
3097 3877 3206 3915 nec
3263 3856 3632 3928 recipiebant
3666 3858 3775 3906 ἱιοο

2129 3959 2358 4014 minum
2391 3961 2662 4010 nostrum
2694 3955 2892 4009 Jesum
2911 3953 3228 4011 Christum,
3249 3947 3600 4019 ergaipsum
3633 3961 3779 4015 quo-

2127 4062 2244 4118 que
2270 4048 2504 4100 Patrem
2534 4043 2814 4098 seditiose
2837 4056 3008 4112 agere
3041 4039 3138 4110 qui
3165 4037 3335 4091 illum
3358 4053 3392 4090 a
3415 4035 3662 4090 mortuis
3685 4050 3776 4088 su-

2129 4135 2382 4192 scitavit.
2422 4136 2566 4188 Nam
2596 4138 2661 4186 ut
2690 4148 2821 4193 nos.
2855 4130 3068 4200 inquit,
3095 4127 3518 4200 justificemur.
3552 4125 3770 4179 idcirco

2129 4224 2286 4280 inter
2316 4227 2582 4276 mortuos
2613 4224 2920 4290 reputatus
2939 4224 3029 4272 est
3050 4222 3108 4272 et
3137 4215 3393 4271 surrexit
3421 4231 3455 4268 a
3487 4212 3734 4268 mortuis
3758 4226 3771 4265 :

2129 4330 2230 4367 vos
2261 4316 2457 4366 autem
2477 4311 2524 4364 si
2559 4325 2694 4364 eum
2723 4325 2843 4363 non
2879 4307 3200 4378 suscipitis,
3234 4305 3514 4360 adversus
3547 4305 3780 4356 Patrem

2129 4419 2365 4476 quoque
2399 4401 2623 4457 bellum
2655 4401 2879 4468 geritis,
2916 4399 3015 4470 qui
3039 4414 3173 4452 eum
3209 4394 3530 4450 suscitavit.
3567 4393 3779 4446 Verum

2122 4492 2460 4565 justiﬂcati,
2494 4491 2710 4561 inquit,
2743 4505 2950 4560 pacem
3001 4486 3325 4542 habeamus
3356 4499 3492 4555 erga
3527 4483 3778 4535 Patrem.

2131 4582 2356 4638 bellum
2380 4579 2538 4652 quod
2568 4579 2851 4635 adversus
2881 4577 3050 4632 illum
3083 4582 3191 4641 est,
3217 4572 3471 4645 perfecte
3505 4568 3781 4624 dissolva-

377 4687 490 4743 ριον
523 4670 684 4740 ἡμῶν
744 4670 955 4736 Ἰησοῦν
1013 4663 1264 4740 Χριστόν·
1324 4663 1484 4723 αὔτὸς
1542 4661 1643 4737 γάρ
1700 4660 2019 4716 ἐστινὸκαὶ

2131 4687 2275 4727 mus.
2312 4671 2436 4735 Quo
2473 4673 2672 4724 autem
2698 4667 2873 4723 modo
2898 4665 3284 4721 dissolvitur?
3312 4661 3572 4734 perfecta
3600 4657 3781 4712 indu—

375 4757 662 4832 πρασάγων
693 4759 840 4826 ἡμᾶς
877 4755 1022 4826 αὐτῷ
1068 4757 1147 4823 τῷ
1194 4751 1381 4827 Πατρί.
1443 4775 1471 4802 ‹‹
1507 4751 1604 4807 Διά
1657 4755 1760 4806 τοῦ
1818 4750 2022 4822 Κυρίου

375 4848 560 4920 ⁴ἡμῶν.
593 4869 623 4898 ››
658 4845 718 4904 Εἰ
756 4845 856 4920 γα)
911 4841 980 4899 δι’
1039 4843 1208 4898 αῦτοῦ
1266 4845 1372 4898 τῶν
1429 4840 1836 4918 προγεγονότων
1896 4838 2020 4895 ἱλυο

375 4935 662 5011 τρώθημεν
726 4936 1028 5010 ἁμαρτιῶν,
1087 4928 1159 4986 δι’
1214 4929 1378 4985 αὐτοῦ
1431 4927 1598 4985 πάλιν
1647 4928 1738 4984 καὶ
1797 4935 1894 4998 τῆς
1945 4928 2020 4991 εἰς

375 5025 536 5082 αὐτὸν
571 5023 800 5085 πίστεως
836 5028 1101 5096 μενοῦμεν
1142 5022 1218 5093 μή
1278 5019 1699 5092 ἁμαρτάνοντες.
1762 5018 1858 5074 Καὶ
1917 5017 2023 5094 γάρ

377 5115 600 5194 εὖχιρὲς
665 5111 876 5184 μᾶλλον
934 5111 1186 5192 φυλάξαι,
1218 5108 1251 5178 ἢ
1282 5111 1581 5178 κτήσασθαι
1633 5107 1700 5162 τὰ
1754 5106 1924 5180 ἀγαθά
1951 5111 2020 5179 τῇ

375 5203 542 5258 αὐτοῦ
574 5201 842 5278 συνεργίᾳ.
879 5224 908 5253 ι(
931 5201 1008 5257 Δι’
1040 5198 1102 5255 οὗ
1131 5199 1220 5253 καὶ
1259 5199 1359 5268 τὴν
1419 5198 1784 5272 προσαγωγὴν
1843 5195 2021 5271 ἐσχή-

374 5313 568 5365 καμεν.
603 5315 632 5343 ››
693 5294 772 5347 Δι’
855 5288 1020 5344 αὖτοῦ
1079 5289 1184 5365 γάρ
1243 5287 1644 5360 προσήχθημεν
1689 5289 1770 5357 τῷ
1829 5284 2020 5359 Ματρί.

377 5404 408 5434 α
445 5382 506 5438 Et
537 5380 631 5435 οὗν
679 5380 886 5452 μακρὰν
920 5377 1093 5446 ὄντες,
1127 5376 1286 5451 ἐγγὺς
1345 5376 1645 5450 γεγόναμεν
1703 5373 2025 5446 τῷγθανάτῳ

372 5469 538 5527 αὐτοῦ
578 5516 593 5540 ,
657 5466 856 5539 πολλῷ
914 5465 1126 5540 μᾶλλον
1187 5465 1350 5543 ἔγγὺς
1405 5465 1574 5528 ὄντες,
1643 5461 2026 5536 είρηνεύσομεν

376 5558 513 5633 πρὸς
543 5558 713 5614 αὐτὸν
743 5556 930 5636 χάριτι
989 5556 1176 5613 αὐτοῦ.
1239 5577 1268 5606 α
1330 5555 1408 5626 Τῇ
1466 5551 1666 5608 πίστει.
1700 5573 1732 5603 ››
1786 5550 1906 5614 Θεὶς
1960 5551 2028 5605 τὰ

453 5712 499 5753 ⁸⁸
525 5713 740 5788 Eph”.
768 5729 830 5786 ιι,
864 5711 948 5768 18.

2131 4760 2436 4830 bitataque
2468 4758 2585 4813 fide
2609 4773 2740 4828 qum
2768 4764 2856 4810 est
2877 4756 2938 4810 in
2963 4754 3278 4810 Dominum
3301 4749 3781 4807 nostrumlesum

2131 4849 2430 4905 Christum
2456 4866 2468 4903 :
2503 4848 2628 4918 ipse
2662 4847 2818 4902 enim
2853 4851 2944 4901 est
2972 4844 3072 4914 qui
3105 4859 3214 4897 nos
3245 4840 3319 4896 ad
3344 4841 3571 4895 Patrem
3593 4836 3783 4894 addu-

2132 4940 2229 4994 cit.
2266 4960 2294 4988 ‹‹
2328 4940 2437 4992 Per
2484 4936 2801 4991 Dominum
2833 4939 3126 4988 nostrum.
3173 4957 3192 4978 ι
3230 4932 3373 4986 Nam
3405 4930 3452 4983 si
3483 4945 3590 5000 per
3642 4942 3779 4982 eum

2133 5046 2167 5084 a
2194 5026 2510 5099 praeteritis
2533 5023 2898 5078 redimamur
2919 5022 3197 5092 peccatis,
3225 5034 3461 5076 rursum
3486 5033 3590 5089 per
3612 5016 3783 5072 illum

2135 5117 2192 5170 in
2214 5115 2328 5170 fide
2349 5114 2555 5186 quasin
2579 5129 2712 5167 eum
2739 5119 2827 5167 est
2848 5111 2977 5166 sine
2997 5115 3236 5182 peccato
3252 5107 3784 5180 perseverabimus.

2138 5204 2389 5259 Facilius
2405 5219 2662 5272 namque
2677 5200 2933 5256 estbona
2947 5214 3317 5261 conservare.
3339 5213 3518 5268 quam
3545 5194 3785 5267 proprio

2137 5298 2326 5346 marte
2358 5297 2460 5346 aut
2489 5290 2906 5362 cooperatione
2966 5295 3170 5343 nostra
3225 5287 3554 5358 acquirere.
3609 5305 3637 5334 ‹‹
3671 5285 3782 5338 Per

2139 5396 2315 5451 quem
2349 5386 2407 5432 et
2436 5395 2740 5435 accessum
2775 5377 3111 5433 habuimus.
3141 5398 3168 5424 ››
3200 5399 3228 5425 ‹‹
3257 5377 3366 5430 Per
3395 5376 3593 5446 ipsum
3627 5373 3788 5427 enim

2137 5469 2210 5523 ad
2246 5471 2478 5523 Patrem
2514 5468 2707 5523 educti
2743 5483 2947 5522 sumus
2981 5467 3044 5520 η.
3081 5489 3108 5516 ››
3133 5467 3187 5520 Si
3212 5481 3348 5530 ergo
3371 5481 3506 5520 cum
3535 5461 3790 5534 elongati

2137 5570 2537 5626 essemus,per
2557 5561 2808 5610 mortem
2828 5555 3015 5626 ipsms
3037 5552 3357 5625 propinqui
3384 5551 3523 5607 facti
3557 5563 3784 5613 sumus,
