4222 6194
408 410 528 469 4οἿ

1524 387 1950 455 CECUMENII
1995 384 2298 447 TllICCIE
2342 384 2713 448 EPlSCOPl.

3698 386 3814 447 408

409 541 585 611 longe
608 532 862 604 amplius
878 530 1006 602 jam
1037 527 1173 583 facti
1198 526 1539 599 propinqui,
1570 539 1777 596 pacem
1823 520 1897 578 ad
1927 535 2063 575 eum

2195 520 2272 572 τοῦ
2321 521 2583 593 Χριστοῦ,
2637 519 2728 573 καὶ
2772 519 2839 574 τὰ
2898 520 3060 593 ἡμῶν
3122 517 3325 587 τίθησι.
3386 518 3528 592 Πρὸς
3566 517 3670 594 γὰρ
3717 517 3815 580 τὰς

415 627 765 687 habebimus
785 622 973 696 gratia
1002 621 1189 692 ipsius
1212 619 1276 675 1⁷.
1313 640 1341 669 ‹‹
1363 622 1475 673 Per
1498 617 1697 672 ﬁdem.
1736 636 1763 664 »
1813 612 1922 669 Ubi
1955 628 2060 683 po-

417 718 534 774 suit
578 730 645 770 ea
678 729 808 784 quae
867 710 1081 766 Christi
1130 714 1288 775 sunt,
1347 707 1519 778 ponit
1574 704 1753 760 etiam
1811 718 1881 757 ea
1933 717 2064 770 quas

416 812 621 862 nostra
653 806 812 857 sunt.
843 798 1146 871 Siquidem
1179 797 1253 853 ad
1302 793 1631 850 inell‘abilia
1660 790 1876 847 Christi
1909 789 2068 844 dona

416 912 529 952 nos
559 898 775 966 praeter
804 891 981 946 ﬁdem
1002 888 1151 944 nihil
1184 886 1571 944 contulimus.
1617 907 1637 933 ι
1666 883 1730 937 In
1762 881 1915 936 hanc
1935 895 2068 952 gra-

416 986 584 1040 tiam.
620 1004 648 1034 »
682 985 830 1037 Puta
885 978 1044 1051 quod
1099 978 1200 1033 Dei
1259 976 1660 1048 cognitionem
1707 969 2065 1042 accepimus,

419 1073 577 1148 quod
609 1072 681 1128 ad
712 1071 909 1141 ipsum
940 1066 1198 1132 adducti,
1234 1064 1391 1139 quod
1435 1062 1690 1135 peccatis
1721 1058 1978 1115 liberati.
2013 1063 2071 1112 et

421 1176 789 1237 quaicunque
822 1157 1070 1231 largitur
1092 1156 1409 1227 baptisma.
1445 1151 1597 1210 258
1656 1149 1820 1216 Quod
1874 1153 2073 1204 autem

423 1252 710 1325 sequitur,
743 1271 772 1298 ‹‹
808 1248 1107 1311 Stetimus,
1142 1264 1167 1295 ιι
1207 1243 1724 1300 confirmationem
1757 1238 2069 1310 significat.

429 1364 457 1393 ‹‹
481 1344 546 1397 In
583 1341 734 1396 hanc
753 1337 1026 1410 gratiam.
1060 1354 1083 1384 ν
1110 1332 1577 1390 Demonstrative
1610 1330 1841 1385 locutus
1872 1332 1962 1382 est
1982 1343 2074 1381 e0-

431 1447 564 1487 rum
594 1426 1059 1500 magnitudinem
1115 1439 1183 1478 ac
1232 1420 1681 1477 multitudinem
1733 1416 2075 1490 significans

433 1537 564 1591 qum
596 1518 656 1571 in
687 1515 873 1588 gratia
903 1512 1305 1567 continentur.
1334 1511 1465 1582 Ipse
1489 1507 1782 1580 siquidem
1803 1520 2076 1562 accessus

428 1623 525 1662 res
556 1612 613 1660 et
644 1619 853 1675 magna
885 1618 952 1657 ac
983 1598 1354 1667 admiranda,
1379 1604 1438 1652 et
1463 1603 1598 1654 ante
1630 1597 1784 1651 hanc
1805 1599 2075 1666 peccato-

432 1711 565 1752 rum
583 1690 854 1749 remissio
870 1707 935 1746 ac
949 1694 1083 1762 post
1104 1689 1234 1760 ipsa
1255 1687 1418 1759 regni
1439 1686 1719 1742 cmlorum
1737 1682 2074 1754 promissio.

433 1784 517 1842 Ob
549 1798 724 1855 quam
761 1781 1077 1850 actionem,
1110 1778 1184 1833 ob
1212 1778 1368 1849 quod
1402 1781 1627 1832 rectum
1686 1789 1836 1845 opus
1891 1771 2080 1845 gratia

2175 603 2414 685 ἆιράτους
2445 604 2654 684 δωρεὰς
2681 613 2778 664 τοῦ
2833 610 3089 684 Χριστοῦ,
3122 611 3285 682 ἡμεῖς
3343 606 3496 663 οὐδὲν
3555 606 3701 677 πλὴν
3728 608 3821 664 πί-

2183 716 2350 759 στεως
2380 697 2705 771 ἠνέγκαμεν.
2747 721 2769 751 a
2805 698 2899 761 Εἰς
2945 699 3044 767 τήν
3101 698 3264 774 χάριν
3321 696 3544 769 ταύτην.
3591 721 3619 747 »ι
3649 700 3823 754 Τουτ-

2176 783 2286 840 ἐστι
2326 785 2388 840 τὸ
2443 788 2839 857 καταξιωθῆναι
2899 793 2999 855 τῆς
3052 790 3148 843 τοῦ
3204 790 3336 842 Θεοῦ
3396 787 3669 861 γνώσεως·
3729 786 3815 854 τὸ,

2176 878 2557 950 προσαχθῆναι
2591 875 2755 948 αὐτῷ·
2803 877 2888 947 τὸ,
2945 879 3224 952 ἁμαρτιῶν
3281 876 3692 951 ἀπαλλαγῆναι,
3721 877 3816 931 καὶ

2177 965 2275 1019 ὅσα
2303 966 2367 1019 τὸ
2401 964 2681 1040 βάπτισμα
2713 966 3016 1043 χαρίζεται.
3067 968 3143 1023 Τὸ
3201 964 3278 1034 δὲ,
3340 991 3369 1019 ‹‹
3397 969 3758 1039 Ἐστήκαμεν,
3792 990 3820 1020 ››

2182 1048 2513 1129 βεϐαιότητα
2553 1052 2741 1127 δηλοῖ.
2774 1090 2841 1099 -
2872 1058 3081 1132 [ΦΩΤ.]
3114 1080 3143 1109 ί(
3176 1056 3271 1119 Εἰς
3310 1057 3411 1123 τήν
3470 1057 3634 1132 χάριν
3691 1055 3822 1112 ταῦ-

2182 1143 2302 1213 τῆν.
2337 1168 2366 1197 ›)
2399 1150 2693 1209 Δεικτικῶς
2724 1146 2864 1210 εἶπε,
2919 1146 2981 1201 τὸ
3044 1148 3272 1223 μέγεθος
3327 1150 3436 1200 τῶν
3496 1145 3827 1222 ἐμπεριεχο-

2189 1233 2367 1305 μὲνων
2400 1237 2469 1307 τῇ
2502 1235 2689 1310 χάριτι
2715 1235 2804 1290 καὶ
2834 1234 2898 1290 τὸ
2927 1234 3143 1306 πλῆθος
3171 1232 3381 1305 δηλῶν.
3422 1236 3521 1291 Καὶ
3558 1235 3661 1311 γᾶρ
3690 1235 3825 1305 αξιτή

2182 1325 2218 1394 ἡ
2258 1343 2596 1403 προσαγωγη
2633 1346 2772 1404 μεγα
2825 1325 2915 1381 καὶ
2973 1326 3292 1398 θαυμάσιον,
3326 1327 3416 1381 καὶ
3473 1328 3578 1403 πρὸ
3631 1324 3826 1381 τούτου

2183 1415 2219 1484 ἡ
2259 1418 2368 1468 τῶν
2400 1415 2680 1491 ἁμαρτιῶν
2712 1413 2916 1496 ἄφεσις,
2947 1416 3035 1470 καὶ
3072 1416 3207 1489 μετὰ
3250 1420 3419 1471 ταῦτα
3475 1418 3510 1486 ἠ
3567 1420 3676 1470 τῶν
3735 1413 3824 1470 οὗ·

2187 1508 2362 1579 ρανῖύν
2395 1502 2781 1581 ἐπῃγγελμὲνη
2816 1503 3089 1580 βασιλεία.
3127 1504 3249 1562 Ἐπὶ
3307 1504 3438 1577 ποίᾳ
3495 1506 3705 1579 πράξει,
3738 1504 3826 1560 ἐπὶ

2185 1614 2333 1660 ποιῳ
2361 1595 2753 1673 κατοφθώματι
2784 1594 2919 1667 αὕτη
2977 1598 3012 1666 ἡ
3044 1596 3207 1672 χάρις
3239 1593 3399 1666 ἐδόθη
3427 1614 3441 1665 ;
3511 1594 3599 1650 ἐπὶ
3657 1593 3835 1650 πίστει

2191 1682 2353 1758 μόνῃσ
2420 1684 2591 1758 μόνον
2631 1684 2732 1759 γὰρ
2799 1683 3210 1760 ἐπιστεύσαμεν,
3269 1685 3357 1741 καὶ
3399 1682 3490 1741 διὰ
3517 1688 3614 1740 τοῦ
3646 1684 3837 1760 βαπτί-

2190 1793 2398 1847 σματος
2429 1773 2602 1829 πάντα
2641 1776 2779 1846 ἡμῖν
2827 1777 2862 1845 ἡ
2921 1775 3082 1850 χάρις
3150 1774 3468 1851 ἐχαρίσατο.
3511 1775 3580 1832 Ἦ
3642 1773 3834 1837 οὕτως·

432 1875 560 1930 haac
589 1872 728 1927 data
782 1869 928 1926 est?
993 1868 1066 1924 ob
1100 1869 1288 1924 solam
1341 1865 1568 1923 ﬁdem:
1625 1868 1855 1919 tantum
1919 1861 2078 1916 enim

2195 1863 2393 1937 Ὥσπερ
2423 1861 2498 1924 εἰς
2529 1864 2630 1931 τὴν
2661 1862 2822 1938 χάριν
2863 1864 3065 1934 ταύτην
3098 1864 3149 1918 ἐν
3180 1866 3218 1933 ἦ
3248 1865 3572 1936 ἑστήκαμεν,
3606 1864 3836 1939 καυχώ-

433 1961 752 2028 credimus,
788 1964 845 2015 et
875 1958 1078 2014 omnia
1106 1956 1278 2012 nobis
1328 1972 1435 2028 per
1488 1953 1852 2025 baptismum
1901 1950 2082 2023 gratis

434 2052 653 2109 donata
685 2053 841 2105 sunt.
875 2048 978 2102 Vel
1038 2048 1149 2102 hoc
1198 2044 1374 2101 modo
1411 2061 1423 2099 :
1458 2040 1966 2109 Quemadmodum
2021 2039 2083 2094 in

435 2141 624 2215 gratia
656 2138 766 2194 hac
795 2138 856 2192 in
881 2152 995 2207 qua
1019 2134 1293 2190 stetimus
1316 2133 1645 2207 gloriamur
1675 2130 1748 2184 ob
1773 2144 1937 2200 spem
1959 2127 2085 2200 glo-

437 2229 542 2284 ria:
578 2228 697 2295 Dei,
732 2228 814 2282 ita
843 2242 1079 2281 rursum
1112 2223 1438 2297 gloriemur
1481 2222 1541 2276 in
1576 2218 2083 2285 tribulationibus,

441 2318 696 2374 scientes
727 2315 886 2388 quod
916 2330 1021 2387 per
1051 2313 1186 2368 illas
1216 2318 1273 2368 et
1305 2327 1410 2383 per
1456 2310 1803 2383 patientiam
1842 2324 1908 2363 ac
1940 2322 2085 2379 pro-

438 2407 741 2464 bationem
801 2404 873 2460 ad
930 2404 1119 2476 ipsam
1178 2400 1557 2457 ascendimus
1615 2415 1746 2470 qua)
1796 2414 1919 2452 non
1974 2412 2087 2467 pu-

441 2495 676 2553 defacit.
713 2516 741 2545 «
774 2493 856 2551 Ob
889 2507 1054 2565 spem
1075 2491 1277 2565 glorias
1307 2489 1432 2545 Dei.
1460 2510 1487 2538 n
1521 2487 1625 2542 Vel
1662 2503 1779 2558 qua
1800 2483 2089 2557 Deusglo-

442 2585 731 2652 rificatur,
764 2582 852 2637 vel
886 2598 1003 2653 qua
1034 2597 1143 2636 nos
1173 2580 1327 2635 Deus
1356 2577 1684 2651 gloriﬁcat;
1726 2591 1834 2630 nos
1892 2578 2089 2630 autem

440 2674 735 2747 gloriﬁcat
763 2670 1150 2728 inenarrabili
1190 2684 1258 2724 ac
1288 2668 1584 2723 immensa
1612 2664 1821 2738 gloria,
1858 2662 2091 2718 donans

444 2780 569 2838 quae
593 2762 896 2837 pollicitus
920 2765 1009 2817 est
1041 2777 1053 2815 :
1083 2758 1401 2830 adoptione
1452 2773 1519 2812 ac
1576 2770 1756 2828 regno
1807 2752 2090 2809 caalorum

440 2853 647 2929 dignos
680 2853 903 2908 ducens
938 2868 952 2919 ;
1006 2854 1066 2905 et
1093 2848 1457 2922 gloriﬁcatur
1512 2846 1690 2900 etiam
1721 2843 1870 2916 ipse,
1904 2858 2090 2915 quan-

444 2960 622 3016 quam
648 2958 768 2998 non
793 2941 963 3013 juxta
994 2955 1157 2994 suam
1193 2937 1563 3011 dignitatem,
1589 2940 1648 2990 at
1678 2938 1965 3005 quantum
1992 2948 2090 2986 an-

440 3032 588 3107 gelis
619 3036 678 3087 et
705 3027 1049 3087 hominibus
1077 3026 1361 3099 possibile
1380 3030 1470 3080 est
1497 3041 1510 3078 :
1544 3023 1647 3095 qui
1678 3028 1904 3077 tantam
1935 3020 2093 3076 circa

2196 1951 2328 2024 μεθα
2363 1949 2444 2005 ἐπ’
2465 1947 2653 2006 ἐλπίδι
2696 1959 2799 2021 τῆς
2861 1948 3021 2023 δόξης
3079 1957 3180 2008 τοῦ
3236 1957 3392 2025 Θεοῦ,
3445 1952 3618 2016 οὕτως
3674 1952 3841 2010 πάλιν

2192 2040 2530 2116 καυχώμεθα
2555 2039 2644 2095 καὶ
2676 2039 2727 2095 ἐν
2773 2047 2891 2103 ταῖς
2920 2039 3189 2116 θλίψεσιν,
3222 2039 3425 2104 είδὸτες
3484 2042 3569 2098 ὅτι
3630 2038 3699 2097 δι’
3730 2043 3836 2099 αὗ-

2194 2135 2303 2185 τῶν
2333 2128 2423 2183 καὶ
2451 2126 2541 2184 διὰ
2576 2136 2676 2199 τῆς
2709 2130 2992 2203 ὑπομονῆς
3020 2131 3108 2184 καὶ
3142 2128 3400 2204 δοκιμῆς,
3434 2132 3508 2193 εἷς
3539 2131 3637 2199 τήν
3670 2131 3841 2202 αὐτὴν

2196 2217 2624 2294 ἀκαταίσχυντον
2680 2217 3119 2295 ἐπανατρέχομεν
3172 2217 3387 2276 ἐλπίδα.
3430 2244 3456 2275 ιι
3506 2221 3626 2277 Ἐπ’
3657 2218 3841 2279 ἐλπίδι

2196 2313 2297 2376 τῆς
2329 2304 2489 2380 δόξης
2521 2312 2619 2363 τοῦ
2652 2310 2806 2363 Θεοῦ.
2842 2330 2870 2360 ››
2901 2309 2968 2365 Ἥ
3002 2307 3086 2364 ὅτι
3118 2305 3392 2379 δοξάζεται
3428 2310 3456 2364 ὁ
3495 2309 3650 2378 Θεὸς,
3680 2309 3717 2379 ἢ
3760 2308 3842 2365 ὅτι

2200 2392 2409 2466 δοξάζει
2440 2398 2588 2469 ἡμᾶς
2627 2398 2655 2452 ὁ
2705 2397 2853 2471 Θεὸς,
2885 2398 2975 2454 καὶ
3035 2394 3242 2472 δοξάζει
3282 2401 3431 2473 ἡμᾶς
3486 2397 3709 2476 ass-4m
3755 2398 3844 2453 καὶ

2201 2485 2460 2566 ὑπεσφυεῖ
2508 2482 2654 2560 δόξῃ,
2739 2484 3084 2561 δωρούμενος
3153 2488 3185 2544 ἃ
3237 2487 3620 2564 ἐπηγγείλατο,
3680 2489 3853 2544 υἱοθε-

2201 2575 2315 2634 σίας
2346 2576 2435 2630 καὶ
2472 2575 2752 2651 βασιλείας
2804 2576 3047 2653 οὐρανῶν
3080 2578 3266 2649 ἀξιῶν.
3304 2579 3404 2635 Καὶ
3436 2576 3713 2649 δοξάζεται
3759 2577 3850 2633 καὶ

2200 2663 2389 2735 αὐτὸς,
2423 2662 2589 2718 εἶκαὶ
2624 2665 2699 2735 μή
2741 2667 2856 2720 κατ’
2909 2665 3079 2736 ἀξίαν,
3121 2665 3247 2723 ἀλλ’
3307 2666 3431 2721 ὅσον
3486 2664 3632 2722 ἐστὶν
3685 2665 3847 2742 ἀγγε-

2201 2749 2321 2815 λοις
2372 2752 2463 2808 καὶ
2514 2752 2822 2828 ἀνθρώποις
2881 2751 3100 2810 δυνατὸν
3136 2796 3150 2823 ,
3207 2755 3473 2818 τοσαύτην
3524 2754 3843 2832 φιλοτιμίαν

2200 2842 2320 2916 περὶ
2353 2841 2416 2896 τὸ
2457 2840 2794 2917 ἀνθρώπινον
2827 2840 3269 2913 ἐπιδεικνύμενος
3326 2842 3503 2920 γένος,
3533 2844 3625 2900 καὶ
3679 2848 3846 2899 ταῦτα

2198 2930 2467 3006 περαίνων
2496 2931 2587 2987 καὶ
2619 2932 2693 2994 εἷς
2725 2929 2886 3008 ἔργον
2926 2931 3092 3008 ἄγων,
3127 2936 3161 2991 ἃ
3194 2935 3367 3007 μόνης
3425 2933 3538 2992 ἐστὶ
3592 2940 3691 3005 τῆς
3749 2933 3844 2989 αὖ·

2202 3024 2298 3076 τοῦ
2327 3021 2607 3092 θειότητος
2636 3022 2726 3077 καὶ
2758 3021 3170 3102 φιλανθρωπίας
3202 3022 3520 3081 ἐνδεικτικά.

440 3131 767 3188 humanum
800 3144 985 3201 genus
1008 3124 1344 3182 exhibuerit
1375 3122 1793 3179 liberalitatem
1829 3136 1842 3188 ;
1874 3124 1933 3175 et
1962 3120 2087 3175 haec
2117 3120 2431 3191 perliciens
2462 3138 2528 3178 ac
2560 3122 2620 3178 in
2651 3139 2800 3195 opus
2857 3122 3178 3192 deducens,
3215 3142 3346 3197 qum
3391 3124 3577 3182 solius
3631 3123 3842 3180 divini-

437 3221 578 3278 tatis
608 3218 769 3274 illius
810 3223 869 3273 et
896 3214 1273 3288 benignitatis
1302 3228 1441 3285 erga
1468 3211 1739 3267 homines
1772 3215 1910 3264 sunt
1936 3207 2418 3267 demonstrativa.

520 3312 584 3379 V,
617 3311 734 3363 3-5.
767 3311 877 3361 Non
925 3306 1097 3361 solum
1128 3309 1348 3358 autem:
1407 3303 1500 3358 sed
1551 3301 1867 3371 gloriamur
1918 3300 1977 3352 in
2008 3300 2088 3367 af-

2275 3297 2350 3355 Οὐ
2403 3297 2566 3370 μόνον
2627 3296 2685 3354 δέ
2717 3316 2731 3333 '

450 3396 791 3471 ﬂictionibns
814 3412 827 3449 :
860 3393 1087 3449 scientes
1104 3392 1251 3462 quod
1278 3392 1514 3460 afﬂictio
1533 3391 1871 3461 patientiam
1895 3403 2096 3457 opera-

454 3496 561 3551 tur,
578 3485 860 3556 patientia
889 3488 1073 3537 autem
1086 3478 1755 3551 probationem,probati0
1783 3493 1911 3532 rero
1927 3492 2094 3546 spem,

447 3591 565 3647 spes
593 3580 775 3629 autem
802 3586 913 3626 non
958 3570 1254 3641 pudefacit
1280 3586 1293 3624 ε
1347 3570 1481 3639 quia
1509 3567 1755 3623 charitas
1786 3567 1885 3620 Dei
1922 3566 2099 3635 effusa

451 3673 526 3722 est
552 3666 609 3719 in
640 3662 897 3719 cordibus
926 3661 1125 3716 nostris
1146 3675 1251 3730 per
1286 3658 1557 3729 Spiritum
1586 3663 1835 3712 sanctum
1865 3656 1963 3724 qui
1991 3654 2095 3708 da-

450 3763 536 3812 tus
556 3761 632 3810 est
657 3751 834 3809 nobis.

520 3848 646 3902 Non
678 3843 895 3905 solum,
929 3838 1146 3911 inquit,
1182 3837 1255 3895 ob
1288 3837 1427 3893 data
1454 3836 1772 3907 futuraque
1802 3834 1959 3890 bona
1980 3832 2097 3907 glo-

446 3938 711 3992 riamur:
746 3948 948 3988 verum
979 3930 1158 3986 etiam
1190 3929 1250 3983 in
1281 3928 1375 3982 his
1408 3943 1538 3997 qua:
1571 3925 1867 3982 contraria
1894 3924 2098 3980 viden-

448 4032 566 4090 tur,
597 4029 741 4096 puta
769 4020 1214 4077 afflictionibus.
1248 4020 1434 4083 Quam
1465 4016 1706 4072 demum
1729 4015 1803 4071 0b
1836 4014 1909 4071 ob
1958 4031 2094 4069 cau-

448 4130 574 4169 sam
605 4111 633 4168 ‘2
657 4112 804 4177 Quia
833 4110 905 4165 ad
936 4108 1285 4181 patientiam
1316 4123 1424 4162 nos
1483 4111 1781 4162 exercent.
1814 4104 1978 4171 Quod
2010 4109 2100 4159 est

448 4210 649 4260 autem
683 4216 753 4256 ex
783 4199 1071 4272 patientia
1102 4198 1333 4254 lucrum
1359 4197 1387 4253 ‘I
1413 4196 1720 4264 Probatos,
1744 4195 1959 4266 inquit,
1990 4210 2098 4249 nos

447 4293 661 4350 reddit.
698 4293 766 4347 Et
797 4306 927 4362 quae
958 4288 1134 4345 nobis
1165 4287 1306 4342 inde
1337 4286 1566 4342 utilitas
1618 4291 1685 4343 ut
1744 4288 1929 4340 simus
1961 4300 2098 4356 pro-

447 4384 569 4440 bati
591 4384 618 4439 ?
651 4383 826 4454 Spem
856 4378 1028 4437 nobis
1077 4378 1413 4433 futurorum
1445 4375 1737 4432 bonorum
1795 4375 2096 4431 conciliat.

447 4475 554 4540 Qui
585 4479 784 4530 autem
816 4471 943 4524 haec
983 4471 1185 4537 sperat
1236 4482 1615 4536 nequaquam
1644 4464 1933 4537 pudetieri
1991 4481 2096 4537 po-

446 4561 604 4618 terit.
634 4560 779 4615 Nam
808 4554 908 4625 qui
948 4553 1011 4607 in
1046 4552 1349 4607 hominem
1405 4558 1623 4622 sperat,
1666 4552 1935 4607 fortassis
1995 4568 2098 4624 spe

444 4646 716 4707 frustrari
748 4643 963 4717 poterit
997 4641 1135 4713 :qui
1158 4646 1355 4696 autem
1379 4640 1439 4694 in
1462 4640 1669 4707 Deum,
1694 4656 2092 4712 nequaquam.
2127 4672 2175 4736 Β

445 4740 890 4799 Verumtamen,
923 4731 1136 4803 inquit,
1166 4746 1288 4785 non
1319 4729 1379 4783 in
1411 4728 1483 4784 iis
1514 4729 1658 4784 solis
1682 4728 1855 4784 bonis
1877 4730 2093 4800 quibus

449 4826 743 4890 stetimus,
778 4821 881 4877 sed
912 4821 973 4879 in
1004 4821 1095 4876 his
1127 4819 1304 4875 etiam
1337 4835 1469 4890 qum
1500 4824 1937 4890 exspectantur,
1970 4825 2096 4874 tan-

450 4930 629 4986 quam
662 4913 724 4966 in
754 4909 1148 4982 praasentibus
1177 4908 1494 4981 gloriamur
1526 4923 1540 4975 ;
1573 4907 1684 4964 hoc
1733 4908 1894 4962 enim
1927 4924 2099 4964 exac-

452 5011 524 5059 tae
566 5000 703 5057 fidei
734 5005 841 5055 est.
876 4998 1128 5054 Pulchre
1159 5003 1360 5054 autem
1411 4996 1642 5052 dixerat
1693 4996 1917 5070 glorias.
1952 4999 2097 5055 Cum

452 5092 610 5150 enim
644 5089 919 5146 accidunt
950 5102 1019 5142 ea
1046 5102 1177 5157 quae
1220 5086 1672 5158 promittuntur,
1700 5091 1882 5159 agunt
1936 5092 2003 5143 ut
2048 5089 2098 5143 is

450 5181 815 5256 gloriﬁcetur
845 5177 945 5249 qui
979 5191 1049 5231 ea
1086 5176 1379 5248 promisxt.

522 5271 718 5329 251M
735 5268 848 5325 Sed
860 5267 1184 5341 gloriamur
1198 5266 1260 5321 in
1273 5266 1747 5325 afflictionibus.»
1770 5268 1935 5325 Unde
1956 5269 2102 5326 litut

449 5362 513 5419 in
526 5358 951 5417 afﬂictionibus
974 5356 1338 5430 gloriemur?
1354 5358 1502 5423 Quia
1515 5358 1897 5415 vehementer
1914 5360 2099 5417 Deum

453 5447 1019 5520 amamus.Quisque
1051 5446 1210 5503 enim
1241 5452 1473 5503 amator
1501 5448 1739 5520 gaudet,
1789 5465 1856 5505 ac
1885 5449 2098 5521 gloria-

450 5550 568 5611 tur,
601 5556 735 5597 cum
767 5556 872 5610 pro
905 5554 973 5594 eo
1004 5554 1182 5610 quem
1213 5541 1394 5606 amat,
1427 5538 1667 5608 patitur.
1703 5539 1917 5595 Verum
1940 5539 2097 5596 unde

522 5697 567 5737 ¹⁷
593 5694 740 5754 Ibid.
777 5696 862 5750 13.

2787 3299 2933 3358 ἆλλᾶ
2982 3303 3321 3378 καυχώμεθα
3379 3299 3431 3358 ἐν
3481 3305 3601 3365 ταῖς
3661 3299 3848 3376 θλίψε-

2203 3407 2306 3441 σιν·
2352 3386 2554 3451 εἰδότες
2613 3388 2698 3445 ὅτι
2755 3392 2790 3460 ἡ
2853 3390 3040 3466 θλίψις
3101 3392 3383 3464 ὑπομονὴν
3439 3389 3844 3466 κατεργάζεται,

2270 3474 2327 3531 δὲ
2360 3478 2637 3550 ὑπομονὴ,
2698 3477 2933 3552 δοκιμήν
2980 3483 3015 3551 ἡ
3070 3478 3127 3536 δὲ
3175 3479 3404 3553 δοκιμὴ,
3458 3478 3677 3536 ἐλπιδα·
3720 3483 3756 3550 ἡ
3790 3477 3849 3535 δὲ

2202 3564 2381 3634 ἐλπὶς,
2416 3567 2476 3622 οὐ
2514 3569 2863 3644 καταισχύνει,
2897 3568 2981 3625 ὅτι
3011 3572 3045 3641 ἡ
3086 3571 3264 3647 ἀγάπη
3297 3573 3392 3625 τοῦ
3429 3574 3563 3626 Θεοῦ
3616 3568 3846 3650 ἐκκέχυ-

2199 3677 2286 3711 ται
2318 3655 2369 3710 ἐν
2402 3662 2518 3719 ταῖς
2547 3656 2801 3734 παρδίαις
2857 3662 3041 3732 ἡμῶν,
3074 3657 3164 3716 διὰ
3219 3660 3533 3734 Πνεῦματος
3560 3659 3717 3737 ἀγίου
3749 3663 3844 3716 τοῦ

2202 3741 2449 3808 δοθέντος
2480 3749 2636 3820 ἡμῖν.

2272 3834 2350 3893 Οὐ
2385 3835 2547 3910 μόνον
2574 3834 2649 3908 δὲ,
2682 3838 2868 3918 φησὶν,
2901 3838 2989 3894 ἐπὶ
3035 3844 3152 3903 τοῖς
3185 3836 3386 3895 δοθεῖσι
3422 3838 3509 3894 καί
3532 3844 3650 3902 τοῖς
3708 3837 3839 3911 μέλ·

2203 3925 2391 3982 λουσιν
2432 3927 2648 4001 ἀγαθοῖς
2693 3929 3051 4004 καυχώμεθα,
3092 3927 3237 3985 ἀλλὰ
3291 3931 3382 3985 καὶ
3436 3929 3487 3983 ἐν
3543 3933 3659 3991 τοῖς
3692 3926 3840 3982 ἐναν-

2199 4013 2340 4078 τίοις
2371 4017 2504 4070 εἶναι
2533 4012 2808 4087 δοκοῦσιν,
2840 4017 2956 4073 οἷον
3014 4022 3135 4079 ταῖς
3194 4017 3434 4091 θλίψεσι.
3464 4016 3528 4075 Τί
3562 4014 3626 4087 δή
3661 4037 3797 4072 ποτε
3825 4035 3840 4087 ;

2201 4104 2283 4159 δτι
2316 4105 2452 4177 πρὸς
2481 4105 2760 4179 ὑπομονὴν
2790 4106 2939 4179 ἡμὰς
2968 4106 3272 4185 ἀλείφουσι.
3306 4106 3372 4165 Τί
3402 4105 3460 4163 δὲ
3495 4112 3596 4177 τῆς
3631 4106 3843 4180 ὑπομο-

2201 4200 2297 4263 νῆς
2319 4194 2382 4250 τὸ
2402 4191 2594 4269 κέρδος
2628 4214 2642 4266 ;
2677 4195 2967 4270 Δοκίμους,
3001 4197 3157 4271 φησὶ,
3188 4202 3357 4252 ποιεῖ.
3391 4195 3460 4254 Τὶ
3494 4194 3553 4252 δὲ
3580 4199 3676 4253 τοῦ
3697 4194 3848 4271 γενέ-

2203 4285 2321 4338 σθαι
2355 4281 2642 4358 δοκίμους,
2692 4286 2755 4340 τὸ
2813 4284 3058 4362 ὅφελοςς
3120 4284 3352 4343 Ἐλπίδα
3410 4289 3546 4361 ἡμῖν
3604 4286 3851 4360 προξενεῖ

2199 4378 2310 4428 τῶν
2355 4372 2672 4446 μελλόντων
2727 4374 2963 4449 ἀγαθῶν.
3024 4376 3084 4433 Ὀ
3143 4372 3200 4430 δὲ
3246 4396 3306 4450 γε
3360 4379 3527 4430 ταῦτα
3584 4372 3850 4444 ἐλπίζων,

2204 4462 2304 4519 οὐκ
2333 4460 2391 4518 ἂν
2450 4463 2862 4539 καταιχυνθείη.
2911 4465 2973 4523 Ὀ
3008 4464 3102 4538 μὲν
3133 4463 3235 4539 γὰρ
3264 4463 3345 4520 ἐπ’
3406 4463 3687 4537 ἄνθρωπον
3747 4463 3847 4520 ἐλ-

2202 4552 2400 4624 πίζων,
2459 4550 2590 4614 ἴσως
2648 4554 2738 4608 καὶ
2795 4553 3050 4628 ψευσθείη
3107 4561 3208 4624 τῆς
3275 4551 3519 4623 ἐλπίδος,
3576 4550 3694 4609 ὅδὲ
3759 4552 3848 4610 ἐπὶ

2204 4643 2356 4713 Θεὸν,
2398 4642 2498 4699 οὐκ
2528 4641 2634 4704 ἔτι.
2674 4645 2851 4714 Πλὴν,
2901 4646 2965 4700 οὐ
3000 4646 3184 4718 μόνον·
3239 4644 3422 4724 φησὶν,
3453 4643 3505 4700 ἐν
3539 4647 3621 4707 οἷς
3678 4645 3847 4715 ἔστ-ἧ·-

2204 4753 2373 4807 καμεν
2406 4732 2653 4811 ἀγαθοῖς,
2695 4732 2843 4790 ἀλλὰ
2895 4734 2983 4789 καὶ
3052 4733 3106 4789 ἐν
3166 4739 3286 4796 τοῖς
3343 4730 3849 4809 προσδοκωμένοις,

2206 4820 2282 4883 ώς
2330 4817 2442 4891 ἤδη
2506 4824 2736 4894 παροῦσι
2793 4822 3145 4899 καυχώμεθα.
3216 4823 3391 4877 Τοῦτο
3450 4819 3553 4897 γὰρ
3616 4819 3849 4883 πίστεως

2207 4904 2486 4985 ἀκριϐοῦς.
2538 4907 2731 4972 Καλῶς
2787 4907 2844 4965 δὲ
2897 4908 3058 4981 δόξης
3117 4909 3283 4967 εἶπεν.
3336 4908 3693 4965 Ἐκϐαινοντα
3748 4910 3853 4985 γὰρ

2205 5000 2272 5053 τὰ
2327 4995 2781 5077 ἐπαγγελλόμενα
2817 5043 2830 5069 ,
2891 4995 3204 5072 δοξαζεσθαι
3254 4998 3346 5053 τὸν
3388 4996 3854 5075 ἐπαγγειλάμενον

2207 5109 2327 5144 ποει
2340 5111 2374 5146 ι.

2281 5272 2491 5345 [ΦΩΤ.]
2525 5292 2553 5322 ct
2610 5265 2789 5326 Ἀλλᾶ
2842 5267 3179 5343 καυχώμεθα
3239 5267 3299 5323 ἐν
3350 5273 3472 5333 ταῖς
3527 5268 3792 5343 θλίψεσιν.
3827 5288 3856 5318 υ

2211 5361 2379 5418 Ηόθεν
2424 5359 2762 5434 καυχώμεθα
2818 5357 2869 5413 ἐν
2935 5362 3055 5421 ταῖς
3106 5355 3402 5436 φλίψεσινς
3463 5359 3586 5417 Ὀτι
3647 5356 3852 5432 ἐρῶμεν

2212 5447 2417 5527 σφόδρα
2471 5452 2568 5505 τοῦ
2628 5452 2784 5504 Θεοῦ.
2847 5447 3116 5521 Ἐραστής
3165 5447 3271 5523 γὰρ
3330 5448 3472 5509 ἅπας
3530 5447 3708 5523 χαίρει
3762 5443 3855 5500 καὶ

2210 5537 2544 5613 σεμνύνεναι,
2572 5536 2732 5610 ἡνίκα
2757 5536 2959 5614 πάσχει
2993 5536 3125 5613 ὑπερ
3196 5535 3257 5591 οὗ
3300 5534 3411 5613 ἐρᾷ.
3472 5534 3645 5593 Ἀλλά
3682 5534 3847 5598 πόθεν
