4198 6198
399 370 519 430 409

1513 368 1918 432 COMMENT.
1966 365 2054 426 IN
2101 362 2349 426 EPIST.
2397 364 2500 424 AD
2545 367 2730 428 ROM.

3693 378 3813 439 ΗΟ

396 504 428 559 6
460 505 604 564 θεῖος
637 496 774 577 ἔρως
804 501 1011 566 ἐκεῖνος
1056 502 1368 583 ἐκκέχυται,
1427 501 1517 558 καὶ
1577 501 1714 572 ὅλην
1773 498 2032 572 ἕμπεριεί

2163 496 2396 557 divinus
2427 499 2524 555 hic
2563 518 2732 558 amor
2761 505 2983 561 eﬂ‘usus
3014 511 3122 572 est,
3156 511 3464 580 totumque
3523 509 3584 566 in
3617 527 3676 568 se
3708 529 3811 569 cor

404 591 548 672 ληφε
579 593 677 660 τὴν
707 595 868 664 ἡμῶν
899 591 1122 666 καρδίαν
1155 613 1168 662 ;
1215 595 1310 649 Ἐκ
1346 597 1442 648 τοῦ
1482 591 1746 668 παναγίου
1804 589 2051 661 Πνεύμαο

404 704 500 744 τος
535 687 632 737 τοῦ
665 679 912 744 δοθέντος
943 684 1096 755 ἡμῖν’
1163 681 1302 737 ὥστε
1353 680 1482 737 ’ὀλον
1541 688 1642 750 τῆς
1690 679 1888 735 ἄνωθεν
1948 678 2052 756 χά-

402 793 577 847 ριτοε.
615 771 790 829 Ἀλλά
817 771 908 826 καὶ
941 777 1328 847 χρεωστοῦμεν
1362 772 1621 846 ὑπερερᾷν
1657 769 1841 830 αὐτοῦ,
1871 766 1968 822 κάν
1999 788 2053 821 τι

397 861 514 918 δέοι
547 866 754 928 παθεῖν,
792 864 866 934 μή
901 863 1222 941 ἀφίστασθαι
1265 865 1362 916 τοῦ
1417 862 1554 936 πρὸς
1613 859 1771 914 αὐτὸν
1824 856 2049 931 ἔρωτος.

399 961 592 1020 Διατι;
626 953 748 1009 ’Ὁτι
783 951 946 1011 αὐτὸς
991 953 1151 1023 ἡμῶν
1206 951 1416 1020 ήτεάσθη
1477 953 1716 1024 πρῶτος
1783 946 1872 1000 καὶ
1931 945 2053 1000 τότε

396 1044 562 1113 ἡμῶν
628 1040 842 1116 ἐχθρῶν
899 1041 991 1095 καὶ
1049 1039 1338 1112 πολεμίων
1425 1038 1807 1113 ὑπαρχόντων.
1891 1033 2051 1096 Εἶδες

405 1126 770 1206 ὑπερϐολην;
834 1127 973 1192 εἶδες
1032 1130 1200 1185 πόσον
1264 1129 1326 1185 τὸ
1377 1129 1540 1204 χρέος
1593 1146 1606 1195 ;
1667 1127 1902 1202 Πρόσθες
1961 1124 2051 1180 καὶ

397 1223 462 1276 τὸ
489 1220 568 1278 ἔτι
606 1227 816 1295 μεῖζον,
852 1220 950 1274 οὐκ
979 1221 1191 1291 ἡοάσθη
1230 1220 1415 1292 μόνον,
1449 1216 1593 1274 ἀλλά
1622 1218 1710 1272 καὶ
1767 1214 2048 1288 ἠτιμάσθη

400 1311 535 1385 ὑπὲρ
568 1313 752 1382 ἡμῶν,
786 1311 876 1365 καὶ
919 1307 1248 1384 ἐρῥαπίσθη,
1306 1311 1396 1363 καί
1450 1306 1788 1381 ἐσταυρώθη,
1846 1306 1936 1360 καὶ
1996 1303 2047 1358 ἐν

397 1407 613 1474 νεκροῖς
645 1400 932 1475 ἐλογίσθη,
965 1401 1056 1454 καὶ
1089 1397 1176 1454 διὰ
1206 1398 1415 1454 τούτων
1461 1397 1732 1464 ἀπάντων,
1790 1395 1880 1450 τὸν
1925 1393 2049 1467 περὶ

402 1493 549 1562 ἡμᾶς
579 1492 748 1546 αὐτοῦ
780 1493 1112 1563 παρέστησεν
1148 1489 1344 1563 ἔρωτα.
1404 1489 1468 1542 Ὠ
1515 1484 1720 1562 ἔρωτος
1777 1481 2048 1561 ἀγγέλους

395 1578 865 1651 καταπλήξαντος,
899 1579 1218 1653 ἀνθρώπους
1277 1577 1356 1638 εἰς
1415 1577 1675 1648 οὐρανοὺς
1731 1576 2048 1648 ἀνυψώσαν-

398 1691 513 1739 τος,
567 1670 656 1724 καὶ
717 1668 1012 1742 διαιμόνων
1069 1664 1357 1744 τυραννίδα
1409 1664 1891 1742 καταργήσαντοςί
1953 1660 2051 1726 Τίς

402 1759 633 1834 ἐραστὴν
667 1763 916 1815 τοιοῦτον
951 1757 1018 1813 οὐ
1052 1756 1244 1836 φιλεῖς
1283 1755 1497 1831 μὶιλιιον
1528 1753 1584 1811 δὲ
1614 1755 1696 1817 τίς
1751 1775 1804 1809 τι
1842 1753 2047 1826 πράξας

2163 594 2430 644 nostrum
2463 591 3013 666 circumassumpsit
3035 595 3062 648 ’ἱ
3091 598 3169 652 Ex
3203 597 3423 669 Spiritu
3455 606 3658 654 sancto
3707 603 3808 674 qui

2166 678 2337 735 datus
2365 687 2454 735 est
2477 681 2678 748 nobis;
2715 689 2900 739 totum
2936 686 3135 756 itaque
3169 704 3275 759 sup
3301 705 3438 742 τηαν
3469 692 3671 759 gratiae
3698 697 3805 746 est.

2163 768 2275 823 Sed
2306 776 2364 824 et
2392 769 2690 827 debitores
2721 791 2925 828 sumus
2956 782 3020 830 ut
3049 792 3182 830 eum
3216 794 3394 850 supra
3415 784 3628 834 cmtera
3647 797 3811 835 ame-

2164 876 2317 923 mus,
2353 866 2410 914 et
2441 862 2488 915 si
2522 862 2846 934 quidquam
2880 865 2999 935 pati
3032 873 3318 938 oporteat,
3353 868 3424 923 ab
3451 885 3651 925 amore
3676 871 3806 942 ejus

2163 966 2541 1022 nequaquam
2575 951 2970 1009 discedamus.
3007 957 3444 1020 Quamobrem?
3496 960 3641 1024 Quia
3680 961 3805 1032 ipse

2163 1039 2327 1110 prior
2356 1057 2463 1095 nos
2493 1057 2694 1096 amore
2725 1053 3076 1114 prosecutus
3108 1051 3217 1108 est,
3253 1046 3429 1117 idque
3481 1054 3622 1104 tunc
3670 1066 3805 1105 cum

2163 1130 2390 1186 inimici
2421 1149 2490 1188 ac
2520 1133 2721 1188 hostes
2753 1151 3038 1192 essemus.
3075 1134 3282 1191 Viden’
3311 1139 3532 1193 amoris
3572 1141 3804 1214 magni-

2163 1221 2721 1280 tudinem?Viden’
2773 1233 3059 1296 quantum
3114 1229 3586 1286 contraxerimus
3643 1229 3807 1286 debi-

2162 1316 2287 1366 tum
2317 1311 2344 1366 ?
2374 1312 2537 1368 Adde
2569 1315 2726 1384 quod
2776 1317 2953 1370 etiam
3005 1317 3198 1388 majus
3260 1323 3366 1373 est.
3432 1319 3556 1375 Non
3615 1320 3807 1377 solum

2161 1418 2360 1458 amore
2394 1404 2581 1458 nostri
2613 1411 2819 1476 captus
2851 1413 2960 1471 est,
2999 1425 3200 1464 verum
3249 1410 3427 1464 etiam
3477 1427 3582 1482 pro
3632 1411 3804 1466 nobis

2161 1492 2546 1564 ignominiam
2579 1511 2808 1566 passus.
2841 1497 3028 1569 alapis
3051 1515 3239 1553 caesus
3261 1516 3328 1554 ac
3349 1500 3666 1556 cruciﬁxus.
3691 1507 3800 1568 est,

2159 1581 2432 1653 interque
2462 1590 2727 1640 mortuos
2759 1592 3063 1656 reputatus
3089 1603 3102 1641 :
3136 1592 3193 1642 et
3224 1588 3314 1642 his
3337 1588 3615 1642 omnibus
3638 1606 3800 1645 amo-

2158 1688 2305 1732 rem.
2361 1689 2537 1743 quem
2597 1689 2733 1742 erga
2788 1690 2898 1730 nos
2955 1675 3229 1740 habebat,
3279 1676 3720 1732 demonstravit.
3756 1679 3798 1734 Ο

2159 1778 2445 1827 amorem,
2478 1764 2579 1834 qui
2610 1769 2668 1818 et
2695 1765 2936 1836 angelos
2977 1766 3037 1820 in
3105 1771 3408 1838 stuporem
3465 1766 3798 1822 adduxerit.

405 1849 554 1920 ἀξιον
613 1853 709 1905 τοῦ
769 1847 1109 1920 τηλικούτου
1193 1845 1393 1922 ἔρωτος
1478 1843 1798 1913 ἐπιτελέσει,
1855 1840 1891 1911 ἤ
1948 1839 2032 1897 xiii

2159 1858 2218 1909 et
2248 1853 2548 1908 hominem
2584 1854 2645 1908 in
2677 1853 2855 1909 caalos
2887 1854 3295 1921 sublevaverit,
3331 1855 3666 1910 daemonum
3707 1862 3799 1928 ty-

405 1938 586 2014 βραχί)
615 1943 744 2013 γοῦν
771 1942 868 1994 τοῦ
900 1936 1098 2014 χρέους
1127 1937 1372 1992 ἀποτίσει
1397 1955 1412 2005 ;
1471 1934 1579 1992 Κάν
1637 1935 1740 2011 γὰρ
1792 1932 2046 2006 μυριάκις

396 2028 684 2098 ἀποθάνοι,
720 2026 780 2082 οὐ
816 2028 951 2101 μέγα
974 2025 1302 2102 εἴσηνεγκεν.
1363 2025 1518 2099 ’Υπὲρ
1574 2025 1679 2100 γὰρ
1738 2022 2042 2098 εὐεργέτου,

398 2119 529 2192 ὑπὲρ
561 2117 811 2191 ἐραστοῦ,
838 2116 967 2173 ἀλλ’
999 2117 1106 2197 οὐχ
1157 2117 1292 2192 ὑπὲρ
1351 2115 1562 2191 ἐχθρῶν
1612 2113 1702 2170 καὶ
1755 2110 2040 2185 πολεμίων

395 2210 471 2271 ὡς
503 2209 702 2270 ἐκεῖνος
750 2203 963 2275 ἔπαθεν,
1023 2209 1112 2262 καὶ
1173 2210 1332 2281 ἡμῶν
1391 2204 1616 2267 ἕκαστος
1670 2205 1891 2278 πάσχειν
1949 2203 2042 2256 Διὸ

391 2299 552 2368 ἡνίκα
582 2299 889 2373 πάσχομεν,
916 2298 1131 2374 χαίρειν
1173 2297 1466 2375 ὀφείλομεν
1520 2295 1610 2350 καὶ
1669 2292 2038 2366 σεμνύνεσθαι,

392 2389 479 2444 ’ὁτι
510 2388 606 2444 κᾶν
643 2389 824 2465 βραχὺ
875 2394 1028 2465 γοῦν,
1094 2389 1225 2462 ὑπὲρ
1278 2385 1614 2456 τηλικούτου
1672 2385 1896 2459 ἐραστοῦ
1949 2383 2040 2439 καὶ

391 2483 556 2554 ἡμεῖς
591 2482 777 2534 παθεῖν
805 2501 859 2534 τι
910 2479 1350 2552 κατηξιώθημεν.
1415 2503 1441 2529 ει
1475 2474 1692 2538 Εἶδότες
1734 2477 1817 2531 ὅτι
1848 2477 1883 2545 ἡ
1917 2473 2039 2539 θλί-

389 2575 486 2644 ψις
543 2570 822 2642 ὑπομονήν
883 2570 1290 2647 κατεργάζεται.
1335 2592 1362 2619 ι)
1422 2571 1544 2630 Πῶς
1597 2565 1930 2640 καυχώμεθα
1987 2563 2037 2618 ἐν

385 2665 507 2722 ταῖς
540 2659 754 2733 θλίψεσι
783 2680 798 2730 ;
832 2659 1046 2727 Καλῶς,
1080 2661 1264 2736 φησίν.
1297 2660 1364 2715 Ai
1416 2659 1520 2734 γὰρ
1572 2657 1784 2732 θλίψεις
1833 2655 2042 2734 γυμνά-

391 2756 542 2820 ζουσι
575 2752 710 2826 πρὸς
743 2751 1046 2824 ὑπομονήν.
1079 2747 1260 2804 Ἀλλά
1288 2749 1340 2802 τί
1375 2749 1436 2802 τὸ
1484 2745 1676 2822 κέρδος
1735 2754 1836 2816 τῆς
1895 2747 2038 2802 ὑπο-

395 2847 610 2914 μονῆς;
654 2840 827 2916 Μέγα,
888 2839 1041 2918 φησί.
1103 2839 1516 2914 Δοκιμωτέρους
1573 2838 1674 2914 γὰρ
1731 2839 2035 2916 ἐργάζεται,

389 2928 574 3001 ὥσπερ
606 2929 695 2984 καὶ
727 2931 817 2984 τὸν
850 2930 1053 3008 χρυσὸν
1085 2931 1120 2998 ἡ
1152 2927 1375 3004 χωνεία.
1411 2928 1478 2985 Τί
1509 2925 1565 2983 δὲ
1611 2929 1816 3004 γίνεται
1851 2928 1910 2983 ἐκ
1939 2933 2036 2984 τοῦ

389 3017 800 3094 δοκιμωτέρους
859 3020 1128 3099 ὀφθῇναις
1190 3016 1338 3072 Πολὺ
1392 3015 1614 3099 ὄφελος·
1649 3020 1682 3087 ἡ
1715 3019 1819 3093 γὰρ
1878 3017 2034 3080 ἐλπὶς

383 3109 546 3181 ἡμῶν
604 3107 836 3164 ἐντεῦθεν
899 3103 1220 3183 βεϐαιοτέρα
1289 3108 1376 3162 καὶ
1455 3106 1826 3186 ἀσφαλεστέρα
1904 3117 2032 3170 καθ·

2156 1943 2469 2000 rannidem
2494 1943 2723 2000 irritam
2754 1943 2961 1999 fecerit
2991 1944 3003 1997 Ξ
3034 1944 3172 2009 Quis
3205 1944 3544 2014 huiusmodi
3567 1950 3794 2000 amato-

2154 2050 2280 2090 rem
2313 2051 2433 2089 non
2464 2033 2731 2089 amabit?
2762 2033 2880 2088 imo
2910 2035 3107 2106 potius
3130 2035 3286 2106 quod
3317 2035 3429 2090 erit
3449 2052 3616 2107 opus,
3637 2036 3796 2106 quod

2154 2125 2452 2196 quispiam
2484 2123 2586 2178 tali
2636 2123 2880 2197 dignum
2944 2141 3147 2179 amore
3203 2125 3491 2197 perficiet,
3551 2132 3654 2181 aut
3703 2125 3795 2180 vel

2150 2214 2461 2286 paululum
2496 2215 2672 2269 etiam
2705 2214 2883 2269 debiti
2906 2214 3238 2284 rependet?
3270 2216 3410 2268 Nam
3444 2215 3553 2270 etsi
3578 2215 3796 2269 millies

2152 2303 2461 2368 moriatur,
2496 2319 2616 2358 non
2643 2319 2920 2375 magnum
2935 2303 3160 2374 aliquid
3191 2302 3794 2374 attulerit.Siquidem

2151 2411 2258 2466 pro
2289 2392 2688 2453 benefactore,
2721 2410 2827 2465 pro
2859 2393 3072 2460 amico,
3105 2392 3281 2448 etiam
3329 2399 3597 2450 nostrum
3631 2395 3794 2464 quis-

2153 2501 2266 2556 que
2298 2483 2596 2539 interdum
2629 2483 2852 2554 patitur
2887 2500 2899 2537 :
2933 2488 2992 2538 at
3021 2500 3142 2538 non
3172 2499 3279 2554 pro
3303 2482 3562 2538 inimicis
3589 2499 3657 2537 ac
3688 2484 3791 2539 ho»

2152 2573 2363 2636 stibus,
2392 2573 2544 2628 sicut
2573 2573 2674 2628 ille
2727 2589 2934 2645 passus
2967 2578 3075 2629 est.
3131 2574 3276 2630 Cum
3317 2589 3452 2646 ergo
3510 2573 3792 2644 patimur,

2149 2664 2405 2736 gaudere
2437 2663 2722 2719 debemus
2753 2680 2818 2718 ac
2849 2663 3118 2736 gloriari:
3153 2663 3310 2733 quod
3339 2663 3428 2716 vel
3477 2663 3792 2721 minimum

2149 2753 2431 2826 quiddam
2462 2770 2569 2825 pro
2603 2753 2701 2807 tali
2736 2759 2998 2808 amatore
3030 2757 3089 2806 et
3116 2767 3224 2807 nos
3257 2752 3375 2822 pati
3433 2767 3789 2807 mereamur.

2149 2866 2178 2893 «
2212 2843 2475 2898 Scientes
2509 2842 2667 2914 quod
2724 2842 2966 2897 afﬂictio
3027 2841 3373 2911 patientiam
3434 2846 3789 2912 operatur.»

2147 2935 2412 2999 Quonam
2437 2932 2612 2988 modo
2633 2931 3029 3003 gloriamurin
3054 2929 3514 2984 afflictionibus?
3537 2929 3789 2999 Optime,

2147 3023 2379 3094 inquit;
2413 3021 2767 3076 afﬂictiones
2799 3020 2955 3074 enim
2984 3019 3056 3073 ad
3087 3019 3434 3090 patientiam
3491 3023 3788 3074 exercent.

2150 3113 2360 3166 Verum
2386 3110 2597 3182 ecquid
2621 3109 2767 3165 lucri
2797 3126 2864 3164 ex
2888 3108 3209 3178 patientia?
3240 3109 3534 3179 Magnum,
3567 3107 3680 3162 ait:
3711 3107 3788 3163 si-

387 3198 614 3254 ίσταται.
650 3199 746 3253 Ἐκ
774 3194 831 3252 δὲ
858 3197 1081 3266 ταύτης,
1121 3197 1173 3250 τί
1210 3215 1224 3264 ;
1285 3196 1364 3253 Τὸ
1420 3199 1522 3250 πᾶν
1580 3195 1816 3264 ἀνύεται,
1875 3194 2027 3272 φησί.

2145 3201 2386 3272 quidem
2417 3199 3010 3272 probatioresreddit,
3036 3197 3213 3253 veluti
3238 3197 3445 3252 fornax
3467 3199 3660 3268 ipsum
3684 3213 3789 3254 au-

385 3293 550 3342 Ποῖον
586 3310 599 3350 ς
629 3287 992 3366 Τυγχάνομεν
1022 3285 1096 3340 ὧν
1153 3283 1466 3358 ἐλπίζομεν.
1522 3290 1582 3340 'Il
1642 3285 1744 3359 γάρ
1803 3283 2024 3355 ἐλπὶςή

2144 3307 2294 3347 rum.
2327 3291 2476 3357 Quid
2507 3295 2702 3346 autem
2735 3289 3158 3360 consequimur
3186 3305 3256 3343 ex
3287 3304 3355 3342 eo
3387 3287 3544 3357 quod
3575 3287 3786 3359 proba-

384 3374 580 3454 βεϐαία
603 3377 693 3433 καὶ
725 3375 816 3431 διὰ
883 3373 1122 3450 δοκιμῆς
1168 3376 1395 3454 ἀχθεῖσα
1450 3375 1542 3430 καὶ
1600 3374 1882 3446 ὑπομονῆς
1938 3373 2027 3429 καὶ

382 3468 644 3542 θλίψεως,
679 3463 940 3522 οὐδέποτε
969 3466 1346 3544 καταισχύνει.
1381 3464 1486 3520 Καὶ
1541 3464 1642 3535 ὅρα
1699 3468 1815 3526 πῶς
1865 3464 2031 3520 εἰπὼν

379 3556 638 3632 ἀνωτέρω
671 3556 753 3611 ὅτι
784 3556 1121 3629 καυχώμεθα
1179 3555 1264 3610 ἐπ’
1313 3552 1516 3620 ἐλπίδι,
1577 3552 1742 3608 πάλιν
1797 3555 1887 3609 καὶ
1945 3553 2030 3609 ἐν-

379 3649 551 3704 ταῦθα
608 3645 684 3707 εἷς
739 3641 938 3700 ἐλπίδα
993 3642 1275 3715 κατέληξε.
1341 3645 1436 3698 Καὶ
1487 3643 1589 3719 γάρ
1647 3643 1754 3698 ἀπὸ
1805 3642 2029 3707 ἐλπίδος

381 3734 465 3792 δεῖ
518 3734 805 3810 ἂρχεσθαι,
859 3732 947 3787 καὶ
1006 3732 1216 3805 ὁμοίως
1269 3731 1347 3795 εἰς
1419 3729 1616 3787 ἐλπίδα
1671 3731 2027 3810 καταλήγειν.

377 3825 535 3885 Ἀλλ’
565 3829 601 3896 ἠ
638 3828 732 3902 μέν
765 3821 1090 3901 ἀρχομένων
1121 3823 1302 3894 ἐλπὶς,
1331 3824 1483 3879 οῦπω
1515 3822 1684 3894 δῆλον
1705 3826 1855 3887 ὅπως
1885 3820 2024 3906 ἔχει,

382 3920 552 3991 μήπω
594 3916 830 3992 θλίψεων
861 3916 951 3972 καὶ
984 3921 1300 3990 πειρασμῶν
1353 3912 1800 3993 προσϐαλόντων.
1853 3918 1917 3974 Ἠ
1969 3915 2027 3974 δὲ

381 4005 471 4062 διά
499 4007 710 4063 τούτων
739 4003 1024 4075 ὁδεύσασα,
1059 4006 1150 4061 καὶ
1201 4002 1610 4080 δοκιμασθεῖσαι,
1660 4007 1750 4062 καὶ
1804 4013 2028 4087 φανεῖσα

376 4094 716 4164 ἀδίστακτος,
747 4093 838 4150 καί
874 4096 949 4168 μή
986 4093 1347 4169 σαλευομένη,
1378 4096 1515 4166 αὓτη
1566 4096 1652 4151 καὶ
1706 4096 1768 4150 τὸ
1814 4093 2024 4152 τέλειον

374 4183 514 4262 ἔχει,
545 4185 636 4242 καὶ
666 4189 773 4240 τῶν
800 4182 1159 4240 ἐλπισθέντων
1221 4183 1272 4239 ἐν
1328 4183 1625 4241 ἀπολαύσει
1687 4185 2026 4262 παρασκευά-

374 4282 469 4351 ξει.
519 4277 786 4338 ’Ἥλπισεν
843 4279 871 4333 6
928 4273 1177 4354 Ἀϐραὰμ
1233 4277 1366 4350 μετά
1421 4285 1592 4354 γῆρας
1650 4279 1740 4332 καὶ
1798 4279 2025 4354 στείρω.

375 4393 458 4426 σιν
493 4373 730 4443 μήτρας,
762 4369 846 4423 ’ὀτι
896 4361 1042 4423 ἔσται
1097 4369 1236 4424 κατά
1291 4369 1390 4438 τήν
1436 4366 1760 4446 ἐπαγγελίαν
1817 4371 2022 4442 πατήρ.

373 4459 526 4536 Μέγα
561 4460 680 4535 μὲν,
713 4457 839 4514 ἀλλ’
873 4457 980 4533 οὐχ
1007 4458 1125 4514 οἶον
1177 4459 1310 4530 μετά
1367 4461 1466 4529 τὴν
1527 4455 1786 4533 δοκιμήν.
1843 4458 2024 4514 Ἐπεί-

373 4571 530 4623 ρασεν
562 4549 723 4606 αὐτὸν
754 4550 781 4604 6
814 4549 944 4608 Θεὸς
1002 4547 1091 4602 καὶ
1149 4547 1444 4623 ἐχώνευσεν
1503 4548 1576 4610 ὡς
1627 4546 1849 4616 ἀληθῶς
1902 4570 2021 4627 χω.

371 4641 516 4696 νείαν
539 4640 769 4720 φρικτὴν
812 4637 903 4692 καὶ
963 4631 1222 4710 φοϐερὰν,
1280 4641 1388 4712 πῦρ
1431 4643 1548 4699 τοῖς
1609 4636 1858 4711 ἐγκατοις
1918 4637 2020 4714 ὑφ-

370 4732 534 4804 άψας,
567 4729 658 4784 ὅτε
689 4729 882 4804 ρφάξαι
911 4721 1203 4802 προσέταξε
1231 4727 1322 4780 τὸν
1383 4727 1518 4782 υἱόν·
1571 4725 1762 4798 ἔδειξεν
1818 4727 2018 4790 ἐκεῖνος

365 4817 457 4874 καὶ
488 4817 579 4872 διά
605 4817 837 4882 τούτων,
871 4812 1166 4870 ἀσάλευτον
1195 4814 1282 4868 καὶ
1316 4815 1588 4889 σταθηράν
1647 4817 1745 4886 τήν
1798 4812 2014 4871 ἐλπίδα.

364 4907 606 4984 “Eligam:
635 4909 738 4982 γάρ
771 4906 964 4980 σφάξαι
995 4905 1086 4960 τὸν
1112 4905 1248 4973 υἱὸν,
1291 4905 1382 4959 καὶ
1437 4905 1536 4961 οὐκ
1588 4903 1825 4978 ἐδίσταξε
1873 4905 2020 4982 λογι-

369 4999 621 5074 σαμενος,
659 5001 780 5060 Πῶς
810 4995 902 5050 οῦν
950 4989 1145 5068 ἔσομαι
1199 4996 1420 5068 πατήρ;
1478 4997 1656 5052 Τοῦτο
1715 4994 2014 5071 ὑπερμεγέ-

366 5101 470 5160 θης
505 5089 579 5150 ὡς
608 5085 833 5158 ἀληθῶς
864 5083 1042 5154 ἐλπὶς,
1076 5081 1160 5140 διὸ
1190 5084 1278 5140 καὶ
1311 5087 1572 5161 τυγχάνει
1631 5087 1705 5141 ὧν
1761 5087 2014 5156 ἤλπισεν.

361 5203 391 5232 ι(
424 5180 486 5236 Ἠ
524 5176 581 5233 δὲ
610 5175 816 5249 δοκιμὴ
847 5173 1068 5234 ἐλπίδα.
1099 5195 1129 5230 ι
1163 5177 1308 5251 ’Ἄρα
1334 5196 1396 5250 γε
1453 5177 1504 5230 οἱ
1545 5180 1700 5249 κακῷ
1748 5173 2011 5232 συνειδότι

359 5267 762 5340 πληττόμενοι,
797 5262 922 5321 οὐδὲ
981 5263 1292 5334 ἐλπίζουσιν
1350 5262 1622 5320 ἀντίδοσιν
1673 5265 1879 5340 ἀγαθοῦ
1920 5264 2011 5320 καὶ

357 5362 553 5415 κακοῦ.
576 5359 642 5412 Ὅ
672 5355 776 5430 γάρ
811 5354 1068 5430 βούλεται
1097 5352 1342 5418 ἕκαστος.
1402 5360 1563 5410 τοῦτο
1623 5355 1714 5409 καὶ
1772 5355 2009 5430 νομίζει.

360 5472 390 5501 α
420 5448 544 5505 ’Ότι
577 5448 612 5515 ἡ
643 5444 824 5518 ἀγάπη
856 5448 952 5499 τοῦ
985 5448 1139 5499 Θεοῦ.
1176 5467 1204 5494 ››
1238 5445 1340 5500 Καὶ
1370 5445 1530 5509 πόθεν
1561 5441 1756 5515 δῆλον,
1821 5445 2010 5519 φησὶν,

359 5535 443 5592 δτι
478 5535 587 5590 ἐκεῖ
614 5531 776 5588 δώσει
806 5535 943 5606 ἡμῖν
973 5533 1145 5606 ἀγαθά
1178 5533 1206 5588 6
1237 5532 1368 5596 Θεός
1403 5561 1418 5602 ς
1452 5534 1618 5589 Πόθεν
1651 5553 1666 5604 ;
1719 5531 1769 5606 ἐξ
1812 5535 1884 5589 ὧν
1928 5533 2011 5591 ἐν-

347 5627 528 5702 ,ταῦθα
561 5620 784 5682 δέδωκε.
815 5622 880 5682 Τί
912 5619 970 5678 δὶ
998 5619 1206 5693 ἔδωκε;
1241 5623 1318 5680 Τὸ
1353 5627 1592 5698 Πνεῦμα,
1647 5625 1830 5705 φησὶν,
1874 5625 2006 5700 ὅπερ

365 5715 426 5773 δι
458 5715 628 5791 μόνης
656 5712 870 5790 ἀγάπης
900 5716 1036 5769 Θεοῦ
1092 5711 1128 5788 ᾖ
1179 5712 1454 5787 ἠγάπησεν
1512 5717 1660 5789 ⁴ἡμᾶς
1715 5715 2008 5796 ἐπεφοίτη-

2141 3381 2321 3435 tiores
2342 3379 2692 3436 videamur?
2723 3381 2992 3451 Magnum
3015 3377 3191 3449 plane
3215 3377 3624 3442 commodum;
3651 3393 3785 3448 spes

2142 3470 2361 3524 etenim
2390 3475 2593 3524 nostra
2626 3469 2850 3524 ﬁrmior
2882 3483 2950 3523 ac
2981 3467 3253 3521 stabilior
3299 3465 3586 3522 redditur.
3638 3466 3789 3530 Quid

2138 3565 2338 3614 autem
2369 3576 2439 3614 ex
2473 3559 2579 3614 hac
2601 3559 2627 3613 ?
2658 3559 2844 3614 Omne
2874 3557 3178 3628 negotium
3223 3555 3548 3629 perﬁcitur.
3605 3556 3787 3621 Quale

2139 3651 2376 3706 tandem
2399 3651 2428 3706 ?
2456 3652 2594 3716 Quae
2628 3665 2936 3722 speramus
2965 3648 3359 3719 assequimur.
3389 3648 3588 3702 Firma
3617 3664 3790 3704 nam-

2138 3757 2251 3811 que
2281 3757 2437 3812 spes,
2471 3757 2538 3796 ac
2570 3756 2676 3811 per
2694 3740 3100 3807 afﬂictionem,
3125 3738 3470 3809 patientiam
3492 3743 3550 3791 et
3579 3740 3787 3808 proba-

2139 3832 2362 3886 tionem
2393 3829 2667 3894 adducta,
2693 3846 3000 3900 nunquam
3029 3827 3348 3900 pudefocit.
3379 3829 3443 3881 Et
3472 3827 3623 3895 vide,
3646 3845 3781 3886 cum

2139 3922 2412 3994 superius
2443 3920 2708 3985 dixisset,
2737 3919 2895 3990 quod
2927 3918 3001 3973 ob
3052 3933 3216 3989 spem
3266 3917 3611 3990 gloriamur,
3663 3937 3780 3991 quo

2137 4012 2313 4068 modo
2346 4016 2405 4066 et
2441 4010 2536 4065 hic
2567 4025 2802 4064 rursum
2836 4007 2895 4062 in
2941 4024 3103 4078 spem
3158 4007 3581 4064 terminaverit.
3637 4011 3780 4065 Nam

2138 4107 2390 4172 etaspe
2422 4100 2704 4155 inchoare
2753 4104 3004 4169 oportet,
3063 4101 3122 4152 et
3176 4097 3451 4153 similiter
3507 4100 3568 4154 in
3628 4101 3781 4156 200

2137 4209 2299 4264 spem
2332 4192 2623 4247 desinere.
2663 4193 2870 4245 Verum
2908 4208 3041 4262 spes
3073 4189 3313 4261 quidem
3368 4191 3781 4262 incipientium

2135 4281 2405 4352 npndum
2437 4279 2818 4334 manifestum
2851 4284 2940 4333 est
2970 4279 3265 4350 quomodo
3298 4296 3359 4334 se
3383 4279 3614 4337 habeat.
3645 4297 3778 4336 cum

2135 4369 2399 4424 nondum
2431 4374 2752 4425 occurrunt
2804 4368 3159 4424 afﬂictiones
3215 4375 3316 4424 aut
3374 4369 3772 4424 tentationes:

2136 4475 2266 4532 qum
2295 4475 2424 4513 vers
2465 4476 2572 4530 per
2601 4459 2708 4514 has
2763 4459 3053 4523 transivit,
3116 4459 3479 4531 probataque
3537 4466 3647 4527 est,
3705 4477 3772 4516 ac

2133 4548 2509 4605 manifestata
2531 4549 2687 4622 quod
2709 4549 2936 4605 nullam
2959 4549 3173 4605 habeat
3189 4549 3772 4621 ambiguitatem,nec

2129 4637 2417 4694 ﬂuctuat:
2459 4639 2583 4694 haac
2617 4645 2674 4694 et
2711 4639 3137 4711 perfectionem
3198 4638 3391 4704 habet,
3442 4644 3501 4693 et
3552 4654 3680 4694 eam
3712 4638 3772 4694 in

2127 4729 2411 4784 fruitione
2441 4747 2646 4786 eorum
2679 4746 2809 4801 quas
2841 4736 3158 4801 sperantur
3213 4729 3467 4800 reponit.
3511 4730 3774 4802 Speravit

2128 4819 2421 4875 Abraham
2439 4826 2570 4892 post
2593 4825 2981 4888 senectutem,
2997 4837 3063 4874 ac
3098 4819 3358 4874 matricis
3373 4819 3768 4887 sterilitatem,

2128 4910 2285 4981 quod
2307 4911 2479 4983 juxta
2504 4911 2961 4982 promissionem
2990 4912 3224 4967 futurus
3250 4916 3407 4967 esset
3435 4916 3620 4984 pater.
3649 4913 3770 4970 Ma-

2124 5016 2305 5072 gnum
2337 5001 2578 5072 quidem
2611 5001 2945 5069 hoc,atnon
2979 5002 3150 5073 quale
3173 5008 3306 5074 post
3336 5003 3768 5074 probationem.

2124 5092 2388 5147 Tentavit
2415 5091 2585 5146 illum
2610 5093 2763 5146 Deus
2787 5098 2844 5146 et
2864 5091 3301 5164 quodammodo
3326 5093 3765 5156 conﬂavit.vere

2125 5180 2422 5236 horrenda
2451 5180 2704 5252 quadam
2736 5197 2804 5237 ac
2834 5181 3084 5236 terribili
3114 5181 3351 5238 fornace
3382 5200 3395 5238 :
3447 5184 3580 5256 igne
3610 5185 3763 5241 inte-

2123 5271 2246 5326 rius
2273 5286 2543 5338 accenso,
2577 5271 2815 5342 quando
2849 5272 3038 5327 ﬁlium
3080 5273 3286 5344 jussus
3334 5280 3424 5328 est
3463 5275 3762 5347 jugulare.

2123 5359 2393 5416 Ostendit
2420 5361 2520 5415 ille
2543 5377 2648 5432 per
2678 5361 2803 5417 haec
2835 5362 3250 5418 inconcussam
3277 5363 3670 5437 stabilemque
3695 5366 3762 5421 ti-

2124 5448 2280 5505 dem.
2314 5450 2580 5507 Cucurrit
2609 5451 2766 5506 enim
2807 5458 2873 5506 ut
2911 5452 3099 5508 ﬁlium
3125 5453 3465 5526 jugularet:
3499 5471 3610 5511 nec
3668 5471 3764 5510 va-

2123 5539 2361 5595 cillabat
2392 5539 2548 5596 intra
2577 5557 2638 5596 se
2671 5541 2934 5614 cogitans
2968 5559 2980 5597 :
3041 5543 3344 5608 Quomodo
3405 5559 3540 5615 ergo
3595 5549 3765 5614 pater

2123 5629 2271 5687 ero?
2303 5629 2364 5684 1d
2389 5645 2531 5686 sane
2561 5631 2815 5688 maxime
2849 5638 2938 5689 est
2993 5633 3170 5689 ﬁdei:
3216 5631 3349 5688 ideo
3398 5635 3575 5688 etiam
3625 5649 3756 5703 quae

2122 5718 2399 5793 sperabat
2425 5725 2514 5776 est
2551 5728 2873 5778 assecutus.
2911 5745 2938 5773 «
2979 5723 3252 5779 Probatio
3311 5741 3444 5780 vero
3503 5741 3692 5795 spem.
3727 5747 3755 5776 η
