4222 6194
420 387 532 446 411

409 611 545 661 rant
573 601 813 672 quidem
863 597 1002 652 boni
1059 611 1124 650 ac
1181 594 1318 650 mali
1381 594 1857 650 retributionem.
1916 594 2058 647 Nam

412 694 664 765 quisque
695 688 852 758 quod
898 685 1078 756 cupit,
1145 685 1255 739 hoc
1313 685 1490 738 etiam
1552 683 1664 736 sibi
1723 681 2061 753 persuadet.

410 805 437 832 ‹‹
472 782 618 847 Quia
646 779 904 835 charitas
929 776 1050 831 Dei.
1080 796 1106 823 η
1132 777 1200 828 Et
1229 774 1410 839 unde,
1441 773 1657 843 inquit.
1684 772 2063 827 manifestum

410 878 498 926 est
529 869 686 940 quod
727 869 876 922 Deus
909 865 988 919 ibi
1025 864 1270 918 daturus
1303 863 1380 917 sit
1413 861 1584 916 nobis
1617 861 1772 916 bona
1794 861 1821 916 ?
1853 859 2065 916 Unde?

410 963 492 1015 Ex
523 961 614 1014 his
647 975 776 1029 qum
808 957 905 1010 hic
937 954 1117 1010 dedit.
1144 953 1291 1018 Quid
1315 958 1511 1007 autem
1538 951 2064 1022 dedit?Spiritum,

412 1050 514 1113 ait,
549 1049 647 1118 qui
682 1064 752 1102 ex
785 1045 910 1100 sola
942 1044 1042 1098 Dei
1076 1042 1395 1097 dilectione
1427 1058 1543 1111 qua
1571 1057 1683 1096 nos
1733 1040 1961 1100 dilexit.
1997 1040 2060 1094 in

411 1155 521 1195 nos
554 1133 920 1206 supervenit;
943 1148 1135 1201 neque
1155 1131 1315 1185 enim
1338 1146 1446 1184 nos
1469 1127 1906 1200 propriisbonis
1922 1145 2061 1200 ope-

1499 369 1914 434 CECUMENII
1961 365 2262 431 TRICOJE
2308 369 2674 432 EPISCOPI.

411 519 579 573 Certe
609 513 709 583 qui
740 526 919 582 prava
947 504 1330 561 stimulantur
1359 504 1745 569 conscientia,
1794 519 1868 558 ne
1918 519 2050 574 spe-

2189 521 2251 556 rev
2317 503 2473 573 ἡμῖν.
2535 500 2611 559 Ού
2670 503 2774 580 γὰρ
2851 505 3014 576 ἡμεῖς

3692 375 3810 437 413

3103 501 3336 565 οἰκείους
3395 503 3812 578 κατορθώμασιν

2172 589 2589 662 ἐπεσπασάμεθα
2627 592 2726 662 τήν
2788 594 2952 666 χάριν
3008 595 3105 646 τοῦ
3169 597 3503 663 Ιινευματος.
3577 617 3596 642 ι
3633 594 3816 648 Ἐκκὲ-

2172 699 2359 756 χυται.
2399 703 2426 729 ››
2463 676 2665 740 Καλῶς
2705 677 2762 734 δὲ
2791 682 2891 750 τὴν
2945 679 3162 758 ἀγάπην
3212 685 3308 735 τοῦ
3359 685 3515 749 Θεοῦ,
3546 681 3582 750 ἤ
3617 680 3757 736 ἐστιν
3786 682 3819 750 ἠ

2176 765 2327 827 δόσις
2417 773 2516 822 τοῦ
2606 770 2944 843 Ιινεύματος,
3049 771 3189 825 εἶπεν
3287 770 3632 845 ἐκκεχύσθαι,
3711 771 3826 826 οἷον

2179 854 2428 930 δαψιλῶς
2489 855 2753 913 δεδόσθαι.
2828 883 2856 910 ‹‹
2926 860 3012 914 Ἐν
3081 865 3200 921 ταῖς
3266 858 3514 932 καρδίαις
3579 863 3825 932 ἡμῶν.»

2175 949 2367 1016 Νοητή
2446 949 2548 1025 γὰρ
2617 951 2652 1018 ἡ
2721 947 2990 1014 ἐνοίκησις

2175 1036 2461 1112 τρισαγίου
2536 1037 2873 1111 υνεύματος,
2948 1038 3038 1094 καὶ

2179 1124 2393 1196 ληπτή.

3082 954 3179 1004 τοῦ
3274 955 3653 1023 προσκυνητοῦ
3735 952 3826 1006 καὶ

3131 1043 3204 1110 νῷ
3265 1039 3412 1112 μόνῳ
3481 1039 3569 1094 καὶ
3624 1038 3821 1116 καρδίᾳ

411 1228 579 1284 ribus
610 1224 862 1297 Spiritus
891 1221 1140 1294 gratiam
1170 1218 1538 1274 attraximus.
1572 1242 1598 1267 «
1635 1219 1833 1272 Effusa
1863 1222 1971 1272 est.
2009 1239 2034 1265 ››
2079 1216 2326 1274 Pulchre
2386 1223 2586 1274 autem
2634 1218 2719 1274 ait
2762 1219 2864 1274 Dei
2924 1217 3326 1281 dilectionem,
3377 1235 3511 1290 qua)
3567 1219 3819 1292 Spiritus

409 1317 634 1372 donum
667 1319 774 1378 est,
809 1312 1056 1366 effusam
1089 1325 1236 1375 esse,
1270 1309 1381 1364 hoc
1409 1313 1496 1364 est
1542 1307 1784 1380 largiter
1839 1306 2138 1362 donatam.
2177 1329 2198 1356 ι
2235 1309 2300 1361 In
2359 1308 2636 1364 cordibus
2687 1310 2928 1364 nostris.
2961 1329 2988 1359 ››
3045 1309 3466 1365 lntellectualis
3520 1309 3680 1364 enim
3726 1313 3816 1364 est

411 1403 698 1463 adorandi
764 1399 1242 1470 sanctissimique
1306 1398 1558 1470 Spiritus
1624 1396 1997 1465 inhabitatio,

419 1503 534 1552 tur.

492 1587 554 1646 V,
590 1586 641 1647 6,
672 1583 726 1634 '7.
759 1579 1002 1633 Christus
1057 1579 1222 1644 enim,
1279 1594 1400 1633 cum
1454 1577 1632 1632 adhuc
1690 1592 1918 1632 essemus
1975 1579 2062 1631 in-

416 1671 562 1738 ﬁrmi
590 1668 888 1723 secundum
919 1675 1151 1737 tempus,
1179 1681 1282 1736 pro
1314 1665 1501 1735 impiis
1519 1673 1760 1722 mortuus
1791 1673 1886 1721 est.
1923 1668 2056 1721 Nam

417 1761 513 1812 ria:
539 1773 645 1828 pro
667 1759 819 1827 justo
849 1759 972 1826 quis
1006 1757 1244 1810 moritur
1268 1771 1289 1818 ;
1316 1771 1419 1824 pro
1450 1755 1588 1810 bono
1635 1755 1910 1826 siquidem
1940 1758 2064 1824 for-

418 1851 562 1904 sitan
591 1847 794 1916 aliquis
823 1846 990 1900 audet
1029 1847 1196 1899 ctiam
1226 1847 1386 1899 mori.

493 1938 637 1992 Cum
671 1935 1030 1991 sanctissimi
1063 1934 1316 2005 Spiritus
1348 1932 1568 1990 donum
1601 1933 1848 1990 dixisset
1872 1939 2069 1989 trans-

419 2027 573 2082 ferre
604 2042 714 2081 nos
744 2027 808 2080 in
840 2026 1044 2090 Deum,
1081 2024 1192 2078 tria
1251 2023 1417 2096 ponit
1470 2039 1602 2094 qua:
1652 2024 2068 2079 excellentiam

427 2115 746 2172 ostendant
773 2115 994 2170 amoris
1026 2113 1126 2168 Dei
1159 2129 1296 2184 erga
1327 2129 1457 2178 nos,
1489 2113 1788 2184 simulque
1817 2112 2073 2185 probent

427 2207 556 2279 ejus
587 2206 648 2260 in
679 2209 980 2277 posterum
1032 2201 1466 2275 providentiam
1520 2218 1588 2257 ac
1645 2201 2072 2275 benignitatem

427 2312 564 2365 erga
585 2294 877 2350 homines.
908 2294 1041 2348 Haac
1063 2297 1261 2347 autem
1287 2291 1399 2346 tria
1421 2308 1488 2346 ex
1515 2307 1582 2346 eo
1607 2291 1732 2347 solo
1747 2291 1905 2362 quod
1933 2291 2070 2348 sub-

421 2385 696 2458 jungitur
723 2382 995 2449 assumit,
1027 2381 1304 2436 videlicet
1332 2381 1403 2435 ab
1437 2381 1557 2436 illis
1579 2381 1737 2436 circa
1757 2398 1889 2450 qum
1920 2380 2077 2436 facta

429 2481 520 2532 est
548 2474 768 2530 amoris
795 2472 1244 2529 demonstratio.
1279 2473 1423 2527 Nam
1457 2479 1595 2526 sunt
1624 2487 1860 2528 rursum
1885 2470 2077 2526 etalia

429 2582 495 2621 ex
529 2581 595 2620 eo
629 2569 864 2635 sumpta
889 2563 988 2633 qui
1018 2561 1244 2626 dilexit,
1279 2561 1495 2632 quibus
1529 2561 1706 2616 etiam
1737 2559 2074 2616 dilectionis

433 2653 785 2710 excellentia
815 2653 958 2708 261
998 2650 1295 2722 profertur
1334 2667 1400 2704 ac
1457 2649 1838 2706 constituitur
1870 2666 1882 2703 :
1935 2654 2078 2721 puta

429 2743 775 2816 virginalem
808 2739 1173 2796 inhabitasse
1201 2745 1456 2806 uterum,
1494 2745 1552 2794 et
1577 2755 1817 2794 carnem
1878 2755 1947 2794 ex
2005 2754 2076 2794 ea

435 2833 784 2904 sumpsisse,
815 2831 1218 2903 legistatorem
1262 2829 1441 2884 etiam
1494 2827 1842 2886 obsecutum
1889 2827 2073 2884 fuisse

431 2923 577 2995 legis
605 2921 938 2994 prmceptis.

501 3011 723 3067 Deinde
755 3008 1147 3065 contumelias
1177 3023 1433 3080 quoque,
1467 3007 1740 3079 injurias,
1773 3011 1831 3064 et
1869 3005 2073 3078 alapas

429 3103 810 3160 sustinuisse:
838 3101 1112 3173 quodque
1127 3100 1394 3156 omnium
1408 3105 1587 3170 caput
1606 3105 1895 3168 est,cruce
1919 3114 2074 3155 mor-

432 3198 551 3248 tem
587 3192 928 3263 Oppetiisse.
962 3192 1093 3262 Ipse
1126 3206 1258 3244 vero
1290 3189 1605 3260 Apostolus
1634 3189 1727 3243 his
1759 3204 1888 3260 quae
1922 3205 1990 3243 ex
2011 3205 2078 3244 eo

431 3282 584 3338 sumi
615 3285 892 3351 poterant
921 3279 1021 3349 qui
1054 3278 1358 3333 dilexerat.
1387 3278 1445 3331 in
1481 3293 1774 3334 summam
1801 3277 2075 3339 redactis.

433 3369 678 3436 solaque
702 3367 936 3420 interim
965 3372 1150 3420 morte
1183 3366 1669 3430 relata,distinxit
1692 3367 1812 3430 illa,
1842 3383 1973 3437 qua)
2003 3365 2076 3422 ab

431 3457 524 3511 his
547 3461 781 3525 sumpta
803 3460 973 3509 erant
993 3453 1093 3524 qui
1117 3455 1294 3509 amati
1315 3460 1472 3509 sunt.
1508 3455 1610 3510 Hic
1633 3462 1831 3511 autem
1863 3456 2072 3526 hujus-

2091 1412 2340 1468 quaaque
2429 1397 2555 1453 sola
2647 1404 2844 1453 mente

2937 1414 3004 1454 ac
3091 1398 3269 1454 corde
3356 1398 3810 1470 comprehendi-

2250 1577 2370 1632 Ἔτι
2431 1576 2530 1651 γάρ
2605 1575 2855 1646 Χριστὸς,
2923 1572 3093 1631 ὅντων
3163 1578 3321 1648 ἡμῶν
3389 1576 3625 1640 ἀσθενῶν
3687 1576 3822 1631 κατὰ

2181 1665 2389 1736 καιρὸν,
2451 1665 2583 1739 ὑπὲρ
2651 1659 2860 1719 ἀσεϐῶν
2921 1664 3167 1720 ἀπέθανε·
3243 1662 3406 1738 μόλις
3504 1663 3605 1741 γάρ
3695 1665 3824 1739 ὑπὲρ

2181 1749 2395 1808 δικαίου
2459 1775 2541 1813 τις
2609 1753 2974 1809 ἀποθανεῖται.
3043 1755 3200 1829 Ὑπὲρ
3267 1753 3372 1830 γὰρ
3436 1758 3534 1810 τοῦ
3599 1753 3823 1829 ἀγαθοῦ,

2180 1843 2331 1916 τάχα
2360 1862 2441 1903 τις
2471 1841 2560 1897 καὶ
2591 1840 2776 1914 τολμᾷ
2803 1842 3108 1906 ἀποθανεῖν.

2253 1933 2466 2006 [ΦΩΤ.]
2503 1932 2684 1987 Εἰπὼν
2710 1937 2807 1988 τοῦ
2841 1931 3104 2006 παναγίου
3162 1931 3474 2006 Ηνεύματος
3526 1934 3626 2000 τήν
3679 1929 3827 1988 δόσιν

2185 2015 2528 2092 μεταϐαίνειν
2561 2020 2636 2082 εἷς
2660 2021 2750 2075 τὸν
2783 2022 2930 2084 Θεὸν,
2957 2022 3082 2097 τρία
3127 2021 3308 2091 τίθησι
3365 2023 3464 2092 τήν
3511 2017 3824 2095 ὑπερϐολὴν

2184 2107 2460 2165 δεικνύντα
2491 2113 2590 2175 τῆς
2620 2109 2836 2183 ἀγάπης
2874 2115 2971 2165 τοῦ
2997 2115 3154 2180 Θεοῦ,
3203 2111 3293 2166 καὶ
3344 2113 3458 2186 ἅμα
3495 2115 3828 2166 συνιστῶντα

2185 2198 2270 2252 καὶ
2307 2199 2405 2267 τήν
2448 2197 2523 2260 εἷς
2547 2200 2608 2253 τὸ
2639 2196 2824 2253 ἔπειτα
2853 2197 3016 2253 αὐτοῦ
3065 2199 3324 2271 πρόνοιαν
3380 2200 3470 2254 καὶ
3525 2198 3830 2275 φιλανθρω-

2184 2287 2329 2341 πίαν.
2363 2289 2553 2344 Ταῦτα
2588 2284 2646 2342 δὶ
2674 2287 2737 2342 τὰ
2767 2288 2913 2362 τρία,
2966 2287 3074 2343 ἀπὸ
3135 2286 3299 2361 μόνου
3354 2283 3684 2362 λαμϐάνεται
3731 2293 3829 2344 τοῦ

2190 2375 2574 2446 ὑποκειμένου,
2611 2376 2736 2446 ¹ἢτοι
2777 2376 2826 2446 ἐξ
2885 2375 3123 2444 ἐκείνων,
3182 2377 3310 2451 περὶ
3368 2378 3400 2432 ἃ
3450 2384 3551 2447 τῆς
3617 2377 3834 2449 ἀγάπης

2183 2461 2478 2534 ἀπόδειξις.
2547 2466 2698 2522 Ἐπεὶ
2761 2465 2851 2520 καὶ
2917 2461 3062 2522 ἃλλα
3125 2464 3290 2520 πάλιν
3354 2464 3403 2537 ἐξ
3496 2466 3665 2523 αὐτοῦ
3737 2470 3833 2521 τοῦ

2185 2555 2594 2628 ἀγαπήσαντος,
2629 2551 2699 2607 δι’
2749 2554 2822 2610 ὧν
2879 2553 3045 2610 πάλιν
3074 2557 3110 2624 ἡ
3145 2549 3424 2630 ὑπερϐολὴ
3473 2562 3570 2624 τῆς
3619 2556 3838 2632 ἀγαπή-

2187 2663 2322 2705 σεως
2354 2642 2666 2699 συνίσταται
2697 2642 2787 2698 καὶ
2844 2644 3189 2718 παρίσταταιο
3235 2644 3350 2698 οἷον
3408 2643 3538 2700 αὐτὸ
3587 2645 3649 2700 τὸ
3693 2666 3836 2721 παρ-

2185 2734 2400 2802 θενικὴν
2463 2731 2744 2798 ἐνοικῆσαι
2806 2735 3041 2808 μήτραν,
3081 2733 3170 2788 καὶ
3229 2735 3571 2811 σαρκωθῆναι
3631 2733 3681 2807 ἐξ
3734 2733 3838 2788 αύ-

2182 2829 2305 2892 τῆς⁶
2363 2821 2802 2896 ὑπηρετησασθαά
2867 2843 2927 2878 τε
2983 2829 3101 2885 ταῖς
3157 2824 3293 2879 κατᾶ
3341 2824 3525 2899 νόμων
3585 2822 3830 2886 ἐντολαῖς

2180 2912 2271 2966 τὸν
2304 2913 2626 2985 νομοθέτην.

2255 3003 2390 3060 Εἶτα
2447 3003 2836 3074 ἀτιμασθῆναι,
2895 2998 3234 3077 ὑϐρισθῆναι,
3318 3004 3662 3081 ραπισθῆναι,
3742 3005 3834 3061 καὶ

2185 3095 2268 3169 (τὸ
2297 3091 2616 3173 κεφάλαιον)
2678 3090 2767 3148 διὰ
2806 3097 3042 3168 σταυροῦ
3101 3096 3496 3164 θανατωθῆναι.
3559 3093 3731 3157 Αύτὸς
3773 3092 3831 3149 δὶ

2183 3182 2248 3236 ti
2299 3182 2391 3253 μὶν
2463 3180 2522 3236 ἐκ
2587 3184 2684 3236 τοῦ
2751 3181 3131 3256 ἀγαπήσαντος
3190 3181 3832 3259 συγκεφαλαιωσάμενος,

2183 3271 2272 3325 καὶ
2301 3271 2392 3326 τὸν
2426 3271 2645 3325 θάνατον
2686 3270 2850 3342 μόνον
2883 3272 3020 3330 τὲως
3053 3269 3239 3339 εἰπὼν,
3301 3271 3366 3326 τὰ
3405 3272 3510 3328 ἀπὸ
3561 3276 3667 3326 τῶν
3699 3271 3836 3346 ἀγα-

2183 3362 2462 3430 πηθέντων
2546 3356 2742 3426 διεῖλε,
2827 3357 3191 3428 συντελούσης
3249 3359 3396 3433 αύτῷ
3466 3360 3686 3417 ἐνταῦθα
3735 3367 3836 3430 τῆς

2189 3449 2449 3519 τοιαύτης
2483 3449 2930 3524 μεταχειρίσεως,
2963 3448 3038 3511 εἰς
3068 3449 3130 3505 τὸ
3157 3448 3240 3506 ὅτι
3300 3449 3376 3506 ἔτι
3427 3451 3517 3506 καὶ
3571 3445 3648 3506 ἔτι
3699 3471 3836 3525 προ-

433 3543 592 3600 modi
609 3548 812 3597 tractat
825 3541 878 3595 io
895 3542 955 3596 in
971 3543 1078 3596 hoc
1092 3543 1380 3597 commoda
1397 3549 1525 3597 estA
1538 3544 1768 3615 postolo
1780 3550 2075 3606 ,utosten-

2195 3541 2471 3606 νοήσεται,
2530 3538 2622 3592 καὶ
2675 3537 3018 3613 ὑπερασπιεῖ,
3077 3539 3167 3593 καὶ
3247 3538 3465 3614 ῥύσεται
3549 3537 3609 3594 ἐκ
3662 3541 3840 3609 πάσης

434 3634 536 3688 dat
563 3631 718 3703 quod
753 3631 928 3685 etiam
968 3630 1210 3700 posthac
1243 3631 1429 3702 magis
1454 3648 1521 3685 ac
1540 3632 1726 3702 magis
1751 3631 1925 3685 nobis
1942 3649 2072 3702 pro

427 3721 668 3787 videbit,
693 3735 919 3790 nosque
943 3718 1221 3780 tuebitur,
1249 3725 1307 3773 et
1337 3718 1409 3774 ab
1441 3720 1605 3773 omni
1637 3719 1725 3773 ira
1757 3718 2032 3774 liberabit
2060 3736 2072 3773 :

433 3818 559 3868 tum
587 3810 659 3867 ab
683 3826 752 3865 ea
774 3825 905 3880 quae
929 3824 1194 3880 praesens
1217 3813 1328 3872 est,
1349 3807 1446 3862 ubi
1477 3808 1536 3862 id
1555 3808 1829 3879 expedire
1847 3807 2079 3877 viderit,

439 3909 566 3958 tum
595 3919 628 3956 a
658 3901 876 3966 futura,
911 3915 1042 3970 quas
1075 3915 1206 3953 vere
1236 3903 1499 3953 extrema
1528 3897 1618 3953 ira
1648 3903 1754 3952 est.
1789 3898 1921 3952 Tria
1947 3915 2081 3954 vero

436 4007 566 4064 quae
591 3990 758 4061 ponit
779 3995 918 4043 sunt
940 3988 1064 4043 ὴωο
1085 3986 1346 4057 :Inﬁrmi,
1381 3987 1838 4058 inquit,eramus
1867 3987 2082 4042 infirmi

433 4097 572 4135 vero
604 4095 725 4132 non
752 4084 983 4136 natura.
1020 4076 1123 4131 sed
1144 4077 1383 4148 propria
1409 4083 1604 4131 mente
1626 4092 1695 4132 ac
1719 4076 2083 4148 operatione.

436 4170 642 4239 Itaque
676 4165 898 4221 inﬁrmi
931 4183 1188 4231 eramus,
1226 4165 1530 4236 multoque
1562 4165 1735 4221 nobis
1785 4181 1932 4237 opus
1961 4171 2087 4222 erat

435 4258 677 4316 auxilio.
714 4255 818 4310 Sed
855 4260 912 4309 et
943 4256 1108 4325 impii
1164 4271 1433 4310 eramus:
1483 4255 1653 4311 illum
1705 4255 1804 4327 qui
1858 4255 2087 4310 laturus

433 4355 561 4403 erat
584 4346 869 4403 auxilium
896 4345 1352 4416 repellebamus,
1377 4345 1512 4400 aliis
1528 4345 1766 4416 quidem
1792 4345 2084 4401 adoratio-

436 4453 574 4492 nem
608 4435 1026 4498 altribuentes,
1059 4435 1255 4505 ipsum
1296 4449 1430 4489 vero
1464 4433 1701 4506 injuriis
1735 4434 2086 4501 al'ﬁcientes,

443 4526 658 4597 quibus
690 4523 916 4579 inimici
947 4540 1015 4578 ac
1046 4523 1248 4578 hostes
1278 4530 1478 4594 appett
1499 4524 1713 4578 solent.
1750 4524 1959 4579 Omnia
1980 4523 2090 4596 igi-

437 4621 536 4670 tur
568 4620 772 4669 nostra
803 4613 978 4684 plena
1008 4618 1178 4666 erant
1197 4612 1417 4684 inopia.
1445 4614 1586 4666 Nam
1611 4613 1682 4676 si,
1707 4627 1840 4668 cum
1865 4613 2086 4668 inﬁrmi

439 4719 708 4759 essemus
740 4709 798 4758 et
827 4703 1204 4773 impotentes,
1243 4707 1301 4755 ut
1335 4701 1406 4755 ab
1439 4701 1786 4774 aegritudine
1817 4717 2089 4774 surgere-

451 4809 598 4856 mus,
637 4791 821 4844 multo
854 4789 1171 4862 egebamus
1201 4789 1462 4860 auxilip:
1498 4790 1908 4846 auxiliatorem
1951 4805 2085 4844 vero

2189 3627 2388 3702 ὀργῆς,
2419 3633 2518 3693 τῆς
2549 3647 2607 3679 τε
2665 3625 2946 3701 παρούσης
3009 3626 3097 3682 ὅτε
3155 3631 3315 3683 τοῦτο
3375 3630 3652 3703 συμιιὲρον
3706 3625 3841 3698 οἶδε,

2176 3715 2404 3784 ,καὶτῆς
2460 3713 2776 3789 μελλούσης
2833 3716 2955 3785 ἧτις
3015 3713 3159 3771 ἐστὶν
3210 3716 3284 3778 ὡς
3351 3715 3574 3787 ἀληθῶς
3633 3716 3835 3793 ἐσχάτη

2191 3805 2347 3877 ὀργή.
2379 3805 2448 3861 ’Ἀ
2484 3801 2540 3858 δὲ
2579 3803 2762 3875 τίθησι
2793 3805 2916 3881 τρία
2947 3808 3116 3862 ταῦτά
3148 3805 3308 3862 ἐστιν.
3367 3808 3634 3868 ’Λσθενεῖς
3673 3809 3834 3878 ἦμεν,

2189 3892 2369 3972 φησὶν,
2403 3893 2650 3966 ,ἀσθενεῖς
2685 3892 2766 3959 δὶ,
2819 3895 2921 3949 οὐκ
2977 3894 3040 3950 ἐκ
3094 3895 3326 3972 φύσεως,
3366 3891 3491 3950 ἀλλ’
3631 3893 3833 3954 οἶκείας

2191 3983 2420 4060 γνώμης
2449 3982 2541 4038 καὶ
2567 3983 2831 4057 πράξεως.
2885 3983 3150 4046 Ἀσθενεῖς
3206 3982 3298 4039 οὗν
3352 3985 3509 4057 ἦμεν,
3561 3983 3650 4038 καὶ
3692 3981 3838 4037 πολ-

2194 4071 2295 4139 λῆς
2353 4071 2603 4147 βοηθείας
2661 4070 2992 4146 ἐχρῄζομεν.
3051 4070 3230 4130 Ἀλλὰ
3268 4074 3357 4128 καὶ
3404 4066 3612 4134 ἀσεϐεῖς
3676 4073 3838 4146 ἦμεν,

2193 4161 2353 4217 αὐτὸν
2383 4161 2475 4216 τὸν
2511 4159 2791 4230 μέλλοντα
2827 4162 3042 4236 βοηθεῖν
3076 4162 3460 4237 ἂπωθούμεθα,
3502 4162 3705 4234 ὲτέροις
3748 4163 3840 4236 μὲν

2191 4251 2254 4304 τὸ
2301 4245 2460 4312 σέϐας
2517 4251 2943 4323 προσάπτοντες,
3004 4251 3146 4323 αύτῷ
3186 4249 3263 4320 δὲ,
3323 4249 3542 4327 ἐχθροῖς
3599 4249 3691 4307 ἴσα
3751 4251 3841 4305 καὶ

2194 4339 2512 4413 πολεμίοις,
2545 4335 2924 4410 ἐνυϐρίζοντες.
2973 4341 3178 4396 Ούκούν
3241 4339 3416 4414 ἄπορα
3470 4344 3639 4395 πάντα
3691 4339 3841 4416 εἶ’χοο

2181 4452 2293 4503 ημεν
2346 4429 2410 4485 τὰ
2465 4428 2705 4504 ἡμέτερα
2791 4427 2854 4485 E’.‘
2909 4430 3012 4506 γὰρ
3072 4429 3227 4484 αὐτοὶ
3289 4429 3381 4503 μὶν
3437 4431 3694 4498 ἀσθενεῖς,
3749 4427 3840 4484 καὶ

2195 4517 2450 4574 ἀδύνατοι
2480 4519 2766 4586 ἀναστῆναι
2797 4523 2893 4573 τοῦ
2924 4521 3265 4590 νοσήματος,
3324 4517 3544 4586 πολλῆς
3603 4517 3657 4572 δὲ
3702 4519 3840 4594 βοη-

2197 4610 2341 4675 θείας
2377 4608 2650 4680 δεὸμενοι,
2681 4610 2769 4666 τὸν
2809 4610 3009 4684 βοηθὸν
3055 4606 3426 4687 ἐνυϐρίσαντες
3483 4607 3841 4684 ἀπωσέμεθα,

2194 4707 2310 4764 πῶς
2352 4702 2450 4757 ούκ
2509 4703 2585 4763 εἰς
2644 4696 2876 4777 ἔσχατον
2934 4705 3163 4777 ἀπορίας
3218 4704 3285 4760 τὰ
3341 4705 3622 4779 ὖ,μὲτερα;
3681 4703 3839 4766 Εἶτα,

2195 4789 2342 4848 ἀλλά
2371 4790 2717 4865 ἁμαρτωλοί,
2759 4792 2915 4863 φησὶ,
2969 4792 3060 4848 καὶ
3119 4794 3146 4847 ὁ
3201 4792 3341 4868 βίος.
3403 4794 3558 4872 ιρησῖ,
3623 4791 3837 4865 μᾶλλον

439 4878 622 4933 illatis
653 4879 889 4949 injuriis
949 4879 1382 4950 repuleramus,
1431 4894 1586 4933 anne
1643 4877 1714 4931 ad
1763 4885 2075 4933 extremam

2198 4879 2477 4937 καθεῖλκεν
2517 4881 2603 4935 ἐπὶ
2629 4881 2691 4936 τὸ
2730 4881 2954 4953 πτῶμα,
3008 4881 3097 4936 καὶ
3139 4883 3440 4956 ἀνενεγκεῖν
3505 4880 3568 4936 ού
3598 4881 3841 4957 συνεχὼ-

439 4966 838 5037 indigentiam
870 4975 1074 5021 nostra
1103 4966 1342 5022 redacta
1370 4967 1585 5022 erant?
1630 4971 1912 5021 Prmterea
1955 4983 2083 5038 pec-

439 5065 671 5121 catores,
701 5054 913 5124 inquit.
947 5070 1203 5121 eramus,
1238 5062 1298 5110 et
1326 5057 1442 5111 vita
1489 5056 1675 5129 magis
1726 5055 1799 5112 ad
1855 5056 2087 5128 lapsum

443 5143 1227 5204 trahebat,necrevalescere
1247 5146 1752 5215 permittebat.His
1781 5145 1862 5201 ita
1895 5163 1955 5201 se
1987 5146 2089 5201 ha-

441 5233 742 5290 bentibus.
776 5247 1030 5301 cumque
1063 5233 1258 5287 omnis
1289 5233 1621 5305 desperatio
1662 5233 1916 5297 adesset,
1952 5242 2091 5292 tunc

443 5325 636 5379 bonus
664 5321 764 5374 ille
798 5321 1106 5376 hominum
1138 5329 1368 5378 amator
1402 5323 1501 5378 Dei
1535 5325 1738 5388 Filius,
1772 5331 1832 5380 et
1859 5341 1968 5381 nos
1999 5325 2092 5380 di-

443 5411 588 5467 lexit
618 5415 675 5463 et
712 5408 973 5464 animam
1003 5425 1106 5481 pro
1139 5410 1311 5465 nobis
1334 5397 1546 5482 posuit.
1581 5411 1746 5477 Quod
1769 5413 1816 5467 si
1841 5420 1980 5470 tunc
2001 5413 2091 5468 in~

446 5498 712 5556 numeris
740 5498 914 5555 malis
954 5499 1263 5567 obnoxios,
1293 5501 1512 5572 quique
1547 5501 1606 5556 in
1638 5519 1879 5557 omnem
1904 5502 2094 5574 turpi-

444 5589 712 5647 tudinem
744 5604 812 5645 ιο
842 5588 1165 5646 foeditatem
1196 5589 1620 5658 incideramus,
1652 5591 1833 5648 etiam
1889 5591 2096 5648 dilexit

446 5695 578 5752 nos,
611 5683 670 5735 et
697 5677 768 5735 ab
799 5678 1146 5737 inﬁrmitate
1179 5679 1363 5735 erexit
1393 5696 1460 5736 ac
1481 5678 1798 5750 roboravit,
1825 5696 1930 5738 suo
1953 5695 2094 5738 san-

2201 4989 2302 5045 ρει.
2337 4966 2525 5031 Οὕτως
2556 4966 2611 5024 δὲ
2645 4969 2908 5050 ἐχόντων,
2941 4971 3029 5026 καὶ
3077 4969 3256 5039 πάσης
3316 4968 3672 5050 ὑπαρχούσης
3708 4971 3844 5025 ἀπο-

2201 5057 2471 5138 γνώσεπις.
2521 5059 2645 5116 τότε
2701 5057 2860 5122 αὐτὸς
2918 5060 2945 5114 ὁ
3003 5057 3224 5133 ἀγαθὸς,
3287 5060 3313 5114 ὁ
3371 5055 3847 5137 φιλάνθρωπος,ὁ

2199 5153 2296 5203 τοῦ
2327 5151 2465 5208 Οεοῧ
2500 5153 2654 5211 Παῖς.
2685 5149 2772 5203 καῖ
2827 5151 3097 5223 ἠγάπησε.
3157 5149 3245 5204 καὶ
3297 5150 3396 5217 τήν
3450 5151 3637 5225 ψυχήν
3680 5149 3848 5204 αὐτοῦ

2205 5237 2337 5312 ὑπὲρ
2370 5238 2528 5309 ἡμῶν
2561 5236 2812 5301 τέθεικεν.
2852 5237 2910 5294 Εἰ
2939 5236 2996 5292 δὶ
3037 5237 3160 5294 τότε
3220 5238 3437 5310 μυρίοις
3490 5236 3850 5313 ἐνεχομένους

2203 5331 2416 5389 κακοῖς.
2467 5327 2555 5381 καὶ
2617 5327 2692 5388 εἷς
2751 5325 2998 5395 παντελῆ
3052 5326 3450 5402 ἀσχημοσύνην
3487 5327 3577 5382 καὶ
3617 5325 3849 5404 α’σχρό-

2203 5436 2339 5484 τητα
2369 5417 2798 5486 κατηντηκότας,
2831 5415 2921 5472 καὶ
2977 5417 3254 5494 ἠγάπησε,
3298 5416 3390 5472 καὶ
3433 5421 3534 5484 τῆς
3579 5413 3849 5475 ἀσθενείας

2203 5502 2475 5574 ἀνέστησε,
2542 5505 2632 5560 καὶ
2699 5504 3027 5581 ἐδυνάμωσε·
3094 5505 3157 5560 τὸ
3223 5505 3390 5561 αὖτοῦ
3457 5502 3652 5577 λύτρον
3711 5503 3848 5580 ὑπὶρ

2203 5596 2363 5667 ἡμῶν
2398 5589 2652 5658 δεδωκὼς
2679 5595 2840 5668 αἷμα,
2896 5592 3097 5667 πολλῷ
3147 5590 3361 5666 μᾶλλον
3416 5590 3846 5664 οἰκειωσάμενος

2201 5682 2293 5738 καὶ
2325 5679 2641 5753 δικαιώσας,
2674 5682 2764 5739 καὶ
2796 5683 3158 5759 προστήσεται
3203 5683 3294 5739 καὶ
3351 5677 3706 5755 ἀντιλήψεται
3754 5681 3852 5740 καὶ
