4222 6194
426 378 548 440 413

1536 375 1938 438 COMMENT.
1986 375 2064 437 IN
2109 377 2356 438 EPIST.
2404 379 2507 440 AD
2551 378 2745 443 80M.

3728 390 3848 450 414

433 509 780 580 δπερασπιεῖ,
835 506 925 562 ὅτε
983 511 1124 580 μήτε
1164 505 1326 583 χρεία
1382 508 1558 562 θανεῖν
1591 506 1772 577 αὐτὸν,
1810 510 1950 582 μήτε
1979 507 2081 564 οὕ-

2209 513 2375 587 guine
2401 531 2508 585 pro
2539 514 2711 570 nobis
2751 517 2812 571 in
2869 519 3340 588 redemptionem
3375 517 3624 574 tradita:
3657 521 3845 578 multo

441 623 552 663 τως
601 602 674 664 ὡς
729 601 994 676 πρότερον
1058 600 1132 662 εἷς
1188 599 1494 675 ἀρῥωστίαν
1549 601 1640 656 καὶ
1696 601 2092 676 ἀσχημοσένην

444 690 889 766 κατηνέχθημεν·
952 687 1100 744 ἀλλὰ
1157 691 1231 762 μή
1294 687 1338 743 δ’
1401 688 1560 744 αὐτὸν
1623 690 1976 762 ἀπωσαμεθα,
2028 689 2091 744 τὸ

443 776 602 843 σὲϐας
633 779 835 852 ἐτέροις
868 779 1229 853 περιθέμενοι.
1293 777 1370 835 Οὐ
1425 781 1537 858 χρή
1599 783 1889 856 τοιγαροῦν
1925 778 1975 832 ἐν
2010 776 2090 833 δι-

440 872 675 945 σταγμῷ
718 869 816 936 τήν
868 865 1065 921 ἐλπίδα
1109 871 1220 921 τῶν
1271 865 1695 941 ἐπηγγελμένων
1744 867 1916 941 ἔχειν,
1949 863 2094 921 ἀλλὰ

441 953 683 1028 βεϐαίαν,
716 957 805 1012 καὶ
839 957 914 1020 ὡς
948 955 1227 1030 παρόντων
1273 960 1381 1010 τῶν
1434 956 1649 1033 ἀγαθῶν
1683 953 1826 1010 οὕτω
1859 954 2092 1034 χαίρειν,

431 1046 527 1102 καὶ
560 1043 800 1115 δοξάζειν
852 1046 945 1100 τὸν
999 1042 1466 1122 ἐπαγγειλάμενον
1502 1045 1591 1100 καὶ
1635 1045 1928 1120 παρέξοντα
1957 1045 2094 1100 παν-

436 1156 566 1201 τως,
602 1134 806 1210 Κύριον
834 1136 996 1209 ἡμῶν
1054 1135 1144 1189 καὶ
1206 1134 1356 1190 Θεόν.
1413 1133 1489 1193 Οὐ
1523 1134 1627 1212 γὰρ
1665 1134 1827 1207 μόνον
1858 1133 1964 1188 ἀπὸ
1993 1140 2094 1203 τῆς

435 1225 608 1299 ὀργῆς
667 1224 832 1279 σώσει
890 1227 1060 1296 ἡμᾶς,
1120 1221 1267 1279 ἀλλὰ
1323 1223 1414 1280 καὶ
1471 1230 1571 1292 τῆς
1629 1223 1880 1298 οὐρανίου
1930 1221 2092 1294 δόξης

434 1315 675 1387 ἀξιώσει.
715 1336 736 1363 ι
769 1315 976 1367 Ὄντων
1027 1316 1188 1385 ἡμῶν
1249 1313 1501 1380 ἀσθενῶν,
1537 1338 1563 1365 ii
1618 1313 1708 1368 καὶ
1738 1315 1803 1368 τὰ
1835 1313 1978 1383 ἒξῆςζ
2011 1311 2093 1368 Τὰ

438 1405 716 1477 μέλλοντα
744 1405 1159 1478 πιστωσάμενος
1219 1403 1279 1459 ὲκ
1323 1411 1422 1472 τῆς
1481 1408 1579 1460 τοῦ
1628 1403 1789 1482 ἁγίου
1843 1403 2095 1474 Πνεύμα-

432 1515 528 1555 1o:
560 1491 786 1569 δωρεᾶς.
820 1497 909 1548 νῦν
940 1493 1031 1549 καὶ
1082 1493 1142 1548 ἐκ
1187 1497 1284 1549 τοῦ
1344 1492 1572 1548 θανάτου
1610 1498 1706 1548 τοῦ
1736 1497 1974 1568 Χριστοῦ
2004 1512 2097 1546 πι-

437 1588 680 1639 στοῦται.
737 1582 799 1639 Εἰ
854 1583 979 1657 γὰρ,
1013 1583 1194 1660 φησὶν,
1263 1583 1395 1657 ὑπὲρ
1453 1581 1648 1659 ἀνδρὸς
1708 1581 1954 1657 ἐναρέτου
1995 1579 2095 1636 οὐκ

435 1674 498 1727 ἂν
529 1694 613 1734 τις
644 1669 830 1728 ἕλοιτο
860 1671 1172 1743 ἀποθανεῖν,
1206 1673 1396 1728 σκόπει
1439 1693 1533 1746 μοι
1564 1677 1660 1728 τοῦ
1691 1676 1964 1728 Δεσπότου
1993 1672 2093 1740 τὴν

441 1761 776 1840 ἀγαθότητα,
808 1762 892 1816 ’ὁτι
923 1761 1016 1817 τὸν
1047 1761 1168 1816 Υἱὸν
1212 1762 1344 1836 ὑπὲρ
1375 1757 1586 1817 ἀσεϐῶν
1617 1759 1786 1816 ἔδωκε
1814 1764 1882 1834 τῇ
1916 1760 2096 1834 ἁμαρ-

431 1850 545 1921 τίΨ
582 1876 608 1901 ‹‹
643 1851 792 1906 Κατᾶ
823 1851 1011 1924 καιρόν
1057 1874 1086 1902 ››
1139 1883 1206 1892 —
1263 1852 1587 1924 [UIKOI‘BL]
1647 1850 1898 1907 Τουτὲστι
1958 1848 2095 1903 κατὰ

432 1940 624 2014 καιρὸν
659 1937 932 2006 εὔκαιρον,
965 1939 1056 1994 καὶ
1095 1941 1281 2015 ,προσή
1333 1960 1496 1995 κοντα
1543 1939 1634 1994 καὶ
1686 1937 2097 2015 προωρισμένον

441 2031 633 2106 καιρὸν
662 2029 754 2085 καὶ
789 2029 1009 2105 χρὸνον.

508 2301 810 2371 Συνίστησι
868 2296 925 2358 δὶ
979 2300 1079 2366 τήν
1139 2299 1334 2356 ἑαυτοῦ
1393 2298 1606 2373 ἀγάπην
1684 2296 1760 2358 εἰς
1842 2296 1991 2367 ἡμᾶς
2071 2297 2099 2352 ὁ

443 2393 599 2459 Θεὸς,
661 2391 744 2446 ὅτι
829 2387 909 2446 ἔτι
993 2385 1343 2464 ἁμαρτωλῶν
1399 2383 1564 2442 ὄντων
1632 2389 1813 2457 ἡμῶν,
1869 2386 2103 2461 Χριστὸς

447 2483 582 2555 ὑπὲρ
641 2484 803 2554 ἡμῶν
859 2479 1107 2536 ἀπέθανε.
1191 2475 1398 2550 ΙΙολλῶ
1452 2475 1542 2532 οὖν
1603 2474 1821 2552 μᾶλλον
1879 2474 2100 2531 δικαιω-

435 2573 620 2633 θὲντες
678 2568 769 2624 νῦν
830 2569 880 2624 ἐν
957 2574 1038 2641 τῷ
1112 2567 1324 2640 αἳματι.
1383 2568 1744 2640 σωθησόμεθα
1801 2565 1870 2621 δι’
1930 2567 2102 2623 αὐτοῦ

438 2661 545 2716 ἀπὸ
603 2666 703 2728 τῆς
763 2659 958 2736 ὀργῆς.
1016 2657 1082 2715 Εἰ
1137 2660 1244 2733 γὰρ
1300 2655 1492 2736 ἐχθροὶ
1550 2654 1701 2717 ὅντες
1732 2652 2101 2730 κατηλλάγη-

451 2770 547 2822 μεν
602 2749 682 2821 τῷ
737 2753 872 2818 Θεῷ,
925 2744 1015 2802 διὰ
1078 2750 1176 2801 τοῦ
1244 2747 1475 2809 θανάτου
1539 2749 1637 2800 τοῦ
1711 2746 1840 2800 Υἱοῦ
1913 2743 2100 2814 αὐτοῦ,

447 2835 652 2910 πολλῷ
756 2836 970 2912 μᾶλλον
1067 2830 1498 2909 καταλλαγέντες
1603 2834 1965 2908 σωθησόμεθα
2049 2831 2100 2887 ἐν

444 2931 514 3002 τῇ
579 2931 697 3000 ζωῇ
756 2927 946 2982 αὐτοῦ.
1007 2925 1084 2983 Οὐ
1149 2925 1311 2998 μόνον
1369 2922 1426 2979 δὶ
1478 2923 1626 2980 ἀλλὰ
1683 2925 1775 2979 καὶ
1806 2923 2104 2998 καυχώμεσ-

446 3039 528 3072 νοι
587 3015 639 3071 ἐν
695 3021 775 3089 τῷ
831 3020 968 3086 Θεῷ,
1028 3011 1118 3070 διὰ
1165 3019 1260 3069 τοῦ
1316 3015 1516 3089 Κυρίου
1573 3016 1731 3086 ἡμῶν
1766 3015 1942 3084 Ἰησοῦ
1973 3018 2106 3088 Χρισ-

449 3111 600 3168 010-3.
636 3103 704 3161 δι’
737 3103 800 3162 οὗ
831 3110 919 3160 νῦν
951 3106 1052 3175 τήν
1080 3101 1434 3178 καταλλαγήν
1488 3099 1778 3175 ἐλάϐομεν.

519 3194 810 3262 Συνίστησι
842 3192 920 3258 ὃὶ,
964 3195 1079 3250 ἀντὶ
1125 3198 1242 3262 τοῦ,
1277 3188 1512 3269 βεϐαιοῖ,
1545 3191 1800 3248 δείκνυσι.
1837 3216 1862 3244 ι(
1897 3188 2102 3262 Ηολλῷ

447 3283 544 3339 οὖν
593 3283 808 3359 μᾶλλον
861 3279 1252 3346 δικαιωθέντες.
1278 3266 1314 3334 ν»
1373 3282 1437 3339 Εἰ
1493 3282 1598 3357 γὰρ
1636 3281 1779 3349 τότε,
1811 3280 1997 3361 φησὶν,
2031 3279 2094 3335 οὐ

2209 3315 2236 3342 ‹‹
2269 3292 2448 3346 Multo
2483 3291 2667 3363 magis
2698 3305 2836 3356 ergo
2861 3287 3193 3361 justiﬁcati.
3234 3311 3252 3332 ι

444 3373 730 3446 περιεῖδεν,
788 3372 878 3428 ὅτε
929 3373 1022 3428 καὶ
1079 3369 1398 3447 ὁμαρτωλοὶ
1454 3371 1614 3442 ἦμεν,
1674 3371 1765 3424 καὶ
1819 3370 1984 3443 χρεία
2030 3369 2097 3438 ἦν

445 3463 582 3537 πρὸς
639 3463 701 3518 τὸ
761 3466 934 3517 σῶσαι
990 3461 1081 3516 καὶ
1131 3465 1228 3515 τοῦ
1281 3461 1509 3516 θανάτου
1563 3464 1663 3515 τοῦ
1718 3461 1851 3514 rio?)
1908 3455 2098 3526 αὐτοῦ,

444 3553 602 3625 πόσῳ
636 3549 854 3625 μᾶλλον
886 3555 974 3604 νῦν
1008 3551 1070 3606 οὗ
1103 3547 1361 3624 περιῖδοι,
1393 3547 1541 3605 ἀλλὰ
1590 3550 1772 3606 σώσει.
1804 3549 1894 3604 ὅτε
1924 3549 2103 3623 ἀμαρ-

441 3641 616 3697 τωλοί
673 3642 834 3714 ἐσμεν
900 3639 1279 3702 δικαιωθέντες
1331 3642 1411 3712 τῷ
1471 3637 1660 3709 α’ἔματι
1707 3641 1805 3693 τοῦ
1836 3641 2100 3712 Χριστοῦ,

445 3730 573 3788 οότε
600 3728 678 3787 ἔτι
711 3730 877 3806 χρεία
909 3732 1285 3797 θανατωθῆναι
1335 3729 1426 3783 τὸν
1487 3729 1607 3783 Υἱὸν
1664 3728 1872 3795 αὖτοῦ;
1906 3750 1934 3776 ιι
1968 3726 2101 3782 Ἀπὸ

447 3828 549 3886 τῆς
577 3820 765 3896 ὀργῆς.
805 3845 822 3868 ι
867 3822 978 3889 Τῆς
1016 3817 1332 3890 μελλούσης
1361 3815 1662 3878 κολάσεως.
1708 3840 1730 3869 ι
1763 3818 1852 3872 ’Ev
1885 3819 1951 3887 τῇ
1983 3817 2101 3887 ζωῇ

447 3911 640 3965 αὐτοῦ.
675 3931 700 3962 ι
734 3909 846 3963 Οὐκ
895 3904 972 3962 ἔτι
1023 3908 1144 3982 γὰρ.
1199 3905 1355 3984 φησῗ,
1405 3907 1586 3985 χρεία,
1620 3907 1694 3966 ὡς
1721 3906 1784 3961 τὸ
1816 3905 2100 3978 πρότερον,

449 3996 633 4054 δοῦναι
665 3998 759 4053 τὸν
816 3997 941 4052 Υἱὸν
998 3997 1074 4058 εἰς
1138 3997 1386 4058 θάνατον,
1445 3995 1593 4050 ἀΛΛὰ
1653 3999 1854 4065 ζῶντος
1885 3990 2031 4048 ἔσται
2064 3994 2099 4061 ἡ

449 4087 697 4161 σωτηρία
749 4083 921 4144 Οὐδὲν
964 4085 1075 4154 οὗν,
1126 4085 1280 4160 φησὶ,
1337 4082 1617 4159 δυσχερὲς.
1654 4109 1679 4136 ιι
1712 4084 1789 4141 Οὐ
1826 4083 1989 4153 μόνον
2023 4079 2102 4145 Si,

447 4175 597 4232 ἀλλᾶ
623 4176 715 4230 καὶ
743 4179 1098 4250 καυχώμενοι
1130 4174 1182 4228 ἐν
1218 4177 1299 4246 τῷ
1351 4178 1486 4245 Θεῷ.
1526 4197 1547 4224 ι
1582 4175 1696 4230 *Ινα
1731 4173 1806 4246 μὴ
1841 4171 2105 4247 ἐρυθριῶ-

458 4289 552 4340 μεν
605 4268 696 4321 καὶ
755 4265 1140 4338 ἀδημονῶμεν.
1201 4264 1283 4320 ὅτι
1338 4267 1599 4320 τοσοῦτον
1656 4262 1951 4338 γεγόναμεν
1991 4260 2103 4314 ἀπο

452 4352 566 4420 δεῖς
614 4357 689 4417 ὡς
748 4356 936 4431 χρείαν
996 4356 1238 4433 γενέσθαι
1294 4353 1383 4408 καὶ
1436 4358 1534 4407 τοῦ
1590 4351 1820 4406 θανάτου
1849 4353 1944 4403 τοῦ
1975 4349 2104 4404 Υὶοῦ

450 4450 587 4525 πρὸς
616 4449 680 4504 τὸ
708 4455 948 4516 σωθῆναι
1003 4449 1176 4519 ἡμᾶς,
1227 4446 1432 4519 ἰπάγεισ
1483 4443 1560 4501 Οὐ
1614 4443 1780 4514 μόνον
1813 4440 1870 4496 δὶ
1896 4440 2104 4510 ἐσώθη-

458 4560 574 4612 μεν,
608 4537 793 4612 φησὶν,
827 4536 973 4592 ἀλλὰ
1027 4537 1118 4591 καὶ
1176 4537 1480 4610 καυχᾶσθαι
1537 4532 1852 4611 ὀφείλομεν.
1895 4533 2104 4607 Τοιγαο

2198 604 2385 676 magis
2417 621 2550 658 cum
2582 621 2690 660 nos
2712 605 2822 660 sibi
2850 607 3141 673 asciverit,
3165 624 3232 662 ac
3253 607 3687 677 justiﬁcaverit,
3719 617 3846 666 tue-

2197 691 2372 754 bitur,
2411 692 2688 748 defendet
2707 711 2774 749 ac
2796 701 3094 765 proteget:
3119 713 3253 750 cum
3277 712 3472 766 neque
3494 697 3571 751 sit
3600 715 3845 754 necesse

2198 789 2263 836 ut
2294 783 2416 853 ipse
2445 784 2765 838 moriatur:
2818 802 3012 856 neque
3071 785 3216 840 adeo
3275 795 3341 840 ut
3389 788 3553 857 prius
3583 787 3645 841 in
3678 789 3850 842 inﬁr-

2198 875 2464 930 mitatem
2497 892 2564 930 ac
2616 875 3045 946 impudentiam
3105 875 3558 931 devenerimus:
3603 878 3706 933 sed
3738 895 3847 934 nec

2198 964 2369 1018 illum
2400 965 2807 1036 repulerimus,
2843 965 3187 1020 exhibentes
3236 965 3369 1020 aliis
3413 967 3843 1022 adorationem.

2199 1059 2402 1125 Itaque
2432 1070 2553 1108 non
2584 1059 2818 1125 oportet
2865 1054 2927 1108 in
2975 1055 3251 1126 ambiguo
3306 1071 3472 1125 spem
3516 1055 3733 1110 habere
3775 1056 3849 1110 de

2197 1144 2524 1216 promissis,
2561 1144 2665 1198 sed
2698 1144 2931 1199 firmam
2962 1161 3151 1215 spem,
3185 1150 3243 1198 et
3270 1144 3450 1198 veluti
3484 1144 3556 1199 de
3586 1162 3853 1215 prmsen-

2198 1233 2356 1289 tibus
2389 1233 2561 1288 bonis
2602 1233 2685 1288 ita
2728 1233 3007 1306 gaudere,
3059 1249 3127 1288 ac
3178 1233 3346 1288 illum
3382 1232 3712 1304 gloriﬁcare
3747 1235 3848 1305 qui

2198 1323 2718 1395 promisit,quique
2735 1323 2980 1377 omnino
3002 1322 3620 1394 prmstabit.Dominus
3638 1339 3854 1395 nempe

2199 1429 2266 1468 ac
2292 1413 2446 1466 Deus
2474 1417 2694 1467 noster.
2741 1412 2894 1467 262
2935 1414 3060 1466 Non
3111 1412 3302 1467 solum
3335 1412 3493 1466 enim
3526 1429 3635 1467 nos
3666 1411 3738 1466 ab
3769 1413 3857 1468 ira

2199 1501 2474 1564 servabit,
2534 1500 2637 1555 sed
2691 1505 2748 1554 et
2806 1499 3030 1555 caelesti
3094 1501 3283 1572 gloria
3339 1500 3550 1572 dignos
3592 1501 3854 1556 habebit.

2200 1617 2227 1643 ‹‹
2261 1593 2404 1648 Cum
2438 1592 2631 1647 adhuc
2659 1609 2925 1646 essemus
2953 1593 3197 1649 infirmi.
3227 1613 3253 1638 »
3281 1597 3392 1647 etc.
3426 1594 3747 1662 Postquam
3789 1593 3863 1648 ﬁ-

2201 1680 2334 1736 dem
2365 1680 2436 1733 de
2467 1679 2681 1734 futuris
2715 1695 2781 1733 ex
2814 1679 3066 1750 Spiritus
3094 1679 3282 1733 sancti
3318 1679 3474 1733 dono
3507 1679 3857 1734 corroborao

2201 1768 2467 1834 vit,nunc
2491 1767 2666 1821 etiam
2693 1767 2870 1821 etiam
2896 1784 2964 1821 ex
2985 1766 3196 1820 Christi
3219 1767 3495 1836 passione
3519 1766 3855 1824 confirmat.

2202 1857 2345 1912 Nam
2381 1857 2427 1911 si
2463 1873 2566 1926 pro
2600 1854 2774 1910 bono.
2802 1856 3018 1926 inquit,
3043 1857 3164 1910 viro
3190 1856 3391 1910 nullus
3414 1855 3564 1910 mori
3591 1856 3856 1928 eligeret,

2202 1945 2516 2004 considera
2541 1946 2685 2000 mihi
2713 1946 2942 2000 Domini
2967 1945 3291 2000 bonitatem
3318 1961 3330 1997 :
3359 1961 3465 2015 pro
3491 1945 3689 2015 impiis
3713 1945 3864 1998 enim

2204 2035 2417 2093 Filium
2439 2041 2679 2106 peccato
2706 2034 2885 2089 dedit.
2915 2057 2940 2082 ‹‹
2967 2033 3303 2088 Secundum
3330 2038 3620 2103 tempus.»
3648 2063 3711 2072 --
3737 2031 3857 2086 Hoc

2205 2130 2297 2181 est
2323 2133 2657 2197 opportuna
2686 2140 2754 2178 ac
2785 2123 3162 2178 convenienti
3211 2122 3496 2196 temporis
3546 2121 3859 2178 occasione

2205 2213 2574 2284 deﬁnitaque
2606 2219 2890 2284 tempore.

2277 2303 2344 2372 ν,
2375 2304 2526 2358 8-11.
2560 2326 2583 2352 α
2607 2302 2871 2358 Illustrat
2891 2307 3094 2357 autem
3117 2317 3284 2356 suam
3311 2316 3448 2372 erga
3470 2317 3582 2355 nos
3605 2299 3862 2357 charita—

2206 2417 2234 2444 «ι
2271 2398 2390 2449 tem
2418 2394 2592 2456 Deus,
2618 2391 2774 2462 quod
2803 2409 2939 2447 cum
2970 2392 3164 2447 adhuc
3195 2397 3536 2464 peccatores
3569 2407 3858 2459 essemus,

2211 2509 2231 2533 ι
2259 2485 2528 2540 Christus
2551 2501 2655 2556 pro
2675 2483 2847 2538 nobis
2872 2489 3140 2538 mortuus
3160 2489 3282 2538 est:
3303 2483 3490 2537 multo
3514 2483 3699 2555 magis
3723 2499 3858 2554 ergo

2208 2599 2235 2627 ‹ι
2261 2574 2575 2647 justillcati
2606 2590 2713 2640 per
2740 2574 2871 2643 ejus
2906 2573 3254 2644 sanguinem
3293 2572 3434 2628 salvi
3487 2573 3710 2626 erimus
3758 2588 3862 2643 per

2207 2687 2236 2714 α
2267 2681 2401 2720 eum
2434 2664 2506 2720 ab
2539 2665 2645 2718 ira.
2683 2663 2737 2718 Si
2771 2663 2930 2718 enim
2955 2679 3088 2717 cum
3113 2661 3338 2716 inimici
3363 2678 3628 2716 essemus
3654 2677 3860 2716 recon-

2213 2779 2233 2803 ι
2270 2755 2451 2809 ciliati
2482 2770 2687 2808 sumus
2721 2752 2838 2807 Deo
2861 2768 2967 2823 per
2989 2759 3237 2806 mortem
3267 2751 3396 2806 Filii
3430 2751 3640 2820 ipsius.
3671 2749 3858 2804 multo

2209 2867 2236 2894 «
2267 2844 2453 2917 magis
2483 2841 2854 2897 reconciliati
2888 2841 3030 2896 salvi
3063 2841 3286 2894 erimus
3313 2840 3372 2893 in
3403 2839 3519 2893 vita
3552 2839 3700 2908 ejus.
3735 2839 3862 2892 Non

2208 2959 2236 2985 ‹‹
2273 2935 2465 2989 solum
2497 2939 2693 2987 autem
2725 2931 2856 2996 hoc,
2909 2930 3012 2984 sed
3063 2936 3121 2985 et
3161 2929 3487 3001 gloriamur
3516 2927 3577 2981 in
3611 2928 3726 2982 Deo
3755 2942 3861 2998 per

2214 3044 2233 3068 ι
2267 3020 2581 3076 Dominum
2627 3025 2895 3074 nostrum
2944 3018 3141 3072 Jesum
3189 3017 3509 3081 Christum,
3542 3032 3649 3088 per
3679 3030 3856 3086 quem

2208 3135 2234 3160 α
2269 3127 2429 3166 nunc
2461 3109 3007 3165 reconciliationem
3040 3107 3397 3178 accepimus.
3435 3127 3462 3155 »

2277 3202 2530 3258 Illustrat
2587 3205 2806 3265 autem,
2858 3199 2968 3254 hoc
3019 3204 3124 3262 est,
3173 3196 3510 3258 confirmat,
3572 3193 3852 3251 ostendit.

3309 3288 3451 3342 Nam
3489 3285 3537 3339 si
3566 3290 3726 3348 tunc,
3760 3285 3857 3339 in-

2210 3381 2357 3453 quit,
2391 3397 2511 3434 non
2543 3379 2813 3450 despexit
2851 3394 2984 3433 cum
3031 3383 3084 3432 et
3134 3381 3476 3448 peccatores
3508 3391 3766 3437 eramus,
3802 3379 3860 3430 et

2211 3489 2357 3544 opus
2399 3475 2525 3525 erat
2553 3476 2620 3522 ut
2644 3467 2866 3540 proprii
2901 3467 3077 3521 etiam
3129 3472 3318 3520 morte
3369 3465 3497 3520 Filii
3529 3462 3721 3518 salvos
3750 3479 3861 3518 nos

2207 3561 2448 3618 faceret.
2485 3565 2706 3630 quanto
2738 3557 2925 3624 magis
2955 3572 3113 3610 nunc
3147 3569 3524 3625 nequaquam
3551 3552 3859 3624 despiciet,

2211 3650 2315 3706 sed
2349 3650 2540 3704 salvos
2560 3649 2754 3706 faciet.
2783 3647 3022 3720 quando
3046 3662 3239 3716 neque
3265 3652 3608 3716 peccatores
3632 3659 3859 3709 sumus,

2210 3739 2426 3795 Christi
2461 3736 3097 3811 sanguinejustiiicati.
3130 3751 3322 3805 neque
3343 3735 3469 3803 jam
3504 3748 3748 3786 necesse
3774 3736 3864 3785 est

2211 3829 2422 3884 Filium
2457 3843 2628 3882 suum
2668 3827 2841 3882 morti
2897 3825 3046 3881 tradi
3075 3825 3101 3877 ‘?
3149 3847 3175 3871 α
3209 3823 3292 3877 Ab
3341 3823 3430 3876 ira
3489 3843 3514 3866 »
3564 3823 3604 3874 A
3660 3820 3860 3874 futuro

2212 3918 2524 3990 supplicio.
2592 3936 2612 3963 α
2665 3917 2726 3970 In
2769 3916 2886 3970 vita
2933 3916 3082 3984 ejus.
3119 3935 3146 3960 ››
3181 3914 3376 3982 Neque
3410 3909 3568 3964 enim
3593 3909 3718 3980 jam
3753 3924 3864 3962 ne-

2213 4025 2376 4064 cesse
2408 4013 2517 4075 est,
2549 4007 2766 4077 inquit,
2816 4011 2881 4059 ut
2928 4003 3111 4074 prius,
3147 4002 3359 4056 Filium
3405 4017 3576 4054 suum
3610 4000 3668 4053 in
3705 4015 3860 4053 mor-

2211 4105 2330 4152 tem
2366 4095 2616 4157 tradere,
2653 4094 2755 4149 sed
2787 4111 2855 4148 eo
2908 4093 3134 4146 vivente
3184 4091 3345 4146 salus
3399 4089 3527 4145 erit.
3562 4089 3716 4144 Nihil
3750 4089 3864 4142 ita-

2213 4203 2328 4258 que
2355 4183 2744 4246 dit'ilcultatis,
2778 4181 2991 4252 inquit,
3023 4179 3202 4234 habet
3254 4195 3414 4232 nunc
3446 4183 3650 4231 nostra
3680 4176 3863 4230 salus.

2214 4300 2240 4323 ‹‹
2279 4277 2401 4330 Non
2425 4275 2614 4329 solum
2641 4278 2838 4328 autem
2862 4271 2994 4337 hoc,
3021 4269 3123 4324 sed
3150 4275 3207 4324 et
3231 4268 3556 4341 gloriamus
3579 4267 3638 4319 in
3663 4267 3799 4319 Deo.
3838 4288 3858 4314 ι

2214 4365 2294 4420 Ne
2324 4364 2540 4418 rubore
2571 4362 3004 4427 sufi‘uudamur,
3056 4373 3424 4428 mmroreque
3478 4355 3869 4411 conficiamur

2217 4455 2374 4528 quod
2396 4454 2542 4508 adeo
2567 4453 2731 4524 impii
2758 4452 3066 4515 fuerimus,
3085 4457 3152 4506 ut
3174 4466 3327 4522 opus
3351 4447 3528 4502 fuerit
3548 4445 3618 4500 ad
3644 4446 3868 4500 salvan-

2218 4545 2358 4600 dum
2374 4561 2482 4600 nos
2500 4544 2679 4600 etiam
2698 4547 2885 4597 morte
2899 4541 3029 4596 Filii
3046 4536 3510 4609 Dei,subjungit:
3535 4537 3659 4590 Non
3683 4534 3868 4589 solum

459 4633 584 4703 ροῦν
615 4627 705 4682 καὶ
735 4627 1096 4706 καυχώμεθα,
1129 4624 1211 4681 ὅτι
1244 4624 1392 4683 ὅλως
1429 4620 1660 4687 ἀπέθανε
1709 4621 1936 4696 Χριστὸς
1971 4620 2099 4694 ὑπὲρ

2215 4636 2431 4707 inquit,
2483 4634 2626 4691 salvi
2685 4633 2823 4689 facti
2878 4648 3104 4696 sumus,
3143 4630 3246 4684 sed
3305 4634 3361 4683 et
3412 4626 3652 4701 gloriari
3685 4624 3868 4679 debe-

456 4721 619 4790 ἡμῶν
650 4715 821 4774 ὅντων
851 4712 1085 4772 ἀσεϐῶν.
1120 4718 1298 4773 Τοῦτο)
1340 4715 1441 4790 γὰρ
1472 4716 1572 4784 τήν
1608 4714 1734 4789 ἄγαν
1766 4715 1863 4767 τοῦ
1897 4709 2105 4786 ΙΙατρὸς

453 4807 665 4882 ἀγάπην
700 4805 888 4875 δηλοῖ,
918 4805 1003 4860 ὅτι
1052 4805 1141 4860 καὶ
1187 4804 1320 4879 ὑπὶρ
1367 4798 1574 4859 ἀσεϐῶν
1607 4803 1700 4857 τὸν
1730 4801 1852 4856 Υἱὸν
1883 4796 2103 4855 δέδωκε.

457 4897 596 4958 Τοὺς
627 4893 685 4951 δὲ
713 4893 1112 4973 ἀγαπωμένους
1173 4894 1276 4949 ὑπὸ
1334 4896 1490 4960 Θεοῦ,
1550 4891 1649 4947 οὐκ
1678 4888 2106 4966 ἑγκαλῦπτεσθαι

456 4984 581 5042 οὐδὲ
635 4983 952 5058 ἀδημονεῖν.
1004 4983 1152 5040 ἀλλὰ
1204 4981 1536 5057 ἀγάλλεσθαι
1578 4982 1669 5037 καὶ
1717 4986 2022 5056 καυχᾶσθαι
2054 4977 2106 5034 ιν

456 5081 576 5146 Θεῷ
604 5077 898 5150 προσήκει.
957 5099 987 5126 ‹‹
1039 5075 1125 5130 Δι’
1171 5072 1238 5127 οὗ
1283 5076 1372 5127 νῦν
1398 5074 1497 5141 τὴν
1528 5068 1884 5146 καταλλαγὴν
1916 5063 2109 5123 ἔλαϐο-

457 5185 574 5238 μεν.
613 5187 641 5215 ι)
673 5165 784 5232 Την
815 5164 933 5218 οἷον
987 5162 1256 5218 οἱκείωσιν
1311 5161 1398 5216 καὶ
1458 5159 1520 5215 τὸ
1577 5155 1935 5234 διαλλαγῆναι
1967 5157 2104 5229 ἡμῖν

451 5255 812 5330 ὀργιζόμενον
839 5253 946 5328 πρὸ
977 5253 1172 5310 τούτου
1200 5253 1290 5307 τὸν
1326 5250 1480 5310 Θεόν.

2221 4743 2389 4782 mus:
2424 4726 2622 4797 itaque
2653 4725 2980 4799 gloriamur
3011 4721 3188 4776 etiam
3239 4719 3396 4792 quod
3428 4718 3674 4774 omnino
3705 4731 3866 4771 mor.

2219 4823 2355 4871 tuus
2385 4815 2564 4870 fuerit
2589 4815 2856 4869 Christus
2913 4829 3020 4884 pro
3073 4809 3248 4866 nobis
3306 4825 3441 4864 cum
3501 4807 3666 4878 impii
3709 4822 3870 4861 esse-

2219 4907 2523 4961 mus.Nam
2545 4904 2604 4959 id
2626 4905 2815 4959 Patris
2839 4919 2975 4975 erga
2991 4919 3099 4957 nos
3117 4917 3379 4957 amorem
3403 4905 3605 4970 aperte
3630 4896 3874 4952 manife-

2219 5001 2354 5056 stat,
2382 4993 2539 5066 quod
2558 4994 2733 5049 etiam
2758 5009 2864 5064 pro
2889 4991 3090 5063 impiis
3115 4991 3327 5046 Filium
3353 4987 3869 5043 tradiderit.Porro

2218 5103 2320 5141 eos
2334 5085 2483 5156 quia
2497 5085 2612 5138 Deo
2627 5087 2907 5137 amantur
2918 5097 3037 5136 non
3054 5077 3568 5149 convenitpudore
3582 5075 3866 5140 suﬂ'undi,

2216 5189 2410 5243 neque
2453 5187 2701 5228 mmrore
2733 5171 2910 5237 affici,
2946 5169 3089 5226 263
3123 5168 3225 5223 sed
3258 5172 3516 5222 exaltare
3558 5171 3617 5217 et
3649 5165 3707 5217 in
3750 5165 3867 5218 Deo

2215 5262 2472 5334 gloriari.
2501 5263 2663 5315 «Per
2683 5275 2856 5331 quem
2882 5258 3218 5329 accepimus
3241 5253 3812 5312 reconciliationem.
3836 5271 3861 5301 ι

2219 5353 2339 5408 Hoc
2366 5357 2455 5406 est
2481 5350 2970 5408 familiaritatem.
2993 5353 3050 5402 et
3072 5347 3227 5420 quod
3249 5347 3422 5402 nobis
3449 5342 3871 5399 reconciliatus

2218 5442 2297 5499 sit
2320 5442 2474 5497 Deus
2505 5440 2606 5512 qui
2638 5445 2778 5494 ante
2807 5438 2985 5512 hujus
3016 5443 3269 5494 mortem
3303 5435 3474 5491 nobis
3505 5434 3692 5488 iratus
3723 5435 3867 5486 erat.
