4222 6194
362 357 476 418 115

996 480 1226 538 CAPUT
1264 479 1381 536 VII.

366 598 639 666 Quomodo
670 610 766 650 nos
795 591 1176 666 introduxerit
1215 590 1288 644 ad
1329 589 1561 666 salutem
1584 587 2010 666 JesysCItristus

431 674 620 738 factus
650 668 805 720 homo
829 681 938 736 pro
979 664 1257 731 terrigena
1303 662 1476 716 Adam
1508 664 1607 730 qui
1634 661 1700 715 ab
1733 661 1894 714 initio
1925 675 2009 713 ce-

431 741 661 795 siderat.

429 850 499 914 V,
535 849 620 912 1'2,
656 847 740 900 l3.
778 865 806 894 «
839 846 1157 915 Pr0pterea
1185 841 1466 911 sicutper
1485 855 1674 894 unum
1705 836 2011 892 hominem

360 958 388 988 ‹‹
423 940 730 1009 peccatum
762 935 822 988 in
854 932 1144 988 mundum
1174 931 1458 993 introivit,
1485 946 1551 984 ac
1573 945 1679 1000 per
1701 932 2010 999 peccatum

361 1049 389 1077 α
427 1043 605 1089 mors,
633 1030 692 1078 et
713 1023 796 1079 sic
820 1023 880 1078 in
900 1037 1106 1077 omnes
1129 1021 1403 1076 homines
1436 1036 1595 1074 mors
1625 1016 2008 1090 pertransiit:

363 1139 392 1168 (ι
426 1117 489 1174 in
523 1131 637 1187 quo
662 1129 871 1170 omnes
893 1116 1304 1185 peccaverunt.
1332 1111 1475 1165 Nam
1497 1125 1684 1180 usque
1715 1106 1789 1162 ad
1820 1107 2011 1180 legem

374 1225 396 1255 ι
429 1211 739 1278 peccatum
769 1208 896 1258 erat
924 1202 986 1257 in
1020 1200 1263 1257 mundo.

440 1296 584 1351 Cum
616 1295 677 1348 in
707 1291 1112 1366 superioribus
1144 1288 1554 1360 multipliciter
1573 1285 1928 1360 probaverit,
1957 1291 2016 1342 et

365 1386 616 1458 Spiritus
648 1382 965 1454 pr-esenlia
1008 1387 1066 1435 et
1110 1379 1240 1436 Filii
1275 1383 1463 1433 morte
1495 1393 1603 1432 nos
1636 1392 1765 1432 esse
1785 1376 2013 1448 justifi-

368 1481 552 1538 catos,
587 1471 742 1526 idem
777 1471 952 1525 etiam
986 1484 1144 1523 nunc
1193 1484 1264 1522 ex
1311 1483 1378 1522 eo
1429 1466 1587 1538 quod
1621 1466 1834 1522 rationi
1868 1481 2012 1520 con-

366 1571 714 1620 sentaneum
746 1576 813 1614 ac
845 1574 1218 1629 consequens
1251 1564 1360 1624 est,
1390 1557 1721 1612 conﬁrmat.
1754 1557 1896 1611 Nam
1929 1571 2017 1610 ra-

365 1649 674 1716 tionabile,
699 1648 914 1720 inquit,
938 1653 1083 1715 erat,
1109 1664 1210 1702 eos
1233 1647 1333 1718 qui
1359 1663 1464 1718 per
1491 1662 1677 1700 unum
1709 1645 2015 1700 hominem

367 1745 710 1814 peccatores
741 1755 809 1794 ac
841 1737 1122 1792 mortales
1143 1735 1280 1792 facti
1313 1741 1498 1804 erant,
1530 1733 2016 1807 quandoquidem

1475 345 1899 410 (ECUMENII
1941 342 2248 408 TRICCE
2291 344 2664 408 EPISCOPI.

2037 478 2092 546 A

3647 342 3761 407 416

2764 478 3020 535 ΚΕΦΑΛ.
3054 478 3124 536 Z‘.

2120 585 2252 661 Περὶ
2313 585 2621 661 εἶίσαγωγῆς
2675 591 2772 644 τοῦ
2829 588 2977 661 πρὸς,
3014 585 3288 661 σωτηρίαν
3319 587 3519 661 ,ἡμῶν
3560 585 3768 661 ἀνθρώ-

2190 657 2300 713 ito?)
2333 657 2811 736 Ἰησορᾊριστοῦ,
2868 657 2986 715 ἀντὶ
3043 664 3141 715 τοῦ
3172 657 3456 721 ’πεσόντος
3502 657 3554 732 ἐξ
3585 657 3769 736 ἀρχῆς

2192 725 2454 807 γηγενοῦς
2481 725 2680 803 Ἀδάμ..
2799 725 2808 730 ⁷
3538 725 3553 732 ⁷
3623 725 3632 734 ’
3661 725 3698 738 ’ν

2192 841 2288 895 Διά
2344 845 2505 897 τοῦτο
2567 841 2747 915 ὥσπερ
2809 838 2880 896 δι’
2937 842 3055 903 ἑνὸς
3114 840 3403 915 ἀνθρώπου
3455 843 3490 910 ἡ
3535 840 3770 916 ἁμαρτία

2122 929 2198 991 εἷς
2255 930 2344 984 τὸν
2401 931 2606 1002 κόσμον
2665 929 2904 1000 εἰσῆλθε,
2961 930 3051 985 καὶ
3111 927 3200 984 διὰ
3251 935 3352 998 τῆς
3413 928 3679 1005 ἁμαρτίας
3741 931 3768 984 6

2121 1020 2369 1087 θάνατος,
2423 1020 2512 1074 καὶ
2562 1017 2738 1081 οὕτως
2814 1019 2889 1083 εἷς
2959 1020 3162 1082 πάντας
3218 1017 3536 1093 ἀνθρώπους
3592 1019 3619 1073 6
3675 1020 3770 1082 θά-

2119 1129 2279 1166 νατος
2338 1106 2580 1178 διῆλθεν·
2643 1107 2723 1187 ἐφ’
2776 1110 2822 1181 ᾦ
2875 1106 3068 1170 πάντες
3127 1107 3394 1182 ἥμαρτον.
3453 1109 3626 1183 Ἀχρι
3665 1108 3769 1184 γὰρ

2119 1198 2294 1270 νόμου
2324 1199 2564 1272 ἁμαρτία
2595 1198 2647 1253 ἐν
2680 1201 2896 1271 κόσμῳ.

2194 1292 2604 1354 Κατασκευσὶσας
2632 1289 2745 1345 ἄνω
2776 1288 3086 1365 πολλαχῶς
3115 1291 3176 1347 τὸ
3207 1287 3591 1353 δεδικαιῶσθαι
3622 1291 3770 1363 ἡμᾶς

2121 1385 2190 1454 τῇ
2237 1402 2295 1436 τε
2349 1381 2606 1454 μετουσίᾳ
2651 1387 2752 1436 τοὶ
2799 1381 3132 1453 Πνεῦματος,
3184 1380 3273 1437 καί
3325 1386 3404 1453 τῷ
3435 1381 3646 1452 θανάτῳ
3675 1384 3770 1435 τοῦ

2124 1471 2273 1538 Υὶοῦ,
2327 1474 2418 1524 νῦν
2478 1470 2568 1525 καὶ
2625 1469 2682 1525 ἐκ
2732 1469 2829 1526 τοῦ
2887 1469 3120 1546 εὐλόγου
3182 1470 3310 1526 αὐτὸ
3365 1471 3769 1539 κατασκευάζει.

2123 1562 2269 1628 "Oti,
2331 1560 2486 1636 φησὶ,
2544 1561 2634 1615 καὶ
2691 1558 2916 1634 εὔλογον
2972 1562 3063 1630 ἦν,
3107 1559 3234 1622 τοὺς
3268 1557 3457 1615 δι’ἓνα
3487 1558 3771 1634 ἄνθρωπον

2124 1647 2488 1724 ἁμαρτωλοὺς
2528 1647 2618 1704 καὶ
2669 1648 2895 1717 θνητοὺς
2945 1649 3293 1723 γινομένους,
3341 1647 3456 1704 ἐπεὶ
3487 1646 3772 1718 ἐζηλώσα-

2129 1760 2222 1813 μεν
2256 1738 2420 1794 αὐτοῦ
2450 1739 2549 1807 τὴν
2577 1741 2882 1814 παρακοήν,
2917 1737 3006 1794 διὰ
3061 1739 3153 1796 τὸν
3206 1737 3296 1795 ἕνα
3344 1739 3648 1813 ἄνθρωπον,
3680 1738 3771 1793 τὸν

366 1831 528 1887 illius
561 1827 821 1884 aemulati
853 1827 1158 1882 fueramus
1179 1824 1670 1892 inobedientiam,
1693 1839 1801 1894 per
1829 1838 2016 1878 unum

2135 1828 2329 1905 Κύριον
2362 1825 2603 1900 δηλαδὴ,
2664 1831 2898 1898 σωθῆναι
2959 1825 3335 1890 δικαιωθέντας
3383 1829 3471 1883 καὶ
3504 1829 3776 1882 ἀπαθανα-

365 1920 692 1986 hominem,
727 1917 1044 1974 Dominum
1075 1915 1370 1982 videlicet,
1405 1914 1596 1970 salvos
1626 1913 1774 1978 ﬁeri,
1802 1912 2018 1985 justiﬁ-

365 2017 527 2068 catos
559 2025 626 2064 ac
676 2007 1046 2062 immortales
1102 2006 1362 2061 effectos.
1399 2034 1464 2044 -—
1497 2005 1776 2069 Omnino,
1807 2003 2026 2074 inquit,

373 2115 408 2156 τι
438 2100 554 2155 Deo
589 2096 968 2162 salvabimur,
996 2093 1314 2150 dummodo
1347 2093 1554 2149 saltem
1591 2093 1702 2166 ipsi
1735 2093 2023 2147 velimus:

377 2191 546 2260 cujus
569 2188 744 2260 paulo
769 2193 943 2242 antea
967 2186 1116 2240 datae
1141 2191 1280 2239 sunt
1301 2183 1602 2240 evidentes
1626 2183 2022 2254 probationes.

376 2279 487 2335 Sed
546 2284 604 2332 et
661 2283 994 2349 propterea,
1055 2275 1268 2345 inquit,
1329 2275 1730 2332 salvabimur:
1787 2279 2030 2344 prOpter

373 2367 562 2442 quid?
591 2368 739 2433 Quia
770 2368 880 2422 hoc
909 2372 969 2421 et
997 2365 1278 2437 possibile
1307 2371 1416 2432 est,
1441 2370 1499 2418 et
1528 2363 1740 2418 rationi
1773 2378 2028 2418 consen-

373 2465 613 2515 taneum
649 2463 740 2512 est
764 2472 832 2512 ac
857 2470 1252 2526 consequens.
1288 2453 1400 2508 Sed
1451 2453 1607 2508 unde
1652 2454 1778 2507 haec
1829 2451 2022 2506 mani-

376 2548 530 2604 festa
582 2546 774 2602 flent?
829 2549 876 2602 Α
935 2545 1253 2610 contrario,
1305 2543 1518 2616 inquit.
1579 2541 1882 2614 Siquidem
1925 2557 2030 2612 per

381 2654 568 2694 unum
601 2636 904 2694 hominem
929 2640 1310 2706 etpeccatum
1335 2634 1396 2688 in
1422 2633 1706 2687 mundum
1743 2631 2024 2697 introivit,

383 2736 442 2786 et
468 2746 627 2784 mors
652 2729 821 2800 ipsa:
859 2728 905 2782 si
937 2743 1074 2800 ergo
1105 2727 1328 2782 atrocia
1357 2725 1483 2780 haec
1512 2724 1666 2779 facta
1701 2729 1860 2789 sunt,
1891 2739 2030 2795 pos-

383 2819 552 2875 sibile
584 2819 763 2874 etiam
797 2823 885 2873 est
922 2833 990 2872 ac
1037 2831 1432 2886 consequens,
1464 2820 1533 2870 ut
1560 2831 1666 2886 per
1696 2829 1879 2868 unum
1914 2813 2027 2867 ho-

381 2909 603 2966 minem
627 2908 943 2964 Dominum
966 2912 1234 2962 nostrum
1251 2904 1764 2961 Jesumeristum
1785 2907 2032 2975 pereant

377 3000 557 3056 etiam
589 3015 719 3070 quae
750 2997 1088 3053 introducta
1117 3001 1287 3053 erant
1317 3012 1473 3052 saava
1502 2995 1678 3051 mala.
1713 3011 1783 3050 ac
1814 2993 2030 3048 dentur

379 3089 552 3146 nobis
583 3089 850 3144 meliora.
903 3087 1219 3160 Apostolus
1276 3091 1474 3141 autem
1532 3084 1812 3156 operibus
1845 3083 2030 3138 Adam

377 3179 696 3252 propositis
727 3179 970 3249 reliquit
999 3194 1068 3233 ea
1095 3194 1226 3248 quas
1257 3175 1398 3231 fecit
1427 3175 1713 3242 Christus,
1737 3172 1932 3228 dando
1965 3172 2024 3227 id

379 3287 448 3326 ex
474 3271 770 3326 contrario
820 3267 1312 3340 intelligendum:
1357 3265 1535 3322 simul
1579 3272 1638 3319 et
1666 3266 1777 3319 ista
1807 3263 2022 3336 praedi-

377 3359 767 3424 cendo,etilla
782 3357 1030 3428 intelligi
1046 3356 1141 3411 hic
1153 3372 1282 3411 esse
1299 3355 1605 3426 possibilia
1617 3353 2031 3424 relinquendo:

383 3449 538 3504 264
573 3447 790 3502 Idcirco
823 3443 1243 3518 prmordinavit
1287 3444 1479 3499 solum
1522 3443 1867 3516 parabulam
1899 3459 2031 3514 quas

379 3538 753 3594 intellectum
788 3535 958 3590 illum
982 3534 1369 3606 pertraheret.
1395 3533 1650 3589 Omnino
1674 3531 1915 3587 enimid
1940 3548 2030 3586 re-

380 3626 584 3700 quirit,
618 3631 684 3680 ut
712 3625 983 3680 dicatur:
1016 3622 1526 3690 Quemadmodum
1551 3623 1681 3685 hoc,
1707 3623 1788 3676 ita
1820 3626 1877 3676 et
1897 3637 2032 3676 con-

384 3732 662 3787 sequens,
698 3713 756 3770 id
790 3719 898 3778 est,
933 3713 1016 3768 sic
1048 3718 1106 3767 et
1145 3711 1292 3766 illud
1323 3729 1335 3766 :
1387 3711 1491 3766 sed
1539 3710 1716 3764 veluti
1751 3709 2030 3776 diximus,

384 3823 453 3862 eo
482 3804 640 3876 quod
667 3803 1054 3875 consequitur
1075 3817 1180 3873 per
1202 3799 1544 3872 parabolam
1567 3805 1825 3863 ostenso,
1851 3799 2033 3853 mani-

383 3895 530 3950 teste
563 3893 711 3949 illud
743 3909 862 3948 non
894 3891 1110 3964 posuit,
1137 3891 1241 3945 sed
1272 3907 1378 3946 nos
1408 3890 1568 3962 ipsos
1597 3889 1671 3944 ad
1703 3887 2034 3961 intelligen-

387 3984 524 4038 dum
559 3981 792 4036 direxit.
821 4001 850 4029 ‹‹
874 3982 938 4034 In
967 3995 1082 4049 quo
1105 3995 1312 4034 omnes
1335 3985 1745 4051 peccaverunt.
1771 3999 1798 4028 η
1821 3979 1885 4032 In
1915 3993 2032 4049 quo

386 4069 594 4136 Adam,
626 4067 717 4122 vel
775 4085 880 4139 per
932 4084 1110 4139 quem
1171 4067 1400 4124 Adam:
1451 4074 1574 4135 aut,
1624 4067 1765 4140 quia
1793 4072 2035 4139 propter

385 4160 584 4231 ipsum
610 4157 788 4212 etiam
821 4163 879 4213 et
907 4157 1029 4213 alii.
1063 4188 1132 4200 --
1160 4181 1187 4206 «ι
1226 4163 1289 4212 ln
1321 4175 1456 4229 quo.
1494 4181 1521 4207 »
1550 4160 1616 4214 In
1655 4157 1805 4229 ipso,
1839 4155 2035 4227 inquit

385 4247 573 4304 Adam
606 4247 783 4302 simul
814 4247 1122 4312 morimur,
1149 4247 1288 4318 quia
1309 4247 1369 4302 in
1400 4247 1528 4319 ipso
1561 4246 1739 4302 simul
1770 4244 2034 4318 peccavi-

385 4353 538 4394 mus.
574 4339 642 4392 Et
669 4336 908 4407 quidem
942 4336 1041 4392 ille
1089 4337 1380 4409 originem
1433 4336 1632 4392 dedit:
1693 4352 1803 4390 nos
1834 4340 2034 4391 autem

387 4433 623 4498 sumpta
654 4426 792 4482 inde
821 4427 1132 4483 occasione
1163 4427 1386 4482 malum
1433 4444 1550 4482 non
1596 4425 2033 4497 prohibuimus,

389 4519 492 4576 sed
523 4519 718 4591 potius
751 4519 1048 4590 cooperati
1081 4534 1308 4586 sumus,
1343 4523 1525 4590 utque
1559 4517 1634 4573 ad
1673 4518 1867 4588 majus
1897 4531 2034 4588 pro-

387 4609 626 4665 cederet
656 4608 1086 4680 apparavimus.
1119 4639 1186 4649 -—
1217 4610 1297 4665 Ne
1347 4609 1480 4681 quis
1524 4608 1685 4663 enim
1725 4605 2032 4678 injustitiae
2066 4602 2113 4666 D
2144 4605 2352 4680 ἐπάγειο

389 4700 573 4754 Deum
604 4705 862 4766 accuset,
887 4701 1066 4771 quod,
1091 4715 1225 4754 cum
1250 4697 1435 4754 Adam
1459 4697 1800 4769 deliquerit,
1827 4710 2036 4751 omnes

391 4791 737 4856 moriamur,
793 4790 1134 4863 subjuugit:
1177 4813 1204 4841 «
1242 4791 1308 4845 In
1358 4807 1474 4862 quo
1506 4805 1715 4845 omnes
1759 4803 2033 4859 peccave-

389 4882 562 4942 runt;
588 4899 615 4926 ι)
634 4894 700 4932 ac
724 4878 771 4932 si
799 4877 1041 4947 diceret,
1067 4879 1195 4951 Ipse
1223 4879 1464 4940 quidem
1491 4878 1851 4951 principium
1875 4875 2038 4932 dedit

389 4971 446 5022 et
473 4982 733 5034 causam,
769 4969 926 5038 quod
965 4986 1172 5024 omnes
1222 4969 1295 5024 ad
1348 4969 1534 5042 ipsius
1582 4965 2037 5022 similitudinem

388 5057 850 5130 peccaverimus.
883 5079 912 5108 «
945 5059 1090 5114 Nam
1145 5075 1336 5130 usque
1396 5058 1470 5115 ad
1508 5059 1698 5131 legem
1729 5061 2038 5130 peccatum

389 5153 518 5204 erat
548 5147 608 5203 in
639 5147 884 5204 mundo.
906 5165 930 5198 ιι
965 5147 1286 5205 Ostendere
1317 5149 1440 5205 vult
1469 5147 1627 5220 quod
1657 5163 1777 5203 non
1809 5152 2038 5204 tantum

388 5244 633 5312 propter
662 5242 967 5310 peccatum
994 5244 1263 5295 nostrum
1295 5239 1602 5306 morimur,
1629 5243 1916 5311 quantum
1935 5252 2042 5310 per

389 5328 600 5390 Adam,
633 5327 733 5400 qui
767 5344 835 5383 ex
865 5328 1271 5384 inobedientia
1318 5329 1494 5385 morti
1539 5329 1736 5385 locum
1769 5327 1952 5394 dedit,
1985 5330 2044 5382 et

393 5416 477 5473 ait
501 5433 515 5473 :
548 5419 686 5472 Erat
716 5416 956 5490 quidem
978 5423 1038 5474 et
1061 5424 1208 5483 ante
1228 5419 1419 5493 legem
1450 5420 1510 5476 in
1533 5417 1876 5475 hominibus
1894 5433 2042 5489 pec-

395 5512 594 5562 catum
620 5524 631 5563 :
662 5523 864 5564 verum
892 5525 1013 5565 non
1044 5509 1450 5582 imputabatur
1471 5510 1556 5565 eis
1579 5526 1713 5565 cum
1736 5526 1855 5564 non
1889 5512 2046 5563 esset

393 5596 488 5655 lex
523 5614 652 5671 qum
701 5605 1012 5672 peccatum
1065 5598 1377 5672 prohibet:
1436 5615 1559 5655 non
1617 5599 1906 5672 imputata
1938 5615 2042 5656 au-

393 5692 514 5744 tem
545 5693 786 5760 peccato
820 5688 1230 5746 moriebantur
1253 5687 1547 5746 homines.
1577 5688 1727 5755 Quid
1758 5687 1940 5760 ergo?
1967 5705 2044 5745 an

2126 1918 2420 1981 τισθέντας.
2455 1951 2524 1961 —-
2575 1922 2783 1994 [ΦΩΤ.]
2846 1919 3242 1991 Σωθησόμεθα,
3304 1919 3489 1997 φησῗν,
3548 1919 3651 1974 ὑπὸ
3678 1921 3774 1972 τοῦ

2128 2014 2261 2066 Θεοῦ
2313 2029 2552 2077 παντως,
2609 2009 2696 2064 ἐάν
2754 2029 2854 2084 περ
2909 2007 3063 2064 αὐτοὶ
3143 2009 3300 2082 μόνον
3361 2009 3627 2082 θέλωμεν’
3687 2007 3778 2063 καὶ

2131 2097 2370 2173 εἶ’ρηνται
2407 2099 2500 2170 μὶν
2535 2104 2714 2172 μικρῷ
2744 2099 2972 2172 πρόσθεν
3027 2100 3083 2153 αἱ
3135 2095 3452 2168 ἂποδείξεις.
3483 2097 3660 2153 Ἀλλὰ
3689 2096 3778 2152 καὶ

2133 2186 2221 2243 διὰ
2249 2193 2432 2250 τοῦτο,
2495 2189 2649 2264 φησὶ,
2709 2187 3090 2260 σωθησόμεθα.
3150 2189 3245 2243 Διὰ
3299 2194 3493 2255 ποῖον;
3526 2189 3650 2244 "Ott
3689 2187 3780 2242 καὶ

2135 2276 2351 2334 δυνατὸν
2407 2283 2567 2333 τοῦτο
2625 2281 2717 2332 καὶ
2777 2278 3002 2350 saxo-{0v
3061 2279 3151 2332 καὶ
3220 2277 3539 2333 ἀκόλουθον.
3612 2277 3780 2340 Πόθεν

2131 2373 2300 2424 ταῦτα
2358 2365 2569 2437 δῆλον,
2626 2366 2684 2423 ἐκ
2739 2373 2836 2422 τοῦ
2897 2367 3162 2434 ἐναντίου,
3219 2368 3370 2444 φησί.
3435 2368 3668 2442 Καῖγᾶρ
3712 2364 3781 2421 δι’

2136 2459 2253 2519 ἑνὸς
2285 2459 2574 2533 ἀνθρώπου
2630 2458 2719 2514 καὶ
2781 2459 2814 2526 ἠ
2875 2457 3111 2531 ἁμαρτία
3160 2456 3410 2525 ἐσῆλθεν
3445 2457 3520 2519 είς
3548 2458 3640 2512 τὸν
3669 2456 3772 2511 κό-

2135 2569 2296 2620 σμον,
2327 2548 2416 2603 καὶ
2449 2547 2607 2608 αὐτὸς
2638 2549 2666 2601 ὁ
2697 2546 2921 2608 θάνατος
3003 2546 3060 2601 Ei
3113 2545 3203 2601 οὖν
3247 2545 3317 2601 δι’
3349 2546 3461 2606 ἑνὸς
3496 2547 3787 2618 ἀνθρώπου

2132 2641 2298 2692 ταῦτα
2328 2635 2542 2712 γέγονεν
2576 2639 2711 2707 ἡμῖν
2769 2637 2834 2691 τα
2885 2636 3124 2710 χαλεπὰ,
3159 2633 3383 2691 δυνατὸν
3425 2635 3512 2692 καὶ
3549 2636 3784 2690 ἀκολου-

2136 2728 2227 2783 θον
2257 2724 2327 2782 δι’
2360 2727 2472 2789 ἑνὸς
2505 2726 2791 2800 ἀνθρώπου
2850 2729 2945 2782 τοῦ
3004 2727 3206 2803 Κυρίου
3239 2729 3398 2799 ἡμῶν
3434 2730 3616 2796 Ἰησοῦ
3649 2728 3781 2799 Χριο

2135 2815 2286 2885 στοῦ,
2344 2815 2432 2871 κπιῖ
2489 2815 2554 2872 τὰ
2637 2817 3069 2891 παρεισαχθὲντα
3135 2817 3482 2892 ἀναιρεθῆναι
3541 2815 3780 2892 χαλεπὰ,

2134 2906 2224 2962 καὶ
2279 2908 2346 2963 τὰ
2401 2906 2608 2980 ἀμείνω
2665 2905 2978 2982 δωρηθῆναι
3037 2909 3193 2979 ἡμῖν.
3251 2907 3427 2968 Αὐτὸς
3475 2903 3533 2962 δὲ
3575 2906 3640 2962 τὰ
3685 2911 3781 2962 τοῦ

2135 2994 2318 3070 Ἀδὰμ
2361 2996 2640 3071 παραθεὶς,
2695 2995 2983 3052 κατέλιπεν
3032 2999 3165 3072 ἅπερ
3215 2991 3434 3070 ἔπραξεν
3467 2998 3495 3053 6
3527 2997 3781 3072 Χριστὸς,

2137 3084 2320 3149 διδοὺς
2352 3091 2512 3142 τοῦτο
2545 3085 2605 3141 ἐκ
2631 3091 2728 3142 τοῦ
2784 3085 3025 3142 ἐναντίου
3083 3085 3299 3157 ἐννοεῖν,
3329 3086 3418 3142 καὶ
3449 3081 3564 3160 ἅμα
3594 3107 3779 3162 προει-

2139 3179 2323 3255 ρηκὼς
2372 3177 2527 3242 αὐτὰ,
2584 3177 2674 3232 καὶ
2734 3175 2958 3232 δυνατὸν
3014 3180 3284 3240 κάνταῦθα
3340 3177 3518 3234 ἐκεῖνα
3559 3198 3783 3234 συνεπι-

2135 3275 2297 3326 νοεῖν·
2331 3265 2416 3324 διὸ
2449 3268 2610 3342 μόνον
2643 3267 2743 3336 τήν
2775 3262 3097 3341 παραϐολὴν
3155 3269 3422 3342 προτάξας
3454 3268 3526 3330 ὡς
3558 3266 3784 3346 ἐφελκυ-

2134 3359 2319 3414 στικὸν
2376 3356 2582 3414 ἐκείνου
2637 3361 2734 3412 τοῦ
2772 3359 3072 3431 νοήματος.
3131 3358 3378 3414 Ἀπαιτεῖ
3430 3357 3534 3432 γὰρ
3574 3357 3786 3420 πάντως

2135 3447 2196 3505 τὸ
2230 3447 2421 3515 εἰπεῖν,
2456 3453 2661 3522 Ὥσπερ
2689 3444 2834 3514 τόδε,
2867 3445 2957 3502 καὶ
3002 3448 3064 3502 τὸ
3113 3445 3433 3516 ἀκόλουθον,
3467 3448 3604 3510 οἷον,
3639 3447 3784 3504 οὕτω

2134 3537 2225 3592 καὶ
2260 3535 2404 3592 τόδε.
2455 3535 2611 3592 Ἀλλ’
2669 3537 2744 3598 ὡς
2801 3531 3007 3614 ἔφημεν
3070 3534 3160 3592 διὰ
3211 3543 3313 3606 τῆς
3371 3531 3697 3608 παραϐολῆς
3723 3537 3785 3592 τὸ

2135 3624 2438 3681 ἀκόλουθον
2495 3622 2885 3697 ἐνδειξάμενος,
2946 3625 3128 3703 ῥητῶς
3193 3625 3255 3682 οὗ
3310 3625 3599 3701 παρέθετο,
3659 3626 3783 3684 ἀλλ’

2137 3713 2333 3774 αὐτοὺς
2391 3715 2538 3784 ἡμᾶς
2615 3721 2946 3770 ουνεπινοεῖν
3027 3712 3423 3788 προετρέψατο.
3485 3739 3514 3767 ι(
3569 3721 3683 3792 Ἐφ’
3737 3713 3783 3788 ᾧ

2135 3804 2327 3865 πάντες
2381 3803 2652 3875 ἥμαρτον.
2716 3827 2744 3854 ››
2803 3805 2920 3883 Ἐφ’
2975 3803 3021 3876 ᾧ
3081 3803 3279 3876 Ἀδὰμ,
3311 3805 3345 3875 ἢ
3380 3803 3450 3860 δι’
3493 3805 3550 3860 ὃν
3581 3803 3780 3877 Ἀδάμο

2134 3892 2169 3961 ἢ
2201 3891 2284 3946 ὃτι
2317 3890 2398 3947 ἐπ’
2441 3891 2588 3964 αὖτῷ
2636 3891 2727 3947 καὶ
2775 3894 2828 3949 oi
2876 3891 3061 3950 ἄλλοι.
3099 3926 3164 3939 —-
3196 3896 3401 3969 [ΦΩΤ.]
3439 3919 3466 3946 ‹‹
3504 3894 3618 3971 Ἐφ’
3751 3914 3775 3945 ο

2136 3981 2256 4035 Ἐπὶ
2325 3979 2526 4054 τούτῳ,
2616 3981 2770 4059 φησὶ,
2862 3984 3372 4057 συναποθνήσκομεν
3436 3987 3515 4054 τῷ
3578 3980 3781 4057 ³Δδὰμ,

2138 4069 2218 4151 ἐφ’
2247 4068 2293 4144 ᾧ
2323 4069 2413 4126 καὶ
2444 4071 2920 4146 συναμαρτάνομεν
3000 4071 3099 4129 Καὶ
3143 4074 3242 4142 τήν
3298 4073 3394 4146 μὶν
3433 4072 3610 4148 am,»
3644 4071 3785 4126 ἐκεί-

2136 4181 2227 4220 νος
2259 4161 2545 4236 παρέσχεν,
2579 4162 2743 4236 ἡμεῖς
2805 4159 2850 4216 δ’
2907 4159 3107 4226 ἐκεῖθεν
3162 4164 3258 4234 τήν
3294 4163 3551 4239 ἀφορμήν
3581 4157 3786 4218 λαϐόν-

2134 4270 2244 4316 τες,
2303 4249 2405 4305 οὐκ
2453 4248 2802 4324 ἐκωλύσαμεν
2852 4251 2916 4307 τὸ
2971 4251 3158 4321 κακὸν,
3207 4249 3355 4308 ἀλλὰ
3403 4252 3492 4307 καὶ
3525 4254 3790 4328 συνεργή-

2137 4359 2324 4414 σαμεν,
2381 4339 2472 4393 καὶ
2528 4338 2617 4394 ἐπὶ
2677 4340 2810 4415 μέγα
2867 4347 3124 4421 χωρῆσαι
3178 4339 3670 4417 παρεσκευάσαμεν,
3720 4374 3787 4384 ~—

2138 4431 2470 4505 [OIKOI'DL]
2525 4432 2643 4485 Ἵνα
2697 4431 2802 4506 γὰρ
2861 4431 2938 4506 μὴ
2999 4453 3084 4494 τις
3142 4429 3351 4488 ἀδικίαν
3403 4430 3672 4507 ἐγκαλέσῃ
3705 4436 3787 4503 τῷ

2139 4521 2279 4590 Θεῷ,
2305 4516 2388 4574 ὅτι
2417 4522 2515 4574 τοῦ
2547 4517 2729 4592 Ἀδὰμ
2775 4519 3120 4589 πταίσαντος,
3154 4524 3315 4596 ἡμεῖς
3347 4521 3786 4593 ἀποθνήσκομεν,

2435 4607 2614 4686 «Ἐφ’
2667 4607 2864 4670 πάντες
2951 4609 3221 4686 ἥμαρτον·
3258 4633 3287 4662 ››
3371 4610 3500 4666 ὡσεὶ
3581 4605 3787 4683 ἔλεγεν·

2143 4696 2320 4760 Αὐτὸς
2383 4696 2475 4769 μὶν
2520 4699 2622 4767 τήν
2679 4698 2859 4773 ἀρχὴν
2914 4699 3155 4775 παρέσχε
3204 4699 3295 4755 καὶ
3339 4701 3440 4768 τήν
3472 4699 3672 4762 αἰτίαν,
3705 4698 3789 4755 ὅτι

2143 4781 2338 4843 πάντες
2368 4782 2688 4858 ἡμάρτομεν
2717 4784 2853 4840 κατὰ
2891 4786 2990 4856 τήν
3046 4785 3308 4858 ὁμοίωσιν
3338 4783 3527 4844 αὐτοῦ.
3561 4809 3589 4836 ‹‹
3621 4785 3789 4861 Ἄχρι

2142 4875 2244 4950 γὰρ
2275 4874 2450 4948 νόμου
2481 4876 2720 4950 ἁμαρτία
2765 4879 2830 4948 ἦν
2883 4877 2934 4932 ἐν
2985 4881 3198 4951 κόσμῳ.
3234 4901 3261 4930 υ
3311 4876 3468 4934 Θὲλει
3508 4875 3676 4948 δεῖξαι
3707 4876 3793 4933 ὅτι

2147 4964 2208 5020 οὐ
2240 4969 2496 5021 τοσοῦτον
2539 4963 2628 5021 διὰ
2658 4966 2754 5030 τὰς
2802 4968 3070 5042 ἁμαρτίας
3129 4969 3287 5040 ἡμῶν
3350 4967 3793 5040 ἀποθνήσκομεν,

2147 5054 2271 5111 ὅσον
2301 5050 2391 5111 διὰ
2419 5055 2510 5110 τὸν
2542 5052 2736 5129 Ἀδὰμ,
2797 5057 2985 5132 χώραν
3041 5054 3317 5114 δεδωκότα
3358 5057 3438 5129 τῷ
3484 5057 3697 5128 θανάτῳ
3737 5056 3798 5112 ἆκ

2145 5149 2246 5212 τῆς
2277 5146 2580 5218 παρακοῆς,
2639 5145 2728 5198 καὶ
2787 5163 2970 5222 φησιν·
3031 5149 3129 5201 Ἦν
3193 5146 3286 5220 μὶν
3342 5151 3461 5210 τοῖς
3493 5145 3796 5220 ἀνθρώποις

2147 5231 2238 5288 καὶ
2268 5233 2373 5308 πρὸ
2429 5236 2525 5287 τοῦ
2582 5232 2756 5307 νόμου
2811 5236 2845 5304 ἡ
2903 5235 3164 5310 ἁμαρτία,
3203 5234 3352 5305 πλὴν
3384 5233 3485 5290 οὐκ
3513 5233 3796 5312 ἐλογίζετο

2150 5321 2336 5384 αὖτοῖς
2368 5319 2458 5377 διὰ
2487 5323 2549 5378 τὸ
2585 5323 2660 5396 μή
2694 5324 2833 5379 εἶναι
2881 5323 3052 5397 νόμον
3112 5327 3202 5379 τὸν
3263 5323 3669 5401 ἀπαγορεύοντα
3696 5329 3795 5393 τήν

2149 5412 2446 5488 ἁμαρτίαν·
2503 5414 2579 5486 μή
2637 5411 3004 5491 λογιζομένης
3061 5413 3152 5469 οὗν
3193 5421 3294 5485 τῆς
3345 5414 3636 5490 ἁμαρτίας,
3693 5415 3795 5468 ἄπ-

2151 5501 2408 5571 έθνησκον
2439 5501 2491 5556 οἳ
2521 5500 2815 5575 ἅνθρωποι.
2849 5503 2916 5560 Τί
2949 5499 3016 5572 δὴ
3047 5521 3218 5574 ποτε;
3249 5508 3386 5579 Ἄρα
3416 5504 3481 5559 οὗ
3512 5498 3792 5578 πρόδηλον

2153 5591 2237 5647 δτι
2286 5586 2376 5645 διὰ
2430 5592 2530 5662 τήν
2582 5595 2680 5646 τοῦ
2734 5589 2917 5667 ’Δδὰμ
2972 5592 3548 5670 κατάκρισινς-Καὶ
3577 5587 3788 5652 ἄλλως.

2153 5680 2364 5756 [ΦΩἹᾚ
2398 5678 2596 5737 Εἰπὼν.
2631 5705 2660 5732 ‹‹
2694 5679 2810 5758 Ἐφ’
2861 5680 2907 5755 ᾧ
2963 5682 3159 5748 πάντες
3205 5683 3470 5760 ἥμαρτον,
3502 5703 3532 5735 ω
3585 5675 3678 5735 ἵνα
3710 5679 3788 5754 μή
