4222 6194
452 343 575 404 417

1563 344 1974 409 COMMENT.
2020 347 2100 408 IN
2145 347 2394 410 EPIS'l‘.
2443 352 2548 411 AD
2592 348 2782 414 ROM.

3748 366 3868 426 418

442 494 527 537 τις
558 471 712 548 εἴπῃ.
747 472 851 529 Καὶ
883 477 1001 536 πῶς
1039 474 1106 541 ἦν
1142 474 1403 551 ἁμαρτεῖν
1433 476 1604 549 νόμου
1641 476 1717 550 μὴ
1750 471 1906 538 ὄντος
1936 494 1950 546 ;
1982 476 2101 534 A6-

2220 494 2337 533 non
2369 478 2768 536 manifestum
2789 486 2878 537 est
2907 484 3064 554 quod
3094 485 3155 542 id
3182 486 3286 543 ﬂat
3305 494 3548 559 propter
3567 492 3708 549 Adaa
3730 512 3870 550 con-

440 563 538 626 τὸς
569 563 677 639 γάρ
708 564 770 618 σὺ
802 563 1056 639 ἀνωτέρω
1106 561 1262 644 ἔφης,
1293 567 1414 622 ’Ότι
1476 563 1538 620 οῦ
1595 565 1696 621 οὐκ
1749 564 1862 622 ἔστι
1901 565 2098 640 νόμος,

441 651 575 707 οὐδὲ
641 648 965 728 παράϐασις.
1025 649 1390 729 Παραϐἀσεως
1444 652 1502 710 δὲ
1562 657 1639 727 μή
1701 655 1868 726 οὸσης
1903 698 1917 725 ,
1977 652 2103 709 οὐδὶ

446 743 691 816 ἁμαρτία
748 739 1027 814 δηλονότι.
1085 750 1209 807 Πῶς
1270 745 1363 799 οῦν
1427 742 1648 815 διῆλθεν
1701 746 1729 800 6
1771 745 1997 807 θάνατος
2028 742 2105 806 εἷς

445 831 683 898 πάντας,
722 830 805 909 ἐφ’
835 831 881 904 ᾧ
912 833 1103 896 πάντες
1159 836 1409 909 ἥμαρτον
1446 852 1460 904 ;
1521 835 1640 891 Ἵνα
1695 833 1788 889 οῦν
1849 834 1924 907 μή
1958 836 1994 907 ᾗ
2022 853 2106 894 τις

461 919 639 998 λέγων
676 924 861 991 τοῦτο,
893 917 1189 998 προλαϐὼν
1222 920 1340 978 λόει
1378 924 1479 993 τὴν
1514 921 1765 999 ἀπορίαν,
1796 923 1885 977 καὶ
1916 921 2107 1001 φησὶν,

454 1010 540 1065 ὅτι
578 1010 646 1079 ἧν
678 1008 770 1064 καὶ
798 1010 905 1085 πρὸ
934 1015 1032 1066 τοῦ
1088 1011 1285 1085 νόμου.
1351 1011 1678 1088 Ἐπράττετο
1739 1011 1865 1088 γάρ,
1921 1011 2009 1065 καὶ
2042 1010 2106 1065 τὸ

451 1100 828 1173 πραττόμενον
866 1141 881 1165 ,
949 1098 1048 1155 οὐκ
1102 1093 1216 1155 ἔστι
1278 1102 1353 1175 μὴ
1412 1100 1655 1176 γενέσθαι
1692 1146 1705 1159 .
1762 1106 1861 1157 Ἦν
1921 1100 2012 1154 οὖν
2069 1102 2105 1168 ἡ

454 1187 717 1264 ἁμαρτία,
751 1187 878 1244 ἀλλ’
908 1188 1018 1268 οὐχ
1075 1189 1247 1252 οὕτως
1303 1196 1465 1246 πᾶσιν
1526 1188 1827 1266 ἐλογίζετο,
1860 1185 1976 1244 οὐδ’
2030 1187 2106 1250 είς

454 1280 587 1334 ὅσον
619 1284 796 1354 χωρεῖ
848 1279 1122 1354 τιμωρίας
1176 1285 1284 1336 τῶν
1357 1281 1816 1357 ἁμαρτανομένων
1883 1276 2104 1335 ἕκαστον

453 1367 799 1445 ἐγνωρίζετο.
856 1372 962 1424 Τοῦ
1017 1366 1073 1425 δε
1139 1371 1315 1442 νόμου
1370 1371 1626 1442 τάξαντος
1682 1370 1770 1425 καὶ
1830 1369 2106 1444 ὁρίσαντος

446 1459 545 1520 τάς
572 1458 872 1533 τιμωρίας,
902 1458 992 1514 καὶ
1043 1457 1132 1514 διά
1186 1467 1287 1531 τῆς
1334 1458 1697 1532 ποινηλασίας
1750 1455 2108 1533 ἐκδηλότερον

451 1546 614 1611 αὐτὰς
642 1551 1110 1620 καταστήσαντος,
1167 1549 1260 1605 καὶ
1317 1549 1385 1604 τά
1445 1549 1641 1625 μεγέθη
1697 1553 1808 1604 τῶν
1864 1549 2108 1622 ἁμαρτη-

456 1637 643 1710 μάτων
702 1637 1127 1717 ὲμιρανίσαντος,
1189 1638 1404 1715 μᾶλλον
1467 1638 1556 1695 καὶ
1626 1644 1789 1694 πᾶσιν
1857 1636 2107 1713 ἐγένοντο

447 1728 753 1804 γνώριμοι,
783 1728 875 1784 καὶ
910 1733 1116 1802 συνετῷ
1143 1730 1235 1784 καὶ
1266 1729 1529 1803 ἀσυνέτῳ,
1562 1728 1652 1785 καὶ
1679 1727 1784 1802 νέῳ
1832 1727 1920 1783 καὶ
1976 1747 2108 1802 πρε-

453 1811 655 1893 σϐότῃ,
685 1838 777 1873 και
806 1839 1023 1894 γυναικι
1051 1818 1141 1874 καὶ
1172 1815 1349 1895 ἀνδρί.

2214 567 2884 627 demnationem?1tem
2912 580 2964 627 et
3012 576 3126 630 alio
3180 579 3358 632 modo.
3421 582 3564 635 Cum
3623 582 3869 639 dixisset

2217 657 2329 710 «In
2360 674 2477 728 quo
2510 674 2717 715 omnes
2745 669 3153 732 peccaverunt,
3185 686 3208 715 ι
3243 683 3317 722 ne
3350 667 3482 738 quis
3510 668 3734 725 diceret
3762 688 3775 726 :
3800 674 3870 726 Et

2218 763 2334 816 quo
2356 746 2530 802 modo
2545 748 2829 819 possibile
2855 759 3236 823 eratpeccare
3254 773 3387 811 cum
3414 774 3533 812 non
3561 765 3720 815 esset
3741 760 3873 817 lex?

2218 836 2361 890 Nam
2385 841 2447 891 tu
2473 836 2684 908 ipsein
2713 840 3121 911 superioribus
3173 844 3413 900 dixisti:
3448 847 3552 903 Ubi
3608 866 3731 905 non
3783 859 3873 908 est

2217 922 2335 991 lex,
2368 924 2450 979 ibi
2481 942 2592 982 nec
2623 931 3002 1001 trangressio.
3036 932 3202 998 Quod
3225 934 3273 989 si
3301 952 3422 990 non
3454 942 3870 1012 transgressio,

2216 1012 2463 1084 planum
2496 1021 2587 1071 est
2614 1018 2771 1088 quod
2794 1034 2904 1074 nec
2936 1028 3244 1091 peccatum
3270 1024 3397 1079 erit.
3433 1026 3736 1091 Quomodo
3768 1048 3868 1085 er-

2216 1119 2288 1173 go
2320 1119 2480 1159 mors
2510 1104 2573 1160 in
2605 1122 2815 1162 omnes
2846 1111 3212 1180 pertransiit,
3245 1109 3325 1189 ἐφ⁸
3355 1112 3425 1183 ᾧ,
3480 1115 3615 1186 (hoc
3663 1124 3772 1176 est.
3804 1119 3867 1175 in

2218 1210 2285 1249 eo
2318 1197 2476 1266 quod
2506 1198 2599 1254 vel
2631 1200 2789 1271 quia)
2838 1219 3047 1258 omnes
3098 1208 3545 1276 peccaverunt?
3601 1212 3681 1266 Ne
3734 1212 3867 1283 quis

2217 1301 2355 1357 ergo
2386 1286 2496 1342 hoc
2528 1288 2704 1354 dicat,
2738 1292 3110 1361 praeveniens
3161 1296 3336 1350 solvit
3396 1297 3867 1371 ambiguitatem,

2217 1378 2276 1427 et
2296 1374 2379 1428 ait
2404 1375 2560 1445 qund
2592 1378 2766 1432 etiam
2801 1386 2939 1435 ante
2970 1381 3161 1455 legem
3197 1391 3324 1439 erat
3352 1395 3659 1457 peccatum
3695 1406 3706 1444 :
3734 1406 3871 1445 nam

2218 1463 2693 1533 perpetrabatur.
2756 1469 2914 1538 quod
2988 1477 3187 1527 autem
3246 1476 3701 1546 perpetrabatur
3752 1495 3875 1534 non

2215 1556 2411 1622 potest
2460 1569 2581 1609 non
2612 1555 2816 1624 fuisse,
2850 1559 2988 1614 Erat
3016 1577 3172 1633 ergo
3221 1569 3553 1634 peccatum,
3616 1566 3720 1623 sed
3752 1584 3873 1622 non

2218 1657 2341 1696 non
2385 1641 2530 1698 adeo
2563 1646 2839 1703 omnibus
2888 1648 3312 1721 imputabatur.
3371 1655 3580 1711 Nullus
3628 1663 3872 1715 noverat

2218 1735 2507 1801 quantum
2530 1734 2805 1806 supplicii
2856 1736 2983 1793 luat
3031 1740 3283 1812 quisque
3331 1750 3625 1815 peccator.
3685 1748 3867 1803 Porro

2137 1802 2185 1867 Β
2216 1817 2344 1885 lege
2368 1802 2703 1890 ordinante,
2729 1802 3067 1898 poenasque
3086 1802 3435 1900 definiente,
3485 1849 3552 1888 ac
3609 1850 3716 1906 per
3744 1852 3871 1908 pce-

452 1926 669 1967 narum
700 1910 1098 1983 frequentiem
1129 1910 1264 1966 illas
1294 1910 1675 1967 manifestius
1705 1908 2128 1974 constituente,
2158 1912 2217 1963 et
2246 1909 2686 1982 magnitudines
2742 1921 3120 1985 peccatorum
3178 1919 3538 1991 declarante,
3592 1923 3869 1980 omnibus

451 2001 640 2071 magis
668 2007 813 2057 nota
840 2001 1080 2066 ﬁebant,
1111 2007 1230 2057 tam
1262 2001 1540 2073 prudenti
1569 2018 1746 2073 quam
1778 1996 2141 2072 imprudenti
2163 1997 2368 2069 juveni
2401 2016 2469 2055 ac
2500 2001 2649 2070 seni,
2682 2003 2919 2061 mulieri
2948 2022 3015 2061 ac
3045 2006 3189 2065 viro.

526 2088 624 2145 Διά
652 2092 814 2144 τοῦτο
846 2087 937 2145 οῦν
965 2089 1073 2165 πρὸ
1101 2093 1199 2144 τοῦ
1218 2091 1389 2161 νόμου
1422 2089 1529 2166 οὐχ
1559 2088 1767 2164 ὁμοίως
1818 2087 2105 2165 ἐλογίζετο

456 2181 489 2248 ἡ
522 2177 778 2254 ἁμαρτία,
821 2179 906 2234 ’ότι
963 2199 1022 2233 τε
1088 2177 1199 2253 οὐχ
1256 2177 1457 2255 ὥριστο
1496 2180 1531 2249 ἡ
1571 2178 1832 2254 τιμωρία,
1890 2178 1980 2233 καὶ
2023 2177 2109 2233 ὅτι

454 2263 588 2322 οὐδὲ
616 2267 679 2322 τὸ
714 2266 942 2343 μέγεθος
973 2267 1153 2323 αὐτῶν
1194 2262 1439 2342 ἀκριϐῶς
1506 2266 1846 2343 ἐγινώσκετο,
1901 2267 1988 2322 καὶ
2023 2266 2107 2322 ὅτι

461 2351 590 2410 οὐδὲ
619 2355 756 2411 κατὰ
784 2351 958 2410 πόδας
990 2353 1285 2426 ἠκολούθει
1325 2360 1445 2418 τοῖς
1492 2354 1924 2429 πλημμελοῦσιν
1956 2358 1990 2425 ἡ
2023 2377 2105 2411 τιν

458 2443 658 2520 μωρία.
721 2444 869 2500 Ἐπεὶ
928 2444 1015 2499 ὅτι
1070 2445 1136 2514 ἦν
1197 2446 1233 2515 ἡ
1293 2444 1551 2519 ἁμαρτία,
1598 2446 1686 2500 καὶ
1748 2443 1855 2513 ὅτι,
1913 2444 1959 2499 εἰ
2014 2464 2107 2499 και

461 2533 595 2606 μετά
626 2531 845 2607 πολλῇς
874 2533 1084 2612 ἀνοχῆς
1121 2533 1212 2589 καὶ
1254 2533 1658 2611 μακροθυμίας,
1700 2533 1851 2607 ὅμως
1909 2533 2101 2607 ἐπιμε·

455 2622 658 2678 νόντων
693 2622 867 2677 αὖτῶν
898 2623 988 2677 καὶ
1019 2622 1254 2686 ἀνιάτως
1284 2622 1550 2700 ἐχόντων,
1583 2625 1637 2678 αἱ
1666 2627 1775 2679 τῶν
1811 2620 1974 2678 δικῶν
2028 2623 2105 2686 εἲς

456 2710 675 2787 πράξεις
707 2709 970 2788 ἐγίνοντο,
1014 2716 1278 2788 μαρτυρεῖ
1337 2716 1521 2790 σαφῶς
1577 2710 1646 2768 τά
1692 2732 1751 2768 τι
1780 2709 2103 2785 Σοδομιτῶν

458 2804 629 2870 πάθη,
676 2800 765 2855 καὶ
827 2820 889 2877 γε
942 2799 1139 2856 τούτου
1191 2802 1254 2856 τὸ
1314 2801 1496 2856 κοινὸν
1553 2800 1811 2876 ναυάγιον
1866 2801 1894 2856 ὁ
1950 2820 2109 2855 κατα-

459 2888 727 2963 κλυσμὸς,
783 2890 874 2945 καὶ
924 2892 1132 2946 τοιαῦθ’
1176 2887 1351 2966 ἕτερα.
1384 2894 1484 2946 Ἦν
1543 2891 1633 2946 οῦν
1666 2894 1701 2962 ἡ
1734 2892 1974 2965 ἁμαρτία
2000 2890 2108 2967 πρὸ

459 2982 555 3034 τοῦ
582 2980 778 3053 νόμου,
809 2979 899 3035 καὶ
932 2978 1233 3055 ἐλογίζετο,
1292 2980 1419 3036 ἀλλ’
1479 2979 1589 3056 οὐχ
1638 2979 1811 3043 οὕτως
1843 2980 1918 3041 ὡς
1975 2978 2109 3052 μετά

456 3067 550 3123 τὸν
582 3068 774 3140 νόμον.
802 3070 965 3124 ’Ὠστε
1004 3067 1172 3142 ἄμφω
1201 3067 1386 3132 καλῶς
1444 3065 1608 3144 ἔχειν,
1644 3068 1733 3124 καὶ
1780 3069 1843 3124 τὸ
1874 3066 2103 3137 Διῆλθεν

459 3165 537 3218 εἰς
566 3155 768 3219 πάντας
809 3158 1130 3230 ἀνθρώπους
1163 3159 1191 3214 ὁ
1225 3159 1469 3221 θάνατος,
1503 3157 1583 3236 ἐφ’
1632 3156 1677 3231 ᾧ
1710 3157 1902 3220 πάντες
1931 3155 2109 3231 ἥμαρ-

456 3267 574 3311 τον,
603 3246 693 3301 καὶ
728 3247 811 3315 τὸ,
845 3246 922 3305 Οῦ
953 3249 1061 3325 γάρ
1092 3251 1192 3303 οὐκ
1222 3246 1332 3303 ἔστι
1372 3250 1567 3320 νύμος,
1600 3244 1726 3302 οὐδὲ
1779 3240 2104 3320 παράϐασις.

2290 2089 2440 2147 265
2472 2092 2793 2164 Propterea
2845 2111 2982 2165 ergo
3036 2104 3172 2153 ante
3225 2098 3416 2171 legem
3476 2116 3599 2156 non
3659 2100 3866 2157 eodem

2219 2179 2395 2234 modo
2428 2180 2829 2253 imputabatur
2858 2194 3184 2258 peccatum.
3220 2205 3287 2244 eo
3321 2190 3477 2261 quod
3534 2208 3655 2246 non
3710 2197 3869 2247 esset

2219 2266 2466 2325 definita
2487 2288 2680 2341 poena,
2708 2279 2764 2328 et
2794 2274 2955 2345 quod
2987 2277 3331 2349 magnitudo
3363 2296 3571 2336 eorum
3595 2297 3714 2336 non
3738 2297 3869 2336 exa-

2220 2362 2311 2413 cte
2342 2368 2818 2432 cognosceretur,
2852 2370 2910 2420 et
2941 2366 3041 2435 qui
3074 2374 3391 2437 peccantes
3422 2386 3544 2424 non
3575 2369 3867 2442 sequeba-

2218 2453 2313 2503 tur
2342 2465 2372 2504 e
2408 2451 2646 2523 vestigio
2681 2469 2868 2523 poena.
2909 2456 3120 2511 Verum
3153 2457 3312 2530 quod
3338 2463 3495 2515 esset
3525 2468 3867 2531 peccatum,

2217 2544 2276 2593 et
2304 2538 2483 2609 quod,
2520 2539 2657 2597 licet
2687 2558 2819 2598 cum
2843 2559 3053 2617 magna
3076 2547 3391 2604 tolerantia
3420 2554 3478 2604 et
3511 2548 3864 2621 longanimi-

2218 2632 2357 2691 tate.
2391 2628 2439 2684 si
2471 2636 2672 2687 tamen
2705 2632 3028 2689 manebant
3056 2635 3117 2690 in
3150 2636 3406 2708 peccatis
3437 2644 3727 2709 erantque
3769 2638 3866 2693 in-

2218 2718 2532 2784 curabiles,
2564 2737 2753 2792 poenas
2801 2722 3023 2779 fuerint
3054 2731 3269 2781 secuta:
3316 2742 3525 2797 pravas
3566 2728 3865 2790 actiones,

2216 2813 2419 2878 aperte
2450 2812 2701 2864 testatur
2728 2810 3037 2868 calamitas
3080 2812 3518 2869 Sodomitarum
3540 2812 3605 2880 ‘7,
3639 2818 3697 2869 et
3726 2818 3869 2868 ante

2216 2894 2370 2950 hanc
2404 2897 2735 2954 universale
2757 2899 3132 2973 naufragium
3166 2902 3283 2957 sive
3306 2902 3595 2957 diluvium
3623 2900 3687 2965 ‘3,
3729 2900 3869 2957 alia-

2219 3001 2332 3055 que
2360 2984 2722 3056 hujusmodi.
2751 2989 2889 3043 Erat
2917 2988 3117 3059 itaque
3158 2997 3468 3061 peccatum
3500 2995 3639 3046 ante
3668 2989 3861 3061 legem

2217 3076 2276 3125 et
2305 3071 2728 3143 imputabatur,
2755 3074 2856 3129 sed
2889 3092 3010 3130 non
3031 3077 3114 3131 ita
3135 3083 3197 3131 ut
3225 3081 3359 3149 post
3389 3077 3599 3150 legem.
3634 3078 3865 3134 Utrum-

2219 3176 2331 3231 que
2363 3177 2499 3233 ergo
2531 3161 2682 3217 bene
2715 3180 2775 3219 se
2808 3163 3006 3229 habet,
3066 3182 3133 3221 ac
3189 3183 3392 3221 verum
3422 3173 3550 3222 est:
3610 3173 3670 3221 et
3698 3165 3857 3238 quod

2216 3251 2563 3320 pertransiit
2592 3252 2652 3306 in
2685 3268 2895 3310 omnes
2926 3253 3200 3310 homines
3230 3271 3412 3320 mors,
3445 3253 3525 3332 ἔφ’
3546 3253 3593 3326 ᾧ
3625 3256 3757 3321 (hoc
3780 3261 3875 3310 est

459 3335 826 3410 Λέλυταιγάρ
879 3336 942 3392 τὸ
996 3333 1189 3393 δοκοῦν
1247 3335 1610 3407 ἀντιπίπτειν,
1644 3332 1732 3391 διὰ
1783 3340 1884 3391 τοῦ
1940 3333 2108 3390 εἰπεῖν

2220 3339 2281 3393 in
2313 3354 2380 3393 eo
2415 3339 2572 3411 quod
2605 3341 2694 3396 vel
2727 3342 2888 3413 quia)
2921 3360 3130 3399 omnes
3170 3348 3587 3416 peccaverunt,
3619 3350 3677 3399 et
3707 3343 3868 3415 quod

459 3427 551 3481 τὸν
582 3422 860 3482 θεσπέσιον
923 3430 1162 3497 Παῦλον,
1200 3451 1221 3478 ι
1258 3432 1431 3505 ’Ἄχρι
1483 3426 1586 3501 γάρ
1641 3424 1813 3495 νόμου
1870 3423 2109 3501 ἁμαρτία

458 3516 528 3586 ἦν
551 3514 604 3570 ἐν
631 3515 848 3589 κόσμῳ,
880 3542 902 3571 ι
952 3516 1043 3571 καὶ
1087 3516 1231 3589 ἑξῆς.
1264 3516 1420 3574 Εἶτα·
1461 3541 1490 3569 «
1521 3513 1681 3572 Ἀλλ’
1711 3509 2053 3570 ἐϐασίλευσεν
2082 3513 2110 3569 6

463 3608 713 3673 θάνατος,
751 3633 772 3658 ι
807 3606 1082 3662 τουτέστιν
1135 3606 1210 3670 εἷς
1270 3604 1497 3680 ἔννομον
1555 3605 1795 3680 ἐξουσίαν
1847 3602 2108 3681 ἐλογίσθη

465 3696 631 3754 αὐτοῦ
660 3701 695 3768 ἡ
733 3699 1001 3774 τυραννὶς,
1022 3697 1103 3771 τῷ
1140 3719 1198 3755 τε
1226 3698 1415 3774 χρόνῳ
1454 3697 1847 3770 σεμνυνομένη,
1878 3696 1967 3753 καὶ
1994 3701 2111 3759 τοῖς

468 3791 629 3861 ἡμῶν
660 3789 1017 3862 ἁμαρτήμασι
1047 3786 1443 3862 κρατυνομένη,
1470 3812 1497 3839 ι(
1531 3787 1637 3842 ἀπὸ
1671 3783 1867 3860 Ἀδάμ,
1897 3811 1924 3838 »
1956 3785 2112 3864 φησὶ,

466 3883 566 3936 τοῦ
596 3880 731 3935 κατὰ
759 3872 1064 3952 παράϐασιν
1097 3876 1327 3947 ἐντολῆς
1383 3875 1887 3950 νενομοθετημένης
1935 3877 2111 3952 ἁμαρ-

466 3973 770 4041 τήσαντος,
831 3967 970 4027 ’Δπὸ
1030 3963 1206 4040 Ἀδάμ
1268 3967 1360 4022 οὗν
1411 3966 1440 4021 6
1497 3966 1722 4028 θάνατος
1778 3960 2112 4037 ἐϐασίλευσε,

467 4058 734 4129 τουτέστι,
773 4058 891 4114 κατ’
948 4054 1189 4130 ἐξουσίαν
1256 4053 1475 4124 πολλὴν
1538 4053 1820 4131 ἐκράτησε,
1877 4055 1969 4110 καὶ
2026 4053 2116 4110 ἰπὶ

468 4148 598 4212 τοὺς
632 4150 709 4222 μὴ
744 4147 830 4203 ἐπὶ
857 4152 937 4220 τῷ
994 4147 1311 4220 ὁμοιώματι
1369 4148 1466 4200 τοῦ
1524 4141 1705 4218 ’Δδὰμ
1770 4146 2113 4219 ἁμαρτήσανο

464 4260 583 4301 τας.
609 4239 787 4315 Μέχρι
805 4236 952 4300 τίνος
979 4257 993 4307 ;
1019 4260 1046 4288 ‹‹
1070 4237 1255 4311 Μέχρι
1280 4239 1377 4291 τοῦ
1402 4233 1662 4298 Μωσέως.
1685 4259 1710 4285 ι»
1740 4235 1807 4291 Οἱ
1830 4235 1934 4311 γάρ
1965 4254 2117 4306 μετα-

469 4328 527 4398 ξὺ
557 4324 735 4400 Ἀδάμ
771 4325 860 4381 καὶ
919 4326 1186 4394 Μωσέως,
1232 4322 1477 4397 ἥμαρτον
1514 4322 1633 4395 μὲν,
1667 4320 1794 4377 ἀλλ’
1854 4320 1983 4395 οὐχῖ
2028 4320 2116 4377 ἐπὶ

467 4421 548 4489 τῷ
580 4416 895 4490 ὁμοιώματι
964 4421 1065 4484 τῆς
1120 4417 1218 4468 τοῦ
1269 4409 1450 4485 Ἀδὰμ
1504 4407 1971 4486 παραϐάσεως.⁶0
2023 4410 2119 4483 μὲν

471 4508 577 4583 γὰρ
638 4506 950 4582 ὡρισμένην
1032 4503 1123 4559 καὶ
1189 4505 1649 4575 νομοθετηθεῖσαν
1699 4498 1927 4568 ἐντολὴν
1983 4497 2117 4557 Θεοῦ

471 4590 684 4668 παρέϐη
713 4593 803 4649 καὶ
833 4595 1096 4669 ἥμαρτεν.
1131 4591 1192 4646 Οἱ
1240 4589 1297 4646 δὲ
1326 4590 1654 4663 ἡμάρτανον,
1686 4589 1779 4644 τὸν
1831 4584 2120 4643 αὐτοδίδα-

2222 3428 2323 3483 ubi
2356 3446 2475 3485 non
2507 3437 2595 3486 est
2625 3431 2740 3501 lex,
2773 3434 2853 3488 ibi
2884 3450 2995 3490 nec
3038 3434 3430 3507 transgressio
3457 3452 3470 3489 :
3507 3441 3567 3490 et
3613 3435 3875 3489 solutum

2225 3524 2316 3573 est
2341 3519 2498 3591 quod
2529 3521 2827 3578 adversari
2854 3522 3186 3586 videbatur,
3219 3541 3326 3596 per
3356 3523 3516 3596 quod
3543 3523 3760 3581 dixerit
3795 3524 3880 3579 di-

2222 3608 2397 3665 vinus
2431 3611 2665 3667 Paulus.
2691 3634 2719 3662 ‹‹
2745 3613 2889 3669 Nam
2907 3629 3096 3685 usque
3117 3613 3188 3670 ad
3214 3613 3404 3686 legem
3427 3620 3736 3686 peccatum
3756 3619 3884 3669 erat

2225 3697 2288 3751 in
2319 3699 2563 3769 mundo,
2600 3723 2628 3749 »ι
2659 3708 2770 3757 etc.
2804 3704 3099 3758 Praeterea
3123 3720 3135 3758 :
3159 3726 3185 3752 ι(
3210 3702 3324 3758 Sed
3348 3703 3611 3775 regnavit
3640 3720 3824 3770 mors,
3849 3725 3878 3751 ››

2225 3786 2337 3843 hoc
2369 3795 2477 3857 est,
2513 3790 2574 3844 in
2605 3808 2837 3863 mquam
2863 3792 3168 3861 etjustam
3203 3797 3557 3860 potestatem
3593 3792 3885 3861 imputata

2227 3884 2316 3932 est
2346 3878 2473 3949 ejus
2506 3880 2793 3950 tyrannis,
2836 3886 2894 3935 et
2924 3880 3312 3935 diuturnitate
3342 3878 3602 3952 glorians
3636 3886 3694 3933 et
3739 3896 3883 3933 nos-

2226 3967 2332 4022 tris
2353 3969 2611 4039 peccatis
2633 3968 2814 4024 robur
2834 3970 3195 4041 concipiens,
3217 3990 3245 4018 ‹‹
3268 3968 3354 4023 Ab
3379 3968 3589 4035 Adam,
3618 3991 3644 4017 »
3662 3967 3880 4040 inquit,

2228 4056 2328 4128 qui
2361 4063 2704 4128 peccaverat
2736 4058 3205 4131 transgressione
3233 4058 3513 4144 praecepti
3546 4075 3651 4130 per
3684 4057 3874 4131 legem

2228 4145 2339 4200 sibi
2357 4145 2641 4217 impositi.
2667 4146 2947 4202 AbAdam
2962 4147 3139 4220 igitur
3150 4163 3311 4203 mors
3330 4148 3613 4221 regnavit,
3635 4147 3868 4210 hocest,

2226 4235 2417 4290 multa
2436 4242 2726 4307 potestate
2745 4235 3142 4308 principatum
3162 4237 3356 4292 tenuit
3375 4237 3556 4292 etiam
3573 4253 3752 4308 super
3769 4251 3875 4290 eos

2228 4324 2328 4393 qui
2351 4340 2470 4379 non
2487 4324 2561 4379 ad
2583 4324 3041 4380 similitudinem
3066 4325 3253 4381 Adam
3276 4325 3666 4397 deliquerant.
3692 4326 3882 4390 Quan-

2227 4412 2407 4468 diu?«
2426 4414 2620 4486 Usque
2634 4413 2709 4469 ad
2722 4416 2941 4471 Mosen.
2961 4438 2989 4463 ››
3007 4417 3151 4472 Nam
3167 4415 3629 4487 quiinterAdarn
3641 4415 3855 4470 fuerun

2229 4507 2289 4556 et
2308 4503 2525 4566 Mosen,
2542 4503 3210 4576 peccaveruntquidem,
3234 4508 3295 4559 at
3314 4520 3436 4558 non
3453 4503 3525 4558 ad
3540 4502 3879 4558 similitudic

2228 4608 2366 4647 nem
2397 4592 2882 4667 transgressionis
2913 4593 3120 4650 Adam.
3140 4592 3444 4665 Siquidem
3465 4592 3777 4648 definitum
3804 4609 3872 4647 ac

468 4706 596 4741 κτον
627 4688 727 4751 τῆς
757 4684 966 4746 φύσεως
997 4684 1165 4760 λόγον
1198 4677 1587 4756 ἐνυϐρίζοντες,
1622 4679 1684 4735 οὐ
1722 4681 1829 4754 μὴν
1861 4678 1948 4735 καῖ
1980 4682 2110 4734 τοῦ-

651 4773 665 4783 .
1013 4771 1027 4783 .
1117 4776 1141 4783 -
1392 4764 1422 4783 ρ
1469 4769 1481 4783 .
1760 4772 1792 4783 .,
1840 4769 1853 4783 .
1946 4768 1960 4783 .
2063 4768 2080 4783 .

2229 4680 2355 4755 lege
2379 4682 2638 4754 positum
2662 4683 2763 4739 Dei
2785 4689 3147 4755 praeceptum
3171 4688 3573 4755 transgressus
3595 4687 3684 4737 est
3706 4688 3764 4737 et
3785 4681 3883 4736 de—

467 4796 564 4830 τον
625 4773 944 4848 εἷσαχθέντα
1002 4771 1183 4847 ῥητῶς
1240 4764 1695 4845 παραϐαίνοντες.
1759 4769 1856 4825 Καὶ
1914 4768 1966 4823 οὶ
2023 4768 2117 4842 μὶν

474 4863 643 4939 μέχρι
676 4864 947 4929 Μωσέως,
978 4860 1295 4937 ἡμάρτάνον
1330 4857 1526 4921 οὕτως.
1563 4858 1702 4915 Ἀπὸ
1759 4855 1816 4913 δὲ
1872 4857 2117 4921 Μωσέως

473 4952 770 5028 μέχριτῆς
813 4950 1107 5025 παρουσίας
1161 4952 1417 5025 Χριστοῦ,
1466 4947 1604 5003 κατὰ
1657 4947 1965 5019 ὁμοιότητα
2017 4955 2117 5018 τῆς

470 5046 569 5098 τοῦ
608 5038 788 5114 Ἀδάμ
832 5034 1189 5114 παραϐάσεως
1245 5037 1581 5112 ἡμάρτανον.
1638 5035 1859 5108 Νόμους
1889 5037 1990 5113 γὰρ
2020 5037 2120 5113 ῥη-

469 5131 624 5200 τοὺς,
678 5130 767 5185 καὶ
828 5128 1030 5202 νόμως
1086 5127 1146 5183 ἐκ
1203 5130 1336 5182 Θεοῦ
1394 5124 1483 5181 διά
1539 5124 1782 5188 Μωσέως
1842 5122 2117 5196 δοθέντας,

471 5213 891 5295 παραϐαίνοντες
921 5217 1252 5293 ἡμάρτανον.
1288 5240 1317 5267 ι(
1351 5208 1702 5271 Ἑϐασίλευσε
1733 5211 1789 5269 δὲ
1818 5216 1845 5270 ὁ
1872 5215 2119 5284 θάνατος,

475 5304 1014 5380 εἷπὼν,ἆπὸ⁹Αδὰμ
1068 5308 1234 5381 μέχρι
1288 5300 1530 5366 Μωσέως
1586 5303 1680 5358 καὶ
1736 5302 1825 5358 ἐπὶ
1880 5304 2117 5378 τοὺςμή

470 5400 554 5471 τῷ
592 5395 911 5470 ὁμοιώματι
968 5400 1067 5463 τῆς
1124 5386 1481 5468 παραϐάσεως
1540 5387 1719 5464 Ἀδὰμ
1775 5391 2121 5467 ἁμαρτήσαν-

469 5507 591 5555 τας,
613 5511 640 5542 »
677 5485 776 5542 οὐκ
806 5484 982 5561 ἐξάγει
1014 5484 1139 5548 τοὺς
1171 5483 1223 5556 ἐξ
1254 5481 1455 5538 ἐκείνου
1486 5480 1649 5557 μέχρι
1674 5486 1912 5556 Χριστοῦ
1940 5483 2122 5559 ἡμαρ-

547 5670 588 5708 "
625 5671 768 5728 Gen.
799 5686 898 5740 xx,
932 5671 956 5723 ι
992 5682 1159 5740 seqq.
1240 5667 1282 5704 ιθ
1310 5667 1449 5722 Gen.
1482 5682 1554 5734 vx,
1594 5667 1617 5718 ι
1653 5680 1822 5735 seqq,

2230 4771 2403 4843 liquit
2434 4790 2446 4827 :
2481 4771 2569 4826 illi
2600 4788 2733 4827 vero
2765 4778 3153 4844 peccaverunt
3184 4771 3344 4843 quod
3385 4776 3612 4827 natura:
3645 4787 3879 4827 sermo-

2228 4877 2389 4930 nem,
2422 4861 2523 4932 qui
2555 4860 2721 4916 nullo
2754 4866 3183 4932 praeceptorum
3209 4877 3322 4916 usu
3352 4860 3774 4922 instillabatur.
3794 4861 3881 4916 in-

2221 4951 2385 5022 juria
2415 4949 2721 5005 affecerint
2753 4966 2766 5003 :
2801 4965 2995 5020 neque
3029 4955 3225 5006 tamen
3252 4949 3343 5005 vel
3374 4950 3532 5006 hunc
3563 4950 3876 5007 manifeste

2228 5038 2537 5094 inductum
2591 5036 3110 5110 transgredientes.
3170 5041 3240 5092 Et
3295 5037 3537 5110 quidem
3577 5039 3652 5095 ad
3682 5040 3880 5095 Mosen

2229 5147 2415 5201 usque
2449 5130 2531 5184 ita
2552 5128 2899 5201 peccabant,
2924 5145 2959 5184 a
2988 5131 3143 5186 Mose
3170 5147 3306 5186 vero
3333 5147 3521 5204 usque
3552 5131 3626 5187 ad
3657 5131 3880 5186 Christi

2230 5218 2568 5284 adventum,
2602 5218 2676 5275 ad
2700 5218 3155 5277 similitudinem
3178 5220 3666 5293 transgressionis
3696 5220 3883 5276 Adam

2231 5307 2725 5379 peccabant.Nam
2743 5309 2903 5381 leges
2925 5310 3251 5378 ordinatas,
3275 5315 3335 5364 et
3353 5325 3388 5365 ο,
3409 5311 3526 5366 Deo
3548 5326 3656 5382 per
3678 5310 3881 5365 Mosen

2232 5396 2422 5461 datas,
2438 5396 2925 5470 transgrediendo
2948 5396 3627 5469 delinquebant.Dicens
3645 5405 3839 5454 autem
3873 5412 3887 5450 :

2235 5506 2265 5537 ι(
2297 5486 2580 5559 Regnavit
2613 5503 2772 5544 mors
2803 5485 2875 5544 ab
2905 5486 3095 5543 Adam
3125 5504 3314 5560 usque
3356 5487 3431 5544 ad
3471 5490 3671 5545 Mosen
3702 5488 3877 5543 etiam
